  <div class='ocr_page' id='page_1' title='image "/cluster/home/n/w/nwhite01/storage/ocr_20150623/53/uva.x030486927/265.png"; bbox 0 0 4080 6480; ppageno 0'>
   <div class='ocr_carea' id='block_1_1' title="bbox 659 426 764 479">
    <p class='ocr_par' dir='ltr' id='par_1_1' title="bbox 659 426 764 479">
     <span class='ocr_line' id='line_1_1' title="bbox 659 426 764 479; baseline 0.01 -1"><span class='ocrx_word' id='word_1_1' title='bbox 659 426 764 479; x_wconf 71' lang='lat'><strong>9.63</strong></span> 
     </span>
    </p>
   </div>
   <div class='ocr_carea' id='block_1_2' title="bbox 659 528 2231 604">
    <p class='ocr_par' dir='ltr' id='par_1_2' title="bbox 659 528 2231 604">
     <span class='ocr_line' id='line_1_2' title="bbox 659 528 2231 604; baseline -0.004 -15"><span class='ocrx_word' id='word_1_2' title='bbox 659 537 840 590; x_wconf 72' lang='lat' dir='ltr'><strong>demus</strong></span> <span class='ocrx_word' id='word_1_3' title='bbox 861 578 876 600; x_wconf 94' lang='lat'><strong>,</strong></span> <span class='ocrx_word' id='word_1_4' title='bbox 919 544 972 588; x_wconf 89' lang='lat' dir='ltr'><strong>ut</strong></span> <span class='ocrx_word' id='word_1_5' title='bbox 1009 548 1260 604; x_wconf 99' lang='lat' dir='ltr'><strong>perquam</strong></span> <span class='ocrx_word' id='word_1_6' title='bbox 1287 530 1562 601; x_wconf 78' lang='lat' dir='ltr'><strong>vigilantes</strong></span> <span class='ocrx_word' id='word_1_7' title='bbox 1585 531 1752 584; x_wconf 83' lang='lat' dir='ltr'><strong>simus</strong></span> <span class='ocrx_word' id='word_1_8' title='bbox 1772 571 1786 595; x_wconf 91' lang='lat'><strong>,</strong></span> <span class='ocrx_word' id='word_1_9' title='bbox 1817 547 1883 586; x_wconf 91' lang='lat' dir='ltr'><strong>ne</strong></span> <span class='ocrx_word' id='word_1_10' title='bbox 1908 530 2081 585; x_wconf 84' lang='lat' dir='ltr'><strong>desint</strong></span> <span class='ocrx_word' id='word_1_11' title='bbox 2106 528 2231 583; x_wconf 88' lang='lat' dir='ltr'><strong>hinc</strong></span> 
     </span>
    </p>
   </div>
   <div class='ocr_carea' id='block_1_3' title="bbox 653 621 2223 696">
    <p class='ocr_par' dir='ltr' id='par_1_3' title="bbox 653 621 2223 696">
     <span class='ocr_line' id='line_1_3' title="bbox 653 621 2223 696; baseline -0.006 -15"><span class='ocrx_word' id='word_1_12' title='bbox 653 628 956 696; x_wconf 77' lang='lat' dir='ltr'><strong>nugraturis</strong></span> <span class='ocrx_word' id='word_1_13' title='bbox 983 627 1205 690; x_wconf 86' lang='lat' dir='ltr'><strong>viatica,</strong></span> <span class='ocrx_word' id='word_1_14' title='bbox 1233 639 1350 693; x_wconf 70' lang='lat' dir='ltr'><strong>qua:</strong></span> <span class='ocrx_word' id='word_1_15' title='bbox 1382 638 1484 676; x_wconf 89' lang='lat' dir='ltr'><strong>non</strong></span> <span class='ocrx_word' id='word_1_16' title='bbox 1515 623 1686 676; x_wconf 85' lang='lat' dir='ltr'><strong>solum</strong></span> <span class='ocrx_word' id='word_1_17' title='bbox 1727 621 1881 676; x_wconf 86' lang='lat' dir='ltr'><strong>nobis</strong></span> <span class='ocrx_word' id='word_1_18' title='bbox 1927 621 2223 683; x_wconf 67' lang='lat' dir='ltr'><strong>sufﬁciant,</strong></span> 
     </span>
    </p>
   </div>
   <div class='ocr_carea' id='block_1_4' title="bbox 649 711 2225 786">
    <p class='ocr_par' dir='ltr' id='par_1_4' title="bbox 649 711 2225 786">
     <span class='ocr_line' id='line_1_4' title="bbox 649 711 2225 786; baseline -0.006 -15"><span class='ocrx_word' id='word_1_19' title='bbox 649 718 741 771; x_wconf 88' lang='lat' dir='ltr'><strong>sed</strong></span> <span class='ocrx_word' id='word_1_20' title='bbox 773 725 829 772; x_wconf 89' lang='lat' dir='ltr'><strong>et</strong></span> <span class='ocrx_word' id='word_1_21' title='bbox 849 733 964 786; x_wconf 69' lang='lat' dir='ltr'><strong>qua.-</strong></span> <span class='ocrx_word' id='word_1_22' title='bbox 985 714 1320 784; x_wconf 81' lang='lat' dir='ltr'><strong>suppeditare</strong></span> <span class='ocrx_word' id='word_1_23' title='bbox 1343 712 1608 781; x_wconf 81' lang='lat' dir='ltr'><strong>possimus</strong></span> <span class='ocrx_word' id='word_1_24' title='bbox 1633 722 1686 765; x_wconf 89' lang='lat' dir='ltr'><strong>et</strong></span> <span class='ocrx_word' id='word_1_25' title='bbox 1725 711 1842 765; x_wconf 90' lang='lat' dir='ltr'><strong>aliis</strong></span> <span class='ocrx_word' id='word_1_26' title='bbox 1865 751 1880 775; x_wconf 93' lang='lat'><strong>,</strong></span> <span class='ocrx_word' id='word_1_27' title='bbox 1925 723 1979 766; x_wconf 88' lang='lat' dir='ltr'><strong>et</strong></span> <span class='ocrx_word' id='word_1_28' title='bbox 2007 724 2225 766; x_wconf 78' lang='lat' dir='ltr'><strong>uxorem</strong></span> 
     </span>
    </p>
   </div>
   <div class='ocr_carea' id='block_1_5' title="bbox 650 801 2227 877">
    <p class='ocr_par' dir='ltr' id='par_1_5' title="bbox 650 801 2227 877">
     <span class='ocr_line' id='line_1_5' title="bbox 650 801 2227 877; baseline -0.005 -15"><span class='ocrx_word' id='word_1_29' title='bbox 650 809 985 877; x_wconf 74' lang='lat' dir='ltr'><strong>Curt&#39;igcndo,</strong></span> <span class='ocrx_word' id='word_1_30' title='bbox 1014 815 1066 859; x_wconf 91' lang='lat' dir='ltr'><strong>et</strong></span> <span class='ocrx_word' id='word_1_31' title='bbox 1094 804 1346 868; x_wconf 76' lang='lat' dir='ltr'><strong>famulos,</strong></span> <span class='ocrx_word' id='word_1_32' title='bbox 1371 813 1424 858; x_wconf 87' lang='lat' dir='ltr'><strong>et</strong></span> <span class='ocrx_word' id='word_1_33' title='bbox 1446 804 1672 857; x_wconf 82' lang='lat' dir='ltr'><strong>vicinum</strong></span> <span class='ocrx_word' id='word_1_34' title='bbox 1700 844 1712 866; x_wconf 96' lang='lat'><strong>,</strong></span> <span class='ocrx_word' id='word_1_35' title='bbox 1747 812 1800 856; x_wconf 89' lang='lat' dir='ltr'><strong>et</strong></span> <span class='ocrx_word' id='word_1_36' title='bbox 1823 804 2050 857; x_wconf 85' lang='lat' dir='ltr'><strong>amicum</strong></span> <span class='ocrx_word' id='word_1_37' title='bbox 2073 842 2087 865; x_wconf 93' lang='lat'><strong>,</strong></span> <span class='ocrx_word' id='word_1_38' title='bbox 2122 801 2227 855; x_wconf 90' lang='lat' dir='ltr'><strong>imo</strong></span> 
     </span>
    </p>
   </div>
   <div class='ocr_carea' id='block_1_6' title="bbox 650 893 2224 962">
    <p class='ocr_par' dir='ltr' id='par_1_6' title="bbox 650 893 2224 962">
     <span class='ocr_line' id='line_1_6' title="bbox 650 893 2224 962; baseline -0.007 -10"><span class='ocrx_word' id='word_1_39' title='bbox 650 899 811 952; x_wconf 86' lang='lat' dir='ltr'><strong>etiam</strong></span> <span class='ocrx_word' id='word_1_40' title='bbox 845 894 1295 952; x_wconf 79' lang='lat' dir='ltr'><strong>iuiniicuni.Talia</strong></span> <span class='ocrx_word' id='word_1_41' title='bbox 1321 896 1465 949; x_wconf 88' lang='lat' dir='ltr'><strong>enim</strong></span> <span class='ocrx_word' id='word_1_42' title='bbox 1495 903 1620 947; x_wconf 89' lang='lat' dir='ltr'><strong>sunt</strong></span> <span class='ocrx_word' id='word_1_43' title='bbox 1643 893 1935 960; x_wconf 87' lang='lat' dir='ltr'><strong>spiritualia</strong></span> <span class='ocrx_word' id='word_1_44' title='bbox 1958 894 2224 962; x_wconf 80' lang='lat' dir='ltr'><strong>dogmata,</strong></span> 
     </span>
    </p>
   </div>
   <div class='ocr_carea' id='block_1_7' title="bbox 653 983 2225 1056">
    <p class='ocr_par' dir='ltr' id='par_1_7' title="bbox 653 983 2225 1056">
     <span class='ocr_line' id='line_1_7' title="bbox 653 983 2225 1056; baseline -0.006 -11"><span class='ocrx_word' id='word_1_45' title='bbox 653 1001 708 1045; x_wconf 91' lang='lat' dir='ltr'><strong>ut</strong></span> <span class='ocrx_word' id='word_1_46' title='bbox 729 987 1025 1044; x_wconf 88' lang='lat' dir='ltr'><strong>comnnmia</strong></span> <span class='ocrx_word' id='word_1_47' title='bbox 1054 987 1300 1040; x_wconf 74' lang='lat' dir='ltr'><strong>omnibus</strong></span> <span class='ocrx_word' id='word_1_48' title='bbox 1347 997 1736 1056; x_wconf 84' lang='lat' dir='ltr'><strong>preponantur,</strong></span> <span class='ocrx_word' id='word_1_49' title='bbox 1781 985 2027 1054; x_wconf 88' lang='lat' dir='ltr'><strong>nullaque</strong></span> <span class='ocrx_word' id='word_1_50' title='bbox 2065 984 2133 1038; x_wconf 86' lang='lat' dir='ltr'><strong>sit</strong></span> <span class='ocrx_word' id='word_1_51' title='bbox 2175 983 2225 1036; x_wconf 92' lang='lat' dir='ltr'><strong>in</strong></span> 
     </span>
    </p>
   </div>
   <div class='ocr_carea' id='block_1_8' title="bbox 651 1075 2227 1146">
    <p class='ocr_par' dir='ltr' id='par_1_8' title="bbox 651 1075 2227 1146">
     <span class='ocr_line' id='line_1_8' title="bbox 651 1075 2227 1146; baseline -0.004 -11"><span class='ocrx_word' id='word_1_52' title='bbox 651 1082 729 1136; x_wconf 84' lang='lat' dir='ltr'><strong>eis</strong></span> <span class='ocrx_word' id='word_1_53' title='bbox 757 1079 1057 1146; x_wconf 69' lang='lat' dir='ltr'><strong>diversitas,</strong></span> <span class='ocrx_word' id='word_1_54' title='bbox 1093 1079 1190 1131; x_wconf 86' lang='lat' dir='ltr'><strong>nisi</strong></span> <span class='ocrx_word' id='word_1_55' title='bbox 1223 1078 1431 1145; x_wconf 89' lang='lat' dir='ltr'><strong>quando</strong></span> <span class='ocrx_word' id='word_1_56' title='bbox 1459 1077 1576 1146; x_wconf 86' lang='lat' dir='ltr'><strong>quis</strong></span> <span class='ocrx_word' id='word_1_57' title='bbox 1600 1079 1766 1145; x_wconf 85' lang='lat' dir='ltr'><strong>magis</strong></span> <span class='ocrx_word' id='word_1_58' title='bbox 1795 1079 2044 1130; x_wconf 88' lang='lat' dir='ltr'><strong>intentam</strong></span> <span class='ocrx_word' id='word_1_59' title='bbox 2074 1075 2227 1130; x_wconf 79' lang='lat' dir='ltr'><strong>affert</strong></span> 
     </span>
    </p>
   </div>
   <div class='ocr_carea' id='block_1_9' title="bbox 651 1169 2222 1236">
    <p class='ocr_par' dir='ltr' id='par_1_9' title="bbox 651 1169 2222 1236">
     <span class='ocr_line' id='line_1_9' title="bbox 651 1169 2222 1236; baseline -0.004 -10"><span class='ocrx_word' id='word_1_60' title='bbox 651 1184 915 1236; x_wconf 89' lang='lat' dir='ltr'><strong>mentem,</strong></span> <span class='ocrx_word' id='word_1_61' title='bbox 941 1181 995 1225; x_wconf 90' lang='lat' dir='ltr'><strong>ct</strong></span> <span class='ocrx_word' id='word_1_62' title='bbox 1030 1170 1334 1225; x_wconf 78' lang='lat' dir='ltr'><strong>ferventiori</strong></span> <span class='ocrx_word' id='word_1_63' title='bbox 1383 1169 1650 1224; x_wconf 82' lang='lat' dir='ltr'><strong>desiderio</strong></span> <span class='ocrx_word' id='word_1_64' title='bbox 1689 1170 1849 1222; x_wconf 89' lang='lat' dir='ltr'><strong>alium</strong></span> <span class='ocrx_word' id='word_1_65' title='bbox 1881 1169 2222 1223; x_wconf 86' lang='lat' dir='ltr'><strong>transcendit.</strong></span> 
     </span>
    </p>
   </div>
   <div class='ocr_carea' id='block_1_10' title="bbox 653 1261 2226 1333">
    <p class='ocr_par' dir='ltr' id='par_1_10' title="bbox 653 1261 2226 1333">
     <span class='ocr_line' id='line_1_10' title="bbox 653 1261 2226 1333; baseline -0.001 -17"><span class='ocrx_word' id='word_1_66' title='bbox 653 1267 831 1333; x_wconf 84' lang='lat' dir='ltr'><strong>Itaque</strong></span> <span class='ocrx_word' id='word_1_67' title='bbox 855 1266 976 1333; x_wconf 84' lang='lat' dir='ltr'><strong>quia</strong></span> <span class='ocrx_word' id='word_1_68' title='bbox 1008 1272 1207 1316; x_wconf 84' lang='lat' dir='ltr'><strong>tantum</strong></span> <span class='ocrx_word' id='word_1_69' title='bbox 1234 1272 1314 1316; x_wconf 83' lang='lat' dir='ltr'><strong>est</strong></span> <span class='ocrx_word' id='word_1_70' title='bbox 1345 1277 1411 1315; x_wconf 78' lang='lat' dir='ltr'><strong>ex</strong></span> <span class='ocrx_word' id='word_1_71' title='bbox 1445 1261 1541 1315; x_wconf 82' lang='lat' dir='ltr'><strong>hac</strong></span> <span class='ocrx_word' id='word_1_72' title='bbox 1575 1262 1810 1315; x_wconf 89' lang='lat' dir='ltr'><strong>doctrina</strong></span> <span class='ocrx_word' id='word_1_73' title='bbox 1856 1261 2059 1314; x_wconf 91' lang='lat' dir='ltr'><strong>lucrum</strong></span> <span class='ocrx_word' id='word_1_74' title='bbox 2081 1301 2097 1326; x_wconf 90' lang='lat'><strong>,</strong></span> <span class='ocrx_word' id='word_1_75' title='bbox 2127 1275 2226 1330; x_wconf 82' lang='lat' dir='ltr'><strong>age</strong></span> 
     </span>
    </p>
   </div>
   <div class='ocr_carea' id='block_1_11' title="bbox 649 1354 2230 1424">
    <p class='ocr_par' dir='ltr' id='par_1_11' title="bbox 649 1354 2230 1424">
     <span class='ocr_line' id='line_1_11' title="bbox 649 1354 2230 1424; baseline -0.001 -14"><span class='ocrx_word' id='word_1_76' title='bbox 649 1358 805 1410; x_wconf 83' lang='lat' dir='ltr'><strong>hodie</strong></span> <span class='ocrx_word' id='word_1_77' title='bbox 852 1359 982 1411; x_wconf 85' lang='lat' dir='ltr'><strong>lecta</strong></span> <span class='ocrx_word' id='word_1_78' title='bbox 1012 1357 1063 1409; x_wconf 87' lang='lat' dir='ltr'><strong>in</strong></span> <span class='ocrx_word' id='word_1_79' title='bbox 1099 1354 1331 1409; x_wconf 88' lang='lat' dir='ltr'><strong>medium</strong></span> <span class='ocrx_word' id='word_1_80' title='bbox 1361 1369 1718 1423; x_wconf 83' lang='lat' dir='ltr'><strong>preponamus</strong></span> <span class='ocrx_word' id='word_1_81' title='bbox 1739 1393 1754 1420; x_wconf 87' lang='lat'><strong>,</strong></span> <span class='ocrx_word' id='word_1_82' title='bbox 1785 1365 1838 1409; x_wconf 89' lang='lat' dir='ltr'><strong>et</strong></span> <span class='ocrx_word' id='word_1_83' title='bbox 1882 1354 2052 1409; x_wconf 79' lang='lat' dir='ltr'><strong>fructu</strong></span> <span class='ocrx_word' id='word_1_84' title='bbox 2097 1371 2230 1424; x_wconf 77' lang='lat' dir='ltr'><strong>quo-</strong></span> 
     </span>
    </p>
   </div>
   <div class='ocr_carea' id='block_1_12' title="bbox 650 1447 1770 1517">
    <p class='ocr_par' dir='ltr' id='par_1_12' title="bbox 650 1447 1770 1517">
     <span class='ocr_line' id='line_1_12' title="bbox 650 1447 1770 1517; baseline -0.002 -18"><span class='ocrx_word' id='word_1_85' title='bbox 650 1449 788 1517; x_wconf 83' lang='lat' dir='ltr'><strong>piant</strong></span> <span class='ocrx_word' id='word_1_86' title='bbox 819 1448 940 1502; x_wconf 90' lang='lat' dir='ltr'><strong>inde</strong></span> <span class='ocrx_word' id='word_1_87' title='bbox 959 1448 1204 1512; x_wconf 86' lang='lat' dir='ltr'><strong>collecto,</strong></span> <span class='ocrx_word' id='word_1_88' title='bbox 1227 1448 1443 1501; x_wconf 89' lang='lat' dir='ltr'><strong>domum</strong></span> <span class='ocrx_word' id='word_1_89' title='bbox 1473 1447 1770 1501; x_wconf 79' lang='lat' dir='ltr'><strong>redeamus.</strong></span> 
     </span>
    </p>
   </div>
   <div class='ocr_carea' id='block_1_13' title="bbox 722 1538 2226 1613">
    <p class='ocr_par' dir='ltr' id='par_1_13' title="bbox 722 1538 2226 1613">
     <span class='ocr_line' id='line_1_13' title="bbox 722 1538 2226 1613; baseline -0.006 -14"><span class='ocrx_word' id='word_1_90' title='bbox 722 1545 951 1600; x_wconf 79' lang='lat' dir='ltr'><strong>Ebrietas</strong></span> <span class='ocrx_word' id='word_1_91' title='bbox 983 1543 1095 1597; x_wconf 83' lang='lat' dir='ltr'><strong>Noe</strong></span> <span class='ocrx_word' id='word_1_92' title='bbox 1118 1543 1370 1613; x_wconf 85' lang='lat' dir='ltr'><strong>quomodo</strong></span> <span class='ocrx_word' id='word_1_93' title='bbox 1409 1543 1635 1597; x_wconf 74' lang='lat' dir='ltr'><strong>excusari</strong></span> <span class='ocrx_word' id='word_1_94' title='bbox 1679 1540 1867 1593; x_wconf 77' lang='lat' dir='ltr'><strong>debeat.</strong></span> <span class='ocrx_word' id='word_1_95' title='bbox 1918 1569 1987 1579; x_wconf 87' lang='lat'><strong>-—</strong></span> <span class='ocrx_word' id='word_1_96' title='bbox 2029 1539 2116 1592; x_wconf 73' lang='lat'><strong>20.</strong></span> <span class='ocrx_word' id='word_1_97' title='bbox 2163 1538 2226 1591; x_wconf 82' lang='lat' dir='ltr'><strong>Et</strong></span> 
     </span>
    </p>
   </div>
   <div class='ocr_carea' id='block_1_14' title="bbox 647 1630 2225 1706">
    <p class='ocr_par' dir='ltr' id='par_1_14' title="bbox 647 1630 2225 1706">
     <span class='ocr_line' id='line_1_14' title="bbox 647 1630 2225 1706; baseline -0.006 -16"><span class='ocrx_word' id='word_1_98' title='bbox 647 1637 811 1706; x_wconf 65' lang='lat' dir='ltr'><strong>capit,</strong></span> <span class='ocrx_word' id='word_1_99' title='bbox 841 1637 1030 1704; x_wconf 88' lang='lat' dir='ltr'><strong>inquit,</strong></span> <span class='ocrx_word' id='word_1_100' title='bbox 1067 1634 1180 1687; x_wconf 76' lang='lat' dir='ltr'><strong>Noe</strong></span> <span class='ocrx_word' id='word_1_101' title='bbox 1205 1638 1350 1688; x_wconf 86' lang='lat' dir='ltr'><strong>homo</strong></span> <span class='ocrx_word' id='word_1_102' title='bbox 1379 1630 1604 1702; x_wconf 82' lang='lat' dir='ltr'><strong>agricola</strong></span> <span class='ocrx_word' id='word_1_103' title='bbox 1625 1641 1789 1693; x_wconf 73' lang='lat' dir='ltr'><strong>terrar,</strong></span> <span class='ocrx_word' id='word_1_104' title='bbox 1815 1640 1858 1683; x_wconf 88' lang='lat' dir='ltr'><strong>et</strong></span> <span class='ocrx_word' id='word_1_105' title='bbox 1883 1631 2126 1695; x_wconf 75' lang='lat' dir='ltr'><strong>plantavit</strong></span> <span class='ocrx_word' id='word_1_106' title='bbox 2153 1631 2225 1681; x_wconf 78' lang='lat' dir='ltr'><strong>ei-</strong></span> 
     </span>
    </p>
   </div>
   <div class='ocr_carea' id='block_1_15' title="bbox 648 1721 2224 1794">
    <p class='ocr_par' dir='ltr' id='par_1_15' title="bbox 648 1721 2224 1794">
     <span class='ocr_line' id='line_1_15' title="bbox 648 1721 2224 1794; baseline -0.004 -14"><span class='ocrx_word' id='word_1_107' title='bbox 648 1744 816 1794; x_wconf 86' lang='lat' dir='ltr'><strong>neam,</strong></span> <span class='ocrx_word' id='word_1_108' title='bbox 834 1721 922 1781; x_wconf 73' lang='lat' dir='ltr'><strong>2i.</strong></span> <span class='ocrx_word' id='word_1_109' title='bbox 940 1738 984 1780; x_wconf 86' lang='lat' dir='ltr'><strong>et</strong></span> <span class='ocrx_word' id='word_1_110' title='bbox 1012 1727 1126 1778; x_wconf 78' lang='lat' dir='ltr'><strong>bibit</strong></span> <span class='ocrx_word' id='word_1_111' title='bbox 1154 1727 1216 1777; x_wconf 88' lang='lat' dir='ltr'><strong>de</strong></span> <span class='ocrx_word' id='word_1_112' title='bbox 1231 1727 1423 1788; x_wconf 72' lang='lat' dir='ltr'><strong>vino,et</strong></span> <span class='ocrx_word' id='word_1_113' title='bbox 1448 1723 1718 1776; x_wconf 75' lang='lat' dir='ltr'><strong>inebriatus</strong></span> <span class='ocrx_word' id='word_1_114' title='bbox 1749 1733 1838 1776; x_wconf 89' lang='lat' dir='ltr'><strong>est.</strong></span> <span class='ocrx_word' id='word_1_115' title='bbox 1861 1721 1992 1775; x_wconf 75' lang='lat' dir='ltr'><strong>Vide</strong></span> <span class='ocrx_word' id='word_1_116' title='bbox 2017 1732 2224 1791; x_wconf 81' lang='lat' dir='ltr'><strong>quanta:</strong></span> 
     </span>
    </p>
   </div>
   <div class='ocr_carea' id='block_1_16' title="bbox 649 1814 2221 1884">
    <p class='ocr_par' dir='ltr' id='par_1_16' title="bbox 649 1814 2221 1884">
     <span class='ocr_line' id='line_1_16' title="bbox 649 1814 2221 1884; baseline -0.008 -9"><span class='ocrx_word' id='word_1_117' title='bbox 649 1820 803 1875; x_wconf 89' lang='lat' dir='ltr'><strong>nobis</strong></span> <span class='ocrx_word' id='word_1_118' title='bbox 825 1818 1063 1872; x_wconf 82' lang='lat' dir='ltr'><strong>utilitatis</strong></span> <span class='ocrx_word' id='word_1_119' title='bbox 1091 1818 1299 1872; x_wconf 75' lang='lat' dir='ltr'><strong>occasio</strong></span> <span class='ocrx_word' id='word_1_120' title='bbox 1319 1825 1400 1871; x_wconf 80' lang='lat' dir='ltr'><strong>est</strong></span> <span class='ocrx_word' id='word_1_121' title='bbox 1431 1816 1585 1884; x_wconf 87' lang='lat' dir='ltr'><strong>hujus</strong></span> <span class='ocrx_word' id='word_1_122' title='bbox 1615 1815 1855 1868; x_wconf 88' lang='lat' dir='ltr'><strong>lectionis</strong></span> <span class='ocrx_word' id='word_1_123' title='bbox 1885 1814 2221 1882; x_wconf 66' lang='lat' dir='ltr'><strong>promrnium.</strong></span> 
     </span>
    </p>
   </div>
   <div class='ocr_carea' id='block_1_17' title="bbox 643 1903 2224 1979">
    <p class='ocr_par' dir='ltr' id='par_1_17' title="bbox 643 1903 2224 1979">
     <span class='ocr_line' id='line_1_17' title="bbox 643 1903 2224 1979; baseline -0.006 -15"><span class='ocrx_word' id='word_1_124' title='bbox 643 1911 867 1979; x_wconf 81' lang='lat' dir='ltr'><strong>Quando</strong></span> <span class='ocrx_word' id='word_1_125' title='bbox 893 1910 1030 1962; x_wconf 89' lang='lat' dir='ltr'><strong>enim</strong></span> <span class='ocrx_word' id='word_1_126' title='bbox 1059 1908 1319 1970; x_wconf 76' lang='lat' dir='ltr'><strong>audimus,</strong></span> <span class='ocrx_word' id='word_1_127' title='bbox 1340 1918 1540 1974; x_wconf 86' lang='lat' dir='ltr'><strong>justum</strong></span> <span class='ocrx_word' id='word_1_128' title='bbox 1567 1908 1709 1959; x_wconf 89' lang='lat' dir='ltr'><strong>illum</strong></span> <span class='ocrx_word' id='word_1_129' title='bbox 1730 1914 1781 1958; x_wconf 87' lang='lat' dir='ltr'><strong>et</strong></span> <span class='ocrx_word' id='word_1_130' title='bbox 1801 1904 2112 1973; x_wconf 82' lang='lat' dir='ltr'><strong>perfectum,</strong></span> <span class='ocrx_word' id='word_1_131' title='bbox 2135 1903 2224 1971; x_wconf 86' lang='lat' dir='ltr'><strong>qui</strong></span> 
     </span>
    </p>
   </div>
   <div class='ocr_carea' id='block_1_18' title="bbox 648 1993 2228 2070">
    <p class='ocr_par' dir='ltr' id='par_1_18' title="bbox 648 1993 2228 2070">
     <span class='ocr_line' id='line_1_18' title="bbox 648 1993 2228 2070; baseline -0.007 -16"><span class='ocrx_word' id='word_1_132' title='bbox 648 2011 850 2054; x_wconf 81' lang='lat' dir='ltr'><strong>tantum</strong></span> <span class='ocrx_word' id='word_1_133' title='bbox 863 2015 1089 2070; x_wconf 85' lang='lat' dir='ltr'><strong>superne</strong></span> <span class='ocrx_word' id='word_1_134' title='bbox 1107 1998 1309 2064; x_wconf 84' lang='lat' dir='ltr'><strong>accepit</strong></span> <span class='ocrx_word' id='word_1_135' title='bbox 1325 1997 1707 2060; x_wconf 86' lang='lat' dir='ltr'><strong>testimonium,</strong></span> <span class='ocrx_word' id='word_1_136' title='bbox 1721 1996 1916 2049; x_wconf 83' lang='lat' dir='ltr'><strong>bibisse</strong></span> <span class='ocrx_word' id='word_1_137' title='bbox 1933 2004 1985 2048; x_wconf 84' lang='lat' dir='ltr'><strong>et</strong></span> <span class='ocrx_word' id='word_1_138' title='bbox 2002 1993 2228 2047; x_wconf 81' lang='lat' dir='ltr'><strong>inebria-</strong></span> 
     </span>
    </p>
   </div>
   <div class='ocr_carea' id='block_1_19' title="bbox 650 2086 2226 2158">
    <p class='ocr_par' dir='ltr' id='par_1_19' title="bbox 650 2086 2226 2158">
     <span class='ocr_line' id='line_1_19' title="bbox 650 2086 2226 2158; baseline -0.008 -13"><span class='ocrx_word' id='word_1_139' title='bbox 650 2101 759 2146; x_wconf 90' lang='lat' dir='ltr'><strong>tum</strong></span> <span class='ocrx_word' id='word_1_140' title='bbox 780 2088 1216 2158; x_wconf 85' lang='lat' dir='ltr'><strong>esse:quomodo</strong></span> <span class='ocrx_word' id='word_1_141' title='bbox 1245 2104 1341 2140; x_wconf 88' lang='lat' dir='ltr'><strong>nos</strong></span> <span class='ocrx_word' id='word_1_142' title='bbox 1369 2086 1612 2156; x_wconf 78' lang='lat' dir='ltr'><strong>posthac,</strong></span> <span class='ocrx_word' id='word_1_143' title='bbox 1633 2086 1720 2154; x_wconf 90' lang='lat' dir='ltr'><strong>qui</strong></span> <span class='ocrx_word' id='word_1_144' title='bbox 1740 2086 1898 2138; x_wconf 89' lang='lat' dir='ltr'><strong>tantis</strong></span> <span class='ocrx_word' id='word_1_145' title='bbox 1925 2094 1980 2138; x_wconf 92' lang='lat' dir='ltr'><strong>et</strong></span> <span class='ocrx_word' id='word_1_146' title='bbox 2009 2095 2112 2138; x_wconf 85' lang='lat' dir='ltr'><strong>tam</strong></span> <span class='ocrx_word' id='word_1_147' title='bbox 2136 2098 2226 2134; x_wconf 88' lang='lat' dir='ltr'><strong>va-</strong></span> 
     </span>
    </p>
   </div>
   <div class='ocr_carea' id='block_1_20' title="bbox 649 2178 2225 2252">
    <p class='ocr_par' dir='ltr' id='par_1_20' title="bbox 649 2178 2225 2252">
     <span class='ocr_line' id='line_1_20' title="bbox 649 2178 2225 2252; baseline -0.005 -14"><span class='ocrx_word' id='word_1_148' title='bbox 649 2183 746 2238; x_wconf 85' lang='lat' dir='ltr'><strong>iiis</strong></span> <span class='ocrx_word' id='word_1_149' title='bbox 769 2185 1001 2252; x_wconf 87' lang='lat' dir='ltr'><strong>peccatis</strong></span> <span class='ocrx_word' id='word_1_150' title='bbox 1031 2181 1262 2236; x_wconf 86' lang='lat' dir='ltr'><strong>immersi</strong></span> <span class='ocrx_word' id='word_1_151' title='bbox 1293 2195 1494 2243; x_wconf 80' lang='lat' dir='ltr'><strong>smnus,</strong></span> <span class='ocrx_word' id='word_1_152' title='bbox 1532 2196 1637 2232; x_wconf 86' lang='lat' dir='ltr'><strong>non</strong></span> <span class='ocrx_word' id='word_1_153' title='bbox 1669 2195 1854 2246; x_wconf 82' lang='lat' dir='ltr'><strong>magna</strong></span> <span class='ocrx_word' id='word_1_154' title='bbox 1880 2178 2225 2230; x_wconf 87' lang='lat' dir='ltr'><strong>contentione</strong></span> 
     </span>
    </p>
   </div>
   <div class='ocr_carea' id='block_1_21' title="bbox 646 2267 2224 2339">
    <p class='ocr_par' dir='ltr' id='par_1_21' title="bbox 646 2267 2224 2339">
     <span class='ocr_line' id='line_1_21' title="bbox 646 2267 2224 2339; baseline -0.005 -13"><span class='ocrx_word' id='word_1_155' title='bbox 646 2273 900 2326; x_wconf 85' lang='lat' dir='ltr'><strong>damnum</strong></span> <span class='ocrx_word' id='word_1_156' title='bbox 948 2271 1218 2325; x_wconf 81' lang='lat' dir='ltr'><strong>ebrietatis</strong></span> <span class='ocrx_word' id='word_1_157' title='bbox 1267 2270 1498 2339; x_wconf 73' lang='lat' dir='ltr'><strong>effugere</strong></span> <span class='ocrx_word' id='word_1_158' title='bbox 1541 2268 1923 2323; x_wconf 82' lang='lat' dir='ltr'><strong>studebimus?</strong></span> <span class='ocrx_word' id='word_1_159' title='bbox 1974 2267 2224 2333; x_wconf 82' lang='lat' dir='ltr'><strong>Quamvis</strong></span> 
     </span>
    </p>
   </div>
   <div class='ocr_carea' id='block_1_22' title="bbox 648 2359 2224 2428">
    <p class='ocr_par' dir='ltr' id='par_1_22' title="bbox 648 2359 2224 2428">
     <span class='ocr_line' id='line_1_22' title="bbox 648 2359 2224 2428; baseline -0.005 -12"><span class='ocrx_word' id='word_1_160' title='bbox 648 2378 752 2416; x_wconf 92' lang='lat' dir='ltr'><strong>non</strong></span> <span class='ocrx_word' id='word_1_161' title='bbox 785 2361 923 2414; x_wconf 89' lang='lat' dir='ltr'><strong>idem</strong></span> <span class='ocrx_word' id='word_1_162' title='bbox 965 2361 1134 2428; x_wconf 89' lang='lat' dir='ltr'><strong>ipsmn</strong></span> <span class='ocrx_word' id='word_1_163' title='bbox 1169 2360 1255 2421; x_wconf 87' lang='lat' dir='ltr'><strong>sit,</strong></span> <span class='ocrx_word' id='word_1_164' title='bbox 1287 2359 1484 2427; x_wconf 87' lang='lat' dir='ltr'><strong>justum</strong></span> <span class='ocrx_word' id='word_1_165' title='bbox 1522 2359 1669 2412; x_wconf 89' lang='lat' dir='ltr'><strong>illmn</strong></span> <span class='ocrx_word' id='word_1_166' title='bbox 1718 2359 1818 2413; x_wconf 88' lang='lat' dir='ltr'><strong>hoc</strong></span> <span class='ocrx_word' id='word_1_167' title='bbox 1861 2359 1984 2412; x_wconf 81' lang='lat' dir='ltr'><strong>vitio</strong></span> <span class='ocrx_word' id='word_1_168' title='bbox 2012 2368 2224 2426; x_wconf 87' lang='lat' dir='ltr'><strong>captum</strong></span> 
     </span>
    </p>
   </div>
   <div class='ocr_carea' id='block_1_23' title="bbox 648 2449 2228 2518">
    <p class='ocr_par' dir='ltr' id='par_1_23' title="bbox 648 2449 2228 2518">
     <span class='ocr_line' id='line_1_23' title="bbox 648 2449 2228 2518; baseline -0.003 -12"><span class='ocrx_word' id='word_1_169' title='bbox 648 2451 829 2518; x_wconf 80' lang='lat' dir='ltr'><strong>fuisse,</strong></span> <span class='ocrx_word' id='word_1_170' title='bbox 859 2461 910 2506; x_wconf 91' lang='lat' dir='ltr'><strong>ct</strong></span> <span class='ocrx_word' id='word_1_171' title='bbox 936 2466 1034 2505; x_wconf 86' lang='lat' dir='ltr'><strong>nos</strong></span> <span class='ocrx_word' id='word_1_172' title='bbox 1067 2453 1116 2504; x_wconf 92' lang='lat' dir='ltr'><strong>in</strong></span> <span class='ocrx_word' id='word_1_173' title='bbox 1148 2451 1283 2505; x_wconf 91' lang='lat' dir='ltr'><strong>idem</strong></span> <span class='ocrx_word' id='word_1_174' title='bbox 1315 2450 1567 2504; x_wconf 87' lang='lat' dir='ltr'><strong>incidere.</strong></span> <span class='ocrx_word' id='word_1_175' title='bbox 1597 2449 1752 2503; x_wconf 76' lang='lat' dir='ltr'><strong>Multa</strong></span> <span class='ocrx_word' id='word_1_176' title='bbox 1780 2450 1920 2502; x_wconf 87' lang='lat' dir='ltr'><strong>enim</strong></span> <span class='ocrx_word' id='word_1_177' title='bbox 1944 2458 2083 2512; x_wconf 84' lang='lat' dir='ltr'><strong>sunt,</strong></span> <span class='ocrx_word' id='word_1_178' title='bbox 2107 2463 2228 2517; x_wconf 77' lang='lat' dir='ltr'><strong>qute</strong></span> 
     </span>
    </p>
   </div>
   <div class='ocr_carea' id='block_1_24' title="bbox 647 2541 2226 2614">
    <p class='ocr_par' dir='ltr' id='par_1_24' title="bbox 647 2541 2226 2614">
     <span class='ocr_line' id='line_1_24' title="bbox 647 2541 2226 2614; baseline -0.004 -16"><span class='ocrx_word' id='word_1_179' title='bbox 647 2547 844 2614; x_wconf 87' lang='lat' dir='ltr'><strong>justum</strong></span> <span class='ocrx_word' id='word_1_180' title='bbox 876 2544 1018 2597; x_wconf 90' lang='lat' dir='ltr'><strong>illum</strong></span> <span class='ocrx_word' id='word_1_181' title='bbox 1053 2544 1202 2598; x_wconf 82' lang='lat' dir='ltr'><strong>venia</strong></span> <span class='ocrx_word' id='word_1_182' title='bbox 1244 2543 1457 2612; x_wconf 79' lang='lat' dir='ltr'><strong>dignum</strong></span> <span class='ocrx_word' id='word_1_183' title='bbox 1489 2541 1781 2596; x_wconf 80' lang='lat' dir='ltr'><strong>declarant.</strong></span> <span class='ocrx_word' id='word_1_184' title='bbox 1811 2543 1939 2607; x_wconf 63' lang='lat' dir='ltr'><strong>Quae</strong></span> <span class='ocrx_word' id='word_1_185' title='bbox 1971 2556 2074 2594; x_wconf 92' lang='lat' dir='ltr'><strong>non</strong></span> <span class='ocrx_word' id='word_1_186' title='bbox 2107 2541 2226 2592; x_wconf 88' lang='lat' dir='ltr'><strong>dico</strong></span> 
     </span>
    </p>
   </div>
   <div class='ocr_carea' id='block_1_25' title="bbox 647 2634 2224 2708">
    <p class='ocr_par' dir='ltr' id='par_1_25' title="bbox 647 2634 2224 2708">
     <span class='ocr_line' id='line_1_25' title="bbox 647 2634 2224 2708; baseline -0.005 -17"><span class='ocrx_word' id='word_1_187' title='bbox 647 2640 797 2708; x_wconf 85' lang='lat' dir='ltr'><strong>quasi</strong></span> <span class='ocrx_word' id='word_1_188' title='bbox 837 2639 1146 2691; x_wconf 70' lang='lat' dir='ltr'><strong>ebrietatem</strong></span> <span class='ocrx_word' id='word_1_189' title='bbox 1192 2651 1474 2700; x_wconf 53' lang='lat' dir='ltr'><strong>excusans,</strong></span> <span class='ocrx_word' id='word_1_190' title='bbox 1515 2635 1604 2689; x_wconf 76' lang='lat' dir='ltr'><strong>sed</strong></span> <span class='ocrx_word' id='word_1_191' title='bbox 1632 2635 2000 2688; x_wconf 68' lang='lat' dir='ltr'><strong>demonstrans</strong></span> <span class='ocrx_word' id='word_1_192' title='bbox 2026 2634 2224 2700; x_wconf 89' lang='lat' dir='ltr'><strong>justum</strong></span> 
     </span>
    </p>
   </div>
   <div class='ocr_carea' id='block_1_26' title="bbox 650 2723 2225 2794">
    <p class='ocr_par' dir='ltr' id='par_1_26' title="bbox 650 2723 2225 2794">
     <span class='ocr_line' id='line_1_26' title="bbox 650 2723 2225 2794; baseline -0.008 -12"><span class='ocrx_word' id='word_1_193' title='bbox 650 2744 754 2782; x_wconf 88' lang='lat' dir='ltr'><strong>non</strong></span> <span class='ocrx_word' id='word_1_194' title='bbox 791 2743 854 2782; x_wconf 80' lang='lat' dir='ltr'><strong>ex</strong></span> <span class='ocrx_word' id='word_1_195' title='bbox 885 2727 1283 2794; x_wconf 62' lang='lat' dir='ltr'><strong>intemperantia</strong></span> <span class='ocrx_word' id='word_1_196' title='bbox 1317 2766 1330 2787; x_wconf 90' lang='lat'><strong>,</strong></span> <span class='ocrx_word' id='word_1_197' title='bbox 1361 2725 1454 2778; x_wconf 84' lang='lat' dir='ltr'><strong>sed</strong></span> <span class='ocrx_word' id='word_1_198' title='bbox 1478 2725 1649 2791; x_wconf 85' lang='lat' dir='ltr'><strong>potius</strong></span> <span class='ocrx_word' id='word_1_199' title='bbox 1679 2739 1739 2775; x_wconf 77' lang='lat' dir='ltr'><strong>cx</strong></span> <span class='ocrx_word' id='word_1_200' title='bbox 1768 2723 2061 2791; x_wconf 82' lang='lat' dir='ltr'><strong>ignorantia</strong></span> <span class='ocrx_word' id='word_1_201' title='bbox 2099 2735 2225 2789; x_wconf 84' lang='lat' dir='ltr'><strong>sup-</strong></span> 
     </span>
    </p>
   </div>
   <div class='ocr_carea' id='block_1_27' title="bbox 656 2811 2224 2884">
    <p class='ocr_par' dir='ltr' id='par_1_27' title="bbox 656 2811 2224 2884">
     <span class='ocr_line' id='line_1_27' title="bbox 656 2811 2224 2884; baseline -0.001 -19"><span class='ocrx_word' id='word_1_202' title='bbox 656 2817 945 2884; x_wconf 81' lang='lat' dir='ltr'><strong>plantatnm</strong></span> <span class='ocrx_word' id='word_1_203' title='bbox 995 2815 1174 2868; x_wconf 66' lang='lat' dir='ltr'><strong>fuisse.</strong></span> <span class='ocrx_word' id='word_1_204' title='bbox 1217 2815 1276 2868; x_wconf 79' lang='lat' dir='ltr'><strong>Et</strong></span> <span class='ocrx_word' id='word_1_205' title='bbox 1337 2813 1477 2882; x_wconf 87' lang='lat' dir='ltr'><strong>quod</strong></span> <span class='ocrx_word' id='word_1_206' title='bbox 1523 2828 1628 2866; x_wconf 89' lang='lat' dir='ltr'><strong>non</strong></span> <span class='ocrx_word' id='word_1_207' title='bbox 1681 2813 1752 2865; x_wconf 86' lang='lat' dir='ltr'><strong>ita</strong></span> <span class='ocrx_word' id='word_1_208' title='bbox 1784 2811 2094 2881; x_wconf 76' lang='lat' dir='ltr'><strong>simpliciter</strong></span> <span class='ocrx_word' id='word_1_209' title='bbox 2119 2811 2224 2863; x_wconf 89' lang='lat' dir='ltr'><strong>vini</strong></span> 
     </span>
    </p>
   </div>
   <div class='ocr_carea' id='block_1_28' title="bbox 651 2899 2228 2978">
    <p class='ocr_par' dir='ltr' id='par_1_28' title="bbox 651 2899 2228 2978">
     <span class='ocr_line' id='line_1_28' title="bbox 651 2899 2228 2978; baseline -0.004 -17"><span class='ocrx_word' id='word_1_210' title='bbox 651 2899 973 2978; x_wconf 76' lang='lat' dir='ltr'><strong>potationem</strong></span> <span class='ocrx_word' id='word_1_211' title='bbox 1004 2909 1258 2960; x_wconf 73' lang='lat' dir='ltr'><strong>inuenerit</strong></span> <span class='ocrx_word' id='word_1_212' title='bbox 1284 2903 1382 2977; x_wconf 90' lang='lat' dir='ltr'><strong>(a),</strong></span> <span class='ocrx_word' id='word_1_213' title='bbox 1416 2905 1538 2959; x_wconf 86' lang='lat' dir='ltr'><strong>audi</strong></span> <span class='ocrx_word' id='word_1_214' title='bbox 1561 2905 1890 2973; x_wconf 80' lang='lat' dir='ltr'><strong>Scripturam</strong></span> <span class='ocrx_word' id='word_1_215' title='bbox 1913 2904 2028 2970; x_wconf 86' lang='lat' dir='ltr'><strong>ejus</strong></span> <span class='ocrx_word' id='word_1_216' title='bbox 2047 2904 2228 2970; x_wconf 86' lang='lat' dir='ltr'><strong>apolo—</strong></span> 
     </span>
    </p>
   </div>
   <div class='ocr_carea' id='block_1_29' title="bbox 649 2992 2227 3070">
    <p class='ocr_par' dir='ltr' id='par_1_29' title="bbox 649 2992 2227 3070">
     <span class='ocr_line' id='line_1_29' title="bbox 649 2992 2227 3070; baseline -0.005 -18"><span class='ocrx_word' id='word_1_217' title='bbox 649 3001 786 3070; x_wconf 74' lang='lat' dir='ltr'><strong>giatn</strong></span> <span class='ocrx_word' id='word_1_218' title='bbox 813 2997 1145 3057; x_wconf 71' lang='lat' dir='ltr'><strong>aﬂerentcm,</strong></span> <span class='ocrx_word' id='word_1_219' title='bbox 1170 3013 1288 3049; x_wconf 89' lang='lat' dir='ltr'><strong>cum</strong></span> <span class='ocrx_word' id='word_1_220' title='bbox 1315 2997 1445 3050; x_wconf 82' lang='lat' dir='ltr'><strong>dicit</strong></span> <span class='ocrx_word' id='word_1_221' title='bbox 1475 3013 1486 3047; x_wconf 89' lang='lat'>:</span> <span class='ocrx_word' id='word_1_222' title='bbox 1524 2995 1588 3048; x_wconf 89' lang='lat' dir='ltr'><strong>Et</strong></span> <span class='ocrx_word' id='word_1_223' title='bbox 1615 2996 1758 3063; x_wconf 76' lang='grc' dir='ltr'><strong>εωρὶι</strong></span> <span class='ocrx_word' id='word_1_224' title='bbox 1782 2992 1897 3048; x_wconf 75' lang='lat' dir='ltr'><strong>Noe</strong></span> <span class='ocrx_word' id='word_1_225' title='bbox 1916 2994 2064 3046; x_wconf 81' lang='lat' dir='ltr'><strong>homo</strong></span> <span class='ocrx_word' id='word_1_226' title='bbox 2089 2993 2227 3063; x_wconf 84' lang='lat' dir='ltr'><strong>agri-</strong></span> 
     </span>
    </p>
   </div>
   <div class='ocr_carea' id='block_1_30' title="bbox 648 3085 2218 3156">
    <p class='ocr_par' dir='ltr' id='par_1_30' title="bbox 648 3085 2218 3156">
     <span class='ocr_line' id='line_1_30' title="bbox 648 3085 2218 3156; baseline -0.004 -13"><span class='ocrx_word' id='word_1_227' title='bbox 648 3092 758 3144; x_wconf 77' lang='lat' dir='ltr'><strong>cola</strong></span> <span class='ocrx_word' id='word_1_228' title='bbox 788 3100 952 3155; x_wconf 68' lang='lat' dir='ltr'><strong>terrm,</strong></span> <span class='ocrx_word' id='word_1_229' title='bbox 987 3099 1031 3141; x_wconf 90' lang='lat' dir='ltr'><strong>et</strong></span> <span class='ocrx_word' id='word_1_230' title='bbox 1069 3088 1310 3156; x_wconf 78' lang='lat' dir='ltr'><strong>plantavit</strong></span> <span class='ocrx_word' id='word_1_231' title='bbox 1353 3088 1566 3148; x_wconf 81' lang='lat' dir='ltr'><strong>vineam,</strong></span> <span class='ocrx_word' id='word_1_232' title='bbox 1593 3097 1636 3139; x_wconf 91' lang='lat' dir='ltr'><strong>et</strong></span> <span class='ocrx_word' id='word_1_233' title='bbox 1673 3085 1791 3138; x_wconf 80' lang='lat' dir='ltr'><strong>bibit</strong></span> <span class='ocrx_word' id='word_1_234' title='bbox 1829 3088 1891 3138; x_wconf 88' lang='lat' dir='ltr'><strong>de</strong></span> <span class='ocrx_word' id='word_1_235' title='bbox 1916 3086 2052 3146; x_wconf 78' lang='lat' dir='ltr'><strong>vino,</strong></span> <span class='ocrx_word' id='word_1_236' title='bbox 2075 3094 2120 3137; x_wconf 92' lang='lat' dir='ltr'><strong>et</strong></span> <span class='ocrx_word' id='word_1_237' title='bbox 2145 3085 2218 3137; x_wconf 33' lang='lat' dir='ltr'><strong>in.</strong></span> 
     </span>
    </p>
   </div>
   <div class='ocr_carea' id='block_1_31' title="bbox 650 3175 2229 3246">
    <p class='ocr_par' dir='ltr' id='par_1_31' title="bbox 650 3175 2229 3246">
     <span class='ocr_line' id='line_1_31' title="bbox 650 3175 2229 3246; baseline -0.003 -13"><span class='ocrx_word' id='word_1_238' title='bbox 650 3179 868 3233; x_wconf 79' lang='lat' dir='ltr'><strong>ebriatus</strong></span> <span class='ocrx_word' id='word_1_239' title='bbox 893 3189 983 3232; x_wconf 86' lang='lat' dir='ltr'><strong>est.</strong></span> <span class='ocrx_word' id='word_1_240' title='bbox 1013 3177 1152 3231; x_wconf 91' lang='lat' dir='ltr'><strong>Istud</strong></span> <span class='ocrx_word' id='word_1_241' title='bbox 1185 3178 1352 3246; x_wconf 85' lang='lat' dir='ltr'><strong>ipsum</strong></span> <span class='ocrx_word' id='word_1_242' title='bbox 1383 3178 1522 3246; x_wconf 65' lang='lat' dir='ltr'><strong>quiid</strong></span> <span class='ocrx_word' id='word_1_243' title='bbox 1557 3177 1742 3246; x_wconf 90' lang='lat' dir='ltr'><strong>inquit,</strong></span> <span class='ocrx_word' id='word_1_244' title='bbox 1786 3175 1964 3245; x_wconf 69' lang='lat' dir='ltr'><strong>Carpit,</strong></span> <span class='ocrx_word' id='word_1_245' title='bbox 1998 3175 2229 3230; x_wconf 88' lang='lat' dir='ltr'><strong>ostendit</strong></span> 
     </span>
    </p>
   </div>
   <div class='ocr_carea' id='block_1_32' title="bbox 651 3267 2230 3338">
    <p class='ocr_par' dir='ltr' id='par_1_32' title="bbox 651 3267 2230 3338">
     <span class='ocr_line' id='line_1_32' title="bbox 651 3267 2230 3338; baseline -0.004 -15"><span class='ocrx_word' id='word_1_246' title='bbox 651 3270 824 3338; x_wconf 84' lang='lat' dir='ltr'><strong>ipsum</strong></span> <span class='ocrx_word' id='word_1_247' title='bbox 853 3268 958 3321; x_wconf 87' lang='lat' dir='ltr'><strong>vini</strong></span> <span class='ocrx_word' id='word_1_248' title='bbox 985 3267 1194 3322; x_wconf 88' lang='lat' dir='ltr'><strong>bibendi</strong></span> <span class='ocrx_word' id='word_1_249' title='bbox 1225 3267 1449 3335; x_wconf 89' lang='lat' dir='ltr'><strong>primum</strong></span> <span class='ocrx_word' id='word_1_250' title='bbox 1484 3267 1812 3320; x_wconf 70' lang='lat' dir='ltr'><strong>inventorem</strong></span> <span class='ocrx_word' id='word_1_251' title='bbox 1840 3268 2021 3330; x_wconf 80' lang='lat' dir='ltr'><strong>fuisse,</strong></span> <span class='ocrx_word' id='word_1_252' title='bbox 2052 3276 2105 3320; x_wconf 86' lang='lat' dir='ltr'><strong>et</strong></span> <span class='ocrx_word' id='word_1_253' title='bbox 2136 3281 2230 3334; x_wconf 89' lang='lat' dir='ltr'><strong>per</strong></span> 
     </span>
    </p>
   </div>
   <div class='ocr_carea' id='block_1_33' title="bbox 650 3360 2226 3430">
    <p class='ocr_par' dir='ltr' id='par_1_33' title="bbox 650 3360 2226 3430">
     <span class='ocr_line' id='line_1_33' title="bbox 650 3360 2226 3430; baseline -0.003 -16"><span class='ocrx_word' id='word_1_254' title='bbox 650 3360 1018 3430; x_wconf 64' lang='lat' dir='ltr'><strong>ignorantiam,</strong></span> <span class='ocrx_word' id='word_1_255' title='bbox 1049 3362 1368 3413; x_wconf 84' lang='lat' dir='ltr'><strong>nescientem</strong></span> <span class='ocrx_word' id='word_1_256' title='bbox 1398 3363 1592 3425; x_wconf 86' lang='lat' dir='ltr'><strong>justam</strong></span> <span class='ocrx_word' id='word_1_257' title='bbox 1635 3375 1846 3414; x_wconf 88' lang='lat' dir='ltr'><strong>sumere</strong></span> <span class='ocrx_word' id='word_1_258' title='bbox 1899 3375 2226 3424; x_wconf 84' lang='lat' dir='ltr'><strong>mensuram,</strong></span> 
     </span>
    </p>
   </div>
   <div class='ocr_carea' id='block_1_34' title="bbox 651 3450 2228 3519">
    <p class='ocr_par' dir='ltr' id='par_1_34' title="bbox 651 3450 2228 3519">
     <span class='ocr_line' id='line_1_34' title="bbox 651 3450 2228 3519; baseline -0.003 -13"><span class='ocrx_word' id='word_1_259' title='bbox 651 3454 702 3506; x_wconf 90' lang='lat' dir='ltr'><strong>in</strong></span> <span class='ocrx_word' id='word_1_260' title='bbox 734 3453 1041 3506; x_wconf 68' lang='lat' dir='ltr'><strong>ebrietati-nt</strong></span> <span class='ocrx_word' id='word_1_261' title='bbox 1091 3451 1358 3504; x_wconf 82' lang='lat' dir='ltr'><strong>incidisse.</strong></span> <span class='ocrx_word' id='word_1_262' title='bbox 1417 3450 1598 3519; x_wconf 83' lang='lat' dir='ltr'><strong>Neque</strong></span> <span class='ocrx_word' id='word_1_263' title='bbox 1647 3451 1746 3503; x_wconf 88' lang='lat' dir='ltr'><strong>hoc</strong></span> <span class='ocrx_word' id='word_1_264' title='bbox 1785 3452 1954 3504; x_wconf 86' lang='lat' dir='ltr'><strong>solum</strong></span> <span class='ocrx_word' id='word_1_265' title='bbox 1985 3450 2035 3503; x_wconf 94' lang='lat' dir='ltr'><strong>in</strong></span> <span class='ocrx_word' id='word_1_266' title='bbox 2069 3465 2228 3503; x_wconf 84' lang='lat' dir='ltr'><strong>causa</strong></span> 
     </span>
    </p>
   </div>
   <div class='ocr_carea' id='block_1_35' title="bbox 649 3541 2229 3610">
    <p class='ocr_par' dir='ltr' id='par_1_35' title="bbox 649 3541 2229 3610">
     <span class='ocr_line' id='line_1_35' title="bbox 649 3541 2229 3610; baseline -0.001 -14"><span class='ocrx_word' id='word_1_267' title='bbox 649 3552 750 3607; x_wconf 85' lang='lat' dir='ltr'><strong>est,</strong></span> <span class='ocrx_word' id='word_1_268' title='bbox 784 3543 874 3596; x_wconf 74' lang='lat' dir='ltr'><strong>sed</strong></span> <span class='ocrx_word' id='word_1_269' title='bbox 906 3543 1027 3610; x_wconf 84' lang='lat' dir='ltr'><strong>quia</strong></span> <span class='ocrx_word' id='word_1_270' title='bbox 1071 3558 1257 3610; x_wconf 74' lang='lat' dir='ltr'><strong>magna</strong></span> <span class='ocrx_word' id='word_1_271' title='bbox 1305 3542 1582 3596; x_wconf 88' lang='lat' dir='ltr'><strong>tenebatur</strong></span> <span class='ocrx_word' id='word_1_272' title='bbox 1635 3542 1865 3605; x_wconf 87' lang='lat' dir='ltr'><strong>tristitia,</strong></span> <span class='ocrx_word' id='word_1_273' title='bbox 1922 3551 1976 3596; x_wconf 89' lang='lat' dir='ltr'><strong>et</strong></span> <span class='ocrx_word' id='word_1_274' title='bbox 2026 3541 2229 3610; x_wconf 85' lang='lat' dir='ltr'><strong>sibiipsi</strong></span> 
     </span>
    </p>
   </div>
   <div class='ocr_carea' id='block_1_36' title="bbox 650 3633 2229 3702">
    <p class='ocr_par' dir='ltr' id='par_1_36' title="bbox 650 3633 2229 3702">
     <span class='ocr_line' id='line_1_36' title="bbox 650 3633 2229 3702; baseline -0.003 -12"><span class='ocrx_word' id='word_1_275' title='bbox 650 3636 1064 3690; x_wconf 79' lang='lat' dir='ltr'><strong>consolationem</strong></span> <span class='ocrx_word' id='word_1_276' title='bbox 1087 3634 1206 3686; x_wconf 86' lang='lat' dir='ltr'><strong>inde</strong></span> <span class='ocrx_word' id='word_1_277' title='bbox 1223 3634 1527 3700; x_wconf 77' lang='lat' dir='ltr'><strong>excogitare</strong></span> <span class='ocrx_word' id='word_1_278' title='bbox 1545 3633 1774 3697; x_wconf 87' lang='lat' dir='ltr'><strong>volebat,</strong></span> <span class='ocrx_word' id='word_1_279' title='bbox 1794 3635 1930 3687; x_wconf 84' lang='lat' dir='ltr'><strong>sicut</strong></span> <span class='ocrx_word' id='word_1_280' title='bbox 1948 3643 2001 3686; x_wconf 92' lang='lat' dir='ltr'><strong>et</strong></span> <span class='ocrx_word' id='word_1_281' title='bbox 2018 3635 2229 3702; x_wconf 79' lang='lat' dir='ltr'><strong>sapiens</strong></span> 
     </span>
    </p>
   </div>
   <div class='ocr_carea' id='block_1_37' title="bbox 652 3724 2229 3797">
    <p class='ocr_par' dir='ltr' id='par_1_37' title="bbox 652 3724 2229 3797">
     <span class='ocr_line' id='line_1_37' title="bbox 652 3724 2229 3797; baseline -0.004 -16"><span class='ocrx_word' id='word_1_282' title='bbox 652 3728 867 3797; x_wconf 88' lang='lat' dir='ltr'><strong>quidam</strong></span> <span class='ocrx_word' id='word_1_283' title='bbox 899 3726 1027 3779; x_wconf 86' lang='lat' dir='ltr'><strong>dicit</strong></span> <span class='ocrx_word' id='word_1_284' title='bbox 1056 3745 1066 3779; x_wconf 93' lang='lat'><strong><em>:</em></strong></span> <span class='ocrx_word' id='word_1_285' title='bbox 1097 3724 1228 3778; x_wconf 87' lang='lat' dir='ltr'><strong>Date</strong></span> <span class='ocrx_word' id='word_1_286' title='bbox 1252 3728 1422 3778; x_wconf 77' lang='lat' dir='ltr'><strong>vinum</strong></span> <span class='ocrx_word' id='word_1_287' title='bbox 1449 3727 1510 3779; x_wconf 87' lang='lat' dir='ltr'><strong>iis</strong></span> <span class='ocrx_word' id='word_1_288' title='bbox 1534 3726 1622 3795; x_wconf 80' lang='lat' dir='ltr'><strong>qui</strong></span> <span class='ocrx_word' id='word_1_289' title='bbox 1647 3727 1696 3777; x_wconf 87' lang='lat' dir='ltr'><strong>in</strong></span> <span class='ocrx_word' id='word_1_290' title='bbox 1729 3726 1949 3790; x_wconf 72' lang='lat' dir='ltr'><strong>tristitia,</strong></span> <span class='ocrx_word' id='word_1_291' title='bbox 1974 3737 2018 3778; x_wconf 91' lang='lat' dir='ltr'><strong>et</strong></span> <span class='ocrx_word' id='word_1_292' title='bbox 2039 3741 2229 3778; x_wconf 81' lang='lat' dir='ltr'><strong>merum</strong></span> 
     </span>
    </p>
   </div>
   <div class='ocr_carea' id='block_1_38' title="bbox 653 3814 2229 3886">
    <p class='ocr_par' dir='ltr' id='par_1_38' title="bbox 653 3814 2229 3886">
     <span class='ocr_line' id='line_1_38' title="bbox 653 3814 2229 3886; baseline -0.001 -16"><span class='ocrx_word' id='word_1_293' title='bbox 653 3821 714 3872; x_wconf 88' lang='lat' dir='ltr'><strong>iis</strong></span> <span class='ocrx_word' id='word_1_294' title='bbox 754 3819 842 3886; x_wconf 76' lang='lat' dir='ltr'><strong>qui</strong></span> <span class='ocrx_word' id='word_1_295' title='bbox 875 3818 926 3869; x_wconf 82' lang='lat' dir='ltr'><strong>in</strong></span> <span class='ocrx_word' id='word_1_296' title='bbox 972 3819 1146 3870; x_wconf 87' lang='lat' dir='ltr'><strong>dolore</strong></span> <span class='ocrx_word' id='word_1_297' title='bbox 1192 3814 1374 3886; x_wconf 81' lang='lat' dir='ltr'><strong>(Prov.</strong></span> <span class='ocrx_word' id='word_1_298' title='bbox 1413 3818 1500 3871; x_wconf 75' lang='lat'><strong>3|.</strong></span> <span class='ocrx_word' id='word_1_299' title='bbox 1531 3817 1601 3884; x_wconf 82' lang='lat'><strong>6)</strong></span> <span class='ocrx_word' id='word_1_300' title='bbox 1635 3834 1648 3872; x_wconf 89' lang='lat'><strong>:</strong></span> <span class='ocrx_word' id='word_1_301' title='bbox 1683 3827 1982 3870; x_wconf 89' lang='lat' dir='ltr'><strong>monstrans</strong></span> <span class='ocrx_word' id='word_1_302' title='bbox 2029 3817 2229 3870; x_wconf 87' lang='lat' dir='ltr'><strong>tmllum</strong></span> 
     </span>
    </p>
   </div>
   <div class='ocr_carea' id='block_1_39' title="bbox 653 3907 2230 3978">
    <p class='ocr_par' dir='ltr' id='par_1_39' title="bbox 653 3907 2230 3978">
     <span class='ocr_line' id='line_1_39' title="bbox 653 3907 2230 3978; baseline -0.003 -15"><span class='ocrx_word' id='word_1_303' title='bbox 653 3925 772 3964; x_wconf 80' lang='lat' dir='ltr'><strong>esse</strong></span> <span class='ocrx_word' id='word_1_304' title='bbox 822 3917 928 3962; x_wconf 91' lang='lat' dir='ltr'><strong>tam</strong></span> <span class='ocrx_word' id='word_1_305' title='bbox 981 3923 1216 3978; x_wconf 70' lang='lat' dir='ltr'><strong>prmsens</strong></span> <span class='ocrx_word' id='word_1_306' title='bbox 1256 3907 1480 3960; x_wconf 77' lang='lat' dir='ltr'><strong>tristitia:</strong></span> <span class='ocrx_word' id='word_1_307' title='bbox 1528 3907 1859 3969; x_wconf 86' lang='lat' dir='ltr'><strong>remedium,</strong></span> <span class='ocrx_word' id='word_1_308' title='bbox 1913 3924 2070 3975; x_wconf 91' lang='lat' dir='ltr'><strong>quam</strong></span> <span class='ocrx_word' id='word_1_309' title='bbox 2123 3907 2230 3960; x_wconf 90' lang='lat' dir='ltr'><strong>viui</strong></span> 
     </span>
    </p>
   </div>
   <div class='ocr_carea' id='block_1_40' title="bbox 653 3995 2233 4065">
    <p class='ocr_par' dir='ltr' id='par_1_40' title="bbox 653 3995 2233 4065">
     <span class='ocr_line' id='line_1_40' title="bbox 653 3995 2233 4065; baseline -0.001 -14"><span class='ocrx_word' id='word_1_310' title='bbox 653 4012 806 4052; x_wconf 72' lang='lat' dir='ltr'><strong>uSum</strong></span> <span class='ocrx_word' id='word_1_311' title='bbox 845 4012 859 4059; x_wconf 88' lang='lat'>;</span> <span class='ocrx_word' id='word_1_312' title='bbox 907 4005 1107 4048; x_wconf 64' lang='lat' dir='ltr'><strong>tinuum</strong></span> <span class='ocrx_word' id='word_1_313' title='bbox 1159 3995 1439 4050; x_wconf 88' lang='lat' dir='ltr'><strong>utilitatem</strong></span> <span class='ocrx_word' id='word_1_314' title='bbox 1491 3995 1604 4065; x_wconf 85' lang='lat' dir='ltr'><strong>ejus</strong></span> <span class='ocrx_word' id='word_1_315' title='bbox 1650 3997 1702 4048; x_wconf 89' lang='lat' dir='ltr'><strong>ni</strong></span> <span class='ocrx_word' id='word_1_316' title='bbox 1745 3997 1933 4064; x_wconf 86' lang='lat' dir='ltr'><strong>perdat</strong></span> <span class='ocrx_word' id='word_1_317' title='bbox 1977 3997 2233 4065; x_wconf 83' lang='lat' dir='ltr'><strong>intempe-</strong></span> 
     </span>
    </p>
   </div>
   <div class='ocr_carea' id='block_1_41' title="bbox 656 4085 2234 4156">
    <p class='ocr_par' dir='ltr' id='par_1_41' title="bbox 656 4085 2234 4156">
     <span class='ocr_line' id='line_1_41' title="bbox 656 4085 2234 4156; baseline 0.002 -17"><span class='ocrx_word' id='word_1_318' title='bbox 656 4086 843 4140; x_wconf 87' lang='lat' dir='ltr'><strong>rantia.</strong></span> <span class='ocrx_word' id='word_1_319' title='bbox 871 4085 1019 4151; x_wconf 79' lang='lat' dir='ltr'><strong>Quod</strong></span> <span class='ocrx_word' id='word_1_320' title='bbox 1055 4094 1228 4139; x_wconf 86' lang='lat' dir='ltr'><strong>autem</strong></span> <span class='ocrx_word' id='word_1_321' title='bbox 1262 4087 1310 4138; x_wconf 92' lang='lat' dir='ltr'><strong>in</strong></span> <span class='ocrx_word' id='word_1_322' title='bbox 1343 4085 1550 4139; x_wconf 88' lang='lat' dir='ltr'><strong>tristitia</strong></span> <span class='ocrx_word' id='word_1_323' title='bbox 1569 4097 1864 4142; x_wconf 74' lang='lat' dir='ltr'><strong>etinterore</strong></span> <span class='ocrx_word' id='word_1_324' title='bbox 1883 4088 2040 4140; x_wconf 83' lang='lat' dir='ltr'><strong>luerit</strong></span> <span class='ocrx_word' id='word_1_325' title='bbox 2059 4088 2234 4156; x_wconf 85' lang='lat' dir='ltr'><strong>justus</strong></span> 
     </span>
    </p>
   </div>
   <div class='ocr_carea' id='block_1_42' title="bbox 656 4178 2231 4245">
    <p class='ocr_par' dir='ltr' id='par_1_42' title="bbox 656 4178 2231 4245">
     <span class='ocr_line' id='line_1_42' title="bbox 656 4178 2231 4245; baseline 0.003 -14"><span class='ocrx_word' id='word_1_326' title='bbox 656 4179 767 4242; x_wconf 79' lang='lat' dir='ltr'><strong>ille,</strong></span> <span class='ocrx_word' id='word_1_327' title='bbox 811 4178 996 4230; x_wconf 87' lang='lat' dir='ltr'><strong>videns</strong></span> <span class='ocrx_word' id='word_1_328' title='bbox 1036 4179 1267 4245; x_wconf 85' lang='lat' dir='ltr'><strong>seipsum</strong></span> <span class='ocrx_word' id='word_1_329' title='bbox 1319 4179 1368 4231; x_wconf 92' lang='lat' dir='ltr'><strong>in</strong></span> <span class='ocrx_word' id='word_1_330' title='bbox 1413 4186 1556 4232; x_wconf 82' lang='lat' dir='ltr'><strong>tanta</strong></span> <span class='ocrx_word' id='word_1_331' title='bbox 1602 4179 1905 4243; x_wconf 89' lang='lat' dir='ltr'><strong>solitudine,</strong></span> <span class='ocrx_word' id='word_1_332' title='bbox 1940 4190 1992 4235; x_wconf 92' lang='lat' dir='ltr'><strong>et</strong></span> <span class='ocrx_word' id='word_1_333' title='bbox 2022 4183 2231 4235; x_wconf 91' lang='lat' dir='ltr'><strong>illorum</strong></span> 
     </span>
    </p>
   </div>
   <div class='ocr_carea' id='block_1_43' title="bbox 656 4269 2234 4340">
    <p class='ocr_par' dir='ltr' id='par_1_43' title="bbox 656 4269 2234 4340">
     <span class='ocr_line' id='line_1_43' title="bbox 656 4269 2234 4340; baseline 0.003 -17"><span class='ocrx_word' id='word_1_334' title='bbox 656 4269 926 4324; x_wconf 85' lang='lat' dir='ltr'><strong>hominum</strong></span> <span class='ocrx_word' id='word_1_335' title='bbox 954 4283 1175 4337; x_wconf 85' lang='lat' dir='ltr'><strong>corpora</strong></span> <span class='ocrx_word' id='word_1_336' title='bbox 1220 4281 1345 4324; x_wconf 83' lang='lat' dir='ltr'><strong>ante</strong></span> <span class='ocrx_word' id='word_1_337' title='bbox 1380 4271 1564 4324; x_wconf 86' lang='lat' dir='ltr'><strong>oculos</strong></span> <span class='ocrx_word' id='word_1_338' title='bbox 1589 4270 1843 4340; x_wconf 86' lang='lat' dir='ltr'><strong>projecta,</strong></span> <span class='ocrx_word' id='word_1_339' title='bbox 1870 4281 1924 4326; x_wconf 87' lang='lat' dir='ltr'><strong>et</strong></span> <span class='ocrx_word' id='word_1_340' title='bbox 1951 4287 2234 4327; x_wconf 80' lang='lat' dir='ltr'><strong>commune</strong></span> 
     </span>
    </p>
   </div>
   <div class='ocr_carea' id='block_1_44' title="bbox 652 4362 2233 4435">
    <p class='ocr_par' dir='ltr' id='par_1_44' title="bbox 652 4362 2233 4435">
     <span class='ocr_line' id='line_1_44' title="bbox 652 4362 2233 4435; baseline 0.001 -18"><span class='ocrx_word' id='word_1_341' title='bbox 652 4363 888 4417; x_wconf 88' lang='lat' dir='ltr'><strong>omnium</strong></span> <span class='ocrx_word' id='word_1_342' title='bbox 909 4363 1210 4431; x_wconf 78' lang='lat' dir='ltr'><strong>sepulcrum</strong></span> <span class='ocrx_word' id='word_1_343' title='bbox 1245 4362 1544 4417; x_wconf 78' lang='lat' dir='ltr'><strong>hominibus</strong></span> <span class='ocrx_word' id='word_1_344' title='bbox 1575 4373 1628 4417; x_wconf 88' lang='lat' dir='ltr'><strong>et</strong></span> <span class='ocrx_word' id='word_1_345' title='bbox 1678 4363 1843 4418; x_wconf 90' lang='lat' dir='ltr'><strong>brutis</strong></span> <span class='ocrx_word' id='word_1_346' title='bbox 1875 4363 2233 4435; x_wconf 66' lang='lat' dir='ltr'><strong>factum,~quis</strong></span> 
     </span>
    </p>
   </div>
   <div class='ocr_carea' id='block_1_45' title="bbox 655 4451 2232 4525">
    <p class='ocr_par' dir='ltr' id='par_1_45' title="bbox 655 4451 2232 4525">
     <span class='ocr_line' id='line_1_45' title="bbox 655 4451 2232 4525; baseline 0.003 -19"><span class='ocrx_word' id='word_1_347' title='bbox 655 4452 972 4523; x_wconf 73' lang='lat' dir='ltr'><strong>negaverit?</strong></span> <span class='ocrx_word' id='word_1_348' title='bbox 1005 4451 1116 4505; x_wconf 79' lang='lat' dir='ltr'><strong>Mos</strong></span> <span class='ocrx_word' id='word_1_349' title='bbox 1163 4453 1304 4506; x_wconf 90' lang='lat' dir='ltr'><strong>enim</strong></span> <span class='ocrx_word' id='word_1_350' title='bbox 1346 4453 1720 4522; x_wconf 87' lang='lat' dir='ltr'><strong>prophetarum</strong></span> <span class='ocrx_word' id='word_1_351' title='bbox 1750 4466 1803 4510; x_wconf 90' lang='lat' dir='ltr'><strong>et</strong></span> <span class='ocrx_word' id='word_1_352' title='bbox 1822 4458 2085 4525; x_wconf 88' lang='lat' dir='ltr'><strong>justorum</strong></span> <span class='ocrx_word' id='word_1_353' title='bbox 2118 4474 2232 4512; x_wconf 85' lang='lat' dir='ltr'><strong>om-</strong></span> 
     </span>
    </p>
   </div>
   <div class='ocr_carea' id='block_1_46' title="bbox 658 4543 2232 4620">
    <p class='ocr_par' dir='ltr' id='par_1_46' title="bbox 658 4543 2232 4620">
     <span class='ocr_line' id='line_1_46' title="bbox 658 4543 2232 4620; baseline 0.004 -25"><span class='ocrx_word' id='word_1_354' title='bbox 658 4544 801 4597; x_wconf 90' lang='lat' dir='ltr'><strong>nium</strong></span> <span class='ocrx_word' id='word_1_355' title='bbox 828 4553 930 4606; x_wconf 87' lang='lat' dir='ltr'><strong>est,</strong></span> <span class='ocrx_word' id='word_1_356' title='bbox 971 4556 1074 4594; x_wconf 93' lang='lat' dir='ltr'><strong>non</strong></span> <span class='ocrx_word' id='word_1_357' title='bbox 1106 4558 1199 4610; x_wconf 88' lang='lat' dir='ltr'><strong>pro</strong></span> <span class='ocrx_word' id='word_1_358' title='bbox 1224 4543 1285 4595; x_wconf 90' lang='lat' dir='ltr'><strong>iis</strong></span> <span class='ocrx_word' id='word_1_359' title='bbox 1305 4543 1577 4598; x_wconf 82' lang='lat' dir='ltr'><strong>dumtaxat</strong></span> <span class='ocrx_word' id='word_1_360' title='bbox 1603 4547 1786 4601; x_wconf 88' lang='lat' dir='ltr'><strong>dolere</strong></span> <span class='ocrx_word' id='word_1_361' title='bbox 1810 4590 1823 4611; x_wconf 95' lang='lat'><strong>,</strong></span> <span class='ocrx_word' id='word_1_362' title='bbox 1852 4551 1940 4618; x_wconf 92' lang='lat' dir='ltr'><strong>qui</strong></span> <span class='ocrx_word' id='word_1_363' title='bbox 1967 4552 2066 4603; x_wconf 89' lang='lat' dir='ltr'><strong>sibi</strong></span> <span class='ocrx_word' id='word_1_364' title='bbox 2111 4567 2232 4620; x_wconf 86' lang='lat' dir='ltr'><strong>pro-</strong></span> 
     </span>
    </p>
   </div>
   <div class='ocr_carea' id='block_1_47' title="bbox 659 4632 2233 4711">
    <p class='ocr_par' dir='ltr' id='par_1_47' title="bbox 659 4632 2233 4711">
     <span class='ocr_line' id='line_1_47' title="bbox 659 4632 2233 4711; baseline 0.004 -23"><span class='ocrx_word' id='word_1_365' title='bbox 659 4633 783 4688; x_wconf 80' lang='lat' dir='ltr'><strong>ximi</strong></span> <span class='ocrx_word' id='word_1_366' title='bbox 813 4641 934 4686; x_wconf 86' lang='lat' dir='ltr'><strong>sunt</strong></span> <span class='ocrx_word' id='word_1_367' title='bbox 963 4673 976 4695; x_wconf 96' lang='lat'><strong>,</strong></span> <span class='ocrx_word' id='word_1_368' title='bbox 1005 4632 1098 4685; x_wconf 91' lang='lat' dir='ltr'><strong>sed</strong></span> <span class='ocrx_word' id='word_1_369' title='bbox 1130 4643 1182 4686; x_wconf 90' lang='lat' dir='ltr'><strong>ct</strong></span> <span class='ocrx_word' id='word_1_370' title='bbox 1210 4649 1308 4701; x_wconf 87' lang='lat' dir='ltr'><strong>pro</strong></span> <span class='ocrx_word' id='word_1_371' title='bbox 1353 4635 1569 4703; x_wconf 86' lang='lat' dir='ltr'><strong>reliquis</strong></span> <span class='ocrx_word' id='word_1_372' title='bbox 1611 4636 1930 4692; x_wconf 81' lang='lat' dir='ltr'><strong>lmininibus.</strong></span> <span class='ocrx_word' id='word_1_373' title='bbox 1958 4641 2021 4694; x_wconf 79' lang='lat' dir='ltr'><strong>Et</strong></span> <span class='ocrx_word' id='word_1_374' title='bbox 2050 4643 2091 4694; x_wconf 87' lang='lat' dir='ltr'><strong>si</strong></span> <span class='ocrx_word' id='word_1_375' title='bbox 2116 4643 2233 4711; x_wconf 84' lang='lat' dir='ltr'><strong>quis</strong></span> 
     </span>
    </p>
   </div>
   <div class='ocr_carea' id='block_1_48' title="bbox 655 4722 2234 4788">
    <p class='ocr_par' dir='ltr' id='par_1_48' title="bbox 655 4722 2234 4788">
     <span class='ocr_line' id='line_1_48' title="bbox 655 4722 2234 4788; baseline 0.004 -10"><span class='ocrx_word' id='word_1_376' title='bbox 655 4735 936 4778; x_wconf 84' lang='lat' dir='ltr'><strong>recensere</strong></span> <span class='ocrx_word' id='word_1_377' title='bbox 955 4722 1098 4788; x_wconf 85' lang='lat' dir='ltr'><strong>velit,</strong></span> <span class='ocrx_word' id='word_1_378' title='bbox 1129 4722 1360 4776; x_wconf 89' lang='lat' dir='ltr'><strong>inveniet</strong></span> <span class='ocrx_word' id='word_1_379' title='bbox 1385 4740 1569 4780; x_wconf 87' lang='lat' dir='ltr'><strong>omnes</strong></span> <span class='ocrx_word' id='word_1_380' title='bbox 1595 4726 1733 4780; x_wconf 88' lang='lat' dir='ltr'><strong>hunc</strong></span> <span class='ocrx_word' id='word_1_381' title='bbox 1755 4731 2234 4784; x_wconf 86' lang='lat' dir='ltr'><strong>eonuniserationis</strong></span> 
     </span>
    </p>
   </div>
   <div class='ocr_carea' id='block_1_49' title="bbox 655 4814 2233 4890">
    <p class='ocr_par' dir='ltr' id='par_1_49' title="bbox 655 4814 2233 4890">
     <span class='ocr_line' id='line_1_49' title="bbox 655 4814 2233 4890; baseline 0.004 -23"><span class='ocrx_word' id='word_1_382' title='bbox 655 4814 902 4868; x_wconf 73' lang='lat' dir='ltr'><strong>allectum</strong></span> <span class='ocrx_word' id='word_1_383' title='bbox 933 4829 1040 4882; x_wconf 76' lang='lat' dir='ltr'><strong>pra:</strong></span> <span class='ocrx_word' id='word_1_384' title='bbox 1069 4830 1126 4868; x_wconf 89' lang='lat' dir='ltr'><strong>se</strong></span> <span class='ocrx_word' id='word_1_385' title='bbox 1150 4814 1374 4877; x_wconf 80' lang='lat' dir='ltr'><strong>ferre,et</strong></span> <span class='ocrx_word' id='word_1_386' title='bbox 1393 4819 1573 4871; x_wconf 89' lang='lat' dir='ltr'><strong>audiet</strong></span> <span class='ocrx_word' id='word_1_387' title='bbox 1601 4819 1786 4872; x_wconf 87' lang='lat' dir='ltr'><strong>Isaiam</strong></span> <span class='ocrx_word' id='word_1_388' title='bbox 1810 4822 2022 4890; x_wconf 85' lang='lat' dir='ltr'><strong>quidem</strong></span> <span class='ocrx_word' id='word_1_389' title='bbox 2053 4824 2233 4876; x_wconf 86' lang='lat' dir='ltr'><strong>dicen-</strong></span> 
     </span>
    </p>
   </div>
   <div class='ocr_carea' id='block_1_50' title="bbox 655 4902 2230 4970">
    <p class='ocr_par' dir='ltr' id='par_1_50' title="bbox 655 4902 2230 4970">
     <span class='ocr_line' id='line_1_50' title="bbox 655 4902 2230 4970; baseline 0.006 -13"><span class='ocrx_word' id='word_1_390' title='bbox 655 4913 760 4957; x_wconf 86' lang='lat' dir='ltr'><strong>tem</strong></span> <span class='ocrx_word' id='word_1_391' title='bbox 792 4920 806 4955; x_wconf 87' lang='lat'><strong>:</strong></span> <span class='ocrx_word' id='word_1_392' title='bbox 843 4902 1014 4957; x_wconf 78' lang='lat' dir='ltr'><strong>Nolite</strong></span> <span class='ocrx_word' id='word_1_393' title='bbox 1043 4907 1360 4970; x_wconf 82' lang='lat' dir='ltr'><strong>contendere,</strong></span> <span class='ocrx_word' id='word_1_394' title='bbox 1390 4919 1440 4959; x_wconf 86' lang='lat' dir='ltr'><strong>ut</strong></span> <span class='ocrx_word' id='word_1_395' title='bbox 1482 4926 1558 4960; x_wconf 87' lang='lat' dir='ltr'><strong>nte</strong></span> <span class='ocrx_word' id='word_1_396' title='bbox 1598 4911 1926 4964; x_wconf 81' lang='lat' dir='ltr'><strong>consolcmini</strong></span> <span class='ocrx_word' id='word_1_397' title='bbox 1957 4913 2011 4964; x_wconf 87' lang='lat' dir='ltr'><strong>in</strong></span> <span class='ocrx_word' id='word_1_398' title='bbox 2040 4914 2230 4966; x_wconf 81' lang='lat' dir='ltr'><strong>contri-</strong></span> 
     </span>
    </p>
   </div>
   <div class='ocr_carea' id='block_1_51' title="bbox 653 4995 2230 5070">
    <p class='ocr_par' dir='ltr' id='par_1_51' title="bbox 653 4995 2230 5070">
     <span class='ocr_line' id='line_1_51' title="bbox 653 4995 2230 5070; baseline 0.008 -24"><span class='ocrx_word' id='word_1_399' title='bbox 653 4996 787 5048; x_wconf 81' lang='lat' dir='ltr'><strong>tione</strong></span> <span class='ocrx_word' id='word_1_400' title='bbox 812 4995 933 5062; x_wconf 76' lang='lat' dir='ltr'><strong>ﬁlia:</strong></span> <span class='ocrx_word' id='word_1_401' title='bbox 955 4998 1149 5066; x_wconf 76' lang='lat' dir='ltr'><strong>generis</strong></span> <span class='ocrx_word' id='word_1_402' title='bbox 1191 4999 1284 5050; x_wconf 84' lang='lat' dir='ltr'><strong>mei</strong></span> <span class='ocrx_word' id='word_1_403' title='bbox 1313 4999 1461 5069; x_wconf 87' lang='lat' dir='ltr'><strong>(lsai.</strong></span> <span class='ocrx_word' id='word_1_404' title='bbox 1491 5001 1582 5053; x_wconf 67' lang='lat'><strong>22.</strong></span> <span class='ocrx_word' id='word_1_405' title='bbox 1613 5000 1692 5070; x_wconf 78' lang='grc' dir='ltr'><strong>.ι);</strong></span> <span class='ocrx_word' id='word_1_406' title='bbox 1719 5002 2002 5057; x_wconf 73' lang='lat' dir='ltr'><strong>Jeremiatn</strong></span> <span class='ocrx_word' id='word_1_407' title='bbox 2030 5017 2230 5070; x_wconf 82' lang='lat' dir='ltr'><strong>autem,</strong></span> 
     </span>
    </p>
   </div>
   <div class='ocr_carea' id='block_1_52' title="bbox 655 5087 2229 5166">
    <p class='ocr_par' dir='ltr' id='par_1_52' title="bbox 655 5087 2229 5166">
     <span class='ocr_line' id='line_1_52' title="bbox 655 5087 2229 5166; baseline 0.01 -30"><span class='ocrx_word' id='word_1_408' title='bbox 655 5088 778 5152; x_wconf 73' lang='lat' dir='ltr'><strong>Quis</strong></span> <span class='ocrx_word' id='word_1_409' title='bbox 813 5087 948 5138; x_wconf 83' lang='lat' dir='ltr'><strong>dabit</strong></span> <span class='ocrx_word' id='word_1_410' title='bbox 973 5089 1128 5156; x_wconf 82' lang='lat' dir='ltr'><strong>capiti</strong></span> <span class='ocrx_word' id='word_1_411' title='bbox 1158 5106 1264 5142; x_wconf 82' lang='lat' dir='ltr'><strong>meo</strong></span> <span class='ocrx_word' id='word_1_412' title='bbox 1291 5107 1493 5161; x_wconf 84' lang='lat' dir='ltr'><strong>aquam,</strong></span> <span class='ocrx_word' id='word_1_413' title='bbox 1523 5104 1569 5144; x_wconf 82' lang='lat' dir='ltr'><strong>et</strong></span> <span class='ocrx_word' id='word_1_414' title='bbox 1597 5096 1753 5147; x_wconf 82' lang='lat' dir='ltr'><strong>oculis</strong></span> <span class='ocrx_word' id='word_1_415' title='bbox 1781 5098 1901 5149; x_wconf 84' lang='lat' dir='ltr'><strong>meis</strong></span> <span class='ocrx_word' id='word_1_416' title='bbox 1932 5102 2117 5166; x_wconf 80' lang='lat' dir='ltr'><strong>fontem</strong></span> <span class='ocrx_word' id='word_1_417' title='bbox 2152 5101 2229 5150; x_wconf 86' lang='lat' dir='ltr'><strong>la-</strong></span> 
     </span>
    </p>
   </div>
   <div class='ocr_carea' id='block_1_53' title="bbox 653 5179 2230 5257">
    <p class='ocr_par' dir='ltr' id='par_1_53' title="bbox 653 5179 2230 5257">
     <span class='ocr_line' id='line_1_53' title="bbox 653 5179 2230 5257; baseline 0.006 -25"><span class='ocrx_word' id='word_1_418' title='bbox 653 5195 940 5247; x_wconf 80' lang='lat' dir='ltr'><strong>crymamm</strong></span> <span class='ocrx_word' id='word_1_419' title='bbox 983 5179 1112 5250; x_wconf 62' lang='grc' dir='ltr'><strong>(λεν.</strong></span> <span class='ocrx_word' id='word_1_420' title='bbox 1143 5182 1320 5252; x_wconf 75' lang='lat'><strong>9.1)?</strong></span> <span class='ocrx_word' id='word_1_421' title='bbox 1367 5183 1697 5240; x_wconf 68' lang='lat' dir='ltr'><strong>lizecliielem</strong></span> <span class='ocrx_word' id='word_1_422' title='bbox 1741 5204 1887 5250; x_wconf 85' lang='lat' dir='ltr'><strong>vero,</strong></span> <span class='ocrx_word' id='word_1_423' title='bbox 1929 5189 2040 5243; x_wconf 72' lang='lat' dir='ltr'><strong>Heu</strong></span> <span class='ocrx_word' id='word_1_424' title='bbox 2085 5192 2230 5257; x_wconf 82' lang='lat' dir='ltr'><strong>milii,</strong></span> 
     </span>
    </p>
   </div>
   <div class='ocr_carea' id='block_1_54' title="bbox 719 5398 2238 5472">
    <p class='ocr_par' dir='ltr' id='par_1_54' title="bbox 719 5398 2238 5472">
     <span class='ocr_line' id='line_1_54' title="bbox 719 5398 2238 5472; baseline 0.011 -30"><span class='ocrx_word' id='word_1_425' title='bbox 719 5400 787 5455; x_wconf 65' lang='lat' dir='ltr'><strong>(ut</strong></span> <span class='ocrx_word' id='word_1_426' title='bbox 820 5398 871 5445; x_wconf 88' lang='lat' dir='ltr'><strong>In</strong></span> <span class='ocrx_word' id='word_1_427' title='bbox 899 5401 1397 5472; x_wconf 31' lang='lat' dir='ltr'><strong>grmco‘legitnr&#39;vox,</strong></span> <span class='ocrx_word' id='word_1_428' title='bbox 1418 5419 1634 5472; x_wconf 51' lang='lat' dir='ltr'><strong>quem,</strong></span> <span class='ocrx_word' id='word_1_429' title='bbox 1660 5422 1767 5470; x_wconf 61' lang='lat' dir='ltr'><strong>qua‘</strong></span> <span class='ocrx_word' id='word_1_430' title='bbox 1791 5412 2009 5472; x_wconf 85' lang='lat' dir='ltr'><strong>quidem,</strong></span> <span class='ocrx_word' id='word_1_431' title='bbox 2038 5416 2081 5461; x_wconf 86' lang='lat' dir='ltr'><strong>si</strong></span> <span class='ocrx_word' id='word_1_432' title='bbox 2103 5413 2159 5460; x_wconf 85' lang='lat' dir='ltr'><strong>ad</strong></span> <span class='ocrx_word' id='word_1_433' title='bbox 2180 5413 2238 5459; x_wconf 88' lang='lat' dir='ltr'><strong>li-</strong></span> 
     </span>
    </p>
   </div>
   <div class='ocr_carea' id='block_1_55' title="bbox 655 5461 2237 5528">
    <p class='ocr_par' dir='ltr' id='par_1_55' title="bbox 655 5461 2237 5528">
     <span class='ocr_line' id='line_1_55' title="bbox 655 5461 2237 5528; baseline 0.014 -26"><span class='ocrx_word' id='word_1_434' title='bbox 655 5466 809 5528; x_wconf 73' lang='lat' dir='ltr'><strong>terani</strong></span> <span class='ocrx_word' id='word_1_435' title='bbox 840 5461 1158 5528; x_wconf 66' lang='lat' dir='ltr'><strong>intelligatur,</strong></span> <span class='ocrx_word' id='word_1_436' title='bbox 1185 5463 1279 5512; x_wconf 75' lang='lat' dir='ltr'><strong>vini</strong></span> <span class='ocrx_word' id='word_1_437' title='bbox 1305 5468 1584 5525; x_wconf 61' lang='lat' dir='ltr'><strong>potationum</strong></span> <span class='ocrx_word' id='word_1_438' title='bbox 1617 5461 1869 5528; x_wconf 43' lang='lat' dir='ltr'><strong>signiﬁcat.</strong></span> <span class='ocrx_word' id='word_1_439' title='bbox 1907 5461 2009 5521; x_wconf 42' lang='lat' dir='ltr'><strong>Sed,</strong></span> <span class='ocrx_word' id='word_1_440' title='bbox 2032 5477 2106 5523; x_wconf 84' lang='lat' dir='ltr'><strong>hic</strong></span> <span class='ocrx_word' id='word_1_441' title='bbox 2142 5489 2237 5523; x_wconf 87' lang='lat' dir='ltr'><strong>non</strong></span> 
     </span>
    </p>
   </div>
   <div class='ocr_carea' id='block_1_56' title="bbox 659 5521 2236 5597">
    <p class='ocr_par' dir='ltr' id='par_1_56' title="bbox 659 5521 2236 5597">
     <span class='ocr_line' id='line_1_56' title="bbox 659 5521 2236 5597; baseline 0.013 -33"><span class='ocrx_word' id='word_1_442' title='bbox 659 5523 723 5586; x_wconf 70' lang='lat' dir='ltr'><strong>ait</strong></span> <span class='ocrx_word' id='word_1_443' title='bbox 754 5521 940 5567; x_wconf 58' lang='grc' dir='ltr'><strong>ιλιι-γελιν</strong></span> <span class='ocrx_word' id='word_1_444' title='bbox 996 5521 1118 5593; x_wconf 71' lang='lat' dir='ltr'><strong>hanc</strong></span> <span class='ocrx_word' id='word_1_445' title='bbox 1161 5521 1326 5594; x_wconf 72' lang='lat' dir='ltr'><strong>vocent</strong></span> <span class='ocrx_word' id='word_1_446' title='bbox 1367 5521 1690 5597; x_wconf 58' lang='lat' dir='ltr'><strong>arx-ipieudani</strong></span> <span class='ocrx_word' id='word_1_447' title='bbox 1725 5549 1836 5581; x_wconf 67' lang='lat' dir='ltr'><strong>esse</strong></span> <span class='ocrx_word' id='word_1_448' title='bbox 1872 5521 2236 5597; x_wconf 28' lang='lat' dir='ltr'><strong>testaturvqtioil</strong></span> 
     </span>
    </p>
   </div>
   <div class='ocr_carea' id='block_1_57' title="bbox 655 5587 2239 5652">
    <p class='ocr_par' dir='ltr' id='par_1_57' title="bbox 655 5587 2239 5652">
     <span class='ocr_line' id='line_1_57' title="bbox 655 5587 2239 5652; baseline 0.017 -31"><span class='ocrx_word' id='word_1_449' title='bbox 655 5591 813 5652; x_wconf 34' lang='lat' dir='ltr'><strong>req-ha</strong></span> <span class='ocrx_word' id='word_1_450' title='bbox 844 5591 939 5652; x_wconf 62' lang='lat' dir='ltr'><strong>me</strong></span> <span class='ocrx_word' id='word_1_451' title='bbox 963 5587 1057 5632; x_wconf 81' lang='lat' dir='ltr'><strong>riui</strong></span> <span class='ocrx_word' id='word_1_452' title='bbox 1076 5587 1358 5652; x_wconf 69' lang='lat' dir='ltr'><strong>putationem</strong></span> <span class='ocrx_word' id='word_1_453' title='bbox 1385 5587 1650 5638; x_wconf 75' lang='lat' dir='ltr'><strong>invenerit:</strong></span> <span class='ocrx_word' id='word_1_454' title='bbox 1673 5606 2011 5652; x_wconf 66' lang='lat' dir='ltr'><strong>llCl‘,olvomkv,</strong></span> <span class='ocrx_word' id='word_1_455' title='bbox 2025 5587 2239 5648; x_wconf 68' lang='lat' dir='ltr'><strong>ebrietas</strong></span> 
     </span>
    </p>
   </div>
   <div class='ocr_carea' id='block_1_58' title="bbox 656 5641 2237 5722">
    <p class='ocr_par' dir='ltr' id='par_1_58' title="bbox 656 5641 2237 5722">
     <span class='ocr_line' id='line_1_58' title="bbox 656 5641 2237 5722; baseline 0.016 -38"><span class='ocrx_word' id='word_1_456' title='bbox 656 5641 910 5722; x_wconf 48' lang='lat' dir='ltr'><strong>ll:‘|&#39;.&#39;lllgt.‘tt</strong></span> <span class='ocrx_word' id='word_1_457' title='bbox 933 5647 973 5691; x_wconf 83' lang='lat' dir='ltr'><strong>la</strong></span> <span class='ocrx_word' id='word_1_458' title='bbox 999 5641 1091 5701; x_wconf 76' lang='lat' dir='ltr'><strong>est,</strong></span> <span class='ocrx_word' id='word_1_459' title='bbox 1209 5655 1258 5694; x_wconf 84' lang='lat' dir='ltr'><strong>ut</strong></span> <span class='ocrx_word' id='word_1_460' title='bbox 1292 5661 1469 5722; x_wconf 65' lang='lat' dir='ltr'><strong>sensus</strong></span> <span class='ocrx_word' id='word_1_461' title='bbox 1499 5653 1587 5722; x_wconf 75' lang='lat' dir='ltr'><strong>sit,</strong></span> <span class='ocrx_word' id='word_1_462' title='bbox 1612 5641 1719 5722; x_wconf 45' lang='lat' dir='ltr'><strong>hoc</strong></span> <span class='ocrx_word' id='word_1_463' title='bbox 1753 5641 1860 5703; x_wconf 75' lang='lat' dir='ltr'><strong>non</strong></span> 
     </span>
    </p>
   </div>
   <div class='ocr_carea' id='block_1_59' title="bbox 655 5709 2235 5810">
    <p class='ocr_par' dir='ltr' id='par_1_59' title="bbox 655 5709 2235 5810">
     <span class='ocr_line' id='line_1_59' title="bbox 655 5709 2235 5810; baseline 0.018 -69"><span class='ocrx_word' id='word_1_464' title='bbox 655 5709 776 5810; x_wconf 58' lang='lat' dir='ltr'><strong>rl&#39;tlttt&#39;</strong></span> <span class='ocrx_word' id='word_1_465' title='bbox 812 5715 856 5745; x_wconf 74' lang='grc' dir='ltr'><strong>ιη</strong></span> <span class='ocrx_word' id='word_1_466' title='bbox 879 5718 1005 5810; x_wconf 49' lang='grc' dir='ltr'><strong>Γυναι-</strong></span> <span class='ocrx_word' id='word_1_467' title='bbox 1032 5713 1275 5758; x_wconf 84' lang='lat' dir='ltr'><strong>auctorem</strong></span> <span class='ocrx_word' id='word_1_468' title='bbox 1302 5713 1583 5768; x_wconf 57' lang='lat' dir='ltr'><strong>el-rivtatis,</strong></span> <span class='ocrx_word' id='word_1_469' title='bbox 1611 5715 1720 5764; x_wconf 84' lang='lat' dir='ltr'><strong>licet</strong></span> <span class='ocrx_word' id='word_1_470' title='bbox 1747 5720 1928 5779; x_wconf 73' lang='lat' dir='ltr'><strong>prunus</strong></span> <span class='ocrx_word' id='word_1_471' title='bbox 1952 5723 1996 5768; x_wconf 89' lang='lat' dir='ltr'><strong>in</strong></span> <span class='ocrx_word' id='word_1_472' title='bbox 2025 5709 2235 5772; x_wconf 69' lang='lat' dir='ltr'><strong>ebrieta-</strong></span> 
     </span>
     <span class='ocr_line' id='line_1_60' title="bbox 681 5778 1018 5810; baseline 0 0"><span class='ocrx_word' id='word_1_473' title='bbox 681 5780 757 5810; x_wconf 78' lang='lat' dir='ltr'><strong>(‘lll</strong></span> <span class='ocrx_word' id='word_1_474' title='bbox 781 5778 873 5810; x_wconf 68' lang='lat' dir='ltr'><strong>IIICI</strong></span> <span class='ocrx_word' id='word_1_475' title='bbox 910 5779 979 5810; x_wconf 66' lang='grc' dir='ltr'><strong>ει]</strong></span> <span class='ocrx_word' id='word_1_476' title='bbox 1007 5803 1018 5810; x_wconf 90' lang='grc'>.</span> 
     </span>
    </p>
   </div>
   <div class='ocr_carea' id='block_1_60' title="bbox 663 5771 1018 5814">
    <p class='ocr_par' dir='ltr' id='par_1_60' title="bbox 663 5771 1018 5814">
     <span class='ocr_line' id='line_1_61' title="bbox 663 5771 1018 5814; baseline 0.008 -3"><span class='ocrx_word' id='word_1_477' title='bbox 663 5771 757 5812; x_wconf 70' lang='grc' dir='ltr'>ιωιι</span> <span class='ocrx_word' id='word_1_478' title='bbox 781 5771 1018 5814; x_wconf 73' lang='lat' dir='ltr'><strong>tttcthrtl.</strong></span> 
     </span>
    </p>
   </div>
   <div class='ocr_carea' id='block_1_61' title="bbox 1399 413 2228 482">
    <p class='ocr_par' dir='ltr' id='par_1_61' title="bbox 1399 413 2228 473">
     <span class='ocr_line' id='line_1_62' title="bbox 1399 413 2228 473; baseline -0.002 -2"><span class='ocrx_word' id='word_1_479' title='bbox 1399 417 1456 471; x_wconf 84' lang='lat' dir='ltr'><strong>S.</strong></span> <span class='ocrx_word' id='word_1_480' title='bbox 1495 415 1773 471; x_wconf 67' lang='lat' dir='ltr'><strong>JUANNIS</strong></span> <span class='ocrx_word' id='word_1_481' title='bbox 1809 413 2228 473; x_wconf 67' lang='lat' dir='ltr'><strong>CIIRYSOSTOI</strong></span> 
     </span>
    </p>
   </div>
   <div class='ocr_carea' id='block_1_62' title="bbox 2337 413 3913 482">
    <p class='ocr_par' dir='ltr' id='par_1_62' title="bbox 2337 413 3913 482">
     <span class='ocr_line' id='line_1_63' title="bbox 2337 413 3913 482; baseline 0.007 -11"><span class='ocrx_word' id='word_1_482' title='bbox 2337 413 2642 471; x_wconf 67' lang='lat' dir='ltr'><strong>ARCIIIEP.</strong></span> <span class='ocrx_word' id='word_1_483' title='bbox 2684 413 3223 476; x_wconf 78' lang='lat' dir='ltr'><strong>CONSTANTINOP.</strong></span> <span class='ocrx_word' id='word_1_484' title='bbox 3828 429 3913 482; x_wconf 64' lang='grc' dir='ltr'><strong>ξω</strong></span> 
     </span>
    </p>
   </div>
   <div class='ocr_carea' id='block_1_63' title="bbox 2339 527 3918 604">
    <p class='ocr_par' dir='ltr' id='par_1_63' title="bbox 2339 527 3918 604">
     <span class='ocr_line' id='line_1_64' title="bbox 2339 527 3918 604; baseline 0.008 -23"><span class='ocrx_word' id='word_1_485' title='bbox 2339 527 2571 594; x_wconf 74' lang='lat' dir='ltr'><strong>Domine,</strong></span> <span class='ocrx_word' id='word_1_486' title='bbox 2606 529 2791 582; x_wconf 80' lang='lat' dir='ltr'><strong>delebis</strong></span> <span class='ocrx_word' id='word_1_487' title='bbox 2839 540 2891 582; x_wconf 76' lang='lat' dir='ltr'><strong>tu</strong></span> <span class='ocrx_word' id='word_1_488' title='bbox 2931 530 3170 600; x_wconf 74' lang='lat' dir='ltr'><strong>reliquias</strong></span> <span class='ocrx_word' id='word_1_489' title='bbox 3217 532 3382 588; x_wconf 78' lang='lat' dir='ltr'><strong>Israel</strong></span> <span class='ocrx_word' id='word_1_490' title='bbox 3409 535 3628 604; x_wconf 64' lang='lat' dir='ltr'><strong>(Eucti.</strong></span> <span class='ocrx_word' id='word_1_491' title='bbox 3660 538 3714 592; x_wconf 86' lang='lat'><strong>9.</strong></span> <span class='ocrx_word' id='word_1_492' title='bbox 3753 541 3848 601; x_wconf 77' lang='lat'><strong>8)?</strong></span> <span class='ocrx_word' id='word_1_493' title='bbox 3875 558 3918 594; x_wconf 77' lang='lat' dir='ltr'><strong>ct</strong></span> 
     </span>
    </p>
   </div>
   <div class='ocr_carea' id='block_1_64' title="bbox 2341 620 3920 700">
    <p class='ocr_par' dir='ltr' id='par_1_64' title="bbox 2341 620 3920 700">
     <span class='ocr_line' id='line_1_65' title="bbox 2341 620 3920 700; baseline 0.007 -25"><span class='ocrx_word' id='word_1_494' title='bbox 2341 620 2613 680; x_wconf 84' lang='lat' dir='ltr'><strong>Danielem</strong></span> <span class='ocrx_word' id='word_1_495' title='bbox 2641 621 3037 689; x_wconf 85' lang='lat' dir='ltr'><strong>lamentantem,</strong></span> <span class='ocrx_word' id='word_1_496' title='bbox 3061 636 3113 679; x_wconf 89' lang='lat' dir='ltr'><strong>et</strong></span> <span class='ocrx_word' id='word_1_497' title='bbox 3134 626 3432 682; x_wconf 85' lang='lat' dir='ltr'><strong>dicentem:</strong></span> <span class='ocrx_word' id='word_1_498' title='bbox 3465 627 3727 684; x_wconf 75' lang='lat' dir='ltr'><strong>Postculos</strong></span> <span class='ocrx_word' id='word_1_499' title='bbox 3751 650 3838 685; x_wconf 78' lang='lat' dir='ltr'><strong>nos</strong></span> <span class='ocrx_word' id='word_1_500' title='bbox 3857 639 3920 700; x_wconf 66' lang='grc' dir='ltr'><strong>[ε-</strong></span> 
     </span>
    </p>
   </div>
   <div class='ocr_carea' id='block_1_65' title="bbox 2343 713 3922 788">
    <p class='ocr_par' dir='ltr' id='par_1_65' title="bbox 2343 713 3922 788">
     <span class='ocr_line' id='line_1_66' title="bbox 2343 713 3922 788; baseline 0.007 -23"><span class='ocrx_word' id='word_1_501' title='bbox 2343 713 2453 766; x_wconf 81' lang='lat' dir='ltr'><strong>cisti</strong></span> <span class='ocrx_word' id='word_1_502' title='bbox 2499 715 2632 766; x_wconf 81' lang='lat' dir='ltr'><strong>ultra</strong></span> <span class='ocrx_word' id='word_1_503' title='bbox 2658 730 2828 768; x_wconf 86' lang='lat' dir='ltr'><strong>omnes</strong></span> <span class='ocrx_word' id='word_1_504' title='bbox 2854 725 3021 784; x_wconf 75' lang='lat' dir='ltr'><strong>gentes</strong></span> <span class='ocrx_word' id='word_1_505' title='bbox 3050 716 3211 787; x_wconf 87' lang='lat' dir='ltr'><strong>(Dan.</strong></span> <span class='ocrx_word' id='word_1_506' title='bbox 3241 720 3328 788; x_wconf 84' lang='lat'><strong>7):</strong></span> <span class='ocrx_word' id='word_1_507' title='bbox 3372 731 3428 774; x_wconf 88' lang='lat' dir='ltr'><strong>et</strong></span> <span class='ocrx_word' id='word_1_508' title='bbox 3459 723 3646 786; x_wconf 67' lang='lat' dir='ltr'><strong>Amos,</strong></span> <span class='ocrx_word' id='word_1_509' title='bbox 3679 722 3922 776; x_wconf 72' lang='lat' dir='ltr'><strong>Paenitent</strong></span> 
     </span>
    </p>
   </div>
   <div class='ocr_carea' id='block_1_66' title="bbox 2331 803 3923 880">
    <p class='ocr_par' dir='ltr' id='par_1_66' title="bbox 2331 803 3923 880">
     <span class='ocr_line' id='line_1_67' title="bbox 2331 803 3923 880; baseline 0.009 -26"><span class='ocrx_word' id='word_1_510' title='bbox 2331 811 2403 856; x_wconf 88' lang='lat' dir='ltr'><strong>et.</strong></span> <span class='ocrx_word' id='word_1_511' title='bbox 2432 803 2663 871; x_wconf 83' lang='lat' dir='ltr'><strong>Domine,</strong></span> <span class='ocrx_word' id='word_1_512' title='bbox 2687 821 2835 876; x_wconf 76' lang='lat' dir='ltr'><strong>super</strong></span> <span class='ocrx_word' id='word_1_513' title='bbox 2856 806 2949 859; x_wconf 82' lang='lat' dir='ltr'><strong>hoc</strong></span> <span class='ocrx_word' id='word_1_514' title='bbox 2974 808 3148 878; x_wconf 70' lang='lat' dir='ltr'><strong>(Amos</strong></span> <span class='ocrx_word' id='word_1_515' title='bbox 3175 811 3229 862; x_wconf 87' lang='lat'><strong>7.</strong></span> <span class='ocrx_word' id='word_1_516' title='bbox 3257 812 3342 877; x_wconf 75' lang='lat'><strong>5):</strong></span> <span class='ocrx_word' id='word_1_517' title='bbox 3377 822 3431 865; x_wconf 87' lang='lat' dir='ltr'><strong>et</strong></span> <span class='ocrx_word' id='word_1_518' title='bbox 3464 813 3731 877; x_wconf 70' lang='lat' dir='ltr'><strong>&quot;aliaeue,</strong></span> <span class='ocrx_word' id='word_1_519' title='bbox 3761 816 3923 880; x_wconf 71' lang='lat' dir='ltr'><strong>Quare</strong></span> 
     </span>
    </p>
   </div>
   <div class='ocr_carea' id='block_1_67' title="bbox 2340 897 3917 974">
    <p class='ocr_par' dir='ltr' id='par_1_67' title="bbox 2340 897 3917 974">
     <span class='ocr_line' id='line_1_68' title="bbox 2340 897 3917 974; baseline 0.01 -28"><span class='ocrx_word' id='word_1_520' title='bbox 2340 897 2600 950; x_wconf 80' lang='lat' dir='ltr'><strong>ostendisti</strong></span> <span class='ocrx_word' id='word_1_521' title='bbox 2647 897 2768 949; x_wconf 82' lang='lat' dir='ltr'><strong>nti/ii</strong></span> <span class='ocrx_word' id='word_1_522' title='bbox 2811 898 3002 952; x_wconf 85' lang='lat' dir='ltr'><strong>labores</strong></span> <span class='ocrx_word' id='word_1_523' title='bbox 3027 912 3073 952; x_wconf 86' lang='lat' dir='ltr'><strong>et</strong></span> <span class='ocrx_word' id='word_1_524' title='bbox 3116 902 3367 957; x_wconf 77' lang='lat' dir='ltr'><strong>molestias</strong></span> <span class='ocrx_word' id='word_1_525' title='bbox 3407 903 3631 966; x_wconf 82' lang='lat' dir='ltr'><strong>(llabac.</strong></span> <span class='ocrx_word' id='word_1_526' title='bbox 3671 908 3719 960; x_wconf 86' lang='grc' dir='ltr'><strong>ι.</strong></span> <span class='ocrx_word' id='word_1_527' title='bbox 3755 907 3839 974; x_wconf 69' lang='lat'><strong>5)?</strong></span> <span class='ocrx_word' id='word_1_528' title='bbox 3870 920 3917 962; x_wconf 81' lang='lat' dir='ltr'><strong>ct</strong></span> 
     </span>
    </p>
   </div>
   <div class='ocr_carea' id='block_1_68' title="bbox 2334 985 3922 1062">
    <p class='ocr_par' dir='ltr' id='par_1_68' title="bbox 2334 985 3922 1062">
     <span class='ocr_line' id='line_1_69' title="bbox 2334 985 3922 1062; baseline 0.008 -24"><span class='ocrx_word' id='word_1_529' title='bbox 2334 985 2560 1052; x_wconf 76' lang='lat' dir='ltr'><strong>iterum,</strong></span> <span class='ocrx_word' id='word_1_530' title='bbox 2597 985 2662 1039; x_wconf 80' lang='lat' dir='ltr'><strong>Et</strong></span> <span class='ocrx_word' id='word_1_531' title='bbox 2711 991 2934 1059; x_wconf 74' lang='lat' dir='ltr'><strong>{acturus</strong></span> <span class='ocrx_word' id='word_1_532' title='bbox 2983 1007 3035 1044; x_wconf 89' lang='lat' dir='ltr'><strong>es</strong></span> <span class='ocrx_word' id='word_1_533' title='bbox 3081 993 3305 1044; x_wconf 71' lang='lat' dir='ltr'><strong>homines</strong></span> <span class='ocrx_word' id='word_1_534' title='bbox 3352 996 3499 1062; x_wconf 83' lang='lat' dir='ltr'><strong>quasi</strong></span> <span class='ocrx_word' id='word_1_535' title='bbox 3551 997 3716 1061; x_wconf 82' lang='lat' dir='ltr'><strong>pisces</strong></span> <span class='ocrx_word' id='word_1_536' title='bbox 3773 1001 3922 1052; x_wconf 70' lang='lat' dir='ltr'><strong>maris</strong></span> 
     </span>
    </p>
   </div>
   <div class='ocr_carea' id='block_1_69' title="bbox 2335 1075 3918 1154">
    <p class='ocr_par' dir='ltr' id='par_1_69' title="bbox 2335 1075 3918 1154">
     <span class='ocr_line' id='line_1_70' title="bbox 2335 1075 3918 1154; baseline 0.008 -26"><span class='ocrx_word' id='word_1_537' title='bbox 2335 1075 2494 1147; x_wconf 83' lang='lat' dir='ltr'><strong>(lb;.l.</strong></span> <span class='ocrx_word' id='word_1_538' title='bbox 2525 1094 2574 1130; x_wconf 78' lang='grc' dir='ltr'><strong>ν.</strong></span> <span class='ocrx_word' id='word_1_539' title='bbox 2606 1076 2713 1147; x_wconf 70' lang='lat' dir='ltr'><strong>II):</strong></span> <span class='ocrx_word' id='word_1_540' title='bbox 2743 1087 2795 1132; x_wconf 86' lang='lat' dir='ltr'><strong>et</strong></span> <span class='ocrx_word' id='word_1_541' title='bbox 2828 1080 3036 1136; x_wconf 87' lang='lat' dir='ltr'><strong>beatum</strong></span> <span class='ocrx_word' id='word_1_542' title='bbox 3065 1080 3222 1134; x_wconf 90' lang='lat' dir='ltr'><strong>istum</strong></span> <span class='ocrx_word' id='word_1_543' title='bbox 3261 1085 3460 1139; x_wconf 66' lang='lat' dir='ltr'><strong>Mosam</strong></span> <span class='ocrx_word' id='word_1_544' title='bbox 3494 1100 3708 1154; x_wconf 87' lang='lat' dir='ltr'><strong>quoque</strong></span> <span class='ocrx_word' id='word_1_545' title='bbox 3737 1086 3918 1140; x_wconf 63' lang='lat' dir='ltr'><strong>dicem</strong></span> 
     </span>
    </p>
   </div>
   <div class='ocr_carea' id='block_1_70' title="bbox 2341 1170 3919 1244">
    <p class='ocr_par' dir='ltr' id='par_1_70' title="bbox 2341 1170 3919 1244">
     <span class='ocr_line' id='line_1_71' title="bbox 2341 1170 3919 1244; baseline 0.006 -22"><span class='ocrx_word' id='word_1_546' title='bbox 2341 1180 2445 1222; x_wconf 89' lang='lat' dir='ltr'><strong>tem</strong></span> <span class='ocrx_word' id='word_1_547' title='bbox 2477 1170 2654 1224; x_wconf 85' lang='lat' dir='ltr'><strong>audiet</strong></span> <span class='ocrx_word' id='word_1_548' title='bbox 2687 1187 2700 1223; x_wconf 90' lang='lat'><strong>:</strong></span> <span class='ocrx_word' id='word_1_549' title='bbox 2730 1171 2791 1228; x_wconf 85' lang='lat' dir='ltr'><strong>Si</strong></span> <span class='ocrx_word' id='word_1_550' title='bbox 2820 1172 3021 1238; x_wconf 79' lang='lat' dir='ltr'><strong>quidem</strong></span> <span class='ocrx_word' id='word_1_551' title='bbox 3047 1173 3254 1227; x_wconf 82' lang='lat' dir='ltr'><strong>dimittis</strong></span> <span class='ocrx_word' id='word_1_552' title='bbox 3281 1176 3350 1228; x_wconf 76' lang='lat' dir='ltr'><strong>ris</strong></span> <span class='ocrx_word' id='word_1_553' title='bbox 3375 1188 3651 1243; x_wconf 76' lang='lat' dir='ltr'><strong>peccatum,</strong></span> <span class='ocrx_word' id='word_1_554' title='bbox 3687 1181 3884 1232; x_wconf 81' lang='lat' dir='ltr'><strong>dimitte</strong></span> <span class='ocrx_word' id='word_1_555' title='bbox 3904 1225 3919 1244; x_wconf 91' lang='lat'><strong>,</strong></span> 
     </span>
    </p>
   </div>
   <div class='ocr_carea' id='block_1_71' title="bbox 2333 1261 3922 1336">
    <p class='ocr_par' dir='ltr' id='par_1_71' title="bbox 2333 1261 3922 1336">
     <span class='ocr_line' id='line_1_72' title="bbox 2333 1261 3922 1336; baseline 0.008 -23"><span class='ocrx_word' id='word_1_556' title='bbox 2333 1262 2409 1313; x_wconf 88' lang='lat' dir='ltr'><strong>sin</strong></span> <span class='ocrx_word' id='word_1_557' title='bbox 2432 1261 2614 1324; x_wconf 78' lang='lat' dir='ltr'><strong>mimis,</strong></span> <span class='ocrx_word' id='word_1_558' title='bbox 2649 1279 2726 1314; x_wconf 87' lang='lat' dir='ltr'><strong>me</strong></span> <span class='ocrx_word' id='word_1_559' title='bbox 2762 1279 2954 1332; x_wconf 79' lang='lat' dir='ltr'><strong>quoque</strong></span> <span class='ocrx_word' id='word_1_560' title='bbox 2983 1263 3092 1318; x_wconf 73' lang='lat' dir='ltr'><strong>deli.-</strong></span> <span class='ocrx_word' id='word_1_561' title='bbox 3123 1265 3314 1334; x_wconf 74' lang='lat' dir='ltr'><strong>(Exod.</strong></span> <span class='ocrx_word' id='word_1_562' title='bbox 3345 1269 3433 1322; x_wconf 72' lang='lat'><strong>52.</strong></span> <span class='ocrx_word' id='word_1_563' title='bbox 3466 1269 3578 1336; x_wconf 76' lang='lat'><strong>3‘2).</strong></span> <span class='ocrx_word' id='word_1_564' title='bbox 3614 1271 3677 1324; x_wconf 74' lang='lat' dir='ltr'><strong>Et</strong></span> <span class='ocrx_word' id='word_1_565' title='bbox 3710 1263 3922 1334; x_wconf 79' lang='lat' dir='ltr'><strong>iterum,</strong></span> 
     </span>
    </p>
   </div>
   <div class='ocr_carea' id='block_1_72' title="bbox 2329 1351 3921 1427">
    <p class='ocr_par' dir='ltr' id='par_1_72' title="bbox 2329 1351 3921 1427">
     <span class='ocr_line' id='line_1_73' title="bbox 2329 1351 3921 1427; baseline 0.008 -25"><span class='ocrx_word' id='word_1_566' title='bbox 2329 1365 2450 1403; x_wconf 87' lang='lat' dir='ltr'><strong>eum</strong></span> <span class='ocrx_word' id='word_1_567' title='bbox 2476 1351 2806 1418; x_wconf 86' lang='lat' dir='ltr'><strong>promisisset</strong></span> <span class='ocrx_word' id='word_1_568' title='bbox 2835 1351 2908 1406; x_wconf 92' lang='lat' dir='ltr'><strong>illi</strong></span> <span class='ocrx_word' id='word_1_569' title='bbox 2936 1353 3073 1406; x_wconf 79' lang='lat' dir='ltr'><strong>Deus</strong></span> <span class='ocrx_word' id='word_1_570' title='bbox 3101 1355 3316 1421; x_wconf 76' lang='lat' dir='ltr'><strong>majoris</strong></span> <span class='ocrx_word' id='word_1_571' title='bbox 3335 1359 3510 1426; x_wconf 84' lang='lat' dir='ltr'><strong>populi</strong></span> <span class='ocrx_word' id='word_1_572' title='bbox 3547 1360 3921 1427; x_wconf 59' lang='lat' dir='ltr'><strong>puniet-Iuram</strong></span> 
     </span>
    </p>
   </div>
   <div class='ocr_carea' id='block_1_73' title="bbox 2331 1442 3928 1512">
    <p class='ocr_par' dir='ltr' id='par_1_73' title="bbox 2331 1442 3928 1512">
     <span class='ocr_line' id='line_1_74' title="bbox 2331 1442 3928 1512; baseline 0.007 -20"><span class='ocrx_word' id='word_1_573' title='bbox 2331 1453 2389 1495; x_wconf 90' lang='lat' dir='ltr'><strong>se</strong></span> <span class='ocrx_word' id='word_1_574' title='bbox 2425 1442 2739 1495; x_wconf 86' lang='lat' dir='ltr'><strong>traditurum</strong></span> <span class='ocrx_word' id='word_1_575' title='bbox 2762 1482 2777 1506; x_wconf 86' lang='lat'><strong>,</strong></span> <span class='ocrx_word' id='word_1_576' title='bbox 2800 1451 2855 1496; x_wconf 89' lang='lat' dir='ltr'><strong>et</strong></span> <span class='ocrx_word' id='word_1_577' title='bbox 2895 1443 3115 1497; x_wconf 77' lang='lat' dir='ltr'><strong>dixiSSet</strong></span> <span class='ocrx_word' id='word_1_578' title='bbox 3138 1486 3151 1507; x_wconf 94' lang='lat'><strong>,</strong></span> <span class='ocrx_word' id='word_1_579' title='bbox 3182 1444 3390 1499; x_wconf 87' lang='lat' dir='ltr'><strong>Dimitte</strong></span> <span class='ocrx_word' id='word_1_580' title='bbox 3419 1466 3524 1512; x_wconf 87' lang='lat' dir='ltr'><strong>me,</strong></span> <span class='ocrx_word' id='word_1_581' title='bbox 3551 1461 3599 1501; x_wconf 87' lang='lat' dir='ltr'><strong>et</strong></span> <span class='ocrx_word' id='word_1_582' title='bbox 3629 1449 3805 1503; x_wconf 68' lang='lat' dir='ltr'><strong>dt-lebo</strong></span> <span class='ocrx_word' id='word_1_583' title='bbox 3838 1453 3928 1503; x_wconf 74' lang='lat' dir='ltr'><strong>lio-</strong></span> 
     </span>
    </p>
   </div>
   <div class='ocr_carea' id='block_1_74' title="bbox 2332 1533 3920 1608">
    <p class='ocr_par' dir='ltr' id='par_1_74' title="bbox 2332 1533 3920 1608">
     <span class='ocr_line' id='line_1_75' title="bbox 2332 1533 3920 1608; baseline 0.006 -26"><span class='ocrx_word' id='word_1_584' title='bbox 2332 1533 2488 1586; x_wconf 78' lang='lat' dir='ltr'><strong>mines</strong></span> <span class='ocrx_word' id='word_1_585' title='bbox 2519 1533 2656 1596; x_wconf 79' lang='lat' dir='ltr'><strong>istos,</strong></span> <span class='ocrx_word' id='word_1_586' title='bbox 2686 1544 2731 1586; x_wconf 80' lang='lat' dir='ltr'><strong>et</strong></span> <span class='ocrx_word' id='word_1_587' title='bbox 2758 1535 2942 1603; x_wconf 76' lang='lat' dir='ltr'><strong>faciam</strong></span> <span class='ocrx_word' id='word_1_588' title='bbox 2972 1536 3090 1587; x_wconf 79' lang='lat' dir='ltr'><strong>tein</strong></span> <span class='ocrx_word' id='word_1_589' title='bbox 3117 1547 3314 1605; x_wconf 74' lang='lat' dir='ltr'><strong>gentem</strong></span> <span class='ocrx_word' id='word_1_590' title='bbox 3346 1553 3577 1608; x_wconf 75' lang='lat' dir='ltr'><strong>inriguam</strong></span> <span class='ocrx_word' id='word_1_591' title='bbox 3607 1542 3805 1606; x_wconf 70' lang='lat' dir='ltr'><strong>(Exod.</strong></span> <span class='ocrx_word' id='word_1_592' title='bbox 3830 1542 3920 1594; x_wconf 61' lang='grc' dir='ltr'>δί.</span> 
     </span>
    </p>
   </div>
   <div class='ocr_carea' id='block_1_75' title="bbox 2334 1622 3923 1696">
    <p class='ocr_par' dir='ltr' id='par_1_75' title="bbox 2334 1622 3923 1696">
     <span class='ocr_line' id='line_1_76' title="bbox 2334 1622 3923 1696; baseline 0.006 -20"><span class='ocrx_word' id='word_1_593' title='bbox 2334 1622 2420 1689; x_wconf 84' lang='lat' dir='ltr'><strong>I0)</strong></span> <span class='ocrx_word' id='word_1_594' title='bbox 2462 1641 2475 1674; x_wconf 92' lang='lat'><strong><em>:</em></strong></span> <span class='ocrx_word' id='word_1_595' title='bbox 2527 1638 2696 1691; x_wconf 87' lang='lat' dir='ltr'><strong>neque</strong></span> <span class='ocrx_word' id='word_1_596' title='bbox 2750 1624 2850 1676; x_wconf 89' lang='lat' dir='ltr'><strong>hoc</strong></span> <span class='ocrx_word' id='word_1_597' title='bbox 2896 1623 3086 1688; x_wconf 89' lang='lat' dir='ltr'><strong>voluit,</strong></span> <span class='ocrx_word' id='word_1_598' title='bbox 3135 1627 3228 1678; x_wconf 85' lang='lat' dir='ltr'><strong>sed</strong></span> <span class='ocrx_word' id='word_1_599' title='bbox 3272 1642 3501 1696; x_wconf 71' lang='lat' dir='ltr'><strong>prmesse</strong></span> <span class='ocrx_word' id='word_1_600' title='bbox 3550 1631 3666 1684; x_wconf 81' lang='lat' dir='ltr'><strong>istis</strong></span> <span class='ocrx_word' id='word_1_601' title='bbox 3716 1634 3923 1686; x_wconf 87' lang='lat' dir='ltr'><strong>maluit.</strong></span> 
     </span>
    </p>
   </div>
   <div class='ocr_carea' id='block_1_76' title="bbox 2335 1713 3927 1793">
    <p class='ocr_par' dir='ltr' id='par_1_76' title="bbox 2335 1713 3927 1793">
     <span class='ocr_line' id='line_1_77' title="bbox 2335 1713 3927 1793; baseline 0.006 -26"><span class='ocrx_word' id='word_1_602' title='bbox 2335 1713 2463 1768; x_wconf 87' lang='lat' dir='ltr'><strong>Item</strong></span> <span class='ocrx_word' id='word_1_603' title='bbox 2492 1715 2636 1769; x_wconf 88' lang='lat' dir='ltr'><strong>orbis</strong></span> <span class='ocrx_word' id='word_1_604' title='bbox 2679 1715 2866 1770; x_wconf 89' lang='lat' dir='ltr'><strong>doctor</strong></span> <span class='ocrx_word' id='word_1_605' title='bbox 2904 1717 3086 1771; x_wconf 87' lang='lat' dir='ltr'><strong>beatus</strong></span> <span class='ocrx_word' id='word_1_606' title='bbox 3121 1719 3311 1774; x_wconf 84' lang='lat' dir='ltr'><strong>Paulus</strong></span> <span class='ocrx_word' id='word_1_607' title='bbox 3346 1738 3356 1773; x_wconf 92' lang='lat'><strong>:</strong></span> <span class='ocrx_word' id='word_1_608' title='bbox 3395 1722 3644 1790; x_wconf 83' lang='lat' dir='ltr'><strong>Optabam</strong></span> <span class='ocrx_word' id='word_1_609' title='bbox 3686 1726 3796 1789; x_wconf 77' lang='lat' dir='ltr'><strong>ipse</strong></span> <span class='ocrx_word' id='word_1_610' title='bbox 3836 1742 3927 1793; x_wconf 63' lang='lat' dir='ltr'><strong>ego</strong></span> 
     </span>
    </p>
   </div>
   <div class='ocr_carea' id='block_1_77' title="bbox 2329 1805 3929 1883">
    <p class='ocr_par' dir='ltr' id='par_1_77' title="bbox 2329 1805 3929 1883">
     <span class='ocr_line' id='line_1_78' title="bbox 2329 1805 3929 1883; baseline 0.007 -27"><span class='ocrx_word' id='word_1_611' title='bbox 2329 1805 2598 1857; x_wconf 81' lang='lat' dir='ltr'><strong>anathema</strong></span> <span class='ocrx_word' id='word_1_612' title='bbox 2641 1822 2746 1859; x_wconf 83' lang='lat' dir='ltr'><strong>esse</strong></span> <span class='ocrx_word' id='word_1_613' title='bbox 2787 1824 2818 1858; x_wconf 87' lang='lat' dir='ltr'><strong>a</strong></span> <span class='ocrx_word' id='word_1_614' title='bbox 2864 1805 3064 1862; x_wconf 84' lang='lat' dir='ltr'><strong>Christo</strong></span> <span class='ocrx_word' id='word_1_615' title='bbox 3113 1827 3205 1877; x_wconf 84' lang='lat' dir='ltr'><strong>pro</strong></span> <span class='ocrx_word' id='word_1_616' title='bbox 3254 1813 3492 1879; x_wconf 80' lang='lat' dir='ltr'><strong>fratribus</strong></span> <span class='ocrx_word' id='word_1_617' title='bbox 3521 1816 3664 1877; x_wconf 81' lang='lat' dir='ltr'><strong>meis,</strong></span> <span class='ocrx_word' id='word_1_618' title='bbox 3693 1819 3929 1883; x_wconf 73' lang='lat' dir='ltr'><strong>cognatis</strong></span> 
     </span>
    </p>
   </div>
   <div class='ocr_carea' id='block_1_78' title="bbox 2331 1897 3366 1970">
    <p class='ocr_par' dir='ltr' id='par_1_78' title="bbox 2331 1897 3366 1970">
     <span class='ocr_line' id='line_1_79' title="bbox 2331 1897 3366 1970; baseline 0.01 -25"><span class='ocrx_word' id='word_1_619' title='bbox 2331 1897 2451 1949; x_wconf 74' lang='lat' dir='ltr'><strong>meis</strong></span> <span class='ocrx_word' id='word_1_620' title='bbox 2474 1898 2747 1949; x_wconf 74' lang='lat' dir='ltr'><strong>secundum</strong></span> <span class='ocrx_word' id='word_1_621' title='bbox 2774 1913 2973 1950; x_wconf 83' lang='lat' dir='ltr'><strong>carnem</strong></span> <span class='ocrx_word' id='word_1_622' title='bbox 3001 1899 3177 1968; x_wconf 79' lang='lat' dir='ltr'><strong>(Rom.</strong></span> <span class='ocrx_word' id='word_1_623' title='bbox 3210 1901 3241 1954; x_wconf 86' lang='lat'><strong>9</strong></span> <span class='ocrx_word' id='word_1_624' title='bbox 3290 1901 3366 1970; x_wconf 78' lang='grc'><strong>5).</strong></span> 
     </span>
    </p>
   </div>
   <div class='ocr_carea' id='block_1_79' title="bbox 2404 1987 3930 2062">
    <p class='ocr_par' dir='ltr' id='par_1_79' title="bbox 2404 1987 3930 2062">
     <span class='ocr_line' id='line_1_80' title="bbox 2404 1987 3930 2062; baseline 0.005 -20"><span class='ocrx_word' id='word_1_625' title='bbox 2404 1989 2439 2042; x_wconf 75' lang='lat'><strong>3</strong></span> <span class='ocrx_word' id='word_1_626' title='bbox 2494 1987 2710 2041; x_wconf 70' lang='lat' dir='ltr'><strong>Vidistis</strong></span> <span class='ocrx_word' id='word_1_627' title='bbox 2727 1989 2994 2058; x_wconf 86' lang='lat' dir='ltr'><strong>quomodo</strong></span> <span class='ocrx_word' id='word_1_628' title='bbox 3014 1991 3139 2057; x_wconf 86' lang='lat' dir='ltr'><strong>justi</strong></span> <span class='ocrx_word' id='word_1_629' title='bbox 3160 2006 3348 2045; x_wconf 85' lang='lat' dir='ltr'><strong>omnes</strong></span> <span class='ocrx_word' id='word_1_630' title='bbox 3370 2008 3610 2062; x_wconf 79' lang='lat' dir='ltr'><strong>magnam</strong></span> <span class='ocrx_word' id='word_1_631' title='bbox 3637 1997 3930 2050; x_wconf 68' lang='lat' dir='ltr'><strong>continuisc-</strong></span> 
     </span>
    </p>
   </div>
   <div class='ocr_carea' id='block_1_80' title="bbox 2331 2080 3930 2151">
    <p class='ocr_par' dir='ltr' id='par_1_80' title="bbox 2331 2080 3930 2151">
     <span class='ocr_line' id='line_1_81' title="bbox 2331 2080 3930 2151; baseline 0.006 -19"><span class='ocrx_word' id='word_1_632' title='bbox 2331 2080 2590 2134; x_wconf 85' lang='lat' dir='ltr'><strong>rationem</strong></span> <span class='ocrx_word' id='word_1_633' title='bbox 2619 2096 2742 2150; x_wconf 79' lang='lat' dir='ltr'><strong>erga</strong></span> <span class='ocrx_word' id='word_1_634' title='bbox 2770 2082 3047 2151; x_wconf 79' lang='lat' dir='ltr'><strong>proximos</strong></span> <span class='ocrx_word' id='word_1_635' title='bbox 3078 2098 3184 2150; x_wconf 71' lang='lat' dir='ltr'><strong>pne</strong></span> <span class='ocrx_word' id='word_1_636' title='bbox 3207 2098 3266 2137; x_wconf 86' lang='lat' dir='ltr'><strong>se</strong></span> <span class='ocrx_word' id='word_1_637' title='bbox 3292 2085 3548 2139; x_wconf 74' lang='lat' dir='ltr'><strong>let-ebant.</strong></span> <span class='ocrx_word' id='word_1_638' title='bbox 3577 2085 3930 2142; x_wconf 67' lang='grc' dir='ltr'><strong>Ουιιδιιιιγιιιε</strong></span> 
     </span>
    </p>
   </div>
   <div class='ocr_carea' id='block_1_81' title="bbox 2333 2171 3929 2248">
    <p class='ocr_par' dir='ltr' id='par_1_81' title="bbox 2333 2171 3929 2248">
     <span class='ocr_line' id='line_1_82' title="bbox 2333 2171 3929 2248; baseline 0.004 -24"><span class='ocrx_word' id='word_1_639' title='bbox 2333 2187 2471 2225; x_wconf 92' lang='lat' dir='ltr'><strong>nunc</strong></span> <span class='ocrx_word' id='word_1_640' title='bbox 2522 2171 2787 2238; x_wconf 87' lang='lat' dir='ltr'><strong>quomodo</strong></span> <span class='ocrx_word' id='word_1_641' title='bbox 2833 2182 2887 2227; x_wconf 89' lang='lat' dir='ltr'><strong>ct</strong></span> <span class='ocrx_word' id='word_1_642' title='bbox 2922 2172 3096 2241; x_wconf 80' lang='lat' dir='ltr'><strong>justus</strong></span> <span class='ocrx_word' id='word_1_643' title='bbox 3128 2174 3214 2227; x_wconf 91' lang='lat' dir='ltr'><strong>ille</strong></span> <span class='ocrx_word' id='word_1_644' title='bbox 3245 2191 3302 2228; x_wconf 91' lang='lat' dir='ltr'><strong>se</strong></span> <span class='ocrx_word' id='word_1_645' title='bbox 3337 2177 3576 2229; x_wconf 73' lang='lat' dir='ltr'><strong>habuerit</strong></span> <span class='ocrx_word' id='word_1_646' title='bbox 3603 2217 3619 2241; x_wconf 86' lang='lat'><strong>,</strong></span> <span class='ocrx_word' id='word_1_647' title='bbox 3649 2181 3929 2248; x_wconf 64' lang='lat' dir='ltr'><strong>quantuva</strong></span> 
     </span>
    </p>
   </div>
   <div class='ocr_carea' id='block_1_82' title="bbox 2331 2262 3928 2338">
    <p class='ocr_par' dir='ltr' id='par_1_82' title="bbox 2331 2262 3928 2338">
     <span class='ocr_line' id='line_1_83' title="bbox 2331 2262 3928 2338; baseline 0.007 -26"><span class='ocrx_word' id='word_1_648' title='bbox 2331 2262 2618 2317; x_wconf 85' lang='lat' dir='ltr'><strong>verisimile</strong></span> <span class='ocrx_word' id='word_1_649' title='bbox 2660 2271 2743 2318; x_wconf 87' lang='lat' dir='ltr'><strong>est</strong></span> <span class='ocrx_word' id='word_1_650' title='bbox 2779 2278 2901 2318; x_wconf 89' lang='lat' dir='ltr'><strong>eum</strong></span> <span class='ocrx_word' id='word_1_651' title='bbox 2942 2263 3104 2319; x_wconf 78' lang='lat' dir='ltr'><strong>fuisse</strong></span> <span class='ocrx_word' id='word_1_652' title='bbox 3154 2265 3440 2329; x_wconf 72' lang='lat' dir='ltr'><strong>allectum;</strong></span> <span class='ocrx_word' id='word_1_653' title='bbox 3486 2278 3539 2321; x_wconf 88' lang='lat' dir='ltr'><strong>et</strong></span> <span class='ocrx_word' id='word_1_654' title='bbox 3579 2271 3856 2338; x_wconf 83' lang='lat' dir='ltr'><strong>quomodo</strong></span> <span class='ocrx_word' id='word_1_655' title='bbox 3902 2288 3928 2323; x_wconf 87' lang='lat' dir='ltr'><strong>a</strong></span> 
     </span>
    </p>
   </div>
   <div class='ocr_carea' id='block_1_83' title="bbox 2331 2354 3926 2425">
    <p class='ocr_par' dir='ltr' id='par_1_83' title="bbox 2331 2354 3926 2425">
     <span class='ocr_line' id='line_1_84' title="bbox 2331 2354 3926 2425; baseline 0.005 -19"><span class='ocrx_word' id='word_1_656' title='bbox 2331 2354 2536 2408; x_wconf 87' lang='lat' dir='ltr'><strong>tristitia</strong></span> <span class='ocrx_word' id='word_1_657' title='bbox 2573 2355 2992 2425; x_wconf 88' lang='lat' dir='ltr'><strong>deprimeretur,</strong></span> <span class='ocrx_word' id='word_1_658' title='bbox 3029 2372 3150 2411; x_wconf 83' lang='lat' dir='ltr'><strong>cum</strong></span> <span class='ocrx_word' id='word_1_659' title='bbox 3197 2360 3398 2414; x_wconf 88' lang='lat' dir='ltr'><strong>videret</strong></span> <span class='ocrx_word' id='word_1_660' title='bbox 3443 2370 3545 2412; x_wconf 84' lang='lat' dir='ltr'><strong>tam</strong></span> <span class='ocrx_word' id='word_1_661' title='bbox 3605 2365 3926 2416; x_wconf 76' lang='lat' dir='ltr'><strong>intinctime</strong></span> 
     </span>
    </p>
   </div>
   <div class='ocr_carea' id='block_1_84' title="bbox 2331 2445 3928 2516">
    <p class='ocr_par' dir='ltr' id='par_1_84' title="bbox 2331 2445 3928 2516">
     <span class='ocr_line' id='line_1_85' title="bbox 2331 2445 3928 2516; baseline 0.004 -18"><span class='ocrx_word' id='word_1_662' title='bbox 2331 2445 2688 2510; x_wconf 83' lang='lat' dir='ltr'><strong>solitudinem,</strong></span> <span class='ocrx_word' id='word_1_663' title='bbox 2737 2455 2791 2499; x_wconf 90' lang='lat' dir='ltr'><strong>et</strong></span> <span class='ocrx_word' id='word_1_664' title='bbox 2831 2455 3024 2500; x_wconf 88' lang='lat' dir='ltr'><strong>terram</strong></span> <span class='ocrx_word' id='word_1_665' title='bbox 3057 2448 3221 2508; x_wconf 86' lang='lat' dir='ltr'><strong>illam,</strong></span> <span class='ocrx_word' id='word_1_666' title='bbox 3259 2465 3376 2516; x_wconf 67' lang='lat' dir='ltr'><strong>qua:</strong></span> <span class='ocrx_word' id='word_1_667' title='bbox 3415 2459 3566 2503; x_wconf 89' lang='lat' dir='ltr'><strong>antea</strong></span> <span class='ocrx_word' id='word_1_668' title='bbox 3609 2463 3716 2504; x_wconf 87' lang='lat' dir='ltr'><strong>tam</strong></span> <span class='ocrx_word' id='word_1_669' title='bbox 3763 2454 3928 2504; x_wconf 75' lang='lat' dir='ltr'><strong>van&#39;is</strong></span> 
     </span>
    </p>
   </div>
   <div class='ocr_carea' id='block_1_85' title="bbox 2331 2534 3928 2610">
    <p class='ocr_par' dir='ltr' id='par_1_85' title="bbox 2331 2534 3928 2610">
     <span class='ocr_line' id='line_1_86' title="bbox 2331 2534 3928 2610; baseline 0.003 -21"><span class='ocrx_word' id='word_1_670' title='bbox 2331 2534 2624 2589; x_wconf 83' lang='lat' dir='ltr'><strong>luxuriabat</strong></span> <span class='ocrx_word' id='word_1_671' title='bbox 2648 2535 2860 2604; x_wconf 88' lang='lat' dir='ltr'><strong>plantis,</strong></span> <span class='ocrx_word' id='word_1_672' title='bbox 2875 2546 2929 2590; x_wconf 89' lang='lat' dir='ltr'><strong>et</strong></span> <span class='ocrx_word' id='word_1_673' title='bbox 2945 2537 3164 2591; x_wconf 82' lang='lat' dir='ltr'><strong>ﬂoribus</strong></span> <span class='ocrx_word' id='word_1_674' title='bbox 3184 2539 3492 2605; x_wconf 80' lang='lat' dir='ltr'><strong>ornabatur,</strong></span> <span class='ocrx_word' id='word_1_675' title='bbox 3523 2552 3745 2609; x_wconf 86' lang='lat' dir='ltr'><strong>repente</strong></span> <span class='ocrx_word' id='word_1_676' title='bbox 3771 2545 3928 2610; x_wconf 83' lang='lat' dir='ltr'><strong>quasi</strong></span> 
     </span>
    </p>
   </div>
   <div class='ocr_carea' id='block_1_86' title="bbox 2330 2626 3930 2702">
    <p class='ocr_par' dir='ltr' id='par_1_86' title="bbox 2330 2626 3930 2702">
     <span class='ocr_line' id='line_1_87' title="bbox 2330 2626 3930 2702; baseline 0.006 -26"><span class='ocrx_word' id='word_1_677' title='bbox 2330 2626 2607 2694; x_wconf 79' lang='lat' dir='ltr'><strong>spoliatam</strong></span> <span class='ocrx_word' id='word_1_678' title='bbox 2654 2628 2820 2680; x_wconf 86' lang='lat' dir='ltr'><strong>comis</strong></span> <span class='ocrx_word' id='word_1_679' title='bbox 2855 2637 2906 2681; x_wconf 90' lang='lat' dir='ltr'><strong>et</strong></span> <span class='ocrx_word' id='word_1_680' title='bbox 2945 2628 3135 2680; x_wconf 87' lang='lat' dir='ltr'><strong>nudam</strong></span> <span class='ocrx_word' id='word_1_681' title='bbox 3169 2638 3224 2682; x_wconf 88' lang='lat' dir='ltr'><strong>et</strong></span> <span class='ocrx_word' id='word_1_682' title='bbox 3265 2629 3577 2685; x_wconf 82' lang='lat' dir='ltr'><strong>solitariam.</strong></span> <span class='ocrx_word' id='word_1_683' title='bbox 3623 2631 3762 2686; x_wconf 88' lang='lat' dir='ltr'><strong>Cum</strong></span> <span class='ocrx_word' id='word_1_684' title='bbox 3798 2647 3930 2702; x_wconf 77' lang='lat' dir='ltr'><strong>ergo</strong></span> 
     </span>
    </p>
   </div>
   <div class='ocr_carea' id='block_1_87' title="bbox 2334 2719 3930 2792">
    <p class='ocr_par' dir='ltr' id='par_1_87' title="bbox 2334 2719 3930 2792">
     <span class='ocr_line' id='line_1_88' title="bbox 2334 2719 3930 2792; baseline 0.004 -21"><span class='ocrx_word' id='word_1_685' title='bbox 2334 2727 2440 2771; x_wconf 87' lang='lat' dir='ltr'><strong>tam</strong></span> <span class='ocrx_word' id='word_1_686' title='bbox 2472 2719 2766 2772; x_wconf 87' lang='lat' dir='ltr'><strong>invaluerat</strong></span> <span class='ocrx_word' id='word_1_687' title='bbox 2795 2733 3017 2785; x_wconf 66' lang='lat' dir='ltr'><strong>maror,</strong></span> <span class='ocrx_word' id='word_1_688' title='bbox 3048 2735 3260 2790; x_wconf 81' lang='lat' dir='ltr'><strong>parvam</strong></span> <span class='ocrx_word' id='word_1_689' title='bbox 3290 2725 3573 2792; x_wconf 77' lang='lat' dir='ltr'><strong>quamdam</strong></span> <span class='ocrx_word' id='word_1_690' title='bbox 3602 2725 3701 2779; x_wconf 87' lang='lat' dir='ltr'><strong>sibi</strong></span> <span class='ocrx_word' id='word_1_691' title='bbox 3733 2741 3930 2780; x_wconf 82' lang='lat' dir='ltr'><strong>conso-</strong></span> 
     </span>
    </p>
   </div>
   <div class='ocr_carea' id='block_1_88' title="bbox 2333 2807 3930 2879">
    <p class='ocr_par' dir='ltr' id='par_1_88' title="bbox 2333 2807 3930 2879">
     <span class='ocr_line' id='line_1_89' title="bbox 2333 2807 3930 2879; baseline 0.006 -19"><span class='ocrx_word' id='word_1_692' title='bbox 2333 2807 2582 2863; x_wconf 75' lang='lat' dir='ltr'><strong>lationem</strong></span> <span class='ocrx_word' id='word_1_693' title='bbox 2611 2810 2916 2879; x_wconf 73' lang='lat' dir='ltr'><strong>exeogitans</strong></span> <span class='ocrx_word' id='word_1_694' title='bbox 2935 2852 2950 2877; x_wconf 92' lang='lat'><strong>,</strong></span> <span class='ocrx_word' id='word_1_695' title='bbox 2983 2822 3137 2866; x_wconf 66' lang='lat' dir='ltr'><strong>terrm</strong></span> <span class='ocrx_word' id='word_1_696' title='bbox 3164 2811 3407 2867; x_wconf 69' lang='lat' dir='ltr'><strong>colenda:</strong></span> <span class='ocrx_word' id='word_1_697' title='bbox 3445 2829 3563 2868; x_wconf 85' lang='lat' dir='ltr'><strong>sese</strong></span> <span class='ocrx_word' id='word_1_698' title='bbox 3591 2813 3797 2871; x_wconf 78' lang='lat' dir='ltr'><strong>dedidit</strong></span> <span class='ocrx_word' id='word_1_699' title='bbox 3829 2831 3845 2869; x_wconf 89' lang='lat'><strong>:</strong></span> <span class='ocrx_word' id='word_1_700' title='bbox 3877 2827 3930 2870; x_wconf 77' lang='lat' dir='ltr'><strong>et</strong></span> 
     </span>
    </p>
   </div>
   <div class='ocr_carea' id='block_1_89' title="bbox 2331 2897 3926 2974">
    <p class='ocr_par' dir='ltr' id='par_1_89' title="bbox 2331 2897 3926 2974">
     <span class='ocr_line' id='line_1_90' title="bbox 2331 2897 3926 2974; baseline 0.004 -23"><span class='ocrx_word' id='word_1_701' title='bbox 2331 2897 2528 2952; x_wconf 89' lang='lat' dir='ltr'><strong>idcirco</strong></span> <span class='ocrx_word' id='word_1_702' title='bbox 2555 2899 2649 2961; x_wconf 89' lang='lat' dir='ltr'><strong>ait,</strong></span> <span class='ocrx_word' id='word_1_703' title='bbox 2683 2897 2747 2953; x_wconf 83' lang='lat' dir='ltr'><strong>Et</strong></span> <span class='ocrx_word' id='word_1_704' title='bbox 2775 2901 2923 2970; x_wconf 76' lang='grc' dir='ltr'><strong>τωρίι</strong></span> <span class='ocrx_word' id='word_1_705' title='bbox 2955 2899 3068 2956; x_wconf 79' lang='lat' dir='ltr'><strong>Nos</strong></span> <span class='ocrx_word' id='word_1_706' title='bbox 3087 2904 3237 2956; x_wconf 66' lang='grc' dir='ltr'><strong><em>θεουιο</em></strong></span> <span class='ocrx_word' id='word_1_707' title='bbox 3260 2903 3484 2972; x_wconf 80' lang='lat' dir='ltr'><strong>agricola</strong></span> <span class='ocrx_word' id='word_1_708' title='bbox 3509 2914 3675 2970; x_wconf 67' lang='lat' dir='ltr'><strong>terra,</strong></span> <span class='ocrx_word' id='word_1_709' title='bbox 3705 2917 3753 2959; x_wconf 87' lang='lat' dir='ltr'><strong>et</strong></span> <span class='ocrx_word' id='word_1_710' title='bbox 3782 2909 3926 2974; x_wconf 73' lang='lat' dir='ltr'><strong>plau-</strong></span> 
     </span>
    </p>
   </div>
   <div class='ocr_carea' id='block_1_90' title="bbox 2334 2991 2692 3043">
    <p class='ocr_par' dir='ltr' id='par_1_90' title="bbox 2334 2991 2692 3043">
     <span class='ocr_line' id='line_1_91' title="bbox 2334 2991 2692 3043; baseline 0.006 -3"><span class='ocrx_word' id='word_1_711' title='bbox 2334 2991 2453 3041; x_wconf 76' lang='lat' dir='ltr'><strong>tovit</strong></span> <span class='ocrx_word' id='word_1_712' title='bbox 2480 2991 2692 3043; x_wconf 78' lang='lat' dir='ltr'><strong>vineam.</strong></span> 
     </span>
    </p>
   </div>
   <div class='ocr_carea' id='block_1_91' title="bbox 2405 3079 3921 3156">
    <p class='ocr_par' dir='ltr' id='par_1_91' title="bbox 2405 3079 3921 3156">
     <span class='ocr_line' id='line_1_92' title="bbox 2405 3079 3921 3156; baseline 0.005 -23"><span class='ocrx_word' id='word_1_713' title='bbox 2405 3079 2544 3133; x_wconf 74' lang='lat' dir='ltr'><strong>Nam</strong></span> <span class='ocrx_word' id='word_1_714' title='bbox 2579 3081 2817 3134; x_wconf 70' lang='lat' dir='ltr'><strong>invaserit</strong></span> <span class='ocrx_word' id='word_1_715' title='bbox 2866 3081 3011 3136; x_wconf 77' lang='lat' dir='ltr'><strong>vitem</strong></span> <span class='ocrx_word' id='word_1_716' title='bbox 3045 3082 3177 3137; x_wconf 84' lang='lat' dir='ltr'><strong>Noe.</strong></span> <span class='ocrx_word' id='word_1_717' title='bbox 3210 3112 3283 3124; x_wconf 94' lang='lat'><strong><em>—</em></strong></span> <span class='ocrx_word' id='word_1_718' title='bbox 3315 3084 3420 3139; x_wconf 89' lang='lat' dir='ltr'><strong>Sed</strong></span> <span class='ocrx_word' id='word_1_719' title='bbox 3441 3085 3558 3154; x_wconf 88' lang='lat' dir='ltr'><strong>jure</strong></span> <span class='ocrx_word' id='word_1_720' title='bbox 3599 3086 3685 3140; x_wconf 89' lang='lat' dir='ltr'><strong>hic</strong></span> <span class='ocrx_word' id='word_1_721' title='bbox 3720 3090 3921 3156; x_wconf 65' lang='grc' dir='ltr'><strong>φερε-ἱ.</strong></span> 
     </span>
    </p>
   </div>
   <div class='ocr_carea' id='block_1_92' title="bbox 2334 3168 3920 3241">
    <p class='ocr_par' dir='ltr' id='par_1_92' title="bbox 2334 3168 3920 3241">
     <span class='ocr_line' id='line_1_93' title="bbox 2334 3168 3920 3241; baseline 0.007 -20"><span class='ocrx_word' id='word_1_722' title='bbox 2334 3177 2440 3236; x_wconf 87' lang='lat' dir='ltr'><strong>tur,</strong></span> <span class='ocrx_word' id='word_1_723' title='bbox 2467 3183 2534 3222; x_wconf 90' lang='lat' dir='ltr'><strong>an</strong></span> <span class='ocrx_word' id='word_1_724' title='bbox 2563 3168 2677 3238; x_wconf 86' lang='lat' dir='ltr'><strong>ipse</strong></span> <span class='ocrx_word' id='word_1_725' title='bbox 2707 3185 2846 3225; x_wconf 92' lang='lat' dir='ltr'><strong>nunc</strong></span> <span class='ocrx_word' id='word_1_726' title='bbox 2888 3171 3120 3240; x_wconf 81' lang='lat' dir='ltr'><strong>plantam</strong></span> <span class='ocrx_word' id='word_1_727' title='bbox 3152 3173 3436 3241; x_wconf 88' lang='lat' dir='ltr'><strong>invenerit,</strong></span> <span class='ocrx_word' id='word_1_728' title='bbox 3465 3175 3549 3231; x_wconf 78' lang='lat' dir='ltr'><strong>vel</strong></span> <span class='ocrx_word' id='word_1_729' title='bbox 3580 3188 3736 3230; x_wconf 68' lang='lat' dir='ltr'><strong>ante:</strong></span> <span class='ocrx_word' id='word_1_730' title='bbox 3765 3189 3822 3231; x_wconf 79' lang='lat' dir='ltr'><strong>et</strong></span> <span class='ocrx_word' id='word_1_731' title='bbox 3852 3181 3920 3231; x_wconf 86' lang='lat' dir='ltr'><strong>ab</strong></span> 
     </span>
    </p>
   </div>
   <div class='ocr_carea' id='block_1_93' title="bbox 2332 3260 3923 3330">
    <p class='ocr_par' dir='ltr' id='par_1_93' title="bbox 2332 3260 3923 3330">
     <span class='ocr_line' id='line_1_94' title="bbox 2332 3260 3923 3330; baseline 0.006 -17"><span class='ocrx_word' id='word_1_732' title='bbox 2332 3260 2485 3314; x_wconf 88' lang='lat' dir='ltr'><strong>initio</strong></span> <span class='ocrx_word' id='word_1_733' title='bbox 2512 3260 2667 3315; x_wconf 85' lang='lat' dir='ltr'><strong>luerit</strong></span> <span class='ocrx_word' id='word_1_734' title='bbox 2695 3260 2971 3330; x_wconf 88' lang='lat' dir='ltr'><strong>producta.</strong></span> <span class='ocrx_word' id='word_1_735' title='bbox 2995 3262 3296 3320; x_wconf 83' lang='lat' dir='ltr'><strong>Verisimile</strong></span> <span class='ocrx_word' id='word_1_736' title='bbox 3324 3275 3407 3321; x_wconf 85' lang='lat' dir='ltr'><strong>est</strong></span> <span class='ocrx_word' id='word_1_737' title='bbox 3434 3282 3550 3321; x_wconf 85' lang='lat' dir='ltr'><strong>eam</strong></span> <span class='ocrx_word' id='word_1_738' title='bbox 3579 3278 3736 3321; x_wconf 76' lang='lat' dir='ltr'><strong>antea</strong></span> <span class='ocrx_word' id='word_1_739' title='bbox 3767 3277 3827 3322; x_wconf 85' lang='lat' dir='ltr'><strong>et</strong></span> <span class='ocrx_word' id='word_1_740' title='bbox 3859 3270 3923 3322; x_wconf 77' lang='lat' dir='ltr'><strong>ab</strong></span> 
     </span>
    </p>
   </div>
   <div class='ocr_carea' id='block_1_94' title="bbox 2335 3349 3923 3425">
    <p class='ocr_par' dir='ltr' id='par_1_94' title="bbox 2335 3349 3923 3425">
     <span class='ocr_line' id='line_1_95' title="bbox 2335 3349 3923 3425; baseline 0.006 -22"><span class='ocrx_word' id='word_1_741' title='bbox 2335 3350 2484 3405; x_wconf 87' lang='lat' dir='ltr'><strong>initio</strong></span> <span class='ocrx_word' id='word_1_742' title='bbox 2506 3349 2668 3405; x_wconf 81' lang='lat' dir='ltr'><strong>fuisse</strong></span> <span class='ocrx_word' id='word_1_743' title='bbox 2695 3352 2746 3404; x_wconf 91' lang='lat' dir='ltr'><strong>in</strong></span> <span class='ocrx_word' id='word_1_744' title='bbox 2777 3366 2867 3406; x_wconf 74' lang='lat' dir='ltr'><strong>scit</strong></span> <span class='ocrx_word' id='word_1_745' title='bbox 2898 3352 3001 3406; x_wconf 89' lang='lat' dir='ltr'><strong>illis</strong></span> <span class='ocrx_word' id='word_1_746' title='bbox 3021 3353 3206 3408; x_wconf 81' lang='lat' dir='ltr'><strong>diebus</strong></span> <span class='ocrx_word' id='word_1_747' title='bbox 3235 3367 3487 3422; x_wconf 85' lang='lat' dir='ltr'><strong>creatam,</strong></span> <span class='ocrx_word' id='word_1_748' title='bbox 3523 3360 3738 3425; x_wconf 84' lang='lat' dir='ltr'><strong>quando</strong></span> <span class='ocrx_word' id='word_1_749' title='bbox 3781 3357 3923 3411; x_wconf 78' lang='lat' dir='ltr'><strong>Vidit</strong></span> 
     </span>
    </p>
   </div>
   <div class='ocr_carea' id='block_1_95' title="bbox 2335 3439 3922 3519">
    <p class='ocr_par' dir='ltr' id='par_1_95' title="bbox 2335 3439 3922 3519">
     <span class='ocr_line' id='line_1_96' title="bbox 2335 3439 3922 3519; baseline 0.008 -28"><span class='ocrx_word' id='word_1_750' title='bbox 2335 3439 2471 3492; x_wconf 77' lang='lat' dir='ltr'><strong>Deus</strong></span> <span class='ocrx_word' id='word_1_751' title='bbox 2491 3442 2661 3494; x_wconf 86' lang='lat' dir='ltr'><strong>omnia</strong></span> <span class='ocrx_word' id='word_1_752' title='bbox 2688 3458 2802 3512; x_wconf 78' lang='lat' dir='ltr'><strong>qnw</strong></span> <span class='ocrx_word' id='word_1_753' title='bbox 2822 3444 2959 3511; x_wconf 77' lang='lat' dir='ltr'><strong>fecit,</strong></span> <span class='ocrx_word' id='word_1_754' title='bbox 2978 3454 3023 3496; x_wconf 78' lang='lat' dir='ltr'><strong>et</strong></span> <span class='ocrx_word' id='word_1_755' title='bbox 3050 3457 3189 3497; x_wconf 80' lang='lat' dir='ltr'><strong>crant</strong></span> <span class='ocrx_word' id='word_1_756' title='bbox 3223 3448 3365 3499; x_wconf 83' lang='lat' dir='ltr'><strong>ralde</strong></span> <span class='ocrx_word' id='word_1_757' title='bbox 3388 3449 3519 3500; x_wconf 84' lang='lat' dir='ltr'><strong>bona</strong></span> <span class='ocrx_word' id='word_1_758' title='bbox 3546 3448 3698 3519; x_wconf 76' lang='lat' dir='ltr'><strong>(Gen.</strong></span> <span class='ocrx_word' id='word_1_759' title='bbox 3736 3455 3782 3503; x_wconf 85' lang='lat' dir='ltr'><strong>I.</strong></span> <span class='ocrx_word' id='word_1_760' title='bbox 3809 3452 3922 3518; x_wconf 80' lang='lat'><strong>3|).</strong></span> 
     </span>
    </p>
   </div>
   <div class='ocr_carea' id='block_1_96' title="bbox 2334 3532 3928 3611">
    <p class='ocr_par' dir='ltr' id='par_1_96' title="bbox 2334 3532 3928 3611">
     <span class='ocr_line' id='line_1_97' title="bbox 2334 3532 3928 3611; baseline 0.009 -28"><span class='ocrx_word' id='word_1_761' title='bbox 2334 3532 2559 3600; x_wconf 74' lang='lat' dir='ltr'><strong>(Quievit</strong></span> <span class='ocrx_word' id='word_1_762' title='bbox 2580 3533 2742 3598; x_wconf 89' lang='lat' dir='ltr'><strong>enim,</strong></span> <span class='ocrx_word' id='word_1_763' title='bbox 2770 3535 2979 3590; x_wconf 86' lang='lat' dir='ltr'><strong>dicente</strong></span> <span class='ocrx_word' id='word_1_764' title='bbox 3023 3537 3316 3607; x_wconf 77' lang='lat' dir='ltr'><strong>Scriptura,</strong></span> <span class='ocrx_word' id='word_1_765' title='bbox 3351 3541 3481 3594; x_wconf 79' lang='lat' dir='ltr'><strong>Deus</strong></span> <span class='ocrx_word' id='word_1_766' title='bbox 3509 3544 3589 3595; x_wconf 86' lang='lat' dir='ltr'><strong>die</strong></span> <span class='ocrx_word' id='word_1_767' title='bbox 3616 3546 3838 3611; x_wconf 78' lang='lat' dir='ltr'><strong>septimo</strong></span> <span class='ocrx_word' id='word_1_768' title='bbox 3865 3549 3928 3598; x_wconf 73' lang='lat' dir='ltr'><strong>ab</strong></span> 
     </span>
    </p>
   </div>
   <div class='ocr_carea' id='block_1_97' title="bbox 2332 3623 3922 3705">
    <p class='ocr_par' dir='ltr' id='par_1_97' title="bbox 2332 3623 3922 3705">
     <span class='ocr_line' id='line_1_98' title="bbox 2332 3623 3922 3705; baseline 0.009 -29"><span class='ocrx_word' id='word_1_769' title='bbox 2332 3623 2562 3677; x_wconf 75' lang='lat' dir='ltr'><strong>omnibus</strong></span> <span class='ocrx_word' id='word_1_770' title='bbox 2584 3625 2819 3692; x_wconf 86' lang='lat' dir='ltr'><strong>operibus</strong></span> <span class='ocrx_word' id='word_1_771' title='bbox 2842 3628 2946 3680; x_wconf 85' lang='lat' dir='ltr'><strong>suis</strong></span> <span class='ocrx_word' id='word_1_772' title='bbox 2967 3645 3077 3694; x_wconf 71' lang='lat' dir='ltr'><strong>qui:</strong></span> <span class='ocrx_word' id='word_1_773' title='bbox 3103 3632 3218 3698; x_wconf 78' lang='lat' dir='ltr'><strong>fecit</strong></span> <span class='ocrx_word' id='word_1_774' title='bbox 3237 3629 3386 3702; x_wconf 63' lang='lat' dir='ltr'><strong>[Gem</strong></span> <span class='ocrx_word' id='word_1_775' title='bbox 3413 3633 3468 3686; x_wconf 76' lang='lat'><strong>9..</strong></span> <span class='ocrx_word' id='word_1_776' title='bbox 3487 3633 3600 3705; x_wconf 71' lang='lat'><strong>2]):</strong></span> <span class='ocrx_word' id='word_1_777' title='bbox 3629 3652 3726 3688; x_wconf 85' lang='lat' dir='ltr'><strong>nec</strong></span> <span class='ocrx_word' id='word_1_778' title='bbox 3744 3646 3922 3691; x_wconf 71' lang='lat' dir='ltr'><strong>tamen</strong></span> 
     </span>
    </p>
   </div>
   <div class='ocr_carea' id='block_1_98' title="bbox 2335 3713 3920 3782">
    <p class='ocr_par' dir='ltr' id='par_1_98' title="bbox 2335 3713 3920 3782">
     <span class='ocr_line' id='line_1_99' title="bbox 2335 3713 3920 3782; baseline 0.01 -16"><span class='ocrx_word' id='word_1_779' title='bbox 2335 3728 2486 3767; x_wconf 88' lang='lat' dir='ltr'><strong>usum</strong></span> <span class='ocrx_word' id='word_1_780' title='bbox 2510 3713 2712 3768; x_wconf 81' lang='lat' dir='ltr'><strong>fructus</strong></span> <span class='ocrx_word' id='word_1_781' title='bbox 2735 3732 2803 3770; x_wconf 80' lang='lat' dir='ltr'><strong>ex</strong></span> <span class='ocrx_word' id='word_1_782' title='bbox 2836 3716 2920 3770; x_wconf 93' lang='lat' dir='ltr'><strong>illa</strong></span> <span class='ocrx_word' id='word_1_783' title='bbox 2949 3720 3284 3774; x_wconf 68' lang='lat' dir='ltr'><strong>manifestum</strong></span> <span class='ocrx_word' id='word_1_784' title='bbox 3302 3721 3484 3779; x_wconf 67' lang='lat' dir='ltr'><strong>fuisse.</strong></span> <span class='ocrx_word' id='word_1_785' title='bbox 3510 3725 3640 3779; x_wconf 78' lang='lat' dir='ltr'><strong>Nam</strong></span> <span class='ocrx_word' id='word_1_786' title='bbox 3661 3730 3706 3780; x_wconf 89' lang='lat' dir='ltr'><strong>si</strong></span> <span class='ocrx_word' id='word_1_787' title='bbox 3735 3731 3920 3782; x_wconf 78' lang='lat' dir='ltr'><strong>luisset</strong></span> 
     </span>
    </p>
   </div>
   <div class='ocr_carea' id='block_1_99' title="bbox 2335 3801 3925 3872">
    <p class='ocr_par' dir='ltr' id='par_1_99' title="bbox 2335 3801 3925 3872">
     <span class='ocr_line' id='line_1_100' title="bbox 2335 3801 3925 3872; baseline 0.011 -18"><span class='ocrx_word' id='word_1_788' title='bbox 2335 3801 2402 3854; x_wconf 91' lang='lat' dir='ltr'><strong>ab</strong></span> <span class='ocrx_word' id='word_1_789' title='bbox 2441 3803 2594 3857; x_wconf 87' lang='lat' dir='ltr'><strong>initio</strong></span> <span class='ocrx_word' id='word_1_790' title='bbox 2640 3815 2813 3868; x_wconf 89' lang='lat' dir='ltr'><strong>notus,</strong></span> <span class='ocrx_word' id='word_1_791' title='bbox 2857 3807 3074 3860; x_wconf 88' lang='lat' dir='ltr'><strong>omnino</strong></span> <span class='ocrx_word' id='word_1_792' title='bbox 3123 3810 3257 3865; x_wconf 77' lang='lat' dir='ltr'><strong>Abel</strong></span> <span class='ocrx_word' id='word_1_793' title='bbox 3304 3812 3441 3866; x_wconf 78' lang='lat' dir='ltr'><strong>inter</strong></span> <span class='ocrx_word' id='word_1_794' title='bbox 3479 3815 3686 3868; x_wconf 84' lang='lat' dir='ltr'><strong>oblatas</strong></span> <span class='ocrx_word' id='word_1_795' title='bbox 3723 3816 3925 3872; x_wconf 69' lang='lat' dir='ltr'><strong>IIUSIiaS</strong></span> 
     </span>
    </p>
   </div>
   <div class='ocr_carea' id='block_1_100' title="bbox 2335 3891 3922 3972">
    <p class='ocr_par' dir='ltr' id='par_1_100' title="bbox 2335 3891 3922 3972">
     <span class='ocr_line' id='line_1_101' title="bbox 2335 3891 3922 3972; baseline 0.012 -28"><span class='ocrx_word' id='word_1_796' title='bbox 2335 3891 2494 3945; x_wconf 89' lang='lat' dir='ltr'><strong>etiam</strong></span> <span class='ocrx_word' id='word_1_797' title='bbox 2521 3895 2700 3946; x_wconf 86' lang='lat' dir='ltr'><strong>vinum</strong></span> <span class='ocrx_word' id='word_1_798' title='bbox 2740 3895 2974 3952; x_wconf 86' lang='lat' dir='ltr'><strong>libasset.</strong></span> <span class='ocrx_word' id='word_1_799' title='bbox 3005 3898 3196 3952; x_wconf 74' lang='lat' dir='ltr'><strong>Verum</strong></span> <span class='ocrx_word' id='word_1_800' title='bbox 3225 3901 3348 3970; x_wconf 88' lang='lat' dir='ltr'><strong>quia</strong></span> <span class='ocrx_word' id='word_1_801' title='bbox 3383 3905 3694 3972; x_wconf 81' lang='lat' dir='ltr'><strong>ignorabant</strong></span> <span class='ocrx_word' id='word_1_802' title='bbox 3745 3908 3922 3963; x_wconf 85' lang='lat' dir='ltr'><strong>adhuc</strong></span> 
     </span>
    </p>
   </div>
   <div class='ocr_carea' id='block_1_101' title="bbox 2339 3983 3925 4058">
    <p class='ocr_par' dir='ltr' id='par_1_101' title="bbox 2339 3983 3925 4058">
     <span class='ocr_line' id='line_1_102' title="bbox 2339 3983 3925 4058; baseline 0.014 -23"><span class='ocrx_word' id='word_1_803' title='bbox 2339 3983 2540 4038; x_wconf 79' lang='lat' dir='ltr'><strong>fructus</strong></span> <span class='ocrx_word' id='word_1_804' title='bbox 2593 4003 2765 4051; x_wconf 72' lang='lat' dir='ltr'><strong>usum,</strong></span> <span class='ocrx_word' id='word_1_805' title='bbox 2821 3990 2996 4058; x_wconf 81' lang='lat' dir='ltr'><strong>planta</strong></span> <span class='ocrx_word' id='word_1_806' title='bbox 3045 3990 3143 4046; x_wconf 88' lang='lat' dir='ltr'><strong>hac</strong></span> <span class='ocrx_word' id='word_1_807' title='bbox 3173 3994 3250 4046; x_wconf 86' lang='lat' dir='ltr'><strong>usi</strong></span> <span class='ocrx_word' id='word_1_808' title='bbox 3293 4011 3398 4048; x_wconf 89' lang='lat' dir='ltr'><strong>non</strong></span> <span class='ocrx_word' id='word_1_809' title='bbox 3440 4007 3582 4051; x_wconf 90' lang='lat' dir='ltr'><strong>sunt.</strong></span> <span class='ocrx_word' id='word_1_810' title='bbox 3620 3998 3717 4053; x_wconf 89' lang='lat' dir='ltr'><strong>llic</strong></span> <span class='ocrx_word' id='word_1_811' title='bbox 3744 4011 3925 4056; x_wconf 83' lang='lat' dir='ltr'><strong>autem</strong></span> 
     </span>
    </p>
   </div>
   <div class='ocr_carea' id='block_1_102' title="bbox 2340 4074 3925 4156">
    <p class='ocr_par' dir='ltr' id='par_1_102' title="bbox 2340 4074 3925 4156">
     <span class='ocr_line' id='line_1_103' title="bbox 2340 4074 3925 4156; baseline 0.014 -32"><span class='ocrx_word' id='word_1_812' title='bbox 2340 4074 2670 4142; x_wconf 63' lang='lat' dir='ltr'><strong>agriculturm</strong></span> <span class='ocrx_word' id='word_1_813' title='bbox 2702 4079 2987 4146; x_wconf 75' lang='lat' dir='ltr'><strong>studiosus,</strong></span> <span class='ocrx_word' id='word_1_814' title='bbox 3030 4091 3083 4135; x_wconf 72' lang='lat' dir='ltr'><strong>ct</strong></span> <span class='ocrx_word' id='word_1_815' title='bbox 3104 4099 3306 4152; x_wconf 68' lang='lat' dir='ltr'><strong>magna:</strong></span> <span class='ocrx_word' id='word_1_816' title='bbox 3338 4085 3624 4156; x_wconf 79' lang='lat' dir='ltr'><strong>diligentia:</strong></span> <span class='ocrx_word' id='word_1_817' title='bbox 3654 4091 3753 4153; x_wconf 85' lang='lat' dir='ltr'><strong>vir,</strong></span> <span class='ocrx_word' id='word_1_818' title='bbox 3790 4092 3925 4146; x_wconf 78' lang='lat' dir='ltr'><strong>forte</strong></span> 
     </span>
    </p>
   </div>
   <div class='ocr_carea' id='block_1_103' title="bbox 2337 4163 3924 4238">
    <p class='ocr_par' dir='ltr' id='par_1_103' title="bbox 2337 4163 3924 4238">
     <span class='ocr_line' id='line_1_104' title="bbox 2337 4163 3924 4238; baseline 0.013 -21"><span class='ocrx_word' id='word_1_819' title='bbox 2337 4163 2497 4217; x_wconf 87' lang='lat' dir='ltr'><strong>etiam</strong></span> <span class='ocrx_word' id='word_1_820' title='bbox 2529 4166 2754 4219; x_wconf 81' lang='lat' dir='ltr'><strong>lruetnm</strong></span> <span class='ocrx_word' id='word_1_821' title='bbox 2785 4167 3103 4238; x_wconf 80' lang='lat' dir='ltr'><strong>degustavit,</strong></span> <span class='ocrx_word' id='word_1_822' title='bbox 3155 4184 3207 4226; x_wconf 91' lang='lat' dir='ltr'><strong>et</strong></span> <span class='ocrx_word' id='word_1_823' title='bbox 3249 4179 3493 4233; x_wconf 88' lang='lat' dir='ltr'><strong>contritis</strong></span> <span class='ocrx_word' id='word_1_824' title='bbox 3545 4180 3714 4235; x_wconf 84' lang='lat' dir='ltr'><strong>betris</strong></span> <span class='ocrx_word' id='word_1_825' title='bbox 3746 4183 3924 4237; x_wconf 83' lang='lat' dir='ltr'><strong>viuum</strong></span> 
     </span>
    </p>
   </div>
   <div class='ocr_carea' id='block_1_104' title="bbox 2340 4255 3927 4340">
    <p class='ocr_par' dir='ltr' id='par_1_104' title="bbox 2340 4255 3927 4340">
     <span class='ocr_line' id='line_1_105' title="bbox 2340 4255 3927 4340; baseline 0.014 -32"><span class='ocrx_word' id='word_1_826' title='bbox 2340 4255 2484 4319; x_wconf 73' lang='lat' dir='ltr'><strong>fecit,</strong></span> <span class='ocrx_word' id='word_1_827' title='bbox 2516 4271 2687 4325; x_wconf 88' lang='lat' dir='ltr'><strong>eoque</strong></span> <span class='ocrx_word' id='word_1_828' title='bbox 2716 4276 2841 4312; x_wconf 86' lang='lat' dir='ltr'><strong>usus</strong></span> <span class='ocrx_word' id='word_1_829' title='bbox 2864 4269 2965 4314; x_wconf 89' lang='lat' dir='ltr'><strong>est.</strong></span> <span class='ocrx_word' id='word_1_830' title='bbox 2996 4261 3058 4314; x_wconf 87' lang='lat' dir='ltr'><strong>Et</strong></span> <span class='ocrx_word' id='word_1_831' title='bbox 3087 4266 3207 4332; x_wconf 85' lang='lat' dir='ltr'><strong>quia</strong></span> <span class='ocrx_word' id='word_1_832' title='bbox 3247 4283 3416 4336; x_wconf 86' lang='lat' dir='ltr'><strong>nequc</strong></span> <span class='ocrx_word' id='word_1_833' title='bbox 3463 4273 3575 4339; x_wconf 82' lang='lat' dir='ltr'><strong>ipse</strong></span> <span class='ocrx_word' id='word_1_834' title='bbox 3619 4284 3927 4340; x_wconf 76' lang='lat' dir='ltr'><strong>gustaverat</strong></span> 
     </span>
    </p>
   </div>
   <div class='ocr_carea' id='block_1_105' title="bbox 2341 4347 3927 4435">
    <p class='ocr_par' dir='ltr' id='par_1_105' title="bbox 2341 4347 3927 4435">
     <span class='ocr_line' id='line_1_106' title="bbox 2341 4347 3927 4435; baseline 0.016 -38"><span class='ocrx_word' id='word_1_835' title='bbox 2341 4347 2509 4414; x_wconf 87' lang='lat' dir='ltr'><strong>prius,</strong></span> <span class='ocrx_word' id='word_1_836' title='bbox 2566 4365 2739 4418; x_wconf 85' lang='lat' dir='ltr'><strong>neque</strong></span> <span class='ocrx_word' id='word_1_837' title='bbox 2779 4351 2938 4405; x_wconf 89' lang='lat' dir='ltr'><strong>alium</strong></span> <span class='ocrx_word' id='word_1_838' title='bbox 2960 4355 3160 4408; x_wconf 90' lang='lat' dir='ltr'><strong>sciebat</strong></span> <span class='ocrx_word' id='word_1_839' title='bbox 3197 4358 3285 4426; x_wconf 89' lang='lat' dir='ltr'><strong>qui</strong></span> <span class='ocrx_word' id='word_1_840' title='bbox 3325 4364 3674 4428; x_wconf 67' lang='lat' dir='ltr'><strong>gustavisset,</strong></span> <span class='ocrx_word' id='word_1_841' title='bbox 3712 4365 3927 4435; x_wconf 69' lang='lat' dir='ltr'><strong>ignarus</strong></span> 
     </span>
    </p>
   </div>
   <div class='ocr_carea' id='block_1_106' title="bbox 2339 4443 3926 4524">
    <p class='ocr_par' dir='ltr' id='par_1_106' title="bbox 2339 4443 3926 4524">
     <span class='ocr_line' id='line_1_107' title="bbox 2339 4443 3926 4524; baseline 0.014 -38"><span class='ocrx_word' id='word_1_842' title='bbox 2339 4452 2440 4506; x_wconf 90' lang='lat' dir='ltr'><strong>qua</strong></span> <span class='ocrx_word' id='word_1_843' title='bbox 2473 4453 2719 4492; x_wconf 87' lang='lat' dir='ltr'><strong>mensura</strong></span> <span class='ocrx_word' id='word_1_844' title='bbox 2749 4449 2802 4494; x_wconf 91' lang='lat' dir='ltr'><strong>et</strong></span> <span class='ocrx_word' id='word_1_845' title='bbox 2825 4456 2925 4510; x_wconf 88' lang='lat' dir='ltr'><strong>qua</strong></span> <span class='ocrx_word' id='word_1_846' title='bbox 2959 4443 3166 4500; x_wconf 82' lang='lat' dir='ltr'><strong>ratione</strong></span> <span class='ocrx_word' id='word_1_847' title='bbox 3191 4447 3266 4500; x_wconf 92' lang='lat' dir='ltr'><strong>uti</strong></span> <span class='ocrx_word' id='word_1_848' title='bbox 3285 4446 3534 4516; x_wconf 87' lang='lat' dir='ltr'><strong>debebat,</strong></span> <span class='ocrx_word' id='word_1_849' title='bbox 3560 4468 3654 4522; x_wconf 88' lang='lat' dir='ltr'><strong>per</strong></span> <span class='ocrx_word' id='word_1_850' title='bbox 3677 4455 3926 4524; x_wconf 74' lang='lat' dir='ltr'><strong>ignoran-</strong></span> 
     </span>
    </p>
   </div>
   <div class='ocr_carea' id='block_1_107' title="bbox 2343 4529 3927 4611">
    <p class='ocr_par' dir='ltr' id='par_1_107' title="bbox 2343 4529 3927 4611">
     <span class='ocr_line' id='line_1_108' title="bbox 2343 4529 3927 4611; baseline 0.013 -30"><span class='ocrx_word' id='word_1_851' title='bbox 2343 4529 2471 4582; x_wconf 84' lang='lat' dir='ltr'><strong>tiam</strong></span> <span class='ocrx_word' id='word_1_852' title='bbox 2496 4531 2544 4583; x_wconf 91' lang='lat' dir='ltr'><strong>iu</strong></span> <span class='ocrx_word' id='word_1_853' title='bbox 2571 4531 2883 4587; x_wconf 83' lang='lat' dir='ltr'><strong>ebrietatem</strong></span> <span class='ocrx_word' id='word_1_854' title='bbox 2917 4536 3114 4590; x_wconf 87' lang='lat' dir='ltr'><strong>incidit.</strong></span> <span class='ocrx_word' id='word_1_855' title='bbox 3153 4538 3437 4607; x_wconf 62' lang='lat' dir='ltr'><strong>Praeterea,</strong></span> <span class='ocrx_word' id='word_1_856' title='bbox 3467 4545 3719 4611; x_wconf 84' lang='lat' dir='ltr'><strong>quoniam</strong></span> <span class='ocrx_word' id='word_1_857' title='bbox 3751 4550 3927 4604; x_wconf 80' lang='lat' dir='ltr'><strong>carnis</strong></span> 
     </span>
    </p>
   </div>
   <div class='ocr_carea' id='block_1_108' title="bbox 2341 4619 3926 4709">
    <p class='ocr_par' dir='ltr' id='par_1_108' title="bbox 2341 4619 3926 4709">
     <span class='ocr_line' id='line_1_109' title="bbox 2341 4619 3926 4709; baseline 0.013 -36"><span class='ocrx_word' id='word_1_858' title='bbox 2341 4635 2466 4673; x_wconf 83' lang='lat' dir='ltr'><strong>esus</strong></span> <span class='ocrx_word' id='word_1_859' title='bbox 2492 4619 2542 4672; x_wconf 93' lang='lat' dir='ltr'><strong>in</strong></span> <span class='ocrx_word' id='word_1_860' title='bbox 2570 4622 2729 4674; x_wconf 86' lang='lat' dir='ltr'><strong>vitam</strong></span> <span class='ocrx_word' id='word_1_861' title='bbox 2751 4624 2885 4678; x_wconf 87' lang='lat' dir='ltr'><strong>hanc</strong></span> <span class='ocrx_word' id='word_1_862' title='bbox 2905 4626 3238 4682; x_wconf 88' lang='lat' dir='ltr'><strong>introductus</strong></span> <span class='ocrx_word' id='word_1_863' title='bbox 3260 4630 3376 4694; x_wconf 82' lang='lat' dir='ltr'><strong>fuit,</strong></span> <span class='ocrx_word' id='word_1_864' title='bbox 3407 4645 3585 4702; x_wconf 82' lang='lat' dir='ltr'><strong>postea</strong></span> <span class='ocrx_word' id='word_1_865' title='bbox 3612 4647 3667 4690; x_wconf 82' lang='lat' dir='ltr'><strong>et</strong></span> <span class='ocrx_word' id='word_1_866' title='bbox 3695 4638 3806 4692; x_wconf 76' lang='lat' dir='ltr'><strong>vini</strong></span> <span class='ocrx_word' id='word_1_867' title='bbox 3835 4657 3926 4709; x_wconf 85' lang='lat' dir='ltr'><strong>po-</strong></span> 
     </span>
    </p>
   </div>
   <div class='ocr_carea' id='block_1_109' title="bbox 2343 4712 3918 4795">
    <p class='ocr_par' dir='ltr' id='par_1_109' title="bbox 2343 4712 3918 4795">
     <span class='ocr_line' id='line_1_110' title="bbox 2343 4712 3918 4795; baseline 0.015 -35"><span class='ocrx_word' id='word_1_868' title='bbox 2343 4719 2425 4760; x_wconf 89' lang='lat' dir='ltr'><strong>tus</strong></span> <span class='ocrx_word' id='word_1_869' title='bbox 2451 4712 2694 4764; x_wconf 65' lang='lat' dir='ltr'><strong>arcessit.</strong></span> <span class='ocrx_word' id='word_1_870' title='bbox 2745 4713 2871 4767; x_wconf 76' lang='lat' dir='ltr'><strong>Vide</strong></span> <span class='ocrx_word' id='word_1_871' title='bbox 2898 4725 3096 4781; x_wconf 84' lang='lat' dir='ltr'><strong>autem,</strong></span> <span class='ocrx_word' id='word_1_872' title='bbox 3124 4719 3334 4782; x_wconf 86' lang='lat' dir='ltr'><strong>dilecte,</strong></span> <span class='ocrx_word' id='word_1_873' title='bbox 3362 4725 3631 4790; x_wconf 78' lang='lat' dir='ltr'><strong>quomodo</strong></span> <span class='ocrx_word' id='word_1_874' title='bbox 3662 4729 3918 4795; x_wconf 82' lang='lat' dir='ltr'><strong>paulatim</strong></span> 
     </span>
    </p>
   </div>
   <div class='ocr_carea' id='block_1_110' title="bbox 2343 4801 3918 4888">
    <p class='ocr_par' dir='ltr' id='par_1_110' title="bbox 2343 4801 3918 4888">
     <span class='ocr_line' id='line_1_111' title="bbox 2343 4801 3918 4888; baseline 0.015 -35"><span class='ocrx_word' id='word_1_875' title='bbox 2343 4801 2521 4854; x_wconf 89' lang='lat' dir='ltr'><strong>mundi</strong></span> <span class='ocrx_word' id='word_1_876' title='bbox 2567 4804 2873 4859; x_wconf 58' lang='lat' dir='ltr'><strong>cnt‘istitutio</strong></span> <span class='ocrx_word' id='word_1_877' title='bbox 2911 4807 3253 4876; x_wconf 84' lang='lat' dir='ltr'><strong>dispensetur</strong></span> <span class='ocrx_word' id='word_1_878' title='bbox 3284 4812 3433 4881; x_wconf 79' lang='lat' dir='ltr'><strong>(Gen.</strong></span> <span class='ocrx_word' id='word_1_879' title='bbox 3465 4816 3542 4884; x_wconf 65' lang='grc'><strong>4),</strong></span> <span class='ocrx_word' id='word_1_880' title='bbox 3574 4827 3630 4871; x_wconf 92' lang='lat' dir='ltr'><strong>et</strong></span> <span class='ocrx_word' id='word_1_881' title='bbox 3673 4821 3918 4888; x_wconf 83' lang='lat' dir='ltr'><strong>quilibet,</strong></span> 
     </span>
    </p>
   </div>
   <div class='ocr_carea' id='block_1_111' title="bbox 2341 4893 3923 4976">
    <p class='ocr_par' dir='ltr' id='par_1_111' title="bbox 2341 4893 3923 4976">
     <span class='ocr_line' id='line_1_112' title="bbox 2341 4893 3923 4976; baseline 0.015 -33"><span class='ocrx_word' id='word_1_882' title='bbox 2341 4893 2628 4945; x_wconf 77' lang='lat' dir='ltr'><strong>secundum</strong></span> <span class='ocrx_word' id='word_1_883' title='bbox 2671 4896 2979 4963; x_wconf 86' lang='lat' dir='ltr'><strong>sapientiam</strong></span> <span class='ocrx_word' id='word_1_884' title='bbox 3020 4916 3047 4950; x_wconf 93' lang='lat' dir='ltr'><strong>a</strong></span> <span class='ocrx_word' id='word_1_885' title='bbox 3092 4901 3198 4954; x_wconf 80' lang='lat' dir='ltr'><strong>[leo</strong></span> <span class='ocrx_word' id='word_1_886' title='bbox 3234 4914 3436 4958; x_wconf 68' lang='lat' dir='ltr'><strong>natm-:2</strong></span> <span class='ocrx_word' id='word_1_887' title='bbox 3479 4907 3699 4961; x_wconf 86' lang='lat' dir='ltr'><strong>inditam</strong></span> <span class='ocrx_word' id='word_1_888' title='bbox 3727 4952 3742 4976; x_wconf 93' lang='lat'><strong>,</strong></span> <span class='ocrx_word' id='word_1_889' title='bbox 3777 4910 3923 4967; x_wconf 85' lang='lat' dir='ltr'><strong>initio</strong></span> 
     </span>
    </p>
   </div>
   <div class='ocr_carea' id='block_1_112' title="bbox 2342 4983 3920 5056">
    <p class='ocr_par' dir='ltr' id='par_1_112' title="bbox 2342 4983 3920 5056">
     <span class='ocr_line' id='line_1_113' title="bbox 2342 4983 3920 5056; baseline 0.015 -23"><span class='ocrx_word' id='word_1_890' title='bbox 2342 4984 2470 5037; x_wconf 85' lang='lat' dir='ltr'><strong>artis</strong></span> <span class='ocrx_word' id='word_1_891' title='bbox 2495 4983 2719 5053; x_wconf 68' lang='lat' dir='ltr'><strong>alicujus</strong></span> <span class='ocrx_word' id='word_1_892' title='bbox 2750 4988 2994 5043; x_wconf 88' lang='lat' dir='ltr'><strong>inventor</strong></span> <span class='ocrx_word' id='word_1_893' title='bbox 3022 4990 3090 5044; x_wconf 85' lang='lat' dir='ltr'><strong>sit</strong></span> <span class='ocrx_word' id='word_1_894' title='bbox 3124 5008 3136 5043; x_wconf 88' lang='lat'><strong>:</strong></span> <span class='ocrx_word' id='word_1_895' title='bbox 3175 4992 3254 5047; x_wconf 90' lang='lat' dir='ltr'><strong>sic</strong></span> <span class='ocrx_word' id='word_1_896' title='bbox 3293 4995 3344 5046; x_wconf 92' lang='lat' dir='ltr'><strong>in</strong></span> <span class='ocrx_word' id='word_1_897' title='bbox 3375 4993 3515 5048; x_wconf 87' lang='lat' dir='ltr'><strong>hanc</strong></span> <span class='ocrx_word' id='word_1_898' title='bbox 3541 4999 3706 5051; x_wconf 83' lang='lat' dir='ltr'><strong>vitam</strong></span> <span class='ocrx_word' id='word_1_899' title='bbox 3729 5003 3920 5056; x_wconf 85' lang='lat' dir='ltr'><strong>artium</strong></span> 
     </span>
    </p>
   </div>
   <div class='ocr_carea' id='block_1_113' title="bbox 2341 5073 3920 5154">
    <p class='ocr_par' dir='ltr' id='par_1_113' title="bbox 2341 5073 3920 5154">
     <span class='ocr_line' id='line_1_114' title="bbox 2341 5073 3920 5154; baseline 0.013 -29"><span class='ocrx_word' id='word_1_900' title='bbox 2341 5073 2508 5126; x_wconf 86' lang='lat' dir='ltr'><strong>studia</strong></span> <span class='ocrx_word' id='word_1_901' title='bbox 2541 5086 2662 5128; x_wconf 79' lang='lat' dir='ltr'><strong>sum</strong></span> <span class='ocrx_word' id='word_1_902' title='bbox 2687 5075 3006 5132; x_wconf 89' lang='lat' dir='ltr'><strong>introducta.</strong></span> <span class='ocrx_word' id='word_1_903' title='bbox 3044 5080 3251 5136; x_wconf 80' lang='lat' dir='ltr'><strong>Primus</strong></span> <span class='ocrx_word' id='word_1_904' title='bbox 3272 5083 3413 5137; x_wconf 91' lang='lat' dir='ltr'><strong>enim</strong></span> <span class='ocrx_word' id='word_1_905' title='bbox 3436 5087 3813 5154; x_wconf 76' lang='lat' dir='ltr'><strong>agriculturam</strong></span> <span class='ocrx_word' id='word_1_906' title='bbox 3843 5093 3920 5146; x_wconf 83' lang='lat' dir='ltr'><strong>in-</strong></span> 
     </span>
    </p>
   </div>
   <div class='ocr_carea' id='block_1_114' title="bbox 2342 5165 3920 5247">
    <p class='ocr_par' dir='ltr' id='par_1_114' title="bbox 2342 5165 3920 5247">
     <span class='ocr_line' id='line_1_115' title="bbox 2342 5165 3920 5247; baseline 0.014 -33"><span class='ocrx_word' id='word_1_907' title='bbox 2342 5165 2504 5229; x_wconf 81' lang='lat' dir='ltr'><strong>venit,</strong></span> <span class='ocrx_word' id='word_1_908' title='bbox 2531 5167 2794 5220; x_wconf 80' lang='lat' dir='ltr'><strong>secundus</strong></span> <span class='ocrx_word' id='word_1_909' title='bbox 2815 5179 2982 5222; x_wconf 87' lang='lat' dir='ltr'><strong>artem</strong></span> <span class='ocrx_word' id='word_1_910' title='bbox 3011 5173 3348 5237; x_wconf 79' lang='lat' dir='ltr'><strong>pastoralem,</strong></span> <span class='ocrx_word' id='word_1_911' title='bbox 3371 5176 3505 5230; x_wconf 84' lang='lat' dir='ltr'><strong>alius</strong></span> <span class='ocrx_word' id='word_1_912' title='bbox 3521 5183 3920 5247; x_wconf 83' lang='lat' dir='ltr'><strong>arincntariam,</strong></span> 
     </span>
    </p>
   </div>
   <div class='ocr_carea' id='block_1_115' title="bbox 2342 5255 3923 5336">
    <p class='ocr_par' dir='ltr' id='par_1_115' title="bbox 2342 5255 3923 5336">
     <span class='ocr_line' id='line_1_116' title="bbox 2342 5255 3923 5336; baseline 0.016 -33"><span class='ocrx_word' id='word_1_913' title='bbox 2342 5255 2476 5308; x_wconf 84' lang='lat' dir='ltr'><strong>alius</strong></span> <span class='ocrx_word' id='word_1_914' title='bbox 2499 5256 2776 5324; x_wconf 88' lang='lat' dir='ltr'><strong>musicam,</strong></span> <span class='ocrx_word' id='word_1_915' title='bbox 2798 5258 2934 5312; x_wconf 85' lang='lat' dir='ltr'><strong>alius</strong></span> <span class='ocrx_word' id='word_1_916' title='bbox 2962 5259 3237 5316; x_wconf 80' lang='lat' dir='ltr'><strong>fabrilem:</strong></span> <span class='ocrx_word' id='word_1_917' title='bbox 3260 5264 3345 5317; x_wconf 89' lang='lat' dir='ltr'><strong>hic</strong></span> <span class='ocrx_word' id='word_1_918' title='bbox 3362 5277 3536 5320; x_wconf 86' lang='lat' dir='ltr'><strong>autem</strong></span> <span class='ocrx_word' id='word_1_919' title='bbox 3562 5267 3740 5336; x_wconf 83' lang='lat' dir='ltr'><strong>justus</strong></span> <span class='ocrx_word' id='word_1_920' title='bbox 3757 5274 3923 5328; x_wconf 54' lang='grc' dir='ltr'><strong>νήπιε</strong></span> 
     </span>
    </p>
   </div>
   <div class='ocr_carea' id='block_1_116' title="bbox 2347 5347 3923 5434">
    <p class='ocr_par' dir='ltr' id='par_1_116' title="bbox 2347 5347 3923 5434">
     <span class='ocr_line' id='line_1_117' title="bbox 2347 5347 3923 5434; baseline 0.01 -35"><span class='ocrx_word' id='word_1_921' title='bbox 2347 5347 2581 5401; x_wconf 74' lang='lat' dir='ltr'><strong>colenda:</strong></span> <span class='ocrx_word' id='word_1_922' title='bbox 2611 5359 2780 5402; x_wconf 88' lang='lat' dir='ltr'><strong>artem</strong></span> <span class='ocrx_word' id='word_1_923' title='bbox 2808 5351 3034 5404; x_wconf 85' lang='lat' dir='ltr'><strong>naturali</strong></span> <span class='ocrx_word' id='word_1_924' title='bbox 3057 5353 3271 5408; x_wconf 88' lang='lat' dir='ltr'><strong>solertia</strong></span> <span class='ocrx_word' id='word_1_925' title='bbox 3297 5359 3638 5426; x_wconf 69' lang='lat' dir='ltr'><strong>exeogitavit.</strong></span> <span class='ocrx_word' id='word_1_926' title='bbox 3669 5360 3735 5414; x_wconf 82' lang='lat' dir='ltr'><strong>Et</strong></span> <span class='ocrx_word' id='word_1_927' title='bbox 3754 5367 3923 5434; x_wconf 63' lang='lat' dir='ltr'><strong>cepit,</strong></span> 
     </span>
    </p>
   </div>
   <div class='ocr_carea' id='block_1_117' title="bbox 2349 5437 3925 5520">
    <p class='ocr_par' dir='ltr' id='par_1_117' title="bbox 2349 5437 3925 5520">
     <span class='ocr_line' id='line_1_118' title="bbox 2349 5437 3925 5520; baseline 0.012 -32"><span class='ocrx_word' id='word_1_928' title='bbox 2349 5437 2534 5504; x_wconf 81' lang='lat' dir='ltr'><strong>inquit,</strong></span> <span class='ocrx_word' id='word_1_929' title='bbox 2577 5437 2690 5491; x_wconf 74' lang='lat' dir='ltr'><strong>Noe</strong></span> <span class='ocrx_word' id='word_1_930' title='bbox 2725 5439 2872 5492; x_wconf 80' lang='lat' dir='ltr'><strong>homo</strong></span> <span class='ocrx_word' id='word_1_931' title='bbox 2897 5443 3119 5510; x_wconf 85' lang='lat' dir='ltr'><strong>agricola</strong></span> <span class='ocrx_word' id='word_1_932' title='bbox 3161 5453 3326 5510; x_wconf 68' lang='grc' dir='ltr'><strong>ωτι-αξ,</strong></span> <span class='ocrx_word' id='word_1_933' title='bbox 3356 5457 3400 5498; x_wconf 86' lang='lat' dir='ltr'><strong>et</strong></span> <span class='ocrx_word' id='word_1_934' title='bbox 3442 5449 3685 5515; x_wconf 78' lang='lat' dir='ltr'><strong>plantavit</strong></span> <span class='ocrx_word' id='word_1_935' title='bbox 3714 5455 3925 5520; x_wconf 62' lang='lat' dir='ltr'><strong>sistam,</strong></span> 
     </span>
    </p>
   </div>
   <div class='ocr_carea' id='block_1_118' title="bbox 2346 5529 3924 5609">
    <p class='ocr_par' dir='ltr' id='par_1_118' title="bbox 2346 5529 3924 5609">
     <span class='ocr_line' id='line_1_119' title="bbox 2346 5529 3924 5609; baseline 0.016 -30"><span class='ocrx_word' id='word_1_936' title='bbox 2346 5540 2392 5580; x_wconf 92' lang='lat' dir='ltr'><strong>et</strong></span> <span class='ocrx_word' id='word_1_937' title='bbox 2425 5529 2542 5581; x_wconf 89' lang='lat' dir='ltr'><strong>bibit</strong></span> <span class='ocrx_word' id='word_1_938' title='bbox 2585 5547 2611 5582; x_wconf 90' lang='lat' dir='ltr'><strong>e</strong></span> <span class='ocrx_word' id='word_1_939' title='bbox 2641 5532 2774 5596; x_wconf 82' lang='lat' dir='ltr'><strong>vino,</strong></span> <span class='ocrx_word' id='word_1_940' title='bbox 2810 5541 2857 5584; x_wconf 85' lang='lat' dir='ltr'><strong>et</strong></span> <span class='ocrx_word' id='word_1_941' title='bbox 2902 5533 3171 5588; x_wconf 83' lang='lat' dir='ltr'><strong>inebriatus</strong></span> <span class='ocrx_word' id='word_1_942' title='bbox 3197 5548 3288 5590; x_wconf 88' lang='lat' dir='ltr'><strong>est.</strong></span> <span class='ocrx_word' id='word_1_943' title='bbox 3313 5536 3494 5608; x_wconf 75' lang='lat' dir='ltr'><strong>Cogita</strong></span> <span class='ocrx_word' id='word_1_944' title='bbox 3523 5544 3794 5609; x_wconf 83' lang='lat' dir='ltr'><strong>quomodo</strong></span> <span class='ocrx_word' id='word_1_945' title='bbox 3832 5547 3924 5604; x_wconf 80' lang='lat' dir='ltr'><strong>bac</strong></span> 
     </span>
    </p>
   </div>
   <div class='ocr_carea' id='block_1_119' title="bbox 2349 5622 3924 5705">
    <p class='ocr_par' dir='ltr' id='par_1_119' title="bbox 2349 5622 3924 5705">
     <span class='ocr_line' id='line_1_120' title="bbox 2349 5622 3924 5705; baseline 0.013 -32"><span class='ocrx_word' id='word_1_946' title='bbox 2349 5622 2574 5675; x_wconf 74' lang='lat' dir='ltr'><strong>tristitize</strong></span> <span class='ocrx_word' id='word_1_947' title='bbox 2597 5623 3064 5692; x_wconf 88' lang='lat' dir='ltr'><strong>medicamentum,</strong></span> <span class='ocrx_word' id='word_1_948' title='bbox 3095 5629 3302 5683; x_wconf 85' lang='lat' dir='ltr'><strong>sanitati</strong></span> <span class='ocrx_word' id='word_1_949' title='bbox 3351 5633 3597 5699; x_wconf 81' lang='lat' dir='ltr'><strong>paranda:</strong></span> <span class='ocrx_word' id='word_1_950' title='bbox 3632 5645 3841 5705; x_wconf 85' lang='lat' dir='ltr'><strong>aptam,</strong></span> <span class='ocrx_word' id='word_1_951' title='bbox 3883 5646 3924 5699; x_wconf 80' lang='lat' dir='ltr'><strong>ei</strong></span> 
     </span>
    </p>
   </div>
   <div class='ocr_carea' id='block_1_120' title="bbox 2346 5712 3924 5788">
    <p class='ocr_par' dir='ltr' id='par_1_120' title="bbox 2346 5712 3924 5788">
     <span class='ocr_line' id='line_1_121' title="bbox 2346 5712 3924 5788; baseline 0.016 -27"><span class='ocrx_word' id='word_1_952' title='bbox 2346 5713 2432 5778; x_wconf 86' lang='lat' dir='ltr'><strong>qui</strong></span> <span class='ocrx_word' id='word_1_953' title='bbox 2466 5712 2679 5765; x_wconf 84' lang='lat' dir='ltr'><strong>inodum</strong></span> <span class='ocrx_word' id='word_1_954' title='bbox 2713 5729 2805 5781; x_wconf 91' lang='lat' dir='ltr'><strong>per</strong></span> <span class='ocrx_word' id='word_1_955' title='bbox 2841 5715 3192 5783; x_wconf 70' lang='lat' dir='ltr'><strong>ignorantiam</strong></span> <span class='ocrx_word' id='word_1_956' title='bbox 3237 5723 3584 5788; x_wconf 82' lang='lat' dir='ltr'><strong>transcendit,</strong></span> <span class='ocrx_word' id='word_1_957' title='bbox 3618 5743 3725 5781; x_wconf 87' lang='lat' dir='ltr'><strong>non</strong></span> <span class='ocrx_word' id='word_1_958' title='bbox 3753 5730 3924 5785; x_wconf 69' lang='lat' dir='ltr'><strong>Solum</strong></span> 
     </span>
    </p>
   </div>
   <div class='ocr_carea' id='block_1_121' title="bbox 2355 5803 3544 5875">
    <p class='ocr_par' dir='ltr' id='par_1_121' title="bbox 2355 5803 3544 5875">
     <span class='ocr_line' id='line_1_122' title="bbox 2355 5803 3544 5875; baseline 0.009 -20"><span class='ocrx_word' id='word_1_959' title='bbox 2355 5803 2483 5857; x_wconf 85' lang='lat' dir='ltr'><strong>nihil</strong></span> <span class='ocrx_word' id='word_1_960' title='bbox 2517 5807 2728 5862; x_wconf 69' lang='lat' dir='ltr'><strong>proluit.</strong></span> <span class='ocrx_word' id='word_1_961' title='bbox 2757 5805 2848 5860; x_wconf 81' lang='lat' dir='ltr'><strong>sed</strong></span> <span class='ocrx_word' id='word_1_962' title='bbox 2871 5817 2922 5860; x_wconf 92' lang='lat' dir='ltr'><strong>et</strong></span> <span class='ocrx_word' id='word_1_963' title='bbox 2942 5817 3135 5863; x_wconf 88' lang='lat' dir='ltr'><strong>statum</strong></span> <span class='ocrx_word' id='word_1_964' title='bbox 3163 5809 3277 5875; x_wconf 79' lang='lat' dir='ltr'><strong>eius</strong></span> <span class='ocrx_word' id='word_1_965' title='bbox 3303 5811 3544 5867; x_wconf 79' lang='lat' dir='ltr'><strong>otl&#39;endit.</strong></span> 
     </span>
    </p>
   </div>
  </div>
