4080 6490
204 444 316 501 208

281 555 386 611 Cur
410 553 523 609 uitis
547 554 600 608 in
643 553 773 606 hanc
794 548 942 603 uitans
965 543 1268 600 introducta.
1309 536 1493 594 Vinum
1518 536 1570 589 in
1600 542 1787 605 mysta.

204 649 324 703 riis.
356 673 430 689 --
465 644 582 701 lam
612 641 752 714 forte
792 645 994 711 quierat
1026 634 1237 705 aliquis,
1263 631 1440 699 Quare
1474 629 1654 699 planta
1709 633 1789 679 tot

207 739 367 794 malis
392 738 544 809 plena
569 736 620 790 in
648 736 786 788 banc
799 732 958 787 vitam
987 728 1240 800 producta
1264 725 1380 781 est?
1403 721 1482 778 Ne
1501 722 1569 776 ita
1590 728 1791 775 temere

209 828 470 900 loquaris,
502 827 684 891 hoino,
705 823 883 878 omnia
918 836 1038 892 qua:
1067 821 1120 874 in
1149 818 1370 873 buccam
1402 814 1642 869 veniunt.
1669 809 1788 866 Non

207 928 298 975 est
318 919 499 990 planta
528 916 644 972 base
665 915 826 982 mala,
858 927 1030 982 neque
1056 910 1238 964 vinum
1269 907 1491 971 malum,
1520 903 1616 959 sed
1653 901 1793 956 illius

208 1010 414 1066 abusus
434 1050 450 1074 ,
477 1007 602 1079 quia
629 1021 735 1061 non
761 1020 827 1059 ex
856 1003 1000 1067 vino,
1031 1000 1125 1056 sed
1148 1014 1216 1054 ex
1239 1008 1492 1064 perversa
1521 993 1792 1048 voluntate

211 1097 421 1153 nefaria
441 1097 641 1152 scelera
665 1103 946 1162 patrantur
976 1107 990 1141 :
1019 1096 1075 1144 et
1099 1103 1220 1143 cum
1252 1087 1304 1140 in
1335 1101 1401 1141 eo
1420 1083 1726 1146 situtilitas,
1746 1081 1792 1134 si

211 1197 425 1252 noceat,
466 1186 517 1240 in
556 1199 716 1241 causa
743 1189 828 1239 est
874 1175 1300 1249 intemperantia.
1327 1173 1589 1243 Quocirca
1643 1186 1790 1226 nunc

213 1287 337 1348 post
364 1275 618 1330 diluvium
657 1271 894 1329 ostendit
932 1269 1025 1325 tibi
1072 1267 1182 1322 vini
1221 1280 1398 1332 usum,
1437 1271 1496 1318 ut
1545 1260 1793 1317 ostendat

211 1366 378 1423 etiam
403 1357 527 1419 anle
555 1362 662 1418 vini
689 1375 842 1416 usum
868 1359 923 1414 in
950 1356 1288 1413 immodicam
1321 1352 1584 1408 luxuriam
1615 1350 1796 1404 buma-

213 1471 344 1512 nnm
371 1469 539 1526 genus
573 1450 842 1514 incidisse,
871 1447 1157 1517 multisque
1186 1443 1422 1515 peccatis
1445 1457 1504 1497 se
1531 1440 1796 1498 contami-

213 1547 448 1610 navisse,
473 1560 592 1600 cum
611 1543 783 1598 adhuc
799 1543 1058 1596 vini'usus
1071 1538 1370 1603 nesciretur
1395 1553 1410 1591 :
1429 1543 1487 1590 ut
1502 1543 1557 1590 et
1580 1531 1794 1604 quando

215 1637 413 1692 videris
461 1650 614 1691 usum
649 1634 782 1695 vini,
815 1647 922 1688 non
945 1633 1070 1686 vino
1091 1638 1258 1686 totum
1289 1627 1514 1692 tribuas,
1544 1625 1638 1680 sed
1667 1640 1792 1679 cor-

214 1734 390 1796 ruptae
429 1724 684 1780 voluntati
719 1738 820 1778 sua
865 1730 1056 1792 sponte
1097 1719 1163 1774 ad
1215 1719 1412 1774 malum
1439 1716 1635 1772 ruenti.
1674 1715 1793 1769 Alia

212 1830 427 1888 quoque
453 1815 659 1871 ratione
701 1811 1000 1876 considera,
1033 1811 1122 1866 ubi
1147 1811 1329 1864 vinum
1357 1808 1515 1864 fuerit
1543 1807 1674 1862 utile
1698 1849 1713 1873 ,
1742 1815 1796 1860 et

211 1906 593 1971 contremisce,
624 1904 697 1960 mi
725 1903 906 1959 homo.
938 1901 1070 1958 Nam
1100 1917 1196 1972 per
1226 1900 1328 1956 hoc
1375 1899 1596 1954 materia
1630 1897 1796 1952 bono-

212 2013 338 2054 rum
378 1997 564 2053 salutis
602 2002 799 2050 nostrae
847 1992 1139 2064 perficitur.
1183 1991 1369 2046 Sciunt
1403 1989 1492 2059 qui
1527 1987 1796 2059 mysteriis

213 2086 410 2144 initiati
429 2094 573 2153 sunt,
601 2085 726 2156 quid
756 2084 980 2138 dicatur.
1015 2080 1081 2136 Et
1105 2082 1276 2152 carpit,
1298 2079 1488 2150 inquit,
1521 2077 1637 2132 Noe
1656 2078 1792 2146 agri-

213 2179 332 2234 cola
377 2185 542 2244 terrc,
590 2189 637 2232 et
678 2177 919 2248 plantavit
947 2176 1174 2238 vineam,
1219 2184 1266 2227 et
1306 2173 1425 2227 bibit
1465 2171 1528 2226 de
1571 2171 1714 2233 sino,
1749 2179 1797 2222 et

212 2269 492 2325 inebriatus
515 2280 606 2333 est,
632 2279 678 2322 et
694 2266 914 2321 nudatus
943 2274 1012 2320 est
1037 2266 1088 2319 in
1112 2263 1260 2318 domo
1281 2281 1394 2318 sua.
1412 2261 1795 2319 Gravissimum

214 2358 469 2429 quiddam
495 2368 578 2414 est
605 2357 856 2421 ebrietas,
880 2355 1240 2416 dilectissime,
1267 2352 1405 2423 quod
1433 2351 1599 2422 possit
1614 2364 1797 2405 excae-

213 2465 340 2505 care
355 2463 563 2512 sensus,
580 2457 634 2503 et
649 2447 989 2517 submergere
1009 2454 1253 2501 mentem
1297 2444 1576 2500 Hominem
1603 2441 1799 2513 quippe

214 2539 551 2601 ratlonalem,
577 2538 666 2609 qui
698 2552 860 2606 super
891 2536 1069 2591 omnia
1095 2535 1388 2590 dominium
1420 2541 1679 2604 suscepit,
1712 2533 1798 2586 iu-

212 2630 372 2701 jectis
397 2630 620 2685 vinculis
647 2627 1036 2694 insolubilibus,
1067 2627 1215 2697 quasi
1239 2635 1506 2680 mortuum
1527 2632 1583 2679 et
1605 2638 1796 2694 opera-

216 2720 363 2776 tione
391 2728 660 2775 carentem
693 2717 985 2790 prosternit
1013 2735 1026 2773 :
1059 2718 1168 2772 imo
1196 2715 1438 2771 deterius
1483 2712 1794 2779 habentem,

213 2825 376 2881 quam
425 2819 712 2865 mortuum.
749 2807 881 2864 Nam
926 2819 1169 2862 mortuus
1219 2821 1391 2876 neque
1429 2805 1587 2870 bona,
1621 2816 1796 2874 neque

213 2901 354 2958 mala
397 2901 603 2972 operari
658 2908 831 2970 potest
877 2900 1102 2955 :ebrius
1144 2908 1320 2952 autem
1362 2896 1487 2951 nihil
1515 2896 1800 2952 bonivalct

213 2995 448 3064 operari,
471 2993 537 3048 ad
568 2994 764 3048 malum
790 3003 966 3048 tamen
998 2991 1298 3046 faciendum
1329 2991 1449 3059 plus
1481 2999 1675 3059 potest,
1713 2987 1795 3056 ja-

213 3094 405 3154 cetqne
432 3082 683 3138 ridiculus
708 3082 974 3149 omnibus,
1004 3091 1057 3136 et
1080 3083 1227 3135 uxori
1255 3088 1310 3134 et
1335 3079 1454 3132 filiis
1479 3089 1529 3135 et
1563 3077 1794 3133 famulis.

213 3175 388 3231 Amici
417 3174 558 3231 enim
594 3189 743 3230 suam
789 3174 1130 3244 ignominiam
1163 3173 1477 3243 cogitantes,
1521 3172 1716 3226 rubore
1744 3180 1800 3225 et

213 3265 420 3336 pudore
447 3263 857 3320 sulfunduntnr:
887 3264 1084 3318 inimici
1122 3275 1298 3317 autem
1342 3261 1694 3325 obiectantur,
1744 3271 1799 3316 et

214 3353 462 3420 irrident,
491 3362 543 3409 et
571 3361 935 3418 exsecrantur,
960 3351 1073 3407 lucc
1087 3351 1471 3422 propemodum
1497 3352 1793 3420 loquentes:

215 3443 488 3499 llunocine
507 3443 1013 3513 oportebatvivere?
1038 3453 1089 3498 et
1107 3442 1370 3498 bunccine
1389 3444 1668 3513 oportebat
1689 3444 1799 3512 spi-

213 3549 338 3590 rare
368 3549 544 3589 aerem
570 3535 594 3587 τ
620 3549 654 3587 o
679 3547 840 3605 pecus
865 3534 882 3588 l
910 3549 942 3587 ο
965 3534 1220 3604 porcum!
1253 3542 1306 3589 et
1345 3532 1517 3588 adhuc
1556 3534 1796 3603 graviora

216 3623 525 3695 loquuntur.
560 3623 830 3678 Deteriore
856 3623 997 3678 enim
1027 3624 1077 3677 in
1107 3630 1250 3677 statu
1279 3632 1402 3676 sunt
1427 3638 1586 3691 quam
1614 3622 1669 3686 ii,
1706 3622 1795 3692 qui

214 3728 282 3769 ex
314 3714 509 3784 pm'liis
536 3714 760 3770 redeunt
785 3715 932 3770 caede
959 3714 1312 3784 coinquinatis
1341 3713 1602 3778 manibus,
1632 3723 1686 3768 et
1715 3723 1798 3766 tu-

216 3805 482 3860 multuose
511 3812 867 3875 reponantur.
897 3802 1018 3858 lllos
1067 3803 1210 3858 enim
1242 3802 1480 3858 fortassis
1509 3803 1661 3857 multi
1685 3802 1798 3858 lau-

215 3895 374 3950 dibus
411 3895 670 3950 extollunt
726 3903 945 3965 propter
990 3904 1209 3965 tr0pava,
1261 3906 1480 3965 pr0pter
1521 3895 1793 3962 victorias,

215 3995 437 4057 propter
461 3985 678 4041 vulnera
699 3994 751 4041 et
773 3985 948 4041 caedes
971 4002 986 4039 :
1013 3986 1190 4042 ebrios
1217 3996 1395 4041 autem
1417 3986 1641 4040 miseros
1669 4000 1796 4055 pro-

215 4075 465 4140 clamant,
518 4091 852 4132 aerumnosos
885 4087 1096 4144 vocant,
1132 4086 1181 4132 et
1219 4077 1496 4132 innumera
1533 4077 1613 4132 eis
1658 4076 1796 4131 mala

217 4169 599 4238 imprecantur.
622 4169 756 4237 Quid
785 4169 924 4224 enim
955 4184 1021 4224 eo
1047 4169 1290 4226 miserius
1313 4169 1492 4234 fuerit,
1509 4169 1598 4239 qui
1618 4169 1796 4225 ebrie-

217 4257 312 4312 tati
340 4255 550 4312 deditus
573 4268 676 4326 est,
705 4267 760 4313 et
785 4258 1020 4330 quotidie
1035 4259 1221 4313 "vinum
1249 4257 1492 4324 ell‘undit,
1521 4273 1586 4314 ac
1603 4257 1798 4313 mentis

215 4365 330 4406 sua:
350 4351 606 4420 judicium
635 4352 974 4421 corrumpit?
1024 4351 1318 4421 Eapropter
1342 4361 1397 4406 et
1435 4351 1649 4422 sapiens
1671 4350 1794 4421 qui-

214 4439 341 4518 dam
367 4441 684 4496 admonebat
708 4440 892 4496 dieens
929 4460 942 4496 :
970 4441 1286 4511 Principium
1313 4442 1428 4496 vita
1455 4441 1672 4497 hominis
1698 4459 1796 4512 pa-

215 4535 299 4586 nis
321 4542 368 4586 et
381 4549 511 4604 aqua
523 4543 567 4587 et
588 4534 750 4594 uestis,
778 4543 823 4588 et
840 4533 1020 4588 donius
1036 4544 1201 4606 tegens
1220 4534 1580 4604 turpitudth
1599 4533 1792 4604 (Eccli.

213 4620 308 4677 29.
338 4620 454 4693 88):
490 4632 546 4676 ut
579 4624 624 4677 si
672 4625 795 4694 quis
844 4622 1102 4679 ebrietate
1141 4625 1389 4689 vincitur,
1431 4640 1497 4679 ne
1525 4624 1577 4678 in
1604 4625 1791 4693 vulgus

216 4711 529 4768 traducatur
549 4754 566 4777 ,
597 4713 691 4767 sed
720 4729 750 4767 a
781 4714 894 4768 suis
919 4722 1228 4783 contegatur
1256 4725 1350 4770 :et
1380 4730 1486 4769 non
1517 4714 1586 4769 sit
1624 4711 1796 4768 omni-

217 4804 318 4857 bus
347 4803 485 4857 risus
511 4813 566 4857 et
592 4804 930 4872 turpitudinis
973 4815 1363 4874 argumentum.
1403 4803 1472 4858 Et
1518 4805 1688 4874 carpit,
1712 4803 1795 4857 in-

214 4891 354 4962 quit,
385 4889 502 4946 Noe
529 4891 680 4947 homo
703 4893 929 4962 agricola
959 4903 1126 4958 terra,
1150 4904 1198 4948 et
1229 4895 1475 4964 plantavit
1503 4895 1715 4959 vineam,
1749 4901 1796 4948 et

214 4983 337 5036 bibit
360 4983 423 5036 de
445 4983 578 5039 sino.
602 4993 646 5036 et
666 4983 934 5038 inebriatus
962 4993 1054 5038 est.

290 5073 344 5127 4.
383 5071 614 5129 Ebrietas
659 5092 752 5142 pro
798 5076 1040 5129 satietate.
1079 5073 1217 5129 Vitia
1259 5091 1358 5130 non
1383 5077 1436 5130 in
1462 5085 1647 5131 natura
1671 5075 1791 5139 sita,

212 5165 307 5219 sed
331 5163 383 5217 in
413 5163 686 5218 voluntate.
712 5194 784 5206 —-
806 5165 1088 5220 Ebrietatis
1138 5181 1355 5231 nomen,
1395 5169 1695 5233 carissime,
1742 5169 1794 5223 in

216 5269 367 5310 sacra
404 5253 673 5325 Scriptura
722 5271 826 5310 non
879 5256 1072 5326 ubique
1119 5257 1186 5311 de
1231 5259 1539 5314 temulentia
1592 5259 1793 5314 dictum

215 5351 320 5404 est.
347 5343 440 5399 sed
465 5355 518 5398 et
544 5346 842 5401 satietatem
873 5347 1151 5416 signiﬁcat.
1186 5348 1295 5402 lloc
1314 5349 1490 5417 itaque
1512 5348 1648 5404 forte
1670 5349 1796 5420 quis

219 5434 448 5504 dcjusto
473 5435 575 5491 boc
602 5437 763 5503 dicet,
795 5439 1060 5509 quodnon
1090 5451 1144 5494 ut
1171 5440 1532 5510 intemperans
1563 5442 1794 5498 inebria-

221 5533 308 5581 tus
355 5525 543 5591 fuerit,
577 5527 672 5581 sed
700 5529 768 5583 ob
799 5529 1096 5584 satietatem
1127 5531 1228 5586 hoc
1253 5530 1302 5586 ei
1326 5533 1624 5603 contigerit.
1659 5533 1795 5588 Audi

216 5615 361 5670 enim
391 5616 552 5673 David
580 5618 839 5675 dicentem
863 5637 877 5674 :
903 5619 1364 5677 lnebriabunturnb
1387 5624 1605 5678 ubertate
1619 5624 1797 5678 domus

218 5715 320 5759 tua
333 5704 503 5778 (Psal.
525 5709 613 5764 35.
633 5710 710 5770 9):
728 5709 828 5766 hoc
855 5719 957 5777 est,
987 5711 1362 5782 implebantur.
1390 5715 1635 5785 Alioquin
1653 5716 1686 5771 ii
1704 5714 1794 5785 qui

216 5796 463 5854 ebrietati
493 5810 681 5858 vacant
708 5816 994 5874 numquam
1025 5803 1302 5872 satiantur,
1331 5805 1425 5862 sed
1455 5817 1653 5862 ouanto
1680 5822 1795 5860 ma-

1294 424 1358 481 ιιι
1395 389 1682 477 mn.
1721 408 1964 470 cena.
2007 411 2231 470 nomn.
2273 410 2466 468 nix.

3378 407 3480 464 266

1902 527 1983 596 gis
2008 540 2130 582 sese
2156 527 2280 583 vino
2309 526 2651 598 ingurgitant,
2679 533 2828 580 tanto
2851 524 3020 596 magis
3043 518 3131 580 siti
3160 523 3404 595 ﬂagrant,
3427 533 3484 579 et

1828 636 1835 645 -
1898 615 2244 672 inﬂammatio
2271 617 2515 689 quedam
2544 627 2627 674 est
2653 615 2734 673 eis
2764 616 2870 671 vini
2901 630 3027 671 usus
3058 632 3075 669 :
3102 630 3164 670 se
3184 615 3483 685 voluptates

1897 706 2111 777 quidem
2140 717 2484 772 evanescunt,
2527 707 2647 764 sitis
2689 715 2866 762 autem
2898 705 3234 776 inexplebilis
3259 705 3311 760 in
3339 721 3483 776 pra:-

1897 795 2135 865 cipitium
2166 795 2439 851 ebrietatis
2463 809 2580 861 cos,
2602 794 2690 866 qui
2729 795 2830 850 sub
2854 793 2942 849 illa
2987 795 3179 864 captivi
3205 804 3349 856 sunt,
3380 794 3480 850 de-

1897 883 2063 940 ducit.
2095 882 2163 938 Et
2186 884 2458 957 plantavit,
2484 885 2670 954 inquit,
2717 884 2937 950 vineam,
2965 892 3012 940 et
3034 883 3159 938 bibit
3183 900 3246 938 ea:
3274 885 3410 949 vino,
3432 893 3482 938 et

1849 996 1856 1000 ·
1898 973 2173 1030 inebriatus
2216 984 2311 1042 est,
2353 985 2401 1029 et
2437 974 2659 1029 nudatus
2685 974 2835 1029 estin
2865 975 3017 1029 domo
3042 989 3158 1029 sua.
3188 973 3477 1031 Considera

1905 1064 2008 1122 hoc
2031 1082 2135 1122 non
2167 1068 2294 1129 foris
2322 1066 2392 1121 illi
2425 1067 2704 1133 accidisse,
2726 1065 2821 1121 sed
2850 1066 2903 1120 in
2938 1065 3100 1122 domo
3129 1081 3246 1121 sua.
3277 1065 3478 1121 Idcirco

1900 1157 2044 1212 enim
2093 1155 2194 1212 hoc
2219 1156 2534 1228 designavit
2562 1156 2744 1210 divina
2770 1156 3066 1225 Scriptura,
3095 1155 3164 1211 In
3191 1156 3341 1212 domo
3363 1172 3478 1221 sua,

1903 1257 1960 1300 ut
1991 1263 2058 1302 ex
2085 1247 2147 1301 iis
2189 1262 2307 1316 qua:
2333 1256 2648 1316 sequuntur,
2680 1244 2896 1302 malitiae
2925 1245 3216 1302 vehemens
3243 1245 3482 1302 studium

1897 1338 2082 1394 videas
2107 1338 2220 1408 ejus
2249 1338 2340 1408 qui
2368 1337 2664 1392 nuditatem
2695 1337 2946 1407 evulgare
2974 1336 3134 1393 fuerit
3159 1353 3342 1392 ausus.
3389 1337 3484 1393 21.

1900 1428 1966 1484 Et
1991 1428 2134 1493 sidit,
2165 1429 2356 1498 inquit,
2388 1428 2550 1484 Citam
2585 1437 2728 1499 pater
2742 1426 2991 1483 Chanaan
3015 1427 3296 1481 nuditatem
3322 1428 3487 1498 patris

1897 1521 2000 1588 sui,
2028 1531 2074 1574 et
2101 1536 2329 1590 egressus
2343 1519 2659 1572 annuntiavit
2686 1509 2881 1572 duobus
2911 1519 3152 1589 fratribus
3193 1518 3296 1572 suis
3333 1519 3481 1590 foris.

1900 1610 2164 1666 Fortassis
2189 1613 2234 1666 si
2255 1620 2308 1664 et
2335 1611 2422 1665 alii
2444 1609 2656 1680 quidam
2684 1608 3014 1675 adfuissent,
3037 1619 3093 1664 et
3114 1609 3216 1666 illis
3245 1611 3486 1665 nuntias-

1900 1712 1982 1756 set
1999 1703 2164 1772 patris
2186 1703 2267 1756 sui
2295 1700 2672 1771 turpitudinem
2702 1718 2716 1753 :
2752 1710 2895 1754 tanta
2916 1709 3030 1755 erat
3057 1701 3202 1770 pueri
3225 1701 3480 1772 nequitia.

1901 1791 2188 1861 Propterea
2214 1792 2380 1857 enim,
2400 1799 2456 1844 ut
2483 1789 2658 1845 discas
2681 1789 2995 1861 jampridem
3026 1799 3079 1844 et
3103 1790 3171 1845 ab
3191 1790 3342 1851 initio
3361 1805 3485 1846 eum

1899 1889 2168 1950 corrupta
2203 1881 2397 1936 mentis
2440 1880 2636 1944 fuisse,
2668 1895 2772 1935 non
2829 1880 3143 1950 simpliciter
3185 1881 3312 1936 dicit
3336 1882 3486 1937 Scri-

1899 1980 2077 2042 ptura,
2104 1967 2247 2026 Vidit
2271 1971 2436 2027 Cltam
2463 1970 2753 2026 nuditatem
2773 1972 2936 2041 patris
2959 1975 3037 2025 sui
3068 1989 3081 2025 :
3113 1972 3206 2027 sed
3232 1972 3392 2043 quid?
3415 1971 3487 2030 Et

1900 2065 2022 2117 vidit
2066 2063 2225 2118 Citam
2267 2075 2409 2134 pater
2447 2061 2716 2119 Chanaan.
2747 2063 2943 2132 Quare,
2991 2063 3078 2119 dic
3122 2064 3272 2130 mihi,
3302 2064 3488 2121 ethoc

1903 2153 2022 2209 loco
2051 2153 2143 2208 ﬁlii
2173 2155 2487 2210 vocabulum
2516 2155 2792 2225 assignat?
2821 2154 2885 2209 Ut
2911 2155 3084 2209 discas
3126 2155 3274 2209 illum
3320 2154 3486 2213 fuisse

1904 2246 2345 2314 intemperantem
2393 2254 2448 2300 et
2493 2245 2932 2310 inccntinentem,
2978 2254 3032 2299 et
3080 2247 3267 2300 eadem
3308 2254 3488 2304 mente

1903 2353 2004 2408 qua
2062 2339 2112 2392 in
2160 2346 2300 2392 tanta
2353 2337 2654 2392 turbatione
2693 2336 3038 2406 procreanda:
3070 2338 3202 2407 proli
3255 2339 3485 2408 vacavit,

1911 2428 2097 2484 eadem
2127 2430 2287 2484 etiam
2340 2444 2479 2484 nunc
2527 2429 2579 2482 in
2609 2429 2984 2482 contumeliam
3017 2429 3182 2496 patris
3222 2431 3487 2501 prorupit,

1904 2515 1972 2570 Et
1986 2533 2226 2587 egressus,
2245 2517 2431 2588 inquit,
2444 2518 2757 2571 attnutstiasit
2768 2517 2963 2570 duobus
2973 2517 3212 2587 fratribus
3223 2521 3329 2573 suis
3338 2519 3486 2591 foris.

1904 2606 2058 2672 Vide,
2073 2608 2318 2675 obsecro,
2345 2607 2448 2672 hic,
2473 2608 2834 2672 dilectissime,
2860 2624 2962 2660 non
2983 2607 3033 2661 in
3053 2616 3235 2662 natura
3255 2609 3352 2663 sita
3367 2625 3490 2666 esse

1905 2699 2052 2762 vitia,
2085 2699 2175 2753 sed
2209 2700 2260 2752 in
2287 2699 2504 2752 arbitrio
2525 2705 2579 2752 et
2609 2698 2896 2752 voluntate.
2925 2697 3062 2753 Ecce
3102 2704 3243 2752 enim
3278 2701 3490 2771 utrique

1901 2789 2093 2845 fratres
2115 2789 2347 2855 fuerunt,
2361 2797 2415 2845 et
2426 2789 2664 2860 ejusdem
2678 2799 2902 2854 numne,
2921 2789 3166 2843 emndem
3191 2791 3488 2850 habuerunt

1907 2891 2136 2949 patrem,
2164 2881 2352 2936 eodem
2383 2891 2534 2935 utero
2565 2880 2777 2935 fuerunt
2800 2881 2927 2934 editi
2950 2923 2964 2945 ,
2995 2880 3182 2936 eadem
3217 2882 3490 2954 diligentia

1903 2974 2120 3030 fuerunt
2141 2975 2372 3036 educati,
2405 2973 2497 3028 sed
2521 2988 2625 3027 non
2656 2977 2900 3026 eumdem
2922 2973 3157 3026 animum
3185 2975 3492 3030 declarave-

1905 3074 2064 3118 runt:
2095 3064 2187 3118 sed
2213 3065 2300 3118 ille
2325 3064 2537 3132 quidem
2565 3064 2616 3116 in
2642 3062 2896 3116 malitiam
2929 3061 3131 3128 incidit,
3167 3063 3199 3116 ii
3231 3079 3357 3120 vero
3393 3079 3491 3136 pa-

1904 3155 2042 3208 renti
2070 3154 2306 3207 debitum
2329 3153 2701 3222 impenderunt
2727 3152 3002 3207 honorem.
3024 3151 3290 3209 Foutassis
3311 3165 3492 3213 autem

1903 3255 1960 3300 et
2003 3243 2170 3299 irrisit
2208 3258 2271 3299 ac
2312 3244 2657 3303 subsannavit
2682 3252 2911 3314 patrem,
2944 3242 3322 3314 turpitudinem
3351 3246 3493 3304 illius

1905 3333 2196 3388 nuntiando
2223 3350 2239 3410 ς
2268 3343 2323 3388 et
2371 3348 2474 3388 non
2519 3333 2717 3388 audivit
2752 3334 3044 3402 sapientem
3092 3336 3374 3405 quemdam
3404 3336 3493 3393 di-

1903 3425 2112 3478 centem
2147 3439 2160 3476 :
2195 3421 2523 3494 Neglorieris
2549 3424 2603 3476 in
2623 3423 2900 3494 ignominia
2934 3425 3092 3494 patris
3113 3425 3188 3480 tui
3216 3425 3403 3500 (Eccli.
3435 3429 3491 3485 3.

1906 3513 2015 3583 i2).
2053 3514 2247 3568 Verum
2294 3513 2487 3569 fratres
2530 3530 2638 3568 non
2682 3515 2760 3570 sic
2807 3525 3051 3586 egerunt.
3084 3517 3151 3572 Et
3183 3519 3494 3589 quomodo!

1903 3606 2037 3658 Cum
2071 3604 2183 3660 hzec
2227 3605 2554 3660 audivissent
2583 3603 2674 3659 23.
2707 3604 2830 3660 Scin
2869 3615 2918 3659 ct
2962 3605 3209 3678 Japbetlt,
3241 3610 3485 3680 acceptis,

1903 3695 2091 3765 inquit,
2121 3695 2333 3750 uestibus
2356 3711 2508 3765 super
2532 3695 2768 3751 humeros
2804 3711 2942 3763 suos,
2974 3697 3281 3752 incesserunt
3299 3710 3490 3755 retror-

1903 3802 2036 3851 sum,
2055 3797 2102 3838 et
2120 3793 2422 3854 operuerunt
2439 3785 2718 3839 nuditatem
2745 3785 2904 3856 patris
2929 3788 3044 3841 sui:
3067 3799 3114 3842 et
3140 3789 3296 3859 [acies
3317 3808 3491 3847 eorum

1902 3889 2192 3943 retrorsum,
2222 3888 2268 3932 et
2298 3878 2574 3932 nuditatem
2605 3878 2762 3946 patris
2787 3879 2867 3931 sui
2896 3895 2996 3932 non
3025 3880 3274 3934 viderunt.
3301 3882 3490 3940 Vidisti
3518 3866 3528 3884 Ἰ

1833 3975 1846 3986 ³
1905 3971 2220 4041 probitatem
2256 3970 2521 4026 filiorum?
2551 3971 2646 4026 llle
2682 3970 2950 4041 evolgavit
2990 3982 3046 4027 et
3091 3974 3360 4042 traduxit,
3403 3977 3489 4032 isti

1906 4077 2078 4132 neque
2109 4062 2291 4117 videre
2325 4063 2692 4117 sustinuerunt
2727 4080 2740 4114 :
2773 4061 2867 4115 sed
2905 4071 3196 4117 retrorsum
3227 4064 3404 4135 ibant,
3432 4075 3494 4124 ut

1903 4163 2051 4208 recta
2089 4151 2300 4206 adirent
2341 4151 2508 4221 patris
2553 4151 2848 4207 contecturi
2893 4151 3210 4208 nuditatem.
3261 4155 3327 4209 Et
3369 4156 3492 4213 vide

1904 4241 2115 4297 illorum
2139 4256 2260 4297 cum
2289 4256 2477 4311 magna
2504 4239 2768 4312 probitate
2798 4242 3284 4298 mansuetudinem.
3309 4244 3491 4316 Neque

1905 4335 2202 4406 increpant,
2233 4349 2407 4405 neque
2435 4333 2722 4388 verberant
2760 4331 2978 4387 fratrem
3013 4351 3026 4386 :
3079 4334 3170 4388 sed
3210 4345 3266 4389 ut
3308 4338 3493 4392 audie-

1905 4436 2048 4491 runt,
2071 4441 2193 4480 mox
2224 4424 2276 4480 id
2302 4440 2464 4478 unum
2492 4432 2770 4492 curarunt,
2797 4434 2854 4478 ut
2879 4421 3074 4479 factum
3097 4427 3489 4494 quamprimum

1901 4519 2302 4583 emendaretur,
2330 4527 2386 4572 et
2415 4517 2616 4571 honoro
2642 4513 3187 4586 genituraffmeretur.
3213 4514 3493 4589 Faciesqus

1901 4611 2105 4664 illorum
2131 4622 2322 4663 aversa
2345 4616 2512 4674 erant,
2531 4614 2578 4660 et
2616 4606 2892 4660 nuditatem
2919 4608 3077 4677 patris
3102 4608 3180 4660 sui
3215 4624 3314 4663 non
3352 4611 3490 4663 side-

1902 4711 2041 4756 runt.
2062 4700 2245 4771 Magna
2272 4699 2498 4754 illioram
2526 4699 2847 4764 reverentia,
2871 4714 3027 4768 quam
3047 4700 3200 4754 nobis
3218 4701 3494 4771 Scriptura

1903 4799 2196 4857 monstrat,
2223 4789 2366 4860 quod
2397 4803 2503 4842 non
2532 4787 2708 4843 solum
2737 4797 2946 4857 tegant,
2977 4789 3068 4844 sed
3097 4799 3147 4843 et
3177 4792 3358 4847 videre
3385 4810 3490 4849 non

1902 4883 2218 4939 sustineant.
2247 4880 2567 4936 Erudiamur
2593 4879 2741 4946 binc,
2779 4888 2938 4949 atque
2969 4895 3037 4936 ex
3067 4881 3302 4952 utrisque
3325 4885 3490 4939 lucri-

1904 4979 2157 5034 faciamus
2196 4976 2396 5047 aliquid
2437 4991 2452 5028 :
2493 4983 2547 5028 ct
2589 4973 2688 5029 bos
2736 4974 2950 5043 quidem
2995 4974 3299 5039 imitemur,
3350 4978 3489 5032 illius

1902 5075 2078 5120 autem
2118 5077 2299 5118 mores
2333 5061 2618 5132 fugiamus.
2663 5058 2796 5113 Nam
2835 5059 2880 5113 si
2921 5059 2965 5113 is
2991 5100 3008 5123 ,
3054 5060 3142 5129 qui
3181 5060 3489 5116 sensibilcm

1905 5160 2196 5214 nttditatcm
2220 5153 2502 5223 evolgavit,
2535 5151 2820 5207 maledicto
2846 5165 2904 5206 se
2931 5150 3055 5204 fecit
3079 5151 3399 5216 obuoxium,
3434 5163 3490 5210 et

1903 5251 2154 5307 excidcns
2174 5247 2243 5302 ab
2266 5246 2469 5300 honore
2493 5257 2649 5312 quem
2679 5257 2859 5312 parem
2879 5241 3196 5296 habuitrqu
3217 5241 3490 5308 fratribus,

1904 5343 2288 5400 eundenmatus
2313 5345 2395 5391 est
2437 5343 2496 5389 ut
2531 5333 2639 5388 illis
2686 5334 2948 5398 serviret;
2994 5332 3120 5387 licet
3159 5343 3334 5389 autem
3383 5349 3490 5391 non

1905 5436 2037 5505 ipse,
2067 5447 2252 5487 omnes
2278 5442 2452 5484 tamen
2482 5426 2570 5498 qui
2597 5440 2665 5481 ex
2690 5426 2828 5495 ipso,
2857 5425 2998 5480 servi
3029 5425 3151 5480 facti
3177 5435 3338 5480 sunt:
3361 5426 3490 5497 quid

1905 5527 2169 5599 patientur
2189 5523 2278 5593 qui
2305 5527 2520 5592 peccata
2546 5517 2769 5573 fratrum
2798 5517 3066 5586 evulgant,
3098 5527 3152 5572 et
3182 5533 3285 5572 non
3315 5520 3490 5575 solum

1905 5633 2012 5673 non
2041 5620 2330 5683 contegunt
2357 5618 2411 5665 et
2447 5616 2724 5672 excusant,
2767 5604 2861 5660 sed
2907 5607 3074 5676 magis
3115 5622 3179 5661 ea
3210 5609 3382 5675 palam
3415 5609 3493 5663 fa-

1905 5711 2074 5777 ciunt,
2107 5707 2378 5774 multaque
2401 5716 2466 5756 ex
2509 5700 2611 5755 hoc
2638 5707 2929 5768 operantur
2972 5697 3225 5767 peccata?
3265 5698 3490 5772 Quando

1903 5804 2045 5860 enim
2090 5797 2268 5856 fratris
2317 5802 2591 5852 peccatum
2638 5791 2886 5860 evulsas,
2932 5804 3038 5846 non
3088 5789 3234 5846 illum
3273 5793 3487 5842 tantutn
