4080 6482
648 412 750 467 267

650 521 1132 595 ignominiosiorem
1161 519 1309 584 facis,
1337 526 1389 571 et
1416 514 1715 583 segniorem
1753 509 1886 564 forte
1916 509 1982 562 ad
2014 507 2222 562 virtutis

650 620 786 671 viam
818 613 1181 685 repetendam,
1214 611 1305 666 sed
1334 617 1390 663 et
1427 621 1520 662 eos
1543 605 1628 674 qui
1657 602 1876 657 audiunt
1896 642 1911 666 ,
1952 601 2224 670 negligen-

649 711 810 765 tiores
856 707 1073 771 reddis,
1119 717 1172 759 ct
1210 703 1274 757 ad
1306 699 1602 754 socordiam
1633 696 1874 749 inducis:
1908 709 2079 764 neque
2121 692 2220 747 hoc

647 800 844 861 solum,
889 797 982 852 sed
1025 797 1181 850 etiam
1228 791 1278 846 id
1324 789 1493 846 efﬁcis
1539 797 1594 842 ut
1642 788 1776 839 lleus
1807 783 2217 853 biaspltentelur.

653 887 793 942 Istud
816 895 992 941 autem
1012 893 1265 953 quantum
1291 880 1443 934 affert
1468 876 1782 945 supplicium
1809 875 1872 926 iis
1892 873 1979 943 qui
2009 886 2219 926 causam

650 980 888 1049 pra-bent
907 1017 922 1041 ,
953 990 1109 1030 nemo
1134 980 1218 1027 est
1239 972 1325 1042 qui
1357 972 1581 1040 ignoret.
1613 965 1894 1035 Fugiamus
1923 963 2099 1033 igitur,
2129 959 2223 1014 ob-

650 1083 824 1130 secro.
856 1081 1036 1122 mores
1060 1064 1250 1127 Cham,
1279 1061 1545 1115 imitemur
1574 1066 1748 1110 autem
1775 1053 2061 1125 proborum
2103 1051 2222 1106 illo-

647 1175 763 1215 rum
793 1158 1019 1212 liliorum
1048 1155 1322 1224 pudorem,
1354 1165 1509 1221 quem
1537 1149 1588 1202 in
1617 1145 1945 1215 contegenda
1993 1141 2223 1213 parentis

645 1251 883 1306 nuditate
906 1249 1244 1303 declararunt
1280 1262 1296 1298 :
1325 1254 1378 1298 ct
1405 1244 1474 1296 ita
1501 1240 1814 1310 obtegamus
1851 1237 2070 1291 fratrum
2099 1247 2220 1304 pec-

642 1352 782 1406 cata,
811 1357 914 1395 non
963 1349 1019 1393 ut
1062 1340 1204 1405 ipsos
1233 1332 1645 1404 negligentiam:
1671 1343 1765 1398 per
1791 1327 1892 1381 boc
1914 1323 2220 1388 reddamus,

643 1433 737 1488 sed
766 1440 824 1486 ut
850 1431 947 1484 bac
978 1429 1180 1482 ratione
1211 1425 1468 1493 majorem
1499 1421 1601 1475 illis
1627 1418 1959 1473 occasionem
1984 1413 2219 1485 prxbea-

645 1538 783 1588 mus,
815 1530 871 1576 ut
899 1521 1006 1574 cito
1036 1519 1102 1572 ab
1135 1519 1232 1571 bac
1262 1513 1493 1584 pernicie
1521 1511 1829 1572 liberentur,
1863 1507 1984 1561 etin
2015 1503 2223 1559 virtutis

642 1613 782 1667 viam
813 1609 1048 1666 redeant.
1095 1607 1225 1661 Nam
1249 1607 1387 1658 sicut
1423 1617 1525 1656 non
1555 1599 1748 1652 multos
1780 1595 1976 1651 habere
1995 1594 2220 1650 delicto-

642 1718 760 1756 rum
805 1710 968 1756 teStes
1005 1693 1332 1766 resipiscenti
1377 1691 1668 1746 faciliorem
1707 1687 1938 1742 reditum
1969 1681 2172 1755 prabet
2203 1699 2218 1738 :

639 1793 716 1846 sic
736 1833 750 1855 ,
778 1791 824 1844 si
851 1789 1078 1844 frontem
1110 1781 1442 1854 perfricucrit
1469 1779 1701 1842 animus,
1731 1786 1787 1832 et
1825 1775 2014 1830 viderit
2047 1773 2221 1829 nemi-

640 1896 761 1936 nem
779 1882 1021 1949 ignorare
1039 1891 1157 1946 qua:
1179 1874 1316 1929 mala
1339 1869 1631 1933 admiserit,
1650 1883 1754 1923 non
1786 1865 1938 1921 facile
1957 1865 2223 1920 desistere

641 1974 820 2028 volet:
857 1972 951 2028 sed
977 1969 1127 2042 quasi
1157 1969 1211 2022 in
1249 1963 1569 2037 profundum
1597 1962 1766 2016 lutum
1813 1958 2123 2021 incidisset,
2169 1962 2224 2009 et

640 2064 890 2120 deorsum
921 2061 988 2116 ab
1019 2058 1310 2115 innumeris
1355 2063 1635 2126 raperetur
1679 2051 1964 2116 ﬂuctibus,
2009 2048 2223 2104 diflicile

642 2171 920 2225 emergere
948 2153 1182 2225 poterit:
1228 2150 1279 2204 in
1309 2145 1737 2216 desperationem
1779 2141 1924 2198 extim
1961 2139 2137 2206 cadit,
2166 2147 2222 2194 et

643 2247 847 2303 nullum
877 2246 976 2300 sibi
1005 2244 1230 2298 reditum
1265 2237 1541 2309 promittit.

709 2341 764 2397 5.
807 2338 1044 2401 Idcirco,
1095 2347 1321 2404 precor,
1373 2345 1442 2385 ne
1489 2328 1798 2398 detegamus
1856 2323 2218 2394 proximorum

639 2433 839 2503 lapsus,
862 2437 916 2483 et
944 2429 986 2482 si
1014 2426 1082 2481 ab
1096 2425 1214 2481 aliis
1239 2439 1332 2479 eos
1360 2421 1722 2484 didicerimus,
1754 2432 1821 2473 ne
1837 2427 2136 2486 satagamus
2165 2424 2221 2470 ut

640 2522 852 2579 nuditas
879 2519 1116 2573 videatur
1147 2534 1160 2568 :
1194 2514 1286 2569 sed
1313 2515 1448 2568 sicut
1474 2509 1626 2582 probi
1657 2509 1733 2562 illi
1760 2506 1850 2562 lilii
1881 2506 2216 2575 obtegamus,

639 2613 1037 2674 a'dumbremus,
1055 2606 1415 2662 admonitione
1440 2612 1493 2658 et
1512 2600 1746 2657 consiliis
1762 2599 1963 2670 lapsam
1989 2597 2220 2650 animam

641 2705 846 2776 erigere
889 2700 1213 2764 Studeamus,
1262 2691 1640 2750 misericordia
1669 2690 1763 2747 Dei
1806 2685 2220 2759 magnitudinem

640 2795 914 2858 docentes,
955 2799 1010 2845 ct
1052 2788 1302 2844 bonitatis
1346 2786 1462 2854 ejus
1501 2779 1870 2838 excellentiam
1914 2787 1969 2833 et
2011 2776 2221 2832 miscri-

640 2888 834 2944 cordizc
880 2883 1308 2941 immensitatem,
1359 2887 1415 2931 ut
1444 2877 1698 2945 majorem
1746 2887 1906 2943 quam
1956 2871 2030 2926 illi
2060 2870 2222 2926 bene-

640 2981 924 3036 dictionem
950 2977 1018 3031 ab
1045 2974 1279 3028 omnium
1312 2971 1534 3026 Omnino
1552 2979 1963 3036 consequamur,
1989 2963 2089 3031 Qui
2118 2962 2221 3016 vult

642 3087 812 3124 omnes
859 3067 1083 3121 homines
1127 3065 1292 3117 salvos
1322 3057 1453 3128 fieri,
1498 3069 1544 3112 et
1577 3058 1644 3110 ad
1671 3056 1976 3126 agnitionem
2001 3053 2220 3108 veritatis

643 3159 810 3214 venire
843 3160 920 3227 (1.
943 3157 1078 3212 Tim.
1099 3156 1154 3208 2.
1185 3154 1273 3222 4);
1298 3151 1384 3220 qui
1414 3165 1518 3204 non
1549 3148 1657 3202 vult
1683 3145 1896 3200 Mortem
1928 3146 2218 3216 peccatoris,

644 3253 732 3306 sed
764 3262 818 3306 ut
844 3257 1157 3303 convertatur
1177 3256 1223 3298 et
1261 3246 1390 3298 vivat
1420 3241 1631 3312 (Ezech.
1666 3240 1750 3295 18.
1777 3237 1895 3310 25).
1919 3237 1985 3291 Et
2014 3238 2219 3291 nudita-

644 3356 762 3407 tem,
811 3340 997 3411 inquit,
1036 3337 1193 3407 patris
1233 3336 1313 3388 sui
1359 3349 1458 3386 non
1503 3332 1748 3384 viderunt.
1785 3329 1915 3383 Vide
1955 3327 2223 3398 quomodo

646 3450 741 3503 per
767 3432 935 3501 legem
965 3437 1164 3484 natura:
1193 3426 1408 3480 inditam
1440 3424 1583 3492 prius
1605 3430 1660 3476 et
1696 3420 1763 3476 ab
1792 3419 1942 3474 initio
1965 3420 2220 3490 impleve-

642 3534 767 3581 runt
793 3539 855 3578 ea
884 3539 998 3593 quae
1029 3531 1147 3591 post
1174 3518 1236 3572 ad
1281 3517 1626 3571 erudiendum
1658 3513 1942 3568 Immanum
1973 3527 2141 3583 genus
2168 3512 2218 3564 in

643 3618 758 3687 lege
781 3617 974 3684 scripta
1008 3614 1218 3667 fuerunt
1251 3628 1261 3660 :
1291 3619 1346 3664 et
1371 3607 1420 3661 id
1452 3608 1590 3678 quod
1623 3608 1705 3661 lex
1733 3607 1979 3660 dicebat:
2014 3605 2219 3658 Honora

645 3717 836 3776 patrem
864 3715 1004 3758 tuum
1045 3712 1091 3754 et
1136 3709 1345 3753 matrem
1391 3709 1550 3761 tuam,
1585 3707 1636 3749 ut
1666 3697 1786 3749 bene
1810 3695 1873 3748 sit
1909 3695 1996 3748 tibi
2022 3693 2217 3764 (Exod.

641 3797 732 3852 20.
771 3796 890 3865 l2):
919 3802 991 3859 et,
1024 3791 1123 3857 Qui
1161 3789 1409 3843 maledicit
1442 3789 1573 3859 patri
1609 3788 1682 3841 vel
1729 3787 1895 3852 matri,
1930 3795 2086 3840 morte
2110 3800 2220 3838 tuo-

643 3883 933 3954 riaturUb.
966 3881 1056 3936 2i.
1085 3883 1203 3948 l7):
1255 3881 1356 3933 ltoc
1395 3879 1502 3946 jatn
1550 3877 1798 3949 operibus
1846 3877 2217 3943 impleverunt.
2265 3941 2282 3960 ε

645 3976 832 4031 Vidisti
863 3971 1131 4043 quomodo
1160 3981 1342 4023 natura
1367 3969 1512 4038 prius
1534 3966 1882 4021 suflicicntem
1915 3965 2096 4020 habuit
2123 3966 2217 4020 do—

641 4073 865 4130 ctrinam
883 4071 906 4123 ?

715 4162 945 4215 Ebrietas
983 4159 1176 4212 dmmon
1209 4151 1720 4209 voluntarium—2i.
1751 4149 2219 4220 Erigilauitantem,

646 4254 835 4322 inquit,
889 4250 1003 4303 Noe
1031 4267 1061 4300 ιι
1092 4248 1226 4312 vino,
1277 4256 1323 4300 ct
1351 4245 1577 4315 cognovit
1621 4258 1732 4309 qua:
1760 4243 1946 4310 fecerat
1971 4241 2060 4294 sibi
2088 4242 2224 4309 ﬁlius

636 4345 834 4414 junior.
884 4340 1151 4409 Evigilavit
1197 4348 1406 4401 autem,
1459 4337 1644 4404 inquit.
1693 4334 1923 4388 Audiant
1965 4334 2053 4400 qui
2099 4334 2222 4386 totis

647 4435 830 4490 diebus
872 4435 921 4487 in
953 4429 1209 4485 conviviis
1253 4438 1528 4481 versantur
1568 4428 1743 4494 lapsus
1771 4429 2104 4494 gravitatem,
2138 4422 2220 4476 fu-

644 4527 892 4593 giantque
936 4520 1074 4589 quod
1125 4534 1187 4572 ex
1234 4517 1488 4570 eluit-tate
1513 4525 1591 4568 est
1614 4516 1885 4568 damnum.
1935 4513 2030 4566 Sui
2057 4521 2220 4565 autem

641 4617 808 4687 factus
854 4627 1074 4680 compos,
1121 4608 1304 4678 inquit.
1336 4606 1467 4673 Quid
1499 4615 1600 4668 est,
1645 4605 1740 4658 Sui
1771 4607 1933 4672 factus
1978 4603 2223 4672 compos?

649 4707 701 4761 Id
717 4704 854 4773 quod
876 4717 969 4755 nos
986 4702 1192 4755 discere
1218 4699 1451 4752 solennis
1468 4697 1532 4749 de
1551 4695 1777 4760 furiosis,
1799 4695 1840 4746 si
1859 4693 2067 4762 quando
2082 4694 2144 4746 ad
2163 4707 2221 4746 se

645 4795 863 4850 redeant
892 4811 903 4843 :
941 4792 1033 4845 Hic
1063 4806 1090 4844 a
1118 4789 1359 4842 dtemone
1389 4795 1664 4854 correptus
1686 4787 1764 4839 sui
1789 4799 2008 4853 compos
2032 4783 2218 4847 factus,

645 4899 699 4941 et
727 4887 792 4936 ab
836 4882 971 4936 illius
1003 4880 1280 4951 tyrannide
1312 4879 1560 4932 liberatus
1603 4887 1685 4930 cst
1717 4894 1729 4928 ε
1764 4876 1813 4929 id
1855 4877 1952 4928 sibi
1985 4876 2096 4928 vult
2124 4875 2224 4930 hoc

645 4975 764 5034 loco
807 4976 1097 5043 Scriptura.
1151 4971 1284 5026 Vere
1329 4972 1470 5024 enim
1518 4971 1745 5023 ebrietas
1789 4968 2116 5022 voluntarius
2139 4978 2222 5023 est

647 5071 877 5131 daemon,
907 5079 954 5118 et
979 5066 1188 5136 gravius
1215 5080 1369 5133 quam
1397 5065 1602 5116 damon
1632 5072 1860 5116 mentem
1883 5063 2216 5125 obtenebrat,

644 5173 695 5217 et
725 5171 936 5229 captum
985 5157 1127 5210 omni
1177 5157 1540 5212 benevolentia
1588 5153 1845 5209 destituit.
1897 5157 2048 5222 Sa‘pe
2078 5156 2218 5209 enim

647 5254 1028 5308 d:cttt0tti.tcmtt
1053 5251 1288 5304 videntes
1316 5248 1672 5302 misericordia
1703 5252 1992 5310 mdvetuur,
2017 5260 2068 5302 et
2095 5265 2220 5302 con-

645 5347 908 5409 dolemus,
957 5358 1304 5411 magnamque
1351 5358 1472 5408 erga
1521 5341 1663 5393 illum
1699 5340 2218 5396 eommiscrationem

650 5436 1012 5499 declaramus;
1062 5445 1244 5487 contra
1285 5444 1458 5485 autem
1487 5431 1704 5486 facimus
1736 5433 1873 5484 circa
1902 5432 2073 5486 ebrios
2099 5451 2111 5487 :
2142 5435 2219 5484 iu-

645 5525 923 5594 .lignatnur
943 5525 1102 5578 enim.
1134 5539 1268 5592 :egrc
1289 5523 1521 5585 fetimus,
1547 5525 1821 5578 innumera
1848 5523 2195 5591 imprecantur

647 5614 820 5679 Quare
849 5627 900 5670 et
924 5631 1023 5684 qua
1055 5616 1120 5668 de
1148 5615 1342 5668 causa?
1370 5616 1496 5679 Quia
1530 5617 1611 5669 ille
1635 5618 1719 5685 qui
1748 5631 1776 5669 a
1817 5616 1953 5670 maio
1979 5616 2217 5670 dammae

646 5708 892 5776 agitatur,
927 5708 1307 5759 involuntarins
1353 5719 1604 5775 operatur
1629 5723 1688 5760 ea
1718 5723 1834 5776 qua:
1861 5717 2127 5776 operatur,
2158 5724 2217 5762 ac

655 5798 776 5855 licet
819 5799 1133 5866 recalcilt‘et,
1180 5799 1300 5854 licet
1347 5809 1550 5869 rumpat
1597 5810 1817 5866 vestem,
1863 5809 1918 5854 et
1967 5800 2213 5857 obscmna

1406 401 1466 457 S.
1504 395 1778 458 JOANNIS
1815 392 2284 452 CIIRYSOSTOIII
2321 393 2637 451 ARCIIIEP.
2679 393 3210 451 CONSTANTINOP.

3822 398 3920 453 268

2330 508 2590 577 qumpiatn
2642 507 2906 574 loquatur,
2958 508 3111 562 venia
3155 508 3345 578 dignus
3385 517 3682 563 censetur:
3739 519 3793 562 at
3838 513 3922 579 qui

2328 598 2505 653 ebrius
2549 606 2650 662 est,
2696 597 2949 668 quidquid
2995 599 3201 663 fecerit,
3248 612 3352 652 non
3383 606 3465 652 est
3491 598 3645 652 venia
3683 599 3920 668 dignus:

2325 689 2420 742 sed
2464 697 2519 742 et
2564 688 2714 742 valde
2760 688 3001 742 incusant
3044 688 3191 743 illum
3219 688 3524 752 familiares,
3551 691 3738 752 amici.
3770 703 3823 745 et
3849 694 3924 743 vi-

2326 775 2455 844 cini',
2484 790 2536 836 et
2567 781 2618 836 in
2645 795 2852 836 summa
2881 795 3100 844 omnes;
3145 782 3266 850 quia
3298 791 3490 851 sponte
3533 791 3588 838 et
3617 781 3924 837 voluntarie

2330 869 2381 923 in
2426 870 2562 926 lianc
2615 871 2904 941 nequitiam
2953 871 3180 934 transiit,
3227 881 3281 926 et
3325 873 3600 928 ebrietatis
3653 875 3923 944 tyrannidi

2327 959 2561 1028 scipsum
2591 961 2811 1017 dedidit.
2843 962 2904 1016 Et
2925 961 3038 1016 hinc
3061 960 3181 1015 dico
3205 976 3310 1015 ιιοιι
3339 973 3394 1015 ιιι
3435 963 3636 1031 justum
3661 965 3924 1018 incusem:

2327 1054 2490 1106 multa
2538 1055 2680 1108 cnim
2729 1064 2880 1109 erant
2924 1064 3141 1124 propter
3169 1069 3287 1123 qua:
3316 1054 3387 1109 illi
3421 1056 3572 1108 venia
3602 1057 3923 1120 debebatur,

2327 1152 2381 1196 et
2424 1158 2544 1195 eum
2595 1144 2796 1212 primis,
2827 1145 2968 1214 quod
3019 1161 3123 1198 non
3158 1144 3208 1199 in
3241 1145 3290 1198 id
3323 1145 3432 1199 vitii
3463 1154 3646 1214 postea
3677 1147 3926 1214 relapsus

2327 1241 2429 1295 est,
2473 1233 2521 1286 id
2549 1234 2690 1302 quod
2732 1236 3020 1288 maximum
3047 1234 3206 1290 fuerit
3234 1234 3488 1290 indicium
3511 1251 3636 1290 cum
3665 1253 3734 1289 ex
3770 1237 3927 1304 igno-

2327 1325 2518 1386 rantia,
2565 1339 2670 1378 non
2719 1340 2784 1380 ex
2830 1325 3145 1395 negligentia
3191 1325 3336 1395 prius
3366 1327 3680 1397 deliquisse.
3717 1327 3852 1380 Nam
3881 1329 3924 1379 si

2327 1411 2428 1467 hoc
2451 1412 2632 1468 fuisset
2666 1415 3020 1483 negligentiae,
3049 1418 3326 1486 oportebat
3354 1433 3474 1470 eum
3504 1418 3700 1472 iterum
3733 1415 3924 1470 eodem

2330 1503 2517 1557 morbo
2551 1504 2708 1573 capi:
2737 1505 2790 1559 id
2833 1506 2974 1574 quod
3023 1521 3127 1560 non
3171 1507 3371 1562 evenit.
3414 1507 3542 1560 Nam
3589 1508 3634 1561 si
3661 1507 3847 1560 denuo
3878 1508 3923 1560 id

2327 1595 2630 1662 accidisset,
2681 1596 2953 1667 Scriptura
2999 1599 3180 1668 utique
3226 1614 3330 1654 non
3361 1599 3695 1664 obticuisset,
3730 1600 3826 1654 sed
3855 1603 3924 1653 si-

2325 1683 2631 1755 gnificasset
2659 1687 2831 1741 nobis.
2861 1687 3008 1743 Unus
3033 1690 3174 1743 enim
3198 1703 3390 1758 scopas
3409 1698 3463 1742 et
3494 1690 3760 1743 terminus
3779 1688 3925 1745 Scri—

2328 1783 2494 1846 ptura
2541 1775 2735 1831 divinae
2775 1787 2874 1840 est,
2906 1794 2973 1834 ne
3001 1779 3127 1848 quid
3170 1779 3429 1834 factorum
3460 1780 3802 1846 intermittat,
3833 1782 3923 1834 sed

2328 1869 2606 1923 veritatem
2653 1884 2752 1924 nos
2791 1870 2998 1926 doceat.
3030 1870 3213 1941 Neque
3239 1873 3382 1927 enim
3428 1884 3650 1942 propter
3669 1873 3922 1927 invidiam

2320 1958 2590 2030 iustorum
2647 1961 2869 2016 virtutes
2926 1962 3181 2032 prmterit,
3213 1977 3385 2032 neque
3426 1971 3644 2032 propter
3696 1963 3924 2034 gratiam

2329 2060 2544 2121 peccata
2571 2050 2853 2106 adumbrat
2880 2071 2894 2107 :
2920 2052 3016 2108 sed
3057 2053 3234 2108 omnia
3268 2054 3324 2109 in
3352 2053 3586 2108 medium
3619 2052 3777 2108 nobis
3805 2069 3925 2123 pro-

2326 2142 2492 2211 ponit,
2524 2153 2579 2196 ut
2601 2143 2835 2212 regulam
2861 2153 2916 2198 et
2952 2144 3248 2200 doctrinam
3278 2145 3558 2217 quamdam
3602 2146 3920 2210 habuisses,

2324 2241 2378 2287 et
2420 2240 2477 2286 ut
2528 2233 2573 2286 si
2602 2233 2814 2303 quando
2843 2235 3003 2289 etiam
3035 2251 3134 2291 nos
3162 2251 3256 2306 per
3281 2237 3583 2292 socordiam
3613 2239 3666 2292 in
3694 2239 3825 2308 quid
3851 2241 3922 2291 vi-

2323 2322 2383 2377 tii
2436 2322 2805 2392 inciderintus,
2854 2327 3122 2382 cautiores
3169 2329 3339 2382 simus
3386 2336 3591 2398 postea,
3636 2343 3710 2384 ne
3745 2329 3922 2383 denuo

2325 2413 2638 2470 incidamus.
2671 2415 2852 2486 Neque
2877 2419 3018 2472 enim
3046 2427 3154 2473 tam
3174 2433 3342 2489 grave
3361 2430 3444 2476 est
3472 2434 3720 2490 peccare,
3757 2436 3916 2491 qttam

2325 2499 2377 2554 in
2424 2503 2656 2570 peccatis
2703 2517 3068 2570 perseverare.
3119 2503 3301 2574 Itaque
3341 2519 3446 2560 non
3473 2505 3693 2560 attende
3739 2508 3913 2562 solum

2323 2591 2466 2662 quod
2497 2592 2787 2647 inebriatus
2828 2594 2896 2648 sit
2937 2594 3145 2664 justus,
3185 2594 3280 2650 sed
3309 2596 3448 2666 quod
3480 2608 3664 2666 postea
3695 2612 3804 2652 non
3827 2598 3922 2653 ite-

2323 2695 2441 2736 rum
2473 2681 2575 2737 hoc
2603 2682 2651 2737 ei
2693 2684 2968 2738 acciderit.
3019 2684 3152 2739 Illud
3196 2700 3324 2741 vero
3351 2686 3631 2742 considera
3657 2729 3674 2754 ,
3707 2702 3804 2742 eos
3835 2689 3923 2757 qui

2328 2772 2380 2827 in
2426 2774 2660 2829 tabernis
2692 2776 2906 2829 vinariis
2944 2778 3180 2845 quotidie
3205 2791 3592 2832 consumuntur
3615 2821 3631 2844 ,
3663 2789 3721 2835 et
3753 2781 3923 2834 ferme

2323 2861 2818 2934 dixerim,quotidic
2838 2868 3134 2920 moritmtur
3159 2867 3397 2922 :etiamsi
3425 2867 3638 2938 quando
3661 2870 3748 2925 sui
3772 2884 3922 2926 catu-

2326 2963 2476 3020 potes
2519 2953 2714 3008 fuerint
2759 2954 2882 3009 facti
2905 2997 2919 3018 ,
2954 2972 3125 3026 neque
3147 2959 3222 3011 sic
3267 2958 3367 3011 sibi
3409 2970 3595 3013 cavent
3627 2959 3698 3014 ab
3725 2961 3918 3016 eodem

2325 3043 2562 3110 periculo
2581 3083 2597 3108 ,
2626 3044 2718 3098 sed
2749 3047 2897 3114 quasi
2934 3047 2999 3100 ad
3032 3064 3166 3116 opus
3195 3047 3464 3118 quoddam
3493 3057 3772 3105 strenuum
3806 3053 3922 3106 red-

2322 3142 2469 3186 eunt.
2517 3133 2734 3206 Insuper
2791 3145 2846 3190 et
2892 3137 2992 3192 hoc
3046 3141 3166 3208 quis
3203 3140 3324 3208 jure
3364 3140 3648 3210 cogitabit.
3713 3143 3914 3210 justum

2327 3221 2494 3287 illum,
2541 3227 2640 3278 etsi
2681 3227 2822 3295 qnol
2855 3243 2958 3281 non
2999 3239 3250 3298 expertus
3291 3240 3454 3295 esset,
3487 3246 3585 3285 nec
3624 3232 3791 3288 sciret
3819 3249 3920 3304 qua

2325 3325 2576 3366 mensura
2614 3326 2759 3368 esset
2781 3317 3030 3370 utendum
3052 3360 3066 3382 ,
3099 3319 3386 3373 inebriatus
3406 3319 3507 3386 sit;
3538 3329 3774 3382 atumat
3801 3340 3920 3380 cum

2322 3400 2501 3470 justus
2530 3416 2690 3467 esset,
2741 3417 2794 3460 et
2835 3409 3012 3460 multis
3041 3409 3191 3464 bonis
3234 3411 3455 3479 polleret
3493 3415 3763 3481 operibus,
3803 3430 3920 3484 [Iec-

2323 3503 2522 3558 calum,
2578 3497 2717 3567 quod
2769 3514 2892 3552 casu
2930 3503 3126 3567 evenit,
3185 3502 3436 3572 obtegere
3491 3505 3770 3573 potuisse:
3825 3526 3918 3563 nos

2323 3593 2499 3637 autem
2541 3602 2660 3639 cum
2695 3589 2762 3642 ab
2782 3589 3072 3644 innumeris
3121 3593 3236 3647 aliis
3291 3593 3658 3649 affectionibus
3700 3598 3807 3652 infe
3841 3609 3916 3654 te-

2325 3697 2462 3749 tnur,
2505 3695 2558 3738 et
2601 3683 2700 3739 hoc
2739 3685 3018 3752 addamus,
3052 3699 3104 3742 ut
3135 3699 3185 3743 et
3216 3688 3282 3741 ab
3316 3690 3572 3745 ebrietate
3602 3692 3913 3764 submerga-

2326 3788 2462 3836 mur,
2516 3777 2639 3845 quid
2685 3778 2994 3830 excusabit?
3029 3779 3107 3832 vel
3145 3779 3284 3848 quis,
3318 3780 3422 3842 dic,
3453 3797 3569 3844 oro,
3604 3798 3702 3836 nus
3730 3783 3917 3853 digna-

2325 3865 2464 3919 bitur
2488 3868 2660 3932 venia,
2685 3883 2818 3938 quos
2847 3871 2985 3923 nulla
3017 3873 3342 3939 experientia
3372 3872 3493 3927 facit
3514 3876 3917 3944 castigatior-ev

2325 3953 2597 4026 Evigilavit
2637 3971 2802 4011 autem
2851 3958 2982 4024 Noe,
3030 3962 3218 4030 inquit,
3247 3980 3277 4013 a
3307 3964 3440 4025 uiuo,
3473 3975 3521 4015 et
3545 3970 3776 4034 cognorit
3805 3984 3916 4035 qua:

2325 4049 2439 4118 fecit
2459 4048 2554 4101 sibi
2573 4050 2712 4117 ﬁlius
2733 4066 2852 4104 suus
2869 4051 3067 4119 junior.
3085 4052 3233 4108 Unde
3255 4069 3446 4124 Cngnm
3462 4057 3533 4108 it?
3549 4055 3708 4112 Forte
3731 4061 3918 4114 ftatrcs

2325 4140 2775 4210 sigttilicavcrtml,
2824 4159 2926 4197 non
2960 4156 3013 4198 ιιι
3058 4143 3272 4199 fratrem
3303 4159 3635 4212 accusarent,
3670 4152 3764 4204 sed
3808 4169 3914 4206 rem

2328 4240 2383 4283 ut
2413 4234 2546 4286 facta
2572 4244 2685 4287 erat
2713 4237 2985 4301 docentes,
3036 4247 3090 4289 ut
3119 4241 3438 4292 Conveniens
3467 4241 3554 4294 ille
3581 4258 3681 4296 suo
3714 4246 3916 4299 \ulneri

2329 4324 2622 4376 remedium
2672 4327 2954 4394 acciperet.
3003 4325 3069 4378 Et
3116 4330 3362 4397 cognovit,
3410 4331 3597 4399 inquit,
3646 4333 3760 4387 Noe
3781 4355 3914 4401 que-

2327 4428 2538 4483 cumque
2578 4416 2763 4481 fecerat
2809 4416 2903 4468 sibi
2931 4417 3070 4482 ﬁlius
3096 4435 3216 4470 suus
3233 4419 3429 4488 junior.
3463 4419 3597 4487 Quid
3625 4433 3730 4488 est,
3761 4425 3915 4490 ραι·-

2324 4522 2532 4574 cumque
2558 4509 2784 4575 fecerat?
2817 4509 3056 4577 Magnam
3087 4519 3139 4564 et
3180 4511 3563 4566 intolerabilem
3594 4529 3706 4567 rem
3734 4517 3916 4572 dicere

2330 4599 2459 4650 vult.
2492 4599 2867 4653 Animadverte
2893 4599 3032 4653 enim
3065 4601 3329 4668 quomodo
3356 4603 3496 4656 intus
3525 4601 3578 4657 in
3611 4603 3774 4658 domo
3805 4607 3911 4660 visa

2327 4689 2492 4756 patris
2523 4691 2867 4757 turpitudine,
2897 4705 3016 4744 Cum
3060 4691 3330 4745 debuisset
3367 4694 3636 4762 obtegere,
3667 4711 3912 4764 egressus

2327 4780 2607 4848 evolgavit,
2637 4790 2688 4834 et
2716 4782 2844 4834 risui
2875 4791 3031 4850 atque
3056 4782 3450 4837 subsannatloni
3482 4795 3709 4855 patrem,
3745 4803 3911 4857 quan.

2330 4878 2436 4921 ttnn
2470 4871 2519 4923 in
2547 4870 2662 4939 ipso
2689 4882 2822 4936 erat,
2855 4872 3124 4941 exposuit,
3155 4871 3448 4944 fratresque
3478 4890 3652 4943 prava:
3679 4894 3792 4932 sua:
3818 4896 3909 4932 vo-

2327 4960 2538 5015 luntatis
2567 4963 2736 5017 socios
2766 4977 2883 5017 esse
2908 4963 3102 5016 voluit:
3125 4980 3244 5017 cum
3268 4965 3604 5032 oportuisset,
3624 4968 3669 5020 si
3693 4971 3908 5022 omnino

2327 5055 2659 5107 nunriaturus
2705 5065 2838 5120 erat,
2881 5056 2999 5109 illos
3035 5056 3168 5108 intra
3220 5056 3436 5110 domum
3484 5073 3698 5124 vocare,
3752 5072 3808 5115 ct
3835 5067 3906 5115 sic

2329 5143 2616 5197 nuditatem
2646 5145 2794 5198 eilari
2829 5165 2841 5194 :
2871 5147 2963 5198 sed
2997 5136 3107 5213 ipse
3141 5147 3278 5199 foras
3305 5147 3461 5212 exiit,
3492 5147 3788 5204 nuditatem
3818 5154 3899 5205 de-

2325 5233 2564 5295 claravit,
2612 5236 2760 5304 quasi
2799 5237 2956 5288 etiam
3006 5237 3104 5288 alia
3145 5235 3354 5290 adesset
3405 5238 3553 5291 turba
3607 5239 3901 5306 hominum,

2324 5340 2455 5392 quiis
2480 5327 2637 5378 etiam
2665 5325 2900 5379 facturus
2921 5336 3062 5379 esset
3093 5338 3321 5394 paterna:
3345 5328 3682 5396 turpitudinis
3706 5342 3866 5386 testes
3889 5350 3901 5385 :

2327 5430 2540 5486 promer
2585 5421 2682 5472 ltoe
2731 5419 2915 5487 inquit,
2953 5419 3078 5485 Quae
3104 5423 3316 5488 fecerat;
3349 5421 3396 5473 id
3428 5431 3526 5486 ρει,
3560 5425 3901 5477 contumelio-

2325 5525 2415 5563 sus
2441 5510 2574 5578 patri
2601 5509 2714 5570 fuit,
2745 5510 2939 5562 oblitus
2968 5519 3049 5562 est
3078 5511 3290 5564 honoris
3319 5528 3476 5578 quem
3501 5513 3697 5564 debent
3721 5532 3730 5576 ι
3753 5528 3901 5566 area-

2326 5601 2461 5654 tibus
2494 5601 2604 5660 filii,
2652 5600 2880 5668 prodidit
2922 5612 3152 5668 peccata,
3188 5602 3325 5654 fratri
3349 5615 3376 5653 Β
3401 5601 3561 5654 νιιΙιιίι
3590 5603 3828 5668 allicere,
3853 5615 3901 5659 et

2325 5692 2495 5746 socios
2525 5695 2695 5745 facere
2720 5709 2828 5744 sum
2851 5695 3210 5754 contenti-lim.
3232 5694 3355 5757 er
3372 5694 3556 5761 [ει-ιννηι
3579 5692 3691 5756 sibi,
3716 5695 3898 5764 inquit,

2327 5785 2462 5850 filias
2507 5800 2627 5839 suus
2668 5783 2853 5848 iunior.
2889 5787 3038 5853 Atqui
3074 5801 3176 5838 non
3204 5785 3287 5838 llic
3314 5793 3425 5838 erat
3461 5786 3679 5854 juuiur‘,
3711 5802 3899 5843 accu-
