4080 6518
140 529 248 584 dus
271 527 413 584 enim
442 535 576 595 erat,
607 535 663 584 et
691 524 860 596 major
890 528 1015 577 natu
1043 532 1203 590 quam
1228 515 1457 587 Japheth
1485 532 1498 571 :
1525 521 1579 569 at
1607 512 1733 568 licet

144 627 306 676 aetate
331 620 422 675 illo
449 621 592 691 prior
613 627 748 678 erat.
778 616 1051 670 voluntate
1073 623 1248 668 tamen
1271 610 1462 672 minor,
1485 617 1540 663 et
1568 613 1734 674 teme-

144 711 277 766 ritas
305 711 451 766 illum
479 711 690 781 dejecit.
722 707 854 763 Nam
884 707 1006 776 quia
1033 704 1204 760 noluit
1229 702 1368 756 intra
1387 712 1513 753 suos
1537 695 1732 751 limites

145 813 388 866 manere,
439 799 615 854 amisit
657 796 915 851 honorem
945 793 1044 849 sibi
1090 807 1120 846 a
1147 799 1333 846 natura
1359 787 1607 843 traditum
1633 798 1648 838 :
1677 791 1732 836 et

143 891 284 946 sicut
315 890 406 945 illc
448 889 501 944 id
544 886 687 958 quod
716 893 908 940 natura
951 883 1156 948 habuit,
1184 880 1418 951 nequitia
1444 873 1730 933 voluntatis

143 979 345 1046 amisit,
377 981 450 1058 ita
474 978 700 1048 Japheth
721 976 862 1048 quod
889 985 1074 1030 natura
1105 986 1211 1029 non
1232 971 1434 1037 habuit,
1461 968 1727 1024 saniorem

143 1071 218 1124 ob
243 1079 473 1126 mentem
501 1068 724 1139 accepit.

219 1159 273 1216 6.
315 1158 421 1215 Cur
459 1160 596 1227 ﬁlius
623 1157 920 1212 maledictus
946 1156 1010 1209 sit
1033 1155 1093 1208 ob
1119 1153 1276 1223 patris
1308 1158 1582 1222 peccatum.
1619 1145 1726 1199 Pa-

145 1260 246 1303 tres
273 1266 366 1319 pro
390 1249 558 1303 liberis
583 1248 752 1317 puniri
772 1253 966 1317 optant.
985 1274 1054 1285 —
1082 1243 1269 1298 Vidisti
1290 1239 1560 1312 quomodo
1578 1236 1710 1292 nihil

146 1351 352 1394 temere
374 1349 428 1395 et
450 1338 664 1393 fortuito
694 1338 745 1392 in
775 1337 952 1391 divina
969 1335 1239 1405 Scriptura
1259 1324 1564 1401 reperitur?
1599 1328 1728 1394 Qua:

142 1431 335 1494 fecerat
362 1429 488 1494 sibi,
521 1429 721 1498 inquit,
749 1429 887 1497 ﬁlius
920 1438 1042 1482 situs
1089 1426 1275 1491 iunior.
1309 1423 1401 1479 95.
1439 1420 1503 1474 Et
1553 1419 1680 1472 dixit
1709 1432 1727 1470 :

145 1519 452 1575 Maledicta!
495 1521 739 1574 Chanaan
782 1520 940 1587 ﬁlius,
969 1529 1140 1573 seruus
1179 1518 1272 1570 erit
1314 1514 1555 1586 fratribus
1601 1511 1724 1567 suis.

142 1612 286 1666 Ecce
309 1612 647 1682 pervenimus
667 1611 733 1665 ad
754 1611 1100 1680 qutestionem
1129 1608 1270 1661 illam
1289 1605 1483 1674 ubique
1505 1611 1723 1656 motam.

142 1702 337 1756 Multos
360 1703 500 1757 enim
529 1701 775 1756 audimus
802 1699 1040 1755 dicentes
1079 1719 1091 1755 :
1124 1698 1298 1766 Quare
1326 1708 1448 1749 cum
1476 1705 1726 1763 peccave-

141 1792 213 1846 rit
237 1803 408 1862 pater,
435 1801 488 1846 et
517 1791 811 1862 prodiderit
836 1790 1152 1855 nuditatem,
1208 1787 1356 1842 filius
1381 1783 1724 1840 maledictum

137 1882 399 1952 suscipit?
422 1883 679 1948 Obsecro,
706 1880 965 1938 attendite
994 1881 1294 1952 diligenter,
1325 1885 1380 1933 et
1407 1876 1726 1931 solutionem

136 1972 382 2042 accipite.
413 1972 504 2027 Illa
526 1973 667 2027 enim
691 1971 951 2030 dicemus.
970 1987 1088 2041 quae
1107 1966 1524 2038 suppeditaverit
1550 1964 1726 2019 divina

135 2065 308 2133 gratia
335 2075 550 2134 propter
577 2073 807 2118 vestram
841 2064 1143 2118 utilitatem.
1191 2060 1255 2114 Et
1294 2060 1423 2114 dixit
1453 2075 1470 2112 :
1509 2057 1728 2111 Maledi-

136 2163 250 2206 ειη
272 2151 516 2207 Chanaan
542 2153 697 2222 ﬁlius,
723 2169 892 2208 senius
916 2153 1006 2206 erit
1033 2151 1275 2220 fratribus
1292 2149 1414 2204 suis.
1447 2147 1565 2203 Non
1593 2146 1724 2201 sim-

139 2241 370 2310 pliciter,
395 2255 567 2313 neque
585 2244 636 2298 in
662 2258 856 2298 vanum
875 2241 1312 2298 commemoravit
1332 2240 1520 2303 tilium,
1545 2236 1638 2292 sed
1657 2236 1727 2292 ob

140 2332 396 2389 latentem
419 2336 700 2391 rationem.
729 2334 954 2390 Volebat
983 2334 1124 2390 enim
1144 2333 1302 2388 simul
1329 2340 1383 2387 et
1407 2331 1582 2401 ipsum
1607 2343 1728 2384 cor-

136 2423 315 2492 ripere
343 2433 560 2495 propter
579 2436 874 2494 peccatum,
906 2433 960 2480 et
985 2425 1360 2480 contumeliam
1384 2438 1487 2493 qua
1508 2437 1568 2478 se
1591 2420 1724 2476 alle-

136 2522 321 2567 cemt:
353 2523 407 2568 et
447 2515 602 2569 simul
650 2515 863 2570 nolebat
910 2513 1231 2570 labefactare
1278 2512 1725 2577 benedictionem,

135 2619 258 2672 qua:
281 2605 353 2659 illi
380 2607 584 2675 pridem
610 2622 641 2661 a
667 2608 774 2662 Deo
806 2606 944 2661 facta
986 2605 1159 2662 fuerat
1194 2621 1210 2661 :
1237 2604 1501 2660 Benedixit
1543 2605 1685 2660 enim
1709 2642 1725 2668 ,

138 2696 331 2765 inquit,
365 2696 501 2752 Deus
549 2698 664 2753 Noe
687 2701 891 2769 quando
911 2699 1060 2754 exivit
1083 2714 1147 2752 ea:
1171 2714 1311 2765 arca,
1337 2708 1384 2753 et
1413 2697 1548 2767 ﬁlios
1588 2695 1729 2763 illius

141 2788 296 2857 (Gen.
321 2789 374 2844 9.
405 2790 430 2844 Ι
462 2791 502 2859 ).
539 2789 608 2846 Ut
647 2791 806 2860 igitur
849 2806 918 2847 ne
942 2791 1186 2846 videatur
1223 2790 1543 2846 maledicere
1569 2803 1728 2859 quem

139 2879 284 2934 Deus
309 2882 480 2937 semel
515 2882 879 2948 benedixerat,
923 2883 1194 2953 praiterito
1221 2881 1311 2936 illo
1335 2882 1426 2952 qui
1459 2896 1520 2938 se
1544 2888 1730 2938 contu-

137 2972 296 3027 Inclia
327 2972 598 3038 ademerat,
630 2975 738 3029 tilio
764 2974 1106 3030 maledictum
1152 2974 1348 3028 intulit.
1381 2973 1532 3039 Esto,
1575 2973 1728 3028 dixe-

137 3064 251 3129 ris,
306 3063 408 3120 hoc
457 3065 674 3136 quidem
728 3064 964 3120 ostendit
1007 3073 1285 3134 propterea
1343 3064 1508 3118 Cham
1562 3063 1728 3118 male-

137 3157 340 3212 dictum
360 3172 464 3212 non
487 3158 670 3223 fuisse,
689 3158 809 3227 quia
838 3157 986 3226 prius
1008 3171 1038 3208 a
1059 3156 1167 3210 Deo
1185 3154 1607 3210 benedictionem
1636 3167 1731 3208 ac-

138 3258 358 3319 ceperat
396 3267 410 3304 :
441 3264 609 3318 quare
634 3260 812 3305 autem
839 3263 962 3302 cum
991 3247 1081 3301 ille
1111 3246 1430 3316 peccaverit,
1479 3245 1566 3299 hic
1614 3259 1730 3314 pte-

138 3355 266 3395 nam
292 3339 425 3395 luit?
448 3339 632 3408 Neque
660 3341 760 3394 hoc
781 3337 982 3407 absque
1012 3338 1217 3392 ratione
1237 3336 1433 3391 factum
1465 3344 1568 3391 est.
1599 3335 1731 3390 Nam

140 3438 294 3500 pater
337 3445 442 3485 non
489 3431 750 3484 minorem
784 3443 994 3498 ptettam
1028 3428 1228 3493 habuit,
1258 3442 1419 3498 quam
1473 3427 1610 3482 filius
1636 3469 1650 3492 ,
1680 3436 1735 3480 et

141 3521 432 3577 cruciatum
462 3521 648 3575 sensit.
695 3520 856 3576 Scitis
882 3520 1047 3584 enim,
1081 3519 1228 3573 scitis
1267 3517 1537 3587 quomodo
1563 3531 1733 3586 saepe-

142 3626 368 3667 numero
407 3621 584 3682 patres
625 3611 821 3682 precati
865 3617 992 3665 sunt
1030 3619 1088 3664 ut
1145 3608 1376 3664 filiorum
1428 3624 1611 3678 paruas
1637 3608 1735 3675 ipsi

144 3703 386 3768 ferrent;
418 3713 472 3756 et
512 3703 727 3772 gravius
777 3701 879 3756 illis
926 3715 1048 3756 esse
1078 3699 1258 3755 videro
1311 3699 1445 3754 filios
1475 3698 1735 3768 supplicio

143 3794 308 3861 affici,
332 3809 489 3866 quam
519 3796 564 3850 si
595 3796 693 3865 ipsi
722 3794 787 3849 iis
814 3793 991 3849 forent
1009 3792 1246 3848 obnoxii.
1279 3791 1499 3846 Factum
1528 3802 1609 3846 est
1633 3792 1735 3846 hoc

146 3886 329 3956 igitur,
360 3898 416 3941 ut
447 3887 536 3941 ille
566 3887 635 3941 ob
662 3885 962 3940 naturalem
1005 3883 1058 3938 in
1093 3884 1258 3938 filium
1283 3898 1544 3947 amorem,
1570 3881 1736 3952 majoo

146 3993 263 4035 rem
311 3979 537 4035 sentiret
563 3979 826 4044 dolorem,
872 3987 927 4032 et
961 3977 1260 4032 benedictio
1289 3977 1381 4030 Dci
1431 3984 1740 4030 servaretur

148 4073 421 4137 inviolata,
448 4082 502 4127 et
527 4071 664 4126 filius
685 4079 901 4139 accepta
934 4068 1328 4132 maledictione,
1360 4083 1577 4123 suorum
1606 4081 1733 4137 pro—

151 4165 386 4233 priorum
414 4178 599 4233 ptenas
629 4171 966 4232 peccatorum
998 4163 1187 4216 lueret.
1216 4161 1346 4215 Nam
1376 4162 1497 4216 licet
1523 4169 1740 4230 propter

151 4257 316 4326 patris
341 4263 616 4326 peccatum
644 4269 783 4309 nunc
811 4253 1171 4307 maledictioni
1199 4252 1269 4306 sit
1291 4251 1575 4315 obnoxius,
1606 4258 1742 4304 atta-

151 4366 276 4403 tncn
308 4349 594 4404 verisimile
624 4357 726 4412 est,
759 4363 883 4402 eum
929 4346 1090 4402 etiam
1136 4354 1355 4414 propter
1401 4359 1495 4398 sua
1543 4344 1737 4397 delicta

147 4442 367 4499 dedisse
409 4456 642 4511 pinnam.
689 4438 804 4493 Non
833 4437 975 4492 enim
1003 4437 1174 4492 solum
1204 4445 1424 4505 propter
1468 4445 1741 4503 peccatum

149 4532 320 4604 patris
368 4530 794 4586 maledictionem
834 4528 1057 4598 accepit,
1090 4527 1184 4582 sed
1231 4526 1473 4581 fortassis
1500 4527 1659 4579 etiam
1689 4533 1746 4578 ut

153 4639 255 4695 per
285 4623 456 4692 ipsum
482 4622 570 4676 ille
596 4622 850 4691 majorem
873 4633 1085 4690 poenam
1116 4617 1396 4688 penderet.
1433 4616 1564 4670 Nam
1601 4613 1742 4683 quod

154 4729 328 4784 neque
350 4724 525 4784 patres
550 4727 646 4781 pro
671 4713 810 4778 filiis,
841 4726 1010 4781 neque
1037 4709 1128 4763 filii
1155 4724 1246 4779 pro
1269 4709 1503 4778 patribus
1535 4721 1745 4776 ptenam

155 4806 327 4869 luant,
371 4802 463 4858 sed
505 4803 866 4871 unusquisque
910 4816 1006 4870 pro
1034 4801 1145 4853 suis
1189 4800 1418 4866 peccatis
1468 4813 1638 4866 ptenze
1678 4797 1748 4850 sit

164 4894 460 4957 obnoxius,
486 4893 670 4972 multis
698 4893 748 4945 in
782 4893 912 4944 locis
937 4906 962 4943 a
990 4890 1262 4959 prophetis
1292 4890 1489 4942 dictum
1545 4887 1748 4940 invenic

153 4995 299 5044 unus.
332 4995 387 5042 ut
415 5002 531 5038 cum
557 4971 738 5037 dicunt
771 5001 785 5039 :
811 4983 1124 5037 Comedentis
1165 4999 1286 5034 uvas
1308 4982 1533 5046 acerbas,
1574 4982 1747 5035 dentes

156 5080 514 5143 obstupescunt
544 5074 673 5142 (Jcr.
705 5075 792 5128 5i.
818 5074 949 5144 29);
1001 5082 1073 5138 ct,
1101 5074 1282 5125 Anima
1312 5088 1422 5142 qua:
1452 5074 1745 5139 peccaverit,

157 5173 276 5239 ipsa
325 5179 372 5223 et
418 5169 658 5222 morietur
697 5165 906 5234 (Ezech.
939 5167 1024 5220 18.
1071 5165 1208 5236 20);
1251 5175 1320 5220 et!
1355 5168 1544 5220 iterum
1584 5185 1596 5220 :
1629 5165 1750 5218 Non

161 5263 442 5317 morientur
485 5271 650 5330 patres
691 5275 782 5328 pro
825 5261 944 5328 ﬁliis
971 5299 986 5324 ,
1038 5275 1195 5328 neque
1242 5258 1338 5325 ﬁlii
1392 5274 1482 5326 pro
1525 5260 1750 5327 patribus

161 5354 342 5426 (Deut.
373 5352 462 5406 24.
490 5350 554 5405 l6
577 5348 618 5421 ).
641 5348 828 5404 Nullus
874 5350 1032 5418 igitur
1062 5360 1322 5414 vestrum,
1351 5365 1554 5417 quasso,
1600 5351 1750 5419 quasi

161 5447 418 5518 ignorans
436 5443 630 5496 divina:
657 5442 947 5510 Scriptum
974 5456 1215 5512 scopum,
1243 5443 1438 5496 audeat
1465 5443 1577 5496 haec
1622 5442 1754 5497 scri-

168 5549 259 5608 pta
299 5536 713 5606 reprehendere,
760 5534 851 5590 sed
900 5544 1054 5604 grato
1105 5536 1287 5590 animo
1338 5551 1458 5604 qua:
1503 5536 1754 5591 dicuntur

167 5629 414 5700 accipiat,
444 5629 842 5698 adtnireturque
867 5628 1062 5682 divina:
1093 5627 1384 5698 Scriptura:
1411 5630 1598 5683 miram
1628 5628 1752 5683 dili—

169 5724 422 5795 gentiam,
460 5730 514 5776 et
536 5720 808 5790 expendat
837 5729 1092 5790 quantum
1116 5719 1311 5774 malum
1343 5722 1413 5776 sit
1452 5731 1747 5790 peccatum.

173 5815 310 5872 Ecce
354 5813 496 5874 enim
540 5811 760 5869 {mtrem
821 5811 1008 5870 eadem
1068 5823 1249 5870 natum
1304 5827 1564 5885 puerpera
1593 5856 1608 5887 ,
1661 5829 1752 5872 eo-

1244 401 1306 458 tn
1345 367 1499 458 etp.
1543 396 1634 456 ix.
1675 395 1920 454 cenes.
1962 393 2191 453 noun.
2235 394 2422 452 XXIX.

3323 392 3429 448 270

1844 510 1967 567 dem
2002 524 2276 581 egressum
2329 519 2501 576 utero,
2553 509 2952 580 snbingressum
2997 516 3269 579 peccatum
3324 524 3435 564 ser-

1841 617 1964 656 vum
1997 600 2150 668 fecit,
2177 609 2235 656 et
2259 599 2435 655 ablata
2462 600 2729 666 libertate,
2762 601 2816 654 in
2845 599 3228 670 subiectionem
3282 599 3428 654 illum

1839 692 2047 747 induxit
2075 710 2088 747 :
2121 691 2261 747 unde
2287 700 2469 763 postea
2497 693 2728 746 servitus
2748 692 2974 760 sumpsit
2994 690 3277 760 originem.
3309 689 3415 745 Ne-

1837 797 1941 854 que
1967 784 2111 839 enim
2138 793 2294 840 antea
2341 783 2586 839 solebant
2616 782 2688 838 ita
2728 783 2964 838 molliter
2983 796 3162 852 agere,
3189 781 3427 837 deliciari

1835 883 1891 929 et
1931 873 2156 929 aliorum
2193 874 2500 930 ministeriis
2550 873 2808 946 indigere.
2844 873 2950 929 Sed
2973 874 3206 944 sibiipsis
3229 874 3428 943 quiquo

1837 965 2234 1032 ministrabant,
2267 974 2484 1036 eratque
2513 978 2610 1036 par
2654 965 2892 1020 omnium
2945 964 3136 1029 honor,
3168 973 3222 1019 et
3249 964 3425 1018 ablata

1836 1072 1868 1112 e
1892 1057 2070 1114 medio
2089 1067 2205 1113 erat
2223 1059 2397 1114 omnis
2423 1058 2754 1129 inaequalitas
2775 1075 2789 1124 ;
2813 1057 2903 1112 ubi
2940 1067 3118 1112 autem
3151 1064 3425 1126 peccatum

1838 1148 2074 1214 intravit,
2115 1149 2412 1205 libertatem
2444 1147 2690 1220 perdidit,
2725 1159 2780 1203 et
2827 1147 3135 1218 dignitatem
3166 1161 3196 1200 a
3230 1155 3419 1200 natura

1835 1238 2012 1294 datam
2043 1239 2400 1306 labefactavit,
2424 1241 2847 1310 servitutemqne
2870 1237 3185 1305 introduxit,
3211 1247 3268 1291 ut
3295 1253 3424 1292 con-

1835 1330 1979 1385 tinua
2006 1331 2076 1386 sit
2100 1331 2343 1388 doctrina
2381 1341 2435 1386 et
2463 1331 2755 1386 admonitio
2803 1329 3049 1384 humanae
3093 1339 3316 1392 natura},
3371 1339 3424 1383 ut

1835 1420 2099 1493 fugiamus
2124 1424 2437 1479 servitutem
2462 1423 2685 1494 peccati,
2719 1431 2772 1478 et
2797 1422 2863 1476 ad
2893 1421 3100 1475 virtutis
3126 1418 3423 1475 libertatem

1835 1514 2137 1570 redeamus.
2167 1515 2318 1581 Quod
2351 1517 2492 1571 enim
2521 1531 2711 1572 servus
2736 1525 2791 1571 et
2816 1516 3065 1571 dominus
3108 1514 3232 1569 hinc
3257 1515 3429 1570 conti-

1835 1619 2015 1670 nuam,
2047 1607 2090 1660 si
2112 1606 2296 1671 velint,
2329 1606 2559 1662 habeant
2594 1607 2876 1662 utilitatem
2899 1647 2916 1675 ,
2951 1608 3204 1678 cogitent,
3239 1620 3430 1661 servus

1833 1695 2044 1764 quidem
2069 1695 2186 1750 ideo
2207 1697 2259 1751 in
2285 1698 2595 1753 servitutem
2622 1712 2680 1754 se
2710 1697 3004 1764 redactum,
3033 1698 3156 1768 quia
3176 1696 3343 1752 Chatn
3375 1697 3425 1750 in

1835 1793 2032 1842 tantam
2062 1797 2379 1857 pervenerat
2411 1789 2761 1845 temeritatem
2799 1808 2809 1842 :
2844 1799 2897 1845 et
2922 1789 3168 1845 dominus
3215 1801 3428 1858 quoque

1833 1879 2047 1949 cogitet,
2073 1894 2178 1935 non
2211 1879 2428 1936 aliunde
2463 1881 2850 1951 subjectionem
2877 1889 2931 1937 et
2958 1882 3274 1937 servitutem
3301 1894 3418 1935 ete-

1833 1970 1994 2040 pisse,
2024 1986 2183 2041 quam
2215 1972 2356 2043 quod
2383 1974 2470 2029 ille
2501 1985 2816 2043 perversam.
2844 1973 3147 2028 exhibuerit
3178 1971 3424 2026 volunta-

1832 2071 1963 2129 tem,
1996 2071 2051 2118 et
2074 2077 2103 2118 a
2136 2066 2249 2135 pari
2277 2065 2500 2121 fratrum
2534 2065 2792 2136 dignitate
2821 2060 3106 2120 exciderit.

1905 2154 1936 2208 7
1993 2153 2208 2221 Verum,
2241 2141 2296 2210 si:
2315 2155 2482 2210 sobrii
2517 2168 2704 2210 sumus
2742 2164 2796 2211 et
2825 2155 3135 2225 prudentes,
3169 2152 3302 2208 nihil
3333 2167 3430 2208 nos

1833 2245 2107 2302 olIendent
2136 2246 2250 2301 haec
2273 2257 2489 2318 propter
2523 2255 2738 2318 peccata
2791 2254 3074 2318 parentum
3117 2254 3426 2300 nostrorum

1835 2337 2134 2394 introducta
2162 2339 2215 2394 in
2245 2339 2381 2394 hanc
2409 2340 2593 2407 vitam,
2619 2355 2740 2394 cum
2773 2354 2860 2394 res
2890 2339 2942 2394 in
2965 2337 3274 2392 nominibus
3299 2337 3430 2390 solis

1833 2439 2100 2486 versetur.
2123 2429 2255 2498 Quia
2278 2439 2333 2486 et
2360 2432 2564 2501 primus
2587 2445 2780 2500 parcns
2805 2439 3026 2499 pr0pter
3051 2428 3432 2498 transgressio-

1835 2536 1957 2574 nem
1981 2522 2168 2576 mortis
2189 2536 2398 2591 poenam
2423 2521 2690 2591 vitamque
2710 2521 2761 2575 in
2792 2520 3061 2575 laboribus
3083 2518 3432 2574 maeroribus-

1833 2628 1941 2683 que
1968 2614 2391 2669 consumendam
2442 2613 2640 2678 intulit,
2671 2621 2725 2668 et
2747 2613 2832 2667 hic
2861 2613 3171 2667 servitutem
3206 2628 3219 2664 :
3245 2625 3430 2665 verum

1834 2705 2213 2774 superveniens
2255 2705 2512 2760 Dominus
2551 2704 2796 2760 Christus
2823 2703 2936 2758 haec
2962 2703 3140 2758 omnia
3167 2715 3288 2756 esse
3314 2716 3434 2769 pcr-

1835 2797 1981 2851 misit
1998 2795 2063 2850 ad
2081 2797 2293 2851 nomina
2309 2812 2476 2867 usque
2498 2805 2724 2859 tantum,
2745 2796 2788 2851 si
2805 2795 3049 2850 volumus
3089 2793 3272 2864 Neque
3287 2793 3428 2847 enim

1835 2901 2001 2954 mors,
2034 2902 2177 2942 mors
2199 2889 2335 2942 ultra
2359 2898 2460 2953 est,
2478 2888 2568 2942 sed
2602 2902 2794 2942 nomen
2814 2895 3019 2941 tantum
3039 2885 3198 2939 habet
3223 2882 3430 2947 mortis,

1838 2977 1946 3032 imo
1979 2985 2032 3034 et
2060 2979 2232 3047 ipsum
2265 2993 2459 3032 nomen
2492 2977 2757 3031 sublatum
2791 2985 2892 3032 est.
2926 2976 3057 3030 Nam
3087 2990 3261 3043 neque
3287 2987 3434 3029 mor-

1840 3075 1946 3122 tem
1976 3067 2144 3136 ipsam
2187 3068 2325 3122 ultra
2354 3068 2601 3132 dicimus,
2645 3067 2740 3121 sed
2780 3080 3029 3136 s0poretn
3081 3075 3134 3119 et
3163 3077 3433 3118 somnum.

1838 3157 2069 3213 Proinde
2095 3165 2150 3212 ct
2195 3157 2439 3222 Christus
2487 3159 2602 3228 ipse
2646 3159 2861 3213 dicebat
2901 3174 2914 3211 :
2969 3156 3198 3211 Lazarus
3240 3156 3435 3209 amicus

1839 3259 2007 3304 noster
2035 3250 2219 3304 dormit
2243 3248 2420 3319 (Joan.
2463 3252 2548 3304 ll.
2575 3251 2636 3304 ll
2667 3251 2685 3319 )
2719 3267 2734 3304 :
2775 3259 2830 3304 et
2856 3249 3054 3303 Paulus
3085 3247 3434 3302 Thessaloni-

1839 3341 2087 3396 censibus
2131 3341 2412 3405 scribens,
2460 3341 2632 3409 inquit
2673 3357 2687 3393 :
2737 3337 2814 3393 De
2854 3337 3216 3392 dormientibus
3270 3345 3438 3391 autem

1840 3434 1957 3487 nolo
1987 3449 2072 3486 vos
2100 3434 2358 3503 ignorare,
2385 3434 2569 3503 fratres
2609 3435 2626 3502 (
2650 3434 2702 3487 ι.
2737 3431 2912 3485 Thess.
2949 3432 3004 3486 4.
3030 3429 3148 3501 12).
3179 3430 3245 3484 Et
3271 3429 3438 3485 servi-

1843 3532 1926 3578 tus
1955 3538 2165 3594 quoque
2192 3523 2438 3577 similiter
2464 3538 2657 3577 nomen
2685 3530 2768 3578 est
2794 3538 2807 3575 :
2839 3522 2931 3576 ille
2955 3521 3097 3576 enim
3120 3529 3202 3575 est
3226 3534 3435 3581 servus,

1841 3615 1928 3684 qui
1961 3624 2236 3683 peccatum
2259 3623 2531 3684 operatur.
2565 3613 2633 3667 Et
2655 3612 2796 3683 quod
2838 3615 2998 3667 etiam
3031 3611 3170 3665 hanc
3194 3610 3437 3665 abstule-

1844 3705 1910 3758 rit
1937 3703 2171 3758 adventu
2201 3718 2302 3760 suo
2328 3704 2590 3767 Christus,
2625 3717 2724 3758 nec
2750 3704 2848 3758 nisi
2870 3717 3066 3757 nomen
3097 3715 3218 3756 esse
3243 3700 3441 3769 permi-

1844 3797 1993 3860 serit,
2023 3797 2132 3851 imo
2161 3808 2216 3852 et
2243 3798 2560 3852 vocabulum
2589 3797 2760 3866 ipsum
2801 3795 3091 3860 deleverit,
3137 3792 3260 3849 audi
3306 3793 3442 3847 Pau-

1845 3887 1954 3942 lum
1988 3887 2255 3943 dicentem
2290 3907 2304 3942 :
2339 3889 2440 3953 Qui
2460 3899 2626 3942 autem
2649 3888 2824 3954 ﬁdeles
2850 3888 3033 3941 habent
3059 3886 3312 3947 dominos,
3339 3901 3442 3937 non

1843 3988 2164 4032 contemnant
2183 3995 2287 4040 eos.
2311 3979 2429 4046 quia
2450 3979 2634 4048 fratres
2655 3989 2772 4033 sunt
2795 3979 2879 4050 (l.
2907 3977 3042 4033 Tim.
3075 3977 3127 4033 6.
3158 3977 3193 4032 2
3213 3977 3253 4046 ).
3278 3976 3443 4032 Vides

1845 4067 2112 4136 quomodo
2142 4068 2230 4121 ubi
2262 4069 2432 4123 virtus
2475 4069 2831 4135 subintravit,
2859 4083 2953 4123 eos
2999 4068 3050 4122 in
3095 4067 3445 4122 fraternitatis

1846 4173 2042 4214 nomen
2070 4160 2430 4229 congregavit,
2455 4160 2544 4230 qui
2571 4161 2720 4231 prius
2738 4162 3007 4215 servitutis
3039 4161 3255 4215 nomine
3284 4171 3442 4215 erant

1847 4250 2111 4306 obnoxii?
2137 4249 2205 4304 Ει
2226 4252 2339 4318 erit,
2369 4252 2558 4321 inquit,
2609 4250 2856 4306 Chanaan
2888 4252 3025 4320 ﬁlius
3055 4268 3226 4305 servus
3262 4252 3441 4321 fratri-

1849 4344 1938 4396 bus
1960 4344 2084 4396 suis.
2111 4342 2321 4397 Abusus
2349 4357 2430 4408 es,
2459 4343 2648 4413 inquit,
2679 4343 2901 4408 honore,
2942 4357 3046 4397 non
3079 4343 3216 4398 bene
3248 4352 3299 4396 te
3325 4356 3446 4411 ges-

1849 4433 1984 4498 sisti,
2014 4448 2132 4487 cum
2160 4449 2252 4500 par
2281 4449 2428 4488 esses
2459 4434 2750 4502 dignitate;
2798 4441 3082 4502 propterea
3109 4432 3445 4500 subjectione

1850 4523 2123 4579 emendari
2171 4532 2223 4579 te
2263 4523 2406 4579 volo.
2440 4524 2553 4579 Hoc
2598 4524 2667 4579 ab
2698 4525 2849 4576 initio
2879 4534 2931 4577 et
2961 4523 3173 4579 mulieri
3202 4524 3443 4592 contigit.

1851 4618 2112 4685 QuOniam
2145 4617 2286 4671 enim
2336 4632 2431 4687 par
2476 4625 2592 4671 erat
2644 4616 2758 4670 viro
2811 4617 3090 4685 dignitate,
3134 4626 3187 4670 et
3242 4616 3447 4672 honore

1851 4709 2014 4764 abusa
2045 4719 2146 4776 est,
2180 4720 2459 4778 propterea
2501 4709 2671 4762 ablata
2727 4718 2808 4762 cst
2853 4709 2920 4762 ab
2962 4708 3047 4761 illa
3091 4717 3350 4778 potestas,
3394 4716 3449 4763 ct

1853 4801 2052 4857 audivit
2087 4819 2100 4855 :
2144 4803 2224 4854 Ad
2283 4804 2448 4855 virum
2485 4813 2626 4854 tuum
2665 4802 2923 4854 conversio
2960 4810 3077 4865 tua;
3126 4810 3172 4853 et
3225 4802 3334 4869 ipse
3375 4806 3450 4853 tut

1855 4892 2197 4946 dominabitur
2236 4891 2387 4961 (Gen.
2433 4895 2486 4947 5.
2551 4893 2674 4963 l6).
2726 4892 2858 4958 Quia
2914 4892 3204 4957 nescivisti,
3257 4892 3445 4961 inquit,

1857 4985 2080 5054 imperio
2110 4995 2256 5039 recte
2283 4986 2376 5050 uti,
2412 4985 2560 5039 disce
2589 4985 2764 5053 potius
2786 4995 2932 5040 recte
2961 4985 3185 5053 imperio
3231 4983 3447 5053 subjici,

1856 5093 2013 5147 quam
2068 5077 2206 5131 male
2253 5077 2537 5146 imperare.
2587 5076 2816 5130 Proinde
2859 5076 3017 5130 etiam
3076 5075 3163 5129 hic
3201 5089 3342 5129 nunc
3384 5074 3450 5128 ad

1857 5169 2284 5224 emendationem
2332 5184 2539 5238 pmnam
2594 5169 2805 5237 accipit,
2862 5178 2912 5224 et
2964 5184 3061 5239 per
3112 5168 3280 5222 filium
3341 5169 3454 5237 ipse

1857 5263 2163 5318 cruciatur:
2195 5273 2253 5316 ut
2289 5263 2483 5327 discas,
2524 5261 2622 5316 etsi
2680 5277 2845 5316 senex
2903 5271 3029 5317 tunc
3075 5273 3216 5316 esset
3251 5303 3265 5325 ,
3317 5270 3453 5315 atta-

1857 5371 2000 5417 men,
2047 5355 2171 5424 quia
2207 5368 2364 5422 ptena
2403 5355 2454 5407 in
2507 5353 2671 5406 filium
2712 5353 2938 5418 transiit,
2992 5353 3042 5406 id
3081 5353 3178 5422 ipsi
3231 5352 3452 5406 luctuo-

1860 5463 1973 5502 sam
1995 5454 2050 5501 et
2079 5447 2352 5500 insuavem
2374 5444 2538 5499 vitam
2571 5443 2783 5508 fecisse,
2832 5445 3086 5514 cogitanti
3118 5444 3278 5498 etiam
3335 5454 3454 5510 post

1859 5551 2010 5592 suam
2058 5543 2285 5590 mortem
2340 5535 2505 5590 filium
2561 5550 2795 5606 ptenamo
2821 5535 3072 5589 luiturum
3128 5549 3266 5588 esse.
3318 5531 3454 5587 Nam

1860 5628 1999 5700 quod
2029 5628 2168 5683 filius
2205 5643 2300 5698 per
2327 5642 2386 5684 se
2433 5629 2624 5695 malus,
2664 5638 2718 5683 et
2763 5643 2951 5684 omnes
2987 5628 3072 5697 qui
3113 5627 3182 5681 ab
3213 5627 3302 5680 illo
3345 5624 3456 5680 nati

1863 5721 2058 5776 fuerint
2086 5721 2493 5784 abominabiles,
2521 5730 2576 5775 et
2604 5721 2669 5775 ad
2697 5721 2894 5775 malum
2920 5733 3184 5789 propeuse
3209 5717 3452 5772 declina-

1862 5815 1988 5887 rint,
2016 5812 2138 5870 audi
2166 5813 2496 5885 Scripturam
2533 5812 2797 5872 dicentem
2839 5827 2935 5884 per
2959 5811 3177 5871 modum
3219 5807 3451 5867 maledi-
