4080 6482
700 413 798 469 271

699 521 769 575 cti
787 536 802 572 :
823 517 1100 572 I’atertutts
1125 517 1459 580 Anton-luens,
1475 527 1521 571 et
1543 527 1699 571 mater
1711 526 1798 570 tua
1816 518 2034 572 Cltetttra
2056 516 2263 590 (Bacch.

705 611 794 668 Ιϐ.
817 612 854 667 ὅ
874 612 910 677 ).
951 611 1013 666 Et
1041 612 1174 666 alius
1203 611 1583 664 contumeliose
1609 610 1758 674 dicit,
1788 611 1974 665 Semen
1999 609 2266 668 Chanaan,

699 712 750 755 et
799 719 902 756 non
951 703 1091 755 Juda
1135 701 1294 769 (Dan.
1349 702 1434 754 13.
1467 700 1594 768 56).
1630 702 1794 756 Porro
1820 715 1996 771 Opera:
2043 702 2267 768 pretium

702 791 862 846 fuerit
889 792 1068 844 audire
1097 807 1237 845 nunc
1264 802 1379 859 post
1409 806 1643 860 pinnam,
1665 808 1825 862 quam
1848 793 2052 862 accepit
2096 792 2139 844 is
2181 790 2266 858 qui

701 881 988 933 nuditatem
1031 881 1310 948 evolgavit,
1365 896 1483 949 qua:
1535 881 1750 950 prannia
1796 881 2062 950 asseqnuti
2095 881 2198 933 sint
2232 880 2265 932 ii

699 972 786 1038 qni
819 980 1016 1024 tantam
1055 971 1402 1026 reverentiam
1446 980 1502 1026 et
1531 971 1784 1027 honorem
1831 974 1962 1042 patri
2011 972 2267 1026 exhibue-

702 1071 843 1116 runt.
872 1061 961 1116 26.
998 1060 1062 1115 Et
1086 1063 1238 1128 dicit,
1283 1063 1472 1132 inquit,
1507 1063 1810 1118 Benedictus
1846 1062 2089 1116 Dominus
2136 1061 2268 1115 Deus

701 1154 842 1218 Seni,
862 1166 906 1208 et
924 1155 1015 1208 erit
1036 1154 1281 1209 Chanaan
1301 1172 1471 1209 servus
1489 1156 1646 1210 illius.
1675 1156 1806 1221 lloc,
1827 1156 1959 1210 forte
1978 1155 2094 1224 quis
2119 1154 2269 1206 dixe-

698 1251 788 1314 rit,
819 1264 921 1303 non
947 1259 1028 1302 est
1059 1250 1372 1305 benedicere
1398 1250 1541 1304 Seni.
1593 1251 1702 1304 imo
1726 1249 1879 1304 valde
1911 1247 2173 1302 benedixit
2201 1247 2266 1298 il-

696 1340 828 1394 lum.
857 1339 1077 1406 Quando
1100 1340 1244 1395 enim
1278 1341 1414 1394 Deus
1445 1341 1773 1395 benedicitur
1805 1381 1821 1406 ,
1848 1349 1903 1395 et
1927 1349 2154 1409 aguntur
2194 1337 2267 1390 illi

697 1427 1322 1495 gratieab-bominibus,
1355 1438 1478 1483 tunc
1505 1430 1720 1484 uberior
1761 1429 1828 1483 ab
1857 1429 1950 1482 illo
1975 1427 2113 1481 solet
2155 1427 2269 1480 istis

697 1517 999 1573 benedictio
1023 1519 1157 1582 dari,
1189 1529 1405 1588 propter
1428 1536 1560 1591 quos
1584 1521 1694 1590 ipse
1721 1518 2066 1574 benedicitur.
2092 1518 2270 1584 Itaque

697 1608 1021 1665 benedicens
1069 1611 1234 1665 Deum
1260 1612 1552 1667 debitorem
1585 1611 1756 1679 ipsum
1785 1609 1905 1664 fecit
1929 1607 2145 1676 majoris
2173 1607 2268 1662 be-

699 1697 1035 1762 nedictionis,
1067 1709 1354 1768 auctorque
1371 1700 1466 1753 fuit
1490 1699 1613 1754 Setn
1637 1698 1854 1767 majoris
1880 1697 2264 1760 retributionis,

695 1800 854 1851 quam
879 1787 922 1840 si
965 1803 1085 1842 eum
1121 1789 1231 1858 ipse
1271 1805 1363 1858 per
1405 1803 1464 1844 se
1513 1788 1899 1843 benedixisset.
1933 1787 2080 1842 Sicut
2127 1787 2269 1841 enim

697 1876 909 1944 quando
965 1877 1292 1932 benedicitur
1342 1886 1555 1947 propter
1597 1893 1714 1944 nos,
1767 1877 1988 1930 multum
2034 1877 2084 1930 id
2117 1876 2270 1931 nobis

695 1965 943 2020 conciliat
983 1967 1220 2021 favoris:
1266 1967 1335 2021 ita
1375 1977 1428 2022 et
1470 1976 1654 2022 contra
1685 1966 1898 2036 quando
1943 1977 2154 2038 prepter
2176 1979 2272 2018 nos

701 2057 790 2111 alii
827 2057 974 2112 illum
1003 2058 1395 2127 blasphemant,
1425 2059 1593 2127 major
1615 2058 1736 2112 hinc
1777 2068 1955 2114 nostra
2003 2057 2057 2111 iit
2077 2057 2272 2110 conde-

697 2147 920 2212 mnatio,
952 2148 1042 2216 qui
1069 2163 1280 2201 causam
1308 2147 1567 2201 dedimus.
1593 2147 1870 2212 Quocirca,
1901 2147 2142 2210 obsecro,
2171 2145 2267 2198 de-

696 2250 817 2290 mus
841 2251 1078 2305 Operam,
1109 2246 1164 2291 ut
1192 2237 1259 2290 ita
1287 2239 1529 2290 viVamns
1550 2277 1566 2302 ,
1597 2247 1649 2290 et
1678 2245 1834 2290 tantm
1859 2235 2066 2289 virttttis
2094 2236 2266 2303 speci-

695 2339 818 2380 men
837 2326 1202 2391 eshibeamus,
1236 2337 1291 2382 ut
1311 2341 1516 2392 omnm,
1549 2326 1636 2395 qui
1660 2340 1756 2380 nos
1781 2325 2024 2388 viderint,
2053 2325 2268 2378 benedi-

694 2415 900 2471 ctiones
929 2417 1098 2470 laudis
1131 2417 1356 2471 offerant
1385 2417 1612 2471 Domino
1644 2416 1770 2470 Deo.
1803 2414 1930 2468 Nam
1956 2415 2077 2483 quia
2101 2413 2268 2466 bonus

696 2515 756 2562 et
775 2507 1031 2577 benignus
1052 2516 1152 2570 est,
1186 2523 1278 2577 per
1305 2522 1400 2562 nos
1425 2507 1535 2561 vult
1560 2505 1723 2576 gloria
1751 2504 1889 2560 allici
1943 2519 1956 2556 :
1994 2520 2101 2557 non
2127 2501 2266 2572 quod

697 2597 798 2667 ipsi
825 2597 1018 2667 aliquid
1044 2597 1109 2652 ad
1138 2612 1286 2652 suam
1332 2597 1554 2667 gloriam
1596 2595 1850 2652 accedat:
1897 2593 2091 2649 nullius
2126 2593 2266 2647 enim

698 2687 907 2758 indigus
936 2698 1049 2748 est;
1097 2688 1189 2742 sed
1239 2698 1296 2742 ut
1325 2688 1631 2744 occasiones
1675 2687 1774 2756 ipsi
1806 2685 2156 2756 prtebeamus,
2211 2690 2271 2737 ut

695 2778 882 2847 majori
911 2793 1009 2832 nos
1031 2778 1398 2832 benevolentia
1423 2762 1808 2844 "prosequatur.
1839 2773 2136 2828 Benedictus
2165 2771 2270 2825 Do-

696 2870 860 2925 minus
899 2869 1039 2933 Sent,
1061 2879 1111 2922 et
1156 2870 1251 2922 erit
1267 2868 1514 2924 Chanaan
1542 2881 1710 2920 servits
1762 2865 1920 2919 illius.
1953 2864 2111 2918 Vides
2135 2877 2270 2932 quo-

697 2962 858 3017 modo
889 2971 1393 3030 pateraampmnam
1423 2958 1641 3028 profert,
1671 2972 1788 3027 qna'
1817 2966 1994 3010 tamen
2020 2954 2270 3009 emenda-

699 3053 778 3108 tio
821 3053 995 3122 potius
1032 3061 1173 3116 erat,
1216 3063 1374 3120 quam
1433 3050 1630 3118 pana?
1667 3047 1822 3102 Pater
1861 3047 2001 3101 enim
2046 3055 2180 3109 erat,
2217 3053 2271 3100 et

698 3141 1093 3196 amantissimus
1143 3151 1314 3209 pater,
1368 3153 1537 3208 neque
1577 3138 1774 3207 justam
1824 3150 2034 3206 plenam
2064 3135 2273 3189 volebat

700 3233 971 3296 inducere,
1000 3233 1092 3286 sed
1119 3232 1190 3286 ita
1237 3241 1292 3284 ut
1319 3230 1624 3285 ulteriorem
1655 3229 1909 3283 malitiam
1938 3227 2268 3295 reprimeret.

700 3323 846 3387 Ideo,
875 3323 968 3388 ait,
999 3320 1070 3375 ad
1116 3320 1422 3374 servitutem
1451 3329 1503 3373 te
1545 3318 1864 3383 condemno,
1908 3325 1967 3370 ut
2007 3317 2188 3386 jugera
2219 3323 2273 3370 et

699 3413 1038 3469 lndelebiiem
1076 3412 1272 3468 habeas
1319 3411 1440 3465 facti
1479 3409 1810 3464 memoriam.
1865 3407 2052 3461 Postea
2083 3405 2210 3459 dicit
2253 3419 2268 3458 :

696 3503 790 3559 27.
836 3501 1023 3556 Difatet
1049 3500 1184 3556 Dens
1208 3498 1453 3567 Japlteth,
1503 3509 1549 3552 et
1596 3499 1777 3552 habitet
1837 3498 1889 3549 in
1937 3495 2271 3549 tabernaculis

700 3593 841 3656 Sent,
872 3601 918 3645 et
943 3591 1032 3661 ﬁat
1052 3588 1294 3646 Chanaan
1317 3606 1486 3644 servits
1509 3589 1665 3642 illius.
1709 3588 1902 3643 lterum
1927 3587 2037 3640 haec
2065 3599 2273 3656 quoque

699 3683 931 3737 maxima
961 3681 1256 3736 benedictio
1297 3690 1400 3742 est,
1428 3679 1561 3733 forte
1607 3679 1858 3734 latentem
1899 3677 2128 3746 aliquem
2175 3677 2272 3729 lia-

701 3773 834 3828 bens
883 3771 1206 3825 thesaurum.
1243 3768 1449 3833 Dilatet,
1491 3770 1675 3837 inquit,
1709 3768 1839 3822 Deus
1883 3766 2126 3836 Japlietti.
2159 3765 2272 3820 Non

701 3863 972 3919 aberrabit
997 3863 1138 3931 quis,
1165 3860 1209 3916 si
1241 3861 1430 3914 dixerit
1468 3859 1860 3914 benedictiones
1887 3859 2012 3927 justi
2044 3855 2274 3928 prophe-

706 3956 808 4007 tias
835 3968 975 4008 esse.
1006 3952 1135 4007 Nam
1167 3952 1211 4006 si
1243 3960 1391 4020 pater
1421 3949 1532 4004 Noe
1578 3963 1681 4003 non
1717 3949 2062 4016 simpliciter,
2102 3961 2275 4016 neque

704 4045 897 4098 frustra
925 4042 1232 4096 vocabulum
1260 4040 1447 4094 indidit
1474 4039 1607 4103 Noe,
1636 4037 1729 4092 sed
1752 4037 2064 4091 vaticinatus
2085 4045 2164 4090 est
2183 4051 2276 4104 per

703 4153 899 4192 nomen
928 4135 1154 4188 futurum
1182 4133 1454 4188 diliuvium
1493 4148 1507 4185 :
1558 4131 1724 4183 multo
1773 4130 1938 4198 magis
1963 4129 2139 4197 justus
2187 4127 2277 4181 ille

703 4243 812 4282 non
834 4227 1163 4294 simpliciter,
1201 4239 1369 4293 neque
1397 4223 1588 4276 frustra
1614 4220 2008 4275 benedictiones
2038 4217 2276 4288 protulit.

704 4320 902 4388 Opinor
922 4318 1062 4371 enim
1094 4332 1213 4371 eum
1245 4316 1340 4370 hos
1359 4317 1488 4368 duos
1520 4314 1898 4377 benedicendo,
1929 4311 2152 4366 duorum
2182 4325 2280 4380 po-

716 4412 962 4481 pulorum
995 4409 1321 4463 vocationem
1354 4408 1645 4476 significare
1669 4405 1896 4458 voluisse
1926 4421 1939 4458 ε
1966 4413 2018 4458 et
2040 4417 2134 4472 per
2155 4402 2276 4455 Sem

708 4500 921 4570 quidem
950 4498 1193 4553 iud-.1208:
1223 4513 1286 4550 ex
1311 4498 1398 4548 illo
1427 4500 1564 4548 enini
1590 4508 1641 4548 ct
1665 4495 1951 4555 Abraham,
1978 4502 2031 4547 et
2063 4492 2276 4546 Judtco—

710 4607 827 4646 rum
871 4604 1044 4659 genus
1074 4587 1474 4654 multiplicatum
1516 4595 1598 4639 est
1627 4606 1638 4640 :
1665 4601 1756 4654 per
1800 4584 2025 4653 Japheth
2075 4593 2276 4645 autem,

711 4685 943 4754 gentium
971 4681 1321 4735 vocationem.
1354 4678 1482 4731 Vide
1510 4688 1683 4730 autem
1715 4677 2135 4730 benedictionem
2167 4672 2279 4725 hmo

715 4774 1068 4843 praenuntiam
1104 4789 1116 4824 :
1153 4769 1336 4823 Dilatet
1379 4771 1541 4829 enim,
1584 4769 1768 4835 inquit,
1802 4765 1932 4819 Dens
1955 4764 2198 4831 Japlietli,
2237 4773 2281 4816 et

716 4867 900 4918 habitet
945 4866 994 4916 in
1039 4863 1370 4916 tabernaculis
1421 4861 1559 4915 Sem.
1603 4859 1711 4912 iloc
1757 4859 1806 4910 in
1834 4857 2081 4926 gentibus
2115 4857 2281 4908 adim-

718 4957 914 5023 pictum
963 4955 1218 5007 videmus.
1264 4952 1398 5006 Cum
1449 4951 1574 5004 dicit
1621 4950 1781 5010 enim,
1823 4946 2046 5010 Dilatet,
2095 4959 2282 5000 omnes

718 5056 903 5113 gentes
926 5043 1299 5103 subindicavit;
1323 5042 1414 5094 sed
1449 5042 1694 5105 dicendo,
1733 5038 1935 5092 llabitet
1963 5039 2012 5089 in
2044 5036 2282 5089 taberna-

713 5142 846 5194 culis
865 5136 1002 5204 Scr",
1025 5143 1252 5197 sinilicat
1280 5145 1461 5202 gentes
1492 5131 1589 5184 frui
1611 5131 1834 5197 accpisse
1860 5131 1922 5183 iis
1949 5144 2064 5198 qum
2090 5126 2285 5181 ludat-is

717 5235 896 5294 parata
926 5236 978 5278 et
999 5223 1244 5277 adornata
1266 5233 1434 5278 erant.
1466 5222 1526 5275 Et
1565 5224 1655 5275 erit
1689 5221 1929 5275 Chanaan
1958 5237 2124 5274 servus
2155 5223 2281 5288 ejus.

786 5316 839 5369 8.
888 5313 1106 5366 Vidistis
1150 5313 1357 5378 qualem
1402 5324 1454 5367 et
1506 5314 1537 5366 ii
1588 5313 1720 5380 grati
1769 5312 1926 5364 animi
1970 5320 2288 5379 acceperunt

720 5406 1041 5468 mercedem,
1073 5413 1126 5456 et
1156 5414 1346 5472 quanta
1372 5404 1457 5456 ille
1489 5414 1702 5472 pr0pter
1729 5403 2074 5457 temeritatem
2103 5412 2156 5456 et
2184 5403 2286 5455 im-

723 5496 1054 5565 prudentiam
1103 5494 1385 5563 ignominia
1412 5496 1629 5548 atrocius
1649 5494 1764 5547 est?
1796 5494 1912 5546 Sitit
1957 5492 2068 5547 hac
2101 5507 2288 5561 perpe-

725 5593 821 5638 tuo
850 5586 900 5636 in
930 5593 1106 5638 nostra
1139 5592 1314 5637 mente
1340 5585 1552 5650 scripta,
1594 5594 1649 5637 ut
1714 5584 1901 5637 horum
1954 5585 2290 5636 aemulatores

724 5685 779 5730 et
805 5676 1094 5730 imitatores
1121 5676 1228 5729 ﬂeri
1261 5679 1523 5743 possimus
1559 5695 1570 5729 :
1601 5676 1752 5743 hujus
1779 5685 1953 5729 autem
1987 5675 2283 5743 improbam

725 5776 956 5821 mentem
984 5807 997 5828 ,
1029 5774 1083 5820 et
1113 5767 1374 5837 ingentem
1404 5765 1738 5836 petulantiam
1773 5763 2049 5837 fugiamus.
2096 5766 2185 5819 ‘28.
2223 5764 2284 5817 Et

1412 409 1467 463 S.
1495 407 1771 466 JOANNIS
1807 406 2273 466 CﬂllYSOSTOSll
2319 406 2634 464 ARCfllEP.
2674 403 3200 463 CONSTANTINOP.

3864 400 3960 456 2‘8

2383 518 2524 582 vixit,
2561 517 2742 586 inquit,
2777 516 2889 570 Noe
2921 526 3032 585 post
3070 516 3310 569 diluvium
3337 529 3504 568 annos
3529 520 3786 566 trecentas
3802 518 3952 581 quiis-

2377 611 2654 677 qnaginta;
2679 607 2766 661 ἓξ).
2791 618 2837 660 et
2860 610 3063 677 [tierunt
3088 623 3258 660 omnes
3279 605 3385 659 dies
3418 603 3536 658 Noe
3551 603 3798 672 nongenti
3821 605 3960 672 quil-

2376 701 2611 767 qnuginta
2639 699 2782 759 anni,
2807 707 2852 750 et
2891 709 3116 750 mortuus
3143 708 3236 750 est.
3283 696 3358 752 Ne
3404 695 3508 750 boc
3551 705 3712 766 putes
3763 694 3964 759 absque

2385 802 2544 840 causa
2579 789 2878 858 assignasse
2917 787 3264 856 Seripturam,
3296 786 3389 841 sed
3417 786 3535 840 vide
3583 797 3635 839 et
3691 784 3794 838 hoc
3854 783 3962 835 loco

2371 874 2498 943 justi
2520 877 2918 929 continentiam.
2951 875 3084 941 Quia
3111 890 3232 929 cum
3260 884 3399 928 tanta
3423 875 3688 929 frueretur
3719 873 3963 926 ubertate

2375 975 2430 1018 et
2498 969 2885 1035 prosperitate,
2949 965 3415 1035 superviverrtque
3477 974 3625 1018 tanta
3697 979 3960 1018 annorum

2376 1068 2598 1107 numero
2625 1066 2741 1122 post
2782 1069 3053 1124 egressum
3097 1055 3164 1108 ab
3199 1069 3345 1118 arca,
3379 1054 3549 1108 noluit
3594 1054 3740 1108 ultra
3793 1054 3965 1107 indui-

2374 1159 2498 1215 gere
2525 1146 2810 1199 liberorum
2843 1147 3217 1215 procreationi.
3260 1145 3374 1199 Non
3404 1147 3544 1199 enim
3565 1155 3963 1199 wuimemorat

2376 1235 2644 1303 Scriptura
2691 1237 2835 1290 illum
2865 1238 2997 1291 alios
3019 1246 3208 1306 preter
3227 1245 3336 1291 tres
3375 1235 3504 1290 istos
3548 1235 3810 1289 habuisse
3833 1236 3964 1288 libe—

2375 1342 2481 1382 ros.
2507 1327 2599 1383 Hic
2613 1329 2800 1382 iterum
2818 1329 2985 1396 cogita
2999 1342 3240 1397 magnam
3260 1327 3585 1381 salacitatem
3605 1325 3825 1384 Clusini,
3844 1329 3961 1394 quia

2376 1435 2548 1489 neque
2578 1429 2782 1487 patrem
2817 1419 3004 1473 videns
3031 1427 3189 1472 tanta:
3211 1417 3547 1472 continentia:
3571 1459 3587 1482 ,
3615 1417 3827 1492 castior
3855 1418 3964 1486 ipse

2375 1509 2543 1564 factus
2559 1519 2659 1576 est,
2675 1510 2765 1565 sed
2783 1511 2960 1565 omnia
2989 1510 3202 1564 diverso
3225 1509 3382 1564 modo
3397 1524 3556 1580 quam
3573 1520 3730 1577 pater
3744 1509 3958 1578 agebat.

2375 1599 2602 1654 Proinde
2626 1600 2817 1655 merito
2839 1615 3000 1654 omne
3025 1599 3190 1668 ipsius
3211 1614 3382 1669 genus
3409 1599 3462 1652 in
3483 1599 3809 1653 servitutem
3833 1613 3962 1652 eoo-

2373 1691 2677 1746 dcmnatum
2708 1701 2808 1757 est,
2835 1701 2891 1746 ut
2921 1693 3173 1762 improba:
3215 1691 3501 1745 voluntatis
3529 1689 3747 1744 frenum
3797 1689 3963 1744 habeo

2376 1794 2475 1838 ret.
2507 1783 2706 1839 Deinde
2728 1785 2812 1840 hic
2840 1795 3016 1838 narrat
3043 1783 3316 1854 Scriptura
3344 1798 3440 1839 eos
3467 1785 3555 1854 qui
3588 1799 3655 1838 es
3686 1783 3820 1838 ﬁliis
3847 1785 3954 1838 nati

2375 1887 2519 1939 sunt,
2547 1884 2600 1930 et
2627 1877 2794 1944 inquit
2822 1893 2834 1930 :
2861 1875 3020 1930 Citam
3045 1887 3212 1929 autem
3235 1877 3407 1944 genuit
3441 1875 3576 1930 Cinis
3597 1892 3616 1940 ;
3639 1884 3700 1929 et
3745 1889 3963 1942 rursus,

2375 1965 2509 2019 Clitis
2533 1966 2698 2034 genuit
2723 1964 2970 2029 Nemrod,
2992 1966 3076 2035 qui
3100 1966 3247 2034 carpit
3263 1981 3370 2020 esse
3388 1966 3716 2035 gigassuper
3742 1974 3960 2018 terra.

2377 2053 2478 2107 llic
2507 2056 2604 2124 fuit
2631 2056 2774 2124 gigas
2813 2067 3021 2110 venator
3054 2071 3224 2108 coram
3252 2053 3480 2108 Domino
3507 2053 3657 2124 (Cap.
3695 2055 3788 2108 ιθ.
3823 2053 3960 2108 6.8.

2375 2146 2467 2213 9).
2509 2147 2737 2212 Quidam
2791 2147 2973 2201 dicunt
3016 2146 3121 2211 hic,
3163 2145 3345 2200 Coraut
3391 2145 3628 2208 Domino,
3669 2145 3818 2198 idem
3845 2158 3964 2198 csa

2372 2239 2511 2307 quod
2538 2248 2719 2293 contra
2751 2239 2914 2294 Deum
2946 2255 2961 2293 :
2990 2255 3088 2308 ego
3117 2249 3297 2292 autem
3329 2252 3430 2292 non
3471 2246 3599 2306 puto
3621 2235 3962 2304 Scripturam

2375 2329 2473 2384 hoc
2497 2331 2782 2394 insinuare,
2815 2331 2906 2386 sed
2938 2332 3108 2399 ipsum
3136 2331 3323 2384 fortem
3354 2328 3741 2398 robustumque
3773 2327 3960 2382 fuisse.

2371 2421 2522 2488 Quod
2548 2431 2723 2476 autem
2744 2421 2891 2488 dicit,
2923 2419 3105 2474 Coram
3129 2420 3345 2474 Domino
3364 2417 3495 2483 Deo,
3525 2419 3627 2472 hoc
3655 2428 3758 2474 est.
3789 2417 3864 2470 ab
3899 2430 3964 2470 eo

2374 2515 2714 2575 conStitutus,
2773 2525 2839 2566 eo
2885 2511 3025 2580 quod
3083 2519 3362 2579 acceperat
3411 2508 3850 2563 benedictionem
3901 2508 3963 2559 ab

2376 2604 2509 2658 illo:
2542 2602 2624 2656 vel
2655 2601 2794 2672 quod
2823 2602 2963 2656 Deus
2994 2617 3087 2671 per
3132 2601 3272 2654 hunc
3317 2607 3460 2654 esset
3511 2600 3564 2654 in
3603 2597 3962 2653 admiration

2376 2691 2670 2758 habendus,
2702 2691 2841 2762 quod
2884 2691 3040 2746 talem
3067 2690 3430 2760 produxisset,
3469 2698 3524 2744 et
3551 2703 3714 2758 super
3756 2698 3959 2742 serrata

2377 2790 2743 2837 [0003":‘580'.
2778 2781 2881 2836 Sed
2914 2781 2999 2836 hic
3021 2782 3210 2836 iterum
3235 2795 3487 2850 proavum
3515 2793 3672 2834 suum
3696 2779 3960 2842 imitata;

2375 2884 2426 2928 et
2451 2873 2648 2927 abusus
2677 2883 2877 2926 natum
2922 2873 3306 2942 pnerngativis,
3333 2871 3494 2924 alium
3520 2870 3802 2926 servitutis
3852 2883 3962 2923 nio-

2371 2962 2494 3016 dum
2530 2963 2842 3025 adinvenit.,
2873 2970 3031 3033 atque
3077 2961 3430 3030 principatum
3466 2974 3804 3030 regnumque
3833 2959 3957 3013 alie-

2371 3054 2552 3107 ctavit.
2585 3052 2695 3106 llos
2748 3052 2888 3106 enim
2935 3050 3428 3121 numquamfuorit,
3459 3052 3502 3105 si
3531 3065 3649 3104 non
3685 3051 3802 3105 sint
3834 3051 3959 3104 sub-

2375 3143 2468 3196 diti
2501 3160 2514 3196 :
2544 3153 2666 3197 tunc
2685 3152 2863 3196 autem
2884 3157 3011 3196 vere
3039 3141 3248 3197 videtur
3282 3156 3404 3196 esse
3431 3141 3646 3196 libertas
3679 3157 3695 3195 :
3727 3143 3962 3195 servitus

2378 3247 2537 3300 porro
2556 3231 2872 3302 gravissima
2905 3240 2988 3286 est
3031 3232 3084 3286 in
3105 3232 3294 3287 ordine
3339 3231 3619 3295 libertatis,
3654 3232 3958 3299 praesertim

2375 3325 2421 3378 si
2452 3324 2632 3379 liberis
2674 3324 2985 3393 imperetur.
3015 3325 3092 3379 Ac
3119 3323 3238 3378 vide
3264 3332 3458 3392 quanta
3501 3320 3660 3376 faciat
3693 3321 3958 3375 ambitio:

2376 3414 2496 3468 vide
2533 3415 2776 3484 corporis
2822 3414 2983 3469 robur
3013 3429 3118 3468 non
3171 3427 3393 3467 manens
3421 3415 3556 3466 intra
3582 3425 3711 3466 suos
3741 3411 3960 3475 limites,

2373 3505 2470 3560 sed
2513 3505 2660 3574 plura
2687 3513 2944 3574 expetens
2965 3546 2981 3571 ,
3024 3514 3078 3561 et
3123 3504 3304 3575 gloria:
3331 3513 3667 3574 appetentem
3692 3513 3959 3558 natur-am.

2375 3595 2492 3650 Non
2519 3597 2660 3651 enim
2688 3606 2742 3652 ut
2771 3594 3082 3651 defenderet
3106 3595 3224 3650 illos
3255 3635 3271 3661 ,
3321 3595 3656 3664 imperabat;
3685 3593 3785 3648 sed
3811 3602 3870 3649 et
3892 3594 3963 3648 ei-

2378 3687 2568 3742 vitates
2613 3685 2912 3742 mdiflcabat
2953 3696 3010 3740 ut
3045 3685 3286 3741 hostibus
3332 3685 3638 3753 imperaret.
3697 3685 3790 3739 It.
3827 3683 3965 3738 .Inde

2377 3777 2530 3841 enim,
2579 3777 2765 3846 inquit,
2808 3792 2870 3830 es
2908 3785 3040 3829 terra
3073 3775 3163 3828 illa
3197 3775 3347 3829 exivit
3385 3772 3568 3837 Assur,
3616 3782 3666 3826 et
3691 3773 3964 3840 adiﬁeait

2384 3867 2624 3921 Ninioen.
2659 3867 3035 3922 Animadverte
3056 3866 3142 3922 hic
3168 3881 3379 3935 quoque
3419 3866 3549 3920 nihil
3577 3865 3777 3920 laedere
3810 3877 3962 3919 natu-

2379 3973 2490 4010 rain
2539 3966 2777 4012 nostram
2822 3957 3220 4026 progenitorutn
3270 3956 3543 4010 malitiam.
3582 3955 3642 4009 ili
3672 3956 3849 4021 enim,
3875 3956 3962 4011 Ni-

2383 4049 2576 4103 nivitas
2614 4048 2754 4113 dico,
2783 4048 3202 4103 misericordiam
3235 4047 3326 4101 Dei
3372 4046 3682 4114 paenitentia
3710 4046 3819 4100 sibi
3843 4061 3965 4099 eon-

2382 4140 2646 4202 ciliarunt,
2670 4148 2912 4193 revocata
2941 4138 3084 4191 illius
3111 4137 3380 4191 sententia
3431 4152 3444 4188 :
3467 4134 3544 4200 bi,
3575 4135 3824 4205 inquam,
3852 4151 3964 4205 pro-

2383 4230 2674 4299 genitorem
2696 4229 2991 4282 habuerunt
3019 4227 3186 4282 Cham
3214 4225 3551 4295 parricidam,
3572 4225 3773 4280 deinde
3808 4226 3962 4280 Nem-

2385 4321 2478 4376 rod
2504 4321 2771 4375 hominem
2805 4330 3085 4390 tyrannum
3119 4327 3174 4373 et
3212 4327 3568 4386 arrogantem,
3592 4332 3660 4370 ex
3686 4333 3799 4384 quo
3821 4330 3964 4373 ortus

2385 4417 2554 4468 Assur
2581 4414 2673 4482 (a).
2710 4412 2964 4465 Dicuntur
3011 4419 3187 4464 autem
3219 4409 3357 4462 forte
3412 4417 3466 4462 et
3489 4408 3578 4460 alii
3623 4407 3791 4461 fuisse
3835 4410 3964 4462 inter

2387 4506 2504 4561 illos
2533 4506 2720 4558 molles
2772 4514 2825 4558 et
2853 4503 3094 4563 delicati,
3123 4511 3175 4556 et
3200 4501 3516 4555 dissolutam
3563 4514 3624 4553 ac
3655 4513 3964 4569 corruptam

2386 4608 2601 4668 agentes
2625 4598 2784 4650 vitam
2804 4637 2817 4659 ,
2842 4595 3103 4656 ebrietati,
3128 4602 3182 4648 et
3203 4593 3353 4655 risui,
3373 4602 3425 4646 et
3441 4591 3964 4654 subsannatioxiiixrs,

2386 4701 2440 4744 et
2466 4690 2769 4744 scommatis
2794 4687 2980 4742 dediti.
3009 4686 3113 4740 Sed
3142 4686 3262 4753 quia
3294 4685 3558 4738 sinceram
3598 4699 3711 4751 pra:
3738 4699 3803 4738 se
3833 4684 3965 4739 ierre

2387 4783 2600 4837 volucre
2629 4780 3016 4850 pmnitcntiam,
3049 4777 3177 4830 nihil
3207 4777 3334 4845 ipsis
3364 4775 3535 4828 obi'nit
3563 4781 3964 4843 progenitor-um

2388 4871 2626 4936 malitia,
2678 4869 2771 4924 sed
2821 4879 3022 4922 tantum
3073 4867 3172 4920 sibi
3218 4864 3678 4926 cmlestisfavoris
3722 4868 3964 4918 concilia-

2452 4983 2524 5043 (a)
2559 4981 2610 5030 In
2640 4993 2798 5042 grteco
2823 4981 3032 5038 legitur.
3059 4993 3201 5040 ίττσνον
3225 4992 3400 5040 imm
3423 4990 3489 5043 rev
3511 4980 3671 5037 lacu...
3698 4977 3862 5027 Vetus
3894 4979 3962 5026 ln-

2390 5041 2599 5104 ior-pres,
2626 5041 2838 5102 nepotem
2859 5054 3042 5102 quoque
3073 5053 3244 5104 Lissnr;
3265 5053 3351 5086 nos
3371 5041 3617 5104 vertimus,
3640 5050 3706 5085 er
3724 5051 3824 5104 ario
3847 5049 3963 5088 arts:

2390 5101 2551 5154 .4ss'ur.
2578 5101 2726 5151 Assur
2752 5114 2871 5163 ergo
2890 5107 3029 5208 {rotat
3047 5101 3408 5162 t1ln'ysostomns
3433 5113 3495 5146 es
3541 5101 3794 5152 Nerume
3817 5111 3961 5149 artum

2392 5180 2522 5208 exeo.
2542 5173 2704 5208 munra
2728 5177 2869 5208 uuam
2909 5165 3070 5208 euitttr
3103 5163 3148 5208 in
3174 5161 3347 5208 eodem
3373 5173 3496 5207 nono
3519 5169 3680 5208 (nt-Ite
3702 5168 3960 5208 GPnescns.

2392 5180 2522 5223 esse,
2542 5173 2704 5214 contra
2728 5161 2869 5224 qua—ni
2890 5161 3070 5223 legitur
3103 5161 3148 5208 in
3174 5161 3347 5208 eodem
3373 5173 3496 5207 nono
3519 5169 3680 5218 aii-ite
3700 5168 3960 5224 genesim.

2391 5229 2471 5274 ubi
2500 5221 2645 5273 Assur
2667 5221 2790 5272 tilius
2813 5225 2934 5271 Serui
2950 5221 3148 5270 dicitur.
3175 5229 3320 5270 locus
3341 5227 3502 5283 autem
3524 5233 3674 5282 quem
3699 5221 3779 5268 hic
3804 5225 3961 5283 eapu-

2393 5295 2472 5334 nat
2496 5289 2872 5346 chrysostomus,
2900 5296 3104 5345 nempe:
3131 5292 3193 5331 ne
3211 5291 3339 5331 terra
3363 5281 3446 5346 illa
3468 5281 3688 5346 egressus
3711 5288 3785 5346 est
3815 5281 3958 5336 am,

2394 5351 2526 5396 varie
2553 5341 2821 5406 eiplicatnr
2846 5348 2906 5392 ab
2931 5341 3307 5406 interpretibus;
3333 5343 3412 5390 alii
3448 5341 3616 5406 putant
3640 5341 3719 5389 hic
3738 5342 3810 5391 de
3835 5350 3958 5391 Nuit-

2401 5411 2520 5457 rodo
2544 5404 2647 5468 agt.
2685 5406 2876 5467 dicique
2902 5404 3344 5468 ipsutn’profeetum
3372 5417 3484 5451 esse
3506 5404 3726 5468 detorta
3760 5410 3958 5468 Sennaar

2395 5464 2641 5524 Assurftd
2667 5473 2742 5513 est
2767 5464 2813 5514 iii
2838 5464 3104 5527 Assﬁiam,
3122 5474 3172 5514 et
3197 5465 3458 5513 :rdiiicasse
3490 5464 3715 5527 binis-en.
3745 5470 3847 5512 etc.
3881 5464 3957 5510 .un

2393 5533 2556 5578 dicunt
2581 5529 2654 5576 his
2678 5529 2868 5574 indicari
2897 5524 3042 5574 A'ssnr
3065 5526 3208 5573 filium
3233 5536 3340 5574 Seni
3367 5527 3578 5572 exivisse
3604 5524 3670 5572 de
3705 5533 3839 5572 terra

2396 5604 2536 5644 mar,
2563 5598 2612 5637 et
2648 5588 2906 5635 atthiicasse
2941 5590 3152 5641 Μηίνιιη,
3175 5596 3290 5642 etc.,
3312 5588 3387 5634 cui
3420 5587 3635 5646 Opinioni
3665 5585 3834 5633 favent
3865 5591 3955 5631 [ιι

2397 5651 2701 5706 interpretes
2718 5684 2729 5702 ,
2766 5647 2896 5694 favet
2931 5651 3072 5695 etiam
3098 5647 3319 5706 Vulgata.
3345 5650 3461 5694 Huic
3487 5657 3605 5706 ergo
3629 5645 3867 5695 libentius
3887 5647 3955 5692 ad-

2401 5665 2528 5698 lillt'l‘
2554 5665 2701 5697 τε)ωὸ
2718 5684 2729 5702 ,
2766 5665 2896 5694 ιέιιυι
2931 5665 3072 5695 Ullam
3106 5665 3123 5693 Ἰ
3143 5665 3319 5696 υιινειιξι,
3345 5665 3461 5694 ιιυιε
3487 5665 3605 5706 Cl'gU
3629 5665 3867 5695 tim-ultus
3887 5665 3955 5692 lu-

2396 5665 2595 5772 stipuior
2615 5707 2853 5772 multlsde
2869 5713 3039 5762 causis,
3053 5721 3172 5772 quas
3195 5685 3273 5757 llic
3290 5720 3556 5756 recensere
3574 5705 3818 5772 humoris
3841 5717 3957 5753 esset

2400 5771 2914 5834 trirerm;t1uautobretu
2934 5782 3014 5820 res
3030 5771 3156 5821 aliud
3181 5785 3227 5819 ut
3252 5779 3442 5830 taturus
3461 5771 3737 5819 remittatur
3761 5773 3952 5829 mmet.
