4080 6536
137 472 255 530 B73

150 599 301 655 rtntt,
333 597 392 644 ut
427 603 596 660 usque
626 603 767 646 nunc
791 586 1097 644 celebretur
1122 587 1376 658 praeclara
1401 602 1590 643 eorum
1614 603 1726 657 pm-

154 680 381 734 nitentia
393 719 407 734 .

231 769 442 825 Muralis
466 770 836 824 ezltortatio.—
854 767 1082 822 Proinde
1105 767 1224 822 illos
1241 775 1297 822 ct
1325 783 1421 822 nos
1448 767 1734 832 imitemur,

151 870 209 914 et
235 877 356 915 cum
383 862 615 916 sciamus
641 875 811 929 neque
837 870 1116 927 parentum
1142 859 1430 930 nequitiam
1457 873 1555 913 nos
1577 858 1738 912 hede-

155 967 240 1012 re.
269 952 315 1006 si
343 952 668 1009 voluerimus
695 950 1029 1019 resipiscere,
1062 965 1235 1020 neque
1266 959 1543 1016 parentum
1572 947 1740 1001 virtu-

155 1054 268 1099 tcm
293 1043 445 1098 nobis
467 1043 740 1113 prodesse.
767 1042 814 1096 si
844 1041 1100 1097 fuerimus
1119 1041 1470 1110 negligentes,
1492 1053 1740 1108 magtmm

155 1137 230 1189 sit
248 1135 402 1189 nobis
415 1133 650 1188 studium
665 1131 895 1194 virtutis,
919 1139 973 1185 et
991 1139 1200 1201 gratam
1215 1129 1542 1184 voluntatem
1559 1136 1744 1182 osten-

157 1225 388 1290 damus,
416 1232 472 1278 ut
495 1222 737 1278 eamdem
766 1237 925 1293 quam
949 1221 1078 1276 Sem
1101 1232 1153 1276 et
1183 1219 1412 1290 Japbetb
1447 1233 1745 1288 consequa-

160 1332 285 1372 mur
311 1315 737 1372 benedictionem
771 1333 785 1370 :
825 1323 883 1370 et
923 1323 982 1370 ut
1007 1329 1038 1368 a
1081 1312 1456 1369 maledictione
1481 1322 1537 1366 et
1577 1311 1749 1367 servi-

164 1417 299 1471 tute,
330 1422 485 1476 quam
511 1407 764 1461 Chanaan
802 1405 1042 1475 accepit,
1071 1405 1383 1471 liberemur,
1407 1411 1463 1460 et
1489 1417 1557 1457 ne
1583 1401 1751 1456 simus

163 1499 312 1552 servi
340 1496 565 1567 peccati,
585 1495 680 1551 sed
701 1511 881 1551 veram
908 1495 1241 1566 possidentes
1267 1495 1591 1560 libertatem,
1613 1491 1750 1547 inel-

167 1587 347 1642 fabilia
375 1586 511 1640 bona
536 1585 920 1655 adipiscamur,
957 1585 1130 1655 gratia
1153 1593 1210 1641 et
1233 1582 1598 1639 misericordia
1643 1581 1752 1637 Do-

172 1677 305 1731 mini
331 1676 499 1731 nostri
524 1675 649 1732 Jesu
672 1675 899 1742 Christi,
920 1689 1041 1731 cum
1062 1689 1169 1745 quo
1189 1673 1351 1739 Patri,
1373 1673 1532 1727 simul
1558 1682 1611 1726 et
1633 1670 1756 1741 Spi-

169 1768 297 1823 ritui
323 1775 507 1823 sancto
529 1765 597 1823 sit
619 1766 813 1837 gloria,
834 1765 1141 1837 imperium,
1159 1765 1359 1834 honor,
1378 1778 1522 1821 nunc
1539 1772 1592 1822 et
1615 1777 1756 1822 sem-

169 1872 292 1927 per,
318 1858 450 1913 etin
474 1857 788 1913 seculorum
813 1857 1029 1911 sarcula.
1061 1855 1255 1913 Amen.

722 1987 1000 2043 HOMILIA
1038 1985 1210 2042 XXX.

211 2100 280 2156 Et
306 2112 414 2159 erat
431 2103 594 2157 omnis
619 2112 752 2156 terra
773 2100 962 2155 fabium
983 2117 1162 2167 unum,
1184 2110 1229 2154 et
1250 2116 1347 2155 vos:
1373 2116 1474 2154 una
1495 2097 1724 2154 omnibus

778 2190 929 2261 (Gen.
961 2193 1023 2246 tt
1081 2191 1158 2264 ι).

253 2326 301 2380 Ι.
336 2326 375 2378 Α
415 2325 714 2396 negligentia
740 2323 997 2379 auditores
1016 2325 1212 2380 avertit.
1254 2324 1514 2396 Confessio
1535 2333 1766 2395 peccato-

176 2434 314 2470 rum.
342 2415 500 2470 ﬂora
520 2417 739 2487 maiores
758 2417 834 2470 uel
855 2416 1071 2469 minores
1097 2431 1189 2485 pro
1210 2415 1526 2485 longitudine
1547 2413 1788 2470 dierum.

178 2506 285 2560 Cur
317 2522 503 2576 magna
532 2507 728 2559 dicatur
763 2506 871 2559 lucc
908 2504 1243 2560 Itcbdomoda.
1272 2535 1342 2545 —
1368 2505 1509 2560 Ecce
1551 2504 1766 2559 tandem

179 2599 248 2654 ad
296 2599 454 2654 finem
497 2610 696 2655 sancta
734 2597 1166 2669 Quadragesimte
1204 2598 1469 2663 venimus,
1495 2606 1548 2652 et
1580 2596 1767 2666 jejunii

177 2691 568 2761 navigationem
599 2692 917 2760 perfecimus
940 2732 956 2756 ,
988 2690 1422 2761 a-ppulimusque,
1454 2689 1546 2745 Dei
1572 2689 1765 2759 gratia,

181 2781 238 2835 iu
271 2789 500 2850 portum.
533 2779 729 2835 Verum
767 2794 882 2834 non
919 2778 1042 2835 ideo
1089 2780 1414 2850 negligentes
1444 2780 1631 2844 simus,
1673 2778 1768 2834 sed

183 2875 286 2927 hac
310 2871 377 2926 de
405 2887 563 2926 causa
609 2871 800 2925 iterum
831 2872 1004 2941 majus
1041 2871 1308 2937 studium,
1352 2871 1609 2941 majorem
1647 2870 1771 2924 dili-

180 2966 414 3034 gentiam
434 3004 449 3025 ,
480 2963 842 3033 majoremque
882 2963 1206 3033 vigilantiam
1241 2963 1607 3019 exhibeamus.
1639 2961 1770 3016 Nam

183 3064 251 3110 et
265 3054 498 3109 nancleri
519 3069 640 3108 cum
665 3069 758 3123 per
787 3053 952 3108 multa
976 3055 1142 3108 maria
1167 3054 1491 3119 transierint,
1519 3065 1573 3108 et
1601 3053 1772 3121 plenis

184 3148 350 3210 velis,
377 3145 685 3214 eductisque
713 3146 980 3200 mercibus
1007 3145 1029 3218 (
1044 3145 1114 3217 α)
1141 3146 1194 3199 in
1239 3154 1450 3215 portum
1484 3143 1771 3214 ingressuri

185 3237 418 3301 tulerint,
448 3245 557 3289 tum
590 3235 874 3289 maximam
917 3249 1100 3290 curam
1136 3245 1191 3289 et
1236 3234 1645 3289 sollicitudinem
1677 3247 1773 3302 ge-

185 3335 332 3392 runt,
362 3342 427 3380 ne
454 3325 508 3380 in
537 3324 812 3395 scopulum
840 3325 927 3380 vel
956 3326 1010 3379 in
1036 3332 1242 3393 petram
1267 3323 1550 3394 quamdam
1581 3322 1773 3392 impiu-

183 3425 335 3487 gant,
363 3432 479 3485 qua:
506 3429 692 3469 omnes
718 3416 924 3485 priores
950 3414 1163 3470 labores
1189 3413 1347 3468 simul
1373 3411 1665 3482 disperdat.
1700 3412 1766 3466 Ita

185 3521 399 3575 quoque
442 3505 640 3559 faciunt
662 3519 913 3560 cursores
944 3522 957 3559 :
985 3520 1105 3559 cum
1131 3504 1273 3560 enim
1297 3503 1366 3558 ad
1391 3503 1547 3558 finem
1571 3502 1775 3558 stadio-

189 3613 311 3652 rum
334 3597 682 3665 perveniunt,
709 3594 1162 3651 vehementiorem
1192 3602 1408 3649 servant
1447 3609 1688 3661 cursum,
1722 3603 1779 3648 ut

190 3697 388 3741 metam
414 3689 695 3756 attingant,
719 3695 774 3742 et
799 3688 1014 3755 praemia
1041 3695 1366 3742 mereantur.
1389 3686 1618 3740 Athleue
1645 3701 1781 3755 quo-

187 3795 299 3849 que
325 3789 444 3848 post
474 3779 698 3847 plurima
722 3777 1009 3836 certamina
1040 3786 1095 3832 et
1114 3777 1382 3843 victorias,
1412 3792 1533 3833 cum
1563 3793 1658 3846 pro
1683 3791 1779 3832 co-

189 3886 326 3925 rnua
355 3871 666 3925 certandum
696 3879 815 3934 est,
862 3870 1050 3939 majori
1077 3869 1198 3924 nisu
1228 3870 1405 3924 omnia
1447 3868 1678 3935 faciunt,
1722 3879 1781 3923 ut

191 3972 412 4031 accepta
439 3977 637 4016 corona
677 3962 892 4017 abeant.
935 3961 1118 4030 Itaque
1152 3961 1601 4031 quemadmodmu
1645 3976 1778 4015 nau-

191 4052 348 4119 oleri,
375 4061 430 4107 et
453 4067 730 4117 cursores,
759 4063 815 4106 et
839 4051 1090 4117 athleta,
1118 4053 1208 4106 ubi
1236 4051 1302 4106 ad
1335 4051 1493 4107 linem
1537 4054 1790 4119 veniunt,

194 4143 364 4211 magis
388 4143 664 4198 enituntur
700 4152 756 4198 et
791 4142 1010 4212 vigilant
1043 4159 1058 4195 :
1094 4141 1282 4197 eodem
1311 4144 1470 4197 modo
1499 4152 1553 4197 et
1573 4158 1669 4198 nos
1698 4142 1780 4198 fa-

193 4233 398 4285 ciamus
424 4240 635 4300 oportet
658 4272 673 4296 ,
700 4232 822 4302 quia
865 4232 920 4286 in
959 4247 1203 4302 magnam
1234 4232 1369 4287 hanc
1395 4232 1781 4289 hebdomadam

197 4324 292 4377 Dei
326 4325 493 4392 gratia
523 4325 891 4392 pervenimus.
925 4339 1066 4378 nunc
1108 4325 1338 4380 maxime
1361 4327 1548 4396 jejunii
1594 4342 1786 4384 cursus

197 4414 572 4480 intendendus,
601 4423 655 4469 et
677 4414 1023 4470 ferventiores
1045 4415 1325 4472 fundendo:
1348 4432 1561 4486 preces,
1589 4417 1785 4474 facien-

194 4507 371 4576 daque
392 4505 618 4576 diligens
637 4515 690 4562 et
711 4522 840 4576 pura
868 4516 1204 4576 peccatorum
1225 4506 1510 4574 confessio,
1538 4519 1592 4563 et
1617 4509 1670 4562 in
1691 4510 1788 4564 bo-

197 4597 282 4651 nis
309 4596 560 4665 operibus
582 4595 835 4651 sedulitas
870 4595 1188 4663 exhibenda,
1219 4598 1556 4669 eleemosyna
1604 4599 1745 4667 larga
1766 4639 1785 4666 ,

196 4688 462 4756 aquilas,
489 4687 872 4753 mansuetudo,
916 4687 1143 4759 aliteque
1183 4690 1410 4744 virtutes
1442 4706 1456 4742 :
1500 4698 1558 4742 ut
1595 4689 1788 4745 talibus

196 4777 371 4831 ornati
394 4778 695 4844 virtutibus,
724 4778 810 4833 ubi
841 4779 893 4832 in
919 4777 1061 4833 diem
1091 4778 1418 4834 Dominicam
1446 4779 1666 4834 Paschze
1689 4795 1788 4835 ve-

199 4869 456 4931 nerimus,
489 4867 700 4922 Domini
730 4869 1043 4925 liberalitate
1063 4871 1321 4925 fruamur.
1345 4871 1584 4943 Magnam
1606 4884 1786 4927 autem

197 4972 454 5011 vocamus
485 4957 900 5025 hebdomadam,
923 4975 1027 5012 non
1055 4959 1198 5028 quod
1225 4961 1493 5029 longiores
1517 4963 1568 5015 in
1591 4977 1651 5016 ea
1682 4964 1790 5016 sint

203 5051 351 5104 hora:
379 5066 392 5101 :
426 5058 551 5104 sunt
577 5049 719 5103 enim
751 5049 869 5102 alia:
892 5064 1010 5119 qua:
1049 5049 1215 5102 multo
1245 5049 1475 5119 majores
1502 5050 1660 5105 horas
1689 5053 1784 5105 ha-

201 5141 363 5203 bent;
397 5154 567 5208 neque
591 5137 734 5208 quod
764 5138 942 5208 plures
967 5138 1084 5194 dies
1112 5139 1305 5195 habeat
1334 5157 1347 5192 :
1376 5151 1458 5196 est
1478 5142 1619 5196 enim
1649 5143 1787 5198 idem

203 5243 459 5284 numerus
498 5230 548 5282 in
579 5228 679 5283 hac
716 5229 938 5299 aliisque
975 5228 1244 5285 omnibus.
1289 5231 1465 5298 Quare
1489 5247 1620 5304 ergo
1648 5235 1787 5288 illam

202 5334 456 5374 vocamus
478 5321 758 5389 magnam?
779 5321 912 5388 Quia
935 5321 988 5374 in
1013 5321 1099 5375 illa
1117 5337 1308 5391 magna
1323 5323 1566 5393 quaedam
1585 5334 1638 5381 et
1659 5324 1794 5382 inef-

204 5413 384 5468 fabilia
416 5411 550 5465 bona
591 5411 930 5481 contigerunt
956 5412 1130 5466 nobis.
1172 5411 1230 5467 ln
1259 5413 1346 5467 illa
1381 5415 1525 5469 enim
1562 5415 1792 5471 solutum

201 5514 289 5558 est
317 5502 511 5558 bellmn
556 5502 850 5569 diutinum,
877 5503 1136 5558 exstincta
1177 5518 1346 5572 mors,
1375 5505 1679 5563 maledictio
1708 5507 1789 5562 in-

203 5605 490 5664 terempta,
513 5593 709 5647 diaboli
733 5595 967 5663 tyrannis
985 5594 1262 5665 dissoluta,
1286 5612 1408 5654 vasa
1427 5597 1541 5667 ejus
1566 5597 1789 5668 direpta;

269 5726 342 5786 (a)
363 5727 443 5774 llis
457 5727 612 5794 innuit
631 5726 1012 5794 Chrgsostomus,
1034 5742 1126 5779 suo
1149 5737 1372 5794 tempore
1395 5732 1443 5780 in
1464 5743 1600 5779 more
1626 5729 1792 5788 fuisse,

204 5794 262 5836 ut
286 5801 346 5834 cx
374 5789 604 5854 navibus,
638 5787 859 5838 confecto
892 5787 1212 5850 navigationis
1242 5787 1412 5849 cursu,
1449 5799 1709 5854 antequam
1747 5787 1793 5841 iu

208 5855 400 5911 portum
424 5850 705 5916 inn-aretur,
725 5863 877 5900 onera
902 5858 956 5902 et
977 5855 1178 5905 sarcina:
1205 5855 1548 5916 educerentur,
1571 5850 1622 5904 et
1645 5855 1694 5904 in
1718 5867 1793 5903 su-

205 5910 378 5975 premo
395 5910 612 5962 tabulato
631 5923 952 5975 ponerentur.

1126 474 1196 533 ΙΝ
1229 476 1379 534 CAP.
1424 477 1468 532 Χ
1509 475 1594 532 ΕΤ
1636 475 1724 531 XI.
1767 474 1994 531 CENl‘.S
2055 471 2282 530 ΙΙΟΜΙΙη
2325 473 2494 529 XXX.

3329 469 3431 524 274

1847 584 1985 639 Deus
2015 586 2318 639 hominilms
2343 584 2715 640 reconciliatus
2739 590 2840 646 est,
2869 581 3058 635 ca'lum
3107 581 3436 649 penetrabile

1843 674 2038 729 factum
2066 685 2167 734 est.
2201 675 2447 729 homines
2472 689 2592 728 cmn
2615 674 2822 744 angelis
2845 675 3120 728 commixti
3148 681 3291 737 sunt,
3318 690 3436 742 qn.e

1845 764 2112 818 distabant
2134 766 2414 834 conjuncta
2438 773 2580 828 sunt,
2598 779 2755 833 sepcs
2775 765 3002 828 sublata,
3025 775 3232 833 septum
3261 781 3439 818 remi»

1849 865 1982 922 tum,
2015 857 2156 912 Deus
2181 859 2325 927 pacis
2350 858 2566 927 pacifica
2608 857 2730 912 fecit
2755 858 2956 924 omnia,
2983 873 3101 928 qua:
3130 857 3182 911 in
3215 858 3364 911 melis
3391 866 3444 910 et

1849 964 1966 1016 qn:e
1997 948 2048 1001 in
2077 949 2255 1002 terris.
2279 948 2391 1003 llac
2412 950 2586 1017 itaque
2606 949 2671 1004 de
2699 964 2856 1004 causa
2883 965 3128 1019 magnam
3153 949 3445 1004 hebdoma—

1851 1039 1972 1092 dam
2003 1054 2274 1106 vocamus,
2300 1042 2421 1109 quia
2450 1050 2649 1094 lautam
2685 1041 2836 1095 nobis
2860 1040 3123 1095 donorum
3148 1041 3412 1094 multitudi
3431 1069 3445 1078 -

1853 1145 1975 1183 nem
2006 1130 2056 1183 in
2096 1131 2180 1183 illa
2221 1130 2440 1200 largitus
2464 1142 2547 1185 est
2577 1132 2852 1185 Dominus.
2887 1131 2952 1184 Et
2979 1130 3176 1184 idcirco
3202 1133 3355 1184 nmlti
3381 1140 3438 1185 et

1851 1219 2110 1288 jejunium
2142 1220 2450 1286 intendunt,
2471 1232 2522 1276 et
2552 1221 2778 1291 vigilias,
2819 1231 2873 1276 ct
2900 1222 3332 1290 pernoctationes
3357 1236 3447 1274 sa-

1855 1326 2004 1373 cras.
2052 1321 2106 1366 et
2147 1307 2546 1382 elecmoSynas,
2578 1312 2699 1365 hinc
2734 1311 3046 1367 exhibentes
3086 1327 3243 1376 eum,
3282 1325 3441 1380 quem

1859 1403 2207 1458 hebdomadae
2239 1404 2361 1458 huic
2388 1412 2666 1473 praestant,
2700 1403 2978 1464 honorem.
3009 1404 3139 1458 Nam
3183 1405 3228 1458 si
3268 1403 3453 1458 Domi-

1859 1511 1958 1550 nns
1989 1496 2113 1551 talia
2137 1497 2274 1551 bona
2308 1499 2358 1552 in
2400 1499 2488 1552 illa
2521 1499 2946 1567 nobisdonavit,
2970 1500 3240 1570 quomodo
3265 1515 3372 1554 non
3399 1509 3454 1554 et

1862 1603 1961 1642 nos
1979 1587 2255 1654 debemus,
2279 1601 2536 1659 quantum
2564 1606 2870 1660 possumus,
2899 1595 3253 1648 reverentiam
3275 1603 3330 1648 et
3355 1593 3453 1648 ho-

1863 1693 2046 1733 norem
2074 1680 2397 1734 ostendere?

1932 1767 2197 1822 Iustitium
2221 1770 2465 1824 indictum
2499 1772 2813 1826 hebdomade
2843 1782 3042 1826 sancta.
3073 1803 3144 1814 —-
3169 1773 3455 1828 Enimvero

1866 1858 2221 1928 Imperatores
2244 1859 2341 1929 ipsi
2357 1863 2526 1930 gestis
2555 1862 2666 1917 suis
2692 1862 2965 1917 declarant
2990 1879 3149 1934 quam
3175 1865 3424 1918 venerabi
3441 1893 3456 1902 -

1866 1950 1941 2005 les
1969 1951 2090 2006 illus
2113 1951 2229 2007 dies
2270 1953 2531 2016 habeant,
2561 1954 2876 2009 mandantes
2907 1963 2962 2008 ut
2984 1954 3233 2010 omnibus
3253 1955 3361 2009 sint
3382 1957 3458 2008 in-

1866 2042 2036 2098 ducite
2056 2054 2112 2100 et
2136 2044 2284 2099 feria:
2313 2046 2377 2100 iis
2402 2047 2490 2116 qui
2511 2047 2758 2102 civilibus
2786 2047 3078 2118 funguntur
3104 2049 3350 2118 negotiis,
3381 2058 3460 2103 ut-

1867 2147 1972 2201 que
2000 2133 2315 2189 claudantur
2343 2135 2486 2191 fores
2507 2136 2829 2206 judiciorutn
2849 2177 2866 2205 ,
2894 2146 2950 2193 ct
2974 2137 3318 2193 eliminentnr
3346 2153 3460 2193 om-

1869 2239 1965 2279 nes
1995 2225 2165 2280 litium
2190 2237 2245 2282 et
2273 2228 2675 2282 contentionum
2707 2233 2936 2299 species,
2962 2245 3074 2300 quo
3101 2247 3287 2301 magna
3313 2241 3468 2286 tran-

1869 2314 2135 2383 qnillitate
2146 2330 2211 2371 ac
2223 2317 2403 2386 quiete
2420 2319 2574 2374 liueat
2591 2319 2963 2390 adspiritnalia
2981 2329 3126 2376 recte
3143 2322 3463 2390 perﬁcienda

1871 2404 2140 2461 festinare.
2171 2407 2238 2463 Et
2259 2422 2367 2462 non
2388 2407 2490 2464 hoc
2505 2409 2700 2475 solum,
2724 2409 2889 2465 sedet
2906 2411 3066 2465 aliam
3093 2411 3476 2467 liberalitatem.

1873 2496 2166 2551 ostendunt
2191 2515 2205 2552 :
2229 2512 2324 2554 eos
2347 2500 2491 2554 enim
2517 2500 2608 2569 qi
2633 2500 2686 2554 in
2712 2500 3018 2558 carceribus
3043 2510 3190 2567 sunt,
3222 2516 3253 2557 a
3283 2505 3467 2558 vincu-

1873 2587 1940 2642 lis
1962 2590 2211 2656 solvunt,
2248 2600 2302 2647 et
2339 2606 2435 2661 pro
2465 2591 2696 2646 humana
2725 2591 2972 2648 facultate
3000 2594 3284 2649 Dominum
3313 2609 3468 2649 suum

1876 2679 2171 2736 imitantur.
2207 2682 2358 2738 Sicut
2393 2683 2539 2738 enim
2576 2683 2690 2754 ipse
2731 2697 2763 2736 a
2813 2683 2960 2754 gravi
2995 2699 3092 2738 nos
3129 2693 3468 2755 peccatorum

1875 2785 2090 2827 carcere
2145 2773 2363 2839 liberat,
2415 2782 2470 2829 et
2517 2772 2815 2830 innumeris
2860 2775 3013 2830 bonis
3042 2773 3248 2830 allicit:
3281 2777 3472 2832 eodem

1877 2863 2039 2918 modo
2065 2873 2119 2919 et
2147 2865 2300 2919 nobis
2330 2879 2436 2934 pro
2457 2864 2603 2919 virili
2623 2867 2926 2924 faciendum
2947 2876 3048 2930 est,
3071 2877 3128 2920 nt
3158 2867 3325 2921 simus
3352 2868 3471 2922 imi-

1878 2963 2077 3011 tatores
2106 2955 2484 3011 misericordiae
2520 2957 2730 3011 Domini
2755 2957 2847 3012 Dei
2875 2958 3066 3013 nostri.
3099 2957 3317 3014 Vidistis
3338 2973 3472 3028 quo-

1878 3045 2040 3099 modo
2061 3045 2258 3116 singuli
2284 3046 2334 3099 in
2351 3046 2607 3100 omnibus
2621 3047 2895 3117 specimen
2923 3048 3146 3102 edamus
3169 3049 3285 3118 ejus
3307 3048 3472 3104 hono-

1879 3137 1953 3190 ris
1976 3151 2040 3191 ac
2061 3138 2396 3202 reverentize,
2423 3153 2582 3207 quam
2611 3138 2926 3193 exhibemus
2955 3139 3146 3195 diebus
3166 3140 3231 3195 iis
3256 3141 3347 3210 qui
3376 3156 3474 3196 no.

1881 3226 1964 3280 bis
1992 3236 2070 3281 tot
2114 3227 2377 3282 bonorum
2411 3243 2588 3283 causa:
2632 3230 2795 3283 sunt?
2823 3229 3056 3286 Proinde
3085 3247 3216 3303 rogo
3253 3246 3397 3288 nunc
3430 3233 3477 3287 si

1881 3334 2134 3388 umquam
2159 3319 2314 3387 alias,
2341 3329 2397 3374 ut
2424 3320 2652 3389 repulsis
2677 3323 3022 3378 saecularibus
3043 3323 3474 3394 cogitationibus,

1882 3419 1933 3463 et
1962 3418 2142 3464 mente
2172 3420 2397 3479 purgata
2420 3425 2484 3465 ae
2522 3410 2667 3482 vigili
2695 3411 2801 3467 hnc
2838 3413 3243 3469 conveniamus.
3291 3413 3476 3470 Nullus

1881 3500 2161 3555 ecclesiam
2207 3502 2477 3571 ingressus
2506 3503 2795 3559 sa‘cnlares
2818 3519 2976 3559 curas
3000 3521 3182 3559 secum
3213 3505 3393 3576 ducat,
3422 3518 3488 3564 ut

1881 3593 2042 3660 digna
2068 3592 2308 3647 laborum
2334 3593 2582 3650 mercede
2615 3604 2850 3664 recepta,
2885 3597 3074 3650 iterum
3102 3597 3318 3652 domum
3350 3614 3479 3668 pro-

1887 3685 2052 3739 licisei
2073 3685 2248 3741 liceat.
2280 3686 2392 3756 Age
2419 3687 2576 3757 igitur
2605 3698 2920 3742 consuetam
2942 3689 3091 3744 vobis
3116 3704 3355 3744 mensam
3384 3692 3480 3745 ite-

1884 3795 2003 3833 rum
2032 3795 2391 3850 proponamus
2411 3821 2426 3845 ,
2471 3789 2526 3834 et
2564 3779 2632 3835 de
2661 3781 2726 3835 iis
2745 3797 2872 3851 qua:
2903 3782 3039 3837 leeta
3069 3791 3194 3836 sunt
3231 3799 3294 3837 ex
3324 3783 3482 3840 beato

1889 3873 2055 3936 Mose,
2084 3873 2292 3928 caritati
2316 3881 2505 3928 vestrm
2531 3873 2834 3928 convivimn
2859 3889 3126 3944 paremus,
3152 3874 3338 3930 eadem
3369 3875 3482 3946 ipsa

1889 3967 1940 4020 in
1965 3965 2195 4019 medium
2225 3963 2555 4020 adducentes
2574 3973 2629 4020 et
2649 3965 2946 4020 indicantes
2971 3965 3170 4020 divina:
3193 3966 3483 4035 Scriptum

1887 4057 2237 4127 diligentiam.
2275 4055 2408 4111 Nam
2449 4067 2727 4126 postquam
2772 4055 3008 4110 historiae
3055 4056 3123 4111 de
3173 4055 3326 4112 beato
3373 4056 3488 4115 Noe

1892 4148 2051 4202 linem
2101 4147 2372 4216 imposuit,
2425 4147 2795 4216 genealogiam
2839 4156 3235 4215 consequenter
3285 4161 3314 4200 a
3357 4145 3484 4202 Sum

1890 4240 2185 4304 exorditur,
2212 4251 2267 4295 et
2291 4239 2421 4294 dicit
2450 4257 2462 4292 :
2492 4239 2582 4293 2|.
2614 4237 2765 4310 (Gen.
2790 4238 2880 4308 l0)
2899 4238 2966 4291 Et
2995 4239 3118 4293 Sent
3144 4239 3253 4292 nati
3275 4250 3411 4307 sunt,
3441 4252 3487 4294 ct

1892 4332 1991 4402 ipsi
2017 4332 2152 4401 patri
2176 4331 2404 4385 omnium
2435 4331 2663 4398 ﬁliorum
2693 4328 2878 4395 Ileber,
2909 4330 3059 4400 fratri
3098 4329 3326 4400 Japltcth
3373 4347 3487 4383 ma-

1884 4425 2017 4495 joris
2046 4424 2162 4493 ﬁlii.
2212 4422 2411 4478 Deinde
2436 4420 2682 4476 confecto
2703 4422 2976 4477 nominum
2995 4423 3241 4492 catalogo
3261 4422 3334 4476 ait
3358 4439 3371 4473 :
3394 4422 3484 4477 25.

1894 4517 1961 4571 Et
1985 4517 2147 4572 Heber
2164 4517 2272 4570 nati
2293 4526 2408 4570 sunt
2435 4516 2536 4568 duo
2565 4515 2682 4584 ﬁlii,
2707 4531 2887 4568 nomen
2924 4515 3013 4568 uni
3039 4512 3234 4568 Phalec
3257 4530 3275 4567 :
3295 4515 3413 4585 quia
3438 4516 3490 4568 in

1892 4609 2068 4662 diebus
2106 4607 2244 4662 illius
2272 4605 2434 4660 divisa
2467 4614 2540 4659 est
2590 4615 2746 4660 terra.
2790 4604 3084 4660 Considera
3113 4605 3383 4675 quomodo
3413 4606 3487 4657 si-

1893 4703 1982 4773 gni
2013 4701 2088 4772 (a)
2116 4714 2221 4754 non
2255 4699 2425 4753 multo
2454 4704 2573 4768 post
2610 4696 2768 4752 futuri
2805 4697 3199 4766 praescientiam
3227 4695 3488 4750 vocabulo

1895 4795 2004 4849 nati
2033 4795 2177 4863 pueri
2205 4791 2412 4858 indidit,
2441 4801 2498 4845 ut
2531 4805 2650 4844 cum
2678 4789 2874 4843 videris
2901 4803 3013 4842 rem
3039 4803 3206 4858 opere
3229 4787 3492 4861 adimple-

1895 4896 2030 4953 tam,
2058 4900 2166 4940 non
2192 4885 2327 4940 ultra
2351 4881 2582 4949 mireris,
2605 4881 2792 4937 videns
2817 4881 3073 4938 divinitus
3094 4881 3198 4937 hoc
3219 4885 3368 4954 pueri
3393 4899 3491 4938 no-

1895 4982 2039 5035 mine
2078 4977 2411 5049 przedictum.
2459 4975 2591 5031 Nam
2639 4983 2919 5046 postquam
2963 4975 3262 5045 catalogum
3303 4991 3490 5031 eorum

1896 5071 2040 5136 fecit,
2072 5070 2161 5140 qui
2193 5078 2376 5139 postea
2417 5069 2524 5124 nati
2567 5077 2713 5131 sunt,
2742 5067 2913 5138 inquit
2943 5081 2957 5119 :
2993 5067 3045 5122 Ι.
3088 5067 3239 5138 (Cap.
3287 5067 3377 5134 ll)
3425 5063 3494 5119 Et

1896 5172 2004 5217 erat
2042 5161 2209 5216 omnis
2233 5171 2368 5214 terra
2396 5159 2584 5214 fabium
2629 5175 2822 5225 unum,
2849 5168 2896 5214 et
2937 5173 3036 5213 uoa:
3071 5174 3174 5213 una
3215 5157 3449 5212 omnibus
3478 5175 3488 5208 ;

1899 5269 2005 5308 non
2053 5251 2120 5307 de
2170 5260 2309 5305 terra
2352 5251 2600 5319 loquens,
2630 5249 2723 5305 sed
2771 5249 2838 5304 de
2869 5249 3144 5303 hominum
3187 5263 3405 5318 genere,
3441 5259 3498 5304 ut

1899 5359 1997 5398 nos
2046 5341 2236 5396 doceat
2265 5356 2424 5396 unam
2457 5341 2687 5410 linguam
2714 5339 2861 5394 omni
2889 5339 3162 5394 hominum
3198 5340 3364 5394 fuisse
3395 5353 3495 5393 na-

1900 5443 2050 5487 tura}.
2080 5431 2145 5485 Et
2164 5443 2272 5485 erat
2301 5433 2461 5485 omnis
2488 5442 2622 5484 terra
2648 5431 2836 5486 labium
2865 5448 3038 5496 unum,
3067 5440 3112 5484 et
3138 5447 3236 5484 v0.1:
3261 5447 3362 5484 una
3384 5447 3494 5484 om-

1899 5527 2066 5581 nibus.
2097 5526 2306 5579 Labium
2343 5542 2522 5592 unum,
2549 5541 2848 5582 sermonem
2876 5526 3024 5588 dicit,
3053 5532 3107 5579 et
3132 5523 3362 5595 idipsum
3394 5525 3492 5579 ite-

1902 5636 2018 5674 rum
2050 5635 2142 5690 per
2177 5634 2361 5674 vocem
2405 5619 2642 5683 indicat,
2667 5619 2973 5689 signiﬁcans
3011 5633 3202 5672 omnes
3244 5631 3369 5672 usos
3398 5631 3488 5670 ea-

1901 5715 2023 5769 dem
2054 5728 2182 5769 voce
2209 5721 2266 5769 et
2303 5712 2496 5783 lingua.
2532 5713 2597 5767 Et
2621 5713 2764 5783 quod
2800 5712 2870 5768 de
2912 5710 3123 5781 loquela
3148 5709 3380 5774 dicatur,
3422 5706 3490 5764 Et

1961 5852 2137 5966 (artic
2172 5856 2312 5919 signo
2361 5867 2452 5905 seu
2491 5852 2720 5905 miraculo
2766 5851 3014 5903 divisionis
3079 5849 3355 5911 linguarum
3417 5844 3478 5890 lo-

1961 5930 1985 5965 u
2071 5951 2081 5964 .

1903 5930 2081 5980 qututl’.
