4080 6490
619 414 723 471 275

615 545 731 592 erat
773 530 933 585 omnis
973 538 1103 584 terra
1149 527 1334 581 nam
1375 541 1527 580 unum
1548 565 1564 589 ,
1594 522 1716 578 audi
1746 521 2067 592 Scripturam
2097 518 2201 571 alio

628 624 748 674 loco
782 621 1042 675 dicentem
1075 639 1086 672 :
1146 619 1392 672 Venenum
1430 615 1663 684 aspidum
1705 612 1794 666 sub
1844 611 1986 664 labiis
2031 623 2201 662 eorum

625 714 648 780 ί
678 712 825 768 Psal.
863 713 984 768 159.
1015 714 1046 766 ὁ
1071 713 1109 779 ).
1144 711 1216 763 lta
1243 711 1379 762 solet
1408 707 1679 776 Scriptura
1707 706 1960 758 labiorum
1989 701 2202 754 nomine

628 805 894 874 laquelatn
925 803 1207 872 appellare.
1241 801 1292 852 2.
1324 799 1387 852 Et
1405 805 1593 868 factum
1620 807 1691 852 est
1716 813 1828 850 eum
1856 802 2102 847 moverent
2128 791 2202 843 illi

625 898 689 947 ab
717 895 939 958 Oriente,
970 894 1259 945 invenerunt
1281 906 1516 958 campum
1535 889 1587 942 in
1609 897 1674 942 ter
1686 903 1745 940 ru
1766 885 2018 948 Setinum,
2045 891 2091 935 et
2112 880 2202 932 ha-

627 986 901 1038 bitaverunt
929 984 1055 1037 illic.

694 1075 751 1127 2.
794 1073 1030 1126 Humana
1053 1084 1235 1125 natura
1260 1087 1456 1141 majora
1481 1084 1674 1138 semper
1698 1066 1907 1137 appetit.
1945 1062 2204 1118 Memoria

627 1176 826 1218 (sternte
867 1165 1134 1231 cupiditas.
1171 1193 1240 1204 ——
1273 1163 1401 1215 Vide
1440 1157 1705 1229 quomodo
1745 1158 1971 1212 humana
2018 1163 2200 1208 natura

629 1270 732 1307 non
765 1263 935 1322 potest
961 1254 1252 1308 subsistere
1286 1253 1420 1306 intra
1447 1263 1571 1303 suos
1601 1250 1816 1313 limites,
1848 1245 1939 1299 sed
1977 1245 2202 1312 amplius

627 1345 1026 1412 concupiscens,
1062 1345 1263 1411 majora
1294 1357 1450 1411 supra
1479 1356 1540 1396 se
1560 1341 1778 1410 appetit.
1809 1340 1978 1407 Atque
2006 1337 2104 1389 hoc
2123 1344 2204 1389 est

625 1432 767 1503 quod
809 1434 1092 1488 humanum
1141 1449 1306 1502 genus
1335 1434 1662 1501 potissimutn
1707 1429 1901 1498 perdit,
1946 1430 2066 1498 quia
2099 1443 2201 1480 non

626 1525 738 1578 vult
771 1534 969 1578 natura:
1011 1539 1122 1578 sua:
1165 1539 1464 1577 mensuram
1508 1535 1832 1590 agnoscere,
1863 1519 1955 1574 sed
1993 1534 2203 1586 semper

629 1615 832 1684 majora
876 1617 1103 1685 appetit,
1153 1625 1207 1669 et
1236 1629 1351 1682 qua:
1382 1627 1537 1682 supra
1565 1627 1715 1667 suam
1742 1618 1867 1664 sunt
1894 1610 2200 1679 dignitatem

628 1707 768 1760 votis
808 1707 1051 1775 concipit.
1098 1704 1228 1758 llinc
1268 1713 1321 1759 et
1350 1704 1442 1773 qui
1495 1702 1756 1756 mundana
1784 1701 2110 1771 suspiciunt,
2159 1700 2203 1754 si

626 1796 840 1864 quando
866 1797 1029 1849 multo
1049 1795 1429 1849 abundaverint
1457 1810 1608 1859 auro,
1635 1803 1688 1848 et
1717 1801 1957 1862 potentes
1987 1790 2202 1854 fuerint,

626 1887 777 1955 quasi
801 1887 948 1942 obliti
975 1902 1084 1941 sum
1108 1897 1328 1951 natum,
1362 1887 1412 1940 in
1437 1895 1633 1939 tantum
1655 1901 1712 1939 se
1739 1884 2002 1954 fastigium
2026 1881 2204 1937 cll'crri

627 1977 847 2043 volunt,
893 1979 1064 2032 donec
1114 1977 1164 2029 in
1213 1975 1529 2044 profundum
1561 1976 1731 2044 ipsum
1761 1973 2091 2043 dejiciantur.
2142 1971 2205 2025 Et

629 2068 735 2122 hoc
782 2068 1020 2123 videmus
1066 2067 1297 2137 quotidie
1339 2070 1678 2135 contingere,
1705 2065 1944 2135 quamvis
1984 2079 2082 2118 nec
2109 2062 2207 2117 hac

632 2158 835 2213 ratione
881 2157 1270 2212 emendatiores
1307 2155 1533 2210 evadant
1578 2155 1667 2208 alii
1695 2172 1708 2207 :
1737 2154 1828 2209 sed
1860 2155 1956 2208 etsi
1988 2153 2052 2206 ad
2084 2167 2204 2221 par-

630 2264 755 2302 vum
777 2256 984 2316 tempus
1007 2247 1383 2316 reprimautur,
1403 2246 1575 2298 subito
1593 2253 1768 2298 tamen
1784 2243 2018 2298 omnium
2035 2241 2204 2305 obliti,

630 2339 821 2394 iterum
847 2337 1086 2391 eamdem
1118 2336 1368 2391 incedunt
1393 2336 1561 2398 viam,
1591 2343 1644 2389 et
1670 2334 1722 2388 iit
1748 2333 1933 2388 eadem
1963 2331 2205 2401 praecipi-

630 2428 700 2482 tia
726 2426 1035 2481 deferuntur
1083 2441 1097 2478 :

631 2519 762 2572 istos
793 2517 1008 2571 factum.
1039 2515 1104 2568 Et
1127 2519 1317 2585 factum
1345 2526 1415 2568 est
1447 2532 1558 2567 cum
1580 2523 1828 2567 moverent
1847 2514 1922 2566 illi
1944 2512 2005 2566 ab
2030 2512 2208 2566 Orien-

633 2619 702 2673 te,
729 2609 1020 2661 invenerunt
1048 2623 1282 2676 campum
1311 2607 1361 2660 in
1381 2616 1514 2660 terra
1530 2607 1780 2671 Semtaar,
1802 2616 1850 2660 et
1867 2606 2209 2658 habitaverunt

631 2701 756 2755 illic.
790 2699 918 2754 Vide
942 2699 1208 2768 quomodo
1236 2699 1486 2768 paulatim
1513 2700 1669 2753 docet
1690 2713 1784 2752 nos
1818 2697 2058 2751 instabile
2090 2695 2207 2750 illo-

632 2803 750 2844 rum
782 2789 1130 2858 propasitum.
1158 2787 1416 2855 Quoniam
1438 2788 1702 2852 viderunt,
1729 2789 1912 2858 inquit,
1941 2802 2207 2857 campum,

631 2881 921 2951 migrantes
945 2922 961 2946 ,
992 2890 1044 2936 et
1075 2880 1259 2935 relicto
1296 2880 1458 2950 priori
1485 2879 1602 2934 loco
1623 2922 1638 2946 ,
1668 2880 1776 2935 illic
1820 2880 2207 2934 habitaverunt.

633 2971 836 3030 Deinde
861 2973 1022 3027 dicit:
1055 2973 1107 3027 3.
1146 2972 1284 3025 Dixit
1309 2972 1646 3042 unusquisque
1672 2972 1900 3038 proximo
1931 2987 2021 3025 suo
2055 2986 2072 3024 :
2111 2969 2208 3023 γε.

635 3067 755 3129 nite,
785 3067 1113 3134 conﬁdamus
1136 3067 1331 3128 lateres,
1363 3073 1409 3118 et
1429 3073 1702 3133 ‘coquamus
1728 3080 1811 3118 eos
1839 3064 1962 3134 igni.
1995 3062 2060 3116 Et
2088 3062 2210 3130 facti

636 3166 752 3210 sunt
781 3156 881 3210 illis
907 3156 1085 3210 lateres
1111 3157 1161 3208 in
1188 3154 1430 3223 lapidem,
1455 3163 1501 3207 et
1522 3153 1740 3207 bitumen
1765 3163 1868 3208 erat
1899 3154 2000 3206 illis
2026 3153 2208 3205 lutum.

637 3249 692 3301 4.
725 3244 790 3298 Et
815 3246 1050 3300 dixerunt
1079 3263 1093 3296 :
1134 3244 1338 3310 Venite,
1367 3244 1672 3313 cdiﬁeemus
1701 3244 1841 3297 nobis
1864 3243 2108 3296 civitatem
2129 3283 2142 3305 ,
2168 3251 2214 3294 et

635 3337 835 3399 turrim,
875 3337 1021 3404 cujus
1046 3344 1198 3404 caput
1224 3334 1318 3388 erit
1343 3350 1498 3404 usque
1531 3335 1582 3387 in
1619 3333 1834 3400 etclam,
1876 3343 1922 3388 et
1967 3333 2212 3403 faciamus

636 3427 779 3481 nobis
819 3429 941 3495 ipsis
970 3444 1146 3480 nomen
1168 3469 1180 3490 ,
1215 3428 1506 3496 priusquam
1544 3427 1890 3498 disperguntur
1932 3442 2082 3496 super
2104 3441 2213 3478 om-

638 3535 750 3573 nem
776 3530 977 3574 terram.
1011 3519 1140 3574 Vide
1168 3519 1434 3590 quomodo
1461 3519 1745 3574 abutuntur
1764 3517 2029 3572 communi
2059 3532 2206 3581 voce,

636 3619 690 3666 ct
711 3613 975 3682 quomodo
1000 3627 1189 3666 vanum
1216 3613 1334 3666 vita:
1361 3613 1684 3683 prOjiositum
1709 3611 1774 3665 sit
1797 3613 2078 3665 multorum
2102 3625 2213 3663 ma-

639 3705 812 3759 lorum
847 3707 1074 3759 occasio.
1115 3705 1305 3771 Venite,
1339 3706 1526 3776 inquit,
1561 3705 1804 3774 faciamus
1833 3705 2028 3768 lateres,
2057 3713 2104 3757 et
2129 3720 2213 3756 co-

639 3812 849 3858 quainns
875 3812 957 3848 cos
983 3796 1106 3864 igni.
1140 3796 1201 3849 Et
1229 3797 1350 3863 facti
1375 3806 1491 3849 sunt
1525 3795 1625 3848 illis
1662 3794 1836 3849 lateres
1865 3795 1916 3848 in
1960 3793 2210 3864 lapidem,

639 3899 686 3941 et
727 3887 941 3939 bitumen
984 3890 1033 3938 in
1080 3905 1290 3939 aenum.
1340 3888 1471 3941 Vide
1499 3899 1690 3954 quanta
1723 3891 2003 3942 securitate
2035 3889 2214 3943 volunt

639 3979 926 4042 a-dilicarc,
969 3979 1266 4032 nescientes
1298 3977 1455 4036 illud.
1479 3977 1593 4031 Nisi
1621 3977 1870 4031 Dominus
1897 3979 2215 4044 tt’tllﬁcttt‘t’t'il

642 4069 863 4130 domum,
894 4069 943 4118 in
967 4085 1146 4120 vanum
1165 4069 1511 4121 laboraverunt
1529 4070 1615 4137 qui
1632 4069 1884 4135 a'diﬁcant
1908 4084 2016 4121 eam
2041 4067 2213 4138 (Psal.

643 4162 766 4213 126.
804 4161 873 4228 1).
911 4159 970 4211 Et
1000 4162 1319 4226 mli/iremus,
1347 4159 1607 4230 inquiunt,
1637 4160 1777 4214 nobis
1798 4163 2081 4215 civitatem:
2110 4178 2216 4216 non

640 4254 772 4313 Deo,
805 4253 895 4304 sed
933 4250 1090 4304 Nobis
1120 4253 1260 4318 ipsis.
1290 4250 1442 4315 Vide,
1475 4265 1592 4317 oro,
1622 4267 1777 4322 quam
1817 4252 2036 4306 invaluit
2063 4253 2216 4306 ntali-

641 4347 710 4395 tia
739 4362 751 4394 :
785 4343 1036 4396 habentes
1061 4343 1234 4396 adhuc
1253 4351 1520 4398 recentem
1544 4342 1852 4396 memoriam
1879 4342 2143 4410 generalis
2166 4342 2216 4396 in

641 4438 843 4489 dilmio
872 4437 1140 4492 interitus.
1193 4437 1242 4488 in
1277 4444 1473 4489 tantam
1510 4436 1805 4490 inciderunt
1841 4436 2117 4490 insaniam.
2153 4435 2219 4489 Et

643 4529 972 4594 auliﬁcemus,
1003 4527 1190 4595 inquit,
1216 4526 1352 4579 nobis
1382 4527 1645 4590 civitatem,
1669 4540 1714 4579 et
1748 4529 1943 4592 turrim,
1970 4530 2113 4598 cujus
2134 4545 2219 4580 ca-

644 4629 732 4684 put
754 4620 844 4670 crit
867 4635 1018 4684 usque
1047 4619 1096 4669 in
1118 4617 1315 4670 cretum.
1339 4615 1561 4670 Nomine
1581 4616 1694 4671 cmli
1723 4631 1981 4669 summam
2011 4618 2219 4671 illorum

646 4711 918 4763 audaciam
965 4709 1234 4777 Scriptura
1264 4707 1440 4761 divina
1471 4707 1724 4768 declarat.
1759 4707 1821 4760 Et
1846 4709 2113 4777 faciamus,
2144 4710 2222 4762 in-

644 4804 791 4869 quit,
834 4803 1098 4869 nobisipsis
1142 4817 1339 4854 nomen.
1383 4799 1601 4854 Vidistis
1657 4801 1888 4855 radicem
1934 4802 2088 4854 mali?
2122 4801 2220 4866 t’t,

648 4897 838 4964 inquit,
870 4905 1174 4965 perpetuam
1205 4895 1512 4948 memoriam
1536 4908 1944 4963 consequamur,
1976 4903 2030 4946 ut
2057 4895 2221 4947 nostri

651 4995 904 5057 perpetuo
956 4999 1219 5039 memores
1265 4985 1370 5039 sint
1415 4986 1609 5054 posteri
1643 5004 1658 5040 ;
1693 4985 1796 5040 tale
1842 4985 1950 5039 erit
1985 4996 2223 5038 nostrum

649 5095 782 5148 opus
802 5121 814 5142 ,
846 5087 904 5131 ut
950 5091 1233 5146 numquam
1259 5077 1510 5131 oblivioni
1544 5075 1797 5129 tradatur.
1848 5075 1910 5128 Et
1940 5075 2038 5128 hoc
2071 5075 2226 5128 iacia-

648 5186 766 5224 mus
799 5169 1103 5238 Priusquam
1137 5171 1480 5238 tlispcrgamur
1500 5185 1648 5236 super
1674 5170 1847 5237 faciem
1877 5168 2036 5220 omnis
2059 5179 2222 5221 teme.

651 5261 835 5316 Adhuc
854 5303 867 5324 ,
903 5260 1070 5329 inquit
1093 5301 1106 5323 ,
1133 5261 1432 5330 congregati
1464 5260 1603 5330 quod
1628 5259 1778 5313 nobis
1806 5261 1972 5313 visum
1999 5272 2078 5313 est
2107 5261 2226 5313 elli-

651 5355 848 5405 ciamtts
871 5394 884 5416 ,
919 5363 974 5405 ttt
1008 5353 1234 5420 posteris
1263 5365 1573 5421 perpetuum
1616 5369 1807 5407 nomen
1848 5355 2220 5422 relinquamus.

653 5448 789 5500 Sunt
820 5445 964 5498 multi
994 5447 1152 5499 etiam
1183 5444 1338 5500 hodie
1367 5444 1454 5515 qui
1483 5446 1601 5499 illos
1633 5446 1921 5508 imitantur,
1954 5457 2005 5500 ct
2038 5446 2227 5500 talibus

654 5538 900 5604 operibus
921 5537 1177 5591 celebrari
1203 5537 1404 5601 volunt,
1433 5537 1519 5603 qui
1549 5537 1855 5606 splendidas
1881 5536 2068 5589 domus
2096 5537 2226 5590 tudi-

658 5627 836 5691 licant,
862 5636 915 5679 et
943 5629 1168 5693 lavacra,
1198 5638 1250 5682 et
1277 5629 1508 5696 porticus
1530 5669 1544 5692 ,
1588 5637 1640 5680 et
1669 5627 2059 5682 deambulacra.
2088 5630 2228 5693 Quo.

658 5735 772 5773 tum
802 5720 843 5773 si
864 5719 1090 5788 aliquem
1117 5721 1412 5789 rogaveris,
1445 5734 1608 5787 quare
1632 5721 1699 5772 ita
1739 5719 1937 5772 laboret
1962 5728 2015 5773 et
2040 5719 2224 5787 latigo-

657 5820 762 5879 tur,
817 5821 1095 5885 tantosque
1154 5813 1491 5883 pecuniarum
1544 5820 1782 5884 sumptus
1824 5813 1996 5880 iaciat,
2030 5827 2226 5885 cosopie

1295 411 1352 465 8.
1391 404 1667 466 JOANNIS
1693 399 2161 462 CHRYSOSTOMI
2200 397 2516 458 ABCﬂlEP.
2558 399 3089 462 CONSTAN'HNOP.

1150 2425 1200 2480 id
1243 2425 1384 2495 quod
1423 2435 1477 2479 et
1504 2439 1641 2479 nunc
1678 2424 1862 2479 videre
1906 2423 2030 2478 licet
2070 2423 2207 2492 apud
2275 2425 2287 2441 '

3790 403 3896 463 ιτς

2313 519 2526 575 inutiles
2555 537 2568 574 :
2599 521 2729 575 nihil
2771 522 2914 578 aliud
2942 522 3145 590 audies,
3172 535 3330 592 quam
3357 520 3474 577 hac
3503 519 3689 587 verba,
3710 529 3776 574 ut
3805 521 3902 575 is-

2310 611 2550 666 mortalis
2574 623 2816 668 servetur
2843 616 3117 680 memoria,
3143 624 3198 669 et
3216 613 3427 668 dicatur
3454 613 3598 668 illius
3616 627 3742 668 esse
3764 612 3904 666 hanc

2309 705 2546 770 domum,
2571 705 2712 760 illius
2742 705 2882 760 hunc
2904 722 3111 776 agrum.
3144 707 3211 761 At
3237 705 3339 761 hoc
3359 720 3467 760 non
3494 715 3576 760 est
3603 705 3828 760 laudem
3853 717 3905 760 et

2311 796 2654 859 memoriam,
2681 798 2773 851 sed
2808 797 3010 852 crimen
3052 797 3152 851 sibi
3191 811 3402 866 parare.
3443 796 3576 851 Nam
3618 797 3811 851 statim
3841 797 3904 851 ad

2311 883 2426 939 haec
2452 886 2838 955 subjungentur
2864 886 3208 956 plurimarum
3231 887 3677 942 contumeliarum
3705 887 3901 948 verba;

2309 988 2502 1043 nempe
2522 975 2678 1045 hujus
2699 986 2782 1031 est
2799 976 2967 1039 avari,
3004 975 3159 1044 hujus
3185 977 3414 1046 rapacis,
3442 976 3598 1045 hujus
3620 977 3906 1031 viduaru-

2308 1077 2363 1124 et
2391 1069 2748 1139 orphanorum
2779 1069 3097 1139 spoliatoris.
3130 1067 3291 1139 Igitur
3318 1071 3418 1126 hoc
3444 1085 3550 1125 non
3575 1080 3664 1126 est
3688 1084 3908 1124 memo-

2309 1159 2440 1212 riam
2456 1159 2685 1228 assequi,
2713 1160 2806 1214 sed
2834 1159 3103 1228 perpetuis
3128 1159 3286 1228 objici
3307 1160 3643 1225 criminibus,
3662 1170 3720 1215 et
3742 1162 3908 1216 etiam

2310 1258 2429 1317 post
2456 1260 2680 1304 mortem
2712 1249 2976 1315 infamari,
3000 1266 3064 1306 ac
3082 1258 3440 1321 spectatorum
3459 1251 3674 1322 linguas
3698 1267 3902 1308 access:

2312 1339 2361 1392 iu
2392 1337 2770 1407 blasphemiam
2791 1381 2806 1404 ,
2835 1350 2890 1395 et
2916 1341 3309 1396 accusationem
3344 1342 3462 1410 ejus
3491 1342 3578 1410 qui
3608 1341 3697 1396 illa
3732 1343 3910 1410 possi-

2308 1428 2420 1483 det.
2451 1429 2602 1497 Quod
2645 1432 2690 1486 si
2721 1431 2938 1486 omnino
2966 1441 3221 1486 mternam
3250 1433 3562 1487 memoriam
3592 1447 3777 1496 amas,
3809 1448 3909 1502 ego

2311 1519 2400 1572 tibi
2434 1521 2570 1574 viam
2601 1522 2929 1584 monstrabo,
2953 1537 3053 1590 qua
3077 1522 3277 1592 poteris
3296 1537 3512 1591 semper
3534 1521 3827 1586 celebrari,
3856 1531 3913 1577 es

2309 1624 2426 1678 qua:
2451 1609 2597 1664 dabit
2621 1611 2713 1664 tibi
2741 1610 2986 1665 ﬁduciam
3014 1612 3066 1666 in
3089 1612 3267 1666 futuro
3293 1612 3512 1666 szcculo.
3533 1610 3793 1678 Quonam
3819 1626 3910 1681 pa-

2310 1711 2396 1756 cto
2420 1701 2578 1771 igitur
2604 1704 2804 1772 poteris
2831 1712 2885 1758 et
2911 1704 3337 1765 commemorari,
3365 1712 3419 1756 et
3440 1702 3703 1757 celebrari
3726 1702 3910 1769 quoti-

2309 1795 2417 1860 die,
2442 1795 2802 1864 encomiisque
2823 1794 2977 1850 evehi
2998 1796 3158 1850 etiam
3182 1805 3302 1865 post
3329 1794 3466 1849 hanc
3495 1794 3702 1847 vitam?
3725 1793 3789 1848 Si
3816 1794 3910 1849 bas

2313 1886 2560 1954 pecunias
2587 1886 2637 1938 in
2669 1901 2856 1940 manus
2887 1888 3103 1955 inopum
3134 1887 3430 1956 dispenses,
3464 1887 3672 1941 relictis
3713 1886 3908 1955 lapidi-

2312 1978 2430 2042 bus,
2454 1979 2657 2048 magnis
2682 1978 2939 2042 :ediﬁeiis,
2975 1981 3132 2042 villis,
3154 1990 3205 2033 et
3233 1978 3454 2033 balneis.
3487 1979 3612 2033 Haec
3640 1979 3906 2034 memoria

2313 2071 2621 2124 innumeros
2646 2070 2737 2123 tibi
2764 2070 3044 2125 thesauros
3067 2070 3336 2134 conciliat,
3363 2070 3478 2124 bare
3499 2071 3764 2124 memoria
3793 2086 3908 2124 sar-

2310 2161 2481 2213 cinam
2514 2169 2849 2229 peccatorum
2879 2160 3108 2223 alleviat,
3141 2161 3253 2214 haee
3279 2161 3496 2214 multant
3525 2160 3618 2214 tibi
3651 2157 3906 2214 ﬁduciam

2310 2252 2447 2320 apud
2495 2252 2773 2306 Dominum
2821 2253 3087 2307 conciliat.
3131 2250 3338 2322 Cogita,
3387 2253 3649 2315 obsecro,
3681 2260 3742 2306 et
3791 2252 3907 2306 huc

2314 2345 2470 2399 verba
2500 2360 2618 2414 qum
2659 2345 2848 2414 singuli
2892 2343 3082 2398 dicturi
3121 2352 3280 2408 sunt,
3311 2351 3560 2398 vocantes
3587 2343 3902 2398 miscricor-

2312 2436 2453 2502 dem,
2474 2437 2775 2506 benignum,
2801 2445 3154 2501 mansuetum,
3173 2449 3411 2503 suavem,
3439 2445 3544 2490 tam
3566 2434 3778 2504 htrgum
3798 2433 3905 2489 dis-

2313 2537 2669 2598 pensatorem.
2701 2525 2950 2594 Dispersit
2993 2528 3158 2591 enim,
3191 2526 3377 2594 inquit,
3413 2525 3548 2579 dedit
3569 2525 3904 2594 papa-ihs;

2303 2620 2503 2688 justitia
2534 2621 2639 2687 cjus
2664 2629 2831 2673 manet
2869 2619 2922 2671 in
2949 2620 3190 2672 seculum
3219 2616 3390 2688 (Psal.
3425 2617 3546 2672 HI.
3575 2614 3658 2686 9
3700 2615 3906 2685 Huju-

2313 2708 2455 2762 modi
2477 2710 2622 2762 enim
2645 2717 2769 2762 sunt
2820 2708 3159 2777 pecuniarum
3197 2706 3427 2773 divitis;
3479 2704 3748 2778 dispersa.-
3790 2721 3904 2760 ma-

2314 2808 2471 2860 nent;
2520 2799 2564 2852 si
2611 2799 2935 2853 retineantur
2961 2806 3015 2852 et
3042 2797 3447 2860 concludantur,
3484 2798 3648 2851 etiam
3689 2812 3756 2852 se
3785 2812 3906 2852 ser-

2316 2896 2526 2941 vantem
2555 2903 2733 2942 secum
2781 2887 3026 2958 perdunt.
3077 2887 3326 2956 Dispersit
3355 2887 3516 2950 enim,
3546 2887 3742 2956 inquit,
3770 2887 3908 2940 dedit

2315 2981 2636 3048 pauperibus.
2659 2979 2763 3036 Sed
2790 2979 2909 3033 audi
2931 2994 3050 3048 qua:
3069 2989 3360 3048 sequuntur
3387 2995 3402 3030 :
3431 2978 3641 3031 Iustitia
3664 2979 3779 3047 ejus
3800 2994 3908 3030 ιιι-

2315 3083 2393 3124 net
2408 3072 2457 3124 in
2471 3071 2729 3126 arculum.
2753 3070 2869 3126 Uno
2883 3070 2968 3124 die
2984 3069 3193 3124 divitias
3212 3068 3481 3139 dispersit,
3500 3078 3551 3123 et
3563 3067 3775 3138 justitia
3789 3069 3908 3138 ejus

2317 3174 2495 3218 manet
2533 3164 2583 3217 iit
2619 3161 2871 3217 saeculum
2891 3203 2906 3226 ,
2948 3171 3002 3216 et
3031 3161 3341 3216 memoriam
3372 3160 3494 3214 facit
3521 3159 3904 3214 immortalem.

2391 3254 2443 3309 3.
2480 3252 2739 3307 Memoria
2763 3254 2841 3305 sui
2865 3252 3204 3321 relinquenda
3232 3253 3361 3305 ratio
3390 3253 3599 3320 aptium.
3618 3281 3691 3292 —
3710 3251 3904 3306 Vidisti

2317 3345 2651 3411 memoriam,
2674 3360 2793 3414 quae
2820 3359 2878 3399 se
2895 3344 2946 3398 in
2965 3359 3124 3398 omne
3143 3342 3396 3398 szcculum
3417 3343 3698 3398 extendit?
3726 3343 3906 3398 vidisti

2317 3435 2625 3489 memoriam
2656 3434 2857 3504 magnis
2880 3443 2934 3488 et
2960 3432 3314 3488 inetlabilibus
3345 3433 3555 3502 plenam
3578 3433 3779 3488 bouis?
3807 3433 3905 3488 τε·

2317 3525 2455 3578 libus
2476 3525 2712 3579 :rditiciis
2731 3525 2894 3580 nostri
2915 3529 3224 3578 memoriam
3253 3524 3556 3593 relinquere
3568 3525 3904 3580 Studeamus.

2320 3619 2450 3674 Nam
2473 3617 2735 3687 lapidibus
2760 3618 3071 3680 :edilicasse,
3095 3632 3201 3670 non
3227 3616 3397 3670 solum
3418 3615 3544 3669 nihil
3569 3617 3728 3671 nobis
3747 3616 3904 3686 prod-

2317 3724 2436 3764 esse
2484 3710 2716 3778 p0tcrit,
2762 3708 2858 3762 sed
2887 3723 2985 3762 nos
3022 3707 3279 3763 continuo
3307 3716 3575 3777 tamquam
3622 3709 3901 3772 columna,

2322 3801 2464 3856 clara
2498 3816 2626 3854 voce
2659 3799 2952 3853 inl’amabit.
2987 3799 3050 3852 Et
3077 3813 3174 3852 nos
3213 3799 3337 3854 hinc
3362 3798 3574 3853 abimus
3599 3797 3904 3854 defercutcs

2320 3900 2531 3961 peccata
2563 3891 2683 3944 inde
2713 3899 2880 3958 parta,
2904 3900 2957 3944 et
2978 3889 3200 3943 aedilicia
3227 3889 3313 3944 hic
3343 3888 3698 3959 relinquimus
3729 3906 3744 3942 :
3780 3890 3901 3958 quin

2321 3999 2419 4038 nec
2465 3981 2706 4051 frigidam
2763 3981 2904 4034 illam
2953 3989 3008 4034 et
3061 3979 3302 4033 inutilem
3354 3978 3669 4034 memoriam
3717 3994 3904 4034 consc-

2321 4071 2554 4140 quimur,
2583 4070 2674 4124 sed
2707 4069 2883 4138 potius
2933 4067 3142 4138 probris
3183 4067 3552 4138 deturpamur,
3605 4083 3904 4138 nomenque

2323 4163 2498 4219 statim
2529 4166 2718 4216 transit
2750 4162 2815 4214 ad
2842 4161 3088 4214 alterum.
3118 4160 3326 4215 Etenim
3358 4161 3436 4214 sic
3465 4174 3524 4213 se
3559 4174 3646 4214 res
3673 4159 3900 4222 habent,

2323 4266 2382 4309 ut
2410 4253 2476 4307 ab
2517 4253 2617 4306 hoc
2655 4253 2721 4305 ad
2751 4253 2911 4304 alium
2965 4259 3272 4315 transeant,
3304 4260 3358 4304 et
3395 4251 3462 4306 ab
3489 4251 3578 4306 illo
3618 4251 3816 4306 iterum
3853 4252 3903 4306 in

2323 4347 2504 4399 alium.
2555 4344 2621 4397 Et
2673 4343 2829 4397 hodie
2877 4341 3090 4410 quidem
3142 4341 3333 4395 domus
3381 4340 3660 4395 dicebatur
3713 4341 3902 4411 hujus,

2324 4451 2443 4489 cras
2511 4435 2646 4488 illius
2681 4476 2694 4499 ,
2752 4431 3042 4502 postridie,
3098 4431 3306 4486 dicetur
3361 4430 3602 4486 alterius.
3689 4431 3902 4486 Interim

2325 4537 2512 4599 Sponte
2562 4541 2659 4579 nos
2707 4525 2848 4594 ipsos
2899 4523 3228 4591 decipimus,
3289 4530 3538 4591 putantes
3583 4536 3684 4576 nos
3732 4522 3902 4576 domi-

2327 4622 2470 4674 nium
2501 4618 2763 4686 quoddam
2797 4615 3068 4686 possidere
3088 4656 3103 4678 ,
3129 4616 3429 4669 nescientes
3471 4627 3568 4667 nos
3591 4613 3768 4668 solum
3813 4628 3903 4668 usu

2329 4709 2506 4779 potiri,
2532 4719 2582 4761 et
2608 4708 2846 4770 velimus,
2876 4705 3123 4766 nolimus,
3144 4703 3262 4756 aliis
3290 4705 3402 4758 haec
3421 4704 3718 4760 concedere
3749 4723 3762 4758 :
3789 4720 3902 4759 nam

2329 4803 2468 4872 quod
2497 4801 2684 4871 quibus
2729 4801 2993 4858 nolumus,
3028 4795 3076 4849 id
3114 4796 3222 4864 jam
3255 4806 3537 4866 prtetcrco.
3567 4793 3800 4852 Omnino
3829 4806 3902 4851 ta-

2331 4911 2473 4956 men,
2507 4895 2550 4947 si
2583 4894 2892 4947 memoriam
2924 4889 3284 4956 concupiscis,
3315 4899 3370 4944 et
3400 4890 3555 4957 hujus
3585 4888 3678 4942 tibi
3705 4897 3901 4942 tantum

2333 4989 2561 5042 studium
2607 4998 2686 5040 est
2719 5007 2730 5040 :
2761 4987 2879 5039 audi
2925 4983 3195 5054 quomodo
3238 4982 3408 5034 vidum
3455 4993 3721 5034 memores
3761 4988 3904 5036 erant

2331 5081 2608 5145 TabitbLe,
2660 5089 2713 5131 et
2755 5078 3024 5147 quomodo
3063 5071 3481 5129 circumstabant
3513 5071 3732 5127 Petrum
3775 5071 3898 5127 llea-

2334 5185 2446 5239 tes,
2487 5182 2540 5228 ct
2595 5172 3020 5225 demonstrantes
3070 5169 3274 5222 tunicas
3309 5176 3364 5222 et
3408 5175 3618 5228 vestes,
3659 5181 3793 5236 quas
3831 5166 3899 5219 la-

2333 5266 2505 5320 clebat
2543 5266 2644 5319 illis
2690 5265 2913 5325 Dorcas,
2955 5277 3074 5316 cum
3119 5260 3290 5314 adhuc
3327 5268 3634 5329 superesset
3690 5259 3823 5327 (Aet.
3851 5259 3898 5316 9.

2334 5357 2542 5426 59-41).
2590 5356 2776 5409 Vidisti
2811 5356 3001 5409 domus
3038 5353 3297 5406 animatas
3337 5365 3520 5407 vocem
3575 5351 3898 5417 cmitteutes,

2333 5460 2385 5504 et
2438 5459 2597 5502 tanta:
2654 5448 2898 5512 virtutis,
2951 5457 3007 5500 ut
3051 5461 3081 5499 a
3121 5455 3294 5498 morte
3342 5443 3408 5497 ad
3457 5442 3616 5497 vitam
3663 5459 3896 5500 revocare

2332 5541 2565 5610 queant?
2593 5539 2721 5592 Nam
2755 5549 3026 5607 postquam
3053 5538 3522 5592 circumsteterunt
3554 5534 3792 5600 Petrum,
3821 5550 3891 5589 ca-

2336 5631 2468 5684 lidas
2525 5633 2786 5699 lacrymas
2836 5629 3250 5697 profundentcs,
3297 5625 3582 5695 cibumque
3624 5635 3682 5680 et
3721 5626 3898 5697 quibus

2335 5737 2468 5791 opus
2491 5721 2753 5775 habebant
2775 5730 3096 5788 qua‘rcntcs,
3133 5718 3321 5772 Petrus
3341 5715 3530 5783 ejectis
3552 5716 3822 5782 omnibus,
3848 5727 3898 5772 et

2339 5815 2524 5885 positis
2562 5813 2784 5885 genibus
2809 5811 3012 5877 oravit;
3055 5820 3109 5866 et
3135 5823 3254 5866 cum
3285 5810 3572 5866 excitaSsct
3600 5808 3779 5877 illam,
3811 5821 3891 5863 ro-
