4080 6492
243 506 352 564 9.77

236 621 385 675 cavit
425 626 640 675 sanctos
678 624 733 673 et
771 614 976 679 viduas,
1020 620 1075 670 et
1111 610 1344 668 reddidit
1371 624 1491 666 eam
1520 608 1716 663 vivam.
1765 608 1822 662 Si

238 710 559 767 memoriam
580 708 796 780 quzeris,
825 706 872 761 si
895 719 1075 760 veram
1103 703 1324 773 gloriam
1346 714 1517 766 amas,
1546 697 1685 752 hanc
1713 697 1830 754 imi-

239 813 390 868 tare,
420 802 555 860 tales
578 801 769 856 domus
791 806 1009 852 exstrue
1030 837 1045 862 ,
1076 795 1185 850 noli
1225 801 1473 861 sumptus
1504 799 1623 845 tuos
1653 785 1827 846 inani-

239 896 404 953 tnatis
436 890 765 963 impendere,
793 888 887 947 sed
915 903 1036 943 euut
1067 887 1173 947 illis
1198 885 1288 956 qui
1313 882 1553 954 ejusdem
1582 887 1706 936 sunt
1732 893 1828 949 ge-

237 986 391 1041 neris
439 980 861 1039 tniserieordiam
911 979 1088 1035 tacito.
1145 977 1270 1036 llaec
1321 973 1478 1032 laudo
1532 971 1691 1045 digna
1747 977 1831 1024 est

240 1067 525 1138 memoria,
557 1074 670 1130 haec
707 1086 958 1142 tuagnum
1004 1070 1208 1125 lucrum
1247 1064 1420 1122 alicrt.
1460 1062 1726 1118 Caeterum
1761 1058 1828 1114 ad

241 1168 549 1223 institutum
581 1165 865 1222 redeamus
886 1204 902 1228 ,
933 1170 989 1218 et
1013 1159 1289 1215 videamus
1316 1155 1528 1211 illorum
1568 1153 1826 1218 virorum,

238 1259 332 1328 qui
362 1268 485 1312 tunc
509 1266 682 1320 erant,
710 1252 1010 1310 audaciam.
1053 1249 1272 1305 illorum
1298 1246 1442 1302 enim
1480 1243 1790 1300 an‘ectiones
1809 1283 1826 1310 ,

243 1361 465 1419 nostne,
498 1352 543 1405 si
572 1363 760 1418 sapere
805 1345 1151 1406 voluerimus,
1179 1339 1541 1398 emendationi
1570 1337 1828 1393 serviunt.

240 1445 298 1498 4.
331 1442 395 1496 Et
440 1441 771 1508 ardiﬁcemus,
815 1438 1004 1508 inquit,
1053 1435 1199 1489 nobis
1235 1433 1517 1498 civitatem,
1546 1438 1591 1486 et
1630 1428 1830 1491 turrim,

236 1534 390 1605 cujus
419 1541 571 1602 caput
597 1530 688 1584 erit
713 1545 868 1600 usque
886 1530 942 1583 in
967 1527 1169 1590 celum,
1199 1533 1246 1578 et
1274 1523 1524 1594 faciamus
1553 1519 1833 1588 nobisipsis

243 1640 427 1678 nomen
473 1622 767 1692 priusquam
810 1620 1163 1691 disperguntur
1203 1631 1358 1686 super
1409 1622 1614 1668 terram.
1668 1611 1832 1667 Vides

242 1716 516 1787 quomodo
540 1714 939 1784 corruptionem
967 1711 1161 1766 anima:
1189 1723 1300 1764 sua:
1338 1707 1531 1777 ubique
1555 1703 1831 1760 exhibent.

247 1810 315 1864 Et
361 1808 709 1875 cedi/iocatus,
751 1805 942 1874 inquit,
987 1801 1129 1856 nobis
1167 1800 1457 1854 ciuitatem:
1483 1805 1538 1855 et
1579 1796 1774 1852 iterum
1818 1811 1834 1849 ε

249 1900 524 1954 Faciamus
545 1898 685 1952 nobis
709 1897 838 1966 ipsis
859 1910 1060 1949 nomen.
1089 1891 1218 1949 Vide
1246 1888 1513 1962 quomodo
1533 1889 1693 1944 etiam
1717 1897 1837 1957 pOSt

250 1991 559 2062 generalem
585 1989 825 2044 omnium
869 1987 1142 2042 interitum
1175 2000 1280 2040 non
1321 1983 1527 2037 minora
1571 1980 1709 2035 mala
1739 1994 1835 2049 ag-

246 2082 576 2153 grediantur.
608 2079 745 2147 Quid
785 2093 913 2149 ergo
942 2077 1077 2132 (iet?
1106 2075 1376 2146 quomodo
1411 2073 1478 2128 ab
1508 2073 1713 2127 insania
1740 2084 1836 2126 sua

252 2171 650 2243 reprimuntur?
676 2169 953 2226 Pollicitus
973 2177 1058 2223 est
1089 2169 1249 2231 Deus,
1280 2181 1339 2221 se
1368 2180 1474 2219 non
1503 2164 1640 2218 ultra
1669 2163 1838 2217 factu-

249 2281 368 2318 rtnn
391 2264 675 2327 diluvium,
716 2262 970 2318 nimirum
1002 2258 1386 2315 misericordia:
1410 2273 1522 2311 sua:
1548 2263 1838 2310 consuetu-

246 2358 429 2411 dinem
457 2370 683 2411 servmts
707 2373 718 2407 :
748 2355 821 2409 illi
845 2363 1026 2408 autem
1051 2366 1224 2422 neque
1250 2351 1422 2421 poenis
1443 2347 1838 2409 emendatiores

249 2447 373 2503 facti
400 2457 547 2513 sunt,
576 2462 750 2517 neque
780 2445 1054 2501 beneliciis
1083 2444 1352 2498 meliores.

324 2539 446 2594 Non
487 2549 602 2593 sunt
628 2548 809 2591 temere
834 2536 1203 2592 condemnandi
1233 2536 1439 2603 fratres,
1468 2548 1628 2604 neque
1653 2547 1715 2593 ex
1744 2546 1840 2584 au-

248 2633 360 2687 ditu
396 2630 757 2703 judicandum.
783 2659 855 2670 —
879 2630 1018 2684 Audi
1039 2644 1160 2699 qua:
1199 2637 1535 2698 sequuntur,
1561 2635 1620 2681 ut
1662 2625 1841 2681 discas

249 2721 539 2778 int-ﬂabilis
585 2719 972 2776 misericordiae
1022 2719 1114 2775 Dei
1164 2718 1610 2789 magnitudinem.
1667 2717 1723 2772 5.
1775 2713 1840 2769 Et

248 2813 531 2877 descendit,
565 2812 754 2882 inquit,
788 2809 1041 2866 Dominus
1069 2808 1207 2864 Deus
1227 2851 1242 2875 ,
1268 2817 1324 2862 ut
1351 2808 1540 2862 uideret
1565 2808 1839 2870 ciuitatem,

250 2917 301 2961 et
329 2907 534 2970 turrim,
564 2920 716 2976 quam
744 2902 1062 2971 tediﬁcabant
1095 2901 1192 2970 [iiii
1233 2900 1512 2955 hominum.
1546 2896 1682 2954 Vide
1709 2911 1844 2964 quo.

249 2996 412 3055 tuodo
435 2996 667 3050 lnnnano
695 3008 847 3049 more
886 2992 1162 3064 Scriptura
1194 2991 1449 3062 loquitur.
1475 2988 1544 3043 Et
1564 2987 1841 3052 descendit,

253 3093 452 3164 inquit,
487 3089 739 3147 Dominus
765 3087 934 3152 Deus;
962 3103 1070 3143 non
1117 3094 1174 3141 ttt
1203 3085 1438 3141 humano
1467 3081 1628 3138 modo
1651 3080 1843 3136 intelli-

249 3201 462 3258 gamus,
491 3183 586 3239 sed
613 3192 672 3241 ut
699 3197 795 3252 per
823 3181 925 3236 hoc
952 3177 1278 3243 erudiantur,
1313 3188 1604 3243 numquam
1639 3181 1844 3226 temere

254 3278 447 3334 iratres
473 3271 931 3337 eondenmandos,
964 3283 1140 3338 neque
1160 3265 1340 3323 auditu
1361 3263 1477 3319 solo
1496 3261 1844 3334 judicandum

251 3381 398 3432 esse,
432 3366 534 3420 nisi
564 3363 807 3434 pluribus
835 3359 1166 3432 argumentis
1195 3356 1342 3425 prius
1369 3355 1500 3409 certi
1528 3352 1842 3408 reddamur.

251 3457 446 3516 Omnia
464 3459 606 3512 enim
631 3471 664 3510 a
696 3456 805 3510 Deo
833 3453 956 3508 ideo
978 3453 1127 3515 liunt,
1149 3457 1204 3504 et
1228 3449 1298 3503 ob
1320 3447 1424 3502 hoc
1448 3455 1595 3500 tanta
1622 3443 1689 3498 ad
1719 3457 1846 3498 eru-

253 3549 512 3606 diendum
554 3547 843 3603 humanum
871 3558 1040 3614 genus
1075 3542 1241 3595 utitur
1282 3537 1550 3593 sermonis
1586 3543 1850 3602 attempe-

257 3643 488 3698 ratioue.
546 3637 616 3694 Et
662 3636 946 3701 descendit,
1006 3634 1210 3704 inquit,
1259 3629 1512 3684 Dominus
1561 3624 1735 3689 Deus,
1793 3631 1848 3676 ut

259 3735 451 3790 videret
479 3733 727 3786 ciuitatem
755 3740 800 3784 et
832 3727 1028 3782 turrim.
1067 3723 1199 3779 Vide
1225 3719 1493 3793 quomodo
1521 3733 1626 3772 non
1666 3717 1848 3770 statim

258 3828 329 3882 ab
360 3826 511 3881 initio
537 3825 750 3879 illorum
779 3820 1021 3891 reprimit
1049 3817 1333 3881 insaniam,
1366 3813 1460 3869 sed
1488 3813 1738 3867 diuturna
1767 3809 1847 3864 le-

261 3921 429 3974 nitate
474 3919 659 3983 utitur,
708 3923 762 3970 et
807 3919 1083 3983 exspectat
1117 3909 1289 3964 donec
1325 3920 1540 3961 omnem
1591 3902 1848 3958 malitiam

260 4026 414 4066 suam
451 4023 614 4078 opere
654 4006 950 4069 declarent,
999 4010 1055 4058 et
1095 4011 1223 4058 tunc
1265 4011 1494 4056 conatus
1525 4011 1711 4052 eorum
1750 3995 1850 4048 im-

263 4099 409 4170 pedit
457 4098 530 4152 Ne
555 4097 696 4151 enim
725 4096 845 4166 quis
870 4095 1052 4149 dicere
1071 4093 1261 4163 possit,
1283 4089 1607 4145 deliberasse
1631 4086 1850 4156 quidem

265 4193 404 4254 illos,
431 4189 524 4244 sed
570 4205 688 4257 qua:
725 4187 1110 4252 decreverant,
1141 4185 1192 4238 iu
1232 4196 1367 4254 opus
1396 4197 1503 4236 non
1539 4179 1848 4245 deduxisse,

266 4281 602 4352 pnestolatur
640 4278 814 4333 donec
869 4277 1052 4331 animo
1102 4275 1426 4330 destinatum
1479 4285 1614 4341 Opus
1658 4283 1849 4340 aggre-

268 4373 516 4433 diantur,
549 4380 604 4423 ut
645 4378 768 4424 tunc
808 4374 1072 4425 monstret
1107 4365 1186 4422 eis
1225 4379 1386 4435 quam
1429 4363 1633 4418 inutilia
1680 4371 1854 4418 atten—

267 4466 449 4520 tarint.
484 4461 551 4518 Et
591 4462 868 4530 descendit,
901 4460 1105 4532 inquit,
1135 4459 1385 4515 Dominus
1410 4463 1569 4519 Deus.
1588 4466 1642 4511 ut
1667 4457 1853 4512 uideret

264 4557 540 4620 cioita‘um,
568 4570 628 4609 ac
657 4555 866 4617 turrim,
897 4570 1050 4622 quam
1082 4553 1406 4622 aediﬁcabant
1447 4550 1541 4616 ﬁlii
1568 4550 1852 4604 hominum.

269 4645 403 4701 Vide
429 4643 812 4701 misericordiae
838 4642 1246 4699 excellentiam:
1278 4641 1520 4712 permisit
1555 4640 1674 4695 illos
1701 4639 1852 4695 labo—

269 4739 417 4793 ribus
443 4751 563 4792 sese
590 4734 850 4807 afﬂigere,
874 4744 934 4790 ut
949 4750 1126 4790 rerum
1149 4733 1483 4804 experientia
1511 4732 1854 4804 praeceptoris

269 4834 390 4886 loco
429 4830 534 4885 illis
565 4837 731 4884 esset.
781 4827 851 4882 Et
893 4827 1145 4898 quoniam
1182 4826 1313 4881 vidit
1357 4824 1613 4881 malitiam
1650 4823 1855 4879 invale-

267 4938 438 4988 sccrc,
470 4931 525 4977 et
552 4920 796 4976 morbum
835 4920 1069 4985 intendi,
1098 4935 1203 4975 non
1245 4933 1415 4988 usque
1444 4918 1511 4972 ad
1548 4916 1706 4974 linem
1738 4932 1858 4987 per-

268 5018 456 5083 mittit,
485 5014 580 5070 sed
603 5028 752 5068 suam
774 5011 1012 5068 declarat
1035 5012 1325 5068 bonitatem
1358 5029 1371 5064 :
1404 5009 1855 5081 quemadmodum

268 5109 508 5166 medicus
533 5106 706 5162 bonus
731 5104 918 5160 videns
945 5104 1188 5160 morbum
1213 5104 1417 5173 augeri,
1446 5114 1502 5158 et
1521 5102 1673 5157 ulcus
1702 5102 1856 5155 iucu-

269 5200 437 5257 rabile
466 5199 602 5264 lieri,
638 5197 817 5252 statim
863 5196 1102 5252 sectione
1129 5196 1322 5260 utitur,
1357 5204 1414 5249 ut
1438 5208 1654 5249 omnem
1683 5191 1855 5248 morbi

268 5307 489 5348 causam
539 5290 706 5346 tollat.
739 5289 793 5345 6.
841 5287 908 5343 Et
946 5288 1098 5355 dixit,
1143 5288 1334 5357 inquit,
1381 5285 1631 5340 Dominus
1671 5286 1856 5341 Deus:

276 5384 408 5439 Ecce
433 5399 590 5454 genus
621 5399 776 5436 unum
803 5391 851 5436 et
886 5380 1074 5434 labium
1113 5396 1272 5434 unum
1298 5382 1520 5434 ontnium
1548 5395 1566 5432 :
1609 5380 1710 5434 hoc
1743 5388 1854 5443 est,

275 5493 380 5533 vox
403 5493 503 5532 una
531 5483 586 5532 et
611 5476 785 5546 lingua
811 5491 936 5530 una.
966 5474 1031 5528 Et
1057 5474 1151 5529 hoc
1167 5484 1423 5544 cet-perunt
1445 5477 1629 5546 facere,
1650 5485 1697 5529 et
1724 5491 1858 5529 nunc

271 5587 374 5625 non
400 5569 665 5623 cessabunt
691 5569 754 5622 ab
782 5570 845 5624 iis
868 5584 980 5638 quae
1002 5568 1323 5623 decreverunt
1350 5569 1534 5636 facere.

343 5665 398 5719 ι.
438 5662 581 5718 Solet
627 5661 764 5717 Deus
799 5663 1072 5717 admonere
1116 5673 1389 5732 antequam
1430 5661 1628 5732 puniat.
1657 5687 1728 5701 --
1756 5662 1854 5715 Αι-

275 5753 433 5808 tende
465 5753 673 5807 Domini
711 5753 1152 5808 misericordiam.
1192 5753 1454 5820 Quoniam
1499 5762 1721 5806 conatus
1749 5752 1854 5806 im-

277 5845 554 5915 pediturus
579 5855 713 5911 crat,
756 5847 984 5916 primum
1023 5846 1390 5917 purgationem
1437 5846 1536 5901 sibi
1583 5856 1762 5916 parat,
1804 5857 1858 5902 et

277 5937 429 6009 quasi
454 5936 684 5995 ostendit
720 5939 921 6010 peccati
949 5953 1135 5995 eorum
1181 5938 1634 6010 magnitmlinetn,
1668 5948 1722 5995 et
1752 5940 1852 5996 itu-

1264 495 1327 558 ΙΝ
1361 494 1515 553 CAP.
1558 491 1648 549 XI.
1692 490 1937 552 GENES.
1979 492 2208 550 HOMIL.
2251 494 2414 557 XXX.

3424 511 3530 573 T78

1946 609 2228 678 probitatis
2257 626 2557 681 excessum,
2591 614 2840 687 ipsosque
2877 618 3075 676 abusus
3110 636 3231 680 esse
3261 624 3451 698 lingtta:
3478 642 3534 688 et

1941 700 2092 754 vocis
2133 705 2506 758 consonantia.
2539 705 2668 761 Ecce
2708 709 2884 774 enim,
2923 711 3124 780 inquit,
3165 733 3322 784 genus
3371 737 3531 775 unum

1936 796 1982 840 et
2040 788 2231 844 lubiutn
2277 809 2432 847 unum
2473 798 2715 851 omnium.
2767 797 2838 853 Et
2882 800 2975 856 Itoc
3011 817 3270 872 ratperunt
3325 812 3527 878 facere,

1936 885 1984 932 et
2036 894 2171 971 nunc
2211 897 2313 936 non
2362 885 2627 943 cessabunt
2681 887 2745 940 ab
2796 889 2859 944 iis
2897 907 3011 958 qua:
3066 894 3391 952 decreverunt
3447 903 3530 971 fa-

1934 983 2066 1026 cere.
2095 968 2192 1025 llic
2209 972 2352 1031 enim
2385 973 2475 1033 Dei
2506 991 2624 1030 tuos
2642 986 2749 1046 est,
2779 993 2836 1034 ut
2857 982 3138 1049 puuiturus
3166 986 3313 1054 prius
3336 968 3535 1052 indicet

1935 1077 2095 1132 quam
2128 1078 2318 1136 magna
2345 1067 2453 1125 sint
2477 1081 2726 1139 peccata,
2762 1083 2816 1128 et
2841 1075 3005 1132 veluti
3034 1075 3404 1135 defensionem
3437 1084 3536 1136 ali-

1936 1168 2096 1222 quam
2118 1155 2216 1210 sibi
2243 1167 2415 1226 parct,
2444 1176 2506 1216 ac
2531 1171 2658 1218 tunc
2689 1163 2902 1220 tandem
2931 1169 3204 1237 corripiat.
3228 1170 3360 1226 Nam
3395 1181 3536 1227 tent-

1937 1258 2068 1313 porc
2093 1246 2309 1313 diluvii,
2365 1263 2486 1308 eum
2532 1254 2804 1312 terribiles
2847 1256 2966 1313 illas
3011 1261 3184 1316 mittas
3225 1262 3533 1330 iutcnturet,

1936 1333 2068 1390 dicit
2107 1336 2382 1407 Scriptura
2430 1360 2441 1395 :
2479 1341 2547 1396 Ut
2582 1354 2750 1398 autent
2796 1348 2920 1404 sidit
2957 1347 3120 1416 Deus,
3171 1354 3310 1422 quod
3354 1355 3533 1407 multi-

1938 1425 2141 1496 plicata:
2168 1439 2285 1482 sunt
2312 1430 2523 1486 malitia
2561 1433 2843 1515 hominum,
2877 1447 2924 1490 et
2965 1444 3307 1512 unusquisque
3347 1445 3535 1515 cogitat

1938 1516 1991 1569 in
2012 1518 2164 1572 corde
2188 1535 2283 1574 suo
2309 1521 2578 1592 diligenter
2598 1526 2651 1578 in
2675 1507 2812 1582 mala
2837 1543 2867 1581 a
2884 1507 3151 1598 juventuie
3185 1507 3337 1602 (Cen.
3369 1507 3429 1588 ϐξ
3451 1535 3530 1604 5).

1940 1605 2132 1663 Vidisti
2156 1612 2427 1680 quomodo
2455 1614 2603 1683 prius
2627 1617 2944 1672 monstravit
2970 1621 3186 1676 malitiae
3209 1638 3394 1677 eorum
3424 1639 3538 1679 tuac

1938 1696 2308 1769 gnitudinem,
2339 1711 2395 1758 et
2437 1715 2621 1774 postea
2665 1706 2794 1762 dicit
2821 1725 2833 1762 :
2858 1706 3048 1764 Delcbo
3090 1711 3344 1767 hominem
3375 1713 3536 1785 (Ibid.

1939 1808 1986 1845 υ.
2015 1793 2115 1859 7)?
2143 1793 2216 1848 Ita
2254 1803 2309 1850 et
2336 1811 2478 1851 nunc
2505 1815 2519 1851 :
2549 1796 2681 1852 Ecce
2711 1815 2868 1869 genus
2895 1816 3053 1856 unum
3084 1812 3132 1856 et
3163 1803 3356 1861 labium
3376 1822 3540 1860 unum

1940 1887 2193 1954 omnium,
2239 1898 2286 1942 et
2314 1889 2409 1942 hoc
2453 1901 2713 1961 coeperunt
2740 1893 2932 1962 facere.
2971 1893 3028 1949 Si
3061 1910 3187 1952 cum
3230 1907 3376 1955 tanta
3412 1915 3541 1956 con-

1940 1978 2149 2044 cordia,
2181 1988 2235 2034 et
2277 1981 2472 2051 linguae
2513 1983 2718 2040 unitate
2765 1985 2818 2038 itt
2858 1968 3060 2042 tantam
3105 1988 3410 2046 inciderunt
3453 1995 3541 2046 in-

1941 2073 2146 2126 saniam
2172 2088 2187 2126 :
2217 2073 2305 2129 ubi
2347 2083 2560 2142 tempus
2605 2079 2957 2145 processerit,
2999 2081 3270 2149 quomodo
3314 2097 3420 2137 non
3447 2083 3543 2139 de-

1945 2165 2141 2223 teriora
2179 2169 2554 2224 attentabnnt?
2581 2169 2704 2226 Non
2744 2173 3008 2229 cessabunt
3049 2175 3196 2231 enim
3233 2177 3300 2230 ab
3341 2178 3403 2233 iis
3430 2194 3547 2248 qua

1944 2256 2272 2313 decreverunt
2300 2264 2469 2330 facere
2493 2277 2512 2315 :
2539 2264 2673 2319 nihil
2701 2280 2888 2320 eorum
2923 2266 3182 2337 impetum
3209 2279 3264 2324 et
3292 2269 3542 2326 ardorem

1944 2352 2148 2407 morari
2172 2356 2390 2424 poterit,
2409 2356 2506 2411 sed
2527 2356 2708 2412 omnia
2728 2374 2849 2427 quae
2871 2368 3179 2415 statuerunt
3195 2376 3401 2427 secum,
3431 2372 3545 2416 stu-

1944 2443 2146 2501 debunt
2199 2446 2479 2516 perlicere,
2527 2449 2582 2505 ui
2631 2452 2812 2506 statim
2863 2467 2964 2521 pro
2999 2455 3284 2510 attentatis
3332 2470 3545 2522 pteuam

1945 2536 2118 2596 luant.
2145 2538 2200 2592 ld
2233 2555 2446 2610 quoque
2492 2542 2728 2598 inveniet
2771 2543 2968 2613 aliquis
3004 2552 3061 2600 et
3101 2544 3170 2600 tie
3210 2547 3548 2616 protoplasto

1945 2627 2150 2684 factum
2202 2645 2345 2686 esse.
2373 2630 2658 2702 Ejectum
2697 2634 2842 2690 enim
2871 2635 3021 2689 illum
3060 2635 3204 2690 Deus
3242 2650 3272 2689 a
3314 2636 3546 2706 paradisi

1946 2721 2218 2788 incolatu,
2261 2724 2371 2789 ait,
2407 2725 2537 2792 Quis
2579 2727 2899 2780 annuntiaoit
2930 2727 3018 2780 tibi
3047 2728 3181 2795 quod
3206 2729 3375 2781 nudus
3414 2744 3548 2783 esses

1947 2811 2112 2881 (Ibid.
2143 2815 2199 2868 3.
2234 2814 2366 2885 il)?
2393 2815 2461 2869 Et
2489 2815 2722 2872 iterum:
2757 2816 2894 2873 Ecce
2915 2818 3080 2872 Adam
3108 2821 3276 2889 {actus
3305 2830 3377 2875 est
3403 2822 3551 2891 quasi

1947 2919 2082 2957 unus
2100 2919 2164 2958 ea:
2188 2905 2332 2959 nobis
2356 2921 2375 2960 :
2402 2917 2456 2960 ut
2481 2909 2608 2961 sciat
2642 2907 2830 2962 bonurn
2872 2917 2921 2964 et
2950 2909 3164 2964 malum.
3211 2909 3277 2964 Et
3313 2928 3448 2965 nunc
3487 2927 3552 2965 ne

1949 2993 2082 3061 forte
2110 2997 2352 3048 extendat
2379 3013 2587 3050 utanunt
2617 3014 2785 3063 suam,
2812 3007 2860 3052 et
2899 3000 3118 3070 accipiat
3145 3000 3207 3053 de
3236 3000 3376 3072 ligno
3411 3001 3548 3068 vim,

1950 3091 1999 3139 et
2023 3084 2276 3151 comedat,
2305 3095 2351 3140 et
2391 3086 2523 3140 vivat
2547 3087 2602 3140 iu
2641 3089 2904 3142 stt-cuium.
2948 3088 3012 3143 Et
3055 3090 3221 3146 emisit
3250 3091 3398 3145 illum
3444 3091 3553 3147 Do-

1949 3179 2119 3234 mitius
2145 3179 2208 3234 de
2224 3181 2465 3249 paradiso
2488 3180 2650 3252 (Ibid.
2673 3198 2722 3237 υ.
2740 3181 2832 3237 22.
2853 3183 2969 3254 εδ).
2991 3183 3165 3238 Etiam
3183 3199 3326 3240 nunc
3343 3186 3549 3256 inqttit:

1951 3270 2084 3325 Ecce
2107 3288 2267 3341 genus
2298 3289 2455 3326 unum
2482 3284 2529 3326 et
2558 3273 2749 3327 (obium
2774 3291 2934 3329 unum
2965 3277 3212 3341 omnim,
3241 3263 3291 3332 et
3318 3279 3414 3334 Itoc
3442 3295 3549 3334 cm-

1952 3373 2136 3432 perunt
2163 3364 2330 3432 facere
2362 3380 2382 3418 :
2408 3375 2454 3418 et
2482 3381 2619 3418 nunc
2647 3382 2750 3420 non
2776 3367 3040 3421 cessabunt
3065 3369 3128 3422 ab
3154 3371 3216 3424 iis
3243 3387 3358 3440 qua
3382 3372 3554 3426 dceres

1951 3464 2126 3507 uerunt
2153 3456 2343 3523 facere.
2376 3455 2432 3508 7.
2467 3453 2672 3520 Venite,
2705 3466 2750 3510 et
2781 3456 3139 3513 descendentes
3178 3463 3556 3532 confundant”

1950 3544 2158 3598 illorum
2170 3545 2395 3617 linguas,
2418 3556 2470 3600 ut
2488 3563 2551 3600 ne
2566 3547 2742 3600 audiat
2761 3550 3102 3620 unusquisque
3113 3567 3284 3605 uoce-nt
3305 3553 3550 3622 proximi.

1953 3636 2088 3692 Vide
2127 3637 2322 3692 iterum
2355 3640 2643 3694 verborum
2672 3650 3081 3710 attemperatam
3128 3647 3414 3700 rationem.
3456 3645 3556 3701 Ve-

1952 3729 2075 3794 uite,
2104 3729 2307 3798 inquit,
2335 3737 2382 3782 et
2422 3729 2801 3785 descendentes.
2834 3731 2971 3799 Quid
3015 3734 3204 3788 volunt
3241 3735 3342 3790 sibi
3391 3737 3554 3793 verba

1955 3818 2070 3873 haec
2095 3820 2118 3874 ?
2143 3819 2361 3891 Opusne
2389 3820 2552 3876 habet
2579 3823 2961 3892 cooperatione
2991 3825 3248 3882 Dominus
3269 3827 3337 3881 ad
3369 3842 3555 3883 corre-

1953 3912 2188 3967 ctionem
2207 3913 2231 3965 ?
2249 3929 2319 3967 an
2340 3913 2581 3968 subsidio
2593 3915 2660 3968 ad
2676 3916 2884 3970 illorum
2902 3916 3363 3973 destructionem?
3381 3921 3555 3976 Absit.

1953 4001 2058 4058 Sed
2101 4005 2240 4058 sicut
2277 4005 2387 4074 jam
2432 4005 2567 4060 dixit
2603 4005 2878 4077 Scriptura
2905 4025 2918 4062 :
2947 4006 3223 4064 Descendit
3250 4009 3504 4068 Dominus
3532 4029 3552 4068 :

1953 4091 2156 4148 docens
2187 4110 2285 4152 nos
2313 4111 2408 4166 per
2435 4096 2538 4152 hoc
2556 4113 2622 4154 se
2635 4098 2914 4153 evidenter
2941 4100 3158 4155 malitia:
3195 4101 3412 4156 illorum
3442 4119 3557 4158 ma-

1955 4188 2199 4258 gnitudin
2209 4204 2294 4243 em
2315 4189 2515 4245 vidisse
2538 4207 2553 4245 :
2578 4191 2649 4244 ita
2671 4200 2723 4245 et
2745 4189 2835 4246 hic
2852 4191 2982 4246 dicit
3006 4209 3020 4245 :
3055 4190 3249 4258 Venite,
3274 4206 3322 4247 et
3346 4194 3557 4250 descen-

1957 4285 2150 4339 dentes.
2192 4283 2403 4338 Dictum
2435 4283 2579 4338 haud
2603 4284 2765 4340 dubie
2790 4293 2874 4340 est
2905 4299 3004 4341 ceu
3032 4286 3098 4340 ad
3136 4285 3341 4343 honore
3377 4303 3554 4358 pares.

1974 4376 2164 4441 Venite,
2215 4377 2405 4446 ittquil,
2447 4387 2494 4431 ct
2529 4376 2889 4432 descendentes
2931 4377 3311 4450 confundam
3350 4380 3558 4436 illorum

1959 4469 2184 4539 linguas,
2203 4479 2258 4522 ttt
2277 4485 2340 4522 ne
2355 4468 2533 4522 audiat
2554 4467 2898 4539 unusquisque
2913 4485 3082 4523 uocem
3097 4470 3337 4538 proximi.
3361 4471 3556 4540 Quenb

1959 4559 2283 4624 admodum,
2339 4559 2544 4630 inquit,
2589 4560 2806 4629 cipputu
2855 4559 3142 4630 quemdam
3196 4572 3553 4632 perpetuum,

1963 4651 2127 4706 talem
2184 4650 2292 4704 illis
2331 4659 2513 4705 statuo
2539 4665 2753 4721 pinnam
2786 4651 2935 4706 omni
2975 4651 3176 4705 saeculo
3220 4651 3558 4721 duraturam,

1961 4752 2019 4796 ut
2052 4741 2200 4796 nullo
2229 4750 2473 4812 tempore
2499 4742 2614 4796 haec
2642 4741 3047 4797 obliviscantur.
3073 4741 3208 4796 Nam
3253 4745 3376 4813 quia
3406 4746 3562 4802 abusi

1960 4845 2086 4891 sunt
2111 4835 2260 4890 vocis
2280 4833 2567 4890 concordia
2588 4876 2604 4900 ,
2640 4833 2767 4890 ideo
2784 4835 2932 4890 vocis
2961 4833 3274 4890 diversitate
3309 4836 3562 4908 castigar‘

1962 4942 2059 4983 eos
2085 4925 2230 4980 volo.
2261 4926 2353 4981 Sic
2378 4926 2522 4981 enim
2547 4925 2746 4995 ubique
2771 4925 2946 4979 facere
2967 4923 3249 4980 consuevit
3277 4925 3548 4983 Dominus.

1965 5017 2078 5072 lioe
2098 5016 2170 5071 ab
2197 5015 2351 5071 initio
2375 5016 2520 5072 circa
2547 5014 2832 5069 mulierem
2851 5012 3048 5068 factum
3073 5022 3159 5068 est
3187 5031 3200 5067 ε
3229 5015 3505 5072 sbutebat.
3529 5036 3556 5071 r

1962 5111 2054 5165 illa
2083 5111 2290 5166 honore
2314 5123 2595 5176 concesso,
2627 5106 2770 5163 unde
2799 5106 3029 5178 subjecit
3053 5123 3172 5163 eam
3203 5109 3342 5165 viro.
3376 5111 3441 5165 Et
3479 5130 3524 5168 οι
3550 5145 3560 5153 -

1964 5202 2168 5258 utiliter
2208 5202 2342 5258 Atla:
2381 5201 2646 5271 contigit:
2681 5200 2805 5271 quia
2848 5199 2991 5254 enim
3033 5214 3100 5254 ex
3132 5201 3300 5254 multa
3339 5218 3562 5273 prospc-

1967 5298 2143 5360 ritate,
2176 5295 2516 5366 paradisique
2534 5294 2768 5348 incolatu
2797 5291 2930 5346 nihil
2961 5291 3091 5346 lucri
3121 5292 3267 5360 fecit,
3299 5295 3393 5350 sed
3427 5312 3564 5365 pm.

1964 5386 2258 5442 varicando
2285 5402 2456 5456 paena:
2486 5384 2753 5440 obnoxius
2779 5391 2862 5438 est
2907 5382 3110 5448 factus,
3159 5382 3316 5454 ejecit
3341 5401 3464 5441 eum
3495 5403 3561 5446 ex

1965 5479 2247 5549 paradiso:
2279 5489 2333 5533 et
2360 5491 2571 5546 poenam
2598 5475 2647 5529 ei
2686 5482 2999 5544 perpetuant
3041 5474 3296 5544 injunxit,
3325 5477 3510 5532 dicens
3545 5497 3561 5536 :

1965 5567 2160 5638 Spinas
2198 5579 2245 5621 et
2288 5567 2497 5620 tribulos
2537 5565 2836 5636 germinabit
2876 5564 2965 5618 tibi
2993 5575 3126 5618 terra
3151 5565 3307 5635 (Gen.
3346 5567 3559 5637 5.·18).

1966 5660 2167 5716 llorum
2194 5674 2408 5730 quoque
2442 5658 2658 5712 malitiae
2704 5671 2942 5722 cursum,
2973 5657 3094 5725 quia
3132 5659 3338 5711 unitate
3369 5658 3562 5728 linguae

1968 5751 2237 5816 honorati,
2267 5749 2469 5803 honore
2517 5761 2780 5802 concesso
2825 5747 2877 5800 in
2922 5746 3118 5800 ntalum
3165 5746 3557 5818 abutebantur,

1970 5847 2108 5901 Deus
2137 5860 2230 5914 per
2268 5844 2564 5912 linguarum
2598 5843 2907 5894 varietatem
2948 5839 3207 5893 cohibuit.
3239 5837 3307 5892 Et
3337 5848 3558 5908 confun-

1968 5942 2165 6006 duntus,
2217 5936 2407 6007 tnquit,
2452 5935 2656 5990 illorum
2703 5934 2951 6003 linguam,
3000 5942 3141 5984 utne
3180 5931 3357 5984 audiat
3407 5942 3570 5982 unus-
