4080 6524
589 475 699 532 9⁸19

585 593 790 665 quisque
813 604 977 644 uocem
1007 584 1224 656 proximi
1248 599 1265 637 :
1295 590 1352 638 ut
1381 582 1518 636 sicut
1547 579 1739 650 lingua:
1770 576 1948 631 unitas
1970 581 2158 665 contu-

590 663 830 738 bernium
876 678 1019 743 fecit,
1048 677 1118 731 ita
1147 675 1340 743 lingua:
1376 670 1658 725 diversitas
1690 668 1982 737 dispergat.
2026 663 2155 718 Nam

588 772 781 838 quibus
812 784 918 822 non
937 775 1018 821 est
1041 766 1178 818 idem
1201 775 1378 815 sermo
1395 768 1448 814 et
1480 759 1678 828 lingua,
1709 754 1976 826 quomodo
2002 752 2156 806 simul

595 861 833 915 habitare
855 857 1110 928 possunt?
1126 856 1177 909 8.
1204 853 1265 905 Et
1290 851 1521 919 dispersit
1545 848 1683 912 illos,
1705 847 1894 915 inquit,
1917 843 2159 922 Domina;

589 949 727 1003 Deus
749 948 922 1002 abillo
953 948 1059 1000 loco
1080 959 1228 1013 super
1249 943 1428 1011 faciem
1458 941 1704 991 universa!
1728 947 1894 1000 term,
1923 945 1968 989 et
1991 948 2157 986 cessa-

591 1048 764 1092 verunt
789 1036 1094 1103 (edi/icon!“
1123 1035 1370 1085 civitatem
1410 1041 1455 1082 et
1493 1028 1690 1080 turrim.
1722 1025 2011 1080 Considera
2055 1023 2159 1076 Do-

590 1131 717 1184 mini
751 1126 1190 1190 miscricordiam,
1220 1124 1272 1177 in
1302 1131 1552 1192 quantam
1579 1119 1739 1172 animi
1771 1116 2156 1171 ha-sitationem

588 1220 734 1288 ipsos
772 1217 996 1286 impulit.
1032 1215 1346 1270 Amentibus
1393 1212 1535 1267 enim
1579 1221 1759 1280 postea
1799 1207 2003 1262 similes
2049 1204 2162 1260 fue-

588 1321 730 1364 runt.
763 1311 831 1364 Et
858 1312 944 1364 ille
986 1309 1196 1377 quidem
1242 1305 1536 1374 imperabat
1563 1304 1684 1366 hoc,
1715 1313 1768 1355 et
1809 1301 1944 1354 otius
1969 1312 2161 1367 suppe-

587 1401 790 1456 ditabat
813 1401 952 1454 aliud
975 1416 990 1463 ;
1017 1399 1322 1466 inutilisque
1344 1397 1440 1450 fuit
1469 1399 1644 1448 omnis
1672 1395 1880 1446 illorum
1904 1399 2156 1444 conatus:

589 1492 710 1546 ideo
742 1494 1071 1546 Cessaverunt
1116 1490 1373 1557 redi/icore
1410 1488 1654 1540 civitatem
1681 1493 1728 1537 et
1766 1482 1964 1535 turrim.
2009 1481 2063 1535 9.
2095 1477 2160 1532 Et

587 1584 779 1636 idcirco
798 1593 1026 1634 vocatum
1069 1591 1142 1633 est
1175 1595 1353 1632 nomen
1391 1577 1548 1638 ἰδίης,
1589 1572 1832 1644 Confusis
1853 1612 1868 1637 ,
1893 1571 2011 1640 quia
2054 1570 2160 1622 illic

587 1674 816 1741 confudit
841 1671 1090 1724 Dominus
1140 1670 1272 1722 Deus
1301 1668 1433 1721 labia
1467 1667 1629 1718 omnis
1653 1674 1801 1717 terra:
1823 1679 1841 1715 :
1865 1671 1911 1714 et
1941 1662 2056 1715 hinc
2081 1660 2161 1712 dia-

587 1766 770 1832 spersit
813 1766 947 1830 ipsos
989 1762 1234 1815 Dominus
1275 1757 1410 1812 Deus
1444 1759 1496 1811 in
1536 1772 1731 1809 omnem
1776 1765 1983 1807 terram.
2032 1751 2163 1806 Vide

586 1867 782 1928 quanta
816 1857 962 1920 fiant,
994 1864 1048 1907 nt
1080 1851 1332 1907 memoria
1360 1849 1514 1920 bnjus
1539 1849 1657 1903 facti
1692 1849 1742 1902 in
1769 1846 1946 1901 omnia
1968 1843 2161 1899 saecula

589 1941 857 2012 pervadat.
890 1940 1120 1992 Primum
1145 1939 1435 2004 linguarum
1461 1935 1517 1986 fit
1541 1933 1754 1998 divisio,
1779 1933 1887 1986 imo
1907 1939 2031 1984 ante
2060 1928 2186 1982 hoc

589 2034 820 2086 nominis
845 2031 1126 2101 appellatio
1149 2045 1170 2083 :
1196 2029 1387 2083 Pbalec
1410 2027 1551 2081 enim
1581 2041 1795 2082 nomen.
1825 2023 1966 2093 quod
1988 2023 2165 2077 lleber

593 2125 705 2178 filio
734 2125 1004 2192 imposuit,
1032 2121 1373 2191 partitionem
1401 2119 1683 2187 signilicat.
1709 2115 1909 2171 Deinde
1941 2115 2042 2169 loci
2063 2129 2162 2182 ap-

589 2213 810 2282 pellatio
837 2210 1111 2281 :Confusio
1137 2211 1278 2264 enim
1302 2219 1517 2262 vocatus
1545 2215 1648 2271 est,
1679 2206 1728 2258 id
1756 2206 1896 2274 quod
1926 2204 2160 2274 Babylon

586 2313 764 2358 Sonat.
796 2303 1128 2357 Postremum
1164 2301 1338 2355 llebcr
1379 2300 1491 2368 ipse
1537 2297 1730 2350 mansit
1767 2296 1906 2349 idem
1941 2307 2162 2349 servans

591 2393 808 2457 idioma,
835 2391 975 2460 quod
1016 2399 1070 2444 et
1105 2399 1257 2444 antea
1307 2387 1568 2450 habebat,
1604 2395 1663 2439 ut
1705 2384 2042 2439 manifestum
2082 2383 2163 2438 di-

586 2483 809 2536 visionis
837 2482 996 2551 bujus
1033 2482 1240 2550 signum
1270 2479 1410 2534 foret
1433 2479 1533 2546 (α).
1569 2477 1756 2531 Vidisti
1803 2493 1895 2546 per
1920 2485 2049 2546 quot
2076 2490 2164 2531 res

589 2572 946 2627 immortalem
976 2572 1224 2640 nullaque
1251 2569 1518 2624 oblivione
1542 2568 1824 2622 delendam
1852 2567 2011 2636 hujus
2038 2565 2163 2620 facti

587 2663 901 2718 memoriam
942 2663 1143 2717 servari
1195 2659 1454 2714 voluerit?
1498 2658 1629 2713 llinc
1675 2658 1817 2712 enim
1862 2666 2013 2726 pater
2055 2656 2164 2710 filio

591 2763 775 2822 postea
802 2752 1090 2824 cogebatur
1126 2751 1305 2806 dicere
1333 2765 1547 2806 causam
1594 2761 1697 2804 tam
1728 2749 1956 2803 diversa:
1994 2747 2161 2801 vocis.

594 2844 660 2898 Et
685 2859 822 2912 puer
841 2858 871 2896 a
905 2852 1053 2912 patre
1076 2840 1349 2910 quaerebat
1377 2855 1542 2908 quare
1576 2839 1654 2893 sic
1683 2838 1829 2892 locus
1867 2837 1956 2892 ille
1981 2837 2164 2906 appel-

586 2934 789 2989 laretur
814 2951 828 2986 :
858 2932 976 2986 ideo
999 2945 1227 2999 namque
1249 2929 1482 2999 Babylon
1509 2927 1685 2982 dictus
1706 2936 1789 2981 est
1812 2927 1996 2992 locus;
2021 2924 2164 2997 quod

582 3033 668 3080 est
687 3022 928 3078 confusio
943 3063 961 3085 ,
984 3022 1122 3092 quod
1147 3021 1251 3076 illic
1279 3021 1538 3075 Dominus
1555 3020 1693 3073 Deus
1707 3018 2006 3074 confuderit
2024 3018 2163 3072 labia

591 3115 854 3169 universae
881 3124 1056 3180 teme,
1087 3123 1138 3168 et
1169 3114 1236 3166 ab
1262 3113 1352 3165 illo
1383 3113 1499 3166 loco
1526 3111 1838 3180 disperserit
1863 3110 2001 3164 illos.
2028 3109 2160 3165 Nam

587 3215 872 3274 utrumque
902 3205 1001 3258 loci
1029 3203 1313 3271 appellatio
1341 3202 1468 3256 mihi
1498 3202 1801 3272 significare
1833 3201 2076 3265 videtur,
2108 3209 2164 3256 et

587 3293 732 3365 quod
751 3295 954 3363 linguas
965 3293 1283 3357 confuderit,
1303 3292 1510 3361 etquod
1535 3292 1655 3345 inde
1667 3291 1929 3360 dispersio
1945 3298 2058 3344 orta
2071 3290 2160 3345 sit.

657 3387 709 3441 5.
740 3385 1045 3444 Audivistis,
1077 3385 1274 3449 dilecti,
1307 3384 1448 3438 unde
1477 3384 1601 3453 ipsis
1627 3382 1972 3451 diSperslonis
1993 3383 2165 3438 varie-

587 3477 814 3545 tatisque
840 3475 1132 3544 linguarum
1153 3482 1268 3528 orta
1291 3473 1359 3526 sit
1383 3489 1559 3528 causa.
1583 3472 1889 3540 Fugiamus,
1911 3472 2161 3537 obsecro,

591 3580 660 3618 nc
690 3567 784 3617 bos
816 3564 1119 3617 imitemur:
1153 3573 1206 3616 et
1232 3561 1296 3616 iis
1311 3577 1426 3630 qua:
1451 3562 1602 3615 nobis
1631 3561 1768 3616 Deus
1795 3563 2059 3616 concessit
2099 3578 2166 3617 ne

589 3653 868 3709 abutamur
899 3671 914 3708 :
945 3669 1005 3706 ae
1037 3664 1278 3706 naturam
1321 3651 1605 3705 humanam
1634 3651 2058 3717 considerantes,
2099 3667 2162 3707 ea

590 3747 953 3800 consultemus
990 3761 1106 3813 qua:
1137 3745 1388 3799 mortales
1428 3744 1670 3798 homines
1695 3742 1919 3798 deceant
1949 3762 1962 3797 :
1991 3753 2046 3798 et
2073 3758 2163 3798 co-

587 3840 817 3908 gitantes
869 3838 1144 3906 pru‘sentis
1181 3839 1304 3890 vita:
1352 3836 1706 3905 fragilitatem,
1732 3851 1796 3891 ac
1820 3851 1975 3906 quam
2003 3836 2164 3891 breve

586 3923 654 3976 sit
688 3931 894 3990 tempus
929 3924 1050 3975 vita:
1073 3933 1289 3982 nostrre,
1339 3923 1556 3974 multam
1606 3936 1700 3990 per
1727 3921 1988 3975 honorum
2032 3935 2163 3988 ope-

588 4028 704 4066 rum
731 4013 1040 4066 exercitium
1067 4011 1313 4064 fiduciam
1341 4009 1688 4063 recondamus
1711 4025 1725 4061 :
1765 4019 1821 4063 et
1862 4025 1966 4063 non
1993 4009 2161 4063 Solum

592 4118 686 4170 per
717 4103 811 4156 bos
841 4102 955 4156 dies
998 4117 1268 4156 servemus
1317 4101 1502 4170 jejunii
1550 4099 1835 4164 fervorem,
1868 4100 1958 4155 sed
2005 4100 2164 4154 etiam

591 4195 948 4264 cleemosyna:
988 4195 1279 4263 largitatem
1319 4204 1372 4248 et
1420 4209 1634 4262 precum
1662 4191 2046 4246 assiduitatem.
2072 4192 2163 4245 Et-

594 4287 732 4340 enim
758 4286 959 4354 jejunio
987 4301 1171 4352 preces
1196 4301 1408 4353 semper
1436 4285 1745 4354 conjunctas
1784 4299 1904 4339 esse
1933 4292 2162 4352 oportet.

591 4377 659 4431 Et
687 4380 824 4447 quod
858 4378 956 4430 hoc
994 4394 1174 4430 verum
1226 4378 1314 4442 sit,
1370 4378 1488 4430 audi
1528 4375 1797 4430 Christum
1852 4375 2161 4430 dicentem:

596 4468 704 4521 Hoc
732 4485 885 4538 genus
910 4469 1267 4522 darmcuiorum
1287 4485 1388 4520 non
1419 4468 1668 4537 egreditur
1693 4467 1790 4522 nisi
1810 4469 1861 4520 in
1882 4469 2169 4535 precatione

589 4571 634 4612 et
653 4561 848 4629 jejunio
871 4558 1081 4630 (Matth.
1113 4559 1196 4614 Π.
1227 4558 1339 4629 20).
1365 4559 1429 4612 Et
1457 4561 1642 4613 iterum
1671 4559 1736 4612 de
1751 4559 2004 4627 apostolis
2030 4559 2164 4612 dici-

595 4658 680 4704 tur
713 4669 725 4703 :
757 4647 894 4701 Nam
923 4664 1036 4701 cum
1059 4660 1304 4713 orassent,
1337 4650 1522 4718 inquit,
1557 4659 1601 4702 et
1641 4651 1980 4720 jejunassent,
2026 4666 2164 4703 com-

597 4740 956 4792 mendaverunt
990 4755 1076 4792 eos
1121 4737 1364 4802 Domino,
1409 4740 1459 4791 in
1487 4755 1630 4806 quens
1669 4741 1984 4794 crediderant
2026 4740 2164 4809 (Act.

601 4831 686 4883 Η.
716 4827 827 4899 2‘2).
863 4829 928 4883 Et
947 4830 1134 4882 iterum
1155 4827 1320 4896 inquit
1349 4829 1630 4897 Apostolus
1661 4846 1674 4881 :
1710 4828 1789 4883 Ne
1814 4830 2061 4898 fraudatis
2090 4828 2163 4880 in-

591 4925 762 4987 uicem,
797 4925 890 4976 nisi
913 4925 964 4975 in
984 4925 1264 4992 precatione
1282 4932 1329 4975 et
1349 4922 1540 4989 ieiunio
1561 4923 1607 4992 (Ι
1623 4961 1636 4975 .
1659 4921 1776 4976 Cor.
1800 4922 1851 4975 7.
1875 4921 1951 4980 5).
1983 4919 2168 4974 Vidisti

595 5012 860 5082 quomodo
878 5013 1137 5083 jejunium
1170 5015 1268 5068 hoc
1286 5014 1520 5068 subsidio
1548 5013 1816 5084 indigeat?
1847 5012 1995 5067 Tunc
2024 5012 2168 5067 enim

598 5104 928 5175 potissimum
959 5117 1143 5172 preces
1176 5117 1296 5156 eum
1327 5104 1615 5158 attentione
1647 5103 1799 5168 fiunt,
1835 5117 1954 5157 cum
2005 5115 2172 5171 expe-

598 5195 760 5246 ditior
782 5203 864 5247 cst
911 5209 1059 5248 mens
1089 5203 1292 5257 nostra,
1336 5209 1507 5264 neque
1530 5203 1763 5262 gravata,
1806 5208 1976 5264 neque
2023 5193 2167 5246 malo

598 5285 906 5340 deliciarum
927 5299 1088 5339 onere
1111 5299 1287 5354 pressa
1316 5285 1491 5340 fuerit.
1524 5284 1704 5355 Magna
1731 5300 1874 5340 arma
1893 5294 2015 5338 sunt
2046 5299 2171 5354 pre-

658 5480 732 5540 (a)
765 5479 817 5529 Id
840 5480 966 5543 quod
992 5481 1071 5546 hic
1092 5481 1158 5529 ait
1178 5481 1562 5546 Cltrysostonuss,
1597 5481 1841 5546 tteberum
1865 5496 2060 5546 nempe
2070 5484 2169 5546 pri-

658 5496 732 5540 ta)
767 5496 817 5529 to
840 5496 966 5543 quon
994 5496 1069 5531 mc
1092 5496 1158 5529 an.
1178 5496 1562 5544 wrysoswmns,
1599 5496 1841 5532 ueneram
1865 5496 2047 5546 nempe
2070 5496 2169 5592 prt-

590 5555 718 5612 scam
740 5554 961 5612 servasse
979 5541 1256 5612 maligno],
1275 5543 1473 5612 qualem
1488 5544 1699 5612 Adamus
1715 5541 2020 5606 loquebatur,
2034 5544 2065 5594 il
2088 5545 2169 5600 ud,

590 5603 809 5711 immo.
833 5602 1016 5666 aliquot
1037 5602 1397 5652 difﬁcultatibus
1432 5606 1694 5653 obnoxium
1728 5602 1804 5654 est
1831 5620 1843 5654 :
1867 5618 1976 5655 nam
2009 5602 2171 5656 utrum

590 5670 662 5710 Ile
774 5667 972 5711 priscam
999 5665 1207 5711 littuuant
1229 5668 1519 5711 servaverit.
1545 5680 1637 5711 non
1664 5669 1727 5711 ita
1752 5675 1938 5711 certum
1960 5669 2170 5711 exams-

590 5665 754 5711 Iteber
774 5665 972 5724 [uincam
999 5665 1207 5726 linguam
1229 5668 1519 5721 servaverit,
1545 5680 1637 5715 non
1664 5669 1727 5715 ita
1752 5675 1938 5716 certum
1960 5669 2170 5717 exsutis-

588 5731 794 5788 putatur
809 5731 971 5788 autem
995 5725 1098 5774 utra
1121 5725 1359 5775 dialectus
1380 5728 1661 5788 primigenia
1686 5728 1859 5786 fuerit,
1874 5728 2171 5778 Hebraicane

590 5784 649 5833 δ..
685 5784 960 5844 Chaldaica;
996 5799 1081 5853 pro
1113 5797 1317 5853 utraque
1349 5784 1575 5853 opinione
1607 5795 1734 5840 stant
1767 5784 1863 5840 non
1895 5789 2169 5853 spernenda

587 5856 892 5909 argumenta,
917 5861 1026 5911 quae
1050 5847 1248 5912 longius
1263 5847 1397 5900 esset
1420 5848 1630 5901 referre.

1303 467 1362 524 S.
1400 461 1674 523 JOANNIS
1699 455 2170 519 CHRYSOSTO!"
2209 456 2523 514 ARCHIEP.
2562 457 3100 518 εοΝςτΑΝτιΝορ.

3739 468 3842 527 sso

2266 587 2378 640 ces,
2424 588 2609 642 magna
2652 575 2941 640 securitas,
2990 588 3212 645 magnus
3256 574 3574 645 thesaurus,
3625 595 3844 652 magnus

2269 675 2473 733 portus,
2497 665 2788 721 tutissimus
2817 666 2971 721 locus
2997 685 3012 721 :
3054 668 3214 722 modo
3239 667 3402 724 sobrii
3432 679 3490 726 et
3513 670 3703 742 vigiles
3732 675 3836 728 Do-

2267 753 2467 808 minum
2497 753 2769 820 adeamus,
2813 765 2992 812 mente
3015 767 3195 811 nostra
3219 758 3448 829 undique
3471 761 3718 825 collecta,
3739 761 3840 817 iui-

2267 843 2512 914 micoque
2542 853 2736 899 nostra:
2763 845 2950 900 salutis
2997 847 3144 902 nullo
3193 847 3338 902 aditu
3383 850 3668 919 permisso.
3715 849 3842 906 Cum

2266 931 2400 984 sciat
2429 933 2570 986 enim
2599 933 2842 988 inimicus
2871 943 3071 1000 noster,
3097 950 3196 990 nos
3223 952 3319 1007 per
3347 947 3556 1008 tempus
3584 940 3712 996 illud
3731 954 3845 1011 pos-

2265 1037 2323 1076 se
2367 1023 2434 1079 de
2464 1025 2528 1078 iis
2553 1041 2668 1096 qua:
2696 1025 2762 1080 ad
2809 1035 3044 1082 nostram
3075 1028 3300 1083 salutem
3326 1031 3554 1086 attinent
3587 1033 3760 1103 loqui,
3793 1041 3848 1087 et

2267 1106 2479 1182 peccata
2499 1117 2760 1182 confiteri,
2785 1127 2839 1172 et
2857 1118 3070 1174 vulnera
3097 1119 3305 1174 medico
3330 1123 3635 1186 ostendere,
3678 1135 3734 1178 et
3758 1139 3844 1179 sa-

2267 1207 2485 1260 nitatem
2528 1207 2778 1275 consequi
2812 1225 2824 1260 :
2856 1208 2975 1262 ideo
3025 1211 3254 1266 maxime
3297 1222 3421 1266 tunc
3447 1213 3680 1274 obsistit,
3733 1231 3851 1268 om-

2266 1295 2455 1366 niaque
2485 1296 2608 1350 facit
2636 1306 2693 1351 et
2723 1307 2932 1359 tractat,
2965 1307 3022 1352 ut
3063 1315 3160 1353 nos
3213 1303 3549 1368 supplantat,
3581 1303 3852 1372 negligen-

2267 1393 2449 1455 tcsque
2469 1384 2674 1440 reddat.
2702 1385 2930 1441 Proinde
2956 1387 3251 1457 vigilemus,
3271 1390 3515 1456 obsecro,
3542 1401 3594 1446 et
3616 1392 3854 1448 scientes

2267 1478 2407 1533 illius
2440 1479 2678 1545 insidias,
2707 1480 2936 1534 maxime
2955 1491 3196 1551 tempore
3225 1483 3314 1536 illo
3335 1498 3552 1551 operam
3581 1484 3772 1540 demus
3797 1496 3855 1539 ut

2267 1567 2416 1637 quasi
2450 1577 2763 1637 pnesentem
2791 1569 2939 1624 illum
2972 1582 3093 1625 ante
3120 1572 3306 1625 oculos
3334 1583 3562 1627 stantem
3610 1574 3858 1629 videntes

2267 1673 2653 1728 oppugnemus,
2685 1669 2737 1713 et
2761 1661 3131 1730 cogitationem
3159 1677 3394 1724 omnem,
3418 1679 3534 1732 qum
3566 1679 3663 1716 nos
3687 1666 3856 1719 ἱμερτ-

2269 1750 2482 1804 turbare
2509 1751 2693 1818 possit,
2724 1751 3040 1820 repellamus
3073 1771 3085 1806 :
3119 1755 3320 1821 totique
3343 1754 3575 1808 nitamur
3594 1756 3764 1810 Deum
3795 1765 3858 1810 ut

2268 1839 2421 1894 decet
2441 1840 2655 1909 alloqui,
2677 1851 2734 1895 ut
2765 1857 2868 1895 non
2892 1843 3067 1896 solum
3095 1844 3276 1907 verba,
3307 1843 3400 1898 sed
3422 1853 3474 1897 et
3488 1860 3641 1899 mens
3671 1846 3856 1900 verba

2269 1947 2384 1985 rum
2413 1947 2594 1987 comes
2616 1933 2680 1986 ad
2713 1934 2878 1989 Deum
2903 1935 3177 1990 accedant.
3207 1936 3334 1989 Nam
3362 1937 3404 1991 si
3432 1937 3609 2006 lingua
3636 1939 3856 2008 quidem

2270 2021 2503 2091 proferat
2546 2021 2729 2085 verba,
2763 2039 2914 2078 mens
2943 2035 3119 2078 autem
3152 2025 3279 2078 foris
3307 2037 3578 2096 evagetur,
3608 2042 3731 2097 qua:
3755 2028 3857 2082 do-

2269 2112 2338 2165 tni
2370 2121 2492 2165 sunt
2517 2111 2778 2175 lustrans,
2807 2123 2858 2167 et
2891 2115 3185 2184 imaginans
3221 2131 3340 2184 qua:
3381 2115 3431 2169 in
3463 2116 3579 2169 foro
3600 2129 3853 2185 aguntur,

2268 2205 2412 2258 nulla
2444 2204 2596 2257 nobis
2617 2203 2817 2258 utilitas
2839 2216 2941 2271 est,
2962 2206 3202 2261 fortassis
3228 2215 3404 2261 autem
3426 2217 3493 2262 et'
3523 2207 3699 2277 major
3725 2225 3861 2262 con-

2264 2293 2553 2348 demnatio.
2611 2292 2898 2349 Enimvero
2941 2295 2986 2348 si
3040 2309 3160 2349 cum
3196 2296 3439 2349 homines
3469 2297 3712 2362 adimus,
3747 2308 3855 2350 tam

2266 2385 2503 2440 studiose
2528 2383 2578 2438 id
2595 2385 2820 2450 agimus,
2853 2394 2909 2438 ut
2929 2399 3093 2454 prope
3117 2394 3322 2440 stantes
3345 2401 3721 2456 mpeuumero
3746 2403 3868 2441 non

2269 2474 2563 2541 videamus,
2612 2474 2703 2530 sed
2734 2474 3034 2544 colligimus
3061 2485 3324 2542 men'em,
3355 2485 3410 2530 et
3433 2474 3500 2529 ad
3525 2491 3646 2530 eum
3680 2491 3721 2529 si
3746 2476 3856 2531 lunt

2267 2573 2569 2633 spectamus
2603 2563 2669 2617 ad
2712 2579 2870 2633 quem
2900 2563 3202 2619 accedimus
3237 2576 3474 2634 :quanto
3503 2564 3672 2634 magis
3715 2565 3874 2635 apudi

2269 2652 2435 2706 Deum
2469 2652 2607 2706 idem
2645 2653 2817 2708 facere
2847 2662 3094 2722 oportet,
3126 2663 3178 2708 at
3205 2653 3400 2722 jugiter
3431 2656 3679 2722 precibus
3724 2655 3854 2710 insi-

2265 2744 2446 2800 stere?
2468 2745 2691 2814 Propter
2708 2744 2812 2800 hoc
2834 2753 2888 2800 et
2916 2744 3110 2800 Paulus
3129 2745 3370 2800 scribens
3395 2745 3602 2799 dicebat
3633 2763 3646 2798 :
3678 2746 3853 2799 Orum

2267 2846 2338 2890 tes
2368 2824 2420 2890 in
2445 2837 2584 2889 enini
2614 2846 2863 2906 tempore,
2901 2846 3044 2890 orate
3077 2848 3124 2890 et
3153 2836 3204 2888 in
3234 2837 3416 2902 spiritu
3444 2834 3605 2905 (Eph.
3633 2837 3690 2892 6.
3727 2839 3856 2906 l8)':

2269 2942 2376 2980 non
2405 2927 2580 2996 lingua
2611 2936 2836 2994 tantum,
2863 2936 3060 2982 etcum
3085 2939 3362 2998 perpetua,
3396 2927 3589 2998 inquit,
3621 2931 3851 3000 vigilan—

2270 3018 2362 3082 tia,
2389 3018 2482 3072 sed
2511 3016 2576 3070 Et
2598 3019 2649 3070 in
2693 3019 2891 3088 spiritu.
2923 3019 3239 3086 Spirituales
3275 3019 3416 3075 enim
3440 3061 3456 3086 ,
3511 3021 3700 3090 inquit,
3747 3023 3857 3076 sint

2267 3117 2457 3162 vestra:
2488 3109 2790 3177 petitiones,
2820 3111 3009 3165 sobria
3024 3111 3093 3165 sit
3149 3112 3306 3178 ratio,
3339 3121 3394 3167 et
3420 3112 3486 3168 iis
3514 3129 3633 3183 qua:
3661 3115 3854 3170 dicun-

2269 3208 2355 3252 tur
2382 3213 2533 3254 mens
2559 3201 2816 3253 attendat'.
2849 3199 2998 3254 Talia
3029 3202 3210 3271 petite,
3233 3202 3410 3272 qualia
3437 3219 3472 3257 a
3521 3203 3629 3260 Deo
3668 3215 3855 3275 petere

2267 3290 2538 3354 convenit,
2590 3299 2646 3343 ut
2672 3299 2721 3344 et
2746 3291 2906 3360 petita
2935 3291 3218 3347 obtineatis
3249 3310 3264 3347 :
3293 3304 3348 3349 et
3383 3296 3438 3349 in
3480 3295 3610 3350 illud
3650 3295 3857 3351 incum-

2269 3381 2478 3445 bentes,
2507 3389 2562 3434 et
2607 3380 2700 3434 toti
2735 3381 3109 3452 expergefacti,
3137 3383 3302 3438 sobrii
3347 3394 3402 3439 et
3429 3395 3606 3439 mente
3643 3388 3854 3456 vigiles,

2270 3489 2375 3526 non
2404 3473 2710 3538 oscitantes,
2741 3489 2838 3528 nec
2869 3488 2963 3529 vos
2994 3474 3270 3542 fricantes,
3305 3486 3360 3532 et
3387 3475 3512 3531 hinc
3550 3477 3674 3534 inde
3701 3495 3857 3534 men-

2271 3573 2377 3618 tem
2411 3574 2719 3619 vertentes:
2769 3565 2862 3619 sed
2891 3580 3009 3619 cum
3051 3566 3242 3621 timore
3270 3576 3325 3621 et
3353 3575 3588 3624 tremore
3628 3570 3856 3624 salutem

2269 3663 2500 3708 vestram
2533 3654 2844 3722 operemiui.
2876 3653 3061 3708 Beatus
3090 3655 3253 3715 enim,
3282 3655 3473 3724 inquit,
3517 3657 3608 3725 qui
3653 3667 3858 3725 propter

2270 3745 2502 3814 pietatem
2529 3746 2701 3797 metuit
2729 3745 2897 3797 omnia
2931 3745 3110 3816 (Prov.
3140 3745 3229 3800 28.
3258 3747 3368 3817 Ν).
3392 3747 3634 3817 Magnum
3657 3749 3857 3804 bonum

2271 3835 2525 3905 precatio.
2545 3833 2675 3887 Nam
2698 3835 2741 3887 si
2766 3834 2967 3888 homini
2995 3836 3114 3905 quis
3139 3837 3361 3905 loquens
3387 3838 3581 3892 virtute
3610 3841 3866 3908 praedito,

2272 3939 2375 3978 nou
2401 3940 2618 3993 parvum
2642 3925 2764 3980 inde
2794 3925 3016 3980 fructum
3045 3929 3264 3996 percipit
3289 3946 3306 3983 :
3327 3931 3540 3999 quantis
3572 3931 3729 3984 bonis
3748 3947 3853 3987 non

2273 4017 2474 4070 fruetur
2525 4018 2591 4083 is,
2635 4020 2717 4072 cui
2759 4034 2876 4072 cum
2920 4020 3028 4073 Deo
3061 4021 3382 4090 colloquiutn
3434 4021 3630 4077 fuerit?
3674 4024 3867 4079 Oritio‘

2272 4111 2414 4162 enim
2441 4111 2759 4181 colloquium
2785 4122 2865 4164 est
2908 4127 3027 4164 cum
3071 4112 3196 4166 Deo.
3230 4113 3381 4180 Quod
3426 4122 3482 4167 ut
3523 4117 3684 4182 scias,
3733 4119 3856 4172 andi

2276 4204 2585 4272 prophetam
2639 4203 2902 4257 dicentem
2935 4221 2947 4255 :
2977 4202 3270 4257 Iucundum
3325 4205 3390 4258 sit
3449 4205 3557 4261 Deo
3603 4209 3856 4278 eloquium

2275 4313 2435 4348 nicum
2465 4296 2632 4365 (Psal.
2662 4296 2782 4349 l03.
2807 4297 2895 4362 3i)
2929 4314 2940 4348 :
2969 4294 3071 4350 hoc
3092 4305 3192 4360 est,
3217 4312 3396 4352 sermo
3425 4313 3576 4352 meus
3588 4299 3866 4368 jucundus

2272 4396 2522 4455 appareat
2557 4385 2682 4439 Deo.
2711 4387 2896 4438 Annon
2922 4385 3061 4438 enim
3082 4395 3333 4454 prmstare
3355 4397 3526 4455 potest
3549 4389 3855 4458 priusquam

2275 4475 2556 4543 petamus?
2583 4475 2777 4527 Verum
2817 4484 3032 4543 prepter
3058 4473 3158 4528 hoc
3177 4474 3360 4530 differt
3375 4486 3437 4530 ct°
3454 4490 3750 4546 exspectat,
3803 4490 3857 4534 nt

2272 4567 2606 4619 occasionem
2654 4565 2899 4634 accipiat,
2929 4581 3031 4634 qua
3058 4567 3199 4634 juste
3243 4579 3342 4620 nos
3391 4581 3484 4621 sua
3525 4567 3856 4636 providentia

2273 4654 2461 4723 dignos
2482 4653 2657 4708 faciat.
2679 4654 2802 4709 Sive
2819 4665 2996 4709 autem
3023 4669 3414 4724 consequamur
3437 4658 3578 4726 quod
3605 4662 3850 4728 petimus,

2272 4746 2384 4798 sive
2414 4760 2518 4798 non
2548 4759 2959 4814 consequamur,
2986 4759 3390 4814 perseveremus
3414 4761 3627 4817 semper
3650 4749 3702 4804 in
3734 4768 3861 4804 ora—

2275 4837 2418 4891 tione
2447 4852 2460 4888 :
2497 4846 2550 4891 et
2577 4853 2680 4890 non
2707 4838 2877 4892 solum
2905 4839 3101 4907 gratias
3127 4853 3346 4908 agamus
3373 4840 3416 4893 si
3442 4856 3852 4911 consequamur,

2273 4930 2366 4984 sed
2392 4929 2596 4984 etiamsi
2621 4929 2884 4999 repulsam
2913 4930 3056 4999 passi
3089 4927 3366 4984 fuerimus.
3397 4929 3531 4985 Nam
3567 4933 3854 5004 denegare,

2271 5035 2393 5074 cum
2422 5021 2557 5075 Deus
2585 5021 2715 5086 vult,
2757 5035 2869 5076 non
2893 5020 3068 5074 minus
3097 5030 3180 5074 est
3207 5036 3364 5090 quam
3393 5022 3437 5075 si
3479 5025 3864 5080 concessisset.

2275 5109 2548 5165 Nescimus
2576 5112 2718 5166 enim
2747 5125 2847 5165 nos
2873 5126 2991 5180 qua:
3035 5110 3188 5166 nobis
3213 5111 3532 5176 conducant,
3566 5115 3706 5170 sicut
3746 5116 3855 5186 ipso

2276 5203 2440 5257 nevit.
2469 5203 2650 5272 Itaque
2677 5202 2789 5257 sive
2815 5204 2922 5256 voti
2951 5214 3247 5272 compotes,
3275 5217 3388 5258 snve
3413 5204 3646 5273 impotes
3669 5207 3856 5272 simus,

2276 5294 2470 5363 gratias
2495 5307 2652 5363 agere
2671 5292 2951 5348 debemus.
2975 5292 3042 5348 Et
3065 5293 3192 5362 quid
3223 5295 3455 5361 miraris,
3485 5297 3530 5350 si
3559 5312 3663 5351 nos
3690 5299 3856 5354 nosci-

2279 5399 2396 5439 mus
2419 5385 2542 5456 quid
2572 5384 2725 5439 nobis
2762 5384 2964 5456 prosit?
3002 5384 3196 5439 Paulus
3220 5425 3235 5449 ,
3281 5385 3402 5439 talis
3436 5395 3490 5440 et
3541 5395 3720 5443 tantus
3757 5389 3854 5456 vir,

2277 5491 2467 5531 arcana
2503 5476 2688 5531 audire
2727 5475 2920 5545 dignus
2955 5476 3186 5540 habitus,
3236 5475 3511 5544 igtnrabat
3535 5491 3596 5531 se
3633 5492 3702 5532 ea
3739 5494 3855 5548 qius

2278 5583 2382 5622 non
2422 5568 2781 5637 expediebant
2833 5570 3060 5638 precari.
3107 5567 3237 5622 Nam
3266 5569 3388 5636 quia
3434 5567 3650 5636 videbat
3679 5584 3740 5626 se
3784 5579 3856 5626 tut

2277 5658 2539 5713 molestiis
2579 5659 2743 5729 cingi,
2779 5673 2844 5714 ac
2870 5659 3185 5715 circumdari
3213 5659 3417 5713 crebris
3455 5660 3856 5729 tentationibus.

2277 5748 2465 5804 orabat
2490 5757 2546 5802 ut
2573 5747 2648 5810 ab
2667 5748 2743 5802 eis
2765 5748 3111 5814 liberaretur,
3155 5749 3312 5818 idque
3339 5765 3444 5802 nou
3491 5751 3657 5805 semel
3689 5766 3855 5822 nupta

2284 5842 2500 5909 iterum,
2555 5840 2648 5895 scd
2677 5849 2731 5896 ct
2769 5840 2984 5912 sepius.
3015 5838 3113 5904 Ter
3140 5841 3307 5910 ctum,
3355 5840 3546 5912 inquit,
3591 5838 3858 5896 Domiti-at
