4092 6520
467 472 610 534 λεσε,
647 469 744 524 καὶ
766 470 864 524 ούκ
893 467 1174 540 ἐπέτυχεν.
1207 467 1433 538 Ἵδωμεν
1455 463 1548 522 οῦν
1579 464 1696 530 πῶς
1717 463 1945 531 διετέθη.
1972 456 2119 532 Ἀρι

467 559 544 629 μὴ
567 558 919 628 ἐδυσχέρανεν
938 565 989 622 ⁶;
1007 553 1134 628 ἀρα
1162 556 1516 628 ὀκνηρότερος
1542 554 1794 622 νγέγονενς
1831 546 1940 620 ἄρα
1963 549 2113 618 ἐνὰρο

463 661 662 713 κησενς
712 645 865 717 Οὐχί.
904 644 1060 699 Ἀλλά
1114 643 1166 696 τί
1219 659 1416 712 φησιν;
1475 638 1659 704 Εἷπεν,
1700 637 1881 705 Ἀρκεῖ
1927 652 2023 689 σοι
2081 636 2120 702 ἠ

463 733 636 800 χάρις
666 749 806 800 μου.
836 729 898 788 Ἥ
935 731 1043 801 γὰρ
1069 729 1296 800 δύναμίς
1322 747 1424 799 μου
1454 729 1511 780 ἐν
1531 725 1781 795 ἀσθενείᾳ
1801 721 2119 776 τελειοῦται.

465 821 540 871 Οὐ
571 820 729 888 μόνον
756 819 854 871 οὐκ
900 816 1268 888 ἡλευθέρωσεν
1314 816 1475 870 αὐτὸν
1501 813 1607 866 τῶν
1637 811 1998 880 ἐπικειμένων
2033 807 2124 861 λυ-

467 902 678 976 πηρῶν,
728 903 861 958 ἀλλά
895 904 989 957 καὶ
1028 903 1380 972 ἐναπομένειν
1406 900 1564 954 αὐτὸν
1593 898 1761 954 είασε.
1807 895 1945 952 Ναίο
1988 894 2123 950 ἀλλὰ

467 992 626 1045 πόθεν
650 987 804 1060 δῆλον
824 988 905 1043 δτι
937 989 1036 1043 οὐκ
1062 988 1450 1060 ἐδυσχέρανεν;
1489 989 1683 1039 Ἀκουε
1712 984 1924 1040 Παύλου
1946 983 2124 1051 λέγονο

461 1095 570 1141 τος,
603 1075 787 1148 ἐπειδὴ
822 1076 991 1148 ἔμαθε
1024 1077 1094 1130 τά
1134 1074 1388 1130 δοκοῦντα
1431 1072 1509 1145 τῷ
1556 1075 1834 1144 Δεσπότη·
1876 1071 2122 1126 Ἥδιστα

460 1160 576 1218 οὖν
598 1165 977 1233 καυχήσομαι
997 1164 1066 1217 ἐν
1090 1162 1219 1228 ταῖς
1269 1163 1608 1227 ἀσθενείαις
1655 1179 1795 1230 μου.
1822 1159 1897 1213 Οὐ
1941 1157 2122 1229 μόνον,

460 1251 617 1320 φησι,
639 1250 822 1305 λοιπὸν
854 1249 1232 1321 ἀπαλλαγῆναι
1263 1249 1362 1302 οὐκ
1389 1247 1651 1318 ἐπιζητῶ,
1683 1245 1819 1301 ἀλλά
1854 1246 1948 1300 καὶ
1983 1242 2120 1314 μετά

460 1335 705 1399 πλείονος
741 1337 840 1407 τῆς
867 1335 1058 1407 ἡδονῆς
1088 1337 1432 1406 καυχήσομαι
1464 1335 1555 1388 ἐπὶ
1595 1334 1820 1396 τούτοις.
1854 1328 2004 1395 Εἰδες
2033 1331 2120 1384 εὐο

460 1422 709 1492 γνώμονα
735 1422 948 1494 ψυχήνς
991 1419 1127 1486 εἶδες
1160 1423 1322 1476 πόθον
1343 1423 1436 1476 τὸν
1457 1423 1584 1492 περὶ
1609 1421 1699 1472 τὸν
1725 1417 1887 1483 Θεόν;
1917 1421 2117 1471 Ἀκου-

461 1525 553 1562 σον
593 1509 755 1562 αὐτοῦ
807 1509 1086 1578 λέγοντοςο
1134 1510 1204 1562 1‘6
1253 1509 1362 1578 γὰρ
1393 1509 1451 1561 τί
1486 1507 1934 1577 προσευξόμεθα
1972 1507 2118 1560 καθὸ

459 1595 571 1658 δεῖ,
610 1599 720 1649 οὐκ
759 1596 1020 1664 οἴδαμεν.
1053 1594 1166 1666 Οὐχ
1192 1591 1302 1649 οἷόν
1330 1612 1410 1656 τε,
1431 1595 1614 1666 φησὶν,
1631 1593 1949 1665 ἀνθρώπους
1969 1592 2117 1663 ἡμᾶς

458 1684 618 1746 ὄντας
641 1683 838 1736 εἰδέναι
883 1685 1058 1736 πάντα
1088 1682 1350 1753 ἀκριϐῶς.
1393 1684 1483 1734 Δεῖ
1523 1678 1617 1735 οὖν
1658 1684 2008 1752 παραχωρεῖν
2036 1680 2116 1750 τῷ

457 1768 768 1838 δημιουργῷ
810 1767 906 1836 τῆς
936 1767 1206 1841 ἡμετέρας
1240 1768 1474 1837 φύσεως,
1507 1769 1733 1821 κάκεῖνα
1767 1767 1904 1836 μετά
1943 1769 2118 1837 χαρᾶς

457 1853 704 1923 δέχεσθαι
736 1855 826 1907 καὶ
852 1853 1052 1922 πολλῆς
1083 1855 1180 1924 τῆς
1211 1855 1426 1924 ἡδονῆς,
1452 1853 1594 1925 άπερ
1618 1852 1777 1916 αὐτὸς
1810 1854 2116 1922 δοκιμάσει.

459 1941 551 1992 καὶ
586 1941 660 2011 μὴ
699 1940 835 2011 πρὸς
869 1942 966 2011 τὴν
1008 1939 1129 2009 ὄψιν
1167 1941 1276 1994 τῶν
1306 1941 1603 2010 γινομένων
1645 1941 1794 2010 όρᾷν,
1823 1939 1957 1992 ἀλλά
1984 1940 2118 2009 πρὸς

457 2028 525 2078 τά
563 2026 817 2079 δοκοῦντα
859 2026 936 2096 τῷ
987 2027 1250 2096 Δεσπότῃ.
1297 2027 1356 2079 ’0
1399 2025 1506 2096 γάρ
1543 2025 1696 2088 εἰδὼς
1743 2026 1804 2077 τὸ
1840 2025 2118 2093 συμφέρον

461 2111 662 2180 μᾶλλον
705 2112 884 2182 ἡμῶν,
929 2113 1088 2174 αὐτὸς
1124 2109 1230 2164 οἶδε
1271 2112 1362 2164 καί
1402 2113 1551 2176 ὅπως
1590 2111 1672 2163 δεῖ
1714 2110 1812 2181 τήν
1847 2110 2118 2179 σωτηρίαν

459 2199 558 2266 τὴν
589 2199 863 2268 ἡμετέραν
899 2198 1237 2268 μεθοδεῦσαι.

529 2291 601 2348 ς’.
619 2285 804 2354 Ἦμῶν
825 2285 1003 2337 τοίνυν
1021 2285 1076 2336 ἐν
1097 2285 1254 2354 ἔργον
1278 2283 1438 2347 ἔστω,
1457 2284 1517 2336 τὺ
1531 2284 1793 2352 διηνεκῶς
1813 2286 1929 2348 ταῖς
1947 2301 2117 2356 προσ-

458 2373 642 2440 ευχαῖς
719 2374 1175 2442 προσκαρτερεῖν,
1223 2373 1317 2424 καὶ
1371 2372 1445 2442 μὴ
1505 2372 1791 2442 ἀσχάλλειν
1835 2380 1970 2442 προς
2017 2376 2116 2444 τὴν

458 2457 784 2526 βραδυτῆτα,
824 2459 960 2511 ἀλλά
1010 2456 1208 2527 πολλὴν
1251 2459 1348 2529 τὴν
1389 2459 1768 2530 μακροθυμίαν
1817 2460 2118 2513 ἐπιδείκνυ-

461 2543 602 2596 σθαι.
631 2543 763 2596 Οὐδέ
789 2544 896 2614 γὰρ
918 2544 1191 2597 ἀνανεύων
1211 2544 1365 2614 ἡμῶν
1399 2545 1534 2616 1:96;
1559 2545 1656 2606 τάς
1682 2545 1930 2612 αἰτήσεις
1958 2545 2120 2613 ὑπερ-

454 2629 686 2693 τίθεται,
717 2630 851 2683 άλλά
904 2631 1253 2699 σοφιζόμενος
1283 2631 1440 2700 ἡμῶν
1487 2631 1586 2698 τήν
1626 2629 1976 2700 προσεδρίαν,
2023 2631 2118 2685 καὶ

461 2715 778 2784 βουλόμενος
824 2719 973 2786 ἡμᾶς
1031 2717 1294 2785 διηνεκῶς
1344 2717 1480 2786 πρὸς
1526 2716 1714 2770 ἑαυτὸν
1767 2716 2114 2784 ἐφέλκεσθαι.

469 2800 618 2854 Ἐπεὶ
648 2803 740 2856 καὶ
765 2803 944 2872 πατὴρ
967 2802 1315 2874 φιλόστοργος
1340 2803 1656 2872 αἰτούμενος
1686 2803 1945 2865 πολλάκις
1968 2805 2118 2876 παρά

457 2888 551 2940 τοῦ
586 2889 772 2951 παιδὸς
799 2889 897 2941 οὐκ
949 2889 1210 2952 ἐπινεύει,
1239 2890 1359 2958 οὐχ).
1406 2888 1480 2957 μὴ
1537 2888 1859 2959 βουλόμενος
1910 2891 2116 2956 δοῦναι,

457 2975 596 3028 ἀλλά
613 2975 706 3028 τοῦ
730 2975 916 3037 παιδὸς
941 2975 1036 3045 τὴν
1059 2975 1381 3046 προσεδρίαν
1403 2975 1490 3027 διὰ
1511 2974 1697 3028 τούτου
1719 2977 1928 3029 ἐπισπώ
1937 2994 2114 3047 μενος.

458 3061 643 3114 Ταῦτα
672 3061 728 3114 δέ
749 3061 1106 3129 γινώσκοντες
1137 3062 1184 3128 δ,
1216 3061 1483 3132 μηδέποτε
1511 3063 1959 3133 ἀπαγορεύωμεν,
1983 3065 2118 3135 μηδέ

460 3148 826 3219 διαλείπωμεν
854 3150 1188 3219 προσιόντες,
1225 3147 1318 3200 καὶ
1354 3150 1450 3212 τὰς
1475 3149 1750 3220 ἱκετηρίας
1782 3151 2115 3220 ποιούμενοι.

461 3235 524 3287 Εἰ
550 3235 660 3306 γάρ
700 3235 791 3287 τὸν
814 3234 962 3303 ώμὸν
986 3235 1190 3286 ἐκεῖνον
1216 3235 1310 3286 καὶ
1345 3234 1529 3302 ἁπηνῆ
1553 3235 1830 3304 δικαστὴν,
1862 3239 1954 3289 καὶ
1982 3239 2117 3308 μήτε

457 3321 550 3376 τὸν
566 3322 697 3374 Θεὸν
727 3319 1076 3390 φοϐούμενον,
1118 3322 1151 3390 ἡ
1193 3321 1484 3391 προσεδρία
1508 3321 1606 3390 τῆς
1635 3322 1891 3389 γυναικὸς
1911 3321 2122 3388 ἐξεϐιά-

461 3426 612 3472 σατο,
645 3411 740 3463 καὶ
767 3409 918 3480 [505]
955 3409 1311 3472 ἐξεκαλέσατο
1340 3411 1418 3470 εἰς
1451 3409 1548 3475 τὴν
1579 3410 1774 3480 ἐαυτῆς
1799 3410 2082 3480 ἀντίληψιν
2102 3428 2116 3443 ·

461 3496 611 3566 πόσῳ
637 3495 835 3565 μᾶλλον
863 3497 1040 3564 ἡμεῖς,
1065 3497 1112 3546 εἰ
1138 3494 1525 3564 βουληθείημεν
1541 3496 1754 3564 ἐκείνην
1780 3498 2118 3568 μιμήσασθαι

459 3584 558 3650 τὴν
589 3583 842 3647 γυναῖκα,
875 3579 965 3632 τὸν
997 3581 1204 3648 ἡμερον
1226 3579 1322 3630 καὶ
1343 3578 1722 3649 φιλάνθρωπον
1746 3581 1904 3650 ἡμῶν
1922 3583 2122 3634 Δεσπό-

457 3683 580 3734 την,
601 3667 690 3719 τὸν
719 3662 1102 3732 εὕσπλαγχνον,
1125 3665 1218 3716 καὶ
1243 3665 1589 3734 ἐπιτρέχοντα
1611 3665 1765 3735 ἡμῶν
1789 3667 1854 3737 τῇ
1881 3669 2122 3739 σωτηρία

459 3750 862 3823 ἐκκαλεσόμεθα
911 3758 1044 3820 πρὸς
1075 3750 1172 3820 τὴν
1213 3751 1416 3803 οἰκείαν
1457 3751 1770 3822 ἁντίληψιν;
1811 3753 2120 3806 Παιδεύσωο

463 3856 563 3909 μεν
600 3839 774 3891 τοίνυν
801 3839 1024 3898 ἑαυτοὺς
1051 3835 1508 3899 δυσαποσπάστως
1536 3837 1696 3906 ἐχειν,
1737 3838 1830 3890 καὶ
1858 3838 2120 3908 διηνεκῶς

459 3937 579 3995 ταῖς
599 3935 921 4002 προσευχαῖς
947 3929 1342 4001 προσηλῶσθαι,
1367 3932 1459 3983 καὶ
1481 3933 1536 3982 ἐν
1562 3932 1740 4000 ἡμέρα
1755 3933 1847 3984 καὶ
1871 3934 1926 3984 ἐν
1946 3935 2117 4000 νυκτὶ,

465 4021 556 4072 καὶ
590 4019 786 4087 μᾶλλον
839 4020 895 4069 ἐν
927 4018 1098 4076 νυκτὶ,
1135 4017 1222 4068 ὅτε
1258 4017 1430 4078 οὐδεὶς
1459 4017 1486 4067 6
1528 4015 1780 4086 ἐνοχλῶν,
1824 4017 1909 4068 ὅτε
1953 4019 2120 4088 πολλὴ

458 4106 568 4161 τῶν
597 4104 867 4175 λογισμῶν
894 4107 926 4174 ἡ
957 4103 1181 4172 γαλήνη.
1215 4104 1300 4155 ὅτε
1327 4102 1490 4170 πολλὴ
1524 4103 1556 4171 ἡ
1592 4103 1808 4172 ἡσυχία,
1835 4103 1928 4156 καὶ
1951 4121 2121 4175 ταρα-

457 4193 559 4258 χῆς
589 4190 746 4253 ἐκτὸς
780 4189 842 4243 τὺ
864 4191 1146 4259 δωμάτιον,
1185 4188 1392 4251 οὐδενὸς
1414 4189 1563 4250 ὄντος
1593 4187 1684 4240 τοῦ
1715 4189 2006 4258 ἐκκροῦσαι
2034 4191 2123 4243 δυ-

461 4277 715 4346 ναμένου,
749 4278 843 4329 καὶ
870 4276 1174 4345 ἀποστῆσαι
1192 4277 1290 4344 τῆς
1323 4275 1604 4345 προσόδου,
1632 4275 1718 4327 ὅτε
1752 4278 2058 4347 συνηρμένη
2095 4289 2116 4316 ο

458 4364 798 4432 τυγχάνουσα
835 4367 869 4432 ἡ
899 4363 1100 4417 διάνοια
1124 4365 1297 4416 πάντα
1341 4364 1472 4434 μετὰ
1505 4363 1787 4435 ἀκριϐείας
1827 4365 2120 4420 ἀναθέσθαι

457 4448 679 4502 δύναται
710 4450 787 4520 τῷ
810 4451 919 4502 τῶν
941 4450 1124 4519 ψυχῶν
1153 4451 1336 4520 ἰατρῷ.
1363 4453 1424 4503 Εἰ
1455 4453 1561 4522 γάρ
1584 4453 1612 4504 6
1643 4452 1910 4522 μακάριος
1935 4453 2116 4520 Δαυῒδ,

459 4536 488 4587 6
516 4537 764 4603 βασιλεὺς
797 4537 931 4606 ὁμοῦ
961 4539 1052 4589 καὶ
1087 4538 1390 4606 προφήτης,
1424 4538 1529 4590 61:6
1568 4539 1833 4592 τοσούτων
1862 4540 2120 4609 ὀχλούμε-

459 4640 547 4686 νος
572 4623 926 4694 πραγμάτων,
952 4625 1043 4675 καὶ
1071 4623 1354 4694 ἁλουργίδα
1377 4623 1471 4676 καὶ
1490 4623 1722 4692 διάδημα
1745 4625 2120 4693 περικείμενος

459 4709 611 4776 ἔλεγε
634 4727 646 4739 ·
667 4711 1071 4763 Μεσονύκτιον
1086 4709 1472 4776 ἐξηγειρόμην
1502 4709 1608 4764 τοῦ
1638 4710 2122 4779 ἐξομολογεῖσθαί

460 4810 558 4847 σοι
578 4794 674 4845 ἐπὶ
693 4796 760 4847 τὰ
783 4797 1032 4862 κρίματα
1062 4794 1167 4859 τῆς
1196 4795 1582 4861 δικαιοσύνης
1614 4811 1752 4850 σου·
1786 4797 1840 4849 τί
1866 4797 1932 4851 ἂν
1953 4799 2122 4850 είποι-

465 4897 564 4949 μεν
591 4881 772 4949 ἡμεῖς,
796 4882 845 4931 οἰ
883 4881 972 4931 τὸν
1005 4879 1268 4933 ἰδιωτικὸν
1301 4881 1394 4932 καὶ
1423 4881 1749 4951 ἀπράγμονα
1774 4882 1886 4951 βίον
1915 4886 2121 4953 μετιόν-

459 4983 574 5027 τες,
601 4967 692 5017 καί
730 4965 860 5034 μηδὲ
890 4965 956 5016 τὰ
1003 4965 1138 5017 αὐτά
1183 4967 1371 5034 ἐκείνῳ
1404 4967 1718 5033 ποιοῦντες;
1765 4969 1977 5038 Ἐπειδὴ
2012 4971 2119 5041 γὰρ

460 5054 518 5104 ἐν
553 5053 732 5122 ἡμέρα
770 5051 935 5104 πολλὰ
976 5047 1116 5120 εἶχεν
1145 5053 1305 5104 αὐτὸν
1333 5053 1399 5106 τὰ
1435 5055 1803 5123 περισπῶντα,
1829 5057 1920 5110 καὶ
1955 5057 2118 5121 πολὺς

458 5136 526 5210 ἦν
556 5143 583 5192 6
613 5141 720 5191 τῶν
763 5139 1098 5208 πραγμάτων
1138 5139 1309 5208 δχλος,
1357 5141 1450 5193 καὶ
1483 5141 1648 5210 πολλὴ
1684 5144 1716 5210 ἡ
1763 5142 1992 5212 ταραχὴ,
2025 5145 2118 5197 καὶ

461 5228 648 5296 καιρὸν
677 5227 772 5294 οὐχ
803 5226 1060 5295 ηὕρισκεν
1100 5226 1397 5294 ἐπιτήδειον
1430 5227 1602 5297 ἐαυτῷ
1631 5229 1764 5298 πρὸς
1801 5231 1898 5298 τὴν
1932 5231 2115 5284 τοιαύ-

459 5330 556 5381 την
591 5311 864 5378 πρόσοδον,
895 5312 986 5362 τὸν
1013 5311 1109 5380 τῆς
1156 5309 1386 5372 ἀνέσεως
1415 5311 1622 5382 καιρὸν,
1653 5313 1711 5364 ὃν
1742 5314 1915 5384 ἕτεροι
1947 5315 2114 5369 ὕπνου

460 5397 735 5449 ποιοῦνται
775 5398 961 5466 καιρὸν
999 5398 1089 5448 ἐπὶ
1120 5397 1227 5448 τῶν
1259 5397 1476 5449 ἁπαλῶν
1507 5400 1840 5468 στρωμάτων
1886 5418 2116 5454 κατακε-

458 5484 723 5552 κλιμένοι,
758 5485 850 5536 καὶ
872 5477 971 5536 ὧδε
1008 5485 1226 5535 κάκεῖσε
1254 5485 1753 5553 περιστρεφόμενοι,
1781 5488 1808 5537 ό
1841 5485 2113 5555 βασιλεὺς,

459 5571 488 5621 6
539 5568 801 5638 τοσαύτην
839 5569 1254 5638 ἀναδεδεγμένος
1304 5569 1575 5636 φροντίδα,
1621 5571 1876 5640 προσόδου
1927 5575 2114 5643 καιρὸν

459 5657 710 5718 ἐποιεῖτο,
747 5657 864 5707 κατ’
907 5656 1038 5706 ἰδίαν
1080 5654 1154 5724 τῷ
1181 5654 1297 5724 Θεῷ
1323 5655 1717 5721 διαλεγόμενος,
1757 5657 1850 5710 καὶ
1894 5659 2113 5731 εἰλικρι-

524 5804 549 5862 ξ
571 5804 769 5859 Quidam
791 5815 904 5849 mm.
932 5802 1023 5862 ἆρα
1051 5801 1368 5861 ἐδυσχέρανεν.

527 5861 554 5898 ι’
573 5865 607 5914 Τ
615 5876 691 5912 res
713 5878 825 5914 mss.
849 5860 1260 5919 ἀναγινώσκοντες.
1326 5865 1347 5894 ε
1373 5860 1467 5912 Ᾱίἱί
1497 5863 1763 5925 συνηγμένη

1234 354 1290 409 S.
1325 350 1609 408 JUANNIS
1641 339 2131 406 οιιιιῖεοετοιιι
2165 338 2484 402 ARCHIEP.
2515 337 3058 402 CONSTANTINOP.

2225 461 2335 523 νεῖς
2357 461 2450 514 καὶ
2467 459 2865 527 συντεταμένας
2889 458 2988 523 τὰς
3009 457 3173 528 εὖχάς
3200 457 3542 526 ποιούμενος,
3568 452 3734 526 ἡνυεν
3751 456 3902 527 lup

2225 543 2410 613 ἡθελε·
2447 545 2540 597 καὶ
2584 544 2675 597 διὰ
2701 543 2809 596 τῶν
2840 540 3156 612 προσευχῶν
3199 540 3401 594 τούτων
3442 541 3570 603 τοὺς
3627 540 3900 610 πολέμους

2227 625 2530 695 κατώρθου,
2561 624 2819 696 τρόπαιον
2850 622 3022 684 ἰστὰς,
3053 624 3146 676 καὶ
3177 623 3331 686 νίκας
3364 624 3544 684 νίκαις
3585 622 3896 674 συνάπτων.

2225 704 2351 778 Εἶχε
2367 709 2436 777 γὰ
2443 727 2475 780 ρ
2488 708 2648 761 ὅπλον
2664 707 2981 778 ἁχείρωτον,
2995 706 3094 774 τὴν
3110 705 3315 759 ἀνωθεν
3329 703 3668 774 συμμαχίαν,
3687 704 3748 754 οὐ
3763 700 3901 771 πρὸς

2221 791 2349 853 τοὺς
2383 791 2531 861 παρὰ
2559 789 2666 844 τῶν
2693 788 2994 859 ἀνθρώπων
3024 786 3295 857 πολέμους
3327 787 3554 858 ἀρκέσαι
3585 785 3900 855 δυναμένην

2229 873 2408 944 μόνον,
2439 872 2575 925 ἀλλά
2605 869 2854 940 καὶπρὸς
2889 869 2984 933 τάς
3008 869 3114 922 τῶν
3134 869 3399 937 δαιμόνων
3425 868 3738 936 φάλαγγας,
3773 863 3904 918 τοῦ,

2225 968 2315 1008 τον
2338 955 2520 1007 τοίνυν
2550 953 2638 1006 καὶ
2667 955 2825 1024 ἡμεῖς
2859 951 3247 1023 μιμησώμεθα,
3289 952 3338 1003 οἰ
3372 951 3578 1004 ἰδιῶται
3610 950 3707 1003 τὸν
3749 949 3904 1017 βασι·

2224 1034 2340 1098 λέα,
2371 1035 2460 1088 τὸν
2493 1034 2818 1104 ἀπράγμονα
2849 1035 2941 1087 καὶ
2973 1033 3196 1104 ἡσύχιον
3230 1032 3343 1104 βίον
3386 1033 3686 1102 μετιόντες,
3724 1033 3822 1086 τὸν
3846 1035 3902 1086 ἐν

2224 1116 2501 1188 ἁλουργίδι
2533 1107 2624 1168 καὶ
2652 1115 2961 1186 διαδήματι,
2992 1116 3083 1169 τὸν
3115 1115 3222 1168 τῶν
3258 1113 3503 1185 μοναχῶν
3544 1112 3660 1182 βίον
3691 1110 3902 1185 ὑπερα-

2224 1198 2561 1251 κοντίσαντα.
2599 1197 2794 1249 ’Δκουε
2822 1195 2931 1265 γὰρ
2956 1197 3116 1250 πάλιν
3153 1193 3316 1250 αὐτοῦ
3341 1193 3573 1265 ἀλλαχοῦ
3610 1195 3898 1263 λέγοντος·

2238 1280 2524 1348 Ἐτενήθη
2579 1277 2651 1332 τὰ
2695 1274 2926 1345 δάκρυά
2969 1296 3089 1348 μου
3131 1279 3260 1346 ἐμοὶ
3297 1278 3476 1346 ἄρεος
3520 1275 3755 1346 ἡμέρας
3804 1281 3902 1333 καί

2225 1363 2464 1426 νυκτός.
2505 1357 2656 1422 Εἶδες
2697 1359 2876 1430 ψυχὴν
2905 1361 2963 1412 ἐν
3001 1358 3238 1429 διηνεκεῖ
3278 1359 3563 1425 κατανύξει
3595 1361 3896 1430 τυγχάνω-

2227 1461 2356 1504 σαν;
2393 1445 2456 1496 Ἢ
2481 1443 2653 1514 τροφή
2684 1461 2808 1513 μου,
2840 1443 3026 1512 φησὶν,
3056 1443 3084 1494 6
3107 1442 3270 1512 ἄρτος
3301 1459 3425 1511 μου,
3453 1443 3485 1512 ἡ
3519 1444 3768 1507 ἐστίασίς
3800 1462 3900 1513 μου

2224 1526 2372 1579 οὐδὲν
2399 1527 2584 1594 ἕτερον
2608 1521 2696 1596 ἡν,
2718 1525 2751 1595 ἡ
2779 1524 2847 1576 τά
2865 1524 3076 1594 δάκρυά
3107 1541 3206 1593 μου
3233 1524 3291 1575 ἐν
3310 1524 3463 1576 νυκτὶ
3489 1526 3584 1577 καὶ
3608 1526 3670 1576 ἐν
3691 1527 3896 1596 ἡμέρᾳ.

2225 1608 2332 1662 Καὶ
2363 1607 2544 1668 πάλιν,
2587 1607 2910 1660 Ἐκοπίασα
2937 1604 3007 1659 ἐν
3051 1604 3131 1671 τῷ
3157 1605 3471 1676 στεναγμῷ
3506 1623 3648 1674 μου,
3691 1609 3899 1660 λοὺσω

2225 1690 2351 1743 καθ’
2391 1688 2656 1754 ἑκάστην
2700 1685 2890 1741 νύκτα
2937 1686 3052 1754 τὴν
3101 1687 3320 1754 κλίνην
3362 1705 3502 1757 μου.
3553 1689 3619 1741 Τί
3662 1687 3900 1758 ἐροῦμεν

2224 1771 2382 1843 ἡμεῖς
2419 1773 2451 1840 ἡ
2500 1773 2552 1825 τί
2594 1769 3064 1841 ἀπολογησόμεθα,
3093 1769 3212 1822 οὐδέ
3245 1770 3344 1839 τὴν
3392 1770 3511 1840 ίσην
3547 1770 3625 1841 τῷ
3690 1771 3900 1840 βασιλΞί

2223 1853 2299 1923 τῷ
2331 1854 2434 1907 ὐπὸ
2464 1855 2730 1906 τοσούτων
2769 1853 3109 1925 πραγμάτων
3155 1852 3560 1924 περισπωμένῳ
3603 1855 3898 1920 κατάνυξιν

2225 1936 2591 2001 ἐπιδείξασθαι
2628 1935 2972 2004 βουλόμενοι;
3009 1934 3072 1986 Τί
3103 1933 3232 2004 γὰρ,
3272 1934 3392 1986 εἰπέ
3418 1951 3528 2004 μοι,
3557 1934 3667 1987 τῶν
3699 1935 3898 2002 ὀφθαλ-

2227 2015 2343 2084 μῶν
2389 2017 2610 2068 ἐκείνων
2649 2015 2974 2085 ὠραιότερον
3015 2015 3123 2066 τῶν
3169 2013 3274 2066 ύπὸ
3305 2014 3403 2083 τῆς
3457 2016 3739 2084 συνεχείας
3791 2015 3898 2068 τῶν

2221 2096 2490 2167 δακρύων,
2526 2097 2774 2166 καθάπερ
2807 2096 2911 2148 61:6
2942 2094 3296 2166 μαργαριτῶν
3325 2113 3507 2158 τινων,
3554 2097 3900 2149 κεκαλλωπι-

2224 2180 2469 2248 σμένων;
2502 2176 2651 2239 Εἶδες
2679 2178 2768 2230 τὸν
2817 2177 3040 2258 βασιλέα
3091 2179 3186 2229 καὶ
3213 2178 3272 2230 ἐν
3299 2181 3455 2230 νυκτὶ
3491 2179 3580 2230 καὶ
3610 2181 3669 2231 ἐν
3714 2181 3901 2249 ἡμέρα

2222 2262 2476 2332 δακρύοις
2500 2262 2593 2314 καὶ
2625 2262 2806 2330 εὐχαῖς
2837 2261 3026 2315 ἐαυτὸν
3049 2261 3384 2315 ἐκδεδωκότα
3400 2278 3414 2292 °
3440 2262 3542 2333 δρα
3566 2262 3661 2315 καὶ
3687 2264 3780 2315 τὸν
3803 2265 3900 2333 τῆς

2223 2345 2546 2414 οἰκουμένης
2597 2343 2910 2397 διδάσκαλον
2959 2345 3018 2396 ἐν
3071 2344 3428 2414 δεσμωτηρίῳ
3477 2343 3896 2413 καθειργμένον,

2225 2428 2319 2480 καὶ⁵
2351 2427 2474 2489 τοὺς
2507 2425 2671 2486 πόδας
2703 2424 2895 2494 έχοντα
2931 2425 2988 2477 ἐν
3020 2424 3096 2494 τῷ
3127 2424 3266 2494 ξύλῳ
3295 2425 3754 2495 προσδεδεμένους
3781 2426 3897 2494 ἅμα

2223 2509 2301 2576 τῷ
2334 2508 2482 2578 Σίλᾳ,
2511 2508 2606 2560 καὶ
2639 2505 2726 2560 διὰ
2748 2507 2928 2574 πάσης
2957 2508 3054 2576 τῆς
3074 2509 3268 2570 νυκτὸς
3289 2507 3745 2578 προσευχόμενον,
3775 2509 3896 2560 οὕτε

2223 2591 2327 2644 61:6
2351 2591 2449 2661 τῆς
2475 2588 2831 2660 όδύνης,οὕτε
2860 2589 2963 2643 61:6
2991 2589 3097 2644 τῶν
3124 2590 3336 2660 δεσμῶν
3366 2590 3730 2661 κωλυόμενον,
3763 2591 3900 2644 ἀλλά

2219 2673 2392 2742 ταύτῃ
2442 2671 2636 2742 μᾶλλον
2668 2670 2818 2742 [504]
2867 2671 3031 2725 πολὺν
3077 2673 3171 2724 καὶ
3221 2672 3548 2743 θερμότερον
3599 2673 3695 2726 τὸν
3735 2674 3899 2726 πόθον

2222 2753 2662 2825 ἐπιδεικνύμενον
2703 2755 2794 2808 τὸν
2829 2755 2956 2826 περί
2996 2754 3086 2808 τὸν
3126 2754 3440 2825 Δεσπότηνο
3483 2754 3729 2821 Παῦλος
3764 2756 3896 2826 γὰρ,

2223 2837 2376 2906 φησὶ,
2402 2838 2498 2891 καί
2524 2838 2707 2902 Σίλας
2727 2837 2876 2890 κατὰ
2905 2837 2969 2890 τὸ
2995 2837 3397 2906 μεσονύκτιον
3419 2839 3898 2907 προσευχόμενοι

2221 2919 2454 2988 ὕμνουν
2491 2919 2596 2972 τὸν
2629 2919 2796 2973 Θεόν.
2839 2920 2895 2973 '0
2923 2917 3085 2972 Δαυτδ
3119 2919 3176 2971 ἐν
3207 2919 3454 2990 βασιλείᾳ
3482 2921 3576 2972 καὶ
3603 2921 3898 2990 διαδήματι

2221 2998 2476 3068 δακρύοις
2523 2998 2615 3051 καὶ
2645 2997 2828 3067 εὐχαῖς
2870 2997 3084 3051 ἀπαντα
3128 2998 3219 3050 τὸν
3251 2998 3364 3065 βίον
3408 2998 3842 3069 κατανήλισκεν·
3871 3002 3898 3052 6

2219 3077 2560 3140 ’Λπόστολος,
2593 3073 2622 3127 6
2648 3077 2726 3140 εἰς
2753 3076 2932 3146 τρίτον
2959 3075 3186 3146 οὐρανὸν
3202 3076 3492 3146 ἁρπαγεὶς,
3526 3081 3555 3131 6
3587 3077 3698 3131 τῶν
3727 3080 3899 3149 ἀπορ⁶

2226 3156 2401 3225 ρήτων
2428 3153 2674 3219 ἀξιωθεὶς
2709 3154 3041 3224 μυστηρίων,
3072 3155 3130 3207 ἐν
3167 3153 3383 3224 δεσμοῖς
3428 3156 3717 3225 τυγχάνων
3755 3158 3897 3210 κατά

2225 3235 2282 3287 τὸ
2311 3234 2471 3304 μέσον
2497 3237 2592 3304 τῆς
2633 3233 2819 3294 νυκτὸς
2849 3233 3153 3303 προσευχὰς
3188 3234 3281 3287 καὶ
3324 3233 3524 3305 ὕμνους
3559 3236 3790 3306 ἀνέφερε
3820 3235 3897 3306 τῷ

2224 3314 2501 3386 Δεσπότῃο
2553 3313 2647 3365 καὶ
2694 3314 2722 3364 ό
2781 3311 3030 3380 βασιλεὺς
3084 3311 3432 3382 μεσονύκτιον
3488 3312 3894 3384 ἐξεγειρόμενος

2224 3390 2629 3459 ἐξωμολογεῖτο,
2655 3390 2747 3441 καὶ
2773 3391 2820 3441 οἰ
2851 3389 3134 3441 ἀπόστολοι
3167 3389 3305 3442 κατὰ
3328 3390 3388 3442 τὸ
3418 3390 3772 3459 μεσονύκτιον
3803 3394 3894 3445 ἐκ·

2221 3471 2394 3530 τενεῖς
2426 3464 2523 3530 τὰς
2558 3467 2860 3540 προσευχὰς
2894 3467 2986 3519 καὶ
3030 3468 3155 3528 τοὺς
3187 3466 3387 3537 ὕμνους
3432 3469 3731 3524 ἐποιοῦντο.
3762 3470 3896 3524 Τού-

2221 3565 2346 3610 τους
2378 3546 2740 3616 μιμησώμεθα
2769 3547 2860 3600 καὶ
2892 3547 3072 3614 ἡμεῖς,
3104 3547 3196 3599 καὶ
3219 3549 3282 3616 τῇ
3315 3547 3561 3617 συνεχείᾳ
3588 3548 3698 3600 τῶν
3726 3567 3894 3619 προσ-

2225 3627 2398 3694 ευχῶν
2442 3627 2767 3694 τειχίζωμεν
2813 3627 2971 3695 ἡμῶν
3028 3627 3125 3697 τὴν
3170 3624 3349 3695 ζωὴν,
3405 3627 3497 3679 καὶ
3546 3627 3717 3696 μηδέν
3762 3632 3893 3698 ἡμῖν

2224 3721 2353 3757 ποτε
2386 3704 2612 3773 κώλυμα
2657 3703 2913 3771 γενέσθω.
2950 3704 3113 3758 οὐδὲν
3146 3707 3253 3773 γάρ
3285 3707 3432 3757 ἐστιν
3469 3707 3600 3774 ἡμῖν
3646 3706 3707 3758 :6
3739 3707 3894 3762 δυνά-

2227 3799 2385 3852 μενον
2411 3783 2718 3850 ἐμποδίσαι,
2737 3782 2830 3835 ἐάν
2850 3783 3127 3852 νήφωμεν.
3152 3783 3243 3853 Μὴ
3270 3781 3380 3853 γὰρ
3403 3783 3569 3835 τόπου
3594 3785 3888 3856 χρῄζομεν,

2224 3860 2256 3931 ἡ
2287 3859 2512 3930 καιροῦ;
2546 3861 2657 3922 Πᾶς
2686 3859 2870 3922 τόπος,
2906 3861 3012 3922 πᾶς
3053 3860 3241 3931 καιρὸς
3268 3861 3569 3929 ἐπιτήδειος
3597 3865 3733 3931 ἡμῖν
3761 3866 3890 3936 πρὸς

2222 3939 2320 4006 τὴν
2363 3937 2616 4007 τοιαύτην
2656 3937 2933 4009 πρόσοδον.
2985 3939 3182 3990 ’Δκουε
3227 3939 3336 4010 γάρ
3381 3939 3542 3991 πάλιν
3591 3941 3759 3993 αὐτοῦ
3799 3944 3889 3995 τοῦ

2221 4021 2538 4074 διδασκάλου
2567 4021 2662 4088 τῆς
2701 4021 3022 4091 οἰκουμένης
3061 4019 3337 4088 λέγοντος’
3381 4021 3482 4073 Ἐν
3510 4022 3689 4074 παντί
3734 4025 3890 4088 τόπῳ

2225 4100 2567 4164 ἐπαίροντες
2608 4098 2816 4163 ὁσίους
2850 4098 3051 4166 χεῇοας
3083 4097 3258 4166 χωρίς
3285 4098 3470 4167 ὁρτῆς
3503 4099 3595 4151 καί
3633 4098 3888 4166 διπλοῖ-ιο

2223 4177 2402 4245 σμοῦ.
2437 4177 2532 4228 “Av
2553 4175 2652 4242 τὴν
2683 4175 2917 4227 διάνοιαν
2943 4177 3069 4245 ἔχῃς
3095 4175 3504 4245 καθαρεύουσαν
3536 4177 3646 4229 τῶν
3673 4179 3890 4230 ἀτόπων

2225 4253 2433 4315 παθῶν,
2465 4251 2566 4306 κᾶν
2598 4254 2654 4303 ἐν
2685 4253 2860 4321 ἀγορᾷ
2891 4247 2977 4323 ᾖς,
3013 4251 3117 4303 κᾶν
3139 4254 3195 4302 ἐν
3219 4251 3385 4320 οἰκία,
3415 4252 3520 4305 κᾶν
3547 4254 3603 4304 ἐν
3629 4255 3755 4323 ὁδῷ,
3787 4257 3888 4308 κᾶν

2221 4335 2281 4386 ἐν
2309 4331 2642 4400 δικαστηρίῳ
2679 4330 2982 4400 παρεστὼς,
3013 4329 3114 4402 κᾶν
3143 4330 3199 4380 ἐν
3225 4327 3488 4402 θαλάσσῃ,
3520 4331 3620 4384 κᾶν
3659 4335 3717 4385 ἐν
3753 4351 3888 4386 παν-

2220 4409 2428 4478 δοχείῳι
2457 4406 2560 4459 κᾶν
2587 4409 2672 4459 ἐπ’
2716 4408 3058 4478 ἐργαστηρίῳ
3086 4401 3152 4479 ᾖς
3195 4401 3458 4477 ἑστηκὼς,
3505 4409 3606 4461 κᾶν
3645 4412 3888 4484 ὅπουπερ

2222 4488 2286 4542 ἂν
2321 4484 2406 4557 ᾖς,
2451 4486 2652 4556 δυνήσῃ
2693 4485 2784 4536 τὸν
2823 4484 2954 4538 Θεὸν
2989 4484 3221 4547 καλέσας
3273 4487 3547 4554 ἐπιτυχεῖν
3595 4488 3693 4558 τῆς
3745 4494 3890 4560 αἰτή.

2225 4581 2380 4626 σεως.
2415 4565 2589 4630 Ὅπερ
2624 4561 2840 4625 εἰδότες,
2869 4562 3188 4631 παρακαλῶ,
3219 4563 3354 4630 μετὰ
3382 4563 3482 4631 τῆς
3517 4567 3772 4634 νηστείας
3795 4572 3888 4624 καὶ

2224 4642 2322 4710 τῆς
2370 4639 2674 4710 προσευχῆς
2708 4640 2807 4707 τὴν
2860 4640 3144 4709 ἀκρίϐειαν
3193 4639 3606 4710 ἐπιδειξώμεθα,
3644 4648 3739 4697 καὶ
3791 4648 3888 4717 τὴν

2223 4717 2468 4771 ἐντεῦθεν
2503 4717 2812 4785 συμμαχίαν
2861 4717 3072 4780 ἑαυτοῖς
3099 4719 3594 4788 κατασκευάσωμεν
3615 4738 3631 4753 ο
3667 4723 3753 4775 ἵνα
3792 4727 3888 4794 τῆς

2225 4797 2354 4867 παρ’
2397 4795 2559 4848 αὐτοῦ
2607 4795 2776 4872 ῥοπῆς
2815 4796 3141 4866 ἀξιούμενοι,
3191 4797 3282 4849 καὶ
3333 4798 3422 4849 τόν
3479 4800 3723 4869 παρόντα
3777 4805 3886 4872 βίον

2222 4875 2524 4944 εὐαρέστως
2555 4869 2698 4943 αὐτῷ
2726 4872 3082 4944 διανύσωμεν,
3115 4877 3207 4927 καὶ
3240 4876 3295 4927 ἐν
3323 4875 3400 4944 τῷ
3428 4877 3671 4944 μέλλοντι
3698 4869 3886 4947 φιλαν-

2223 4953 2466 5022 θρωπίας
2516 4952 2659 5014 τινὸς
2691 4952 3032 5020 ἀξιωθῶμεν,
3082 4953 3265 5021 χάριτι
3319 4955 3410 5004 καί
3440 4956 3748 5025 οἰκτιρμοῖς
3793 4962 3884 5013 τοῦ

2223 5030 2423 5100 Κυρίου
2456 5029 2623 5108 ἡμῶν,
2673 5031 2844 5099 Ἰησοῦ
2884 5030 3140 5108 Χριστοῦ,
3175 5030 3294 5099 μεθ’
3322 5026 3382 5083 οὕ
3423 5033 3500 5100 τῷ
3538 5035 3734 5104 Πατρὶ,
3772 5039 3883 5108 ἀμα

2221 5109 2298 5178 τῷ
2322 5110 2459 5178 ἁγίῳ
2491 5107 2786 5176 Πνεύματι,
2819 5107 2964 5171 δόξα,
2996 5108 3210 5178 κράτος,
3237 5109 3390 5179 τιμὴ,
3418 5110 3514 5163 νῦν
3541 5113 3633 5166 καὶ
3660 5115 3768 5180 ἀεὶ,
3793 5117 3883 5170 καὶ

2220 5190 2300 5251 εἰς
2330 5189 2454 5249 τοὺς
2486 5187 2687 5249 αἰῶνας
2721 5185 2828 5238 τῶν
2864 5187 3090 5239 αἰώνων.
3135 5187 3322 5257 Ἀμήν.

2834 5269 3075 5322 υΜίΛΙΔ
3125 5271 3250 5321 AA'.

2219 5353 2328 5408 Καὶ
2365 5353 2557 5424 ἐλαϐεᾲ
2572 5350 2766 5424 (itif-15a
2798 5350 3155 5424 {dy-"146'pr
3200 5352 3298 5424 καί
3341 5353 3448 5424 τὸν
3477 5355 3692 5422 Ναχώρ
3745 5358 3884 5424 τοὺς

2287 5422 2452 5491 viai};
2493 5419 2700 5491 αὐτοῦ,
2737 5419 2834 5491 καί
2875 5420 2980 5491 τόν
3013 5420 3138 5491 Λὼτ
3183 5421 3290 5491 τὸν
3341 5423 3476 5474 υἱόν
3782 5419 3883 5481 τοῦ

2288 5490 2422 5544 υίοῦ
2460 5489 2664 5559 αὐτοῦ,
2718 5489 2814 5540 καὶ
2856 5489 2969 5553 τὴν
2997 5490 3192 5557 Σάραν
3225 5490 3340 5556 τὴν
3369 5489 3628 5559 ,νύμφην
3673 5497 3881 5558 αὐτοῦ,

2287 5559 2553 5634 γυναῖκα-
2572 5557 2640 5610 δὲ
2674 5559 2894 5634 ξΑϐραμ
2921 5559 3024 5612 τοῦ
3045 5559 3191 5634 311ml
3203 5558 3390 5634 αὐτοῦ
3411 5576 3424 5590 ’
3452 5557 3550 5613 καί
3588 5557 3879 5634 ἐξήγαγεν

2286 5625 2506 5700 αὐτοὺς
2529 5625 2752 5700 eum:
2770 5627 2969 5700 χώρας
2999 5627 3115 5679 τῶν
3145 5628 3497 5700 Χαζδαίιι»,
3515 5625 3880 5700 πορευθῆναι

2287 5703 2374 5764 εἱς
2401 5699 2516 5767 γῆν
2545 5695 2663 5769 τῶν
2707 5693 3080 5769 Χαναναίων·
3114 5696 3209 5752 καί
3239 5693 3425 5768 ἦλθεν
3469 5693 3876 5769 ἐῶς’Χαρῤὰν,

2286 5770 2384 5822 καί
2411 5765 2758 5831 κατῴκησεν
2787 5765 2927 5818 ἐκεῖ.

2291 5851 2830 5924 α’.ῐ1ολλὰςύμῖνὲχω
2851 5853 3095 5924 χάριτας,
3142 5854 3223 5910 ὅτι
3268 5871 3325 5908 τε
3375 5854 3494 5927 μεθ’
3535 5854 3728 5926 ἡδονῆς
3769 5857 3873 5910 ea.
