4080 6484
180 387 282 442 εει

170 497 362 567 rogaui
393 495 468 567 (Ξ.
496 495 612 553 Cor.
649 496 736 552 12.
760 497 836 568 8).
865 495 992 563 Ter,
1026 496 1077 552 ld
1103 507 1214 563 est,
1263 499 1470 552 vocavit
1518 513 1662 568 smpe
1707 509 1762 554 et

180 605 292 644 non
324 590 642 660 impetravit.
671 591 959 646 Videamus
981 606 1108 661 ergo
1130 592 1398 661 quomodo
1418 591 1639 646 allectus
1655 590 1768 646 lue-

178 682 276 735 rit.
305 680 438 736 Num
466 681 724 751 gravatim
753 682 903 736 tulit?
937 697 1061 736 num
1087 683 1300 752 segnior
1328 682 1464 736 fuit?
1491 699 1619 736 num
1665 681 1769 736 ob-

183 772 422 839 torpuit?
459 771 693 826 Minime.
725 771 831 826 Sed
856 772 982 842 quid
1005 771 1217 841 inquit?
1253 771 1388 826 Dixit
1420 790 1433 827 :
1465 771 1662 842 διῄει-ει
1684 772 1771 826 tibi

184 862 356 930 gratio
383 878 514 915 mea.
569 859 744 916 Virtus
788 864 920 916 enim
952 877 1063 915 mea
1092 862 1144 915 in
1171 862 1464 930 inﬁrmitate
1511 862 1771 932 perﬁcitur

184 950 352 1022 (Ibid.
384 968 433 1005 υ.
459 952 538 1021 9).
569 953 682 1008 Non
707 955 878 1008 solum
908 969 1012 1010 non
1042 954 1284 1008 liberavit
1321 955 1468 1008 illum
1490 955 1771 1023 przesonti-

185 1043 288 1097 bus
314 1045 489 1107 malis,
539 1045 634 1100 sed
666 1046 718 1099 in
769 1046 900 1115 ipsis
930 1059 1272 1114 perseverare
1307 1046 1566 1115 permisit.
1604 1047 1769 1101 Esto:

183 1132 286 1186 sed
337 1135 475 1190 unde
499 1135 752 1190 discimus
777 1151 901 1189 cum
945 1151 1052 1190 non
1099 1138 1332 1206 graviter
1375 1137 1596 1191 tulisse?
1635 1135 1771 1190 Audi

188 1224 412 1280 Paulum
432 1225 719 1292 dicentem,
771 1234 1051 1296 postquam
1081 1226 1264 1282 didicit
1290 1242 1354 1281 ea
1375 1242 1500 1296 qua:
1546 1223 1772 1282 Domino

187 1313 380 1382 placita
419 1323 574 1369 erant
603 1332 616 1370 :
644 1315 880 1370 Libenter
905 1316 1061 1386 igitur
1085 1317 1345 1387 gloriabor
1372 1319 1424 1371 in
1457 1317 1770 1388 inﬁrmitati-

187 1405 280 1458 bus
303 1404 445 1459 meis.
476 1404 591 1460 Non
633 1406 827 1468 solum,
865 1407 1056 1475 inquit,
1105 1407 1359 1477 deinceps
1399 1408 1611 1461 liberari
1665 1422 1770 1462 non

188 1495 422 1564 requiro,
449 1498 540 1551 sed
569 1506 621 1551 et
644 1498 829 1566 majori
854 1500 1122 1568 voluptate
1149 1499 1199 1567 gl
1223 1500 1416 1553 triabor
1438 1500 1490 1553 in
1516 1499 1642 1553 illis.
1684 1499 1773 1554 Vi-

187 1583 314 1636 disti
339 1593 538 1654 gratam
567 1587 838 1640 animam?
883 1589 1059 1641 vidisti
1081 1589 1198 1657 ejus
1224 1589 1274 1642 in
1308 1589 1470 1642 Deum
1502 1590 1773 1643 amorem?

184 1673 327 1727 Audi
347 1675 505 1727 etiam
523 1676 789 1730 dicentem
820 1693 833 1730 :
873 1676 1010 1740 Quid
1039 1680 1170 1730 enim
1197 1695 1460 1746 precemur
1481 1687 1532 1731 ιιι
1557 1687 1770 1748 oportet,

184 1766 435 1819 nescimus
462 1766 640 1836 (Rom.
665 1768 720 1822 8.
742 1768 854 1837 36).
887 1769 1240 1838 Impossibilc,
1289 1771 1480 1839 inquit,
1508 1780 1611 1835 est,
1651 1787 1772 1826 cum

185 1869 290 1908 nos
319 1857 560 1911 homines
614 1859 801 1924 simus,
847 1859 1025 1912 omnia
1056 1867 1204 1912 ctrto
1247 1861 1406 1913 scire.
1450 1859 1775 1929 Relinquen-

184 1947 315 2000 dum
347 1963 475 2018 ergo
515 1949 615 2004 hoc
638 1959 720 2003 est
756 1951 996 2003 omnium
1043 1949 1360 2014 Conditori;
1407 1951 1775 2019 sumendaque

185 2048 313 2091 sunt
346 2054 468 2092 curn
492 2040 683 2108 gaudio
705 2050 759 2094 et
799 2041 1067 2110 voluptate
1087 2053 1438 2108 qua‘cumquc
1460 2040 1574 2109 ipse
1601 2040 1777 2094 \olut--

187 2127 306 2192 rit;
340 2145 438 2183 nec
485 2130 830 2198 spectandum
861 2131 927 2184 ad
984 2130 1218 2198 speciem
1261 2145 1446 2183 eorum
1497 2145 1618 2199 qua:
1648 2147 1775 2186 cvi--

189 2219 364 2282 niunt,
388 2218 479 2272 sed
509 2220 635 2288 quid
663 2231 938 2290 acceptum
964 2221 1029 2273 sit
1059 2219 1300 2273 Domino.
1322 2220 1420 2287 Qui
1442 2221 1585 2275 enim
1611 2221 1776 2290 magis

185 2310 290 2362 scit
325 2308 448 2378 quid
474 2309 626 2363 llObii
655 2313 837 2378 prosit,
866 2325 1021 2379 quam
1054 2309 1150 2379 ipsi
1180 2323 1298 2376 nos,
1320 2311 1434 2379 ipse
1461 2310 1612 2364 novit
1640 2327 1774 2378 quo-

188 2399 350 2451 modo
378 2399 518 2453 salus
540 2416 574 2454 ιι
597 2412 720 2454 istra
745 2401 1000 2469 paranda.

261 2487 314 2539 6.
356 2487 602 2541 Nostrum
634 2504 762 2557 ergo
809 2505 969 2543 unum
1017 2491 1084 2542 sit
1129 2504 1281 2560 opus,
1311 2489 1582 2542 centinuis
1645 2489 1777 2542 insi-

186 2587 333 2631 atere
364 2578 626 2647 precibus,
659 2589 714 2633 et
742 2595 847 2634 non
883 2595 1024 2647 a-gre
1068 2579 1206 2634 ferre
1244 2580 1288 2632 si
1319 2581 1592 2634 dilferatur
1635 2582 1776 2649 quod

189 2668 446 2734 petimus,
496 2670 588 2721 sed
641 2669 859 2722 inultam
904 2670 1211 2738 patientiam
1260 2669 1534 2724 exhibere.
1588 2671 1771 2740 Neque

192 2756 336 2810 enim
383 2758 621 2812 :bnuetts
648 2773 834 2827 preces
878 2768 1087 2813 nostras
1114 2759 1291 2812 dilfert
1336 2777 1349 2813 :
1391 2759 1484 2814 sed
1531 2760 1632 2814 hac
1665 2772 1780 2814 arte

188 2846 322 2900 sedu
344 2860 408 2900 os
431 2861 528 2901 nos
556 2847 818 2913 el’ticiets,
862 2849 929 2901 ad
959 2849 1302 2918 semetipsum
1331 2860 1584 2919 perpetuo
1610 2859 1780 2904 attra-

193 2939 322 2992 hcre
354 2940 482 2992 Vult.
523 2938 654 2992 Nam
695 2951 745 2994 et
780 2950 928 3008 pater
957 2941 1121 3008 prolis
1163 2955 1350 2994 amans
1379 2957 1500 2994 cum
1546 2957 1576 2995 a
1616 2955 1782 3011 puero

188 3038 428 3098 rogatur,
455 3031 661 3096 abnuit,
686 3046 790 3084 non
831 3031 972 3100 quod
1003 3031 1132 3084 dare
1172 3032 1325 3094 ttulit,
1370 3034 1462 3084 sed
1493 3043 1548 3086 ιιι
1573 3033 1639 3085 ad
1669 3031 1779 3085 diu.

191 3121 297 3172 tius
320 3118 633 3174 adstandum
662 3122 952 3190 pertrahat.
982 3119 1108 3174 llazc
1135 3122 1311 3190 itaque
1343 3122 1572 3175 scientes
1593 3135 1660 3175 ne
1681 3122 1780 3176 de-

191 3226 493 3280 speremus,
513 3229 580 3267 ne
602 3228 874 3268 cessemus
890 3228 1010 3267 eum
1034 3212 1210 3278 adire,
1243 3225 1296 3267 et
1323 3228 1509 3283 preces
1539 3214 1779 3268 fundere.

190 3306 400 3360 Etenim
427 3306 470 3358 si
491 3307 762 3362 crudelem
785 3318 838 3361 et
865 3307 1212 3360 inhumanum
1237 3307 1383 3360 illum
1411 3307 1668 3377 judicem,
1690 3307 1779 3376 qui

187 3422 364 3476 neque
387 3409 550 3462 Deum
571 3407 809 3472 timebat,
833 3407 1069 3461 mulieris
1084 3403 1339 3458 sedulitas
1358 3401 1553 3470 coegit,
1578 3411 1628 3454 ct
1658 3415 1782 3468 pro-

189 3499 397 3552 vocavit
419 3508 472 3551 ut
498 3497 597 3552 sibi
625 3506 958 3552 succurreret
986 3495 1137 3567 (Luc.
1165 3493 1326 3550 ιελ.
1353 3509 1458 3561 sqq.
1485 3495 1502 3560 )
1537 3509 1551 3544 :
1585 3499 1783 3559 quanto

187 3590 360 3660 magis
403 3604 536 3655 nos,
582 3590 625 3644 si
668 3590 994 3644 voluerimus
1044 3589 1184 3643 illam
1233 3584 1424 3640 imitari
1477 3583 1779 3646 mulierem,

188 3679 264 3734 ad
311 3680 676 3749 opitulandum
711 3681 876 3746 nobis
904 3679 1314 3747 provocabimus
1344 3683 1679 3729 mansuetum
1726 3681 1783 3726 et

185 3771 592 3829 misericordem
626 3783 866 3827 nostrum
912 3772 1215 3835 Dominum,
1251 3769 1682 3838 compatientetu,
1730 3772 1785 3817 et

185 3862 262 3917 ad
286 3864 513 3917 salutem
545 3873 779 3917 nostram
805 3846 1347 3917 occurrentem‘iiNos
1375 3874 1504 3928 ergo
1531 3859 1779 3911 institua-

187 3968 333 4019 mus,
385 3964 440 4008 ιιι
474 3953 690 4010 dillicile
737 3955 1063 4022 avellatnur,
1120 3964 1173 4008 et
1219 3963 1476 4023 perpetuo
1532 3950 1783 4020 precibus

191 4045 583 4108 incumbamus,
614 4055 718 4099 tam
746 4045 852 4109 die,
877 4045 1035 4115 quam
1062 4053 1251 4108 noctu;
1277 4043 1384 4098 imo
1405 4043 1572 4108 magis
1599 4049 1785 4108 noctu,

184 4136 408 4206 quando
431 4137 608 4191 nullus
635 4138 972 4202 interturbat,
1003 4136 1217 4206 quando
1260 4149 1450 4203 magna
1503 4133 1782 4203 cogitatio-

191 4243 322 4282 num
371 4228 756 4298 tranquiliitas,
810 4228 1024 4298 quando
1071 4227 1247 4282 nullus
1299 4225 1443 4282 domi
1495 4223 1776 4288 tumultus.

188 4320 408 4388 quando
462 4323 634 4376 nullus
673 4329 757 4376 est
783 4322 870 4391 qui
899 4321 968 4374 ab
997 4335 1212 4375 accessu
1236 4319 1509 4389 prohibeat
1535 4329 1588 4372 et
1611 4317 1780 4370 abdu-

189 4422 302 4478 cat,
331 4413 541 4481 quando
562 4424 745 4468 erecta
767 4429 920 4467 mens
939 4413 1116 4467 omnia
1151 4413 1434 4481 diligenter
1463 4408 1664 4464 referre
1688 4425 1783 4477 po-

195 4511 306 4556 test
330 4503 627 4558 animarum
657 4504 886 4558 medico.
915 4505 972 4558 Si
1021 4505 1163 4558 euitn
1215 4505 1401 4556 beatus
1453 4501 1638 4563 David,
1692 4515 1784 4552 rex

192 4596 355 4650 simul
371 4611 433 4652 ac
459 4597 734 4666 propheta,
755 4599 914 4652 tantis
944 4596 1228 4666 implicitus
1263 4594 1511 4664 negotiis,
1549 4607 1782 4662 purpura

193 4696 253 4742 et
280 4686 578 4741 diademate
607 4689 831 4741 aruit-tus
855 4729 869 4752 ,
903 4688 1042 4742 dicat
1073 4706 1086 4742 :
1117 4687 1288 4740 Media
1333 4695 1476 4738 nocte
1520 4682 1785 4752 surgebam

193 4778 267 4830 ml
285 4777 622 4845 conﬁtendum
647 4777 732 4831 tibi
753 4779 1108 4847 superjndicia
1123 4778 1338 4848 justitiae
1352 4787 1452 4829 tuae
1480 4773 1681 4845 (Psal.l
1700 4773 1782 4827 l8.

196 4867 293 4935 σε)
330 4885 343 4920 :
371 4867 498 4936 quid
528 4883 625 4920 nos
652 4867 888 4922 dicemus
914 4870 1003 4936 qui
1035 4868 1288 4936 privatam
1332 4876 1387 4920 et
1435 4867 1658 4918 otiosam
1705 4870 1784 4915 vi-

200 4967 312 5010 tam
339 4957 560 5025 agimus,
619 4971 790 5024 neque
841 4957 1027 5010 eadem
1059 4972 1176 5025 qua:
1227 4957 1314 5009 ile
1352 4953 1614 5007 facimus?
1653 4952 1708 5006 Ν.
1732 4969 1784 5006 tn

211 5061 336 5100 cum
359 5048 408 5099 in
436 5045 523 5100 die
549 5045 731 5099 multis
753 5047 1175 5101 circumtlaretur
1217 5047 1379 5106 curis,
1429 5047 1652 5113 negotiis
1673 5087 1686 5107 ,
1735 5055 1788 5098 et

204 5139 538 5205 tumultibus,
564 5155 659 5193 nec
684 5148 892 5209 tempus
917 5143 1180 5196 inveniret
1207 5151 1384 5209 aptum
1406 5155 1502 5194 suo
1525 5143 1589 5194 ad
1622 5141 1786 5194 Deum

201 5230 463 5290 secessui.
499 5229 890 5301 tranquillitatis
921 5244 1146 5302 tempus,
1187 5234 1325 5301 quod
1353 5233 1439 5285 alii
1467 5248 1656 5287 somno
1684 5235 1784 5288 im-

206 5321 446 5388 pendunt
471 5323 522 5375 in
570 5324 815 5378 mollibus
851 5327 1032 5378 stratis
1059 5327 1449 5391 recumbentes,
1482 5337 1534 5379 et
1565 5326 1686 5381 hinc
1734 5337 1788 5381 et

207 5412 332 5467 inde
371 5428 429 5467 se
456 5427 749 5482 versantes,
791 5433 884 5472 rex
929 5419 1089 5471 tantis
1128 5419 1402 5472 districtus
1430 5420 1593 5478 curis.
1630 5434 1783 5473 acce-

207 5503 368 5556 dendi
395 5503 460 5556 ad
486 5504 650 5558 Deum
673 5517 879 5574 tempus
901 5505 1146 5570 faciebat,
1173 5509 1394 5561 seorsim
1420 5509 1526 5562 Deo
1543 5508 1783 5575 loquens,

209 5604 265 5645 et
308 5596 530 5648 sincerm
577 5595 893 5665 intentmque
923 5598 1213 5666 precationi
1257 5599 1486 5660 deditus,
1543 5599 1785 5666 perlicie-

213 5684 301 5736 hat
329 5700 674 5754 qttzrcumque
721 5687 965 5752 tolebat;
1005 5698 1059 5742 et
1107 5690 1437 5742 orationibus
1489 5688 1599 5740 suis
1647 5687 1784 5740 bella

213 5777 548 5848 conﬁciebat,
600 5787 901 5850 trOpreaque
923 5789 1190 5851 statuens,
1244 5781 1518 5838 victoriam
1554 5780 1784 5837 victoria:

1131 373 1134 377 ’
1211 387 1276 444 ια
1313 388 1471 445 CAP.
1509 387 1604 444 ιι.
1645 387 1888 447 σεηεε.
1928 384 2163 444 ιιοιιιι.
2201 384 2398 442 χιιι.

3355 373 3469 429 ass

1877 500 2179 570 cumulabat.
2226 498 2420 554 llabuit
2441 495 2585 553 enim
2613 494 2808 551 invicta
2831 503 3000 560 artua,
3048 502 3280 561 superna
3325 489 3469 544 scili-

1874 602 1962 647 cet
1986 589 2253 660 prtcsidia,
2287 605 2406 658 quae
2452 603 2559 643 non
2584 587 2757 642 solum
2782 586 2848 640 ad
2875 585 3106 640 humana
3133 582 3268 637 bella
3300 581 3467 635 conli-

1874 681 2063 738 cieuda
2090 680 2382 746 sufﬁciunt,
2405 679 2500 735 sed
2516 681 2677 734 etiam
2693 677 2761 733 ad
2781 678 3086 733 deminuunt
3110 674 3360 729 cohortes
3383 671 3468 722 fn-

1877 772 2100 843 gandss.
2133 771 2296 841 Igitur
2322 780 2377 826 et
2400 784 2499 824 nos
2527 769 2669 825 hunc
2692 769 2971 823 imitemur
2988 765 3182 836 privati
3205 773 3253 818 et
3285 761 3464 815 idiom

1874 877 2078 932 regem,
2117 863 2206 932 qui
2232 862 2457 916 otiosam
2489 869 2546 915 et
2587 860 2822 930 quietam
2871 861 3031 911 vitam
3086 856 3319 923 agimus,
3342 866 3463 904 eoin

1871 953 1968 1025 qui
2023 954 2077 1008 in
2122 965 2357 1023 purpura
2405 958 2463 1006 ct
2505 948 2809 1006 diademate
2861 945 3247 1001 monachorum
3303 947 3464 994 vitam

1875 1044 2305 1101 transcendebat.
2330 1043 2468 1099 Audi
2495 1043 2638 1098 enim
2658 1055 2779 1096 eutn
2801 1040 2994 1095 iterum
3020 1035 3146 1090 alibi
3175 1033 3464 1089 dicentem:

1875 1135 2056 1192 Facta
2101 1146 2221 1191 sunt
2265 1137 2391 1190 mihi
2430 1135 2671 1206 lacrymc
2710 1147 2837 1187 mea:
2887 1146 3043 1201 panes
3088 1129 3172 1182 die
3215 1143 3277 1180 ac
3326 1134 3471 1179 nocte

1875 1226 2051 1298 (Psal.
2078 1229 2168 1282 tl.
2199 1227 2278 1298 ὁ).
2332 1226 2520 1282 Vidisti
2553 1225 2786 1280 animam
2818 1224 2872 1278 in
2898 1222 3151 1277 continua
3202 1231 3467 1288 compun-

1874 1321 2090 1376 ctioue?
2119 1319 2381 1374 Alimonia
2407 1331 2545 1385 mea,
2571 1318 2760 1388 inquit,
2789 1315 2939 1386 panis
2964 1327 3137 1376 meus,
3162 1310 3464 1365 convivium

1876 1424 2056 1467 meum
2093 1411 2223 1466 nihil
2253 1410 2395 1465 aliud
2415 1418 2572 1464 erant
2592 1423 2752 1479 quam
2784 1407 3034 1477 lacrymm
3060 1415 3166 1458 tam
3197 1401 3283 1455 die
3307 1415 3466 1470 quant

1877 1511 2053 1557 nocte.
2083 1500 2151 1556 Et
2173 1501 2366 1556 iterum
2402 1517 2414 1553 :
2440 1499 2689 1554 Laboravi
2718 1498 2771 1552 in
2793 1497 2979 1568 gemitu
3005 1509 3134 1558 meo,
3166 1492 3343 1546 lrrvabo
3379 1504 3470 1558 ραν

1876 1593 2103 1664 singulas
2150 1602 2317 1646 noctes
2346 1593 2525 1646 lectum
2565 1606 2732 1643 meum
2759 1587 2936 1659 (Psal.
2967 1587 3020 1640 6.
3049 1581 3280 1655 7).Quid
3323 1581 3470 1636 dice-

1877 1696 2018 1747 mus,
2051 1683 2130 1736 vel
2162 1681 2286 1751 quid
2318 1679 2781 1750 respondebimus,
2812 1677 2901 1747 qui
2932 1691 3105 1744 neque
3159 1689 3278 1727 eam
3321 1686 3470 1726 coru-

1877 1774 2219 1842 punctionem
2247 1773 2501 1827 exhibere
2522 1771 2788 1834 volumus,
2812 1782 2972 1838 quam
2998 1781 3089 1821 rex
3118 1773 3196 1819 tot
3215 1764 3473 1830 obseptus

1879 1865 2106 1932 negotiis
2132 1864 2413 1917 exhibuit?
2439 1862 2727 1928 Quidnam,
2753 1859 2858 1924 dic,
2887 1874 3007 1921 oro,
3031 1858 3199 1911 oculis
3231 1855 3336 1908 illis
3359 1854 3470 1907 lor-

1879 1956 2078 2009 mnsius
2110 1963 2368 2023 perpetuo
2395 1954 2749 2024 lacrymarum
2779 1951 2972 2010 imbre.
3000 1958 3054 2004 et
3081 1947 3232 2019 quasi
3263 1961 3473 2015 marga-

1880 2049 2099 2102 ritarum
2120 2049 2318 2102 decore
2343 2047 2578 2100 ornatis?
2613 2045 2800 2099 Vidisti
2833 2058 3054 2114 regem,
3084 2041 3173 2111 qui
3227 2038 3472 2092 noctibus

1878 2147 2038 2208 atque
2063 2139 2252 2193 diebus
2273 2138 2525 2210 lacrymis
2555 2136 2908 2207 precibusque
2941 2133 3156 2188 deditus
3183 2130 3278 2184 l'uit
3307 2147 3320 2183 :
3351 2143 3474 2198 spe-

1877 2239 1962 2284 cta
1990 2238 2045 2284 et
2091 2231 2368 2284 doctorem
2411 2229 2559 2284 orbis
2607 2228 2662 2282 in
2705 2241 2922 2282 carcere
2965 2222 3325 2292 compeditum
3367 2236 3470 2274 una

1879 2335 1999 2374 cum
2025 2321 2155 2387 Sila,
2183 2330 2237 2375 et
2265 2329 2506 2375 orantem
2531 2329 2637 2373 tota
2667 2327 2843 2382 nocte,
2877 2331 3051 2385 neque
3076 2313 3280 2376 dolone,
3300 2326 3476 2380 neque

1881 2411 2108 2465 vinculis
2137 2411 2426 2480 prohiberi,
2470 2410 2564 2465 sed
2595 2423 2662 2464 eo
2689 2408 2860 2478 magis
2886 2407 3152 2476 ingentem
3183 2402 3473 2458 fervidum-

1879 2518 1986 2572 que
2012 2518 2248 2557 amorem
2269 2503 2542 2558 declarare
2571 2517 2696 2571 erga
2729 2500 3010 2554 Dominum
3043 2515 3055 2550 :
3084 2495 3282 2549 Paulus
3306 2494 3472 2558 enim,

1883 2595 2081 2663 inquit,
2121 2603 2170 2647 et
2195 2593 2334 2648 Silas
2359 2595 2525 2647 media
2567 2602 2710 2646 nocte
2755 2599 2957 2644 orantes
2993 2587 3267 2641 laudabant
3314 2584 3478 2637 Deum

1883 2685 2013 2754 (Act.
2045 2686 2130 2740 16.
2161 2685 2273 2751 25).
2307 2683 2470 2738 David
2497 2684 2549 2738 in
2590 2695 2756 2753 regno
2776 2689 2832 2735 et
2881 2679 3183 2734 diademate
3226 2673 3478 2747 lacrytuis

1881 2787 1938 2830 et
1965 2779 2209 2844 precibus
2236 2785 2399 2831 totatu
2419 2777 2578 2829 vitam
2607 2774 2906 2829 insumebat
2929 2787 2943 2837 ;
2965 2769 3273 2850 Apostolus,
3301 2769 3390 2848 qui
3422 2769 3474 2820 iu

1886 2867 2099 2921 tertium
2130 2867 2321 2921 cmlum
2351 2877 2554 2934 raptus,
2575 2867 2661 2920 cui
2706 2878 2902 2920 arcana
2940 2870 3066 2917 sunt
3091 2861 3325 2915 revelata
3361 2874 3478 2929 my-

1884 2957 2258 3022 steria,media
2278 2969 2439 3017 nocte
2454 2958 2507 3012 iu
2522 2956 2748 3010 vinculis
2775 2967 2963 3025 preces
2988 2962 3044 3008 et
3071 2952 3256 3006 laudes
3284 2951 3480 3005 odere-

1885 3043 1976 3097 bat
1999 3045 2256 3109 Domino;
2287 3054 2342 3100 et
2382 3059 2479 3100 rex
2521 3044 2697 3100 media
2727 3055 2885 3099 nocte
2913 3041 3318 3112 expergefactus
3346 3056 3478 3094 con-

1888 3135 2158 3199 ﬁtebatur,
2188 3145 2241 3190 et
2266 3138 2492 3206 apostoli
2519 3135 2693 3190 media
2729 3144 2887 3190 nocte
2905 3135 3186 3189 continuas
3218 3145 3402 3201 preces
3425 3140 3481 3186 ct

1887 3226 2070 3280 laudes
2091 3226 2400 3281 reddebant.
2439 3227 2561 3280 Illos
2591 3226 2862 3280 imitemur
2910 3233 2965 3280 et
3002 3239 3120 3287 nos,
3167 3234 3222 3278 et
3249 3237 3469 3292 precum

1883 3317 2200 3372 assiduitate
2226 3319 2387 3372 vitam
2417 3327 2654 3372 nostram
2705 3317 3029 3380 muniamus,
3061 3325 3114 3369 et
3139 3315 3342 3370 nullum
3384 3329 3482 3367 no-

1888 3410 1968 3464 bis
2010 3424 2261 3479 umquam
2302 3410 2406 3464 erit
2433 3409 2790 3464 obstaculum.
2835 3407 2974 3461 Nihil
3017 3407 3160 3460 enim
3208 3417 3291 3460 est
3337 3404 3480 3475 quod

1886 3502 2077 3556 obesse
2105 3499 2260 3554 nobis
2297 3501 2484 3568 possit,
2518 3497 2679 3552 modo
2708 3498 2872 3552 sobrii
2902 3497 3090 3550 simus.
3130 3495 3266 3549 Nunt
3288 3495 3403 3549 loco
3424 3504 3482 3549 et

1890 3601 2126 3662 tempore
2154 3592 2309 3647 nobis
2327 3606 2462 3662 opus
2490 3590 2612 3646 est?
2637 3590 2824 3646 Omnis
2855 3589 3024 3655 locus,
3065 3603 3226 3642 omne
3270 3598 3482 3656 tempus

1889 3685 2012 3739 huic
2035 3684 2271 3739 accessui
2300 3684 2571 3738 convenit.
2603 3681 2734 3736 Nam
2765 3681 2958 3735 iterum
2995 3678 3120 3734 audi
3160 3679 3479 3749 magistrum

1887 3777 2036 3830 orbis
2075 3777 2341 3831 dicentem
2369 3794 2382 3830 :
2418 3775 2481 3828 In
2508 3775 2645 3828 omni
2674 3775 2784 3828 loco
2810 3773 3028 3826 levantes
3072 3781 3274 3825 sanctas
3299 3786 3482 3823 manus

1885 3869 2069 3936 absque
2110 3867 2188 3919 ira
2223 3876 2269 3920 et
2295 3865 2654 3934 disceptatione
2683 3864 2760 3933 (1.
2796 3862 2928 3916 Tim.
2960 3862 3014 3913 2.
3037 3861 3115 3930 8).
3143 3860 3198 3914 Si
3242 3869 3478 3914 mentem

1889 3959 2141 4014 habueris
2172 3969 2445 4028 purgatam
2476 3957 2544 4010 ab
2573 3956 2772 4011 illicitis
2811 3954 3185 4008 aﬂ‘ectionibus
3205 3995 3221 4018 ,
3270 3955 3383 4007 sive
3428 3953 3482 4006 iu

1891 4053 2027 4117 l'oro,
2057 4053 2171 4106 sive
2200 4050 2367 4114 domi,
2399 4051 2513 4105 sive
2542 4051 2593 4104 itt
2623 4049 2726 4114 via,
2748 4049 2830 4102 vel
2854 4049 2905 4101 in
2932 4062 3170 4110 carcere,
3192 4047 3275 4100 vel
3301 4045 3350 4098 in
3380 4059 3484 4098 tua-

1889 4144 1957 4209 ri,
1989 4142 2070 4196 vel
2103 4143 2156 4195 in
2203 4140 2520 4205 diversorio,
2557 4140 2641 4194 vel
2673 4141 2724 4192 in
2755 4137 2968 4192 ol‘liciua
2989 4178 3005 4202 ,
3054 4147 3108 4192 et
3163 4137 3486 4204 ubicumque

1890 4235 2054 4289 fueris
2084 4239 2424 4298 constitutus,
2453 4233 2654 4303 poteris
2670 4233 2917 4286 invocato
2941 4231 3052 4284 Deo
3071 4231 3175 4282 voti
3197 4229 3309 4282 fieri
3338 4243 3487 4281 cotu-

1890 4341 2007 4397 pos.
2038 4325 2193 4392 Quod
2222 4341 2343 4380 eum
2373 4326 2624 4390 sciamus,
2651 4324 2876 4378 obsecro
2900 4331 2956 4376 ut
2985 4337 3105 4376 cum
3128 4321 3334 4390 jejunio
3364 4335 3485 4388 pre—

1889 4419 2042 4472 cibus
2069 4416 2396 4485 diligentiam
2439 4415 2811 4480 adhibeamus,
2846 4413 3142 4468 subsidium
3171 4412 3324 4466 nobis
3362 4410 3488 4465 inde

1889 4520 2141 4580 parantes
2174 4527 2187 4562 :
2222 4524 2329 4578 quo
2354 4504 2641 4577 supernam
2668 4506 2939 4575 assequuti
2970 4506 3218 4574 gratiam,
3248 4516 3299 4558 et
3347 4518 3486 4571 pra:-

1891 4613 2099 4656 sentem
2127 4605 2290 4654 vitam
2322 4601 2391 4654 ita
2420 4615 2641 4669 agamus
2664 4610 2720 4652 ut
2750 4600 2860 4652 Deo
2889 4599 3168 4667 probetur,
3189 4606 3241 4648 et
3271 4596 3322 4648 in
3351 4595 3485 4646 lutu-

1893 4713 1954 4751 ro
1981 4693 2402 4750 miscricordiam
2434 4693 2663 4760 aliquam
2689 4690 3079 4759 adipiscamur,
3108 4689 3274 4757 gratia
3303 4697 3356 4741 et
3388 4689 3487 4739 mi-

1892 4787 2248 4840 serationibus
2305 4782 2510 4838 Domini
2561 4781 2729 4835 nostri
2764 4781 2892 4835 Jesu
2928 4779 3154 4842 Christi,
3205 4793 3326 4832 cum
3381 4792 3488 4846 quo

1893 4877 2035 4931 Patri
2081 4885 2136 4930 et
2162 4874 2380 4944 Spiritui
2409 4882 2592 4927 sancto
2617 4874 2687 4927 sit
2715 4871 2881 4942 gloria
2904 4911 2918 4936 ,
2974 4871 3277 4938 imperium,
3306 4880 3357 4922 et
3391 4870 3488 4920 ho-

1893 4985 2010 5033 nor,
2041 4981 2180 5020 nunc
2200 4975 2253 5020 et
2278 4979 2514 5034 semper,
2537 4974 2590 5018 et
2609 4965 2660 5018 in
2688 4962 2880 5016 swcula
2910 4963 3249 5015 smcnlorutn.
3282 4962 3478 5013 Amen.

2428 5094 2708 5152 llOMlLlA
2747 5090 2945 5148 XXXI.

1895 5214 1960 5269 Et
2007 5215 2199 5286 accepit
2249 5214 2424 5269 Thura
2454 5214 2639 5266 Abram
2687 5219 2732 5262 ct
2775 5208 2984 5261 Nachor
3004 5206 3137 5274 ﬁlios
3158 5201 3488 5269 suos,etLot

1962 5309 2125 5376 ﬁlium
2170 5308 2326 5360 Aram
2359 5305 2453 5372 ﬁlii
2493 5303 2608 5367 sui;
2639 5311 2684 5355 et
2715 5301 2902 5354 Soram
2937 5314 3118 5351 nurum
3145 5312 3322 5358 suam,
3355 5309 3481 5346 κιοο

1961 5416 2066 5451 rem
2107 5409 2274 5451 autem
2299 5396 2485 5450 Abram
2525 5395 2620 5464 ﬁlii
2659 5394 2738 5446 sui
2783 5410 2803 5457 ;
2851 5400 2895 5444 et
2940 5390 3108 5444 eduxit
3157 5404 3240 5440 eos
3264 5402 3327 5439 ea:
3356 5398 3484 5438 terra

1964 5488 2350 5556 Chaldaeorum,
2393 5497 2447 5540 ut
2483 5486 2918 5555 proﬁciscerentur
2959 5481 3014 5533 in
3060 5490 3242 5532 terram
3281 5476 3478 5531 Chana-

1964 5597 2186 5633 nworum
2237 5595 2256 5633 :
2299 5589 2345 5633 et
2388 5580 2518 5632 venit
2547 5593 2703 5646 usque
2740 5575 3006 5638 Cltarrau,
3047 5581 3092 5626 et
3115 5569 3352 5623 habitavit
3377 5567 3482 5620 illic

1969 5669 2118 5740 (Cm.
2148 5672 2369 5740 “.31).

1968 5783 2018 5838 ι.
2065 5781 2307 5855 Ingentes
2341 5781 2491 5839 vobis
2526 5779 2699 5840 habeo
2738 5776 2967 5852 gratias,
3011 5772 3154 5846 quod
3175 5772 3486 5830 hesternum
