4080 6484
657 509 725 565 de
748 506 988 562 oratione
1011 520 1315 562 sermonem
1338 519 1458 559 cum
1488 504 1758 571 voluptate
1777 499 2118 570 susceperitis
2135 540 2150 562 ,
2179 509 2234 554 et

662 609 809 655 tanto
829 599 1008 654 studio
1034 599 1102 654 ad
1129 596 1452 656 audiendum
1479 595 1779 649 coniiuatis.
1813 593 1940 649 Illud
1970 592 2110 646 enim
2138 605 2235 644 nos

658 687 834 745 reddit
860 691 1150 746 alacriores
1171 731 1187 753 .
1213 697 1274 744 ut
1293 687 1393 742 hoc
1415 686 1690 757 spirituale
1714 684 2013 739 convivium
2042 683 2236 751 largius

656 781 811 836 vobis
852 795 1231 851 praponamus.
1270 779 1402 846 Quia
1442 787 1497 832 et
1525 777 1753 847 agricola
1781 775 1828 830 si
1856 773 2069 845 quando
2093 772 2236 825 videt

657 885 843 939 agrum
870 880 923 925 et
942 870 1083 939 jacta
1111 870 1316 924 semina
1346 870 1608 923 virescere
1633 877 1686 921 et
1714 864 2012 933 germinare
2033 902 2049 929 ,
2080 876 2232 928 sege-

661 969 874 1028 temque
900 971 1158 1024 vertare,
1185 957 1317 1012 nihil
1345 956 1486 1027 quod
1511 955 1578 1009 ad
1607 969 1666 1009 se
1683 956 1871 1009 attinet
1899 951 2232 1016 intermittit,

657 1047 892 1115 quotidie
933 1057 1311 1116 congruentem
1352 1047 1492 1101 illius
1534 1059 1718 1100 curam
1758 1058 1958 1114 agens,
1997 1051 2053 1096 et
2079 1049 2234 1096 nocte

655 1137 845 1206 dieque
872 1137 1214 1192 considerans
1233 1176 1248 1202 ,
1274 1151 1343 1191 ne
1365 1135 1504 1190 forte
1524 1134 1650 1205 quid
1671 1133 1882 1189 labores
1900 1145 2025 1187 suos
2045 1129 2232 1185 laedat:

656 1226 815 1280 simili
859 1226 1020 1282 modo
1058 1235 1114 1282 et
1137 1241 1242 1298 ego
1265 1226 1596 1296 spiritualem
1625 1226 1765 1280 hunc
1793 1238 1977 1293 agrum
1997 1231 2234 1278 vestrum

657 1313 886 1382 ï¬‚orere,
929 1325 987 1371 et
1030 1331 1213 1372 semen
1259 1316 1360 1372 hoc
1401 1315 1680 1385 spirituale
1720 1315 1772 1370 in
1814 1313 2017 1368 sinibus
2044 1319 2235 1365 vestrm

657 1407 852 1460 mentis
893 1406 1108 1461 recondi
1133 1406 1322 1462 videns
1343 1447 1360 1473 ,
1396 1407 1602 1477 gaudeo
1631 1413 1687 1461 et
1713 1404 1886 1470 iactor,
1908 1403 2237 1472 multumque

654 1507 774 1548 sum
805 1495 996 1549 anxius
1016 1535 1032 1557 ,
1065 1511 1172 1550 non
1200 1495 1450 1565 ignorans
1474 1510 1631 1566 quam
1658 1493 1921 1563 malignus
1945 1493 2015 1548 sit
2043 1491 2232 1556 bustis,

656 1583 746 1650 qui
773 1593 966 1639 vestra
1006 1585 1160 1641 saluti
1190 1585 1485 1641 insidiatur.
1513 1583 1647 1641 Nam
1676 1582 2120 1655 quemadmodum
2151 1581 2237 1653 pi-

659 1684 790 1728 rata:
831 1674 1044 1744 quando
1088 1675 1270 1731 vident
1312 1689 1503 1731 navem
1541 1675 1721 1730 multis
1746 1673 2016 1730 mercibus
2037 1688 2234 1728 onera-

657 1774 764 1818 tam
779 1804 795 1827 ,
835 1777 889 1820 et
930 1766 1180 1834 plurimas
1219 1766 1571 1822 sdvebeute
1597 1767 1809 1822 divitias
1830 1807 1848 1832 ,
1879 1773 2005 1821 tunc
2025 1766 2239 1835 potissi-

656 1869 802 1907 mum
847 1857 1022 1910 varias
1063 1857 1355 1914 moliuntur
1396 1857 1649 1923 insidias,
1689 1866 1748 1912 ut
1792 1858 1996 1926 possint
2031 1871 2238 1912 merces

655 1958 844 2000 omnes
869 1944 1200 2016 demergere,
1227 1961 1291 2002 ac
1308 1957 1554 2003 vectores
1577 1947 1696 2003 illos
1715 1947 1948 2018 spoliare
1976 1966 1988 2000 :
2018 1949 2088 2001 ita
2111 1961 2238 2002 sane

655 2043 712 2089 et
756 2036 1033 2104 diabolus,
1082 2051 1204 2092 cum
1239 2038 1434 2094 viderit
1469 2039 1772 2108 spirituales
1807 2039 2002 2094 multas
2025 2037 2239 2094 divitias

658 2135 1033 2192 coacervata,
1066 2128 1394 2185 alacritatem
1416 2129 1674 2184 fervidam
1695 2169 1713 2196 ,
1739 2138 1972 2185 mentem
1994 2128 2203 2198 vigilem
2217 2167 2235 2194 ,

659 2223 716 2268 et
763 2215 999 2284 quotidie
1039 2215 1252 2272 divitias
1295 2217 1513 2288 augeri,
1554 2219 1820 2273 cruciatur
1873 2232 1936 2272 ac
1989 2219 2238 2275 dentibus

657 2302 897 2371 frendet,
939 2314 996 2359 st
1030 2307 1179 2375 quasi
1206 2307 1376 2377 pirata
1402 2307 1680 2373 circumit,
1708 2307 2116 2378 innumerasque
2139 2325 2237 2365 ex-

654 2393 854 2463 cogitat
880 2403 1024 2450 artes
1048 2434 1069 2461 ,
1097 2405 1154 2450 ut
1178 2397 1226 2453 si
1252 2413 1354 2468 qua
1375 2397 1458 2453 vel
1485 2413 1707 2469 parvum
1738 2398 1971 2454 inveniat
1997 2399 2196 2454 aditum
2217 2439 2236 2466 ,

657 2497 757 2538 nos
793 2481 1027 2540 denudet
1064 2500 1131 2542 ac
1167 2486 1396 2558 spoliet,
1437 2498 1492 2543 et
1517 2488 1771 2560 quidquid
1799 2491 1952 2545 nobis
1971 2500 2056 2546 est
2080 2490 2237 2561 spiri-

657 2573 877 2630 tualium
913 2575 1216 2632 divitiarum
1254 2577 1612 2647 depraedetur.
1651 2581 1814 2651 igitur
1841 2583 2006 2637 sobrii
2032 2581 2234 2651 simus,

655 2679 872 2732 quaso,
915 2673 970 2721 et
1011 2675 1211 2737 quanto
1259 2669 1429 2739 magis
1467 2671 1766 2740 spiritualcs
1795 2681 1997 2726 nostra:
2021 2673 2239 2728 faculta-

656 2764 738 2808 tes
771 2765 1052 2824 crescunt,
1099 2765 1247 2813 tanto
1280 2761 1450 2830 magis
1485 2769 1542 2815 et
1567 2761 1758 2831 vigilia
1795 2772 1991 2818 nostra:
2007 2778 2240 2834 augean-

655 2852 759 2909 tur.
782 2854 841 2900 ut
858 2845 1090 2916 undique
1109 2848 1454 2904 excludamus
1469 2850 1708 2916 insidias,
1731 2861 1786 2907 et
1812 2851 2234 2909 benevolentiam

657 2934 751 2990 Dei
795 2936 902 2991 vita
951 2939 1152 3008 optima
1191 2940 1346 2995 nobis
1382 2943 1764 3009 conciliantes,
1811 2945 2072 3014 superiori
2119 2946 2238 3002 loco

653 3036 892 3090 stemus,
933 3042 1092 3096 quam
1134 3037 1194 3083 ut
1236 3030 1377 3086 illius
1413 3031 1586 3100 jacula
1632 3048 1825 3090 nocere
1859 3046 2072 3105 queant.
2104 3036 2235 3093 Itala

655 3115 800 3170 enim
828 3115 994 3171 bestia
1023 3127 1105 3172 est
1122 3158 1140 3186 ,
1169 3129 1223 3173 et
1247 3119 1570 3189 multiplices
1596 3124 2014 3180 machinationes
2040 3129 2234 3183 struit:

656 3212 713 3259 et
750 3205 964 3276 quando
1006 3223 1115 3263 non
1155 3219 1333 3280 potest
1358 3220 1503 3266 recta
1534 3227 1630 3268 nos
1657 3213 1724 3268 ad
1751 3213 1874 3268 vitia
1900 3215 2116 3271 allicere
2137 3258 2153 3282 ,
2183 3226 2240 3272 et

654 3295 768 3350 suis
800 3295 936 3351 dolis
977 3295 1255 3363 inescare;
1296 3314 1406 3354 non
1444 3302 1587 3356 eriim
1627 3304 1799 3373 cogit,
1833 3304 1913 3360 vel
1940 3306 2044 3360 vim
2075 3307 2233 3374 iacit,

657 3384 835 3441 absit:
859 3385 953 3442 sed
972 3386 1170 3458 decipit
1195 3400 1398 3444 tantum
1415 3431 1432 3458 ,
1454 3401 1510 3446 et
1527 3407 1664 3463 quos
1691 3394 2020 3465 negligentes
2049 3397 2193 3454 videt
2217 3438 2235 3465 ,

657 3476 1000 3546 supplantat;
1041 3479 1253 3550 quando
1289 3481 1448 3552 igitur
1480 3485 1705 3540 salutem
1735 3494 1970 3542 nostram
1999 3490 2235 3560 nequitia

654 3583 751 3622 sua
793 3569 1074 3626 manifeste
1117 3571 1314 3628 ludere
1350 3575 1568 3645 nequit,
1608 3591 1754 3648 smpe
1791 3592 1886 3648 per
1922 3580 2034 3651 ipsa
2072 3598 2234 3652 opera

655 3657 896 3722 virtutis.
925 3675 1044 3731 qua
1069 3660 1274 3731 agimus
1295 3704 1312 3730 ,
1341 3665 1640 3722 clanculum
1669 3683 1791 3725 esca
1817 3671 1990 3737 illata,
2023 3672 2237 3729 divitias

656 3759 866 3804 nostras
889 3751 1062 3819 perdit
1079 3767 1286 3807 omnes.

731 3839 814 3894 Ea:
849 3842 991 3896 bouis
1021 3845 1252 3914 operibus
1277 3860 1406 3900 sane
1423 3847 1589 3917 gloria
1611 3851 1851 3904 cauenda.
1882 3881 1950 3890 â€”
1977 3851 2112 3919 Quid
2139 3852 2233 3922 igi-

657 3941 746 3984 tur
777 3941 861 3986 est
896 3933 1030 3998 hoc,
1070 3935 1210 4004 quod
1249 3935 1412 3992 dico?
1438 3953 1614 4007 opera:
1643 3941 1869 4009 pretium
1911 3944 2054 3998 enim
2083 3945 2239 3999 fuerit

655 4023 988 4077 tiiauiiestius
1026 4025 1336 4093 explicare,
1367 4037 1425 4081 ut
1449 4028 1596 4082 illius
1621 4031 1850 4100 cognitis
1876 4031 2080 4086 insidiis
2099 4075 2114 4097 ,
2145 4034 2237 4087 da-

655 4128 838 4168 mnum
873 4114 1016 4183 quod
1042 4114 1165 4171 inde
1190 4116 1425 4172 nascitur
1448 4158 1464 4183 ,
1495 4119 1664 4176 vitare
1696 4121 1980 4189 possimus.
2013 4123 2238 4190 Quando

657 4205 799 4258 videt
837 4221 936 4261 nos
961 4206 1100 4260 nuda
1129 4207 1256 4260 vitia
1292 4209 1373 4263 vix
1405 4209 1686 4266 admittere
1705 4251 1721 4275 ,
1746 4222 1800 4268 et
1830 4213 2014 4285 fugere
2041 4217 2238 4271 intem-

657 4297 982 4365 perantiam,
1026 4299 1404 4352 continentiam
1448 4315 1576 4356 vero
1617 4304 1906 4372 amplexari
1954 4324 1968 4360 :
2018 4306 2085 4360 ad
2125 4307 2239 4360 hare

655 4387 891 4440 aversari
920 4388 1220 4454 avaritiam,
1249 4389 1374 4444 odio
1403 4389 1599 4446 habere
1627 4393 1956 4461 iniustitiam.
1983 4398 2158 4452 ridere
2184 4408 2237 4452 et

654 4485 1003 4533 contemnere
1042 4477 1300 4546 delicias,
1337 4480 1554 4550 jejuuiis
1591 4493 1768 4539 autem
1794 4495 1847 4540 et
1876 4489 2117 4554 precibus
2144 4506 2237 4543 va-

656 4582 781 4621 care
805 4608 820 4632 ,
843 4582 906 4622 ac
923 4568 1278 4640 eleemosynis
1304 4569 1435 4626 dare
1457 4587 1674 4640 operam
1707 4592 1721 4629 Îµ
1749 4584 1874 4630 tunc
1901 4576 2060 4632 alium
2092 4594 2238 4632 com-

659 4657 959 4713 miniscitur
1006 4659 1186 4714 dolum
1219 4699 1234 4723 ,
1279 4675 1388 4730 quo
1432 4663 1742 4732 pessumdet
1785 4680 1974 4722 omnes
2028 4679 2238 4723 nostras

655 4762 789 4817 opes
808 4789 825 4813 ,
860 4757 1044 4819 totque
1073 4750 1208 4805 bona
1233 4767 1394 4821 opera
1423 4764 1603 4808 nostra
1630 4757 1818 4811 reddat
1848 4759 2072 4814 inutilia.
2103 4759 2233 4815 Nam

657 4837 746 4906 qui
777 4853 960 4908 magna
997 4843 1295 4897 constantia
1329 4845 1747 4902 machinationes
1771 4849 1936 4918 ipsius
1960 4852 2199 4906 vicerunt
2220 4896 2235 4918 ,

659 4927 783 4982 facit
801 4938 858 4982 ut
884 4929 1034 4985 bonis
1053 4933 1306 5002 cperibus
1328 4933 1609 5004 inï¬‚entur,
1637 4948 1690 4994 et
1711 4939 1780 4994 ad
1807 4939 2093 4996 humanam
2116 4960 2238 5012 spc-

656 5030 798 5075 ctent
821 5022 1040 5090 gloriam
1058 5065 1074 5090 ,
1105 5040 1211 5094 quo
1231 5027 1436 5082 scilicet
1455 5045 1485 5082 a
1508 5045 1629 5085 vera
1656 5046 1749 5088 eos
1775 5033 1941 5103 gloria
1969 5035 2235 5091 deturbet.

662 5112 870 5169 Etenim
906 5117 992 5186 qui
1019 5118 1292 5186 spirituale
1318 5119 1445 5189 quid
1477 5119 1675 5176 faciens
1705 5123 1988 5179 humanam
2020 5127 2239 5196 respicit

657 5205 911 5274 gloriam,
954 5209 1251 5264 mercedem
1291 5226 1440 5266 suam
1486 5213 1571 5268 hic
1612 5217 1843 5284 accipit,
1888 5229 1939 5273 et
1969 5219 2077 5288 jam
2101 5221 2236 5274 ultra

661 5299 826 5354 Deum
862 5315 966 5355 non
1012 5301 1172 5358 habet
1199 5304 1519 5361 debitorem.
1555 5308 1597 5362 Î‘
1629 5308 1818 5378 quibus
1845 5310 1986 5366 enim
2014 5315 2234 5380 gloriam

660 5392 850 5459 qumrit
873 5435 889 5459 ,
912 5394 1064 5448 abiis
1087 5394 1271 5450 laudes
1299 5407 1485 5452 nactus
1509 5407 1611 5466 est,
1637 5409 1692 5454 et
1716 5414 1774 5456 se
1792 5404 1963 5471 privat
1985 5405 2085 5459 illis
2106 5419 2238 5476 quas

661 5482 917 5538 Dominus
953 5486 1228 5554 promisit,
1265 5498 1448 5556 utpote
1474 5490 1686 5559 majoris
1715 5491 1912 5548 faciens
1939 5507 2202 5548 momenta
2221 5523 2235 5533 -

661 5588 815 5629 usam
854 5576 1126 5631 hominum
1163 5559 1392 5645 laudem,
1423 5596 1580 5650 quam
1604 5583 1695 5638 Dei
1725 5601 1961 5639 omnium
1991 5588 2238 5641 condito-

661 5666 734 5719 ris
767 5682 780 5718 :
811 5666 861 5720 id
901 5669 1040 5737 quod
1083 5669 1326 5724 Christus
1357 5672 1424 5724 de
1452 5673 1694 5741 precibus
1715 5715 1729 5739 ,
1761 5676 2117 5746 eleemosynis
2139 5718 2152 5739 .
2182 5688 2235 5731 et

660 5753 870 5828 ieiuniis
908 5769 1062 5815 antea
1099 5758 1312 5830 docuit,
1354 5762 1432 5818 sic
1467 5761 1652 5821 dicens
1692 5783 1706 5822 :
1751 5766 1965 5833 Quando
1982 5768 2016 5834 j
2035 5770 2188 5836 jtmas
2213 5806 2233 5836 ,

1396 410 1458 469 8.
1495 406 1773 470 Î¹Î¿Î‘ÎÎá¿Îµ
1808 403 2281 464 (á¿™Î™Î™Î™Î ÎžÎŸÎ’Î¤ÎŸá¼‹Î™
2321 397 2640 460 ARCHIEP.
2669 400 3206 458 CONSTANTINOP.

3816 398 3920 456 Î¹Î¹Î¹

2339 513 2470 565 lnge
2509 504 2662 562 caput
2699 506 2872 561 luunt,
2912 506 2960 548 ct
3001 495 3114 547 iura
3143 493 3325 562 [aciem
3347 499 3489 544 tum
3514 530 3531 556 ,
3560 499 3619 543 Î¹Î¹
3642 505 3705 544 tu
3723 491 3926 547 videaris

2337 587 2617 640 honrinibus
2651 585 2898 653 jejunum
2920 625 2936 646 ,
2977 585 3067 638 sed
3105 583 3251 638 Patri
3279 592 3366 636 tuo
3392 583 3480 645 qui
3507 592 3583 635 est
3610 580 3664 634 in
3691 585 3884 635 occulto
3907 599 3925 647 ;

2335 687 2382 729 ct
2408 670 2560 730 Pater
2599 685 2712 729 tuus
2730 718 2743 739 ,
2769 677 2857 745 qui
2885 677 3014 730 uidet
3043 678 3095 729 in
3127 677 3351 740 occulto,
3392 675 3571 729 reddet
3598 673 3689 727 Ï‰Îµ
3716 674 3922 743 (liras.

2337 766 2390 821 6.
2439 768 2527 822 i7.
2578 768 2690 835 l8).
2724 766 2790 821 Et
2831 771 3062 821 iterum:
3095 767 3310 833 Quando
3334 768 3492 836 [acies
3520 765 3922 833 almum.

2338 875 2400 912 ne
2419 860 2536 911 tuba
2585 875 2771 924 cunas,
2795 859 2963 924 inquit
2980 898 2996 921 ,
3016 867 3134 910 ante
3154 866 3233 921 te,
3259 859 3390 910 sicut
3414 858 3704 926 hypocrita
3739 858 3925 920 facint

2338 949 2390 1001 in
2427 950 2698 1018 synogogis
2729 959 2775 1002 et
2815 948 2992 1017 plateis
3010 988 3026 1012 ,
3069 957 3124 1000 ut
3149 946 3497 1016 gloriï¬catur
3527 948 3593 999 ob
3620 947 3922 999 Iro-sinibus.

2337 1039 2495 1093 Amen
2524 1042 2637 1094 dico
2664 1040 2799 1092 vobis
2817 1080 2832 1106 ,
2863 1048 3158 1108 acceperunt
3188 1038 3465 1090 mercedem
3493 1055 3646 1090 suam
3675 1037 3846 1106 (Ibid.
3881 1055 3927 1090 s.

2336 1127 2414 1197 2).
2449 1128 2666 1182 Vidistis
2703 1128 3004 1198 quomodo,
3049 1127 3136 1196 qui
3165 1127 3301 1181 hanc
3326 1125 3548 1196 gloriam
3579 1126 3845 1196 inquirit,
3871 1126 3931 1178 ii-

2341 1217 2446 1270 lam
2473 1215 2709 1270 amittit?
2736 1218 2837 1282 Qui
2857 1227 3036 1270 autem
3060 1217 3308 1269 virtutem
3336 1215 3403 1268 ita
3430 1225 3695 1282 operatur
3718 1256 3736 1281 ,
3767 1225 3828 1269 ut
3857 1216 3924 1267 la-

2340 1317 2454 1362 tere
2497 1308 2624 1361 velit
2663 1307 2945 1370 homines,
2988 1307 3041 1360 in
3082 1306 3171 1360 die
3215 1305 3305 1359 illo
3329 1305 3546 1358 terribili
3579 1305 3768 1374 palam
3795 1305 3928 1357 acci-

2341 1398 2449 1467 piet
2484 1411 2514 1451 a
2560 1397 2782 1451 Domino
2825 1395 3249 1451 retributionem.
3293 1394 3422 1448 Nam
3470 1393 3629 1447 Pater
3662 1404 3788 1447 tuus
3811 1435 3826 1455 ,
3856 1397 3928 1460 qui

2340 1487 2468 1539 ridet
2498 1487 2550 1539 in
2586 1487 2814 1553 occulto,
2852 1487 3026 1540 reddet
3051 1487 3140 1539 tibi
3171 1487 3224 1539 in
3256 1486 3520 1554 manifesto
3544 1482 3721 1554 (Ibid.
3769 1502 3821 1538 Î¹.
3861 1487 3926 1551 Î¹).

2339 1575 2417 1630 Ne
2450 1575 2684 1644 cogites,
2729 1575 2931 1645 inquit,
2974 1575 3176 1629 nullum
3203 1573 3471 1628 hominem
3504 1582 3556 1627 te
3587 1572 3820 1627 laudare
3843 1617 3855 1634 ,
3882 1583 3928 1627 et

2341 1675 2393 1720 te
2418 1666 2667 1720 virtutem
2710 1665 2848 1719 clam
2881 1679 3135 1720 exercere
3165 1682 3180 1718 :
3213 1667 3308 1718 sed
3354 1664 3452 1718 hoc
3480 1666 3696 1732 cogita,
3739 1675 3930 1719 tantam

2340 1754 2452 1810 fore
2479 1756 2635 1825 paulo
2657 1765 2776 1824 post
2797 1756 3001 1810 Domini
3027 1754 3394 1809 liberalitatem
3414 1796 3430 1819 ,
3454 1763 3509 1807 ut
3529 1769 3641 1808 non
3664 1756 3822 1808 sinat
3844 1757 3931 1808 huc

2338 1847 2476 1901 clam
2517 1847 2600 1901 vel
2642 1847 2696 1900 in
2735 1845 2944 1900 occulto
2971 1860 3091 1900 esse
3123 1863 3137 1900 :
3163 1845 3258 1900 scd
3287 1855 3545 1914 praesente
3575 1847 3736 1898 onirii
3770 1847 3928 1900 hinni-

2340 1952 2467 1992 num
2509 1951 2738 2007 genere,
2782 1937 2850 1991 ab
2886 1937 3054 1990 Adam
3102 1951 3269 2003 usque
3308 1935 3374 1988 ad
3401 1935 3924 1990 constuumationeut

2340 2029 2522 2083 sa-cull
2565 2038 2618 2084 te
2664 2029 2917 2099 pnudicet
2961 2036 3015 2084 et
3051 2038 3305 2091 coronet,
3353 2039 3853 2097 susceptornmque
3885 2031 3930 2082 ia

2340 2118 2636 2174 exercenda
2664 2119 2859 2173 virtute
2885 2117 3124 2172 laborum
3156 2120 3370 2188 pueritia
3396 2119 3612 2172 tribuat.
3637 2119 3760 2186 Qua
3789 2121 3931 2188 igitur

2339 2212 2679 2265 excusatione
2715 2212 2858 2280 digni
2904 2210 3096 2265 fuerint
3123 2211 3154 2264 ii
3181 2212 3271 2280 qui
3302 2211 3534 2265 laborent
3560 2212 3790 2264 virtutis
3822 2228 3930 2264 sus-

2341 2302 2547 2366 tinent,
2585 2310 2639 2356 ct
2682 2311 2899 2370 propter
2940 2312 3364 2355 momentaneam
3405 2311 3458 2355 et
3506 2301 3668 2356 vilem
3701 2303 3932 2356 {utilem-

2339 2409 2444 2465 que
2491 2394 2765 2449 hominum
2805 2393 3030 2464 gloriam
3055 2435 3072 2460 ,
3115 2404 3313 2448 :eterua
3345 2393 3432 2448 illa
3462 2394 3796 2464 semetipsos
3827 2396 3930 2463 pri-

2339 2496 2465 2540 vant
2489 2485 2514 2538 7

2409 2575 2464 2629 2.
2495 2576 2731 2631 Obsecro
2761 2575 2936 2645 igitur,
2958 2584 3015 2629 ut
3039 2589 3138 2629 nos
3164 2575 3298 2629 bene
3326 2574 3650 2638 muniamus,
3677 2585 3736 2630 et
3761 2578 3929 2645 quod-

2337 2682 2565 2737 cumque
2608 2668 2881 2736 spirituale
2925 2682 3061 2737 opus
3101 2668 3494 2737 aggrediemur,
3548 2670 3653 2723 hoc
3713 2669 3928 2723 studea-

2341 2777 2459 2815 mus
2513 2762 2562 2814 in
2609 2761 2985 2830 promptuariis
3031 2760 3194 2814 animi
3265 2761 3429 2814 nostri
3480 2761 3831 2825 recondere,
3879 2772 3931 2814 ut

2342 2850 2520 2905 laudet
2563 2866 2660 2905 nos
2697 2853 2880 2906 oculus
2924 2852 3013 2907 ille
3057 2851 3146 2919 qui
3185 2866 3472 2922 numquam
3506 2849 3814 2906 dormitat:
3868 2868 3929 2906 ne

2340 2953 2560 3014 propter
2597 2943 2869 2997 hominum
2916 2942 3129 3007 laudes,
3174 2957 3318 3012 saepe
3347 2942 3413 2994 ad
3448 2943 3676 3011 gratiam
3705 2955 3927 3012 captan-

2339 3033 2460 3086 dam
2499 3033 2651 3087 datas
2675 3075 2689 3097 ,
2720 3032 2916 3103 indigni
2943 3032 3244 3088 efï¬ciamur
3270 3032 3476 3086 Domini
3504 3032 3778 3088 laudilxrs.
3809 3033 3930 3088 [late

2339 3127 2482 3182 enim
2523 3127 2680 3180 ambo
2721 3126 3016 3196 perniciosa
3043 3134 3203 3189 sunt,
3235 3134 3288 3179 et
3318 3124 3474 3178 saluti
3503 3135 3705 3179 nostra:
3731 3127 3928 3188 noxia;

2341 3217 2613 3288 spirituale
2661 3216 2856 3286 aliquid
2903 3215 3174 3286 operando
3231 3215 3296 3268 ad
3351 3215 3637 3268 humanam
3685 3228 3930 3284 spectare

2340 3308 2593 3377 gloriam,
2641 3316 2694 3361 et
2734 3307 2868 3362 bene
2909 3305 3116 3375 agendo
3154 3305 3383 3360 sublime
3421 3307 3490 3360 de
3515 3321 3577 3361 se
3600 3321 3817 3376 sapere.
3852 3307 3930 3361 ld-

2341 3402 2486 3455 circo
2504 3399 2714 3454 sobrios
2734 3414 2855 3453 esse
2880 3414 2978 3454 nos
3007 3408 3217 3469 Oportet
3246 3413 3308 3452 ac
3335 3398 3518 3466 vigiles
3539 3439 3555 3458 .
3579 3409 3636 3452 et
3651 3414 3930 3469 apponere

2339 3491 2495 3545 nobis
2533 3491 2840 3561 quotidiana
2885 3505 2917 3545 e
2953 3490 3120 3545 sacris
3157 3489 3348 3544 Litoris
3385 3490 3707 3559 pharmaca,
3755 3493 3826 3544 ita
3877 3503 3929 3544 ut

2341 3580 2654 3649 perniciosis
2699 3579 3068 3634 alfectionihus
3113 3579 3230 3633 istis
3280 3595 3385 3634 non
3432 3580 3768 3635 irretinuur.
3800 3581 3928 3636 Nata

2339 3671 2440 3724 etsi
2482 3671 2600 3740 quis
2645 3671 2920 3725 innumera
2967 3670 3100 3725 bona
3131 3685 3294 3738 opera
3326 3671 3541 3735 fecerit,
3569 3671 3928 3742 virtutemque

2336 3775 2551 3816 omnem
2579 3761 2888 3826 absolverit,
2915 3763 2959 3816 si
2992 3770 3167 3816 tamen
3197 3777 3444 3830 magnum
3471 3761 3598 3831 quid
3627 3761 3698 3817 de
3723 3779 3785 3818 se
3803 3778 3926 3818 sen-

2342 3853 2470 3916 tiat.
2501 3854 2738 3907 omnium
2767 3852 3097 3906 miserrimus
3126 3851 3301 3906 luerit.
3330 3850 3482 3918 Quod
3514 3851 3669 3906 nobis
3703 3854 3929 3907 nsanifc-

2341 3954 2480 3997 Stnm
2527 3955 2609 3999 est
2651 3959 2714 3998 ca
2753 3944 2815 3997 iis
2853 3959 2972 4013 qua:
3011 3941 3280 3996 Pharisxo
3305 3941 3611 3996 acciderunt
3636 3982 3652 4004 ,
3683 3945 3775 4008 qui
3802 3943 3926 3998 dum

2344 4050 2531 4105 magna
2567 4036 2635 4090 de
2663 4051 2721 4089 se
2748 4037 2912 4088 sensit
2931 4074 2947 4099 ,
2977 4043 3030 4088 et
3061 4035 3398 4102 publicanum
3422 4035 3754 4105 contempsit
3779 4033 3920 4106 (an.

2343 4126 2432 4194 18)
2454 4168 2469 4192 ,
2515 4127 2692 4180 subito
2728 4125 2960 4180 deterior
3001 4125 3167 4179 factus
3210 4133 3293 4180 etii
3316 4124 3630 4193 publicano,
3655 4134 3714 4179 et
3742 4141 3926 4179 omnes

2344 4218 2597 4270 virtutum
2643 4216 2851 4270 divitias
2899 4217 3070 4285 lingua
3114 4231 3206 4269 sua
3251 4215 3437 4270 cllâ€˜udit
3480 4233 3495 4268 :
3538 4230 3692 4271 sese
3722 4217 3927 4270 nudans

2343 4323 2673 4378 vacuumque
2709 4309 3037 4361 constituens
3060 4346 3074 4370 ,
3118 4307 3434 4376 stupendum
3478 4316 3532 4361 et
3571 4322 3771 4360 novum
3797 4325 3927 4360 nau-

2343 4399 2564 4466 fragium
2607 4398 2840 4466 pertulit.
2885 4395 3014 4452 Cum
3055 4397 3196 4451 enint
3226 4395 3292 4450 ad
3323 4405 3529 4467 portum
3558 4400 3923 4464 pervenisset.

2341 4503 2528 4542 omnes
2568 4502 2776 4542 merces
2817 4501 2940 4540 suas
2967 4486 3274 4542 sul-mersit.
3307 4487 3437 4542 Nam
3476 4488 3521 4542 si
3564 4487 3616 4542 id
3653 4489 3922 4543 infortunii

2345 4593 2559 4652 propter
2606 4594 2792 4648 preces
2837 4578 3048 4648 indigne
3078 4580 3299 4633 emissas
3328 4579 3526 4632 accidat
3551 4621 3566 4642 ,
3598 4580 3826 4648 perinde
3849 4593 3923 4635 est

2341 4688 2403 4726 ac
2425 4673 2468 4726 si
2494 4672 2610 4740 quis
2638 4671 2687 4724 in
2714 4670 2888 4723 medio
2913 4678 3062 4736 portu
3085 4669 3414 4735 naufragium
3439 4669 3594 4721 iaciat
3639 4667 3922 4739 Nupta-ra

2342 4774 2396 4819 et
2427 4763 2666 4817 Christus
2694 4762 2964 4830 discipulis
2991 4762 3100 4815 suis
3133 4761 3446 4826 pr:rcipieus
3467 4801 3482 4824 ,
3512 4761 3728 4816 dicebat
3757 4779 3770 4814 :
3803 4759 3922 4815 Cum

2343 4856 2512 4907 omnia
2539 4854 2750 4924 feceritis
2774 4893 2787 4914 ,
2816 4852 2964 4904 dicite
3013 4866 3031 4904 :
3070 4849 3211 4905 Servi
3241 4850 3442 4902 inutiles
3458 4867 3630 4904 uiuus
3651 4848 3810 4920 (Luc.
3843 4851 3919 4907 l7.

2346 4945 2454 5014 10).
2483 4943 2599 5011 Quo
2624 4943 2766 4997 dicto
2792 4943 2998 4994 munire
3021 4955 3115 4993 eos
3137 4940 3245 4992 vult
3270 4980 3284 5001 ,
3313 4949 3366 4994 et
3385 4955 3542 5008 quam
3568 4939 3922 5010 longissima

2346 5036 2643 5105 pernicioso
2684 5034 2775 5088 illo
2821 5033 3007 5085 morbo
3041 5033 3293 5085 alienare.
3326 5029 3576 5093 Vidistis,
3618 5031 3920 5094 carissimi.

2341 5127 2608 5196 quomodo
2653 5123 2696 5178 is
2739 5123 2826 5192 qui
2872 5121 3154 5175 humanum
3202 5123 3424 5191 gloriam
3462 5121 3661 5185 ambit,
3705 5122 3920 5192 ejusque

2342 5219 2507 5287 gratia
2537 5217 2744 5269 virtutis
2772 5214 3024 5268 exercitia
3057 5213 3193 5276 adit,
3225 5211 3504 5266 utilitatem
3527 5211 3732 5267 nullam
3759 5216 3919 5282 Î¼Î±Î½Îµá½·Î·

2345 5312 2417 5378 pit
2449 5328 2459 5361 :
2490 5318 2543 5361 et
2589 5317 2707 5376 post
2744 5307 3038 5360 exantlatos
3066 5319 3250 5358 omnes
3275 5304 3483 5357 virtutis
3509 5303 3726 5359 labores
3750 5346 3764 5368 ,
3791 5307 3838 5360 si
3862 5307 3917 5360 de

2343 5402 2406 5454 iis
2443 5401 2684 5452 videatur
2719 5399 2882 5451 altum
2914 5411 3099 5464 sapere
3119 5437 3132 5458 ,
3159 5410 3395 5448 ommnm
3423 5409 3617 5448 vacuus
3648 5395 3919 5464 nudttsapie

2342 5492 2569 5545 evadat?
2614 5490 2896 5558 l-â€˜ugiamus
2937 5488 3124 5555 igitur,
3157 5486 3414 5550 obsecro,
3454 5485 3784 5554 perniciosas
3813 5488 3920 5541 illas

2341 5583 2679 5645 adet-tiones,
2712 5590 2765 5633 et
2797 5579 2860 5632 ad
2899 5578 3042 5632 illum
3079 5593 3288 5644 semper
3324 5578 3531 5645 vigilem
3558 5577 3773 5631 oculum
3803 5593 3918 5650 spe-

2342 5683 2548 5727 ctemus
2592 5682 2834 5725 tantum:
2875 5686 2937 5724 ac
2984 5671 3111 5724 nihil
3153 5684 3433 5723 commune
3475 5669 3770 5724 habeamus
3807 5683 3920 5724 cum

2345 5767 2509 5822 nostri
2531 5767 2741 5837 generis
2763 5764 3060 5820 hominibus
3079 5805 3092 5829 ,
3117 5777 3286 5835 neque
3308 5761 3375 5816 ab
3400 5760 3478 5817 eis
3501 5759 3705 5848 laudari
3723 5775 3922 5835 Î¼Î·-
