4080 6490
169 472 277 528 18$
1118 468 1184 525 IN
1220 467 1382 524 CAP.
1417 469 1508 522 XI.
1552 468 1637 523 ΕΤ
1679 467 1768 523 XII

168 600 289 638 inus
317 600 330 637 :
360 581 453 639 sed
481 583 712 638 contenti
733 584 899 638 simus
923 578 1187 637 dominica
1214 581 1390 636 laude.
1424 581 1581 653 Cujus
1605 584 1720 636 laus
1741 622 1756 647 ,

166 677 370 746 inquit,
416 693 517 730 non
555 693 619 731 ea:
656 675 969 741 hominibus,
999 674 1090 729 sed
1116 690 1183 728 ea:
1208 673 1315 728 Deo
1356 673 1530 744 (Rom.
1558 673 1611 727 2.
1638 673 1758 744 29).

167 766 236 821 Et
275 780 382 838 quo
423 769 590 837 magis
621 766 904 822 virtutibus
931 765 1321 835 locupletamur
1344 774 1398 819 et
1425 765 1718 820 crescimus
1742 807 1757 830 ,

165 857 269 913 hoc
298 860 464 929 magis
494 858 718 913 modesti
749 860 916 913 simus
936 868 990 913 et
1012 849 1369 915 ltumiliemur.
1403 857 1533 912 Nam
1561 859 1660 913 etsi
1691 858 1757 914 ad

161 964 429 1004 summum
471 950 678 1004 virtutis
723 951 929 1019 apicem
973 949 1375 1020 perligerimus,
1417 949 1463 1004 si
1510 949 1561 1004 id
1609 957 1760 1019 grato

161 1041 346 1094 animo
370 1055 492 1095 cum
527 1040 617 1094 Dei
641 1041 913 1096 beneficiis
940 1056 1310 1110 comparemus
1328 1081 1342 1104 ,
1373 1039 1530 1095 facile
1557 1040 1760 1096 videbi-

160 1146 316 1197 mus,
364 1147 431 1186 ne
472 1133 744 1186 minimam
789 1132 1001 1202 quidem
1031 1141 1234 1201 partem
1264 1145 1362 1186 nos
1387 1147 1572 1186 eorum
1593 1173 1609 1199 ,
1640 1147 1758 1201 qua:

159 1225 214 1278 in
248 1239 346 1279 nos
385 1223 649 1289 contulit,
679 1224 1013 1292 aquuasse.
1045 1222 1177 1277 Hine
1205 1223 1348 1278 enim
1376 1237 1566 1277 omnes
1587 1222 1756 1277 sancti

157 1315 366 1382 probati
411 1314 654 1377 fuernut,
694 1323 749 1368 et
785 1313 894 1368 Deo
918 1314 1142 1383 accepti.
1175 1312 1286 1368 Hoc
1316 1320 1373 1367 ut
1393 1312 1599 1380 discas,
1629 1314 1753 1367 audi

156 1404 436 1459 doctorem
477 1405 652 1467 orbis,
696 1405 926 1458 animam
967 1403 1108 1458 illam
1139 1420 1257 1474 quae
1285 1405 1339 1457 in
1369 1403 1560 1458 caelum
1592 1418 1758 1474 usque

158 1498 442 1566 pertingit,
485 1497 754 1567 quomodo
802 1506 923 1567 post
967 1505 1045 1550 tut
1091 1496 1343 1565 praiclara
1389 1511 1587 1566 Opera,
1639 1505 1758 1566 post

156 1599 362 1644 tantum
381 1589 448 1643 de
464 1591 596 1644 cmlo
626 1589 984 1644 testimonium
1007 1587 1142 1659 (Vas
1157 1588 1321 1654 enim,
1349 1587 1538 1658 inquit,
1560 1589 1760 1642 electio-

150 1683 234 1736 nis
260 1693 331 1736 est
353 1683 477 1736 mihi
500 1683 582 1736 hic
609 1681 744 1754 [Αει.
772 1682 824 1738 9.
854 1675 1014 1752 15]),
1046 1697 1152 1734 non
1183 1680 1514 1736 obliviscitur
1537 1692 1755 1735 suorum

148 1773 471 1830 delictorum
493 1816 509 1841 ,
539 1775 631 1830 scd
653 1774 912 1828 ambabus
941 1773 1217 1838 manibus,
1245 1779 1303 1827 ‘ut
1329 1772 1511 1838 aiunt,
1539 1787 1600 1826 ea
1633 1787 1754 1826 ver—

148 1874 237 1920 sat
257 1908 272 1932 .
304 1875 358 1920 et
387 1881 559 1936 neque
583 1881 767 1922 eorum
799 1866 1111 1920 memoriam
1139 1865 1411 1920 obliterari
1442 1865 1662 1935 patitur,
1686 1864 1754 1920 de

146 1957 346 2024 quibus
389 1957 719 2011 certissimus
753 1964 903 2021 erat,
951 1955 1062 2024 ipsa
1109 1970 1204 2024 per
1243 1954 1562 2025 baptismum
1592 1955 1754 2011 fuisse

145 2047 392 2112 dimissa,
415 2049 506 2103 sed
523 2048 714 2104 clamat
731 2058 784 2103 et
799 2047 927 2104 dicit
951 2064 966 2102 :
995 2046 1238 2101 Minimus
1256 2064 1368 2103 sum
1387 2047 1752 2118 apostolorum,

143 2147 198 2191 et
232 2153 333 2191 non
371 2155 483 2192 sum
519 2139 701 2208 dignus
729 2139 900 2192 vocari
929 2138 1189 2208 apostolus
1217 2137 1293 2210 (Ι.
1321 2137 1438 2193 Cor.
1471 2138 1556 2194 l5.
1583 2137 1661 2211 9).
1688 2140 1754 2193 Et

145 2239 356 2296 postea,
375 2236 433 2282 ut
452 2230 716 2299 ingentem
742 2229 858 2298 ejus
886 2228 1155 2283 discamus
1180 2229 1551 2296 humilitatem,
1572 2230 1748 2285 addit:

145 2315 230 2371 Eo
257 2319 392 2386 quod
414 2329 742 2389 persequutus
766 2337 874 2372 sum
910 2319 1188 2373 Ecclesium
1220 2318 1332 2374 Dt’i.
1365 2320 1500 2388 Quid
1531 2322 1643 2392 agis
1663 2364 1676 2387 ,
1708 2333 1741 2376 ο

145 2407 355 2464 Paule?
399 2400 655 2465 Dominus
695 2426 792 2480 per
833 2409 1250 2464 misericordiam
1290 2426 1441 2464 suam
1473 2411 1668 2466 delevit
1695 2422 1750 2467 et

140 2500 348 2556 dimisit
391 2501 567 2556 omnia
609 2512 824 2571 peccata
870 2511 977 2567 tua,
1023 2510 1076 2555 et
1117 2511 1171 2554 tu
1221 2515 1281 2556 ea
1319 2501 1492 2556 adhuc
1518 2503 1746 2557 subinde

141 2605 331 2646 versas
350 2634 365 2655 ,
410 2603 465 2647 et
503 2593 813 2648 memoras?
859 2592 1032 2646 Etiam
1065 2610 1077 2646 :
1106 2591 1218 2646 scio
1246 2593 1389 2647 enim
1411 2633 1426 2658 ,
1460 2592 1665 2663 inquit,
1694 2603 1747 2649 et

139 2700 254 2739 non
298 2685 485 2755 ignoro
512 2685 798 2739 Dominum
824 2698 1001 2739 meum
1033 2683 1122 2738 illa
1148 2682 1416 2739 dimisisse
1449 2701 1462 2737 :
1492 2685 1585 2740 sed
1617 2687 1742 2739 dum

137 2790 352 2830 mecum
379 2776 659 2830 considero
683 2791 802 2845 qua:
825 2774 1040 2831 fecerim
1057 2802 1076 2840 δ
1102 2785 1158 2830 et
1181 2775 1338 2830 video
1361 2775 1553 2830 divina!
1576 2781 1746 2832 inise-

137 2868 388 2924 ricordiae
428 2871 646 2939 pelagus
675 2885 687 2920 ε
724 2874 849 2923 tunc
881 2867 1049 2938 probe
1069 2867 1218 2922 disco
1243 2882 1329 2922 me
1354 2867 1524 2937 gratia
1555 2881 1611 2923 et
1637 2868 1740 2922 mi-

134 2959 434 3013 sericordia
481 2959 572 3013 Dei
605 2969 726 3015 esse
756 2959 806 3013 id
833 2958 973 3028 quod
1003 2972 1142 3012 sum.
1173 2957 1304 3012 Nam
1335 2972 1457 3012 eum
1487 2957 1741 3030 dixisset,

135 3051 267 3106 Non
310 3069 421 3106 sum
467 3053 654 3122 dignus
685 3053 853 3106 vocari
877 3054 1139 3121 apostolus
1158 3091 1173 3117 ,
1201 3067 1260 3105 eo
1289 3051 1424 3121 quod
1459 3052 1737 3106 Ecclesium

133 3143 237 3198 Dei
264 3161 375 3198 sum
405 3155 729 3215 persequutus
748 3187 762 3208 ,
789 3136 1024 3200 subdidit
1055 3162 1068 3198 :
1104 3141 1282 3198 Gratia
1308 3149 1481 3198 autem
1510 3142 1607 3198 Dei
1626 3161 1737 3198 sum

131 3238 193 3292 id
235 3239 370 3308 quod
410 3257 522 3294 sum
564 3238 724 3308 (Ibid.
749 3255 796 3292 υ.
838 3238 948 3306 l0).
991 3225 1102 3307 Ego
1124 3233 1572 3307 quidem,inquit,
1596 3239 1736 3289 tanta

131 3329 352 3384 ferebar
374 3331 577 3384 insania
601 3347 616 3394 ;
647 3329 927 3384 inell‘abilis
956 3338 1135 3384 autem
1167 3327 1285 3397 ejus
1307 3327 1518 3382 bonitas
1540 3336 1593 3382 et
1613 3334 1736 3398 gra-

129 3424 208 3477 tia
241 3423 607 3477 remissionem
633 3420 798 3476 dedit.
825 3419 1043 3475 Vidistis
1063 3419 1294 3473 animam
1319 3420 1605 3473 contritam
1634 3459 1650 3484 ,
1681 3427 1736 3473 et

127 3517 447 3571 memoriam
493 3521 830 3584 peccatorum
852 3553 868 3577 ,
913 3528 1032 3583 qua:
1074 3520 1199 3567 ante
1227 3511 1548 3580 baptismum
1580 3525 1731 3566 com-

129 3607 380 3672 miserat,
412 3615 668 3677 perpetuo
700 3604 1164 3660 circumferentem
1191 3603 1213 3656 τ
1238 3602 1387 3657 illum
1409 3611 1465 3657 et
1489 3616 1587 3657 nos
1612 3601 1731 3656 imi-

128 3707 346 3763 temur,
394 3708 448 3752 et
489 3711 676 3751 eorum
719 3711 839 3766 qua:
886 3703 1006 3764 post
1049 3694 1371 3763 baptismum
1414 3694 1732 3749 admisimus

125 3789 371 3859 quotidie
416 3804 683 3844 memores
702 3828 717 3854 ,
749 3788 1110 3856 continuoque
1136 3801 1196 3839 ea
1228 3787 1278 3839 in
1305 3794 1484 3840 mente
1508 3801 1729 3840 versan-

125 3889 213 3933 tes
237 3919 251 3943 ,
281 3894 567 3948 numquam
597 3879 966 3955 permittamus
992 3886 1048 3932 ut
1073 3877 1308 3946 ipsorum
1326 3875 1727 3931 obliviscamur.

125 3969 246 4025 Hoc
275 3970 416 4025 enim
445 3970 652 4025 frenum
677 3970 906 4026 sufficiet
932 3969 998 4023 ad
1026 3968 1418 4024 humiliandum
1440 3981 1560 4036 nos,
1585 3978 1639 4024 et
1658 3968 1725 4022 ad

122 4061 449 4116 modestiam
491 4060 929 4131 ingenerandam.
959 4061 1026 4115 Et
1054 4059 1179 4130 quid
1207 4060 1329 4116 dico
1356 4055 1577 4116 Paulum
1606 4069 1726 4115 tana-

123 4162 242 4207 tum
270 4163 324 4207 et
353 4152 511 4208 talem
543 4154 713 4207 virum
737 4154 759 4206 l
793 4143 884 4207 Vis
915 4153 1098 4208 videre
1126 4151 1287 4206 etiam
1313 4167 1407 4208 eos
1433 4154 1521 4224 qui
1550 4155 1606 4209 in
1629 4168 1725 4209 ve-

122 4246 230 4300 teri
275 4245 390 4315 lege
436 4245 557 4300 hinc
600 4250 830 4300 maxime
869 4247 1208 4310 claruerunt,
1239 4245 1381 4316 quod
1413 4255 1535 4316 post
1564 4247 1724 4301 innu-

122 4350 278 4391 mera
309 4335 444 4389 bona
467 4351 661 4406 opera,
689 4344 744 4391 et
768 4335 1091 4392 ineffabilem
1120 4336 1260 4406 apud
1285 4338 1453 4393 Deum
1476 4331 1722 4395 fiduciam

122 4426 356 4482 modesti
406 4428 639 4482 fuerint?
679 4427 818 4482 Audi
853 4427 979 4498 quid
1026 4427 1170 4482 dicat
1207 4427 1543 4497 patriarcha,
1569 4435 1720 4500 post-

120 4533 286 4588 quam
315 4518 756 4573 consuetudinem
779 4534 899 4572 cum
933 4519 1040 4572 Deo
1069 4517 1287 4583 habuit,
1322 4519 1538 4574 etfacta
1565 4529 1648 4576 est
1667 4522 1718 4576 ei

122 4610 411 4680 promissio
451 4627 466 4664 :
512 4609 626 4684 Ego
665 4621 832 4664 autem
861 4651 877 4677 ,
925 4610 1131 4680 inquit,
1181 4619 1316 4663 terra
1354 4626 1466 4664 sum
1505 4619 1554 4665 et
1591 4612 1719 4667 cinis

121 4694 280 4765 (Gen.
317 4695 545 4766 13.27).

200 4788 253 4842 3.
294 4789 558 4843 Caeterum
601 4787 724 4858 quia
751 4787 802 4840 in
830 4786 1146 4855 patriarehre
1170 4786 1495 4841 mentionem
1523 4784 1716 4841 incidi-

122 4896 249 4938 mus
268 4921 281 4945 ,
305 4881 349 4936 si
373 4880 576 4950 placet,
602 4894 664 4934 ea
686 4894 806 4948 quae
830 4877 988 4932 hodie
1016 4878 1149 4931 lecta
1175 4885 1299 4931 sunt
1318 4918 1334 4944 ,
1355 4891 1717 4946 proponamus

121 4972 336 5029 mritati
375 4979 567 5026 vestrae
589 5011 606 5037 ,
652 4983 758 5039 quo
803 4968 904 5022 illis
930 4967 1209 5037 esplicatis
1234 4967 1509 5021 videamus
1537 4968 1716 5022 excel-

126 5068 324 5122 lentem
353 5063 479 5134 justi
505 5063 772 5116 virtutem.
801 5061 890 5116 3|.
921 5058 990 5113 Et
1015 5061 1206 5129 accepit
1231 5101 1246 5125 ,
1277 5059 1478 5129 inquit,
1514 5053 1714 5112 Tharra

124 5159 317 5212 Abram
352 5165 401 5210 et
427 5154 479 5209 Ν
485 5155 638 5208 achor
667 5154 799 5221 filios
825 5167 943 5206 suos
967 5193 982 5217 ,
1008 5162 1055 5206 et
1082 5141 1176 5206 Lot
1203 5150 1370 5221 ﬁlium
1397 5152 1492 5218 ﬁlii
1517 5152 1596 5206 sui
1625 5167 1644 5206 :
1667 5160 1715 5205 ct

127 5247 316 5304 Soram
355 5263 540 5301 nurum
576 5261 720 5300 suam
739 5285 754 5310 ,
795 5259 1004 5297 uxorem
1027 5252 1194 5295 autem
1222 5237 1372 5296 Abrae
1397 5242 1494 5309 ﬁlii
1522 5245 1602 5295 sui
1621 5283 1634 5305 ,
1666 5252 1715 5296 et

126 5337 304 5392 eduxit
341 5353 424 5390 eos
453 5352 517 5391 ea:
540 5344 674 5389 terra
699 5333 1076 5398 Chaldteorum,
1119 5340 1172 5384 ut
1199 5332 1634 5400 proﬁciscerentur
1659 5333 1713 5385 in

127 5440 312 5483 terram
335 5427 754 5488 Cbanantcorum,
781 5434 826 5478 et
849 5424 980 5479 venit
1000 5439 1154 5492 usque
1171 5422 1239 5474 ad
1263 5419 1514 5488 Gnarum,
1546 5433 1592 5476 et
1621 5423 1713 5475 Ita-

126 5523 300 5575 bitavit
327 5521 451 5574 illic.
481 5519 568 5572 5‘2.
603 5517 669 5571 Et
695 5522 896 5581 fuerunt
915 5531 1085 5569 omnes
1111 5515 1218 5568 dies
1247 5513 1456 5566 Tharra
1475 5514 1528 5566 in
1550 5512 1714 5568 Char-

126 5629 243 5671 ron,
281 5611 401 5664 anni
435 5610 634 5680 ducenti
674 5607 924 5675 quinque,
951 5614 996 5658 et
1029 5615 1254 5658 mortuus
1282 5613 1354 5658 est
1383 5603 1436 5655 in
1460 5603 1706 5656 Charran.

130 5703 376 5759 Animum
404 5701 705 5770 diligenter,
732 5699 976 5759 obsecro.
1008 5698 1072 5752 iis
1100 5712 1218 5768 qua:
1245 5697 1379 5751 lecta
1404 5704 1530 5750 sunt
1553 5695 1710 5750 adhi-

126 5797 348 5850 beamus
370 5834 387 5859 ,
433 5804 489 5847 ut
530 5800 762 5846 mentem
808 5798 1022 5852 eorum,
1053 5803 1172 5856 quae
1194 5789 1244 5842 in
1268 5787 1478 5857 scriptis
1505 5787 1669 5841 latent
1692 5828 1708 5849 ,

132 5883 608 5956 deprehendamus.
643 5875 780 5937 Ecce
809 5880 950 5935 enim
984 5889 1110 5933 mox
1135 5879 1187 5932 in
1217 5877 1476 5949 principio
1499 5875 1709 5931 videtur

1779 507 1793 522 .
1834 469 2081 529 GENES.
2125 474 2355 530 IIOUIL.
2397 475 2591 533 XXXI.

3365 491 3471 547 ειδε

1873 598 1995 639 esse
2041 589 2285 656 quasstin.
2320 581 2452 644 Nam
2483 602 2605 646 cum
2635 592 2725 648 ille
2749 593 2938 652 beatus
2968 596 3223 670 [replicta
3246 644 3262 667 ,
3302 594 3476 661 Moses

1868 675 2082 745 inquam
2109 718 2125 742 ,
2151 678 2343 733 dixerit
2373 698 2386 734 :
2415 681 2620 754 Accepit
2646 682 2849 740 Tharra
2877 688 3064 743 Abram
3085 702 3132 745 ‘et
3155 692 3388 762 Nacltor,
3426 708 3474 752 et

1865 766 2037 820 eduxit
2072 785 2136 822 ex
2162 778 2293 824 terra
2332 771 2712 838 Clialdreorum,
2744 789 2798 830 ut
2827 781 3265 848 proﬁciscerentur
3289 787 3343 841 in
3370 797 3470 842 ter-

1863 872 1973 909 ram
1995 856 2404 942 Chanameorum
2435 878 2454 916 :
2483 874 2529 917 et
2555 865 2687 922 venit
2715 884 2872 937 usque
2893 871 2962 924 ad
2985 870 3238 942 Chanan,
3259 876 3308 931 et
3329 879 3473 933 babi-

1866 947 1986 1039 tavit
2010 947 2117 1002 illic
2140 965 2159 1002 :
2189 933 2379 1006 beatus
2406 952 2711 1023 Stephanus
2738 933 2956 1016 .ludmos
2990 933 3236 1034 laudans,
3263 969 3467 1039 inquit:

1865 1036 2002 1093 Deus
2038 1040 2218 1110 gloria:
2254 1045 2388 1098 visus
2422 1056 2495 1100 est
2522 1049 2654 1115 patri
2681 1062 2852 1105 nostra
2881 1055 3137 1112 Abraham
3155 1095 3171 1124 ,
3202 1076 3317 1114 cum
3336 1036 3472 1118 esset

1864 1130 1917 1183 in
1949 1129 2338 1201 Mesopotamia,
2364 1140 2662 1209 priusquam
2685 1145 2932 1200 habitaret
2959 1149 3010 1201 in
3032 1147 3288 1217 Charran,
3315 1164 3363 1208 et
3389 1157 3468 1210 il—

1865 1221 1996 1317 linc,
2040 1235 2304 1294 postquam
2333 1239 2558 1285 mortuus
2587 1244 2660 1286 est
2694 1246 2837 1297 pater
2861 1239 2971 1309 ejus
2991 1281 3006 1303 ,
3036 1245 3290 1312 proﬁcisci
3309 1248 3469 1317 jussit

1863 1309 2003 1381 (Act.
2048 1315 2100 1368 7.
2143 1315 2197 1368 2.
2228 1318 2308 1387 4).
2340 1319 2477 1386 Quid
2517 1322 2710 1392 igitur?
2738 1309 3072 1388 dissidentne
3101 1309 3354 1406 a‘seipsis
3380 1340 3466 1393 di-

1861 1406 1998 1460 vinte
2041 1406 2374 1478 Scriptum?
2415 1414 2606 1479 Absit;
2648 1419 2743 1472 sed
2795 1436 2859 1475 ex
2902 1422 3004 1478 hoe
3040 1426 3470 1486 animadvertere

1866 1495 2026 1565 licet,
2056 1502 2198 1569 quod
2229 1517 2349 1556 cmn
2379 1503 2518 1558 filius
2545 1508 2826 1578 religiosus
2856 1523 3033 1581 esset,
3063 1517 3207 1573 visus
3233 1521 3284 1574 ei
3316 1521 3457 1577 Dens

1863 1585 2144 1656 imperavit
2184 1602 2240 1646 ut
2283 1592 2406 1648 inde
2444 1596 2716 1665 migraret.
2744 1600 2896 1669 Quod
2928 1613 2986 1659 ut
3008 1609 3224 1676 agnovit
3254 1610 3460 1667 Tharra

1865 1687 2012 1746 pater
2032 1681 2169 1750 ejus,
2201 1683 2325 1739 licet
2353 1686 2582 1743 infidelis
2609 1702 2774 1758 esset,
2797 1704 3030 1752 attamen
3059 1698 3130 1752 ob
3149 1715 3388 1758 amorem
3409 1705 3462 1759 in

1863 1769 2027 1824 lilium
2070 1775 2249 1829 socius
2289 1776 2362 1831 illi
2408 1782 2852 1850 peregrinationis
2897 1802 3016 1843 esse
3059 1791 3246 1845 voluit.
3291 1794 3356 1848 Et
3405 1806 3461 1848 ut

1859 1863 2006 1917 venit
2023 1864 2073 1917 in
2097 1865 2356 1933 Charran,
2373 1884 2437 1924 ac
2461 1871 2566 1927 illic
2584 1873 2840 1931 habitavit
2861 1878 3208 1950 aliquamdiu,
3229 1885 3335 1940 vita
3361 1887 3461 1941 hac

1857 1955 2090 2008 excessit
2122 1973 2133 2008 :
2169 1958 2468 2025 patriarcha
2497 1973 2672 2019 autem
2705 1977 2828 2022 tunc
2849 1969 3074 2038 jubente
3103 1973 3212 2028 Deo
3239 1976 3289 2028 in
3316 1975 3460 2031 Cha-

1859 2058 2102 2099 nanzeam
2117 2051 2404 2105 concessit.
2432 2053 2667 2124 Denique
2697 2068 2803 2112 non
2834 2071 2990 2115 antea
3017 2077 3143 2117 eum
3175 2065 3312 2119 Dens
3336 2069 3460 2122 inde

1855 2136 2117 2203 evocavit,
2133 2137 2304 2194 donec
2322 2153 2564 2198 mortuus
2582 2158 2664 2201 est
2677 2147 2900 2204 Tharra.
2920 2151 3072 2208 Tunc
3085 2155 3230 2209 enim
3256 2157 3344 2212 illo
3366 2159 3460 2213 de-

1855 2223 2056 2321 functo,
2073 2229 2245 2300 inquit
2262 2233 2305 2287 :l
2320 2233 2493 2305 .(Cap.
2507 2239 2524 2290 Ι
2537 2236 2594 2308 2)
2615 2238 2679 2293 Et
2695 2242 2823 2295 dixit
2844 2243 3087 2301 Dominus
3099 2247 3276 2304 Abra:
3294 2249 3456 2321 Egre-

1853 2316 1971 2370 dere
1991 2318 2054 2371 de
2075 2328 2209 2374 terra
2239 2332 2347 2390 tua,
2377 2333 2425 2377 et
2454 2325 2516 2378 de
2541 2334 2839 2398 cognatione
2865 2342 2954 2386 tua
2977 2374 2992 2399 ,
3023 2345 3070 2389 et
3095 2336 3158 2390 de
3184 2316 3456 2408 domo'pa-

1852 2409 1943 2462 tris
1965 2411 2070 2475 tui,
2105 2423 2150 2465 et
2178 2416 2287 2468 veni
2315 2418 2368 2470 in
2400 2426 2584 2472 terram
2610 2438 2761 2487 quam
2793 2438 3136 2483 monstrarem
3162 2432 3268 2484 tibi.
3299 2431 3354 2486 2.
3392 2433 3456 2487 Et

1852 2501 2040 2569 faciam
2066 2512 2113 2555 te
2140 2505 2191 2556 in
2212 2517 2409 2576 gentem
2435 2525 2671 2579 magnam
2695 2527 2715 2566 :
2735 2524 2781 2566 et
2803 2514 3091 2571 benedicam
3118 2519 3241 2589 tibi,
3264 2531 3312 2575 et
3340 2540 3454 2576 ma-

1849 2591 2102 2661 gniﬁcabo
2141 2611 2321 2651 nomen
2352 2608 2524 2668 tuum,
2565 2611 2610 2656 et
2642 2604 2741 2658 eris
2770 2604 3063 2663 benedictus
3087 2626 3106 2674 ,'
3135 2612 3190 2666 5.
3223 2623 3271 2667 et
3298 2614 3442 2670 benc-

1849 2682 2014 2736 dicam
2041 2685 2443 2744 benedicentibu's
2466 2701 2540 2758 te,
2575 2703 2620 2748 et
2650 2696 3004 2753 maledicentes
3030 2712 3076 2754 te
3103 2703 3404 2759 maledicam
3430 2725 3449 2772 ;

1845 2782 1894 2863 et
1915 2773 2269 2832 benedicentur
2298 2781 2350 2834 in
2377 2789 2425 2835 te
2449 2798 2622 2838 omnes
2645 2786 2807 2840 tribus
2835 2797 3000 2844 teme.
3042 2791 3262 2863 Singula
3303 2796 3445 2852 diota

1846 2862 2130 2958 diligenter
2170 2879 2602 2941 perscrutemur,
2646 2886 2702 2931 ut
2748 2879 3052 2951 religiosam
3091 2862 3158 2939 et
3182 2887 3324 2955 piam
3356 2905 3450 2958 pa-

1847 2955 2092 3010 triarcha:
2121 2969 2358 3015 mentem
2382 2963 2677 3021 videamus.

1917 3044 2176 3109 Quantum
2210 3052 2273 3104 sit
2302 3055 2520 3120 patriam
2548 3073 2694 3110 suam
2719 3059 3092 3130 relinquerc.—
3109 3064 3190 3121 Ne
3220 3079 3446 3138 preter-

1841 3149 2030 3226 eamus
2073 3137 2248 3194 obiter
2289 3142 2464 3210 dicta,
2514 3147 2609 3201 sed
2653 3151 3142 3214 animadvertamus
3188 3137 3445 3226 quantum

1843 3223 2048 3294 imperii
2093 3229 2324 3299 pondus.
2354 3231 2644 3301 Egredere,
2675 3239 2880 3310 inquit,
2908 3244 2972 3298 de
2997 3255 3129 3301 terra
3159 3223 3285 3317 tua,
3314 3262 3360 3305 et
3382 3256 3446 3307 de

1840 3319 2138 3386 cognatione
2163 3329 2248 3374 tua
2267 3363 2280 3386 ,
2306 3333 2355 3376 et
2384 3326 2447 3378 de
2468 3327 2617 3381 domo
2643 3333 2805 3398 patris
2829 3334 2931 3400 tui,
2962 3347 3011 3390 et
3035 3339 3146 3392 lieni
3180 3341 3233 3394 in
3257 3352 3444 3398 terram

1836 3428 1988 3480 quam
2021 3427 2364 3472 monstravere
2391 3419 2499 3474 tibi.
2531 3422 2692 3489 Quasi
2718 3425 2923 3482 diceret
2954 3445 2968 3483 :
3000 3429 3262 3503 Relinque
3290 3446 3436 3494 certa

1836 3513 1891 3558 et
1918 3507 2387 3601 omnibusAaperta
2407 3554 2422 3579 ,
2455 3522 2510 3569 et
2537 3515 2675 3586 elige
2700 3520 2868 3589 magis
2901 3522 3102 3578 incerta
3129 3537 3185 3580 et
3213 3543 3318 3583 non
3345 3547 3438 3601 ap-

1837 3597 2098 3665 parentia.
2156 3597 2449 3658 Considera
2502 3608 2773 3675 quomodo
2825 3611 2893 3666 ab
2944 3613 3095 3670 initio
3146 3597 3436 3676 exercetur

1828 3686 2025 3752 justus,
2051 3698 2109 3743 ut
2137 3692 2407 3762 praeeligat
2432 3710 2537 3750 non
2563 3701 2870 3766 apparentia
2896 3718 3006 3772 prze
3026 3712 3426 3777 apparentibus.

1833 3788 1890 3833 et
1915 3777 2086 3834 futura
2135 3795 2244 3852 prae
2292 3785 2357 3839 iis
2384 3801 2503 3857 quas
2527 3787 2578 3840 in
2612 3791 2857 3848 manibus
2900 3806 3045 3850 sunt.
3075 3798 3259 3869 Neqbe
3290 3806 3433 3860 enim

1835 3871 2052 3940 vulgare
2079 3883 2131 3927 et
2160 3882 2378 3942 parvum
2420 3876 2618 3948 aliquid
2645 3891 2760 3935 erat
2789 3883 2861 3947 id,
2889 3887 3032 3956 quod
3062 3889 3112 3944 ei
3145 3900 3200 3946 ut
3231 3893 3431 3952 faceret

1829 3962 2168 4055 praecipiebat
2195 3965 2334 4022 Deus
2355 3984 2366 4018 :
2387 3984 2580 4039 nempe
2597 3979 2654 4025 ut
2675 3980 2869 4029 terram
2893 3977 3239 4050 relinqueret,-
3263 3998 3427 4055 quam

1831 4053 2153 4110 inhabitarat
2191 4065 2337 4111 tanto
2376 4068 2636 4130 tempore,
2669 4073 2723 4120 et
2764 4081 2979 4123 omnem
3023 4053 3426 4143 cognationem.

1827 4153 1882 4200 et
1909 4153 2073 4200 totam
2115 4148 2280 4217 patris
2306 4149 2543 4218 domum,
2587 4153 2791 4225 iretque
2818 4161 3063 4218 nesciens
3091 4173 3146 4219 et
3173 4166 3427 4239 ignorans

1827 4243 2108 4306 qucrsum.
2133 4239 2249 4294 Non
2275 4243 2417 4296 enim
2444 4243 2580 4299 dixit
2598 4247 2668 4312 ei,
2693 4247 2744 4302 in
2766 4263 2923 4320 quam
2945 4255 3216 4324 regionem
3248 4263 3426 4317 trans-

1825 4325 1971 4384 ferre
2010 4342 2132 4384 eum
2177 4332 2356 4398 vellet,
2385 4334 2481 4389 sed
2510 4337 2758 4393 mandato
2784 4341 3062 4400 indefinito
3085 4347 3229 4418 pium
3261 4354 3426 4421 patri—

1824 4421 2042 4476 archam
2081 4425 2341 4479 exercuit.
2383 4424 2506 4481 Veni
2547 4428 2713 4494 enim,
2752 4432 2942 4503 inquit,
2973 4435 3029 4490 in
3057 4447 3241 4492 terram
3271 4457 3425 4511 quam

1825 4519 2165 4568 monstravere
2196 4514 2302 4568 tibi.
2335 4517 2542 4588 Cogita,
2573 4533 2778 4591 quaso,
2811 4524 3026 4594 dilecte,
3054 4544 3214 4598 quam
3252 4533 3424 4588 subli-

1821 4617 1964 4657 mem
2005 4604 2241 4659 animum
2275 4607 2580 4676 requirebat
2608 4611 2710 4668 hoc
2742 4615 3090 4672 mandatum:
3134 4621 3224 4690 qui
3266 4621 3424 4692 plane

1822 4692 1963 4747 nulla
1988 4694 2074 4749 vel
2098 4693 2403 4766 ail'ectione,
2431 4698 2516 4754 vel
2542 4704 2928 4760 consuetudine
2955 4707 3202 4778 impediri
3232 4722 3416 4781 potuc-

1822 4783 1910 4838 rit.
1950 4781 2006 4839 Si
2033 4784 2176 4839 enim
2207 4801 2370 4855 nunc,
2404 4798 2523 4858 post
2559 4799 2700 4845 tanta
2749 4793 3022 4864 religionis
3067 4799 3416 4867 incrementa,

1821 4875 1972 4930 multi
2001 4877 2138 4932 adeo
2164 4885 2285 4934 sunt
2328 4884 2697 4937 censuetudini
2745 4900 2858 4940 sure
2898 4887 3116 4959 alligati,
3147 4901 3205 4945 ut
3244 4895 3422 4961 potius

1819 4966 2006 5030 multa.
2034 4968 2134 5022 etsi
2177 4969 2466 5024 necessitas
2512 4985 2718 5043 urgeat,
2742 4977 3028 5049 omniaque
3057 4981 3199 5038 ferre
3227 4985 3417 5054 velint,

1819 5072 1977 5126 quam
2006 5058 2118 5112 loca
2148 5069 2354 5115 mutare
2393 5061 2445 5115 in
2491 5063 2684 5133 qnibus
2713 5067 2860 5135 pritts
2886 5069 3153 5126 habebant
3189 5077 3407 5131 domiei~

1820 5145 1946 5200 lium
1971 5163 1985 5200 :
2007 5147 2060 5201 id
2083 5150 2224 5217 quod
2255 5158 2356 5205 neu
2381 5153 2553 5206 solum
2579 5171 2608 5209 a
2639 5157 2946 5228 vulgaribus
2969 5161 3273 5221 hominibus
3297 5168 3416 5226 ﬁert

1817 5238 2082 5303 videmus,
2106 5241 2198 5295 sed
2221 5241 2381 5296 etiam
2409 5245 2476 5299 ab
2497 5245 2560 5298 iis
2586 5247 2675 5316 qui
2692 5263 2723 5301 e
2746 5251 2925 5305 medio
2951 5257 3181 5311 tumultu
3207 5259 3414 5330 fugere,

1817 5340 1874 5385 et
1899 5332 2246 5386 monasticam
2277 5335 2438 5388 vitam
2461 5337 2771 5408 delegerunt
2797 5359 2810 5394 ε
2835 5357 3035 5413 quanto
3059 5351 3228 5419 magis
3266 5354 3412 5410 veri—

1816 5422 1991 5476 simile
2018 5433 2133 5477 erat
2151 5424 2352 5491 justum
2383 5426 2528 5481 illum
2556 5429 2624 5482 ad
2665 5430 2766 5486 hoc
2787 5434 3096 5492 mandatum
3121 5440 3412 5499 tardiorem

1818 5512 1974 5570 fore?
2001 5514 2289 5585 Egredere,
2325 5517 2514 5587 inquit,
2546 5530 2599 5576 et
2638 5523 2880 5595 relinque
2913 5538 3189 5598 cognatos,
3227 5542 3282 5588 et
3309 5533 3410 5590 do-

1817 5614 1962 5659 mtsm
1994 5611 2289 5674 paternam,
2321 5617 2376 5662 et
2401 5611 2519 5664 veni
2547 5611 2596 5665 in
2627 5621 2822 5669 terram
2853 5632 3013 5688 quam
3041 5632 3414 5681 monstravere

1817 5695 1930 5750 tibi.
1970 5692 2140 5763 Quem
2172 5708 2276 5750 non
2315 5699 2592 5756 turbarent
2617 5703 2778 5758 verba
2826 5706 2967 5761 ista?
2991 5708 3174 5780 Neque
3212 5713 3410 5780 locum,

1817 5802 1988 5858 neque
2028 5789 2298 5857 regiOnem
2329 5802 2530 5846 certam
2575 5794 2624 5847 ei
2670 5795 2936 5866 designat,
2979 5800 3073 5854 sed
3129 5800 3410 5860 indefinito

1822 5886 2090 5949 praecepto
2117 5889 2351 5935 mentem
2387 5883 2629 5954 explorat
2667 5886 2816 5957 justi.
2863 5889 2998 5946 Nam
3032 5892 3076 5947 si
3101 5894 3221 5966 quis
3247 5895 3408 5965 alius,
