4080 6502
735 501 836 553 987

730 623 785 666 et
809 625 842 666 e
880 610 1035 679 vulgo
1075 608 1259 663 luisset
1303 608 1346 664 is
1372 607 1459 678 qui
1488 605 1788 661 simulatam
1814 606 2038 676 accepit,
2074 606 2292 660 dixisset

732 702 949 770 utique:
997 700 1160 766 Esto;
1188 699 1446 770 pmipis,
1489 707 1549 754 ut
1574 697 1864 768 relinquam
1910 707 2106 754 terram
2132 713 2290 767 quam

730 792 988 858 inltabito,
1015 791 1395 862 cognationem,
1425 789 1640 844 domum
1663 798 1936 858 paternam
1962 807 1975 842 :
1998 804 2161 860 quare
2186 802 2290 843 non

727 884 887 938 etiam
913 884 1082 938 locum
1102 881 1360 946 declaras,
1382 881 1434 934 in
1456 895 1614 950 quem
1633 895 1718 935 me
1747 879 2007 949 proﬁcisci
2030 881 2202 949 jubes,
2233 889 2292 934 ut

726 975 1005 1028 certiorem
1067 987 1152 1028 me
1205 971 1397 1026 reddas
1436 981 1691 1040 quantum
1734 973 1803 1026 sit
1843 973 1941 1026 iter
1988 972 2290 1042 agendum?

727 1065 877 1122 Unde
901 1065 1042 1120 enirn
1072 1078 1226 1119 nosse
1251 1065 1450 1119 valeam
1474 1063 1593 1130 hac,
1615 1078 1773 1134 quam
1799 1065 2062 1135 relinquo,
2082 1063 2288 1118 uberio-

725 1169 836 1208 rem
859 1164 913 1209 et
942 1156 1358 1224 prastantiorem
1386 1155 1528 1208 illam
1555 1154 1712 1208 esse?
1743 1154 1813 1209 At
1832 1155 2003 1224 justus
2036 1152 2163 1208 nihil
2193 1155 2287 1208 ho-

723 1259 841 1297 rum
863 1245 945 1298 vel
973 1243 1125 1304 dixit,
1149 1243 1230 1298 vel
1260 1243 1504 1312 cogitavit
1529 1261 1543 1296 :
1574 1243 1666 1298 sed
1696 1244 1980 1313 respiciens
2000 1242 2066 1298 ad
2087 1243 2287 1312 magni-

723 1332 956 1388 tudinem
985 1347 1170 1387 eorum
1194 1347 1311 1400 qua
1339 1333 1592 1400 imperata
1622 1342 1792 1398 erant,
1827 1333 1892 1386 iis
1931 1348 2049 1402 quae
2087 1334 2138 1386 in
2168 1348 2282 1386 ma-

722 1423 877 1476 nibus
904 1421 1129 1477 habebat
1172 1423 1367 1478 incerta
1399 1422 1728 1493 praeferebat.
1758 1423 1914 1492 Atqui
1956 1424 2002 1478 si
2041 1438 2146 1478 non
2177 1433 2281 1478 tam

719 1525 1032 1577 generosum
1058 1511 1322 1580 spiritum,
1355 1527 1452 1568 nec
1479 1523 1582 1566 tam
1610 1511 2024 1581 philosophicnm
2051 1523 2280 1567 mentem

721 1600 986 1654 habuisset
1010 1642 1025 1665 ,
1065 1615 1164 1656 nec
1205 1601 1468 1656 didicisset
1503 1616 1599 1671 per
1633 1601 1806 1654 omnia
1846 1601 1955 1655 Deo
1992 1601 2280 1670 parendum

717 1705 870 1753 esse;
910 1689 1096 1746 luisset
1123 1700 1295 1745 tamen
1325 1692 1371 1744 ei
1400 1698 1456 1745 et
1479 1690 1618 1744 aliud
1646 1693 1807 1746 etiam
1834 1691 2004 1760 ipsum
2028 1707 2132 1745 non
2156 1705 2279 1760 par-

718 1795 840 1834 vum
866 1781 1328 1850 impedimentum;
1357 1795 1546 1849 nempe
1570 1795 1714 1835 mors
1742 1781 1924 1851 patris.
1951 1781 2107 1836 Scitis
2133 1782 2278 1837 enim

716 1870 908 1924 multos
935 1885 1298 1939 sa-penumero
1338 1881 1552 1940 propter
1588 1871 1828 1941 sepulcra
1853 1882 2194 1940 cognatorum
2225 1874 2276 1929 in

714 1960 817 2015 illis
853 1961 981 2014 locis
1007 1961 1142 2016 mori
1169 1960 1424 2031 deligere,
1467 1961 1554 2016 ubi
1594 1971 1842 2032 parentes
1869 1978 2052 2017 eorum
2083 1964 2276 2018 mortui

711 2061 766 2103 et
790 2051 977 2119 sepulti
1002 2058 1145 2104 sunt.

780 2141 834 2196 ι.
869 2138 1162 2195 Verisimile
1183 2140 1337 2210 igitur
1354 2147 1468 2194 erat
1489 2147 1544 2194 et
1566 2145 1764 2208 justum
1786 2139 1925 2195 hunc
1945 2181 1962 2206 ,
1985 2140 2083 2194 nisi
2110 2139 2276 2197 Deum

708 2228 992 2298 plurimum
1011 2237 1271 2293 amasset,
1307 2229 1424 2282 talia
1456 2229 1688 2298 potuisse
1714 2230 1945 2298 cogitare
1969 2246 1983 2282 :
2012 2229 2149 2284 Ecce
2177 2246 2275 2300 pa-

709 2329 791 2374 ter
815 2327 1030 2389 propter
1067 2333 1218 2372 suum
1246 2319 1298 2372 in
1330 2333 1414 2373 me
1457 2333 1692 2374 amorem
1719 2334 1751 2375 e
1775 2320 1934 2375 domo
1962 2335 2056 2375 sua
2094 2323 2272 2390 prole-

705 2419 854 2474 ctus,
876 2408 1127 2479 pristinas
1155 2409 1564 2464 consuetudines
1588 2410 1848 2479 despexit.
1878 2420 1934 2466 et
1957 2413 2274 2483 contemptis

705 2497 951 2552 omnibus
977 2497 1082 2552 huc
1109 2512 1273 2568 usque
1296 2499 1476 2563 venit;
1505 2501 1654 2570 quasi
1681 2500 1878 2556 diceret
1902 2519 1916 2554 :
1946 2501 2164 2573 Propter
2188 2520 2273 2560 me

703 2589 758 2642 in
785 2588 952 2644 aliena
981 2596 1120 2644 terra
1145 2591 1249 2644 vita
1270 2589 1547 2645 defunctus
1568 2599 1649 2644 est
1676 2609 1691 2648 :
1720 2607 1820 2662 ego
1843 2603 2019 2647 autem
2045 2609 2148 2648 non
2172 2595 2266 2650 da-

703 2685 855 2732 turus
879 2691 995 2732 sum
1035 2692 1274 2748 operam,
1319 2688 1376 2732 ut
1404 2689 1519 2748 post
1548 2690 1770 2736 mortem
1809 2697 1903 2750 par
1928 2685 1975 2737 ei
2017 2684 2229 2738 reddam
2251 2727 2266 2750 ,

703 2767 800 2823 sed
847 2769 1032 2824 relicto
1081 2785 1201 2825 cum
1251 2772 1562 2841 cognatione
1608 2773 1774 2841 patris
1819 2775 2098 2842 sepulcro,
2149 2777 2271 2833 hinc

701 2860 929 2915 abeam?
956 2861 1111 2930 Atqui
1140 2863 1268 2917 nihil
1296 2861 1482 2916 horum
1522 2863 1844 2918 alacritatem
1871 2865 1986 2934 ejus
2017 2871 2269 2923 remorari

701 2951 868 3020 potuit
901 2969 914 3004 :
957 2951 1050 3006 sed
1080 2951 1256 3006 omnia
1296 2952 1429 3008 levia
1473 2961 1526 3007 et
1568 2951 1738 3009 facilia
1781 2955 1830 3008 ei
1859 2960 2270 3025 reprteseutabat

698 3057 825 3096 suus
854 3043 906 3096 in
938 3041 1101 3096 Deum
1127 3057 1297 3098 amor.
1320 3042 1586 3098 fortassis
1611 3053 1665 3098 et
1690 3044 1816 3098 illud
1848 3056 2024 3101 mente
2051 3057 2270 3102 tractas-

699 3139 814 3196 set,
845 3132 1101 3201 siquidem
1142 3131 1386 3187 humanis
1414 3132 1707 3187 rationibus
1733 3149 1820 3188 res
1857 3149 1978 3190 suas
2007 3137 2268 3192 mlerari

701 3220 951 3273 voluisset
975 3238 989 3274 :
1020 3219 1078 3273 in
1110 3219 1206 3274 hac
1230 3227 1404 3286 aetate,
1431 3236 1532 3291 qua
1571 3236 1710 3276 nunc
1739 3221 1806 3275 ad
1837 3232 2151 3291 postremam
2181 3242 2266 3280 se-

701 3318 909 3363 nectam
950 3310 1129 3374 tcsnlo,
1152 3325 1401 3380 quorsum
1445 3313 1686 3368 abiturus
1722 3314 1880 3368 sum?
1908 3330 2012 3369 non
2054 3318 2266 3372 fratrem

698 3413 907 3453 mecum
947 3399 1166 3464 ducens,
1197 3415 1367 3469 neque
1395 3410 1647 3470 cognatos
1674 3417 1879 3456 mecum
1911 3403 2110 3460 habens
2128 3445 2144 3470 ,
2175 3409 2266 3461 sed

694 3489 764 3544 sb
787 3488 1029 3544 erunibus
1053 3488 1455 3558 consanguineis
1483 3499 1862 3560 sequestratus.
1886 3494 2156 3561 quomodo
2179 3511 2267 3549 so-

697 3582 902 3636 litarius
930 3590 984 3636 et
1008 3582 1315 3651 peregrinus
1340 3583 1391 3635 in
1423 3591 1618 3637 terram
1645 3583 1869 3637 alienam
1899 3599 2134 3655 pergam,
2167 3600 2260 3639 ne-

697 3672 840 3726 scius
883 3671 968 3727 ubi
999 3671 1210 3725 errandi
1251 3671 1372 3725 linis
1398 3671 1601 3727 futurus
1625 3672 1735 3727 sit?
1759 3673 1908 3739 Quod
1937 3675 1981 3728 si
2013 3675 2191 3730 medio
2212 3678 2267 3730 in

697 3761 887 3815 itinere
911 3761 1180 3829 contingat
1201 3775 1285 3816 me
1311 3761 1414 3815 vita
1440 3761 1675 3832 defungi,
1702 3778 1819 3831 qua:
1851 3772 2008 3818 tanta:
2038 3767 2263 3820 miseriae

696 3851 854 3904 fuerit
883 3851 1118 3906 utilitas?
1143 3853 1260 3920 quis
1286 3867 1370 3906 me
1391 3860 1654 3906 mortuum
1678 3854 1881 3907 curabit
1905 3868 2108 3921 senem,
2141 3871 2262 3925 per-

694 3942 1240 4009 egrinum,carentem
1285 3941 1533 4002 civitate,
1591 3953 1860 3996 carentem
1897 3945 2094 3998 domo?
2136 3945 2267 3999 For-

698 4030 852 4082 tassis
904 4045 1036 4092 uxor
1084 4030 1284 4084 vicinos
1328 4031 1600 4095 exorabit,
1651 4040 1706 4084 ut
1754 4033 2262 4090 commiserationem

693 4119 976 4188 quamdam
1001 4121 1052 4173 in
1075 4136 1160 4174 me
1187 4121 1489 4186 exhibeant,
1517 4131 1570 4175 et
1585 4122 1725 4190 jnsta
1755 4139 1820 4177 ex
1852 4125 2098 4179 collatitia
2129 4130 2264 4198 stipe

696 4210 868 4264 faciet.
887 4210 1094 4277 Quanto
1120 4211 1283 4264 satius
1313 4210 1488 4276 luerit,
1510 4221 1565 4264 ut
1593 4214 1704 4282 ipse
1735 4215 1877 4270 brevi
1907 4217 2044 4285 quod
2074 4233 2260 4288 supcr-

697 4308 774 4351 rst
801 4309 1037 4367 tempore
1076 4298 1161 4352 hic
1191 4300 1429 4353 residens
1479 4302 1638 4354 vitam
1682 4305 1982 4370 terminem,
2021 4322 2179 4376 quam
2217 4309 2261 4363 si

695 4404 854 4443 senex
889 4389 1011 4442 hinc
1051 4397 1107 4443 et
1133 4389 1253 4443 inde
1295 4405 1469 4459 vager,
1500 4399 1554 4444 et
1580 4394 1814 4446 omnium
1844 4397 2147 4452 scommatis
2177 4398 2261 4452 in~

696 4491 894 4541 cessar,
921 4476 1011 4546 qui
1030 4493 1200 4546 neque
1226 4479 1274 4530 in
1300 4489 1454 4532 male
1476 4479 1564 4533 illa
1589 4481 1795 4549 quietus
1818 4483 2009 4544 vivam.
2032 4485 2124 4541 sed
2146 4487 2260 4541 loca

697 4567 828 4620 locis
853 4577 1080 4629 mutans,
1110 4568 1292 4622 nullibi
1320 4569 1640 4623 subsistant?
1668 4570 1929 4627 Caeterum
1964 4575 2136 4643 justus
2164 4578 2260 4632 iste

697 4656 828 4710 nihil
858 4655 1046 4709 horum
1088 4656 1366 4726 cogitavit.
1396 4657 1489 4712 sed
1528 4661 1846 4729 prmcipicnti
1874 4663 2088 4719 obedire
2122 4667 2262 4719 testi-

695 4745 857 4799 navit.
896 4744 1001 4800 Sed
1030 4748 1163 4801 lortc
1201 4745 1391 4801 dixerit
1418 4748 1713 4817 quispiam:
1753 4750 1832 4804 Ad
1871 4751 2258 4809 incitamentum

696 4836 824 4889 satis
853 4833 948 4888 luit
972 4837 1043 4900 ei,
1083 4834 1204 4888 Veni
1233 4837 1284 4888 in
1310 4845 1495 4890 terram
1523 4854 1674 4906 quam
1701 4839 1787 4891 tibi
1816 4850 2189 4906 monstrarem;
2216 4853 2263 4898 et

694 4923 882 4990 faciam
922 4933 967 4978 te
991 4925 1039 4978 in
1069 4935 1262 4994 gentem
1290 4943 1553 4995 magnam,
1587 4938 1631 4981 et
1662 4929 1945 4982 benedicam
1969 4941 2033 4983 te.
2070 4933 2260 4988 Verum

693 5011 832 5066 istud
862 5012 1050 5081 ipsum,
1075 5014 1170 5068 nisi
1195 5015 1310 5082 pius
1331 5014 1532 5081 luisset,
1559 5019 1685 5071 satis
1705 5029 1820 5074 erat
1845 5019 1910 5074 ad
1935 5021 2259 5077 reddendum

694 5116 816 5156 eum
847 5103 1167 5171 segniorem,
1199 5115 1252 5158 et
1285 5104 1350 5158 ad
1373 5105 1724 5162 obedientiam
1749 5109 1911 5178 magis
1935 5113 2262 5168 cunctabun-

693 5193 840 5247 dum.
872 5193 1002 5248 Nam
1033 5195 1078 5248 si
1105 5209 1243 5248 unus
1272 5196 1470 5266 aliquis
1491 5213 1522 5251 e
1549 5199 1704 5267 vulgo
1730 5199 1936 5267 fuisset,
1962 5204 2138 5260 dicere
2163 5222 2261 5275 po-

694 5284 876 5338 tuisset
898 5302 913 5338 :
939 5285 1113 5352 Quare
1141 5302 1226 5340 me
1256 5301 1474 5356 peregre
1501 5288 1760 5357 proﬁcisci
1776 5292 1952 5359 jubes,
1979 5303 2035 5348 et
2059 5296 2109 5349 in
2131 5297 2259 5350 alie-

693 5386 814 5426 nam
843 5381 1034 5428 terram
1058 5374 1310 5438 abducis?
1338 5392 1500 5444 quare
1521 5381 1562 5430 si
1590 5393 1673 5431 me
1693 5394 1937 5449 magnum
1960 5382 2136 5439 lacere
2156 5387 2254 5452 vis,

693 5477 799 5518 non
828 5464 912 5518 hic
939 5480 1181 5535 magnum
1222 5467 1391 5520 lacis?
1423 5484 1586 5535 quare
1614 5469 1664 5522 in
1695 5471 1852 5525 domo
1891 5483 2104 5541 paterna
2139 5493 2255 5532 ver-

693 5563 922 5618 santem,
960 5564 1045 5608 tua
1074 5555 1438 5610 benedictione
1462 5572 1565 5610 non
1595 5557 1866 5627 dignaris?
1890 5562 2037 5628 Quod
2063 5565 2107 5620 si
2132 5581 2259 5619 con-

693 5644 858 5713 tingat
906 5645 1203 5714 priusquam
1249 5646 1550 5713 perveniam
1591 5646 1640 5698 in
1671 5649 1839 5702 locum
1879 5665 2034 5720 quem
2069 5653 2254 5720 jubes,

696 5734 1034 5804 defatigatum
1065 5751 1148 5790 me
1179 5735 1380 5791 itineris
1409 5737 1676 5793 laboribus
1706 5742 1895 5808 perire,
1925 5753 1977 5796 et
2006 5743 2162 5798 vitam
2194 5746 2255 5798 ll-

698 5824 830 5891 ttire,
857 5838 974 5894 qua:
1005 5823 1130 5878 mihi
1160 5841 1221 5878 ex
1252 5826 1523 5896 promissis
1549 5827 1789 5884 utilitas?
1815 5831 1888 5885 At
1911 5829 2041 5887 nihil
2063 5832 2252 5890 horum

1436 493 1492 548 S.
1528 489 1804 547 JOANNIS
1841 489 2307 546 CIIRYSOSTOII
2346 488 2657 544 ARCHIEP.
2698 489 3226 548 CONSTANTINOP.
3863 498 3950 554 283

2396 601 2480 656 vel
2508 602 2559 656 in
2591 613 2768 658 mente
2804 604 3196 674 suscipiendum
3221 608 3449 671 censuit,
3477 609 3594 673 sed,
3636 609 3776 664 sicut
3805 614 3952 669 fidelis

2395 704 2601 758 servus,
2647 692 2713 748 ad
2758 694 2929 750 solum
2971 694 3252 765 imperium
3293 697 3546 766 obedivit,
3587 700 3719 755 nihil
3762 703 3956 759 curiose

2394 797 2660 852 quarens,
2691 785 3007 855 nullumque
3021 787 3162 842 aliud
3203 789 3468 858 negotium
3499 798 3845 859 praetexens;
3879 796 3955 849 sed

2393 873 2794 942 obtemperavit,
2839 885 3046 930 certum
3075 877 3296 942 habens,
3346 882 3652 951 neutiquam
3699 885 3957 940 mendacia

2391 978 2513 1020 esse
2547 965 2637 1020 Dei
2665 967 2958 1035 promissa:
2993 966 3058 1022 Et
3094 970 3282 1040 {aciein
3310 981 3358 1024 te
3387 973 3441 1024 in
3476 984 3676 1043 gentem
3713 992 3956 1046 asangm,

2391 1054 2579 1125 inquit,
2604 1066 2650 1110 et
2675 1058 2960 1113 benedicens
2986 1070 3052 1125 te,
3089 1071 3135 1115 et
3166 1062 3494 1131 stagni/imber
3519 1079 3705 1117 nomen
3739 1075 3900 1126 tnnss,
3924 1079 3959 1119 et

2387 1145 2485 1199 eris
2512 1145 2814 1202 benedictus.
2841 1148 3083 1218 Magnum
3113 1151 3475 1219 promissionis
3498 1154 3732 1221 pondus.
3764 1154 3959 1207 Farina

2388 1242 2455 1297 te,
2506 1236 2692 1304 inquit,
2740 1238 2794 1291 in
2837 1251 3032 1308 gentem
3074 1257 3329 1311 magnoin,
3373 1252 3420 1296 et
3462 1244 3759 1297 benedicens
3810 1257 3883 1308 te,
3921 1262 3958 1299 et

2387 1325 2722 1394 magniﬁcae
2749 1343 2931 1382 nomen
2957 1339 3118 1382 lnnsn.
3149 1329 3264 1384 Non
3307 1331 3477 1385 solum
3500 1334 3647 1401 genti
3680 1348 3892 1402 magna
3917 1347 3958 1388 te

2385 1413 2690 1482 pacticiam.
2707 1424 2762 1471 et
2787 1431 2976 1471 nomen
3000 1428 3146 1473 tuum
3161 1420 3411 1474 extollam
3436 1437 3451 1473 ε
3473 1420 3566 1474 sed
3585 1431 3641 1476 et
3663 1419 3958 1476 Benedic:-

2384 1511 2451 1566 te,
2479 1513 2524 1555 et
2552 1505 2650 1560 eris
2672 1506 2976 1560 benedictus.
3008 1506 3087 1561 Ne
3117 1517 3289 1576 putes,
3328 1509 3541 1574 dilecte,
3575 1527 3789 1566 meram
3823 1530 3959 1581 repe-

2385 1593 2621 1650 titionem
2644 1609 2783 1662 esse,
2811 1604 2866 1650 et
2895 1596 3033 1650 idem
3054 1597 3135 1652 bis
3163 1597 3408 1665 proferri,
3431 1614 3553 1653 cum
3581 1600 3791 1657 dicitur
3811 1603 3956 1657 Bene-

2383 1685 2551 1740 dicens
2592 1697 2673 1752 te,
2701 1695 2752 1742 et
2792 1688 2892 1743 eris
2940 1689 3238 1743 benedictus.
3274 1690 3435 1745 Tanta
3466 1693 3607 1746 enim
3643 1703 3718 1757 te,
3767 1696 3952 1765 inquit.

2383 1775 2746 1871 benedictione
2777 1778 3064 1871 dignabor,
3113 1781 3280 1871 uqilla
3310 1781 3363 1835 in
3404 1797 3563 1838 omne
3585 1787 3858 1839 malum
3899 1787 3956 1839 sit

2381 1864 2652 1921 duratura.
2697 1864 2813 1921 Eris
2851 1869 2994 1922 enim
3023 1864 3328 1934 benedictus,
3355 1872 3425 1925 ita
3453 1881 3510 1925 ut
3545 1887 3745 1930 onsnes
3774 1878 3954 1930 mni

2383 1952 2600 2009 honoris
2640 1956 2757 2010 loco
2795 1955 3023 2012 habituri
3069 1959 3196 2023 sint,
3225 1961 3270 2015 si
3314 1960 3393 2016 eis
3421 1970 3596 2016 tecnm
3628 1962 3954 2018 familiaritas

2379 2048 2668 2116 contingat.
2689 2045 2843 2102 Vides
2867 2048 3134 2118 quomodo
3156 2059 3312 2105 antea
3335 2059 3389 2105 et
3415 2050 3483 2104 ab
3507 2053 3660 2107 initio
3689 2055 3743 2108 ei
3779 2057 3952 2122 pradi-

2378 2135 2450 2188 cit
2492 2137 2782 2192 claritatem
2810 2151 2966 2206 quam
3007 2138 3080 2193 illi
3107 2139 3329 2195 daturus
3353 2150 3487 2195 erat.
3524 2141 3748 2196 Facient
3779 2156 3846 2206 te,
3881 2149 3952 2198 in-

2378 2225 2513 2292 quit,
2542 2225 2594 2278 in
2621 2236 2815 2296 gentem
2843 2243 3099 2298 mugirent,
3129 2239 3176 2283 et
3205 2230 3536 2300 magniﬁcabo
3564 2249 3752 2285 nomen
3785 2246 3950 2298 tum,

2377 2323 2425 2367 et
2451 2315 2736 2369 benedicens
2765 2326 2830 2380 te,
2858 2327 2906 2370 et
2931 2320 3030 2372 eris
3053 2320 3353 2372 benedicta.
3386 2319 3586 2376 Idcirco
3609 2333 3664 2376 et
3689 2319 3868 2379 ιηάεί
3897 2325 3954 2376 de

2377 2405 2672 2472 patriarcha
2695 2405 3063 2475 superbientes
3103 2407 3348 2462 volebant
3369 2424 3429 2464 se
3466 2409 3518 2464 in
3557 2410 3678 2481 ejus
3703 2412 3955 2468 familia.

2377 2495 2669 2561 intrudere,
2694 2508 2748 2552 et
2772 2496 3017 2554 dicebant
3048 2516 3062 2552 :
3094 2497 3218 2554 Filii
3249 2501 3502 2553 Acr-Itan
3525 2517 3722 2557 manu.
3757 2502 3866 2558 Sed
3905 2512 3956 2558 ut

2375 2585 2580 2640 discant
2607 2601 2666 2642 se
2695 2597 2911 2658 propter
2939 2589 3107 2644 malos
3130 2604 3306 2645 mores
3334 2590 3578 2661 indignos
3604 2606 3729 2647 esse
3758 2593 3850 2647 illa
3880 2593 3951 2648 la-

2376 2677 2517 2730 milia
2547 2686 2602 2731 et
2626 2692 2837 2748 genere,
2856 2677 2985 2733 dicit
3003 2680 3082 2734 eis
3105 2678 3385 2736 Christus:
3417 2681 3477 2736 Si
3497 2683 3594 2749 ﬁlii
3621 2683 3852 2737 Atr-hc
3874 2700 3949 2738 es-

2374 2767 2512 2831 setis,
2555 2783 2709 2837 opere
2751 2768 2967 2823 Abram:
3006 2770 3236 2838 faceretis
3278 2772 3447 2841 aliqu
3492 2773 3682 2841 (locis.
3719 2773 3779 2829 8.
3826 2773 3951 2842 39).

2373 2854 2604 2911 Joannes
2643 2870 2872 2928 quoque,
2918 2858 3188 2915 Zachariae
3216 2859 3373 2925 ﬁlius,
3403 2876 3525 2916 cum
3556 2862 3626 2914 ad
3665 2861 3954 2919 lonia-em

2373 2925 2977 3021 conﬂuereul‘baptisari
3005 2953 3296 3021 cupientes,
3337 2953 3548 3008 dicebat
3591 2955 3712 3009 eis:
3761 2954 3953 3026 rw

2372 3041 2480 3093 nica
2517 3041 2817 3110 viperarum,
2861 3043 2972 3112 quis
2997 3044 3291 3096 monstras-it
3335 3042 3470 3098 nobis
3504 3043 3679 3115 {agere
3708 3063 3747 3098 ε
3783 3047 3955 3116 [νινε

2371 3128 2493 3182 ira?
2533 3127 2709 3183 Facite
2741 3131 2895 3199 igitur
2932 3133 3153 3201 fructum
3197 3132 3404 3202 dignun
3445 3133 3775 3203 pmilenlic,
3820 3145 3872 3190 et
3901 3154 3956 3189 ns

2373 3224 2690 3290 prcsuusstis
2731 3223 2913 3287 dicere,
2963 3220 3171 3277 Patrem
3214 3225 3454 3278 habent“
3499 3225 3782 3280 Abraham.
3829 3225 3955 3280 Dies

2372 3311 2504 3363 enirn
2527 3311 2682 3374 vobis,
2714 3311 2847 3380 qnod
2874 3321 3032 3381 potest
3063 3310 3200 3365 Dens
3226 3328 3288 3366 at:
3313 3313 3565 3382 lapidibus
3595 3315 3704 3368 istis
3730 3319 3953 3370 excitare

2372 3401 2506 3468 ﬁlios
2557 3400 2772 3454 Abrelus
2837 3401 3064 3471 (ιιααιι.
3106 3403 3160 3456 3.
3201 3403 3376 3475 7-9),
3417 3403 3630 3459 Vidistis
3675 3407 3952 3473 quomodo

2371 3503 2619 3558 magnum
2658 3489 2798 3559 apud
2833 3504 3021 3545 omnes
3056 3491 3175 3560 ejus
3222 3481 3414 3547 nomen
3454 3491 3648 3548 luerit?
3690 3493 3802 3551 Sed
3831 3506 3952 3550 ante

2369 3589 2618 3633 eventum
2639 3580 2769 3649 justi
2796 3582 2964 3649 pietas
3001 3591 3344 3646 monstratur,
3381 3583 3646 3653 quomodo
3671 3584 3835 3642 dietis
3863 3589 3950 3642 Dei

2369 3667 2678 3734 crediderit,
2728 3678 2784 3725 et
2831 3672 3009 3726 omnia
3051 3686 3170 3740 qua:
3218 3673 3527 3728 videbantur
3571 3690 3692 3731 esse
3732 3678 3946 3748 gravia,

2371 3771 2558 3826 magna
2581 3755 2837 3816 facilitate
2858 3760 3170 3829 susceperit.
3200 3761 3262 3815 Et
3285 3763 3593 3829 bent-dicam,
3624 3766 3834 3835 inquit,
3859 3769 3946 3821 be-

2368 3846 2656 3902 nedicentes
2680 3853 2747 3911 te,
2766 3855 2815 3901 et
2845 3849 3190 3905 maledicentes
3216 3863 3264 3905 te
3292 3853 3587 3908 maledicam
3615 3871 3636 3907 :
3660 3867 3711 3909 et
3737 3860 3943 3912 benedi-

2369 3947 2542 3989 centur
2564 3938 2616 3988 in
2646 3945 2693 3991 te
2716 3954 2889 3994 omnes
2915 3941 3070 3996 tribus
3097 3952 3261 3997 terra.
3292 3944 3421 4000 Vide
3453 3947 3726 4016 quomodo
3754 3959 3945 4006 atteru-

2371 4035 2521 4094 perat
2546 4038 2845 4082 sermonem
2874 4029 3034 4098 Deus,
3055 4042 3108 4086 et
3124 4043 3378 4102 quantum
3407 4039 3654 4092 amicitia:
3687 4054 3948 4097 monstrat

2321 4135 2324 4138 η
2369 4126 2757 4184 argumentum.
2793 4118 2933 4184 Illos,
2964 4123 3152 4190 inquit,
3181 4128 3381 4180 amicos
3409 4128 3634 4193 habebo,
3663 4132 3758 4200 qui
3787 4133 3950 4187 bene-

2369 4208 2488 4261 vole
2513 4223 2635 4277 erga
2676 4217 2730 4262 te
2765 4220 2920 4263 erunt
2957 4213 3167 4268 allecti:
3194 4225 3249 4270 et
3287 4217 3401 4272 illos
3433 4209 3672 4275 inimicos
3717 4223 3946 4284 habebo.

2367 4297 2455 4366 qui
2487 4312 2608 4367 erga
2631 4305 2683 4352 te
2713 4302 2980 4354 contrario
3005 4302 3163 4356 modo
3189 4316 3346 4359 erunt
3369 4308 3542 4362 allecti
3565 4327 3580 4362 :
3611 4313 3659 4364 id
3687 4314 3836 4381 quod
3870 4319 3948 4368 vis

2369 4388 2458 4441 lilii
2487 4403 2610 4458 erga
2642 4399 2818 4457 patres
2847 4391 3142 4447 iaciendum
3169 4407 3435 4462 putarent,
3480 4410 3534 4453 ut
3558 4404 3776 4458 eosdem
3813 4425 3950 4474 quin

2366 4477 2440 4532 illi
2469 4478 2724 4534 haberent
2750 4480 2950 4536 amicos
2977 4489 3033 4536 et
3057 4484 3318 4540 inimicos.
3351 4487 3580 4544 Maxima
3601 4532 3616 4553 ,
3648 4491 3878 4563 dilecti,
3901 4499 3948 4551 tu

2366 4568 2719 4638 patriarcham
2748 4569 2837 4626 Dei
2863 4573 2976 4627 lucc
2999 4584 3077 4628 cst
3107 4574 3493 4634 benevolentia.
3521 4578 3645 4635 Illos
3668 4588 3842 4650 enim,
3876 4591 3951 4639 iu~

2366 4658 2497 4728 quit,
2528 4658 2858 4722 benedicam.
2883 4666 2970 4732 qui
2998 4665 3310 4720 bcnedicent
3336 4670 3428 4723 tibi
3457 4687 3469 4722 :
3497 4679 3551 4725 et
3576 4672 3697 4726 illos
3726 4678 3952 4733 ualedi-

2365 4766 2503 4815 eam,
2530 4752 2619 4821 qui
2649 4753 2967 4809 maledi‘ceut
2990 4756 3083 4809 tibi
3116 4774 3130 4809 :
3164 4757 3229 4812 Et
3249 4759 3597 4815 benedicentur
3622 4766 3676 4818 in
3704 4777 3750 4822 te
3772 4786 3949 4823 omnes

2367 4840 2521 4893 tribus
2547 4851 2710 4896 terra.
2743 4842 2877 4897 Ecce
2906 4853 2962 4899 et
2988 4845 3206 4902 alterius
3235 4849 3569 4907 liberalitatis
3607 4855 3948 4914 additamen-

2366 4937 2494 4983 tum.
2537 4930 2736 4986 Omnes
2760 4936 2899 4988 enim
2928 4935 3093 4990 tribus
3139 4947 3296 4994 terrm
3338 4943 3625 5007 enitemur,
3674 4959 3734 5001 ut
3761 4949 3819 5004 in
3860 4962 3949 5006 tuo

2364 5019 2578 5075 nomine
2603 5022 3000 5095 benedicantur,
3023 5036 3078 5083 et
3102 5043 3190 5084 res
3212 5044 3336 5086 suas
3360 5041 3446 5086 tua
3467 5035 3834 5104 appellatione
3857 5041 3948 5095 ho-

2366 5112 2623 5166 nestiores
2645 5112 2855 5168 faciant.

2436 5202 2488 5256 5.
2516 5203 2770 5268 Audistis,
2796 5204 2994 5271 dilecti,
3017 5210 3188 5277 qualia
3211 5211 3487 5279 imperavit
3510 5215 3763 5272 Dominus
3786 5220 3948 5276 Chai-

2363 5290 2481 5344 dzuo
2506 5292 2642 5358 seni,
2665 5295 2752 5363 qui
2784 5310 2956 5366 neque
2985 5298 3151 5368 legem
3175 5314 3413 5365 noverat,
3445 5321 3616 5374 neque
3649 5309 3946 5378 propheta-

2365 5397 2478 5435 rum
2510 5383 2708 5452 legerat
2735 5386 2977 5441 vaticinia
3005 5389 3046 5452 ί,
3074 5405 3244 5460 neque
3273 5392 3429 5448 ullam
3455 5397 3609 5450 aliain
3638 5400 3943 5456 doctrinam

2361 5475 2680 5539 acceperat?
2709 5475 2922 5530 Vidistis
2947 5489 3141 5552 quanta
3169 5494 3550 5552 praeceptorum
3578 5491 3790 5544 mola!
3809 5509 3942 5562 quu-

2363 5563 2519 5618 modo
2543 5565 2607 5618 ad
2636 5581 2698 5620 ca
2727 5568 3045 5634 perﬁcienda
3075 5573 3286 5628 sublimi
3313 5586 3366 5631 et
3387 5577 3605 5645 juvrnili
3630 5586 3823 5639 animo
3855 5588 3942 5641 Isa-

2361 5653 2516 5710 behat
2537 5658 2711 5725 opus?
2741 5657 2922 5714 Videte
2947 5662 3166 5730 posthac
3186 5675 3240 5719 et
3265 5669 3576 5735 patriarcha
3598 5675 3940 5741 probitatem.
