4080 6480
158 404 269 457 ξιεθ

146 505 422 576 quomodo
446 503 599 560 nobis
625 519 743 559 eam
775 503 1049 571 Scriptura
1077 503 1395 557 manilestet.
1430 503 1481 555 ι.
1518 501 1581 554 Et
1613 517 1734 570 pro-

147 601 310 667 ‘fecttts
339 606 434 662 est,
479 597 667 666 inquit,
697 595 906 660 Abram,
938 596 1067 649 sicut
1106 595 1338 663 loquutus
1374 604 1445 647 est
1474 593 1520 646 ci
1555 592 1736 645 Domi-

147 707 244 744 nus
275 690 432 757 Deus,
468 702 514 744 et
543 692 627 744 init
661 707 774 743 cum
813 706 872 744 eo
916 689 1028 744 Lot.
1071 689 1185 745 Non
1226 688 1539 759 simpliciter
1581 686 1733 752 dixit,

152 779 220 832 Et
245 787 498 851 profectus
520 792 590 834 est
614 781 798 833 Abram
820 797 838 834 :
865 781 977 847 sed,
1013 781 1159 835 Sicut
1185 779 1416 848 loquutus
1444 789 1515 833 est
1544 779 1590 832 ei
1624 777 1737 830 Do-

146 873 316 926 minus
349 872 505 927 Deus.
537 872 749 938 Omnia,
785 873 974 942 inquit,
1019 871 1140 927 fecit
1169 887 1287 940 qua:
1320 870 1386 924 ad
1414 879 1736 952 praeceptum

149 964 252 1018 hoc
277 965 629 1035 pertinebant.
662 964 804 1018 Dixit
824 973 880 1017 nt
899 964 1223 1032 relinqueret
1242 962 1441 1023 omnia,
1466 971 1520 1016 et
1542 974 1738 1030 cogna-

148 1059 348 1114 tionem
377 1067 430 1111 et
456 1058 703 1124 domum;
733 1069 788 1112 et
812 1058 1045 1126 reliquit.
1080 1056 1222 1110 Dixit
1246 1065 1302 1109 ut
1330 1055 1430 1110 iret
1456 1055 1506 1108 in
1538 1061 1736 1108 terram

144 1164 304 1216 quam
332 1149 601 1204 t'tesciret:
640 1147 1044 1217 obtemperavit.
1088 1145 1338 1200 Promisit
1371 1145 1510 1200 Deus
1548 1158 1609 1199 se
1653 1141 1735 1198 fa-

143 1251 357 1293 cturum
401 1255 520 1293 eum
550 1239 600 1293 in
644 1248 856 1306 gentem
898 1252 1165 1307 magnam,
1195 1243 1251 1292 et
1291 1235 1732 1291 benedicturum:

143 1328 369 1382 credidit
397 1329 591 1382 Abram
623 1330 779 1382 etiam
813 1328 914 1382 hoc
943 1338 1280 1382 eventurum.
1306 1326 1454 1381 Sicut
1485 1326 1734 1395 loquutus

142 1430 227 1476 est
256 1423 304 1475 ei
335 1421 609 1485 Dominus,
641 1423 708 1474 ita
740 1420 1009 1490 profectus
1037 1429 1122 1476 est
1152 1437 1164 1473 :
1196 1419 1246 1472 id
1274 1427 1375 1486 est,
1418 1417 1644 1472 credidit
1670 1417 1736 1471 iis

141 1527 264 1579 qua:
291 1511 388 1565 sibi
410 1527 442 1565 a
470 1511 580 1566 Deo
604 1521 729 1566 sunt
757 1511 917 1577 dicta,
949 1511 1078 1565 nihil
1108 1510 1392 1573 ﬂuctuans,
1417 1508 1546 1562 nihil
1577 1507 1734 1561 dubi—

142 1612 283 1669 tans,
314 1604 406 1657 sed
431 1603 639 1658 ﬁrmato
667 1604 845 1657 animo
874 1604 942 1656 ita
970 1604 1237 1670 profectus
1256 1612 1338 1658 est
1362 1621 1375 1658 :
1403 1601 1600 1657 idcirco
1629 1610 1682 1655 et
1703 1616 1733 1654 a

143 1693 370 1749 Domino
399 1710 642 1766 magnam
686 1695 912 1749 obtinuit
949 1697 1191 1766 gratiam.
1223 1695 1292 1748 Et
1317 1695 1424 1761 ivit,
1455 1694 1644 1764 inquit,
1687 1703 1735 1747 et

140 1784 240 1840 Lot
276 1803 392 1840 cum
422 1803 503 1841 eo.
537 1791 711 1854 Quare
746 1803 867 1842 cum
916 1788 1169 1842 Dominus
1196 1787 1388 1842 dixerit
1418 1805 1431 1841 :
1480 1785 1735 1856 Egredere

139 1879 204 1929 de
228 1887 361 1930 terra
387 1888 494 1943 tua,
524 1888 572 1933 et
592 1879 655 1931 de
674 1881 973 1949 cOgnatione
999 1889 1086 1932 tua
1107 1889 1155 1932 et
1180 1879 1243 1932 de
1265 1877 1416 1933 domo
1439 1878 1598 1947 patris
1618 1878 1691 1930 tui
1713 1892 1733 1939 ,'

139 1967 282 2022 hunc
310 1970 641 2038 assumpsit?
685 1969 801 2022 Non
833 1968 932 2023 fttit
975 1968 1288 2023 inohediens
1333 1967 1595 2022 Domino:
1637 1968 1731 2022 sed

139 2058 277 2114 forte
303 2061 424 2129 quia
450 2059 632 2130 juveni
662 2071 776 2113 erat
821 2061 984 2130 patris
1016 2060 1135 2114 loco
1162 2060 1480 2130 praafectus:
1513 2067 1566 2113 et
1604 2057 1729 2123 ille,

136 2151 210 2204 ob
249 2152 572 2222 singularem
617 2168 893 2218 amorem,
940 2167 1257 2222 murumque
1303 2152 1649 2215 suavitatem,
1700 2165 1730 2204 a

131 2246 278 2310 justo
304 2243 482 2298 divelli
511 2243 698 2310 noluit,
739 2243 838 2299 hac
862 2243 928 2298 de
966 2258 1125 2299 causa
1157 2245 1354 2298 Abram
1397 2258 1518 2297 eum
1550 2241 1722 2297 relin-

131 2348 302 2403 quere
331 2334 542 2389 noluit:
578 2334 794 2404 insuper
837 2349 957 2388 eum
1006 2334 1097 2387 ﬁlii
1138 2333 1255 2388 loco
1296 2342 1477 2402 postea
1509 2332 1727 2396 habuit;

132 2427 435 2494 praesertim
464 2426 604 2497 quod
636 2437 741 2480 tam
783 2426 1096 2496 grandazvus
1133 2426 1336 2480 nullum
1362 2425 1536 2480 adhuc
1563 2424 1729 2478 habe-

133 2525 218 2569 ret
247 2515 411 2570 iilium
452 2527 673 2586 propter
699 2516 846 2571 Sara:
895 2517 1252 2572 sterilitatem.
1286 2515 1532 2586 Alioquin
1568 2515 1729 2570 etiam

132 2621 318 2660 mores
362 2606 720 2662 adolescentis
748 2624 852 2661 non
878 2608 1102 2662 multum
1131 2622 1159 2660 a
1186 2607 1314 2675 justi
1342 2607 1605 2676 probitate
1637 2606 1731 2659 ab-

129 2708 307 2754 erant.
337 2699 467 2754 Nam
500 2699 601 2754 hoc
631 2701 802 2769 ipsum
831 2699 993 2770 quod,
1015 2699 1304 2769 propositis
1324 2699 1370 2753 ei
1400 2698 1607 2752 duobus
1627 2697 1735 2751 fra-

130 2789 333 2857 tribus,
359 2789 473 2870 ipse
504 2789 650 2859 justo
684 2779 1005 2856 adltmreret,
1047 2801 1258 2861 quantae
1289 2789 1582 2859 prudentia:
1612 2788 1728 2852 fuit,

129 2879 425 2948 dijudicare
443 2895 635 2948 nempe
655 2890 709 2934 et
736 2880 1042 2936 discernere
1071 2881 1155 2936 cui
1188 2891 1497 2950 patruorum
1521 2880 1602 2934 sui
1632 2895 1730 2934 cu-

131 2985 249 3023 ram
281 2972 588 3040 permittere
615 2972 872 3028 deberet?
903 2973 1124 3042 Insuper
1161 2983 1212 3028 et
1243 2973 1726 3044 peregrinationem

130 3061 351 3130 eligere,
394 3062 690 3118 honestatis
733 3079 942 3120 morum
982 3073 1098 3118 erat
1123 3063 1407 3118 indicium.
1446 3063 1575 3117 Nam
1609 3065 1732 3119 licet

130 3153 351 3209 tandem
393 3155 449 3208 in
487 3155 802 3225 quibusdam
833 3169 1046 3211 errasse
1073 3155 1331 3222 videatur,
1368 3158 1584 3227 quando
1629 3173 1728 3226 po-

130 3245 300 3298 tiores
328 3244 429 3298 sibi
469 3253 647 3313 partcs
692 3247 985 3315 usurpavit,
1015 3255 1250 3300 attamen
1283 3248 1560 3316 vestigium
1604 3246 1734 3315 justi

131 3334 384 3404 subsequi
409 3335 649 3404 proxime
673 3335 940 3392 studebat.
971 3341 1144 3407 Atque
1165 3337 1286 3392 ideo
1301 3337 1478 3407 justus
1498 3338 1647 3392 illum
1676 3339 1731 3394 in

132 3427 340 3481 socium
361 3428 568 3483 itineris
594 3433 818 3501 accepit,
846 3442 900 3485 ct
928 3431 1042 3499 ipse
1079 3445 1270 3501 magna
1296 3431 1570 3487 alacritate
1612 3447 1733 3501 per-

135 3519 376 3588 egrinam
409 3519 568 3573 vitam
597 3521 904 3577 domesticae
933 3522 1180 3590 praetulit.
1215 3521 1380 3578 Porro
1410 3532 1467 3577 ut
1500 3523 1732 3577 sciamus

135 3610 254 3664 hmo
281 3625 309 3663 a
344 3610 450 3666 Deo
479 3610 639 3666 fuisse
661 3613 915 3681 imperata
945 3611 1282 3682 patriarchae,
1306 3628 1410 3667 non
1434 3628 1553 3668 cum
1577 3614 1732 3683 juve—

133 3700 220 3753 nis
247 3710 407 3766 esset,
438 3702 532 3756 sed
555 3702 666 3771 jam
684 3703 751 3757 ad
779 3711 1049 3757 senectam
1080 3703 1339 3773 vergenti,
1373 3702 1586 3772 quando
1613 3706 1730 3773 ple-

136 3793 291 3862 rique
339 3794 611 3848 hominum
654 3794 721 3848 ad
766 3793 1210 3864 peregrinandum
1249 3795 1525 3863 segniores
1565 3803 1729 3863 sunt,

135 3886 307 3954 inquit
345 3903 358 3938 ε
386 3887 574 3940 Abram
611 3897 777 3940 atttem
806 3897 912 3940 erat
939 3903 1191 3939 annorum
1233 3888 1553 3956 septuaginta
1581 3887 1731 3956 quin-

134 3991 252 4042 que,
288 3976 491 4042 quando
533 3977 685 4030 exivit
711 3993 773 4031 ea:
801 3974 1052 4031 Charran.
1086 3975 1305 4031 Vidistis
1334 3976 1606 4046 quomodo
1634 3991 1732 4032 nec

133 4079 270 4123 a-tas
282 4070 330 4124 ei
353 4069 450 4123 fuit
475 4069 766 4133 obstaculo,
794 4084 966 4139 neque
984 4069 1127 4123 aliud
1149 4069 1398 4138 quiddam
1417 4070 1589 4138 potuit
1609 4085 1730 4124 eum

134 4162 378 4215 detinere
428 4170 484 4214 ut
522 4161 665 4214 domi
711 4160 1006 4214 resideret:
1048 4159 1142 4214 sed
1175 4159 1298 4214 vicit
1335 4159 1512 4213 omnia
1566 4160 1732 4230 ipsius

135 4255 189 4306 in
224 4254 386 4306 Deum
419 4267 587 4306 amor.
623 4251 811 4304 Anima
842 4251 982 4304 enim
1012 4251 1233 4316 vigilans
1259 4259 1315 4305 et
1337 4250 1514 4305 sobria
1538 4262 1730 4305 cuncta

135 4343 404 4410 abrumpit
433 4340 831 4410 impedimenta,
875 4348 1089 4408 totaque
1128 4339 1185 4393 ﬁt
1215 4339 1331 4409 ejus
1361 4356 1518 4409 quem
1562 4349 1728 4406 amat,

135 4443 191 4490 et
215 4450 243 4486 a
275 4434 420 4486 tudio
449 4432 590 4502 quod
623 4433 673 4485 in
715 4432 889 4484 medio
917 4430 1133 4484 difﬁcile
1160 4441 1435 4499 appareat,
1471 4430 1728 4485 retardari

133 4540 195 4581 se
235 4526 430 4594 patitur
459 4541 473 4575 ι
506 4523 600 4577 sed
635 4524 810 4574 omnia
853 4521 1107 4588 prieterit,
1137 4537 1237 4575 nec
1263 4520 1505 4574 subsistit
1545 4521 1727 4590 prius-

134 4629 296 4685 quam
323 4629 380 4669 re
419 4612 716 4684 desiderata
748 4613 997 4680 potiatur.
1029 4611 1316 4680 Propterea
1350 4619 1407 4666 et
1429 4611 1605 4679 justus
1631 4613 1732 4664 iste

136 4721 315 4776 neque
343 4713 634 4769 senectute,
659 4717 832 4773 neque
851 4701 969 4755 aliis
998 4701 1236 4770 pluribus
1260 4702 1434 4758 causis
1459 4701 1730 4772 prohiberi

139 4799 330 4870 potuit,
361 4797 486 4866 quin
515 4795 760 4849 omnibus
785 4793 1036 4861 disruptis
1063 4794 1310 4859 vinculis,
1339 4795 1489 4865 quasi
1515 4795 1729 4864 juvenis

135 4901 192 4947 et
231 4896 386 4943 attate
417 4888 636 4949 ﬂorens,
664 4885 816 4953 quasi
845 4899 874 4935 a
923 4885 1066 4938 nullo
1098 4884 1416 4951 prohibitus,
1456 4884 1731 4939 festinaret

136 4992 192 5038 et
241 4979 520 5034 anhelaret
573 4975 782 5029 Domini
837 4985 1164 5044 praeceptum
1218 4975 1492 5044 perlicere.
1547 4974 1731 5046 Neque

137 5072 281 5128 enim
315 5068 566 5139 possibile
595 5076 698 5132 est,
728 5075 783 5119 ut
819 5080 930 5119 rem
979 5063 1170 5119 fortem
1209 5075 1264 5121 et
1300 5066 1566 5135 egregiam
1610 5066 1730 5136 quis

141 5178 390 5232 umquam
419 5161 574 5214 aliter
605 5158 781 5222 faciat,
806 5157 904 5210 nisi
931 5164 1085 5211 antea
1118 5156 1380 5212 adversus
1405 5158 1583 5211 omnia
1611 5175 1731 5228 qua:

137 5251 403 5324 ejusmodi
443 5251 654 5304 conatui
684 5249 946 5304 obsistere
978 5256 1220 5316 possunt,
1241 5263 1324 5334 ‘se
1352 5258 1524 5304 armet
1552 5259 1607 5303 et
1644 5249 1728 5304 in-

138 5353 329 5402 struat.
377 5343 486 5397 lloc
515 5341 697 5411 utique
735 5341 878 5395 clare
919 5341 1094 5395 sciens
1120 5341 1292 5408 justus
1330 5342 1439 5408 ille,
1481 5342 1731 5397 omnibus

143 5435 447 5507 prartcritis,
492 5448 596 5486 non
637 5432 854 5484 curabat
883 5433 965 5486 vel
1011 5432 1467 5495 consuetudinem,
1513 5432 1595 5486 vel
1635 5431 1732 5487 do,

140 5547 288 5587 mum
316 5537 612 5600 paternam,
637 5525 715 5578 vel
739 5526 1062 5593 sepulcrum,
1087 5525 1165 5579 vel
1187 5534 1514 5580 senectutem
1539 5525 1726 5593 ipsam,

143 5626 238 5682 sed
267 5625 318 5677 in
361 5624 462 5678 hoc
497 5621 774 5676 dumtaxat
817 5619 1008 5687 ﬁgebat
1038 5627 1292 5686 mentem,
1324 5619 1592 5688 quomodo
1633 5620 1731 5674 im-

150 5721 296 5788 plcre
322 5725 499 5786 posset
521 5714 658 5784 quod
688 5729 716 5765 a
751 5713 972 5766 Domino
1003 5712 1170 5766 fuerat
1199 5715 1535 5782 imperatum.
1565 5713 1628 5767 Et
1656 5713 1734 5766 vi-

146 5812 274 5866 dere
309 5819 422 5865 crat
471 5824 584 5864 rem
619 5822 810 5878 magno
853 5808 1084 5877 periculo
1112 5807 1638 5878 plcaam,houtincm
1675 5804 1729 5864 in

1219 388 1282 445 IN
1321 389 1472 444 CAP.
1517 388 1627 442 XII.
1673 386 1916 442 GENES.
1961 388 2193 442 IIOMIL.
2238 390 2432 446 XXXI.

3340 397 3447 453 990

1849 502 2246 568 ντυνεεῑίεεὶιηθ
2287 513 2523 569 senecta,
2569 519 2689 559 cum
2720 519 2886 561 uxore
2912 506 3071 561 etiam
3116 510 3226 578 ipsa
3277 515 3449 567 (etatis

1847 601 2111 660 provectae
2137 603 2190 647 et
2214 593 2393 647 multis
2418 593 2628 648 famulis
2655 611 2714 650 se
2741 595 2845 650 alio
2868 598 3178 658 transferre.
3205 602 3442 655 nesciunt

1848 683 2062 736 ubinam
2090 683 2302 738 errandi
2347 683 2554 740 futurus
2595 685 2715 742 finis
2756 696 2918 742 esset.
2953 689 3104 756 Quod
3148 691 3194 746 si
3235 693 3357 762 quis
3395 705 3450 747 et

1845 775 1977 830 illud
2021 776 2308 844 prudenter
2345 778 2633 847 expendat,
2665 790 2880 850 quantae
2917 797 3012 851 per
3057 782 3188 837 illud
3235 794 3448 854 tempus

1847 866 2052 920 viarum
2092 866 2435 924 difﬁcultates
2476 878 2668 925 erant:
2703 887 2877 941 neque
2904 872 3071 937 enim,
3116 875 3253 930 sicut
3281 893 3444 943 nunc,

1845 955 2040 1013 licebat
2066 959 2329 1028 impavide
2358 975 2480 1016 cum
2506 962 2624 1017 aliis
2652 965 2876 1030 versari,
2911 976 2965 1020 et
2995 975 3099 1021 tam
3134 968 3289 1024 facile
3316 987 3444 1039 pro-

1842 1045 2100 1103 fecti0nes
2125 1051 2419 1120 suscipere,
2448 1068 2572 1108 cum
2599 1053 2808 1124 singula
2838 1055 2953 1110 loca
2986 1060 3216 1128 propriis
3247 1060 3444 1130 princi-

1843 1139 2052 1208 patibus
2079 1139 2328 1197 distincta
2350 1152 2552 1210 essent,
2579 1161 2904 1217 necesseque
2932 1159 3075 1204 esset
3106 1149 3205 1204 iter
3233 1153 3443 1220 agenti-

1839 1227 1943 1284 bus
1967 1229 2034 1284 ab
2063 1230 2182 1285 aliis
2209 1231 2276 1286 ad
2301 1232 2434 1289 alios
2461 1235 2728 1306 principes
2754 1238 3005 1306 transire,
3034 1250 3086 1294 et
3114 1240 3226 1297 fere
3261 1243 3444 1312 quoti-

1840 1319 1929 1376 die
1954 1320 2021 1375 de
2045 1336 2209 1392 regno
2246 1323 2298 1378 in
2326 1340 2547 1396 regnum
2588 1330 2877 1399 progredi:
2909 1342 3024 1386 erat
3063 1333 3222 1404 igitur
3258 1344 3310 1390 et
3343 1334 3446 1392 hoc

1840 1412 2174 1470 obstaculum
2211 1416 2377 1486 justo,
2428 1419 2529 1474 nisi
2577 1429 2780 1475 tantum
2831 1423 3106 1480 habuisset
3147 1429 3351 1484 amoris
3389 1440 3445 1484 et

1841 1504 2089 1559 mandata
2118 1507 2424 1577 perﬁciendi
2454 1511 2802 1566 desiderium.
2828 1513 3027 1570 Verum
3054 1517 3305 1574 omnibus
3336 1519 3441 1574 illis

1840 1595 2258 1665 impedimentis,
2310 1602 2461 1669 quasi
2506 1617 2718 1659 aranea
2765 1605 2886 1660 tela:
2935 1617 3136 1674 essent,
3188 1610 3443 1680 disruptis

1839 1697 2126 1758 menteque
2170 1689 2274 1746 ﬁde
2305 1691 2570 1758 roborata,
2611 1695 2780 1764 probe
2819 1697 2989 1752 ﬁdens
3029 1699 3270 1769 dignitati
3312 1717 3440 1773 pro-

1839 1781 2118 1848 mittentis,
2163 1783 2263 1838 iter
2304 1799 2587 1855 aggressus
2631 1796 2734 1842 est.
2759 1788 2812 1842 5.
2876 1788 2942 1842 Et
2990 1794 3205 1862 accepit,
3246 1795 3437 1864 inquit,

1837 1872 2024 1927 Abram
2052 1876 2239 1931 Soram
2279 1894 2486 1932 uxorem
2515 1896 2661 1933 suam
2679 1920 2693 1943 ,
2723 1891 2770 1934 et
2802 1881 2897 1934 Lot
2944 1885 3108 1952 [ilium
3135 1885 3310 1954 fratris
3336 1888 3437 1952 sui,

1837 1971 2218 2038 universumque
2234 1970 2562 2024 substan:iam
2593 1989 2745 2037 quant
2773 1976 3096 2042 possederant
3116 1979 3168 2032 in
3183 1978 3437 2047 Citarrau,

1835 2063 1885 2108 et
1913 2054 2061 2109 exivit
2098 2067 2152 2110 ut
2183 2059 2584 2126 proficisceretur
2610 2063 2662 2116 in
2689 2073 2874 2118 terram
2903 2065 3172 2128 Chanaan.

1911 2145 1965 2200 6.
2017 2146 2144 2202 Vide
2196 2147 2486 2219 Scriptura:
2529 2151 2864 2223 diligentiam
2895 2198 2910 2220 ,
2959 2158 3230 2228 quomodo
3281 2162 3441 2218 nobis

1835 2237 2012 2290 omnia
2059 2248 2274 2304 narrat,
2305 2251 2362 2294 ut
2392 2257 2486 2312 per
2509 2244 2689 2298 omnia
2713 2245 2983 2301 discamus
3018 2247 3151 2318 justi
3181 2249 3433 2320 pietatem

1835 2340 1900 2380 ac
1925 2327 2260 2397 religionem.
2291 2330 2515 2401 Accepit,
2549 2332 2720 2403 inquit
2745 2375 2761 2399 ,
2799 2335 2987 2391 Soram
3015 2354 3226 2394 uxorem
3249 2358 3396 2395 suam
3419 2385 3435 2409 ,

1836 2426 1881 2468 et
1907 2416 2004 2470 Lot
2025 2419 2190 2486 ﬁlium
2213 2424 2391 2491 fratris
2410 2423 2511 2489 sui,
2535 2424 2918 2495 universamque
2935 2428 3267 2485 substantiam
3287 2449 3440 2501 quant

1837 2508 2165 2576 possederant
2193 2511 2247 2564 in
2274 2511 2526 2567 Chanan.
2567 2513 2684 2570 Non
2710 2517 3029 2587 simpliciter
3043 2521 3182 2577 dixit
3209 2540 3221 2576 :
3252 2523 3439 2579 Omnia

1835 2614 2160 2671 quascumque
2198 2604 2524 2672 possederant
2555 2606 2606 2660 in
2633 2607 2864 2663 Charrtm
2893 2627 2912 2665 :
2950 2611 3044 2666 sed
3077 2622 3133 2667 ut
3169 2613 3440 2671 discamus

1835 2689 2052 2745 nihilex
2089 2691 2243 2747 bonis
2271 2690 2571 2752 Chaldaicis
2613 2700 2886 2769 accepisse
2937 2705 3314 2773 patriarcham,
3344 2708 3438 2762 sed

1839 2782 2078 2850 paternis
2112 2783 2218 2838 illis
2245 2787 2495 2842 omnibus
2522 2787 2675 2844 fratri
2697 2791 2896 2846 relictis
2919 2794 3117 2850 exiisse
3136 2837 3150 2862 ,
3179 2812 3240 2850 ea
3262 2797 3437 2851 sniunt

1829 2885 2015 2929 secum
2038 2873 2298 2932 ferentem
2323 2893 2442 2947 quae
2466 2889 2521 2934 et
2541 2880 2595 2935 in
2616 2881 2853 2938 Cbarran
2885 2887 3212 2955 possidebat.
3244 2890 3308 2944 Et
3335 2890 3439 2946 hoc

1836 2961 2062 3020 faciebat
2097 2966 2180 3022 vir
2208 2967 2574 3038 admirandus,
2607 2987 2714 3029 non
2741 2975 2883 3044 quod
2920 2977 3008 3032 illa
3035 2980 3210 3049 tnagni
3239 2980 3440 3038 faceret

1838 3057 1919 3110 vel
1945 3057 2087 3125 quod
2117 3073 2310 3115 avarus
2330 3070 2476 3117 esset
2503 3076 2520 3117 :
2551 3063 2646 3119 sed
2665 3073 2721 3119 ut
2742 3080 2810 3122 ex
2837 3067 3176 3124 facultatibus
3195 3072 3299 3126 illis
3316 3087 3440 3142 pos-

1837 3157 1918 3201 set
1955 3149 2203 3204 onmibus
2233 3153 2437 3219 testari,
2469 3166 2665 3223 quanta
2700 3156 2794 3212 Dei
2830 3174 2956 3229 erga
2988 3175 3049 3216 se
3086 3161 3277 3217 fuisset
3314 3181 3439 3234 pro-

1838 3235 2090 3291 videntia.
2119 3239 2221 3306 Qui
2250 3241 2393 3294 enim
2423 3257 2488 3296 ex
2519 3251 2661 3306 terra
2690 3245 3069 3305 Chaldzeorum
3087 3267 3207 3307 eum
3231 3254 3439 3324 eduxit,

1836 3339 1892 3385 ct
1934 3331 2123 3386 iterum
2155 3333 2276 3388 inde
2306 3334 2536 3402 migrare
2576 3336 2757 3406 jussit,
2816 3342 2933 3410 ipse
2977 3351 3034 3398 et
3085 3345 3440 3402 substantiam

1840 3421 1979 3476 illius
2012 3424 2247 3492 quotidie
2275 3426 2535 3494 augebat,
2567 3436 2623 3483 et
2647 3444 2862 3485 omnem
2892 3433 3192 3489 molestiam
3224 3437 3441 3494 aufere-

1838 3511 1947 3566 bat.
1988 3512 2174 3584 ltaque
2216 3516 2360 3584 quod
2399 3515 2514 3572 htec
2551 3532 2736 3574 secum
2787 3520 2973 3588 ferret,
3032 3534 3088 3580 et
3127 3541 3223 3596 per
3275 3537 3442 3585 totam

1839 3601 1977 3657 viam
1999 3603 2077 3658 sic
2113 3604 2448 3673 procederet,
2475 3608 2746 3677 specimen
2775 3620 2892 3666 erat
2931 3613 3030 3682 pia:
3072 3615 3444 3689 religioseque

1839 3700 2052 3751 mentis.
2083 3695 2414 3765 Quicumque
2438 3698 2582 3752 enim
2604 3715 2726 3755 eum
2748 3701 2986 3770 videbat,
3010 3705 3204 3761 merito
3225 3723 3442 3765 causam

1838 3786 2172 3856 inquirebat,
2206 3803 2370 3857 quare
2405 3787 2587 3857 justus
2632 3790 2723 3846 ille
2749 3795 3199 3863 peregrinaretur.
3243 3797 3446 3855 Deinde

1839 3874 2158 3945 intelligens,
2189 3893 2311 3932 eum
2336 3877 2488 3946 jussu
2513 3879 2607 3934 Dei
2635 3880 2687 3934 in
2716 3881 2947 3936 alienam
2973 3893 3171 3939 terram
3192 3927 3208 3951 ,
3236 3889 3440 3943 relictis

1839 3969 2068 4040 prOpriis
2089 4009 2104 4032 ,
2131 3971 2383 4037 transire,
2415 3986 2510 4041 per
2536 3988 2702 4042 opera
2735 3974 2849 4044 ipsa
2880 3975 3174 4030 docebatur
3189 3989 3242 4033 ct
3270 3980 3443 4035 disce-

1839 4061 1930 4118 bat
1952 4078 2110 4133 quam
2137 4066 2218 4133 pia
2258 4075 2401 4120 esset
2444 4066 2574 4136 justi
2607 4068 2932 4128 obedientia.
2977 4081 3032 4124 et
3056 4088 3216 4141 quam
3257 4073 3446 4142 ingens

1841 4152 1933 4208 Dei
1963 4168 2092 4223 erga
2127 4155 2273 4208 illum
2298 4156 2651 4225 providentia.
2686 4156 2753 4210 Et
2782 4159 2954 4224 exiuit,
2980 4160 3170 4229 inquit,
3198 4173 3250 4214 ut
3279 4165 3443 4234 proft-

1837 4245 2104 4299 cisceretur
2129 4252 2181 4300 t'u
2211 4257 2396 4300 (errant
2424 4248 2690 4303 Chanaan.
2747 4251 2898 4306 Unde
2945 4254 3171 4318 sciebat,
3201 4255 3253 4310 itt
3302 4266 3442 4311 terra

1838 4338 2259 4395 Chananazorum
2295 4342 2530 4397 futurum
2554 4359 2674 4398 esse
2708 4359 2820 4397 suae
2856 4346 3301 4415 peregrinationis
3332 4359 3438 4404 ter.

1841 4431 2044 4486 minum
2069 4448 2082 4496 ;
2111 4435 2355 4503 quamvis
2380 4444 2709 4504 praeceptum
2734 4436 2803 4489 ita
2841 4451 2902 4491 se
2942 4438 3200 4494 haberet:
3243 4440 3364 4496 Veni
3392 4445 3446 4498 in

1843 4535 2033 4579 terram
2057 4542 2212 4596 quam
2249 4538 2593 4582 monstravero
2621 4527 2750 4581 tibi?
2794 4529 3049 4585 Fortasse
3103 4532 3243 4586 Deus
3290 4535 3340 4588 ei
3392 4547 3446 4590 et

1839 4617 1941 4672 huc
1961 4617 2306 4688 signiﬁcavit,
2347 4619 2589 4674 indicans
2615 4621 2781 4676 menti
2832 4623 2950 4692 ejus
2997 4633 3227 4689 terram,
3259 4626 3308 4679 in
3339 4644 3442 4698 qua

1839 4707 2012 4779 ipsum
2034 4710 2361 4765 constituere
2393 4711 2624 4768 volebat.
2659 4712 2947 4780 Propterea
2982 4715 3125 4768 enim
3157 4732 3278 4770 cum
3305 4733 3444 4787 pra:-

1837 4802 2042 4870 ciperet
2070 4803 2160 4869 ei,
2189 4803 2468 4860 indeﬁnite
2499 4804 2747 4859 dicebat:
2789 4803 2913 4859 Veni
2958 4806 3010 4860 in
3057 4817 3242 4862 terram
3294 4829 3446 4875 quam

1840 4905 2181 4950 ntonstravero
2221 4897 2328 4963 tibi,
2363 4905 2422 4951 ttt
2464 4896 2616 4952 nobis
2663 4897 2793 4965 jusi
2845 4898 3098 4954 virtutem
3146 4900 3441 4972 detegeret.

1840 4984 2042 5040 Deinde
2066 4998 2344 5056 postquam
2368 4987 2458 5042 ille
2485 4987 2628 5056 quod
2669 5004 2824 5043 suum
2855 4999 2972 5044 erat
2992 4991 3206 5046 aliunde
3233 4995 3434 5060 attulit,

1841 5089 1962 5128 mox
1994 5076 2132 5128 Deus
2157 5076 2206 5130 ei
2235 5076 2556 5146 signiﬁcavit
2579 5119 2594 5144 ,
2625 5078 2676 5132 in
2708 5095 2811 5149 qua
2839 5089 2980 5134 terra
3011 5082 3173 5138 Vellet
3198 5102 3320 5138 eum
3351 5088 3441 5139 do-

1839 5166 2096 5221 micilium
2136 5166 2354 5222 habere.
2405 5168 2536 5236 Quia
2583 5171 2728 5225 enim
2772 5173 2999 5226 eximias
3039 5174 3169 5241 justi
3222 5178 3445 5232 virtutes

1840 5258 2190 5326 pra-videbat,
2243 5259 2442 5314 ideirco
2475 5277 2597 5317 eum
2634 5278 2698 5315 ex
2730 5278 2796 5316 eo
2823 5263 2942 5318 loco
2969 5269 3235 5332 evocavit,
3268 5277 3323 5322 ct
3350 5287 3443 5323 ne-

1839 5363 1944 5417 que
1999 5348 2218 5404 fratrem
2267 5363 2322 5404 ut
2375 5353 2644 5420 acciperet
2689 5353 2851 5420 jussit
2892 5355 3188 5424 :quoniam
3230 5357 3445 5413 Volebat

1843 5443 1982 5497 hunc
2006 5443 2280 5497 ductorem
2307 5446 2420 5497 lieri
2448 5487 2461 5508 ,
2494 5461 2634 5499 nunc
2684 5446 2896 5515 quidem
2927 5447 3179 5501 omnibus
3208 5448 3443 5505 Palu-sti-

1841 5552 1963 5590 nam
1997 5537 2369 5601 incolentibus,
2395 5538 2550 5605 paulo
2579 5549 2699 5606 post
2737 5550 2915 5594 autem
2947 5540 3107 5592 etiam
3148 5539 3437 5611 Aﬂgyptiis.

1921 5628 2038 5682 Non
2067 5630 2116 5682 in
2146 5639 2327 5682 natura
2349 5670 2362 5692 ,
2393 5631 2480 5684 scd
2510 5633 2561 5683 in
2605 5632 2861 5686 voluntate
2889 5635 3043 5685 virtus
3083 5642 3130 5686 et
3168 5633 3287 5686 vitia
3324 5646 3440 5688 sunt

1842 5720 1958 5772 sita.
1989 5751 2022 5760 —
2095 5718 2310 5774 Vidistis
2353 5721 2624 5790 quomodo
2653 5739 2757 5777 non
2794 5723 2845 5776 itt
2879 5735 3063 5778 natura
3084 5765 3098 5788 ,
3129 5724 3224 5779 sed
3253 5725 3304 5778 in
3341 5741 3437 5778 vo-

1847 5811 2050 5867 luntate
2085 5820 2138 5866 et
2179 5812 2358 5866 animo
2393 5823 2580 5868 nostro
2611 5816 2709 5868 sita
2739 5821 2863 5868 sunt
2891 5824 2996 5869 tam
3029 5830 3145 5885 qua:
3182 5813 3248 5870 ad
3277 5830 3437 5874 Virtu-
