4080 6484
689 393 786 449 θυι
1395 381 1450 434 S.
1488 374 1761 434 JUANNIS
1798 363 2274 426 CHRYSOSTOSII
2316 361 2630 419 ARCIIIEI’.
2671 361 3203 419 CONSTANTINOP.

687 511 812 556 teut.
839 511 996 565 quam
1024 509 1143 564 qua:
1184 492 1251 547 ad
1294 492 1416 544 vitia
1443 485 1746 559 pertinent?
1774 484 1910 538 Ecce
1937 491 2120 535 natura
2141 477 2263 546 qui-

686 593 1003 644 ilemtratrcs
1020 597 1193 649 erant,
1219 585 1331 652 ipse
1354 579 1645 650 patriarcha
1667 584 1720 629 et
1743 573 1971 636 Nachor,
1994 570 2264 624 voluntate

686 693 861 732 autem
895 695 1000 733 non
1033 678 1193 730 item:
1227 663 1317 729 scil
1345 673 1452 727 ille.
1484 671 1605 724 licet
1635 667 1799 721 frater
1829 663 1894 718 ad
1931 672 2129 716 tantam
2160 659 2262 711 vir-

688 781 855 824 tinem
880 767 1245 837 pervenisset,
1274 763 1448 817 adhuc
1471 773 1653 815 errore
1679 763 2078 825 praeoccupatus
2105 757 2221 804 erat
2246 761 2260 801 :

687 865 771 920 hic
793 872 965 918 autem
993 860 1240 915 omnibus
1259 854 1489 924 quotidie
1513 867 1605 921 per
1621 863 1783 919 opera
1805 849 1917 917 ipsa
1937 840 2266 899 monstrabat

690 955 899 1007 virtutis
930 966 1039 1004 suae
1068 946 1359 1003 secundum
1387 946 1551 999 Deum
1580 942 1926 996 incrementa.
1956 935 2007 989 6.
2035 933 2100 988 Et
2114 932 2257 997 venit,

689 1042 878 1113 inquit,
917 1042 968 1093 in
992 1051 1177 1093 terram
1203 1037 1445 1092 Chanaan
1471 1074 1485 1099 ,
1517 1043 1560 1085 et
1584 1030 1902 1100 prrtrunsirit
1929 1027 2116 1080 Abram
2160 1032 2262 1113 ter-

688 1111 796 1188 ram
822 1135 872 1185 in
896 1129 1259 1199 longitudinem
1282 1126 1388 1194 ejus
1416 1165 1431 1188 ,
1459 1139 1613 1193 usque
1631 1121 1700 1175 ad
1728 1121 1895 1173 locum
1922 1116 2136 1186 Sychem
2153 1154 2169 1177 ,
2197 1111 2266 1162 ad

690 1240 926 1294 quercum
955 1221 1218 1276 excelsam.
1255 1217 1416 1270 Docet
1447 1230 1546 1268 nos
1578 1213 1853 1282 Scriptura
1880 1209 2050 1265 locum
2092 1205 2264 1272 regio-

690 1293 793 1378 nis,
820 1316 870 1367 in
901 1328 1008 1380 quo
1037 1326 1180 1365 nunc
1203 1309 1378 1378 justus
1398 1305 1721 1364 domicilium
1751 1297 1998 1356 collocat.
2032 1293 2228 1352 Deinde
2247 1332 2262 1356 ,

688 1419 746 1459 nt
775 1407 1002 1460 sciamus
1045 1402 1317 1474 quomodo
1354 1416 1412 1456 se
1463 1401 1569 1453 illic
1611 1413 1696 1452 res
1742 1393 2028 1455 habebant,
2058 1387 2262 1456 inquit:

689 1503 964 1555 (Μητιηωὶ
1009 1512 1175 1554 autem
1211 1509 1329 1551 tunc
1367 1493 1711 1550 inhabitabant
1733 1502 1935 1540 terram.
1961 1483 2138 1552 Neque
2166 1481 2267 1534 hoc

688 1594 996 1662 simpliciter
1021 1603 1075 1649 et
1116 1591 1314 1658 absque
1353 1599 1508 1639 causa
1541 1585 1723 1637 bemus
1753 1579 1924 1634 Moses
1947 1574 2262 1644 assignavit,

690 1685 782 1738 sed
815 1695 870 1737 ut
899 1684 1167 1736 discamus
1187 1682 1344 1734 etiam
1369 1678 1512 1735 illinc
1535 1683 1769 1728 mentem
1796 1665 2110 1739 patriarcha:
2149 1662 2267 1732 phi-

692 1773 1013 1842 losophicant
1042 1789 1050 1821 :
1077 1772 1199 1839 quia
1231 1782 1348 1822 eum
1397 1768 1508 1821 loca
1551 1765 1635 1818 illa
1679 1768 2045 1831 pra-occupata
2085 1764 2268 1809 essent

689 1883 716 1912 ει
742 1861 1080 1922 Chanana-is,
1099 1861 1385 1928 cogebatur
1409 1855 1558 1926 quasi
1581 1868 1742 1921 vagus
1764 1861 1813 1904 et
1846 1849 2154 1918 peregrinus
2173 1887 2186 1907 .
2216 1853 2269 1898 et

688 1955 836 2022 quasi
864 1954 1101 2021 ahjectus
1124 1963 1176 2004 ιί
1207 1952 1325 2004 vilis
1350 1952 1507 2003 homo
1540 1945 1796 2000 diversari
1817 1985 1831 2006 ,
1856 1943 1970 1996 sine
2001 1939 2109 1994 ullo
2138 1939 2269 1992 forte

691 2044 937 2112 hospitia.
967 2044 1208 2098 Attamen
1254 2055 1421 2108 neque
1447 2038 1569 2090 illud
1595 2056 1624 2087 ιι
1647 2035 1815 2090 oleste
1837 2032 1860 2085 f
1886 2032 2037 2086 rebat
2059 2069 2073 2092 ,
2099 2042 2269 2096 neque

687 2137 819 2189 ilice'
841 2145 888 2189 at
924 2135 1092 2200 :Quiil
1126 2134 1221 2184 hoc
1248 2133 1362 2185 est?
1388 2146 1552 2200 egone
1584 2131 1669 2197 qui
1717 2136 1863 2181 tanto
1893 2139 2014 2178 cum
2041 2123 2265 2186 honore,

689 2237 742 2281 ct
766 2236 908 2280 tanta
930 2239 1051 2280 cum
1080 2223 1277 2280 familia
1309 2224 1526 2290 agi-bam
1558 2221 1607 2272 in
1634 2217 1868 2271 Charrau
1897 2258 1908 2276 ,
1944 2227 2082 2267 nunc
2106 2225 2266 2280 cogor

692 2317 823 2371 sicut
846 2316 1058 2369 civitate
1077 2329 1264 2368 carens
1287 2353 1301 2376 ,
1333 2324 1386 2367 et
1411 2311 1739 2380 peregrinus,
1775 2317 1828 2361 et
1850 2306 2052 2360 advena
2082 2302 2266 2359 ubam-

695 2406 896 2465 hulam,
927 2403 1083 2473 idque
1132 2403 1315 2473 gratia:
1346 2403 1464 2456 loco
1500 2403 1718 2462 dueere,
1751 2408 1801 2453 et
1839 2396 2069 2465 quietem
2102 2394 2153 2450 in
2182 2394 2272 2447 vili

690 2509 932 2562 quat-ere
980 2493 1306 2556 diversorio;
1335 2502 1386 2547 ct
1413 2509 1582 2559 noqtie
1618 2491 1718 2543 hoc
1754 2489 1988 2543 invenire
2029 2501 2268 2554 possum,

687 2586 780 2638 scd
809 2587 859 2637 in
882 2575 1234 2639 tabernaculis
1255 2594 1308 2638 et
1337 2583 1614 2650 tuguriolis
1644 2581 1840 2632 versari
1869 2619 1879 2639 .
1908 2579 2144 2645 aliasque
2172 2575 2267 2628 nti-

689 2676 854 2730 serias
898 2675 1037 2730 forre
1075 2676 1212 2744 cogit
1257 2688 1338 2727 me
1368 2673 1677 2726 necessitas.
1719 2670 1947 2722 lloccine
1974 2676 2092 2731 est,
2123 2664 2268 2733 quod

689 2766 896 2820 dicebat
923 2781 937 2818 :
977 2765 1115 2826 Veni,
1137 2775 1181 2817 et
1199 2765 1384 2832 [ariam
1403 2774 1448 2815 te
1475 2764 1522 2813 in
1542 2771 1733 2830 gentem
1755 2758 2025 2828 magnam?
2046 2757 2268 2812 Pulchra

689 2858 892 2910 scilicet
918 2857 1205 2924 pneludia;
1235 2855 1360 2925 quid
1386 2868 1548 2908 suave
1576 2853 1794 2922 posthac
1820 2849 2271 2918 exspectandum?

690 2949 756 3001 At
782 2947 910 3000 nihil
934 2947 1035 3000 tale
1055 2946 1265 3001 dicebat
1285 2948 1460 3014 justus
1490 2985 1502 3002 .
1533 2960 1704 3010 neque
1729 2942 2042 3005 lluctuabat;
2068 2941 2162 2995 sed
2186 2941 2268 2992 in-

691 3049 831 3107 tcgra
864 3047 1048 3091 mente
1076 3045 1132 3091 et
1157 3035 1387 3105 perfecta
1420 3035 1544 3098 ﬁde,
1574 3035 1706 3094 bene
1734 3032 1901 3086 tidcus
1922 3030 2014 3086 Dei
2045 3030 2271 3100 promis-

692 3129 784 3191 sis,
821 3127 1044 3180 immoto
1092 3126 1321 3194 perstitit
1359 3127 1571 3184 animo;
1615 3124 1755 3178 unde
1784 3124 1962 3180 statim
1989 3132 2043 3177 et
2080 3135 2270 3192 super-

695 3233 819 3273 nam
841 3218 1259 3272 consolationem
1291 3218 1531 3292 accipgre
1560 3217 1772 3271 meruit.

762 3309 817 3361 7.
839 3307 1048 3361 Muralis
1073 3307 1644 3361 alimmum—Verum
1670 3323 1734 3360 ne
1764 3321 2067 3362 sermonem
2087 3305 2272 3375 pr0du-

688 3414 871 3452 ramus
900 3399 1107 3466 longius
1136 3439 1149 3459 .
1181 3399 1266 3453 hic
1291 3401 1339 3455 ei
1371 3400 1526 3453 finem
1558 3399 1922 3467 imponamus;
1952 3397 2078 3451 illud
2110 3412 2270 3451 unum

687 3500 902 3543 orantes
931 3491 1203 3544 caritatem
1252 3500 1480 3545 vestram
1508 3532 1523 3554 .
1579 3500 1636 3543 ut
1685 3501 1917 3543 mentem
1957 3490 2085 3556 justi
2129 3489 2272 3546 illius

691 3583 986 3636 imitemini.
1045 3584 1250 3636 Etenim
1298 3583 1733 3636 absurdissimum
1760 3591 1900 3636 esset
1926 3623 1939 3644 ,
1971 3583 2014 3634 si
2041 3599 2158 3636 cum
2186 3583 2269 3649 ju-

690 3685 805 3726 stus
830 3674 934 3738 ille,
966 3675 1031 3725 de
1055 3685 1194 3728 terra
1245 3675 1298 3728 in
1337 3685 1530 3728 terram
1561 3687 1798 3738 vocatus,
1843 3686 2037 3727 tantam
2079 3690 2184 3742 pne
2214 3691 2272 3729 se

692 3765 874 3818 tulerit
912 3765 1290 3830 obedientiam,
1323 3776 1376 3818 et
1425 3780 1596 3834 neque
1642 3776 1910 3830 senectus,
1957 3781 2128 3834 neque
2169 3767 2272 3820 alia

690 3871 808 3920 qum
838 3858 1268 3909 enumeravimus
1309 3857 1719 3924 pra-pedimenta
1741 3898 1753 3917 ,
1780 3874 1950 3924 neque
1976 3867 2271 3925 temporum

692 3947 994 4004 difﬁcultas.
1023 3964 1192 4015 neque
1227 3948 1324 3999 ulla
1361 3949 1483 4010 alia,
1506 3964 1624 4015 qua!
1645 3951 1899 4000 remorari
1933 3950 1982 4017 ip
2015 3966 2101 4002 um
2123 3965 2275 4016 posse

697 4038 1030 4103 videbantur,
1083 4039 1146 4088 ad
1198 4039 1549 4095 obediendum
1601 4039 1886 4092 tardiorem
1934 4056 2054 4092 cum
2103 4040 2276 4106 laetere

697 4129 996 4194 potuerint;
1028 4130 1116 4180 sed
1144 4130 1388 4181 omnibus
1419 4130 1645 4182 vinculis
1674 4132 1864 4195 ruptis,
1898 4131 2189 4183 cucurrerit
2222 4139 2277 4186 et

695 4217 1023 4269 festinaverit
1051 4233 1234 4281 senex,
1268 4220 1413 4285 quasi
1459 4219 1669 4285 juvenis
1717 4219 1999 4285 resumptis
2054 4219 2275 4284 viribus,

692 4316 1088 4365 i-itntuxorc.et
1138 4307 1312 4359 fratris
1362 4308 1489 4372 filio,
1519 4317 1572 4360 ct
1617 4308 1822 4361 famulis
1849 4350 1861 4360 .
1897 4320 1949 4361 ut
2000 4309 2278 4376 perliciens

693 4411 854 4463 opere
891 4399 1028 4465 quod
1059 4398 1155 4448 sibi
1187 4415 1212 4448 a
1259 4398 1365 4451 Deo
1387 4398 1758 4451 demandatum
1787 4411 1899 4450 erat
1938 4420 1947 4451 :
1981 4416 2076 4452 nos
2099 4410 2274 4453 autem

694 4489 781 4554 qui
811 4503 914 4541 non
945 4486 1011 4541 de
1043 4499 1180 4543 terra
1210 4491 1259 4541 in
1308 4502 1503 4543 terram
1533 4506 1783 4544 vocamur
1806 4534 1817 4550 .
1853 4493 1943 4544 sed
1972 4493 2035 4545 de
2065 4503 2200 4546 terra
2226 4495 2276 4546 in

695 4583 904 4642 cauum,
939 4597 1042 4635 nun
1091 4582 1332 4636 eamdem
1389 4599 1543 4649 quam
1591 4583 1679 4636 ille
1723 4583 1897 4649 justus
1951 4585 2277 4638 alacritatem

696 4670 992 4724 obedicndo
1037 4672 1382 4725 cxhibeamus
1409 4714 1422 4736 ,
1469 4672 1560 4726 sed
1609 4672 1822 4741 frigidas
1872 4675 2181 4741 plerumque
2226 4685 2280 4728 et

699 4761 908 4813 inutiles
930 4771 1276 4831 pntstexatnus
1314 4777 1535 4822 causas;
1569 4773 1619 4814 ct
1649 4778 1817 4830 neque
1860 4780 1954 4814 nos
1991 4764 2278 4829 prontisson

700 4865 814 4902 rmn
842 4853 1167 4919 magnitudo,
1202 4869 1371 4918 neque
1425 4853 1702 4906 visibilium
1751 4869 1926 4906 rerum
1958 4855 2158 4914 vnlitas,
2189 4869 2277 4907 ue-

697 4957 801 5008 que
844 4941 981 5007 quod
1031 4955 1256 4996 terrena:
1289 4944 1386 4995 illre
1428 4946 1531 4995 sint
1571 4952 1624 4996 ct
1664 4952 2070 5004 momentanetc,
2106 4960 2278 5011 neque

698 5031 938 5085 vocantis
965 5031 1189 5100 dignitas
1213 5035 1346 5085 adeo
1391 5033 1619 5085 attrahat
1648 5049 1659 5083 :
1689 5032 1779 5085 sed
1809 5033 1941 5086 adeo
1987 5033 2153 5086 simus
2191 5049 2279 5086 ne-

699 5123 981 5190 gligentes,
1018 5133 1071 5174 ut
1120 5123 1461 5191 pratferamus
1513 5131 1882 5176 momentanca
1926 5139 2138 5190 semper
2171 5140 2280 5176 ma-

699 5212 968 5276 nentibus,
1025 5225 1217 5265 terram
1269 5217 1418 5277 caelo,
1467 5230 1526 5266 ea
1570 5227 1690 5282 qua:
1744 5214 1955 5266 at'olaut
1999 5226 2279 5283 antequam

701 5304 1026 5368 habeantur,
1057 5305 1119 5356 iis
1151 5321 1266 5374 qum
1292 5321 1572 5372 numquam
1607 5305 2019 5373 fincmai‘cipcre
2042 5320 2277 5373 possunt.

699 5395 983 5461 Quousque
1011 5397 1148 5447 enim
1179 5436 1191 5456 ,
1221 5397 1303 5447 dic
1328 5437 1339 5455 ,
1371 5412 1570 5463 qumso,
1604 5399 1671 5449 ita
1702 5396 2023 5450 insanietnus
2051 5401 2099 5453 in
2126 5401 2277 5453 Colli-

703 5487 886 5547 pendis
934 5489 1209 5553 pecuniis?
1257 5504 1378 5555 qua:
1427 5488 1596 5541 rabies
1634 5491 1774 5556 cogit
1815 5489 2049 5556 quotidie
2094 5507 2120 5541 a
2177 5501 2280 5546 tam

708 5576 928 5627 molesta
959 5579 1382 5643 com'rupiseentia
1417 5577 1671 5640 infestari,
1699 5587 1750 5631 ct
1774 5594 2056 5644 numquam
2079 5582 2279 5642 satiari,

708 5662 795 5713 sed
820 5664 1053 5718 deterius
1081 5667 1272 5721 habere
1299 5684 1454 5736 quam
1483 5668 1567 5735 qui
1602 5679 1716 5720 sunt
1767 5670 1940 5721 ebrii?
1981 5669 2108 5722 Nam
2149 5671 2283 5724 sicut

712 5745 784 5802 illi
813 5760 1017 5817 quanto
1053 5759 1215 5828 magis
1245 5775 1390 5812 mero
1433 5777 1486 5811 se
1541 5759 1869 5824 distendunt,
1926 5770 2068 5816 tanto
2116 5763 2279 5832 magis

3859 355 3961 411 Ξῖ

2373 473 2593 546 ﬂagrant
2628 476 2736 540 sui,
2758 484 2810 528 et
2835 474 3103 528 caminum
3140 472 3476 530 succendunt
3515 471 3827 542 graviorem
3853 488 3867 521 :
3897 473 3963 524 ita

2374 565 2623 620 nimirum
2663 573 2718 619 et
2750 565 2835 618 isti
2876 562 2966 634 qui
2995 577 3114 618 sese
3156 563 3419 634 tyrannidi
3450 559 3689 615 avaritia
3713 559 3964 627 subject-

2372 669 2495 712 runt
2522 699 2537 722 ,
2599 657 2799 712 nullum
2853 653 3266 724 concupiscendi
3326 654 3486 708 linem
3538 652 3743 707 faciunt
3805 669 3823 704 :
3875 651 3968 704 sed

2369 759 2569 818 quanto
2605 748 2753 818 plura
2780 745 3022 810 afﬂuunt.
3047 756 3196 801 tanto
3225 744 3394 817 magis
3422 743 3639 800 ﬂamma
3665 744 3892 804 erait.
3919 754 3968 796 et

2368 842 2612 894 caminus
2635 838 2787 895 ardet
2815 837 3060 892 validius.
3101 835 3218 892 Non
3243 837 3485 892 videmus
3499 834 3645 906 quod
3676 835 3711 890 ii
3735 833 3970 904 quiante

2371 944 2471 984 uos
2499 929 2665 996 fuere,
2690 927 2931 998 quamvis
2961 926 3343 998 propemodum
3393 929 3556 982 totius
3583 925 3744 981 orbis
3770 923 3968 979 doniiiii

2371 1031 2575 1086 essent,
2603 1021 2731 1075 nudi
2756 1028 2812 1076 et
2837 1019 3059 1075 solitarii
3087 1033 3154 1074 ex
3182 1017 3283 1074 hac
3312 1017 3418 1072 vita
3444 1017 3656 1088 abrepti
3686 1029 3845 1082 sunt,
3877 1019 3970 1072 bon:

2371 1111 2543 1164 solum
2592 1110 2716 1165 inde
2751 1094 3068 1180 censimuuti
3102 1108 3244 1181 quod
3292 1109 3528 1164 rationes
3569 1121 3630 1163 et
3665 1123 3855 1178 pum:
3887 1125 3972 1178 prs

2371 1205 2620 1257 monibus
2648 1203 2755 1257 illic
2785 1202 2853 1257 ab
2875 1202 2955 1257 eis
2979 1199 3254 1273 exigenda
3279 1202 3424 1256 sint?
3458 1201 3525 1255 Et
3545 1198 3774 1272 quidem
3805 1217 3972 1270 sepe-

2373 1307 2596 1348 numero
2631 1292 2826 1348 diversi
2872 1291 3155 1348 facultates
3191 1306 3378 1348 eorum
3413 1292 3555 1348 inter
3589 1308 3654 1348 se
3679 1291 3974 1346 diatribae

2374 1394 2534 1437 runt:
2566 1393 2781 1453 peccata
2808 1391 2986 1436 autem
3032 1396 3099 1436 ex
3148 1381 3252 1438 illis
3286 1389 3561 1439 contracta
3618 1384 3743 1453 ipse
3801 1383 3972 1438 solum

2373 1490 2555 1529 secum
2584 1477 2852 1541 auferens,
2892 1471 3151 1539 abscedit,
3181 1483 3235 1529 et
3262 1489 3359 1542 pro
3383 1474 3446 1529 iis
3473 1490 3685 1544 magna:
3732 1473 3973 1544 inrigua-

2375 1565 2529 1619 tionis
2560 1565 2816 1636 supplicia
2840 1565 3129 1626 sustinens.
3156 1564 3520 1620 consolatione
3546 1565 3801 1634 undique
3820 1568 3977 1620 desti-

2375 1658 2555 1709 tuitur.
2585 1657 2761 1723 Quare
2792 1655 2968 1724 igitur,
2987 1655 3090 1720 dic,
3119 1669 3216 1709 oro
3243 1695 3259 1720 ,
3287 1665 3394 1708 tam
3422 1655 3766 1724 negligentes
3787 1657 3976 1708 salutis

2375 1760 2591 1815 nostra;
2621 1750 2691 1805 ita
2717 1750 2954 1819 segniter
2979 1749 3171 1802 animat
3197 1757 3393 1801 nostra:
3420 1747 3768 1801 consulimus
3788 1792 3804 1812 ,
3831 1749 3976 1816 quasi

2374 1843 2546 1897 aliena
2575 1851 2716 1897 esset
2737 1882 2752 1906 ,
2779 1851 2836 1895 et
2863 1858 2967 1894 non
2991 1839 3216 1894 nostra?
3244 1837 3358 1893 Non
3387 1839 3540 1892 audis
3567 1839 3864 1892 Christum
3892 1840 3970 1890 di-

2375 1944 2582 1988 centem
2615 1951 2627 1986 :
2656 1931 2820 1998 Quam
2848 1933 2985 1985 dabit
3039 1931 3188 1985 homo
3227 1931 3669 1984 comatutationan
3721 1948 3828 1999 pro
3871 1933 3980 1982 ani-

2376 2042 2459 2076 ma
2505 2041 2596 2077 sua
2628 2022 2841 2092 (Matth.
2893 2022 2983 2077 Ιϐ.
3026 2020 3158 2091 26)?
3191 2021 3257 2076 Et
3301 2023 3542 2078 iterum:
3576 2023 3722 2088 Quid
3775 2025 3980 2093 prodest

2375 2114 2566 2165 homini
2585 2115 2625 2165 si
2656 2122 2812 2166 totum
2845 2111 3087 2165 mundum
3111 2113 3357 2178 lucretur,
3406 2113 3590 2166 anime
3645 2123 3830 2166 autern
3879 2131 3981 2166 sui:

2375 2202 2723 2254 detrimentum
2772 2203 2996 2269 patiatur
3039 2202 3066 2256 1'
3113 2201 3251 2256 Num
3304 2203 3576 2274 quidpiam
3628 2203 3808 2259 habet
3860 2204 3980 2258 huic

2374 2291 2838 2362 mquiparandum?
2868 2292 3085 2348 Etiamsi
3131 2301 3298 2346 totum
3341 2294 3526 2348 orbein
3557 2294 3812 2360 dixeris,
3851 2295 3978 2350 nihil

2375 2385 2538 2439 dices.
2568 2388 2696 2451 Qua:
2725 2386 2866 2439 enim
2915 2387 3146 2450 utilitas,
3183 2386 3321 2440 sicut
3348 2385 3482 2440 dixit
3499 2384 3777 2454 Christus,
3811 2399 3977 2442 tctuni

2377 2477 2628 2532 mundum
2654 2476 2984 2539 lucrifacere.
3015 2480 3206 2531 animm
3235 2489 3413 2532 autem
3433 2478 3824 2534 detrimentum
3849 2483 3974 2550 pati,

2375 2584 2476 2637 qua
2524 2567 2653 2622 nihil
2688 2570 2840 2624 nobis
2881 2571 3049 2638 magis
3096 2571 3412 2638 prOpriutn?
3444 2569 3637 2625 ιἰτυω
3686 2588 3816 2626 eam
3861 2590 3976 2642 qua:

2377 2672 2480 2715 tam
2505 2664 2731 2731 pretiosa
2752 2673 2854 2727 est,
2873 2663 3024 2730 cujus
3062 2672 3260 2716 mittam
3287 2678 3469 2718 curam
3498 2677 3659 2734 agere
3685 2665 3970 2730 debemus.

2377 2764 2432 2806 ut
2459 2754 2584 2807 nihil
2617 2757 2685 2808 illi
2716 2755 2949 2825 praeferri
2973 2755 3182 2816 debeat,
3217 2757 3292 2809 sic
3321 2756 3678 2823 despicimus.
3714 2770 3776 2810 ut
3799 2762 3969 2827 quati-

2377 2844 2461 2898 die
2487 2845 2850 2913 discet-patiar,
2882 2855 2934 2897 et
2961 2845 3227 2899 interdum
3254 2843 3322 2898 ab
3354 2845 3571 2900 avaritia
3619 2848 3967 2906 obsideatur.

2374 2935 2658 3003 aliquando
2685 2951 2714 2989 a
2740 2936 2950 2990 luxuria
2979 2938 3275 3002 laceretur,
3315 2935 3581 2991 interdum
3615 2938 3682 2990 ab
3733 2939 3810 2992 ira
3843 2956 3967 2992 eisn-

2376 3024 2643 3089 fundatur,
2667 3037 2719 3082 et
2737 3042 2767 3080 a
2798 3026 3019 3097 singulis
3047 3027 3332 3082 affectibus
3350 3028 3693 3084 multifariam
3720 3044 3965 3093 vexetur.

2377 3129 2430 3171 et
2467 3119 2663 3170 nullam
2693 3118 2772 3172 vel
2811 3132 2933 3171 sero
2981 3117 3194 3173 tandem
3238 3118 3379 3174 illius
3407 3134 3654 3187 geramus
3705 3123 3966 3176 Sollicito-

2378 3208 2555 3266 dinem
2578 3211 2598 3260 ‘.’
2625 3209 2752 3274 Quis
2777 3223 2875 3263 nos
2900 3209 3123 3278 posthac
3147 3209 3453 3279 dignabitur
3476 3214 3651 3276 venia,
3679 3223 3738 3267 ct
3768 3217 3838 3268 ab
3873 3219 3966 3266 iui-

2380 3303 2613 3354 mineute
2655 3301 2915 3370 supplicio
2941 3302 3173 3371 eripiet!
3202 3301 3437 3367 idcirco,
3469 3302 3735 3369 obsecro,
3767 3316 3824 3359 ut
3849 3307 3968 3359 dum

2379 3404 2588 3461 tempus
2610 3393 2886 3457 habemus,
2916 3392 3256 3463 detergamus
3276 3395 3390 3462 ejus
3418 3395 3609 3449 sordes
3637 3397 3801 3466 largis
3826 3399 3967 3451 ριθε-

2383 3485 2617 3553 mosyuis
2639 3524 2654 3545 .
2711 3493 2764 3538 et
2812 3482 2915 3538 illis
2964 3492 3300 3553 peccatorum
3346 3497 3647 3540 nostrorum
3703 3489 3967 3540 autumant

2377 3576 2794 3643 exstinguamus.
2841 3572 3024 3644 Ignem
3056 3576 3198 3629 enim
3221 3617 3236 3642 ,
3269 3576 3469 3645 inquit,
3499 3577 3760 3630 ardentem
3786 3586 3967 3632 mua-

2378 3678 2490 3734 guet
2535 3683 2682 3734 aqua,
2716 3677 2972 3733 peccatum
2999 3681 3112 3719 vero
3142 3668 3469 3735 eteamosynis
3495 3679 3748 3736 purgatur
3780 3667 3964 3736 (Ereti.

2371 3758 2430 3811 ‘3.
2462 3757 2571 3825 '53).
2601 3756 2740 3810 Nihil
2770 3755 2913 3811 enim
2943 3771 3163 3825 prorsus
3192 3756 3412 3825 perinde
3452 3772 3548 3810 nos
3592 3757 3835 3814 eximere
3883 3776 3946 3828 po

2381 3857 2484 3901 test
2533 3864 2558 3900 ιι
2607 3849 2848 3916 gehenna
2902 3847 3058 3918 ignis.
3107 3857 3267 3918 atque
3321 3849 3538 3919 largitas
3588 3853 3962 3922 clecmosym-.

2381 3937 2536 3992 Istam
2560 3941 2599 3992 si
2627 3939 3024 4005 przrstitcriinus
3047 3938 3338 3993 secundum
3367 3940 3514 4009 leges
3541 3955 3570 3992 a
3599 3941 3833 3997 Domino
3865 3953 3964 3995 tm-

2382 4032 2538 4084 ditas.
2564 4047 2752 4097 nempe
2777 4030 2905 4084 nihil
2934 4030 2998 4083 ad
3036 4031 3446 4085 ostentationem
3475 4032 3753 4096 facientes,
3785 4034 3881 4088 sed
3903 4037 3967 4086 ob

2382 4139 2617 4178 amorem
2651 4126 2698 4176 in
2733 4125 2930 4186 Deum.
2966 4124 3255 4192 poterimus
3284 4135 3337 4179 et
3365 4135 3708 4194 peccatorum
3758 4138 3964 4181 nostro-

2383 4231 2499 4270 rum
2524 4215 2754 4268 maculas
2775 4215 3010 4278 abluere,
3038 4222 3092 4266 et
3115 4212 3348 4267 divinam
3375 4215 3796 4270 misericordiam
3822 4232 3964 4271 asse-

2383 4309 2491 4375 qui,
2521 4308 2685 4374 gratia
2714 4316 2766 4358 et
2795 4304 3218 4362 miserationibus
3259 4305 3515 4374 unigeniti
3539 4305 3662 4360 Filii
3689 4308 3807 4376 ejus
3840 4351 3856 4374 ,
3889 4313 3962 4363 cui

2383 4414 2501 4451 cum
2548 4398 2700 4451 Patri:
2731 4405 2785 4451 et
2821 4406 3005 4450 sancto
3049 4395 3248 4466 Spiritu
3275 4396 3347 4450 sit
3388 4397 3576 4465 gloria,
3609 4399 3890 4465 imperium
3919 4413 3964 4455 et

2387 4491 2578 4550 honor.
2625 4506 2763 4543 nunc
2812 4498 2866 4543 et
2919 4503 3151 4557 semper,
3191 4496 3244 4542 et
3287 4487 3338 4542 in
3384 4491 3574 4544 sarcula
3627 4494 3961 4547 siculorum.

2386 4581 2572 4633 Amen.

2913 4665 3188 4721 llOlllLlA
3228 4665 3442 4721 ΧΧΧιι.

2393 4804 2453 4856 Et
2483 4805 2615 4857 uisus
2659 4814 2728 4857 est
2771 4802 3020 4858 Dominus
3059 4803 3242 4869 Abra,
3273 4814 3320 4857 ct
3360 4806 3488 4858 dixit
3528 4806 3573 4858 ei
3603 4822 3622 4859 :
3649 4806 3848 4859 Semiai
3889 4823 3960 4860 tuo

2457 4896 2583 4948 dabo
2612 4906 2793 4947 terram
2832 4896 2998 4960 hanc;
3035 4904 3081 4948 et
3115 4897 3362 4948 exstruxit
3399 4898 3464 4949 ibi
3503 4899 3665 4952 altare
3707 4897 3954 4960 Domino,

2460 4989 2541 5052 qui
2569 4989 2699 5038 visus
2729 4995 2801 5037 est
2831 4985 2876 5038 ei
2899 4983 3049 5053 (Gen.
3083 4985 3168 5039 12.
3199 4985 3276 5054 Ἰ).

2463 5119 2509 5168 1.
2553 5116 2655 5168 Cur
2697 5117 2908 5169 noluerit
2951 5113 3090 5168 Deus
3134 5116 3323 5169 claram
3367 5134 3471 5171 esse
3516 5120 3858 5188 Sm‘ptnram.
3899 5156 3954 5165 —-

2389 5209 2577 5262 Multus
2600 5222 2648 5260 et
2675 5209 2963 5261 immensus
2990 5208 3039 5260 in
3064 5208 3126 5261 iis
3149 5251 3160 5270 ,
3184 5225 3300 5277 qum
3325 5213 3477 5277 paulo
3500 5224 3622 5264 ante
3642 5227 3774 5268 sunt
3799 5221 3920 5269 lvi-ti
3941 5262 3954 5277 ,

2390 5303 2668 5355 thesaurus
2690 5309 2834 5364 latet,
2854 5302 3199 5360 dilectissimi.
3219 5313 3270 5356 et
3290 5320 3423 5370 opus
3443 5315 3522 5356 est
3546 5307 3747 5360 inti-uta
3769 5319 3918 5362 tltL‘tni'
3940 5352 3952 5368 .

2388 5396 2668 5460 sobriaqoe
2695 5404 2746 5444 et
2775 5394 3002 5456 vigilanti
3039 5393 3260 5456 ratione,
3295 5396 3359 5447 ita
3394 5406 3446 5447 ut
3477 5397 3605 5448 nihil
3635 5414 3819 5450 eorum
3849 5417 3953 5466 flllt‘

2389 5486 2437 5537 in
2471 5485 2712 5536 ill't.‘\li)llS
2741 5484 2912 5536 verbis
2944 5485 3124 5546 latent,
3153 5498 3249 5536 nos
3271 5495 3566 5550 pnctercat.
3599 5485 3729 5541 Nam
3756 5499 3950 5556 proptcr

2390 5577 2482 5626 liut‘
2515 5588 2565 5627 et
2597 5575 2897 5627 misericors
2933 5575 3066 5627 Deus
3097 5591 3199 5628 non
3240 5575 3377 5628 facili
3408 5589 3459 5630 οι
3503 5582 3855 5642 perfunctorie
3886 5584 3947 5633 le-

2388 5665 2561 5718 ctione
2583 5667 2743 5717 voluit
2772 5665 2920 5717 nobis
2948 5666 3121 5717 omnia
3145 5682 3262 5734 qua:
3295 5669 3344 5717 in
3375 5667 3663 5734 Scripturis
3692 5673 3946 5724 omniurn—

2392 5773 2474 5814 tur
2502 5801 2515 5827 ,
2551 5761 2823 5816 nuinfesta
2853 5770 2902 5814 ct
2935 5759 3205 5828 perspicua
3239 5774 3355 5812 csse
3383 5801 3394 5820 .
3425 5769 3480 5812 ut
3504 5777 3732 5817 excussa
3757 5781 3940 5820 somni»
