4092 6516
667 387 774 443 ἱθὸ

662 514 831 566 μενοι,
867 495 1010 548 οὕτω
1047 498 1147 566 τὴν
1177 495 1238 562 ἐξ
1282 498 1459 553 αὑτῶν
1487 500 1750 567 ὠφέλειαν
1783 498 2217 569 καρπωσώμεθα.

658 578 828 634 Εῐωθε
858 578 966 647 γάρ
993 596 1106 640 πως
1137 579 1207 631 τά
1237 582 1334 648 μὲν
1365 581 1501 648 μετὰ
1520 582 1680 633 πόνου
1710 581 1804 634 καὶ
1820 579 2097 650 ζητήσεως
2131 579 2222 636 εὑ·

655 659 950 730 ρισκόμενα
985 661 1182 731 μᾶλλον
1207 662 1584 732 ἐμπήγνυσθαι
1610 661 1763 730 ἡμῶν
1790 665 1854 732 τῇ
1892 663 2097 731 διανοίᾳ
2118 678 2131 692 ο
2156 660 2224 712 τὰ

653 741 712 793 δὲ
739 743 853 810 μετ’
877 741 1142 805 εὐκολίας,
1174 742 1364 798 θᾶττον
1385 743 1722 812 ἀφίπτασθαι
1751 745 1850 813 τῆς
1878 744 2096 819 καρδίας
2126 743 2222 814 τῆς

654 822 945 893 ἡμετέρας.
966 824 1055 892 Mi;
1083 823 1256 876 τοίνυν
1278 824 1629 894 ῥαθυμῶμεν,
1657 825 1973 896 παρακαλῶ,
1996 824 2127 878 ἀλλά
2142 823 2222 880 δ.-

655 906 954 976 εγείρωμεν
977 906 1130 976 ἡμῶν
1153 907 1241 959 τὸν
1262 906 1538 977 λογισμὸν,
1558 907 1806 979 καὶπρὸς
1825 908 1886 960 τὸ
1910 907 2069 978 βάθος
2092 904 2223 958 αὑτὸ

653 987 762 1039 τῶν
792 986 1186 1056 γεγραμμένων
1209 989 1508 1059 ὁλοσχερῶς
1533 990 2005 1060 κατοπτεύσωμεν,
2030 988 2115 1044 ἵνα
2134 988 2222 1040 δυσ

655 1069 902 1139 νηθῶμεν
926 1069 1276 1139 κερδάναντές
1295 1087 1346 1123 τι
1371 1071 1530 1123 πλέον
1558 1069 1825 1136 ἐντεῦθεν,
1845 1073 2014 1135 οὕτως
2041 1070 2220 1123 οτκαδε

656 1152 986 1204 ἐπανελθεῖν.
1017 1153 1125 1206 Καὶ
1147 1153 1255 1224 γὰρ
1285 1155 1590 1224 πανήγυρις
1611 1155 1726 1207 ἐστι
1758 1154 2096 1225 πνευματικὴ
2127 1152 2220 1204 τοῦ

654 1234 787 1287 Θεοῦ
829 1237 861 1304 ἡ
898 1235 1178 1306 ἐκκλησία.
1211 1235 1304 1288 καὶ
1349 1239 1580 1308 ίατρεῖὸν
1618 1239 1732 1290 ἐστι
1759 1237 1964 1307 ψυχῶν,
1998 1237 2090 1289 καὶ
2119 1237 2218 1299 δεῖ,

654 1317 902 1387 καθάπερ
933 1319 1013 1379 είς
1043 1319 1346 1388 πανήγυριν
1381 1322 1877 1391 παραγενομένους,
1902 1319 2101 1390 πολλὴν
2123 1318 2220 1389 τὴν

654 1399 913 1469 εὐπορίαν
934 1398 1182 1452 ἐντεῦθεν
1205 1400 1582 1466 συλλέξαντας,
1605 1402 1775 1465 οὕτως
1803 1402 2102 1462 ἐπανιέναι,
2127 1401 2221 1453 καὶ

655 1481 901 1550 καθάπερ
930 1484 1011 1546 είς
1040 1482 1273 1550 ἰατρεῖον
1301 1485 1670 1548 ἀπαντῶντας,
1693 1485 1761 1537 τά
1787 1485 2092 1554 κατάλληλα
2110 1486 2222 1545 τοῖς

654 1562 1032 1632 ὑποκειμένοις
1066 1564 1260 1618 πάθεσι
1298 1567 1564 1637 φάρμακα
1598 1567 1858 1629 λαϐόντας
1896 1566 2218 1632 ἐξιέναι.οὑ

653 1643 762 1713 γὰρ
798 1646 884 1698 διὰ
929 1647 1084 1698 τοῦτο
1127 1647 1246 1700 καθ’
1283 1648 1517 1717 ἑκάστην
1565 1648 1773 1718 ἡμέραν
1811 1647 2217 1719 συνεδρεύομεν,

656 1727 742 1778 ἵνα
761 1727 864 1787 τὰς
889 1729 1022 1798 πρὸς
1043 1728 1302 1799 ἀλλήλους
1328 1731 1612 1800 συντυχίας
1637 1732 1819 1795 ἁπλῶς
1840 1731 2218 1802 ποιησάμενοι,

651 1808 824 1871 οὕτως
854 1809 1089 1872 ἅπαντες
1110 1811 1452 1882 διαλυθῶμεν
1474 1829 1486 1842 ·
1516 1814 1630 1866 ἀλλ’
1657 1815 1743 1867 ῖνα
1779 1814 2008 1866 ἕκαστόν
2035 1831 2088 1865 τι
2111 1812 2219 1865 τῶν

651 1893 935 1962 χρησίμων
981 1893 1189 1962 μαθὼν,
1224 1896 1318 1947 καὶ
1360 1896 1495 1965 πρὸς
1529 1897 1590 1948 τὸ
1627 1896 1879 1966 ἐνοχλοῦν
1922 1897 2090 1959 πάθος
2121 1897 2219 1965 τὴν

651 1975 891 2045 ίατρείαν
918 1976 1227 2045 δεξάμενος,
1258 1977 1430 2042 οὕτως
1460 1979 1704 2033 ἐντεῦθεν
1725 1982 2070 2050 ἀναχωρήσῃ.
2095 1979 2220 2042 Πῶς

652 2056 761 2126 γὰρ
782 2057 880 2110 οὑκ
916 2058 980 2110 ἀν
1017 2057 1100 2128 εἴη
1143 2059 1250 2111 τῶν
1283 2061 1667 2125 ἀτοπωτάτων,
1694 2061 1764 2113 τὰ
1796 2062 1891 2130 μέν
1920 2061 2107 2112 παιδία
2153 2060 2220 2114 τά

648 2138 892 2209 ἡμέτερα
909 2143 988 2201 είς
1001 2139 1366 2195 διδασκαλεῖον
1381 2142 1824 2205 ἀποστέλλοντας,
1852 2143 1970 2194 καθ’
1983 2142 2218 2209 ἑκάστην

653 2219 864 2290 ἡμέραν
890 2223 1139 2274 ἀπαιτεῖν
1161 2226 1289 2293 παρ’
1309 2223 1490 2276 αὐτῶν
1513 2224 1824 2294 προσθήκην
1849 2224 1968 2276 τινὰ
1987 2223 2094 2274 τῶν
2117 2239 2218 2291 μα-

649 2301 928 2370 θημάτων,
948 2304 1038 2355 καὶ
1053 2305 1150 2357 οὑκ
1173 2304 1239 2357 ἀν
1256 2323 1381 2358 ποτε
1398 2306 1767 2375 ἀνασχοίμεθα
1787 2306 1970 2366 ἀπλῶς
1987 2305 2077 2356 καλ⁸
2092 2306 2214 2372 είκῆ

647 2382 819 2435 ταῦτα
864 2382 1099 2450 βαδίζειν
1134 2389 1332 2452 ἐκεῖσε,
1357 2390 1404 2440 εί
1439 2387 1514 2458 μὴ
1545 2387 1739 2457 ἴδωμεν
1769 2387 2124 2457 καρπούμενά
2163 2403 2216 2438 τι

645 2464 808 2518 πλέον
827 2484 839 2496 ·
861 2468 1004 2536 ἡμᾶς
1015 2467 1073 2520 δὲ
1089 2468 1212 2531 τοὺς
1231 2471 1310 2530 εἰς
1332 2470 1527 2540 μέτρον
1542 2470 1753 2539 ἡλικίας
1776 2469 2104 2538 φθάσαντας,
2124 2469 2216 2520 καὶ

643 2550 725 2612 είς
736 2549 798 2602 τὸ
807 2552 1173 2620 πνευματικὸν
1183 2552 1338 2605 τοῦτο
1349 2552 1709 2605 διδασκαλεῖον
1723 2550 2160 2623 παραγενομένου
2170 2567 2213 2616 ς,

647 2635 724 2705 μὴ
740 2633 837 2704 τὴν
860 2634 980 2704 ῑσην
998 2635 1225 2698 ἐκείνοις
1246 2635 1479 2706 σπουδὴν
1494 2637 1915 2697 ἐπιδείκνυσθαι,
1931 2636 2024 2687 καὶ
2042 2634 2214 2687 ταῦτα

644 2717 774 2771 ἔνθα
797 2720 876 2778 είς
899 2717 994 2787 τὴν
1013 2718 1114 2787 τῆς
1131 2719 1307 2787 ψυχῆς
1333 2720 1604 2789 σωτηρίαν
1623 2719 1683 2770 τὸ
1712 2718 1897 2789 κέρδος
1919 2718 2211 2785 διαῦαίνεις

649 2801 914 2863 Ἕκαστος
929 2801 1105 2853 τοίνυν
1121 2802 1152 2869 ἡ
1160 2801 1294 2868 μῶν,
1308 2799 1628 2871 παρακαλῶ,
1645 2801 1831 2852 ἑαυτὸν
1848 2799 1966 2852 καθ’
1978 2800 2214 2869 ἑκάστην

646 2883 856 2952 ἡμέραν
878 2883 1257 2953 διερευνάσθω,
1275 2881 1326 2934 τί
1350 2883 1447 2950 μὲν
1472 2885 1536 2934 ἐκ
1557 2882 1652 2951 τῆς
1679 2883 1940 2952 ἡμερινῆς
1962 2881 2213 2952 ἐκέρδανε

640 2963 948 3028 διαλέξεως,
978 2965 1027 3016 τί
1049 2964 1105 3016 δὲ
1127 2967 1191 3016 ἐκ
1213 2966 1310 3034 τῆς
1336 2964 1614 3034 ἐπιούσης,
1644 2964 1730 3015 ἵνα
1756 2965 1828 3033 μὴ
1859 2963 2094 3032 δόξωμεν
2123 2965 2215 3016 καὶ

643 3047 804 3114 ἡμεῖς
833 3047 954 3113 είκῆ
980 3046 1071 3098 καὶ
1102 3043 1288 3109 ἁπλῶς
1317 3045 1549 3097 ἐνταῦθα
1579 3045 1991 3116 παραγίνεσθαι.
2013 3045 2134 3095 Ὀτι
2157 3043 2214 3096 δὲ

644 3125 803 3179 τοῦτο
827 3129 974 3196 ἡμᾶς
1009 3126 1108 3195 μὲν
1133 3128 1312 3196 πάσης
1349 3126 1526 3188 αἰτίας
1563 3127 1754 3196 ἀφίησι
1783 3131 1801 3196 (
1826 3128 1892 3178 τά
1918 3128 2026 3197 γὰρ
2060 3125 2211 3197 [517]

647 3208 766 3262 καθ’
804 3210 1028 3270 ἐαυτοὺς
1073 3208 1287 3261 ἅπαντα
1315 3209 1657 3280 είσφέρομεν,
1691 3209 1784 3262 καὶ
1809 3209 1956 3262 οὐδὲν
1993 3209 2101 3261 τῶν
2135 3213 2214 3272 εἰς

645 3289 873 3359 δύναμιν
893 3288 1388 3360 παραλιμπάνομεν
1409 3294 1451 3359 ),
1486 3294 1595 3352 τοῖς
1616 3291 1671 3343 δὲ
1702 3291 2089 3358 ἀγανακτοῦσι,
2122 3295 2216 3346 καὶ

647 3373 786 3442 μετά
817 3371 1100 3441 ἀκριϐείας
1153 3372 1228 3440 μὴ
1276 3374 1622 3442 προσέχουσι,
1665 3374 1757 3425 καὶ
1786 3374 2124 3443 καρποῦσθαι
2163 3392 2214 3429 τι

647 3453 807 3507 πλέον
856 3455 930 3523 μὴ
973 3454 1312 3523 βουλομένοις
1344 3454 1588 3523 μείζονος
1631 3455 1801 3508 αἴτιον
1842 3457 2215 3526 κατακρίσεως

645 3539 872 3608 γίνεται,
898 3539 1124 3591 ἄκουσον
1162 3537 1253 3589 τοῦ
1292 3539 1529 3607 Χριστοῦ
1553 3539 1799 3607 λέγοντος
1834 3540 1968 3610 πρὸς
1999 3541 2096 3610 μὲν
2122 3542 2214 3595 τὸν

645 3619 1039 3688 καταχώσαντα
1063 3619 1121 3671 τὸ
1139 3620 1394 3672 τάλαντον
1417 3641 1426 3650 ο
1450 3621 1679 3687 Πονηρὲ
1699 3621 1902 3685 δοῦλε,
1915 3622 2034 3675 ἔδει
2055 3638 2128 3676 σε
2148 3623 2213 3676 τὸ

643 3703 926 3769 ἀργύριόν
939 3718 1056 3768 μου
1079 3702 1436 3754 καταϐαλεῖν
1455 3702 1552 3753 ἐπὶ
1575 3702 1714 3767 τοὺς
1735 3703 2096 3770 τραπεζίτας,
2115 3703 2214 3758 καί

644 3783 759 3851 ἐγὼ
779 3783 854 3835 ἂν
874 3783 1063 3835 ἐλθὼν
1087 3783 1369 3850 ἀπῄτησα
1389 3784 1533 3836 αὐτὸ
1563 3790 1712 3852 μετὰ
1749 3789 1958 3840 τόκουο
1990 3788 2118 3856 περὶ
2153 3787 2213 3840 δὲ

645 3866 756 3918 τῶν
800 3865 1083 3917 Ἰουδαίων·
1119 3866 1185 3916 El
1211 3864 1295 3932 μὴ
1331 3861 1520 3933 ἦλθον
1547 3867 1642 3918 καὶ
1684 3868 1955 3934 ἐλάλησα
1987 3870 2210 3936 αὺτοῖς,

645 3947 937 4016 ἁμαρτίαν
952 3948 1063 4014 οὐχ
1081 3943 1265 4013 εἶχονο
1287 3946 1402 3998 νῦν
1419 3945 1486 3997 δὲ
1503 3948 1803 4014 πρόφασιν
1815 3952 1924 4002 οὐκ
1941 3951 2210 4018 ἔχουσιν.

647 4028 805 4082 Ἀλλὰ
822 4029 913 4080 νῦν
936 4031 1094 4096 ἡμεῖς
1115 4030 1174 4081 οὑ
1192 4029 1346 4081 τοῦτο
1370 4030 1699 4097 σκοποῦμεν,
1716 4033 1763 4081 εἰ
1780 4032 1882 4093 ἔξω
1899 4034 2006 4084 τῶν
2027 4036 2216 4105 ἐγκλη-

650 4114 834 4183 μάτων
858 4113 1191 4180 ἐσμέν,ἀλλά
1209 4112 1304 4182 τὴν
1330 4113 1600 4183 ὑμετέραν
1622 4114 1992 4185 ἐπιθυμοῦμεν
2020 4136 2215 4187 προκο-

648 4194 776 4263 πὴν,
809 4196 899 4245 καὶ
931 4194 1436 4264 ἀκρωτηριάζεσθαι
1456 4198 1587 4265 ἡμῖν
1613 4197 1892 4266 ἡγούμεθα
1907 4200 1975 4251 τά
1999 4202 2096 4270 τῆς
2125 4203 2216 4254 εὑ-

648 4275 939 4348 φροσὺνης,
977 4275 1078 4328 κᾶν
1106 4277 1356 4346 μυριάκις
1377 4279 1530 4330 αὑτοὶ
1561 4271 1711 4346 ὦμεν
1734 4279 2035 4346 ἀνεύθυνοι,
2063 4287 2111 4336 εἰ
2140 4286 2215 4357 μὴ

650 4361 742 4415 καὶ⁵
762 4361 917 4429 ὑμεῖς
937 4357 1091 4421 ἀξίαν
1112 4359 1216 4410 τῶν
1239 4360 1414 4411 πόνων
1431 4361 1538 4411 τῶν
1557 4361 1838 4430 ημετέρων
1854 4365 1951 4435 τὴν
1981 4367 2215 4436 σπουδὴν

647 4441 1006 4510 ἐπιδείξησθε.
1028 4439 1173 4509 Λῦτη
1194 4441 1299 4509 γάρ
1322 4441 1476 4511 ἡμῶν
1500 4443 1597 4512 τῆς
1615 4444 1949 4515 εὐφροσύνης
1972 4450 2003 4517 ἡ
2028 4449 2215 4502 ὑπόθε-

648 4542 751 4585 σις,
779 4524 838 4574 τὸ
865 4524 997 4591 ὁρᾷν
1029 4523 1182 4591 ὑμῶν
1205 4524 1303 4590 τὴν
1325 4525 1380 4574 ἐν
1404 4527 1514 4586 τοῖς
1542 4531 1924 4595 πνευματικοῖς
1956 4530 2211 4584 ἐπίδοσιν.

647 4606 755 4659 Καὶ
777 4601 890 4656 οἶδα
915 4604 1013 4672 μὲν
1034 4605 1116 4655 ὅτι
1143 4603 1231 4656 διὰ
1258 4603 1354 4673 τὴν
1377 4604 1468 4656 τοῦ
1491 4605 1622 4656 Θεοῦ
1654 4609 1810 4674 χάριν
1841 4611 2102 4674 συνέσεως
2126 4630 2214 4664 πε-

647 4687 993 4757 πληρωμένοι
1038 4685 1207 4748 ὅντες,
1237 4686 1530 4756 δυνήσεσθε
1563 4689 1656 4740 καὶ
1691 4689 1878 4751 ἄλλους
1904 4692 2173 4747 νουθετεῖν
2194 4711 2208 4725 ·

647 4769 783 4822 ἀλλά
819 4771 958 4822 κατά
996 4769 1087 4820 τὸν
1126 4770 1392 4840 μακάριον
1441 4770 1680 4837 Παῦλον,
1713 4774 2212 4847 ἐπαναμιμνήσκων

646 4853 809 4921 ὑμᾶς,
839 4852 931 4904 καὶ
956 4851 1236 4920 διεγείρων
1265 4853 1417 4920 ὑμῶν
1442 4855 1532 4905 τὸν
1565 4855 1725 4923 ζῆλον
1768 4857 1856 4909 καὶ
1881 4859 1978 4926 τὴν
2009 4861 2210 4929 προθυο

648 4936 796 5006 μίαν,
835 4934 1007 4986 ταῦτα
1037 4936 1268 5003 συνεχῶς
1297 4938 1562 5004 παραινῶ,
1605 4940 1921 5008 βουλόμενος
1953 4943 2094 5010 ὑμᾶς
2119 4962 2211 4996 τεο

645 5020 817 5080 λείους
847 5018 938 5069 καὶ
964 5019 1397 5086 ἀπηρτισμένους
1441 5021 1692 5086 γενέσθαι
1751 5023 1826 5073 Οὑ
1873 5027 2064 5094 μικρὸν
2103 5027 2211 5096 γὰρ

646 5100 737 5152 καὶ
766 5100 922 5151 τοῦτο
943 5099 1072 5149 αὑτὸ
1099 5099 1292 5169 δεῖγμα
1315 5101 1572 5170 ποιοῦμαι
1600 5103 1697 5171 τῆς
1729 5104 1869 5154 κατά
1903 5109 2033 5157 Θεὸν
2060 5108 2210 5175 ὑμῶν

643 5179 1030 5252 προκοπῆς,τὸ
1073 5182 1209 5248 μετὰ
1259 5184 1526 5251 τοσαύτης
1561 5185 1864 5256 προθυμίας
1915 5190 2034 5240 καθ’
2078 5193 2205 5243 ἑκά-

643 5282 772 5333 στην
803 5264 1012 5334 ἡμέραν
1042 5264 1271 5317 ἐνταῦθα
1301 5268 1713 5336 παραγίνεσθαι,
1769 5272 1859 5322 καὶ
1901 5273 2207 5342 ἀκορέστως

642 5348 782 5415 ἔχειν
811 5349 936 5413 περὶ
959 5347 1056 5416 τὴν
1084 5351 1453 5419 πνευματικὴν
1482 5350 1850 5406 δ.δασκαλίαν.
1875 5355 2080 5424 Ὥσπερ
2098 5360 2205 5425 γάρ

643 5433 673 5500 ἡ
709 5431 832 5500 περὶ
863 5431 957 5499 τὴν
979 5432 1292 5500 σωματικὴν
1332 5435 1535 5503 τροφὴν
1574 5435 1749 5503 ὄρεξις
1786 5437 1988 5504 ὑγιείας
2025 5442 2087 5492 iv
2119 5447 2203 5512 ε.ίή

643 5512 903 5580 μεγίστης
939 5512 1384 5580 σημεῖοπνοοὺτως
1437 5518 1468 5584 ἡ
1512 5519 1636 5585 περὶ
1684 5518 1781 5587 τὴν
1831 5525 2203 5594 πνευματικὴν

637 5593 984 5646 διδασκαλίαν
1011 5596 1271 5663 ἐπιθυμία
1290 5595 1388 5663 τῆς
1412 5596 1550 5648 κατά
1570 5596 1740 5668 ψυχὴν
1771 5602 1974 5668 ὑγιείας
1998 5609 2201 5675 τεκμή-

645 5693 758 5746 ίιον
791 5674 856 5727 ἂν
887 5675 970 5743 εἴη
994 5677 1401 5746 ἐναργέστατον.
1439 5679 1536 5731 Διά
1566 5697 1646 5733 τοι
1677 5681 1830 5733 τοῦτο
1864 5685 2015 5749 κάγὼ
2048 5674 2201 5750 εἰδὼς

642 5758 793 5822 υμῶν
822 5757 910 5808 τὸν
937 5757 1112 5819 πόθον,
1144 5760 1234 5811 καὶ
1266 5762 1344 5812 ὅτι
1371 5760 1470 5813 κᾶν
1505 5765 1760 5833 μυριάκις
1783 5769 2198 5840 παρατείνωτὴν

637 5840 1000 5904 διδασκαλίαν,
1038 5843 1154 5895 οὐδὲ
1182 5841 1346 5908 οὕτως
1374 5847 1643 5916 ἐμπλῆσαι
1675 5848 1824 5917 ὑμῶν
1854 5850 2080 5921 δύναμαι
2105 5855 2196 5924 τὴν

1377 387 1436 442 S.
1475 385 1758 445 JOANNIS
1794 386 2280 444 (ιιιιιγεοδτοιιι
2321 384 2632 442 ARCIIIEP.
2676 381 3219 440 CONSTANTINOP.

3815 379 3916 435 294

2327 495 2636 564 ἐπιθυμίαν,
2670 495 2762 548 καὶ
2789 496 2947 564 κόρον
2993 495 3286 565 ἐμποιῆσαι
3323 491 3421 559 τῆς
3459 488 3664 559 τροφῆς
3713 491 3916 559 ταύτης

2323 578 2420 644 τῆς
2460 579 2856 647 πνευματικῆς,
2905 579 2965 630 οὑ
3020 578 3299 646 παύσομαι
3351 574 3492 626 κατὰ
3537 572 3775 640 δύναμιν
3821 572 3916 640 τὴν

2325 660 2484 728 ἐμὴν,
2521 661 2663 726 ᾶπερ
2690 659 2754 712 ἀν
2792 661 2824 731 ἡ
2855 657 2948 711 τοῦ
2981 657 3115 710 Θεοῦ
3160 659 3317 729 χάρις
3357 655 3593 726 παρέχῃ,
3642 655 3726 716 εἰς
3765 654 3914 722 (Expi-

2324 741 2472 794 λειαν
2489 742 2759 812 ὑμετέραν
2793 740 2964 793 ταῦτα
2992 741 3077 808 ἐφ’
3113 741 3350 810 ἑκάστης
3380 739 3508 809 ὑμῖν
3557 737 3912 807 παρατιθεὶς,

2325 822 2420 875 καὶ
2445 824 2513 875 τά
2543 823 2650 876 ἀπὺ
2678 822 2784 874 τῶν
2815 821 2972 875 θείων
3000 822 3231 893 Γραφῶν
3254 823 3560 890 διδάγματα
3594 819 3914 872 ἐναποτιθέ-

2328 922 2487 974 μενος
2507 908 2627 968 ταῖς
2643 906 2935 976 ὑμετέραις
2953 905 3232 968 διανοίαις.

2398 986 2462 1054 β’.
2479 987 2615 1058 ⁴ὶέρε
2634 983 2726 1040 οῦν
2741 989 2833 1039 καὶ
2855 988 3096 1057 σήμερον
3115 987 3205 1039 τὸν
3223 983 3602 1054 φιλάνθρωπον
3625 982 3916 1050 Δεσπότην

2325 1069 2804 1138 παρακαλέσαντες
2843 1068 3106 1138 ωηγῆσαι
3130 1068 3289 1138 ἡμῶν
3334 1066 3431 1136 τὴν
3475 1065 3733 1132 γλῶσσαν
3775 1063 3915 1133 πρὸς

2323 1150 2422 1220 τὴν
2449 1151 2559 1203 τῶν
2587 1151 2933 1222 ζητουμένων
2954 1151 3193 1221 εὕρεσιν,
3217 1151 3314 1221 τὴν
3338 1148 3540 1218 συνὴθη
3564 1147 3915 1217 παραθῶμεν

2325 1233 2453 1301 ὑμῖν
2479 1233 2848 1292 διδασκαλίαν.
2894 1233 3034 1286 αὑτὰ
3068 1233 3329 1303 πρότερον
3359 1231 3427 1283 τά
3477 1229 3912 1296 ἀναγνωσθέντα

2324 1315 2618 1386 προθέντες
2638 1317 2728 1368 ἐπὶ
2739 1316 2836 1386 τῆς
2857 1316 3129 1386 ὑμετέρας
3141 1316 3383 1384 ἀγάπης.
3400 1312 3510 1366 Καὶ
3525 1311 3725 1380 ὤφθη,
3749 1312 3909 1378 φησὶ,

2322 1399 2536 1465 Κύριος
2551 1403 2584 1451 ό
2603 1398 2747 1464 Θεὸς
2758 1398 2838 1463 τῷ
2856 1400 2922 1451 ’Δ
2931 1400 3102 1465 ὅραμ,
3116 1397 3214 1450 καὶ
3231 1392 3399 1450 εἶπεν
3421 1392 3602 1458 αὐτῷ.
3628 1394 3707 1445 Οὐ
3725 1391 3912 1453 καλῶς

2322 1479 2506 1546 ἔλεγον
2533 1480 2593 1544 ἐξ
2620 1481 2816 1551 ἀρχῆς,
2845 1480 2927 1532 ὅτι
2973 1479 3138 1541 πολὺς
3171 1481 3199 1530 6
3235 1477 3506 1548 θησαυρὸς
3550 1476 3911 1528 ἐναπόκειται

2321 1564 2433 1624 τοῖς
2455 1561 2678 1631 βραχέσι
2705 1561 2913 1624 τούτοις
2946 1561 3214 1631 ρήμασιν;
3250 1560 3379 1612 Ἰδοὺ
3409 1560 3516 1628 γὰρ
3533 1557 3742 1618 εὐθέως
3758 1555 3912 1619 ξένον

2322 1645 2415 1697 καὶ
2436 1643 2618 1697 καινὸν
2651 1643 2710 1695 τὸ
2743 1641 3026 1713 προοίμιον
3059 1642 3168 1695 τῶν
3191 1641 3522 1713 είρημένων·
3569 1640 3681 1692 Καὶ
3713 1639 3910 1706 ὤφθη,

2322 1727 2474 1795 φησὶ,
2503 1727 2717 1792 Κύριος
2745 1728 2778 1778 ὁ
2802 1725 2944 1790 Θεὸς
2977 1723 3056 1789 τῷ
3107 1725 3340 1793 Ἅϐραμ.
3382 1723 3603 1794 Πρῶτον
3621 1721 3789 1774 τοῦτο
3817 1722 3908 1772 εὑ·

2324 1809 2579 1878 ρίσκομεν
2609 1809 2667 1860 ἐν
2695 1810 2758 1878 τῇ
2793 1809 2980 1878 Γραφῇ
3008 1808 3102 1860 νῦν
3128 1808 3188 1860 τὸ
3219 1808 3403 1879 ῥηθὲν,
3430 1809 3510 1859 ὅτι
3539 1807 3753 1874 Ὠφυψ
3775 1804 3909 1856 οὔτε

2321 1889 2428 1959 γάρ
2452 1891 2543 1941 ἐπὶ
2562 1888 2654 1941 τοῦ
2693 1890 2882 1959 Ἀδάμ,
2911 1888 3034 1942 οὔτε
3063 1891 3157 1943 ἐπὶ
3187 1889 3282 1942 τοῦ
3305 1889 3491 1952 Ἅϐελ,
3516 1887 3640 1940 οῦτε
3677 1888 3774 1938 ἐπὶ
3816 1888 3908 1939 τοῦ

2319 1971 2464 2035 Νῶε,
2497 1970 2620 2024 οὕτε
2643 1973 2728 2024 ἐπ’
2758 1972 2918 2025 ἀλλου
2953 1974 3097 2036 τινὸς
3127 1973 3302 2044 ταύτῃ
3338 1974 3608 2042 ἐχρήσατο
3647 1973 3717 2040 τῇ
3761 1970 3908 2035 λέξει

2318 2055 2353 2123 ἡ
2385 2054 2504 2106 θεία
2536 2054 2748 2127 Γραφὴ.
2775 2055 2841 2107 Τί
2871 2050 2964 2108 οῦν
2993 2057 3109 2108 ἐστι
3135 2055 3196 2108 τὸ
3225 2056 3534 2126 είρημένον,
3564 2055 3676 2106 Καὶ
3709 2053 3908 2121 ὤφθη,

2320 2137 2487 2204 gandi;
2521 2139 2631 2190 Καὶ
2663 2138 2777 2199 πῶς
2808 2138 3036 2207 ἑτέρωθι
3081 2138 3249 2205 λέγει,
3300 2137 3509 2203 οὐδεὶς
3555 2137 3772 2204 ὄψεται
3803 2136 3911 2188 τὸν

2320 2218 2487 2280 Θεὸν,
2503 2219 2601 2271 καί
2618 2218 2853 2284 ζήσεται
2872 2236 2891 2283 ;
2915 2221 2978 2272 Τί
2993 2215 3087 2272 οὖν
3100 2219 3167 2273 ἂν
3179 2221 3430 2289 εἴποιμεν
3445 2219 3540 2272 νῦν
3558 2218 3659 2286 τῆς
3681 2217 3908 2288 Γραφῆς

2316 2298 2599 2368 λεγούσης,
2615 2301 2696 2353 ὃτι
2712 2303 2900 2370 Ὠφθη
2919 2319 2939 2366 ;
2962 2302 3084 2366 Πῶς
3109 2300 3263 2373 ὤφθη
3285 2303 3363 2370 τῷ
3383 2301 3578 2371 δικαίῳ
3597 2317 3612 2364 ;
3635 2297 3785 2370 ’Δρα
3811 2301 3909 2351 αὑ-

2316 2383 2414 2452 τὴν
2441 2385 2538 2454 τὴν
2571 2385 2759 2438 οὑσίαν
2789 2381 2963 2450 εἷδεν;
3000 2387 3166 2456 Οὐχί·
3222 2387 3298 2457 μὴ
3336 2388 3563 2454 γένοιτο.
3610 2385 3778 2437 Ἀλλὰ
3817 2385 3907 2447 τίό

2317 2465 2502 2530 Οὕτως
2531 2467 2707 2537 ὤφθη,
2745 2469 2822 2532 ὡς
2853 2469 3013 2533 αὐτὸς
3071 2466 3178 2522 οἶδε
3234 2471 3414 2540 μόνος,
3467 2470 3561 2522 καί⁵
3594 2468 3671 2530 ὡς
3707 2468 3906 2536 ἐκείνῳ

2317 2550 2468 2623 [318]
2493 2552 2716 2605 δυνατὸν
2737 2549 2806 2623 ἡν
2840 2553 2985 2606 ίδεῖν.
3011 2554 3334 2624 Εὑμὴχανος
3351 2552 3459 2623 γάρ
3485 2551 3559 2604 ὢν
3579 2552 3608 2603 6
3627 2551 3794 2618 σοφὸς
3813 2551 3907 2602 καὶ

2317 2633 2694 2704 φιλάνθρωπος
2743 2635 2901 2705 ἡμῶν
2946 2637 3221 2708 Δεσπότης
3245 2677 3259 2699 ,
3311 2636 3403 2689 καὶ
3452 2633 3908 2703 συγκαταϐαίνων

2313 2717 2379 2784 τῇ
2407 2715 2723 2788 ἀνθρωπίνῃ
2755 2717 2935 2785 φύσει,
2981 2721 3093 2782 τοῖς
3124 2717 3290 2782 ἀξίως
3336 2715 3904 2788 προπαρεσκευασμέ-

2316 2814 2427 2859 νοις
2458 2798 2652 2851 ἑαυτὸν
2694 2800 3006 2868 ἐμφανίζει.
3047 2800 3159 2853 Καὶ
3193 2801 3349 2854 τοῦτο
3387 2799 3627 2852 δείκνυσι
3681 2797 3774 2849 διὰ
3811 2797 3906 2848 τοῦ

2317 2883 2594 2950 προφήτου
2612 2920 2627 2946 ,
2653 2881 2856 2950 λέγων,
2909 2881 3055 2951 Ἐγὼ
3072 2882 3315 2951 δράσεις
3335 2880 3672 2946 ἐπλήθυνα,
3713 2879 3817 2932 καί
3838 2881 3906 2930 ἐν

2315 2967 2489 3034 χερσὶ
2516 2968 2840 3036 προφητῶν
2856 2969 3180 3037 ὠμοιώθην.
3217 2969 3367 3021 Ἐπεὶ
3388 2969 3481 3021 καὶ
3514 2967 3744 3028 Ἡσαΐας
3764 2962 3904 3017 εἶδεν

2316 3049 2475 3101 αὑτὸν
2510 3050 2848 3120 καθήμενον·
2882 3051 3040 3104 τοῦτο
3073 3051 3130 3103 δὲ
3162 3051 3378 3117 ἀνάξιον
3402 3050 3569 3102 Θεοῦ·
3612 3049 3748 3110 Θεὸς
3795 3047 3906 3115 γάρ

2314 3131 2374 3181 οὑ
2403 3130 2639 3201 κάθηται
2669 3147 2684 3162 ο
2721 3132 2836 3195 πῶς
2866 3133 2975 3202 γὰρ
3008 3133 3041 3201 ἡ
3068 3131 3357 3202 ἀσώματος
3388 3131 3569 3200 ἐκείνη
3595 3131 3692 3182 καὶ
3707 3128 3906 3181 ἀνώλεο

2317 3210 2441 3279 θρος
2471 3212 2668 3279 φύσις;
2696 3216 2789 3266 καὶ
2815 3216 2844 3265 6
2871 3213 3066 3284 Δανιὴλ
3101 3214 3264 3267 πάλιν
3295 3209 3434 3266 εἶδεν
3463 3214 3649 3275 αὑτὸν,
3685 3213 3763 3274 ὡς
3796 3230 3900 3264 πα-

2315 3299 2464 3351 λαιὸν
2482 3300 2707 3370 ἡμερῶν
2727 3317 2739 3330 ·
2762 3303 2854 3354 καὶ
2873 3303 2900 3353 6
2918 3301 3194 3370 Ζαχαρίας
3213 3301 3414 3370 ἑτέρως
3431 3301 3594 3353 αὑτὸν
3614 3299 3898 3361 ἐθεάσατο,

2315 3381 2408 3433 καὶ
2449 3381 2706 3454 Ἰεζεκιὴλ
2761 3385 2920 3438 πάλιν
2964 3385 3158 3445 ἄλλως.
3200 3384 3299 3436 Διά
3351 3382 3511 3435 τοῦτο
3553 3379 3649 3434 οὖν
3693 3383 3898 3449 ἔλεγεν,

2315 3464 2464 3534 Ἐγὼ
2492 3466 2729 3532 ὁράσεις
2751 3466 3089 3534 ἐπλήθυνα,
3111 3466 3230 3519 ἀντὶ
3249 3465 3364 3529 τοῦ,
3388 3465 3528 3534 Πρὸς
3548 3465 3645 3534 τὴν
3667 3465 3899 3518 ἑκάστου

2315 3548 2472 3611 ἀξίαν
2500 3549 2672 3610 οὑτως
2699 3546 2904 3618 ὤφθην.
2953 3550 3062 3603 Καὶ
3108 3549 3202 3602 νῦν
3248 3545 3370 3612 οὖν,
3409 3549 3598 3618 ἐπειδὴ
3633 3549 3898 3616 ἀνέστησε

2313 3632 2405 3682 τὸν
2431 3630 2636 3682 δίκαιον
2661 3631 2890 3696 οἴκοθεν,
2920 3634 3014 3685 καὶ
3035 3632 3364 3704 προσέταξεν
3387 3633 3463 3694 εἰς
3489 3633 3590 3700 τὴν
3610 3631 3896 3701 ἀλλοτρίαν

2313 3713 2508 3776 ἐλθεῖν,
2544 3715 2987 3785 παραγενόμενος
3021 3717 3099 3777 δὲ,
3123 3716 3370 3785 καθάπερ
3388 3715 3592 3783 ἀλήτης
3614 3715 3706 3766 καὶ
3728 3715 3892 3778 ξένος,

2313 3796 2455 3848 οὑτω
2489 3796 2742 3867 περιῄει,
2786 3797 2896 3850 τῶν
2950 3799 3269 3850 Χαναναίων
3327 3798 3407 3849 ἐτι
3452 3797 3890 3856 κατοικούντων,

2313 3878 2586 3947 ἐπιζητῶν
2606 3880 2736 3930 ὅπου
2761 3879 2858 3949 τὴν
2879 3881 3194 3950 κατοίκησιν
3209 3880 3369 3932 αὑτὸν
3383 3879 3717 3949 ποιήσασθαι
3734 3896 3892 3950 προσ·-

2314 3961 2478 4029 ῆκεν·
2517 3961 2545 4010 6
2596 3961 2798 4026 ἀγαθὸς
2857 3963 3130 4032 Δεσπότης
3176 3963 3675 4032 παραμυθήσασθαι
3735 3963 3890 4015 αὑτὸν

2315 4042 2658 4110 βουλόμενος,
2724 4044 2818 4095 καὶ
2865 4044 3136 4113 νευρῶσαι
3189 4044 3353 4096 αὑτοῦ
3409 4043 3504 4112 τὴν
3544 4045 3888 4113 προθυμίαν,

2312 4124 2450 4176 ὥστε
2480 4127 2553 4196 μὴ
2579 4127 2866 4195 ναρκῆσαι,
2899 4127 3030 4196 μηδέ
3065 4127 3334 4180 ἐνδοιάσαι
3357 4129 3490 4197 πρὸς
3519 4129 3618 4197 τὴν
3649 4131 3888 4196 ἐπαγγεο

2314 4205 2432 4258 λίαν
2474 4209 2571 4278 τὴν
2611 4209 2709 4278 ἤδη
2755 4209 3126 4278 γεγενημένην
3167 4209 3304 4279 πρὸς
3347 4209 3540 4273 αὑτὸν,
3568 4212 3652 4262 ὅτι
3687 4212 3888 4280 Δεῦρο,

2315 4290 2413 4342 καί
2437 4293 2670 4357 ποιήσω
2691 4307 2764 4344 σε
2789 4295 2874 4356 είς
2903 4293 3079 4357 ἔθνος
3102 4293 3257 4361 μέγα
3281 4294 3396 4362 (καὶ
3429 4293 3537 4364 γάρ
3572 4295 3792 4346 ἐναντία
3825 4300 3886 4364 τῇ

2316 4372 2618 4440 ἐπαγγελία
2642 4371 2788 4443 ἐώρα
2819 4372 2886 4424 τὰ
2919 4375 3176 4442 γινόμενα
3223 4376 3253 4426 6
3289 4374 3516 4440 δίκαιος,
3552 4377 3646 4428 καὶ
3685 4376 3762 4439 ὡς
3798 4378 3886 4431 ἕνα

2314 4453 2421 4505 τῶν
2441 4454 2672 4506 εὐτελῶν
2694 4455 2786 4506 καὶ
2807 4456 3258 4526 ἀπερριμμένων,
3304 4459 3396 4513 καὶ
3435 4459 3888 4530 ἀπροστατεύτων

2314 4535 2505 4588 ἑαυτὸν
2536 4553 2602 4586 πε
2611 4538 2838 4606 ριιὸντα,
2863 4539 2957 4590 καὶ
2984 4539 3103 4590 οὑδὲ
3134 4540 3268 4591 ὅπου
3291 4541 3626 4610 καταχθῆναι
3649 4541 3886 4610 ἔχοντα),

2315 4615 2492 4707 ἱζνίοῦν
2523 4619 2769 4707 διεγείρη
2789 4620 2949 4672 αὑτοῦ
2971 4622 3060 4707 τδν
3086 4607 3549 4707 λογισμὸν,φησί⁷·
3579 4607 3886 4707 Καίνφερυη

2314 4702 2524 4768 Κύριος
2554 4701 2633 4766 τῷ
2659 4704 2900 4769 Ἄϐραμ.
2939 4702 3035 4754 καί
3053 4698 3222 4756 εἶπεν
3245 4706 3405 4771 αὐτῷ
3431 4724 3440 4734 ·
3481 4706 3562 4770 Τῷ
3592 4698 3886 4775 σπέᾖματί

2311 4803 2428 4837 σου
2443 4785 2614 4837 δώσω
2631 4785 2741 4853 τὴν
2759 4784 2874 4854 γῆν
2891 4786 3137 4853 ταύτην.
3159 4787 3201 4837 Τ
3205 4787 3308 4850 έως
3322 4791 3354 4857 ἡ
3369 4791 3661 4862 ὑπόσχεσις
3676 4790 3880 4860 μεγάλη

2313 4866 2406 4918 καὶ
2439 4867 2728 4930 ἀκόλουθος
2783 4871 2846 4937 τῇ
2887 4868 3219 4938 ἐπαγγελίᾳ,
3265 4870 3330 4921 δι’
3368 4867 3434 4942 ἧς
3474 4874 3684 4925 οἴκοθεν
3725 4875 3882 4927 αὑτὸν

2311 4949 2624 5019 ἀνέστησεν.
2652 4947 2781 5003 Eine
2801 4953 2928 5021 γάρ’
2954 4953 3286 5020 Μεγαλυνῶ
3312 4955 3378 5008 τὸ
3410 4957 3596 5024 ὄνομά
3621 4975 3740 5011 σου
3766 4976 3778 4986 ”
3798 4960 3880 5010 διά

2309 5031 2465 5084 τοῦτο
2496 5033 2592 5084 νῦν
2612 5051 2741 5103 φησι
2764 5035 2944 5087 πάλιν⁸
2979 5033 3066 5098 Τῷ
3098 5035 3395 5104 σπέρματί
3429 5054 3546 5093 σου
3574 5038 3750 5093 δώσω
3774 5043 3879 5108 τὴν

2308 5113 2422 5182 γῆν
2453 5115 2694 5181 ταύτην.
2727 5115 2938 5184 Ἐπειδὴ
2956 5116 3064 5186 γὰρ
3086 5119 3142 5168 ἐν
3161 5120 3309 5188 γήρα
3328 5121 3608 5189 τυγχάνων
3627 5125 3655 5175 6
3673 5123 3875 5187 δίκαιος

2307 5199 2471 5257 ἄπαις
2497 5195 2582 5267 ἦν,
2613 5196 2701 5250 διὰ
2728 5198 2827 5267 τὴν
2845 5198 2944 5266 τῆς
2965 5200 3141 5270 Σάρας
3160 5204 3462 5272 στείρωσιν,
3487 5209 3873 5275 ἐπαγγέλλεται

2306 5279 2454 5348 αὑτῷ
2478 5279 2555 5349 τῷ
2576 5279 2634 5343 ἐξ
2655 5279 2818 5332 αὑτοῦ
2842 5283 3143 5351 τικτομένῳ
3171 5284 3269 5353 τὴν
3291 5287 3392 5356 γῆν
3421 5296 3742 5360 παρασχεῖν.
3771 5296 3873 5347 Καὶ

2305 5364 2495 5414 σκόπει
2550 5381 2640 5432 μοι
2675 5362 2808 5416 Θεοῦ
2862 5363 3287 5436 φιλανθρωπίαν,
3332 5369 3447 5433 πῶς
3488 5374 3753 5441 προειδὼς
3786 5379 3871 5429 τοῦ

2303 5445 2508 5497 δικαίου
2539 5448 2636 5513 τὴν
2662 5446 2883 5514 ἀρετὴν,
2932 5445 3176 5514 βούλεται
3206 5453 3338 5502 πᾶσι
3375 5454 3673 5523 κατάδηλον
3719 5460 3870 5512 αὑτὸν

2306 5532 2546 5597 ποιῆσαι,
2573 5528 2665 5579 καὶ
2683 5527 2930 5598 καΟάπερ
2963 5531 3305 5601 μαργαρίτην
3324 5535 3444 5586 τινὰ
3476 5540 3866 5607 κρυπτόμενον,

2303 5611 2442 5661 οὑτω
2462 5609 2691 5677 φανερὸν
2719 5610 3154 5678 ἀπεργάσασθαι.
3195 5615 3302 5666 Καὶ⁸
3333 5617 3662 5684 ἐπαγγελίας
3698 5623 3854 5692 ἐπαγ·

2305 5693 2509 5759 γελίαις
2536 5692 2797 5777 συνάψας,
2827 5694 2920 5744 καὶ
2951 5695 3189 5763 μεγάλας
3220 5698 3319 5760 τὰς
3354 5700 3670 5770 ὑποσχέσεις
3720 5723 3868 5777 mou;-

2309 5777 2560 5843 σάμενος,
2613 5775 2771 5827 πάλιν
2818 5779 3011 5846 μικρὸν
3061 5779 3502 5847 διαναϐἀλλεται,
3564 5785 3653 5838 ῖνα
3697 5775 3863 5858 ταύτῇ

2311 5857 2542 5930 μάλιστα
2573 5856 2753 5928 δειχθῇ
2777 5858 2866 5911 τοῦ
2899 5861 3229 5933 πατριάρχου
3270 5865 3329 5918 τὸ
3357 5866 3616 5936 φιλόθεον,
3659 5869 3746 5923 ὅτι
3778 5856 3866 5927 καί
