4080 6496
197 438 308 492 9.93

213 549 372 603 lentia
429 554 608 599 nostra
660 538 927 609 vigilantia
977 535 1135 590 multa
1185 542 1392 588 utentes
1436 531 1783 600 decerparnus

203 639 504 691 utilitatem.
533 632 721 688 Solent
748 630 887 686 enim
918 642 980 682 ea
1008 642 1126 695 quze
1157 624 1338 678 labore
1366 631 1419 677 et
1445 619 1784 690 inquisitione

209 729 381 794 aliqua
425 724 792 789 inveniuntur,
829 716 994 786 magis
1037 715 1180 786 infigi
1225 721 1419 766 uestrae
1463 711 1626 764 menti
1667 726 1681 760 :
1720 723 1782 763 ea

205 829 336 868 vero
377 829 494 882 qua:
539 812 688 864 facile
735 807 1110 870 inveniuntur,
1141 805 1296 857 citius
1343 818 1372 856 e
1409 800 1570 854 corde
1599 808 1782 852 nostro

209 903 441 956 evolare.
471 901 705 955 Obsecro
734 898 888 966 igitur
915 911 980 951 ne
1006 895 1171 948 simus
1197 893 1540 962 negligentes,
1573 889 1666 943 sed
1690 903 1783 941 ex-

204 995 436 1048 citemus
466 1005 694 1043 rnenterrr
727 996 960 1041 nostram
986 1027 1002 1052 ,
1033 996 1086 1039 et
1125 985 1331 1053 penitus
1359 983 1408 1036 in
1441 982 1607 1050 ipsaan
1639 979 1785 1034 Scri-

211 1093 484 1152 pturarum
517 1079 922 1149 profunditatem
961 1078 1296 1138 intueamur,
1335 1083 1392 1127 ut
1429 1072 1616 1141 majori
1661 1069 1784 1126 inde

209 1173 358 1226 lucro
386 1180 604 1240 accepto
622 1209 637 1234 ,
667 1168 884 1222 dommn
915 1165 1088 1220 redire
1118 1164 1289 1217 liceat.
1327 1163 1416 1216 Est
1445 1163 1585 1216 enim
1607 1161 1782 1214 eccle.

205 1261 284 1315 sia
330 1261 420 1316 Dei
461 1270 726 1314 mercatus
763 1256 976 1327 quidam
1021 1254 1310 1323 spiritualis
1355 1253 1784 1320 rnedicorumqne

207 1351 418 1405 oﬂicina
451 1348 726 1404 animabus
759 1363 772 1400 :
801 1355 855 1400 et
886 1360 978 1415 par
1005 1354 1118 1410 est,
1146 1346 1358 1398 utsicut
1385 1343 1473 1412 qui
1502 1342 1565 1396 ad
1594 1343 1786 1396 nundi-

213 1457 313 1493 nas
337 1441 572 1499 veniunt,
594 1436 714 1491 inde
736 1436 913 1489 multis
934 1434 1196 1488 mercibus
1215 1433 1455 1487 collectis
1471 1432 1780 1491 redeamus:

211 1529 296 1582 vel
320 1527 468 1597 quasi
495 1542 525 1582 e
546 1526 733 1580 medici
762 1526 942 1588 domo,
973 1524 1200 1592 receptis
1224 1537 1341 1591 quae
1367 1522 1566 1575 morbis
1589 1521 1784 1574 nostris

207 1625 509 1686 congruunt
551 1615 948 1670 medicamentis
971 1653 985 1676 ,
1026 1627 1297 1666 exeamus.
1342 1610 1456 1663 Non
1486 1611 1627 1664 enim
1660 1610 1781 1663 ideo

208 1707 450 1775 quotidie
494 1706 846 1769 conﬂuirnus,
895 1713 952 1757 ut
998 1702 1270 1756 dumtaxat
1314 1710 1606 1755 conventus
1657 1701 1786 1753 tiant

205 1796 520 1866 simpliciter
563 1813 577 1849 :
616 1793 710 1848 sed
754 1801 1027 1862 propterea
1065 1806 1450 1861 congregantur
1476 1830 1489 1851 ,
1523 1799 1580 1843 ut
1619 1805 1783 1842 unus-

204 1885 430 1954 quisque
451 1883 734 1953 pharmace
754 1883 864 1936 suis
883 1880 1158 1936 affectibus
1176 1880 1486 1948 congruenti
1511 1887 1780 1947 suscepto,

205 1973 426 2028 domum
456 1972 732 2028 concedat.
772 1969 1050 2038 Quomodo
1087 1970 1227 2024 enirn
1267 1984 1370 2022 non
1401 1969 1560 2022 luerit
1595 1968 1783 2021 absur-

205 2062 487 2116 dissimum
508 2102 523 2126 ,
548 2076 644 2116 nos
670 2075 699 2114 a
725 2059 955 2129 puerulis
976 2059 1172 2112 nostris
1192 2055 1259 2111 ad
1292 2057 1471 2110 ludum
1493 2056 1782 2110 literarium

205 2153 386 2208 missis
405 2154 639 2222 quotidie
666 2162 844 2221 petere
867 2191 882 2217 ,
909 2151 1032 2218 quid
1061 2150 1314 2205 discendo
1343 2149 1662 2220 profecerim
1683 2188 1700 2214 ,
1730 2157 1785 2202 et

203 2243 532 2312 adjeeerint;
582 2259 753 2311 neque
794 2243 936 2297 enim
985 2241 1282 2296 sineremus
1332 2255 1426 2293 eos
1468 2240 1659 2292 frustra
1683 2280 1696 2303 ,
1730 2249 1784 2292 et

203 2333 407 2403 absque
431 2335 652 2388 utilitate
676 2334 729 2387 in
756 2332 934 2386 ludtnn
962 2332 1059 2396 ire,
1087 2330 1185 2384 nisi
1212 2329 1438 2383 fructum
1466 2329 1779 2397 ampliorem

206 2423 332 2477 inde
359 2434 714 2492 consequutos
741 2422 1079 2483 videremus;
1123 2435 1218 2473 nos
1257 2427 1434 2472 autem
1463 2417 1550 2487 qui
1587 2418 1781 2485 justam

203 2521 417 2568 aetatem
440 2512 716 2575 habemus,
738 2519 791 2565 et
821 2512 872 2564 in
893 2509 1194 2578 spirituales
1213 2509 1424 2562 scholas
1445 2508 1779 2568 ventitamus,

208 2617 316 2656 non
341 2617 436 2671 par
464 2602 568 2654 illis
596 2600 825 2655 studium
857 2599 1109 2654 exhibere
1132 2638 1148 2662 ,
1179 2597 1407 2652 maxime
1435 2611 1556 2652 eum
1587 2595 1698 2649 haec
1729 2596 1780 2649 in

210 2696 417 2748 lucrum
436 2703 490 2747 et
505 2693 727 2746 salutem
747 2691 1041 2745 animarum
1063 2688 1340 2758 spectent?
1362 2687 1522 2757 Igitur
1536 2686 1780 2752 obsecro,

208 2794 269 2838 ιιι
306 2798 538 2851 seipsmn
582 2781 818 2852 quotidie
845 2789 1108 2834 scrutetur
1136 2779 1494 2847 unusquisque
1514 2819 1530 2844 ,
1565 2777 1688 2845 quid
1717 2791 1784 2830 ex

210 2875 492 2936 hodierna,
518 2873 641 2942 quid
664 2888 727 2927 ex
752 2871 989 2941 proxima
1011 2870 1236 2925 lectione
1257 2868 1497 2922 utilitatis
1519 2867 1781 2933 retulerit,

209 2976 271 3020 ut
300 2981 366 3019 ne
400 2964 673 3019 videamur
700 2973 754 3019 et
793 2977 891 3017 nos
922 2972 1120 3016 temere
1157 2971 1315 3030 atque
1352 2959 1545 3013 {rastra
1573 2959 1778 3014 adesse.

207 3055 362 3120 Quod
406 3065 580 3108 autem
621 3054 723 3108 hoc
760 3069 856 3107 nos
884 3055 1035 3120 culpa
1078 3051 1337 3104 inuuunes
1366 3049 1550 3103 reddat
1581 3049 1782 3121 (olIeri-

210 3161 330 3199 rnns
352 3146 493 3199 enim
520 3143 773 3213 quidquid
801 3143 964 3196 nostri
993 3149 1072 3194 est
1103 3139 1262 3192 ofﬁcii
1283 3180 1297 3204 ,
1326 3148 1378 3192 et
1409 3137 1537 3191 nihil
1568 3151 1783 3207 prorsus

211 3237 355 3304 quod
386 3246 578 3288 nostra:
605 3236 672 3287 sit
697 3233 956 3287 facultatis
983 3231 1371 3301 praeterimus);
1401 3230 1542 3300 quod
1567 3245 1694 3284 vero
1720 3230 1783 3283 iis

211 3328 302 3395 qui
335 3326 488 3379 nobis
526 3332 871 3387 succensent,
907 3337 1003 3375 nec
1030 3330 1310 3375 occurrunt
1333 3361 1347 3384 ,
1380 3336 1475 3372 nec
1500 3319 1638 3372 dicta
1665 3317 1785 3372 dili-

209 3427 395 3485 genter
414 3415 728 3477 auscultant,
751 3413 964 3480 majoris
985 3410 1440 3465 condemnationis
1461 3409 1529 3462 sit
1549 3408 1778 3471 occasio,

209 3507 331 3559 audi
368 3505 634 3559 Christum
672 3503 935 3556 dicentem
969 3503 1016 3555 ei
1045 3502 1132 3568 qui
1178 3502 1431 3554 talentum
1459 3501 1733 3554 defoderat
1767 3517 1780 3553 :

210 3596 367 3650 Serve
400 3610 644 3662 nequam,
675 3591 928 3659 Oportebat
957 3603 1004 3643 te
1026 3592 1287 3660 pecuniam
1324 3607 1481 3643 nteant
1518 3591 1656 3657 apud
1685 3606 1753 3641 nu

210 3685 453 3737 rrtularios
483 3684 786 3752 deposuisse,
813 3693 858 3734 ct
887 3682 1084 3734 veniens
1104 3697 1194 3749 ego
1217 3681 1520 3749 repetiissem
1541 3697 1649 3731 eam
1671 3696 1784 3732 cum

210 3793 363 3828 usura
392 3773 600 3844 (Matth.
629 3773 718 3828 25.
747 3773 836 3826 ‘26.
866 3771 990 3841 27);
1018 3772 1085 3824 de
1108 3771 1309 3825 Juda-is
1340 3781 1515 3825 autem
1547 3789 1559 3823 :
1596 3773 1654 3824 Si
1683 3788 1784 3823 non

210 3866 470 3929 venissem,
502 3875 546 3916 et
575 3865 808 3931 loquutus
829 3864 1034 3933 fuissem
1059 3862 1148 3921 eis,
1183 3871 1437 3929 peccatum
1459 3878 1557 3913 non
1584 3861 1786 3914 [rubuis-

208 3965 316 4008 sent
339 3971 358 4018 ;
386 3969 516 4005 nunc
542 3963 707 4004 autem
735 3953 1105 4005 excusationem
1135 3968 1232 4002 non
1259 3951 1437 4002 habent
1467 3953 1483 4017 (
1508 3949 1660 4002 Joan.
1694 3950 1778 4003 15.

207 4045 325 4112 ‘22).
355 4044 614 4097 Caeterum
643 4057 739 4096 nos
767 4059 904 4095 nunc
933 4057 1038 4093 non
1062 4041 1160 4093 hoc
1190 4054 1453 4102 curamus,
1490 4051 1542 4092 ut
1570 4055 1784 4106 prorsus

213 4137 436 4190 crimine
463 4149 755 4195 careamus,
784 4144 837 4186 et
865 4134 914 4184 in
945 4133 1087 4185 nullo
1109 4147 1409 4198 arguamur,
1433 4130 1526 4184 sed
1555 4140 1782 4183 vestrum

214 4226 504 4293 profectum
530 4224 708 4276 videre
729 4222 990 4292 cupimus,
1013 4231 1067 4274 et
1092 4231 1323 4274 nostram
1351 4222 1584 4273 laetitiam
1614 4220 1786 4272 immi-

213 4316 304 4370 nui
331 4317 667 4379 arbitramur,
693 4316 850 4367 etiatn
874 4315 1208 4377 quantumvis
1239 4311 1434 4386 innoxii
1467 4312 1564 4380 ipsi
1593 4314 1781 4378 simus,

213 4407 314 4460 nisi
356 4414 410 4460 et
455 4421 546 4458 vos
589 4404 819 4457 studium
861 4404 1124 4457 laboribus
1156 4388 1366 4456 nostri;
1389 4404 1602 4472 dignum
1635 4404 1785 4456 exhi-

215 4496 455 4550 bueritis.
489 4495 611 4547 lltee
638 4495 779 4546 enim
807 4502 999 4545 nostra:
1028 4493 1222 4546 laetitia:
1247 4503 1462 4545 materia
1492 4502 1593 4556 est,
1625 4494 1669 4546 si
1698 4509 1786 4545 Ve-

214 4597 321 4638 stra
355 4585 406 4637 in
455 4582 813 4651 spiritualibus
853 4582 1176 4635 incrementa
1222 4581 1513 4635 videamus.
1564 4582 1632 4634 Et
1674 4581 1786 4634 scio

213 4673 424 4740 quidem
449 4688 539 4725 vos
562 4688 653 4739 per
676 4673 897 4739 gratiam
925 4672 1012 4724 Dei
1045 4682 1244 4724 tantum
1269 4672 1466 4739 pollere
1494 4673 1779 4734 intellectu,

217 4774 274 4816 ut
301 4774 355 4815 et
383 4763 512 4814 alios
539 4763 755 4814 valeatis
792 4763 1090 4824 exhortari;
1123 4761 1214 4814 sed
1245 4763 1531 4815 secundum
1574 4765 1782 4816 beatnru

212 4857 466 4917 I‘aulmn,
498 4854 807 4906 memoriam
837 4863 1064 4904 vestram
1096 4854 1320 4916 refrico,
1351 4863 1404 4906 et
1435 4870 1661 4920 provoco
1690 4869 1785 4907 ve-

211 4956 382 4998 strum
414 4943 581 4995 zelum
615 4942 880 5009 animique
906 4941 1135 4993 studium
1161 4981 1172 5000 ,
1204 4941 1428 4993 subirtde
1457 4943 1570 4995 lucc
1596 4944 1783 4995 admo-

212 5045 388 5094 n‘ens.
428 5044 481 5086 et
528 5032 746 5099 cupiens
798 5046 891 5084 vos
939 5029 1199 5099 perfectos
1246 5040 1298 5082 et
1350 5031 1618 5084 absolutos
1668 5047 1786 5085 esse

211 5126 409 5193 (liam.
456 5124 539 5177 15.
588 5122 712 5189 l5).
756 5121 870 5174 Non
917 5122 1059 5174 enim
1103 5121 1370 5174 mediocre
1417 5133 1783 5189 argumentum

218 5218 344 5269 mihi
375 5225 455 5268 est
493 5216 594 5267 hoc
625 5215 779 5266 vestri
821 5215 871 5266 in
901 5214 1092 5266 divinis
1133 5217 1397 5280 profectus
1419 5256 1432 5276 ,
1461 5214 1597 5282 qtrod
1640 5225 1783 5268 tanta

216 5309 490 5360 alacritate
519 5307 754 5375 quotidie
786 5306 886 5357 httc
911 5306 1232 5358 conveniatis
1254 5347 1268 5370 ,
1301 5315 1354 5358 et
1392 5307 1651 5372 spirituali
1687 5306 1785 5357 do-

202 5397 385 5450 t:lrina
417 5398 614 5461 expleri
646 5413 748 5448 non
778 5396 1008 5464 possitis.
1039 5396 1168 5448 Nam
1194 5396 1634 5464 ιμιυιιιίιιιιιιυιιιιιιι
1659 5411 1788 5450 eot-

219 5488 413 5557 poralis
428 5487 530 5539 cibi
548 5488 825 5553 appetitus,
846 5486 1092 5539 iudicium
1111 5497 1190 5538 est
1213 5487 1422 5554 optinnc
1442 5487 1782 5540 valetudinis:

219 5588 287 5632 Ita
315 5577 632 5630 desiderium
665 5577 950 5644 spiritualis
978 5579 1231 5630 doctrirne
1251 5618 1264 5642 ,
1299 5579 1784 5632 manifestissimum

219 5678 579 5736 argumentum
608 5678 689 5719 est
718 5668 905 5719 anima:
937 5667 1069 5721 bene
1096 5669 1334 5721 valentis.
1370 5672 1700 5735 Quapropter
1730 5680 1784 5723 et

219 5775 316 5824 ego
347 5760 478 5813 bene
503 5759 744 5812 conscius
765 5759 920 5814 vestri
947 5759 1212 5823 desiderii,
1238 5762 1373 5828 quod
1396 5761 1591 5814 scilicet
1616 5779 1778 5831 quan-

1223 421 1286 477 lN
1323 419 1475 477 CAP.
1517 418 1630 474 Xll.
1670 416 1915 474 GENES.
1961 414 2191 471 IIOMIL.
2228 412 2445 469 XXXII.

3364 411 3470 466 21H

1888 527 2086 580 tumvis
2115 525 2399 594 producam
2429 540 2766 591 sermonem,
2801 542 2904 580 non
2934 527 3132 595 possim
3159 528 3243 582 vel
3275 530 3351 583 sic
3375 545 3474 584 es-

1889 616 2034 685 plere
2061 613 2384 668 desiderium
2413 655 2428 676 ,
2458 623 2513 668 ct
2539 615 2790 668 alimento
2817 615 3076 683 spirituali
3110 632 3204 670 vos
3233 619 3430 672 satiare
3450 657 3468 682 ,

1887 721 1992 759 non
2017 704 2218 759 desisto
2245 721 2342 774 pro
2367 721 2482 758 mea
2516 706 2651 758 virili
2677 747 2691 771 ,
2719 722 2780 760 ea
2807 723 2924 775 quae
2958 707 3049 761 Dei
3079 710 3247 777 gratia
3275 724 3464 778 suppe.

1886 795 2039 859 ditat,
2072 795 2123 850 in
2152 804 2382 848 vestram
2414 795 2689 849 utilitatem
2715 798 2954 865 quotidie
2977 797 3126 852 vobis
3148 814 3465 868 proponere,

1886 893 1942 940 et
1980 886 2173 939 divina:
2203 885 2491 954 Scriptura:
2529 885 2827 940 doctrinam
2858 888 3124 944 mentibus
3155 890 3345 944 vestris
3386 892 3469 945 in-

1887 990 2086 1030 serere.

1955 1065 2011 1119 2.
2053 1066 2190 1120 Deus
2217 1067 2466 1137 quomodo
2495 1068 2741 1122 videatur.
2786 1097 2858 1109 —-
2895 1071 3008 1139 Age
3033 1070 3192 1139 igitur
3219 1079 3275 1126 et
3309 1072 3469 1128 hodie

1887 1157 2282 1211 misericordem
2311 1158 2476 1211 Deum
2503 1158 2864 1223 Obsecremus,
2892 1172 2948 1214 ut
2975 1162 3204 1230 linguam
3233 1175 3468 1221 nostram

1887 1245 2083 1314 dirigat
2110 1246 2176 1299 ad
2211 1245 2584 1301 inveniendum
2610 1246 2750 1316 quod
2778 1250 3084 1317 qna'rimus,
3116 1260 3167 1304 et
3197 1267 3296 1320 pro
3322 1270 3472 1308 more

1890 1345 2072 1390 nostro
2101 1337 2251 1390 vobis
2276 1337 2562 1391 aﬂ'eramus
2585 1336 2902 1401 doctrinam,
2930 1341 3214 1407 propositis
3241 1344 3468 1411 prirrurm

1890 1425 1972 1480 his
1997 1442 2114 1496 qua:
2142 1428 2275 1482 lecta
2303 1437 2425 1482 sunt
2451 1429 2660 1482 caritati
2694 1440 2904 1484 vestrae.
2931 1432 2984 1485 7.
3014 1432 3079 1484 Et
3105 1435 3238 1488 visus
3265 1445 3358 1499 est,
3391 1438 3471 1489 in-

1886 1519 2019 1586 qnit,
2048 1519 2296 1574 Dominus
2322 1520 2487 1574 Abrw.
2519 1519 2586 1573 Et
2615 1522 2742 1574 dixit
2764 1524 2827 1575 ei.
2857 1522 3042 1578 Nonne
3066 1526 3201 1580 bene
3229 1529 3467 1583 dicebam

1887 1611 1954 1661 ab
1985 1609 2152 1675 initio,
2183 1611 2346 1665 latere
2368 1611 2418 1665 in
2445 1611 2627 1680 paucis
2654 1612 2757 1666 illis
2782 1614 2956 1668 verbis
2983 1633 3228 1686 magnum
3257 1619 3465 1674 thesaro

1888 1701 2044 1753 rum?
2089 1701 2227 1755 Ecce
2268 1703 2409 1755 enim
2448 1705 2625 1756 statim
2677 1720 2852 1757 rarum
2897 1716 2952 1760 et
2986 1709 3298 1763 admirabile
3344 1727 3468 1779 pro-

1885 1791 2135 1846 (nmium:
2159 1791 2222 1845 Et
2243 1792 2375 1846 visus
2403 1803 2497 1860 est,
2529 1794 2715 1863 inquit,
2740 1795 2984 1849 Dominus
3006 1797 3143 1852 Deus
3169 1799 3333 1853 Alme.
3358 1802 3470 1856 lloc

1889 1886 2115 1948 primum
2155 1883 2453 1937 invenimus
2483 1885 2533 1936 itr
2573 1883 2845 1953 Scriptura
2874 1902 3016 1940 nunc
3055 1889 3253 1942 dictum
3279 1930 3295 1953 ,
3324 1893 3466 1961 quod

1888 1972 2030 2025 visus
2059 1971 2164 2026 sit:
2192 1988 2362 2042 neque
2391 1974 2532 2028 enim
2561 1975 2828 2044 Scriptura
2855 1977 3031 2031 divina
3062 1981 3224 2033 verbo
3247 1982 3348 2035 hoc
3375 2000 3465 2037 usa

1886 2072 1987 2126 est,
2017 2078 2138 2117 cum
2168 2062 2236 2117 de
2265 2064 2433 2118 Adam
2457 2105 2470 2127 ,
2505 2066 2587 2119 vel
2617 2066 2684 2119 de
2712 2067 2879 2132 Abel,
2908 2068 2990 2122 vrl
3019 2069 3087 2124 de
3116 2070 3258 2134 Noe,
3294 2075 3374 2127 vel
3401 2074 3468 2128 de

1887 2154 1991 2208 alio
2013 2156 2259 2224 quopiam
2283 2156 2494 2224 loquuta
2516 2168 2618 2210 est.
2642 2157 2777 2222 Quid
2801 2158 2958 2228 igitur
2976 2173 3051 2214 es:
3077 2162 3217 2229 quod
3235 2162 3426 2218 dicitur
3450 2183 3464 2217 :

1889 2245 1955 2297 Et
1996 2245 2131 2298 visus
2169 2254 2242 2300 est
2265 2246 2291 2298 1'
2319 2247 2384 2299 Et
2417 2247 2684 2314 quomodo
2708 2248 2831 2302 alibi
2870 2250 2994 2302 dicit
3026 2268 3038 2300 :
3073 2249 3264 2306 Nullus
3290 2253 3468 2307 videbit

1887 2333 2050 2386 Deam
2070 2374 2084 2397 ,
2117 2345 2164 2387 et
2195 2334 2319 2388 vivet
2355 2335 2373 2404 (
2402 2336 2566 2390 Exod.
2595 2338 2683 2391 55.
2708 2337 2778 2392 ‘20
2804 2340 2859 2406 )?
2885 2340 3018 2406 Quid
3047 2341 3206 2409 igitur
3233 2344 3470 2398 dicemus

1888 2440 2028 2480 nunc
2051 2425 2322 2494 Scriptura
2347 2427 2556 2481 dicente
2585 2444 2598 2479 :
2629 2427 2698 2480 Et
2725 2430 2857 2482 visus
2883 2441 2955 2483 es!
2973 2430 2999 2482 .9
3022 2432 3298 2498 Quomodo
3325 2435 3467 2489 visus

1885 2523 1966 2568 est
1989 2513 2170 2582 justo?
2198 2514 2332 2568 Nam
2360 2517 2526 2584 ipsam
2561 2518 2909 2572 substantiam
2942 2520 3104 2573 vidit?
3131 2520 3279 2587 Non,
3303 2524 3460 2578 absit.

1885 2604 1988 2659 Sed
2016 2605 2182 2675 quid?
2217 2606 2306 2661 Sic
2331 2608 2475 2661 visus
2509 2617 2591 2663 est
2614 2649 2628 2672 ,
2663 2617 2717 2661 ut
2746 2610 2860 2678 ipse
2895 2613 3040 2664 solus
3065 2614 3164 2666 scit
3189 2656 3202 2678 ,
3232 2625 3286 2668 et
3312 2625 3368 2669 ut
3395 2618 3466 2670 illi

1887 2696 2137 2764 possibile
2165 2707 2280 2753 erat
2311 2699 2509 2754 videre.
2548 2698 2729 2755 Solers
2754 2701 2895 2756 enim
2925 2719 3045 2757 eum
3076 2705 3143 2758 sit
3171 2707 3381 2775 sapiens
3414 2719 3468 2763 et

1886 2787 2189 2842 misericors
2230 2788 2484 2844 Dominus
2528 2802 2708 2846 noster
2732 2832 2747 2856 ,
2779 2807 2839 2847 se
2878 2792 3122 2847 humanae
3152 2807 3469 2865 attemperat

1887 2886 2108 2942 natura,
2138 2888 2192 2932 et
2215 2880 2560 2948 semetipsum
2593 2882 2656 2935 iis
2683 2885 2770 2951 qui
2796 2898 2855 2937 se
2883 2896 3039 2938 antea
3069 2885 3226 2955 digne
3257 2902 3462 2958 przrpa'

1890 2977 2161 3030 raverunt,
2186 2969 2438 3022 ostendit.
2473 2968 2632 3039 quue
2657 2972 2986 3026 demonstrat
3014 2989 3106 3042 per
3131 2978 3463 3046 prophetarit.

1886 3057 2072 3112 dicens
2103 3075 2115 3111 :
2151 3058 2260 3127 Ego
2299 3062 2510 3113 visiones
2540 3062 2905 3128 multiplicari,
2939 3075 2983 3116 et
3015 3065 3064 3118 in
3096 3068 3323 3122 manibus
3351 3085 3468 3140 pro-

1884 3146 2151 3213 phetarum
2192 3147 2497 3201 assimilatas
2524 3152 2600 3218 fui
2642 3151 2661 3220 (
2691 3150 2818 3204 Osee
2847 3152 2928 3205 12.
2962 3153 3028 3207 10
3053 3154 3094 3223 ).
3127 3154 3383 3222 Quoniam
3412 3170 3465 3213 et

1880 3231 2047 3289 Isaias
2081 3235 2207 3290 vidit
2245 3252 2365 3290 eum
2407 3239 2676 3294 sedentem
2708 3243 2724 3309 (
2754 3239 2884 3298 1οαὶ.
2910 3244 2963 3298 6.
2999 3245 3108 3315 ]);
3139 3247 3240 3300 hoc
3282 3259 3458 3303 autem

1887 3324 1997 3378 Deo
2039 3324 2307 3394 indignum
2336 3343 2350 3379 :
2381 3327 2520 3383 Deus
2547 3329 2689 3382 enim
2728 3347 2833 3384 non
2860 3333 3047 3397 sedet;
3077 3336 3165 3404 qui
3197 3336 3338 3391 cnim
3367 3355 3462 3408 po-

1889 3426 2028 3483 test,
2085 3433 2207 3472 eum
2249 3419 2318 3473 sit
2359 3420 2671 3490 incorporea
2711 3433 2765 3477 et
2804 3423 3038 3478 interitui
3079 3443 3182 3480 non
3240 3430 3467 3487 obnoxia

1889 3509 2113 3562 natura?
2157 3518 2212 3563 et
2254 3510 2433 3564 Daniel
2474 3527 2684 3581 quoque
2729 3515 2857 3566 vidit
2896 3532 3016 3568 eum
3043 3558 3058 3582 ,
3101 3526 3156 3571 ut
3192 3520 3466 3589 antiquum

1885 3601 2093 3656 dierum
2126 3601 2302 3673 (Dan.
2337 3605 2390 3656 7.
2420 3602 2566 3672 22);
2609 3604 2890 3660 Zacharias
2931 3617 3110 3662 autem
3154 3609 3309 3665 aliter
3344 3629 3468 3667 eum

1887 3694 2154 3746 contuitus
2180 3705 2262 3746 est
2284 3696 2300 3761 (
2325 3693 2486 3747 Zaclt.
2516 3697 2537 3748 1
2562 3696 2580 3764 )
2603 3713 2616 3758 ;
2646 3696 2738 3750 sed
2761 3705 2817 3750 et
2845 3699 3086 3754 Ezechiel
3113 3701 3287 3757 aliter.
3315 3703 3469 3760 Unde

1887 3783 2097 3836 dicebat
2129 3801 2140 3835 :
2171 3783 2281 3852 Ego
2311 3784 2523 3838 visiones
2549 3787 2874 3854 ntultiplicari
2899 3805 2917 3841 :
2939 3790 3038 3844 hoc
3057 3801 3157 3856 est,
3190 3797 3470 3864 unicuique

1887 3873 2104 3940 apparni
2135 3887 2230 3940 pro
2256 3887 2349 3926 sua
2380 3872 2654 3942 dignitate.
2688 3876 2756 3928 Et
2781 3892 2918 3930 nunc
2944 3896 3155 3948 quoque
3178 3923 3192 3944 ,
3226 3885 3349 3951 quia
3381 3886 3468 3951 ju-

1890 3971 2029 4013 stum
2057 3977 2085 4012 a
2113 3961 2272 4014 domo
2297 3962 2413 4029 ejus
2437 3974 2704 4025 evocarat,
2733 3975 2785 4018 et
2805 3966 3038 4032 jUsserat
3065 3970 3114 4021 iit
3142 3970 3366 4024 alienam
3390 3974 3469 4027 ire

1891 4060 2106 4114 terram,
2135 4050 2364 4120 inquam
2387 4068 2506 4105 cum
2533 4056 2785 4118 venisset,
2811 4067 3076 4126 tamquam
3101 4074 3260 4130 vagus
3281 4065 3468 4132 agr-hat

1888 4148 1942 4190 et
1973 4141 2282 4206 peregrinus
2302 4181 2317 4204 ,
2347 4150 2526 4209 utpote
2553 4143 2866 4199 Chanana-is
2898 4148 3000 4201 illic
3025 4149 3197 4203 adhuc
3225 4151 3460 4204 habitan‘

1892 4226 2049 4289 tibus,
2082 4228 2351 4296 inquirens
2379 4231 2465 4283 ubi
2494 4231 2815 4286 domicilium
2842 4237 3106 4291 collocare
3135 4239 3303 4307 ipsum
3333 4258 3459 4295 con.

1888 4321 2093 4373 veniret
2114 4337 2127 4373 :
2149 4321 2320 4375 bonus
2336 4323 2590 4377 Dominus
2605 4327 2866 4380 consolari
2888 4344 3029 4394 cum,
3049 4338 3103 4383 et
3123 4331 3239 4398 ejus
3259 4310 3468 4389 {irritare

1889 4409 2213 4462 alacritatem
2239 4411 2442 4476 volens,
2469 4423 2524 4465 ut
2550 4429 2617 4467 ne
2643 4422 2987 4484 torpesceret,
3014 4434 3183 4487 neque
3207 4419 3472 4476 dubitaret

1889 4499 1958 4553 de
1998 4501 2347 4566 promissione
2371 4503 2481 4569 jam
2510 4505 2610 4557 sibi
2645 4507 2777 4558 facta
2803 4546 2816 4569 ,
2845 4524 2946 4576 qua
2973 4510 3104 4562 dixit
3133 4527 3151 4564 ε
3192 4511 3310 4562 Veni
3338 4513 3470 4578 Itth,

1889 4600 1935 4640 et
1969 4594 2041 4658 [at
2053 4591 2153 4641 iant
2177 4601 2222 4642 te
2250 4592 2300 4643 in
2325 4603 2516 4662 gentem
2543 4611 2777 4662 magnam
2803 4595 3262 4665 (quandoquidem
3289 4601 3468 4654 diver-

1890 4694 1950 4732 sa
1974 4695 2003 4731 a
2034 4681 2382 4748 promissione
2409 4683 2618 4735 videbat
2639 4685 2749 4736 [icri
2775 4725 2789 4749 ,
2818 4695 2870 4737 et
2911 4701 2968 4738 se
3005 4687 3348 4742 obambulare
3397 4693 3470 4745 uti

1890 4770 2151 4837 abjectum
2183 4779 2235 4823 et
2267 4771 2454 4834 vilem,
2481 4783 2532 4825 et
2559 4775 2701 4825 omni
2733 4775 2974 4841 prwsidzo
2995 4777 3303 4830 dest.tutunr
3325 4822 3340 4844 ,
3375 4795 3472 4834 rre-

1891 4874 1994 4928 que
2021 4862 2300 4914 habentem
2330 4861 2416 4914 ubi
2444 4863 2727 4916 diverterel
2751 4864 2801 4932 ),
2833 4875 2889 4917 nt
2915 4867 3070 4934 igitur
3096 4881 3325 4922 mentem
3359 4873 3476 4938 ejus

1891 4950 2102 5014 excitet,
2133 4953 2299 5020 inquit
2327 4970 2338 5004 :
2370 4953 2432 5005 Et
2462 4954 2590 5006 visus
2609 4967 2678 5006 est
2709 4954 2949 5008 Dominus
2966 4959 3127 5021 Abrw,
3159 4970 3203 5011 et
3233 4962 3358 5013 dixit
3385 4964 3432 5014 ei
3456 4979 3475 5016 :

1891 5039 2086 5093 Semini
2118 5052 2201 5093 tuo
2228 5042 2356 5094 dabo
2389 5053 2569 5094 terram
2599 5045 2748 5096 hanc.
2800 5044 2897 5097 Est
2939 5055 2992 5099 ct
3023 5047 3136 5102 haec
3164 5051 3476 5117 pollicitatio

1892 5147 2099 5201 magna,
2129 5142 2182 5185 et
2207 5134 2394 5187 similis
2422 5134 2492 5185 illi
2521 5151 2613 5200 per
2638 5151 2794 5202 quam
2824 5152 2944 5189 eum
2968 5153 2995 5187 a
3018 5137 3176 5191 doruo
3199 5154 3472 5196 evocarat.

1893 5225 2107 5278 Dixerat
2145 5225 2284 5278 enim
2330 5241 2343 5276 :
2390 5225 2728 5295 Magni/icnbo
2758 5243 2935 5279 nomen
2973 5239 3114 5281 tuum
3143 5245 3162 5283 :
3193 5243 3469 5299 propterea

1893 5331 2030 5368 nunc
2054 5317 2240 5368 itertun
2264 5315 2394 5368 dicit
2423 5333 2435 5367 :
2467 5316 2658 5369 Semini
2687 5328 2772 5368 tuo
2798 5319 2926 5370 dabo
2953 5331 3136 5371 terram
3160 5323 3311 5377 hanc.
3337 5324 3466 5377 Nam

1889 5421 2009 5457 cum
2033 5405 2140 5471 jam
2173 5421 2329 5456 senex
2358 5418 2491 5456 esset
2521 5406 2695 5472 jn~tus
2719 5449 2731 5472 ,
2760 5409 2968 5476 lilioqne
2999 5421 3204 5465 careret
3228 5415 3296 5465 ob
3322 5418 3468 5468 tiara:

1891 5496 2218 5546 sterilitatem
2246 5534 2261 5557 ,
2298 5496 2554 5562 promittit
2595 5514 2653 5550 se
2683 5499 2729 5550 ei
2752 5541 2766 5562 ,
2796 5500 2883 5566 qui
2928 5517 2990 5553 ex
3024 5502 3138 5569 ipso
3168 5507 3466 5563 nasciturus

1891 5583 1980 5644 sit,
2003 5593 2196 5637 terrant
2218 5582 2479 5636 datur-nm.
2518 5585 2928 5640 Misericordiam
2961 5591 3051 5644 Ilci
3077 5591 3180 5655 hic,
3208 5610 3322 5658 oro,
3351 5613 3464 5649 con.

1890 5672 2062 5725 sidera
2097 5715 2108 5735 ,
2142 5673 2406 5740 quoruodo
2435 5692 2553 5728 cum
2587 5679 2854 5744 praesciret
2887 5679 3012 5746 justi
3051 5681 3328 5745 virtutem,
3362 5687 3469 5740 vult

1890 5779 2010 5816 cum
2043 5764 2286 5818 omnibus
2318 5765 2650 5821 inartifestum
2685 5770 2892 5837 facere,
2921 5782 2973 5825 et
2999 5773 3048 5826 in
3078 5773 3246 5829 lucent
3277 5774 3466 5833 eﬂcrrc
