4092 6518
655 365 758 420 235

655 471 801 534 omasi
834 472 1170 540 margaritam
1200 471 1428 540 aliquam
1459 483 1580 526 ante
1603 471 1886 526 occultam.
1923 468 2072 526 Unde
2099 484 2220 523 cum

659 562 1037 628 promissiones
1057 563 1492 633 promtssionibus
1515 562 1865 630 adiunxisset,
1891 563 2076 616 iterum
2103 575 2226 630 par-

657 668 771 706 vam
793 668 998 708 moram
1019 654 1176 708 trahit
1195 664 1248 706 et
1265 652 1458 716 differt,
1477 664 1532 706 ut
1557 653 1652 706 hac
1675 653 2004 730 petissimum
2021 654 2224 708 ratione

653 746 964 813 patriarchae
1002 747 1167 814 pietas
1211 755 1568 812 monstretur,
1599 746 1720 814 quia
1763 762 1848 800 res
1886 760 2039 800 secus
2065 760 2221 815 quam

655 836 1092 901 promittebantur
1116 836 1325 890 evenire
1353 835 1534 889 videns
1554 835 1739 890 beatus
1762 836 1868 898 ille,
1893 851 1994 890 non
2020 837 2227 905 inquie-

653 938 736 981 tus
765 937 876 982 erat
901 967 914 990 ,
944 941 1041 980 nec
1071 925 1350 995 impatiens
1369 969 1382 989 ,
1413 941 1510 980 nec
1540 927 1876 991 turbabatur,
1911 929 2002 981 sed
2035 929 2223 982 immo-

655 1029 762 1070 tum
791 1015 1012 1070 habebat
1033 1016 1288 1079 animum,
1311 1025 1487 1070 certus
1509 1030 1570 1070 ea
1595 1031 1713 1085 quae
1738 1020 1902 1075 serue!
1931 1032 1962 1075 εξ
1989 1017 2098 1076 ὓεο
2122 1022 2220 1076 sibi

655 1110 910 1176 promissa
941 1105 1184 1172 fuerant.
1216 1115 1327 1164 rat:
1361 1114 1417 1166 et
1458 1110 1607 1166 lirma
1647 1110 1781 1166 fore.
1815 1113 2068 1166 Paulatim
2097 1127 2222 1167 vero

651 1207 1044 1269 perseraternnr
1069 1201 1271 1270 singula
1294 1244 1307 1265 ,
1342 1215 1399 1255 ut
1425 1202 1501 1256 sic
1530 1202 1778 1256 solertem
1805 1203 1986 1271 optimi
2015 1201 2106 1255 Dei
2134 1217 2220 1257 sa-

653 1293 898 1360 pientiam
920 1334 938 1358 ,
970 1295 1244 1363 simulque
1273 1309 1453 1348 coram
1495 1311 1651 1361 quam
1691 1310 1813 1365 erga
1851 1296 2046 1364 justum
2083 1295 2223 1352 hunc

649 1385 948 1448 declaravit,
979 1398 1034 1440 et
1074 1387 1384 1455 patriarchae
1424 1388 1476 1439 in
1509 1387 1786 1440 Dominum
1812 1404 2046 1444 amorem
2073 1389 2222 1442 addi-

649 1491 875 1529 scamns.
908 1473 974 1528 Et
1004 1478 1137 1530 visu
1157 1486 1252 1542 est,
1277 1477 1461 1546 inquit,
1486 1478 1730 1531 Dominus
1756 1479 1918 1531 Abras.
1943 1479 2218 1542 Quomodo

655 1566 794 1619 visus
822 1567 943 1620 est?
984 1566 1134 1620 Sicut
1169 1565 1285 1634 ipse
1313 1567 1452 1620 Deus
1492 1568 1636 1621 solus
1678 1571 1777 1622 scit
1801 1608 1815 1631 ,
1844 1576 1897 1622 et
1926 1569 2014 1622 ille
2042 1571 2220 1625 videre

653 1656 837 1723 potuit.
867 1655 982 1709 Non
1007 1657 1149 1711 enim
1172 1655 1278 1710 hoc
1301 1656 1475 1709 dicere
1499 1657 1736 1710 desinam
1754 1697 1766 1718 ,
1795 1658 2219 1727 quandoquidem

652 1746 866 1799 modum
893 1747 1076 1814 ignoro
1104 1764 1117 1798 :
1145 1745 1303 1800 audio
1325 1747 1468 1800 enim
1493 1747 1666 1802 solum
1691 1747 2017 1816 Scripturam
2042 1751 2221 1804 dicen-

649 1844 755 1887 tem
793 1850 806 1884 :
849 1835 913 1886 Et
945 1837 1074 1888 visus
1115 1845 1188 1888 est
1233 1835 1474 1889 Dominus
1510 1835 1646 1889 Deus
1674 1838 1853 1906 Alme,
1883 1848 1930 1892 et
1960 1842 2083 1894 dixit
2121 1842 2165 1894 ei
2201 1857 2220 1894 :

649 1926 840 1977 Scutini
871 1935 950 1976 tuo
976 1927 1106 1978 dabo
1136 1937 1319 1979 terram
1348 1928 1498 1981 hanc.

727 2016 837 2068 Non
867 2019 910 2068 dt
928 2029 1157 2070 seruntur
1183 2035 1217 2070 α
1247 2017 1350 2071 Deo
1371 2021 1407 2070 ii
1433 2037 1552 2085 quos
1577 2021 1692 2073 sinit
1713 2021 2220 2091 Mityn—Memora

643 2118 816 2161 estote
848 2109 1256 2175 promissionum
1283 2126 1397 2178 qui‘c
1426 2126 1454 2163 a
1491 2113 1595 2165 Deo
1624 2111 1773 2165 facta:
1803 2123 1926 2166 sunt
1945 2156 1960 2179 ,
2009 2120 2064 2168 ut
2099 2133 2220 2170 cum

646 2202 918 2255 audieritis
935 2203 1132 2268 justum
1158 2202 1316 2254 variis
1339 2204 1547 2255 casibus
1562 2205 1767 2269 jactari,
1788 2205 2001 2258 discatis
2024 2219 2217 2276 quanta

646 2296 802 2346 fuerit
835 2292 1160 2361 pliilosOpliia
1189 2294 1492 2357 instructus,
1519 2311 1674 2362 quam
1694 2295 1860 2349 solida
1883 2295 2214 2362 fortitudine,

643 2398 799 2449 quam
832 2384 982 2435 firmo
1007 2393 1061 2436 et
1089 2383 1305 2437 immoto
1329 2381 1381 2435 in
1417 2384 1581 2436 Deum
1607 2400 1806 2451 amore,
1834 2398 1887 2439 et
1912 2404 1978 2440 ex
2007 2388 2072 2442 iis
2099 2405 2216 2458 qum

642 2476 780 2538 justo
807 2473 873 2524 illi
906 2472 1236 2542 contigerunt
1262 2512 1277 2536 ,
1305 2473 1614 2527 erudiamini
1639 2515 1653 2538 ,
1690 2484 1743 2527 ut
1770 2492 1836 2529 ne
1863 2479 2172 2533 existimetis
2196 2521 2212 2546 ,

643 2579 769 2615 eum
795 2565 1102 2616 derelictum
1125 2577 1242 2617 esse
1271 2578 1300 2614 a
1345 2563 1453 2616 Deo
1477 2605 1490 2627 ,
1519 2563 1564 2616 si
1590 2565 1803 2631 quando
1827 2567 2061 2622 videritis
2091 2585 2215 2638 pro-

642 2653 771 2704 imm
812 2652 1039 2719 aliquem
1071 2652 1444 2706 tentationibus
1475 2653 1554 2707 vel
1584 2654 1700 2706 aliis
1747 2657 1899 2723 hujus
1929 2658 2048 2711 vita:
2075 2659 2214 2712 aflli-

638 2745 905 2796 ctionibus
934 2744 1109 2796 vexari
1141 2761 1153 2795 :
1183 2744 1275 2796 sed
1303 2744 1595 2812 cogitantes
1635 2745 1978 2814 multiplicem
2001 2748 2214 2818 dispen-

643 2835 904 2886 satiOnnm
952 2833 1041 2886 Dei
1087 2832 1434 2896 varietatem,
1477 2835 1652 2886 omnia
1699 2830 2214 2906 incomprehensibili

641 2927 757 2992 ejus
797 2925 1142 2992 providentia:
1184 2925 1511 2992 relinquatis.
1561 2925 1694 2981 Nam
1737 2929 1780 2980 si
1825 2929 2024 2996 justum
2067 2932 2214 2986 illum

639 3028 748 3072 tam
774 3020 958 3086 pium,
989 3024 1293 3085 tantamque
1322 3031 1430 3086 pne
1455 3031 1514 3071 se
1540 3017 1793 3072 ferentem
1818 3020 2169 3075 obedientiam
2192 3063 2208 3088 ,

645 3107 900 3178 permittit
944 3108 1033 3160 tali
1059 3106 1222 3160 niodo
1262 3108 1450 3160 tentari
1494 3121 1599 3175 quo
1627 3109 1805 3162 statim
1834 3109 1966 3163 bene
1993 3112 2171 3165 scietis
2192 3154 2209 3178 ,

636 3215 748 3253 non
780 3198 1076 3266 despiciens
1102 3195 1354 3250 famulum
1381 3212 1554 3261 suum,
1584 3197 1678 3251 sed
1708 3199 1826 3252 aliis
1849 3201 2093 3255 omnibus
2117 3219 2214 3258 vo-

645 3292 759 3344 lens
783 3289 919 3341 illius
943 3287 1187 3356 detegere
1214 3287 1458 3340 virtutem
1481 3285 1638 3358 (solet
1656 3288 1798 3342 enim
1823 3291 1890 3342 ita
1911 3307 2032 3346 cum
2056 3294 2213 3362 justis

642 3382 883 3436 otrinibus
904 3400 1091 3450 agere;
1115 3394 1168 3438 et
1186 3394 1443 3454 quotquot
1463 3385 1758 3441 divinarum
1780 3389 2063 3444 lectionum
2083 3392 2213 3445 estis

639 3474 878 3536 studiosi,
909 3475 1148 3541 poteritis
1169 3490 1242 3528 ex
1269 3475 1631 3543 superioribus
1652 3476 1856 3532 discere
1877 3488 1931 3532 et
1952 3480 2208 3544 invenire,

636 3579 758 3616 cum
801 3565 870 3616 ita
901 3565 1213 3620 famulorum
1239 3581 1457 3621 suorum
1486 3566 1642 3620 vium
1664 3567 1971 3635 diSpeusare
1992 3570 2045 3637 ).,
2074 3585 2204 3638 qun-

637 3653 796 3706 modo
838 3655 998 3723 igitur
1021 3671 1130 3709 non
1157 3668 1408 3710 extrema:
1448 3655 1606 3709 fuerit
1646 3657 1996 3724 improbitatis
2023 3660 2208 3712 existi-

639 3759 806 3808 mare,
841 3745 947 3797 Deo
975 3745 1090 3799 lucc
1117 3746 1440 3800 concedente
1461 3746 1662 3814 justum
1685 3747 1995 3801 derelictum
2016 3748 2203 3814 fuisse,

638 3847 692 3888 et
738 3853 840 3888 non
887 3839 1058 3900 potius
1101 3837 1222 3890 inde
1259 3853 1461 3906 mgna:
1501 3837 1841 3903 providentia:
1880 3840 2210 3910 ingentisque

637 3925 934 3978 clementia:
963 3926 1170 3994 signum
1200 3926 1448 3980 sumere?
1469 3925 1765 3980 Ostendens
1794 3928 1949 3995 igitur
1971 3932 2211 3984 eminen-

639 4027 743 4067 tem
771 4017 931 4082 ipsius
957 4018 1226 4082 virtutem,
1261 4017 1374 4070 btec
1399 4020 1506 4072 duo
1534 4027 1763 4086 praestat,
1789 4035 2061 4074 servorum
2087 4039 2210 4076 suo-

635 4123 751 4156 rum
774 4109 1076 4172 patientiam
1104 4107 1568 4176 fortitudinemque
1596 4110 1767 4175 palam
1795 4110 1919 4164 facit
1938 4113 2204 4179 omnibus,

632 4207 678 4246 ei
718 4198 1058 4264 pt'ovitlcltlizt‘.
1083 4212 1192 4251 sua:
1215 4198 1529 4264 sapientiam
1559 4200 1717 4252 etiam
1758 4201 1808 4252 in
1841 4202 2029 4255 mediis
2066 4204 2207 4271 peri-

633 4288 767 4338 culis
808 4286 1308 4352 dil‘ticnltatilnisque
1351 4287 1571 4342 summis
1613 4289 1845 4342 ostendit
1876 4306 1890 4340 :
1919 4306 2040 4344 nam
2083 4307 2207 4346 wm

635 4391 798 4442 prope
837 4376 1123 4441 deplorata-
1164 4376 1270 4428 siut
1303 4390 1389 4428 res
1413 4416 1426 4436 ,
1455 4387 1579 4429 tunc
1605 4393 1860 4444 quorsum
1887 4383 1997 4432 vult
2026 4381 2206 4450 dirigit

634 4468 806 4518 omnia
836 4508 847 4528 ,
885 4482 1050 4532 neque
1080 4467 1274 4534 aliquid
1301 4467 1628 4521 difficultatis
1657 4468 1708 4520 in
1751 4471 1926 4523 medio
1952 4481 2036 4525 est
2066 4474 2204 4539 quod

638 4556 892 4621 imjicdire
934 4567 1107 4623 queat.
1158 4555 1219 4608 Et
1262 4558 1393 4610 visu:
1429 4567 1535 4621 est,
1569 4558 1770 4626 inquit,
1803 4559 2044 4615 Dominus
2071 4563 2206 4618 Deus

635 4647 797 4702 Abra',
823 4655 867 4696 et
894 4647 1019 4696 diri-it
1044 4646 1087 4696 ei
1112 4661 1128 4697 :
1153 4645 1346 4698 Scutiui
1374 4655 1458 4697 tuo
1483 4648 1609 4699 dabo
1635 4659 1816 4700 terram
1842 4652 1989 4702 hanc.
2023 4653 2202 4720 Magna

635 4747 688 4785 γι
740 4736 1100 4787 desiderabilis
1148 4735 1461 4802 promissio,
1512 4738 1799 4802 praesertim
1841 4739 2002 4806 justo.
2049 4741 2205 4796 Scitis

637 4829 807 4889 enim,
839 4827 1101 4891 quomodo
1143 4828 1230 4894 qui
1268 4827 1374 4895 jam
1415 4839 1675 4895 provectae
1718 4835 2002 4886 setiectutis
2045 4846 2202 4901 sunt,

639 4933 688 4970 et
719 4935 928 4970 omnem
959 4919 1118 4970 vitam
1144 4919 1340 4985 absque
1379 4919 1556 4974 liberis
1590 4932 1954 4988 transegernnt
1977 4967 1990 4983 ,
2020 4935 2204 4991 optant

639 5013 849 5060 ΜΝΙὊ).
906 5007 1080 5072 Itaque
1123 5009 1373 5062 llominus
1417 5011 1730 5064 obedientize
1776 5014 2070 5067 mercedem
2106 5018 2202 5082 ipsi

641 5097 901 5156 ::l.l‘.i.)CilS,
932 5101 1048 5163 quia
1079 5113 1197 5150 mox
1230 5108 1284 5151 ut
1308 5099 1522 5161 audivit,
1557 5100 1804 5167 Egredere
1828 5105 1888 5154 de
1915 5115 2046 5156 terra
2079 5117 2186 5168 tua,

631 5207 733 5242 non
763 5205 938 5242 morus
966 5191 1137 5250 traxit,
1163 5205 1266 5243 non
1287 5192 1506 5254 distulit,
1531 5193 1620 5244 sed
1644 5195 1875 5247 obcdivit
1898 5198 2197 5264 imperanti,

631 5291 676 5329 με
707 5280 845 5344 quod
877 5282 1187 5346 imperatum
1212 5293 1325 5336 erat
1347 5298 1467 5336 mox
1494 5282 1635 5347 fecit,
1660 5283 1827 5354 inquit
1851 5303 1864 5338 :
1890 5286 2089 5341 Scmiui
2117 5301 2200 5342 tuo

629 5377 755 5422 dabo
783 5383 963 5423 terram
993 5373 1141 5424 hanc.

795 5463 1128 5512 Abrahamum
1157 5461 1448 5531 migrantcm
1474 5465 1754 5527 comitatur,
1783 5467 1981 5535 singula
2003 5471 2065 5522 ob
2086 5472 2196 5537 ipso

628 5557 703 5618 pic
745 5566 856 5604 artu
907 5563 1106 5603 notans.
1143 5581 1212 5590 —-—
1242 5551 1372 5607 Vide
1405 5555 1665 5620 quomodo
1711 5571 1801 5623 per
1842 5560 1941 5610 hoc
1977 5561 2194 5614 verbum

628 5653 853 5694 tuentem
885 5645 997 5708 ejus
1021 5642 1187 5706 erigit,
1221 5651 1275 5696 et
1303 5639 1649 5695 Sttfficietttem
1673 5643 1722 5697 ei
1754 5646 1934 5697 tribuit
1957 5647 2193 5701 laborum

631 5732 945 5786 “ign-adem.
981 5732 1204 5785 Proinde
1231 5745 1280 5787 et
1308 5733 1517 5801 justus,
1554 5742 1752 5800 gratum
1794 5735 2050 5792 exhibens
2074 5739 2190 5793 ani-

1353 362 1407 417 8.
1448 359 1717 416 JOANNIS
1751 357 2219 415 υιικγδοετωιι
2261 357 2573 414 ARCIIIEP.
2612 358 3142 421 CONSTANTINOP.

2293 4813 2506 4903 .giosam
2537 4823 2654 4890 ejus
2675 4833 2907 4879 mentem
2933 4835 2983 4878 et
3020 4827 3291 4895 sapientia:
3319 4832 3631 4887 studiosam.
3667 4836 3858 4891 lterum

3797 366 3901 423 296

2332 484 2475 522 nnun
2518 469 2692 522 statim
2737 470 2802 524 ad
2848 473 3131 540 gratiarum
3173 473 3438 527 actionem
3469 477 3826 532 convertitur.
3862 477 3918 530 Et

2339 561 2570 612 astruxit
2594 560 2716 624 illic,
2741 559 2928 629 inquit,
2950 563 3111 615 altare
3128 560 3368 624 Domino.
3394 581 3540 630 quem
3566 566 3776 619 uiderat.
3794 567 3919 622 Vide

2331 651 2428 718 piae
2467 651 2659 705 mentis
2685 653 2975 719 specimen.
3013 653 3076 706 Et
3101 654 3270 707 locum
3297 655 3489 724 ipsum,
3521 656 3607 710 tibi
3649 659 3868 727 colloqu
3891 679 3921 711 ο

2327 756 2449 796 cum
2496 741 2605 796 Deo
2649 742 2893 812 dignatus
2935 747 3106 798 fuerat
3128 785 3143 808 ,
3169 749 3499 802 consecravit
3533 759 3587 802 et
3620 751 3916 819 gratiarum

2327 833 2586 887 actionem
2617 849 2712 903 pro
2734 835 2930 890 viribus
2955 834 3261 894 declaravit.
3290 840 3400 897 [loc
3419 843 3562 898 enim
3588 844 3738 915 quod
3768 845 3917 910 dicit,

2326 921 2590 981 Exstrexit
2617 924 2796 996 altare,
2817 929 2954 984 idem
2982 940 3066 984 est
3090 932 3229 1000 quod
3248 973 3265 999 ,
3294 932 3505 989 Gratias
3531 935 3599 990 de
3633 939 3916 1005 promissis

2327 1019 2450 1087 egit.
2486 1018 2552 1071 Et
2594 1019 2731 1073 sicut
2757 1009 3002 1076 homines
3033 1036 3429 1094 nonnumquam
3460 1027 3702 1080 amicitia
3739 1041 3918 1080 tuom

2328 1116 2384 1160 ut
2414 1107 2482 1161 ibi
2513 1108 2699 1163 domos
2722 1109 3003 1173 aediﬁcent,
3035 1111 3124 1166 ubi
3162 1127 3284 1166 cum
3310 1116 3578 1182 germanis
3603 1127 3655 1172 et
3689 1116 3920 1172 sinceris

2325 1197 2510 1253 amicis
2553 1211 2828 1255 versantur
2866 1211 2921 1256 et
2972 1203 3463 1273 colloquuntur,-et
3505 1207 3661 1262 multi
3705 1224 3918 1277 quoque

2323 1299 2465 1355 sape
2493 1287 2731 1343 civitates
2749 1288 2908 1343 etiam
2930 1289 3310 1356 condiderunt,
3324 1291 3514 1360 quibus
3534 1308 3600 1347 ex
3624 1296 3916 1350 occasione

2324 1392 2642 1446 congressus
2680 1394 2799 1434 cum
2829 1381 3014 1436 amicis
3051 1383 3262 1436 nomina
3291 1383 3531 1441 indidere
3560 1403 3576 1440 :
3607 1388 3681 1441 ita
3729 1397 3787 1442 et
3830 1389 3916 1458 ju-

2323 1480 2438 1524 stus
2470 1471 2555 1524 ille
2575 1513 2588 1533 ,
2616 1470 2704 1526 ubi
2739 1472 2994 1528 visionem
3025 1473 3120 1530 Dei
3157 1487 3472 1545 assequuntur.
3499 1488 3582 1532 est
3603 1521 3617 1543 ,
3646 1479 3915 1534 Exstruit

2322 1561 2484 1613 altare
2514 1559 2729 1615 Domino
2751 1579 2894 1628 quem
2927 1564 3134 1629 uiderat,
3161 1565 3216 1620 8.
3243 1577 3291 1622 et
3326 1567 3554 1623 discessit
3598 1570 3741 1624 inde.
3776 1573 3911 1637 Quid

2322 1664 2424 1715 est,
2459 1652 2524 1705 Et
2551 1656 2774 1709 discessit
2803 1655 2955 1711 inde?
2978 1656 3109 1723 Quia
3139 1658 3248 1718 Deo
3276 1659 3420 1713 locus
3448 1661 3538 1715 ille
3561 1675 3912 1718 consecratus

2323 1753 2374 1795 et
2403 1743 2511 1797 Deo
2535 1746 2891 1798 sanctificatus
2919 1756 3034 1800 erat
3058 1788 3071 1810 ,
3101 1747 3336 1802 Discessit
3369 1751 3518 1816 inde,
3549 1764 3596 1804 et
3626 1756 3836 1808 transiit
3865 1759 3911 1809 in

2323 1844 2535 1886 montem
2563 1850 2731 1888 versus
2761 1835 3014 1889 Orientem
3041 1837 3233 1904 Betltel,
3262 1848 3309 1892 et
3333 1841 3489 1894 erait
3501 1841 3586 1894 ibi
3608 1843 3912 1896 tabernacu-

2321 1923 2426 1977 lum
2473 1941 2617 1978 anum
2645 1941 2665 1978 :
2693 1928 3125 1993 tumultuarium,
3151 1930 3354 2000 inquit,
3395 1931 3727 1989 domicilium
3764 1937 3906 1992 fecit.

2327 2012 2454 2067 Vide
2474 2015 2742 2083 quomodo
2766 2027 2882 2071 erat
2906 2019 3154 2088 frugalis,
3182 2029 3237 2074 et
3272 2022 3450 2076 luxum
3483 2022 3742 2094 fugiebat,
3775 2043 3909 2096 qun-

2323 2103 2480 2158 modo
2499 2116 2602 2158 tam
2631 2108 2925 2176 expeditus,
2955 2119 3010 2163 ut
3037 2125 3157 2164 cum
3184 2126 3350 2165 uxore
3383 2122 3437 2167 et
3464 2113 3675 2170 fuittulis
3705 2127 3814 2171 tam
3838 2117 3910 2173 fa-

2321 2196 2420 2249 cile
2459 2198 2728 2266 migraret.
2769 2200 2999 2254 Audiant
3029 2201 3164 2266 viri,
3210 2202 3428 2259 audiant
3470 2207 3745 2260 mulieres.
3777 2207 3906 2262 Nam

2320 2299 2459 2352 smpc
2486 2287 2537 2337 in
2561 2288 2733 2341 villam
2753 2298 2956 2344 tantum
2984 2291 3133 2345 exire
3156 2292 3414 2356 volentes,
3437 2296 3601 2349 multa
3633 2299 3908 2364 molimur,

2323 2374 2580 2442 valdeque
2609 2379 2847 2446 occupati
2877 2393 3080 2444 sumus,
3104 2396 3170 2437 eo
3193 2383 3334 2451 quod
3366 2385 3589 2453 plurima
3625 2388 3903 2442 nobiscum

2320 2463 2610 2529 trabamus,
2638 2484 2886 2540 qttazgnon
2914 2471 3082 2524 solum
3110 2488 3215 2528 non
3243 2484 3370 2530 sunt
3394 2477 3546 2531 nobis
3571 2472 3710 2539 usui.
3737 2480 3835 2534 sed
3856 2492 3907 2535 ct

2317 2567 2708 2622 supervacanea
2728 2599 2742 2623 ,
2765 2567 2820 2612 et
2849 2560 3050 2614 inutilia
3071 2602 3087 2628 ,
3115 2573 3169 2617 et
3197 2579 3403 2633 pompa:
3430 2567 3598 2635 gratia
3625 2579 3904 2639 apparata,

2317 2659 2436 2714 qua:
2462 2647 2732 2702 nobiscum
2763 2648 3004 2704 ducimus
3043 2663 3096 2707 et
3124 2654 3567 2711 circumferimus.
3592 2657 3794 2714 Verum
3816 2663 3904 2731 jn-

2317 2745 2430 2789 stus
2460 2737 2548 2790 ille
2590 2751 2695 2790 non
2729 2739 2806 2793 sic
2835 2740 2973 2808 egit;
2998 2741 3090 2796 sed
3119 2743 3242 2812 quia
3271 2744 3528 2800 Dominus
3547 2746 3798 2817 dignatus
3827 2761 3904 2805 est

2317 2842 2435 2881 cum
2466 2828 2583 2898 ipso
2611 2829 2933 2899 colloquium
2962 2832 3187 2899 habere,
3218 2835 3396 2890 locum
3420 2843 3790 2908 consecravit,
3824 2844 3902 2896 al-

2319 2925 2432 2971 tare
2468 2920 2762 2981 exstruxit,
2788 2935 2853 2975 ac
2896 2937 3083 2991 magna
3117 2921 3369 2979 facilitate
3395 2927 3502 2980 alio
3547 2929 3821 2999 migravit.
3849 2935 3900 2986 8.

2316 3003 2386 3057 Et
2406 3009 2562 3061 erexit
2586 3009 2691 3061 illic
2717 3011 3090 3065 tabernaculum
3114 3030 3262 3066 suum
3287 3015 3338 3068 in
3375 3015 3554 3072 Bethel
3581 3021 3737 3089 juxta
3765 3039 3903 3075 mare

2315 3106 2362 3150 et
2393 3097 2562 3168 Agger,
2582 3115 2750 3154 uersus
2777 3100 3049 3155 Orientem.
3084 3103 3148 3157 Et
3174 3106 3468 3173 aediﬁcavit,
3504 3109 3692 3178 inquit,
3721 3113 3792 3165 ibi
3827 3116 3903 3166 al-

2316 3198 2423 3241 tare
2451 3188 2688 3254 Domino,
2718 3202 2764 3243 et
2791 3192 3035 3246 invocavit
3059 3195 3112 3248 in
3131 3197 3334 3250 nomine
3361 3197 3587 3253 Domini.
3616 3186 3747 3257 Vide
3769 3220 3901 3273 quo-

2318 3278 2476 3332 modo
2505 3295 2597 3346 per
2621 3280 2797 3333 omnia
2829 3282 3129 3351 religiosam
3156 3297 3387 3342 mentem
3416 3304 3522 3356 pne
3556 3304 3616 3344 se
3645 3291 3768 3346 fert.
3796 3292 3902 3351 Illic

2316 3368 2456 3420 enim
2496 3368 2565 3421 ob
2610 3370 3013 3436 promissionem
3055 3372 3156 3426 sibi
3195 3389 3225 3427 a
3267 3375 3378 3430 Deo
3421 3377 3611 3432 factam
3640 3396 3901 3439 a'ramex-

2314 3458 2541 3522 struxit,
2569 3466 2624 3511 et
2651 3458 2768 3513 loco
2795 3468 3105 3516 consecrato
3127 3461 3374 3519 discessit
3403 3484 3416 3520 :
3443 3467 3531 3522 liic
3555 3480 3736 3525 autent
3777 3476 3899 3543 quia

2317 3549 2718 3605 tabernaculum
2775 3556 2998 3619 fixerat,
3051 3553 3242 3610 iterum
3290 3556 3626 3627 didi/ienuit.
3697 3564 3898 3634 inquit,

2312 3641 2472 3692 altare
2544 3641 2758 3694 Domino
2781 3683 2797 3708 ,
2869 3653 2917 3697 et
2986 3644 3232 3700 invocavit
3299 3649 3355 3702 in
3414 3652 3615 3704 nomine
3669 3653 3897 3709 Domini.

2315 3728 2500 3782 Vidi-ti
2548 3741 2776 3785 mentem
2826 3732 2963 3786 bene
2996 3733 3324 3802 institutam,
3354 3747 3406 3792 et
3450 3742 3726 3808 sapientia:
3754 3744 3898 3798 dedi-

2313 3819 2456 3872 tam?
2483 3821 2653 3873 vidisti
2675 3821 2939 3889 quomodo
2955 3823 3097 3893 quod
3114 3826 3354 3881 scribens
3375 3829 3650 3885 admonuit
3669 3834 3895 3890 adrnira-

2309 3911 2430 3968 bilis
2450 3912 2595 3967 orbis
2623 3913 2808 3968 doctor
2831 3914 3017 3971 beatus
3040 3917 3249 3978 Paulus.
3273 3919 3456 3974 dicens
3490 3939 3502 3972 :
3540 3921 3606 3975 In
3634 3928 3774 3978 omni
3792 3928 3896 3980 loco

2312 4008 2528 4058 levantes
2540 4016 2739 4059 sanctas
2755 4023 2932 4061 titanas
2955 4011 2971 4076 (
2982 4009 3002 4062 l
3016 4049 3028 4061 .
3051 4008 3178 4061 Tini.
3199 4011 3252 4062 2.
3269 4010 3324 4081 8)
3343 4029 3354 4061 :
3372 4013 3421 4064 id
3439 4016 3740 4081 patriarcha
3757 4022 3893 4085 prius

2311 4111 2472 4165 opere
2491 4098 2792 4166 complevit,
2809 4099 2858 4150 in
2877 4100 3096 4169 singulis
3114 4101 3242 4155 locis
3261 4103 3446 4157 altaria
3466 4107 3701 4175 erigens,
3725 4121 3779 4163 et
3800 4112 3878 4164 Do

2313 4189 2456 4242 mino
2474 4191 2671 4257 gratias
2688 4191 2890 4260 agens?
2916 4192 3131 4247 Sciebat
3158 4196 3320 4260 enim,
3350 4199 3549 4252 sciebat
3592 4205 3888 4268 tnanifestr,

2313 4279 2441 4332 nihil
2458 4280 2599 4333 aliud
2621 4280 2886 4350 requirere
2902 4281 2970 4334 ab
2987 4282 3220 4337 humano
3233 4301 3427 4354 genere
3445 4289 3608 4344 Deum
3635 4294 3888 4360 universi,

2310 4380 2429 4438 post
2458 4373 2731 4427 innumera
2759 4381 2814 4428 et
2842 4372 3127 4429 iuetfabilia
3150 4375 3403 4432 beneﬁcia
3428 4394 3518 4434 sua
3540 4423 3554 4444 ,
3589 4399 3752 4452 quam
3776 4387 3888 4441 ani-

2310 4476 2454 4514 mum
2477 4463 2764 4528 gratiarum
2789 4465 2983 4518 actioni
3010 4465 3335 4536 studentem,
3365 4480 3417 4522 et
3439 4483 3656 4541 accepta
3687 4474 3885 4530 beneﬁ-

2309 4552 2387 4604 cia
2407 4553 2766 4608 confitentem.
2800 4556 3061 4610 Caeterum
3093 4556 3385 4620 videamus.
3405 4566 3673 4630 quomodo
3694 4578 3748 4620 ct
3772 4567 3885 4624 hinc

2305 4640 2478 4709 justus
2508 4643 2716 4710 migrat.
2745 4643 2795 4698 9.
2825 4644 2886 4697 Et
2915 4646 3162 4711 discessit,
3211 4650 3396 4719 inquit,
3422 4651 3632 4719 Abram,
3657 4669 3704 4708 et
3722 4665 3885 4727 profe-

2307 4743 2416 4784 ctus
2454 4743 2831 4788 castrametotua
2871 4746 2943 4788 est
2975 4737 3025 4789 in
3053 4738 3338 4792 solitudine.
3379 4741 3506 4795 Vide
3536 4745 3728 4799 iterum
3761 4751 3881 4803 relio

2308 4911 2514 4981 inquit,
2553 4913 2824 4980 discessit,
2871 4915 3362 4987 Caetrometaatsque
3393 4922 3544 4974 estin
3590 4926 3878 4982 solitudine.

2305 5003 2480 5071 Quare
2506 5005 2650 5059 illinc
2687 5005 3157 5062 discessitlFurte
3201 5008 3412 5064 videbat
3451 5012 3770 5080 quibusdam
3798 5018 3876 5071 in-

2305 5097 2438 5150 colis
2468 5113 2571 5150 non
2602 5097 2812 5166 placere
2840 5113 2992 5151 suum
3022 5099 3304 5154 adventum
3335 5119 3350 5154 z
3383 5104 3604 5171 proinde
3632 5109 3876 5161 eximiam

2305 5201 2453 5240 suam
2499 5189 2954 5242 mansuetudinem
2995 5189 3303 5255 declarans,
3335 5202 3388 5247 et
3425 5196 3694 5263 quomodo
3735 5211 3875 5252 tran-

2303 5280 2612 5348 quillitatcm
2643 5283 2815 5350 magni
2844 5283 3056 5348 faceret,
3085 5299 3146 5339 ac
3175 5301 3240 5338 ne
3278 5301 3396 5338 cum
3429 5289 3534 5340 ullo
3553 5290 3753 5358 aliquid
3784 5293 3870 5346 lia-

2307 5373 2453 5426 beret
2477 5375 2698 5441 negotii,
2733 5374 2783 5424 in
2815 5373 3151 5428 solitudinem
3180 5390 3240 5427 se
3272 5378 3538 5430 tranafert.
3571 5377 3836 5448 Profectus
3860 5427 3872 5445 .

2303 5462 2467 5530 inquit
2485 5503 2502 5528 ,
2531 5472 2907 5515 castrametatus
2935 5473 3007 5516 est
3031 5464 3081 5516 in
3115 5464 3401 5518 solitudine.
3429 5469 3614 5522 Aliena
3646 5472 3871 5528 dictione

2304 5572 2394 5608 usa
2417 5564 2498 5608 est
2517 5555 2692 5608 divina
2721 5555 3015 5623 Scriptura.
3037 5554 3162 5609 Nam
3180 5559 3628 5626 quemadnnxlutn
3647 5564 3698 5616 in
3728 5565 3872 5619 hellis

2299 5649 2532 5699 solemus
2557 5645 2753 5710 dicere,
2784 5647 2850 5698 ita
2877 5656 2929 5700 et
2954 5646 3018 5700 de
3041 5645 3190 5714 justo
3219 5644 3303 5700 hic
3329 5649 3476 5713 dicit,
3500 5650 3642 5720 quod
3670 5663 3867 5707 castra-

2298 5749 2524 5794 metatns
2576 5739 2677 5803 sit,
2726 5748 2780 5794 ut
2820 5740 3063 5795 ostendat
3097 5739 3400 5809 expeditum
3440 5741 3603 5802 fuisse
3650 5749 3869 5814 patriar.
