4092 6514
496 431 601 494 Ξυῗ

491 548 580 602 τοῦ
609 542 836 616 δικαίου,
869 553 949 605 ὃτι
983 552 1466 623 ἐστρατοπέδευσε,
1504 553 1592 605 ἴνα
1626 553 1774 624 δείξῃ
1812 553 1871 606 τὸ
1913 552 2144 616 εὔζωνον

487 635 584 690 τοῦ
623 640 981 709 πατριάρχου,
1013 640 1094 692 ὃτι
1123 638 1272 710 [521]
1307 638 1554 708 καθάπερ
1580 641 1629 690 οί
1664 638 1992 708 στρατιῶται
2024 639 2143 708 μετ’

488 726 744 789 εὐκολίας
767 727 860 778 νῦν
893 728 990 796 μὲν
1019 726 1268 786 ἐνταῦθα,
1297 726 1391 778 νῦν
1413 725 1469 778 δέ
1500 727 1676 778 ἐκεῖσε
1705 726 2153 796 στρατοπεδεύον-

487 825 580 866 ται
607 829 622 845 ο
658 813 798 866 οῦτω
825 813 887 883 δὴ
924 815 1018 866 καὶ
1044 815 1072 865 6
1105 812 1310 875 δίκαιος
1339 807 1509 874 οὗτος,
1557 813 1740 864 καίτοι
1772 812 2004 879 γυναῖκα
2034 813 2149 864 ἐπι-

492 900 817 970 φερόμενος,
861 901 952 952 καὶ
992 899 1081 950 τὸν
1123 897 1456 966 ἀδελφιδοῦν,
1497 899 1589 950 καὶ
1631 898 1899 950 τοσούτων
1926 898 2150 950 οἰκετῶν

490 984 710 1055 πλῆθος,
745 985 882 1054 μετά
909 985 1148 1047 πλείονος
1187 984 1285 1054 τῆς
1321 984 1570 1047 εὐκολίας
1598 985 1696 1046 τάς
1730 984 2149 1054 μεταναστάσεις

489 1071 739 1123 ἐποιεῖτο.
774 1067 922 1133 Εἶδες
954 1070 1065 1140 βίον
1092 1073 1149 1122 ἐν
1183 1072 1328 1140 γήρα
1365 1071 1501 1139 μετά
1523 1072 1780 1135 γυναικὸς
1808 1073 1900 1123 καὶ
1926 1069 2149 1122 οἰκετῶν

485 1155 752 1208 τοσούτων
787 1155 1053 1220 εῦζωνονς
1103 1158 1254 1225 Ἐμοὶ
1290 1157 1344 1208 δὲ
1376 1158 1654 1226 θαυμάσαι
1707 1157 1883 1210 ἔπεισι
1917 1156 2148 1226 μάλιστα

488 1243 589 1312 τῆς
635 1241 890 1311 γυναικὸς
943 1243 1039 1313 τὴν
1091 1243 1359 1313 ἀνδρείαν.
1396 1246 1565 1297 Ὅταν
1611 1243 1716 1314 γάρ
1762 1245 1997 1313 ἐννοήσω
2050 1244 2147 1313 τῆς

487 1329 698 1396 φύσεως
747 1330 844 1398 τῆς
872 1330 1185 1397 γυναικείας
1219 1329 1315 1399 τὴν
1346 1330 1627 1383 ἀσθένειαν
1653 1371 1668 1390 ,
1721 1331 1813 1382 καὶ
1847 1329 2146 1398 λογίσωμαι

485 1417 632 1477 ὅπως
665 1417 780 1486 μετ’
810 1415 1057 1478 εὐκολίας
1087 1417 1206 1485 ἅμα
1240 1416 1317 1484 τῷ
1350 1416 1542 1486 δικαίῳ
1589 1417 1687 1478 τὰς
1725 1415 2147 1486 μεταναστάσεις

483 1497 810 1563 ἐποίει,οῦτε
836 1504 973 1574 αὐτὴ
1002 1502 1441 1573 δυσχεραίνουσα,
1469 1503 1590 1553 οὔτε
1609 1503 1687 1570 τῷ
1701 1503 1894 1572 δικαίῳ
1921 1501 2146 1572 κώλυμα

484 1589 765 1658 γινομένη.
798 1589 1186 1659 ἐκπλήττομαι,
1237 1588 1342 1640 καὶ
1364 1587 1643 1656 λογίζομαι
1685 1587 1764 1640 δτι
1798 1589 1898 1641 οὐκ
1927 1587 2146 1641 ἔλαττον

484 1674 578 1728 τοῦ
626 1676 834 1729 δικαίου
879 1677 972 1730 καὶ
1022 1676 1159 1745 αὐτὴ
1211 1675 1464 1745 φρόνημα
1510 1675 1712 1746 ὑψηλὸν
1758 1677 1852 1728 καὶ
1907 1676 2148 1746 ἀνδρεῖον

483 1761 678 1831 ἐκέκτ.⁴
695 1780 764 1816 το.
791 1762 898 1815 Καὶ
925 1761 1080 1815 τοῦτο
1100 1763 1332 1831 μάλιστα
1359 1761 1637 1831 είσόμεθα,
1666 1763 1907 1826 ἐπιόντες
1931 1764 1999 1817 τὰ
2021 1763 2147 1834 ἐξῆς

483 1845 593 1899 τῶν
622 1846 1066 1916 ἀνεγνωσμένων.
1099 1844 1252 1911 Εἶδες
1285 1849 1365 1900 ὅτι
1408 1849 1546 1919 μετά
1567 1849 1628 1901 τὸ
1653 1848 1903 1912 ἀκοῦσαι,
1939 1850 2022 1902 ὄτι
2062 1849 2147 1915 Τῷ

483 1935 777 2004 σπέρματί
828 1951 944 1989 σου
999 1935 1170 1990 δώσω
1222 1935 1338 2004 τὴν
1386 1936 1504 2004 γῆν
1563 1938 1828 2004 ταύτην,
1878 1938 1997 2001 πῶς
2047 1941 2145 2008 οὐχ

483 2021 754 2092 ἡσύχασεν
783 2023 811 2074 6
837 2022 1059 2087 δίκαιος,
1093 2024 1204 2077 ἀλλ’
1239 2024 1485 2077 ἐντεῦθεν
1515 2025 1629 2076 ἐκεῖ
1655 2037 1681 2064 ι
1716 2025 2016 2094 μετέϐαινε,
2050 2027 2143 2078 καί⁸

484 2107 644 2160 πάλιν
673 2109 878 2162 ἐκεῖθεν
903 2110 1156 2181 ἐτέρωθι;
1192 2111 1330 2164 Ἀλλ’
1361 2113 1462 2182 δρα
1495 2113 1588 2165 καὶ
1635 2112 1743 2165 ἀπὸ
1774 2112 1872 2182 τῆς
1909 2113 2143 2183 ἐρημίας

482 2195 643 2247 αὐτὸν
666 2196 824 2248 πάλιν
861 2197 1228 2267 ἐλαυνόμενον,
1256 2199 1353 2269 οὐχ
1385 2199 1489 2250 ὑπὸ
1535 2199 1857 2269 ἀνθρώπων,
1893 2199 2006 2253 ἀλλ’
2040 2199 2144 2251 ὑπὸ

480 2279 581 2346 τῆς
613 2279 855 2349 ἀνάγκης
888 2281 981 2334 τοῦ
1029 2282 1208 2352 λιμοῦ.
1240 2285 1347 2337 Καί
1377 2284 1634 2353 ἐγένετο,
1667 2283 1819 2354 φησὶ,
1846 2285 2019 2354 λιμὸς
2041 2286 2142 2338 ἐπὶ

479 2363 592 2433 τῆς
615 2365 745 2435 γῆς.
795 2367 1160 2421 Ἀκουέτωσαν
1203 2370 1252 2422 οί
1298 2370 1480 2433 ἁπλῶς
1526 2372 1618 2422 καὶ
1667 2372 2142 2442 ἀπαραφυλάκτως

480 2453 861 2524 φθεγγόμενοι,
893 2455 986 2508 καὶ
1006 2457 1393 2526 οἰωνιζόμενοι,
1427 2457 1521 2510 καὶ
1539 2457 1805 2526 λέγοντες,
1839 2460 1920 2512 ὅτι
1953 2459 2139 2530 ἐπειδὴ

479 2542 510 2591 6
557 2539 701 2592 δεῖνα
751 2539 1102 2612 παρεγένετο,
1137 2543 1294 2613 λιμὸς
1325 2544 1538 2612 γέγονε,
1581 2543 1674 2597 καὶ
1715 2545 1901 2618 ἐπειδὴ
1938 2548 1966 2599 6
1993 2546 2140 2600 δείνα

477 2620 609 2696 ἦλθε
642 2626 759 2679 τόδε
784 2627 1002 2696 συνέϐη.
1038 2628 1166 2682 ’ἰδοὺ
1199 2630 1292 2682 καὶ
1323 2631 1414 2681 ἐπὶ
1443 2629 1540 2700 τῆς
1571 2627 1663 2682 τοῦ
1689 2629 1899 2684 δικαίου
1931 2649 2137 2701 παρου-

480 2713 602 2777 σίας
623 2715 796 2785 λιμὸς,
825 2717 917 2769 καὶ
942 2716 1096 2788 λιμὸς
1122 2716 1290 2787 βαρὺς
1323 2717 1417 2771 καὶ
1446 2719 1506 2770 οὐ
1537 2717 1844 2788 θορυϐεῖται
1862 2721 1890 2772 6
1908 2719 2135 2783 δίκαιος,

477 2800 599 2853 οὐδὲ
642 2803 837 2872 πάσχει
878 2820 931 2856 τι
966 2803 1336 2873 ἀνθρώπινον,
1388 2805 1484 2857 καὶ
1514 2808 1580 2877 τῇ
1627 2807 1821 2859 ἐαυτοῦ
1869 2806 2140 2878 παρουσίᾳ

478 2885 748 2954 λογίζεται
779 2889 871 2942 τοῦ
919 2888 1078 2959 λιμοῦ
1110 2891 1208 2960 τὴν
1256 2892 1456 2944 αίτίαν.
1510 2893 1648 2946 Ἀλλ’
1688 2893 1876 2964 ἐπειδὴ
1913 2888 2018 2954 εῐδε
2043 2896 2142 2965 τὴν

477 2973 636 3041 φύσιν
667 2975 1028 3048 ἐλεγχομένην
1053 2977 1103 3041 1³,
1123 2978 1218 3029 καὶ
1249 2978 1622 3049 ἐπεκράτησεν
1641 2982 1669 3032 6
1695 2980 1870 3050 λιμὸς,
1889 2980 2137 3048 Κατέϐη,

477 3060 632 3131 φησὶ,
669 3064 756 3125 εις
785 3064 1087 3132 Αιγυπτον
1119 3065 1343 3133 Ἀϐραμ
1368 3065 1730 3133 παροικῆσαι
1753 3066 1893 3131 ἐκεῖ,
1928 3067 2017 3121 ὅτι
2045 3068 2140 3120 ἐν⁶

478 3147 738 3214 ίσχυσεν
763 3151 796 3201 ό
835 3148 1011 3217 λιμὸς
1038 3149 1134 3202 ἐπὶ
1164 3149 1274 3218 τῆς
1301 3151 1433 3220 τῆς.

548 3233 609 3284 6'.
663 3233 858 3286 Σκόπει
899 3234 1014 3298 πῶς
1049 3236 1362 3307 μακρότερα
1391 3239 1459 3292 τὰ
1504 3239 1805 3310 σκάμματα
1845 3238 1923 3311 τῷ
1949 3239 2142 3311 δικαίῳ

479 3319 706 3386 ἐγίνετο.
753 3320 1029 3391 ’ῼκονόμει
1069 3323 1176 3393 γάρ
1213 3325 1242 3376 6
1290 3325 1564 3395 Δεσπότης
1595 3327 1670 3397 μὴ
1701 3327 1862 3397 μόνον
1891 3329 2006 3390 τοῖς
2039 3328 2139 3398 τὴν

479 3405 840 3476 Παλαιστίνην
870 3406 1131 3470 οίκοῦσιν,
1157 3409 1290 3462 ἀλλά
1315 3412 1408 3463 καὶ
1436 3415 1548 3474 τοῖς
1572 3413 1714 3466 κατά
1741 3413 1839 3483 τὴν
1866 3413 2140 3482 Αἴγυπτον

476 3489 788 3544 διδάσκαλον
831 3492 992 3546 αὐτὸν
1047 3495 1320 3563 γενέσθαι,
1370 3497 1464 3549 καὶ
1508 3497 1569 3550 τὸ
1629 3499 1744 3567 φῶς
1789 3500 1892 3570 τῆς
1936 3501 2140 3564 οίκείας

478 3577 677 3647 ἀρετῆς
706 3579 838 3632 πᾶσι
878 3580 1174 3650 κατάδηλον
1196 3583 1433 3653 ποιῆσαι.
1458 3583 1718 3656 Καθάπερ
1743 3585 1848 3656 γάρ
1877 3587 2141 3660 φωστῆρά

477 3679 599 3716 τινα
647 3663 976 3719 λανθάνοντα
1034 3670 1129 3720 καὶ
1178 3671 1556 3740 κεκρυμμένον
1603 3673 1681 3734 είς
1711 3672 1808 3743 τὴν
1837 3673 2136 3737 Χαλδαίων,

479 3751 688 3804 ἐκεῖθεν
729 3754 1043 3826 ἀνέστησεν,
1080 3756 1166 3808 ἵνα
1198 3757 1325 3821 τοὺς
1368 3759 1425 3810 ἐν
1461 3758 1540 3828 τῷ
1575 3760 1754 3813 σκότει
1798 3761 1899 3832 τῆς
1932 3761 2140 3834 πλάνης

480 3838 822 3908 καθημένους
853 3845 1236 3915 χειραγωγήση
1268 3845 1404 3916 πρὸς
1448 3846 1544 3916 τὴν
1568 3847 1667 3917 τῆς
1714 3847 1971 3919 ἀληθείας
1995 3849 2134 3904 ὀδόθ.

491 3926 628 3978 Ἀλλ’
667 3928 795 3991 ῐσως
823 3928 964 3982 είποι
995 3943 1078 3993 τις
1104 3930 1198 3983 ἀν’
1232 3932 1343 3983 Καὶ
1369 3932 1512 3996 τίνος
1537 3933 1723 3987 ἐνεκεν
1749 3936 1809 3988 οὐ
1838 3937 1962 3999 τοὺς
1989 3937 2048 3989 ἐν
2070 3939 2138 4006 τῇ

477 4011 757 4066 Χαλδαίων
775 4013 927 4085 χώρᾳ
943 4016 1320 4085 παρεσκεύασε
1338 4017 1405 4069 δι’
1416 4018 1576 4070 αὐτοῦ
1597 4020 1734 4090 πρὸς
1749 4021 1846 4090 τὴν
1861 4021 2140 4075 εὐσέϐειαν

479 4098 816 4168 ἀναχθῆναι;
855 4100 1013 4163 Εἰκὸς
1050 4102 1150 4170 μέν
1187 4102 1302 4155 ἐστι
1333 4103 1427 4155 καὶ
1464 4103 1562 4175 τῆς
1606 4106 1829 4160 ἐκείνων
1869 4109 2142 4179 σωτηρίας

476 4184 544 4238 δι’
567 4184 766 4255 ἐτέρων
795 4186 1045 4254 γενέσθαι
1078 4189 1174 4258 τὴν
1209 4189 1462 4260 πρόνοιαν
1485 4208 1498 4221 ·
1532 4191 1680 4261 ὅμως
1706 4191 1761 4245 δέ
1796 4193 2026 4248 ἄκουσον
2046 4196 2140 4249 τοῦ

476 4270 714 4341 Χριστοῦ
748 4271 1021 4339 λέγοντος,
1048 4277 1168 4328 οὐκ
1198 4275 1328 4330 ἔστι
1373 4279 1688 4348 προφήτης
1721 4280 1947 4349 ἄτιμος,
1978 4286 2031 4336 εί
2058 4283 2139 4352 μὴ

472 4355 546 4408 ἐν
571 4353 646 4424 τῇ
673 4357 791 4425 ἰδίᾳ
819 4359 1075 4426 πατρίδι.
1110 4361 1225 4414 Ἵνα
1252 4358 1344 4415 οῦν
1374 4365 1471 4434 τὴν
1505 4363 1839 4434 ἐπαγγελίαν
1875 4368 1954 4430 είς
1983 4367 2142 4438 ἐργον

474 4442 657 4514 ἀγάγῃ
681 4443 777 4514 τὴν
820 4444 1007 4512 αὑτοῦ,
1053 4447 1119 4516 ἢν
1149 4449 1439 4518 ἐποιήσατο
1468 4450 1660 4519 λέγων,
1684 4453 1792 4506 Καὶ
1818 4455 2141 4523 μεγαλυνῶ

474 4531 540 4584 τὸ
601 4531 788 4600 ὄνομά
839 4548 955 4586 σου
980 4568 995 4596 ,
1045 4533 1132 4586 διὰ
1174 4535 1328 4587 τοῦτο
1369 4537 1461 4590 καὶ
1517 4538 1609 4591 τὸν
1666 4535 1821 4609 λιμὸν
1870 4546 2142 4614 συγχωρεῖ

471 4617 746 4685 γενέσθαι,
774 4620 866 4673 καὶ
893 4619 980 4672 διὰ
1001 4617 1190 4674 τούτου
1217 4621 1461 4693 ἀνάγκην
1497 4626 1576 4688 είς
1604 4625 1703 4697 τὴν
1739 4627 2010 4696 Αἴγυπτον
2040 4631 2139 4683 αὐ-

470 4706 564 4758 τὸν
590 4706 899 4774 ἀφικέσθαι,
932 4707 1017 4760 ἵνα
1044 4708 1255 4778 μάθωσι
1288 4711 1380 4763 καὶ
1401 4713 1449 4763 οί
1472 4712 1679 4774 αὐτόθι,
1709 4714 1806 4785 ὅση
1835 4716 1928 4768 τοῦ
1948 4717 2136 4788 ἀνδρός

472 4794 677 4862 ἐστινὴ
711 4792 902 4863 ἀρετή.
955 4793 1220 4867 Καθάπερ
1269 4797 1376 4867 γάρ
1403 4814 1488 4862 τις
1537 4798 1728 4868 δήμιος
1771 4800 1945 4872 δεσμά
1981 4820 2134 4874 περι-

471 4876 670 4942 ϐαλὼν,
693 4878 866 4942 οὕτως
893 4880 1088 4945 αὐτοὺς
1102 4883 1130 4934 ό
1147 4881 1300 4951 λιμὸς
1319 4883 1428 4937 ἀπὸ
1447 4885 1541 4954 τῆς
1567 4885 1799 4956 ἐρημίας
1827 4887 2136 4958 ἀναστήσας

471 4963 566 5016 ἐπὶ
616 4965 714 5035 τὴν
765 4964 1040 5033 Αἴγυπτον
1085 4961 1266 5022 εἷλκεν
1313 4981 1359 5023 ο.
1419 4971 1558 5023 Ἀλλ’
1600 4969 1795 5042 ἴδωμεν
1845 4973 2027 5028 λοιπὸν
2066 4978 2134 5030 τά

473 5051 744 5115 ἐντεῦθεν,
771 5053 864 5104 καὶ
893 5055 993 5127 ὅσῃ
1026 5057 1344 5126 περιστάσει
1383 5059 1411 5111 6
1445 5058 1651 5123 δίκαιος
1683 5061 2128 5132 περιπέπτωκεν.

468 5136 558 5191 ἵνα
583 5138 676 5189 καὶ
705 5136 867 5190 αὐτοῦ
898 5137 995 5208 τὴν
1024 5139 1273 5209 ἀνδρείαν
1310 5141 1585 5212 μάθωμεν,
1615 5146 1710 5197 καὶ
1739 5145 1838 5215 τῆς
1871 5147 2129 5214 γυναικὸς

466 5221 565 5291 τὴν
598 5220 883 5290 φιλόσοφον
920 5219 1163 5292 γνώμην.
1202 5222 1416 5295 Ἐπειδὴ
1439 5226 1545 5296 γὰρ
1570 5226 1701 5279 πολὺ
1731 5227 1828 5297 τῆς
1847 5227 1966 5281 ὁδοῦ
1996 5245 2131 5299 προ-

464 5300 644 5372 ῆλθον,
677 5301 769 5353 καὶ
792 5299 1045 5370 γεγόνασι
1077 5303 1259 5357 λοιπὸν
1293 5305 1517 5374 πλησίον
1538 5307 1638 5377 τῆς
1659 5309 1950 5376 Αίγύπτου,
1978 5309 2128 5383 [322]

465 5387 754 5455 ἐναγώνιος
779 5388 1002 5457 γέγονεν
1030 5392 1059 5444 6
1084 5390 1310 5456 δίκαιος,
1342 5395 1435 5447 καὶ
1471 5396 1599 5466 περὶ
1620 5397 1808 5466 αὐτῆς,
1837 5399 1911 5462 ὡς
1935 5401 2127 5466 εἰπεῖν,

461 5473 562 5534 τῆς
587 5469 732 5540 ζωῆς
761 5472 1014 5538 δεδοικὼς
1045 5476 1139 5527 καὶ
1175 5477 1394 5546 τρέμων
1425 5477 1728 5546 διαλέγεται
1773 5484 1838 5552 τῇ
1886 5483 2125 5550 γυναικί.

473 5557 737 5627 Ἐγένετο
760 5559 888 5631 γὰρ,
916 5562 1049 5631 φησὶ
1095 5561 1279 5628 ἡνίκα
1308 5564 1557 5632 ἤγγισεν
1579 5567 1800 5636 ’Δόραμ
1829 5570 2127 5624 εἰσελθεῖν

464 5643 545 5706 εις
561 5641 880 5708 Αιγυπτον,
909 5641 1038 5698 εἷπε
1059 5645 1221 5714 Σάρᾳ
1245 5645 1319 5715 τῇ
1337 5652 1573 5716 γυναικὶ
1599 5653 1804 5707 αὐτοῦ·
1839 5654 2126 5709 Γινώσκω

459 5722 575 5792 ἐγὼ
597 5724 684 5776 ὅτι
714 5726 867 5794 γυνὴ
889 5729 1279 5796 εὐπρόσωπος
1297 5727 1370 5785 εἴ.
1391 5733 1596 5788 Ἔσται
1617 5731 1752 5800 οὖν,
1783 5735 1927 5790 ὅταν
1950 5736 2123 5794 ιδωσί

520 5833 545 5862 ⁸
569 5833 608 5884 1⁸⁸
608 5841 704 5904 oti.
751 5835 921 5904 ἐκεῖσε.
989 5834 1016 5874 δ
1052 5841 1147 5896 Τὴν
1188 5840 1324 5902 φύσιν
1359 5842 1684 5904 ἐλεγχομένην,
1719 5849 1940 5896 naturam
1979 5845 2117 5898 devi-

455 5900 598 5964 αιτιοι,
623 5899 728 5964 σίνε
753 5903 1062 5964 ιιι-ρεξηιιοηι1
1087 5899 1394 5964 coar'ctatqm,
1426 5899 1535 5964 q'iia'
1570 5899 1681 5954 ndn'
1708 5907 1904 5956 tulisset
1933 5909 2117 5958 fructus

458 5960 642 6008 solitos.
672 5958 1014 6031 Υοῂηέλέγχειν
1052 5961 1276 6031 ιιοούειι
1309 5958 1650 6031 τεθουέοιειυτ
1671 5969 1798 6029 apud
1830 5969 2118 6031 Chrysosto-

461 6031 605 6067 mum.
673 6021 696 6049 ε
718 6020 814 6071 Am
858 6020 1090 6081 Αἴγυπτον
1117 6021 1223 6069 τότε
1251 6020 1415 6084 βιαίως
1436 6027 1684 6085 μεθεῖλκεν.

1268 438 1328 494 S.
1368 437 1654 492 JUANNIS
1691 435 2176 492 CIIRYSOSTOMI
2203 435 2519 493 ARCHIEP.
2545 433 3088 494 CONSTANTINOP.

3833 426 3932 484 298

2266 570 2339 607 σε
2371 555 2424 607 οἱ
2441 551 2766 622 Αἰγύπτιοι,
2802 549 3070 621 ἐροῦσιν,
3099 547 3189 600 δτι
3214 547 3386 615 Γυνὴ
3410 547 3600 602 αὑτοῦ
3616 547 3777 614 αὕτη
3797 563 3814 576 ’
3841 556 3932 599 κιιι

2255 635 2659 690 ἀποκτενοῦσί
2694 651 2792 704 με,
2829 634 2905 687 σὲ
2934 633 3002 686 δὲ
3039 629 3556 699 περιποιήσανται.
3610 631 3765 684 Εἰπὲ
3797 625 3930 695 οὖν.

2255 719 2344 773 ὅτι
2383 717 2630 787 Ἀδελφὴ
2656 715 2844 770 αὑτοῦ
2865 717 3002 784 ειμι,
3030 714 3189 778 ὅπως
3210 709 3280 767 εὖ
3301 730 3402 782 μοι
3433 710 3682 780 γένηται
3711 712 3816 765 διὰ
3837 713 3926 772 σὲ.

2253 803 2348 857 καί
2385 801 2622 868 ζήσεται
2654 802 2694 867 ὴ
2731 798 2903 868 ψυχή
2945 815 3062 867 μου
3100 796 3312 850 ἕνεκεν
3337 794 3476 849 σοῦ.
3527 791 3687 857 Εἶδες
3717 797 3785 848 ἐκ
3824 795 3929 848 τῶν

2256 887 2516 956 ῥημάτων
2548 884 2626 946 είς
2650 884 2773 935 ὅσον
2805 879 2991 948 ἀγῶνα
3008 879 3101 932 καὶ
3123 877 3320 931 δειλίαν
3350 877 3379 932 6
3411 877 3618 940 δίκαιος
3651 879 3925 946 κατέστη·

2253 969 2349 1020 καὶ
2377 965 2611 1037 οὐδαμοῦ
2646 964 2736 1016 τὸν
2765 962 3020 1032 λογισμὸν
3053 963 3377 1030 ἐταράττετο
3395 1002 3411 1026 ,
3455 962 3578 1015 οὐδέ
3603 961 3927 1030 ἐθορυϐεῖτο

2249 1051 2349 1119 τὴν
2396 1048 2642 1116 γνώμην,
2695 1045 2814 1098 οὐδέ
2869 1045 3066 1096 ἐνενόει
3118 1045 3212 1096 καὶ
3261 1044 3411 1112 ἔλεγε
3437 1062 3451 1075 ·
3487 1045 3553 1096 Τί
3581 1043 3786 1109 τοῦτο;
3825 1041 3927 1112 ἆρα

2250 1132 2785 1201 ἐγκατελείφθημεν;
2821 1126 2933 1200 ἆρα
2974 1128 3361 1198 ἠπατήθημεν;
3401 1124 3511 1198 ἄρα
3569 1128 3644 1198 μὴ
3683 1130 3928 1198 ἐρήμους

2249 1215 2398 1284 ἡμᾶς
2428 1212 2685 1265 κατέλιπε
2707 1214 2805 1281 τῆς
2825 1209 2988 1264 αὐτοῦ
3010 1210 3264 1280 προνοίας
3289 1211 3319 1262 6
3344 1209 3620 1279 Δεσπότης
3639 1228 3657 1276 ;
3683 1212 3715 1280 6
3735 1210 3925 1272 είπὼν,

2252 1293 2584 1364 Μεγαλυνῶ
2617 1310 2710 1356 σε,
2742 1294 2838 1346 καί
2871 1292 2954 1358 τῷ
2985 1292 3280 1361 σπέρματί
3313 1305 3430 1345 σου
3460 1291 3634 1345 δώσω
3669 1294 3792 1360 τὴν
3817 1292 3929 1363 γῆν

2252 1381 2497 1444 ταύτην,
2532 1376 2704 1439 οὕτως
2747 1378 2896 1446 ἡμᾶς
2921 1377 3110 1447 ἀφίησι
3137 1375 3233 1430 νῦν
3261 1376 3388 1446 περὶ
3415 1375 3524 1429 τῶν
3547 1376 3806 1446 ἐσχάτων
3830 1380 3926 1430 αὐο

2246 1462 2358 1512 τῶν
2408 1462 2723 1524 δεδοικέναι,
2773 1461 2868 1513 καὶ
2918 1462 2996 1523 είς
3039 1460 3290 1530 προφανῆ
3325 1459 3568 1512 κίνδυνον
3613 1461 3922 1531 ἐμπεσεῖνς

2248 1543 2411 1595 Οὐδὲν
2431 1544 2633 1596 τούτων
2650 1544 2769 1596 οὐδὲ
2794 1545 2850 1596 ἐν
2879 1542 3086 1614 διανοίᾳ
3109 1541 3292 1595 λαϐεῖν
3306 1545 3333 1595 6
3346 1541 3553 1605 δίκαιος
3571 1543 3920 1608 κατεδέξατο.

2246 1625 2359 1677 ἀλλ’
2389 1625 2507 1688 ἐνὸς
2539 1626 2635 1680 νῦν
2665 1627 2872 1694 ἐγίνετο
2905 1626 3097 1694 μόνου,
3141 1626 3289 1688 ὅπως
3320 1625 3519 1696 δυνηθῇ
3555 1629 3922 1696 σοφισάμενός

2246 1719 2364 1762 τινα
2405 1711 2673 1784 μηχανὴν,
2723 1711 2817 1764 καὶ
2863 1710 2955 1762 τοῦ
3000 1709 3158 1779 λιμοῦ
3190 1710 3545 1780 παραμυθίαν
3577 1712 3787 1782 εὑρεῖν,
3833 1713 3923 1765 καὶ

2243 1793 2350 1846 τῶν
2372 1794 2683 1862 Αἰγυπτίων
2715 1793 2811 1857 τὰς
2842 1793 3028 1863 χεῖρας
3055 1792 3352 1860 διαφυγεῖν.
3383 1791 3694 1858 Γινώσκω,
3730 1797 3920 1864 φησὶν,

2246 1872 2335 1928 δτι
2371 1875 2525 1945 γυνὴ
2549 1876 2943 1944 εὐπρόσωπος
2973 1871 3046 1928 εἶ.
3078 1874 3217 1945 Ὅρα
3247 1875 3386 1941 πόση
3423 1874 3524 1944 τῆς
3551 1877 3824 1944 γυναικὸς
3855 1873 3922 1947 ἦν

2245 1964 2278 2033 η
2302 1964 2593 2034 εὐμορφία,
2623 1964 2703 2016 ὅτι
2726 1963 2822 2016 καὶ
2853 1964 2933 2025 είς
2964 1962 3137 2032 γῆρας
3163 1962 3342 2015 αὐτῶν
3370 1962 3683 2016 ἐλασάντων
3709 1963 3919 2024 λοιπὸν,

2247 2048 2338 2101 καί
2365 2050 2503 2118 μετά
2529 2049 2800 2102 τοσούτων
2827 2047 2964 2104 ἐτῶν
2991 2049 3224 2120 ἀριθμὸν
3242 2048 3323 2102 ἔτι
3341 2048 3532 2120 ἔμενεν
3562 2049 3918 2119 ἀκμάζουσα.

2244 2132 2336 2186 τοῦ
2359 2132 2585 2194 κάλλους
2606 2132 2704 2203 τὴν
2732 2129 2876 2204 ὥραν
2905 2130 2997 2184 ἐπὶ
3026 2131 3124 2202 τῆς
3152 2130 3326 2200 ὅψεως
3342 2133 3603 2203 φέρουσα,
3626 2134 3724 2184 καὶ
3745 2132 3920 2185 ταῦτα

2245 2215 2381 2287 μετά
2409 2214 2506 2283 τὴν
2539 2210 2804 2284 τοσαύτην
2832 2213 3203 2284 ταλαιπωρίαν
3233 2216 3325 2267 καὶ
3353 2215 3674 2284 κακουχίαν,
3692 2217 3760 2285 ἣν
3777 2217 3918 2267 κατά

2240 2299 2338 2360 τὰς
2359 2297 2507 2360 ὁδοὺς
2531 2297 2796 2367 ὑπέμενεν
2813 2296 2920 2349 ἀπὸ
2941 2297 3212 2360 τόπωνείς
3228 2297 3425 2360 τόπους
3445 2297 3916 2368 μετανισταμένη.

2241 2381 2333 2432 καὶ
2357 2378 2464 2432 ἀπὸ
2493 2378 2592 2448 μὲν
2624 2377 2722 2447 τῆς
2751 2377 3032 2430 Χαλδαίων
3069 2375 3252 2448 χώρας
3277 2379 3359 2440 είς
3389 2376 3488 2447 τὴν
3513 2378 3744 2449 Χαρρὰν
3780 2396 3915 2448 μετ-

2241 2462 2592 2531 ανισταμένη,
2650 2460 2902 2513 κάκεῖθεν
2947 2463 3025 2523 είς
3062 2461 3159 2531 την
3192 2459 3432 2525 Χαναὰν,
3476 2462 3572 2514 καὶ
3616 2461 3786 2514 πάλιν
3832 2465 3916 2513 ἐν-

2239 2546 2428 2600 τεῦθεν
2449 2547 2565 2597 ἐκεῖ
2582 2546 2639 2596 ἐν
2668 2547 2732 2614 τῇ
2767 2544 3068 2615 Χαναναία,
3094 2543 3346 2597 κάκεῖθεν
3372 2538 3493 2608 ὧδε,
3519 2545 3614 2596 καὶ
3632 2543 3731 2597 νῦν
3751 2546 3915 2598 πάλιν

2241 2630 2319 2691 είς
2353 2628 2449 2699 τὴν
2479 2628 2770 2695 Αἰγυπτον.
2795 2626 2926 2680 Τίνα
2953 2615 3045 2680 οῦν
3077 2626 3177 2679 οὐκ
3209 2627 3274 2679 ἂν
3301 2626 3396 2680 καὶ
3423 2626 3532 2679 τῶν
3554 2627 3913 2698 σφριγῶντων

2241 2711 2450 2784 ἀνδρῶν
2493 2710 2549 2762 αί
2598 2709 2739 2761 οὕτω
2778 2713 3019 2779 συνεχεῖς
3073 2708 3374 2779 ἀποδημίαι
3427 2710 3910 2782 κατειργάσαντο;

2254 2794 2392 2847 Ἀλλ’
2422 2796 2454 2864 ἡ
2479 2792 2755 2863 θαυμασία
2796 2792 2956 2862 αῦτη,
2998 2793 3090 2846 καὶ
3119 2792 3256 2862 μετὰ
3283 2785 3380 2864 τῆν
3407 2793 3677 2864 τοσαύτην
3719 2795 3913 2848 111m-

2243 2879 2456 2950 πωρίαν
2487 2877 2566 2930 ἔτι
2598 2877 2886 2947 λάμπουσα
2914 2876 2991 2946 τῷ
3022 2878 3120 2948 τῆς
3169 2876 3343 2946 ὂψεως
3385 2877 3591 2942 κάλλει,
3641 2877 3783 2932 πολὺ
3822 2881 3914 2932 καὶ

2242 2961 2471 3033 σφοδρὸν
2503 2961 2564 3013 τὸ
2601 2960 2718 3024 δέος
2761 2960 2994 3012 ἐνεποίει
3037 2959 3116 3030 τῷ
3172 2959 3404 3031 δικαίῳο
3452 2961 3534 3014 διὸ
3574 2961 3670 3014 καὶ
3721 2962 3901 3030 ἐλεγε-

2238 3046 2524 3099 Γινώσκω
2555 3045 2688 3113 ἐγὼ,
2724 3043 2812 3096 ὅτι
2837 3043 2990 3112 γυνὴ
3021 3045 3411 3112 εὐπρόσωπος
3435 3040 3509 3097 εἷ.
3528 3045 3744 3098 Ἔσται
3775 3042 3911 3105 οὖν,

2237 3131 2318 3195 ὡς
2367 3129 2445 3183 ἂν
2489 3129 2661 3182 ἴδωσί
2690 3143 2764 3180 σε
2796 3130 2849 3180 οἱ
2879 3129 3225 3196 Αἰγύπτιοι,
3274 3127 3542 3194 ἐροῦσιν,
3594 3127 3685 3182 ὅτι
3739 3131 3911 3196 Γυνὴ

2237 3212 2423 3266 αὑτοῦ
2456 3213 2606 3279 αὕτη
2628 3229 2641 3241 ι
2684 3210 2780 3263 καί
2822 3201 3229 3264 ἀποκτενοῦσί
3251 3223 3328 3279 με
3347 3250 3360 3272 ,
3397 3213 3473 3264 σὲ
3497 3209 3566 3263 δὲ
3599 3214 3910 3279 περιποιήο

2239 3311 2472 3350 σονται.
2520 3296 2718 3347 Σκόπει
2759 3295 2876 3357 πῶς
2906 3293 3127 3365 ἐθάρρει
3169 3293 3248 3363 τῷ
3284 3295 3471 3366 τρόπῳ
3496 3295 3595 3365 τῆς
3624 3298 3908 3363 γυναικὸς,

2240 3380 2334 3433 καὶ
2360 3381 2459 3432 οὐκ
2479 3379 2649 3432 ἐδεισε
2672 3379 2748 3449 μή
2780 3394 2907 3431 ποτε
2939 3379 3051 3439 τοῖς
3080 3376 3323 3440 ἐπαίνοις
3348 3377 3624 3448 χαυνωθῇ,
3649 3378 3788 3431 6116
3819 3383 3916 3431 καὶ

2237 3463 2490 3534 τοιαύτην
2516 3462 2723 3531 εἰσάγει
2749 3461 2846 3532 τὴν
2881 3459 3192 3530 συμϐουλὴν
3219 3460 3413 3526 λέγων’
3446 3461 3563 3513 Ἵνα
3587 3462 3661 3533 μὴ
3690 3461 3792 3532 ἐμέ
3813 3463 3912 3532 μὲν

2238 3545 2634 3606 ἀποκτείνωσι,
2688 3543 2747 3595 σέ
2798 3535 2854 3596 δέ
2901 3543 3405 3612 περιποιήσωνται,
3455 3542 3602 3595 Εἰπὲ
3637 3541 3791 3606 οὖν,
3824 3545 3913 3596 ὅτι

2239 3625 2494 3696 Ἀδελφὴ
2528 3626 2715 3680 αὑτοῦ
2746 3628 2884 3694 ειμι,
2920 3623 3079 3690 ὅπως
3122 3624 3197 3677 ἂν
3243 3619 3312 3679 εὖ
3359 3642 3462 3694 μοι
3509 3623 3773 3694 γένηται,
3816 3627 3912 3680 καί

2242 3707 2479 3776 ζήσεται
2511 3711 2547 3776 ἠ
2569 3707 2738 3777 ψυχή
2761 3724 2880 3776 μου
2902 3707 3110 3760 ἕνεκεν
3141 3707 3277 3761 σοῦ.
3325 3707 3538 3777 Ἐπειδὴ
3566 3709 3629 3760 οὐ
3664 3709 3726 3761 τὸ
3753 3710 3914 3778 τυχέν

2236 3788 2303 3864 ἦν
2337 3794 2474 3862 ὅπερ
2499 3791 2780 3854 ἐπέταττε,
2809 3789 2898 3842 διὰ
2918 3789 3074 3842 τοῦτο
3093 3789 3181 3843 διά
3207 3790 3315 3842 τῶν
3344 3789 3700 3859 ἐπαγομένων
3731 3793 3913 3860 ῥημά-

2237 3893 2344 3928 των
2380 3873 2781 3943 ἐφελκύσασθαι
2806 3873 2976 3945 αὐτὴν
3003 3873 3301 3946 ἠϐουλήθη,
3331 3873 3473 3927 ὥστε
3501 3875 3597 3928 καὶ
3626 3877 3708 3938 είς
3733 3873 3912 3928 οἶκτον

2239 3959 2406 4025 αὐτὴν
2428 3955 2758 4026 ἐπικάμψαι,
2789 3957 2882 4008 καὶ
2903 3958 3084 4010 πεῖσαι
3115 3956 3251 4027 μετά
3280 3957 3585 4030 προθυμίας
3615 3959 3911 4030 ὑποκρίναο

2241 4039 2364 4091 σθαι
2390 4038 2451 4090 τὺ
2481 4039 2681 4110 δρᾶμα.
2710 4039 2924 4091 Ἔσται
2947 4035 3080 4103 οὖν,
3114 4040 3299 4109 φησὶν,
3330 4041 3412 4106 ὡς
3442 4041 3520 4093 ἂν
3552 4040 3730 4095 ἴδωσί
3759 4058 3834 4096 σε
3858 4046 3910 4097 οί

2231 4123 2556 4192 Αίγύπτιοι,
2617 4122 2883 4192 ἐροῦσιν,
2934 4122 3025 4177 ὅτι
3083 4123 3254 4192 Γυνὴ
3302 4124 3491 4178 αὐτοῦ
3545 4126 3699 4193 αὕτη
3730 4145 3744 4158 ο
3811 4129 3910 4183 καί

2240 4199 2648 4260 ἀποκτενοῦσί
2688 4223 2786 4276 με,
2818 4207 2892 4259 σὲ
2933 4206 3002 4259 δὲ
3033 4204 3543 4275 περιποιήσονται.
3595 4211 3712 4264 οὐκ
3756 4207 3909 4276 εἶπε,

2241 4288 2308 4340 Σὲ
2351 4287 2768 4365 καθυϐρίσουσιο
2801 4288 2937 4351 τέως
2988 4290 3049 4342 οὐ
3088 4289 3333 4359 βούλεται
3363 4292 3533 4362 αὐτὴν
3564 4294 3910 4365 καταπλῆξαι

2237 4369 2324 4423 διὰ
2351 4362 2459 4422 τῶν
2480 4371 2762 4440 ῥημάτων,
2787 4369 2961 4433 ἄλλως
2988 4388 3046 4424 τε
3076 4373 3168 4425 καὶ¹
3194 4371 3428 4426 δέδοικεν
3445 4375 3586 4446 ὑπὲρ
3611 4378 3712 4447 τῆς
3740 4362 3911 4447 ἐπαγ-

2236 4452 2421 4520 γελίας
2454 4453 2549 4505 τοῦ
2578 4452 2732 4506 Θεοῦ.
2768 4451 2868 4505 Διά
2889 4453 3048 4506 τοῦτό
3074 4471 3226 4524 φησι,
3264 4454 3343 4508 Σὲ
3374 4455 3445 4508 δὲ
3475 4462 3906 4530 περιποιήσαν-

2236 4551 2348 4589 ται.
2376 4533 2523 4589 Sim}
2555 4530 2689 4600 οὖν,
2721 4536 2812 4588 ὅτι
2847 4535 3096 4606 Ἀδελφὴ
3129 4537 3313 4592 αὐτοῦ
3335 4541 3471 4608 ειμι.
3509 4541 3710 4596 Ἐννόει
3736 4557 3825 4611 μοι
3851 4547 3907 4598 ἐν

2234 4619 2324 4690 οἵᾳ.
2370 4619 2698 4671 καταστάσει
2745 4620 3036 4694 τυγχάνειν
3083 4621 3229 4683 εἰκὸς
3285 4617 3354 4691 ἦν
3408 4622 3502 4675 τοῦ
3546 4624 3761 4678 δικαίου
3811 4630 3904 4699 τὴν

2235 4701 2496 4764 διάνοιαν,
2544 4700 2693 4772 [325]
2736 4703 2900 4773 ἡνίκα
2944 4702 3116 4756 ταῦτα
3163 4703 3514 4760 συνεϐούλευε
3543 4711 3610 4780 τῇ
3655 4714 3898 4778 γυναικί.

2238 4785 2381 4836 Ἰστε
2413 4783 2544 4854 γὰρ,
2577 4783 2690 4836 ίστε
2725 4785 2842 4847 πῶς
2871 4782 3024 4838 οὐδὲν
3076 4786 3264 4841 τούτου
3293 4786 3594 4862 βαρύτερόν
3639 4795 3760 4847 ἐστι
3789 4800 3900 4859 τοῖς

2232 4866 2520 4952 ἀνδράσιν,
2537 4869 2619 4952 είς
2641 4866 2700 4920 τὸ
2734 4867 2837 4952 κάν
2870 4869 2950 4931 είς
2985 4869 3216 4939 ὑποψίαν
3240 4865 3498 4945 τοιαύτην
3529 4877 3628 4946 τὴν
3655 4881 3898 4952 γαμετὴν

2233 4949 2425 5003 ἐλθεῖν.
2470 4948 2531 5004 '0
2555 4951 2738 5021 μέντοι
2764 4951 2970 5014 δίκαιος
2991 4954 3084 5005 καὶ
3115 4954 3408 5020 σπουδάζει
3427 4958 3522 5012 καὶ
3538 4960 3719 5013 πάντα
3735 4948 3894 5026 ποιεῖ,

2231 5029 2370 5084 ὥστε
2406 5034 2487 5096 είς
2512 5031 2673 5102 ἔργον
2707 5031 2805 5104 τὴν
2838 5033 3082 5103 μοιχείαν
3103 5033 3355 5104 ἐκϐῆναι.
3395 5038 3555 5093 Ἀλλά
3586 5040 3663 5112 μὴ
3687 5044 3891 5107 ἀτελῶς,

2229 5112 2501 5184 ἀγαπητὴ
2533 5113 2880 5187 καταψηφίσῃ
2911 5116 3006 5169 τοῦ
3032 5115 3263 5181 δικαίου,
3305 5118 3444 5173 ἀλλά
3475 5121 3569 5175 καὶ
3597 5126 3665 5177 ἐκ
3697 5126 3885 5180 τούτου

2233 5195 2468 5281 μάλιστα
2500 5197 2780 5281 κατάμαθε
2829 5198 3118 5281 αὑτοῦκαὶ
3161 5201 3257 5272 την
3295 5201 3511 5257 σύνεσιν
3539 5205 3638 5277 τὴν
3692 5210 3889 5281 πολλὴν

2229 5281 2322 5334 καὶ
2350 5280 2449 5353 τὴν
2477 5280 2729 5350 ἀνδρείαν
2749 5297 2762 5311 ·
2793 5281 2895 5350 τὴν
2934 5280 3183 5353 ἀνδρείαν
3214 5283 3333 5354 μὲν,
3359 5286 3442 5340 ὅτι
3465 5285 3606 5343 οὕτω
3629 5292 3890 5358 γενναίως

2227 5366 2440 5436 ἀντεῖχε
2470 5364 2564 5418 καὶ
2593 5364 2940 5446 περιεγένετο
2964 5364 3064 5435 τῆς
3083 5364 3193 5418 τῶν
3213 5365 3487 5439 λογισμῶν
3510 5373 3781 5446 ταραχῆς,
3817 5377 3889 5440 ὡς

2229 5449 2323 5502 καὶ
2369 5447 2594 5501 τοιαῦτα
2626 5444 3044 5516 συμϐουλεῦσαι.
3080 5447 3201 5501 ὀτι
3241 5449 3349 5521 γὰρ
3371 5451 3521 5505 οὐδέν
3557 5444 3675 5508 ἐστι
3699 5444 3888 5512 τούτου

2226 5531 2642 5603 ἀφορητότερον,
2671 5529 2834 5582 ἀκουε
2858 5527 2953 5581 τοῦ
2980 5529 3321 5600 Σολομῶντος
3349 5532 3628 5602 λέγοντοςο
3654 5541 3887 5609 Παντὸς

2224 5615 2334 5684 π’(ρ
2355 5613 2536 5680 ζήλου
2553 5611 2741 5680 θυμὸς
2756 5610 2974 5680 ἀνδρὸς
2988 5612 3178 5681 αὐτῆς
3195 5629 3208 5643 ⁸
3229 5614 3304 5668 οὐ
3324 5615 3594 5684 φείσεται
3616 5618 3687 5673 ἐν
3702 5620 3886 5690 ἡμέρᾳ

2224 5700 2502 5766 κρίσεως,
2541 5695 2684 5751 οὐδὲ
2733 5695 3170 5759 ἀνταλλάξεται
3225 5698 3472 5754 πολλῶν
3515 5700 3722 5771 δώρων
3776 5706 3886 5773 τὴν

2224 5782 2445 5850 ἔχθραν
2469 5797 2482 5811 ·
2511 5778 2605 5833 καὶ
2629 5778 2810 5834 πάλιν·
2843 5779 3109 5847 Σκληρός
3129 5779 3211 5846 ὡς
3240 5779 3391 5849 ᾅδης
3408 5781 3604 5851 ζῆλος.

2299 5867 2360 5916 ε’.
2387 5862 2631 5932 Ὀρῶμεν
2644 5861 2701 5914 δέ
2720 5859 3060 5928 πολλοὺς,δτι
3075 5861 3155 5925 είς
3171 5863 3440 5935 τοσαύτην
3456 5866 3653 5935 μανίαν
3668 5868 3886 5940 ἑξηκον-

2224 5945 2506 6014 τίσθησαν,
2525 5942 2598 6006 ὡς
2629 5941 2764 6012 μηδέ
2784 5941 2960 5995 αὐτῶν
2977 5941 3262 6011 φείσασθαι
3290 5943 3401 5998 τῶν
3428 5948 3724 6014 γυναικῶν,
3752 5951 3884 6010 ἀλλὰ

2228 6027 2319 6079 καὶ
2347 6025 2509 6078 αὐτὸν
2542 6024 2634 6078 τὸν
2665 6022 2849 6094 μοιχὸν
2868 6023 3128 6088 πολλάκις
3157 6026 3604 6098 συγκατέσφαξαν
3630 6033 3727 6086 καὶ
3757 6035 3880 6090 ἐαυ-
