4080 6486
231 465 342 522 297

229 577 414 642 citam,
443 576 579 631 sicut
600 574 793 629 milites
819 571 908 639 qui
955 568 1107 625 facile
1155 583 1297 624 nunc
1337 569 1441 623 huc
1462 607 1480 635 ,
1507 581 1647 621 nunc
1691 566 1817 622 illuc

230 677 408 721 castra
440 675 654 720 movent
684 682 697 718 :
730 664 800 716 ita
828 672 882 717 et
903 661 1079 732 justus
1103 659 1213 726 ille,
1243 658 1485 729 quamvis
1513 673 1693 713 secum
1719 656 1821 712 du-

229 765 380 810 ceret
407 769 650 818 uxorem,
678 761 732 809 et
761 751 937 806 fratris
963 750 1154 815 filium,
1180 758 1235 803 et
1265 759 1467 803 tantum
1494 748 1816 802 domestico-

233 863 354 900 runt
378 857 656 900 numerum
686 860 701 909 ;
729 843 916 913 majori
945 851 1118 896 tamen
1148 841 1400 894 facilitate
1425 841 1651 909 migrare
1678 839 1820 892 sole-

234 937 344 990 bat.
375 934 561 991 Vidisti
590 934 845 1002 frngalem
862 945 919 988 et
937 932 1238 1002 expeditam
1263 931 1407 984 senis
1432 946 1553 983 cum
1580 943 1744 983 uxore
1763 938 1818 983 et

233 1038 312 1080 tot
340 1031 509 1082 servis
537 1026 736 1080 vitam?
758 1026 880 1080 Mihi
910 1039 1039 1079 vero
1064 1022 1357 1077 mirabilior
1397 1022 1606 1075 videtur
1630 1021 1817 1075 mulie-

233 1121 309 1172 ris
336 1119 606 1173 fortitudo.
636 1120 767 1173 Cum
802 1119 941 1172 enim
972 1116 1148 1186 cogito
1177 1114 1449 1168 muliebris
1481 1129 1640 1168 sexus
1665 1113 1814 1168 infir-

229 1213 496 1273 mitatem,
523 1219 574 1262 et
604 1207 968 1261 animadverto
991 1205 1258 1274 quomodo
1279 1213 1385 1257 tam
1408 1202 1559 1256 facile
1584 1213 1638 1256 et
1673 1212 1815 1258 tanta

230 1301 508 1355 alacritate
535 1315 656 1353 cum
674 1300 817 1368 justo
844 1312 1064 1366 peregre
1091 1295 1252 1359 vadit,
1270 1304 1325 1352 et
1351 1293 1576 1348 subinde
1600 1293 1813 1363 migrat,

233 1407 405 1461 neque
436 1393 546 1460 ipsa
588 1391 811 1444 moleste
839 1389 974 1454 fert,
1005 1403 1179 1456 neque
1201 1388 1349 1455 justo
1379 1387 1814 1454 impedimentum

231 1477 399 1545 aﬂ'erl,
427 1482 766 1550 obstupeseo,
795 1487 849 1533 et
872 1493 1068 1534 censeo
1094 1493 1198 1531 non
1221 1477 1411 1530 minori
1436 1492 1593 1545 quam
1619 1477 1814 1529 Abram

230 1573 411 1626 animo
445 1581 499 1626 et
534 1571 844 1627 fortitudine
873 1571 1040 1639 ipsam
1084 1583 1296 1638 quoque
1322 1567 1596 1637 przeditam
1628 1565 1810 1621 fuisse.

232 1663 296 1716 Et
327 1661 428 1716 hoc
470 1662 704 1715 maxime
733 1661 962 1715 sciemus
985 1700 1001 1725 ,
1031 1673 1152 1714 cum
1182 1673 1244 1713 ea
1273 1673 1391 1727 qua:
1429 1666 1817 1726 consequenter

231 1752 366 1806 lecta
413 1761 537 1806 sunt
566 1751 1084 1821 pertractaverimus.
1121 1747 1306 1802 Vidisti
1346 1758 1622 1817 postquam
1660 1747 1813 1800 audi-

229 1847 328 1910 vit,
356 1845 549 1899 Semini
583 1855 667 1897 tuo
694 1845 824 1897 dabo
845 1853 1034 1896 terram
1059 1841 1209 1905 Itane,
1233 1839 1502 1909 quomodo
1528 1854 1632 1894 non
1662 1841 1814 1910 quie-

227 1939 367 1992 verit
387 1939 560 2008 jnstus
601 1937 709 2000 ille,
740 1945 794 1990 et
824 1949 964 1989 nunc
993 1935 1094 1987 huc
1116 1973 1131 1998 ,
1165 1947 1307 1987 nunc
1336 1933 1461 1986 illuc
1501 1931 1815 1986 transierit?

226 2030 335 2086 Sed
367 2031 486 2085 vide
518 2028 786 2098 quomodo
814 2030 1002 2083 iterum
1030 2041 1060 2082 a
1101 2026 1385 2081 solitudine
1412 2026 1673 2096 exigitur,
1707 2042 1810 2078 non

227 2124 300 2177 ab
328 2121 646 2182 hominibus,
676 2119 769 2174 sed
792 2119 1106 2173 necessitate
1126 2117 1313 2171 famis:
1345 2117 1432 2171 l0.
1458 2113 1526 2168 Et
1555 2119 1690 2186 facta
1717 2127 1808 2179 est,

228 2213 420 2282 inquit,
449 2217 608 2282 [ames
634 2227 786 2280 super
811 2220 1014 2263 terram.
1047 2207 1280 2262 Audiant
1305 2207 1393 2277 qui
1422 2216 1622 2261 temere
1652 2216 1705 2260 et
1729 2207 1809 2260 in-

227 2313 387 2357 caute
418 2303 720 2372 loqutmtur,
753 2309 808 2355 et
835 2299 1092 2363 divinant,
1113 2298 1352 2352 dicentes
1384 2314 1397 2349 :
1428 2296 1688 2364 Quoniam
1727 2296 1814 2350 ille

229 2394 355 2446 talis
384 2393 596 2446 advenit
623 2431 640 2458 ,
679 2391 846 2446 fames
882 2389 1140 2451 invaluit;
1172 2388 1424 2458 quoniam
1474 2387 1563 2441 ille
1604 2385 1772 2440 adfuit
1795 2428 1812 2448 ,

228 2487 349 2539 haec
379 2486 732 2553 contigerunt.
765 2483 903 2537 Ecce
931 2481 1166 2537 etiamin
1205 2481 1434 2536 adventu
1457 2480 1590 2553 justi
1620 2478 1811 2544 fames,

227 2587 286 2630 et
311 2575 476 2629 fames
499 2573 689 2637 valida,
714 2584 768 2628 et
792 2588 896 2628 non
929 2573 1170 2627 turbatur
1187 2571 1384 2642 justus,
1412 2585 1585 2640 neque
1613 2569 1809 2640 aliquid

228 2665 520 2719 humanum
556 2665 787 2734 patitur,
817 2678 989 2734 neque
1022 2677 1118 2717 suo
1148 2662 1397 2718 adventui
1443 2661 1626 2716 tribuit
1659 2660 1813 2716 famis

225 2771 467 2811 causam.
493 2756 597 2812 Sed
625 2756 747 2826 quia
775 2755 906 2809 vidit
931 2763 1176 2808 naturam
1205 2755 1463 2808 coarctari
1487 2795 1504 2819 ,
1530 2763 1586 2808 et
1613 2754 1812 2807 invale-

229 2862 384 2901 sccre
407 2846 597 2900 famem
629 2863 643 2898 :
675 2846 962 2911 Descendit,
988 2845 1175 2914 inquit,
1203 2845 1256 2898 in
1285 2843 1572 2914 Αῑςνριιιιιι
1601 2843 1807 2907 Abram,

226 2949 286 2993 ut
310 2940 553 2992 habitaret
575 2939 700 3002 illic,
728 2939 846 3007 quia
870 2936 1081 2990 invaluit
1106 2940 1266 3007 fames
1293 2951 1445 3003 super
1463 2945 1667 2987 terram.

300 3033 353 3085 ι.
396 3030 624 3085 Attende
669 3029 936 3099 quomodo
979 3027 1217 3097 longiora
1263 3026 1392 3080 fiunt
1437 3025 1582 3095 justo
1617 3024 1806 3080 stadia.

227 3118 365 3174 lllud
394 3122 536 3175 enim
563 3118 871 3188 providebat
900 3118 1175 3182 Dominus,
1200 3125 1255 3170 ut
1294 3131 1399 3170 non
1432 3116 1605 3170 solum
1646 3115 1813 3168 Palae-

224 3213 422 3266 stinam
467 3208 817 3264 incolentibus
845 3215 989 3262 esset
1031 3205 1236 3270 doctor,
1279 3205 1372 3259 sed
1418 3215 1472 3258 et
1513 3206 1578 3258 iis
1619 3205 1708 3274 qui
1757 3205 1810 3259 in

225 3301 464 3372 Egypto
487 3307 674 3364 erant,
702 3307 754 3352 et
785 3298 993 3352 virtutis
1021 3299 1136 3365 ejus
1165 3295 1419 3364 splendor
1445 3294 1692 3350 omnibus
1719 3310 1812 3363 pa-

228 3404 386 3450 teret.
417 3393 577 3461 Quasi
616 3392 756 3447 enim
785 3391 1045 3444 luminare
1088 3388 1354 3458 quoddam
1382 3387 1554 3466 latens
1595 3397 1648 3442 et
1686 3389 1811 3442 abs-

224 3485 499 3541 conditum
547 3485 597 3536 in
638 3481 1008 3536 Chaldaeorum
1039 3488 1215 3545 terra,
1247 3478 1393 3532 illinc
1433 3473 1706 3542 evocavit,
1752 3487 1808 3531 ut

224 3592 322 3633 cos
359 3577 446 3646 qui
499 3577 550 3629 in
589 3575 820 3630 tenebris
853 3587 1092 3627 errorum
1137 3570 1429 3635 sedebant,
1459 3571 1526 3624 ad
1569 3571 1811 3625 veritatis

227 3671 367 3723 viam
395 3669 770 3722 introduceret.
800 3665 906 3720 Sed
936 3664 1073 3719 forte
1111 3663 1251 3718 dicet
1279 3663 1470 3732 aliquis
1499 3680 1514 3717 :
1545 3662 1610 3716 Et
1646 3676 1810 3732 quare

227 3775 336 3812 non
365 3758 540 3827 potius
579 3763 635 3809 ut
671 3756 726 3821 ii,
750 3755 840 3825 qui
868 3757 922 3808 in
945 3753 1190 3807 Chaldaaa
1222 3761 1396 3816 erant,
1425 3750 1492 3805 ad
1522 3765 1700 3805 veram
1722 3766 1809 3805 re-

230 3851 478 3921 ligionem
508 3849 768 3911 venirent,
797 3863 892 3916 per
918 3847 1089 3915 ipsum
1119 3843 1335 3899 eiecit?
1365 3843 1662 3898 Verisimile
1689 3843 1810 3911 qui-

225 3944 352 3998 dem
395 3952 506 4004 est,
537 3942 745 3995 illormn
785 3940 1006 3993 salutem
1043 3951 1134 4006 per
1161 3936 1385 3989 aliorum
1425 3933 1811 4003 providentiam

228 4045 567 4107 procuratam
593 4034 786 4088 fuisse:
817 4041 1047 4085 attamen
1070 4028 1192 4082 audi
1217 4027 1486 4083 Christum
1508 4026 1808 4081 dicentem:

235 4129 355 4182 Non
385 4138 454 4181 est
480 4128 722 4197 pmphcta
738 4127 844 4177 sine
864 4125 1069 4186 honore,
1090 4122 1184 4174 nisi
1203 4122 1256 4174 in
1285 4119 1450 4189 patria
1474 4136 1566 4173 sua
1591 4119 1807 4189 (Matth.

233 4221 320 4273 13.
349 4219 459 4287 57).
492 4217 560 4272 lit
581 4216 738 4284 igitur
765 4229 925 4284 opere
947 4212 1189 4281 impleret
1215 4210 1618 4280 promissionem
1650 4225 1807 4279 quam

233 4310 306 4364 illi
337 4307 554 4370 fecerat,
575 4305 790 4359 dicens:
820 4302 884 4356 Et
910 4300 1244 4371 magni/italia
1270 4317 1450 4354 nomen
1476 4308 1614 4352 tuum
1644 4315 1664 4353 .'
1693 4316 1814 4369 prn-

231 4409 411 4468 pterea
437 4405 491 4451 et
516 4397 707 4450 famem
732 4393 860 4448 oriri
887 4392 1163 4462 permittit,
1181 4399 1235 4445 et
1259 4399 1478 4460 cogente
1499 4391 1815 4444 necessitate

231 4491 286 4548 in
329 4488 615 4560 Egyptum
663 4501 784 4541 eum
824 4486 902 4538 ire
930 4481 1232 4552 compellit,
1267 4489 1322 4536 ut
1347 4481 1612 4536 discerent
1645 4491 1698 4534 et
1731 4497 1814 4532 tu-

230 4581 364 4636 cola:
391 4589 585 4648 quanta
613 4577 710 4631 viri
736 4575 904 4629 virtus
929 4582 1086 4628 esset.
1117 4572 1248 4626 Nam
1271 4571 1438 4625 fames
1457 4571 1606 4640 quasi
1637 4571 1809 4634 lictor,

230 4685 332 4725 ceu
359 4667 582 4722 vinculis
613 4667 839 4737 injectis,
872 4666 940 4718 ita
963 4665 1013 4717 vi
1040 4679 1072 4718 e
1090 4663 1304 4718 deserto
1326 4663 1376 4715 in
1400 4661 1691 4732 Egyptum
1719 4676 1814 4715 eos

231 4760 508 4814 abstraxit.
536 4756 640 4812 Sed
685 4755 958 4809 videamus
994 4768 1113 4822 quae
1161 4751 1286 4806 hinc
1332 4761 1642 4820 sequantur,
1670 4759 1721 4804 et
1759 4751 1810 4802 in

231 4860 459 4922 quantas
505 4848 842 4902 difficultates
866 4846 1039 4912 justus
1065 4843 1310 4898 inciderit
1339 4856 1353 4891 :
1388 4851 1525 4896 utet
1561 4843 1678 4909 ejus
1705 4842 1813 4894 for-

232 4942 511 5000 titudinem
555 4939 854 4999 discamus,
883 4945 937 4989 et
984 4935 1164 4988 uxoris
1202 4933 1344 4987 illius
1382 4934 1656 4999 sapientim
1697 4942 1811 4986 stu-

229 5035 440 5088 diosam
471 5038 724 5084 mentem.
754 5027 1039 5094 Postquam
1081 5025 1238 5092 igitur
1266 5022 1433 5076 multo
1462 5023 1652 5076 itinere
1683 5038 1810 5091 pro-

230 5129 526 5184 cesSerattt,
559 5129 612 5173 et
638 5117 874 5187 proxime
897 5113 1185 5184 Egyptutn
1210 5121 1382 5173 erant,
1410 5112 1583 5183 justus
1607 5127 1806 5182 angore

232 5213 428 5267 mentis
454 5208 680 5263 amictus
709 5215 813 5279 est,
837 5214 921 5270 et,
953 5215 1009 5258 ut
1035 5205 1102 5257 ita
1145 5203 1340 5266 dicam,
1365 5204 1431 5257 de
1458 5203 1563 5257 vita
1603 5218 1696 5258 sua
1736 5204 1806 5258 ti-

233 5319 387 5360 mens
415 5311 471 5356 et
492 5311 725 5356 tremens
747 5299 1031 5365 alloquitur
1048 5311 1267 5349 uxorem
1293 5311 1464 5346 suam.
1488 5297 1572 5348 ll.
1598 5293 1813 5348 Factum

232 5407 307 5453 est
326 5440 342 5460 ,
375 5397 544 5465 inquit
567 5435 582 5456 .
605 5391 806 5462 quando
834 5389 1017 5442 Abram
1046 5387 1499 5456 upprOpinquabat,
1527 5396 1580 5438 ut
1610 5387 1818 5438 intraret

231 5490 288 5544 in
321 5487 625 5556 ﬁgyptum,
654 5483 783 5536 dixit
831 5480 977 5534 Sara
1015 5479 1161 5531 uxori
1189 5494 1294 5530 sum
1323 5493 1341 5529 :
1367 5475 1487 5531 Scio
1535 5476 1671 5544 quod
1712 5478 1821 5537 for-

231 5593 376 5633 mosa
402 5578 470 5629 sis
490 5575 686 5626 mulier.
720 5572 808 5626 η.
833 5569 1083 5622 Futurum
1111 5569 1275 5634 itaque
1298 5576 1369 5618 est
1397 5576 1448 5619 ut
1471 5581 1584 5618 cum
1607 5575 1652 5617 te
1678 5565 1820 5617 vide-

228 5641 335 5724 s/int
367 5666 623 5738 .Egyptii,
659 5665 826 5718 dicunt
855 5678 874 5714 :
904 5659 1012 5712 Ista
1051 5669 1123 5712 est
1164 5674 1292 5716 uxor
1324 5658 1472 5728 ejus;
1507 5667 1554 5710 et
1593 5657 1821 5710 occident

234 5775 336 5822 me,
364 5767 411 5810 te
435 5767 602 5809 autem
622 5753 904 5808 servabunt.
934 5750 1020 5804 13.
1054 5748 1148 5800 Dic
1170 5748 1342 5816 igitur,
1367 5746 1529 5800 Soror
1552 5747 1663 5814 ejus
1686 5763 1816 5811 sum,

235 5858 293 5903 ut
323 5848 444 5900 mihi
468 5855 675 5918 propter
708 5853 755 5897 te
781 5843 900 5896 bene
925 5841 1006 5904 sit,
1031 5848 1076 5893 et
1113 5838 1235 5890 uiset
1275 5838 1441 5889 animo
1484 5853 1594 5889 mea
1621 5847 1824 5908 propter

1261 454 1325 510 IN
1363 452 1515 510 CAP.
1561 449 1678 510 XII.
1717 448 1959 511 GENES.
2002 452 2228 510 HOMIL.
2273 451 2486 512 XXXII.

3403 459 3510 520 908

1925 575 1994 621 te.
2023 565 2210 621 Vidisti
2236 584 2299 624 ex
2332 569 2532 632 verbis,
2576 571 2628 622 in
2656 579 2854 638 quanto
2883 584 3081 640 angore
3114 579 3168 624 et
3211 583 3351 626 metu
3379 589 3511 631 con-

1922 659 2136 728 stitutus
2178 658 2335 713 fuerit
2371 658 2587 728 justus:
2619 676 2794 731 neque
2835 671 3008 718 tamen
3057 664 3368 720 turbabatur
3392 669 3511 722 ani-

1925 762 2014 801 mo
2036 739 2060 812 ,’
2082 763 2253 818 neque
2278 750 2514 818 cogitans
2545 751 2680 804 intra
2709 765 2789 817 se,
2819 752 3026 807 dicebat
3056 771 3069 806 :
3098 755 3232 820 Quid
3263 755 3363 810 hoc
3386 758 3514 811 est?

1927 854 2051 894 num
2087 840 2320 895 derelicti
2363 841 2590 896 sumus?
2611 858 2737 896 num
2763 844 2970 914 decepti
3010 849 3236 901 sumus?
3261 865 3384 902 num
3416 866 3514 902 nus

1930 929 2255 996 providentia
2283 946 2375 983 sua
2400 931 2638 985 destituit
2665 933 2954 987 Dominus?
2979 952 3102 989 num
3132 938 3218 991 ille
3244 940 3332 1007 qui
3357 938 3512 994 tlixit:

1925 1015 2265 1086 Magniﬁcabo
2305 1029 2378 1082 te,
2415 1029 2460 1073 et
2484 1022 2662 1074 semini
2693 1032 2777 1075 tuo
2820 1023 2950 1077 dabo
2994 1035 3178 1079 terram
3218 1030 3388 1082 hanc:
3417 1045 3514 1083 nos

1923 1107 1993 1160 ita
2017 1108 2268 1178 relinquit
2291 1125 2430 1164 nunc
2458 1121 2514 1165 ut
2539 1112 2604 1165 de
2625 1115 2878 1168 extremis
2903 1116 3206 1184 timeamus,
3239 1129 3293 1173 ct
3321 1120 3372 1173 in
3400 1137 3516 1174 tna~

1922 1196 2169 1252 nifestum
2220 1197 2512 1256 incidamus
2559 1205 2890 1270 periculum?
2931 1207 3069 1260 Nihil
3113 1208 3299 1264 horum
3341 1213 3422 1266 vel
3460 1215 3511 1267 itt

1922 1299 2154 1343 mentem
2196 1290 2580 1345 admittendum
2611 1296 2934 1350 existimavit
2969 1298 3142 1365 justus
3169 1342 3183 1362 ,
3215 1301 3306 1354 sed
3348 1318 3510 1356 tuntnt

1921 1378 2024 1434 hoc
2064 1383 2313 1446 curabat,
2345 1385 2612 1452 quomodo
2655 1397 2768 1440 arte
2808 1389 2979 1458 aliqua
3010 1395 3301 1460 excogitata
3337 1406 3514 1462 ImSSt‘l

1919 1470 2074 1525 famis
2095 1472 2388 1526 remedium
2428 1489 2490 1528 ae
2514 1477 2931 1533 consolationem
2965 1482 3222 1548 invenire,
3257 1495 3309 1537 et
3338 1485 3509 1557 IEgy-

1920 1560 2150 1629 ptiorum
2183 1578 2371 1616 manus
2400 1565 2652 1636 effugere.
2684 1568 2807 1622 Scio
2827 1612 2842 1635 ,
2878 1571 3079 1640 inquit,
3110 1577 3246 1644 quod
3289 1577 3512 1644 formosa

1919 1649 2099 1703 mulier
2125 1653 2214 1706 sis.
2244 1652 2376 1708 Vide
2400 1667 2596 1724 quanta
2627 1659 2864 1712 mulieris
2885 1671 3000 1715 erat
3027 1662 3362 1718 formositas:
3387 1684 3508 1722 nam

1919 1750 2116 1796 etcum
2144 1744 2194 1797 in
2225 1756 2493 1800 senectam
2517 1748 2625 1816 jam
2657 1762 2930 1820 vergeret,
2963 1763 3017 1808 et
3052 1766 3171 1823 post
3214 1766 3292 1810 tot
3337 1775 3508 1813 anno-

1919 1845 2035 1883 rum
2067 1849 2341 1888 numerum
2365 1877 2379 1901 ,
2408 1837 2581 1892 adhuc
2602 1841 2681 1892 vis
2705 1841 3111 1908 pulchritudinis
3134 1847 3184 1899 in
3212 1846 3347 1902 facie
3377 1850 3513 1904 emi-

1919 1922 2092 1988 cabat,
2121 1926 2278 1979 etiam
2307 1938 2424 1996 post
2456 1939 2532 1983 tot
2563 1931 2769 1986 labores
2798 1944 2851 1987 et
2874 1950 3162 2002 aarumnas,
3182 1955 3314 2008 quas
3341 1942 3391 1996 in
3426 1943 3511 1997 via

1919 2011 1986 2066 de
2020 2015 2149 2069 locis
2185 2017 2237 2071 in
2268 2018 2380 2072 loca
2421 2023 2744 2078 transeundo
2775 2037 2993 2095 experta
3019 2038 3140 2095 est,
3172 2046 3200 2083 a
3229 2032 3514 2089 Chaldmo—

1921 2118 2040 2158 rnm
2071 2122 2262 2178 nempe
2290 2112 2504 2180 regione
2532 2114 2582 2166 in
2609 2115 2868 2182 Charran,
2887 2127 2941 2172 et
2966 2133 2994 2171 a
3025 2119 3265 2176 Charran
3299 2124 3349 2176 in
3375 2123 3515 2178 Cha-

1922 2208 2077 2260 naan,
2107 2208 2160 2250 et
2189 2214 2374 2253 rursus
2396 2201 2446 2253 in
2472 2200 2769 2258 Chanamea
2800 2206 2904 2262 huc
2927 2217 3086 2278 atque
3114 2211 3259 2278 illuc,
3288 2222 3343 2268 et
3372 2230 3516 2270 nunc

1921 2282 2111 2340 iterum
2143 2287 2196 2340 in
2223 2287 2535 2361 Egyptum.
2568 2293 2734 2360 Quem
2763 2311 2868 2350 non
2904 2297 3117 2353 fortium
3149 2303 3384 2358 virorum
3419 2305 3514 2359 de-

1919 2373 2198 2445 fatigarent
2222 2387 2298 2433 tot
2317 2383 2582 2436 continuae
2610 2387 3063 2455 peregrinationes
3087 2391 3114 2442 Υ
3141 2390 3335 2446 Verum
3362 2409 3513 2464 egre-

1920 2463 2002 2533 gia
2045 2464 2158 2520 lucc
2198 2470 2388 2523 mulier
2425 2472 2584 2526 etiam
2629 2486 2750 2543 post
2793 2486 2870 2531 tot
2905 2481 3201 2536 exantlatas
3249 2499 3516 2541 aerumnas

1921 2554 2183 2610 luculenta
2223 2558 2395 2615 adhuc
2429 2572 2543 2616 erat
2573 2562 2725 2630 facie,
2752 2567 2893 2622 unde
2919 2578 2973 2623 et
3002 2571 3370 2628 vehementem
3401 2574 3514 2629 for—

1920 2645 2174 2700 midinem
2215 2648 2468 2706 afferebat
2500 2653 2648 2723 justo
2677 2673 2690 2709 :
2728 2655 2848 2712 ideo
2871 2668 2926 2714 et
2952 2659 3162 2717 dicebat
3191 2681 3205 2718 :
3235 2665 3357 2719 Scio
3379 2667 3514 2732 quod

1921 2736 2100 2789 mulier
2123 2741 2349 2806 formosa
2377 2743 2448 2795 sis
2477 2759 2496 2796 :
2522 2748 2753 2814 futurum
2778 2749 2946 2818 itaque
2970 2761 3042 2806 est
3067 2762 3119 2805 ut
3144 2771 3259 2808 cum
3286 2766 3335 2810 te
3375 2760 3513 2812 vide-

1919 2827 2019 2880 rint
2066 2826 2307 2899 .Egyptii
2324 2872 2340 2898 ,
2369 2833 2541 2887 dicunt
2562 2850 2582 2888 :
2609 2835 2720 2889 Ista
2750 2849 2823 2893 est
2859 2857 2988 2894 uxor
3027 2844 3139 2913 ejus
3164 2860 3184 2908 ,'
3212 2854 3260 2900 et
3283 2848 3511 2903 occident

1919 2935 2016 2982 me,
2049 2929 2097 2972 te
2121 2931 2289 2974 autem
2313 2927 2596 2980 servabunt.
2639 2928 2955 3000 Considera,
2986 2947 3244 3005 quantum
3276 2942 3514 2996 conlide-

1923 3008 2010 3062 bat
2037 3011 2274 3068 moribus
2300 3015 2558 3081 mulieris,
2585 3034 2693 3073 non
2716 3031 2958 3078 metuens
2978 3041 3046 3080 ne
3069 3028 3316 3085 laudibus
3341 3035 3510 3088 emol-

1919 3100 2105 3155 liretur
2124 3144 2137 3164 ,
2167 3106 2291 3173 quin
2314 3117 2369 3160 et
2397 3110 2500 3162 tale
2527 3110 2728 3168 inducit
2753 3117 3060 3186 consilium,
3086 3119 3271 3178 dicens
3303 3141 3316 3177 :
3349 3124 3414 3182 Ut
3443 3143 3512 3182 ne

1919 3205 2004 3245 me
2034 3193 2246 3262 quidem
2277 3197 2553 3263 occidant,
2587 3210 2638 3256 te
2675 3213 2854 3260 autem
2903 3221 3122 3266 servent
3155 3230 3168 3265 :
3203 3212 3295 3267 Dic
3323 3216 3510 3286 igitur.

1918 3282 2081 3337 Soror
2107 3286 2216 3355 ejus
2239 3304 2351 3340 sum
2374 3330 2389 3353 ,
2416 3300 2470 3342 ut
2498 3293 2623 3345 mihi
2650 3294 2773 3348 bene
2807 3298 2909 3362 sit,
2932 3309 2980 3352 et
3015 3301 3140 3355 siuet
3181 3282 3359 3358 anima
3398 3324 3511 3362 mea

1918 3386 2122 3446 propter
2147 3388 2212 3431 te.
2229 3381 2490 3446 Quoniam
2521 3399 2628 3438 non
2657 3387 2871 3455 vulgare
2893 3400 3009 3444 erat
3027 3392 3167 3461 quod
3191 3393 3504 3463 imperabat,

1919 3479 2200 3539 propterea
2247 3473 2422 3527 verbis
2459 3491 2576 3543 quas
2617 3478 2885 3544 subdidit,
2916 3481 3131 3540 allicere
3171 3501 3287 3540 eam
3335 3498 3391 3542 et
3437 3489 3506 3543 ad

1917 3559 2334 3616 misericordiam
2379 3563 2619 3625 ﬂectere.
2650 3571 3077 3641 persuadereque
3101 3575 3150 3628 ei
3177 3576 3420 3642 volebat,
3448 3588 3508 3634 ut

1917 3660 2160 3720 prompte
2204 3652 2256 3705 in
2290 3653 2387 3707 hac
2423 3654 2597 3710 fabula
2625 3670 2803 3725 partes
2845 3676 2974 3716 suas
3017 3675 3216 3734 ageret.
3253 3665 3508 3724 Futurum

1916 3748 1987 3793 est
2015 3741 2182 3808 itaque
2204 3754 2259 3796 ut
2284 3759 2398 3796 eum
2423 3755 2470 3798 te
2503 3747 2717 3802 uiderint
2751 3749 2990 3821 .Egyptii
3009 3793 3024 3817 ,
3053 3755 3227 3809 dicunt
3255 3773 3274 3811 :
3301 3757 3409 3812 Ista
3435 3771 3508 3814 est

1915 3849 2047 3886 uxor
2077 3836 2227 3902 ejus;
2274 3845 2321 3889 et
2364 3839 2590 3892 occident
2633 3856 2744 3903 me,
2779 3851 2826 3895 te
2865 3853 3031 3898 autem
3071 3847 3356 3904 servabunt.
3388 3850 3504 3905 Non

1915 3923 2070 3990 dixit,
2112 3924 2458 3982 Contumeliis
2497 3937 2548 3984 te
2584 3930 2864 3989 afficieut:
2907 3949 3014 3990 non
3055 3937 3164 3992 vult
3197 3940 3340 3994 enim
3384 3958 3503 3998 eam

1917 4031 2061 4070 nunc
2086 4018 2262 4071 verbis
2293 4029 2529 4086 terrere,
2571 4023 2837 4092 praecipue
2859 4039 2987 4080 vero
3027 4030 3298 4084 metuebat
3340 4045 3502 4101 super

1919 4106 2013 4160 Dei
2063 4108 2434 4176 promissione.
2482 4110 2768 4178 Propterea
2817 4113 2945 4168 dicit
2974 4133 2987 4170 :
3020 4115 3090 4169 Te
3123 4129 3289 4173 autem
3323 4137 3501 4176 serva-

1919 4199 2039 4251 bunt
2069 4217 2086 4252 :
2116 4200 2195 4252 die
2227 4201 2401 4270 igitur,
2425 4201 2588 4255 Soror
2613 4205 2721 4273 ejus
2743 4221 2872 4260 sum.
2901 4204 3083 4278 Cogita
3107 4249 3121 4272 ,
3143 4225 3326 4279 quaeso
3349 4251 3364 4277 ,
3395 4229 3502 4282 quo

1917 4297 2079 4351 fuisse
2101 4305 2209 4350 tum
2238 4298 2288 4352 in
2329 4309 2470 4352 statu
2510 4299 2642 4366 juSti
2671 4310 2902 4355 mentem
2929 4303 3217 4358 verisimile
3245 4306 3347 4371 sit,
3375 4321 3501 4364 cum

1918 4388 2015 4442 ista
2043 4388 2193 4442 uxori
2221 4391 2544 4445 consuleret.
2572 4391 2730 4447 Scitis
2750 4394 2890 4447 enim
2913 4435 2927 4458 ,
2959 4395 3107 4450 scitis
3131 4395 3263 4450 nihil
3288 4401 3505 4468 gravius

1918 4479 2122 4532 maritis
2150 4494 2304 4544 esse,
2333 4496 2490 4549 quam
2525 4491 2584 4535 ιιι
2609 4483 2693 4537 vel
2737 4485 2788 4536 in
2832 4484 3092 4553 ejusmodi
3144 4489 3503 4558 suspicionem

1919 4583 2054 4623 uxor
2084 4571 2282 4625 veniat.
2313 4569 2689 4627 Verumtamen
2725 4574 2813 4629 hic
2847 4577 3024 4642 justus
3061 4587 3116 4631 et
3152 4580 3427 4634 contendit
3451 4592 3508 4636 et

1918 4677 2130 4716 omnem
2169 4663 2396 4732 lapidem
2445 4674 2658 4730 movet,
2689 4674 2748 4720 ut
2791 4667 3107 4723 adulterium
3143 4686 3308 4740 opere
3355 4688 3507 4728 com-

1920 4753 2147 4820 pleatur.
2171 4753 2288 4807 Noli
2312 4763 2486 4808 tamen
2506 4755 2707 4823 justum
2731 4757 2872 4812 hunc
2899 4769 3098 4815 temere
3119 4763 3500 4832 condemnare,

1919 4843 2260 4897 dilectissime
2285 4885 2300 4906 ,
2331 4844 2425 4898 sed
2449 4860 2513 4899 ex
2546 4846 2647 4900 hoc
2678 4849 2852 4916 potius
2881 4851 3100 4904 multam
3128 4849 3245 4920 ejus
3274 4854 3506 4924 pruden-

1920 4932 2046 4985 tiam
2075 4947 2137 4986 ac
2167 4933 2526 4988 fortitudinem
2551 4949 2850 5004 cognosce;
2875 4938 3238 4997 fortitudinem
3264 4944 3503 5012 quidem,

1919 5021 2061 5089 quod
2107 5022 2174 5074 ita
2218 5037 2478 5091 generose
2523 5026 2754 5079 motibus
2795 5028 3174 5097 cogitationum
3205 5033 3506 5098 restiterit,

1923 5125 2120 5180 eosque
2148 5113 2434 5179 superarit,
2464 5122 2518 5167 ut
2547 5115 2706 5168 etiam
2743 5117 2836 5170 ista
2864 5119 3187 5174 consuleret.
3223 5121 3332 5176 [lac
3358 5125 3504 5178 enim

1925 5215 1982 5254 re
2019 5199 2147 5254 nihil
2199 5215 2318 5255 esse
2362 5202 2743 5258 intolerabilius
2787 5207 2907 5260 audi
2955 5224 3017 5262 ex
3063 5209 3384 5276 Salomone.
3415 5215 3506 5284 qui

1923 5290 2096 5344 dicit:
2136 5289 2324 5344 Plenus
2371 5294 2503 5346 enim
2551 5295 2645 5347 zeli
2672 5299 2817 5365 furor
2859 5297 2952 5350 uiri
2995 5299 3138 5366 eius;
3185 5318 3287 5356 non
3335 5315 3508 5372 parcet

1925 5381 1978 5434 in
2014 5381 2093 5433 die
2139 5381 2328 5450 judicii
2347 5424 2362 5444 ,
2395 5399 2550 5452 neque
2588 5387 2910 5439 commutabit
2939 5389 3110 5443 odium
3149 5393 3321 5446 multis
3360 5393 3510 5449 donis

1925 5473 1943 5540 (
1968 5471 2120 5525 Prov.
2150 5474 2202 5526 6.
2235 5474 2324 5526 ⁸54.
2349 5472 2440 5545 55)
2473 5492 2484 5526 :
2514 5483 2803 5554 etrursus,
2833 5478 3005 5536 Durus
3030 5492 3084 5536 ut
3109 5483 3340 5554 infernus
3370 5489 3510 5543 zelus

1928 5561 2098 5634 (Cant.
2127 5563 2181 5617 8.
2211 5561 2287 5631 6).
2583 5552 2588 5554 ⁷

1995 5656 2050 5710 5.
2079 5653 2357 5725 Zelotypite
2397 5655 2595 5709 insania
2622 5671 2830 5727 quanta.
2855 5691 2920 5701 —
2939 5663 3132 5718 Multos
3158 5673 3334 5720 autem
3363 5668 3511 5722 vide-

1931 5760 2050 5799 mus
2071 5746 2122 5798 in
2149 5753 2346 5798 tantam
2377 5745 2634 5800 insaniam
2664 5751 2970 5818 prorupisse
2989 5793 3004 5818 ,
3033 5761 3091 5807 ut
3133 5769 3231 5809 nec
3256 5759 3510 5813 uxoribus

1931 5838 2058 5908 ipsis
2081 5845 2381 5907 parcerent,
2409 5837 2502 5891 sed
2542 5848 2592 5893 et
2615 5838 2912 5896 adulterum
2943 5843 3114 5914 ipsum
3142 5859 3514 5916 sepenuotero
