4080 6478
671 468 771 523 299

670 594 721 636 ct
748 579 1058 644 semetipsos
1084 577 1462 629 interimeran
1493 571 1656 644 Tanta
1687 571 1760 623 rei
1794 570 1947 638 lutjus
1975 581 2055 622 est
2086 571 2225 621 insa—

671 674 752 723 nia
774 711 787 728 .
819 678 922 721 tam
957 669 1218 733 impotens
1239 671 1293 728 et
1319 661 1568 715 indomita
1597 669 1680 713 est
1704 659 1980 731 zelotypia,
2011 667 2068 711 ut
2108 672 2227 709 eum

669 762 756 827 qui
788 758 949 811 semel
979 756 1074 808 hac
1096 753 1400 822 :egritndine
1424 759 1700 818 correptus
1725 750 1811 806 sit.
1839 749 2033 801 efliciat
2071 749 2227 799 etiam

670 848 930 915 propriam
958 847 1179 898 salutem
1210 853 1568 895 contemnere.
1603 842 1677 892 Ac
1705 837 2064 891 fortitudinem
2108 839 2225 905 qui-

666 943 786 994 dent
822 941 949 1008 justi
997 940 1118 992 licet
1165 937 1286 991 inde
1328 950 1647 1004 cognoscere
1674 952 1687 987 :
1719 935 2046 1003 prudentiam
2099 947 2228 986 vero

668 1047 771 1082 non
800 1029 1118 1083 mediocrem
1146 1045 1205 1080 ex
1236 1044 1321 1090 eo,
1351 1027 1489 1095 quod
1535 1027 1588 1078 in
1637 1036 1807 1079 tantas
1853 1025 2094 1078 redactus
2135 1039 2226 1074 an-

664 1122 862 1187 gustias
900 1131 951 1172 et
985 1128 1247 1186 tamquam
1279 1117 1475 1184 laqueis
1503 1116 1757 1177 irretitus,
1787 1116 1923 1168 hanc
1967 1116 2101 1168 viam
2130 1129 2223 1181 po.

667 1210 822 1260 tut-rit
849 1208 1173 1268 adinvenire,
1203 1221 1304 1272 qua
1337 1206 1528 1257 malum
1564 1205 1977 1258 imminueretur.
2005 1200 2135 1256 Nam
2181 1202 2224 1254 si

663 1299 873 1364 quidem
897 1297 1112 1349 dixisset
1143 1310 1357 1348 uxorem
1379 1309 1436 1348 se
1465 1295 1603 1346 illius
1628 1309 1766 1358 esse,
1790 1307 1957 1362 neque
2002 1292 2224 1345 fabulam

667 1392 804 1442 illum
832 1390 1042 1457 egisset,
1070 1403 1131 1439 ac
1156 1388 1355 1440 sororis
1402 1402 1592 1438 nomen
1637 1393 1941 1452 usurpasset
1966 1401 1978 1436 :
2007 1393 2061 1437 et
2114 1383 2223 1450 ipsa

659 1484 799 1549 justo
826 1491 1007 1547 erepta
1027 1488 1187 1541 esset,
1213 1493 1331 1531 cum
1358 1477 1472 1545 ejus
1499 1477 1678 1529 forma:
1711 1474 2041 1544 pulchritudo
2069 1473 2224 1526 lasei-

663 1588 785 1625 vum
811 1567 1182 1639 Egyptiorum
1207 1565 1439 1621 animum
1482 1567 1804 1634 peilexisset,
1833 1577 1883 1619 et
1921 1565 2226 1618 interfectus

659 1662 830 1728 justus
859 1660 1061 1723 fuisset,
1113 1669 1166 1713 ιιι
1209 1659 1424 1714 sceleris
1459 1665 1730 1711 accusator
1755 1671 1785 1710 e
1810 1655 1982 1710 medio
2011 1656 2221 1707 tollere-

663 1760 766 1804 tur.
793 1750 1010 1816 Quando
1041 1750 1192 1818 igitur
1222 1750 1302 1800 ba:
1344 1746 1460 1799 dua:
1482 1747 1714 1800 molesta!
1751 1759 1836 1800 res
1862 1744 2079 1798 omnino
2106 1759 2226 1812 pro-

661 1853 778 1910 pter
807 1842 1074 1894 hominum
1106 1839 1314 1892 illorum
1358 1838 1813 1906 intemperantiam
1869 1840 2112 1904 regisque
2143 1845 2224 1904 ty-

661 1930 931 1985 rannidem
957 1937 1223 1984 eventura
1245 1936 1419 1990 erant,
1447 1935 1502 1980 ut
1547 1927 1598 1978 in
1628 1926 1785 1982 tantis
1827 1922 2224 1979 difllcultatibus

657 2021 903 2089 exiguum
941 2018 1154 2086 aliquod
1195 2017 1441 2071 solatium
1485 2015 1715 2069 nancisci
1769 2023 1985 2084 possent
2037 2031 2051 2068 :
2103 2012 2218 2076 Dic,

660 2111 848 2179 inquit,
879 2110 1040 2164 Soror
1070 2107 1362 2178 ejus'sttm;
1391 2107 1490 2160 hoc
1510 2107 1650 2158 enim
1693 2104 1918 2160 fortasse
1947 2120 2032 2160 me
2066 2122 2095 2159 a
2128 2120 2224 2174 pe-

661 2201 839 2252 riculis
864 2199 1121 2254 liberabit.
1143 2196 1272 2252 Nam
1297 2198 1435 2266 quod
1460 2195 1526 2249 ad
1553 2206 1604 2248 te
1631 2195 1842 2264 quidem
1872 2197 2077 2256 attinet.
2107 2194 2224 2249 slve

657 2303 894 2344 sororem
923 2287 1140 2356 teipsam
1163 2287 1382 2351 dixeris,
1410 2287 1523 2340 sive
1558 2285 1855 2353 conjngem,
1883 2289 2038 2340 nemo
2065 2300 2221 2354 nega-

659 2381 731 2434 bit
758 2380 1120 2447 quiuontninu
1147 2377 1377 2432 futurum
1403 2376 1491 2437 sit.
1523 2384 1581 2428 ut
1624 2384 1673 2430 te
1721 2383 1938 2443 propter
1978 2375 2223 2444 corporis

656 2471 1098 2542 pulchritudinem
1151 2467 1432 2522 confestim
1469 2466 1730 2536 eripiant;
1769 2481 1854 2520 me
1876 2480 2003 2520 vero
2027 2469 2220 2535 proba-

659 2563 762 2616 bile
786 2571 866 2616 cst
895 2560 1112 2613 insidias
1147 2572 1448 2622 evasurum,
1483 2558 1526 2610 si
1557 2572 1750 2610 nomen
1771 2557 1968 2611 sororis
1994 2573 2220 2624 usurpa-

659 2653 818 2705 veris.
853 2651 1010 2704 Vides
1035 2649 1363 2718 prudentiam
1387 2649 1545 2715 justi;
1575 2663 1680 2718 quo
1708 2657 1859 2717 pacto
1900 2648 2221 2717 interceptus

663 2747 802 2795 viam
849 2741 1076 2809 potuerit
1119 2741 1387 2801 invenire.
1437 2753 1502 2792 ac
1547 2738 1758 2793 modum
1809 2739 2214 2808 excogitaverit,

654 2850 765 2903 quo
808 2831 1170 2904 Egyptiornm
1483 2839 1658 2899 posset
1700 2830 1971 2885 evadere?
2020 2831 2220 2884 Rursus

654 2925 753 2980 ltoc
783 2926 899 2980 loco
929 2925 1054 2977 mibi
1085 2922 1387 2991 patientiam
1436 2935 1649 2990 quoque
1681 2921 1806 2990 justi
1840 2922 2125 2990 perpende,
2157 2937 2218 2975 ac

652 3014 887 3068 mulieris
913 3013 1226 3082 probitatem
1256 3028 1269 3062 :
1295 3011 1421 3080 justi
1467 3011 1702 3080 quidem,
1754 3013 1892 3079 quod
1933 3026 2036 3064 non
2085 3012 2218 3065 indi-

651 3114 838 3172 gnatus
866 3104 935 3156 sit
962 3117 1130 3170 neque
1157 3101 1351 3155 dixerit
1375 3119 1389 3154 :
1411 3099 1519 3155 Cur
1555 3110 1729 3154 autem
1767 3099 1900 3153 hanc
1944 3101 2214 3154 mulierem

652 3209 859 3246 mecum
875 3194 1030 3255 duco,
1057 3191 1209 3260 cujus
1234 3191 1400 3259 gratia
1429 3198 1569 3242 tanta
1593 3191 1644 3242 itt
1671 3204 1754 3243 me
1777 3201 2055 3257 tempestas
2075 3192 2217 3243 exci-

652 3284 832 3334 tatur?
860 3281 982 3350 quid
1013 3283 1153 3333 enim
1179 3279 1294 3349 ejus
1333 3280 1459 3334 mihi
1489 3279 1703 3347 prodest
1723 3281 2067 3341 consuetudo,
2098 3296 2214 3334 cunt

649 3376 763 3441 ejus
788 3388 944 3426 causa
988 3373 1038 3426 in
1081 3385 1345 3426 summum
1388 3373 1576 3439 capitis
1622 3371 1908 3425 discrimen
1945 3373 2216 3426 adducar?

649 3466 772 3532 quid
805 3466 928 3518 mihi
953 3464 1177 3532 prolicit,
1205 3479 1324 3518 cum
1353 3478 1457 3516 non
1501 3461 1659 3516 modo
1700 3463 1842 3515 nullo
1901 3479 1983 3516 me
2026 3465 2214 3516 solatio

645 3556 812 3621 jttvet.
843 3554 936 3608 sed
964 3557 1122 3608 etiam
1148 3568 1239 3607 sua
1279 3551 1666 3621 pulchritudine
1693 3554 1874 3606 mortis
1920 3553 2044 3606 mihi
2078 3555 2214 3621 peri-

646 3645 823 3697 enimn
868 3644 1052 3697 creet?
1079 3643 1214 3696 Nihil
1247 3641 1433 3695 borum
1483 3642 1614 3694 dixit
1659 3651 1748 3704 aut
1803 3642 2067 3711 cogitavit,
2117 3643 2211 3696 sed

651 3735 792 3786 omni
821 3734 1079 3801 ejusmodi
1118 3733 1312 3802 rejecta
1358 3733 1676 3802 cogitatione
1719 3732 1785 3787 de
1814 3734 1902 3785 Dei
1953 3735 2212 3802 promisso

649 3825 866 3878 minime
889 3824 1176 3887 dubitavit;
1198 3824 1290 3877 sed
1313 3825 1365 3876 in
1388 3825 1434 3877 id
1463 3839 1619 3877 unum
1647 3825 1901 3890 incubuit,
1931 3836 1982 3880 tit
2025 3827 2211 3894 praevi-

649 3931 764 3967 sum
791 3913 1074 3967 discrimen
1095 3923 1273 3982 posset
1301 3915 1548 3968 evadere.
1584 3915 1677 3968 llic
1727 3916 1866 3969 enim
1895 3916 2210 3971 itit-ﬂabilem

649 4005 738 4057 Dei
770 4007 1069 4072 patientiam
1103 4003 1486 4070 animadverte,
1531 4005 1892 4066 dilectissime,
1924 4022 2027 4074 quo
2059 4017 2210 4075 pacto

646 4109 751 4147 non
798 4096 1008 4147 assistat
1047 4107 1218 4162 neque
1237 4093 1542 4148 consoletur
1564 4094 1785 4162 justum,
1829 4095 1920 4147 sed
1974 4098 2210 4164 ingrave-

644 4198 792 4237 scere
819 4183 951 4236 mala
982 4183 1121 4236 sinat
1143 4193 1196 4234 et
1219 4183 1416 4252 augeri,
1445 4192 1600 4252 atque
1649 4185 1698 4235 in
1734 4193 1995 4239 extremas
2041 4201 2208 4255 angn-

643 4272 773 4326 stias
821 4272 1007 4340 redigi,
1053 4282 1267 4342 tumque
1309 4287 1457 4326 suam
1514 4274 1893 4340 providentiam
1942 4275 2204 4329 ostendat.

641 4359 739 4414 Dic
762 4361 934 4429 igitur,
958 4360 1145 4430 inquit,
1174 4362 1335 4414 Soror
1381 4363 1488 4430 ejus
1538 4378 1648 4413 sum
1676 4377 1694 4412 :
1719 4373 1770 4412 ut
1817 4362 1938 4414 bene
1978 4365 2038 4414 sit
2083 4365 2206 4416 mihi

643 4462 845 4520 promer
889 4466 955 4512 te,
1004 4462 1050 4506 et
1098 4453 1220 4506 viret
1268 4453 1438 4506 animo
1473 4468 1581 4504 mea
1607 4463 1807 4520 propter
1825 4464 1889 4505 te.
1916 4453 2028 4507 Non
2057 4456 2203 4524 quasi

642 4541 892 4594 moritura
921 4550 1060 4595 esset
1086 4541 1247 4608 ipsius
1276 4541 1466 4603 anima,
1493 4540 1604 4594 hace
1629 4541 1760 4594 dixit
1787 4542 1954 4608 justus
1995 4545 2014 4610 (
2035 4541 2206 4596 Nolite

640 4634 780 4684 enim
802 4632 992 4697 ttinere,
1020 4632 1206 4700 inquit,
1237 4648 1319 4684 eos
1353 4632 1436 4699 qui
1465 4632 1699 4685 occidunt
1735 4649 1933 4701 corpus,
1984 4637 2202 4687 animam

639 4733 808 4773 autem
835 4738 934 4774 non
959 4729 1162 4789 possunt
1186 4720 1408 4774 occidere
1435 4719 1644 4794 [Matth.
1677 4721 1760 4774 l0.
1792 4721 1930 4789 εει),
1960 4726 2050 4775 sed
2073 4728 2199 4776 sim-

643 4810 846 4878 pliciter
867 4826 932 4864 ex
951 4810 1331 4864 consuetudine
1355 4810 1436 4862 bis
1457 4809 1630 4863 verbis
1652 4825 1866 4862 uxorem
1891 4810 2077 4865 affatus
2100 4822 2198 4866 est.

645 4899 713 4954 Ut
733 4903 850 4954 bene
876 4901 999 4952 mihi
1015 4900 1098 4963 sit,
1129 4901 1310 4969 inquit,
1339 4909 1538 4969 propter
1565 4910 1632 4964 te,
1665 4911 1714 4952 et
1739 4898 1858 4954 vivet
1897 4903 2066 4954 animo
2095 4919 2202 4956 mea

640 5002 841 5062 propter
882 5003 928 5044 te
959 5008 976 5045 :
1004 4993 1152 5060 quasi
1178 4992 1379 5045 diceret
1424 4992 1494 5046 illi
1526 5011 1539 5046 :
1566 4992 1680 5054 Die,
1728 4992 1887 5047 Soror
1912 4997 2019 5058 eius
2044 5012 2152 5048 sum
2181 5012 2200 5049 :

641 5099 707 5136 ne
732 5082 931 5137 efficias
957 5091 1033 5146 ut,
1059 5097 1178 5136 cum
1210 5090 1423 5150 proliter
1449 5082 1636 5136 famem
1677 5098 1707 5137 e
1731 5085 2024 5138 Cbananaea
2056 5087 2197 5156 fuge-

638 5174 758 5235 rim,
791 5173 1031 5224 manibus
1067 5186 1257 5225 enecer
1285 5172 1673 5241 Egyptiornm.
1708 5173 1826 5227 Fias
1872 5179 2044 5243 potius
2071 5179 2196 5232 tnilti

638 5263 820 5315 salutis
851 5276 1028 5322 causa.
1064 5260 1132 5315 Ut
1170 5264 1288 5314 bene
1319 5263 1382 5314 sit
1424 5261 1545 5313 mihi
1574 5274 1772 5329 prapter
1797 5273 1858 5316 te.
1888 5264 2194 5320 Miserabilia

635 5362 757 5404 sunt
787 5351 898 5406 ltzec
939 5353 1118 5416 verba,
1169 5353 1259 5405 sed
1282 5361 1335 5406 et
1385 5354 1578 5408 multus
1619 5365 1732 5406 erat
1776 5355 1931 5406 timor
1982 5371 2194 5425 pmpter

637 5441 889 5494 insaniam
925 5440 1318 5510 Egyptiacam,
1361 5449 1414 5494 et
1463 5442 1580 5508 quia
1628 5442 1856 5493 nondum
1883 5448 2063 5498 mortis
2083 5457 2196 5500 erat

634 5531 806 5583 soluta
828 5531 1088 5600 tyrannis;
1122 5542 1394 5599 propterea
1423 5531 1471 5580 in
1498 5531 1805 5585 adulterium
1848 5536 2021 5586 uxoris
2069 5549 2192 5587 eon-

633 5621 790 5671 sentit
830 5621 1020 5687 justus,
1052 5629 1106 5672 et
1149 5621 1293 5687 quasi
1347 5622 1508 5671 servit
1555 5620 1792 5672 adultero
1844 5623 1894 5674 itt
1945 5624 2182 5677 mulieris

632 5709 1025 5771 contumeliam,
1055 5719 1110 5762 ut
1153 5720 1374 5762 mortem
1425 5709 1652 5781 clTugiat.
1698 5712 1819 5764 lirat
1854 5715 1993 5766 enim
2023 5713 2193 5768 adhuc

633 5797 881 5850 terribilis
922 5799 1079 5854 ficics
1111 5800 1334 5863 mortis;
1381 5801 1609 5854 nondum
1662 5815 1809 5858 erant
1847 5821 1997 5860 tere-.2
2025 5818 2188 5876 pome

1437 461 1491 519 S.
1531 459 1801 515 JO.\i\.'\'iS
1837 457 2300 514 ClillYSOSTU)"
2345 458 2654 512 Aftllllll-Zl‘.
2697 459 3213 516 CONSTANTINOP.
3823 475 3912 526 ξω

2337 567 2619 621 ειιιιΐιτιιιει·
2674 586 2687 633 ;
2740 572 2969 627 tnmdum
3016 585 3129 627 erat
3179 577 3396 632 aculeus
3447 579 3560 648 ejus
3612 584 3778 635 hebet
3815 597 3907 636 tm.

2340 656 2525 711 Vidisti
2567 660 2832 713 vinculum
2878 664 3113 717 caritatis
3164 665 3258 720 viri
3306 677 3361 722 et
3409 669 3686 725 mulieris?
3741 679 3910 728 vidisti

2333 748 2505 802 virum
2528 789 2542 810 ,
2573 749 2746 814 qualia
2770 751 2973 806 mulieri
3001 768 3280 821 suggerere
3311 759 3378 810 sit
3417 774 3605 825 ausus,
3652 772 3710 816 et
3757 768 3906 830 quale

2332 839 2610 892 collsilium
2639 841 2900 908 cecinerit
2926 844 3155 897 mulier?
3184 845 3296 900 Non
3325 851 3498 902 renuit
3521 892 3535 910 ,
3565 867 3749 920 neque
3795 871 3914 923 gra-

2331 929 2493 978 vatim
2522 927 2666 983 fert:
2697 932 2786 982 sed
2817 934 2991 985 omnia
3038 935 3161 987 facit
3186 976 3200 996 ,
3229 938 3298 989 ita
3345 949 3400 990 ut
3454 941 3628 993 fabula
3671 953 3732 998 et
3777 945 3914 998 ﬁctio

2334 1016 2421 1070 illa
2465 1019 2638 1072 lateat.
2689 1021 2916 1074 Audiaut
2965 1024 3058 1074 viri
3109 1034 3161 1076 et
3210 1027 3458 1080 mulieres
3485 1070 3497 1088 .
3541 1039 3599 1083 et
3640 1033 3914 1087 imitentur

2335 1104 2521 1159 horum
2575 1112 2952 1174 cnticordiam,
3010 1115 3275 1167 vinculum
3331 1120 3597 1181 caritatis,
3657 1122 3912 1188 pietatem

2334 1198 2625 1268 insignem,
2674 1213 2724 1253 et
2763 1203 2907 1257 Sara:
2957 1208 3330 1260 continentiam
3381 1211 3740 1272 aemulentur;
3797 1229 3912 1280 qua:

2335 1288 2503 1340 vetula
2548 1288 2599 1341 in
2644 1299 2784 1342 tanta
2831 1302 3104 1346 venustate
3137 1311 3482 1363 permanens,
3522 1302 3772 1353 certabat
3798 1317 3912 1354 cum

2327 1379 2473 1446 justo
2505 1380 2782 1434 virtutibus
2813 1399 2825 1434 :
2857 1384 2974 1437 ideo
3003 1394 3055 1438 et
3090 1396 3286 1439 tantam
3337 1391 3452 1456 ejus
3493 1406 3678 1443 coram
3736 1391 3913 1446 habuit

2336 1469 2471 1521 Deus
2499 1511 2514 1532 ,
2545 1479 2852 1541 tantumque
2881 1487 3111 1541 superne
3141 1477 3211 1528 illi
3244 1478 3554 1531 retributum
3587 1492 3690 1532 est.
3730 1482 3912 1534 Nullus

2334 1558 2490 1625 igitur
2529 1569 2744 1613 accuset
2789 1562 3263 1630 pulchritudinem,
3318 1566 3491 1621 nullus
3539 1568 3656 1621 lucc
3713 1571 3911 1622 inutilia

2329 1650 2487 1701 verba
2512 1649 2694 1703 dicat:
2728 1650 2872 1706 llane
2915 1655 3145 1719 perdidit
3175 1656 3375 1719 forma;
3406 1656 3526 1710 huic
3573 1660 3912 1727 pulchr-stunc

2328 1754 2486 1792 causa
2535 1742 2630 1794 fuit
2669 1743 2925 1796 inti-ritus.
2965 1744 3076 1798 Non
3124 1747 3460 1815 pulchritudo
3501 1749 3551 1801 iu
3597 1758 3762 1803 causa
3785 1763 3907 1806 est:

2327 1829 2491 1890 absit;
2520 1843 2654 1898 opus
2681 1833 2822 1885 enim
2849 1832 2937 1886 Dei
2959 1845 3038 1886 est
3064 1846 3113 1887 et
3143 1836 3250 1904 ipsa
3277 1855 3288 1888 :
3315 1839 3406 1892 sed
3435 1854 3688 1906 pervena
3727 1853 3910 1894 voma-

2340 1925 2421 1971 tas
2452 1917 2707 1973 malorum
2742 1923 2977 1975 omnium
3005 1938 3161 1976 causa
3188 1936 3289 1979 est.
3326 1925 3512 1980 Vidisti
3538 1929 3908 1986 admirabilem

2340 2008 2475 2062 hanc
2501 2011 2771 2066 mulierem
2801 2015 3042 2082 utrinque
3069 2016 3412 2080 relucentrm,
3440 2031 3493 2072 et
3521 2020 3592 2072 ob
3619 2023 3910 2088 pulchritu-

2328 2097 2503 2152 dinem
2530 2101 2741 2167 animae,
2764 2113 2817 2155 et
2845 2105 2913 2156 ob
2941 2103 3324 2160 formositatem
3350 2109 3500 2162 faciei
3532 2113 3760 2178 uestigia
3783 2114 3906 2177 μικιὶ

2327 2197 2566 2260 proxime
2610 2197 2960 2264 sequentem?
2993 2195 3138 2250 Hanc
3182 2197 3453 2253 imitentur
3497 2203 3775 2254 mulieres.
3817 2205 3905 2255 lit-

2324 2285 2464 2338 enim
2495 2299 2592 2338 nec
2620 2287 2904 2338 venustatis
2932 2285 3118 2351 decor,
3150 2301 3246 2341 nec
3268 2288 3536 2352 sterilitas,
3569 2307 3669 2344 nec
3709 2301 3904 2346 tantum

2327 2384 2558 2444 tempus,
2589 2390 2683 2427 nec
2707 2374 3008 2428 facultatum
3049 2376 3389 2442 abundantia,
3415 2394 3588 2448 neque
3617 2392 3696 2434 tot
3723 2384 3906 2450 u-Fgra-

2327 2464 2518 2527 tiones,
2551 2480 2718 2533 neque
2759 2465 3225 2534 peregrinationes,
3266 2476 3322 2521 et
3361 2471 3629 2523 continua:
3672 2474 3904 2525 crebrai-

2323 2569 2426 2623 que
2474 2556 2824 2617 tentationes,
2872 2554 2952 2608 vel
3003 2556 3256 2625 quidquid
3310 2557 3448 2620 tale,
3499 2569 3738 2613 tuentem
3788 2564 3902 2628 ejus

2325 2659 2537 2697 tnovere
2568 2653 2886 2712 potuerunt:
2917 2646 3200 2699 immobilis
3235 2649 3374 2700 enim
3407 2650 3620 2701 mansit.
3652 2649 3808 2704 Unde
3837 2654 3904 2705 ob

2325 2735 2671 2803 patientiam,
2721 2735 2930 2803 dignam
2979 2739 3274 2790 mercedem
3329 2741 3661 2806 reportavit:
3702 2742 3756 2794 ln
3804 2757 3901 2796 ex-

2327 2833 2491 2878 trema
2517 2826 2657 2878 enim
2689 2836 2978 2889 senectute,
3002 2843 3063 2878 ex
3091 2829 3239 2880 vulva
3269 2830 3434 2882 sterili
3463 2841 3516 2883 et
3543 2840 3700 2884 utero
3725 2848 3902 2886 emor-

2326 2923 2414 2964 tuo
2437 2928 2622 2980 parere
2652 2915 2838 2982 potuit.
2873 2914 2938 2969 Ut
2965 2917 3105 2979 nubi,
3134 2916 3320 2985 inquit,
3350 2920 3470 2971 bene
3493 2921 3556 2971 sit
3582 2931 3792 2990 propter
3819 2936 3896 2987 te,

2323 3003 2512 3054 etaim
2555 3005 2721 3054 animo
2766 3019 2874 3056 mea
2919 3016 3123 3074 propter
3159 3017 3223 3058 te.
3274 3009 3432 3072 Quasi
3483 3010 3686 3063 diceret
3717 3028 3730 3062 :
3761 3012 3898 3067 Nihil

2320 3091 2459 3145 aliud
2488 3092 2722 3145 relictum
2755 3094 2879 3148 mihi
2925 3105 3005 3149 est
3052 3096 3116 3149 ad
3172 3098 3418 3161 salutem,
3447 3115 3603 3168 quam
3633 3113 3692 3155 ιιι
3716 3105 3896 3158 dicis:

2322 3181 2482 3234 Soror
2524 3183 2630 3253 ejus
2669 3200 2798 3235 sum.
2850 3185 3111 3240 Fortassis
3139 3188 3279 3242 enim
3320 3189 3566 3259 elfugiam
3603 3197 3896 3261 periculum

2321 3272 2460 3339 quod
2495 3274 2777 3326 tel'ormidu
2803 3313 2818 3338 ,
2845 3285 2897 3328 et
2921 3275 3136 3341 posthac
3163 3291 3378 3348 propter
3402 3290 3454 3335 te
3485 3285 3656 3336 \ivattt
3681 3327 3698 3349 ,
3728 3299 3778 3340 et
3804 3289 3895 3342 tibi

2319 3360 2457 3427 quod
2483 3362 2740 3429 reliquum
2765 3365 2882 3416 vita:
2906 3364 3059 3418 fuerit
3083 3377 3354 3436 at-ceptnm
3383 3370 3626 3426 referam.
3659 3375 3896 3431 Sufflcie

2321 3450 2445 3504 bant
2483 3453 2595 3506 lucc
2630 3455 2786 3508 verba
2817 3455 2882 3508 ad
2910 3458 3424 3515 commiserationent
3456 3466 3636 3517 uxoris
3670 3483 3894 3522 moven-

2317 3540 2437 3593 dam
2463 3583 2477 3603 ,
2521 3551 2571 3595 et
2617 3543 2682 3596 ad
2732 3546 3176 3612 petsuadendnm.

2387 3632 2439 3685 6.
2475 3631 2583 3685 lloc
2623 3649 2747 3688 vere
2774 3645 2853 3688 est
2879 3637 3175 3706 conjugium
3197 3679 3211 3701 ,
3253 3642 3466 3709 quando
3496 3660 3601 3697 non
3631 3648 3810 3702 solum
3844 3651 3892 3704 in

2317 3723 2686 3789 prOSperitate,
2711 3725 2801 3776 sed
2829 3736 2881 3778 et
2907 3725 2957 3778 in
2981 3728 3228 3795 periculis
3257 3731 3411 3783 simul
3443 3734 3718 3789 ambulant
3751 3761 3762 3791 :
3794 3741 3890 3793 huc

2313 3827 2580 3882 germana;
2606 3817 2838 3870 caritatis
2867 3817 3112 3871 indicium
3142 3831 3223 3874 est
3247 3837 3260 3881 ;
3287 3821 3386 3876 hoc
3419 3825 3570 3892 signo
3593 3833 3890 3884 (‘i‘ﬂlasilttc

2316 3902 2684 3956 internoscitur
2708 3905 2952 3959 amicitia.
2983 3906 3094 3960 Νοη
3120 3912 3196 3962 sic
3221 3909 3459 3964 diadema
3486 3917 3535 3966 in
3553 3919 3726 3984 t‘apite
3745 3923 3888 3988 posi-

2315 4000 2424 4045 tum
2452 4008 2627 4063 regem
2654 3995 2892 4059 illustrat,
2915 4007 3071 4064 atquc
3090 4001 3386 4055 ubedientia
3405 4005 3512 4062 illa.
3537 4022 3642 4073 qua
3663 4012 3889 4063 consilio

2310 4084 2434 4150 justi
2459 4086 2646 4151 paruit,
2675 4088 2805 4139 lianc
2827 4086 3029 4142 beatam
3055 4090 3298 4146 feminam
3325 4094 3582 4150 illustrem
3609 4111 3661 4150 et
3685 4103 3886 4158 clara

2313 4171 2708 4228 demonstravit.
2759 4177 2923 4240 Quem
2971 4178 3128 4246 igitur
3153 4197 3257 4235 non
3305 4185 3734 4253 obstupefaceret
3771 4195 3885 4248 hac

2314 4263 2532 4329 parendi
2563 4263 2816 4317 facilitas?
2863 4268 2980 4333 quis
3021 4269 3154 4323 banc
3196 4273 3322 4325 satis
3373 4275 3670 4331 laudaverit
3696 4322 3712 4343 ,
3743 4284 3884 4348 quod

2312 4364 2429 4419 post
2473 4363 2666 4406 tantum
2711 4356 3126 4420 continentiam.
3157 4369 3211 4414 et
3247 4362 3299 4414 lit
3341 4367 3426 4416 tali
3471 4379 3625 4421 :etate
3673 4371 3740 4424 ad
3785 4374 3884 4426 hoc

2311 4451 2366 4496 ut
2405 4444 2602 4511 justum
2631 4457 2834 4509 servet,
2869 4459 3121 4518 quantum
3148 4465 3211 4503 ex
3239 4452 3402 4520 ipsius
3441 4459 3710 4514 voluntate
3751 4478 3882 4529 pen-

2308 4530 2496 4595 debat,
2533 4535 2690 4592 etiatn
2739 4537 2996 4593 adulterio
3049 4553 3108 4594 se
3155 4547 3394 4609 exponit
3438 4553 3491 4598 et
3535 4546 3880 4606 barbaronun

2307 4627 2656 4692 congressui?
2703 4628 2805 4680 Sed
2847 4629 3110 4698 paulisper
3155 4645 3429 4701 exspecta.
3458 4647 3509 4690 et
3559 4640 3768 4695 videbis
3791 4659 3878 4698 sa-

2310 4718 2536 4782 pientem
2566 4721 2916 4787 solertemque
2945 4722 3032 4774 Det
3067 4724 3471 4789 providentiam.
3500 4727 3630 4781 Nam
3661 4743 3878 4799 pmpter

2308 4806 2407 4858 hoc
2441 4807 2574 4860 Deus
2601 4819 2794 4862 tantam
2823 4825 2927 4878 pra:
2957 4827 3014 4864 se
3044 4815 3158 4865 tulit
3185 4815 3486 4881 patientiam
3507 4858 3523 4883 ,
3551 4830 3602 4872 ct
3629 4825 3874 4890 opitulari

2305 4896 2503 4949 distulit
2522 4938 2537 4961 ,
2562 4907 2617 4950 ut
2639 4900 2835 4966 justum
2862 4901 3137 4955 clariorem
3169 4906 3365 4958 faceret
3384 4946 3398 4966 ,
3424 4917 3479 4960 et
3510 4924 3604 4976 per
3627 4927 3692 4965 ea
3717 4952 3733 4977 ,
3759 4930 3876 4985 qua

2306 4985 2409 5039 illic
2432 4998 2576 5055 gesta
2599 4997 2753 5053 sunt,
2781 5004 2884 5043 non
2919 4991 3088 5045 solum
3120 4992 3373 5064 Egyptii,
3405 5000 3496 5052 sed
3524 5011 3580 5054 et
3606 5002 3871 5061 l’nlaestini

2305 5078 2636 5131 erudirentur
2661 5120 2673 5141 ,
2702 5090 2945 5147 quantam
2972 5085 3389 5140 benevolentiam
3423 5088 3627 5144 Domini
3661 5098 3867 5150 univer-

2304 5181 2480 5220 StlrUll‘.
2511 5173 2840 5239 experiretur
2857 5175 3172 5241 patriarcha.
3205 5177 3288 5232 ιι.
3320 5177 3532 5234 Factum
3552 5195 3646 5244 est,
3681 5186 3868 5254 inquit,

2303 5265 2502 5327 quando
2517 5264 2715 5316 intrauit
2734 5265 2915 5318 Abram
2931 5267 2982 5318 in
3000 5265 3302 5337 Egyptent,
3327 5282 3382 5323 ιιι
3400 5273 3870 5348 ιήόιηιιικεπμιὶ

2303 5369 2527 5420 uxorem,
2557 5356 2692 5422 quod
2719 5367 2842 5409 esset
2861 5357 3005 5409 ualde
3025 5358 3234 5426 pulchra
3264 5377 3284 5414 :
3315 5363 3399 5418 15,
3425 5374 3472 5417 et
3495 5366 3729 5422 riderent
3760 5387 3870 5426 α-

2303 5445 2548 5512 principes
2575 5443 2880 5508 Pharaonis,
2908 5456 2954 5498 et
2979 5448 3307 5503 laudauerunt
3333 5469 3442 5506 eam
3467 5459 3604 5524 apud
3637 5457 3869 5513 Phano-

2301 5552 2430 5597 nem,
2479 5546 2524 5588 rt
2565 5536 2943 5590 introduxerunt
2969 5554 3078 5591 eam
3111 5541 3161 5593 in
3199 5541 3399 5596 domum
3437 5544 3746 5614 Pharaonis,
3779 5551 3862 5606 ιι.

2298 5635 2345 5677 ct
2391 5626 2574 5677 Abram
2604 5626 2723 5678 bene
2751 5629 2824 5679 usi
2857 5638 2974 5680 sunt.
3029 5640 3229 5696 propter
3269 5633 3431 5685 illum.
3475 5632 3540 5686 Et
3583 5643 3784 5705 tum
3821 5641 3864 5693 ei

2298 5730 2430 5774 om.
2453 5726 2500 5768 et
2526 5717 2684 5777 vituli,
2728 5727 2771 5770 et
2798 5719 2946 5782 asini,
2986 5729 3031 5771 et
3078 5721 3220 5782 servi,
3263 5732 3309 5776 et
3332 5726 3550 5790 ancilla,
3573 5737 3625 5781 et
3657 5731 3802 5794 ω,
3823 5739 3864 5783 α

2299 5808 2493 5858 cameli.
2527 5805 2655 5860 Vide
2677 5807 2939 5875 quomodo
2964 5825 3024 5863 ea
3051 5825 3168 5878 quae
3197 5813 3340 5881 prius
3364 5813 3537 5882 justus
3559 5821 3868 5892 snsp’caba-
