4056 6480
159 419 256 474 501

158 542 266 596 tnr,
301 549 358 588 re
384 536 496 606 ipsa
521 556 828 602 evenerunt.
856 549 986 608 Nam
1010 564 1065 609 ut
1107 557 1156 612 in
1187 559 1474 632 Egyptum
1497 565 1731 638 intravit,

158 619 229 677 Ut
270 626 502 684 viderunt
551 634 793 706 Egyptii
843 642 1121 715 mulierem,
1173 619 1311 716 quoii
1330 619 1737 723 'pulcbra

154 715 316 770 valde.
355 718 469 775 Non
498 723 810 794 simpliciter
839 731 1022 803 inquit,
1049 715 1294 805 pulchra,
1333 715 1426 798 sed
1461 748 1736 803 excellen—

155 813 258 870 ter,
287 808 357 864 ita
383 821 441 866 ut
466 829 674 884 omnes,
705 821 794 889 qui
815 839 934 879 eam
961 828 1227 895 videbant,
1273 834 1631 893 allicerentur.
1665 838 1733 895 Et

153 905 213 948 ut
243 899 468 956 videant
490 919 600 959 earn
621 908 872 980 principes
895 913 1203 985 PItaraonis,
1249 923 1578 981 laudauerunt
1622 946 1733 984 eam

151 1003 326 1045 coram
346 993 636 1055 Pharaone.
657 999 786 1071 Oro,
833 1006 1048 1075 dilecte,
1093 1026 1160 1068 ne
1207 1023 1408 1072 temere
1448 1027 1733 1087 praetereas

151 1082 294 1149 quod
321 1084 522 1142 dictum
541 1102 642 1156 est,
671 1094 763 1149 sed
790 1097 1052 1156 admirare
1076 1107 1343 1173 quomodo
1368 1082 1543 1166 nullus
1567 1111 1732 1184 Egy-

153 1173 386 1239 ptiorum
415 1180 622 1240 mulieii
648 1195 831 1254 utpote
867 1194 1182 1262 peregrinas,
1213 1209 1266 1250 et
1289 1214 1318 1251 a
1365 1209 1506 1256 terra
1557 1204 1728 1260 aliena

149 1262 458 1322 adventanti
489 1285 675 1327 manus
717 1275 975 1346 injecerit,
999 1297 1171 1352 neque
1199 1291 1616 1358 contempserint
1645 1295 1728 1349 vi-

151 1367 272 1406 rum
301 1373 316 1409 :
342 1357 436 1412 sed
465 1360 689 1431 ingressi
745 1368 853 1438 regi
888 1373 1062 1425 omnia
1102 1357 1427 1434 nuntiarint.
1463 1382 1728 1440 Cancrum

150 1441 254 1498 hoc
273 1444 471 1504 factum
499 1463 597 1518 est,
625 1463 680 1509 ut
719 1471 808 1512 res
837 1459 985 1517 fleret
1005 1465 1354 1536 manifestior,
1386 1481 1439 1526 et
1465 1474 1596 1529 ultio
1620 1492 1726 1531 non

149 1535 203 1588 in
236 1537 498 1604 privatum
523 1552 577 1596 ct
597 1545 859 1612 plebeium
887 1551 1138 1621 aliquem,
1170 1558 1261 1612 sed
1289 1535 1347 1614 in
1369 1576 1548 1629 regem
1574 1565 1726 1619 saevi-

148 1632 253 1689 ret,
283 1637 334 1679 ut
366 1629 560 1699 ubique
582 1632 944 1706 divulgaretur
973 1643 1071 1698 hoc
1099 1645 1315 1702 factum.
1347 1650 1412 1704 Et
1439 1653 1728 1711 introduxe-

144 1723 265 1766 runt
305 1733 416 1770 eam
461 1719 515 1772 in
556 1721 758 1777 domum
807 1727 1112 1788 Pharaonis.
1167 1735 1410 1796 Protinus
1454 1742 1523 1797 ab
1562 1760 1727 1803 uxore

143 1801 322 1869 justus
346 1808 643 1880 abducitur,
670 1824 726 1868 et
751 1817 864 1885 ipsa
894 1820 959 1874 ad
986 1822 1318 1883 Pharaonem
1352 1801 1722 1891 introducitur.

145 1891 438 1952 Considera
458 1911 649 1969 quanta
682 1905 774 1961 Dei
799 1913 1049 1982 patientia
1078 1915 1272 1985 fuerit;
1321 1924 1590 1990 quomodo
1618 1942 1723 1983 non

143 1981 214 2034 ab
236 1984 404 2053 initio,
436 2004 607 2060 neque
627 2008 656 2048 a
679 2001 948 2064 prommiis
971 2017 1120 2058 suam
1160 1981 1508 2068 declaraverit
1541 1981 1723 2085 provi;

145 2070 407 2142 dentiam,
430 2082 522 2136 sed
544 2088 841 2152 penniserit
865 2094 1040 2149 omnia
1068 2099 1202 2164 ﬁeri,
1231 2112 1282 2156 et
1295 2105 1444 2173 quasi
1461 2105 1515 2160 in
1542 2107 1724 2167 fauces

145 2161 331 2220 bestia!
375 2171 653 2229 mulierem
704 2178 978 2250 incidere;
1017 2195 1073 2241 et
1101 2161 1468 2249 tunc'tandem
1498 2200 1720 2255 manife-

141 2262 281 2309 stam
299 2259 544 2318 omnibus
572 2279 719 2320 suam
739 2271 984 2328 virtutem
1013 2274 1217 2333 fecerit.
1247 2281 1312 2336 Et
1336 2285 1721 2344 introduxerunt

139 2357 256 2396 eant
279 2345 330 2398 in
357 2347 561 2404 domum
589 2353 896 2414 Pharaonis.
930 2361 986 2417 ln
1005 2380 1115 2435 quo
1140 2378 1277 2424 statu
1306 2386 1400 2441 per
1425 2374 1554 2430 illud
1580 2386 1718 2431 tem-

139 2447 244 2501 pus
266 2447 379 2492 erat
405 2441 639 2498 mulieris
666 2450 851 2504 mens?
877 2457 1144 2522 quomodo
1172 2461 1375 2517 turbata
1402 2475 1517 2520 erat
1544 2468 1721 2523 ratio?

135 2527 408 2590 quomodo
416 2529 608 2588 ﬂuctus
617 2536 1254 2616 erigebanturtquomodo
1271 2555 1598 2626 naufragium
1613 2575 1716 2614 non

136 2612 285 2682 fecit,
304 2619 396 2674 sed
415 2626 608 2680 mansit
621 2631 768 2697 quasi
789 2612 1070 2693 immobilis
1083 2649 1226 2710 petra
1239 2645 1305 2700 ad
1316 2612 1582 2705 caelestem
1599 2612 1720 2723 grav-ﬁ

135 2706 266 2761 tiam
299 2725 510 2781 semper
537 2725 819 2787 spectans?
850 2728 984 2794 Quid
1005 2706 1180 2789 autem
1201 2736 1372 2794 dicam
1404 2706 1719 2800 mulierem?

134 2794 357 2862 Qualem
372 2806 609 2863 animum
639 2813 923 2872 verisimile
950 2831 1030 2873 est
1053 2821 1388 2895 fuissejusto,
1598 2794 1713 2889 '63.

132 2901 282 2941 mum
304 2889 591 2951 Pharaonis
608 2899 901 2960 introducta
915 2907 938 2960 ?
950 2907 1015 2962 Et
1031 2912 1143 2981 ipso
1159 2889 1574 2990 Aliram,rinquit,
1594 2924 1714 2978 bene

130 2977 215 3029 sisi
235 2990 349 3034 sunt
388 2995 592 3054 propter
613 2991 776 3057 illam,
817 2977 1083 3071 tamquam
1133 3004 1297 3064 fratre
1326 2977 1588 3070 videlicet.

131 3071 336 3137 [munt
359 3075 404 3126 ei
421 3091 555 3143 oves,
582 3089 630 3133 et
657 3084 819 3156 vitali,
845 3099 892 3142 et
927 3092 1078 3159 asini,
1124 3105 1172 3149 et
1203 3100 1351 3165 servi,
1397 3110 1445 3155 et
1488 3106 1710 3172 ancillis,

129 3167 179 3210 et
203 3161 402 3226 canali,
444 3177 492 3219 et
535 3171 678 3228 muli.
707 3173 831 3230 Hice
875 3189 1051 3235 autem
1107 3185 1219 3253 ipsa
1266 3161 1385 3258 qua:
1415 3191 1632 3250 honoris
1657 3207 1714 3252 et

131 3249 412 3307 ministerii
441 3259 608 3325 gratia
650 3263 770 3318 data
808 3279 929 3322 sunt
956 3272 1043 3338 ei,
1076 3249 1332 3344 quantum
1372 3298 1477 3337 non
1523 3301 1709 3357 rogum

130 3337 186 3391 in
216 3353 284 3392 eo
308 3346 740 3406 succenderunt?
775 3337 1044 3425 quomodo
1071 3337 1247 3420 autem
1273 3384 1379 3425 non
1404 3373 1519 3442 ejus
1545 3337 1707 3433 8:08-

128 3427 201 3481 sit
253 3441 487 3490 mentem
507 3475 524 3500 ,
557 3454 653 3495 nec
675 3442 1016 3504 inﬂammavit
1042 3427 1706 3523 cogitationemuonorum

129 3517 429 3588 hujusmodi
459 3539 875 3599 argumentum?
922 3517 1415 3616 Vidistivquomodo
1447 3517 1609 3626 prope
1622 3517 1702 3615 ᾖα]

1181 444 1246 503 ΙΝ
1279 449 1432 504 CAP.
1477 451 1591 510 XII.
1630 455 1875 517 GENES.
1919 464 2146 524 llOMlL.
2191 471 2404 532 XXXII.

3322 493 3427 552 31η

1840 577 2131 637 auferendo
2150 584 2282 656 justi
2313 594 2572 649 exorent?
2614 596 2948 670 Quapmptcr
2975 619 3078 660 non
3118 608 3232 680 ipse
3256 616 3421 680 solus,

1839 669 1932 722 scd
1958 679 2012 724 et
2038 690 2228 731 omnes
2243 678 2519 737 domestici
2546 685 2662 755 ejus
2685 704 2856 758 pinna:
2883 692 3092 751 fuerunt
3114 669 3419 773 participes:

1841 770 1896 812 ut
1921 758 2187 820 discerent
2215 782 2275 823 se
2303 787 2406 826 non
2432 775 2480 827 in
2505 780 2841 846 peregrinum
2857 758 3170 855 simpliciter
3186 758 3418 848 furorem

1837 861 1992 902 suum
2020 858 2341 922 exercuisse,
2372 879 2544 933 neque
2573 868 2624 922 iu
2654 869 2924 928 hominem
2951 891 2982 930 e
3019 879 3196 935 medio
3245 884 3422 954 uulgo,

1838 939 1931 993 sed
1959 941 2010 996 in
2033 943 2202 1001 virum
2232 952 2565 1011 carissimum
2616 960 2744 1026 Deo,
2793 966 2881 1034 qui
2927 974 3072 1024 tanta
3117 970 3268 1027 illum
3294 988 3420 1028 cura

1837 1029 2168 1099 dignaretur.
2193 1037 2260 1092 Et
2281 1041 2481 1100 idcirco
2511 1029 2855 1109 acerbissima
2903 1072 3058 1126 piens
3111 1065 3422 1120 concutiens

1835 1120 1952 1190 ejus
1980 1136 2234 1194 mentem,
2263 1133 2482 1191 abduxit
2516 1154 2545 1192 a
2576 1143 2779 1198 nefario
2820 1120 3035 1215 flagitio,
3080 1154 3316 1208 coercuit
3353 1155 3421 1209 alt

1836 1213 2128 1273 irrationali
2158 1223 2391 1294 impetu,
2423 1229 2660 1288 cohibuit
2697 1213 3112 1295 incontinentem
3143 1253 3377 1316 mentem
3401 1286 3416 1309 ,

1831 1305 2066 1376 alligavit
2090 1316 2570 1385 concupiscentiam
2599 1323 2929 1395 indomitam,
2958 1331 3245 1388 refrenavit
3265 1313 3424 1391 furo-

1832 1395 1906 1450 ris
1936 1396 2215 1456 Insaniam.

1904 1485 1955 1540 7.
1998 1487 2286 1560 Propterea
2323 1495 2442 1553 vide
2479 1511 2673 1569 quanta
2704 1515 2888 1575 postea
2927 1509 3143 1568 lenitate
3184 1513 3420 1584 loquitur

1833 1591 1928 1632 rex
1952 1621 1968 1645 ,
2000 1589 2258 1653 tyrannus
2293 1587 2382 1644 ille
2415 1591 2606 1662 hospiti
2633 1637 2647 1660 ,
2675 1603 2824 1666 quasi
2856 1616 2989 1670 vago
3015 1603 3378 1661 obambulanti
3399 1649 3413 1671 ,

1829 1668 1914 1722 cui
1945 1679 1997 1725 et
2029 1688 2246 1730 uxorem
2274 1678 2488 1737 auferre
2512 1699 2676 1741 ausus
2704 1686 2820 1743 fuit.
2855 1668 3086 1748 [it—bene
3110 1695 3240 1749 dixit
3266 1695 3414 1752 Scri-

1832 1769 2004 1830 ptura,
2037 1765 2224 1837 Misit
2266 1768 2589 1830 Pharaonem
2633 1789 2681 1834 et
2724 1781 2931 1838 domum
2975 1786 3083 1858 ejus
3125 1788 3188 1842 ob
3227 1788 3414 1844 Soram

1829 1868 2035 1910 uxorem
2092 1857 2260 1915 Abrte.
2314 1863 2540 1921 Sensum
2585 1870 2635 1924 ei
2681 1887 2836 1940 pinna
2878 1886 3091 1943 pmtat
3115 1917 3130 1942 ,
3176 1879 3316 1948 quod
3345 1880 3413 1935 sit

1828 1945 2125 2014 uxorjusti.
2153 1949 2358 2006 Etenim
2383 1965 2433 2008 et
2457 1956 2508 2010 in
2531 1957 2745 2014 domum
2771 1961 3062 2022 Pharaonis
3090 1945 3406 2036 introducta,

1828 2039 2022 2093 mansit
2042 2056 2177 2096 uxor
2198 2043 2349 2113 justi.
2374 2048 2461 2106 18.
2486 2049 2613 2106 Cum
2629 2065 2849 2110 vocasset
2871 2067 3040 2114 autem
3066 2060 3252 2116 Abram
3273 2061 3411 2118 Plia—

1825 2141 1936 2192 rao,
1963 2129 2091 2184 dixit
2115 2133 2198 2188 ei:
2220 2134 2388 2199 Quare
2411 2139 2506 2195 hoe
2528 2142 2693 2210 rei-nn
2716 2132 2878 2200 milii?
2899 2147 3032 2205 Vide
3050 2152 3225 2220 qualia
3249 2154 3410 2212 verba

1825 2231 1920 2272 rex
1942 2220 2181 2290 profatur
2201 2243 2215 2280 :
2237 2225 2406 2294 Quare
2420 2230 2516 2286 hoc
2529 2235 2693 2304 feciin
2713 2236 2838 2290 milii
2853 2239 2881 2293 γ
2907 2237 3097 2311 inquit.
3117 2241 3296 2315 Egone
3319 2244 3408 2300 tibi

1826 2306 1948 2375 feci,
1981 2315 2070 2380 qul
2099 2318 2409 2386 peregrinus
2433 2361 2446 2381 ,
2475 2323 2564 2392 qui
2595 2325 2721 2380 nn:li
2753 2336 2911 2384 notus
2930 2368 2946 2395 ,
2977 2306 3066 2400 qui
3092 2306 3310 2403 propter
3335 2334 3410 2388 fs-

1824 2411 1964 2452 mem
1991 2401 2174 2457 adsum
2200 2446 2215 2466 ,
2260 2407 2350 2462 tibi
2385 2411 2528 2481 regi,
2556 2422 2819 2486 tyranno,
2849 2428 2904 2474 et
2940 2401 3222 2492 imperanti
3247 2439 3410 2496 super

1823 2485 2149 2560 Egyptum?
2167 2495 2304 2562 Quid
2327 2498 2426 2554 feci
2456 2503 2547 2557 tibi
2567 2485 2684 2560 ira
2707 2508 2836 2562 mihi
2857 2485 3121 2567 abstulisti
3149 2485 3406 2570 uxorein:

1822 2575 1960 2632 sicut
1982 2586 2317 2651 peregrinum
2349 2603 2434 2644 me
2457 2590 2763 2662 desperisti.
2792 2603 3183 2672 contempsisti,
3212 2606 3406 2663 nullius

1822 2673 2075 2725 momenti
2105 2688 2191 2730 me
2221 2675 2448 2735 habuisti
2478 2699 2492 2736 :
2525 2686 2744 2742 omnino
2789 2687 3162 2761 intemperanti
3203 2710 3405 2751 concu-

1821 2758 2092 2827 piscentia:
2119 2773 2222 2821 tua:
2250 2769 2578 2840 obseqnutus
2604 2791 2697 2842 es,
2732 2787 2786 2833 et
2815 2795 2936 2850 quae
2961 2758 3058 2839 tibi
3089 2785 3401 2854 placebant,

1818 2861 1982 2917 opere
2010 2852 2226 2910 volebas
2250 2861 2542 2929 complere.
2573 2864 2836 2932 Quidnam
2859 2886 2987 2942 ergo
3013 2852 3111 2928 feci
3134 2876 3268 2928 tibi?
3297 2877 3404 2930 Ma-

1816 2950 1942 3006 gna,
1971 2940 2173 3012 inquit,
2201 2949 2328 3003 mihi
2358 2950 2561 3022 fecisti,
2592 2965 2648 3011 et
2670 2960 2848 3028 gravia
2876 2940 3039 3019 inme
3063 2968 3398 3023 commisisti.

1819 3025 1952 3082 Vide
1989 3043 2410 3100 quanta-rerum
2453 3025 2807 3103 vicissitudo:
2847 3067 2939 3107 rex
2982 3055 3189 3126 privato
3225 3058 3398 3112 dicit:

1813 3117 1949 3184 Quid
1975 3120 2146 3179 fecisti
2173 3128 2300 3182 mihi
2329 3131 2353 3182 ?
2386 3132 2571 3198 Deum,
2600 3137 2790 3209 inquit,
2816 3117 3086 3199 inimicum
3118 3148 3247 3201 mihi
3277 3149 3401 3203 red-

1812 3207 2013 3273 didisti.
2033 3212 2165 3268 iram
2185 3220 2301 3286 ejus
2316 3235 2478 3291 super
2500 3240 2586 3280 me
2612 3207 2884 3298 indusisti,
2911 3247 3081 3302 pinna:
3105 3237 3397 3292 obnoxium

1814 3313 1899 3352 me
1920 3302 2216 3371 reddidisti,
2245 3306 2415 3364 fecisti
2432 3322 2488 3367 ut
2511 3329 2720 3382 umnam
2743 3319 2914 3376 lueret
2941 3334 3045 3378 tota
3069 3341 3186 3381 mea
3207 3330 3400 3383 domus

1812 3402 1996 3444 eorum
2023 3408 2143 3464 quae
2184 3397 2235 3452 in
2277 3408 2328 3454 te
2357 3402 2584 3458 admissa
2615 3419 2758 3463 sunt.
2789 3411 2896 3474 Cur,
2919 3415 3014 3469 hoc
3042 3419 3167 3471 mihi
3196 3422 3402 3490 fecisti?

1815 3480 1987 3547 Quare
2017 3501 2118 3540 non
2145 3493 2457 3547 annuntiasti
2485 3497 2610 3551 mihi
2635 3502 2770 3568 quod
2803 3520 2934 3557 uxor
2969 3517 3055 3560 tua
3093 3480 3218 3563 esset
3239 3512 3265 3564 ?
3305 3514 3393 3566 l9.

1815 3572 1983 3638 Quare
2010 3576 2183 3632 dixisti
2204 3595 2225 3634 :
2248 3581 2408 3636 Soror
2436 3602 2546 3640 mea
2569 3589 2679 3643 est?
2709 3601 2756 3645 et
2780 3596 2951 3666 accepi
2973 3614 3086 3650 eam
3118 3602 3242 3655 milii
3265 3619 3397 3656 uxo-

1808 3678 1930 3716 "m-
1953 3665 2084 3735 580.
2105 3669 2291 3739 inquit,
2315 3676 2464 3744 quasi
2491 3693 2729 3736 sororem
2750 3693 2890 3740 tuam
2912 3687 3152 3745 volebam
3173 3691 3388 3749 ducere.
3447 3774 3449 3777 ι

1818 3751 1870 3777 ι.
1904 3756 2037 3777 ---_-l-
2077 3758 2118 3777 se
2143 3759 2224 3777 s-Ao
2261 3764 2294 3777 ,ο
2722 3774 2732 3777 -

1808 3751 1875 3806 At
1904 3756 2041 3811 unde
2067 3758 2294 3817 didicisti
2324 3781 2540 3824 uxorem
2571 3786 2690 3829 esse
2713 3774 2837 3842 justi
2861 3777 2884 3831 l
2913 3777 3065 3834 Ultor
3099 3789 3259 3836 tanta:
3287 3785 3390 3838 ini-

1566 3835 1699 3889 inio-
1805 3844 2019 3910 quitatis
2039 3888 2054 3912 ,
2085 3849 2171 3905 ille
2199 3853 2326 3909 mihi
2357 3873 2470 3912 rem
2502 3835 2766 3918 indicavit.
2795 3867 2898 3920 Cur
2921 3870 3083 3939 fecisti
3110 3873 3236 3927 milii
3258 3874 3388 3938 hoc,

127 3898 252 3938 nem
282 3902 368 3942 res
391 3889 678 3961 deploratae
706 3900 895 3957 fuere?
937 3907 1110 3962 vidisti
1154 3918 1419 3981 quomodo
1468 3889 1617 3990 quasi
1649 3925 1700 3980 in

119 3976 300 4043 gulam
321 3977 447 4035 fera:
473 3985 662 4041 mulier
685 3989 965 4050 inciderit?
990 4000 1107 4057 vide
1121 3976 1368 4077 deinceps
1384 3976 1701 4071 inetlabilctn

123 4063 218 4117 ltci
267 4068 678 4132 misericordiam
703 4121 720 4146 ,
747 4090 802 4136 et
828 4083 1141 4156 obstupesce
1169 4063 1417 4162 potentia:
1443 4103 1560 4170 ejus
1587 4120 1700 4160 ma-

116 4155 469 4222 gnitudinem.
521 4165 604 4220 l7.
640 4167 706 4222 Et
739 4173 949 4242 olﬂixit,
979 4155 1185 4248 inquit,
1208 4183 1345 4240 Deus
1376 4155 1699 4251 Pharaonem

117 4245 465 4314 nﬁlictionibus
504 4259 696 4328 magnis
720 4273 766 4314 et
785 4267 1036 4335 gravibus,
1051 4245 1110 4324 et
1131 4274 1333 4329 domum
1359 4281 1469 4349 ejus

119 4334 310 4391 Soram
353 4357 555 4400 uxorem
603 4350 809 4407 Abram.
862 4357 995 4423 Quid
1022 4334 1103 4416 est
1125 4403 1142 4429 ,
1171 4334 1403 4436 Amisit}
1439 4334 1688 4444 ,

113 4426 323 4495 inquit,
362 4436 534 4504 exegit
579 4438 758 4510 ﬂagitii
803 4455 858 4500 et
883 4451 1004 4506 mali
1045 4426 1285 4512 conatus.
1333 4463 1693 4534 Afﬂictionibus

109 4519 310 4586 magnis
345 4535 364 4573 .'
391 4539 494 4578 non
528 4527 838 4598 simpliciter
873 4542 1075 4606 punivit
1118 4562 1295 4617 regem
1319 4591 1334 4616 ,
1378 4519 1474 4610 sed
1523 4559 1690 4616 Pwnis

108 4609 327 4676 magnis.
369 4611 500 4680 Quia
545 4617 796 4690 flagitium
841 4644 945 4684 non
992 4645 1109 4690 erat
1136 4640 1347 4711 vulgare
1371 4689 1385 4712 ,
1413 4650 1507 4702 sed
1538 4654 1688 4710 valde

105 4711 377 4766 magnum,
406 4704 524 4760 ideo
548 4723 598 4762 et
621 4726 774 4779 pretia
803 4733 1009 4789 magna.
1034 4725 1100 4779 Et
1119 4704 1323 4786 domum
1347 4704 1473 4806 ejus,
1499 4704 1683 4812 inquit;

105 4801 213 4839 non
261 4789 428 4857 ipsum
486 4799 682 4869 solum,
733 4807 826 4861 sed
853 4806 919 4862 Et
958 4815 1161 4870 domum
1201 4822 1328 4890 ejus.

95 5237 166 5288 ut
194 5238 303 5305 qni,
331 5243 461 5310 sies,
498 5247 595 5302 hoc
619 5253 818 5320 justum
861 5261 946 5326 sit,
973 5279 1190 5336 propter
1239 5274 1382 5329 illum
1422 5283 1552 5336 alios
1580 5301 1672 5354 pu-

95 5327 243 5354 ..2..:9
268 5328 377 5354 Μ.--
410 5351 495 5354 -ᾉ,
546 5348 557 5354 -
655 5344 703 5354 ι..

92 5327 199 5378 uiri
218 5329 243 5379 τ
265 5328 379 5384 Νυη
409 5348 622 5406 prepter
652 5344 795 5400 illum
840 5327 1009 5408 solum
1049 5327 1258 5426 pinnam
1283 5327 1667 5442 snstinucrulnt,

92 5418 190 5442 ηιμ,
223 5424 374 5442 ___,_.
441 5429 470 5442 ..

1049 5418 1062 5426 _
1351 5418 1369 5422 -
1382 5418 1538 5428 πη--.
1555 5418 1667 5442 .....,

89 5418 190 5470 sed
223 5424 504 5482 verisimile
551 5443 633 5487 est
660 5451 754 5491 eos
794 5457 1106 5513 cooperatos
1137 5453 1329 5524 fuisse,
1385 5472 1439 5516 ut
1486 5479 1667 5534 postea

87 5511 797 5593 committereturiniquitas.
838 5511 1041 5593 Audisti
1069 5543 1207 5597 enim
1251 5511 1406 5618 supra
1428 5511 1664 5627 scisma-

89 5615 207 5627 ιιι...-
236 5601 486 5627 .12..-_.-_--
583 5614 624 5627 ,ο
708 5621 718 5627 .
744 5621 754 5627 .

89 5615 207 5654 nam
233 5601 494 5664 dicentem
529 5632 542 5667 :
577 5614 646 5668 Ut
673 5621 898 5676 viderunt
916 5643 1028 5681 eam
1069 5634 1320 5704 principes
1351 5601 1660 5718 Pharaonis,

92 5691 423 5718 In...l....-.“.-_.
528 5713 539 5718 -
587 5708 598 5718 .
741 5712 750 5718 .

88 5691 442 5765 laudauerunt,
494 5713 539 5756 et
579 5708 964 5771 introduxerunt
1013 5737 1126 5777 eam
1177 5727 1228 5780 in
1276 5731 1478 5788 domum
1530 5693 1658 5809 ejus:

97 5785 309 5809 νείκης-
346 5805 424 5809 ,μ
453 5795 466 5809 ι

1531 5785 1654 5809 ν--.

97 5785 312 5844 Vidistis
337 5805 430 5847 eos
452 5795 698 5857 lenonum
729 5821 885 5878 agere
905 5811 1138 5872 ofﬁcium
1170 5821 1220 5876 in
1244 5826 1382 5895 regis
1408 5833 1654 5903 gratiam,

1805 3945 1850 3986 et
1877 3951 1975 3989 non
1996 3941 2232 3997 indicasti
2255 3947 2378 4001 nti/ti
2396 3953 2532 4019 quod
2552 3969 2681 4008 tuor
2703 3967 2789 4010 tua
2818 3971 2941 4014 esset
2958 3961 2984 4014 2
3010 3972 3056 4016 et
3087 3966 3258 4034 accepi
3279 3985 3387 4020 eam

1805 4023 1929 4077 mihi
1957 4027 2055 4096 ipsi
2080 4046 2288 4088 uxorem
2316 4051 2646 4105 peccaturus.
2679 4045 2839 4112 Quasi
2865 4063 3103 4106 sororem
3129 4063 3270 4109 tuam
3295 4056 3388 4110 lia-

1803 4114 2008 4172 biturns
2049 4121 2151 4178 hoc
2194 4124 2309 4183 feci.
2342 4132 2571 4189 Attende
2597 4140 2863 4206 quomodo
2888 4144 3130 4214 supplicii
3156 4148 3385 4216 gravitas

1801 4212 2069 4266 Concussit
2095 4212 2213 4282 ejus
2241 4229 2494 4289 mentem,
2529 4225 2598 4278 ita
2629 4235 2765 4282 utet
2787 4229 2936 4299 justo
2962 4212 3222 4290 rationem
3255 4238 3380 4293 red-

1799 4299 1951 4355 deret
1973 4342 1989 4368 ,
2030 4314 2085 4359 et
2121 4321 2281 4365 omne
2303 4327 2427 4383 erga
2455 4330 2576 4370 eum
2606 4317 2901 4378 declararet
2941 4325 3195 4384 ofﬁcium.
3222 4330 3379 4400 Atqui

1799 4390 1899 4446 nisi
1932 4392 2021 4448 Dei
2049 4395 2233 4453 fuisset
2259 4405 2425 4471 gratia
2452 4447 2466 4471 ,
2491 4422 2610 4477 qua:
2640 4421 2872 4467 mentem
2895 4415 3012 4484 ejus
3035 4390 3343 4474 emollicbat
3362 4463 3379 4487 ,

1796 4488 1850 4535 et
1879 4494 2077 4538 metum
2108 4486 2180 4541 illi
2204 4489 2510 4561 incutiebat,
2538 4513 2871 4572 consequens
2900 4517 3159 4570 eratcum
3184 4510 3234 4563 in
3268 4526 3379 4563 ma-

1789 4570 1962 4638 jorem
2008 4573 2244 4632 furorem
2291 4581 2560 4640 inductum
2599 4592 2748 4659 quasi
2794 4594 3134 4663 deceptorum
3171 4601 3376 4667 justum

1795 4663 2098 4729 punitorum
2131 4669 2326 4738 fuisse,
2367 4685 2420 4729 et
2447 4683 2703 4736 extremis
2731 4683 3043 4741 effecturum
3075 4663 3376 4760 suppliciis.

1792 4753 1861 4804 At
1886 4753 2015 4809 nihil
2043 4755 2228 4814 horum
2255 4763 2376 4818 fecit
2401 4783 2416 4819 :
2446 4769 2605 4824 timor
2627 4773 2770 4827 enim
2801 4765 3042 4844 supplicii
3071 4753 3374 4835 inflamma-

1790 4853 1894 4898 tam
1926 4849 2041 4916 ejus
2065 4851 2198 4906 iram
2233 4859 2485 4924 repressit
2511 4871 2565 4915 et
2593 4866 2838 4920 restinxit
2869 4885 2882 4922 :
2915 4869 3053 4924 unde
3079 4888 3241 4926 unum
3273 4873 3375 4930 hoc

1658 5235 1673 5249 .
1782 5219 1913 5259 nunc
1953 5224 2066 5264 ecce
2101 5228 2230 5267 uxor
2262 5226 2348 5271 tua
2381 5237 2554 5276 coram
2587 5235 2635 5280 te
2655 5268 2669 5290 ,
2705 5241 2911 5298 accepta
2947 5249 3007 5287 ea
3048 5238 3186 5290 ocius
3215 5240 3360 5294 vade.

1778 5295 1928 5352 Nunc
1949 5341 1964 5364 ,
1995 5301 2199 5373 inquit,
2227 5309 2349 5378 quia
2376 5317 2597 5384 cognovi
2630 5333 2734 5374 non
2763 5337 2884 5378 esse
2909 5340 3149 5384 sororem
3178 5339 3319 5386 tuam
3343 5374 3360 5398 ,

1775 5388 1869 5442 sed
1897 5406 2114 5448 uxorem
2137 5437 2150 5461 ,
2179 5413 2306 5454 ecce
2341 5403 2504 5461 habes
2530 5423 2668 5463 eam.
2700 5411 2883 5484 Neque
2910 5418 3050 5472 enim
3080 5421 3185 5475 ulla
3218 5423 3272 5479 in
3302 5440 3360 5477 re

1772 5477 2044 5548 deturpavi
2069 5488 2370 5558 conjugium
2400 5508 2655 5565 vestrum,
2687 5518 2858 5573 neque
2884 5510 3082 5575 privavi
3110 5520 3160 5565 te
3192 5528 3362 5568 uxore

1772 5575 1878 5622 tua.
1913 5572 2019 5626 Sed
2043 5592 2154 5631 ecce
2182 5596 2308 5636 uxor
2332 5592 2418 5638 tua
2437 5604 2607 5642 coram
2634 5602 2700 5661 te,
2730 5609 2936 5666 accepta
2959 5615 3018 5653 ea
3043 5603 3180 5654 ocius
3208 5603 3352 5655 vade.

1768 5658 1897 5726 Qum
1923 5679 2074 5720 mens
2102 5673 2294 5737 poterit
2320 5673 2474 5746 digne
2503 5696 2622 5751 qua:
2647 5658 2782 5740 facta
2811 5658 2936 5743 sunt
2963 5691 3237 5756 admirari,
3263 5704 3355 5750 aut

1763 5764 1882 5821 qua:
1905 5753 2080 5825 lingua
2105 5763 2416 5822 miraculum
2440 5773 2632 5829 valebit
2651 5783 2940 5835 enarrare?
2961 5783 3150 5838 Mulier
3167 5787 3349 5854 splen-

1771 5843 1891 5900 dida
1929 5849 2094 5909 forma
2124 5856 2281 5915 simul
2307 5876 2424 5917 cum
2452 5865 2567 5922 viro
2597 5868 2849 5944 Egyptio
2870 5918 2884 5944 ,
2918 5887 2970 5931 et
2997 5893 3152 5947 rege,
3181 5843 3235 5934 et
3264 5890 3350 5951 ty-
