4092 6536
718 493 722 502 .
767 458 812 506 a?)
1484 455 1536 506 S.
1579 454 1849 507 JtHXNlS
1888 454 2357 510 CIIRYS()S'I‘0.'\il
2401 455 2714 509 AINZIIIEP.
2759 456 3295 512 CONSTANTINOP.
3903 459 3986 508 3N

711 583 892 630 tanno,
923 577 972 620 et
1002 566 1076 620 sic
1099 567 1305 634 insano,
1326 577 1376 623 et
1404 568 1784 621 incontinenter
1810 567 1997 623 allecto
2020 583 2264 623 concum-

707 661 870 722 bens,
925 659 1116 712 intacta
1161 660 1444 730 egreditur,
1493 669 1695 715 servata
1722 662 1961 716 castitate
1988 677 2102 716 sua.
2136 662 2275 717 Talia

701 750 863 810 enim,
892 750 1030 802 sicut
1059 752 1200 818 prius
1229 750 1367 812 dixi,
1401 760 1521 803 sunt
1545 766 1660 819 qua:
1689 766 1716 804 a
1748 752 1856 805 Deo
1881 752 2274 822 dispensantur,

705 859 818 894 rara
842 857 1054 910 semper
1079 851 1131 896 et
1159 842 1482 896 admirabilia
1511 859 1524 894 :
1553 852 1606 897 et
1632 842 1842 912 quando
1867 844 2003 912 apud
2036 844 2275 899 homines

699 935 1034 1001 tit‘SpCl‘altllll
1066 943 1142 987 est
1166 975 1180 995 ,
1214 943 1334 987 tunc
1363 935 1608 988 invictam
1638 936 1686 988 in
1713 935 1959 990 omnibus
1987 937 2272 1007 potentiam

700 1040 847 1078 suam
896 1027 1032 1077 Dens
1069 1025 1319 1078 declarat.
1371 1027 1652 1080 Enimvero
1695 1028 1826 1080 sicut
1873 1027 2184 1083 admirabile
2223 1037 2275 1084 et

699 1131 872 1168 rarum
905 1125 1017 1168 erat
1050 1115 1228 1170 videre
1249 1119 1416 1171 virum
1443 1117 1824 1172 desideriorum
1853 1128 1994 1173 stare
2026 1121 2075 1173 in
2102 1120 2274 1174 medio

699 1207 921 1258 terarum
953 1206 968 1274 (
997 1205 1128 1260 Dan.
1161 1208 1280 1276 Η).
1308 1219 1360 1263 et
1389 1208 1516 1262 nihil
1543 1209 1672 1276 pati,
1703 1209 1794 1263 sed
1826 1211 1974 1279 quasi
2002 1225 2125 1264 oves
2150 1225 2269 1262 cum

694 1298 1209 1364 circumstetissent,
1258 1300 1326 1354 ita
1372 1301 1592 1355 illa'sum
1639 1302 1814 1370 egredi
1846 1317 1876 1356 e
1905 1303 2056 1366 lacu;
2085 1311 2134 1354 ct
2165 1309 2272 1354 tres

691 1403 884 1457 pueros
927 1389 976 1443 in
1005 1390 1213 1444 camino
1241 1392 1389 1460 quasi
1423 1391 1472 1444 in
1513 1401 1666 1460 prato
1696 1401 1750 1446 et
1778 1393 1828 1446 in
1857 1393 2010 1445 horto
2034 1393 2268 1457 versari,

691 1489 742 1535 et
769 1481 898 1536 nihil
942 1482 1009 1536 ab
1039 1483 1156 1552 igne
1185 1481 1304 1536 lzcdi
1332 1480 1456 1551 (Id.
1485 1484 1521 1538 5
1544 1485 1562 1554 )
1584 1525 1598 1544 .
1631 1484 1722 1539 sed
1771 1485 1946 1555 egredi
1977 1484 2102 1539 inde
2133 1495 2268 1538 tam-

690 1591 846 1641 qnam
875 1583 1074 1627 statuas
1103 1591 1115 1628 :
1151 1574 1368 1647 perinde
1400 1575 1468 1630 ita
1495 1577 1841 1631 admiratione
1865 1577 2078 1646 dignum
2106 1587 2186 1632 est
2216 1587 2268 1632 et

693 1664 791 1718 hoc
834 1663 1073 1729 facinus,
1119 1655 1257 1735 (ᾖὸὰ
1299 1665 1426 1736 jx-sti
1477 1682 1609 1721 uxor
1656 1669 1849 1722 nullam
1893 1669 2264 1723 contumeliam

690 1764 906 1816 experta
951 1770 978 1807 a
1021 1770 1142 1825 rege
1172 1755 1421 1827 Egyptio
1451 1798 1465 1822 ,
1514 1767 1738 1827 tyranno
1765 1797 1780 1822 ,
1837 1759 2220 1826 intemperante
2248 1798 2264 1823 ,

689 1846 878 1898 exierit
917 1847 1079 1899 salva.
1116 1847 1250 1929 Degs
1281 1848 1419 1902 enim
1447 1858 1556 1902 erat
1585 1851 1674 1917 qui
1709 1849 1932 1903 faciebat
1961 1851 2136 1904 omnia
2167 1893 2179 1913 ,
2214 1861 2264 1904 et

690 1935 739 1987 in
769 1935 924 1988 inviis
948 1936 1084 1989 viam
1106 1935 1285 2002 dabat,
1303 1937 1390 2007 qui
1417 1952 1562 2006 Spem
1587 1939 1776 1994 bonam
1794 1953 2006 2009 semper
2026 1941 2076 1995 in
2107 1942 2266 1997 rebus

687 2028 971 2094 deploratis
999 2029 1189 2084 afferre
1212 2031 1371 2086 valet.
1401 2032 1464 2086 Et
1495 2050 1646 2093 nimo,
1678 2035 1867 2102 inquit,
1896 2052 2005 2089 erce
2031 2052 2158 2089 uxor
2177 2046 2266 2090 tua

687 2135 853 2171 rorant
885 2131 948 2181 te,
979 2132 1178 2191 accepta
1205 2139 1262 2176 ea
1290 2125 1426 2176 ocius
1455 2125 1599 2178 vade.
1633 2124 1706 2179 Ne
1729 2127 2002 2181 existimes
2027 2167 2041 2190 ,
2077 2127 2262 2197 inquit,

689 2221 739 2264 te
765 2227 792 2262 a
825 2212 976 2265 nobis
1008 2213 1194 2280 injuria
1224 2213 1466 2268 affectum
1499 2231 1636 2269 esse.
1674 2215 1803 2268 Nam
1851 2217 1971 2270 licet
1999 2233 2092 2285 per
2119 2219 2264 2286 igno-

686 2304 908 2356 rantiam
934 2306 1368 2360 attentaverimus
1394 2322 1511 2374 quze
1555 2306 1686 2360 faeta
1727 2316 1846 2360 sunt
1877 2349 1890 2369 ,
1923 2325 2060 2362 nunc
2087 2319 2260 2362 tamen

687 2408 808 2446 cccc
831 2397 1171 2462 cognovimus
1195 2412 1351 2464 quem
1376 2396 1573 2451 habeas
1593 2398 1951 2454 defensorem:
1975 2401 2262 2471 indignatio

685 2485 822 2537 enim
850 2500 968 2552 qu;e
995 2485 1044 2537 in
1070 2501 1166 2539 nos
1195 2486 1412 2540 desrcvit
1435 2528 1450 2551 ,
1483 2487 1660 2542 doettit
1687 2504 1781 2543 nos
1804 2501 2054 2558 quantum
2082 2494 2262 2561 gratia:

687 2573 774 2625 tibi
801 2575 866 2626 sit
898 2575 1033 2640 apud
1066 2575 1230 2630 Deum
1259 2577 1516 2630 onmium.
1541 2580 1765 2646 Accepta
1797 2581 1952 2648 igitur
1982 2597 2146 2636 uxore
2176 2592 2260 2636 tua

684 2666 832 2716 flt'iIIS
854 2665 1002 2718 vade.
1024 2666 1297 2722 Terribilis
1331 2679 1508 2736 postea
1529 2680 1641 2723 erat
1668 2672 1744 2725 eis
1761 2672 1952 2738 justus,
1985 2685 2259 2742 propterea

685 2755 887 2821 magnis
929 2755 1115 2810 officiis
1149 2771 1270 2811 eum
1309 2759 1552 2827 prosequi
1581 2761 1905 2815 contendunt
1934 2804 1949 2827 ,
1992 2765 2262 2833 p'acantes

687 2847 850 2912 ips-ins
896 2847 1170 2903 Dominum
1214 2859 1431 2920 propter
1470 2866 1530 2906 ea
1577 2868 1695 2921 qua:
1740 2854 1790 2906 in
1845 2855 1992 2908 illntn
2035 2858 2258 2912 commi-

683 2944 880 2988 si-tant.

753 3025 805 3077 8.
843 3025 1047 3088 Vidisti,
1075 3027 1264 3082 dilecte
1289 3069 1301 3090 ,
1333 3039 1584 3096 quantum
1615 3029 1807 3085 bonum
1834 3035 1901 3086 sit
1929 3035 2174 3100 patientia
2207 3045 2260 3090 et

685 3117 1118 3182 perseverantia?
1147 3118 1260 3182 llic,
1289 3134 1488 3187 qumso,
1523 3137 1724 3174 memor
1745 3138 1776 3176 e
1810 3133 1861 3176 to
1890 3125 2170 3180 verborum
2198 3128 2260 3181 il-

685 3206 854 3260 lorum
882 3222 998 3275 qua:
1030 3209 1320 3276 patriarcha
1348 3209 1556 3264 dicebat
1585 3211 1868 3282 IEgyptnm
1897 3215 2258 3284 ingressurus:

684 3295 806 3348 Sirio
841 3298 973 3364 quod
1013 3300 1190 3350 mulier
1217 3301 1430 3367 pulchra
1456 3303 1524 3354 sis
1549 3316 1566 3355 :
1596 3304 1822 3371 futurum
1867 3316 1938 3358 est
1978 3307 2176 3376 itaque,
2206 3319 2260 3361 ut

683 3401 796 3437 cum
823 3396 870 3438 te
894 3387 1100 3438 viderint
1123 3387 1378 3458 {Egyptit}
1413 3407 1490 3442 me
1512 3393 1712 3459 quidem
1742 3395 1991 3458 occidant,
2022 3407 2070 3450 te
2091 3409 2257 3451 autent

681 3483 889 3526 servent.
915 3474 1020 3528 Illis
1039 3475 1194 3544 igitur
1213 3479 1262 3529 in
1288 3487 1462 3532 mente
1481 3482 1787 3550 resumptis,
1802 3484 2080 3539 considera
2097 3487 2256 3541 etiam

681 3579 798 3630 qum
829 3580 965 3618 nunc
999 3565 1128 3618 fiunt
1149 3609 1161 3629 ,
1195 3576 1249 3619 et
1284 3567 1546 3623 admirare
1574 3571 1728 3624 simul
1767 3572 1891 3640 justi
1923 3575 2254 3630 tolerantiam

682 3664 733 3708 et
752 3655 1105 3709 misericordis
1131 3657 1221 3710 Dei
1246 3658 1512 3724 virtutem,
1533 3671 1725 3728 quanta
1753 3677 1872 3716 cum
1892 3665 2057 3732 gloria
2083 3666 2258 3722 redire

679 3757 827 3800 curet
851 3747 1046 3816 justum
1074 3792 1086 3811 ,
1113 3750 1200 3818 qui
1230 3765 1348 3804 cum
1380 3759 1525 3805 tanto
1553 3753 1740 3808 timore
1767 3762 1818 3808 ct
1847 3765 1987 3810 metu
2019 3765 2254 3812 venerat.

679 3838 767 3891 20.
800 3839 863 3890 Et
893 3842 1143 3908 pra'cepit.
1179 3841 1364 3910 inquit,
1401 3842 1602 3897 Pharao
1629 3845 1754 3898 viris
1777 3862 1927 3916 super
1951 3848 2171 3911 Abram,
2204 3861 2258 3902 ut

679 3931 796 3983 inde
820 3929 1065 3983 deducant
1091 3949 1203 3984 eum
1227 3974 1240 3996 ,
1270 3943 1315 3985 et
1343 3950 1548 3988 uxorem
1576 3938 1685 4004 ejus
1706 3979 1719 4001 ,
1748 3948 1791 3990 et
1818 3940 1985 3991 omnia
2009 3955 2122 4006 qua:
2148 3945 2254 4004 eius

681 4030 820 4072 erant
840 4063 853 4083 ,
882 4031 928 4073 et
963 4021 1052 4074 Lat
1078 4039 1192 4074 cum
1235 4039 1310 4074 eo.
1342 4023 1523 4092 Magna
1551 4041 1668 4079 cum
1696 4028 1935 4082 claritate
1961 4040 2014 4082 et
2049 4030 2212 4098 gloria
2238 4071 2252 4093 ,

686 4111 1135 4180 locupletatusque
1162 4112 1359 4166 divitiis
1389 4113 1525 4167 redit
1546 4115 1720 4182 justus
1747 4132 1760 4169 :
1790 4126 1841 4168 et
1867 4116 1925 4170 fit
1953 4115 2140 4171 doctor
2167 4135 2259 4186 per

685 4216 744 4252 ea
776 4215 892 4268 qua:
927 4203 1262 4269 contigerunt
1288 4244 1300 4263 ,
1334 4218 1438 4255 non
1469 4203 1639 4257 solum
1667 4203 1946 4274 Egyptiis,
1979 4206 2070 4259 sed
2098 4207 2256 4260 etiam

683 4294 927 4346 omnibus
952 4295 1036 4362 qui
1071 4293 1120 4346 in
1151 4295 1339 4348 itinere
1371 4303 1555 4357 erant,
1585 4305 1637 4348 et
1669 4296 1729 4348 iis
1757 4296 1844 4364 qni
1889 4297 1938 4350 in
1979 4296 2256 4350 Palaestina

685 4384 1003 4436 habitabant.
1049 4383 1177 4436 Nam
1203 4393 1457 4453 quotquot
1484 4383 1723 4438 viderant
1757 4400 1876 4438 eum
1916 4385 2126 4455 quando
2161 4387 2254 4440 dc-

684 4474 890 4528 scendit
934 4474 1068 4527 fame
1102 4483 1317 4527 coactus
1340 4514 1354 4537 ,
1393 4476 1582 4528 timore
1611 4486 1663 4528 et
1693 4485 1918 4528 tremore
1945 4483 2218 4544 correptus
2239 4518 2254 4539 ,

682 4581 820 4619 nunc
846 4581 970 4618 vero
993 4566 1300 4619 redeuntem
1336 4581 1456 4620 cum
1487 4576 1625 4619 tanta
1657 4566 1897 4620 claritate
1921 4576 1972 4620 et
2001 4567 2261 4620 facultati.

683 4657 780 4709 lnts
815 4665 865 4709 et
906 4657 1100 4709 divitiis
1125 4698 1139 4720 ,
1183 4657 1456 4710 discebant
1490 4657 1736 4710 virtutem
1777 4659 2119 4724 providentiae
2164 4658 2255 4713 Dei

682 4762 802 4815 erga
829 4747 994 4799 illum.
1029 4747 1156 4813 Quis
1185 4747 1314 4800 vidit
1339 4750 1624 4817 umquam?
1647 4748 1763 4815 quis
1779 4749 2014 4803 audivit?
2041 4750 2180 4803 Abiit
2205 4760 2261 4805 nt

684 4841 872 4891 famem
905 4853 1051 4889 suam
1083 4840 1378 4906 mitigaret;
1411 4847 1466 4893 et
1493 4840 1688 4894 divitiis
1715 4840 1990 4894 abundans
2017 4841 2258 4896 ineffabi-

686 4932 822 4995 lique
850 4944 966 4979 eum
995 4930 1156 4993 gloria
1191 4928 1342 4982 I't’dil.
1378 4929 1453 4983 Ne
1482 4929 1759 4984 admireris
1779 4972 1790 4992 ,
1818 4931 2012 4984 dilecte
2035 4972 2050 4994 ,
2083 4948 2146 4986 ne
2180 4931 2256 4984 fa-

685 5029 824 5070 clunt
857 5018 953 5070 hoc
985 5022 1051 5070 ita
1087 5021 1402 5086 stupendum
1433 5021 1522 5073 tibi
1553 5021 1790 5073 videatur
1816 5039 1827 5073 :
1863 5023 1966 5075 imo
1995 5022 2258 5076 admirare

684 5120 736 5160 et
762 5111 1094 5177 olistnpcscc,
1123 5121 1174 5163 et
1199 5113 1406 5164 eelebra
1436 5114 1732 5166 communis
1759 5115 1992 5166 omnium
2021 5124 2258 5167 nostrum

689 5201 892 5253 Domini
941 5204 1204 5257 virtutent.
1260 5205 1325 5256 Et
1375 5203 1490 5258 vide
1543 5206 1701 5258 etiam
1752 5206 1889 5258 illius
1930 5219 2144 5274 nepotes
2192 5208 2260 5259 ob

684 5292 922 5346 r-znndem
956 5295 1103 5346 famis
1124 5297 1488 5349 ncccs~itatem
1514 5295 1563 5349 in
1594 5295 1876 5364 Egyptum
1899 5297 2256 5356 descendi~se,

684 5392 730 5434 et
763 5398 881 5436 cum
908 5385 972 5436 ibi
1002 5385 1049 5436 itt
1077 5386 1217 5452 gravi
1241 5387 1490 5440 servitute
1514 5386 1786 5448 vixissent,
1813 5388 2104 5454 multasque
2137 5404 2255 5454 per-

685 5477 925 5528 tulissent
943 5493 1224 5539 a-rumnas,
1247 5477 1572 5531 facn'tatibus
1589 5489 1772 5531 auctos
1791 5479 1997 5532 tandem
2017 5480 2257 5533 rediisse.

685 5566 826 5618 'l'alis
862 5567 999 5617 enim
1029 5577 1108 5621 est
1153 5569 1571 5635 sapicntissinIUs
1619 5569 1751 5620 licus
1796 5579 2006 5633 noster,
2052 5571 2260 5636 quando

688 5660 934 5724 permittit
970 5661 1145 5729 augeri
1176 5671 1226 5713 et
1251 5660 1552 5713 coacervari
1588 5661 1853 5713 molestias
1879 5703 1892 5724 ,
1923 5671 2044 5715 tunc
2072 5663 2258 5714 iterum

686 5751 921 5802 discussa
971 5762 1316 5820 tempestate,
1364 5752 1701 5806 serenitatem
1749 5769 2031 5820 rerumque
2073 5755 2258 5806 miram

688 5841 1102 5896 vicissitudinem
1133 5843 1270 5908 facit,
1295 5843 1493 5898 docens
1525 5857 1619 5897 nos
1637 5859 1743 5896 sua:
1777 5847 2022 5912 potenti-.1:
2053 5859 2256 5912 magni-

2385 569 2639 623 tudinem.
2666 572 2711 623 l.
2737 571 2753 636 (
2779 569 2902 638 Cap.
2932 574 2993 626 l3
3015 576 3030 639 )
3055 574 3288 626 Ascendit
3317 581 3492 624 autem
3515 572 3716 623 Abram
3747 588 3814 624 ex
3838 573 3984 638 ,ιςν

2383 669 2488 729 pto,
2510 661 2618 726 ipse
2649 673 2694 715 et
2721 678 2846 714 ua‘or
2871 664 2978 732 ejus
3001 704 3014 725 ,
3042 674 3088 716 et
3118 664 3288 716 omnia
3313 679 3432 731 qut:
3457 664 3578 732 ejus
3609 676 3763 714 erant
3788 703 3804 724 ,
3839 676 3881 715 et
3913 664 3985 714 Lat

2382 765 2496 802 cum
2537 768 2593 804 eo
2617 793 2632 816 ,
2686 753 2736 804 in
2766 753 3102 806 solitudinem.
3152 753 3465 823 Opportune
3502 753 3593 807 hic
3637 755 3767 824 quis
3789 770 3987 808 accom-

2381 844 2608 899 modarit
2639 846 2794 899 verba
2828 845 2912 899 illa
2940 887 2955 909 ,
2987 862 3103 914 qua:
3132 848 3315 900 beatus
3349 847 3517 900 David
3550 847 3618 900 iis
3646 848 3742 916 qui
3773 861 3807 900 e
3835 847 3987 916 Baby-

2381 932 2550 988 lonica
2591 935 2832 988 redibant
2872 936 3175 1005 captivitate
3214 936 3464 991 dicebat:
3501 937 3614 1002 Qui
3661 939 3988 990 seminantur

2383 1025 2640 1095 lacrymis,
2670 1027 2721 1080 in
2751 1028 3082 1082 arsultatione
3111 1038 3311 1082 metent.
3334 1027 3534 1083 Euntes
3555 1031 3708 1082 ibant
3731 1039 3783 1081 et
3810 1030 3985 1097 ﬂebunt

2380 1118 2626 1171 mittentes
2643 1119 2833 1171 semina
2853 1136 2962 1172 tua.
2991 1117 3248 1173 Venientes
3272 1131 3439 1172 autem
3455 1121 3665 1174 venient
3682 1123 3739 1174 in
3764 1126 3983 1176 caulla-

2379 1209 2534 1276 tione,
2557 1220 2802 1280 gestantes
2822 1211 3106 1276 manipulos
3127 1228 3244 1266 suos
3267 1211 3435 1283 (Pent.
3457 1213 3585 1268 125.
3602 1215 3664 1268 5.
3691 1213 3780 1282 6).
3810 1214 3981 1268 Vidini

2377 1298 2690 1355 descensum
2721 1303 2985 1356 anxietate
3012 1313 3168 1372 atque
3196 1303 3383 1358 timore
3411 1303 3658 1373 plenum,
3691 1305 3976 1359 habentem

2378 1403 2555 1444 secum
2583 1401 2635 1444 et
2662 1391 2848 1445 mortis
2877 1393 3212 1448 formidinem
3235 1393 3258 1446 ἲ
3287 1393 3416 1448 Vide
3439 1410 3582 1449 nunc
3610 1396 3855 1449 reditum
3884 1398 3980 1450 cla-

2377 1481 2531 1534 ritate
2558 1491 2612 1534 et
2637 1481 2890 1550 dignitate
2931 1483 3093 1537 multa
3132 1485 3497 1553 conspicuum.
3531 1485 3815 1541 Omnibus
3843 1489 3975 1543 enim

2379 1571 2597 1639 posthac
2625 1575 2943 1628 venerabilis
2987 1583 3101 1628 erat
3147 1575 3322 1642 justus
3367 1575 3458 1629 ille
3503 1585 3613 1629 tam
3669 1577 3742 1632 iis
3792 1581 3883 1647 qni
3935 1582 3978 1632 in

2376 1660 2640 1732 Aigypto,
2673 1679 2831 1732 quam
2878 1664 2942 1717 iis
2985 1667 3071 1734 qui
3112 1665 3165 1718 in
3194 1663 3495 1720 Pala‘stina.
3526 1665 3667 1732 Quis
3693 1669 3848 1722 enim
3882 1685 3977 1720 non

2375 1754 2632 1807 reveritus
2667 1752 2850 1808 fuisset
2876 1771 2996 1808 eum
3024 1758 3112 1825 qui
3143 1757 3222 1809 sic
3247 1770 3275 1808 a
3305 1755 3419 1810 Deo
3444 1756 3760 1812 custoditus
3792 1759 3900 1822 sit,
3931 1771 3977 1812 ct

2375 1852 2570 1896 tantam
2621 1844 3044 1899 benevolentiam
3088 1847 3452 1914 assequutus?
3493 1846 3792 1902 Neminem
3839 1853 3971 1904 enim

2375 1937 2506 1988 forte
2539 1936 2772 1990 latebant
2799 1951 2882 2002 ea,
2913 1952 3030 2006 qum
3060 1937 3170 2006 regi
3196 1945 3252 1992 et
3275 1937 3459 1992 domui
3487 1939 3608 2008 ejus
3635 1941 3968 1996 acciderant.

2371 2027 2557 2081 Omnia
2585 2030 2724 2082 enim
2757 2029 2892 2084 Deus
2919 2039 3196 2100 propterea
3228 2029 3487 2098 permisit,
3518 2040 3574 2086 et
3602 2047 3858 2103 eousque
3879 2034 3968 2088 du-

2372 2129 2620 2172 raverunt
2643 2122 2960 2176 tentationes
2981 2121 3127 2189 justi,
3152 2130 3208 2174 ut
3229 2121 3346 2190 ejus
3371 2123 3625 2190 patientia
3657 2123 3868 2179 clarior
3889 2127 3974 2179 tie-

2372 2218 2473 2270 ret,
2498 2218 2552 2263 ct
2574 2209 2707 2264 facta
2735 2211 2852 2278 ejus
2879 2213 2929 2264 itt
2965 2220 3128 2265 totum
3152 2211 3334 2266 orbem
3365 2211 3807 2281 divulgarentur,
3836 2218 3904 2268 ita
3923 2226 3975 2268 nt

2371 2299 2547 2352 nullus
2572 2311 2713 2354 esset
2743 2301 2829 2370 qtti
2856 2301 2983 2366 justi
3012 2301 3259 2354 virtutem
3287 2301 3573 2370 ignoraret.

2439 2389 2492 2444 9.
2540 2389 2752 2445 Horati:
2801 2392 3101 2445 exhortatio.
3143 2392 3352 2462 Aﬁlictio
3391 2394 3594 2463 signum
3639 2396 3970 2463 providentia:

2368 2482 2568 2534 dirinw.
2601 2511 2671 2521 -—
2699 2481 2938 2547 Vidistis,
2967 2482 3176 2547 dilecti,
3207 2493 3460 2550 quantum
3486 2499 3551 2537 ex
3579 2486 3968 2539 tentatiouibns

2370 2571 2612 2624 lucrum?
2633 2570 2837 2626 vidistis
2856 2581 3109 2640 quantum
3129 2571 3394 2641 patientiae
3417 2575 3696 2642 prtcmium
3716 2575 3743 2627 ?
3767 2576 3967 2629 vidistis

2367 2674 2417 2715 et
2447 2662 2641 2724 virum,
2675 2670 2726 2715 et
2756 2662 3066 2728 mulierem,
3102 2670 3158 2716 et
3180 2677 3387 2727 senem,
3421 2673 3474 2718 et
3503 2664 3768 2731 vetulam,
3805 2683 3964 2736 qnan-

2369 2760 2476 2804 ttnn
2508 2752 2855 2821 philosophia:
2883 2769 2987 2820 [ιι-ιη
3018 2769 3076 2808 se
3103 2754 3375 2808 tulerunt?
3405 2765 3661 2824 quantum
3692 2756 3962 2812 fortitudi-

2370 2843 2454 2894 nis
2479 2883 2494 2906 ,
2523 2852 2775 2911 qnantnm
2822 2853 3017 2896 muttire
3056 2843 3356 2899 dilectionis
3376 2885 3390 2906 .
3422 2855 3678 2914 quantum
3726 2850 3963 2902 caritatis

2368 2935 2634 2988 vinculum
2664 2933 3139 2988 demonstrarunt?
3177 2934 3326 2988 Illum
3357 2949 3545 2990 omnes
3574 2935 3877 3001 imitemur,
3912 2950 3960 2990 et

2367 3041 2655 3096 numquam
2676 3027 2963 3080 tristemur.
2985 3025 3060 3080 Ne
3075 3025 3438 3080 existitnemm
3453 3043 3571 3080 esse
3587 3027 3806 3096 signum
3823 3029 3959 3099 quod

2367 3131 2463 3170 nos
2492 3117 2834 3186 dereliquerit
2859 3125 2911 3170 ct
2947 3115 3206 3184 despiciat
3235 3116 3490 3170 Dominus
3512 3159 3526 3180 ,
3557 3117 3604 3171 si
3633 3120 3961 3171 tentationes

2366 3211 2518 3266 nobis
2549 3211 2842 3264 inferantur
2876 3229 2888 3264 :
2919 3209 3014 3264 sed
3042 3212 3144 3262 hoc
3185 3209 3470 3263 maximum
3509 3210 3580 3263 sit
3624 3210 3787 3264 nobis
3828 3212 3958 3264 indi-

2365 3303 2527 3368 cium,
2555 3302 2695 3370 quod
2721 3301 2856 3354 Deus
2883 3302 3045 3354 nostri
3068 3315 3250 3353 curam
3271 3311 3438 3369 gerat.
3467 3299 3600 3353 Nam
3628 3301 3730 3354 etsi
3763 3302 3960 3354 habea-

2366 3408 2483 3445 mus
2505 3401 2840 3460 peccatorum
2862 3390 3095 3444 sarcinas
3113 3405 3231 3458 quze
3259 3404 3355 3443 nos
3373 3400 3634 3459 premant,
3661 3393 3960 3459 poterimus

2366 3497 2608 3549 magnam
2635 3481 2938 3548 patientiam
2958 3490 3005 3534 et
3029 3480 3318 3548 gratiarum
3344 3479 3606 3532 actionem
3631 3481 3958 3534 declaranda

2365 3573 2592 3626 leviores
2617 3586 2708 3626 eas
2744 3570 2918 3625 facere
2949 3589 2961 3624 :
2994 3579 3048 3624 et
3085 3569 3128 3623 si
3170 3584 3274 3622 non
3306 3569 3468 3622 multa
3497 3568 3798 3624 habeamus
3828 3586 3951 3640 pec-

2364 3670 2498 3725 cata,
2524 3661 2715 3714 iterum
2741 3659 2924 3728 majori
2954 3659 3188 3711 fruemur
3206 3657 3393 3727 gratia,
3426 3658 3469 3711 si
3492 3669 3645 3727 grato
3670 3659 3856 3712 animo
3879 3669 3956 3712 tu.

2366 3750 2600 3802 lerintus.
2616 3749 2747 3815 Quia
2768 3749 2908 3803 enim
2934 3747 3072 3800 Deus
3099 3759 3277 3801 noster
3295 3746 3525 3800 liberalis
3549 3755 3655 3809 est,
3678 3757 3728 3800 et
3760 3759 3953 3802 nostra

2364 3841 2548 3895 salutis
2572 3856 2750 3896 curam
2778 3839 2912 3908 gerit
2938 3857 2950 3892 :
2980 3853 3042 3892 ca
3067 3837 3133 3892 de
3157 3853 3313 3892 causa
3332 3839 3480 3906 quasi
3501 3839 3697 3891 luctam
3722 3849 3778 3893 et
3799 3856 3949 3893 exere

2363 3935 2517 3988 cendi
2551 3935 2822 3987 materiam
2861 3931 3010 3984 nobis
3051 3931 3294 3998 preponit
3316 3971 3331 3994 ,
3365 3944 3461 3998 pro
3499 3928 3672 3982 stadio
3702 3940 3757 3983 et
3793 3945 3949 3984 arena

2367 4023 2684 4076 tentatiOnes
2710 4023 2938 4074 inferens
2973 4039 2984 4074 :
3018 4028 3076 4072 ut
3107 4019 3150 4071 si
3177 4020 3314 4089 qttod
3344 4030 3581 4073 nostrum
3612 4029 3694 4073 est
3731 4031 3948 4090 praste-

2367 4129 2504 4182 mus,
2531 4115 2754 4184 largiore
2770 4112 3016 4182 dignetur
3043 4127 3139 4166 nos
3162 4127 3254 4165 sua
3279 4111 3628 4180 providentia.
3653 4111 3809 4177 Quod
3831 4127 3946 4165 cum

2365 4208 2624 4271 sciamus,
2655 4223 2720 4260 ne
2750 4207 2926 4259 tristes
2956 4205 3122 4258 simus
3150 4205 3202 4257 in
3234 4202 3638 4264 tentatiunibus.
3673 4220 3846 4273 neque
3873 4204 3947 4258 af-

2365 4298 2625 4352 ﬂictiones
2652 4298 2906 4366 gravatim
2938 4296 3169 4350 feramus
3198 4311 3212 4347 :
3245 4293 3336 4347 sed
3366 4303 3420 4348 et
3456 4293 3789 4362 gaudeamus
3812 4335 3826 4357 ,
3859 4311 3945 4349 se-

2364 4389 2594 4442 cundum
2624 4389 2834 4442 beatum
2866 4385 3086 4440 Paulum
3115 4402 3128 4437 :
3164 4383 3317 4437 Nunc
3341 4385 3507 4444 enim.
3534 4384 3725 4450 inquit,
3755 4386 3944 4454 gaudeo

2364 4482 2414 4533 in
2442 4478 2786 4550 aﬂlirt’onibut
2810 4478 2930 4530 meis
2952 4475 3085 4544 (Col.
3117 4475 3170 4529 l.
3197 4475 3266 4529 24
3295 4475 3334 4543 ).
3369 4473 3553 4527 Vidisti
3580 4475 3814 4527 animam
3837 4490 3950 4542 gra-

2369 4582 2472 4624 tam
2498 4571 2520 4622 ?
2551 4569 2678 4622 Nam
2708 4569 2751 4622 si
2779 4567 2828 4620 in
2854 4565 3228 4620 afﬂictionibus
3253 4563 3535 4632 gaudebat,
3561 4563 3834 4630 quomodo
3860 4578 3951 4633 po-

2368 4666 2467 4716 tuit
2498 4677 2726 4730 umquam
2759 4661 2808 4714 in
2839 4659 3048 4712 tristitia
3091 4656 3256 4710 esse?
3292 4657 3336 4708 si
3381 4670 3499 4722 qua:
3542 4653 3677 4706 alios
3713 4655 3949 4713 afﬁciunt

2367 4753 2578 4806 tristitia
2613 4751 2708 4819 ipsi
2741 4747 2946 4817 pariant
2972 4745 3166 4800 lartitim
3196 4744 3530 4797 occasionem
3557 4783 3570 4804 ,
3598 4743 3803 4812 cogita,
3832 4759 3943 4806 oro,

2368 4843 2420 4895 in
2448 4858 2548 4910 quo
2577 4849 2716 4893 statu
2745 4838 2886 4892 illius
2915 4845 3028 4890 erat
3052 4835 3248 4888 anima.
3278 4833 3343 4887 Et
3369 4841 3426 4885 ut
3453 4832 3630 4886 discas
3656 4848 3762 4886 non
3792 4849 3940 4904 posse

2367 4936 2520 4990 aliter
2545 4947 2639 4986 nos
2668 4931 2926 5000 promissa
2967 4930 3101 4983 bona
3142 4926 3386 4994 assequi,
3417 4933 3473 4980 et
3499 4940 3666 4994 regno
3695 4927 3941 4981 celerum

2366 5027 2552 5092 dignos
2593 5023 2704 5077 fieri
2731 5063 2744 5085 ,
2787 5021 2886 5074 nisi
2933 5035 3026 5088 per
3055 5017 3395 5071 amictionem
3425 5016 3584 5069 vitam
3625 5028 3938 5085 prmsentem

2368 5125 2717 5174 transeamus,
2749 5112 2868 5164 audi
2901 5109 3172 5176 apostolos
3198 5107 3436 5161 dicentes
3461 5107 3538 5161 eis
3564 5107 3654 5175 qui
3684 5123 3854 5175 nuper
3881 5107 3937 5159 ad

2369 5206 2522 5258 fidem
2570 5203 2812 5258 conversi
2857 5210 3009 5254 crant
3054 5197 3161 5254 :I'Jt
3211 5215 3324 5251 cum
3372 5197 3690 5257 docuissent,
3735 5197 3898 5265 inquit
3926 5241 3937 5261 ,

2367 5300 2568 5360 multos,
2588 5295 2769 5348 reversi
2788 5302 2902 5346 sunt
2920 5291 3172 5360 Lystram,
3195 5298 3240 5342 et
3264 5287 3507 5346 Iconium,
3533 5297 3579 5339 et
3607 5288 3939 5348 Antiochiam,

2365 5390 2529 5440 denuo
2552 5387 2905 5453 con/irritante:
2923 5385 3114 5436 animat
3135 5381 3517 5450 discipulorum,
3538 5380 3940 5445 exhortantesque

2369 5487 2421 5529 ut
2450 5486 2813 5546 perseverarent
2841 5477 2890 5527 in
2918 5475 3019 5540 ﬁde
3042 5515 3056 5536 ,
3088 5484 3133 5524 et
3169 5472 3303 5540 quod
3334 5489 3422 5540 per
3448 5470 3635 5523 multa:
3661 5471 3938 5538 afﬂictione:

2368 5580 2555 5639 oportet
2579 5586 2668 5621 nos
2690 5573 2878 5620 intrare
2895 5566 2945 5617 in
2962 5580 3166 5633 regnum
3190 5565 3426 5615 ca’lorum
3450 5562 3581 5627 (Att.
3613 5562 3701 5615 H.
3719 5561 3781 5615 2|
3798 5601 3809 5612 .
3831 5561 3932 5622 ξε).

2367 5662 2546 5728 Qualis
2576 5659 2731 5728 igitur
2761 5658 2977 5727 posthac
3007 5653 3108 5708 erit
3140 5653 3290 5706 nobis
3317 5651 3608 5711 excusatio,
3640 5651 3685 5702 si
3719 5653 3935 5704 uolucri.

2369 5769 2484 5805 inus
2515 5764 2770 5819 generose
2794 5763 2852 5801 ac
2883 5746 3084 5800 fortiter
3105 5744 3280 5799 omnia
3316 5742 3452 5796 ferre
3475 5757 3592 5809 qum
3622 5741 3932 5794 inferuntur:

2374 5854 2664 5907 przl‘St‘l‘ilm
2707 5838 2936 5891 scientes
2977 5851 3078 5890 non
3123 5848 3278 5903 posse
3305 5833 3454 5886 aliter
3478 5844 3576 5884 nos
3606 5830 3828 5886 salutem
3854 5845 3931 5882 as-
