4092 6536
179 456 303 519 ωδ

177 556 496 648 Δίγυπτίῳ,
552 575 646 630 καὶ
680 571 921 645 βασιλεῖ,
955 573 1048 628 καὶ
1079 572 1355 645 τυράννῳ,
1411 574 1504 629 καὶ
1548 573 1691 628 οὕτω
1742 593 1870 647 μαι-

1330 453 1399 514 ΙΝ
1430 457 1582 514 CAP.
1624 454 1716 514 χιι
1749 455 1995 514 GENES.
2036 454 2271 514 IIOMIL.
2311 451 2527 511 XXXII.

3561 454 3666 511 ὅθι

1981 575 2129 644 ἡμᾶς
2143 573 2246 643 τῆς
2263 572 2428 626 αὐτοῦ
2451 569 2736 642 δυνάμεως
2755 569 2816 623 τὸ
2838 568 3088 641 μέγεθος.
3105 567 3316 638 Ἀνέϐη
3337 568 3405 623 δὲ
3437 570 3664 642 Ἀϐραμ

180 662 442 732 νομινῳ,
490 662 586 714 καὶ
636 657 952 721 ἀκολάστως
994 655 1324 728 διακειμένῳ
1382 658 1875 725 συγκατακλιθεῖσα
1977 661 2043 725 ἐξ
2067 662 2385 730 Αἰγύπτου,
2417 660 2601 726 αὐτὸς
2625 660 2721 712 καὶ
2756 659 2794 726 ἠ
2815 657 2970 728 γυνὴ
2993 658 3201 722 αὑτοῦ,
3237 659 3336 711 καὶ
3370 657 3568 712 πάντα
3591 662 3665 712 τὰ

179 745 475 816 ἀνέπαφος
507 744 676 814 ἐξῄει,
706 745 806 814 τὴν
843 741 1049 796 οίκείαν
1084 739 1437 812 σωφροσύνην
1465 741 1723 810 ἀκέραιον
1757 742 1873 796 δια-

177 829 499 900 ⁴τηρήσασα.
536 824 770 894 Τοιαῦτα
796 823 926 896 γάρ,
963 823 1214 895 καθάπερ
1247 822 1418 894 ἔφθην
1443 824 1653 888 ⁵εἰπὼν,
1689 825 1775 877 ἀεὶ
1804 826 1871 878 τὰ

182 912 346 982 παρὰ
371 909 468 964 τοῦ
498 908 634 963 Θεοῦ
660 907 1110 978 οίκονομούμενα,
1143 907 1432 978 θαυμαστά
1454 909 1548 960 καὶ
1572 907 1866 979 παράδοξα.

180 993 306 1049 Καὶ
329 994 457 1047 ὅταν
483 991 634 1063 παρά
653 991 764 1044 τῶν
784 988 1087 1061 ἀνθρώπων
1109 989 1435 1060 ἀπογνωσθῇ
1459 991 1527 1043 τά
1547 992 1868 1061 πράγματα,

177 1077 316 1131 ’τότε
346 1076 507 1139 αὐτὸς
533 1075 803 1128 δείκνυσιν
839 1071 1006 1126 αὑτοῦ
1035 1073 1136 1144 τὴν
1167 1074 1378 1144 ἄμαχον
1421 1077 1478 1128 ἐν
1509 1077 1681 1129 ἀπασι
1705 1074 1868 1128 δύνα-

179 1175 308 1230 μιν.
337 1159 548 1227 Ὥσπερ
573 1157 682 1226 γὰρ
719 1155 1028 1224 θαυμαστὸν
1053 1150 1120 1225 ἦν
1152 1155 1245 1208 καὶ
1279 1157 1614 1227 παράδοξον,
1648 1155 1740 1209 τὸν
1778 1156 1870 1209 ἄν·

176 1243 292 1313 δρα
336 1242 444 1294 τῶν
487 1238 794 1308 ἐπιθυμιῶν
827 1239 951 1291 ἰδεῖν
984 1240 1042 1290 ἐν
1074 1238 1223 1308 μέσῳ
1266 1241 1374 1291 τῶν
1409 1241 1612 1313 Θηρίων
1645 1241 1868 1293 ἐκείνων

178 1327 578 1395 κυκλούμενον,
621 1323 718 1376 καὶ
767 1322 932 1392 μηδὲν
965 1323 1263 1391 πάσχοντα,
1295 1322 1430 1375 ἀλλά
1472 1323 1723 1392 καθάπερ
1762 1323 1866 1376 ὑπὸ

175 1409 478 1481 προϐάτων
512 1407 1066 1479 περιστοιχιζόμενον,
1095 1403 1268 1471 οὕτως
1299 1408 1457 1480 ἀσινῆ
1503 1410 1566 1460 ἐκ
1605 1408 1699 1460 τοῦ
1737 1408 1867 1462 λάκ-

174 1506 284 1542 κου
318 1489 553 1550 ἀνιόντα,
604 1490 700 1543 καὶ
746 1488 872 1551 τοὺς
923 1490 1074 1558 τρεῖς
1127 1489 1323 1553 παῖδας
1381 1491 1439 1543 ἐν
1493 1493 1560 1561 τῇ
1608 1490 1862 1561 καμίνῳ,

176 1571 439 1643 καθάπερ
486 1573 543 1625 ἐν
572 1570 797 1642 λειμῶνι
837 1571 930 1624 καὶ
968 1571 1278 1642 παραδείσῳ
1327 1571 1722 1644 διατρίϐοντας,
1770 1574 1866 1626 καὶ

180 1658 354 1727 μηδὲν
390 1656 495 1710 ὑπὸ
524 1654 618 1708 τοῦ
647 1654 818 1726 πυρὸς
848 1653 1276 1724 βλαπτομένους,
1309 1654 1443 1708 ἀλλά
1475 1655 1726 1726 καθάπερ
1769 1657 1862 1710 ἀν-

171 1737 438 1809 δριάντας
466 1738 638 1802 οὕτως
664 1736 874 1790 ἐκεῖθεν
905 1735 1236 1802 ἐξελθόντας
1264 1736 1354 1790 τὸν
1383 1737 1547 1790 αὑτὸν
1565 1737 1628 1809 δὴ
1663 1738 1863 1810 τρόπον

175 1821 464 1890 Θαυμάσαι
494 1819 644 1884 ἀξιον
674 1821 767 1872 καὶ
798 1819 858 1872 τὸ
889 1819 983 1873 νῦν
1026 1819 1248 1887 γεγονὸς
1268 1860 1284 1885 ,
1317 1819 1399 1873 ὅτι
1440 1822 1474 1890 ἡ
1518 1819 1613 1873 τοῦ
1651 1820 1860 1874 δικαίου

173 1901 321 1971 γυνὴ
364 1900 622 1970 οὐδεμίαν
668 1898 827 1971 ὕϐριν
881 1900 1222 1970 ὑπομείνασα
1266 1902 1416 1970 παρά
1458 1901 1552 1954 τοῦ
1597 1903 1860 1972 βασιλέως

171 1982 277 2036 τοῦ
309 1982 640 2051 Αἰγυπτίου,
653 1981 746 2035 τοῦ
774 1981 1063 2054 τυράννου,
1085 1981 1180 2035 τοῦ
1203 1983 1526 2047 ἀκολάστου,
1549 1983 1698 2055 ἐξῄει
1721 1985 1857 2041 σῶα.

171 2066 313 2129 Θεὸς
342 2067 450 2136 γάρ
478 2061 546 2136 ἦν
568 2067 596 2118 ὁ
627 2064 694 2118 τὰ
721 2066 899 2119 πάντα
934 2066 1306 2136 ἐργασάμενος
1325 2107 1339 2130 ,
1366 2069 1395 2120 ό
1421 2070 1514 2121 καὶ
1545 2070 1601 2121 ἐν
1631 2069 1859 2140 ἀπόροις

174 2152 350 2221 πόρον
377 2150 570 2214 διδοὺς,
616 2150 712 2202 καὶ
754 2149 824 2203 τά
865 2151 1165 2220 πράγματα
1211 2149 1272 2214 ἐξ
1302 2151 1745 2222 ἀπεγνωσμένων
1780 2155 1858 2216 είς

172 2233 373 2286 ἐλπίδα
400 2231 642 2303 χρηστὴν
670 2231 824 2300 ἀγειν
866 2233 955 2285 ἀεὶ
993 2231 1310 2302 δυνάμενος.
1344 2234 1453 2287 Καὶ
1492 2233 1609 2288 νῦν
1643 2234 1773 2288 ίδοὺ
1818 2236 1856 2304 ἠ

173 2316 336 2387 γυνή
372 2330 488 2369 σου
509 2315 790 2372 ἐναντίον
822 2328 960 2368 σου-
999 2313 1204 2368 λαϐὼν
1227 2316 1540 2384 ἀπότρεχε.
1575 2315 1668 2388 Μὴ
1705 2318 1857 2387 νομί-

175 2410 305 2469 σῃς,
346 2400 530 2467 φησὶν,
573 2396 866 2466 ⁴Ιιδικῆσθαί
906 2413 966 2450 σε
1017 2397 1146 2466 παρ’
1194 2398 1375 2467 ἡμῶν.
1413 2399 1476 2451 Et
1523 2399 1630 2469 γὰρ
1674 2400 1770 2453 καὶ
1799 2401 1858 2465 ἐξ

173 2479 406 2548 ἀγνοίας
437 2479 507 2532 τὰ
538 2479 638 2549 τῆς
673 2479 1067 2551 ἐπιχειρήσεως
1112 2481 1244 2549 ἡμῖν
1293 2480 1538 2549 γέγονεν,
1582 2482 1696 2534 ἀλλ’
1745 2482 1855 2536 ίδοὺ

174 2567 277 2620 νῦν
308 2567 570 2636 ἔγνωμεν,
607 2562 719 2619 οἷον
754 2567 898 2636 ἔχεις
928 2567 1259 2638 προστάτην·
1296 2569 1389 2622 καὶ
1421 2571 1454 2640 ἡ
1484 2569 1858 2642 ἀγανάκτησις

169 2654 208 2720 ή
240 2650 360 2703 καθ’
385 2649 541 2720 ὴμῶν
569 2650 834 2719 γενομένη
880 2649 1117 2713 ἐδίδαξεν
1161 2652 1346 2720 ἡμεῖς,
1383 2651 1515 2722 ὅσης
1562 2652 1856 2715 ἀπολαύεις

82 2765 86 2778 ι
174 2731 332 2803 παρά
365 2731 459 2784 τοῦ
494 2731 600 2784 τῶν
638 2732 895 2785 ἁπάντων
938 2731 1074 2784 Θεοῦ
1112 2733 1211 2803 τῆς
1253 2734 1487 2798 εὐνοίας.
1529 2733 1726 2787 Λαϐὼν
1760 2730 1854 2788 οὖν

173 2817 277 2885 τὴν
315 2815 546 2882 γυναῖκά
570 2831 664 2866 σου
692 2814 982 2885 ἀπότρεχε.
1015 2815 1247 2886 Φοϐερὸς
1279 2816 1464 2870 λοιπὸν
1502 2813 1569 2888 ἦν
1604 2817 1788 2880 αὐτοῖς
1826 2817 1854 2869 ό

165 2899 405 2963 δίκαιος,
442 2897 508 2950 δι’
559 2895 588 2949 ὅ
640 2898 735 2950 καὶ
790 2898 928 2966 μετὰ
981 2897 1313 2968 πολλῆςτῆς
1347 2898 1642 2970 θεραπείας
1690 2900 1854 2954 αὐτὸν

176 2981 500 3051 προπέμψαι
531 2980 862 3048 ἐπείγονται,
915 2980 1002 3032 διά
1049 2980 1159 3035 τῶν
1207 2983 1286 3046 εἰς
1344 2984 1504 3037 αὑτὸν
1555 2985 1855 3056 γινομένων

174 3065 268 3118 τὸν
300 3063 466 3118 αὑτοῦ
494 3063 771 3132 Δεσπότην
804 3062 1303 3135 ἐξευμενιζόμενοι.

246 3164 317 3228 η’.
350 3153 521 3221 Εἶδες,
551 3157 824 3226 ἀγαπητέ,
851 3161 973 3211 ὅσον
997 3159 1143 3212 ἐστὶν
1167 3160 1415 3231 ὑπομονὴ
1437 3162 1531 3213 καὶ
1551 3163 1848 3234 καρτερίας

186 3239 450 3292 Ἑνταῦθά
485 3255 575 3309 μοι
603 3240 1024 3310 ἀναμιμνήσκου
1055 3241 1162 3294 τῶν
1188 3244 1449 3312 ῥημάτων
1480 3245 1727 3310 ἐκείνων,
1752 3239 1849 3312 ὧν,

170 3324 250 3375 δτν
303 3320 527 3391 ἔμελλον
583 3320 1017 3394 πλησιάζειν,τῇ
1074 3325 1366 3395 Αίγύπτῳς
1425 3326 1454 3378 δ
1505 3327 1852 3398 πατριάρχης

169 3406 345 3474 ἔλεγε·
389 3403 672 3457 Γινώσκω
701 3405 792 3458 ὅτι
819 3405 973 3474 γυνὴ
1000 3408 1392 3474 εὐπρόσωπος
1418 3404 1489 3462 εἶ’
1512 3409 1682 3464 ἔσται
1713 3406 1848 3474 οὖν,

169 3489 250 3555 ὡς
278 3487 352 3541 ἂν
385 3488 558 3540 ἴδωσί
580 3501 655 3540 σε
688 3490 743 3540 oi
781 3489 1110 3556 Αἰγύπτιοι,
1148 3489 1253 3557 ἐμὲ
1297 3491 1724 3558 ἀποκτενοῦσι,
1776 3494 1851 3546 σὲ

167 3571 242 3625 δὲ
275 3569 786 3638 περιποιήσονται.
832 3571 1042 3624 Ἐκεῖνα
1075 3571 1255 3625 τοίνυν
1302 3574 1360 3625 ἐν
1409 3574 1618 3645 διανοίᾳ
1667 3574 1848 3628 λαϐὼν

173 3654 463 3708 σκόπειτά
500 3652 593 3704 νῦν
631 3652 914 3723 γινόμενα,
943 3654 1039 3708 καὶ
1083 3653 1329 3725 θαύμαζε
1369 3655 1462 3709 καὶ
1501 3656 1594 3710 τοῦ
1638 3658 1846 3713 δικαίου

170 3738 271 3808 τὴν
308 3734 604 3806 ὑπομονὴν,
637 3736 730 3787 καὶ
761 3735 853 3788 τοῦ
885 3736 1271 3806 φιλανθρώπου
1302 3737 1436 3790 Θεοῦ
1459 3738 1556 3810 τὴν
1587 3739 1844 3810 δύναμιν,

175 3820 294 3890 μεθ’
321 3820 452 3889 ὅσης
505 3818 662 3887 δόξης
692 3819 1007 3874 ἐπανελθεῖν
1043 3821 1454 3890 παρασκευάζει
1477 3821 1567 3874 τὸν
1600 3823 1807 3877 δίκαιον
1829 3868 1843 3892 ,

172 3903 264 3954 τὸν
306 3901 441 3972 μετά
468 3901 722 3954 τοσούτου
767 3902 935 3970 φόϐου
984 3903 1079 3956 καὶ
1122 3901 1270 3966 δέους
1323 3903 1565 3958 ἐλθόντα.
1615 3908 1720 3960 Καὶ
1750 3908 1848 3961 ἐν-

175 3985 459 4046 ετείλατο,
477 3983 630 4054 φησὶ,
655 3983 864 4053 Φαραὼ
879 3984 1136 4053 ἀνδράσι
1160 3985 1291 4052 περὶ
1317 3985 1551 4055 Ἄϐραμ,
1577 4003 1847 4057 συμπρο-

172 4068 399 4136 πέμψαι
425 4068 612 4122 αὐτὸν
656 4068 753 4122 καί
796 4067 911 4136 τὴν
955 4068 1210 4137 γυναῖκα
1238 4068 1461 4133 αὑτοῦ,
1507 4071 1605 4123 καὶ
1648 4072 1846 4125 πάντα

169 4151 288 4203 ὅσα
309 4145 582 4218 ἦναύτῷ,
611 4151 707 4203 καί
755 4148 864 4203 τὸν
912 4149 1043 4204 Λὼτ
1085 4150 1442 4219 μετ-ἀὺτοῦ.
1491 4153 1643 4207 Μετά
1684 4172 1844 4225 περι-

170 4233 394 4300 φανείας
428 4231 609 4285 λοιπὸν
644 4233 862 4303 ἀπάσης
897 4232 925 4284 ό
957 4232 1164 4297 δίκαιος
1206 4235 1454 4302 ἐπάνεισι
1491 4237 1584 4290 καὶ
1627 4255 1846 4309 περιου-

173 4316 294 4376 σίας
321 4314 538 4384 πολλῆς,
585 4316 680 4368 καὶ
720 4315 930 4384 γίνεται
961 4315 1045 4372 κού
1105 4317 1264 4386 μόνον
1309 4317 1418 4373 τῶν
1472 4321 1530 4372 ἐν
1581 4321 1844 4394 Αἰγύπτῳ

166 4397 484 4461 διδάσκαλος
517 4397 605 4451 διὰ
635 4398 740 4452 τῶν
765 4399 1211 4469 συμϐεϐηκότων,
1242 4400 1381 4454 ἀλλὰ
1427 4403 1520 4455 καὶ
1553 4407 1665 4467 τοῖς
1702 4407 1844 4459 κατά

169 4478 268 4548 τὴν
297 4478 413 4532 όδὺν
441 4479 633 4546 ἀπασι,
666 4481 761 4532 καὶ
788 4484 900 4544 τοῖς
933 4483 1014 4545 είς
1047 4482 1149 4553 τὴν
1183 4483 1548 4554 Παλαιστίνην
1576 4486 1839 4540 οἰκοῦσιν.

171 4564 231 4614 υἱ
259 4561 366 4632 γάρ
397 4562 597 4624 ἰδόντες
627 4563 810 4627 αὑτὸν,
857 4564 1017 4634 ἡνίκα
1049 4564 1244 4635 κατῄει
1281 4566 1370 4619 διὰ
1396 4567 1495 4636 τὴν
1539 4569 1632 4622 τοῦ
1679 4569 1840 4641 λιμοῦ

167 4651 432 4720 ἀνάγκην,
486 4650 623 4720 μετά
661 4649 826 4718 φόϐου
875 4651 968 4704 καὶ
1019 4651 1224 4722 τρόμου
1280 4655 1561 4716 κατιόντα,
1613 4659 1706 4711 καὶ
1747 4658 1842 4712 νῦν

172 4732 332 4784 πάλιν
347 4733 405 4784 ἐν
432 4732 668 4804 τοσαύτῃ
698 4735 1027 4805 περιφανείᾳ
1054 4737 1147 4788 καὶ
1175 4740 1464 4810 περιουσίᾳ
1486 4742 1580 4793 καὶ
1603 4742 1836 4813 πλούτῳ,

169 4814 468 4886 ἐμάνθανον
491 4815 591 4884 τῆς
619 4818 747 4885 περὶ
786 4817 945 4869 αὐτὸν
972 4817 1066 4870 τοῦ
1096 4819 1230 4871 Θεοῦ
1267 4823 1523 4889 προνοίας
1553 4823 1650 4894 τὴν
1678 4825 1840 4878 δύναι-

172 4917 282 4969 μιν.
319 4898 412 4962 Τίς
440 4894 545 4952 εἶδέ
573 4916 739 4966 ποτες
768 4901 846 4965 τίς
885 4903 1152 4971 ῆκουσεν;
1197 4905 1432 4974 Ἀπῆλθε
1470 4907 1629 4978 λιμοῦ
1663 4927 1840 4978 παρα-

173 4982 368 5052 μυθίαν
383 4983 664 5056 εῦρασθαι·
681 4986 776 5037 καὶ
797 4985 1025 5038 πλοῦτον
1049 4987 1556 5060 περιϐαὶ.[λ]όμενος
1575 4993 1839 5058 καὶδόξαν

171 5064 404 5133 ἄφατον,
466 5066 638 5131 οὔτως
671 5067 1049 5138 ἐπανέρχεται.
1087 5069 1178 5139 Μὴ
1230 5070 1510 5146 ξενισθῇς,
1549 5076 1836 5146 ἀγαπητὴ

175 5147 307 5218 μηδέ
332 5147 483 5220 [329]
515 5149 806 5222 θαυμάσῃς
836 5153 929 5204 ἐπὶ
977 5150 1056 5222 τῷ
1087 5153 1353 5221 γεγονότι·
1401 5157 1602 5225 μᾶλλον
1644 5160 1700 5212 δέ
1744 5161 1838 5213 καὶ

173 5231 469 5303 θαύμασον,
502 5233 597 5286 καὶ
627 5233 956 5304 ἐκπλάγηθι,
993 5235 1088 5287 καὶ
1120 5235 1309 5300 δόξαζε
1354 5237 1448 5290 τοῦ
1485 5240 1664 5295 κοινοῦ
1702 5244 1838 5296 πάν-

174 5332 279 5370 ¹¹ιων
308 5314 464 5384 ἡμῶν
492 5317 764 5369 Δεσπότου
794 5317 891 5387 τὴν
923 5318 1173 5390 δύναμιν.
1201 5322 1308 5374 Καὶ
1329 5322 1430 5394 ὅρα.
1459 5324 1695 5390 καὶτοὺς
1718 5328 1839 5382 τού-

173 5415 266 5455 του
299 5398 614 5464 ἀπογόνους,
653 5399 794 5453 κατά
826 5399 916 5453 τὸν
968 5403 1131 5457 αὑτὸν
1165 5405 1366 5475 τρόπον
1418 5408 1702 5473 κατιόντας
1740 5414 1839 5482 μὲν

174 5486 253 5547 εἰς
280 5484 547 5560 Αίγύπτον
578 5484 737 5538 πάλιν
769 5483 858 5537 διὰ
888 5484 987 5555 τὴν
1031 5487 1276 5558 ἀνάγκην
1306 5490 1397 5541 τοῦ
1431 5490 1612 5562 λιμοῦ,
1655 5500 1836 5548 κακεῖο

175 5565 264 5620 θεν
290 5566 468 5625 πάλιν.
496 5565 633 5635 μετά
665 5565 864 5638 πολλὴν
892 5565 1137 5622 δουλείαν
1169 5573 1262 5624 καὶ
1287 5572 1684 5645 ταλαιπωρίαν,
1712 5582 1832 5648 μετ’

175 5649 425 5721 εὐπορίας
448 5650 717 5711 ἀνιόντας.
746 5650 998 5704 Τοιοῦτον
1030 5651 1140 5724 γάρ
1173 5654 1481 5726 εὐμήχανος
1511 5659 1539 5710 ό
1562 5661 1836 5730 Δεσπότης

175 5733 202 5785 ό
231 5731 511 5804 ἡμέτερος.
549 5733 720 5786 Ὅταν
755 5736 1083 5806 συγχωρήσῃ
1118 5738 1505 5808 κορυφωθῆναι
1551 5740 1620 5794 τὰ
1664 5743 1835 5807 δεινὰ,

175 5816 287 5869 τότε
314 5814 478 5870 πάλιν
493 5814 850 5878 διασκεδάσας
862 5815 953 5869 τὸν
980 5819 1244 5888 χειμῶνα,
1268 5821 1837 5894 γαλήνηνέργάζεται,

181 5901 262 5954 ml
297 5899 497 5967 πολλὴν
531 5899 639 5952 τῶν
686 5899 1026 5970 πραγμάτων
1075 5902 1169 5973 τὴν
1199 5904 1515 5977 μεταϐολὴν,
1570 5907 1835 5962 διδάσκων

1976 742 2179 805 αὑτοῦ,
2201 741 2296 795 καί
2323 741 2451 796 Λὼτ
2469 741 2598 809 μετ’
2625 741 2834 804 αὑτοῦ,
2860 742 2949 808 είς
2964 740 3082 809 τὴν
3107 740 3355 810 ἔρημον.
3373 741 3663 812 Εὐκαίρως

1973 827 2038 879 ἀν
2054 843 2136 889 τις
2166 823 2426 895 ἁρμόσειε
2446 823 2522 894 τῷ
2549 823 2741 894 δικαίῳ
2759 823 2936 894 τούτῳ
2955 825 3140 877 ἐκεῖνα
3157 824 3225 878 τά
3249 825 3493 894 ῥήματα,
3516 825 3662 895 άπερ

1971 911 2007 960 6’
2029 909 2297 979 μακάριος
2323 905 2487 958 Δαυῒδ
2508 908 2620 968 τοῖς
2641 907 2748 959 ἀπὸ
2766 907 2867 978 τῆς
2890 909 2948 961 ἐν
2977 906 3258 961 Βαϐυλῶνι
3279 907 3662 978 αἰχμαλωσίας

1971 990 2357 1045 ἐπανελθοῦσιν
2383 989 2590 1057 ἐλεγεψ
2611 991 2677 1043 Ol
2710 990 3067 1058 σπείροντες
3102 991 3172 1044 ἐν
3203 989 3540 1058 δάκρυσιν,
3589 990 3663 1044 ἐν

1970 1071 2327 1139 ἀγαλλιάσει
2380 1071 2664 1140 θεριοῡσι.
2696 1073 3093 1142 Πορευόμενοι
3129 1074 3514 1142 ἐπορεύοντο,
3557 1076 3658 1129 καὶ

1969 1157 2224 1210 ἔκλαιον
2241 1153 2589 1220 βάλλοντες
2618 1155 2691 1207 τὰ
2717 1153 3034 1225 σπέρματα
3058 1154 3278 1210 αὐτῶν.
3311 1156 3661 1226 Ἐρχόμενοι

1969 1236 2037 1290 δὲ
2065 1238 2328 1305 ἥξουσιν
2361 1238 2427 1291 ἐν
2463 1236 2857 1307 ἀγαλλιάσει,
2905 1238 3180 1306 αἴροντες
3226 1239 3300 1294 τὰ
3349 1238 3658 1310 δράγματα

1967 1317 2186 1375 αὐτῶν.
2205 1317 2358 1390 Είδες
2380 1319 2607 1374 κάθοδον
2633 1319 2844 1388 ἀγῶνος
2881 1320 2976 1374 καὶ
3006 1321 3161 1385 δέους
3187 1323 3657 1395 πεπληρωμένην,

1970 1403 2063 1458 καὶ
2096 1406 2224 1476 περὶ
2255 1404 2422 1458 αὑτοῦ
2453 1402 2548 1457 τοῦ
2580 1403 2814 1458 θανάτου
2844 1403 2934 1456 τὸν
2969 1403 3134 1472 φόϐον
3187 1404 3417 1476 ἔχουσαν
3447 1409 3660 1462 ἐπικείο

1970 1486 2326 1559 μενον;”ορα
2359 1488 2522 1542 πάλιν
2545 1487 2728 1541 ἄνοδον
2746 1487 3106 1557 περιφανείας
3141 1489 3347 1559 πολλῆς
3379 1491 3657 1560 γέμουσαν

1967 1569 2060 1623 καὶ
2083 1569 2485 1642 λαμπρότητος.
2501 1571 2644 1623 Πᾶσι
2664 1570 2772 1639 γὰρ
2791 1569 2977 1623 λοιπὸν
3003 1570 3282 1641 αἰδέσιμος
3299 1567 3368 1643 ἦν
3385 1573 3412 1625 ό
3426 1573 3655 1637 δίκαιος,

1965 1652 2060 1708 καὶ
2080 1656 2189 1717 τοῖς
2224 1652 2281 1707 ἐν
2300 1652 2583 1722 Αἰγύπτῳ,
2602 1654 2695 1705 καὶ
2719 1654 2830 1715 τοῖς
2867 1654 2924 1705 ἐν
2944 1652 3297 1727 Παλαιστίνῃ.
3314 1654 3411 1717 Τίς
3429 1656 3537 1726 γὰρ
3559 1657 3660 1709 οὐκ

1965 1733 2031 1788 ἂν
2051 1734 2250 1806 ᾐδέσθη
2266 1735 2358 1789 τὸν
2372 1734 2545 1799 οὕτως
2565 1735 2670 1788 ὑπὸ
2686 1733 2781 1787 τοῦ
2802 1733 2937 1787 Θεοῦ
2962 1735 3394 1807 φρουρούμενον,
3420 1741 3513 1791 καὶ
3534 1757 3660 1791 τοσ-

1963 1817 2137 1890 αύτης
2171 1818 2490 1890 ἀξιούμενον
2523 1818 2780 1891 προνοίας
2804 1828 2824 1883 ;’
2855 1815 3065 1872 Οὐδένα
3096 1818 3208 1889 γὰρ
3241 1819 3370 1883 ἴσως
3403 1821 3557 1874 ἔλαθε
3589 1823 3659 1876 τὰ

1965 1903 2043 1964 είς
2059 1901 2150 1954 τὸν
2183 1901 2409 1972 βασιλέα
2428 1902 2711 1971 γεγονότα,
2731 1900 2826 1954 καὶ
2843 1900 2932 1953 τὸν
2961 1897 3109 1954 οἷκον
3130 1902 3318 1956 αὐτοῦ.
3341 1904 3526 1956 Πάντα
3548 1906 3619 1972 γά
3627 1926 3658 1976 ρ

1961 1983 2050 2038 διά
2077 1985 2234 2039 τοῦτο
2271 1985 2655 2057 συνεχωρήθη,
2708 1986 2803 2038 καὶ
2850 1984 2938 2038 διὰ
2985 1984 3144 2038 τοῦτο
3188 1988 3350 2057 μέχρι
3402 1989 3658 2043 τοσούτου

1963 2068 2206 2141 προῆλθε
2227 2069 2296 2122 τά
2322 2069 2431 2123 τῶν
2463 2068 2786 2140 πειρασμῶν
2820 2065 2899 2138 τῷ
2931 2068 3149 2140 δικαίῳ,
3178 2070 3266 2123 ἵνα
3293 2071 3386 2123 καὶ
3427 2073 3594 2127 αὑτοῦ
3623 2079 3654 2143 ἡ

1963 2152 2207 2224 ὑπομονὴ
2237 2152 2595 2224 λαμπροτέρα
2635 2152 2882 2222 γένηται,
2931 2152 3027 2205 καὶ
3077 2151 3148 2205 τά
3196 2155 3330 2224 παρ’
3373 2154 3540 2207 αὑτοῦ
3577 2159 3656 2220 είς

1961 2235 2178 2289 ἃπασαν
2215 2235 2470 2306 ἐξενεχθῇ
2504 2234 2602 2306 τὴν
2641 2235 2998 2306 οἰκουμένην,
3047 2237 3144 2291 κα)⁵
3188 2237 3379 2308 μηδεὶς
3426 2239 3658 2304 ἀνήκοος

1960 2316 2190 2388 γένηται
2223 2319 2324 2389 τῆς
2354 2319 2557 2388 ἀρετῆς
2585 2317 2680 2371 τοῦ
2714 2317 2948 2370 δικαίου.

2030 2398 2098 2455 θ’.
2128 2400 2335 2466 Είδετε,
2371 2401 2668 2470 ἀγαπητοὶ,
2697 2401 2818 2455 ὅσον
2850 2401 2960 2453 τῶν
2993 2400 3319 2472 πειρασμῶν
3340 2401 3402 2454 τὸ
3425 2402 3653 2473 κέρδος;

1960 2483 2130 2537 εἴδετε
2162 2484 2260 2555 ὅση
2292 2487 2390 2555 τῆς
2427 2483 2707 2556 ὑπομονῆς
2743 2486 2778 2556 ἡ
2825 2484 3027 2556 ἀμοιϐή
3055 2502 3069 2550 ;
3099 2486 3270 2538 είδετε
3311 2487 3406 2540 καὶ
3440 2487 3610 2559 ἄνδρα
3638 2530 3652 2552 ,

1960 2567 2056 2621 καὶ
2103 2570 2357 2637 γυναῖκα,
2414 2568 2509 2622 καὶ
2559 2568 2813 2638 γέροντα,
2879 2569 2972 2622 καὶ
3022 2569 3469 2642 προϐεϐηκυῖαν,
3521 2574 3654 2641 ὅσην

1958 2648 2301 2714 ἐπεδείξαντο
2343 2649 2441 2720 τὴν
2476 2650 2823 2720 φιλοσοφίαν,
2880 2653 3013 2723 ὅσην
3049 2652 3150 2724 τὴν
3201 2654 3478 2725 ἀνδρείαν,
3521 2656 3655 2726 ὅσην

1955 2733 2058 2802 τὴν
2119 2733 2249 2802 περὶ
2307 2733 2575 2803 ἀλλήλους
2629 2734 3038 2806 φιλοστοργίαν,
3087 2736 3221 2806 ὅσην
3273 2737 3374 2806 τῆς
3427 2738 3654 2808 ἀγάπης

1957 2814 2047 2867 τὸν
2114 2817 2445 2886 σύνδεσμον;
2510 2816 2715 2871 Τοῦτον
2772 2819 3014 2883 ἆπαντες
3078 2819 3498 2891 μιμησώμεθά,
3558 2824 3652 2876 καὶ

1961 2896 2231 2966 μηδέποτε
2283 2898 2642 2969 ἀσχάλλωμεν
2669 2941 2684 2966 ,
2751 2900 2888 2972 μηδέ
2946 2889 3262 2972 νομίζωμεν
3322 2889 3647 2970 ἐγκαταλεί-

1953 2977 2102 3046 ψεως
2132 2975 2273 3033 εἶναι
2313 2979 2408 3034 τοῦ
2449 2979 2586 3034 Θεοῦ
2639 2981 2734 3035 καὶ
2783 2982 2878 3036 τοῦ
2925 2983 3291 3054 περιορᾶσθαι
3348 2987 3652 3056 τεκμήριον

1955 3061 2052 3131 τὴν
2091 3061 2200 3114 τῶν
2240 3063 2563 3134 πειρασμῶν
2611 3065 2933 3134 ἐπαγωγὴν,
2987 3064 3125 3119 ἀλλά
3174 3064 3337 3118 τοῦτο
3392 3067 3651 3137 μέγιστον

1957 3141 2238 3213 ποιώμεθα
2276 3144 2473 3214 μᾶλλον
2501 3145 2702 3215 δεῖγμα
2730 3148 2827 3217 τῆς
2851 3146 2982 3216 περὶ
3003 3148 3154 3217 ἡμᾶς
3187 3147 3283 3201 τοῦ
3316 3148 3454 3202 Θεοῦ
3490 3149 3649 3220 κηδε·

1957 3231 2169 3299 μονίας.
2207 3231 2306 3284 Ἂν
2359 3247 2418 3283 τε
2475 3231 2585 3302 γάρ
2612 3234 3030 3303 ἁμαρτημάτων
3065 3233 3280 3306 ἔχωμεν
3324 3236 3650 3306 ἐπικείμενα

1953 3319 2086 3388 ἡμῖν
2113 3317 2337 3388 φορτία,
2369 3317 2735 3390 δυνησόμεθα,
2768 3320 2970 3392 πολλὴν
2994 3320 3093 3392 τὴν
3121 3322 3401 3392 ὑπομονὴν
3429 3323 3524 3377 καὶ
3551 3324 3649 3386 τὴν

1953 3405 2303 3476 εὐχαριστίαν
2320 3406 2744 3476 ἐπιδειξάμενοι,
2761 3409 3070 3480 κουφότερα
3086 3409 3263 3464 ταῦτα
3283 3411 3644 3480 ἐργάσασθαι·

1953 3493 2017 3547 ἄν
2054 3509 2114 3546 τε
2152 3493 2228 3564 μὴ
2259 3492 2431 3570 πολλά
2461 3493 2675 3564 ἔχωμεν
2726 3495 3124 3566 ἁμαρτήματα,
3169 3496 3335 3551 πάλιν
3367 3500 3462 3551 καὶ
3505 3501 3653 3552 οὕτω

1953 3580 2193 3645 πλείονος
2219 3580 2602 3652 ἀπολαύσομεν
2620 3582 2720 3652 τῆς
2747 3580 2954 3635 ἀνωθεν
2975 3582 3208 3648 εὐνοίας,
3232 3586 3279 3637 εί
3305 3586 3642 3658 εὐχαρίστει),-

1951 3668 2289 3739 ἐνέγκοιμεν.
2326 3668 2610 3739 Φιλότιμος
2646 3669 2755 3740 γάρ
2788 3667 2864 3721 ὣν
2894 3671 2920 3722 ὁ
2955 3669 3237 3740 Δεσπότης
3281 3674 3309 3726 ό
3353 3674 3643 3744 ἡμέτερος,

1951 3758 2044 3810 καί
2077 3756 2178 3826 τῆς
2203 3755 2478 3827 ἡμετέρας
2506 3755 2804 3826 κηδόμενος
2832 3757 3131 3826 σωτηρίας,
3167 3758 3256 3812 διὰ
3287 3759 3445 3813 τοῦτο
3476 3763 3645 3814 καθα-

1950 3861 2054 3914 περ
2081 3843 2381 3914 γυμνάσιόν
2430 3860 2484 3896 τι
2539 3844 2634 3898 καὶ
2678 3844 2900 3912 ἀγῶνας
2952 3845 3275 3917 προτίθησιν
3333 3849 3463 3918 ἡμῖν
3523 3851 3644 3903 ἀντὶ

1951 3932 2291 4002 σκαμμάτων
2334 3931 2592 3995 πολλάκις
2645 3932 2746 4003 τὴν
2783 3932 2894 3985 τῶν
2939 3935 3269 4006 πειρασμῶν
3320 3938 3642 4006 ἐπαγωγὴν,

1949 4021 2038 4074 ἵνα
2064 4020 2133 4073 τά
2161 4019 2290 4090 παρ’
2335 4020 2544 4074 ἐαυτῶν
2574 4021 2669 4072 καὶ
2709 4022 2872 4090 ἡμεῖς
2927 4022 3353 4093 ἐπιδειξάμενοι,
3385 4024 3643 4095 δαψιλοῦς

1948 4108 2344 4180 ἀπολαύσωμεν
2377 4111 2477 4179 τῆς
2522 4111 2652 4180 παρ’
2698 4108 2866 4162 αὑτοῦ
2917 4110 3198 4180 προνοίας.
3232 4113 3410 4182 Ὅπερ
3444 4114 3641 4177 εἰδότες

1950 4197 2026 4268 μὴ
2057 4199 2349 4269 ναρκῶμεν
2377 4198 2435 4248 ἐν
2463 4201 2570 4260 τοῖς
2614 4201 2942 4267 πειρασμοῖς
2968 4240 2982 4259 ,
3020 4199 3158 4267 μηδέ
3192 4198 3639 4270 δυσχεραίνωμεν

1946 4286 2004 4337 ἐν
2020 4288 2140 4347 ταῖς
2157 4285 2421 4355 θλίψεσιν,
2455 4285 2592 4339 ἀλλὰ
2623 4288 2718 4338 καί
2747 4286 3051 4356 χαίρωμεν,
3083 4287 3224 4339 κατά
3253 4287 3344 4340 τὸν
3371 4289 3642 4358 μακάριον

1947 4374 2159 4428 Παῦλον
2181 4392 2194 4407 ⁸
2237 4375 2367 4429 Νῦν
2397 4377 2525 4448 γὰρ,
2555 4377 2711 4446 φησὶ,
2746 4376 2932 4445 χαίρω
2961 4376 3030 4429 ἐν
3060 4375 3190 4437 ταῖς
3217 4378 3468 4444 θλίψεσί
3486 4376 3640 4449 [330}

1941 4481 2081 4531 μου.
2119 4457 2272 4527 Εἶδες
2305 4463 2484 4535 ψυχὴν
2523 4463 2843 4534 εὐγνώμονα
2871 4479 2885 4528 ;
2916 4463 2979 4516 Εί
3007 4463 3117 4534 γὰρ
3148 4465 3206 4516 ἐν
3243 4467 3364 4527 ταῖς
3395 4463 3641 4532 θλίψεσιν

1945 4551 2152 4622 ἔχαιρε,
2177 4552 2303 4604 πότε
2327 4551 2556 4622 ἠδύνατο
2585 4550 2760 4615 οὕτως
2779 4552 2837 4603 ἐν
2870 4550 3017 4624 λύπῃ
3047 4550 3304 4621 γενέσθαι
3327 4568 3340 4617 ;
3367 4553 3426 4606 EE
3450 4553 3516 4606 τὰ
3546 4553 3642 4606 ἐπὶ

1943 4638 2052 4691 τῶν
2066 4638 2241 4694 ἀλλων
2257 4638 2530 4692 λυποῦντα
2548 4639 2743 4711 ἐκείνῳ
2759 4638 3101 4710 εὐφροσύνης
3122 4638 3383 4693 ὑπόθεσιν
3405 4638 3637 4706 ἔτικτεν,

1946 4726 2117 4780 ἐννόει
2150 4743 2240 4796 μοι
2274 4727 2373 4797 τῆς
2405 4727 2583 4798 ψυχῆς
2637 4726 2804 4781 αὑτοῦ
2857 4725 2956 4797 τὴν
2990 4727 3351 4783 κατάστασιν.
3408 4729 3518 4781 Καὶ
3552 4729 3644 4782 ἵνα

1948 4812 2126 4884 μάθῃς
2151 4814 2234 4866 ὅτι
2256 4814 2354 4884 οὐχ
2392 4811 2503 4866 οἷόν
2535 4830 2594 4866 τε
2647 4814 2849 4885 ἑτέρως
2881 4813 2992 4866 τῶν
3046 4809 3475 4886 ἐπηγγελμένων
3507 4817 3639 4886 ημῖν

1944 4901 2165 4969 ἀγαθῶν
2192 4903 2491 4972 ἐπιτυχεῖν,
2517 4903 2612 4954 καὶ
2631 4901 2731 4972 τῆς
2752 4901 2862 4954 τῶν
2888 4902 3137 4973 οὐρανῶν
3169 4902 3445 4973 βασιλείας
3475 4903 3641 4969 ἀξιω-

1943 4990 2126 5061 θῆναι,
2157 4991 2206 5044 εί
2238 4991 2424 5061 μὴδιά
2455 4990 2689 5059 θλίψεως
2718 4989 3041 5060 όδεύσαιμεν
3093 4989 3183 5043 τὸν
3211 4990 3458 5060 παρόντα
3493 4990 3633 5061 βίον,

1943 5078 2106 5131 ἄκουε
2127 5079 2237 5131 τῶν
2260 5078 2577 5132 ἀποστόλων
2602 5078 2872 5146 λεγόντων
2902 5077 3040 5148 πρὸς
3069 5079 3196 5141 τοὺς
3215 5077 3341 5149 ἀρτι
3366 5081 3432 5149 τῇ
3454 5078 3637 5133 πίστει

1944 5167 2305 5236 προσιόντας’
2349 5167 2452 5221 Καὶ
2503 5167 2994 5236 μαθητεύσαντες
3025 5205 3039 5228 ,
3077 5165 3244 5236 φησὶν
3279 5205 3294 5230 .
3355 5167 3632 5234 ἱκανοὺςν

1947 5248 2343 5318 ὑπέστρεψαν
2377 5253 2463 5316 είς
2493 5252 2798 5318 Λύστραν,
2829 5249 2927 5301 καὶ
2971 5249 3247 5314 Ἰκόνιον,
3273 5248 3371 5302 καὶ
3417 5253 3632 5318 Ἀντιό-

1947 5269 2343 5318 υπεστρεεψαν
2377 5269 2463 5316 εις
2493 5269 2798 5318 Λιυστραν,
2829 5269 2927 5301 και
2988 5269 3247 5314 ικονιον,
3273 5269 3371 5302 και
3420 5269 3543 5304 Αντ
3569 5271 3631 5304 o-

1943 5349 2134 5401 χειαν,
2172 5332 2653 5406 ἐπιστηρίζοντες
2676 5332 2782 5396 τὰς
2810 5329 3019 5401 ψυχὰς
3041 5329 3160 5396 τῶν
3186 5331 3492 5402 μαθητῶν,
3532 5269 3631 5388 ἰαί

1943 5418 2441 5484 παρακαλοῦντες
2460 5416 2736 5484 ἐμμένειν
2764 5413 2838 5483 τῇ
2869 5417 3092 5482 πίστει,
3121 5418 3217 5471 καὶ
3248 5417 3338 5470 ὅτι
3366 5416 3464 5470 διὰ
3491 5421 3635 5470 πολ-

1941 5498 2070 5554 λῶν
2097 5503 2366 5570 θλίψεων
2391 5500 2482 5554 δεῖ
2510 5496 2668 5569 ἡμᾶς
2692 5499 2995 5554 εἰσελθεῖν
3039 5501 3126 5567 είς
3163 5499 3279 5567 τὴν
3301 5501 3648 5568 ,βασιλείαν

1943 5583 2059 5637 τῶν
2079 5585 2372 5653 οὐρανῶν.
2403 5583 2540 5637 Ποία
2569 5578 2662 5637 οῦν
2684 5582 2950 5651 ἀπολογία
2978 5581 3126 5636 ἐσται
3152 5585 3302 5652 ἡμῖν,
3337 5582 3411 5653 μὴ
3440 5582 3631 5653 βουλοί-

1944 5665 2127 5734 μένοις
2172 5665 2435 5735 γενναίως
2482 5666 2578 5720 καὶ⁸
2626 5665 2887 5736 ἀνδρείως
2946 5665 3040 5717 καὶ
3079 5664 3416 5734 εύχαρίστιός
3448 5665 3629 5718 πάντα

1940 5747 2221 5817 φέρειντά
2253 5748 2590 5818 ἐπαγόμενα,
2642 5747 2771 5801 ὅταν
2827 5747 3046 5817 ἴδωμεν,
3100 5748 3182 5801 ὅτι
3232 5745 3356 5799 οὑδέ
3405 5746 3629 5802 δυνατὸν

1939 5831 2142 5900 ἑτέρως
2172 5833 2322 5903 ἡμᾶς
2350 5832 2449 5902 τῆς
2475 5832 2748 5903 σωτηρίας
2779 5833 3076 5900 ἐπιτυχεῖν,
3117 5831 3191 5902 μὴ
3242 5831 3446 5904 ταύτην
3479 5833 3628 5886 όδεύι-

1946 5931 2141 5976 σαντας
2171 5914 2268 5985 τὴν
2301 5914 2416 5969 όδόν
2440 5931 2453 5978 ;
2488 5915 2616 5970 Ὅτι
2645 5914 2938 5986 γὰρούδέν
2956 5914 3102 5980 ξένον
3126 5916 3216 5968 καὶ
3243 5914 3428 5969 καινὸν
3454 5914 3628 5977 οὐδεὶς
