4056 6480
233 389 341 447 803

233 505 430 575 sequi,
478 503 581 558 nisi
620 501 720 558 hac
763 499 1134 556 incesserimus
1172 497 1297 550 via?
1322 493 1474 562 Quod
1503 496 1645 550 enim
1685 492 1816 547 nihil

238 595 475 649 insciens
500 601 590 647 aut
614 606 806 646 novum
831 590 902 644 sit
927 604 1111 660 passus
1137 588 1402 657 justorum
1428 585 1587 648 ullus,
1611 585 1701 654 qui
1727 599 1822 652 per

236 685 552 738 alilictiones
575 681 827 751 transegit
844 680 982 736 hanc
1003 678 1186 740 vitam,
1210 675 1330 731 audi
1347 675 1617 731 Christum
1637 673 1820 728 dicen-

237 785 389 830 tem:
426 772 492 826 In
537 771 727 826 mundo
764 772 1075 842 aﬂlictionem
1116 767 1356 822 habebitis
1387 807 1402 831 ,
1443 766 1538 820 sed
1581 763 1820 831 conﬁdite

241 864 419 930 (Joan.
444 863 531 917 16.
557 862 628 917 33
648 863 686 928 ).
715 860 848 916 Nam
874 874 942 914 ne
967 858 1145 914 audita
1169 857 1403 920 tristitia,
1429 870 1526 924 spe
1544 854 1815 920 excidant,

235 954 415 1006 statim
443 951 686 1006 fiduciam
711 951 789 1007 eis
815 949 994 1016 affert,
1013 959 1066 1004 et
1090 963 1242 1003 suam
1268 946 1548 1018 pollicetur
1569 945 1814 1015 gratiam.

236 1040 345 1095 Sed
364 1041 623 1108 conﬁdite,
646 1039 812 1109 inquit
837 1055 851 1100 ;
873 1054 965 1108 ego
983 1038 1085 1092 eici
1103 1036 1365 1090 mundum.
1400 1033 1596 1098 Habes,
1626 1033 1815 1102 inquit,

235 1145 359 1185 eum
381 1131 470 1199 qui
492 1130 660 1199 gratia
679 1128 908 1195 allevict,
933 1127 1022 1198 qui
1045 1141 1150 1180 non
1173 1124 1451 1196 permittat
1471 1134 1523 1177 te
1549 1121 1814 1190 submergi

233 1220 305 1274 ab
333 1218 492 1273 illatis
518 1216 918 1281 tentationibus,
949 1215 1040 1286 qui
1070 1231 1191 1270 cum
1222 1213 1513 1269 tentatione
1537 1220 1593 1266 et
1614 1209 1814 1264 exitum

233 1309 505 1380 praebeat,
532 1319 585 1364 et
613 1325 719 1364 non
749 1308 1018 1378 permittat
1044 1321 1203 1376 supra
1234 1314 1442 1360 nostras
1469 1303 1610 1358 vires
1633 1300 1816 1356 inferri

228 1400 412 1471 gravia
435 1401 457 1469 (
480 1401 528 1454 l.
559 1399 678 1454 Cor.
703 1397 790 1456 10.
817 1399 885 1454 15
905 1400 944 1469 ).
972 1397 1108 1466 Quid
1133 1394 1402 1452 tristaris?
1426 1393 1552 1465 quid
1583 1391 1818 1448 mmres?

227 1490 360 1558 quid
391 1490 668 1561 impatiens
686 1490 784 1545 es?
802 1505 966 1560 quare
993 1497 1099 1543 tam
1123 1486 1332 1558 abjerto
1355 1485 1536 1540 animo
1560 1485 1658 1540 es?
1681 1483 1816 1539 Num

229 1582 279 1636 si
305 1597 423 1650 qua:
453 1590 630 1636 nostra
671 1590 795 1636 sunt
832 1579 1168 1650 attulerimus
1191 1619 1206 1645 ,
1237 1578 1546 1648 patientiam
1573 1577 1693 1633 dico
1719 1617 1732 1640 ,
1765 1585 1815 1632 et

233 1674 622 1741 fortitudinem,
653 1683 707 1729 et
733 1683 940 1744 gratum
969 1672 1203 1727 animum
1224 1713 1240 1738 ,
1270 1686 1372 1726 nos
1395 1672 1537 1726 sinet
1565 1670 1768 1740 despici
1793 1670 1817 1723 l

230 1766 368 1820 Num
390 1765 488 1820 etsi
511 1765 806 1835 desperatae
830 1771 954 1818 sunt
981 1778 1088 1830 res,
1112 1763 1328 1819 vincere
1353 1770 1576 1832 possunt
1600 1761 1816 1831 sapien-

229 1858 360 1912 tiam
381 1857 584 1911 Domini
610 1855 814 1911 nostri?
835 1854 941 1910 Nos
961 1869 1078 1924 qua:
1100 1863 1278 1909 nostra
1301 1861 1425 1909 sunt
1446 1851 1812 1920 exhibeamus,

227 1955 288 2002 et
311 1947 573 2002 sinceram
601 1944 894 2000 habeamus
921 1944 1078 1999 fidem
1105 1984 1120 2008 ,
1151 1944 1383 1998 scientes
1411 1943 1682 1998 solertiam
1709 1941 1818 1997 τυ-

229 2039 366 2094 toris
405 2038 703 2092 animarum
747 2045 1068 2090 nostrarum.
1121 2033 1185 2088 Et
1225 2033 1337 2102 ipse
1373 2047 1593 2103 prorsus
1626 2032 1816 2087 melius

229 2129 380 2184 novit
403 2143 563 2199 quam
586 2141 716 2190 nos,
741 2125 867 2194 quid
895 2125 1189 2189 conducat,
1216 2125 1304 2192 qui
1328 2123 1396 2178 ita
1427 2139 1514 2179 res
1537 2123 1816 2193 dispensa-

229 2221 350 2283 bit,
395 2228 452 2273 ut
502 2218 601 2287 ipsi
632 2217 789 2272 fuerit
817 2215 1168 2270 honorilicum
1193 2256 1208 2279 ,
1249 2225 1302 2269 et
1331 2215 1487 2270 nobis
1512 2215 1641 2269 utile
1668 2232 1681 2268 :
1710 2229 1816 2284 quo

225 2320 286 2366 et
309 2309 576 2381 patientia:
605 2305 904 2362 mercedem
931 2305 1272 2375 accipiamus,
1301 2314 1352 2360 et
1373 2306 1490 2374 ejus
1517 2305 1815 2374 benignita-

229 2411 338 2456 tem
367 2399 724 2461 obtineamus,
752 2395 921 2467 gratia
945 2405 1000 2450 et
1019 2393 1452 2449 miserationibus
1483 2394 1690 2449 Domini
1719 2410 1816 2449 no-

225 2492 326 2547 stri
365 2492 490 2546 Jesu
529 2487 765 2555 Christi,
793 2502 914 2542 cum
961 2500 1070 2556 quo
1111 2485 1256 2540 Patri
1303 2486 1460 2540 simul
1500 2494 1556 2540 et
1596 2485 1814 2555 Spiritui

227 2592 416 2638 sancto
441 2580 510 2635 sit
537 2580 735 2651 gloria,
767 2577 1069 2646 imperium,
1099 2575 1294 2642 honor,
1326 2589 1466 2631 nunc
1494 2583 1549 2632 et
1575 2591 1810 2645 semper,

227 2682 287 2729 ct
312 2673 364 2728 in
391 2670 585 2727 uccula
612 2669 952 2726 seculorum.
983 2667 1177 2722 Amen.

737 2795 1020 2854 lthIIIJA
1056 2794 1297 2852 XXXIII.

231 2911 419 2966 Abram
462 2919 626 2964 autem
659 2917 766 2962 erat
813 2908 949 2962 dives
983 2905 1132 2960 valde
1176 2904 1455 2973 pecoribus,
1491 2915 1539 2959 et
1581 2916 1808 2976 argento,

301 3010 350 3056 et
377 3016 522 3054 auro.
552 2998 619 3053 Et
650 2999 906 3070 profectus
947 3005 1037 3060 est,
1066 2995 1202 3048 unde
1229 3003 1451 3059 uenerat,
1484 2994 1538 3048 in
1573 2995 1813 3048 solitudi-

302 3108 416 3146 nem
442 3105 599 3158 usque
637 3087 833 3155 Betbet,
861 3102 1017 3156 usque
1048 3085 1118 3138 ad
1145 3085 1310 3139 locum
1341 3085 1394 3137 in
1421 3100 1520 3153 qua
1553 3086 1692 3152 prius
1717 3087 1812 3155 fuit

302 3180 678 3238 tabernaculum
702 3179 811 3249 ejus
836 3178 965 3231 inter
983 3174 1158 3229 Bethel
1171 3183 1221 3228 et
1244 3173 1420 3245 Aggte,
1446 3174 1514 3226 ad
1541 3174 1707 3228 locum
1734 3173 1814 3228 al-

303 3273 427 3327 taris
450 3269 586 3342 quod
611 3269 677 3323 ibi
707 3268 956 3340 principio
987 3269 1173 3337 fecerat
1201 3263 1350 3335 (Gen.
1387 3265 1472 3320 15.
1505 3264 1643 3334 2-4).

305 3405 356 3456 t.
396 3399 530 3456 Cum
568 3398 798 3452 alacrem
848 3403 1084 3450 vestrum
1129 3402 1470 3458 conventum,
1521 3402 1577 3447 et
1627 3393 1815 3465 ingens

231 3493 480 3549 audiendi
500 3489 823 3545 desiderium
855 3486 1014 3541 hodie
1038 3485 1269 3547 videam,
1299 3484 1418 3539 νωΙο
1440 3485 1676 3540 debitum
1701 3486 1815 3541 sol-

231 3601 380 3649 vere,
411 3599 516 3654 quo
541 3597 666 3652 erga
707 3581 982 3635 caritatem
1010 3586 1241 3632 vestram
1263 3577 1550 3631 obstrictus
1579 3592 1718 3631 sum.
1753 3577 1818 3633 Et

229 3679 346 3734 scio
369 3677 486 3746 ejus
515 3675 744 3730 fortasse
768 3687 864 3727 vos
885 3670 1080 3726 oblitos
1104 3684 1226 3724 esse
1247 3684 1314 3724 eo
1339 3668 1480 3739 quod
1514 3669 1667 3723 multi
1699 3668 1816 3724 dies

231 3767 648 3830 intercesserint,
695 3777 980 3832 sermoque
1027 3769 1210 3815 noster
1252 3760 1317 3815 ad
1355 3761 1458 3814 alia
1489 3761 1701 3816 interim
1749 3763 1818 3816 sit

229 3859 510 3914 deductus.
557 3855 690 3911 Nam
729 3863 927 3909 sancte
971 3851 1272 3907 festivitatis
1319 3850 1580 3907 adventus
1621 3853 1816 3907 seriem

230 3949 388 4004 nobis
426 3945 799 4017 interpellavit.
846 3943 1028 4014 Neque
1068 3943 1210 3999 enim
1256 3958 1352 4013 par
1395 3952 1510 3997 erat
1563 3952 1640 4009 ut,
1691 3944 1817 3999 dum

226 4055 444 4096 crucem
477 4037 682 4093 Domini
722 4036 1115 4093 celebraremus
1147 4033 1242 4105 (a),
1273 4034 1340 4090 de
1367 4036 1487 4090 aliis
1515 4051 1815 4092 sermonem

227 4133 546 4188 atferrcmus
565 4149 577 4184 :
598 4144 780 4184 mensa
804 4137 981 4183 autem
1018 4126 1170 4180 vobis
1197 4125 1539 4195 preponenda
1565 4136 1680 4182 erat
1707 4129 1819 4182 suis

226 4237 464 4292 congrua
523 4219 874 4289 temporibus.
915 4217 978 4271 Et
1026 4216 1223 4270 idcirco
1269 4216 1482 4284 quando
1521 4216 1664 4271 venit
1701 4216 1817 4272 dies

227 4311 575 4376 'l'raditionis,
602 4310 850 4364 continua
879 4306 1132 4361 doctrina:
1160 4306 1296 4360 serie
1323 4316 1548 4368 resecta,
1580 4321 1817 4376 priesen-

233 4402 376 4456 tibus
403 4417 520 4470 qua:
547 4399 806 4470 urgebant
849 4412 944 4451 nos
974 4395 1460 4459 accommodantes,
1501 4396 1553 4450 in
1580 4396 1817 4464 prodito-

233 4508 353 4548 rem
390 4492 619 4560 linguam
667 4488 961 4543 laxavimus
988 4487 1060 4556 (b)
1092 4504 1104 4540 :
1134 4485 1326 4540 deinde
1355 4485 1422 4540 de
1451 4501 1611 4542 cruce
1638 4487 1813 4556 aliqua

233 4585 291 4636 in
321 4581 550 4637 medium
595 4579 930 4649 protulimus.
975 4577 1188 4643 Postea,
1238 4576 1578 4632 illucescente
1623 4577 1818 4632 Resur-

235 4671 488 4726 rectionis
526 4669 634 4732 die,
664 4667 1025 4725 necessarium
1066 4676 1182 4721 erat
1220 4675 1276 4721 ut
1317 4665 1383 4721 de
1431 4668 1819 4722 resurrectione

237 4761 448 4818 Domini
475 4762 751 4817 caritatem
773 4768 1002 4814 vestram
1027 4757 1341 4812 doceremus
1364 4773 1378 4811 :
1400 4766 1454 4812 et
1476 4758 1820 4827 sequentibus

299 4873 374 4936 (tt)
407 4882 474 4924 De
497 4871 622 4936 festo
644 4871 808 4936 Crucis
824 4871 1073 4921 dominica:
1096 4869 1324 4936 loquitur.

300 4927 374 4996 (ὁ)
406 4937 488 4984 ttic
521 4933 744 4997 loquitur
765 4933 1124 4997 cbrysostomus
1161 4927 1227 4980 de
1265 4943 1410 4980 causa
1449 4931 1820 4997 interpellandze

238 4994 388 5064 serici
413 4994 713 5064 humiliarqu
738 4996 786 5043 in
806 4994 1030 5064 Genesim
1049 5031 1061 5049 ,
1087 5005 1207 5064 quas
1229 5005 1434 5064 numero
1466 4994 1665 5064 triginta
1701 4994 1822 5043 duas

232 5060 334 5118 jam
359 5059 542 5118 habitas
561 5069 646 5118 per
667 5064 813 5105 totam
830 5055 1274 5118 quadragesimam,
1291 5062 1395 5118 [ωε
1419 5055 1714 5118 trigssimam
1737 5069 1820 5104 se-

237 5113 445 5190 iatndam
464 5113 597 5190 aliud
609 5119 670 5190 in
697 5125 890 5190 tempus
910 5113 1096 5190 distulit
1115 5151 1128 5173 ,
1167 5123 1219 5190 ut
1251 5113 1571 5190 feriagquinta
1605 5117 1648 5190 in
1677 5120 1822 5190 (cena

240 5178 513 5248 ttomiuide
533 5178 649 5248 {uda
684 5176 929 5248 proditore
949 5177 1267 5248 loqueretur,
1300 5182 1352 5248 ut
1377 5176 1521 5248 etiam
1545 5183 1714 5248 monet
1736 5176 1822 5226 ille

241 5242 290 5289 in
313 5239 506 5307 ttomilia
533 5239 598 5288 de
619 5236 754 5307 Julia,
778 5236 1152 5307 cujusinitium,
1187 5237 1422 5307 Volebam,
1448 5236 1612 5307 dilecti
1640 5250 1822 5307 :quam

239 5301 458 5350 secundo
478 5309 622 5349 τοωο
645 5301 814 5350 babes.
836 5297 1034 5350 'Dcinde
1066 5301 1127 5348 de
1159 5312 1303 5361 cruce
1335 5297 1496 5361 aliqua
1528 5297 1579 5347 in
1609 5297 1823 5349 mrdt'mn

241 5362 544 5422 protulimus.
579 5363 740 5423 Pergit
768 5363 1156 5424 chrysostomus,
1191 5359 1472 5424 alterutram
1498 5373 1569 5424 cx
1611 5361 1824 5409 ttomiliis

241 5421 307 5471 ito
339 5437 486 5473 cruce
503 5458 519 5483 ,
544 5437 654 5485 qua.
674 5421 794 5485 post
825 5421 1049 5472 llbtnilias
1068 5423 1133 5471 de
1158 5423 1403 5485 proditore
1425 5421 1540 5469 .tuda
1565 5429 1711 5471 tonio
1743 5437 1822 5470 se-

241 5485 400 5533 cundo
423 5483 934 5546 ponuntur.'indicans.
961 5485 1046 5532 liio
1069 5483 1234 5533 autem
1259 5483 1445 5546 Pascha:
1467 5489 1633 5530 contra
1658 5485 1816 5532 ebrio-

243 5559 326 5594 sos
348 5553 399 5594 et
419 5545 482 5593 de
505 5547 865 5594 resurrectione
889 5545 1199 5593 concionatus
1232 5550 1308 5593 est
1332 5557 1344 5592 :
1371 5545 1566 5592 denunn
1599 5551 1820 5606 tempore

247 5606 454 5655 t‘asdiali
479 5605 707 5654 Itotnilias
729 5607 896 5654 habuit
929 5607 976 5652 in
1011 5607 1292 5667 principium
1318 5605 1560 5653 Actorum.
1587 5605 1823 5667 tlzecplu-

245 5669 380 5716 t-ihus
413 5675 632 5720 enarrata
667 5668 775 5715 tide
807 5675 950 5714 Τυωο
980 5667 1194 5716 secundo
1225 5669 1281 5716 ad
1317 5667 1535 5714 ltouulias
1569 5668 1614 5714 in
1647 5668 1820 5728 princi-

245 5731 376 5788 pium
404 5728 655 5788 Actorum,
692 5729 906 5790 itetmuc
929 5736 1070 5776 'l'omo
1106 5737 1248 5778 ICillU
1282 5731 1327 5776 I.l
1365 5729 1534 5777 monito
1588 5727 1653 5778 de
1699 5727 1820 5778 .ludu

247 5792 510 5854 proditore.

1267 381 1330 440 IN
1369 381 1518 438 CAP.
1563 377 1696 438 XIII.
1739 377 1982 436 CENES.
2024 378 2254 436 IIOMIL.
2297 377 2536 438 XXXIII.

3404 385 3511 443 306

1927 489 2136 556 diebus,
2167 507 2264 563 per
2294 508 2356 548 ea
2388 493 2641 549 miracula
2667 508 2787 565 qua:
2818 503 2943 550 tunc
2982 494 3124 551 facta
3160 504 3306 564 sunt,
3333 512 3508 554 resur-

1924 582 2176 638 rectionis
2199 583 2582 639 demonstratio
2605 586 2795 639 iterum
2823 584 3091 642 aderenda
3113 597 3228 642 erat
3257 588 3508 658 :quando

1923 673 2084 727 etiam
2129 675 2505 743 Apostolorum
2553 676 2683 730 Acta
2735 677 3026 746 explanare
3064 677 3346 748 capimus,
3385 677 3508 733 inde

1923 765 2075 821 vobis
2089 766 2339 820 continua
2371 777 2735 837 proponentcs
2757 768 3022 834 convivia,
3062 777 3119 825 et
3141 769 3348 825 crebris
3375 784 3504 839 quo-

1925 852 2246 925 tidianisque
2286 855 2741 911 admonitionibus
2780 873 2896 924 eos,
2932 857 3023 929 qui
3064 873 3235 929 nuper
3258 858 3506 930 baptismi

1920 944 2143 1012 gratiam
2181 955 2517 1015 acceperant,
2557 946 2923 1001 exhortantes.
2953 946 3103 1001 Nunc
3132 947 3291 1018 igitur
3316 961 3501 1004 neces-

1921 1031 2119 1086 sarium
2145 1042 2229 1088 est
2258 1042 2316 1088 ut
2334 1033 2498 1089 debiti
2521 1050 2726 1089 memor
2747 1035 2871 1100 sim,
2900 1043 2956 1091 et
2979 1035 3132 1092 vobis
3160 1037 3503 1094 satisfaciam.

1919 1121 2154 1178 Tametsi
2181 1124 2324 1178 enim
2348 1140 2440 1179 vos
2462 1124 2630 1180 debiti
2659 1141 2824 1196 genus
2854 1125 3126 1197 ignoretis,
3153 1133 3337 1195 utpote
3362 1129 3505 1184 curis

1921 1211 2101 1266 multis
2128 1211 2388 1282 impliciti,
2413 1223 2468 1268 et
2485 1214 2696 1270 solliciti
2728 1231 2824 1284 pro
2846 1215 3119 1279 uxoribus,
3146 1225 3200 1271 et
3222 1217 3424 1280 liberis,
3451 1225 3502 1272 et
3599 1235 3605 1250 ι

1920 1301 2226 1370 quotidiana
2255 1303 2526 1368 alimonia,
2553 1304 2840 1375 multisque
2882 1306 3004 1361 aliis
3038 1307 3384 1362 su‘cularibus
3423 1323 3498 1362 ne-
3558 1351 3561 1353 .

1918 1393 2106 1463 gotiis:
2128 1411 2313 1450 verum
2345 1412 2443 1452 nos
2469 1396 2563 1466 qui
2591 1398 2748 1452 nullis
2769 1399 2818 1452 id
2847 1413 3014 1468 genus
3042 1399 3185 1454 curis
3209 1403 3500 1463 turbamur,

1920 1496 1975 1540 et
1994 1487 2142 1542 vobis
2161 1488 2322 1544 debiti
2349 1491 2657 1544 memoriam
2680 1491 3031 1561 suggerimus,
3055 1499 3108 1545 et
3128 1489 3193 1544 ad
3221 1491 3497 1546 restituen-

1921 1577 2048 1631 dum
2081 1593 2179 1632 nos
2207 1593 2476 1648 paramus.
2523 1579 2706 1649 Neque
2747 1579 3106 1644 admiremini,
3133 1581 3178 1635 si
3211 1590 3316 1634 tam
3351 1589 3510 1650 grato

1919 1671 2099 1724 animo
2130 1669 2181 1724 id
2207 1679 2541 1739 praestamus.
2576 1671 2743 1742 Hujus
2773 1673 2914 1727 enim
2942 1673 3105 1728 debiti
3133 1689 3300 1744 genus
3320 1690 3349 1727 a
3379 1690 3500 1730 sen-

1919 1757 2162 1814 sibilibus
2205 1759 2442 1830 pecuniis
2468 1761 2742 1817 diversum
2784 1772 2886 1816 est.
2921 1761 2976 1816 In
3009 1762 3110 1817 illis
3153 1764 3299 1818 enim
3345 1780 3499 1819 num-

1918 1864 2076 1918 quam
2103 1847 2311 1905 debitor
2340 1859 2446 1905 tam
2486 1860 2694 1921 gratum
2744 1847 2852 1921 pra:
2881 1867 2940 1906 se
2979 1851 3077 1906 fert
3106 1852 3362 1907 animum.
3391 1853 3499 1909 Scit

1917 1941 2060 1995 enim
2074 1955 2132 1997 se
2147 1941 2326 1996 debita
2342 1941 2597 1997 solvendo
2609 1958 2757 1997 suam
2785 1943 3103 1999 imminuere
3127 1945 3500 2011 substantiam,

1918 2040 1971 2084 ct
1998 2031 2308 2100 accipientis
2335 2047 2532 2103 augere
2568 2031 2864 2088 facultates.
2883 2033 2999 2088 Non
3029 2035 3099 2088 ita
3129 2044 3306 2090 autem
3335 2045 3419 2090 est
3447 2036 3499 2092 iu

1918 2119 2178 2190 spirituali
2220 2121 2322 2177 hoc
2347 2122 2549 2187 debito,
2595 2124 2690 2179 sed
2727 2125 2781 2179 in
2824 2124 3126 2181 eodebitor
3153 2126 3279 2180 dum
3321 2125 3500 2193 solvit,

1917 2212 2088 2281 magis
2123 2211 2357 2268 abundat
2382 2212 2602 2280 divitiis,
2645 2223 2699 2269 ct
2726 2215 3110 2285 accipientibus
3136 2217 3369 2285 majores
3408 2233 3500 2272 ac-

1917 2310 2166 2356 crescunt
2191 2317 2342 2372 opcs.
2373 2302 2441 2358 Et
2471 2303 2671 2360 idcirco
2699 2305 2808 2361 illic
2837 2305 3042 2376 ingrata
3087 2307 3373 2362 admodum
3403 2324 3498 2361 vo-

1918 2388 2117 2446 luntate
2144 2393 2226 2463 agi
2267 2393 2438 2457 solet;
2471 2393 2558 2449 hic
2583 2405 2759 2450 autem
2789 2395 3028 2466 utrisque
3055 2397 3261 2452 lucrum
3308 2407 3412 2463 est,
3444 2409 3500 2453 et

1917 2479 2298 2549 dinumeranti,
2344 2493 2399 2538 et
2444 2485 2848 2554 accipientibus.
2898 2487 2965 2541 Et
2994 2485 3096 2542 hoc
3136 2497 3219 2543 est
3262 2488 3404 2558 quod
3435 2489 3503 2543 de

1916 2571 2139 2627 caritate
2188 2572 2463 2628 admonuit
2507 2573 2694 2630 beatus
2749 2575 2945 2630 Paulus
2996 2575 3180 2631 dicens
3227 2595 3239 2630 :
3295 2577 3504 2634 Nemini

1913 2662 2189 2731 quidquam
2220 2663 2459 2731 debeatis,
2503 2666 2603 2719 nisi
2631 2675 2684 2720 ut
2721 2665 2945 2736 diligatis
2970 2669 3180 2723 invicem
3206 2669 3380 2741 (Rom.
3413 2672 3498 2726 l3.

1916 2751 1992 2820 8).
2023 2752 2141 2819 Quo
2169 2753 2386 2821 indicat,
2418 2755 2522 2813 hoc
2544 2756 2778 2812 debitum
2809 2773 3023 2828 semper
3043 2761 3198 2828 solvi,
3224 2773 3276 2817 et
3303 2763 3499 2818 nihilo-

1917 2841 2093 2896 minus
2118 2841 2314 2899 durare
2342 2857 2575 2914 semper.
2607 2844 2789 2916 Neque
2829 2848 3100 2919 negligere
3141 2865 3237 2906 vos
3265 2862 3499 2922 oportet,

1916 2931 1980 2982 ad
2009 2932 2370 3000 recipiendum
2403 2943 2616 3003 paratos
2646 2953 2659 2987 :
2691 2935 2794 2992 hoc
2835 2939 2977 2993 enim
3013 2949 3067 2994 et
3106 2955 3204 2995 nos
3229 2941 3500 2998 debitores

1917 3019 2288 3090 locupletiores
2318 3022 2466 3086 facit,
2494 3033 2548 3078 et
2575 3025 2724 3079 vobis
2751 3026 2970 3093 majoris
2996 3029 3242 3085 utilitatis
3267 3033 3371 3086 erit
3396 3050 3501 3087 ma-

1922 3110 2074 3164 teria.
2110 3110 2269 3181 Igitur
2296 3114 2546 3183 quoniam
2577 3114 2698 3170 talis
2723 3124 2808 3171 est
2828 3116 2984 3186 hujus
3007 3118 3170 3175 debiti
3203 3133 3412 3187 natura,
3448 3137 3505 3180 ut

1917 3209 2115 3268 quanto
2167 3203 2335 3272 magis
2382 3202 2736 3273 dependitur,
2785 3214 2932 3262 tanto
2988 3209 3257 3267 auctiores
3305 3223 3503 3269 nostra:

1918 3291 2208 3346 reddantur
2232 3308 2363 3364 opes
2387 3312 2400 3347 :
2427 3309 2525 3365 age
2550 3295 2840 3353 doceamus
2883 3315 3023 3355 nunc
3063 3311 3119 3357 et
3141 3302 3307 3359 debiti
3335 3317 3505 3362 mate-

1917 3380 2074 3448 riam,
2105 3391 2160 3436 ut
2179 3390 2234 3436 ct
2261 3383 2358 3452 ipsi
2389 3384 2676 3441 alacriores
2703 3385 2926 3441 dicemla
2957 3391 3280 3460 suscipiatis,
3303 3405 3349 3449 et
3379 3411 3502 3466 gra-

1919 3482 2026 3527 tam
2079 3485 2316 3529 nostram
2376 3477 2702 3533 voluntatem
2757 3493 3032 3552 acceptam
3083 3482 3362 3552 habentes,
3408 3505 3506 3542 nos

1917 3566 2156 3638 diligenti
2208 3571 2546 3625 auscultandi
2592 3572 2771 3628 studio
2822 3579 3199 3632 remuneretis.
3243 3579 3499 3645 Quzcnant

1920 3660 2078 3729 igitur
2095 3661 2258 3717 debiti
2286 3664 2540 3718 materia?
2560 3663 2741 3730 Scitis,
2763 3675 2814 3720 et
2838 3681 3103 3724 memores
3122 3671 3272 3737 estis,
3295 3675 3507 3742 quando

1917 3749 1984 3804 de
2009 3751 2310 3820 patriarcha
2329 3753 2571 3823 qua-dam
2596 3755 2648 3809 in
2673 3756 2904 3811 medium
2922 3758 3211 3824 attulimus,
3237 3766 3506 3832 quomodo

1917 3841 2460 3898 demonstraverimus
2484 3843 2798 3900 descensum
2829 3847 2947 3916 ejus
2978 3849 3028 3902 in
3057 3848 3345 3922 Egyptum
3378 3869 3500 3920 pro-

1922 3943 2036 4000 pter
2062 3932 2275 4000 famem,
2308 3943 2362 3988 et
2406 3944 2611 4006 raptam
2655 3935 2839 3992 Saram
2880 3953 2909 3991 a
2941 3938 3240 4008 Pharaone,
3269 3951 3322 3996 et
3368 3943 3506 3999 indi-

1919 4025 2220 4092 gnationem
2265 4025 2380 4093 Dei,
2413 4042 2573 4096 quam
2605 4027 2661 4082 in
2700 4027 3032 4083 Pharaonem
3057 4040 3112 4085 et
3139 4031 3358 4087 domum
3388 4036 3508 4103 ejus

1919 4118 1988 4171 ob
2013 4132 2161 4171 suam
2193 4133 2314 4187 erga
2339 4121 2540 4186 justum
2570 4133 2754 4174 curam
2782 4121 3025 4188 immisit,
3061 4131 3112 4175 ct
3146 4122 3378 4178 reditum
3412 4141 3500 4194 pa-

1922 4208 2166 4262 triarclne
2209 4208 2276 4262 ab
2317 4208 2551 4279 Egypto
2598 4225 2786 4280 magna
2826 4227 2950 4266 cum
2995 4213 3188 4282 gloria.
3239 4214 3506 4271 llandavit

1920 4299 2073 4361 enim,
2133 4299 2320 4368 inquit,
2382 4298 2589 4354 Pharao
2644 4301 2763 4354 viris
2807 4319 2957 4372 super
2999 4303 3209 4370 Abram,
3257 4313 3311 4358 ut
3349 4305 3509 4360 dedu-

1921 4398 2037 4440 cant
2063 4405 2200 4454 eum,
2227 4399 2274 4442 et
2298 4405 2503 4442 uxorem
2525 4391 2652 4461 ejus,
2687 4401 2732 4443 et
2753 4393 2921 4444 omnia
2935 4409 3061 4462 qua:
3086 4393 3313 4457 habebnt,
3339 4406 3382 4448 et
3412 4396 3506 4451 Lot

1919 4495 2032 4531 cum
2057 4480 2171 4532 eo'.
2202 4480 2439 4534 Ascendit
2486 4491 2652 4534 autem
2685 4483 2870 4536 Abram
2908 4499 2970 4537 ea:
3013 4483 3266 4556 ﬁgypto,
3300 4489 3408 4556 ipse
3453 4503 3499 4543 et

1921 4586 2052 4624 uxor
2075 4570 2202 4637 eius,
2233 4579 2280 4624 et
2309 4571 2478 4624 omnia
2506 4588 2620 4644 quae
2646 4584 2790 4627 erant
2817 4575 2972 4637 illius,
3001 4585 3047 4628 ct
3075 4575 3171 4629 Lot
3185 4593 3300 4630 cum
3324 4579 3434 4646 ipso
3456 4582 3506 4632 in

1921 4662 2260 4716 solitudinem.
2292 4661 2389 4716 Hic
2426 4678 2730 4717 sermonem
2765 4664 2983 4718 missum
3015 4664 3260 4733 fecimus,
3293 4670 3507 4723 mediis-

1921 4769 2024 4822 que
2045 4752 2232 4808 diebus
2256 4753 2550 4809 doctrinam
2576 4757 2943 4810 transtulimus
2975 4757 3026 4811 in
3049 4770 3359 4828 argumenta
3386 4771 3508 4816 lum:

1923 4843 2180 4912 temporis
2241 4845 2595 4900 occurrentia.
2653 4845 2778 4901 Ideo
2835 4846 2994 4904 hodie
3045 4864 3222 4919 opera:
3279 4856 3507 4922 pretium

1922 4935 2098 5001 fuerit,
2137 4944 2196 4990 ut
2224 4937 2420 4991 seriem
2461 4947 2784 5006 repetamus,
2834 4949 2887 4994 et
2931 4941 3153 4996 dicenda
3199 4959 3319 4998 cum
3350 4945 3508 5000 dictis

1923 5029 2072 5096 quasi
2113 5028 2165 5083 in
2195 5045 2358 5083 unum
2405 5044 2600 5099 corpus
2639 5041 2948 5100 coaptemus
2979 5050 2993 5086 :
3024 5034 3100 5088 sic
3141 5036 3282 5090 enim
3331 5054 3512 5093 sermo

1923 5119 2179 5174 doctrina:
2208 5120 2360 5191 quasi
2400 5135 2563 5175 unum
2613 5121 2714 5176 sub
2750 5133 3020 5192 aspectum
3052 5125 3227 5180 cadet.
3268 5127 3375 5183 Sed
3406 5145 3512 5199 quo

1927 5209 2289 5266 manifestiora
2335 5214 2444 5265 sint
2482 5225 2545 5266 ea
2586 5226 2706 5280 qua:
2745 5212 3016 5280 dicuntur,
3059 5231 3238 5285 operae
3283 5221 3510 5288 pretium

1927 5301 2108 5365 fuerit,
2140 5310 2197 5356 ut
2221 5301 2428 5356 caritati
2472 5313 2663 5357 vestrae
2706 5317 3038 5373 proponatur
3068 5308 3384 5379 principium
3412 5327 3506 5366 eo-

1926 5409 2042 5450 rum
2080 5409 2197 5462 qna:
2225 5394 2385 5448 hodie
2412 5403 2536 5448 sunt
2574 5395 2732 5451 lecta.
2773 5397 2829 5452 ‘2.
2862 5399 3050 5453 Abram
3091 5413 3277 5466 autem,
3314 5404 3503 5474 inquit,

1925 5493 2032 5538 erat
2071 5483 2209 5539 dives
2235 5483 2382 5539 valde
2413 5486 2695 5554 pecoribus,
2726 5500 2770 5540 et
2815 5501 3046 5560 argento,
3088 5501 3137 5545 et
3166 5509 3312 5545 auro.
3346 5495 3399 5549 5.
3441 5495 3508 5549 Et

1927 5576 2180 5647 profectus
2223 5584 2316 5642 est,
2361 5577 2496 5631 unde
2537 5589 2757 5644 venerat,
2807 5581 2860 5634 in
2901 5581 3223 5636 solitudinem
3251 5601 3406 5653 usque
3446 5589 3514 5641 ad

1989 5730 2000 5760 ¹
2043 5738 2400 5796 ιιυ-νουυςεει
2432 5739 2507 5780 tot
2549 5744 2659 5796 ciuis
2681 5744 2754 5788 eo,
2778 5733 2956 5785 desunt
2991 5735 3038 5785 iu
3071 5734 3268 5796 Staret;
3303 5737 3392 5788 sed
3430 5736 3509 5786 ha-

1933 5791 2110 5840 bentur
2135 5794 2183 5841 tu
2215 5792 2349 5842 sas'il.
2380 5803 2429 5843 et
2455 5796 2499 5842 iu
2525 5795 2688 5843 multis
