4056 6480
616 359 719 418 307

613 471 812 538 Det/sel,
837 487 992 540 usque
1023 471 1090 534 ad
1118 471 1282 525 locum
1321 471 1371 524 in
1396 486 1494 539 quo
1523 486 1663 540 prius
1686 471 1783 539 fuit
1809 470 2177 526 tabernaculum

612 564 744 633 ejus”,
787 562 914 614 inter
952 560 1125 614 Bel/tet
1159 568 1206 614 et
1232 561 1358 614 inter
1397 559 1573 631 Agga',
1615 561 1670 614 4.
1711 560 1780 612 ad
1809 560 1972 618 locum
2003 560 2177 612 altaris

611 653 748 720 Quod
779 651 885 704 illic
911 651 1156 719 principio
1188 645 1371 714 fecerat
1395 665 1414 702 :
1441 663 1487 702 et
1512 649 1754 703 invocavit
1782 651 1852 702 ibi
1881 650 2063 709 Abram
2087 664 2178 701 no-

611 757 722 794 men
757 739 959 793 Domini
987 737 1098 792 Dei.
1122 735 1197 800 Ne
1225 749 1603 800 prietercamus
1621 739 1793 792 obiter
1811 757 1872 794 ea
1899 756 2016 810 qua:
2041 733 2175 796 lecta

611 841 757 894 Stttti,
803 829 894 889 sed
937 830 1201 882 discamus
1229 843 1370 884 ctare
1403 830 1697 883 divinarum
1723 829 2016 886 Literarum
2056 829 2177 882 dili-

610 921 866 990 gentiam,
897 919 1162 988 quomodo
1193 921 1323 974 nihil
1348 920 1499 974 nobis
1523 936 1907 990 supervacuum
1937 932 2171 974 narrent.

608 1010 796 1063 Abram
819 1018 1002 1066 mitem.
1039 1011 1224 1078 inquit,
1259 1022 1363 1066 erat
1390 1013 1524 1065 dives
1541 1011 1702 1067 valde.
1735 1012 2028 1067 Considera
2067 1011 2173 1079 pri-

608 1106 752 1151 munt
795 1098 931 1152 istud
964 1098 1133 1168 ipsum
1179 1115 1282 1153 non
1323 1101 1538 1166 frustra,
1583 1117 1756 1172 neque
1797 1112 1998 1158 temere
2039 1101 2174 1156 indi-

606 1189 754 1254 cari;
805 1203 904 1246 nec
949 1194 1001 1247 in
1044 1208 1236 1249 vanum
1280 1197 1496 1250 divitem
1545 1211 1685 1249 nunc
1720 1204 1892 1262 vocat,
1941 1195 1989 1248 id
2034 1194 2172 1263 quod

608 1294 868 1349 nusquam
906 1282 1033 1338 alias
1063 1286 1321 1348 meminit,
1354 1286 1446 1340 sed
1477 1302 1614 1340 nunc
1654 1287 1878 1356 primum
1915 1286 2064 1347 dicit,
2093 1284 2175 1338 di-

604 1371 767 1424 vitem
813 1370 992 1428 fuisse.
1045 1374 1217 1442 Quare
1267 1377 1364 1430 hoc
1416 1386 1468 1432 et
1506 1393 1660 1445 quam
1710 1377 1779 1430 ob
1817 1375 2073 1442 causam?
2107 1375 2174 1441 Ut

605 1460 779 1516 discas
807 1462 996 1519 divina:
1040 1467 1310 1534 sapientiae
1350 1471 1654 1534 solertiam,
1680 1479 1732 1522 et
1758 1483 1869 1521 sum
1901 1470 1950 1520 in
1973 1473 2170 1536 justum

608 1549 947 1616 providentiae
979 1553 1284 1610 immensam
1313 1558 1681 1628 ingentemque
1710 1559 2013 1626 potentiam.
2043 1557 2170 1612 Nam

607 1640 695 1704 qui
720 1639 871 1694 famis
893 1646 1204 1701 necessitate
1226 1647 1278 1699 in
1304 1646 1587 1716 Egyptum
1615 1649 1937 1717 peregrinari
1957 1661 2171 1704 coactus

609 1722 724 1794 fuit,
755 1742 820 1784 eo
847 1733 983 1801 quod
1014 1736 1279 1802 angustias
1307 1752 1436 1805 quas
1468 1737 1518 1789 in
1545 1737 1838 1792 Chananzea
1863 1739 2168 1809 experieba-

607 1821 690 1875 tur
720 1822 856 1877 ferre
883 1839 984 1878 uou
1013 1837 1210 1894 posset,
1260 1828 1304 1882 is
1333 1829 1508 1885 subito
1549 1829 1698 1884 dives
1727 1829 1898 1884 factus
1922 1843 2003 1896 est
2030 1849 2043 1884 :
2075 1846 2172 1886 nec

604 1906 913 1978 simpliciter
953 1914 1119 1982 dives,
1151 1917 1244 1971 sed
1276 1917 1448 1986 valde,
1493 1935 1597 1974 non
1638 1929 1842 1976 tantum
1871 1921 2168 1991 pecoribus.

603 2000 695 2052 sed
724 1997 776 2053 ei
799 2013 1016 2070 argento
1041 2015 1094 2059 et
1117 2021 1264 2060 stu-0.
1796 2061 1803 2088 ε

673 2085 726 2140 2.
775 2089 990 2148 Vidistis
1028 2104 1220 2162 quanta
1269 2096 1337 2150 sit
1380 2095 1469 2152 Dei
1515 2085 1888 2164 providentia?
1919 2099 2080 2166 Abiit,
2115 2112 2172 2166 ut

605 2174 833 2244 aliquam
857 2179 1006 2250 famis
1033 2185 1448 2251 consolationem
1477 2187 1754 2248 inveniret.
1785 2199 1837 2242 et
1864 2190 2039 2252 rediit,
2064 2205 2169 2244 non

601 2265 774 2318 solum
802 2266 938 2322 fame
967 2271 1219 2341 mitigata,
1251 2273 1345 2328 sed
1375 2287 1426 2328 et
1454 2274 1648 2328 divitiis
1676 2287 1728 2330 et
1769 2278 2023 2332 immensa
2054 2279 2169 2349 glo-

602 2354 676 2406 ria
703 2357 1054 2426 conspicuus;
1102 2363 1449 2433 omnibusque
1494 2366 1826 2421 manifestum
1859 2367 1954 2423 fuit
1983 2369 2169 2438 qualis-

602 2445 722 2496 nam
753 2458 893 2501 esset
925 2466 938 2502 :
973 2450 1266 2522 deindeque
1295 2453 1607 2509 Chanansetn
1637 2458 1824 2511 incola:
1851 2460 1977 2526 juSIi
2009 2461 2170 2516 virtu-

603 2532 707 2586 tem
735 2535 930 2591 clarius
974 2541 1286 2609 didicerunt,
1321 2547 1559 2601 videntes
1603 2559 1779 2601 remot
1827 2552 2166 2608 mutationem

603 2620 708 2676 tam
731 2637 1078 2698 repentinam,
1109 2640 1165 2686 et
1189 2635 1342 2688 tantis
1373 2635 1568 2694 divitiis
1593 2636 1890 2692 abluentem
1918 2654 2038 2701 eum
2077 2640 2165 2707 qui

602 2725 658 2768 ut
699 2721 1020 2788 peregrinus,
1055 2733 1107 2792 et
1132 2726 1281 2792 quasi
1325 2728 1586 2798 fugitivus,
1616 2740 1669 2784 et
1695 2745 1875 2798 vagus,
1910 2731 1962 2784 in
2004 2729 2164 2802 Egy-

599 2809 746 2872 ptinn
793 2807 1154 2879 descenderat.
1185 2819 1252 2867 At
1298 2826 1351 2868 tu
1397 2816 1513 2871 vide
1560 2823 1823 2886 quomodo
1870 2820 1952 2874 hic
1999 2837 2168 2891 neque

601 2896 981 2964 prosperitate,
1014 2916 1184 2970 neque
1233 2903 1532 2960 divitiarum
1579 2908 1844 2966 afﬂuentia
1895 2913 2168 2967 remissior

597 2983 680 3037 vel
728 2987 1071 3055 negligentior
1109 2991 1273 3046 factus
1310 3005 1391 3048 est
1445 3011 1465 3051 :
1517 2997 1609 3051 sed
1664 2998 1856 3053 iterum
1895 3001 2166 3056 contendit

597 3073 663 3125 ad
691 3089 811 3128 cum
840 3076 1035 3143 locum,
1081 3083 1168 3134 ubi
1199 3085 1340 3150 prius
1367 3085 1556 3151 fuerat,
1592 3088 1890 3156 priusquam
1923 3093 1972 3144 in
2002 3091 2164 3162 Egy-

601 3172 742 3227 ptum
774 3168 1106 3222 concederet.
1151 3170 1290 3225 Venit
1312 3174 1471 3235 enim.
1500 3177 1686 3246 inquit,
1719 3180 1770 3232 in
1808 3180 2161 3244 solitudinem,

597 3258 750 3340 usque
795 3257 863 3309 ad
907 3257 1075 3326 locum.
1113 3263 1195 3323 ubi
1227 3268 1365 3335 prius
1393 3268 1496 3335 fuit
1532 3269 1902 3322 tabernaculum
1927 3275 2054 3340 ejus,
2097 3275 2165 3325 ad

597 3337 759 3396 locum
781 3345 956 3400 altaris
981 3351 1116 3419 quod
1149 3353 1265 3419 [scit
1305 3355 1370 3407 ibi
1399 3356 1674 3427 principio,
1701 3370 1748 3412 et
1786 3337 2029 3414 inbocdvit
2067 3379 2160 3416 no-

595 3446 705 3484 men
727 3428 928 3494 Domini
955 3437 1066 3493 Dei.
1095 3442 1298 3511 Cogita,
1326 3444 1570 3511 obsecro,
1599 3456 1852 3517 quantum
1877 3461 1992 3506 erat
2011 3455 2161 3522 quie—

595 3522 660 3575 iis
686 3533 739 3578 et
771 3530 1156 3597 tranquillitatis
1179 3544 1403 3602 amator,
1449 3547 1500 3590 et
1529 3539 1579 3592 in
1610 3539 1787 3594 divino
1817 3543 1958 3596 cultu
2000 3559 2156 3612 quam

593 3612 825 3666 sedulus.
851 3616 928 3669 Ad
956 3634 1074 3672 eum
1103 3623 1244 3675 enim
1269 3622 1464 3691 locum,
1493 3626 1679 3696 inquit,
1708 3631 1950 3692 accessit,
1981 3633 2030 3684 iu
2054 3644 2158 3701 quo

597 3702 740 3768 prius
785 3701 949 3761 altare
980 3708 1351 3778 aedificaverat,
1393 3719 1446 3767 et
1481 3715 1532 3770 in
1576 3732 1681 3786 quo
1711 3733 1902 3773 nomen
1948 3722 2154 3775 Domini

596 3791 946 3879 invitaverat.
977 3797 1113 3852 Ecce
1136 3798 1243 3868 jam
1289 3803 1466 3857 multis
1493 3816 1646 3860 antea
1674 3809 1881 3862 steculis
1925 3811 2156 3879 implevit

593 3873 694 3933 hoc
723 3882 866 3950 quod
892 3895 1071 3952 p05tea
1109 3902 1138 3939 a
1170 3888 1331 3941 David
1377 3893 1571 3946 dictum
1601 3903 1682 3948 est
1712 3915 1724 3949 :
1759 3897 1900 3967 Elegi
1936 3873 2154 3968 abiectus

591 3970 769 4022 essein
795 3972 944 4024 domo
974 3972 1068 4027 Dei
1112 3977 1208 4029 mei
1231 3981 1388 4049 magis
1411 3997 1560 4051 quam
1594 3985 1816 4040 habitare
1841 3988 1891 4039 in
1925 3989 2156 4042 taberna-

592 4060 720 4113 culis
766 4075 1077 4130 peccatorum
1122 4067 1287 4138 (Psal.
1318 4072 1405 4126 83.
1439 4075 1550 4141 ll).
1593 4076 1832 4131 Solitudo
1859 4082 1996 4133 enim
2031 4097 2156 4150 pro-

594 4154 708 4218 pter
735 4152 1116 4213 invocationem
1149 4162 1373 4214 nominis
1403 4164 1491 4217 Dei
1518 4167 1716 4233 gratior
1755 4170 1802 4221 ei
1833 4180 1966 4233 erat,
1998 4187 2155 4241 quam

590 4241 850 4298 ci'vltates.
882 4243 1094 4310 Sciebat
1132 4255 1296 4317 enim,
1325 4254 1524 4321 sciebat
1555 4259 1755 4324 utique,
1788 4262 2016 4317 civitatis
2041 4281 2154 4318 ma-

587 4331 911 4399 gnitudinem
939 4352 1041 4390 non
1073 4352 1136 4393 ex
1162 4341 1500 4397 :ediliciorum
1549 4347 1955 4417 pulchritudine,
1986 4367 2154 4422 neque

588 4432 649 4475 ex
679 4423 868 4479 civium
915 4429 1248 4486 multitudine
1293 4445 1536 4490 constare
1570 4455 1583 4488 :
1616 4439 1708 4493 sed
1737 4456 1801 4494 ex
1848 4442 2150 4499 inhabitan-

590 4513 717 4565 liulu
747 4515 958 4581 virtute,
992 4530 1202 4586 propter
1229 4537 1382 4590 quam
1425 4527 1533 4594 ipsa
1579 4528 1808 4583 solitudo
1853 4533 2152 4592 civitatibus

587 4596 795 4670 tiigitior
821 4605 936 4674 fuit,
959 4623 1078 4678 quae
1103 4612 1299 4668 virtute
1323 4614 1450 4682 justi
1478 4619 1783 4685 ornabatur,
1811 4631 1864 4674 et
1885 4624 2015 4677 orbe
2044 4634 2153 4680 toto

586 4688 832 4764 fuigitlior
856 4709 986 4753 erat.
1020 4702 1072 4755 5.
1106 4702 1170 4755 Et
1198 4703 1308 4770 Lat,
1339 4707 1529 4775 inquit,
1553 4711 1639 4778 Qui
1673 4727 1785 4765 cum
1814 4710 1996 4767 Abram
2027 4718 2148 4781 ibat,

582 4790 725 4836 erant
752 4796 797 4838 et
821 4804 950 4852 ores,
981 4803 1027 4843 et
1054 4793 1215 4857 bores,
1246 4807 1292 4848 et
1313 4813 1491 4864 pecora
1512 4840 1524 4862 ,
1555 4799 1605 4853 6.
1632 4817 1788 4870 neque
1811 4807 2039 4874 capiebat
2069 4824 2151 4861 eos

583 4876 736 4941 terra,
767 4888 821 4929 ut
840 4874 988 4932 simul
1012 4883 1308 4938 habitarent.
1337 4886 1462 4941 Erat
1481 4890 1663 4959 quippe
1679 4893 1954 4947 substantia
1977 4914 2148 4950 eorum

581 4962 756 5029 multa,
789 4979 834 5021 et
872 4986 969 5022 non
1000 4982 1224 5040 poterant
1251 4977 1472 5032 habitare
1499 4981 1666 5033 sintul.
1711 4981 1823 5040 Non
1849 4986 2020 5039 solum
2053 5002 2147 5056 pa-

581 5056 826 5124 triarcha:
878 5058 1151 5118 facultates
1195 5074 1364 5119 sueta:
1406 5078 1548 5131 sunt,
1580 5071 1671 5126 sed
1701 5070 1766 5126 Et
1798 5073 1923 5140 Lat,
1955 5076 2142 5146 inquit,

578 5157 717 5199 erant
755 5163 886 5214 oves,
918 5161 964 5204 et
993 5151 1156 5218 boves,
1201 5163 1247 5208 et
1273 5167 1471 5224 pecora.
1505 5159 1661 5214 Ferte
1693 5163 1876 5230 partim
1909 5167 2102 5220 Abram
2125 5206 2141 5234 ,

577 5247 756 5304 utpote
785 5239 1034 5305 liberalis,
1059 5242 1144 5295 illa
1172 5243 1268 5299 Lot
1291 5245 1466 5300 fratris
1493 5248 1598 5301 lilio
1623 5249 1927 5320 donaverat,
1951 5259 2141 5325 partim

575 5329 663 5381 alii
691 5329 943 5385 dedctant
972 5333 1022 5386 in
1055 5337 1365 5404 patriarchae
1390 5342 1632 5408 gratiam.
1673 5342 1738 5396 Et
1767 5361 1864 5398 non
1893 5351 2138 5417 capiebat,

577 5422 762 5490 inquit,
791 5440 872 5477 eos
902 5435 1053 5488 terra,
1082 5439 1187 5480 erat
1214 5431 1400 5498 quippe
1439 5432 1718 5487 substantia
1761 5449 1930 5490 eorum
1960 5441 2137 5492 multa.

579 5506 708 5567 Vide
755 5517 1019 5583 quomodo
1059 5519 1364 5575 facultatum
1411 5523 1560 5592 copia
1616 5527 1794 5579 statim
1842 5542 1996 5582 causa
2043 5531 2135 5584 fuit

574 5606 920 5672 separationis
950 5626 962 5660 :
990 5608 1300 5665 divisionem
1328 5613 1468 5667 enim
1499 5626 1766 5682 operatur,
1799 5619 2132 5673 concordiam

568 5701 811 5770 impedit,
841 5711 894 5758 et
923 5706 1248 5774 cognationis
1270 5706 1538 5761 vinculum
1583 5706 1799 5763 dirituit.
1829 5709 1859 5764 7
1903 5709 1969 5765 Et
2000 5713 2138 5780 facta

1354 355 1411 413 8.
1450 353 1722 413 ιοΑΝΝιδ
1746 355 2215 416 CllRYSOSTOIi
2255 353 2567 418 ARCilll-ZP.
2611 347 3144 408 CONSTANTINOP.

3765 342 3868 404 898

2285 478 2356 527 est
2383 482 2550 534 pugna
2570 469 2698 530 inter
2717 480 2941 531 pastores
2961 480 3196 534 pecorum
3219 464 3383 528 Abrc,
3412 469 3461 517 el
3486 463 3616 516 inte
3641 477 3874 529 pastores

2284 557 2397 610 Lot.
2426 553 2700 610 Chanamri
2745 565 2911 607 autent
2952 563 2998 606 et
3050 549 3316 612 Phert‘ztei
3354 561 3473 606 tunc
3517 553 3869 607 ωακωω

2282 655 2486 700 terram.
2512 643 2739 708 Attende
2764 641 3254 712 quomodogenere
3277 643 3488 708 cognati
3517 643 3871 698 discessionis

2283 737 2488 790 initium
2515 734 2734 789 faciunt.
2765 732 2898 788 Hinc
2942 729 3082 785 enim
3113 731 3329 801 semper
3353 733 3530 785 omnia
3563 733 3708 786 mala
3752 734 3871 798 pal-

2282 824 2466 886 iuiant,
2498 841 2527 876 a
2558 824 2868 877 famulorum
2901 820 3155 898 nequitia.
3185 820 3344 874 Facta
3372 835 3444 875 est
3470 824 3637 884 enim,
3675 824 3869 889 inquit,

2281 931 2449 984 pugna
2471 915 2601 966 inter
2628 922 2868 982 pastores.
2894 911 2956 964 lii
2980 911 3326 964 dissensionis
3356 913 3696 966 occasionem
3723 927 3870 981 prx-

2282 1004 2527 1068 buerunt,
2557 1004 2590 1058 ii
2617 1003 2956 1058 concordiam
2984 1000 3322 1064 dirimebant,
3347 1001 3382 1053 ii
3404 1002 3626 1054 multam
3653 1016 3868 1054 morum

2283 1093 2673 1162 improbitatem
2719 1107 2828 1160 prie
2879 1107 2937 1145 se
2985 1089 3244 1145 ferebant.
3289 1090 3567 1144 Cltantmci
3609 1103 3784 1143 autem
3828 1102 3871 1143 ct

2287 1185 2540 1242 Pheresasi
2579 1197 2694 1238 tunc
2733 1183 3074 1237 inhabitabant
3115 1193 3316 1236 terram.
3356 1182 3530 1249 Quare
3577 1183 3738 1236 nobis
3767 1183 3869 1235 hoc

2279 1277 2630 1346 siuilieavit?
2660 1276 2917 1342 Quoniam
2948 1274 3176 1337 dixerat,
3226 1273 3343 1327 Non
3368 1274 3593 1343 capiebat
3620 1289 3707 1326 eos
3728 1283 3870 1324 terra

2279 1379 2331 1419 ut
2381 1367 2661 1422 habitarent
2702 1367 2874 1430 simul,
2923 1379 3137 1419 causam
3185 1379 3396 1436 quoque
3439 1367 3638 1418 docere
3695 1365 3869 1416 voluit

2279 1457 2454 1511 divina
2487 1457 2780 1526 Scriptura,
2810 1455 2928 1519 ideo
2953 1470 3051 1508 nos
3076 1470 3266 1523 capere
3294 1467 3397 1508 non
3429 1455 3692 1524 potuisse,
3722 1470 3860 1524 quo-

2279 1547 2417 1600 niam
2441 1547 2614 1606 adhuc
2639 1563 2666 1600 a
2694 1545 2936 1615 gentibus
2965 1544 3065 1598 illis
3095 1532 3454 1614 pteoccunata
3483 1553 3620 1597 erat.
3657 1543 3866 1598 Verum

2280 1652 2376 1691 nos
2426 1637 2723 1712 religiosam
2755 1636 3071 1704 patriarcha:
3116 1643 3347 1688 mentem
3393 1631 3696 1695 videamus,
3727 1649 3871 1702 quo-

2279 1729 2436 1782 modo
2463 1742 2554 1781 sua
2589 1727 2806 1780 lenitate
2845 1737 3158 1780 exarsurum
3190 1723 3488 1777 incendium
3537 1723 3867 1792 restinguat.

2277 1818 2328 1873 8.
2362 1817 2500 1869 Dixit
2524 1826 2709 1879 autem,
2741 1816 2928 1885 inquit,
2950 1814 3134 1866 Abram
3154 1813 3223 1864 ad
3249 1811 3344 1864 Lat
3375 1828 3393 1865 :
3418 1827 3478 1864 ne
3505 1812 3570 1863 sit
3593 1809 3712 1864 rixa
3730 1814 3871 1864 iuta

2277 1926 2353 1962 me
2377 1920 2421 1962 et
2439 1920 2504 1972 te,
2529 1919 2576 1961 et
2606 1909 2732 1960 inter
2759 1916 2980 1974 pastores
3008 1921 3142 1956 meos
3167 1913 3216 1955 et
3249 1911 3379 1968 tuos,
3411 1902 3529 1972 quia
3555 1905 3751 1970 fratres
3779 1919 3869 1954 su-

2277 2014 2387 2053 mus
2425 2016 2535 2051 nos.
2565 1997 2695 2052 Vide
2735 1998 2991 2064 insignem
3035 1993 3368 2057 modestiam,
3400 1991 3520 2046 vide
3569 1991 3867 2045 sublimem

2279 2089 2682 2160 philosophiam.
2712 2087 2891 2142 Luto
2933 2098 2986 2140 et
3031 2085 3285 2155 dignitate
3325 2085 3506 2139 senior
3550 2084 3818 2154 juvenem
3849 2127 3863 2144 .

2275 2179 2449 2234 fratris
2481 2179 2644 2232 tilium
2678 2178 2891 2232 fratrem
2934 2177 3184 2245 appellat,
3211 2186 3264 2229 et
3293 2177 3342 2228 in
3371 2175 3633 2239 eamdem,
3672 2176 3725 2227 in
3758 2188 3864 2243 qua

2275 2272 2388 2340 ipse
2409 2280 2542 2336 erat,
2568 2269 2874 2337 dignitatem
2895 2267 3096 2331 evehit,
3129 2267 3365 2336 nihilque
3393 2267 3567 2321 minus
3591 2266 3666 2320 illi
3693 2282 3862 2334 quam

2274 2363 2371 2416 sibi
2407 2361 2587 2414 tribuit
2617 2377 2630 2414 :
2658 2358 2751 2413 sed
2777 2359 2904 2416 dicit
2935 2376 2948 2412 :
2979 2357 3062 2412 Ne
3094 2359 3157 2412 sit
3193 2359 3307 2411 rixa
3330 2359 3458 2411 inter
3487 2375 3565 2410 me
3595 2368 3644 2410 et
3675 2368 3744 2420 te,
3776 2359 3860 2409 in-

2272 2459 2347 2505 ter
2393 2459 2613 2521 pastores
2653 2466 2784 2503 meos
2827 2459 2873 2502 et
2921 2459 3053 2518 tuos.
3086 2448 3301 2519 indigne
3330 2449 3473 2502 enim
3521 2447 3626 2502 boc
3657 2448 3817 2502 ﬁeret
3843 2491 3857 2508 .

2275 2543 2462 2612 iuqttit,
2518 2542 2764 2612 quoniam
2822 2539 3013 2600 fratres
3066 2555 3270 2596 sumus.
3329 2541 3518 2595 Vidisti
3571 2541 3860 2610 quomodo

2270 2638 2508 2703 Apostoli
2525 2633 2909 2708 legemimpiet,
2935 2647 3053 2702 qua!
3081 2631 3206 2686 dicit
3239 2649 3250 2684 :
3279 2631 3397 2683 lant
3419 2632 3619 2699 quidem
3645 2633 3857 2685 omnino

2272 2722 2508 2775 delictum
2534 2723 2586 2775 in
2628 2721 2763 2775 vobis
2799 2730 2901 2786 est,
2946 2723 3079 2789 quod
3116 2721 3327 2790 judicia.
3360 2721 3550 2774 habetis
3590 2721 3726 2774 inter
3771 2735 3857 2774 eos

2271 2811 2497 2864 invicem.
2527 2811 2631 2864 Cur
2659 2828 2758 2863 non
2807 2811 2978 2879 potius
3024 2812 3264 2879 injuriam
3301 2812 3589 2880 patimini?
3617 2828 3707 2864 cur
3754 2830 3853 2864 non

2272 2903 2436 2969 potius
2464 2903 2708 2958 damnum
2733 2901 2962 2970 accipitis
2979 2901 3006 2953 I
3035 2900 3148 2953 I.nto
3178 2916 3262 2954 vos
3305 2902 3542 2962 iniuriam
3568 2901 3759 2969 facitis,
3809 2915 3854 2957 et

2270 2991 2514 3062 fraudatis
2533 3029 2547 3054 ,
2577 2991 2726 3059 idque
2751 2991 2932 3057 fratres
2967 2992 3044 3057 (l.
3074 2992 3191 3044 Cor.
3219 2991 3273 3044 6.
3307 2992 3358 3044 'l.
3407 2990 3483 3062 8).
3520 2991 3644 3045 Htec
3668 2994 3851 3045 omnia

2267 3083 2516 3151 Operibus
2561 3082 2786 3150 impleas
2815 3079 3110 3148 patriarcba
3137 3081 3269 3134 dixit
3300 3097 3314 3132 :
3347 3079 3430 3132 Ne
3454 3081 3520 3132 sit
3564 3083 3678 3132 rt-ra
3718 3082 3851 3134 inter

2268 3190 2346 3226 me
2371 3183 2418 3225 et
2447 3183 2510 3237 te,
2542 3182 2587 3224 et
2614 3172 2741 3224 inter
2767 3181 2992 3239 pastores
3018 3187 3154 3230 meos
3180 3181 3226 3224 et
3254 3182 3388 3234 tuos,
3416 3173 3655 3239 quoniam
3683 3173 3849 3224 homi-

2269 3282 2352 3318 nes
2403 3265 2581 3330 fratres
2634 3280 2724 3316 nos
2769 3279 2964 3317 sumus.
3009 3261 3143 3329 Quid
3199 3262 3298 3315 ltac
3343 3261 3516 3315 anima
3565 3263 3848 3330 pacatius?

2269 3355 2495 3410 Proinde
2526 3369 2628 3407 non
2675 3353 2890 3417 frustra,
2921 3366 3018 3406 nec
3063 3352 3179 3405 sine
3210 3365 3368 3405 causa
3411 3351 3675 3420 principio
3699 3351 3848 3405 dice-

2267 3445 2408 3509 bam,
2433 3460 2553 3498 eum
2578 3459 2759 3498 autore
2785 3443 2974 3512 quietis
3002 3451 3053 3495 et
3078 3439 3474 3510 tranquillitatis
3500 3441 3843 3495 solitudinem

2266 3535 2394 3589 locis
2420 3533 2781 3602 frequentibus
2809 3532 3119 3601 pra-tulisse.
3149 3531 3376 3585 Attende
3402 3531 3541 3583 enim
3571 3529 3845 3598 qubmmlo

2264 3637 2311 3680 et
2348 3640 2486 3679 nunc
2525 3623 2713 3676 videns
2760 3633 3000 3691 pastores
3041 3619 3348 3688 conﬂigere,
3380 3619 3557 3672 statim
3608 3620 3659 3672 in
3689 3620 3844 3674 initio

2265 3731 2431 3774 tentat
2458 3719 2788 3787 restinguere
2833 3716 3132 3769 incendium
3162 3713 3304 3785 quod
3345 3725 3653 3783 erupturum
3681 3724 3800 3769 erat
3822 3753 3841 3779 .

2261 3823 2315 3864 et
2352 3810 2746 3863 contentionem
2793 3807 2962 3860 sedat.
2999 3806 3229 3860 Debebat
3276 3806 3417 3860 enim
3471 3806 3604 3875 ipse,
3654 3816 3842 3873 utpote

2263 3901 2508 3952 omnibus
2546 3897 2838 3951 Palaestina:
2877 3896 3061 3949 incolis
3089 3897 3362 3963 sapientia:
3391 3896 3576 3949 doctor
3605 3897 3798 3949 missus
3823 3939 3837 3957 ,

2264 3990 2456 4043 nullam
2484 3987 2778 4042 offendiculi
2823 3987 2950 4040 dare
2978 3987 3336 4050 occasionem,
3367 3988 3446 4038 vel
3475 4001 3658 4039 ansam
3704 4001 3835 4038 enn—

2263 4081 2471 4144 cedere,
2496 4079 2586 4133 sed
2633 4092 2838 4132 tuorum
2871 4077 3086 4131 lenitate
3127 4076 3252 4130 tuba
3279 4077 3474 4130 clarius
3501 4074 3687 4130 omnes
3715 4092 3839 4130 eru-

2263 4171 2396 4234 dire,
2431 4180 2482 4222 ct
2503 4186 2609 4222 sua:
2633 4169 2840 4222 virtutis
2869 4167 3040 4221 facere
3066 4168 3381 4221 imitatores.
3418 4167 3500 4221 Ne
3524 4167 3611 4232 sit,
3643 4168 3832 4236 inquit,

2262 4261 2372 4313 rixa
2401 4262 2528 4312 inter
2558 4271 2692 4312 meet
2719 4269 2784 4322 te,
2808 4260 2934 4311 inter
2960 4269 3183 4327 pastores
3207 4275 3340 4311 meos
3367 4269 3412 4310 et
3441 4270 3568 4323 tuos,
3596 4261 3834 4325 quoniam

2261 4351 2484 4403 homines
2513 4351 2691 4420 fratres
2719 4365 2914 4402 sumus.
2947 4347 3105 4401 Multa
3138 4347 3420 4401 verborum
3452 4347 3659 4410 lenitas,
3693 4345 3838 4401 Inter

2260 4457 2338 4493 me
2361 4449 2406 4492 et
2437 4449 2499 4492 te.

2328 4531 2381 4586 '5.
2417 4531 2558 4583 (lim
2589 4537 2634 4582 et
2661 4529 2995 4582 contentiones
3019 4528 3257 4581 vitanda.
3277 4556 3346 4566 —
3370 4526 3657 4582 Considera
3695 4544 3832 4599 quo-

2260 4621 2416 4674 modo
2447 4621 2494 4673 ei
2527 4620 2754 4688 loquitur
2782 4634 2878 4672 ceu
2923 4619 3122 4672 honore
3162 4618 3271 4686 pari
3303 4633 3317 4680 ;
3361 4620 3604 4687 quamvis
3640 4620 3833 4688 opinor

2259 4727 2363 4764 non
2387 4708 2595 4762 aliunde
2622 4710 2764 4761 rixas
2791 4707 2948 4762 fuisse
2969 4715 3210 4772 exortas,
3238 4718 3396 4776 quam
3419 4708 3560 4777 quod
3589 4720 3831 4776 pastores

2257 4802 2571 4870 patriarcha:
2617 4815 2720 4853 non
2750 4800 3090 4866 permiserint
3118 4795 3223 4854 illis
3246 4799 3434 4856 eadem
3462 4800 3672 4855 licentia
3703 4802 3826 4864 frui,

2256 4911 2356 4963 qua
2389 4895 2505 4963 ipsi.
2551 4892 2653 4947 Sed
2695 4894 2868 4961 justus
2896 4892 3222 4960 aequabiliter
3259 4894 3434 4946 omnia
3474 4893 3620 4961 facit,
3656 4898 3827 4963 speci-

2255 5001 2374 5039 men
2408 4986 2647 5054 prcebens
2692 4984 2978 5037 eminentis
3027 4997 3136 5035 sua:
3183 4983 3473 5050 patientiae,
3521 4999 3584 5037 ac
3625 4987 3826 5040 docens

2255 5093 2358 5130 non
2399 5085 2599 5129 tantum
2631 5084 2941 5144 praesentes,
2971 5073 3063 5127 sed
3105 5083 3346 5148 posteros
3387 5074 3545 5130 etiam
3589 5089 3780 5129 omnes
3806 5115 3824 5141 ,

2252 5180 2536 5238 numquam
2588 5181 2708 5220 esse
2758 5163 3162 5226 admittendum,
3219 5173 3274 5217 ut
3325 5166 3489 5218 nostri
3533 5165 3822 5221 lamiliares

2247 5273 2369 5316 eum
2424 5258 2675 5327 proximis
2722 5255 3067 5311 contendant.
3120 5254 3251 5309 Nam
3313 5268 3499 5309 eorum
3553 5260 3826 5312 contentio

2249 5362 2491 5415 magnam
2519 5346 2669 5400 nobis
2711 5344 2862 5398 all'ert
2904 5345 3264 5414 ignominiam,
3295 5354 3350 5398 et
3381 5360 3484 5398 non
3516 5345 3618 5399 illis
3648 5346 3820 5415 impu-

2251 5450 2426 5494 tantur
2450 5454 2566 5508 quze
2595 5436 2746 5500 liuut,
2774 5437 2867 5490 sed
2898 5439 2947 5489 in
2977 5453 3070 5490 nos
3098 5438 3414 5491 transfertur
3450 5439 3819 5503 reprehensio.

2248 5528 2524 5596 Quomodo
2562 5528 2704 5580 enim
2747 5527 2937 5580 rationi
2982 5537 3396 5580 consentaneum
3438 5527 3526 5589 sit,
3576 5525 3823 5583 homines

2249 5622 2334 5690 qui
2370 5619 2556 5673 fratres
2586 5626 2741 5680 sunt,
2774 5616 2862 5686 qui
2913 5617 3154 5672 eamdem
3203 5629 3444 5672 naturain
3485 5621 3682 5679 sortiti,
3730 5624 3818 5690 qui

2249 5715 2485 5785 ejusdem
2533 5719 2654 5768 sunt
2705 5710 2937 5778 familia),
2985 5715 3073 5783 qui
3122 5718 3389 5771 tulitquam
3447 5714 3711 5783 peregrini
3765 5717 3819 5767 ei
