4056 6474
175 409 281 466 ως.

175 527 398 582 advena
427 523 514 578 hic
541 521 800 578 versatnri
823 529 968 586 sunt,
996 535 1132 590 quos
1157 517 1605 584 mansuetudinis,
1630 517 1767 572 lenio

177 621 322 682 tatis,
348 626 406 672 et
434 616 610 670 omnis
645 611 996 684 philosophia:
1033 611 1282 668 doctores
1319 623 1440 665 esse
1462 607 1763 678 oportebat,

177 713 316 765 inter
359 725 420 764 se
462 707 788 763 contendere
827 713 882 760 et
909 703 1230 775 digladiari?
1254 702 1488 757 Audiant
1531 699 1649 756 haec
1675 699 1766 770 qui

173 818 236 858 se
261 812 414 858 extra
457 797 934 868 reprehensionem
981 803 1172 868 putant
1216 809 1359 859 esse,
1401 791 1616 862 quando
1643 804 1766 860 pro-

174 901 296 961 pter
327 888 736 943 familiaritatem
759 884 1070 956 propinquis
1098 883 1212 938 suis
1235 882 1527 938 connivent
1552 880 1767 950 rapien-

177 984 342 1045 tibus,
388 979 798 1050 decipientibus,
831 979 994 1032 multa
1043 976 1183 1030 mala
1231 973 1682 1038 machinantibus,
1712 980 1768 1027 et

176 1073 229 1126 in
260 1071 582 1135 civitatibus,
612 1079 667 1125 et
694 1069 745 1124 in
766 1068 930 1139 agris,
955 1065 1324 1122 auferentibus
1349 1080 1380 1119 a
1407 1064 1596 1120 vicinis
1626 1077 1772 1118 nunc

174 1176 386 1230 agrum,
435 1175 577 1216 nunc
619 1158 860 1222 domum,
892 1172 1062 1227 eaque
1100 1156 1168 1211 de
1207 1169 1367 1211 causa
1417 1153 1606 1224 majori
1633 1151 1770 1207 tales

177 1249 426 1305 homines
466 1247 836 1304 benevolentia
877 1255 1294 1318 prosequuntur.
1333 1244 1466 1300 Nam
1504 1244 1628 1298 licet
1665 1242 1767 1297 ini-

175 1356 342 1411 quum
364 1355 500 1410 opus
528 1339 597 1393 ab
617 1337 724 1394 alio
751 1346 1018 1408 patratum
1045 1340 1135 1404 sit,
1175 1345 1350 1392 tamen
1380 1343 1435 1390 et
1463 1335 1578 1405 ipse
1607 1348 1772 1402 nego-

178 1432 236 1485 tii
267 1430 533 1500 particeps
559 1426 706 1483 fuisti
735 1446 750 1480 :
781 1443 885 1482 non
916 1427 1091 1481 solum
1118 1425 1261 1496 quod
1283 1424 1570 1480 oblecteris
1601 1422 1764 1488 facto,

175 1529 236 1574 et
275 1519 467 1575 credas
512 1519 636 1575 inde
676 1517 1015 1573 facultatibus
1049 1517 1159 1571 tuis
1197 1516 1587 1570 incrementum
1614 1527 1770 1568 acce-

175 1610 347 1676 dore;
378 1609 473 1666 sed
499 1608 642 1680 quod
683 1607 987 1678 prohibeas,
1015 1622 1085 1662 ne
1136 1607 1340 1661 facinus
1381 1604 1768 1659 committatur.

178 1701 313 1757 Nam
334 1701 421 1771 qui
453 1699 739 1769 prohibere
757 1705 934 1770 potest
957 1713 1080 1754 eum
1108 1697 1198 1767 qui
1224 1695 1474 1767 iniuriam
1502 1693 1684 1759 infert,
1718 1700 1776 1748 et

179 1808 290 1848 non
337 1793 605 1863 prohibet,
647 1791 694 1847 is
730 1807 838 1846 non
883 1790 1146 1848 minorem
1192 1789 1306 1845 luet
1332 1803 1568 1859 pinnam,
1611 1800 1774 1858 quam

175 1885 271 1954 qui
303 1883 549 1953 iniuriam
576 1882 756 1937 infert.

254 1977 296 2030 Α
316 1975 580 2047 fraudibus
592 1984 638 2030 et
659 1973 854 2044 rapinis
870 1981 1142 2027 avocat.—
1153 1970 1392 2027 Obsecro
1406 1969 1587 2040 igitur,
1606 1984 1674 2023 ne
1688 1981 1775 2022 se-

64 2094 67 2098 -
178 2067 441 2121 ducamus
467 2066 846 2135 nosmetipsos,
869 2063 963 2120 sed
987 2075 1043 2119 et
1067 2063 1166 2134 ipsi
1195 2061 1458 2132 fugiamus
1483 2059 1696 2129 rapinas
1719 2064 1777 2113 et

181 2159 421 2226 fraudes,
465 2167 521 2212 et
562 2173 628 2214 es
671 2155 969 2212 istiusmodi
1011 2155 1216 2211 artibus
1235 2155 1592 2209 emolumenta
1615 2161 1670 2206 et
1692 2150 1777 2205 lu-

179 2268 316 2308 cra:
365 2261 421 2307 et
461 2249 750 2304 familiares
787 2257 1001 2303 nostros
1043 2247 1373 2312 erudiamus,
1406 2261 1475 2300 ne
1507 2242 1636 2313 quid
1667 2241 1774 2297 tale

179 2350 495 2412 epereutur.
526 2339 640 2396 Non
669 2339 813 2394 enim
854 2337 958 2394 hoc
987 2352 1086 2393 nos
1118 2339 1362 2417 insontes
1397 2341 1638 2406 praestat,
1679 2332 1774 2388 sed

185 2433 367 2502 potius
391 2431 581 2501 majori
608 2429 1040 2486 condemnationi
1066 2429 1360 2485 obnoxios:
1379 2427 1503 2498 quia
1523 2427 1574 2480 in
1605 2426 1774 2481 nostri

182 2524 409 2596 gratiam
438 2523 512 2577 illi
539 2538 690 2578 suam
719 2523 1030 2578 amittentes
1063 2522 1318 2587 salutem,
1341 2519 1653 2589 iniustitiam
1682 2533 1778 2573 au-

181 2618 337 2682 dent,
365 2626 420 2672 et
446 2617 544 2687 ipsi
573 2616 626 2671 in
658 2615 948 2686 perniciem
977 2624 1168 2670 euntes
1194 2627 1295 2669 nos
1323 2627 1506 2669 secum
1537 2611 1770 2681 rapiunt.

186 2707 339 2776 Quod
363 2708 409 2762 si
438 2707 623 2778 vigiles
651 2722 774 2762 esse
800 2705 1146 2770 voluerimus,
1175 2712 1231 2760 et
1257 2703 1358 2774 ipsi
1384 2702 1453 2758 ab
1486 2717 1554 2757 eo
1579 2701 1776 2756 damno

186 2797 552 2853 Iiberahimnr.
607 2803 665 2850 et
716 2796 838 2850 illos
875 2811 905 2849 a
936 2794 1090 2849 malis
1128 2793 1410 2849 conatibus
1448 2791 1773 2847 arcebimus.

187 2889 359 2944 Porro
405 2903 472 2942 ne
521 2885 651 2942 mihi
689 2885 838 2941 dicas
877 2884 1066 2940 frivola
1116 2884 1206 2938 illa
1248 2882 1449 2937 verba:
1476 2880 1617 2936 Nihil
1644 2879 1777 2935 mihi

184 2996 334 3037 cum
373 2989 476 3034 est.
519 2978 784 3049 Numquid
811 2993 913 3049 ego
935 2977 1136 3048 rapui?
1163 2975 1308 3032 Nihil
1347 2974 1478 3029 mihi
1522 2989 1585 3030 ea
1623 2974 1690 3028 de
1718 2988 1780 3028 re

185 3077 433 3125 constat:
461 3068 596 3122 alius
620 3067 766 3132 fecit,
789 3082 894 3122 non
919 3065 991 3122 fui
1015 3065 1289 3136 particeps
1309 3063 1600 3133 iniustitia.
1633 3062 1780 3118 Prte-

189 3170 368 3216 tcxtus
394 3159 483 3214 illa
523 3168 667 3224 sunt,
695 3167 751 3214 et
780 3158 940 3212 inane
978 3165 1366 3211 commentum.
1395 3152 1450 3210 Si
1485 3153 1568 3208 vis
1594 3152 1780 3207 decla-

189 3266 314 3306 rare
339 3260 390 3308 te
412 3264 518 3305 non
541 3260 848 3305 consortem
883 3248 1050 3303 fuisse
1083 3246 1377 3317 iniustitiae,
1405 3259 1578 3315 neque
1603 3241 1781 3297 avari-

192 3341 281 3396 tia:
305 3340 592 3407 studuisse,
614 3338 840 3396 emenda
867 3339 1087 3406 factum,
1115 3337 1292 3393 solare
1315 3352 1440 3392 eum
1470 3335 1560 3406 qui
1587 3333 1779 3404 injuria

189 3432 414 3488 affectus
433 3441 536 3497 est,
571 3431 738 3488 redde
767 3431 967 3486 ablata.
995 3431 1087 3485 Sic
1111 3430 1254 3485 enim
1285 3437 1342 3484 et
1367 3428 1595 3498 teipsum
1615 3443 1645 3480 a
1671 3427 1779 3482 cri-

189 3523 427 3580 minibus
455 3521 728 3590 liberabis,
755 3531 810 3578 et
832 3535 955 3576 eum
981 3521 1072 3588 qui
1097 3519 1342 3590 iniuriam
1371 3518 1496 3574 fecit
1517 3517 1776 3588 corriges,

191 3616 238 3670 si
281 3614 653 3679 deelaraveris,
695 3614 812 3668 b:ec
850 3628 956 3666 non
996 3611 1161 3666 fuisse
1183 3611 1322 3666 facta
1361 3609 1656 3666 secundum
1688 3622 1782 3662 vo—

193 3708 452 3763 luntatem
497 3715 665 3768 tuam,
703 3715 760 3761 et
785 3704 1071 3760 consolans
1097 3718 1407 3774 pauperem,
1442 3717 1547 3756 non
1588 3700 1783 3756 siveris

193 3813 320 3854 eum
359 3813 391 3852 a
437 3797 653 3853 tristitia
694 3795 992 3860 absorberi,
1033 3810 1192 3866 quam
1233 3793 1427 3849 ablatis
1474 3793 1630 3848 huius
1673 3791 1785 3846 suis

194 3903 454 3959 passurus
472 3899 609 3942 erat.
638 3885 722 3942 Ns
745 3889 832 3954 sit,
861 3885 1054 3958 inquit,
1077 3887 1193 3940 rixa
1219 3886 1352 3939 inter
1384 3901 1462 3939 me
1487 3893 1532 3938 et
1557 3894 1624 3950 te,
1657 3885 1786 3938 inter

195 3989 422 4049 pastores
449 3994 585 4033 meos
607 3986 652 4032 et
676 3987 810 4044 tuos,
848 3978 968 4047 quia
993 3977 1218 4032 homines
1246 3977 1430 4046 fratres
1454 3991 1546 4030 nos
1587 3991 1780 4029 sumus.

201 4071 388 4125 Vidisti
455 4069 964 4124 mansuetudinem?
1027 4070 1207 4126 vidisti
1267 4068 1580 4123 lenitatem?
1647 4068 1786 4124 Audi

193 4171 253 4217 ct
305 4163 604 4233 sequentia,
657 4171 715 4216 ut
763 4160 942 4217 discas
991 4162 1346 4218 excellentem
1392 4163 1510 4231 eius
1545 4161 1785 4232 philoso-

197 4256 401 4326 phiam.
441 4254 722 4322 Quomodo
765 4254 925 4325 igitur
965 4255 1079 4309 rixa
1116 4254 1406 4319 dirimitur,
1435 4264 1488 4309 et
1514 4241 1788 4309 contentio

197 4348 592 4418 restinguitur?
641 4347 697 4404 9.
749 4346 882 4401 Ecce
925 4347 1090 4402 omnis
1125 4357 1279 4410 terra,
1310 4346 1502 4416 inquit,
1540 4362 1713 4400 coram
1741 4356 1788 4400 te

193 4451 292 4495 est.
317 4439 526 4494 Discede
545 4456 577 4491 ο
597 4455 679 4493 me
697 4455 717 4493 :
742 4439 785 4492 si
811 4448 864 4491 tu
892 4439 961 4491 ad
983 4438 1260 4503 sinistram,
1289 4454 1380 4508 ego
1400 4439 1467 4490 ad
1491 4438 1789 4502 dexteram;

195 4533 246 4587 si
286 4542 340 4584 ta
381 4530 449 4584 ad
475 4530 754 4596 dexteram,
799 4547 892 4601 ego
921 4530 989 4586 ad
1033 4531 1314 4585 sinistram.
1355 4530 1556 4587 Tecum
1601 4539 1787 4600 repnta

199 4620 616 4694 philosophiam,
639 4630 694 4678 et
714 4621 977 4692 insignem
1001 4623 1315 4678 modestiam
1338 4622 1660 4694 huiusiusti.
1683 4623 1788 4678 Sed

196 4721 324 4764 ante
350 4709 498 4774 hzec.
530 4713 756 4768 obsecro
779 4753 794 4774 .
835 4714 1007 4784 cogita
1057 4724 1313 4784 quantum
1350 4729 1418 4770 ex
1455 4715 1654 4770 divitiis
1699 4715 1792 4771 da-

201 4818 412 4868 mnum,
439 4812 493 4857 et
519 4811 716 4871 quanta
749 4817 815 4858 ex
844 4805 1024 4858 multis
1066 4805 1258 4874 opibus
1285 4806 1578 4860 contentio.
1623 4809 1791 4861 Aucta

199 4902 328 4946 sunt
365 4902 629 4958 armenta,
677 4894 1008 4964 multiplicati
1043 4909 1253 4965 greges,
1294 4896 1616 4953 affluaeruut
1652 4897 1792 4953 divi-

201 4983 294 5037 tia:
337 4984 540 5049 multa,
580 4995 637 5038 et
676 4985 858 5039 statim
895 4985 1212 5042 discinditur
1253 4978 1577 5044 concordia:
1605 5001 1660 5045 et
1690 4990 1790 5045 ubi

195 5085 317 5130 erat
346 5091 446 5145 pax
475 5084 530 5130 et
551 5077 790 5133 caritatis
818 5078 1111 5146 vinculum,
1145 5095 1286 5136 nunc
1313 5083 1449 5148 rixa,
1478 5094 1532 5138 et
1562 5094 1790 5138 conten-

203 5165 302 5220 tio.
338 5164 434 5221 Ubi
459 5165 602 5221 enim
630 5182 805 5223 meum
833 5177 1072 5234 ettuum,
1102 5171 1210 5226 illic
1237 5187 1396 5228 omne
1424 5173 1594 5228 litium
1621 5191 1792 5245 genus

199 5266 263 5312 et
281 5260 636 5316 contentionis
659 5261 900 5317 maio:
934 5262 1021 5316 ubi
1048 5273 1224 5319 autem
1267 5264 1381 5320 b:ec
1407 5282 1513 5321 non
1539 5278 1684 5335 sunt,
1717 5268 1790 5323 ibi

201 5363 396 5405 secura
424 5361 671 5406 versatur
695 5367 796 5422 pax
835 5364 891 5410 et
930 5355 1238 5410 concordia.
1270 5358 1333 5411 Et
1363 5357 1478 5413 lucc
1507 5368 1566 5413 ut
1593 5360 1788 5423 discas.

201 5440 329 5493 audi
373 5440 499 5511 quid
542 5441 682 5497 dicat
725 5443 910 5498 beatus
944 5444 1116 5501 Lucas
1149 5446 1218 5502 de
1239 5447 1304 5502 iis
1331 5449 1422 5518 qui
1449 5449 1516 5504 ab
1543 5450 1698 5506 initio
1721 5451 1790 5506 ad

205 5529 367 5586 Iidem
405 5532 648 5586 conversi
679 5543 824 5587 sunt.
864 5533 1016 5601 Erat,
1046 5535 1236 5605 inquit,
1269 5541 1493 5593 omnium
1520 5556 1608 5594 cor
1631 5557 1789 5594 unum

204 5627 253 5671 ει
276 5621 445 5674 animo
470 5638 575 5675 una
599 5622 618 5692 (
641 5621 753 5676 Act.
790 5624 844 5679 4.
874 5624 944 5679 32
967 5625 986 5696 )
1008 5642 1023 5679 :
1057 5642 1162 5681 non
1187 5628 1330 5700 quod
1358 5645 1514 5684 uuam
1556 5630 1788 5688 animam

205 5708 486 5765 habuerint
515 5727 723 5781 omnes,
743 5715 1034 5786 (quomodo
1059 5716 1201 5774 enim
1229 5719 1351 5784 hoc,
1378 5737 1500 5776 cmn
1531 5724 1582 5778 in
1609 5723 1787 5780 diver-

201 5801 282 5858 sis
303 5804 616 5875 corporibus
646 5806 924 5878 fuerint?)
968 5810 1060 5866 sed
1090 5815 1432 5871 concordiam
1461 5815 1672 5873 illorum
1696 5834 1782 5873 ar-

1203 403 1266 461 lN
1303 402 1457 462 CAP.
1497 400 1637 458 XIII.
1677 398 1923 459 GENEB.
1965 401 2199 462 IIOMIL.
2241 404 2485 465 XXXIII.

3366 410 3465 468 3l0

1875 516 2169 574 ctissimam
2215 520 2371 576 nobis
2409 520 2761 576 demonstrat.
2807 519 2928 578 iam
2968 524 3072 582 nisi
3112 525 3354 596 plurima:
3386 539 3468 595 pa-

1875 609 2077 664 tientia:
2109 610 2299 667 fuisset
2322 613 2495 682 iustus
2524 612 2635 678 ille,
2661 624 2717 670 et
2742 614 3004 685 insignem
3032 631 3144 687 pra:
3169 630 3232 673 se
3259 615 3470 672 tulisset

1872 700 2284 770 philosophiam,
2321 706 2718 762 suceensuisset
2747 705 2988 773 forsitan,
3017 717 3074 764 et
3113 707 3188 764 ita
3211 709 3264 764 ei
3300 708 3476 764 dixis-

1872 799 1995 845 set:
2039 791 2172 860 Quis
2202 793 2353 848 furor
2391 795 2521 850 ille?
2554 795 2758 851 Ausine
2783 805 2908 852 sunt
2933 795 3118 852 famuli
3153 798 3230 854 tui
3251 814 3316 854 os
3339 814 3468 869 ape-

1872 880 1980 934 rire
2007 881 2264 938 adversus
2295 899 2488 953 operas
2517 899 2667 940 meas
2693 885 2718 940 ?
2749 901 2855 940 non
2881 888 3185 957 cogitarunt
3207 901 3470 958 quantum

1874 969 2016 1026 inter
2060 987 2159 1027 nos
2205 974 2274 1028 sit
2316 974 2646 1030 discrimen?
2686 976 2838 1032 Unde
2876 978 3019 1032 enim
3051 978 3146 1034 tibi
3180 979 3267 1034 illa
3295 979 3468 1035 abun-

1873 1063 2101 1118 dantia?
2140 1082 2318 1122 nonne
2358 1083 2423 1123 ex
2463 1085 2579 1123 mea
2622 1071 2789 1124 cura?
2828 1070 2960 1137 Quis
2987 1081 3039 1126 te
3084 1072 3138 1128 in
3189 1075 3469 1128 hominum

1872 1167 2222 1224 conspectum
2251 1159 2512 1225 protulit?
2539 1175 2717 1216 nonne
2744 1176 2845 1231 ego
2865 1163 2952 1231 qui
2980 1175 3076 1233 pro
3102 1163 3353 1219 omnibus
3376 1164 3468 1220 tibi

1873 1241 1970 1309 fui,
2015 1255 2070 1299 et
2119 1247 2283 1315 patris
2328 1247 2422 1303 tibi
2464 1249 2612 1304 vices
2650 1251 2734 1320 egi
2787 1267 2881 1320 per
2919 1253 3139 1308 omnia?
3174 1257 3348 1325 Atque
3374 1255 3469 1310 has

1875 1335 2005 1389 mihi
2055 1351 2152 1405 pro
2199 1347 2278 1393 tot
2321 1340 2632 1396 ministeriis
2668 1344 2945 1398 mercedes
2977 1345 3196 1400 reddis?
3237 1347 3471 1402 Haecine

1875 1442 1972 1497 spe
2023 1427 2220 1498 ubique
2267 1439 2320 1484 te
2359 1432 2612 1486 comitem
2665 1433 2873 1489 itineris
2911 1434 3112 1489 habui?
3152 1436 3302 1501 Esto,
3339 1437 3469 1494 nihil

1873 1533 2060 1574 eorum
2087 1535 2206 1590 qua
2224 1534 2255 1575 a
2283 1537 2368 1576 me
2393 1521 2559 1578 habes
2587 1523 2640 1578 in
2667 1535 2900 1580 mentem
2929 1526 3024 1581 tibi
3055 1528 3269 1583 veniat:
3293 1545 3470 1584 nonne

1875 1607 2064 1663 saltem
2091 1610 2174 1664 ve!
2195 1619 2468 1665 senectam
2497 1628 2670 1668 meam
2697 1622 2752 1669 et
2778 1629 2945 1672 canos
2979 1620 3214 1672 revereri
3247 1629 3468 1686 oporte-

1876 1696 2005 1752 bat?
2024 1697 2130 1752 Sed
2156 1700 2495 1755 counivendo
2519 1703 2808 1770 permisisti
2830 1715 3071 1773 pastores
3098 1714 3217 1761 tuos
3243 1707 3294 1761 in
3322 1722 3473 1763 meos

1876 1788 2220 1856 debacchari,
2259 1793 2472 1848 nescius
2508 1793 2651 1864 quod
2695 1794 2833 1850 sicut
2870 1797 3218 1863 contumelia,
3259 1812 3361 1868 qua
3394 1797 3471 1852 illi

1877 1878 2052 1934 aﬂ'ecti
2093 1891 2242 1946 sunt,
2289 1882 2342 1936 in
2385 1897 2476 1940 me
2518 1885 2729 1953 transit,
2757 1886 2830 1941 ita
2862 1896 2918 1943 et
2951 1897 3163 1944 tuorum
3201 1891 3474 1946 temeritas

1880 1968 1974 2023 tibi
1994 1968 2339 2027 adscribitur.

1949 2057 2006 2114 ι.
2050 2059 2158 2115 Sed
2195 2060 2327 2116 nihil
2355 2061 2545 2118 horu
2567 2063 2744 2134 iustus
2767 2065 2852 2121 vel
2879 2066 2932 2121 in
2965 2076 3202 2123 mentem
3233 2067 3471 2134 admisit,

1878 2147 1976 2203 sed
2003 2149 2255 2206 omnibus
2284 2151 2390 2206 illis
2413 2153 2484 2208 ab
2505 2154 2687 2210 animo
2713 2155 2966 2226 repulsis,
3009 2173 3171 2212 unum
3215 2158 3319 2214 hoc
3342 2174 3474 2230 age-

1879 2240 1992 2303 bat,
2019 2242 2290 2311 quomodo
2315 2243 2456 2312 quod
2489 2254 2803 2315 erupturum
2842 2256 2961 2302 erat
2986 2249 3349 2304 contentionis
3389 2252 3474 2305 in-

1877 2331 2127 2387 cendium
2153 2334 2538 2403 exstingueret,
2579 2345 2637 2391 et
2670 2335 2824 2391 suavi
2873 2340 3216 2408 separatione
3262 2338 3477 2411 excogi-

1879 2424 2227 2495 tata,absque
2255 2425 2424 2481 turbis
2451 2425 2744 2482 habitaret:
2771 2427 2903 2484 dicit
2921 2429 3066 2484 enim
3102 2446 3117 2484 :
3143 2429 3278 2485 Ecce
3303 2447 3478 2485 annon

1879 2516 2043 2569 omnis
2065 2525 2200 2569 terra
2223 2532 2396 2569 coram
2427 2525 2475 2570 te
2500 2517 2617 2572 est?
2645 2515 2859 2572 Discede
2877 2534 2911 2572 a
2938 2534 3019 2572 nte
3038 2533 3060 2574 :
3098 2518 3142 2573 si
3171 2528 3225 2573 tu
3251 2519 3320 2572 ad
3347 2518 3477 2573 sini-

1877 2617 2059 2678 stram,
2079 2625 2172 2681 ego
2194 2607 2264 2662 ad
2295 2609 2593 2673 dexteram;
2619 2609 2662 2664 si
2701 2621 2758 2664 tn
2778 2610 2850 2664 ad
2877 2611 3158 2676 deﬂuant,
3187 2627 3283 2682 ego
3316 2611 3386 2664 ad
3404 2611 3480 2665 si-

1880 2701 2114 2753 nistram.
2154 2698 2289 2754 Vide
2331 2699 2801 2755 mansuetudinem
2842 2700 2994 2770 iusti.
3025 2701 3295 2772 Operibus
3333 2700 3478 2756 enim

1881 2790 2136 2856 ostendit,
2179 2805 2238 2846 se
2265 2806 2372 2845 non
2403 2806 2496 2846 sua
2523 2800 2714 2861 sponte
2742 2790 2919 2847 facere
2954 2790 3080 2859 hoc,
3112 2804 3287 2862 neque
3324 2807 3482 2861 sepa-

1882 2883 1988 2938 rari
2011 2883 2169 2950 velle,
2198 2882 2295 2938 sed
2321 2882 2391 2938 ob
2422 2883 2784 2940 contentionis
2809 2884 3211 2950 necessitatem,
3243 2894 3300 2938 ut
3327 2865 3396 2938 ne
3422 2884 3477 2939 in

1881 2975 2045 3030 domo
2076 2977 2145 3030 sit
2185 2985 2505 3046 perpetuum
2549 2977 2749 3032 bellum
2778 2996 2792 3032 :
2821 2977 2942 3033 vide
2984 2975 3260 3048 quomodo
3307 2975 3485 3032 verbis

1883 3065 2029 3121 illius
2054 3065 2212 3120 bilem
2244 3066 2618 3132 mansuefacit,
2664 3077 2719 3121 et
2750 3082 2966 3122 omnem
2994 3069 3043 3122 ei
3064 3065 3343 3122 electionis
3381 3082 3479 3135 po-

1886 3163 2134 3210 testatem
2171 3153 2284 3222 dat,
2317 3157 2673 3226 proponitque
2708 3170 2926 3212 omnem
2957 3166 3182 3223 terram,
3217 3170 3281 3211 ac
3313 3154 3479 3211 dicit:

1883 3245 2017 3301 Ecce
2032 3263 2202 3300 annon
2229 3246 2390 3300 omnis
2415 3256 2550 3301 terra
2572 3263 2744 3301 coram
2772 3248 2860 3301 te?
2883 3247 3056 3314 Quam
3084 3247 3186 3313 vis,
3217 3247 3357 3317 elige
3381 3264 3394 3300 :
3426 3255 3484 3303 et

1883 3353 2001 3410 ego,
2017 3354 2174 3410 quam
2187 3349 2241 3394 tu
2261 3339 2562 3409 reliqueris,
2579 3354 2770 3410 magna
2784 3355 2904 3396 cum
2923 3341 3192 3410 voluptate
3203 3338 3481 3411 accipiam.

1885 3427 2072 3499 Magna
2104 3439 2188 3484 est
2210 3429 2341 3499 iusti
2384 3428 2542 3500 huius
2582 3428 2942 3501 philosophia.
2976 3429 3094 3486 Non
3130 3430 3244 3485 vult
3265 3429 3488 3486 omnino

1886 3537 2153 3578 onerosus
2195 3537 2318 3578 esse
2359 3522 2539 3578 fratris
2579 3523 2726 3588 Illio;
2757 3523 2910 3593 quasi
2938 3524 3178 3578 diceret:
3221 3523 3487 3592 Quoniam

1886 3612 1940 3668 id
1977 3612 2120 3683 quod
2167 3613 2418 3668 nolebam
2462 3613 2676 3679 accidit,
2709 3628 2816 3684 quo
2848 3621 3064 3668 cessent
3090 3612 3487 3676 contentiones,

1889 3704 2251 3758 necessarium
2291 3711 2377 3758 est
2417 3711 2475 3757 ut
2511 3718 2860 3774 separemur:
2904 3711 3188 3774 propterea
3225 3711 3276 3756 te
3313 3701 3488 3756 donti-

1890 3814 2018 3853 num
2044 3796 2326 3853 electionis
2353 3804 2410 3852 et
2437 3795 2697 3850 arbitrum
2724 3795 3031 3859 constituo;
3066 3803 3120 3849 et
3143 3808 3357 3848 omnem
3393 3793 3487 3848 tibi

1891 3896 2210 3958 potestatem
2251 3886 2344 3953 do,
2372 3895 2430 3940 ut
2455 3895 2652 3940 terram
2699 3901 2862 3954 quam
2904 3885 3181 3940 meliorem
3211 3897 3403 3939 censes
3433 3892 3490 3937 tu

1890 3982 2078 4052 eligas,
2118 3988 2174 4036 et
2217 3979 2479 4049 reliquam
2519 3978 2666 4032 sinas
2695 3991 2813 4031 esse
2847 3991 3044 4031 meam.
3073 3974 3210 4030 Num
3242 3974 3345 4029 hoc
3368 3975 3490 4044 quis

1889 4088 2142 4144 umquam
2181 4070 2403 4143 aequalis
2435 4069 2607 4124 aetatis
2643 4068 2794 4124 fratri
2829 4067 3132 4123 faciendum
3170 4066 3402 4129 censuit,
3431 4063 3482 4119 id

1889 4163 2034 4233 quod
2061 4161 2239 4218 fratris
2274 4161 2385 4216 filio
2412 4158 2765 4231 patriarcha?
2793 4157 2926 4212 Nam
2955 4159 2999 4211 si
3034 4162 3147 4228 ipse
3176 4156 3309 4210 facta
3342 4156 3492 4224 prius

1890 4255 2157 4311 electione
2185 4254 2413 4324 primum
2435 4253 2608 4308 locum
2637 4251 2738 4307 sibi
2770 4259 3062 4317 servasset,
3095 4250 3486 4305 concessisset-

1891 4366 1996 4420 que
2012 4349 2086 4404 illi
2111 4349 2338 4419 reliqua,
2364 4361 2544 4402 nonne
2569 4355 2624 4400 et
2651 4345 2753 4399 hoc
2777 4353 2934 4414 pacto
2964 4357 3215 4413 magnum
3236 4341 3490 4412 quiddam

1896 4439 2150 4496 fecisset?
2183 4441 2252 4493 At
2282 4438 2512 4508 ingentis
2539 4436 2749 4490 virtutis
2770 4449 2880 4491 sua:
2907 4435 3178 4503 specimen
3205 4433 3486 4500 exhibere,

1894 4543 1949 4588 et
1977 4532 2302 4587 desiderium
2323 4528 2534 4601 iuvenis
2553 4528 2771 4598 explere
2794 4528 3030 4595 volebat,
3065 4527 3137 4581 ita
3159 4535 3216 4582 ut
3246 4525 3390 4580 nulla
3421 4543 3486 4581 ex

1894 4626 2234 4697 separatione
2282 4630 2596 4679 nasceretur
2641 4621 2893 4678 mereris
2940 4620 3195 4686 occasio,
3246 4619 3388 4674 unde
3439 4619 3489 4675 ei

1896 4719 2169 4790 proposita
2200 4724 2464 4788 potestate
2491 4714 2664 4779 omni,
2692 4713 2821 4768 dicit
2845 4730 2858 4767 :
2889 4711 3020 4766 Ecce
3055 4712 3219 4766 omnis
3241 4721 3374 4766 terra
3400 4727 3487 4764 co-

1894 4830 2004 4866 ram
2041 4822 2089 4866 te
2111 4827 2130 4866 :
2172 4825 2410 4881 separare
2445 4825 2478 4862 α
2514 4824 2615 4872 me,
2659 4815 2716 4864 et
2750 4803 2963 4877 qualem
3003 4805 3236 4860 volueris
3291 4814 3490 4860 terram

1896 4905 2054 4975 elige.
2083 4902 2369 4974 Oportebat
2400 4901 2561 4972 igitur
2587 4897 2769 4954 fratris
2797 4899 2984 4964 filium,
3013 4913 3134 4952 cum
3168 4907 3369 4952 tantam
3391 4913 3482 4952 es-

1901 4996 2167 5064 periretur
2207 4995 2512 5062 equitatem
2556 4990 2914 5062 patriarcha.
2973 5004 3154 5059 parem
3194 4988 3496 5062 rependere

1900 5086 2187 5153 honorem,
2215 5094 2271 5140 et
2291 5084 2342 5140 ei
2368 5084 2545 5156 potius
2573 5084 2794 5138 liberam
2819 5084 3140 5138 electionem
3169 5081 3492 5138 concedere.

1895 5177 2147 5236 Solemus
2189 5176 2331 5231 enim
2374 5174 2541 5230 ferme
2578 5173 2755 5229 cuncti
2787 5172 3052 5240 homines,
3081 5174 3126 5228 si
3155 5172 3496 5229 obluctantcs

1899 5267 2176 5325 videamus
2203 5267 2564 5332 adversarios,
2588 5280 2652 5320 ac
2665 5263 3057 5320 contendentes
3081 5265 3135 5320 in
3161 5265 3394 5335 primum
3413 5266 3492 5320 lo-

1906 5369 2020 5416 uim
2045 5358 2359 5424 ascendere,
2392 5371 2497 5411 non
2524 5355 2668 5412 ferre
2693 5371 2794 5410 nos
2823 5354 3105 5410 inferiores
3135 5371 3277 5419 esse,
3319 5371 3494 5425 neque

1899 5469 1979 5510 ets
2005 5451 2236 5508 cedere:
2277 5462 2414 5521 quos
2450 5449 2495 5505 si
2521 5449 2715 5504 cedere
2753 5448 3068 5514 viderimus,
3113 5457 3164 5502 et
3203 5447 3496 5501 humilibus

1899 5545 2080 5601 verbis
2116 5552 2433 5615 potestatem
2482 5557 2700 5597 omnem
2751 5540 2906 5595 nobis
2958 5540 3289 5610 permittere,
3340 5538 3493 5608 quasi

1899 5643 2208 5693 reverentes
2231 5649 2478 5705 magnam
2507 5631 2992 5698 mansuetudinem,
3018 5647 3072 5685 et
3090 5645 3122 5686 a
3145 5630 3494 5686 contentione

1899 5727 2227 5790 desistimus,
2259 5734 2314 5782 et
2336 5724 2456 5781 vice
2485 5737 2643 5779 versa
2665 5737 2880 5778 omnem
2903 5729 3222 5792 potestatem
3251 5719 3332 5774 cis
3358 5736 3493 5775 con-

1905 5821 2171 5878 cedimus.
2217 5818 2425 5874 etiamsi
2471 5819 2648 5874 minor
2680 5833 2799 5874 esse
2831 5817 3072 5876 videatur
3112 5820 3158 5876 is
3185 5819 3277 5893 qui
3312 5819 3500 5876 nobis-
