4056 6480
635 383 731 440 311

629 507 748 546 cum
793 492 975 562 litigat.
1008 493 1140 548 Cum
1183 493 1401 550 deberet
1440 496 1594 564 igitur
1619 505 1667 549 et
1698 496 1797 552 Lot
1825 513 1946 552 cum
1972 499 2190 568 patriar-

630 583 731 636 cha
763 582 862 636 hoc
904 581 1113 646 facere;
1146 585 1232 639 ille
1264 594 1438 638 tamen
1462 596 1642 654 utpote
1672 588 1904 656 juvenis,
1929 599 1984 645 et
2012 589 2197 657 majori

632 674 1059 735 concupiscentia
1088 685 1303 737 tractus,
1333 678 1566 744 potiores
1598 688 1709 732 tum
1732 680 1830 733 sibi
1863 681 2000 736 visas
2025 691 2201 748 partes

633 762 845 830 arripit,
869 773 921 816 et
945 764 1253 820 electionem
1279 765 1420 818 facit.
1451 767 1536 822 ιθ.
1560 767 1626 821 Et
1646 769 1877 834 sublatis,
1894 772 2082 837 inquit,
2106 771 2199 826 Lot

631 852 791 904 oculis
819 853 943 916 suis,
971 854 1089 904 vidit
1117 867 1313 907 omnem
1338 856 1588 926 regionem
1602 860 1733 912 circa
1747 859 2046 924 Iordanem,
2068 865 2201 930 quod

632 952 736 996 tota
779 953 901 997 esset
943 943 1150 1014 irrigua,
1191 957 1456 1016 antequam
1495 948 1742 1005 Dominus
1780 953 2076 1007 subverteret
2103 953 2202 1008 So-

631 1031 780 1084 doma
827 1043 871 1087 et
918 1032 1219 1098 Gomorrha,
1270 1040 1411 1105 quasi
1446 1039 1618 1094 hortus
1664 1042 1778 1107 Dei,
1823 1054 1868 1097 et
1899 1046 2028 1098 sicut
2067 1058 2200 1098 terra

632 1121 848 1193 [Ἐφυριί
871 1141 1025 1191 usque
1051 1126 1169 1178 dum
1197 1130 1389 1181 venitur
1415 1131 1465 1182 in
1493 1130 1709 1202 Zogora.
1742 1136 1827 1188 ll.
1851 1135 1916 1189 Et
1935 1137 2079 1206 elegit
2107 1138 2200 1191 sibi

633 1209 727 1263 Lat
768 1229 960 1265 omnem
1001 1215 1134 1267 circa
1171 1214 1448 1272 Iordanem
1487 1223 1758 1290 regionem,
1795 1234 1842 1277 et
1877 1228 2071 1279 recessit
2109 1225 2200 1280 Lot

628 1300 689 1352 ab
718 1299 939 1367 Oriente,
968 1304 1210 1374 divisique
1249 1319 1361 1360 sunt
1387 1321 1589 1380 uterque
1621 1331 1652 1364 a
1677 1315 1834 1382 fratre
1859 1333 1967 1368 suo.
2013 1316 2198 1371 Vidisti

625 1393 752 1458 justi
785 1393 1028 1449 virtutem
1061 1397 1325 1467 ingentem
1351 1441 1365 1461 ,
1408 1406 1673 1471 quomodo
1719 1407 1947 1462 radicem
1988 1411 2199 1463 malitia

632 1497 698 1536 ne
718 1485 1022 1552 germinare
1051 1489 1261 1556 quidem
1295 1494 1553 1559 permisit,
1599 1496 1692 1549 sed
1736 1499 1915 1550 statim
1948 1513 2067 1552 cum
2090 1500 2197 1568 jain

629 1574 880 1642 oriretur,
910 1576 1142 1634 funditus
1167 1584 1402 1636 exsecuit
1426 1594 1478 1639 et
1503 1585 1752 1651 abolevit,
1781 1589 1946 1642 mnlta
1972 1606 2097 1644 usus
2128 1592 2202 1646 le-

631 1663 815 1728 nitate,
843 1675 896 1720 et
931 1668 1138 1722 virtutis
1175 1684 1332 1731 causa
1369 1681 1679 1728 ceterarum
1712 1693 1889 1730 rerum
1933 1696 2199 1735 summum

628 1761 986 1820 contemptum
1033 1773 1139 1823 pra:
1180 1773 1237 1810 se
1279 1760 1473 1826 ferens,
1518 1763 1900 1836 declaransque
1929 1770 2195 1834 omnibus,

625 1841 891 1907 quomodo
920 1859 1101 1912 pacem
1134 1846 1350 1915 habere,
1379 1861 1433 1906 et
1461 1867 1491 1905 a
1521 1857 1859 1911 contentione
1884 1859 2116 1926 liberari,
2151 1863 2200 1916 id

629 1930 791 1996 pluris
819 1933 1013 1989 faceret
1036 1953 1192 2003 quam
1211 1954 1396 1995 omnes
1418 1941 1875 2000 facultates?Nam
1907 1959 1962 2001 ut
1990 1965 2058 2004 ne
2083 1952 2200 2020 quis

627 2021 947 2076 condemnet
969 2024 1174 2093 justum
1196 2029 1346 2096 quasi
1370 2030 1630 2098 ingratum
1661 2035 1799 2090 circa
1835 2036 1954 2102 Lot,
1983 2052 2037 2092 et
2061 2041 2198 2108 quod

626 2124 785 2178 quem
815 2127 846 2166 c
874 2112 1034 2168 domo
1063 2131 1155 2168 sua
1184 2117 1443 2172 eduxerat
1469 2120 1530 2174 in
1552 2129 1746 2176 terram
1777 2123 2027 2189 alienam,
2059 2143 2199 2182 tione

625 2215 655 2253 a
677 2201 1066 2260 cobabitatione
1093 2205 1328 2276 ejiceret,
1360 2223 1493 2264 neve
1516 2221 1663 2280 putet
1689 2214 1863 2282 ipsum
1891 2216 2196 2271 inimicitia-

625 2307 741 2346 rum
761 2295 923 2362 gratia
944 2297 1054 2350 haec
1073 2296 1265 2358 facere.
1281 2301 1374 2355 sed
1399 2311 1455 2355 ut
1477 2303 1742 2359 discamus
1765 2323 1950 2361 omnes
1973 2323 2031 2363 se
2053 2312 2198 2377 pacis

623 2382 801 2436 studio
846 2383 961 2440 haec
1011 2387 1202 2453 facere,
1239 2390 1362 2444 ideo
1397 2402 1449 2446 et
1485 2393 1797 2450 electionem
1827 2400 1872 2452 ei
1909 2403 2194 2467 concessit,

626 2486 794 2540 neque
825 2475 1048 2532 moleste
1077 2479 1194 2532 tulit
1218 2481 1358 2549 quod
1403 2483 1571 2551 prima
1625 2486 1808 2551 ferret,
1856 2497 1911 2542 ut
1951 2492 2196 2545 omnibus

626 2571 806 2614 notum
834 2563 988 2631 foret,
1008 2570 1274 2636 quomodo
1294 2587 1442 2626 mens
1471 2588 1563 2627 sua
1592 2576 1658 2629 ad
1689 2579 1831 2645 pacis
1857 2581 2196 2650 caritatisque

623 2665 842 2721 scopum
865 2666 1128 2725 spectaret
1149 2662 1500 2728 potissimum.
1519 2666 1778 2723 Praeterea
1795 2680 1848 2725 et
1868 2673 2008 2727 aliud
2031 2676 2198 2743 quod-

623 2739 746 2794 dam
794 2746 1107 2814 mysterium
1135 2748 1247 2816 jam
1285 2762 1446 2806 antea;
1478 2755 1904 2828 dispensabatur,
1938 2773 1996 2816 ut
2033 2739 2196 2818 multa

625 2827 723 2883 hoc
743 2835 988 2903 exemplo
1018 2835 1229 2904 tierent,
1253 2850 1306 2894 et
1332 2850 1394 2896 ut
1411 2842 1506 2897 ιο(
1525 2847 1688 2900 rebus
1710 2849 1839 2917 ipsis
1873 2853 2194 2920 erudiretur,

623 2933 682 2974 se
703 2936 804 2974 non
833 2932 891 2976 ut
924 2939 1016 2992 par
1041 2936 1156 2980 erat
1175 2929 1418 3000 elegisse,
1437 2944 1491 2987 et
1520 2945 1578 2988 ut
1613 2937 1878 2994 discerent
1909 2943 2197 3001 Sodomita:

623 3009 872 3066 virtutem
903 3013 1022 3081 Lot,
1050 3028 1105 3070 et
1126 3023 1460 3088 separatione
1487 3023 1622 3080 facta
1654 3031 1937 3095 promissio
1970 3037 2194 3102 patriar-

618 3100 736 3155 chae
761 3103 878 3156 data
897 3119 1088 3162 eventu
1119 3112 1497 3179 compleretm',
1521 3132 1622 3185 qua
1646 3119 1845 3174 dictum
1876 3136 1958 3177 est
1973 3100 2025 3180 ei
2049 3145 2057 3176 :
2083 3128 2196 3182 Tibi

619 3199 668 3243 et
695 3193 874 3247 uittini
896 3204 983 3247 tuo
1001 3198 1131 3252 dabo
1157 3209 1344 3254 terram
1364 3204 1495 3258 hanc
1513 3222 1532 3259 :
1561 3207 1612 3260 id
1638 3211 1777 3276 quod
1809 3215 2056 3280 paulatim
2077 3234 2196 3286 pro-

618 3280 862 3336 cedendo
893 3283 1207 3350 videbimus,
1232 3290 1406 3344 divina
1429 3294 1699 3364 Scriptura
1727 3301 1879 3357 nobis
1913 3320 1973 3358 ea
2011 3280 2194 3359 decla-

618 3381 792 3425 rante.
843 3373 926 3427 12.
961 3375 1027 3429 Et
1075 3378 1260 3433 Abram
1282 3420 1300 3446 ,
1345 3384 1533 3453 inquit,
1563 3389 1800 3444 habitavit
1828 3395 1878 3445 in
1906 3405 2038 3448 terra
2059 3398 2189 3451 σιω.

618 3475 793 3526 naan;
823 3463 920 3516 Lat
957 3475 1122 3519 autem
1162 3469 1400 3525 habitavit
1448 3475 1498 3527 in
1537 3477 1732 3532 civitate
1763 3497 1874 3550 ques
1912 3496 2015 3537 erat
2062 3489 2194 3539 circa

615 3548 916 3622 Jordanetn,
943 3568 989 3610 et
1014 3562 1389 3616 tabernaculum
1420 3567 1593 3620 habuit
1619 3570 1670 3622 in
1701 3548 1960 3627 Sodomis.
1983 3577 2067 3630 i3.
2096 3577 2193 3644 Qui

616 3653 785 3697 autem
810 3647 1031 3703 homines
1057 3651 1300 3708 Sodomis
1337 3658 1568 3726 agebant.
1601 3663 1726 3714 mali
1755 3675 1896 3717 erant
1933 3678 1980 3721 et
2017 3686 2196 3737 pecca-

621 3740 755 3787 tores
799 3751 969 3788 coram
1019 3738 1123 3794 Deo
1167 3745 1328 3797 valde.
1373 3745 1528 3802 Vides
1574 3749 1672 3803 Lot
1712 3763 1912 3808 tantum
1953 3769 2194 3828 spectare

619 3830 776 3876 terra:
790 3833 1057 3899 naturam,
1073 3840 1125 3883 et
1145 3846 1249 3884 non
1268 3834 1542 3892 advertere
1569 3841 1861 3896 incolarum
1874 3849 2193 3916 nequitiam?

617 3910 748 3978 Qua:
790 3915 930 3969 enim
967 3919 1182 3985 utilitas,
1211 3921 1313 3987 dic,
1354 3941 1471 3992 oro,
1505 3929 1547 3981 si
1577 3939 1716 3983 terra
1743 3932 1812 3986 sit
1841 3910 2110 3993 fruciuosa
2139 3953 2192 3997 et

616 4001 790 4069 ferax,
821 4005 1062 4064 homines
1103 4023 1278 4068 autem
1324 4017 1459 4072 adeo
1495 4023 1754 4078 scelesti?
1783 4027 1918 4093 Quid
1945 4029 2124 4086 damni
2161 4050 2192 4090 e

616 4093 904 4151 solitudine
929 4109 982 4152 et
1015 4099 1317 4172 infrugifera
1347 4119 1506 4174 terra,
1535 4113 1579 4165 si
1610 4112 1854 4172 homines
1884 4119 2194 4178 sinthuma-

613 4183 834 4238 niores‘!
858 4187 1030 4258 Caput
1067 4191 1208 4246 cuitu
1249 4205 1302 4249 et
1327 4212 1530 4252 summa
1576 4201 1830 4260 bonorum
1866 4219 1948 4263 est
1985 4212 2193 4268 inhabi-

612 4276 839 4330 tantium
881 4279 1130 4347 probitas.
1158 4283 1422 4341 Cteterum
1447 4289 1546 4343 Lot
1576 4293 1643 4345 ad
1676 4310 1835 4349 unum
1870 4307 2069 4355 tantum
2106 4320 2188 4358 re-

611 4366 812 4432 spexit,
840 4383 1029 4439 uempe
1055 4372 1120 4428 ad
1148 4372 1473 4434 fertilitatem
1505 4391 1680 4436 terrm.
1710 4384 1775 4440 Et
1803 4387 1999 4446 idcirco
2041 4395 2187 4449 Scri-

615 4466 772 4525 ptura
801 4457 1075 4518 declarare
1100 4466 1254 4520 nobis
1285 4471 1465 4524 volens
1504 4471 1856 4534 habitantium
1900 4483 2004 4538 illic
2035 4488 2187 4541 mali-

609 4546 764 4612 tiam,
801 4547 966 4604 dicit:
1015 4552 1114 4619 Qui
1145 4566 1314 4610 autent
1346 4559 1566 4617 homines
1604 4566 1654 4618 in
1682 4566 1922 4625 Sodomis
1955 4575 2185 4643 agebant,

616 4636 740 4689 onali
767 4650 908 4693 erant
939 4651 985 4696 et
1018 4655 1302 4711 peccatores
1330 4665 1500 4704 coram
1529 4653 1636 4708 Deo
1661 4660 1822 4714 valde.
1852 4661 1966 4717 Non
1986 4636 2183 4733 solum,

615 4725 808 4795 inquit,
834 4728 980 4796 Mali,
1013 4734 1106 4788 sed
1143 4734 1457 4803 Peccatores,
1484 4753 1538 4797 et
1559 4761 1662 4800 non
1693 4751 2026 4821 simpliciter,
2066 4725 2189 4810 Per;

611 4825 826 4883 ratores,
857 4821 950 4874 sed
973 4832 1028 4877 et
1052 4823 1232 4878 Coram
1258 4827 1391 4894 Deo;
1423 4832 1522 4887 hoc
1545 4846 1649 4902 est,
1675 4839 1727 4892 in
1755 4841 2068 4898 immensum
2097 4863 2190 4900 ex-

608 4918 892 4962 creverant
930 4926 1113 4967 eorum
1153 4929 1388 4983 peccata.
1430 4931 1483 4976 et
1519 4927 1814 4996 prodigiosa
1851 4944 1962 4988 erat
2001 4952 2183 4989 eorum

615 4997 871 5065 iniquitas
897 5019 910 5055 :
941 5003 1060 5058 ideo
1087 5015 1141 5060 et
1168 5008 1425 5074 subdidit,
1455 5012 1636 5068 Coram
1669 5018 1775 5074 Deo
1803 5024 1964 5079 valde.
1999 5027 2184 5082 Vidisti

613 5088 835 5144 malitia:
879 5094 1290 5162 magnitudinem
1319 5099 1342 5153 ?
1381 5103 1554 5158 vidisti
1592 5119 1843 5176 quantum
1873 5124 1961 5168 est
1986 5120 2182 5173 malum

609 5180 814 5248 primas
844 5191 1016 5250 partes
1041 5199 1251 5256 capere,
1280 5200 1333 5246 et
1365 5207 1468 5247 non
1503 5197 1642 5263 quod
1681 5199 1808 5254 utile
1835 5216 1915 5256 est
1943 5208 2185 5264 conside-

614 5268 775 5322 raret
800 5266 977 5325 vidisti
1004 5287 1258 5343 quantum
1292 5281 1485 5338 bonum
1525 5285 1594 5339 sit
1630 5285 1948 5355 humanitas.
1977 5307 2033 5352 et
2076 5300 2178 5368 pri-

617 5373 706 5412 mo
731 5359 847 5414 loco
873 5363 1086 5430 cedere,
1113 5376 1171 5421 et
1196 5367 1496 5428 inferiorem
1527 5388 1730 5445 partem
1761 5379 1957 5440 habere
1981 5387 2004 5441 ἲ
2044 5359 2182 5447 έεοο

614 5449 753 5502 enim
781 5451 832 5504 in
862 5467 1115 5519 processu
1143 5457 1402 5516 docti-inte
1429 5465 1722 5524 videbimus
1749 5471 1879 5526 nihil
1920 5478 2181 5544 profuisse

519 5558 526 5563 -
616 5539 841 5606 primum
870 5542 1045 5600 locum
1072 5548 1123 5603 ei
1150 5550 1238 5619 qui
1269 5551 1543 5623 elegerat;
1587 5568 1784 5614 etcum
1813 5539 2178 5632 quiinferiora

615 5627 784 5696 petiit,
825 5633 1104 5692 clariorem
1133 5639 1370 5708 quotidie
1407 5641 1626 5712 factum,
1653 5627 1888 5722 opesque
1917 5656 2057 5716 illius
2085 5677 2179 5730 per

613 5720 788 5777 omnia
813 5735 1014 5794 auctas,
1041 5730 1391 5804 omnibusque
1417 5735 1612 5795 factum
1640 5720 2004 5811 spwtabilcm.

1341 385 1400 442 S.
1440 382 1713 442 JOANNIS
1752 386 2218 444 ωιινδοδτοιιι
2263 387 2560 442 ωειιιερ.
2602 388 3136 447 CONSTANTINOP.

3784 394 3884 450 διε

2375 500 2429 554 5.
2469 498 2685 554 Neruis
2721 504 3003 554 exhortatio
3031 506 3099 555 ad
3134 502 3487 556 humilitatem.
3515 533 3588 543 —
3622 502 3887 561 Catena:

2305 599 2361 641 ut
2392 605 2459 643 ne
2503 591 2771 660 longiores
2808 593 2976 644 simus
3000 592 3260 656 docendo,
3311 593 3412 648 hoc
3454 594 3577 647 loco
3618 597 3782 650 nonem
3815 597 3889 649 lo-

2304 680 2497 747 quendi
2550 681 2839 742 facientes,
2887 683 3026 750 quod
3073 684 3334 752 reliquum
3381 693 3500 747 est,
3553 686 3607 738 in
3660 699 3890 756 aequem-

2307 779 2411 823 tetu
2452 785 2727 825 servemus
2749 772 3082 826 concionem.
3133 773 3266 827 Illud
3301 784 3480 829 autem
3527 787 3624 828 vos
3673 791 3892 845 σιτηγε-

2305 861 2428 923 rim,
2479 870 2534 914 ut
2580 862 2874 915 imitatores
2909 864 3026 916 sitis
3071 863 3404 931 patriarcha.
3440 873 3495 918 et
3539 867 3745 934 primas
3775 881 3895 934 par-

2310 957 2389 1000 tes
2415 965 2700 1018 numquam
2724 951 3135 1020 concupiscatis,
3176 953 3274 1008 sed
3305 953 3704 1022 obteutpcretis
3741 955 3897 1011 beato

2307 1037 2473 1108 Paulo
2522 1040 2743 1106 dicenti,
2802 1041 3008 1096 Honore
3052 1044 3260 1097 nutricem
3311 1047 3671 1115 prtermissum
3717 1047 3894 1114 (Bosa.

2311 1129 2398 1182 l2.
2458 1132 2547 1201 l0)
2584 1133 2889 1201 superiores
2935 1151 2994 1189 se
3038 1137 3194 1204 ipsis:
3227 1145 3279 1191 et
3310 1136 3450 1191 detis
3474 1152 3726 1206 operam,
3756 1149 3817 1192 ut
3848 1139 3896 1192 ia

2305 1221 2550 1276 omnibus
2598 1224 2803 1276 minora
2856 1228 3099 1280 teneatis.
3146 1227 3257 1281 lloe
3295 1239 3376 1282 eat
3411 1231 3558 1282 enim
3599 1231 3896 1298 primatum

2307 1309 2502 1366 habere
2531 1352 2545 1374 ,
2592 1313 2728 1367 sicut
2767 1323 2822 1368 et
2863 1314 3109 1370 Christus
3153 1317 3323 1371 dicit:
3372 1318 3473 1384 Qui
3514 1336 3570 1373 se
3621 1322 3895 1384 humilia,

2305 1404 2606 1456 excitabitur
2657 1402 2809 1471 (Lac.
2866 1406 2953 1460 14.
3014 1408 3100 1471 ‘ll,
3145 1412 3201 1460 et
3241 1409 3326 1463 18.
3370 1410 3480 1476 Η).
3540 1410 3685 1475 Quid
3738 1411 3898 1480 igitur

2311 1492 2431 1546 huic
2474 1495 2680 1562 aequale
2723 1494 2905 1560 limit,
2955 1497 3174 1566 quando
3215 1513 3308 1567 per
3349 1512 3412 1553 ea
3456 1500 3508 1553 in
3545 1503 3749 1570 quibus
3779 1503 3900 1556 aliis

2309 1581 2505 1648 primas
2564 1584 2842 1650 cedimus,
2889 1587 2986 1655 ipsi
3033 1587 3216 1655 majori
3267 1589 3490 1642 fruimur
3539 1589 3790 1654 honore;
3841 1601 3896 1644 et

2307 1689 2400 1740 per
2423 1689 2543 1742 qua
2573 1676 2705 1731 alios
2731 1677 3080 1747 praeferimus,
3112 1681 3210 1748 ipsi
3242 1681 3292 1734 in
3315 1695 3583 1736 sumntum
3629 1684 3898 1738 honorem

2305 1762 2620 1817 evehimurt
2648 1764 2826 1835 Itaque
2851 1768 3075 1822 obsecro
3120 1779 3176 1823 ut
3209 1771 3522 1826 stadeamus
3563 1773 3772 1827 imitari
3811 1789 3898 1842 pa-

2309 1854 2553 1909 triarchaa
2584 1855 2955 1924 humilitatem,
2983 1869 3038 1914 et
3062 1861 3211 1929 sequi
3241 1863 3457 1932 vestigia
3481 1862 3622 1932 ejus,
3647 1865 3740 1934 qui
3773 1877 3900 1920 ante

2306 1945 2478 2014 legem
2509 1956 2706 2000 tantam
2740 1950 3128 2019 philosophiam
3153 1967 3262 2021 pra:
3305 1968 3364 2007 se
3407 1953 3544 2021 tulit,
3567 1969 3672 2009 nos
3713 1958 3808 2024 qui
3849 1957 3896 2009 in

2303 2037 2467 2102 gratia
2495 2051 2790 2091 versamur.
2823 2038 2922 2093 Ista
2944 2041 3088 2094 enim
3131 2057 3255 2096 vera
3277 2052 3359 2096 est
3387 2043 3694 2110 hinnilitas,
3733 2060 3896 2115 quam

2309 2127 2534 2180 eximius
2566 2127 2658 2182 ille
2678 2129 2761 2182 vir
2783 2130 3068 2184 deciaravit
3093 2145 3216 2200 erga
3246 2148 3367 2187 eum
3393 2134 3479 2202 qui
3510 2135 3684 2188 multo
3715 2150 3778 2188 se
3803 2135 3899 2189 fuit

2304 2217 2541 2282 interior,
2575 2235 2681 2274 non
2707 2221 2882 2275 solum
2904 2222 2974 2275 ob
2994 2223 3202 2277 virtutis
3232 2225 3486 2278 rationem
3510 2265 3526 2291 ,
3553 2225 3654 2279 sed
3687 2237 3740 2280 et
3767 2241 3895 2294 pro-

2303 2315 2420 2375 pter
2448 2317 2657 2364 atatem
2680 2319 2734 2363 et
2752 2311 2854 2365 alia
2879 2312 3078 2365 animis.
3108 2312 3293 2383 Cogita
3317 2315 3464 2368 enim
3487 2329 3676 2369 servem
3704 2316 3892 2384 juveni

2299 2400 2548 2464 cessisse,
2578 2410 2631 2454 et
2681 2411 2926 2472 patruum
2983 2403 3161 2458 fratris
3209 2405 3336 2471 lilio,
3365 2414 3418 2460 et
3467 2406 3558 2475 qui
3603 2415 3816 2460 tantam
3868 2424 3893 2460 a

2305 2489 2410 2543 Deo
2431 2492 2651 2546 sortitas
2688 2505 2804 2548 erat
2829 2494 3073 2562 gratiam,
3095 2497 3146 2550 ei
3167 2497 3257 2566 qui
3297 2497 3350 2551 in
3377 2497 3516 2551 nulla
3557 2513 3616 2552 re
3643 2513 3893 2568 magnam

2301 2581 2512 2650 aliquod
2561 2585 2827 2652 specimen
2869 2587 3212 2654 praebuerat:
3244 2596 3298 2639 et
3341 2601 3404 2642 ea
3445 2603 3566 2656 qua:
3605 2590 3895 2656 oportebat

2302 2670 2446 2724 illum
2476 2671 2676 2737 dicere,
2700 2684 2755 2727 ut
2773 2673 3020 2742 juvenem
3052 2674 3116 2729 ad
3138 2690 3318 2730 senem
3346 2687 3499 2730 atate
3527 2686 3582 2730 et
3605 2676 3888 2746 dignitate,

2300 2772 2355 2814 et
2387 2774 2652 2831 patruum,
2671 2765 2754 2817 illa
2787 2766 3141 2833 patriarchas
3167 2766 3345 2836 juveni
3367 2767 3582 2821 dixisse.
3610 2768 3783 2837 Igitur
3800 2784 3892 2822 nos

2301 2867 2510 2920 quoque
2546 2871 2653 2912 non
2674 2857 2754 2913 eis
2767 2865 2960 2922 latum,
2997 2858 3090 2924 qui
3108 2867 3262 2912 atate
3289 2858 3442 2911 nobis
3466 2869 3588 2912 sunt
3617 2861 3888 2927 majores.

2306 2940 2568 2994 veletiam
2625 2944 2878 3010 aquales,
2905 2945 3160 2999 honorem
3213 2945 3578 3001 eahibeamus.
3631 2947 3755 3003 Non
3811 2961 3891 3002 est

2299 3033 2439 3085 enim
2490 3033 2794 3098 humilitas,
2831 3036 3005 3090 facere
3046 3037 3184 3105 quod
3225 3039 3542 3092 necessitate
3588 3039 3763 3094 debes
3808 3041 3888 3091 vel

2299 3123 2506 3190 cogeris
2537 3141 2549 3174 :
2576 3124 2696 3189 lmc,
2721 3125 2955 3195 inquam,
2980 3143 3084 3180 non
3109 3137 3191 3181 est
3213 3131 3545 3195 humilitatis,
3574 3130 3670 3185 sed
3697 3132 3886 3186 debiti.

2302 3211 2436 3266 Vera
2481 3224 2655 3268 autem
2704 3216 2975 3271 latratilitas
3015 3227 3094 3272 est
3120 3258 3134 3282 ,
3164 3219 3380 3288 quando
3417 3220 3657 3275 aedituus
3691 3222 3762 3275 its
3803 3225 3888 3294 qui

2300 3305 2452 3357 iiobis
2483 3304 2726 3359 videntur
2755 3321 2875 3361 esse
2897 3308 3165 3371 minores,
3196 3317 3265 3363 et-
3287 3323 3384 3363 eos
3425 3324 3751 3365 veneramur
3797 3317 3886 3381 qui

2299 3395 2453 3446 nobis
2479 3393 2760 3450 inferiores
2789 3410 2908 3451 esse
2935 3396 3359 3464 διαθῆται-,θυοδ
3383 3399 3429 3452 si
3451 3406 3594 3453 recte
3619 3400 3886 3468 sapimtts.

2299 3484 2471 3537 nullos
2495 3486 2652 3538 etiam
2683 3486 2835 3539 nobis
2856 3499 2976 3540 esse
3003 3487 3234 3542 minores
3258 3487 3764 3552 arbitrabimur,sed
3791 3487 3886 3544 nos

2298 3574 2539 3640 superari
2570 3576 2638 3629 ab
2662 3576 2913 3630 omnibus
2937 3574 3244 3630 hminibus
3269 3576 3526 3631 dicemus.
3547 3577 3612 3631 Et
3635 3578 3740 3633 hoc
3767 3581 3887 3635 dico

2299 3675 2408 3714 non
2431 3661 2497 3718 de
2520 3663 2692 3729 nobis,
2710 3665 2799 3732 qui
2828 3666 3118 3721 innumeris
3139 3666 3373 3721 immersi
3403 3681 3587 3722 sumus
3609 3673 3883 3738 penatis:

2297 3750 2390 3804 sed
2417 3753 2623 3806 etiamsi
2649 3754 2770 3822 quis
2795 3755 2893 3809 sibi
2922 3756 3275 3824 plurimorum
3301 3756 3435 3812 bene
3454 3768 3728 3828 gestorum
3751 3775 3886 3815 eon-

2297 3844 2438 3896 scius
2467 3845 2556 3907 sit,
2581 3845 2681 3898 nisi
2708 3846 2846 3915 apud
2870 3861 2929 3900 se
2961 3850 3151 3901 sentiat
3183 3862 3240 3902 se
3263 3850 3501 3903 omnium
3527 3866 3646 3905 esse
3677 3866 3885 3921 βοεικ-

2297 3947 2440 3987 mum
2461 3975 2476 3999 ,
2501 3935 2643 3989 nulla
2686 3938 2739 3990 ei
2765 3937 2939 3992 futura
2969 3939 3168 3992 utilitas
3203 3955 3269 3993 ea
3307 3941 3555 3995 omnibus
3593 3943 3751 3996 bonis
3777 3949 3884 3998 suis

2295 4024 2566 4090 operibus.
2584 4025 2708 4079 iisne
2735 4038 2818 4080 est
2844 4027 2987 4081 enim
3011 4027 3304 4092 humilitas,
3331 4030 3543 4098 quando
3570 4033 3710 4100 quis,
3735 4048 3885 4088 occa

2297 4113 2474 4166 siones
2504 4113 2706 4169 habens
2732 4125 2790 4170 ut
2817 4119 3122 4183 extollatur,
3145 4133 3204 4172 se
3233 4119 3406 4186 ipsum
3439 4120 3684 4175 bumiliat
3713 4134 3773 4176 et
3794 4124 3882 4178 de»

2297 4203 2510 4270 primit,
2549 4219 2611 4257 ac
2666 4206 2907 4260 modeste
2950 4221 3008 4260 se
3056 4209 3212 4276 gerit.
3243 4209 3393 4264 Tunc
3418 4212 3559 4265 enim
3600 4212 3666 4264 ad
3691 4227 3881 4268 verum

2292 4293 2616 4348 subvelietur
2657 4293 2920 4364 fastigium
2965 4297 3256 4350 secundum
3308 4300 3719 4366 promissionem
3775 4301 3878 4354 Do~

2293 4382 2442 4446 mini,
2469 4399 2585 4451 qua:
2613 4383 2741 4438 dicit
2775 4386 2980 4452 :Quise
3001 4389 3250 4454 hmiliat,
3279 4390 3582 4443 multabitur
3611 4390 3765 4461 (Luc.
3795 4395 3878 4448 l4.

2294 4471 2402 4550 ll).
2427 4469 2738 4541 Sitagamus
2763 4475 2945 4544 igitur,
2967 4477 3210 4541 obsecro,
3229 4479 3484 4534 verticem
3509 4479 3659 4534 illum
3687 4497 3877 4538 omnes

2292 4559 2695 4628 apprehendere
2748 4579 2842 4632 per
2895 4564 3283 4633 humilitatem,
3329 4578 3389 4623 ut
3435 4571 3679 4625 eamdem
3735 4573 3874 4625 illam

2292 4667 2450 4719 quam
2477 4652 2652 4719 justus
2679 4654 2765 4708 ille
2793 4669 2821 4708 a
2853 4655 3078 4712 Domine
3116 4663 3341 4728 gratiam
3370 4668 3792 4731 consequamur,
3824 4675 3874 4717 et

2294 4741 2572 4795 inelfubilia
2605 4744 2689 4796 illa
2719 4745 2850 4798 bona
2882 4762 3199 4812 ttiercamur,
3229 4752 3398 4820 gratia
3425 4762 3482 4806 et
3509 4754 3872 4806 misericordia

2294 4832 2498 4885 bonum
2529 4835 2693 4887 nostri
2716 4834 2841 4890 Jcsu
2869 4836 3102 4899 Christi,
3146 4840 3360 4908 quicum
3392 4841 3532 4895 Patri
3554 4881 3571 4905 ,
3596 4852 3653 4896 et
3685 4856 3872 4896 sancto

2291 4921 2502 4990 Spiritui
2535 4926 2602 4976 sit
2621 4925 2810 4992 gloria,
2839 4927 3141 4995 imperium,
3170 4929 3524 4997 honer,ennuc
3549 4941 3606 4987 et
3633 4947 3868 5002 scalper,

2289 5027 2341 5067 et
2371 5017 2420 5068 in
2444 5017 2639 5070 saecula
2671 5018 3006 5072 sazculornm.
3039 5021 3228 5075 Amen.

2795 5150 3073 5207 HOMILIA
3115 5151 3355 5208 XXXIV.

2293 5257 2354 5312 Et
2383 5259 2509 5313 dixit
2539 5259 2674 5315 Deus
2703 5261 2853 5316 Abra:
2877 5274 3136 5332 postquam
3156 5275 3418 5334 separatus
3451 5277 3526 5320 est
3551 5267 3614 5320 ab
3639 5283 3700 5321 eo
3740 5267 3860 5323 Lat.

2358 5349 2577 5404 Elesatis
2605 5353 2766 5405 oculis
2793 5353 2892 5406 tuis
2918 5354 3029 5406 vide
3051 5370 3082 5406 a
3108 5353 3236 5419 loco,
3268 5355 3321 5407 in
3347 5371 3442 5422 quo
3469 5365 3522 5409 tu
3552 5373 3687 5408 navie
3714 5361 3862 5424 es,“

2353 5444 2635 5510 aquilonem
2647 5453 2692 5495 et
2707 5443 2982 5509 meridiem,
2996 5455 3040 5497 et
3055 5447 3287 5499 orientem
3302 5456 3350 5500 et
3363 5464 3499 5500 mare
3509 5463 3529 5500 :
3541 5449 3659 5509 quia
3670 5466 3866 5502 omnem

2357 5541 2558 5597 terram,
2576 5550 2725 5603 quam
2747 5544 2800 5586 tu
2817 5534 2970 5600 vides,
2991 5535 3077 5589 tibi
3099 5536 3226 5590 dabo
3241 5553 3352 5590 eam
3370 5535 3521 5608 (Gen.
3543 5537 3631 5594 l3.
3652 5539 3722 5594 Η
3753 5539 3840 5607 15)

2357 5667 2409 5719 l.
2467 5665 2763 5722 Modestiam
2811 5679 2857 5722 et
2924 5673 3355 5728 mansuetudinem
3420 5676 3758 5728 commendat.
3785 5708 3848 5720 —-

2289 5758 2550 5816 Didicistis
2589 5761 2733 5825 heri,
2771 5763 3066 5834 carissimi,
3098 5766 3344 5823 eximiam
3389 5767 3709 5838 patriarcha:
3766 5767 3857 5820 hu.
