4056 6472
133 453 241 508 313

135 574 410 625 nnlitatctu
433 609 452 641 ι
478 567 682 621 vidistis
733 565 1001 619 leuitatem
1044 559 1332 629 egregiam.
1362 555 1546 623 Neque
1582 554 1724 608 enim

135 671 253 716 erat
282 674 368 715 res
394 658 642 728 vulgaris,
671 654 813 726 quod
843 668 1004 708 senex
1024 694 1038 716 ,
1075 651 1165 721 qui
1194 659 1269 702 tot
1300 647 1557 702 beneficia
1592 660 1721 700 eou-

143 753 358 815 tulcrat,
387 767 544 820 quem
586 759 727 804 tanta
777 744 1143 801 benevolentia
1191 742 1446 796 Dominus
1487 739 1725 794 omnium

138 841 579 912 prosequebatur,
611 838 724 909 pari
770 837 973 890 honore
1003 833 1312 902 dignaretur
1349 831 1598 899 juvenem
1625 869 1642 894 ,
1672 837 1726 882 et

137 932 320 986 fratris
361 931 560 989 tilium.
588 936 643 982 et
672 928 898 997 primatu
953 925 1025 978 illi
1077 922 1330 983 cederet,
1371 919 1726 987 inferioraque

137 1023 254 1090 ipse
278 1020 552 1090 deligeret,
581 1016 819 1086 nihilque
844 1029 952 1069 non
981 1014 1178 1067 faceret
1205 1027 1310 1082 quo
1331 1010 1528 1064 bellum
1557 1008 1723 1076 intpeg

134 1112 299 1176 diret,
353 1120 407 1165 et
461 1106 822 1164 contentionis
865 1103 1144 1158 materiam
1187 1116 1219 1157 e
1261 1099 1440 1155 medio
1489 1097 1726 1154 tolleret.

138 1203 291 1256 Ilunc
329 1215 518 1255 omnes
557 1198 753 1254 imitari
795 1195 1127 1260 studeatnus,
1149 1203 1205 1250 et
1247 1206 1534 1260 numquam
1561 1203 1724 1259 super

135 1292 438 1360 proximum
487 1289 845 1355 extollamur,
875 1300 1161 1357 numquam
1187 1284 1254 1339 de
1283 1283 1435 1338 nobis
1477 1280 1722 1336 sublimia

132 1384 466 1438 sentiamus:
494 1379 588 1437 sed
614 1379 872 1435 modestia
903 1376 1174 1447 conspicui
1203 1374 1455 1428 cedamus
1483 1371 1602 1424 aliis
1625 1411 1640 1432 ,
1669 1376 1724 1422 et

136 1471 426 1528 inferiores
457 1471 640 1526 haberi
668 1484 946 1533 conemur,
978 1477 1082 1521 tam
1118 1465 1291 1520 verbis
1334 1477 1493 1534 quam
1539 1460 1721 1529 Operi-

132 1563 267 1628 bus,
299 1576 396 1616 nec
423 1575 670 1629 umquam
699 1560 778 1614 eis
805 1560 893 1629 qui
933 1549 1088 1613 nobis
1128 1556 1371 1622 iniuriam
1405 1553 1718 1616 intulerunt,

130 1653 517 1718 adversemur,
559 1651 769 1706 etiamsi
826 1651 1006 1703 multis
1060 1647 1256 1702 nostris
1292 1645 1465 1698 affecti
1525 1643 1719 1696 fuerint

130 1743 411 1798 beneﬂciis
443 1761 458 1798 :
490 1742 603 1797 haec
630 1742 772 1795 enim
801 1741 998 1808 optima
1030 1747 1111 1792 est
1147 1736 1479 1806 philosophia
1507 1751 1520 1786 :
1549 1747 1719 1800 neque

128 1835 455 1888 contumelia
484 1832 660 1888 aﬂ‘ecti
701 1831 907 1886 feroces
950 1831 1153 1892 simus,
1183 1840 1391 1882 etiamst
1435 1825 1719 1878 inferiores

129 1926 290 1978 nobis
318 1928 422 1980 sint
453 1926 486 1978 ii
516 1925 605 1994 qui
637 1923 915 1978 uobiscum
947 1919 1276 1975 contendunt
1303 1934 1314 1968 :
1345 1915 1438 1970 sed
1470 1929 1720 1969 mansue-

127 2015 313 2070 tudine
354 2025 407 2068 et
450 2015 665 2069 leuitate
715 2011 1042 2066 iracundiam
1091 2009 1526 2079 contprimamus.
1575 2005 1716 2059 Nihil

125 2108 274 2160 enim
322 2107 408 2159 illa
442 2105 742 2174 potentius,
778 2103 907 2156 nihil
955 2102 1042 2156 illa
1104 2101 1310 2154 fortius.
1343 2098 1431 2151 Illa
1484 2099 1715 2150 animant

129 2205 371 2249 nostram
403 2195 454 2247 in
485 2203 737 2264 perpetua
768 2193 1181 2262 tranquillitate,
1205 2199 1257 2244 et
1287 2190 1439 2259 quasi
1479 2189 1529 2243 in
1562 2197 1714 2257 portu

125 2287 439 2349 constituit,
463 2294 516 2339 et
563 2284 739 2338 omnis
778 2283 1124 2338 recreationis
1166 2295 1229 2336 ac
1271 2281 1465 2351 quietis
1505 2279 1715 2334 occasio

131 2376 287 2428 nobis
315 2385 415 2429 est.
442 2377 739 2444 Eaproptcr
782 2385 836 2428 et
879 2374 1123 2428 Christus
1159 2373 1336 2427 divina
1388 2373 1474 2426 illa
1517 2373 1714 2426 docens

125 2467 338 2520 dict-bat
362 2485 373 2517 :
400 2465 589 2521 Discite
613 2484 644 2520 a
667 2483 762 2529 me,
781 2466 898 2536 quia
923 2465 1056 2518 mitis
1073 2482 1184 2518 sum
1215 2474 1262 2518 et
1291 2464 1494 2518 humilis
1518 2463 1669 2517 corde
1695 2478 1715 2516 :

125 2568 174 2608 et
211 2557 466 2610 invenietis
491 2557 706 2627 requiem
732 2555 996 2608 anintabus
1026 2556 1197 2609 vestris
1229 2554 1440 2624 (Matth.
1475 2555 1562 2608 il.
1594 2550 1710 2625 29).

127 2646 270 2699 Nihil
299 2648 440 2701 enim
465 2648 694 2700 animam
721 2648 788 2700 ita
820 2648 871 2700 itt
899 2647 1277 2717 tranquillitate
1304 2654 1360 2700 et
1378 2647 1558 2714 quiete
1587 2661 1714 2698 con-

126 2737 323 2803 stituit,
353 2746 409 2790 ut
438 2737 789 2791 mansuetudo
817 2747 871 2791 et
893 2736 1174 2791 modestia.
1203 2735 1326 2790 llzec
1353 2736 1500 2790 omni
1531 2735 1714 2790 diade-

124 2838 271 2882 mate
310 2843 368 2884 se
395 2829 686 2898 possidenti
715 2838 795 2882 est
823 2829 1164 2894 honoratior;
1191 2828 1304 2882 haec
1332 2828 1477 2881 omni
1497 2827 1714 2881 claritu-

125 2919 254 2973 dine
279 2927 331 2973 ct
349 2919 513 2987 gloria
535 2919 938 2972 eouducibilior.
953 2917 1090 2986 Quid
1119 2918 1261 2972 enim
1293 2915 1522 2982 beatius,
1552 2931 1711 2987 quam

126 3009 380 3064 intestino
410 3009 618 3064 liberari
646 3011 822 3065 bello?
843 3009 972 3064 Nam
997 3009 1240 3081 quamvis
1258 3008 1483 3078 plurima
1507 3023 1636 3077 pace
1659 3016 1712 3062 et

127 3101 386 3156 famulatu
412 3111 637 3155 externo
668 3101 927 3166 fruamur,
955 3101 998 3155 si
1029 3103 1168 3156 intra
1197 3113 1294 3154 nos
1328 3099 1711 3168 cogitationum

125 3200 379 3245 nascatur
410 3199 719 3260 tempestas,
737 3191 994 3244 tumultus
1015 3198 1069 3244 et
1095 3189 1310 3253 seditio,
1332 3187 1465 3242 nihil
1492 3198 1710 3242 externa

129 3289 231 3349 pax
285 3281 438 3334 nobis
492 3282 729 3351 proderit
761 3299 774 3333 ;
805 3280 943 3335 sicut
993 3293 1168 3348 neque
1225 3277 1582 3331 miserabilius
1629 3284 1713 3331 est

124 3369 270 3423 aliud
298 3371 511 3423 civitate
532 3412 546 3433 ,
576 3385 694 3440 qua:
726 3370 848 3424 licet
871 3370 1152 3440 aggeribus
1179 3376 1235 3424 et
1273 3368 1440 3422 muris
1470 3367 1606 3422 bene
1645 3368 1714 3421 sit

127 3462 351 3524 munita,
377 3461 518 3514 intus
553 3470 730 3515 tamen
760 3462 907 3515 cives
929 3460 1105 3515 foveat
1135 3461 1454 3530 proditores.
1481 3459 1592 3513 [loc
1619 3459 1713 3528 igi-

127 3562 216 3604 tur
245 3552 472 3606 obsccro
493 3593 507 3612 ,
539 3561 594 3606 ut
613 3564 736 3607 ante
758 3552 936 3606 omnia
963 3552 1117 3606 nobis
1143 3551 1209 3606 sit
1237 3567 1380 3607 cura:
1400 3593 1416 3619 ,
1440 3552 1712 3622 quomodo

126 3645 362 3696 animant
391 3659 420 3698 a
451 3643 774 3698 turbulentia
803 3643 1133 3698 vindicamus
1152 3684 1168 3706 ,
1199 3654 1254 3698 et
1287 3644 1339 3697 iu
1366 3644 1710 3713 tranquillum

126 3743 326 3786 statum
358 3734 646 3789 educamus
665 3774 681 3799 ,
706 3744 865 3803 atque
890 3733 957 3788 ab
978 3734 1122 3788 omni
1150 3733 1436 3788 liberemus
1461 3734 1714 3786 amat-itu-

125 3824 278 3887 dine,
309 3837 416 3892 quo
441 3831 496 3876 ct
525 3822 623 3892 ipsi
653 3824 816 3877 multa
850 3822 1087 3876 fruamur
1112 3824 1312 3893 quiete,
1343 3833 1396 3876 et
1425 3822 1491 3875 iis
1518 3822 1606 3890 qui
1636 3821 1713 3875 fa-

128 3913 492 3966 tuiliaritatem
552 3913 827 3966 nobiseum
867 3913 1100 3976 habent,
1133 3913 1301 3966 simus
1353 3911 1552 3966 blandi.
1602 3911 1714 3966 Hoc

126 4001 274 4054 enim
320 4001 674 4056 certissimum
712 4003 945 4071 signum,
976 4017 1082 4072 quo
1114 4003 1491 4056 internoscitur
1518 4004 1599 4056 vir
1623 4018 1712 4056 ra—

128 4094 279 4146 tione
309 4091 559 4160 prazditus
583 4134 599 4159 ,
623 4095 665 4148 si
691 4104 1001 4149 mansuetus
1029 4095 1208 4159 fuerit,
1231 4096 1275 4148 si
1303 4095 1458 4157 lenis,
1479 4095 1522 4148 si
1548 4095 1706 4159 mitis,

128 4186 174 4237 si
207 4185 486 4240 modestus
523 4196 577 4240 et
599 4186 810 4255 quietus
841 4204 855 4240 :
886 4187 930 4240 si
959 4201 1064 4239 non
1090 4185 1243 4255 quasi
1269 4201 1457 4242 servus
1487 4186 1713 4240 ducatur

127 4285 183 4327 et
209 4273 448 4328 trahatur
474 4284 566 4328 aut
594 4276 662 4329 ab
688 4277 786 4338 ira,
816 4285 906 4329 aut
936 4277 1004 4329 ab
1033 4277 1151 4330 aliis
1175 4275 1583 4337 aﬂ'ectionibus;
1616 4274 1712 4330 sed

129 4363 340 4418 ratione
368 4365 546 4418 vincat
571 4365 806 4419 infernos
838 4365 954 4418 illos
986 4365 1364 4432 incompositos
1391 4373 1586 4428 motus,
1612 4381 1702 4418 uo-

132 4453 501 4523 bilitatemque
539 4467 688 4506 suam
726 4461 942 4518 servet,
967 4468 1032 4506 ne
1065 4454 1116 4506 in
1157 4453 1432 4506 brutorum
1463 4454 1712 4508 ferociam

132 4545 452 4614 negligentia
479 4545 787 4614 degeneret.
814 4545 878 4598 Et
900 4554 955 4598 ut
975 4543 1150 4598 discas
1175 4553 1431 4613 quantum
1461 4559 1712 4598 mansue-

131 4635 333 4688 tudinis
358 4643 412 4688 et
441 4633 674 4688 lenitatis
700 4634 767 4687 sit
798 4634 988 4699 robur,
1011 4645 1064 4688 et
1098 4634 1238 4702 quod
1269 4634 1381 4687 sola
1409 4634 1521 4687 haec
1545 4634 1714 4687 virtus

133 4726 304 4794 possit
331 4740 389 4779 se
412 4727 676 4780 colentem
706 4725 992 4796 diligenter
1021 4710 1374 4780 iucti'abilibus
1404 4725 1506 4778 illis
1545 4724 1716 4778 laudi-

133 4817 236 4870 bus
265 4815 479 4884 dignum
509 4817 756 4880 reddere,
780 4817 901 4870 audi
933 4817 1146 4871 beatum
1169 4817 1368 4872 Mosem
1395 4817 1518 4870 hinc
1545 4817 1714 4885 potis-

129 4912 328 4962 simum
371 4909 644 4976 praedicari
669 4950 684 4973 ,
715 4918 770 4962 et
814 4924 878 4962 ex
927 4909 1025 4962 bac
1066 4909 1116 4962 ei
1153 4923 1404 4962 coronam
1438 4908 1617 4977 plecti.
1653 4907 1714 4960 Et

135 4999 334 5058 Moses,
370 4997 571 5066 inquit,
601 5006 707 5049 erat
749 4996 1038 5050 mitissimus
1056 4997 1278 5050 omnium
1309 4997 1596 5060 hominum,
1628 4997 1716 5064 qui

130 5107 288 5157 super
316 5100 498 5142 terram
527 5087 714 5156 (Nunt.
742 5088 825 5143 η.
849 5089 923 5158 5).
943 5088 1127 5142 Vidisti
1171 5089 1400 5143 encomii
1448 5089 1715 5158 magnitt-

131 5182 339 5245 dinem,
368 5179 506 5250 quod
538 5180 684 5234 utnni
725 5195 845 5233 eum
889 5180 1122 5234 humano
1147 5181 1327 5249 generi
1365 5195 1545 5249 parem
1590 5195 1715 5249 pto-

132 5273 341 5326 uuntiet
363 5313 376 5335 ,
407 5271 512 5324 into
541 5271 682 5324 omni
717 5270 988 5323 hominum
1013 5272 1192 5338 generi
1223 5269 1502 5339 prmferat?
1526 5271 1589 5325 Et
1614 5271 1714 5324 ite-

133 5379 252 5418 rum
277 5362 345 5414 de
376 5360 535 5413 David
560 5359 684 5414 dicit
710 5359 981 5427 Scriptura
1009 5377 1020 5411 :
1047 5359 1320 5422 Memento,
1347 5358 1579 5426 Domine,
1613 5359 1717 5412 Da-

134 5455 239 5518 uid,
283 5461 328 5506 et
358 5451 518 5504 omnis
548 5451 944 5504 mansuetudinis
973 5452 1082 5519 ejus
1112 5449 1280 5520 (Psal.
1314 5453 1435 5506 131.
1473 5452 1547 5518 1).
1584 5453 1717 5506 llinc

137 5540 437 5609 patriarcha
482 5541 580 5594 sibi
611 5541 865 5608 majorem
909 5543 1112 5595 etelitus
1149 5543 1449 5596 conciliavit
1487 5543 1715 5598 benevo-

138 5632 386 5694 lentiam,
414 5639 467 5684 et
513 5631 742 5685 adercns
781 5647 898 5699 qua:
945 5646 1038 5685 sua
1092 5643 1271 5697 erant,
1301 5648 1329 5684 a
1370 5634 1714 5689 ntisericorde

141 5723 252 5778 Deo
291 5723 492 5791 majora
539 5733 859 5792 assequutus
883 5733 984 5776 est.
1022 5723 1133 5778 Hoc
1161 5725 1342 5779 scietis
1368 5735 1422 5780 et
1460 5742 1553 5780 vos
1579 5767 1592 5790 ,
1624 5726 1713 5780 ubi

139 5814 470 5870 attulerintus
517 5814 568 5868 in
621 5813 852 5869 medium
901 5830 962 5870 ea
1010 5831 1129 5884 qua:
1165 5815 1411 5872 hesterna
1444 5817 1580 5872 dicta
1626 5832 1713 5874 se-

1175 441 1239 498 ΙΝ
1278 439 1429 494 CAP.
1472 437 1609 493 XIII.
1650 430 1897 492 GENES.
1942 429 2166 486 ll05lll..
2210 427 2447 483 XXXIV.

3317 417 3412 474 5M

1831 555 2093 619 quuntur,
2121 555 2175 600 et
2201 560 2322 615 qua:
2351 544 2498 613 prius
2528 547 2654 595 sunt
2683 540 2819 594 lecta
2861 535 3070 590 caritati
3099 545 3291 589 vestrae
3316 534 3397 587 de-

1831 636 2233 693 claraverimtts.
2255 634 2384 689 Nam
2409 633 2529 702 quia
2554 632 2750 685 Abram
2778 629 2998 684 multant
3031 643 3140 697 pne
3159 642 3218 680 se
3240 625 3416 680 ferens

1829 725 2296 782 mansuetudinem
2325 724 2457 778 Loto
2489 721 2752 792 potiorem
2782 727 2986 788 partem
3009 718 3192 781 cessit,
3215 731 3269 770 et
3294 731 3414 768 otu-

1831 833 1954 873 nem
1979 819 2027 872 ei
2067 815 2294 886 eligendi
2343 814 2650 869 facultatem
2688 811 3024 880 permittens.
3048 822 3169 861 cum
3221 806 3420 877 gaudio

1829 908 1989 979 elegit
2018 908 2280 962 minorem
2311 905 2651 975 portionem,
2683 900 2844 954 modo
2883 898 3188 953 auferretur
3238 898 3416 950 omnis

1829 1000 2145 1055 contentio:
2177 997 2298 1051 vide
2341 1005 2594 1067 quautam
2647 993 2824 1047 statim
2874 990 3177 1045 mercedem
3231 1003 3260 1041 ιι
3308 988 3418 1042 Deo

1829 1089 2194 1159 consequitur,
2225 1097 2282 1141 et
2318 1085 2588 1155 quomodo
2611 1083 2786 1137 adhuc
2817 1081 3003 1150 majori
3036 1079 3411 1142 retributione,

1829 1181 1927 1234 etsi
1957 1179 2182 1234 multum
2215 1178 2422 1234 divitiis
2447 1176 2714 1236 abundet,
2748 1171 3108 1245 patriarcham
3162 1168 3416 1240 dignatur

1831 1271 1993 1326 Deos.
2020 1271 2167 1325 Talis
2189 1271 2331 1325 enim
2362 1277 2444 1323 est
2471 1268 2726 1322 Dominus
2748 1275 2933 1320 noster
2957 1264 3070 1318 utsi
3101 1261 3315 1332 quando
3332 1261 3414 1314 vel
3475 1318 3478 1320 γ

1828 1378 2048 1433 parvum
2089 1361 2216 1431 qttid
2247 1361 2489 1414 attulisse
2532 1375 2630 1413 nos
2663 1355 3253 1424 viderit,’largissimas
3289 1368 3415 1408 suas

1825 1454 1980 1508 nobis
2011 1452 2469 1508 remunerationes
2496 1450 2839 1520 suppeditet,
2873 1454 3182 1516 tantamque
3206 1461 3314 1514 pra:
3354 1459 3414 1497 se

1825 1542 1960 1599 ferat
2000 1545 2389 1607 liberalitatem,
2417 1553 2473 1596 ut
2513 1558 2574 1597 ea
2625 1557 2746 1611 qure
2784 1556 2836 1594 a‘
2862 1540 3015 1594 nobis
3064 1547 3190 1592 sunt
3233 1537 3368 1591 facta
3395 1578 3410 1600 ,

1824 1636 2006 1690 multis
2033 1637 2270 1688 numeris
2292 1649 2322 1687 a
2355 1634 2505 1687 novis
2532 1633 2649 1699 ejus
2676 1630 2950 1685 beneficiis
2981 1630 3281 1683 vincantur.

1893 1727 1950 1782 2.
1984 1725 2105 1782 Non
2127 1727 2246 1780 doni
2268 1726 2582 1796 magnitudo,
2607 1725 2694 1778 sed
2719 1725 2887 1777 dantis
2916 1724 3116 1776 animus
3136 1730 3412 1789 spectatur.

1820 1811 1972 1870 ——Et
1998 1815 2099 1870 hoc
2129 1816 2180 1870 in
2208 1816 2455 1870 omnibus
2501 1805 2700 1867 nostris
2729 1813 2878 1868 factis
2910 1812 3144 1866 inveniet
3186 1812 3305 1880 quis
3343 1812 3412 1862 ab

1822 1921 1887 1961 eo
1914 1906 2054 1962 fieri.
2079 1906 2214 1971 Quid
2250 1907 2392 1960 enim
2415 1947 2429 1970 ,
2460 1904 2699 1968 dientilti
2718 1945 2732 1967 ,
2765 1903 2921 1957 vilius
2946 1903 3153 1956 duobus
3195 1901 3411 1954 obolis?

1822 1997 2070 2052 Attamen
2099 1997 2220 2064 quia
2249 1996 2405 2050 vidua
2433 1997 2517 2050 illa
2540 1996 2674 2049 duos
2694 1995 2882 2048 obolos
2910 1995 2961 2048 in
2991 1995 3278 2047 corbonam
3310 1993 3411 2047 mi-

1821 2089 1891 2142 sit
1910 2085 2242 2156 (Luc.2l.3),
2275 2087 2398 2141 inde
2418 2086 2644 2140 celebris
2665 2087 2912 2151 universo
2933 2083 3132 2138 tnundo
3171 2084 3304 2138 facta
3327 2092 3410 2137 est

1820 2181 1888 2235 ab
1915 2195 1982 2235 eo
2009 2189 2247 2248 tempore
2284 2194 2452 2250 usque
2483 2179 2535 2232 in
2578 2192 2832 2248 praesens.
2865 2177 2930 2230 Et
2959 2177 3084 2246 quid
3113 2175 3235 2230 dico
3270 2173 3409 2230 duos

1819 2272 2050 2326 obolos?
2082 2271 2301 2326 Etiamsi
2330 2271 2450 2341 quis
2475 2271 2698 2327 calicem
2744 2284 2896 2338 aqum
2925 2267 3130 2336 frigidae
3173 2266 3410 2336 praebeat

1822 2361 2035 2432 (Hatth.
2063 2361 2143 2416 lo.
2178 2361 2292 2432 42),
2325 2376 2422 2430 pro
2468 2374 2535 2415 eo
2579 2360 2741 2413 etiam
2797 2373 3002 2427 magna:
3048 2356 3410 2412 decernuntur

1817 2452 2233 2508 retributiones:
2262 2466 2474 2520 semper
2501 2450 2644 2505 enim
2675 2457 2897 2504 coronat
2925 2462 3019 2502 eos
3039 2447 3130 2517 qui
3156 2448 3405 2504 virtutem

1817 2553 2125 2614 operantur,
2156 2542 2448 2597 secundum
2480 2542 2813 2610 operantium
2861 2539 3213 2593 voluntatem.
3246 2538 3406 2592 Sinti—

1816 2634 1939 2688 liter
1967 2634 2017 2688 in
2051 2649 2265 2704 precum
2310 2635 2619 2688 assiduitate
2667 2632 2807 2687 istud
2848 2632 3019 2700 ipsum
3065 2632 3134 2686 ab
3177 2646 3245 2685 eo
3294 2630 3408 2685 fieri

1815 2724 1997 2779 videre
2027 2723 2172 2778 licet.
2201 2723 2332 2778 Nam
2363 2724 2409 2779 si
2443 2739 2600 2794 quem
2633 2723 2809 2776 videat
2851 2720 3096 2776 alacriter
3122 2736 3183 2776 se
3207 2719 3407 2775 adeun-

1817 2824 1922 2869 tem
1945 2858 1959 2880 ,
1998 2817 2177 2870 statim
2216 2817 2264 2870 ei
2291 2815 2420 2870 dicit
2451 2831 2466 2868 :
2501 2815 2681 2868 Adhuc
2718 2813 2950 2882 loquente
2990 2822 3037 2866 te
3069 2828 3183 2865 ecce
3225 2811 3408 2864 adsunt

1816 2905 1964 2977 (Isai.
1993 2905 2080 2960 65.
2111 2903 2395 2975 2t).Quod
2417 2905 2461 2959 si
2487 2904 2800 2973 ampliorem
2833 2901 3170 2957 sedulitatem
3203 2911 3403 2966 teneat,

1815 3006 1869 3051 et
1893 3011 2085 3065 magno
2114 2995 2407 3060 desiderio,
2441 2994 2772 3062 ferventique
2799 2993 2997 3047 mentis
3018 2993 3291 3060 alacritate
3317 3007 3408 3060 pc»

1816 3086 2033 3140 titiones
2077 3085 2321 3140 emittat:
2351 3084 2511 3138 etiam
2548 3093 2672 3139 ante
2713 3083 3026 3153 petitionem
3065 3083 3318 3153 przcdicat
3352 3092 3406 3137 et

1815 3185 2037 3231 coronat
2071 3193 2085 3228 :
2115 3175 2166 3229 id
2196 3175 2422 3245 quodet
2443 3175 2493 3228 in
2515 3174 2816 3230 Cltananzea
2844 3175 3068 3230 muliere
3092 3174 3401 3229 declaravit.

1814 3266 2078 3334 Quoniam
2104 3267 2246 3322 enim
2275 3267 2405 3320 vidit
2433 3266 2880 3335 indefatigabilem
2911 3265 3028 3335 ejus
3049 3268 3405 3321 constantiam

1815 3367 1868 3412 et
1896 3356 2368 3426 perseverantiam,
2395 3357 2482 3420 ubi
2515 3356 2748 3426 primum
2779 3371 2897 3411 eam
2925 3355 3252 3425 praedicavit,
3274 3364 3328 3410 ct
3350 3365 3408 3410 ιιι

1816 3450 1885 3504 ita
1908 3449 2102 3512 dicam,
2123 3449 2419 3510 coronavit,
2438 3449 2640 3518 totique
2663 3447 2862 3503 mundo
2893 3449 3201 3513 celebravit,
3223 3457 3404 3518 postea

1815 3540 2135 3594 liberalitate
2166 3554 2352 3608 magna
2385 3554 2572 3608 preces
2599 3538 2715 3608 ejus
2740 3540 2901 3594 etiam
2932 3543 3224 3610 superavit.
3250 3539 3402 3605 Nam,

1817 3640 1874 3684 ut
1902 3630 2032 3684 dixit
2055 3647 2067 3683 :
2091 3629 2136 3680 0
2157 3631 2358 3692 mulier,
2383 3647 2567 3700 magna
2589 3640 2660 3683 est
2684 3631 2812 3699 fides
2834 3641 2921 3683 tua
2943 3648 2962 3684 :
2991 3640 3117 3685 tunc
3141 3630 3402 3696 subdidit,

1816 3719 1936 3773 Fiat
1965 3720 2054 3773 tibi
2096 3721 2225 3773 sicut
2270 3720 2344 3773 ris
2376 3719 2589 3788 (Natth.
2624 3722 2712 3775 15.
2734 3720 2849 3797 ἓδ).
2885 3722 2951 3775 Ει
2994 3722 3037 3774 si
3083 3722 3405 3776 voluerimus

1815 3811 2023 3881 singula
2069 3810 2361 3881 Scriptura:
2406 3810 2603 3865 divina:
2651 3813 2897 3880 exempla
2945 3811 3161 3874 aﬂ‘erre,
3209 3813 3406 3882 ubique

1815 3920 2062 3975 magnam
2087 3904 2294 3958 Domini
2318 3904 2736 3959 munificentiam
2761 3903 3076 3959 videbimus.
3104 3905 3215 3959 Hoc
3236 3905 3404 3974 probe

1815 3996 2019 4051 sciebat
2045 3994 2343 4063 patriarcha
2368 3995 2480 4060 ille,
2509 3995 2786 4049 cedentem
2821 3996 3116 4050 minoribus
3141 4011 3404 4065 assequu-

1817 4093 1994 4140 turunt
2017 4085 2238 4156 majora,
2255 4087 2392 4141 sicut
2413 4084 2528 4140 beri
2548 4085 2824 4142 audivistis
2845 4104 2859 4141 :
2880 4088 3040 4141 cessit
3057 4087 3212 4143 Loto.
3235 4087 3406 4155 regio-

1817 4193 2046 4247 nemque
2073 4177 2394 4234 deteriorem
2425 4179 2584 4249 elvgit
2608 4219 2624 4243 ,
2657 4187 2716 4232 ut
2743 4180 3104 4234 contentionis
3137 4190 3408 4233 resecat-et

1816 4270 2241 4334 occasiones,et
2282 4280 2498 4325 ostensa
2547 4271 2744 4325 virtute
2785 4284 2878 4325 sua
2931 4271 3185 4339 peculiari
3239 4279 3405 4326 totam

1817 4361 2032 4415 domum
2081 4369 2323 4430 pacatam
2380 4361 2650 4417 redderet.
2701 4359 2967 4415 Czeterum
3022 4361 3301 4414 videamus
3338 4379 3403 4414 ex

1818 4467 2006 4508 recens
2033 4453 2202 4518 lectis,
2231 4468 2476 4523 quanam
2508 4467 2605 4522 pro
2628 4462 2771 4506 tanta
2817 4453 3225 4510 mansuetudine
3267 4455 3434 4508 acci--

1820 4547 1982 4615 piata
2011 4547 2120 4598 Deo
2151 4547 2392 4613 prmntia.
2424 4546 2508 4598 Η.
2528 4543 2595 4599 Et
2618 4545 2785 4611 dixit,
2819 4544 3026 4614 inquit,
3062 4543 3196 4598 Deus
3219 4545 3366 4598 Abrte
3387 4587 3403 4610 ,

1819 4644 2078 4705 postquam
2116 4646 2376 4702 separatus
2397 4645 2468 4688 est
2497 4633 2560 4687 ab
2584 4650 2640 4687 eo
2676 4634 2766 4686 Lot
2791 4650 2811 4687 :
2838 4633 3057 4687 Elevatis
3101 4635 3261 4687 oculis
3300 4637 3403 4690 tuis

1819 4742 1962 4779 cerne
1982 4742 2012 4777 a
2029 4726 2140 4778 loco
2161 4725 2323 4794 inquo
2344 4734 2394 4776 tu
2420 4741 2552 4777 nunc
2572 4741 2644 4790 es,
2663 4724 2729 4776 ad
2751 4724 3034 4792 aquilonem
3060 4734 3104 4777 et
3126 4725 3402 4789 meridiem,

1819 4827 1866 4870 et
1909 4817 2147 4868 orientem
2174 4824 2219 4868 et
2251 4831 2388 4867 mare
2414 4830 2433 4867 :
2462 4815 2545 4869 15.
2577 4816 2694 4884 quia
2719 4831 2916 4868 omnem
2961 4823 3146 4868 terram
3171 4831 3322 4885 quam
3353 4825 3408 4869 tu

1819 4905 1955 4959 vides
1973 4946 1987 4969 ,
2016 4905 2104 4958 tibi
2128 4903 2258 4957 dabo
2289 4921 2431 4970 eam,
2460 4913 2507 4956 et
2543 4905 2721 4957 semini
2748 4913 2834 4958 tuo
2860 4922 3016 4974 usque
3050 4906 3100 4958 in
3143 4907 3406 4960 strculunt.

1822 4999 1956 5053 Vide
1979 4997 2247 5067 quomodo
2271 4997 2448 5051 divina
2470 4996 2744 5065 Scriptura
2776 4997 3125 5052 acceleratam
3159 4997 3250 5052 Dei
3281 5014 3409 5068 pro-

1820 5090 2106 5143 videntium
2144 5097 2197 5143 et
2230 5089 2635 5143 retributionem
2663 5089 2808 5156 justo
2836 5088 3025 5142 factam
3055 5089 3406 5143 demonstrat.

1826 5179 2020 5233 \‘olens
2049 5181 2188 5233 enim
2218 5194 2315 5232 nos
2358 5178 2554 5232 docere
2576 5219 2589 5238 .
2623 5190 2880 5248 quantum
2912 5182 3202 5248 approbata
3252 5181 3408 5234 fuerit

1822 5284 1850 5322 a
1894 5267 2240 5322 utisericorde
2294 5263 2405 5322 Deo
2443 5269 2756 5336 patriarcha:
2802 5269 3101 5334 humilitas,
3131 5282 3407 5340 postquam

1821 5360 1974 5426 dixit,
1997 5367 2296 5428 separatum
2325 5359 2487 5413 fuisse
2511 5358 2630 5424 Lot,
2663 5368 2715 5413 et
2743 5361 2939 5415 abiisse
2960 5363 3009 5414 in
3035 5372 3226 5414 terram
3251 5377 3408 5431 quam

1822 5453 1982 5520 elegit
2030 5461 2086 5505 ut
2127 5454 2551 5519 przestautiorent
2578 5467 2591 5513 ;
2621 5451 2800 5505 statim
2853 5451 3090 5506 subdidit
3123 5469 3136 5506 :
3173 5451 3238 5504 Et
3282 5454 3410 5506 dixit

1823 5541 1958 5594 Deus
1990 5541 2152 5594 Abi-te.
2181 5541 2379 5594 Deinde
2405 5551 2462 5593 ut
2487 5539 2767 5610 diligenter
2795 5541 3061 5594 discamus
3085 5542 3196 5596 lucc
3213 5541 3435 5596 dixisse.

1825 5631 1988 5685 Deum
2021 5631 2072 5684 in
2099 5631 2398 5685 mercedem
2430 5645 2615 5684 eorum
2645 5646 2764 5699 quae
2794 5633 2934 5685 circa
2959 5631 3148 5685 Lutum
3179 5631 3402 5695 fecerat,

1827 5726 1940 5779 hinc
1963 5723 2167 5777 addidit
2200 5740 2212 5776 :
2251 5721 2315 5776 Et
2337 5724 2466 5776 dixit
2497 5721 2632 5776 Deus
2661 5723 2828 5787 Abrlc,
2854 5737 3120 5793 postquam
3148 5737 3412 5792 separatus

1827 5828 1898 5872 est
1919 5816 1980 5870 ab
2005 5831 2062 5869 eo
2089 5812 2204 5881 Lat,
2235 5815 2385 5885 quasi
2429 5815 2710 5872 manifeste
2751 5814 2863 5870 hzcc
2896 5816 2944 5872 ci
2989 5817 3151 5872 verba
3183 5817 3406 5882 dicens:
