4056 6470
728 415 830 470 315

725 527 804 580 Ob
831 536 972 580 tuam
1011 531 1461 584 mansuetudinem
1506 535 1717 602 regione
1753 536 1970 591 meliore
2019 549 2071 592 et
2115 555 2278 594 amm-

725 615 873 670 niore
918 616 1096 672 fratris
1122 619 1226 672 tilio
1251 621 1492 684 cessisti,
1518 631 1570 674 et
1614 623 1860 682 eximiam
1889 641 1997 696 prta
2027 636 2078 682 te
2121 629 2282 681 tulisti

727 705 1097 773 humilitatem,
1130 719 1430 778 tantamque
1453 712 1595 779 pacis
1631 713 1857 768 habuisti
1889 730 2098 781 curam,
2123 727 2178 771 ut
2206 719 2285 772 ni-

728 797 799 852 hil
829 813 933 853 non
962 802 1130 869 potius
1156 800 1436 868 delegeris,
1467 817 1624 870 quam
1647 817 1765 860 esse
1793 807 1928 861 inter
1948 823 2040 861 vos
2062 820 2282 862 conten-

725 887 938 941 tiones:
970 896 1248 956 eapr0pter
1287 887 1458 958 largas
1499 891 1612 945 illas
1648 906 1678 945 a
1715 909 1800 948 me
1831 897 2283 953 remunerationes

726 976 926 1044 accipe.
955 973 1171 1029 Elevatis
1190 1017 1204 1040 ,
1229 978 1418 1048 inquit,
1439 981 1596 1034 oculis
1622 984 1719 1036 tuis
1739 1025 1753 1046 ,
1785 985 1896 1038 vide
1921 1003 1952 1037 a
1980 987 2087 1039 loco
2106 987 2157 1039 in
2185 1003 2282 1055 quo

720 1076 772 1116 tu
803 1081 933 1117 nunc
959 1081 1029 1130 α,
1057 1066 1125 1118 ad
1165 1068 1445 1136 aquilonem
1489 1078 1536 1122 et
1577 1073 1850 1137 meridiem,
1875 1084 1919 1127 et
1963 1076 2196 1128 orientem
2234 1086 2283 1129 et

721 1161 857 1199 mare
885 1161 904 1200 :
927 1149 1046 1215 quia
1082 1164 1275 1201 onmem
1315 1159 1498 1203 terram
1520 1193 1535 1214 ,
1563 1169 1713 1221 quam
1753 1163 1806 1207 tu
1831 1157 1996 1221 rides,
2029 1158 2115 1209 tibi
2153 1157 2281 1211 dabo

721 1253 849 1301 eam,
870 1248 917 1290 et
937 1240 1113 1292 semini
1137 1250 1220 1294 tuo
1249 1257 1402 1308 usque
1421 1244 1471 1295 in
1497 1245 1754 1298 saeuiunt.
1774 1244 1957 1301 Vidisti
1984 1250 2276 1302 retributio-

725 1340 846 1380 nem
891 1336 1037 1396 gesta
1081 1330 1194 1397 ejus
1228 1332 1406 1384 multis
1448 1333 1618 1388 modis
1658 1340 2037 1405 superantem?
2091 1339 2280 1394 Iisdem

721 1415 897 1469 verbis
921 1418 1084 1471 utitur
1110 1420 1416 1474 misericors
1443 1422 1695 1477 Dominus
1713 1464 1728 1487 ,
1761 1425 1951 1493 quibus
1977 1435 2030 1480 et
2061 1428 2281 1494 patriar-

716 1504 816 1556 cha
845 1507 1141 1561 cessionem
1170 1507 1384 1564 iecerat.
1411 1511 1538 1564 Nam
1568 1514 1702 1566 sicut
1724 1515 2015 1582 patriarcha
2035 1517 2277 1572 dicebat:

721 1591 869 1660 Ecce,
901 1612 1069 1650 annon
1107 1601 1266 1652 omnis
1307 1609 1438 1652 terra
1475 1616 1643 1655 coram
1697 1603 1782 1656 te?
1821 1605 2019 1658 discede
2041 1623 2071 1658 a
2098 1609 2278 1662 ιπεεό

722 1693 776 1734 tu
799 1683 866 1738 ad
894 1685 1166 1750 dexteram,
1196 1703 1286 1756 ego
1309 1689 1378 1740 ad
1404 1690 1658 1743 sinistram
1677 1706 1696 1754 ,'
1717 1693 1760 1744 si
1789 1703 1842 1744 tu
1874 1696 1942 1746 ad
1983 1697 2234 1749 sinistram
2260 1740 2275 1762 ,

718 1787 810 1840 ego
833 1774 900 1825 ad
928 1776 1180 1828 dexteram
1209 1791 1226 1833 .'
1258 1777 1326 1829 ita
1347 1787 1401 1832 et
1441 1779 1691 1835 Dominus
1714 1782 1876 1836 dicit:
1906 1783 2123 1839 Eleuatis
2156 1803 2279 1840 ocu-

717 1862 778 1913 lis
804 1863 902 1914 tuis
930 1862 1038 1916 uide
1064 1881 1096 1917 a
1120 1865 1229 1919 loco
1257 1867 1310 1919 in
1335 1884 1432 1934 quo
1458 1878 1510 1922 tu
1536 1885 1669 1923 nunc
1698 1887 1788 1927 es:
1814 1874 1932 1941 quia
1957 1891 2150 1929 omnem
2175 1888 2279 1930 ter-

715 1967 845 2013 ram,
873 1969 1024 2019 quam
1044 1964 1096 2006 tu
1125 1955 1279 2019 vides,
1298 1957 1384 2010 tibi
1407 1959 1536 2012 dabo
1565 1976 1675 2014 eam
1695 2002 1710 2025 ,
1741 1972 1786 2015 et
1814 1965 1990 2018 semini
2013 1975 2099 2018 tato
2127 1982 2280 2035 usque

713 2039 769 2092 in
794 2041 1052 2098 secutum.
1084 2043 1199 2109 llic,
1230 2061 1444 2114 quaso,
1473 2050 1833 2107 animadverte
1865 2052 2130 2121 ingentem
2163 2072 2279 2112 mu-

718 2130 1058 2189 nilicentiam.
1105 2132 1182 2186 Tu
1227 2136 1462 2204 quidem,
1490 2138 1690 2208 inquit,
1719 2142 1842 2196 dato
1891 2144 1963 2198 illi
2001 2146 2280 2200 electionis

715 2221 953 2287 arbitrio,
983 2236 1066 2287 ea,
1098 2239 1253 2291 quam
1280 2226 1367 2291 ille
1413 2228 1576 2282 voluit
1612 2230 1823 2299 eligere,
1859 2241 1996 2285 terra
2027 2234 2230 2286 cessisti
2258 2274 2273 2299 ,

718 2309 954 2364 relictam
974 2319 1150 2368 autem
1175 2314 1289 2383 ipse
1311 2318 1563 2388 accepisti
1586 2338 1600 2374 :
1627 2335 1727 2388 ego
1752 2336 1878 2377 vero
1900 2331 2042 2376 tanta
2073 2334 2124 2378 te
2149 2325 2278 2380 libe-

713 2397 918 2452 ralitate
945 2413 1254 2470 prosequar,
1278 2413 1335 2457 ut
1360 2420 1571 2461 omnem
1592 2423 1748 2478 quam
1785 2421 1908 2464 ante
1945 2413 2125 2467 oculos
2158 2423 2276 2469 tuos

716 2495 912 2542 terram
943 2491 1086 2545 vides
1115 2493 1289 2558 sitam,
1315 2511 1378 2549 es
1405 2506 1630 2566 utroque
1661 2501 1826 2555 latere
1850 2502 2036 2558 dextro
2061 2513 2114 2558 et
2143 2506 2276 2560 sini-

627 2631 632 2638 _
715 2587 848 2640 stro.
874 2594 902 2632 a
943 2584 1302 2649 septentrione
1342 2596 1397 2640 et
1423 2589 1665 2652 meridie,
1697 2592 1763 2645 ab
1786 2593 1990 2649 oriente
2035 2605 2089 2650 et
2127 2597 2273 2651 occi-

714 2668 889 2730 dente,
917 2679 970 2722 ct
1000 2671 1052 2723 in
1080 2686 1306 2738 summa,
1334 2690 1544 2731 omnem
1571 2687 1763 2734 terram
1791 2697 1944 2750 quam
1965 2687 2156 2750 cernis,
2180 2687 2275 2742 tibi

714 2772 832 2813 sum
852 2775 1203 2818 concessurus
1230 2783 1244 2818 :
1277 2781 1448 2836 neque
1467 2769 1558 2823 tibi
1578 2772 1768 2838 solum,
1793 2774 1884 2828 sed
1909 2773 1972 2828 Et
1992 2778 2166 2830 semini
2192 2788 2275 2832 tuo

713 2863 868 2916 usque
892 2851 942 2902 in
959 2852 1408 2910 mulumNidisti
1429 2857 1640 2927 dignam
1656 2861 1828 2917 divina
1851 2864 2084 2922 bonitate
2103 2869 2276 2924 muni.

715 2935 1023 2991 licentiam?
1047 2940 1230 2996 Vidisti
1258 2947 1466 3014 quantis
1495 2951 1673 3014 cessit,
1701 2964 1894 3021 quanta
1925 2965 2006 3010 est
2031 2973 2278 3028 assequu-

717 3026 841 3077 ιιιεῖ
871 3025 1002 3081 lline
1043 3032 1380 3102 erudiamur,
1414 3046 1468 3089 ut
1499 3055 1684 3108 magna
1730 3042 1780 3096 in
1811 3038 2002 3101 dandis
2043 3025 2273 3104 eleemo-

711 3117 858 3188 synis
890 3118 1127 3188 largitate
1157 3131 1364 3177 utamur
1382 3165 1398 3190 ,
1427 3143 1533 3195 quo
1561 3130 1697 3185 datis
1719 3136 1893 3200 parvis
1921 3137 2276 3206 adipiscamur

713 3219 924 3275 magna.
953 3207 1228 3274 Quomodo
1248 3215 1388 3269 enim
1411 3219 1553 3285 paria
1576 3233 1714 3285 sunt,
1744 3223 1849 3290 die,
1878 3227 2120 3294 obsecro,
2150 3231 2276 3286 dare

718 3312 903 3367 parum
933 3304 1159 3372 argenti.
1183 3317 1232 3361 et
1256 3309 1493 3366 obtinere
1523 3326 1860 3380 peccatorum
1884 3321 2276 3378 remissionem?

719 3404 935 3457 pascere
959 3397 1314 3466 esurientem,
1344 3412 1396 3455 et
1425 3404 1475 3456 in
1502 3403 1590 3458 die
1620 3405 1705 3459 illa
1746 3407 1982 3466 horribili
2029 3414 2272 3471 ﬁduciam

712 3483 954 3551 assequi.
988 3495 1041 3539 et
1087 3489 1269 3544 audire
1318 3492 1477 3547 verba
1529 3509 1648 3549 cum
1696 3512 1858 3568 regno
1909 3501 2271 3560 conferenda:

717 3568 937 3637 Esnrivi,
967 3587 1011 3628 et
1043 3578 1247 3634 dedistis
1283 3583 1409 3635 mihi
1453 3587 1753 3642 manducare
1780 3589 1990 3659 (Matth.
2021 3595 2111 3651 25.
2140 3597 2274 3666 35)?

715 3661 850 3715 Nunt
880 3668 968 3733 qui
1000 3669 1094 3721 tibi
1127 3679 1324 3730 tantam
1357 3690 1533 3730 rerum
1563 3679 1707 3734 dedit
1742 3684 2068 3753 ubertatem,
2105 3661 2274 3759 potuit

718 3761 775 3803 et
804 3752 945 3807 illius
971 3755 1202 3826 inopiam
1229 3761 1403 3817 levare
1430 3774 1483 3818 et
1507 3767 1664 3822 solari
1685 3770 1708 3822 τ
1729 3770 1834 3825 Sed
1875 3773 1972 3828 hac
2010 3752 2076 3831 de
2105 3752 2271 3833 causa

716 3841 964 3911 relinquit
1011 3845 1158 3902 illttm
1207 3850 1385 3919 inopia
1425 3860 1634 3924 vexari,
1674 3871 1728 3914 ut
1764 3871 1818 3916 et
1869 3865 1979 3932 ipse
2024 3869 2270 3935 patientia

717 3930 938 3984 multum
966 3937 1224 3992 mercedis
1249 3943 1543 4008 acquireret
1563 3986 1576 4010 ,
1607 3957 1660 4000 et
1686 3959 1738 4002 tu
1763 3965 1856 4018 per
1880 3930 2274 4028 eleemosynam

719 4017 813 4072 tibi
845 4018 1048 4074 ﬁduciae
1073 4027 1348 4080 materiam
1378 4029 1497 4084 illuc
1526 4017 1891 4100 pra'mitteres.

788 4110 839 4162 3.
863 4110 1042 4165 Vidisti
1073 4115 1480 4173 misericordiam
1509 4123 1734 4188 Domini,
1764 4131 2030 4196 quomodo
2062 4147 2276 4204 propter

719 4208 952 4256 nostram
982 4202 1201 4256 salutem
1229 4205 1499 4276 dispenset
1526 4214 1700 4266 omnia
1724 4215 1747 4266 ἲ
1777 4216 1954 4287 itaque
1978 4221 2102 4278 dum
2129 4202 2271 4294 cogl-

718 4295 825 4349 tas,
859 4300 1073 4358 propter
1099 4301 1149 4345 te
1177 4303 1230 4347 et
1256 4308 1473 4365 prepter
1500 4309 1638 4354 tuam
1663 4304 1933 4360 utilitatem
1971 4311 2115 4364 illum
2154 4331 2274 4369 cum

719 4375 888 4444 inopia
916 4381 1302 4438 cnnilictantem
1349 4386 1485 4442 fame
1515 4392 1715 4458 perire,
1759 4411 1824 4450 ne
1847 4399 2043 4468 absque
2071 4403 2276 4459 miseri-

720 4467 892 4524 cordia
933 4479 1198 4537 transeas,
1238 4475 1328 4529 sed
1356 4488 1470 4531 esto
1500 4478 1669 4535 ﬁdelis
1709 4499 1924 4552 eorum,
1966 4467 2089 4558 qua:
2125 4493 2216 4546 tibl
2243 4509 2273 4546 a

723 4559 942 4613 Dmnino
965 4576 1214 4618 concessa
1245 4577 1386 4628 sunt.
1410 4569 1668 4626 bonorum
1686 4574 2034 4644 dispensator,
2061 4594 2116 4635 ut
2138 4583 2276 4640 illitis

720 4649 1040 4704 stiblevando
1063 4657 1354 4720 penuriam,
1388 4660 1599 4714 multam
1620 4665 1709 4717 tibi
1728 4681 2004 4734 supernam
2027 4675 2276 4729 concilies

717 4738 958 4811 gratiam.
1011 4741 1073 4793 Et
1095 4744 1324 4811 glortiiea
1356 4748 1629 4804 Dominum
1660 4764 1803 4806 tuum
1828 4796 1842 4819 ,
1889 4760 2029 4825 quod
2061 4773 2274 4830 prepter

720 4837 771 4885 te
812 4839 866 4880 et
911 4831 1128 4884 salutem
1179 4846 1317 4889 tuam
1359 4841 1653 4906 permiserit
1698 4845 1841 4898 illum
1883 4847 1931 4899 in
1973 4864 2277 4918 paupertate

721 4919 915 4970 versari
947 4960 961 4984 ,
1010 4930 1064 4974 nt
1093 4922 1180 4975 lilii
1209 4927 1285 4977 via
1314 4937 1522 4994 pateat,
1566 4947 1658 4998 per
1685 4949 1841 5000 quam
1869 4947 2076 5004 peccata
2108 4945 2278 5011 possis

721 5007 931 5066 abluere
957 5052 970 5068 ,
1014 5012 1406 5082 etdispensntis
1435 5018 1566 5073 bene
1598 5022 1660 5073 iis
1681 5038 1797 5090 quae
1839 5041 1866 5077 a
1914 5007 2134 5084 Domino
2181 5033 2276 5088 tibi

719 5107 839 5149 sunt
861 5115 1132 5166 concessa,
1163 5106 1340 5160 laudes
1366 5107 1480 5161 illas
1510 5125 1764 5176 mereare,
1794 5132 1908 5184 qua:
1929 5133 2138 5175 omnem
2165 5138 2279 5178 ser-

721 5203 927 5240 monem
977 5202 1027 5242 et
1085 5195 1337 5249 rationem
1397 5203 1792 5258 transcendunt.
1846 5209 2039 5265 Antlies
2088 5216 2228 5268 enim
2260 5257 2276 5280 ,

727 5275 860 5346 Euge
880 5320 892 5340 ,
917 5297 1053 5334 serve
1092 5285 1214 5340 bone
1237 5297 1280 5340 et
1301 5289 1464 5354 ﬁdelis
1483 5331 1495 5352 ,
1536 5309 1684 5362 super
1709 5317 1869 5365 pauca
1908 5303 2045 5368 fuisti
2078 5275 2274 5373 ﬁdelis,

722 5383 868 5434 super
897 5371 1053 5423 multa
1082 5383 1128 5426 te
1151 5379 1445 5432 constituant
1473 5399 1490 5434 :
1516 5384 1648 5436 intra
1693 5389 1743 5439 in
1789 5393 2022 5456 gaudium
2078 5371 2277 5448 Domini

716 5456 788 5508 tui
818 5459 835 5525 ζ
858 5457 1037 5514 Matth.
1062 5462 1150 5517 25.
1183 5464 1304 5535 ΞΒ).
1334 5469 1453 5523 Haec
1482 5475 1976 5543 animadvertentes,
2012 5484 2079 5536 ita
2112 5487 2276 5552 respi-

714 5565 915 5611 ciamus
964 5575 1255 5630 pauperes,
1301 5568 1447 5634 quasi
1494 5569 1787 5638 beneficos,
1835 5575 1922 5640 qui
1973 5580 2276 5634 occasiones

718 5646 903 5700 salutis
929 5651 1053 5704 dare
1096 5654 1246 5708 nobis
1277 5667 1524 5724 possunt,
1576 5671 1627 5714 et
1665 5665 1742 5716 eis
1784 5665 1995 5733 largiter
2019 5665 2276 5737 hilarique

720 5744 768 5790 at
789 5736 896 5790 imo
925 5755 1218 5811 erogctnus,
1250 5763 1531 5819 numquam
1564 5765 1841 5810 renuentes
1865 5757 2010 5822 dare,
2043 5760 2134 5814 scd
2166 5775 2272 5814 ma-

1463 418 1517 475 8.
1556 419 1828 478 JOANNIS
1863 421 2329 482 CIIRYSOSTOMI
2371 429 2682 486 ARCIIIEP.
2723 433 3244 496 CONSTANTINOP.
3878 453 3958 505 Sid

2390 557 2491 611 gna
2525 544 2738 602 lenitate
2760 563 2878 604 cum
2908 552 2986 605 eis
3010 553 3374 622 colloquentes
3400 599 3414 621 ,
3464 570 3518 613 et
3567 563 3786 616 multam
3831 583 3960 617 nm.-

2389 637 2721 693 suetudinem
2749 639 3096 698 declarantes.
3130 645 3369 710 lnclina,
3402 650 3612 720 inquit,
3645 661 3856 719 pauperi
3883 676 3960 708 n-

2387 741 2491 776 rem
2521 736 2677 793 (nam,
2709 741 2754 782 et
2775 734 3020 800 responde
3043 735 3090 786 ei
3114 737 3326 803 pacifica
3348 741 3400 790 in
3433 746 3826 796 mansuetudine
3855 747 3963 810 (ile-

2387 817 2470 868 cli.
2499 817 2548 870 4.
2583 818 2676 887 8),
2705 829 2763 873 ιιι
2794 829 2848 874 et
2875 832 3156 892 antequam
3200 826 3326 888 des.
3358 830 3649 885 verborum
3687 834 3964 889 clementia

2389 905 2554 960 multa
2598 908 2770 977 inopia
2799 909 3058 980 dejectum
3099 915 3214 982 ejus
3252 918 3488 973 animum
3517 923 3739 990 erigas;
3791 923 3966 977 Πεδοι

2387 996 2517 1048 enim
2541 1007 2635 1062 est,
2669 1000 2854 1069 inquit,
2883 1018 3064 1065 sermo,
3090 1021 3241 1072 σιισιιι
3273 1009 3478 1062 donatio
3507 1011 3700 1080 (Eccli.
3738 1014 3830 1069 l8.
3863 1017 3964 1078 ις).

2384 1082 2534 1138 Adeo
2571 1086 2730 1141 etiam
2772 1091 2991 1146 verbum
3031 1094 3258 1150 animam
3302 1098 3590 1165 roborare.
3638 1107 3968 1160 consolatio-

2385 1185 2615 1241 nemque
2639 1177 2856 1232 multam
2887 1180 3075 1236 atTerre
3096 1184 3250 1238 solet.

2456 1264 2786 1336 Eleemosyna
2815 1270 3048 1324 alacriter
3083 1276 3356 1343 eroganda.
3404 1273 3622 1332 εει-ειιῶ
3671 1290 3877 1352 tempus
3904 1299 3964 1338 est

2383 1355 2490 1408 hac
2514 1357 2632 1410 vita.
2661 1386 2734 1397 —
2759 1357 2919 1428 Igitur
2962 1375 3064 1414 non
3116 1371 3316 1419 tantum
3343 1369 3688 1425 attendentes
3715 1389 3847 1426 eum
3885 1394 3964 1442 qut

2383 1446 2687 1514 accipitxin
2725 1448 2912 1503 dandis
2939 1451 3290 1523 eleemosynis
3323 1458 3485 1512 simus
3517 1461 3783 1519 liberales
3828 1483 3843 1518 :
3883 1469 3966 1522 sed

2383 1537 2758 1593 ratiocinantes
2798 1543 2974 1608 potius
3000 1544 3116 1612 quis
3144 1545 3233 1598 ille
3256 1548 3324 1599 sit
3361 1551 3448 1616 qui
3490 1564 3555 1603 ea
3597 1568 3730 1621 qua
3756 1557 3815 1607 in
3850 1571 3969 1625 pau-

2385 1643 2561 1697 perem
2592 1631 2848 1687 collocata
2877 1645 3021 1700 sunt,
3051 1647 3107 1690 ut
3145 1640 3245 1693 sibi
3286 1640 3419 1695 {acut
3447 1644 3692 1699 vindicat
3715 1689 3733 1712 ,
3779 1661 3841 1703 et
3885 1668 3967 1715 pro

2382 1719 2517 1773 datis
2556 1721 2872 1779 solutionem
2924 1726 3241 1794 pollicetur:
3270 1741 3426 1798 atque
3465 1733 3537 1788 ita
3580 1737 3780 1791 animo
3828 1740 3964 1793 illam

2383 1807 2644 1864 intuentes
2667 1851 2684 1877 ,
2732 1829 2914 1883 magna
2942 1816 3209 1872 alacritate
3232 1819 3359 1873 dare
3387 1823 3712 1880 studeamns
3731 1867 3749 1890 ,
3787 1839 3846 1882 es
3877 1831 3961 1882 ian

2379 1911 2522 1965 gam,
2548 1898 2671 1953 dum
2695 1902 2865 1956 adhuc
2892 1914 3098 1972 tempus
3121 1917 3223 1965 est.
3256 1919 3547 1964 sementem
3569 1913 3857 1979 jaciamus
3875 1957 3892 1978 .
3923 1930 3968 1970 ut

2380 1996 2434 2039 et
2457 1987 2687 2043 ubertim
2717 2002 2994 2046 metamus.
3023 1993 3152 2049 Nam
3187 1996 3287 2061 Qui
3307 2014 3455 2064 parce
3475 2002 3702 2053 seminat
3722 2043 3736 2064 ,
3767 2005 3964 2074 inquit,

2382 2089 2590 2144 parceet
2605 2089 2748 2132 metet
2773 2079 2851 2150 (ἱ.
2875 2081 2992 2135 Cor.
3014 2083 3065 2138 9.
3090 2083 3168 2152 6).
3198 2085 3350 2139 Manu
3377 2087 3535 2157 igitur
3554 2091 3794 2149 minime
3817 2111 3964 2164 palea

2379 2168 2580 2220 semina
2607 2169 2692 2222 illa
2721 2171 2852 2224 bona
2883 2187 3209 2242 spargamus,
3243 2186 3298 2231 ut
3327 2194 3421 2232 suo
3450 2189 3702 2251 tempore
3729 2187 3964 2241 ubertim

2379 2265 2661 2313 metamus.
2692 2259 2840 2316 Nunc
2864 2264 3005 2318 enim
3033 2267 3325 2322 seminandi
3353 2279 3560 2339 tempus
3583 2282 3697 2338 est,
3724 2277 3879 2345 quod
3911 2293 3966 2330 te

2379 2357 2757 2416 praetereamus
2781 2353 3038 2419 obsecro,
3081 2365 3136 2411 ut
3178 2359 3229 2412 in
3258 2359 3344 2414 die
3370 2361 3746 2419 retributionis
3781 2383 3882 2436 pro
3912 2370 3964 2421 iis

2378 2452 2496 2506 qua:
2526 2439 2609 2494 hic
2638 2443 3016 2500 seminavimus
3038 2487 3054 2511 ,
3099 2445 3299 2504 fructus
3327 2453 3691 2521 percipiamns
3717 2498 3733 2520 ,
3777 2468 3836 2511 et
3869 2459 3964 2510 ίὶυ-

2378 2528 2505 2581 mini
2553 2530 2970 2586 misericordiam
3013 2549 3375 2606 assequamur.
3423 2540 3637 2596 Nullum
3665 2546 3822 2598 enim
3853 2565 3962 2599 oni-

2378 2619 2505 2673 nino
2533 2621 2671 2675 aliud
2699 2637 2830 2691 opus
2857 2625 3050 2680 bonum
3071 2629 3148 2682 sic
3176 2631 3368 2696 poterit
3395 2632 3734 2702 restinguere
3780 2652 3960 2704 pecea-

2381 2716 2553 2764 torum
2579 2721 2877 2768 nostrorum
2903 2715 3219 2783 incendium,
3247 2729 3304 2773 ut
3323 2721 3679 2793 eleemosynae
3702 2725 3957 2796 largitas:

2380 2799 2476 2853 ista
2504 2809 2557 2854 et
2587 2813 2918 2869 peccatorum
2949 2816 3248 2862 nostrorum
3287 2810 3630 2867 abolitionem
3677 2828 3957 2884 operatur,

2378 2897 2432 2942 et
2457 2889 2610 2943 nobis
2637 2891 2879 2948 ﬁduciam
2921 2897 3204 2961 conciliat,
3245 2907 3299 2953 et
3345 2899 3688 2956 ineﬂabilium
3742 2904 3955 2958 illorum

2378 2978 2635 3034 bonorum
2668 2983 2890 3037 fructum
2931 2997 3210 3054 preparat.
3241 2988 3432 3042 Verum
3487 2990 3552 3045 de
3603 2991 3689 3045 bis
3738 2996 3956 3064 quidem

2378 3071 2507 3125 satis
2555 3071 2753 3126 dictum
2795 3083 2876 3127 est
2909 3075 2960 3128 itt
2986 3075 3404 3132 cohortationem
3446 3090 3721 3145 vestram;
3778 3095 3838 3138 et
3874 3087 3956 3138 de~

2379 3169 2725 3215 monstratum
2758 3177 2854 3218 nos
2883 3163 2928 3219 si
2959 3179 3115 3233 parva
3137 3165 3471 3231 dederimus,
3503 3183 3532 3221 a
3579 3169 3824 3226 Domino
3865 3189 3954 3226 no-

2377 3259 2490 3303 stro
2519 3265 2702 3320 magna
2725 3263 3139 3322 consequuturos
3180 3271 3316 3310 esse.
3343 3256 3474 3311 Hinc
3498 3259 3641 3312 enim
3683 3274 3880 3315 sermo
3908 3264 3956 3317 in

2377 3339 2728 3410 eleemosyna:
2755 3342 3168 3398 admonitionem
3197 3345 3476 3401 devolutus
3504 3361 3582 3402 cst
3614 3367 3628 3401 :
3661 3351 3792 3418 quia
3817 3357 3954 3405 enim

2377 3427 2606 3482 diximus
2644 3432 2992 3499 patriarcham
3016 3475 3032 3500 ,
3064 3434 3190 3488 dum
3222 3446 3424 3505 partem
3467 3448 3623 3493 terrze
3671 3443 3952 3497 meliorem

2377 3515 2476 3570 Lot
2505 3521 2787 3584 concessit,
2816 3530 2870 3574 et
2894 3523 3131 3578 viliorem
3159 3525 3271 3594 ipse
3294 3526 3528 3591 retinnit,
3561 3538 3772 3584 tantam
3801 3548 3832 3583 a
3861 3534 3956 3585 Do-

2377 3606 2524 3661 mino
2552 3619 2937 3678 eonsequutum
2965 3627 3084 3666 esse
3110 3613 3494 3678 liberalitatem.
3524 3625 3579 3670 ut
3602 3633 3830 3672 omnem
3865 3636 3954 3673 eo-

2375 3697 2682 3765 gitationem
2721 3702 3056 3757 transcendat
3097 3705 3377 3772 promissio
3403 3723 3556 3775 quam
3596 3709 3646 3762 ei
3692 3711 3953 3767 Dominus

2379 3787 2499 3842 fecit
2529 3807 2542 3842 :
2576 3789 2791 3846 Elevatis
2817 3795 2947 3846 enim
2976 3795 3133 3848 oculis
3176 3797 3295 3861 teis,
3325 3796 3510 3867 inquit,
3555 3801 3720 3852 ridea
3743 3804 3879 3865 loco,
3906 3807 3950 3857 ia

2376 3895 2475 3944 quo
2499 3889 2551 3932 tu
2580 3897 2711 3933 nunc
2736 3897 2806 3944 es,
2836 3885 2903 3934 ad
2927 3885 3204 3953 aquilonem
3231 3896 3277 3939 et
3306 3888 3593 3950 meridiem,
3631 3900 3679 3941 et
3708 3893 3952 3946 orientem

2378 3979 2422 4021 et
2451 3986 2588 4025 mare
2611 3987 2630 4024 :
2657 3973 2772 4040 quia
2795 3989 2991 4027 omnem
3015 3985 3194 4028 terram
3215 4017 3230 4039 ,
3259 3993 3408 4044 quam
3435 3989 3486 4029 tu
3512 3979 3645 4033 sides
3666 4020 3683 4043 ,
3728 3998 3840 4034 eam
3870 3985 3951 4036 tibi

2379 4059 2530 4123 dabo,
2566 4071 2610 4112 et
2637 4062 2810 4114 semini
2832 4072 2918 4115 tuo
2944 4079 3099 4130 usque
3125 4065 3176 4117 in
3195 4067 3452 4119 secutum.
3481 4067 3635 4123 Parte
3660 4078 3846 4135 terra,
3881 4075 3953 4128 in-

2380 4147 2510 4213 quit,
2541 4149 2745 4202 cessisti
2778 4149 2953 4204 iratris
2983 4151 3091 4205 lilio
3116 4168 3130 4206 :
3158 4168 3282 4207 ecce
3312 4170 3412 4224 ego
3441 4166 3602 4210 totam
3629 4158 3724 4213 tibi
3755 4170 3949 4215 terram

2381 4237 2636 4304 polliceor
2661 4255 2677 4303 ;
2706 4253 2875 4306 neque
2907 4241 3008 4294 hoc
3034 4243 3222 4304 solum,
3251 4244 3344 4298 sed
3369 4254 3423 4299 et
3452 4248 3636 4300 semini
3670 4259 3767 4302 tuo
3794 4253 3947 4318 polli-

2379 4338 2503 4377 ceor
2529 4339 2644 4378 eam
2671 4341 2835 4392 usque
2873 4327 2923 4380 in
2963 4329 3213 4382 saeculum
3248 4349 3260 4382 :
3293 4331 3392 4386 hoc
3419 4343 3520 4398 est,
3543 4347 3830 4402 perpetuo.
3862 4339 3949 4390 τι,

2379 4412 2498 4464 disti
2526 4415 2790 4485 quomodo
2819 4425 2996 4468 certat
3025 4417 3338 4471 beneﬁciis?
3385 4420 3568 4474 Sciens
3613 4424 3760 4477 enim
3816 4427 3948 4480 Deus

2381 4501 2480 4554 hoc
2509 4503 2736 4557 maxime
2762 4519 2955 4572 cupere
2979 4507 3353 4573 patriarcham,
3386 4519 3442 4563 et
3463 4512 3588 4564 nihil
3611 4513 3730 4581 ejus
3756 4516 3946 4570 alacri-

2381 4600 2539 4646 tatem
2570 4595 2638 4645 ita
2666 4595 3033 4651 roboraturum
3057 4612 3194 4661 esse,
3227 4600 3395 4668 inquit
3425 4619 3437 4654 :
3467 4602 3532 4656 Et
3557 4603 3660 4658 hoc
3700 4606 3796 4660 tibi
3823 4623 3946 4662 con-

2383 4683 2586 4747 cedam,
2617 4693 2674 4736 ut
2695 4686 2782 4753 qui
2813 4701 2874 4738 ex
2899 4695 2950 4741 te
2976 4697 3275 4750 nascentur,
3304 4691 3605 4755 succedant,
3630 4705 3682 4747 et
3705 4699 3946 4755 similiter

2384 4780 2520 4826 terra
2570 4776 2841 4839 fruantur,
2898 4775 3224 4845 habeantque
3266 4790 3571 4848 perpetuum
3604 4784 3748 4840 illius
3775 4787 3944 4841 domi.

2383 4861 2546 4913 nium.
2580 4861 2794 4926 Deinde,
2837 4873 2890 4916 ut
2920 4879 2986 4917 ne
3014 4867 3298 4932 respiciens
3317 4868 3382 4922 ad
3409 4879 3646 4925 naturam
3686 4884 3746 4926 et
3795 4891 3945 4931 sene-

2381 4958 2577 5004 ctutem
2607 4966 2752 5005 suam
2781 4993 2795 5016 ,
2824 4953 3070 5022 Sameque
3111 4957 3439 5011 sterilitatem
3464 4998 3478 5020 ,
3538 4964 3942 5026 promissionem

2381 5043 2553 5094 minus
2583 5053 2808 5105 curaret,
2841 5045 2933 5097 sed
2957 5045 3088 5098 bene
3118 5045 3301 5100 fideret
3324 5048 3615 5115 pollicentis
3637 5051 3844 5118 virtuti,
3871 5060 3942 5109 in-

2382 5135 2495 5200 quit
2524 5151 2536 5185 :
2563 5135 2646 5187 l6.
2678 5131 2741 5186 Et
2784 5137 2968 5204 faciant
3005 5151 3168 5188 semen
3208 5147 3347 5188 tuum
3373 5138 3501 5190 sicut
3533 5157 3745 5194 arenam
3783 5155 3936 5198 terra.

2384 5222 2444 5272 Si
2470 5223 2579 5288 quis
2610 5233 2764 5290 potest
2793 5241 3054 5277 numerare
3079 5242 3281 5278 arenant
3321 5236 3483 5290 terre,
3524 5239 3570 5281 et
3601 5246 3771 5284 semen
3807 5245 3943 5287 ιιιιιι

2383 5314 2737 5366 numerabitur.
2774 5314 2903 5367 Vere
2933 5330 3089 5382 supra
3116 5324 3350 5370 naturam
3383 5318 3663 5373 humanam
3691 5334 3812 5378 erat
3835 5324 3944 5378 lure

2383 5405 2662 5470 promissio
2700 5423 2712 5456 :
2758 5421 2859 5457 non
2887 5406 3240 5478 soluutcnim
3293 5410 3530 5476 promisit
3577 5427 3637 5466 se
3685 5413 3942 5471 factm

2382 5509 2501 5547 enm
2552 5503 2750 5561 patrem
2796 5498 2927 5548 inter
2987 5507 3060 5548 tot
3091 5493 3455 5566 impedimenta
3482 5542 3495 5565 ,
3520 5501 3614 5555 sed
3646 5503 3699 5557 in
3747 5514 3943 5566 tantum

2384 5584 2844 5650 multiplicaturum
2875 5585 3027 5646 filios,
3060 5595 3114 5639 ut
3132 5601 3305 5639 arente
3329 5597 3480 5641 terra:
3505 5594 3806 5660 comparari
3825 5610 3944 5666 ροσ-

2382 5684 2518 5728 sent.
2566 5677 2896 5730 Innumeram
2936 5692 3092 5744 porro
3144 5678 3530 5734 multitudinem
3563 5683 3678 5738 fore
3700 5694 3810 5742 tam
3851 5686 3942 5754 hy.

2388 5764 2645 5833 perbolica
2677 5763 3014 5820 similitudine
3043 5766 3308 5822 declarare
3337 5767 3516 5824 voluit.
