4056 6478
230 454 340 512 31⁸1

307 572 526 626 Abram:
549 572 774 625 uirtutem
809 568 1055 638 paulatim
1080 559 1269 622 exercet
1293 565 1448 620 Deus.
1482 565 1680 632 Quanta
1724 582 1813 639 pa-

229 663 472 716 ΜανιοΙητ
498 662 674 716 mentis
701 662 933 728 ﬁrmitas.
965 689 1035 699 —
1066 658 1293 713 Attende
1315 657 1584 728 quomodo
1613 658 1819 711 miseri-

224 767 354 807 cors
404 754 542 807 Deus
587 751 838 821 paulatim
882 753 1126 807 virtutem
1166 750 1294 821 justi
1341 751 1498 821 hujus
1545 759 1813 806 exerceat.

226 841 362 896 Nam
408 858 527 898 cmn
574 843 816 912 superius
853 842 1045 897 dixerit
1089 861 1103 896 :
1148 842 1343 896 Semini
1363 851 1450 895 tuo
1474 841 1606 894 dabo
1631 851 1815 894 terram

228 941 360 988 hunc
377 950 397 989 :
421 935 559 988 nunc
585 935 772 990 iterum
802 933 930 989 dicit
953 952 966 987 :
991 932 1058 988 Et
1083 933 1259 988 semini
1283 943 1368 986 tuo
1395 949 1552 1004 usque
1571 934 1622 986 in
1650 949 1814 986 strtu-

229 1024 336 1077 iunt
376 1026 506 1079 dabo
525 1058 551 1092 ,-
573 1035 619 1079 ct
649 1027 834 1098 faciam
860 1025 990 1079 illud
1017 1026 1161 1095 quasi
1189 1041 1396 1078 arenam
1427 1035 1590 1079 terra.
1619 1024 1811 1079 Hacte-

227 1130 331 1170 nus
357 1119 692 1172 sermonibus
721 1127 921 1171 tantum
955 1117 1088 1170 facta
1111 1125 1194 1172 est
1228 1117 1510 1186 promissio
1535 1159 1549 1181 ,
1581 1117 1810 1172 interce-

222 1204 410 1274 ditque
451 1208 592 1261 inter
619 1223 728 1262 rem
755 1215 810 1262 et
838 1207 1242 1275 promissionem
1271 1207 1495 1261 multum
1519 1208 1772 1276 temporis
1791 1247 1808 1273 ,

225 1304 288 1349 ut
315 1298 614 1367 religiosam
642 1297 955 1367 patriarcha:
991 1309 1258 1361 mentem,
1287 1309 1343 1352 et
1372 1297 1691 1354 ineffabilem
1719 1298 1809 1353 Dei

221 1390 471 1445 virtutem
497 1391 784 1445 discamus.
827 1392 955 1446 Data
984 1393 1127 1446 enim
1157 1406 1318 1459 opera
1346 1391 1521 1445 differt
1546 1405 1608 1445 ac
1635 1405 1808 1446 mora-

225 1490 332 1543 tur,
363 1490 420 1534 ut
447 1497 566 1535 cum
593 1482 650 1547 ii,
677 1483 870 1552 quibus
902 1482 1182 1552 promissio
1209 1481 1344 1536 facta
1370 1523 1384 1546 ,
1429 1482 1480 1536 in
1508 1492 1806 1536 extremam

224 1572 564 1638 pervenerint
607 1582 896 1638 senectam,
927 1583 980 1625 et
1005 1572 1296 1626 secundum
1329 1571 1613 1626 humanam
1641 1573 1805 1627 ratio-

219 1675 366 1726 nein,
396 1671 452 1713 ut
480 1661 550 1714 ita
578 1660 773 1728 dicam,
797 1663 1014 1716 omnino
1035 1661 1466 1730 desperaverim,
1501 1671 1626 1717 tunc
1653 1678 1804 1717 suam

219 1752 576 1807 inﬁrmitatem
603 1793 619 1818 ,
661 1763 717 1808 et
737 1754 1106 1810 inenarrabilis
1137 1755 1387 1824 potentia:
1432 1755 1523 1810 Dei
1559 1756 1804 1810 eminen-

217 1843 345 1896 tiam
377 1855 686 1912 agnoscant.

288 1937 339 1988 4.
376 1935 484 1990 lloc
505 1937 622 1990 loco
651 1937 940 2006 expendas,
971 1953 1174 2008 quzrso,
1206 1954 1235 1992 a
1268 1937 1523 2010 temporis
1547 1949 1691 1993 tanta
1723 1939 1802 1993 in-

224 2027 562 2096 tercapedine
585 2068 600 2095 ,
645 2045 803 2099 quam
848 2030 1016 2085 solida
1054 2030 1213 2086 fuerit
1254 2031 1570 2102 patriarcha:
1607 2046 1798 2098 mens,

212 2115 482 2183 quomodo
504 2118 749 2174 humanis
776 2120 1026 2175 omnibus
1055 2123 1368 2191 przeteritis,
1397 2121 1464 2176 ad
1505 2122 1798 2192 potentiam

210 2205 329 2273 ejus
353 2207 440 2274 qui
469 2208 734 2276 pollicitus
760 2220 874 2264 erat
899 2251 914 2276 ,
969 2214 1258 2281 respiciens
1282 2253 1298 2280 ,
1338 2228 1442 2267 non
1477 2212 1794 2283 impatiens,

212 2309 318 2348 non
347 2297 588 2352 turbatus
614 2298 793 2354 fuerit.
819 2300 978 2356 Scitis
999 2304 1142 2356 enim
1164 2304 1434 2373 quomodo
1459 2305 1793 2376 plerumque,

207 2386 421 2452 quando
449 2388 568 2457 quis
592 2389 758 2444 semel
784 2400 943 2461 atque
985 2377 1177 2447 iterum
1221 2393 1535 2463 pollicetur,
1579 2404 1635 2450 et
1675 2410 1798 2464 pro-

208 2475 368 2528 missa
393 2476 615 2546 implere
644 2478 836 2546 tardat,
863 2481 1136 2552 segniores
1164 2497 1348 2537 smnus
1373 2482 1440 2537 ad
1465 2483 1793 2539 credendum

207 2565 271 2619 iis
297 2582 414 2635 qua:
443 2568 631 2643 iterum
662 2573 926 2641 promittit
957 2591 972 2627 :
1003 2573 1056 2628 id
1085 2574 1226 2643 quod
1253 2575 1308 2630 in
1339 2575 1557 2631 homine
1582 2591 1690 2632 non
1713 2577 1793 2631 in-

197 2653 342 2724 juria
381 2640 556 2713 locum
597 2640 754 2716 habet
790 2680 804 2717 :
849 2663 903 2718 in
927 2664 1038 2719 Deo
1067 2640 1243 2720 autem
1267 2709 1284 2731 ,
1322 2666 1414 2738 qui
1454 2682 1540 2722 res
1579 2679 1790 2724 nostras

203 2746 438 2800 maxima
467 2748 740 2819 dispensat
779 2753 1037 2822 sapientia
1058 2794 1074 2821 ,
1101 2754 1146 2810 si
1184 2771 1287 2826 qua
1330 2757 1497 2812 semel
1528 2761 1788 2828 promissa

202 2831 436 2901 fuerint,
490 2840 702 2894 etiamsi
754 2841 1032 2898 innumera
1086 2844 1419 2900 intercedant
1470 2847 1736 2903 obstacula
1766 2894 1783 2917 ,

199 2926 574 2983 conﬁdendum
609 2941 689 2985 est
717 2932 782 2986 ad
827 2934 1244 3003 magnitudinem
1274 2938 1524 3005 potentia:
1553 2940 1668 3007 ejus
1693 2954 1783 2994 re-

197 3021 563 3088 spicientibus,
591 3023 1062 3096 conﬁrmandaque
1089 3037 1172 3082 est
1200 3027 1337 3082 ratio
1356 3069 1371 3094 ,
1397 3037 1453 3082 et
1478 3029 1779 3096 sciendum,

195 3111 374 3164 omnia
411 3127 529 3180 qua:
554 3111 623 3167 ab
647 3114 735 3168 illo
755 3127 880 3169 sunt
906 3116 1047 3192 dicta
1077 3118 1292 3172 evenire
1320 3119 1494 3174 modis
1531 3120 1781 3174 omnibus

195 3214 417 3255 necesse
442 3217 582 3257 esse.
611 3203 752 3258 Nihil
776 3207 918 3260 enim
946 3218 1028 3261 est
1054 3207 1194 3277 quod
1223 3209 1419 3263 morari
1460 3219 1620 3279 queat
1660 3210 1780 3280 ejus

196 3294 598 3362 promissiones,
620 3299 868 3366 quoniam
899 3301 1037 3353 Deus
1067 3311 1169 3364 est,
1196 3301 1282 3355 cui
1304 3303 1480 3354 omnia
1507 3313 1630 3357 sunt
1655 3319 1780 3372 pos-

190 3383 366 3437 sibilia
397 3402 410 3439 :
439 3396 493 3440 et
519 3386 716 3442 idcirco
741 3404 1075 3460 quocumque
1104 3391 1236 3457 vult,
1269 3407 1355 3445 res
1393 3391 1644 3448 transfert
1665 3433 1680 3459 ,
1722 3406 1776 3449 et

191 3475 282 3528 ubi
308 3490 414 3531 non
444 3489 567 3532 sunt
588 3481 706 3543 viae,
741 3481 980 3537 invenire
1006 3481 1104 3535 scit
1136 3482 1246 3536 vias
1265 3524 1280 3548 ,
1309 3499 1371 3537 ac
1397 3498 1494 3537 nos
1517 3484 1772 3555 despera-

189 3574 274 3620 tos
302 3567 354 3621 in
382 3568 574 3625 bonam
600 3585 749 3640 spem
779 3573 1010 3640 adducit,
1037 3589 1144 3644 quo
1172 3576 1488 3632 excellentia
1513 3579 1771 3646 potentis-

187 3659 338 3714 sima:
387 3675 497 3716 sum
551 3665 824 3734 sapientiae
873 3665 1026 3721 nobis
1075 3666 1411 3723 manifestior
1471 3669 1578 3724 ﬁat.
1637 3671 1773 3726 Dicit

183 3750 326 3804 enim
358 3767 372 3805 :
406 3752 492 3807 I7.
517 3754 701 3826 Surge,
725 3765 772 3810 et
800 3757 1090 3826 perambula
1118 3768 1304 3812 terram
1326 3759 1377 3812 in
1405 3759 1772 3831 longitudinem

182 3842 294 3911 ejus
319 3851 364 3895 et
393 3844 726 3912 latitudinem,
757 3849 876 3917 quia
905 3849 993 3902 tibi
1023 3851 1153 3904 dabo
1180 3866 1312 3905 eam.
1344 3849 1478 3907 Vide
1500 3855 1766 3923 quomodo

183 3932 236 3984 iu
267 3933 425 3987 rebus
453 3936 700 3990 onmibus
726 3937 944 3992 multam
989 3940 1329 3994 securitatem
1367 3941 1761 4010 justo.viroriu-

178 4039 368 4094 gerere
390 4027 599 4096 satagit.
637 4029 771 4082 Dicit
799 4030 944 4084 enim
982 4049 995 4085 :
1026 4031 1217 4102 Surge,
1250 4042 1303 4087 et
1328 4034 1569 4099 circumi,
1599 4047 1648 4090 et
1673 4036 1765 4090 ad-

178 4111 329 4170 disce
351 4125 456 4169 tam
483 4116 813 4174 latitudinem
837 4161 852 4184 ,
901 4138 1057 4192 quam
1096 4123 1508 4194 longitudinem,
1542 4137 1601 4182 ut
1626 4129 1765 4184 scire

179 4203 353 4272 possis
380 4214 434 4260 et
461 4207 875 4275 magnitudinem
909 4220 1064 4265 terrae
1083 4229 1183 4281 qua
1211 4215 1464 4269 truiturus
1482 4231 1562 4283 es,
1589 4227 1642 4272 et
1667 4233 1763 4271 an-

181 4304 392 4362 tequam
421 4295 612 4351 fruaris
633 4341 646 4363 ,
679 4313 774 4366 Spe
801 4310 1012 4368 pastus,
1045 4318 1290 4373 magnam
1322 4305 1445 4361 inde
1468 4308 1630 4362 animi
1663 4326 1760 4363 νυο

173 4383 429 4452 luptatem
454 4387 685 4442 haurias.
699 4387 830 4443 Nam
852 4403 1335 4465 quantumcumque
1354 4406 1509 4452 terrm
1524 4399 1756 4453 circum-

171 4475 336 4541 icris,
383 4477 475 4530 tibi
505 4477 676 4548 dabo,
729 4489 785 4534 ut
812 4483 951 4537 scias
976 4492 1028 4538 te
1067 4500 1170 4539 non
1208 4498 1411 4542 tantum
1453 4489 1754 4558 dimisisse,

169 4577 427 4635 quantum
456 4581 770 4640 accepturus
814 4589 894 4629 es.
932 4574 1010 4630 Ne
1041 4577 1198 4647 igitur
1225 4589 1377 4648 putes
1417 4590 1468 4636 te
1495 4585 1752 4639 minorem

171 4667 371 4710 terram
398 4663 645 4716 sortitum
673 4677 813 4731 esse,
842 4667 1090 4735 quoniam
1119 4669 1208 4724 ille
1233 4671 1474 4740 arripuit,
1501 4689 1620 4744 quae
1649 4677 1754 4745 pri-

169 4761 258 4800 ina
281 4746 378 4801 sibi
409 4748 520 4802 visa
550 4761 632 4804 est
661 4761 716 4806 et
739 4756 931 4822 potior.
959 4757 1106 4812 Scies
1136 4760 1277 4814 enim
1311 4776 1415 4815 non
1444 4764 1609 4819 multo
1636 4775 1756 4833 post

166 4853 239 4892 ex
267 4839 423 4894 rebus
453 4841 599 4911 ipsis,
631 4859 791 4912 quam
821 4847 951 4902 nihil
982 4847 1240 4918 profuerit
1267 4852 1315 4906 ei
1345 4854 1567 4922 potioris
1592 4865 1751 4912 term

166 4929 394 4996 electio;
423 4943 477 4986 ct
538 4934 649 5003 ipse
689 4937 859 4992 discet
883 4981 897 5005 ,
941 4952 1197 5010 quantum
1217 4943 1416 4999 malum
1445 4955 1526 5000 est
1553 4949 1750 5016 primas

164 5035 351 5075 amare
373 5037 455 5092 pan
472 5035 569 5079 tes.
602 5027 680 5080 Tu
699 5041 877 5084 autent
900 5047 1040 5086 nunc
1063 5035 1245 5103 accipe
1271 5037 1543 5093 modestia:
1565 5049 1619 5094 et
1644 5042 1752 5097 cle-

165 5112 402 5178 mentiae,
431 5131 590 5183 quam
617 5133 742 5188 erga
772 5120 950 5176 fratris
977 5124 1142 5178 ﬁlium
1177 5124 1456 5182 declarain
1482 5170 1497 5195 ,
1544 5146 1750 5187 mercc-

163 5200 328 5265 dem;
363 5209 620 5270 promissa
661 5224 813 5266 sume
836 5252 853 5279 ,
879 5221 934 5267 et
965 5212 1076 5283 jam
1113 5230 1376 5285 cognosce
1407 5229 1603 5275 terram
1627 5236 1747 5277 om-

164 5295 466 5380 nem’cujus
486 5299 733 5356 dominus
760 5318 838 5370 es,
865 5314 921 5359 et
947 5321 1107 5376 quam
1135 5323 1240 5362 non
1271 5309 1438 5365 multo
1465 5322 1583 5380 post
1610 5323 1664 5369 et
1689 5325 1746 5369 tu

167 5368 308 5446 ipse;
332 5394 386 5438 et
412 5400 596 5442 semen
624 5399 771 5445 tuum
797 5368 846 5448 iu
884 5368 1145 5452 aiteruum
1173 5368 1534 5467 possidebitis.
1566 5403 1635 5458 Et
1661 5422 1745 5458 se-

168 5473 290 5525 mini
310 5485 418 5542 tuo,
444 5477 632 5547 inquit,
666 5497 822 5552 usque
841 5485 894 5538 in
915 5488 1176 5541 saeuiunt.
1202 5488 1387 5560 Magna
1411 5491 1605 5548 divinae
1631 5509 1748 5564 pro-

166 5561 432 5618 missionis
462 5571 791 5639 magnitudo,
822 5589 1010 5644 magna
1041 5581 1210 5633 nostri
1240 5582 1478 5636 omnium
1510 5561 1740 5650 Domini,

163 5664 322 5725 atqae
348 5657 600 5713 immensa
629 5663 934 5732 liberalitas,
967 5671 1156 5738 magna
1183 5671 1449 5728 mercedis
1480 5684 1742 5743 praestan-

166 5742 259 5806 tia,
284 5758 443 5813 quam
471 5747 562 5801 dat
588 5751 890 5808 misericors
918 5766 972 5810 et
999 5757 1443 5815 clementissimus
1483 5742 1742 5821 Dominus

160 5832 316 5890 beato
342 5837 436 5904 illi,
460 5850 511 5895 et
535 5855 601 5895 ex
631 5843 722 5898 illo
747 5850 1016 5905 nascituro
1045 5851 1257 5906 semini.
1303 5851 1370 5908 Ut
1397 5853 1511 5910 ha‘c
1536 5855 1741 5913 audivit

1324 451 1386 508 IN
1424 452 1574 509 CAP.
1609 452 1746 507 XIII.
1788 451 2032 510 GENES.
2078 453 2305 511 IIOMIL.
2350 453 2588 516 λχιιν.

3414 465 3518 522 318

1926 567 2260 634 patriarcha,
2289 568 2359 625 de
2384 569 2635 628 ineffabili
2673 573 2912 630 bonitate
2960 575 3053 632 Dei
3092 576 3513 646 obstupefactus,

1926 656 2012 711 18.
2046 656 2200 712 Motis
2221 660 2578 725 tabernaculis,
2622 662 2812 733 inquit,
2839 668 2992 732 venit,
3018 677 3065 721 et
3095 667 3337 723 habitavit
3356 669 3517 738 juxta

1919 766 2156 819 quercum
2183 750 2412 808 .IIambre
2434 794 2450 818 ,
2488 770 2603 825 qua
2624 756 2770 811 estin
2796 758 3048 816 Chebron.
3078 760 3369 833 Postquam
3387 803 3404 827 ,
3435 763 3518 817 in~

1918 843 2053 911 quit,
2100 844 2306 915 accepit
2337 847 2768 914 promissionem,
2792 859 2848 904 et
2870 855 3136 922 separavit
3156 868 3215 909 se
3243 853 3362 920 Lot,
3389 863 3517 910 tunc

1923 934 2194 988 transtulit
2241 935 2642 992 tabernaculum
2665 953 2818 994 suum
2841 941 2908 996 ad
2947 958 3204 1011 quercum
3250 945 3510 1003 Mambre.

1928 1020 2057 1078 Vide
2081 1023 2505 1096 philosophicam
2540 1041 2797 1098 mentem,
2831 1033 2953 1089 vide
2967 1033 3186 1105 spiritus
3207 1038 3510 1094 sublimita-

1919 1122 2045 1178 tem,
2077 1117 2347 1185 quomodo
2372 1118 2527 1176 facile
2553 1121 2677 1177 inde
2704 1124 2918 1194 migrat,
2943 1141 3044 1181 nec
3070 1140 3322 1198 gravatur
3342 1131 3412 1185 de
3438 1131 3512 1186 lo-

1913 1205 1992 1259 cis
2023 1205 2075 1260 in
2120 1207 2236 1262 loca
2281 1210 2529 1266 transire.
2571 1212 2816 1269 Invenies
2849 1217 2994 1271 enim
3034 1233 3157 1272 eum
3198 1220 3342 1275 nulla
3377 1236 3512 1277 con-

1913 1294 2197 1353 suetudine
2242 1309 2576 1368 prmventum
2600 1311 2655 1358 et
2677 1303 2999 1375 alligatum:
3042 1307 3095 1362 id
3136 1310 3278 1381 quod
3321 1313 3510 1370 multis

1912 1386 2111 1450 evenit,
2142 1388 2304 1443 etiam
2336 1389 2401 1445 iis
2425 1392 2513 1462 qui
2545 1408 2605 1448 se
2626 1393 2993 1466 philosophos,
3025 1407 3128 1455 ete
3154 1401 3346 1458 mediis
3369 1404 3507 1461 libe-

1912 1487 2056 1529 ratos
2077 1481 2388 1534 tumultibus
2407 1483 2608 1552 jactaut
2635 1503 2650 1540 :
2691 1495 2746 1540 et
2769 1487 2814 1541 si
2844 1489 3059 1558 quando
3074 1494 3297 1562 tempus
3325 1505 3504 1565 vocet,

1909 1567 2200 1635 spiritualis
2225 1586 2368 1642 swpe
2388 1576 2584 1646 negotii
2606 1579 2795 1648 gratia,
2831 1581 2962 1635 utin
2982 1582 3148 1636 alium
3175 1584 3352 1641 locum
3374 1602 3507 1643 con-

1909 1658 2101 1713 cedant
2127 1703 2140 1725 ,
2171 1677 2544 1732 smpenumcro
2573 1670 2772 1723 morosi
2801 1682 2946 1736 sunt,
2985 1674 3196 1742 tristes,
3222 1687 3275 1731 et
3303 1679 3506 1749 migra~

1909 1752 2109 1807 tionem
2146 1771 2287 1824 aegre
2331 1755 2597 1825 ferentes,
2643 1777 2708 1814 eo
2749 1763 2890 1832 quod
2933 1768 3322 1824 consuetudine
3363 1785 3505 1841 pra:-

1905 1844 2149 1912 occupati
2179 1847 2310 1901 sint.
2357 1847 2553 1904 Verum
2588 1866 2694 1907 non
2735 1853 2802 1906 ita
2847 1853 3022 1922 justus
3047 1896 3063 1921 ,
3107 1858 3203 1912 sed
3239 1859 3350 1929 jam
3388 1871 3501 1918 tum

1907 1931 2285 2004 philosophum
2324 1938 2513 2008 agebat
2543 1957 2556 1994 :
2587 1951 2642 1996 et
2676 1942 2825 2012 quasi
2855 1946 3166 2015 peregrinus
3185 1958 3238 2003 ct
3265 1949 3458 2020 hospes
3479 1994 3498 2017 ,

1905 2023 1976 2078 ita
2003 2042 2144 2081 nunc
2171 2027 2295 2084 hinc
2324 2030 2470 2098 illuc,
2501 2048 2642 2089 nunc
2667 2035 2811 2090 illinc
2841 2036 2944 2091 huc
2974 2041 3380 2112 transmigrabat
3399 2084 3417 2109 ,
3443 2056 3501 2100 et

1906 2131 2001 2184 per
2028 2119 2210 2173 omnia
2247 2121 2554 2190 religiosam
2593 2140 2746 2180 suam
2793 2138 3025 2183 mentem
3066 2133 3319 2201 operibus
3370 2135 3500 2204 ipsis

1902 2197 2178 2264 declarare
2201 2211 2468 2266 studebat.
2489 2213 2621 2268 Nam
2645 2225 2925 2287 postquam
2951 2197 3353 2278 tabernaculum
3382 2197 3500 2282 fixit

1900 2298 2040 2366 apud
2084 2315 2343 2369 quercum
2380 2303 2650 2373 Mambre,
2695 2309 2874 2363 statim
2905 2311 2974 2365 ibi
3024 2315 3287 2370 exstruxit
3327 2317 3497 2375 altare

1903 2386 2146 2444 Domino.
2174 2391 2363 2448 Vidisti
2393 2406 2627 2451 mentem
2647 2403 2894 2468 gratam?
2919 2401 3049 2469 Quia
3079 2420 3202 2460 mox
3238 2417 3292 2460 ut
3319 2411 3497 2464 taber-

1898 2478 2148 2533 naculum
2178 2479 2311 2548 ﬁxit,
2348 2486 2528 2539 statim
2562 2501 2656 2555 pro
2685 2487 2822 2542 facta
2857 2491 2958 2546 sibi
2989 2497 3341 2562 promissione
3367 2515 3494 2568 gra-

1900 2568 2092 2625 tiarum
2121 2574 2365 2631 actiones
2385 2577 2581 2634 obtulit
2612 2578 2862 2636 Domino.
2905 2583 2970 2638 Et
3011 2586 3064 2640 in
3108 2587 3329 2658 singulis
3357 2591 3490 2649 locis

1896 2660 1982 2714 ubi
2014 2663 2417 2721 tabernaculum
2446 2668 2584 2732 lisit,
2617 2670 2858 2727 invenies
2891 2675 2992 2730 hoc
3024 2692 3132 2745 pra:
3159 2679 3409 2736 omnibus
3439 2684 3487 2739 ei

1894 2753 2058 2809 fuisse
2083 2769 2225 2812 curae
2251 2797 2266 2822 ,
2315 2768 2373 2814 ut
2404 2771 2680 2817 exstructo
2717 2764 2872 2820 altari
2915 2783 3102 2836 preces
3139 2772 3358 2829 offerret
3382 2819 3396 2839 ,
3433 2787 3490 2833 et

1885 2845 2133 2915 Apostoli
2167 2858 2495 2918 praiceptum
2540 2852 2817 2921 impleret,
2861 2857 3097 2926 jubentis
3142 2872 3195 2916 ut
3245 2865 3297 2918 in
3339 2870 3484 2923 omni

1890 2932 2009 2988 loco
2031 2947 2234 3001 oretur,
2257 2949 2310 2994 et
2340 2941 2617 2998 eleventur
2637 2958 2834 3002 sancte
2860 2965 3050 3006 manus
3069 2956 3140 3022 (l.
3165 2954 3298 3010 Tim.
3324 2959 3376 3012 2.
3401 2961 3481 3032 8).

1889 3021 2075 3080 Vidisti
2097 3028 2329 3084 animam
2360 3032 2540 3088 divino
2566 3052 2750 3093 atnore
2776 3021 3113 3113 succensent,
3142 3056 3194 3101 et
3217 3048 3283 3102 ad
3315 3021 3478 3107 Deum

1885 3115 2193 3185 Volantem,
2244 3137 2445 3193 proque
2481 3129 2733 3184 omnibus
2777 3133 2977 3202 gratias
3020 3143 3313 3208 agentem?
3360 3143 3476 3201 Non

1882 3210 2028 3264 enim
2047 3215 2378 3281 exspectavit
2421 3216 2594 3274 donec
2633 3223 2894 3289 promissa
2918 3230 3350 3300 complerentur;
3381 3240 3476 3292 sed

1881 3310 1936 3354 ct
1959 3300 2026 3355 de
2051 3305 2405 3372 promissione
2438 3311 2637 3378 gratias
2663 3313 2802 3384 agit,
2839 3315 3078 3390 nihilque
3111 3338 3215 3378 non
3246 3324 3391 3396 facit,
3421 3339 3478 3384 ut

1880 3391 1946 3446 tle
1971 3393 2184 3462 pricviis
2222 3395 2411 3466 dignas
2449 3401 2646 3470 gratias
2691 3419 2801 3472 pra:
2839 3421 2900 3462 se
2947 3411 3153 3478 ferens,
3189 3391 3472 3475 Dominum

1879 3496 2035 3537 suum
2061 3497 2314 3554 provocet
2339 3489 2405 3543 ad
2434 3492 2816 3559 promissiones
2838 3513 2964 3554 suas
2989 3501 3306 3572 implendas.

1948 3575 2002 3630 5.
2036 3575 2252 3633 Marciis
2271 3580 2551 3637 exhortatio
2576 3585 2646 3638 ad
2672 3590 3007 3644 constantiam
3034 3595 3088 3648 in
3113 3597 3234 3664 ﬁde.
3250 3601 3467 3657 —Illuin

1876 3681 2006 3722 sane
2032 3677 2088 3724 et
2107 3685 2205 3725 nos
2230 3671 2520 3740 imitemur,
2553 3685 2607 3730 et
2631 3681 3073 3747 promissiouibus
3110 3687 3302 3746 divinis
3338 3693 3460 3748 lida.

1876 3774 2026 3825 inus;
2056 3777 2226 3831 neque
2250 3763 2498 3820 alacritas
2519 3775 2762 3839 tempore
2781 3773 3102 3844 obsolescat,
3125 3795 3299 3852 neque
3316 3801 3467 3840 uicus

1874 3852 2149 3907 remissior
2175 3853 2268 3908 ﬁat
2291 3869 2356 3910 ex
2397 3857 2640 3936 obicibus
2668 3863 2756 3931 qui
2787 3864 3150 3924 interveniunt
3175 3887 3190 3924 :
3221 3875 3314 3928 scd
3357 3878 3461 3932 vir-

1874 3941 1971 3994 tuti
1999 3941 2194 3999 divinte
2216 3944 2460 4015 ﬁdentes,
2489 3952 2638 4019 quasi
2660 3956 2772 4022 jam
2803 3965 2927 4011 ante
2952 3961 3136 4015 oculos
3163 3963 3465 4024 videremus

1873 4036 2256 4102 promissiones
2303 4039 2528 4109 impleri,
2582 4044 2654 4098 ita
2703 4063 2885 4114 puram
2931 4060 2985 4104 et
3011 4053 3276 4111 sinceram
3305 4060 3461 4116 iidem

1871 4125 2235 4185 exhibeamus.
2265 4131 2450 4203 Magna
2478 4137 2620 4192 enim
2652 4149 2706 4194 et
2745 4141 3005 4198 immensa
3035 4150 3276 4216 promisit
3305 4154 3461 4210 nobis

1873 4217 2168 4287 Dominus,
2211 4234 2264 4279 et
2307 4241 2428 4295 quae
2476 4240 2710 4286 nostram
2753 4239 3136 4294 transcendunt
3173 4243 3455 4311 rationem,

1870 4326 2060 4381 nempe
2090 4329 2187 4369 nos
2219 4319 2504 4390 participes
2529 4323 2680 4394 regni
2707 4323 2852 4392 fore,
2900 4337 2956 4383 et
2983 4329 3327 4391 ineﬁ‘abilium
3364 4337 3458 4392 bo—

1868 4419 2053 4459 norum
2077 4420 2374 4473 consortes,
2402 4428 2523 4468 cum
2554 4417 2757 4486 angelis
2783 4431 3107 4486 versaturos,
3135 4435 3191 4480 et
3223 4426 3452 4485 liberan-

1863 4494 1962 4551 dos
1983 4511 2013 4551 a
2035 4500 2296 4568 gehenna.
2349 4502 2613 4560 Caeterum
2641 4523 2814 4579 neque
2835 4511 3140 4569 difﬁdamus
3164 4515 3287 4572 ideo
3311 4523 3453 4590 quod

1862 4601 1925 4640 ea
1956 4603 2063 4643 non
2085 4589 2332 4647 videntur
2364 4596 2733 4665 corporalibus
2772 4600 2976 4668 oculis;
3025 4605 3120 4661 sed
3158 4589 3454 4680 cogitantes

1863 4680 2078 4735 mentiri
2108 4696 2214 4736 non
2243 4697 2399 4752 posse
2424 4701 2544 4740 eum
2575 4688 2665 4757 qui
2696 4693 2959 4759 promisit,
2984 4704 3039 4749 et
3064 4696 3228 4766 ipsius
3263 4711 3462 4770 poten-

1861 4771 1948 4823 tiae
1992 4773 2410 4840 magnitudinem
2460 4779 2894 4848 considerantes,
2946 4784 3059 4841 lucc
3114 4790 3284 4846 oculis
3325 4793 3450 4851 ﬁdei

1861 4869 2233 4929 contueantur,
2263 4874 2316 4919 et
2343 4880 2410 4920 ex
2441 4867 2505 4922 iis
2531 4882 2650 4938 qua:
2666 4870 2775 4939 jam
2803 4887 3056 4930 concessa
3087 4890 3248 4946 sunt,
3286 4887 3449 4941 etiam

1859 4948 1927 5002 de
1956 4948 2146 5006 futuris
2175 4953 2367 5008 bonam
2391 4971 2540 5025 spem
2570 4957 2862 5016 habeamus
2893 4982 2907 5019 :
2937 4980 3002 5020 ea
3029 4971 3172 5023 enim
3201 4972 3268 5027 de
3287 4990 3448 5032 causa

1858 5047 1913 5093 et
1935 5038 2019 5094 hic
2036 5044 2200 5096 multa
2230 5044 2385 5099 nobis
2410 5047 2603 5103 donata
2629 5061 2791 5118 sunt,
2829 5065 2883 5107 ut
2913 5071 2978 5111 ex
3008 5059 3071 5112 iis
3096 5061 3412 5130 adjuvetnur
3433 5110 3446 5134 ,

1859 5144 2126 5203 manuque
2155 5134 2431 5204 ducamur,
2448 5148 2504 5193 ut
2523 5139 2591 5195 de
2620 5140 2723 5195 illis
2748 5159 2959 5216 quoque
2980 5147 3116 5206 bene
3144 5168 3444 5224 speremus.

1857 5220 1987 5277 Nam
2024 5229 2112 5294 qui
2146 5228 2334 5283 Filium
2364 5244 2516 5286 suum
2552 5233 2766 5289 tradidit
2800 5248 3016 5308 propter
3059 5220 3210 5301 suam
3255 5248 3311 5304 in
3349 5268 3447 5310 nos

1857 5315 2153 5383 caritatem,
2178 5323 2444 5390 quomodo
2473 5338 2581 5378 non
2609 5327 2787 5380 omnia
2815 5330 2968 5385 nobis
2990 5335 3192 5405 reliqua
3226 5338 3442 5411 largitu-

1855 5420 1948 5461 rus
1976 5410 2096 5463 est?
2134 5411 2280 5466 Sicut
2325 5421 2381 5467 et
2424 5414 2617 5470 Paulus
2647 5417 2818 5488 inquit
2859 5436 2873 5473 :
2924 5421 3024 5486 Qui
3066 5429 3274 5497 proprio
3307 5410 3443 5488 Filio

1852 5512 1946 5552 suo
1967 5515 2065 5552 non
2097 5503 2315 5572 pepercit
2339 5545 2354 5568 ,
2378 5503 2467 5558 sed
2489 5523 2582 5576 pro
2612 5509 2754 5565 nobis
2779 5514 3004 5571 omnibus
3031 5519 3241 5574 tradidit
3270 5523 3438 5588 illum,

1852 5593 2102 5654 quomodo
2127 5609 2228 5645 non
2252 5605 2298 5647 et
2323 5596 2494 5650 omnia
2519 5600 2662 5654 nobis
2685 5617 2801 5657 cum
2825 5604 2916 5660 illo
2941 5608 3147 5664 donabit
3175 5612 3351 5683 (Rom.
3381 5617 3438 5672 8.

1853 5677 1986 5748 32)?
2012 5679 2067 5735 Si
2098 5681 2287 5737 Filium
2310 5699 2463 5741 suum
2492 5689 2710 5747 tradidit
2736 5710 2831 5763 pro
2863 5697 3016 5752 nobis
3046 5677 3435 5771 peccatoribus,

1851 5769 1898 5823 si
1923 5770 2255 5841 baptismatis
2276 5774 2472 5832 donum
2497 5780 2715 5851 largitus
2749 5793 2851 5852 est,
2878 5787 2922 5841 si
2964 5769 3198 5857 priorum
3244 5769 3435 5862 peccas

1855 5873 2028 5918 torum
2057 5866 2422 5922 remissionem
2443 5869 2644 5939 tribuit,
2671 5873 2714 5928 si
2747 5877 3074 5944 pomiteutite
3115 5883 3252 5938 viam
3279 5885 3434 5942 nobis
