4056 6498
626 452 728 509 319

623 562 848 634 aperuit,
874 561 915 614 si
937 560 1208 613 innumera
1228 555 1330 609 alia
1358 551 1421 607 ad
1445 551 1665 607 salutem
1689 557 1921 603 nostram
1949 553 2194 616 operatus

625 665 726 719 est,
756 650 1088 705 manifesunn
1113 655 1194 701 est
1217 660 1337 719 eum
1364 653 1416 698 et
1447 641 1616 696 futura
1647 639 1780 694 bona
1798 638 1953 692 nobis
1969 635 2195 704 reposita

628 742 987 810 pra'biturum.
1023 735 1152 789 Nam
1178 733 1265 803 qui
1294 741 1508 800 propter
1528 744 1675 783 suam
1709 727 2015 793 bonitatem,
2047 731 2194 776 ante-

629 848 785 903 quam
831 844 950 884 esse
994 828 1366 894 inciperemus,
1412 821 1524 876 bmc
1555 819 1888 889 prmparavit,
1935 811 2198 885 quomodo

624 938 730 977 non
780 930 832 974 et
877 919 974 972 frui
1005 914 1300 971 concedet?
1329 912 1480 978 Quod
1521 920 1696 963 autem
1745 907 1893 977 prius
1921 905 2034 960 haec
2063 905 2196 958 bona

628 1013 779 1064 nobis
809 1007 1186 1078 pru‘pataverit
1211 1045 1224 1067 ,
1260 1002 1379 1055 audi
1407 999 1529 1070 quid
1557 998 1698 1052 dicat
1723 995 1982 1050 Stantibus
2010 1003 2038 1047 a
2067 992 2198 1046 dex-

627 1105 721 1157 tris
753 1121 764 1155 :
796 1101 988 1166 Venite,
1010 1097 1250 1152 benedicti
1302 1093 1471 1145 Patris
1508 1090 1602 1143 ntei
1628 1131 1642 1153 ,
1687 1088 1958 1142 hereditate
1992 1083 2201 1153 accipite

627 1209 835 1263 regnum
858 1200 1086 1260 paratum
1107 1187 1239 1240 vobis
1251 1193 1366 1238 ante
1382 1182 1781 1236 constitutionem
1801 1176 1976 1231 mundi
1988 1173 2196 1244 (Matth.

624 1285 710 1338 ‘25.
743 1284 860 1351 3t).
909 1279 1094 1334 Vidisti
1149 1277 1397 1331 bonitatis
1440 1271 2046 1340 excellentiam,quanta
2072 1278 2198 1335 erga

625 1383 863 1427 nostrum
893 1384 1059 1440 genus
1089 1367 1409 1436 benignitate
1436 1378 1560 1417 usus
1587 1361 1676 1423 sit,
1705 1370 1762 1413 ut
1805 1365 1862 1414 et
1901 1368 2024 1412 ante
2058 1355 2200 1425 jacta

629 1462 964 1517 fundamenta
1007 1457 1189 1514 mundi
1237 1457 1386 1511 nobis
1430 1453 1577 1522 regni
1619 1451 1867 1506 calorum
1898 1447 2199 1501 fruitionem

628 1567 928 1622 praeparare
959 1550 1201 1619 dignatus
1229 1545 1336 1600 sit?
1367 1545 1520 1615 Igitur
1548 1557 1614 1596 ne
1656 1541 1822 1595 simus
1854 1537 2077 1608 ingrati,
2108 1537 2203 1590 ob-

632 1658 808 1706 secro,
825 1655 996 1710 neque
1013 1637 1253 1707 indignos
1276 1637 1464 1689 talibus
1481 1647 1577 1688 nos
1606 1631 1759 1686 donis
1785 1629 2199 1684 constituamus:

628 1732 721 1788 sed
742 1732 1040 1800 diligamus,
1071 1739 1129 1783 ut
1152 1728 1326 1792 decet,
1358 1725 1634 1779 Dominum
1665 1731 1935 1786 nostrum,
1968 1718 2202 1788 nihilque

629 1823 882 1878 faciamus
907 1820 1043 1890 quod
1070 1821 1186 1888 ejus
1211 1831 1334 1886 erga
1359 1830 1454 1869 nos
1476 1812 1897 1869 benevolentiam
1929 1808 2202 1880 impediat.

633 1914 768 1969 Num
798 1912 938 1968 enim
969 1925 1063 1965 nos
1095 1909 1298 1980 priores
1330 1922 1440 1960 rem
1470 1906 1609 1959 illam
1637 1902 1933 1972 carpimus?
1963 1901 2073 1956 lino
2095 1900 2206 1970 ipse

634 2008 780 2076 prior
823 2018 1062 2074 magnam
1094 2011 1147 2056 ct
1192 1997 1596 2056 inenarrabilem
1624 1995 1894 2050 caritatem
1942 2007 2066 2063 erga
2109 2003 2206 2046 nos

634 2095 942 2149 declaravit.
989 2091 1265 2160 Quomodo
1290 2091 1446 2160 igitur
1474 2104 1576 2142 non
1624 2086 1908 2141 absurdum
1942 2083 2115 2146 fuerit,
2161 2082 2204 2135 si

639 2202 765 2240 cum
805 2185 894 2253 qui
941 2199 1036 2238 nos
1063 2184 1136 2236 sic
1163 2181 1344 2236 dilexit
1390 2194 1493 2233 non
1539 2177 1815 2246 diligamus
1857 2174 1979 2228 totis
2008 2171 2206 2226 viribus

640 2274 876 2329 nostris?
906 2273 1020 2342 ipse
1049 2283 1262 2342 propter
1287 2286 1432 2324 suam
1459 2285 1580 2339 erga
1614 2283 1711 2322 nos
1737 2268 2008 2322 caritatem
2031 2266 2206 2318 omnia

634 2379 753 2417 cum
783 2363 1048 2432 voluptate
1087 2361 1334 2416 sustinuit
1360 2377 1370 2414 :
1411 2370 1463 2412 et
1492 2375 1556 2412 cx
1585 2358 1698 2427 ipso
1724 2368 1942 2427 paterno
1967 2357 2086 2411 sinu
2115 2370 2208 2409 ex-

633 2456 836 2518 silicns,
867 2466 921 2508 ut
952 2456 1019 2508 ita
1049 2454 1242 2516 dicam,
1289 2452 1425 2507 servi
1468 2451 1686 2505 formam
1728 2464 1996 2505 assumere
2023 2449 2203 2512 voluit,

639 2561 730 2614 per
761 2546 985 2599 humana
1009 2545 1181 2597 omnia
1211 2544 1435 2598 transire
1460 2585 1473 2607 ,
1505 2553 1558 2597 ct
1586 2541 1724 2596 ferre
1747 2558 1773 2594 a
1803 2540 1997 2596 iudicis
2017 2549 2206 2595 contu-

635 2639 819 2692 melias
850 2647 902 2692 et
923 2637 1225 2706 Opprolirin,
1257 2635 1484 2704 denique
1520 2643 1575 2688 et
1612 2648 1843 2694 erucem.
1880 2647 1940 2686 ac
1977 2641 2203 2686 mortem

639 2727 1218 2798 iguomiuiosissimam,
1255 2735 1309 2779 ut
1334 2739 1430 2779 nos
1459 2725 1547 2794 qui
1589 2723 1732 2777 hutni
1763 2724 2129 2788 trahebamur,
2156 2732 2210 2776 et

635 2821 852 2874 inﬁnitis
876 2826 1210 2888 peccatorum
1239 2817 1458 2871 sarcinis
1483 2815 1722 2886 oppressi
1751 2830 1983 2879 eramus,
2030 2824 2206 2868 nostra

634 2913 687 2965 in
713 2927 771 2965 se
799 2912 900 2964 ﬁde
921 2910 1116 2964 liberos
1142 2907 1357 2962 faceret.
1394 2907 1515 2961 lla-c
1544 2908 1683 2960 enim
1709 2905 1881 2958 omnia
1915 2913 2091 2957 mente
2121 2918 2206 2956 re.-

634 2999 870 3068 cogitans
898 2998 1080 3051 beatus
1121 2995 1313 3050 Paulus
1337 3036 1350 3058 ,
1385 2995 1614 3049 fervidus
1639 2995 1834 3048 Christi
1869 3001 2074 3046 amator
2097 3032 2111 3057 ,
2156 3003 2209 3044 et

635 3088 782 3156 quasi
798 3089 964 3142 :tlztttts
981 3089 1283 3140 universum
1306 3087 1487 3140 orbem
1503 3084 1900 3155 peragrans,qui
1919 3085 1969 3137 in
1988 3097 2210 3154 corpore

635 3198 751 3247 qua:
771 3181 1196 3248 incorporearum
1217 3188 1517 3231 Italttrnl'llttt
1544 3177 1749 3245 propria
1771 3185 1894 3230 sunt
1909 3175 2080 3230 facere
2095 3184 2212 3230 stu-

635 3269 815 3331 debat,
838 3269 1098 3320 clamabat
1118 3267 1326 3321 dicens:
1345 3265 1544 3321 Caritas
1569 3269 1699 3320 enim
1721 3265 1905 3320 Christi
1920 3265 2103 3320 detinet
2122 3281 2212 3318 nos

639 3359 714 3429 (Ξ.
742 3360 856 3411 Cor.
877 3360 927 3412 5.
956 3358 1062 3426 It).
1092 3357 1219 3411 Vide
1237 3356 1570 3426 probitatem,
1595 3356 1712 3410 vide
1724 3357 1928 3412 virtutis
1944 3356 2208 3410 excelleno

639 3454 762 3503 tiam
773 3451 909 3515 ,vide
925 3451 1210 3503 ferventem
1225 3463 1482 3502 amorem.
1498 3447 1692 3502 Caritas
1708 3445 1892 3502 Christi
1905 3446 2086 3500 detinet
2099 3461 2211 3499 nos:

639 3543 852 3605 hocest,
874 3541 1161 3608 compellit,
1185 3539 1346 3608 cogit,
1367 3539 1614 3593 concitat.
1635 3537 1830 3593 Deinde
1848 3538 2027 3592 volens
2049 3538 2211 3592 inter-

646 3632 838 3701 pretari
865 3631 1003 3700 quod
1028 3647 1053 3682 a
1077 3645 1135 3684 se
1160 3629 1357 3684 dictum
1389 3639 1524 3695 erat,
1547 3629 1715 3698 inquit
1738 3646 1750 3680 :
1777 3627 2072 3682 Judicantes
2096 3629 2206 3692 hor,

643 3721 876 3788 qucuiam
911 3721 954 3774 si
985 3736 1113 3773 unus
1141 3735 1231 3789 pro
1260 3719 1488 3772 erunibus
1514 3728 1738 3773 mortuus
1754 3728 1821 3773 est
1842 3759 1856 3782 ,
1891 3735 2007 3790 ergo
2042 3734 2211 3772 omnes

641 3811 819 3864 mortui
845 3821 978 3864 sunt.
1017 3809 1083 3863 Et
1118 3825 1206 3879 pro
1236 3809 1460 3863 omnibus
1489 3819 1711 3863 mortuus
1740 3820 1832 3873 est,
1854 3819 1906 3862 ut
1927 3820 1972 3863 et
2002 3811 2212 3863 uiuentes

641 3903 846 3970 posthac
862 3917 960 3954 non
977 3901 1194 3964 sibiipsis
1215 3901 1376 3953 vivant
1394 3938 1408 3962 ,
1432 3899 1519 3952 sed
1534 3899 1609 3952 illi
1621 3901 1703 3967 qui
1719 3916 1808 3967 pro
1822 3901 1894 3952 eis
1908 3911 2128 3953 mortuus
2141 3909 2211 3952 est

641 4004 683 4046 et
725 3993 990 4047 resurrexit
1015 3991 1168 4061 (Ibid.
1195 4007 1241 4044 υ.
1269 3991 1375 4060 I5).
1430 3989 1614 4044 Vidisti
1634 3989 1896 4059 quomodo
1917 3991 2035 4058 jure
2059 3990 2208 4054 dixit,

641 4082 836 4135 Detinet
860 4098 948 4135 nos
975 4083 1158 4134 caritas
1184 4080 1404 4135 Christi?
1431 4081 1485 4136 Si
1517 4081 1657 4134 enim
1696 4095 1789 4148 pro
1823 4079 1994 4142 nobis,
2023 4081 2210 4151 inquit,

639 4175 881 4227 omnibus
907 4183 1145 4228 mortuus
1165 4183 1265 4238 est,
1295 4182 1510 4241 propter
1530 4173 1627 4226 hoc
1645 4183 1881 4226 mortuus
1898 4181 2001 4239 est,
2028 4181 2085 4226 ut
2115 4185 2212 4226 nos

643 4266 876 4318 viventes
906 4263 1125 4333 posthac
1151 4279 1252 4318 non
1281 4264 1430 4318 nobis
1458 4264 1584 4333 ipsis
1611 4265 1849 4318 vivamus
1870 4305 1883 4328 ,
1914 4265 2005 4318 sed
2045 4265 2092 4318 ei
2124 4264 2211 4333 qtti

643 4372 738 4424 pro
765 4356 917 4409 nobis
944 4365 1182 4410 mortuus
1224 4365 1303 4409 est
1332 4364 1384 4408 et
1412 4356 1713 4409 resurrexit.
1767 4355 2099 4425 Accipiamus
2127 4356 2213 4424 igi-

648 4455 732 4498 tur
777 4445 1117 4513 apostolicam
1163 4444 1571 4500 admonitionem
1598 4485 1612 4509 ,
1645 4454 1699 4498 et
1747 4461 1848 4499 non
1890 4447 2042 4500 nobis
2086 4447 2210 4514 ipsis

643 4537 900 4602 vivamus,
932 4535 1023 4592 sed
1050 4536 1094 4590 ei
1124 4535 1212 4605 qui
1242 4552 1335 4605 pro
1361 4537 1511 4589 nobis
1532 4546 1768 4590 mortuus
1792 4546 1871 4589 est
1891 4547 1941 4590 et
1971 4552 2207 4591 resurre-

644 4627 739 4681 xit.
766 4629 828 4681 Et
851 4627 1136 4696 quomodo,
1160 4625 1293 4680 dicet
1319 4627 1597 4695 quiSpiam,
1630 4626 1915 4694 poterimus
1936 4642 2038 4682 non
2061 4627 2211 4680 nobis

644 4722 771 4790 ipsis
794 4720 1008 4774 vivere?
1038 4720 1169 4774 Audi
1199 4719 1408 4774 beatum
1458 4719 1625 4772 virum
1672 4719 1860 4772 iterum
1899 4719 2158 4772 dicentem
2195 4739 2204 4770 :

649 4811 774 4865 Vico
800 4821 962 4864 autem
1002 4826 1096 4863 non
1134 4809 1244 4878 jam
1276 4825 1365 4879 ego
1392 4824 1410 4862 :
1447 4809 1562 4862 vivit
1587 4817 1753 4860 autem
1783 4809 1835 4862 in
1864 4824 1941 4861 me
1981 4808 2209 4862 Christus

644 4902 838 4967 (Gulal.
866 4902 902 4954 2
951 4901 1066 4970 ρο).
1096 4901 1221 4954 Vide
1248 4899 1510 4969 quomodo
1536 4915 1698 4970 super
1725 4908 1917 4955 terram
1935 4901 2209 4955 ambulans

647 5002 700 5047 ct
720 5007 877 5046 carne
899 4990 1271 5055 circumdatus,
1292 4992 1436 5059 quasi
1458 4991 1643 5046 caelum
1668 4992 1964 5046 inhabitans
1991 5001 2044 5046 et
2074 4993 2211 5046 inter

643 5087 980 5153 incorporeas
1003 5085 1221 5137 virtutes
1257 5097 1470 5137 versans
1503 5083 1776 5138 afﬁciatur.
1823 5085 2048 5139 Proinde
2087 5086 2207 5138 alibi

641 5177 831 5231 iterum
867 5176 1108 5229 dicebat:
1145 5173 1420 5239 Quiautcm
1447 5173 1629 5228 Christi
1669 5186 1813 5240 sunt,
1841 5192 2038 5229 carnem
2064 5193 2208 5230 suam

646 5269 999 5336 cruriﬁxerunt
1032 5283 1143 5320 cum
1167 5265 1508 5330 affectionibus
1538 5275 1584 5318 et
1627 5268 2034 5334 concupiscentiis
2059 5266 2205 5338 (Gal.

640 5359 694 5412 5.
726 5358 838 5427 ει).
875 5357 980 5413 lloc
1009 5358 1161 5426 igitur
1190 5367 1266 5410 est
1290 5372 1390 5408 non
1427 5356 1658 5425 sibiipsis
1704 5356 1897 5421 vivere,
1922 5359 2011 5411 sed
2042 5360 2091 5413 ei
2119 5359 2206 5428 qni

643 5464 738 5518 pro
783 5448 934 5502 nobis
966 5457 1204 5501 mortuus
1239 5455 1320 5500 est
1347 5455 1398 5499 et
1425 5447 1714 5500 resurrexit
1759 5463 1772 5498 :
1820 5448 2026 5515 quando
2058 5449 2206 5518 quasi

643 5538 833 5592 mortui
859 5551 1041 5592 sumus
1073 5535 1316 5606 praesenti
1346 5536 1486 5600 vitae,
1518 5544 1570 5590 et
1598 5536 1724 5590 nihil
1755 5551 1936 5591 eorum
1965 5554 2082 5608 quae
2127 5540 2205 5592 vi-

642 5630 835 5685 dentur
864 5669 877 5692 ,
930 5629 1261 5698 suspicimus.
1317 5625 1445 5680 Nam
1485 5625 1680 5682 idcirco
1730 5627 1981 5683 Dominus
2026 5639 2208 5684 noster

639 5722 920 5776 cruciﬁxus
947 5729 1049 5783 est,
1082 5728 1138 5773 ut
1177 5718 1311 5772 hanc
1343 5719 1500 5773 vitam
1529 5731 1623 5788 pro
1648 5717 1736 5774 illa
1783 5730 2202 5784 commutemus;

644 5813 749 5864 imo
773 5828 867 5880 per
887 5811 1024 5867 hanc
1054 5810 1195 5865 illam
1229 5809 1376 5866 nobis
1417 5811 1763 5882 ncgotiemnr.
1795 5810 2034 5869 Pmsens
2061 5814 2202 5869 enim

1323 441 1376 497 s.
1420 411 1692 495 thiS
1728 427 2198 491 cnnvsosrom
2240 429 2551 487 AltCttlEP.
2590 426 3127 486 CONS'I‘ANTINOP.
3777 426 3870 482 suo

2308 544 2431 607 vita,
2466 543 2509 596 si
2543 541 2788 596 volumus
2815 554 2932 595 esse
2959 541 3122 594 sobrii
3153 548 3206 593 et
3231 539 3415 610 vigiles
3436 579 3451 604 ,
3497 536 3645 592 ducit
3694 553 3788 592 nos
3814 538 3871 591 ad

2306 633 2606 687 fruitionem
2635 632 2754 686 vita:
2785 640 2998 684 aeterna:
3031 648 3044 682 :
3079 640 3238 700 atque
3263 631 3574 700 poterimus,
3594 645 3642 683 si
3675 644 3872 696 pannu-

2308 739 2402 791 per
2433 721 2755 776 voluerimus
2808 720 3016 790 ;igilare
3063 728 3117 774 et
3153 721 3361 790 aperire
3402 721 3595 774 mentis
3631 721 3872 782 oculum,

2304 813 2496 881 quietis
2541 811 2680 865 illius
2727 825 2940 878 semper
2989 808 3128 879 apud
3182 823 3278 863 nos
3322 810 3667 870 meminisse;
3719 820 3770 861 et
3817 812 3878 860 ita

2307 904 2585 972 praesentia
2616 903 2888 972 praeterire
2918 917 2977 954 ac
2997 901 3394 970 prmtervolarc,
3425 900 3489 954 ad
3515 900 3690 954 futura
3711 912 3880 954 autem

2304 1003 2360 1049 et
2389 1009 2599 1062 semper
2624 994 2866 1047 durantia
2908 1004 3137 1046 mentem
3173 992 3485 1055 intendere;
3527 994 3667 1047 sicut
3707 993 3883 1047 beatus

2307 1085 2397 1139 ille
2441 1102 2537 1138 nos
2585 1085 2811 1140 erudivit
2857 1084 3077 1140 dicens:
3115 1084 3263 1151 Quod
3305 1095 3470 1139 autem
3514 1102 3651 1139 nunc
3687 1087 3796 1140 sieo
3835 1087 3885 1140 in

2306 1192 2475 1238 carne,
2509 1176 2560 1227 iu
2588 1175 2690 1240 ﬁde
2715 1176 2822 1230 libo
2853 1174 2978 1228 Filii
3003 1174 3117 1239 Dei,
3150 1176 3235 1244 qui
3262 1176 3436 1229 dilexit
3465 1191 3560 1242 me,
3591 1185 3641 1229 et
3681 1177 3886 1229 tradidit

2307 1265 2625 1333 semetipsum
2650 1280 2744 1334 pro
2769 1280 2847 1316 me
2873 1263 3064 1332 (Galut.
3098 1265 3152 1319 2.
3184 1264 3300 1331 20).

2377 1353 2429 1406 6.
2477 1353 2605 1408 Vide
2653 1354 2885 1408 animam
2935 1356 3055 1423 igne
3102 1369 3433 1423 succensam,
3483 1357 3603 1411 vide
3653 1367 3884 1411 mentem

2308 1446 2520 1512 alatam,
2548 1446 2667 1501 vide
2698 1447 2954 1515 rationem
3002 1447 3272 1502 incensam
3314 1448 3406 1503 Dei
3444 1464 3646 1504 amore.
3695 1449 3847 1515 Quod
3869 1491 3884 1514 ,

2310 1537 2496 1606 inquit,
2524 1553 2657 1590 nunc
2681 1541 2811 1604 vivo,
2833 1512 3015 1605 in,ide
3040 1538 3168 1591 vivo.
3213 1537 3290 1592 Ne
3316 1539 3480 1604 enim,
3513 1540 3705 1609 inquit,
3717 1512 3889 1610 'pute;

2311 1628 2378 1680 tis
2406 1643 2489 1682 me
2519 1627 2693 1683 facere
2730 1629 2926 1698 aliquid
2959 1644 3137 1684 rerum
3169 1629 3324 1700 hujus
3353 1630 3474 1683 vitm
3517 1646 3702 1686 causa.
3761 1631 3888 1686 Nam

2312 1719 2432 1772 licet
2452 1733 2610 1774 carne
2631 1719 2985 1774 circumdatus
3007 1721 3129 1785 sim,
3155 1722 3663 1793 necessitatiqum
3690 1734 3892 1780 natura

2311 1808 2553 1878 alligatus
2583 1825 2594 1861 :
2625 1809 2676 1863 in
2711 1809 2813 1864 lide
2857 1821 3030 1864 tamen
3064 1811 3202 1876 vivo,
3233 1826 3349 1879 ψιιε
3375 1821 3458 1866 est
3497 1812 3549 1867 in
3575 1811 3851 1868 Christum
3874 1855 3888 1878 ,

2311 1901 2610 1971 despiciens
2635 1903 2812 1956 omnia
2839 1905 3134 1971 prmsentia,
3163 1913 3218 1958 et
3246 1918 3339 1972 spe
3385 1918 3505 1974 qua:
3536 1905 3587 1957 in
3638 1905 3786 1959 illum
3816 1917 3895 1960 est

2312 1991 2488 2046 omnia
2519 2000 2930 2062 pnetercurrcns
2951 2034 2964 2056 ,
2992 1993 3246 2049 intentam
3279 1994 3329 2046 in
3363 1994 3506 2048 illum
3535 2005 3772 2050 mentem
3804 1996 3896 2049 ha-

2313 2081 2431 2134 beo.
2490 2081 2724 2151 Denique
2775 2093 2830 2134 ut
2870 2081 3045 2136 discas
3084 2084 3451 2139 excellentiam
3500 2088 3704 2140 amoris
3744 2087 3893 2157 ejus,

2311 2171 2441 2226 dicit
2471 2191 2484 2226 :
2514 2170 2580 2226 In
2607 2172 2710 2242 ﬁde
2728 2173 2836 2227 riuo
2869 2171 2995 2227 Filii
3021 2171 3139 2239 Dei,
3168 2175 3254 2245 qui
3279 2191 3357 2228 me
3381 2177 3580 2242 dilexit,
3605 2187 3650 2229 et
3685 2179 3897 2231 tradidit

2313 2262 2633 2330 semetipsum
2680 2277 2774 2331 pro
2817 2279 2913 2316 me.
2967 2262 3256 2319 Considera
3302 2280 3461 2335 quam
3493 2266 3720 2337 insignis
3761 2269 3896 2338 grati

2312 2355 2473 2406 animi
2502 2352 2834 2424 signiﬁcatio.
2884 2353 3020 2422 Quid
3048 2353 3201 2417 dicis,
3233 2370 3265 2410 ο
3304 2355 3458 2412 beate
3503 2356 3707 2412 Paule?
3737 2358 3899 2415 Paulo

2313 2453 2438 2499 ante
2463 2442 2678 2498 dicebas
2701 2481 2714 2496 .
2749 2442 2848 2508 Qui
2868 2445 3075 2513 proprio
3109 2443 3246 2499 Filio
3285 2462 3377 2499 suo
3419 2463 3518 2500 non
3541 2450 3786 2517 pepercit,
3814 2450 3900 2502 sed

2313 2552 2405 2602 pro
2430 2535 2571 2588 nobis
2597 2535 2823 2589 omnibus
2852 2535 3060 2588 tradidit
3087 2552 3196 2588 eum
3221 2534 3394 2605 (Rom.
3424 2536 3599 2609 8:32)
3629 2554 3643 2590 :
3675 2548 3730 2592 et
3760 2554 3900 2592 stunc

2313 2627 2465 2691 dicis,
2514 2626 2615 2691 Qui
2644 2628 2818 2680 dilexit
2863 2643 2940 2679 me
2973 2645 2991 2681 :
3046 2639 3204 2698 atque
3234 2637 3290 2681 ut
3337 2629 3607 2698 proprium
3660 2631 3902 2699 appellas

2313 2733 2592 2772 Commune
2629 2718 2985 2772 beneﬁcium?
3027 2718 3223 2784 Etiam,
3253 2719 3461 2786 inquit:
3493 2735 3611 2773 nam
3643 2720 3770 2774 licet
3809 2736 3903 2790 pro

2315 2810 2459 2863 omni
2490 2809 2761 2864 hominum
2795 2825 2991 2880 genere
3016 2811 3332 2866 sacriﬁcium
3356 2811 3423 2866 ab
3450 2827 3516 2866 eo
3542 2812 3611 2865 sit
3633 2813 3898 2875 oblatum,

2316 2911 2486 2954 tamen
2517 2910 2729 2969 propter
2757 2915 2990 2954 amorem
3025 2902 3074 2953 in
3102 2917 3221 2956 eum
3248 2944 3263 2965 ,
3311 2902 3361 2957 id
3405 2902 3544 2973 quod
3589 2902 3790 2958 factum
3822 2917 3902 2959 est

2317 2995 2583 3060 propritim
2617 2991 2741 3045 mihi
2769 2991 2921 3045 facio.
2953 2993 3022 3046 Ita
3055 3004 3105 3047 et
3139 2995 3412 3063 prapltetis
3455 3010 3571 3049 mos
3595 3006 3678 3051 est
3725 2996 3904 3053 fameve

2316 3092 2366 3135 ct
2397 3083 2574 3135 dicere
2604 3101 2615 3134 :
2651 3081 2786 3136 Deus
2819 3083 2954 3137 Deus
2979 3101 3115 3138 meus
3143 3085 3484 3156 (Psal.2!.et
3518 3086 3637 3140 H7.
3673 3095 3719 3140 et
3751 3088 3899 3155 H2):

2316 3173 2563 3240 quamvis
2586 3173 2745 3226 totius
2784 3173 2929 3226 orbis
2955 3173 3025 3228 sit
3063 3175 3206 3228 Deus
3239 3193 3252 3228 ε
3291 3175 3382 3228 sed
3405 3176 3668 3244 peculiare
3689 3175 3795 3232 hoc
3823 3189 3904 3233 est

2315 3262 2486 3316 amori
2516 3303 2530 3327 ,
2560 3273 2615 3340 ut
2642 3278 2705 3317 ex
2743 3264 3113 3317 communilun
3142 3266 3349 3334 propria
3381 3264 3556 3320 faciat.
3608 3265 3735 3320 Filii
3789 3267 3901 3329 Dei,

2319 3355 2506 3423 inquit,
2537 3355 2621 3423 qui
2652 3353 2824 3407 dilexit
2854 3371 2951 3408 me.
2999 3355 3132 3422 Quid
3175 3355 3346 3408 dicis?
3387 3356 3462 3411 Te
3486 3356 3656 3410 solum
3678 3358 3906 3413 dilexit?

2316 3444 2574 3506 Onmcm,
2608 3445 2808 3513 inquit,
2845 3444 3116 3499 hominum
3150 3456 3389 3500 naturam
3427 3445 3645 3513 dilexit,
3677 3447 3773 3501 sed
3807 3463 3908 3519 ego

2315 3538 2361 3587 oi
2389 3537 2582 3604 gratias
2611 3536 2800 3601 debeo,
2833 3535 2982 3605 quasi
3011 3552 3094 3590 mc
3114 3537 3285 3590 solum
3332 3537 3624 3592 dilexisset.
3673 3537 3743 3592 Et
3793 3551 3903 3593 tra-

2316 3630 2444 3681 didit
2465 3629 2779 3698 semetipsum
2809 3645 2899 3698 pro
2922 3644 3017 3681 me.
3048 3628 3181 3695 Quid
3211 3629 3389 3697 igitur,
3421 3645 3516 3699 pro
3545 3639 3596 3683 te
3622 3631 3741 3684 solo
3775 3648 3904 3686 cru-

2318 3720 2504 3773 ciﬁxus
2529 3720 2651 3774 est?
2697 3721 2886 3774 Annon
2919 3720 3030 3788 ipse
3057 3720 3184 3773 dicit
3225 3739 3237 3773 :
3272 3720 3398 3774 Cum
3442 3723 3690 3774 eraltatus
3731 3728 3902 3792 fuas,

2318 3827 2486 3865 omnes
2529 3811 2726 3864 trahant
2761 3812 2829 3863 ad
2867 3811 3114 3881 meipsunt
3139 3809 3315 3881 (Joan.
3371 3813 3453 3866 12.
3477 3813 3609 3882 3‘2)?
3640 3829 3826 3870 nonne
3851 3825 3905 3868 tn

2319 3902 2429 3970 ipse
2456 3901 2653 3967 dixisti,
2691 3899 2792 3954 Pro
2839 3902 2978 3956 nobis
3007 3903 3235 3956 omnibus
3279 3903 3488 3956 tradidit
3532 3905 3905 3974 semetipsum!

2323 3981 2746 4060 Eti:nn,iz:quit:
2781 4007 2882 4044 non
2918 3992 3106 4062 loquor
3154 3993 3472 4062 pugnantia,
3522 3995 3615 4048 sed
3659 4011 3905 4051 amonem

2321 4099 2494 4137 meum
2527 4088 2595 4136 ita
2626 4084 2896 4136 consolor.
2922 4083 3037 4136 Jam
3085 4085 3204 4139 vide
3248 4085 3437 4140 iterum
3469 4096 3522 4140 et
3571 4087 3715 4142 aliud
3759 4091 3906 4158 quod

2322 4175 2476 4227 dictis
2508 4174 2611 4228 illis
2660 4189 2756 4227 nos
2786 4174 2960 4227 docet.
2991 4173 3124 4228 Cum
3152 4176 3292 4230 enim
3337 4178 3581 4247 superius
3608 4178 3811 4236 dixerit
3839 4183 3909 4236 de

2322 4267 2475 4321 Patre
2498 4307 2513 4332 ,
2558 4266 2660 4320 Pro
2693 4267 2831 4319 nobis
2875 4267 3103 4320 omnibus
3141 4268 3350 4322 tradidit
3390 4270 3534 4323 illum
3558 4313 3572 4334 ,
3615 4271 3700 4325 hic
3732 4272 3862 4327 dicit
3890 4317 3905 4338 ,

2320 4358 2655 4425 Semetipsttm
2695 4357 2902 4409 tradidit
2939 4373 2958 4411 :
2986 4367 3038 4412 et
3073 4357 3175 4411 illic
3201 4359 3437 4427 quidem,
3465 4371 3521 4414 ut
3558 4364 3908 4419 canent-diam

2316 4449 2559 4503 ostendat
2588 4464 2648 4502 ac
2679 4464 2854 4516 parem
2885 4448 3138 4502 hanorem
3170 4448 3342 4504 Patris
3366 4461 3418 4504 et
3448 4452 3583 4518 Filii,
3614 4463 3668 4508 et
3693 4457 3910 4525 passio-

2321 4555 2440 4591 nem
2466 4538 2761 4593 subindiect
2793 4559 2803 4590 :
2833 4542 3082 4608 quoniam
3106 4543 3262 4594 etiam
3304 4544 3412 4595 alio
3434 4545 3548 4598 loco
3575 4546 3704 4600 dicit
3739 4566 3754 4601 :
3792 4549 3904 4602 Fa-

2317 4642 2424 4683 ctus
2446 4630 2677 4684 obediens
2698 4647 2850 4699 usque
2878 4633 2944 4684 ad
2967 4645 3171 4686 mortem
3194 4633 3450 4706 (Philipp.
3480 4638 3532 4692 2.
3572 4638 3629 4708 8)
3660 4659 3670 4692 :
3704 4641 3907 4712 ubique

2321 4720 2548 4787 passioni
2599 4719 2752 4774 ﬁdem
2784 4721 2998 4774 faciens.
3050 4723 3143 4777 llic
3191 4734 3366 4779 autem
3410 4730 3618 4796 posuit,
3664 4729 3905 4785 Tradidit

2316 4812 2672 4879 semetipsum,
2724 4819 2779 4865 ut
2835 4811 3030 4867 iudicet
3085 4831 3204 4868 eum
3251 4817 3544 4872 Voluntarie
3592 4821 3904 4888 passionem

2316 4901 2631 4968 suscepisse.
2654 4910 2708 4954 et
2730 4917 2835 4955 non
2863 4904 3200 4967 necessitate,
3235 4921 3405 4975 neque
3435 4907 3482 4961 vi
3507 4949 3520 4970 ,
3571 4910 3664 4964 sed
3709 4914 3905 4967 volesr-

2318 4999 2420 5044 tem
2467 4991 2875 5061 cupientemque
2923 4994 3081 5047 totius
3144 4995 3357 5050 humani
3415 5002 3624 5068 generis
3665 5004 3902 5059 salutem

2316 5083 2543 5149 operari,
2574 5097 2784 5137 erucem
2812 5085 3142 5140 sustinuisse.
3193 5089 3416 5154 Qualem
3461 5093 3617 5161 igitur
3654 5097 3902 5152 vicissim

2315 5193 2549 5230 amorem
2593 5177 2845 5233 exhibere
2893 5181 3184 5247 poterimus
3227 5192 3331 5234 tam
3369 5181 3584 5237 divitem
3621 5203 3750 5257 erga
3798 5207 3907 5247 nos

2315 5271 2586 5322 caritatem
2604 5269 2890 5324 declaranti
2910 5272 2933 5323 ἲ
2952 5271 2991 5325 E
3022 5273 3166 5326 iamsi
3185 5275 3412 5329 animam
3434 5278 3599 5345 ipsum
3618 5280 3905 5350 impenda-

2317 5375 2431 5412 mus
2462 5375 2555 5428 pro
2590 5359 2704 5427 ejus
2740 5360 2959 5429 legibus,
2989 5371 3040 5414 et
3085 5379 3177 5432 pro
3207 5365 3578 5422 observatione
3609 5372 3902 5425 mandato-

2315 5466 2452 5511 rum,
2481 5465 2596 5519 qua:
2618 5449 2684 5501 ab
2713 5450 2826 5518 ipso
2848 5460 2969 5505 sunt
2996 5451 3117 5506 data
3143 5495 3156 5516 ,
3209 5471 3377 5525 neque
3425 5455 3501 5510 sie
3543 5458 3611 5510 ad
3651 5463 3903 5517 caritatis

2316 5540 2527 5593 modum
2580 5541 2879 5610 pertingere
2922 5545 3246 5612 poterimus,
3295 5561 3449 5614 quam
3481 5563 3604 5618 erga
3644 5561 3900 5606 nostrum

2314 5631 2599 5684 declaravit
2649 5646 2833 5700 genus.
2877 5631 2992 5702 Ipse
3039 5636 3179 5688 enim
3227 5635 3363 5690 Deus
3410 5653 3530 5692 eum
3578 5654 3764 5710 esset,
3795 5660 3901 5712 pro

2316 5723 2616 5777 Laminibus
2640 5721 2740 5778 hoc
2767 5725 2948 5788 subiit,
2972 5735 3025 5780 et
3056 5726 3310 5783 Dominus
3335 5744 3430 5797 pro
3453 5733 3661 5795 servis;
3693 5749 3756 5788 ac
3783 5752 3899 5789 non

2315 5829 2409 5884 pro
2433 5816 2596 5869 servis
2628 5816 2968 5885 simpliciter,
3010 5817 3102 5872 sed
3149 5833 3244 5889 pro
3274 5817 3490 5890 ingratis
3515 5832 3570 5877 et
3618 5829 3900 5895 perpetuis

3646 6488 3973 6498 ﬁﬁiﬁ,
