4056 6482
49 442 148 498 32f

46 555 300 612 inimicis.
345 554 408 609 Et
440 554 552 624 ipse
579 551 724 622 prior
752 548 805 603 in
851 545 1094 618 indignos
1139 555 1195 600 et
1235 543 1427 600 millies
1452 540 1626 609 lapsos

50 657 257 703 tantam
282 645 506 702 contulit
548 638 949 697 beneficentiam
991 657 1004 692 :
1055 650 1153 690 nos
1199 642 1374 688 autem
1419 627 1626 686 etiamsi

49 741 311 795 faciamus
349 746 696 807 quaecumque
741 729 1031 800 poterimus
1051 770 1066 794 ,
1097 726 1224 780 nihil
1255 737 1502 794 magnum
1547 718 1626 773 fa-

49 833 257 887 ciemus
276 873 291 893 .
321 839 380 885 ut
403 829 451 884 ei
479 827 568 898 qui
610 840 707 880 nos
735 825 892 878 tantis
923 819 1194 878 beneﬁciis
1224 815 1500 888 praevenit,
1529 813 1628 868 ali-

48 924 180 994 quid
226 920 596 991 rependamus.
629 916 818 972 Nostra
867 914 1009 969 enim
1041 952 1054 976 ,
1100 910 1144 964 si
1170 923 1271 978 qua
1299 913 1621 976 sequuntur,

49 1013 330 1068 retributio
356 1009 570 1080 quidem
597 1017 721 1064 sunt
745 1016 802 1061 et
827 1004 1100 1064 debitum;
1132 1000 1273 1054 illius
1297 1007 1474 1052 autem
1503 1002 1626 1049 sunt

47 1103 218 1173 gratia
261 1110 317 1156 et
360 1099 654 1164 beneficia,
683 1095 1085 1168 largitionisque
1127 1089 1452 1161 magnitudo.
1502 1087 1626 1142 [Lee

46 1194 212 1263 igitur
238 1192 414 1247 omnia
462 1191 794 1261 cogitantes,
844 1186 1126 1256 diligamus
1171 1182 1440 1238 Christum
1489 1180 1626 1234 sicut

45 1283 246 1338 Paulus
294 1283 466 1353 ipsum
513 1280 739 1344 dilexit,
769 1278 1072 1346 nullamque
1102 1274 1441 1346 prmsentium
1473 1271 1627 1324 ratio-

45 1390 169 1427 nem
200 1372 506 1436 habeamus,
525 1369 619 1424 sed
643 1376 954 1438 perpetuum
971 1365 1085 1436 ejus
1105 1377 1341 1418 amorem
1371 1362 1424 1420 in
1450 1360 1625 1414 anima

47 1472 233 1516 nostra
281 1462 490 1515 firmum
534 1467 590 1513 et
635 1457 876 1513 stabilem
916 1469 1209 1511 servemus.
1254 1452 1328 1506 Ita
1375 1452 1517 1507 enim
1573 1457 1627 1504 et

43 1553 224 1606 omnia
252 1563 371 1620 qua:
414 1551 465 1604 in
501 1541 602 1604 hac
627 1549 731 1603 vita
761 1554 904 1614 sunt,
936 1544 1314 1605 deridebimus.
1348 1551 1401 1598 et
1429 1549 1622 1595 terram

42 1642 196 1709 quasi
221 1641 406 1727 escium
430 1639 863 1727 inhyiitabimus,
892 1652 1064 1708 neque
1088 1652 1152 1691 ex
1175 1634 1442 1707 prosperis
1466 1633 1624 1688 rebus

43 1710 384 1785 remissiores
399 1710 620 1794 erim'us,
637 1742 811 1798 neque
825 1743 888 1782 ex
905 1726 1144 1782 adversis
1158 1723 1588 1780 contristabimur
1608 1738 1621 1774 :

42 1822 140 1876 sed
171 1820 418 1876 omnibus
460 1818 741 1889 praeteritis
769 1818 835 1872 ad
882 1816 1163 1872 amabilem
1213 1814 1493 1869 Dominum
1526 1826 1624 1865 no-

43 1926 216 1968 strum
248 1913 370 1967 hinc
397 1911 786 1973 festinabimus,
833 1923 1006 1978 neque
1031 1907 1336 1962 dilationem
1361 1903 1623 1976 gravatim

43 2006 304 2069 feremus,
332 2002 427 2057 sed
456 2017 597 2058 nunc
623 2010 678 2057 et
705 2015 803 2055 nos
827 2000 965 2054 sicut
997 1999 1180 2054 beatus
1226 1997 1314 2051 ille
1344 1997 1583 2050 dicemus
1606 2037 1622 2058 ,

45 2098 198 2164 Quod
219 2111 350 2149 nunc
376 2095 585 2149 visimus
612 2094 666 2148 in
693 2108 865 2158 carne,
896 2092 948 2144 in
976 2090 1080 2160 ﬁde
1114 2089 1323 2143 vivimus
1349 2085 1472 2140 Filii
1509 2085 1622 2149 Dei,

39 2191 127 2256 qui
155 2188 331 2241 dilexit
377 2203 488 2254 nos,
517 2196 563 2242 et
590 2185 910 2255 semetipsum
937 2181 1146 2237 tradidit
1176 2196 1268 2252 pro
1301 2179 1443 2233 nobis
1480 2176 1622 2252 (Gal.

39 2281 94 2332 2.
140 2280 236 2352 20)
261 2296 274 2333 :
306 2288 362 2335 ut
389 2288 444 2335 et
471 2287 786 2349 praesentem
815 2276 976 2331 vitam
1005 2275 1205 2344 absque
1243 2285 1472 2327 maerore
1501 2285 1624 2340 per-

44 2371 310 2438 ficiamus,
357 2378 413 2426 et
458 2369 648 2424 futuris
676 2367 834 2424 bonis
872 2365 973 2420 frui
1003 2377 1337 2428 mereamur,
1378 2361 1544 2431 gratia
1573 2367 1627 2413 et

41 2461 413 2517 misericordia
455 2460 662 2515 Domini
701 2458 870 2513 nostri
909 2456 1038 2512 Jesu
1080 2453 1313 2520 Christi,
1357 2467 1477 2507 cum
1519 2465 1626 2521 quo

43 2555 191 2609 l'atri
222 2563 280 2609 et
308 2552 527 2623 Spiritui
557 2558 744 2608 sancto
772 2548 1045 2620 sitgloria,
1079 2546 1382 2616 imperium,
1430 2543 1620 2610 honor,

45 2643 265 2702 nunc‘et
291 2658 524 2716 semper,
557 2653 612 2700 et
629 2643 681 2698 in
707 2642 900 2698 stecula
920 2639 1264 2696 saeculorum.
1290 2639 1480 2692 Amen.

568 2773 848 2830 HOMlLlA
884 2770 1104 2829 XXXV.

46 2886 264 2940 Factum
290 2894 364 2941 est
402 2894 569 2941 autem
597 2887 652 2940 in
678 2901 833 2956 regno
858 2882 1174 2953 Amarphatlt
1213 2881 1344 2951 regis
1370 2879 1623 2946 Senuaar,

117 2978 306 3032 Arioclt
349 2993 441 3031 rea;
465 2977 680 3044 Alasar,
724 2985 772 3031 et
795 2973 1201 3046 Chodologomor
1238 2988 1328 3027 rea:
1367 2972 1548 3036 Elam,
1580 2979 1628 3024 et

120 3067 378 3123 That-thas
403 3085 494 3122 rea:
515 3069 737 3139 gentium
761 3075 1018 3139 gesserunt
1042 3065 1228 3119 bellum
1251 3080 1368 3117 cum
1396 3077 1508 3132 rege
1529 3061 1628 3116 So-

114 3159 382 3212 domorum
411 3157 573 3230 (Gen.
603 3158 689 3213 i4.
717 3158 768 3212 i.
799 3155 889 3227 9).

119 3269 171 3322 l.
201 3265 373 3320 Lectio
399 3265 682 3336 Scriptura:
707 3264 1104 3320 commendatur.
1130 3261 1402 3333 —lngens
1429 3263 1624 3316 bonum

44 3369 150 3423 est,
179 3358 533 3422 dilectissimi,
559 3356 858 3412 divinarum
880 3355 1272 3425 Scripturarum
1301 3355 1479 3410 lectio.
1505 3354 1628 3409 Htec

43 3451 190 3506 enim
235 3451 468 3504 animam
517 3463 643 3504 vera
688 3447 1026 3519 philosophia
1075 3449 1386 3502 instructam
1430 3447 1624 3514 reddit,

46 3544 164 3597 lucc
190 3543 243 3597 in
273 3542 461 3596 escium
494 3549 725 3596 mentem
753 3538 1036 3605 transfert,
1068 3537 1184 3594 haec
1212 3553 1504 3594 memorem
1531 3539 1626 3594 be-

45 3633 222 3689 neficii
270 3632 446 3689 reddit
475 3632 743 3688 hominem
769 3672 786 3698 ,
817 3630 934 3686 hmc
978 3629 1101 3685 facit
1143 3644 1211 3685 ne
1249 3629 1534 3701 quidquam
1561 3645 1628 3684 ex

44 3727 208 3781 rebus
239 3723 594 3794 prasentibus
638 3722 996 3789 admiremur,
1039 3721 1134 3776 sed
1180 3730 1238 3775 ut
1277 3731 1533 3791 perpetuo
1573 3722 1626 3775 in

41 3818 148 3871 alia
179 3817 285 3871 vita
315 3825 496 3871 mente
523 3821 703 3870 nostra
735 3829 1044 3879 venemur,
1071 3820 1127 3868 et
1151 3812 1218 3868 ad
1245 3813 1450 3868 Domini
1482 3828 1626 3869 mer-

42 3909 232 3964 cedem
272 3908 620 3978 respicientes
660 3907 837 3962 omnia
879 3921 1164 3976 operemur
1187 3947 1202 3972 ,
1250 3906 1629 3978 alacritateque

44 4013 237 4068 magna
263 3997 515 4053 virtutum
545 3997 752 4053 labores
777 3996 1168 4068 aggrediamur.
1195 3997 1270 4052 Ex
1304 3998 1432 4067 ipsis
1459 3997 1630 4053 disce-

44 4105 103 4144 re
131 4091 256 4145 licet
286 4089 377 4145 Dei
407 4089 654 4145 celeriter
691 4088 1052 4145 suecurrentis
1088 4087 1501 4158 providentiam,
1536 4089 1627 4159 ju-

42 4191 248 4236 storum
279 4179 668 4247 fortitudinem,
699 4179 908 4234 Domini
942 4179 1253 4246 bonitatem,
1285 4179 1626 4248 praemiorum

44 4271 487 4343 magnitudinem.
529 4271 664 4327 Hine
706 4285 990 4341 possumus
1033 4269 1099 4324 ad
1143 4270 1536 4326 aemulationem
1574 4279 1629 4326 et

43 4364 399 4420 imitationem
444 4361 792 4432 philosophia:
839 4375 1220 4432 generosorum
1250 4360 1486 4416 virorum
1529 4376 1629 4416 ex-

43 4454 198 4510 citari
219 4495 236 4519 ,
264 4462 322 4508 ut
353 4467 460 4516 non
492 4461 858 4523 torpescatnus
887 4453 940 4506 in
970 4450 1182 4507 virtutis
1207 4451 1584 4507 certaminibus
1609 4468 1624 4516 ;

42 4546 138 4602 sed
165 4543 497 4601 conﬁdamus
527 4543 722 4598 divinis
750 4541 1192 4613 promissionibus
1211 4581 1226 4607 ,
1273 4542 1432 4596 etiam
1472 4551 1617 4596 ante.

43 4650 205 4703 quam
248 4635 515 4690 eveniant.
562 4630 792 4687 Proinde
831 4645 1021 4701 magna
1066 4630 1337 4702 diligentia
1363 4671 1378 4694 ,
1423 4645 1624 4701 quaso,

43 4725 345 4779 divinarum
386 4722 780 4793 Scripturarum
821 4721 1035 4777 lectioni
1061 4736 1330 4778 vacemus.
1371 4721 1445 4777 lta
1483 4723 1626 4778 enim

43 4826 97 4871 et
121 4816 402 4871 scientiam
439 4829 806 4884 assequentur,
853 4814 896 4870 si
943 4812 1008 4868 ad
1051 4828 1135 4878 ea,
1181 4829 1300 4884 quae
1345 4813 1414 4870 ibi
1457 4815 1627 4885 posita

45 4915 190 4973 sunt,
221 4904 528 4974 frequenter
555 4902 889 4958 accedamus.
919 4902 1100 4972 Neque
1121 4905 1263 4958 enim
1292 4903 1404 4959 fieri
1434 4915 1621 4974 potest,

45 5010 100 5052 ut
127 4999 171 5052 is
204 4996 295 5066 qui
325 4995 518 5050 divinis
547 4993 834 5064 Scripturis
873 5007 1064 5063 magno
1090 4993 1266 5049 studio
1297 4994 1629 5064 ferventique

44 5087 313 5142 desiderio
337 5093 522 5150 vacat,
553 5096 801 5153 umquam
835 5083 1163 5151 negligatur;
1209 5083 1302 5138 sed
1334 5084 1457 5139 licet
1485 5085 1622 5139 desit

47 5179 200 5233 nobis
245 5175 476 5231 hominis
506 5172 902 5246 magisterium,
955 5173 1068 5242 ipse
1107 5173 1362 5229 Dominus
1397 5189 1628 5244 superne

46 5278 230 5323 nostra
258 5267 310 5321 in
337 5265 498 5322 corda
525 5266 729 5322 intrans
765 5263 993 5320 illustrat
1021 5275 1252 5320 mentem
1276 5307 1290 5328 ,
1319 5266 1510 5320 rationi
1536 5267 1626 5335 ju-

48 5357 143 5412 Lar
189 5372 345 5410 suum
392 5354 654 5423 infundit,
700 5356 900 5426 detegit
946 5355 1523 5428 occulta,_doctorque
1573 5358 1628 5413 ﬁt

43 5463 235 5503 eorum
264 5463 382 5516 quac
425 5447 764 5518 ignoramus;
810 5457 1012 5503 tantum
1058 5449 1101 5503 si
1144 5465 1241 5504 nos
1283 5467 1402 5520 quae
1446 5462 1625 5507 nostra

47 5547 172 5593 sunt
211 5536 400 5592 afferre
429 5539 676 5594 velimus.
710 5537 791 5592 Ne
818 5541 1000 5595 vocetis
1029 5541 1171 5594 enim
1191 5581 1206 5604 ,
1238 5542 1438 5610 inquit,
1468 5545 1627 5614 magi-

47 5641 208 5683 strum
237 5645 386 5697 super
415 5639 598 5683 terram
629 5627 847 5700 (Matth.
882 5629 971 5686 23.
1001 5631 1095 5699 8).
1129 5631 1356 5698 Quando
1385 5634 1541 5703 igitur
1571 5643 1625 5690 in

50 5735 238 5776 manus
275 5720 600 5789 apiritttalem
645 5721 836 5777 librum
875 5723 1134 5792 capimus,
1182 5725 1384 5780 intenta
1426 5736 1623 5791 mente,

49 5810 284 5866 collectis
317 5807 653 5882 reductisque
692 5811 1132 5889 cogitationibus,
1167 5817 1415 5887 omnique
1454 5832 1619 5874 succu-

1001 431 1064 487 m
1102 431 1250 488 car.
1291 428 1427 484 xw.
1470 399 1713 481 δεμες.
1759 416 1986 476 ttontL.
2027 418 2239 474 xxxv.

3208 413 3314 468 3‘22

1721 532 1830 613 lari
1861 547 1987 588 cura
2013 530 2232 602 depulsa
2254 574 2270 599 ,
2313 533 2526 588 lectioni
2571 533 2939 588 incumbamus
2965 549 3084 588 eum
3123 549 3312 604 magna

1732 623 1927 693 pietate
1955 632 2012 678 et
2040 624 2367 686 attentione.
2411 633 2468 678 ttt
2515 625 2782 694 possimus
2827 640 2855 678 a
2898 635 3084 679 sancto
3115 623 3314 694 Spiritu

1728 714 1794 768 ad
1827 717 2146 784 scriptorum
2191 715 2591 786 intelligentiam
2637 716 2798 781 duci,
2839 725 2894 772 et
2937 718 3160 771 multum
3193 719 3316 771 inde

1730 803 1963 860 fructum
1994 808 2288 877 percipere.
2321 808 2450 863 Nam
2484 808 2742 864 barbarus
2768 809 2856 864 ille
2885 811 3082 879 reginae
3104 807 3312 864 Ethio-

1731 912 1856 966 pum
1911 898 2222 964 eunuchus,
2256 901 2344 969 qui
2391 901 2443 955 in
2477 910 2619 955 tanta
2664 912 2780 956 erat
2824 902 3014 970 gloria,
3059 911 3114 957 et
3156 917 3314 956 curru

1730 986 2021 1043 vehebatur
2043 989 2179 1060 (Act.
2207 990 2284 1061 8),
2310 1007 2378 1046 ne
2402 991 2495 1045 illo
2516 993 2729 1061 quidem
2761 1001 3003 1062 tempore
3031 995 3314 1048 lectionem

1731 1080 2072 1151 negligebat;
2103 1084 2194 1139 sed
2229 1084 2544 1152 prephetam
2573 1084 2625 1138 in
2657 1085 2902 1139 manibus
2931 1086 3130 1141 habens
3150 1127 3167 1152 ,
3205 1102 3318 1140 ma—

1728 1187 1891 1240 gnum
1923 1171 2137 1226 lectioni
2165 1173 2450 1228 adhibebat
2476 1174 2734 1241 studium,
2769 1176 2926 1245 idque
2955 1178 3166 1231 nescius
3190 1176 3313 1245 quid

1732 1261 1783 1313 in
1816 1259 1964 1314 libris
2003 1262 2406 1319 contineretur:
2439 1273 2672 1318 attamen
2713 1265 2835 1334 quia
2878 1265 3135 1320 afferebat
3164 1265 3320 1336 quid-

1730 1349 1854 1418 quid
1888 1349 1938 1404 in
1973 1366 2032 1406 se
2059 1360 2196 1419 erat,
2233 1369 2424 1422 nempe
2449 1354 2681 1408 studium
2703 1397 2716 1415 ,
2746 1355 3104 1422 alacritatetn,
3135 1367 3316 1410 atten-

1731 1441 1927 1494 tionem
1947 1483 1962 1508 ,
1995 1441 2268 1497 doctorem
2298 1455 2484 1500 nactus
2511 1454 2610 1500 cst.
2641 1446 2826 1516 Cogita
2855 1449 3000 1502 enim
3023 1490 3038 1513 ,
3067 1448 3314 1511 obsecro,

1729 1539 1984 1598 quantum
2012 1541 2124 1586 erat
2155 1548 2327 1603 neque
2372 1535 2422 1588 in
2465 1535 2652 1590 itinere
2698 1537 2981 1592 lectionem
3025 1538 3313 1608 negligere,

1728 1625 1784 1672 et
1810 1622 2105 1689 praesertim
2142 1622 2417 1678 sedentem
2449 1626 2500 1679 in
2529 1641 2708 1681 curru.
2753 1627 2983 1682 Audiant
3013 1631 3314 1698 exemplum

1731 1708 1765 1762 ii
1795 1710 1884 1780 qui
1911 1726 2083 1781 neque
2105 1711 2248 1768 domi
2278 1722 2333 1768 ut
2358 1714 2458 1769 hoc
2486 1714 2697 1780 faciant,
2729 1719 3036 1788 persuaderi
3071 1731 3316 1790 possunt,

1729 1799 1823 1855 sed
1874 1809 2120 1871 putantes
2166 1819 2551 1872 supervacuam
2596 1823 2715 1862 esse
2762 1809 2953 1863 horum
3007 1811 3312 1872 lectionem.

1729 1893 1851 1963 quia
1879 1895 1961 1949 vel
1987 1911 2107 1950 cum
2147 1897 2370 1952 muliere
2401 1897 2674 1964 habitant,
2708 1901 2789 1954 vel
2833 1903 3034 1956 militia:
3061 1903 3316 1973 adscripti

1729 1995 1853 2039 sunt
1876 2026 1892 2048 ,
1937 1985 2024 2041 vel
2054 2001 2344 2056 puerorum
2374 1999 2430 2043 et
2468 2004 2744 2043 servorum
2785 1991 3119 2061 aliorumque
3147 2009 3315 2064 nego-

1731 2073 1924 2129 tiorum
1949 2086 2112 2146 agunt
2138 2091 2318 2132 curam
2342 2117 2357 2143 ,
2403 2093 2509 2133 non
2545 2081 2836 2135 convenire
2875 2081 2976 2136 sibi
3007 2083 3312 2151 opinantur,

1728 2173 1788 2219 ut
1810 2155 2005 2219 divina:
2033 2151 2324 2236 Scriptum
2363 2168 2580 2224 lectioni
2622 2170 2951 2227 incumbant.
2998 2172 3137 2229 Ecce
3172 2176 3314 2230 enim

1731 2256 1816 2312 hic
1834 2258 2113 2314 eunuchus
2137 2269 2190 2313 et
2211 2259 2487 2325 barbarus,
2513 2278 2631 2332 qutc
2653 2273 2877 2335 utraque
2897 2265 2962 2320 ad
2987 2267 3315 2323 reddendum

1731 2349 2172 2419 negligentiorem
2210 2349 2564 2415 sufficiebant,
2591 2361 2646 2408 et
2673 2353 2740 2408 ad
2767 2354 2881 2410 hate
2902 2356 3172 2426 dignitatis
3198 2375 3316 2412 am-

1731 2439 1933 2510 plitudo
1957 2449 2012 2496 et
2036 2455 2197 2511 opum
2222 2441 2545 2498 abundantia
2577 2461 2588 2496 :
2622 2443 2758 2499 adde
2782 2445 2924 2515 quod
2955 2457 3008 2501 et
3037 2447 3088 2500 iu
3125 2448 3316 2504 itinere

1729 2540 1844 2587 erat
1867 2540 1925 2586 et
1949 2546 2107 2587 curru
2139 2532 2410 2588 ferebatur
2437 2552 2449 2588 :
2486 2533 2586 2588 hoc
2614 2535 2757 2589 enim
2789 2536 2948 2591 modo
2975 2537 3076 2590 iter
3105 2538 3328 2593 facienti.

1731 2638 1838 2677 uon
1863 2631 1946 2679 est
1970 2622 2126 2679 facile
2158 2622 2374 2679 lectioni
2405 2638 2526 2680 esse
2551 2633 2813 2680 attentum
2834 2667 2850 2692 ,
2879 2627 2988 2682 imo
3012 2628 3167 2683 valde
3198 2645 3318 2683 mo-

1731 2712 1921 2768 lestum
1953 2731 1967 2766 :
2000 2723 2234 2769 attamen
2262 2714 2597 2770 desiderium.
2617 2726 2673 2772 et
2713 2717 2949 2772 studium
2991 2721 3168 2772 omnia
3213 2720 3318 2774 int-

1734 2804 2037 2874 pedimenta
2067 2821 2097 2860 e
2127 2805 2306 2860 medio
2335 2806 2640 2873 auferebat,
2673 2817 2725 2862 et
2755 2809 2969 2864 lectioni
2999 2811 3087 2865 ille
3117 2811 3322 2866 incum.

1733 2895 1923 2962 bebat,
1973 2913 2072 2953 nec
2102 2898 2311 2953 dicebat
2359 2915 2420 2954 ea
2453 2916 2571 2969 qua:
2615 2915 2755 2956 nunc
2802 2902 3047 2974 plerique
3087 2904 3269 2959 dicunt
3303 2924 3318 2959 :

1730 2986 1845 3042 Non
1875 2988 2113 3056 intelligo
2141 3003 2203 3042 ca
2234 3004 2353 3058 qua:
2379 2990 2576 3058 scripta
2607 3000 2753 3058 sunt,
2784 3007 2890 3046 non
2922 3008 3137 3061 possum
3167 2997 3320 3049 ittlele

1733 3077 1897 3146 ligere
1924 3077 2338 3147 profunditatem
2369 3079 2766 3149 Scripturarum
2796 3099 2808 3134 :
2838 3097 3003 3152 quare
3044 3083 3236 3138 frustra
3268 3096 3334 3142 et»

1733 3167 1998 3222 incassum
2027 3168 2264 3224 laborem
2294 3169 2615 3224 sustinerem
2659 3171 2905 3242 legendo,
2932 3174 3058 3228 dttm
3086 3191 3190 3229 non
3222 3175 3320 3230 ha-

1732 3257 1834 3314 beo
1873 3260 1962 3330 qui
2012 3259 2430 3329 iuterprctetur?
2473 3260 2614 3316 Nihil
2666 3263 2854 3316 horum
2901 3266 3166 3334 cogitabat
3211 3267 3328 3335 ille,

1734 3348 1909 3420 lingua
1939 3350 2154 3419 quidem
2193 3351 2453 3406 barbarus
2472 3392 2487 3416 ,
2520 3364 2700 3408 mente
2729 3362 2906 3409 autem
2936 3355 3319 3426 philosophus;

1731 3439 1826 3493 sed
1852 3440 2094 3508 cogitans
2125 3441 2301 3510 potius
2328 3455 2390 3496 se
2429 3457 2534 3496 non
2564 3453 2926 3514 contemptum
2972 3448 3072 3514 iri,
3104 3449 3196 3504 sed
3225 3465 3320 3504 su-

1732 3544 1896 3600 perna
1923 3533 2093 3601 gratia
2120 3531 2508 3602 adjuvandum,
2542 3535 2702 3589 modo
2726 3537 2866 3606 quod
2896 3554 3049 3593 suum
3079 3550 3195 3595 erat
3227 3559 3322 3611 pro

1733 3621 1933 3678 viribus
1957 3621 2227 3689 adferret,
2259 3623 2477 3678 lectioni
2509 3626 2870 3682 incumbebat.
2905 3629 3193 3700 Propterea
3225 3633 3322 3688 bc-

1733 3713 1930 3783 nignus
1958 3715 2214 3770 Dominus
2243 3715 2410 3786 ipsius
2432 3717 2619 3772 videns
2645 3719 2991 3790 desiderium,
3019 3739 3140 3779 eunt
3165 3727 3322 3782 mini-

1735 3819 1821 3859 me
1847 3805 2112 3876 neglexit,
2145 3821 2316 3875 neque
2345 3821 2438 3862 sua
2476 3823 2606 3863 cura
2649 3809 2924 3876 destituit,
2953 3813 3050 3870 sed
3081 3817 3323 3883 protinus

1734 3896 1834 3965 ipsi
1857 3897 2134 3952 doctorem
2163 3897 2325 3953 misit.
2357 3898 2435 3953 Tu
2461 3910 2638 3955 autem
2668 3904 2910 3972 expende
2932 3907 3203 3975 quomodo
3229 3925 3325 3965 ex-

1732 3990 2084 4058 spectaverit,
2115 3999 2172 4044 ut
2201 3990 2316 4060 ipse
2342 4006 2462 4062 quae
2503 3993 2671 4062 ipsius
2709 4004 2864 4050 erant
2891 3998 3037 4067 prius
3061 3998 3320 4069 adferret,

1731 4090 1786 4136 et
1820 4090 1944 4136 tunc
1973 4096 2127 4137 suum
2174 4079 2424 4151 patefecit
2450 4083 2726 4138 auxilium.
2769 4084 2903 4140 Cum
2945 4086 3103 4157 igitur
3141 4091 3324 4147 omnia

1735 4171 1968 4240 perfecta
1998 4179 2054 4226 et
2082 4170 2324 4226 absoluta
2354 4181 2536 4226 essent
2559 4189 2678 4243 quae
2704 4175 2772 4229 ab
2803 4176 2903 4231 illo
2936 4177 3141 4233 fuerant
3166 4181 3322 4236 exhi-

1733 4261 1905 4317 benda
1929 4303 1944 4327 ,
1975 4261 2232 4332 deinceps
2261 4264 2480 4333 angelus
2518 4265 2732 4320 Domini
2773 4265 3024 4338 Philippo
3054 4274 3323 4340 apparuit,

1733 4354 1919 4408 dicens
1948 4371 1961 4406 :
1992 4353 2159 4426 Surge
2185 4365 2232 4409 et
2255 4355 2380 4409 uade
2405 4356 2475 4412 ad
2503 4356 2632 4410 viam
2660 4372 2775 4426 qua
2796 4360 3053 4413 descendit
3077 4362 3140 4415 ab
3162 4362 3320 4416 Jeru-

1733 4448 1888 4499 salem
1917 4446 1971 4499 in
2000 4445 2231 4512 Gazam;
2261 4447 2369 4502 lucc
2395 4457 2473 4501 est
2494 4448 2710 4503 deserta.
2747 4449 2813 4503 Et
2841 4467 2985 4518 ecce,
3016 4453 3218 4524 inquit,
3250 4458 3323 4508 vir

1734 4537 1997 4608 .EtltiOps,
2029 4543 2302 4610 praefectus
2326 4541 2584 4594 eunuchus
2612 4541 2872 4598 Candaces
2902 4546 3089 4614 regina:
3112 4547 3322 4602 [Ειήἱο-

1735 4647 1855 4700 pum
1874 4671 1890 4697 ,
1920 4631 2010 4700 qui
2035 4641 2234 4685 uenerat
2259 4632 2567 4686 adoraturtts
2593 4635 2644 4686 in
2668 4633 2993 4701 Jerusalem;
3034 4650 3077 4691 et
3103 4641 3209 4708 ipse
3239 4659 3321 4694 re-

1735 4722 2015 4775 vertebatur
2068 4722 2250 4776 sedens
2306 4738 2456 4791 super
2513 4740 2719 4777 currum
2782 4742 2966 4792 suum,
3035 4729 3327 4800 legebatque

1733 4812 1928 4867 Isaiam
1952 4813 2247 4885 prophetam
2268 4813 2401 4886 (Art.
2427 4814 2479 4869 8.
2509 4814 2866 4885 26-28).Vide
2893 4834 3051 4888 quattt
3075 4832 3326 4877 accurate

1735 4904 1888 4958 nobis
1916 4905 2146 4959 narrarit
2172 4905 2259 4974 qui
2291 4904 2482 4959 librum
2522 4907 2770 4976 scripsit,
2802 4909 2988 4965 dicens
3008 4950 3022 4973 ,
3054 4911 3320 4982 rEt/aiops,

1735 5004 1792 5048 ut
1821 4995 1964 5048 illum
1998 4995 2282 5054 barbarum
2326 5009 2448 5050 esse
2476 5011 2920 5065 cognosceremus
2950 5019 2961 5054 :
2994 5002 3188 5057 deinde
3225 5006 3320 5070 ait.

1735 5086 2048 5155 Prmfectus,
2082 5103 2188 5157 quo
2216 5088 2432 5142 nomine
2462 5090 2725 5144 maximus
2753 5091 3023 5161 dignitatis
3052 5095 3223 5152 honor
3251 5100 3326 5152 si.

1733 5175 2050 5244 gnificatur;
2086 5176 2186 5242 Qui
2211 5187 2434 5243 uenerat,
2466 5179 2666 5247 inquit,
2699 5181 3005 5238 adoraturus
3035 5185 3086 5238 in
3111 5185 3325 5241 let-usa.

1733 5269 1848 5322 lem.
1898 5265 2035 5322 Vide
2076 5269 2236 5321 etiam
2283 5269 2724 5339 peregrinationis
2771 5275 3027 5340 causam,
3076 5277 3320 5332 idoneam

1734 5375 1852 5428 qute
1885 5359 2044 5413 animi
2092 5359 2256 5428 ipsius
2286 5361 2536 5430 pietatem
2575 5361 2812 5419 declaret
2845 5383 2856 5417 :
2891 5367 3136 5435 expende
3178 5371 3322 5424 enim

1733 5459 1985 5518 quantum
2035 5451 2241 5504 itineris
2283 5452 2581 5520 susceperit
2625 5463 2684 5506 ut
2727 5454 3006 5510 Dominum
3050 5459 3320 5516 adorarct.

1732 5542 1882 5598 Tunc
1909 5544 2049 5598 enim
2086 5541 2259 5596 adhuc
2284 5542 2520 5597 divinum
2553 5545 2750 5598 cultum
2792 5547 3192 5604 arbitrabantur
3219 5567 3322 5604 uno

1735 5635 1853 5689 loco
1892 5633 2174 5699 concludi,
2222 5631 2450 5703 ideoque
2493 5633 2652 5704 longo
2689 5646 2906 5704 peracto
2953 5637 3144 5693 itinere
3167 5681 3182 5706 ,
3219 5640 3326 5696 illic

1691 5789 1700 5798 _
1733 5741 1856 5782 suas
1884 5741 2068 5797 preces
2096 5725 2387 5781 fundebant
2417 5745 2427 5780 :
2463 5739 2742 5798 propterea
2774 5740 2828 5784 ct
2860 5731 2959 5785 iste
2987 5747 3052 5786 eo
3082 5743 3324 5796 venerat,

1741 5820 1828 5876 ubi
1861 5820 2111 5888 templum
2143 5829 2255 5872 erat
2285 5828 2336 5874 et
2366 5819 2538 5874 cultus
2566 5818 2834 5887 ludaicus,
2869 5831 2926 5879 ttt
2955 5822 3346 5886 adorationen‘».
