4056 6474
744 399 848 454 523

748 512 972 566 Domino
1013 509 1352 580 persolveret.
1395 509 1460 562 Et
1500 519 1838 580 posteaquam
1879 512 2019 581 quod
2063 512 2306 582 cupiebat

747 601 1070 670 implevisset
1093 641 1107 665 ,
1136 599 1400 654 Revertens
1420 641 1436 665 ,
1469 599 1654 670 inquit.
1681 610 1728 654 et
1757 601 1808 652 in
1840 614 1990 656 curru
2018 619 2108 655 suo
2137 603 2309 656 sedens

743 692 953 762 legebat.

809 782 862 836 2.
907 782 1108 836 Deinde
1137 796 1256 836 cum
1286 782 1598 838 accessisset
1637 784 1910 853 Philippus
1937 784 2050 856 (α),
2083 787 2215 840 dixit
2241 787 2305 839 ad

743 872 886 925 illum
918 889 932 926 :
959 871 1185 926 Putasne
1214 873 1452 944 intelligis
1480 889 1594 942 qua
1619 874 1740 945 legis
1768 874 1900 942 (Act.
1925 875 1978 930 8.
2001 876 2130 945 50)τ
2154 876 2310 930 Vides

741 963 973 1016 snitnum
1005 963 1314 1031 diligentem
1342 979 1403 1018 ac
1430 965 1746 1031 sollicitum,
1782 965 1990 1019 lectioni
2019 965 2180 1020 etiam
2211 966 2306 1027 illi,

741 1069 897 1121 quant
939 1068 1041 1105 non
1091 1053 1436 1123 intelligeret,
1471 1055 1892 1120 incumbentem,
1941 1065 1994 1110 et
2035 1055 2308 1127 doctorem

741 1145 828 1213 qui
861 1145 1030 1212 ipsutn
1063 1145 1347 1199 instrueret
1373 1145 1772 1213 requirentem?
1805 1145 2012 1199 Etenim
2039 1146 2310 1214 apostolus

738 1237 916 1290 Statim
956 1250 1050 1305 per
1094 1236 1557 1305 interrogationem
1608 1236 1747 1290 illius
1789 1237 1983 1294 excitat
2024 1237 2304 1301 allectum;

737 1328 875 1395 quod
897 1329 1037 1381 enim
1061 1327 1250 1396 dignus
1276 1338 1438 1390 esset,
1464 1329 1551 1397 qui
1575 1328 1805 1383 doctoris
1826 1345 1984 1397 Opera
2009 1331 2059 1383 in
2081 1330 2308 1384 lectione

739 1417 1132 1472 reconditorum
1166 1417 1568 1484 intelligentiam
1597 1430 2044 1488 consequeretur.
2076 1421 2183 1486 ipsa
2211 1420 2307 1473 viri

741 1509 1016 1576 responsio
1043 1508 1296 1563 declarat.
1327 1509 1458 1563 Cum
1481 1511 1621 1564 enim
1649 1513 1915 1578 apostolus
1937 1513 2172 1573 dixisset,
2202 1511 2308 1564 Pu-

737 1608 877 1651 tasne
897 1599 1134 1666 intelligis
1155 1600 1181 1652 .’
1205 1611 1455 1668 vesteque
1477 1600 1563 1653 vili
1597 1601 1806 1655 indutus
1831 1603 2140 1655 accessisset
2164 1619 2174 1652 :
2201 1618 2305 1654 non

739 1705 878 1759 ξρετε
906 1693 1020 1744 tulit
1051 1707 1146 1746 nec
1193 1691 1493 1760 indignatus
1516 1701 1595 1744 est
1620 1732 1634 1756 ,
1677 1705 1848 1759 neque
1889 1707 1945 1744 se
1990 1693 2306 1746 Contumelia

736 1779 873 1833 affici
905 1781 1242 1845 existimavit,
1273 1781 1410 1848 quod
1444 1780 1707 1850 plerisque
1739 1782 1949 1836 insulsis
1981 1782 2193 1846 accidit,
2220 1783 2306 1850 qui

737 1886 879 1938 szepe
906 1873 1106 1925 tnalunt
1137 1873 1186 1924 in
1214 1885 1466 1940 perpetua
1492 1875 1688 1926 versari
1720 1874 2032 1942 ignorantia,
2063 1875 2182 1942 quia
2217 1890 2309 1940 pu-

735 1958 823 2013 det
845 1960 963 2012 illos
994 1962 1339 2030 ignorantiam
1373 1977 1521 2015 suam
1553 1964 1816 2025 conliteri,
1845 1975 1896 2016 et
1922 1964 1988 2015 ab
2013 1965 2072 2015 iis
2102 1963 2308 2017 discere

735 2051 823 2117 qui
854 2051 1044 2104 docere
1081 2053 1308 2105 valeant.
1357 2056 1426 2106 At
1469 2052 1589 2106 huic
1634 2052 1763 2105 nihil
1815 2053 1916 2106 tale
1958 2056 2164 2115 evenit;
2215 2053 2306 2106 sed

736 2155 858 2194 eum
891 2141 1293 2196 mansuetudine
1337 2152 1390 2195 et
1436 2146 1630 2210 pietate
1677 2135 1990 2210 respondet,
2037 2144 2194 2196 animi
2227 2143 2306 2194 sui

736 2240 930 2286 statum
960 2232 1254 2288 declarans,
1282 2235 1454 2301 aitque
1489 2251 1500 2285 :
1535 2236 1794 2297 Quomodo
1825 2236 2037 2302 possint,
2079 2236 2174 2288 nisi
2197 2236 2307 2302 quis

735 2322 857 2374 milii
893 2323 1157 2375 ostenderit
1187 2328 1200 2389 (
1225 2323 1359 2376 Ibid.
1388 2340 1433 2376 υ.
1461 2325 1518 2378 3i
1552 2325 1616 2393 )2
1664 2341 1759 2378 nec
1805 2335 2001 2378 tantum
2036 2338 2306 2379 mansuete

737 2413 1030 2481 respondit,
1061 2429 1122 2466 ac
1156 2425 1332 2481 postea
1367 2417 1590 2480 transiit,
1621 2418 1713 2469 sed
1745 2433 1926 2469 rursus
1957 2434 2157 2470 morum
2185 2434 2308 2471 suo-

736 2518 849 2553 rum
879 2503 1124 2556 virtutem
1158 2505 1308 2555 noliis
1337 2506 1724 2564 demonstrans.
1766 2507 1861 2559 ista
1894 2508 2139 2574 loquutus
2169 2524 2305 2575 prm-

735 2589 902 2644 fectus
923 2593 1058 2662 ille,
1106 2583 1392 2658 barbarus,
1437 2608 1594 2647 curru
1645 2605 1859 2657 vectos,
1893 2612 2010 2648 enm
2061 2598 2144 2666 qui
2192 2598 2308 2651 vilis

737 2681 1043 2742 videbatur,
1091 2693 1144 2736 et
1189 2699 1250 2736 ex
1299 2683 1486 2737 vestitu
1516 2686 1974 2749 contemnendus,
2022 2688 2219 2755 rogavit
2250 2696 2307 2740 ut

736 2773 1075 2836 ascenderet,
1121 2790 1181 2828 ac
1220 2789 1398 2828 secum
1444 2776 1671 2830 sederet.
1717 2776 1875 2830 Vides
1904 2779 2063 2832 animi
2096 2778 2305 2834 fervens

735 2863 1012 2915 studium?
1058 2863 1201 2917 vides
1263 2865 1403 2932 pium
1463 2865 1669 2918 barbari
1723 2867 1997 2932 animum,
2042 2871 2307 2938 quomodo

735 2955 987 3021 sapientis
1015 2955 1285 3023 cujusdam
1319 2957 1516 3010 dictant
1553 2957 1676 3009 illud
1715 2960 2009 3026 impleverit
2043 2978 2054 3012 :
2085 2960 2145 3014 Si
2175 2962 2308 3014 vide-

733 3047 802 3097 ris
842 3046 1002 3098 rirunt
1043 3049 1367 3114 prudentem,
1403 3065 1548 3101 mane
1581 3066 1731 3119 surge
1770 3052 1838 3101 ad
1866 3068 1977 3103 eum
2004 3092 2014 3113 ,
2047 3064 2090 3104 et
2120 3055 2307 3122 gradus

737 3146 976 3190 ostiorum
1003 3139 1137 3192 illius
1167 3138 1357 3192 deterat
1387 3155 1472 3208 pes
1505 3149 1621 3192 tuus
1655 3138 1851 3209 (Ecrli.
1880 3142 1930 3194 6.
1962 3143 2063 3211 56)
2089 3146 2110 3194 ?
2154 3143 2308 3197 Vides

739 3226 828 3294 qtti
858 3229 1046 3279 merito
1072 3243 1176 3281 non
1203 3228 1269 3282 sit
1293 3230 1600 3298 neglectus?
1631 3229 1774 3284 vides
1799 3231 1886 3299 qui
1914 3238 2103 3285 merito
2127 3248 2308 3299 snper-

737 3331 856 3369 nam
898 3317 966 3370 sit
1012 3327 1370 3386 consequutus
1416 3319 1845 3388 providentiam?
1890 3321 2035 3374 vides
2079 3332 2134 3374 nt
2181 3322 2308 3376 nihil

732 3408 972 3466 muiserit
1019 3423 1204 3462 eorum
1254 3425 1372 3478 qua:
1417 3410 1484 3464 ab
1534 3411 1648 3480 ipso
1695 3410 1871 3464 afferri
1920 3413 2308 3466 conveniebat?

735 3498 1018 3568 Propterea
1041 3500 1295 3568 deinceps
1316 3500 1589 3556 doctorem
1614 3511 1820 3569 nactus,
1844 3517 2028 3556 eorum
2057 3503 2163 3557 vim
2190 3519 2308 3573 quae

733 3593 1001 3659 proposita
1031 3601 1184 3647 erant
1210 3601 1456 3649 accurate
1483 3594 1762 3660 discebat,
1811 3604 1862 3648 et
1893 3596 2070 3650 animo
2110 3597 2306 3651 illumi-

733 3683 974 3740 trahatur.

809 3771 973 3842 Quam
1017 3773 1136 3825 utile
1165 3773 1486 3842 Scripturam
1534 3775 1733 3846 legere;
1780 3779 1974 3830 nullum
2014 3790 2204 3847 tempus
2241 3781 2308 3832 ad

735 3860 1014 3930 Scriptura:
1036 3863 1294 3916 lectionem
1320 3866 1713 3920 incommodum.
1737 3897 1804 3906 —
1828 3867 2027 3923 Videtis
2055 3881 2306 3939 quantum

732 3953 803 4007 sit
846 3955 1110 4007 commodi
1156 3964 1356 4008 attente
1396 3965 1452 4009 et
1481 3958 1716 4011 studiose
1760 3950 1964 4012 divitias
2007 3961 2308 4029 bcriptnrns

734 4044 948 4112 legere?
980 4045 1265 4111 Propterea
1295 4047 1435 4100 enim
1460 4057 1510 4100 et
1535 4047 1668 4101 hanc
1690 4048 1756 4102 de
1779 4049 2002 4104 barbaro
2036 4053 2307 4106 historiam

736 4135 788 4192 in
820 4133 1050 4186 medium
1082 4135 1229 4187 vobis
1258 4135 1509 4203 produxi,
1539 4146 1595 4188 ut
1624 4152 1690 4190 ne
1718 4154 2038 4208 quemquam
2070 4151 2307 4194 nostrum

735 4221 926 4291 pudeat
965 4223 1282 4278 imitatorem
1314 4225 1425 4279 lieri
1454 4225 1718 4296 rEtliiopis
1739 4269 1754 4292 ,
1787 4230 2046 4293 eunuchi,
2079 4231 2192 4299 ejus
2220 4233 2308 4300 qui

735 4327 802 4366 tte
833 4311 881 4366 in
929 4313 1115 4366 itinere
1144 4314 1353 4382 quidem
1403 4316 1681 4369 lectionem
1729 4317 2037 4386 neglexerit.
2086 4320 2310 4377 idoneus

735 4403 877 4456 enim
903 4414 984 4457 est
1013 4405 1268 4458 barbarus
1297 4406 1392 4458 iste
1422 4410 1507 4476 qui
1539 4409 1690 4463 nobis
1714 4411 1957 4464 omnibus
1983 4413 2171 4467 doctor
2197 4415 2305 4480 fiat,

737 4503 845 4546 tum
876 4496 1130 4563 privatam
1162 4498 1319 4549 vitam
1349 4500 1700 4563 sectantibus,
1731 4511 1836 4554 tum
1874 4504 2072 4558 militim
2102 4505 2305 4561 adscri-

737 4589 861 4661 ptis,
893 4597 1002 4641 tutn
1029 4588 1283 4657 dignitate
1308 4600 1361 4644 et
1388 4590 1590 4646 honore
1622 4593 1854 4660 praeditis
1874 4635 1888 4659 ,
1918 4606 1970 4649 et
2002 4607 2056 4649 ut
2081 4599 2130 4649 in
2157 4614 2306 4652 sum-

739 4695 823 4736 ma
850 4681 1019 4740 dicam
1041 4723 1054 4746 ,
1088 4683 1333 4735 omnibus
1373 4700 1475 4738 non
1505 4687 1628 4738 viris
1653 4687 1845 4750 solum,
1876 4688 1967 4741 sed
1994 4697 2046 4742 et
2071 4690 2306 4744 mulieri-

737 4770 865 4834 bus,
897 4780 952 4826 ιιι
979 4787 1096 4839 qua:
1137 4771 1348 4826 assidue
1375 4772 1517 4830 domi
1550 4787 1829 4830 versentur
1860 4793 1870 4828 :
1904 4778 2028 4844 quin
2057 4780 2211 4832 etiam
2245 4779 2308 4834 iis

735 4863 921 4918 doctor
963 4862 1118 4918 fuerit
1160 4865 1246 4931 qui
1277 4865 1434 4918 vitam
1481 4867 1823 4920 monasticam
1862 4867 2207 4937 delegerunt,
2252 4880 2309 4924 ut

734 4954 940 5011 discant
963 4969 1146 5008 omnes
1174 4956 1372 5012 nullum
1404 4972 1521 5012 esse
1553 4967 1759 5027 tempus
1789 4960 1851 5012 ad
1879 4960 2176 5016 divinorum
2206 4964 2309 5017 elo»

736 5045 979 5114 quiorum
1007 5044 1286 5102 lectionem
1319 5047 1709 5103 incommodum
1735 5089 1750 5114 ,
1781 5050 1871 5102 sed
1901 5051 2010 5104 lieri
2044 5067 2218 5120 posse,
2252 5062 2309 5108 ut

736 5151 840 5193 non
872 5135 1044 5190 solum
1070 5135 1251 5200 domi,
1286 5139 1628 5193 veruntetiam
1670 5140 1719 5192 in
1767 5139 1881 5194 foro
1911 5153 2214 5208 versantes,
2255 5153 2308 5198 et

735 5229 834 5282 iter
863 5224 1136 5290 facientes,
1164 5236 1216 5280 et
1244 5228 1293 5280 in
1321 5228 1612 5282 multorum
1639 5239 1776 5284 emta
1799 5241 2035 5300 agentes,
2064 5250 2124 5287 ac
2149 5235 2307 5289 variis

735 5317 961 5384 negotiis
992 5315 1225 5382 itnpliciti
1273 5315 1460 5370 hormn
1492 5317 1666 5372 studio
1712 5329 2016 5384 teneamur,
2050 5333 2103 5375 ut
2129 5340 2246 5391 qu:e
2275 5339 2304 5376 a

737 5407 889 5460 nobis
933 5408 1230 5474 pra‘standa
1277 5419 1399 5462 sunt
1438 5409 1807 5476 conferentes,
1851 5413 1955 5466 cito
1999 5416 2305 5483 magistratu

731 5496 1104 5563 adipiscamur.
1155 5497 1408 5550 Dominus
1436 5501 1576 5551 enim
1618 5500 1802 5554 videns
1841 5513 2077 5556 nostrum
2121 5505 2184 5558 ad
2219 5521 2304 5558 res

730 5588 1033 5658 spirituales
1057 5588 1324 5654 allectum,
1352 5605 1454 5642 non
1485 5591 1726 5660 negliget,
1759 5592 1852 5648 sed
1875 5607 2155 5662 Supernam
2187 5597 2304 5650 illu-

790 5742 868 5809 to)
899 5744 1112 5815 Nonnulli
1149 5754 1314 5815 [tutam
1355 5747 1483 5795 hunc
1501 5747 1779 5815 Δῐτιιίιίνιιιπιι
1814 5750 2079 5810 apostolum
2117 5751 2300 5815 fuisse;

718 5805 798 5858 alii
826 5817 1027 5860 nutriere
1044 5805 1207 5868 plures
1224 5810 1471 5861 diaconum
1496 5805 1648 5861 fuisse
1661 5805 1956 5865 asseverant.

1463 394 1516 451 S.
1557 392 1830 450 JOANNIS
1866 393 2331 452 CllltYSOSTOSlI
2373 395 2687 455 ARCHIEP.
2726 401 3258 463 CONST-ANTINUP.
3897 417 3979 472 δίε

2419 519 2728 574 strationem
2752 523 3026 591 przcbebit,
3049 541 3112 581 ac
3134 536 3374 584 nostrum
3398 529 3728 586 illuminabit
3747 533 3976 586 animum.

2418 605 2494 661 Ne
2524 609 2711 677 igitur,
2740 611 2995 679 obsecro,
3026 615 3417 687 Seripturarum
3445 619 3740 675 lectionem
3767 621 3982 689 negliga-

2418 712 2536 751 mus
2563 717 2576 752 :
2611 715 2790 755 verum
2818 703 2930 756 sive
2967 721 3152 760 eorum
3173 750 3186 770 ,
3221 724 3338 776 qua:
3368 709 3455 763 his
3484 711 3835 764 continentur
3855 748 3874 774 ,
3899 725 3986 759 nm

2419 785 2791 858 intelligamus,
2832 794 2943 848 sive
2983 795 3312 864 ignoremus,
3357 798 3442 852 illa
3483 798 3805 868 frequenter
3842 799 3989 851 adca-

2416 891 2555 930 mus.
2584 879 2805 934 Assidna
2836 883 2976 936 enim
3004 886 3276 940 meditatio
3317 891 3634 942 memoriam
3664 888 3833 941 eliieit
3861 889 3992 940 iud-:-

2417 967 2628 1024 lehilem
2657 990 2670 1001 ·
2701 981 2755 1025 et
2784 974 2886 1025 non
2919 990 3037 1028 raro
3066 978 3274 1040 evenit,
3302 985 3356 1030 ut
3386 978 3528 1046 quod
3560 979 3728 1032 hodie
3773 979 3994 1031 invenite

2417 1073 2522 1112 non
2547 1062 2809 1128 potuimus
2831 1064 3085 1134 legentes,
3111 1066 3209 1122 hoc
3233 1083 3444 1122 rursum
3469 1079 3694 1137 postero
3720 1071 3810 1122 die
3835 1084 3996 1136 aggze

2415 1149 2653 1215 dientes,
2701 1167 2919 1222 repente
2960 1157 3325 1223 inveniamus,
3359 1160 3466 1213 Deo
3493 1160 3750 1214 videlicet
3794 1176 3892 1227 pro
3915 1174 3995 1212 sua

2414 1241 2696 1297 clementia
2727 1247 2933 1300 occulte
2958 1258 3190 1304 mentem
3219 1263 3452 1304 nostram
3479 1251 3814 1305 illustrante.
3843 1250 3994 1304 Crte

2416 1346 2533 1384 rum
2559 1331 2655 1385 ista
2684 1333 2748 1388 ad
2780 1336 3047 1391 assiduam
3071 1337 3369 1394 divinarum
3394 1340 3807 1410 Seriptnrarum
3835 1343 3994 1393 let-ts:-

2415 1436 2536 1474 oem
2564 1423 2952 1492 suscipiendam
2978 1427 3209 1481 diximus
3237 1447 3249 1480 :
3279 1439 3334 1482 ut
3355 1440 3533 1484 autem
3553 1430 3788 1484 discatis
3817 1431 3870 1484 in
3896 1433 3995 1483 aliis

2413 1519 2573 1570 etiam
2603 1520 2847 1574 omnibus
2876 1520 2973 1572 hoc
3007 1521 3286 1576 Dominum
3323 1524 3493 1578 facere
3533 1526 3923 1585 eonsuevisse,
3953 1537 3996 1574 ut

2413 1624 2532 1661 cum
2559 1626 2675 1675 qua:
2705 1627 2731 1661 a
2766 1612 2916 1665 nobis
2941 1623 3060 1664 sunt
3090 1614 3495 1676 contulerimus,
3527 1616 3644 1682 ipse
3677 1631 3776 1669 Sua
3805 1617 3995 1667 abund»:

2414 1698 2747 1768 suppeditet,
2791 1704 3011 1771 etquod
3057 1705 3106 1757 in
3137 1705 3532 1774 Scripturarum
3581 1708 3830 1760 lectione
3872 1706 3992 1766 fecit,

2415 1790 2573 1842 multa
2617 1805 2739 1844 eum
2784 1793 3055 1847 celeritate
3100 1795 3264 1847 misso
3307 1795 3372 1848 ad
3421 1795 3720 1849 barbarum
3767 1797 3993 1852 doctore".

2415 1879 2513 1933 hoc
2550 1889 2604 1932 et
2645 1881 2695 1933 in
2743 1880 2806 1934 iis
2845 1883 2933 1949 qui
2980 1883 3229 1936 virtutem
3269 1899 3520 1937 exercere
3553 1886 3749 1938 volunt
3797 1887 3994 1940 efﬁciat.

2414 1970 2532 2022 audi
2563 1987 2680 2038 quae
2708 1973 2977 2025 dicuntur.
3012 1973 3206 2028 Verum
3236 1985 3290 2028 ut
3330 1975 3673 2030 manifestior
3717 1979 3882 2030 nobis
3921 1982 4000 2030 iste

2415 2079 2591 2117 sermo
2613 2063 2884 2126 reddatur,
2911 2076 3330 2120 consentaneum
3360 2065 3518 2121 fuerit
3547 2083 3770 2122 rursum
3803 2086 3924 2132 qur
3949 2073 3998 2120 ad

2416 2154 2768 2220 patriarcham
2806 2155 3030 2208 attinent
3076 2155 3126 2208 in
3173 2156 3410 2210 medium
3453 2157 3770 2219 adducere,
3815 2169 3870 2211 et
3901 2176 4000 2227 quis

2414 2240 2526 2294 heri
2557 2242 2699 2295 dicta
2730 2245 3124 2312 subsequuntur
3154 2260 3293 2300 nunc
3335 2261 3634 2300 assumere.
3668 2247 4000 2318 Cognovtstis

2412 2333 2554 2388 enim
2581 2349 2643 2386 es
2671 2335 2782 2401 jam
2809 2335 2964 2388 dictis
2985 2377 2999 2397 ,
3041 2337 3308 2404 quomodo
3337 2339 3580 2392 maxima:
3612 2339 3766 2392 illius
3798 2341 3998 2394 humili-

2413 2425 2535 2478 tatis
2564 2439 2687 2492 erga
2729 2425 2826 2478 Lot
2854 2425 3106 2479 exhibita:
3127 2467 3141 2490 ,
3173 2443 3275 2496 qua
3318 2427 3390 2480 illi
3426 2429 3728 2496 potioribus
3773 2433 3996 2498 partibus

2411 2515 2606 2579 cessit,
2635 2531 2881 2584 magnam
2907 2531 2935 2568 a
2972 2516 3077 2570 Deo
3105 2517 3405 2571 mercedem
3433 2520 3501 2572 sit
3529 2532 3930 2588 consequutus.
3957 2533 3993 2573 εί

2414 2609 2822 2677 promissionem
2865 2612 3130 2677 acceperit
3175 2611 3331 2681 longe
3363 2613 3528 2677 ipsius
3572 2613 3710 2666 facta
3746 2630 3992 2682 superata-

2414 2710 2541 2754 tem.
2567 2699 2852 2755 Videamus
2877 2713 3053 2756 autem
3088 2703 3340 2772 deinceps
3368 2706 3528 2758 etiam
3567 2722 3634 2758 ex
3671 2707 3839 2760 hodie
3869 2711 3992 2759 leris

2412 2807 2624 2848 rursum
2651 2794 2818 2864 ipsius
2838 2794 2963 2863 justi
2993 2796 3262 2860 virtutem,
3287 2805 3346 2848 ut
3367 2796 3434 2849 ita
3460 2796 3829 2865 procedentes
3852 2799 3991 2851 dier~

2413 2898 2531 2938 mus
2573 2885 2893 2938 inetiabilem
2943 2884 3033 2939 Dei
3079 2901 3204 2956 erga
3252 2886 3397 2939 illum
3442 2887 3867 2955 providentiam.
3911 2889 3992 2940 Ns

2412 2975 2552 3026 enim
2602 2990 2788 3028 omnes
2838 2991 2931 3043 per
2973 2976 3290 3045 patriarchae
3340 2976 3738 3045 philosophiam
3788 2979 3990 3035 docens,

2412 3065 2538 3117 sinit
2585 3064 2754 3132 ipsum
2786 3081 2877 3133 per
2909 3064 3112 3136 singula
3162 3078 3401 3136 tempora
3441 3067 3586 3135 prius
3629 3067 3994 3122 demonstrare

2412 3159 2573 3209 animi
2605 3159 2876 3225 pietatem,
2903 3169 2956 3212 et
2981 3167 3105 3212 tunc
3128 3175 3279 3214 suam
3309 3158 3462 3212 all'ert
3489 3162 3997 3218 remunerationem.

2415 3259 2470 3302 ut
2498 3260 2552 3304 et
2595 3264 2694 3304 nos
2737 3250 3090 3320 patriarcham
3132 3251 3399 3306 imitantes
3431 3251 3673 3306 studiose
3699 3251 4000 3306 adnitamur

2415 3339 2560 3408 prius
2599 3341 2808 3394 virtutis
2852 3342 3058 3396 labores
3100 3357 3414 3410 capessere,
3456 3351 3618 3413 atque
3665 3344 3741 3398 ita
3789 3346 3859 3399 ab
3903 3345 4000 3412 ipse

2417 3433 2860 3486 remunerationis
2894 3435 3060 3488 vicem
3094 3442 3428 3502 exspectare.

2463 3527 2517 3580 5.
2535 3524 2714 3580 Clades
2731 3527 2859 3596 regis
2879 3526 3235 3591 Sodomorum,
3255 3543 3285 3578 α
3305 3525 3530 3594 pluribus
3546 3527 3751 3596 regibus
3769 3529 3974 3596 impetiti
3985 3569 3996 3588 ,

2411 3619 2676 3686 captivitas
2700 3627 2746 3670 et
2771 3618 3006 3685 spoliatio
3031 3615 3164 3682 Lat;
3193 3619 3460 3670 concordia
3478 3618 3747 3687 laudetur,
3776 3637 3878 3690 qu
3906 3637 3994 3673 ser-

2412 3722 2523 3763 vata
2553 3711 2681 3763 nihil
2709 3709 2800 3763 Lot
2825 3710 2997 3778 [uisset
3017 3726 3291 3776 passus.—
3311 3709 3414 3764 Sed
3439 3721 3651 3779 tempus
3674 3720 3789 3777 est,
3816 3724 3870 3764 ut
3895 3729 3990 3782 qn:

2414 3800 2573 3854 hodie
2605 3800 2735 3853 lecta
2775 3810 2916 3860 sunt,
2953 3800 3103 3852 vobis
3152 3813 3442 3868 proponam
3476 3815 3490 3851 :
3520 3815 3583 3854 ea
3616 3801 3766 3854 enim
3797 3804 3882 3856 vix
3926 3806 3984 3853 in-

2415 3894 2791 3963 terpretatione
2812 3907 2946 3961 opus
2973 3892 3184 3946 habent.
3215 3891 3346 3947 Nam
3375 3892 3454 3947 vel
3483 3893 3595 3961 ipsa
3629 3893 3795 3947 lectio
3824 3897 3984 3948 excel-

2414 3985 2605 4038 lentem
2622 3986 2747 4052 justi
2769 3985 3014 4039 virtutem
3033 3985 3159 4040 satis
3175 3984 3543 4040 demonstrare
3558 3996 3760 4056 potest.
3785 3991 3804 4042 l
3822 4027 3831 4034 .
3853 3989 3988 4052 (Car.

2415 4076 2505 4144 Η)
2524 4074 2736 4129 Factum
2755 4086 2824 4129 est
2840 4087 3026 4140 autent,
3061 4076 3246 4146 inquit,
3281 4077 3331 4130 in
3357 4091 3510 4147 regno
3535 4078 3858 4144 Amerplmtli
3881 4083 3989 4149 regii

2415 4166 2683 4228 Sennaar,
2719 4167 2901 4218 Arioch
2945 4183 3034 4220 rex
3093 4165 3314 4233 Elasar,
3359 4177 3406 4220 et
3453 4166 3871 4239 Ckodologomor
3921 4188 3990 4221 n‘:

2415 4255 2586 4322 Elunt,
2620 4267 2664 4309 et
2695 4255 2945 4309 Thortltac
2972 4273 3058 4310 rex.
3084 4257 3325 4327 gentium,
3347 4256 3402 4308 2.
3431 4260 3652 4327 fecerunt
3677 4259 3870 4311 bellum
3896 4278 3988 4311 res

2415 4345 2572 4401 Baluc
2614 4366 2726 4419 rege
2774 4349 3138 4414 Sodomorum,
3188 4359 3232 4401 et
3276 4365 3388 4401 cum
3415 4347 3608 4402 Barsac
3637 4367 3758 4420 rege
3786 4352 3984 4404 Caruer-

2413 4443 2538 4505 rlttr,
2580 4453 2624 4495 et
2669 4457 2783 4494 cum
2831 4441 3062 4495 Sennaar
3111 4458 3226 4511 rege
3257 4440 3471 4505 Adamn,
3525 4451 3717 4494 etcum
3753 4444 3988 4513 Syenae:

2413 4549 2525 4600 rege
2563 4532 2784 4592 Seboim,
2829 4541 2875 4585 et
2923 4548 3036 4601 rege
3061 4529 3250 4596 Bolae;
3276 4532 3387 4601 ipsa
3407 4543 3478 4586 est
3502 4533 3680 4603 δεξιον.
3727 4534 3764 4587 5
3818 4534 3947 4588 Ome
3971 4553 3990 4586 ι

2413 4624 2450 4676 ii
2499 4625 2583 4692 qui
2626 4624 3033 4691 conspirauerunt
3085 4625 3138 4677 in
3192 4623 3335 4677 γηιιε
3387 4625 3544 4693 salsa,
3587 4641 3702 4694 quc
3756 4645 3893 4680 nunc
3933 4641 3992 4680 es:

2413 4731 2551 4767 mare
2605 4715 2744 4768 salis.
2795 4714 2925 4769 Vide
2975 4715 3262 4785 Scriptura:
3317 4716 3682 4788 diligentiam,
3731 4723 3992 4788 quomodo

2413 4807 2626 4859 nomina
2676 4807 2832 4859 etiam
2881 4822 3062 4877 regum
3117 4817 3171 4861 et
3207 4809 3474 4862 nationum
3525 4826 3984 4868 commentor-ave-

2418 4895 2507 4962 rit;
2545 4914 2647 4952 non
2693 4899 2808 4958 sine
2849 4915 3028 4966 causa,
3075 4899 3169 4954 sed
3211 4908 3267 4954 ut
3304 4916 3370 4955 ex
3417 4902 3605 4955 horum
3645 4904 3988 4971 appellantium-.-

2412 4988 2585 5043 discas
2615 4990 2895 5044 barbarum
2925 4990 3146 5044 istorum
3186 4991 3443 5045 animum.
3475 4991 3565 5046 Isti
3607 4993 3773 5056 enim,
3807 4995 3986 5063 inquit.

2413 5083 2609 5137 bellum
2639 5093 2919 5151 gesserunt
2960 5082 3213 5136 adversus
3239 5082 3592 5138 Sodomorum
3625 5102 3810 5157 regem
3845 5100 3898 5143 et
3925 5107 3984 5139 re

2414 5175 2606 5242 liquos.
2637 5174 2835 5229 Deinde
2876 5174 2998 5228 belli
3039 5189 3253 5229 causam
3280 5175 3438 5230 etiam
3468 5176 3642 5242 docet,
3679 5177 3825 5233 unde
3859 5183 3988 5247 prin-

2412 5265 2605 5332 cipium
2636 5265 2896 5330 habuerit,
2922 5265 3103 5320 dicens
3132 5283 3144 5318 :
3168 5266 3222 5319 4.
3251 5264 3532 5320 Duodecim
3555 5270 3705 5323 annis
3729 5273 3987 5323 εει-εἰσίτω

2411 5354 2831 5426 Chodologomor,
2884 5358 3027 5409 tertio
3073 5365 3242 5410 autem
3289 5358 3482 5412 decimo
3509 5375 3641 5412 anno
3661 5361 3984 5418 άεδᾱιισπηί,

2412 5448 2465 5501 5.
2496 5447 2688 5513 Quarto
2714 5459 2881 5500 autem
2927 5458 2971 5500 et
3019 5448 3211 5501 decimo
3240 5466 3373 5503 anno
3417 5451 3544 5503 renit
3570 5449 3982 5524 Cltodologomer.

2411 5549 2458 5590 et
2491 5555 2628 5607 reges
2671 5540 2754 5606 qui
2798 5554 2910 5590 cum
2955 5555 3011 5590 eo
3055 5550 3213 5604 erant,
3246 5552 3290 5594 et
3319 5543 3634 5595 trucidarunt
3682 5545 3913 5616 gigantes
3949 5550 3982 5594 ex

2413 5629 2647 5679 Astarolh
2691 5638 2736 5680 et
2763 5627 3022 5691 Carnaim,
3054 5639 3100 5684 et
3125 5641 3297 5700 gentes
3328 5633 3481 5698 fortes
3506 5650 3606 5686 una
3634 5651 3754 5688 cum
3782 5639 3924 5705 ipsis.
3953 5649 3979 5686 ις

2416 5719 2687 5781 Ummwos,
2733 5719 2816 5783 qui
2844 5728 2984 5770 erant
3031 5720 3080 5771 in
3127 5720 3256 5773 Save
3298 5722 3518 5784 riritate,
3551 5724 3604 5792 6_.
3636 5737 3685 5778 et
3713 5725 3981 5786 Clientes,

2412 5808 2498 5876 qtci
2523 5818 2660 5859 erant
2687 5810 2737 5861 in
2767 5809 3013 5864 montibus
3045 5810 3178 5878 δείν’,
3213 5827 3366 5881 usque
3387 5818 3454 5866 ad
3478 5814 3841 5874 Tereointltlut
3863 5820 3976 5874 l‘ha-
