4056 6470
60 444 172 502 δίῶ

55 575 180 622 ran,
208 571 328 628 qua
351 564 426 611 est
454 556 510 613 in
536 567 720 610 tremo.
747 553 800 610 7.
833 551 900 606 Et
936 551 1119 606 reveni
1147 559 1386 606 venerunt
1417 548 1488 603 ad
1513 545 1656 601 Fon-

57 661 160 704 tem
195 648 387 719 judicii
404 662 424 712 ,°
443 649 555 719 ipsa
581 657 655 702 est
698 644 894 709 Gades;
921 653 966 700 et
994 643 1281 710 occiderunt
1311 660 1484 698 omnes
1514 640 1659 711 prin-

53 741 200 807 cipes
241 740 470 807 Amalec,
525 747 574 792 et
622 737 943 791 Amorrlta'as
971 747 1019 790 et
1045 737 1327 791 habitantes
1355 738 1407 791 in
1439 739 1661 804 Asason-

57 831 291 886 :Itamar.
338 828 416 885 Ne
457 836 838 898 prtewreamus
884 827 1077 891 obiter,
1126 827 1327 890 dilecti,
1377 844 1494 899 quae
1519 828 1660 883 dicta

57 933 223 985 sunt,
273 935 446 991 neque
508 928 754 989 putemus
819 919 1057 976 inutilem
1105 935 1228 976 esse
1275 921 1658 974 narrationem.

60 1012 254 1066 Dedita
303 1011 446 1065 enim
489 1024 652 1080 opera
676 1009 854 1065 divina
882 1011 1152 1080 Scriptum
1178 1010 1459 1080 diligenter
1481 1012 1659 1064 omnia

55 1104 222 1158 nobis
244 1103 499 1168 narravit,
529 1113 585 1157 ut
607 1102 875 1158 discamus
903 1111 1154 1172 quantum
1187 1103 1344 1158 fuerit
1385 1102 1567 1164 robur,
1605 1113 1661 1158 et

55 1204 264 1262 quinta
311 1195 544 1265 potentia
595 1195 964 1261 barbarorum,
1010 1203 1065 1251 et
1106 1204 1306 1266 quanto
1333 1196 1552 1264 .impetu
1607 1198 1657 1250 in

53 1279 268 1344 bellum
290 1286 552 1348 venerint,
580 1295 636 1340 ut
661 1286 821 1340 etiam
848 1288 1110 1356 gigantes,
1149 1286 1250 1340 hoc
1278 1287 1380 1351 est,
1412 1300 1662 1354 proceros

53 1384 117 1430 et
165 1382 332 1432 tortes
377 1390 623 1448 carpare,
673 1375 1026 1440 debellarint,
1081 1390 1375 1447 omnesque
1429 1376 1660 1445 regienis

53 1473 254 1533 gentes
312 1465 365 1519 in
411 1465 586 1535 fugam
638 1467 912 1522 verterint.
957 1465 1090 1522 Nam
1117 1467 1253 1522 sicut
1307 1475 1536 1529 torrens.
1570 1468 1657 1536 qui

54 1555 220 1610 valde
245 1555 478 1611 excurrit
506 1566 556 1613 et
585 1557 827 1624 inundat,
857 1559 1036 1614 omnia
1063 1573 1248 1614 secum
1294 1559 1431 1629 rapit
1455 1567 1510 1614 ct
1538 1575 1660 1630 per-

52 1647 184 1702 dit:
233 1649 303 1702 ita
348 1657 404 1704 et
451 1649 662 1705 barbari
709 1649 783 1705 illi
819 1651 1128 1706 invaserunt
1151 1665 1340 1706 omnes
1368 1661 1571 1721 gentes,
1605 1661 1660 1707 et

54 1752 253 1794 omnes
284 1755 504 1809 prorsus
530 1740 895 1810 perdiderunt,
923 1741 991 1795 ita
1024 1752 1080 1794 ut
1106 1750 1161 1797 et
1190 1741 1457 1812 principes
1494 1744 1657 1796 Ama-

57 1830 361 1891 lecitarum.
409 1841 465 1887 et
507 1833 641 1888 alios
688 1848 877 1890 omnes
925 1834 977 1888 in
1026 1832 1204 1904 fugam
1233 1835 1508 1890 verterint.
1551 1833 1658 1890 Sed

59 1922 203 1976 forte
235 1921 432 1977 dixerit
475 1924 737 1995 quispiam
773 1941 787 1977 :
830 1924 897 1980 Et
925 1940 1044 1994 qua:
1089 1924 1219 1979 mihi
1250 1925 1468 1989 utilitas,
1519 1925 1659 1981 scire

57 2013 411 2069 barbarorum
439 2017 641 2072 rohuri
690 2016 803 2073 Non
831 2027 1032 2072 temere
1083 2032 1258 2088 neque
1309 2016 1502 2071 frustra
1535 2033 1656 2094 nar-

56 2104 256 2158 rationi
306 2104 430 2160 talia
479 2107 768 2163 immiscuit
816 2106 1091 2176 Scriptura
1133 2108 1347 2173 divina,
1394 2123 1496 2162 nec
1541 2109 1659 2164 sine

56 2211 218 2251 causa
249 2213 347 2253 nos
366 2213 396 2252 a
427 2199 689 2270 principio
712 2209 958 2256 auctores
987 2199 1138 2255 vobis
1179 2215 1364 2256 sumus
1391 2212 1446 2256 ut
1470 2216 1656 2256 eorum

59 2288 430 2346 fortitudinem
489 2293 749 2348 memoria
794 2295 1061 2348 teneatis:
1093 2295 1187 2351 sed
1230 2305 1286 2350 ut
1334 2297 1659 2366 procedente

59 2380 305 2434 doctrina
337 2381 555 2439 discatis
597 2391 650 2439 et
691 2383 960 2454 ingentem
993 2385 1088 2440 Dei
1136 2377 1447 2455 potentiam,
1478 2398 1532 2443 et
1563 2405 1657 2458 pa-

59 2471 314 2525 triarcha:
357 2473 626 2528 virtutem.
677 2473 876 2529 Contra
927 2475 1046 2530 illos
1075 2477 1236 2546 igitur
1279 2479 1366 2548 qui
1397 2486 1544 2533 tanto
1572 2494 1659 2534 ro-

59 2558 192 2613 bore
220 2560 423 2629 prazditi
455 2573 628 2628 erant,
655 2573 707 2618 et
730 2571 808 2618 tot
834 2573 1024 2635 gentes
1069 2567 1120 2621 in
1151 2566 1326 2636 fugazn
1364 2578 1654 2637 verterant,

59 2651 114 2702 8.
153 2648 404 2720 Egressus
429 2662 523 2718 est,
553 2651 742 2724 inquit,
766 2655 818 2708 in
846 2656 1080 2726 prclittm
1105 2672 1197 2710 rex
1217 2655 1578 2722 Sodomorum,
1611 2669 1658 2712 et

58 2739 384 2808 Gomorrltte,
415 2751 462 2796 et
489 2759 580 2798 rex
602 2744 823 2812 Adamn,
852 2757 900 2801 et
924 2763 1015 2802 rex
1039 2747 1266 2815 Seboim,
1289 2759 1337 2802 et
1360 2765 1448 2804 rex
1471 2748 1658 2826 Βαίας,

56 2831 173 2900 ipsa
196 2841 272 2886 est
291 2830 457 2904 Segor
474 2851 495 2887 :
517 2843 567 2890 et
589 2837 878 2892 direxerunt
905 2837 1063 2893 aciem
1087 2839 1141 2893 in
1169 2841 1400 2907 prtclium
1427 2842 1479 2895 in
1516 2839 1660 2896 Valle

59 2923 221 2986 mlsa,
266 2922 322 2978 9.
356 2933 532 2978 contra
569 2925 979 2999 Chodologomor
1020 2941 1066 2983 et
1100 2929 1374 2996 Thartltac,
1398 2943 1448 2988 et
1476 2935 1658 2987 Amar-

58 3013 243 3082 phatlt,
290 3023 340 3069 et
376 3015 583 3070 Arioclt.
637 3017 870 3083 Quatuor
910 3037 1050 3092 reges
1077 3034 1254 3076 contra
1296 3027 1532 3096 quinque.
1567 3026 1654 3082 10.

69 3102 234 3160 Vallis
277 3114 444 3160 autem
486 3108 644 3173 salsa,
693 3111 830 3177 putei
852 3110 1132 3165 bituminis.
1165 3112 1364 3168 Deinde
1391 3123 1448 3168 ut
1479 3114 1660 3170 disca-

61 3211 184 3249 mus
222 3190 490 3266 ψιῶωο
532 3214 717 3255 eorum
762 3201 944 3266 robur,
991 3213 1046 3257 et
1082 3205 1375 3273 potentiam
1401 3207 1657 3279 obstupe—

59 3293 298 3354 scontes,
325 3285 376 3339 in
402 3285 579 3357 fugam
605 3290 741 3342 versi
759 3297 904 3356 sunt,
933 3290 1099 3359 inquit
1120 3290 1207 3352 ,Et
1225 3295 1356 3363 fugit
1380 3311 1469 3348 rex
1490 3296 1662 3351 Sodo-

61 3390 282 3440 morum,
329 3385 375 3430 et
420 3375 737 3446 Gomorrltaa,
786 3389 833 3434 et
871 3381 1160 3436 ceciderunt
1207 3385 1313 3438 illic
1359 3385 1444 3438 ubi
1492 3391 1658 3455 fontes

61 3476 254 3520 erarat:
280 3469 366 3540 qui
386 3478 554 3522 autem
589 3471 790 3542 reliqui,
824 3477 1062 3545 fugerunt
1100 3476 1152 3529 in
1184 3487 1443 3532 montana.
1467 3478 1656 3534 Vidisti

61 3564 265 3625 quanto
309 3558 502 3613 robtt'e
544 3560 815 3616 bellabant
857 3564 944 3618 isti
990 3564 1127 3618 viri?
1173 3569 1444 3636 quomodo
1475 3569 1658 3625 hostes

61 3659 192 3700 suos
218 3647 381 3701 etiam
408 3659 624 3720 aspectu
651 3665 749 3706 suo
777 3661 1103 3721 terruerunt,
1124 3666 1176 3711 et
1202 3657 1254 3710 in
1282 3657 1457 3726 fugam
1484 3670 1657 3717 verte-

63 3739 228 3792 runt?
258 3739 386 3794 Vide
411 3741 666 3813 deinceps
690 3746 959 3814 quomodo
985 3747 1088 3802 illis
1115 3748 1292 3816 fugam
1329 3752 1654 3820 ineuntibus,

67 3830 157 3885 isti
188 3831 381 3886 ablatis
405 3834 652 3890 omnibus
672 3851 792 3905 qum
813 3837 1021 3892 illorum
1046 3851 1221 3902 erant,
1247 3842 1539 3898 redierunt.
1566 3846 1653 3900 ll.

64 3922 375 3988 Acceperunt
412 3933 599 3990 autem,
645 3924 832 3995 inquit,
867 3938 1127 3992 montana,
1160 3940 1206 3984 et
1231 3947 1429 3987 omnem
1459 3937 1655 4004 equita-

65 4021 174 4064 tum
221 4010 562 4067 Sodomorum
605 4025 651 4069 et
700 4015 1018 4086 Gomorrhte,
1049 4029 1097 4075 et
1149 4038 1322 4078 omnes
1349 4038 1657 4083 commeatus

65 4117 257 4168 eorum,
288 4113 336 4157 et
360 4104 606 4159 abierunt.
633 4107 717 4161 12.
748 4108 1062 4179 Acceperunt
1080 4129 1276 4182 quoque
1295 4125 1340 4169 et
1370 4115 1466 4170 Lat
1491 4120 1654 4186 ﬁlium

66 4193 239 4260 fratris
258 4194 426 4256 Abrae.
454 4208 502 4251 et
519 4200 884 4268 supellectilem
903 4205 1030 4274 ejus,
1049 4214 1099 4258 et
1110 4205 1358 4260 abierunt.
1385 4208 1657 4266 Habitabat

65 4286 197 4336 enim
225 4285 276 4338 in
305 4285 564 4343 Sodomis.
589 4289 725 4344 Ecce
747 4290 798 4345 id
825 4292 966 4360 quod
999 4293 1112 4348 heri
1142 4295 1404 4362 dicebam,
1437 4301 1488 4354 id
1516 4318 1657 4358 nunc

66 4375 276 4439 evenit;
320 4377 449 4431 nihil
489 4379 633 4434 enim
659 4380 856 4449 profuit
883 4383 1037 4448 Loto,
1065 4386 1209 4456 quod
1239 4391 1442 4458 potiora
1473 4392 1653 4464 elege-

68 4467 154 4532 rit,
197 4468 291 4522 sed
338 4485 397 4524 re
445 4470 556 4540 ipsa
601 4472 787 4530 didicit
812 4476 1018 4545 priores
1037 4489 1218 4550 partes
1244 4497 1349 4538 non
1378 4495 1650 4554 appetere.

68 4556 199 4612 Nam
237 4574 301 4613 ex
345 4561 445 4616 hoc
486 4579 593 4617 non
634 4565 809 4620 solum
855 4568 988 4623 nihil
1038 4571 1280 4628 utilitatis
1320 4575 1370 4629 ei
1399 4579 1652 4644 accrevit,

68 4649 159 4704 sed
208 4664 333 4705 ecce
377 4653 619 4721 captivus
664 4657 825 4711 etiam
864 4657 1127 4716 abductus
1164 4672 1266 4728 est,
1298 4673 1353 4720 et
1385 4665 1571 4722 didicit
1597 4684 1656 4724 re

70 4740 202 4810 ipsa,
246 4743 415 4798 multo
465 4747 633 4801 satius
672 4749 720 4803 ei
763 4750 927 4807 fuisse
969 4753 1042 4807 uti
1084 4757 1472 4814 consuetudine
1501 4761 1652 4830 justi,

68 4848 226 4902 quam
273 4845 602 4903 separatum,
651 4848 706 4894 et
760 4841 812 4894 in
861 4843 1107 4900 libertate
1155 4849 1426 4905 viventem
1462 4851 1514 4904 in
1546 4861 1654 4907 tam

70 4924 262 4978 multas
289 4926 619 4983 calamitates
648 4930 900 4987 incidere.
932 4935 1071 4990 Ecre
1099 4938 1241 4992 enim
1271 4949 1325 4992 ut
1350 4941 1553 4997 divisus
1573 4953 1657 4998 est

69 5032 93 5068 a
122 5016 442 5086 patriarcha,
473 5037 596 5075 cum
625 5031 828 5090 putaret
854 5043 912 5080 se
939 5028 991 5081 in
1019 5030 1204 5099 majori
1231 5049 1352 5089 esse
1387 5036 1650 5105 libertate,

70 5119 115 5162 et
149 5111 348 5177 potiora
381 5126 440 5167 se
460 5125 825 5194 asseqnutnm,
847 5128 901 5171 et
924 5118 1214 5183 abundare,
1240 5137 1460 5194 repente
1486 5129 1654 5186 factus

69 5211 146 5254 est
193 5215 398 5265 servus,
450 5218 640 5258 carens
689 5190 869 5269 domo.
902 5224 1091 5265 carens
1119 5225 1170 5265 et
1202 5214 1320 5268 fuco
1349 5235 1361 5270 ε
1397 5228 1453 5272 ut
1480 5221 1656 5276 di.~cas

69 5300 320 5356 quantum
365 5292 562 5345 malum
610 5293 893 5359 dissensio,
939 5310 992 5353 et
1017 5313 1271 5372 quantum
1301 5308 1496 5364 bonum
1527 5327 1656 5366 con-

74 5380 248 5434 curdia
277 5396 292 5434 :
334 5392 386 5435 et
423 5383 562 5438 scias
605 5397 1022 5446 consentaneum
1064 5409 1185 5449 esse
1215 5413 1318 5451 non
1351 5401 1546 5469 majura
1579 5416 1654 5460 tc-

75 5488 219 5528 more
267 5488 574 5544 capessere,
624 5477 718 5533 sed
763 5481 938 5551 potius
997 5485 1293 5543 minoribus
1344 5503 1654 5550 contentum

74 5579 212 5618 esse.
259 5567 588 5632 Acceperunt,
635 5569 826 5639 inquit,
872 5571 968 5626 Lat
1016 5586 1062 5628 et
1108 5581 1467 5647 supellectilem
1518 5587 1649 5654 ejus.

75 5663 278 5720 υιιηιω
324 5658 513 5713 n-elius
551 5671 667 5716 erat
705 5677 825 5717 eum
869 5680 990 5721 cum
1041 5671 1336 5737 patriarcha
1367 5676 1568 5744 vivere,
1602 5688 1656 5733 et

77 5745 247 5804 nuntia
273 5749 431 5815 terre,
465 5760 522 5805 nt
551 5767 616 5805 ne
640 5757 921 5811 concordia
948 5760 1264 5824 solveretur,
1297 5782 1455 5834 quam
1497 5783 1650 5838 sepa-

79 5853 244 5894 ratutn
294 5849 345 5897 et
373 5843 555 5900 cluetis
583 5846 896 5916 potioribus,
921 5849 971 5903 in
1004 5861 1145 5906 tanta
1172 5869 1388 5926 repente
1422 5860 1647 5931 pericula

1038 430 1103 487 IN
1141 429 1294 488 CAP.
1336 427 1473 488 XIV.
1519 425 1768 484 GENES.
1815 423 2042 481 liOillL.
2086 424 2304 482 XXXV.

3265 430 3372 487 323

1770 541 2030 607 incidere,
2079 551 2134 597 ct
2181 542 2233 597 in
2283 541 2636 598 barbarorum
2664 541 2853 599 venire
2893 545 3252 614 potestatem?
3281 550 3371 604 13.

1769 633 2051 687 Adveniens
2104 643 2272 687 autem
2328 632 2559 704 quidam,
2611 633 2809 704 inquit,
2844 652 2908 690 ex
2944 636 3008 691 iis
3055 637 3144 702 qui
3190 642 3373 695 tentati

1767 734 1934 788 erant,
1977 726 2222 778 nuntiavit
2262 725 2411 779 Abrae
2437 725 2716 780 transituri.
2754 726 2878 796 Ipse
2911 736 3081 783 autem
3113 729 3372 787 habitabat

1765 816 1915 883 juxta
1957 831 2194 885 quercum
2225 813 2458 872 Humbre
2486 816 2682 881 Omori,
2715 821 2892 888 fratris
2935 818 3147 890 Eschol,
3186 833 3231 878 et
3256 828 3372 894 fra—

1767 907 1858 961 tris
1903 907 2115 970 Aunan,
2157 909 2244 977 qui
2291 919 2437 964 erant
2486 911 2818 981 conftcderati
2868 913 3037 969 Abra'.
3088 915 3371 982 Quomodo

1770 1007 1975 1053 tantum
2022 999 2220 1056 bellum
2264 999 2550 1056 conﬂatum
2581 1003 2842 1072 ignoravit
2874 1007 3211 1074 patriarcha?
3240 1007 3371 1065 For-

1769 1091 1927 1146 tassis
1957 1107 2146 1161 magna
2177 1092 2428 1148 distantia
2455 1093 2660 1159 aberat,
2694 1104 2750 1149 et
2788 1096 2910 1150 ideo
2947 1097 3226 1166 ignoravit.
3257 1101 3368 1154 Ad-

1767 1182 1969 1238 veniens
1992 1194 2161 1237 autem
2197 1184 2406 1253 quidam
2441 1186 2761 1239 annuntiavit
2788 1187 2938 1241 Abra:
2981 1190 3243 1242 transituri
3265 1206 3285 1245 .'
3313 1204 3367 1248 ut

1767 1274 1924 1329 nobis
1943 1287 2328 1330 commemoret
2352 1277 2401 1331 ei
2430 1279 2802 1334 annuntiatum
2831 1295 2972 1345 esse,
3001 1282 3088 1349 qui
3115 1296 3179 1337 ex
3205 1282 3368 1336 Chan

1765 1363 1879 1418 dzea
1913 1365 2164 1420 redierat.
2200 1366 2333 1420 Nam
2362 1368 2486 1436 quia
2510 1377 2659 1423 trans
2697 1370 2804 1442 (a)
2837 1369 3166 1440 Euphratem
3196 1373 3368 1428 domi-

1764 1455 1945 1508 cilium
1986 1455 2266 1520 habuerat,
2292 1455 2463 1512 dit-tus
2511 1468 2596 1515 est
2641 1459 3036 1526 transﬂuvialis,
3073 1462 3157 1516 vel
3188 1472 3365 1518 trans-

1767 1546 1888 1599 itur.
1935 1547 1999 1600 Et
2033 1557 2188 1602 antea
2219 1551 2380 1603 etiam
2404 1550 2472 1603 ab
2493 1549 2644 1605 initio
2675 1561 2926 1621 parentes
2954 1554 3001 1608 ei
3032 1553 3132 1609 hoc
3171 1571 3364 1611 numen

1767 1635 2088 1700 indiderunt,
2126 1637 2239 1706 jam
2284 1648 2442 1694 antea
2473 1641 2836 1710 significantes
2862 1657 2987 1698 eum
3019 1643 3144 1698 inde
3175 1645 3368 1715 migra-

1767 1735 1965 1779 turum.
2013 1727 2245 1783 Vocatus
2299 1729 2440 1783 enim
2491 1738 2575 1784 est
2619 1731 2841 1798 Abram,
2891 1734 3014 1802 quia
3040 1735 3367 1805 migraturus

1765 1826 1880 1872 erat
1906 1826 2056 1874 trans
2087 1821 2436 1889 Euphratem,
2470 1832 2522 1878 et
2548 1822 2601 1878 in
2634 1823 2971 1881 Palmstinam
3002 1838 3277 1884 venturus.

1835 1912 1890 1966 4.
1922 1912 2150 1968 Attende
2176 1915 2444 1982 quomodo
2467 1925 2520 1970 et
2548 1925 2798 1985 parentes
2821 1918 2939 1987 ejus
2966 1920 3091 1976 licet
3121 1921 3365 1980 infideles

1763 2011 1967 2068 essent,
1985 2003 2146 2059 ductu
2171 2005 2555 2075 potentissimae
2575 2007 2851 2077 sapientiae
2870 2011 2960 2065 Dei
2981 2027 3176 2068 nomen
3201 2028 3365 2084 puero

1766 2093 2170 2162 imposuerunt,
2207 2097 2344 2151 sicut
2369 2107 2424 2153 et
2455 2097 2686 2154 Lamech
2721 2115 2821 2154 suo
2859 2100 2989 2159 Noe.
3022 2103 3116 2157 Est
3143 2105 3285 2158 enim
3313 2115 3367 2160 et

1765 2183 1869 2238 hoc
1903 2183 2097 2239 divinae
2138 2185 2514 2256 benignitatis,
2544 2197 2664 2258 post
2701 2189 2927 2245 multum
2968 2200 3179 2262 tempus
3203 2209 3365 2249 even-

1766 2280 1882 2327 tura
1913 2289 2010 2344 per
2035 2275 2286 2345 inﬁdeles,
2304 2279 2690 2346 pra-nuntiare.
2720 2279 3023 2336 Adveniens
3052 2281 3230 2353 itaque
3251 2284 3366 2354 qui-

1763 2363 1910 2433 dam,
1940 2366 2129 2435 inquit,
2158 2369 2418 2422 nuntiavit
2454 2370 2726 2426 transitori
2763 2387 2884 2443 qua:
2923 2374 3248 2439 acciderant,
3277 2392 3365 2432 ca-

1767 2455 2062 2522 ptivitatem
2110 2457 2358 2514 videlicet
2406 2458 2497 2514 lilii
2546 2461 2761 2526 fratris,
2810 2472 2864 2519 et
2913 2480 3098 2535 regum
3151 2468 3364 2524 illorum

1767 2560 2014 2613 magnam
2056 2550 2346 2617 potentiam
2372 2593 2387 2616 ,
2419 2550 2884 2624 Sodomorumque
2925 2558 3322 2626 p0pulationem
3345 2601 3364 2626 ,

1762 2646 1818 2690 et
1847 2636 2040 2691 fmdam
2069 2637 2265 2710 fugam.
2299 2638 2422 2709 Ipse
2451 2652 2621 2696 autem
2641 2685 2656 2704 ,
2687 2644 2892 2714 inquit,
2931 2647 3193 2703 habitabat
3209 2651 3365 2720 juxta

1761 2741 2000 2795 quercum
2033 2726 2264 2784 Mambrs
2292 2728 2472 2784 Omori
2487 2772 2502 2797 ,
2531 2734 2707 2802 fratris
2737 2733 2946 2802 Escltol,
2974 2747 3022 2790 et
3046 2737 3252 2806 Aunan,
3278 2743 3364 2811 qui

1763 2828 1908 2872 erant
1933 2820 2263 2888 conftetlet-ati
2292 2823 2461 2878 Abras.
2492 2823 2610 2880 Jam
2639 2826 2776 2882 forte
2806 2827 2890 2883 hic
2915 2830 3109 2900 aliquis
3136 2833 3366 2888 interro-

1763 2909 1967 2975 gat-erit
2001 2910 2217 2977 :Quare
2255 2928 2442 2968 eorum
2481 2916 2570 2985 qui
2613 2917 2666 2971 in
2705 2919 2958 2974 Sodomis
2995 2932 3183 2989 erant,
3215 2926 3365 2981 solus

1758 2999 1935 3066 justus
1961 2999 2061 3055 Lot
2088 3001 2143 3054 in
2171 3004 2530 3071 captivitatem
2559 3007 2884 3064 abducitur?
2907 3010 3024 3066 Non
3059 3014 3176 3069 sine
3201 3030 3360 3071 causa

1766 3090 1900 3158 hoc,
1929 3108 2105 3162 neque
2134 3093 2327 3150 frustra
2361 3112 2375 3150 :
2406 3095 2501 3152 sed
2531 3106 2588 3153 ut
2614 3099 2784 3155 discat
2828 3101 2913 3157 his
2945 3107 3226 3164 eventibus
3266 3107 3364 3166 Im

1765 3183 2081 3252 patriarcha:
2120 3185 2366 3242 virtutem
2390 3227 2406 3252 ,
2438 3199 2496 3244 et
2532 3198 2590 3245 ut
2629 3201 2847 3262 propter
2881 3192 3055 3263 ipsum
3085 3207 3364 3255 serventur

1761 3283 1817 3329 et
1842 3275 1930 3328 alii
1952 3316 1966 3338 ,
1996 3285 2156 3346 utque
2180 3277 2439 3334 doceatur
2480 3283 2766 3350 primatum
2801 3300 2908 3342 non
2947 3299 3234 3359 appetere,
3267 3294 3374 3350 sed

1763 3365 2056 3435 majoribus
2084 3368 2296 3424 cedere.
2333 3371 2627 3430 Audiamus
2654 3385 2834 3432 autem
2869 3379 3124 3452 deinceps
3150 3399 3212 3439 ea
3245 3401 3365 3455 qua:

1762 3465 2077 3528 sequuntur.
2112 3468 2170 3513 ut
2197 3459 2466 3518 discamus
2494 3474 2549 3520 et
2581 3467 2711 3534 justi
2743 3471 3020 3537 virtutem,
3052 3485 3106 3529 et
3135 3475 3361 3532 immen-

1763 3564 1880 3605 sum
1919 3551 2009 3608 Dei
2052 3552 2368 3610 subsidium.
2412 3556 2606 3613 Verum
2646 3560 2933 3631 diligenter
2957 3565 3114 3622 dictis
3147 3574 3361 3627 auscul-

1764 3649 1892 3704 tate,
1917 3651 2257 3714 mentemque
2284 3646 2599 3718 recolligite.
2623 3649 2844 3707 Multum
2865 3655 3008 3709 enim
3031 3656 3163 3712 lucri
3190 3658 3366 3716 facere

1766 3729 1851 3784 hic
1889 3732 2215 3800 poterimus,
2247 3743 2302 3790 et
2326 3751 2393 3792 ex
2423 3736 2488 3792 iis
2513 3753 2631 3808 qum.
2671 3741 2772 3797 Lot
2799 3758 3092 3802 evenerunt
3117 3749 3315 3807 discert
3347 3772 3362 3809 :

1763 3835 2053 3890 numquam
2085 3839 2227 3894 aegre
2257 3825 2556 3893 ferendum,
2587 3830 2632 3885 si
2657 3833 2872 3902 quando
2890 3835 3020 3904 justi
3050 3839 3286 3896 incidant
3306 3840 3360 3893 in

1764 3913 2103 3978 mutationes,
2130 3917 2354 3985 improbi
2380 3934 2508 3974 vero
2531 3931 2582 3976 et
2611 3924 2732 3978 mali
2760 3927 2991 3981 evadant
3016 3946 3029 3984 :
3061 3946 3233 4001 neque
3254 3936 3366 3992 ullo

1763 4001 1924 4056 modo
1955 4005 2123 4072 pritna
2157 4008 2444 4075 quaerenda
2475 4025 2596 4065 esse
2615 4054 2629 4077 ,
2662 4029 2836 4084 neque
2862 4016 3060 4088 aliquid
3095 4020 3363 4090 jnstorum

1763 4091 2107 4149 familiaritati
2144 4107 2197 4151 et
2225 4100 2495 4155 convictui
2540 4105 2963 4173 prmferendum;
2991 4111 3086 4165 sed
3116 4114 3215 4167 etsi
3252 4130 3366 4170 ser-

1760 4184 2014 4240 viendum
2045 4187 2115 4241 sit
2148 4187 2435 4246 habitando
2459 4207 2581 4248 cum
2616 4196 2746 4250 viris
2773 4198 2968 4256 virtute
3010 4204 3280 4272 prteditis,
3311 4207 3364 4264 id

1765 4283 1876 4344 ipsa
1911 4276 2154 4333 libertate
2193 4281 2376 4336 utilius
2413 4298 2555 4339 esse.
2600 4284 2668 4340 Et
2709 4286 2932 4358 insuper
2969 4291 3239 4350 discamus
3274 4313 3368 4368 pa-

1763 4366 2010 4422 lriarchte
2057 4368 2320 4440 insignem
2365 4374 2702 4430 tolerantiam
2732 4419 2748 4441 ,
2798 4395 3121 4450 propensum
3165 4386 3216 4440 in
3267 4366 3367 4444 Lot

1762 4471 2001 4511 amorem
2026 4468 2078 4513 et
2100 4460 2548 4527 benevolentiam,
2575 4465 2901 4523 fortitudinis
2924 4474 3364 4544 magnitudinem,

1709 4549 1714 4558 '
1762 4562 1921 4615 Opunt
1950 4558 2348 4618 contemptum,
2382 4553 2700 4611 ineﬂ'abilcm
2729 4557 2898 4613 divini
2931 4577 3055 4632 erga
3093 4564 3239 4619 illum
3271 4568 3369 4623 ad-

1757 4636 1943 4706 jntorii
1974 4640 2243 4694 virtutem.
2278 4643 2365 4697 H.
2405 4643 2472 4698 Ut
2502 4654 2668 4698 autem
2695 4648 2914 4713 audivit,
2948 4651 3150 4721 inquit,
3179 4655 3368 4715 Abram

1761 4729 1895 4798 quod
1922 4741 2102 4799 captus
2127 4743 2252 4785 esset
2282 4731 2378 4786 Lat
2407 4734 2584 4804 fratris
2620 4739 2698 4791 sui
2735 4740 2873 4807 ﬁlius
2891 4782 2904 4804 ,
2935 4747 3218 4800 numeravit
3247 4766 3368 4818 pro-

1764 4819 1901 4888 prius
1932 4821 2227 4875 vernaculos
2255 4839 2373 4876 suos
2401 4834 2647 4881 trecentos
2671 4828 2840 4882 decem
2866 4841 2914 4885 et
2939 4845 3051 4887 octo
3072 4875 3088 4899 ,
3117 4845 3165 4889 et
3199 4854 3373 4906 perse—

1762 4919 1950 4977 quutus
1976 4920 2048 4964 est
2075 4911 2192 4964 illos
2216 4929 2373 4983 usque
2401 4913 2536 4982 Dan,
2569 4916 2654 4971 15.
2683 4926 2731 4972 et
2757 4920 2906 4973 irruit
2937 4939 3090 4994 super
3115 4943 3199 4982 eos
3231 4945 3378 4985 noc'e

1763 5001 1872 5069 ipse
1897 5010 1941 5054 et
1969 5003 2112 5069 pueri
2134 5004 2265 5074 ejus,
2291 5014 2336 5058 et
2360 5008 2604 5074 percussit
2626 5025 2730 5075 eos,
2759 5020 2806 5064 et
2837 5027 3164 5086 persequutus
3195 5029 3268 5075 est
3291 5039 3376 5080 eos

1765 5107 1923 5161 usque
1943 5091 2155 5156 Chobal,
2179 5110 2291 5163 quae
2317 5106 2387 5149 est
2412 5097 2464 5149 in
2489 5098 2693 5152 sinistra
2719 5100 2978 5158 Damasci.
3011 5091 3096 5162 i6.
3128 5108 3196 5164 Et
3223 5115 3367 5168 redit.

1762 5184 1839 5235 xit
1865 5200 2063 5238 omnem
2093 5187 2365 5257 equitatum
2397 5188 2756 5246 Sodomorum.
2782 5193 2849 5247 Et
2878 5195 2975 5251 Lat
3003 5200 3168 5270 ﬁlium
3201 5208 3377 5274 fratri;

1764 5275 1843 5328 sui
1869 5275 2104 5343 reduxit,
2131 5290 2176 5330 et
2200 5280 2532 5333 substantiam
2559 5283 2700 5352 ejus,
2732 5295 2778 5338 et
2803 5289 3080 5360 populum,
3107 5303 3154 5348 et
3189 5297 3370 5352 mulie-

1829 5432 2035 5523 (a)n\'o_x
2053 5435 2291 5523 Febraica
2319 5449 2412 5501 est,
2437 5442 2565 5498 ’Ἐν
2591 5463 2604 5498 :
2629 5464 2773 5523 quam
2820 5453 2898 5505 alii
2931 5459 3260 5523 transitorem,
3290 5474 3371 5517 vet

1765 5503 2574 5595 iﬁirffftfi'ﬂf’ﬂai'l‘SEBtﬁi‘PEttﬁ
2601 5503 2743 5595 :t'w
2934 5503 3365 5595 ὶνῶἶὲὦῐὲιοέιῐ

1766 5565 2236 5650 2¹ἒ1ἑὲἳ¹³ἷὲ³¹ἒῐ¹ἔέἱί9
2257 5565 2506 5650 δρὶβηειτές
2527 5565 3367 5650 #PﬁﬁafnJI'ﬁTei'$353333

1764 5627 2040 5713 ‘Iﬁﬁt'ﬂfifl‘
2060 5627 2424 5713 3339?”:3538
2459 5627 2862 5713 νηειέοᾞῖιὶό
2891 5627 3366 5713 ὅὲίὲίῖιῖἑιζάἒὶἕὲίζί

1766 5690 2209 5774 aereaere.
2230 5690 3366 5774 {eammeéehéﬁai‘iBBéiH‘iEFEiniﬁﬁt‘33

1764 5753 2450 5838 rit-tm:gisfri‘tﬂtmnoltservatur
2477 5778 2494 5838 ε¹
2504 5753 2619 5835 aliis
2710 5753 3366 5838 ’iiéb'éiIiitéiiiijii

1767 5813 1999 5892 fluviales
2023 5817 2224 5892 urigine.
2247 5829 2388 5872 erant
2403 5861 2414 5875 .
2453 5825 2560 5876 aliis
2575 5813 2581 5814 ⁷
2598 5813 2690 5878 Lai.“
2707 5813 3194 5887 i'iLTtiéi6"ABFiti§.'iii

1770 5889 1948 5925 ttuntett
1972 5877 2318 5930 derivantihus.
