4056 6474
664 428 768 486 δυ

663 561 762 598 res.
799 540 1090 598 Considera
1122 538 1238 601 hic.
1267 535 1609 592 dilectissime
1628 575 1644 600 ,
1673 531 2154 603 magnanimitatem
2185 539 2239 584 et

666 633 1022 690 fortitudinem
1048 629 1209 700 justi,
1235 627 1502 699 quomodo
1531 628 1666 681 bene
1706 624 1834 682 ﬁsus
1867 621 2243 677 misericordia:

669 724 791 786 Dei,
825 738 928 775 non
955 720 1228 791 perculsus
1253 728 1334 773 est
1361 716 1541 771 animo
1560 758 1572 779 ,
1603 731 1720 770 cum
1749 713 1983 768 audisset
2011 715 2240 767 virorum

664 813 1024 869 fortitudinem
1046 852 1059 875 ,
1090 821 1144 863 et
1172 820 1397 879 stragem
1437 823 1595 878 quam
1634 807 1861 862 fecerant
1885 845 1898 866 ,
1931 804 2156 873 primum
2189 802 2242 855 in

662 919 849 959 omnes
873 915 1059 972 sentes
1095 901 1383 969 irruptione
1413 900 1544 954 facta
1573 941 1586 962 ,
1618 895 1996 964 debellatisque
2029 894 2243 948 Amale-

663 996 780 1050 citis
818 1007 870 1048 et
907 994 1113 1048 exteris
1151 992 1394 1044 omnibus
1428 1010 1441 1045 :
1471 989 1760 1057 deindeque
1799 1002 1918 1040 cum
1956 984 2242 1041 Sodomitis

663 1100 852 1138 manus
878 1092 1220 1138 conserentes
1243 1121 1257 1144 ,
1286 1091 1338 1134 et
1364 1083 1412 1134 in
1442 1080 1613 1148 fugam
1645 1079 1786 1144 ipsos
1817 1077 2102 1141 verterint,
2128 1091 2242 1128 om-

664 1191 890 1242 nemque
915 1191 1097 1228 eorum
1124 1174 1434 1241 diripuerint
1472 1169 1838 1223 substantiam.
1872 1167 2070 1222 Idcirco
2098 1167 2238 1220 enim

661 1269 903 1336 superius
925 1266 1037 1320 hcc
1056 1263 1230 1318 omnia
1253 1261 1478 1316 narravit
1500 1261 1650 1314 nobis
1669 1259 1959 1326 Scriptura.
1979 1264 2032 1312 et
2047 1267 2238 1326 quanta

660 1375 754 1413 sua
785 1359 975 1411 virtute
1004 1365 1216 1409 strenue
1244 1360 1559 1422 gesserunt,
1593 1361 1648 1404 ut
1676 1350 1815 1404 scias
1845 1365 1947 1402 non
1979 1345 2240 1414 corporali

660 1452 851 1504 robore
891 1465 981 1503 eos
1019 1448 1277 1502 devicisse
1325 1445 1674 1514 patriarcham
1699 1486 1714 1506 ,
1746 1442 1837 1497 sed
1867 1457 1959 1494 sua
1992 1442 2041 1494 in
2077 1440 2238 1492 Deuuv

662 1542 785 1604 fide,
815 1551 867 1594 et
891 1555 1122 1608 sopenm
1152 1538 1397 1606 pra'sidio
1419 1537 1652 1604 :vdjutum
1675 1535 1846 1586 omnia
1872 1535 1953 1586 illa
1979 1533 2237 1599 gessisse;

661 1649 766 1686 non
797 1647 941 1685 arnva
973 1633 1154 1695 movit,
1187 1645 1284 1682 nec
1313 1631 1433 1692 tela,
1468 1642 1563 1680 nec
1594 1628 1819 1686 lanceas,
1853 1638 1950 1676 nec
1979 1635 2132 1675 arcus
2163 1621 2242 1673 in-

663 1723 852 1788 tendit,
884 1737 981 1774 nee
1007 1731 1151 1774 scuta
1181 1718 1390 1786 objccit,
1422 1718 1513 1769 sed
1541 1717 1709 1768 solum
1737 1731 1855 1767 euut
1885 1713 2200 1766 vernaculis.

733 1813 835 1866 Cur
861 1822 1098 1866 trecentos
1130 1808 1418 1862 vernaculos
1458 1807 1722 1875 sumpserit
1754 1805 2024 1856 Abraham.
2054 1832 2122 1841 —
2157 1803 2240 1853 Di-

662 1906 796 1959 xerit
819 1904 1007 1972 aliquis
1038 1922 1049 1957 :
1081 1904 1142 1956 Et
1171 1917 1332 1969 quare
1361 1900 1654 1954 numeravit
1684 1908 1946 1951 trecentos
1974 1898 2156 1950 decem
2187 1905 2240 1949 et

661 2007 781 2050 octo
807 1994 1154 2049 vernaculos?
1179 1991 1245 2047 Ut
1273 1993 1406 2044 scias
1436 2007 1556 2044 eum
1598 2005 1702 2042 non
1735 1989 2008 2041 universos
2037 2002 2240 2040 assum-

660 2087 850 2156 psisse,
880 2085 972 2139 sed
1004 2084 1338 2147 vernaculos,
1366 2092 1420 2135 et
1446 2083 1531 2148 qui
1560 2097 1676 2132 cum
1711 2081 1804 2133 Lot
1836 2081 2038 2132 educati
2068 2089 2238 2140 erant,

659 2189 718 2234 ut
747 2179 1000 2232 ultionem
1029 2187 1218 2245 sponte
1241 2185 1295 2230 et
1319 2172 1574 2228 benevole
1605 2175 1867 2228 lacerent.
1899 2181 2079 2238 utpote
2105 2186 2178 2224 set
2193 2171 2240 2223 vi

661 2285 758 2336 pro
795 2284 892 2322 suo
928 2267 1146 2322 domino
1174 2276 1457 2320 certantes.
1493 2265 1554 2317 Et
1581 2265 1698 2316 vide
1722 2306 1736 2326 ,
1769 2265 2022 2325 obsecro,
2056 2265 2240 2316 miram

666 2359 758 2412 Dei
793 2362 1099 2426 potentiam,
1130 2367 1321 2424 quanta
1350 2355 1625 2409 velocitate
1650 2355 1866 2420 contigit
1894 2353 2129 2406 victoria.
2161 2352 2240 2405 Ir-

657 2449 757 2502 ruit
787 2449 948 2509 enirn,
984 2448 1170 2515 inquit,
1201 2463 1355 2515 super
1383 2447 1495 2498 illus
1521 2453 1680 2508 nocte,
1711 2445 1833 2513 ipse,
1866 2454 1915 2495 ct
1949 2444 2076 2496 servi
2103 2447 2236 2512 eius,

656 2548 703 2592 et
729 2541 968 2607 percussit
997 2555 1109 2603 eos,
1142 2547 1187 2590 et
1220 2547 1541 2606 persequutus
1569 2546 1638 2588 est
1665 2551 1767 2588 eos.
1805 2535 1929 2587 Erat
1954 2537 2093 2588 enim
2133 2551 2243 2587 ma-

660 2643 758 2683 nus
785 2643 1030 2697 superna.
1060 2646 1175 2698 qua:
1207 2627 1488 2694 adiuvabat
1514 2638 1565 2680 et
1594 2626 1992 2680 eomtnilitabot.
2030 2626 2094 2679 Et
2123 2626 2241 2680 ideo

659 2736 831 2789 neque
874 2722 1072 2784 armis,
1116 2735 1284 2789 neque
1327 2719 1588 2773 machinis
1631 2734 1762 2788 opus
1808 2717 2070 2772 habebant
2103 2735 2115 2769 :
2148 2717 2241 2770 sed

661 2822 862 2866 tantum
895 2824 948 2865 ut
981 2813 1275 2879 comparuit
1303 2826 1422 2865 cum
1465 2810 1692 2875 famulis,
1720 2810 1852 2862 alios
1881 2811 2089 2876 quidem
2125 2824 2240 2877 per-

659 2903 856 2967 cussit,
885 2903 1016 2956 alios
1046 2910 1220 2955 autem
1254 2903 1304 2954 in
1333 2900 1504 2970 fugam
1535 2902 1689 2954 vertit
1708 2941 1722 2961 ,
1746 2910 1800 2952 et
1829 2911 2110 2966 utrumque
2143 2900 2240 2951 iut-

661 2995 867 3063 pavide,
890 3010 1010 3047 eum
1038 2993 1212 3047 nullus
1236 3002 1378 3046 esset
1403 2994 1490 3061 qui
1517 2992 1840 3052 obturbaret,
1872 3002 1924 3044 et
1946 3001 2050 3042 tam
2079 3006 2244 3059 equos

659 3084 800 3153 regis
821 3083 1175 3137 Sodomorum
1202 3082 1428 3142 reduxit,
1455 3098 1609 3149 quam
1633 3081 1730 3135 Lot
1751 3081 1926 3134 fratris
1947 3080 2026 3134 sui
2055 3081 2240 3147 lilium,

659 3182 713 3228 et
745 3187 956 3226 omnem
983 3176 1094 3240 ejus
1123 3172 1470 3225 substantiam
1500 3179 1550 3225 et
1592 3172 1858 3224 mulieres.
1897 3171 2050 3224 Vides
2079 3187 2242 3241 quare

659 3265 780 3318 aliis
811 3263 928 3333 fuga
959 3263 1306 3327 elabcntibus,
1338 3262 1626 3330 permissus
1657 3263 1723 3315 sit
1754 3261 1848 3314 LHI
1882 3263 1930 3314 in
1962 3264 2242 3329 captivita-

665 3364 773 3409 tem
801 3354 1020 3408 veniret
1045 3353 1245 3422 Nempe
1272 3361 1329 3406 ut
1352 3361 1403 3406 et
1441 3352 1750 3420 patriarcha
1788 3353 1953 3404 virtus
1989 3353 2244 3406 claresce—

663 3457 776 3511 ret,
808 3455 859 3498 et
887 3454 1101 3514 propter
1138 3446 1308 3512 ipsum
1343 3444 1432 3496 alii
1464 3442 1610 3496 multi
1643 3443 1866 3495 salutem
1897 3457 2242 3510 assequeren-

662 3547 763 3594 tur.
794 3538 968 3594 Rediit
991 3548 1165 3591 autem
1190 3551 1380 3605 magno
1409 3545 1458 3587 et
1492 3535 1748 3603 praeclaro
1776 3545 1974 3603 tropaao
2001 3534 2239 3603 insignis,

659 3645 781 3684 cum
812 3629 910 3684 Lot
938 3643 1137 3698 equos,
1166 3637 1220 3682 et
1261 3627 1514 3681 mulieres
1535 3667 1548 3689 ,
1578 3633 1632 3680 et
1667 3635 1885 3679 cmteras
1923 3625 2242 3678 substantias

663 3722 920 3776 reducens
940 3763 956 3786 ,
988 3731 1041 3774 et
1068 3721 1210 3774 clara
1236 3733 1298 3772 ac
1327 3720 1476 3786 plena
1509 3733 1636 3771 voce
1667 3717 1986 3786 praedicans,
2017 3719 2242 3786 tubaque

663 3811 899 3866 vocalius
923 3813 1178 3874 clamans,
1212 3824 1270 3864 se
1299 3824 1401 3864 non
1431 3807 1655 3862 humana
1685 3811 1900 3877 virtute,
1928 3824 2096 3878 neque
2125 3824 2244 3861 eor-

662 3904 830 3976 porali
859 3903 1049 3957 robore
1070 3911 1123 3957 et
1144 3902 1261 3955 illos
1284 3900 1610 3970 proﬂigasse,
1633 3910 1685 3954 ct
1713 3903 1964 3955 victorem
1985 3902 2238 3965 evasisse,

660 3995 755 4049 sed
784 4007 1012 4062 superna
1040 4007 1198 4046 manu
1228 3991 1453 4046 faciente
1481 3993 1677 4044 omnia.
1719 3991 1902 4044 Vidi~ti
1947 4007 2038 4059 per
2066 3994 2239 4044 omnia

664 4087 858 4153 iustum
878 4087 1160 4141 clariorem
1185 4083 1318 4147 ﬁeri,
1343 4092 1397 4136 et
1423 4083 1658 4152 quotidie
1683 4085 1849 4151 magis
1869 4083 2124 4135 declarari
2152 4084 2238 4137 Dei

662 4195 784 4247 erga
831 4193 954 4233 eum
1002 4176 1423 4246 providentiam?
1461 4174 1593 4229 Vide
1634 4185 1748 4242 Ροει
1791 4175 1935 4238 lucc,
1979 4176 2242 4242 quomodo

663 4270 840 4326 studet
864 4281 918 4324 ut
942 4268 1230 4324 Sodomitis
1257 4267 1418 4321 divini
1446 4267 1619 4319 cultus
1639 4265 1827 4319 doctor
1856 4266 1961 4318 liat.
1993 4266 2075 4319 Ait
2101 4267 2242 4320 enim

664 4363 934 4430 Scriptura
967 4379 979 4412 ε
1005 4360 1090 4414 17.
1127 4357 1369 4428 Egressus
1405 4367 1475 4409 est
1504 4373 1594 4410 res:
1620 4358 1956 4409 Sodomorum
1981 4357 2031 4409 in
2061 4374 2236 4410 occur.

663 4469 772 4504 sum
799 4451 846 4504 ei
865 4493 876 4512 ,
906 4459 1168 4520 postquam
1208 4465 1430 4504 reversus
1468 4460 1534 4499 est
1564 4465 1591 4498 lt
1621 4460 1785 4518 strage
1814 4447 2236 4518 Cliodologomor,

663 4551 707 4594 et
741 4559 911 4613 regunt
948 4543 1032 4611 qui
1061 4558 1175 4594 cum
1212 4541 1321 4593 illo.
1365 4539 1592 4593 Attende
1629 4540 1806 4606 quanti
1853 4540 1921 4592 sit
1963 4539 2158 4601 virtus,
2187 4551 2240 4593 et

662 4635 824 4688 divini
869 4635 1044 4687 auxilii
1082 4632 1468 4687 commilitium.
1502 4632 1611 4684 Rex
1651 4632 1929 4700 peregrino
1957 4643 2009 4684 et
2042 4633 2154 4685 seni
2186 4632 2237 4684 in

662 4739 943 4778 occursum
982 4723 1286 4792 egreditur,
1317 4732 1370 4775 et
1408 4736 1618 4776 onmem
1665 4719 1919 4790 honorem
1966 4721 2235 4788 impendit.

663 4813 779 4868 iam
807 4816 948 4870 enim
977 4813 1251 4874 didicerat,
1280 4811 1406 4865 nihil
1441 4811 1691 4880 prodesse
1719 4827 1936 4880 regnum
1962 4812 2007 4864 ei
2035 4812 2122 4881 qui
2150 4827 2238 4864 su-

669 4922 834 4976 perno
856 4903 1054 4960 auxilio
1078 4913 1158 4959 est
1185 4904 1486 4967 destitutus,
1513 4912 1565 4958 et
1594 4902 1721 4956 nihil
1750 4903 2013 4970 potentius
2038 4917 2157 4956 esse
2177 4917 2242 4956 eo

665 4997 754 5067 qui
786 5011 942 5050 manu
973 4996 1063 5050 Dei
1093 4995 1393 5066 adiuvatur.
1424 4994 1509 5048 18.
1543 4993 1607 5046 Et
1648 4992 2004 5056 Melchisedec,
2036 4994 2204 5063 inquit
2224 5033 2238 5056 ,

665 5103 755 5142 res:
808 5086 980 5141 Solem
1012 5087 1218 5154 protulit
1247 5101 1400 5156 panes
1429 5097 1475 5139 et
1505 5087 1692 5138 vinum.
1729 5084 1852 5139 Erat
1877 5095 2040 5140 autem
2069 5101 2239 5140 sacer-

665 5181 756 5233 dos
786 5178 881 5232 Dei
909 5178 1160 5231 altissimi.

736 5270 788 5324 5.
818 5268 954 5336 Quid
994 5268 1091 5322 sibi
1128 5267 1237 5322 vult
1277 5267 1389 5322 haec
1417 5266 1749 5332 observatio,
1783 5267 1890 5322 Rea:
1940 5268 2140 5333 Salem,
2188 5278 2243 5324 et

667 5359 916 5414 Sacerdos
943 5357 1040 5412 Dei
1062 5359 1290 5415 altissimi
1312 5361 1336 5412 .7
1359 5360 1468 5413 Rex
1496 5360 1707 5428 quidem
1734 5371 1845 5414 erat
1869 5361 2062 5416 Salem.
2093 5361 2241 5416 Illum

665 5455 808 5509 enim
836 5455 987 5509 nobis
1021 5463 1075 5508 et
1113 5453 1297 5510 beatus
1331 5454 1522 5510 Paulus
1566 5453 1804 5508 scribens
1836 5454 1899 5506 ad
1942 5471 2034 5509 eos
2060 5455 2146 5524 qui
2176 5471 2241 5510 ex

669 5543 905 5600 Hebraeis
933 5546 1299 5612 crediderant,
1328 5560 1447 5599 cum
1477 5546 1526 5599 in
1557 5548 1786 5600 medium
1817 5546 2117 5602 adduxisset
2143 5588 2156 5612 ,
2189 5558 2242 5603 et

667 5650 859 5691 nomen
886 5637 1006 5707 ejus
1034 5646 1282 5692 tractaret
1310 5645 1467 5706 atque
1491 5639 1774 5700 civitatem,
1804 5639 1955 5692 simul
1983 5641 2244 5709 signiﬁca-

668 5727 865 5779 tionem
890 5728 1118 5783 nominis
1139 5728 1253 5797 ejus
1277 5728 1674 5797 interpretatur,
1705 5740 1755 5783 et
1780 5744 1902 5782 usus
1927 5733 2238 5800 etymologia

663 5817 893 5888 quadam
930 5817 1004 5874 ait
1033 5836 1046 5874 :
1080 5816 1407 5876 Mclcltiscdcc
1427 5859 1441 5884 ,
1471 5820 1557 5873 rex
1591 5821 1803 5888 justitia'
1831 5820 1848 5894 (
1879 5820 2029 5875 llebr.
2060 5822 2111 5875 1.
2143 5823 2232 5894 2).

1368 421 1425 476 S.
1467 417 1741 477 JOANNIS
1777 414 2239 474 CIIRYSOSTOSII

2347 414 2606 471 RCIIIEP.
2645 413 3174 472 CUNSTANTINOP.
3847 419 3936 472 δίε

2351 527 2480 582 Nam
2521 527 2811 581 secundum
2852 526 3163 582 Hebraieam
3205 527 3441 596 linguam
3487 526 3688 582 Μώριιί
3733 544 3943 597 regnum

2347 617 2606 688 signiﬁcat
2635 635 2648 669 :
2676 626 2730 672 et
2758 617 2926 672 Sedec
2945 660 2960 680 ,
2987 617 3266 686 justitiam.
3303 616 3366 670 Et
3391 631 3518 670 eum
3545 616 3614 670 ad
3647 633 3849 671 nomen
3876 622 3942 672 ci-

2349 710 2522 762 vitatis
2545 710 2703 769 venit,
2732 708 2842 762 Rea:
2863 710 3211 778 pacis,inquit
3234 727 3246 762 :
3271 710 3446 764 Solem
3471 711 3618 763 enim
3645 710 3794 762 idem
3819 711 3948 777 quod

2349 817 2448 871 pax
2473 810 2570 856 est.
2598 801 2859 855 Sacerdos
2885 811 3061 854 autem
3091 813 3225 866 erat,
3256 802 3392 855 forte
3420 817 3449 854 a
3481 804 3791 870 semetipso
3817 802 3950 854 ordi-

2351 904 2506 947 natus
2536 913 2548 946 :
2578 895 2654 947 sic
2677 894 2816 946 enim
2846 903 2967 946 tunc
2992 905 3141 947 erant
3167 895 3471 947 sacerdotes
3495 911 3508 946 :
3535 896 3621 948 vel
3646 897 3776 961 quia
3804 905 3952 948 :etate

2349 986 2646 1054 provectior
2670 995 2804 1048 erat,
2827 1000 2855 1038 a
2880 986 2987 1037 suis
3015 985 3153 1037 hunc
3177 986 3430 1040 honorem
3458 988 3707 1054 actepit;
3743 987 3827 1040 vel
3851 987 3953 1053 ires

2347 1077 2651 1130 sacriﬁcare
2687 1076 2903 1140 studuit,
2933 1076 3068 1128 sicut
3097 1084 3150 1128 et
3178 1075 3306 1140 Noe,
3337 1076 3492 1140 Abel,
3523 1078 3762 1139 Abram,
3789 1094 3950 1147 quaa-

2345 1167 2414 1219 do
2440 1168 2695 1220 sacrificia
2728 1167 3051 1221 obtulcrvmt.
3083 1167 3327 1236 Alioquin
3357 1178 3408 1221 et
3436 1178 3600 1238 typus
3632 1169 3844 1222 Christi
3881 1169 3945 1221 fo-

2349 1268 2495 1311 turus
2536 1272 2668 1311 erat.
2705 1259 2854 1313 [inde
2884 1270 2936 1312 et
2976 1260 3166 1313 Paulus
3209 1260 3283 1314 sic
3323 1275 3441 1314 eum
3484 1262 3691 1329 accipit
3722 1260 3946 1316 dicens:

2350 1350 2474 1404 Siue
2502 1362 2644 1418 patre
2662 1392 2674 1413 ,
2701 1352 2809 1404 sine
2835 1360 2994 1402 matre
3012 1391 3026 1415 ,
3055 1351 3162 1404 sine
3198 1351 3489 1421 ρεπεσίοῴ
3509 1394 3522 1412 ,
3553 1368 3732 1420 neque
3762 1353 3954 1404 initiatus

2345 1444 2563 1504 dierum,
2597 1460 2750 1512 nrqne
2774 1445 2884 1496 vita
2908 1445 3059 1510 linem
3086 1445 3289 1507 habens,
3319 1445 3639 1498 assimilatas
3665 1456 3846 1499 autem
3877 1444 3952 1497 Fi.

2345 1537 2414 1586 lio
2445 1534 2557 1597 Dei,
2587 1547 2748 1587 ninnel
2780 1537 3013 1587 sacerdos
3045 1538 3094 1586 in
3141 1547 3428 1604 perpetuum
3460 1537 3651 1606 (Hebr.
3691 1542 3750 1592 7.
3791 1542 3872 1606 3).
3903 1541 3952 1592 Et

2345 1626 2631 1694 quomodo,
2662 1625 2823 1688 dices,
2859 1626 3107 1692 possibile
3133 1636 3212 1679 est
3240 1627 3510 1679 hominem
3538 1630 3764 1697 ah~que
3793 1640 3950 1697 patrm

2345 1726 2392 1767 et
2429 1727 2592 1768 matre
2613 1757 2626 1774 ,
2655 1725 2705 1768 et
2738 1717 2852 1767 sine
2882 1716 3186 1784 gettealogia
3229 1731 3346 1770 esse
3371 1760 3383 1779 ,
3409 1726 3462 1770 et
3491 1733 3600 1770 non
3638 1719 3854 1772 habere
3883 1723 3951 1771 vei

2348 1809 2572 1862 initium.
2605 1809 2680 1858 vt-I
2713 1809 2868 1861 linem
2899 1810 3060 1860 vitm?
3091 1809 3290 1862 Audisti
3319 1826 3438 1863 eum
3475 1813 3710 1880 lignranv
3749 1812 3946 1865 fuisse:

2347 1913 2410 1949 nc
2437 1913 2561 1964 ergo
2591 1898 2853 1951 admirare
2877 1939 2890 1958 ,
2922 1913 3093 1967 neque
3124 1901 3298 1953 omnia
3341 1903 3552 1968 require
3585 1905 3639 1955 in
3673 1915 3829 1972 typo.
3865 1905 3953 1956 Sc-

2347 2005 2448 2056 que
2479 1990 2618 2041 cuitu
2654 2000 2804 2058 typus
2832 2000 3006 2051 esset,
3037 1991 3080 2043 si
3109 1992 3283 2042 omnia
3314 2007 3428 2060 qua!
3464 1993 3513 2043 iu
3546 1995 3792 2046 veritate
3832 2010 3946 2048 cun.

2349 2081 2553 2148 tingunt
2579 2121 2590 2140 ,
2631 2081 2870 2134 haberet.
2913 2081 3048 2146 Quid
3096 2084 3252 2150 igitur
3289 2093 3370 2136 est
3407 2084 3548 2152 quod
3597 2086 3668 2136 ibi
3718 2086 3950 2138 dicitur?

2345 2171 2490 2224 Sicut
2531 2172 2616 2224 ille
2640 2211 2655 2236 ,
2689 2172 2851 2240 inquit
2879 2213 2891 2234 ,
2923 2188 2990 2226 eo
3020 2173 3158 2241 quod
3191 2173 3334 2226 nulla
3365 2175 3434 2227 sit
3464 2178 3737 2228 memoria
3773 2193 3950 2230 eorum

2347 2265 2434 2332 qui
2465 2273 2764 2332 genuerunt
2788 2305 2802 2327 ,
2835 2264 3028 2316 dicitur
3064 2266 3178 2318 sine
3222 2276 3368 2332 patre
3401 2276 3455 2319 et
3493 2267 3614 2319 sine
3658 2280 3874 2327 matre,
3907 2279 3952 2321 et

2345 2353 2464 2421 quia
2495 2368 2598 2406 non
2634 2363 2941 2407 recensetnr
2970 2354 3083 2422 ejus
3111 2357 3412 2424 genealogia
3435 2398 3449 2419 ,
3481 2356 3685 2411 dicitur
3718 2361 3840 2414 sine
3866 2376 3949 2428 ge-

2349 2444 2582 2510 nealogis
2614 2460 2625 2493 ε
2658 2444 2726 2496 ita
2755 2453 2806 2496 et
2833 2441 3076 2496 Christus
3096 2486 3109 2506 ,
3141 2446 3260 2513 quia
3295 2461 3396 2498 non
3427 2446 3583 2499 habet
3619 2449 3702 2499 vel
3742 2452 3796 2500 in
3825 2452 3946 2501 erle

2349 2545 2592 2596 matrem,
2626 2535 2702 2584 vel
2734 2536 2782 2584 in
2815 2543 2950 2587 terra
2983 2545 3204 2600 patrem,
3235 2536 3433 2605 absque
3467 2540 3793 2607 genealogis
3823 2540 3948 2591 diei-

2349 2635 2432 2678 tur
2457 2635 2506 2679 et
2533 2637 2630 2679 Cal.
2659 2626 2787 2678 Vide
2813 2627 3079 2695 quomodo
3107 2643 3197 2694 per
3225 2632 3479 2683 honorem
3505 2630 3556 2682 in
3589 2631 3949 2697 patriareham

2346 2716 2634 2778 collatum,
2678 2719 2989 2787 mysterium
3035 2717 3246 2787 aliquod
3281 2719 3432 2771 nobis
3462 2719 3794 2772 insinuatur.
3831 2721 3949 2773 Pro-

2354 2810 2471 2863 tulit
2500 2811 2640 2864 cnint
2675 2827 2862 2879 panem
2891 2822 2944 2864 et
2979 2813 3180 2864 vinntn.
3216 2811 3411 2866 Videns
3441 2823 3621 2882 typum
3645 2856 3659 2878 ,
3696 2818 3880 2885 Cogita
3909 2829 3952 2868 et

2348 2901 2624 2954 veritatem
2647 2941 2661 2965 ,
2699 2912 2748 2953 et
2792 2901 3056 2955 admirare
3083 2902 3278 2955 divina:
3313 2901 3604 2971 Scriptura;
3635 2905 3750 2958 vim
3782 2950 3795 2966 .
3827 2922 3952 2974 quo-

2349 2990 2508 3043 modo
2547 2991 2912 3058 superioribus
2952 2992 3158 3045 smeulis
3183 3001 3234 3045 et
3260 2991 3328 3044 ab
3355 2992 3504 3045 initio
3545 2993 3725 3045 futura
3773 2997 3952 3063 prasi-

2347 3079 2632 3148 goiliCavit.
2664 3079 2750 3132 l9.
2779 3080 2840 3131 Et
2868 3081 3138 3142 benedixit,
3170 3081 3356 3149 inquit,
3382 3082 3679 3146 Abramam,
3707 3095 3756 3135 et
3783 3086 3915 3136 dixit
3939 3105 3950 3136 .-

2350 3170 2644 3224 Benedictus
2685 3172 2870 3224 Abram
2914 3171 3018 3224 Deo
3056 3173 3302 3226 altissimo
3325 3212 3343 3238 ,
3370 3173 3454 3241 qui
3477 3176 3665 3228 creauit
3692 3178 3881 3229 calum
3909 3189 3950 3228 et

2350 3272 2550 3312 terram.
2579 3260 2668 3314 90.
2706 3261 2768 3314 Et
2797 3262 3084 3314 benedictus
3111 3263 3245 3315 Deus
3273 3264 3548 3318 altissimus
3571 3307 3585 3328 ,
3614 3267 3708 3333 qui
3741 3269 3950 3319 tradidit

2348 3352 2574 3402 inimicos
2598 3361 2707 3402 tuos
2747 3353 2796 3403 in
2829 3369 3006 3404 manus
3036 3363 3170 3405 tuas.
3207 3353 3320 3405 Non
3350 3353 3520 3407 solum
3564 3354 3744 3423 ipsum
3789 3358 3948 3412 [ncne-

2346 3439 2522 3504 dixit,
2555 3441 2647 3494 sed
2676 3451 2727 3495 et
2760 3443 2924 3496 Deutn
2956 3443 3284 3510 glorilieavit.
3319 3444 3383 3499 Ut
3409 3445 3541 3498 dixit
3569 3447 3717 3499 enim
3741 3490 3756 3510 ,
3793 3448 3944 3500 Bene-

2346 3529 2510 3582 dictus
2549 3532 2732 3584 Abram
2772 3531 2878 3584 Deo
2916 3533 3159 3587 altissimo
3183 3576 3198 3600 ,
3230 3536 3315 3602 qui
3347 3537 3527 3588 creavit
3557 3539 3744 3588 ert-lum
3773 3551 3820 3590 et
3850 3551 3942 3590 trr-

2346 3638 2475 3683 ram,
2499 3638 2528 3675 a
2551 3625 2807 3677 creaturis
2830 3624 3071 3678 virtutem
3098 3625 3185 3679 Dei
3215 3625 3366 3678 nobis
3390 3626 3698 3680 declaravit.
3729 3628 3783 3681 Si
3808 3632 3942 3680 enen

2351 3713 2490 3765 Deus
2517 3724 2596 3767 est
2623 3714 2710 3766 ille
2737 3716 2822 3782 qui
2856 3715 3100 3781 produxit
3130 3717 3314 3769 ca'lutn
3345 3727 3398 3769 et
3425 3726 3641 3780 terram,
3679 3734 3789 3772 non
3823 3733 3942 3773 sunt

2344 3806 2452 3874 jam
2485 3806 2553 3858 dii
2581 3806 2670 3874 qui
2698 3805 2762 3858 ab
2793 3807 3092 3860 hominibus
3121 3808 3368 3861 coluntur
3393 3825 3406 3860 :
3440 3807 3525 3860 Dii
3553 3811 3720 3870 enim,
3755 3813 3941 3879 inquit,

2347 3897 2430 3965 qui
2455 3898 2631 3949 arium
2653 3908 2698 3949 et
2721 3909 2900 3950 terram
2924 3915 3022 3949 non
3049 3901 3290 3968 fecerunt,
3318 3911 3518 3967 pereant
3544 3899 3678 3967 (lrr.
3717 3902 3803 3956 lo.
3840 3906 3936 3960 ll}.

2351 3984 2680 4051 Benedictus,
2712 3986 2879 4055 inquit
2901 4028 2913 4049 ,
2944 3986 3075 4040 Deus
3096 4029 3108 4048 ,
3140 3989 3226 4056 qui
3254 3991 3458 4041 tradidit
3486 3991 3722 4043 inimicos
3756 4005 3869 4046 tuos
3899 3999 3941 4044 is

2349 4088 2529 4128 manus
2565 4086 2697 4128 tuas.
2731 4076 2858 4140 Vide
2882 4117 2897 4142 ,
2927 4092 3021 4130 oro
3045 4117 3060 4141 ,
3085 4079 3350 4147 quomodo
3393 4096 3497 4133 non
3539 4082 3716 4133 solum
3742 4086 3938 4150 justum:

2348 4167 2617 4234 przrdicat,
2650 4167 2744 4222 sed
2773 4176 2826 4220 et
2856 4168 2945 4221 Dei
2974 4169 3268 4222 subsidium
3296 4173 3556 4239 agnoscit.
3586 4171 3772 4241 Neque
3803 4179 3939 4227 emo.

2348 4258 2546 4326 absque
2590 4260 2730 4314 illius
2759 4260 2922 4330 gratia
2972 4262 3228 4330 potuisset
3266 4272 3407 4316 tanta
3441 4265 3675 4331 potentia
3711 4269 3942 4319 mtrnit~=s

2348 4349 2582 4403 vincere.
2619 4349 2719 4416 Qui
2757 4351 3001 4414 tradidit,
3035 4351 3234 4418 inqttit,
3265 4353 3498 4404 inimicos
3525 4365 3634 4406 tuos
3670 4372 3689 4406 :
3723 4357 3839 4422 ipse
3869 4371 3940 4408 e~t

2348 4440 2432 4506 qui
2464 4449 2628 4493 totum
2660 4453 2908 4508 eperatus
2933 4449 3052 4504 est,
3082 4441 3192 4508 ipse
3221 4441 3416 4510 estqui
3449 4441 3612 4495 fortes
3645 4444 3768 4495 fecit
3800 4445 3918 4497 itvlir

2347 4548 2482 4595 mos,
2516 4533 2627 4600 ipse
2653 4543 2734 4584 est
2763 4532 2849 4601 qui
2878 4547 2970 4600 per
2999 4533 3232 4586 inermes
3258 4543 3492 4586 armatos
3516 4533 3714 4602 dejecit
3741 4551 3755 4588 :
3787 4539 3856 4590 ab
3883 4560 3936 4590 ιη.

2345 4635 2425 4677 est
2469 4625 2758 4690 auxilium,
2793 4624 2936 4694 quod
2983 4634 3182 4678 tantam
3230 4625 3299 4678 ibi
3348 4624 3594 4681 virtutem
3647 4633 3933 4682 covieessit.

2349 4716 2447 4779 Qui
2472 4716 2698 4780 tradidit,
2727 4717 2912 4783 inquit,
2942 4717 3169 4769 inimicos
3193 4726 3302 4769 tuos
3328 4718 3379 4768 in
3407 4733 3584 4770 manus
3611 4729 3746 4772 tuas.
3782 4720 3934 4774 Vides

2346 4809 2612 4877 quomodo
2641 4809 2872 4862 ostendit
2918 4809 3081 4878 ipsius
3114 4809 3452 4863 concordiam
3478 4812 3580 4874 ,‘et
3609 4826 3933 4880 propensum

2346 4917 2581 4956 amorem
2613 4903 2664 4957 itt
2705 4903 2803 4956 Lot
2837 4921 2849 4956 :
2879 4902 3215 4971 declaratque
3253 4919 3373 4958 eum
3411 4915 3506 4974 pro
3550 4903 3783 4959 inimicis
3813 4908 3932 4960 istos

2347 4993 2593 5048 habuisse
2620 5035 2634 5059 ,
2675 5003 2892 5065 propter
2929 5009 2989 5047 ea
3027 5009 3144 5062 quae
3175 4994 3226 5046 in
3257 4993 3434 5047 fratris
3461 4995 3622 5047 lilium
3655 4993 3931 5049 fecerant?

2347 5090 2412 5144 Et
2439 5092 2574 5145 dedit
2598 5092 2663 5156 ei,
2695 5091 2878 5160 inquit,
2911 5090 3128 5143 decimas
3154 5089 3217 5144 de
3240 5089 3488 5142 omnibus.
3518 5088 3627 5142 Hoc
3656 5097 3712 5143 et
3739 5088 3930 5142 Paulus

2345 5182 2473 5236 dicit
2494 5200 2506 5237 :
2526 5180 2850 5235 Considerate
2870 5192 3034 5233 autem
3051 5191 3264 5248 quantus
3284 5180 3390 5243 ille,
3407 5180 3486 5232 cui
3506 5179 3726 5233 decimas
3749 5183 3929 5232 Abram

2349 5274 2632 5345 patriarcha
2658 5274 2791 5326 dedit
2818 5273 2878 5326 de
2905 5274 3136 5342 primitiis
3164 5273 3180 5342 (
3203 5271 3356 5324 Hebr.
3386 5273 3438 5324 7.
3466 5271 3498 5324 ι
3518 5272 3565 5338 );
3595 5271 3849 5326 videlicet
3873 5289 3924 5325 es

2346 5367 2529 5436 spoliis
2557 5381 2673 5435 qua:
2701 5364 2915 5418 adduxit
2954 5373 3324 5418 remuneratus
3352 5371 3433 5416 est
3461 5361 3926 5422 MeldtiSedecem.

2347 5472 2398 5514 ct
2424 5460 2657 5514 decimas
2683 5458 2729 5510 ei
2761 5458 3053 5526 segregavit
3084 5455 3148 5510 de
3175 5455 3422 5508 omnibus
3450 5468 3566 5522 qua:
3591 5454 3767 5507 attulit
3803 5473 3818 5508 :
3846 5471 3929 5524 per

2347 5551 2446 5605 lvoc
2489 5551 2674 5604 doctor
2719 5549 2884 5602 factus
2931 5546 3212 5610 omnibus,
3257 5557 3312 5599 ut
3353 5555 3558 5614 gratum
3596 5546 3928 5601 declarante~

2345 5642 2577 5694 animum
2603 5683 2616 5702 ,
2648 5639 2905 5708 primitias
2945 5653 3126 5691 earum
3155 5653 3272 5706 qua:
3299 5638 3396 5692 sibi
3428 5652 3456 5690 a
3489 5637 3601 5692 Deo
3629 5639 3928 5692 concedun-

2347 5744 2452 5796 tur,
2481 5732 2724 5786 offerant.
2760 5730 2884 5784 Post
2930 5728 3041 5782 haec
3086 5729 3435 5782 Sodomorum
3480 5745 3576 5785 rex
3617 5730 3925 5799 patriatthz

2347 5820 2832 5890 magnanimitatem
2863 5819 3243 5889 obstupesecns
3268 5819 3394 5874 dicit
3435 5821 3482 5873 ei
3514 5839 3526 5872 :
3559 5818 3654 5874 2t.
3699 5817 3785 5875 Du
3819 5823 3926 5872 vstitu

3598 6466 3941 6474 ᾐήὴ-ήή
