4094 6510
149 456 268 512 3‘27

145 574 263 642 τῆς
304 570 402 624 τοῦ
452 569 663 624 δικαίου
712 567 961 635 ἀνδρείας
999 566 1097 636 τὴν
1141 563 1565 636 μεγαλοψυχίαν,
1611 558 1758 642 ὅπως

148 641 456 727 θαρρήσας
482 657 546 725 τῇ
575 651 669 706 τοῦ
695 651 830 704 Θεοῦ
862 649 1089 720 δυνάμει
1113 649 1173 701 ού
1199 645 1519 712 κατεπλάγη
1542 641 1648 695 τῶν
1665 641 1759 692 ἀν-

148 739 314 806 δρῶν
357 740 458 810 τὴν
499 737 675 807 ἰσχὺν,
712 733 900 805 μαθὼν
932 732 1032 805 τὴν
1067 731 1275 802 τροπὴν
1311 730 1376 800 ἣν
1410 727 1760 810 ἐποιήσαντο,

153 820 441 894 πρότερον
475 819 572 889 μὲν
598 817 741 871 κατά
768 816 878 870 τῶν
905 816 1072 870 ἐθνῶν
1099 816 1355 869 ἀπάντων
1393 809 1758 881 ὁρμήσαντες,

152 905 266 960 καὶ
301 904 429 967 τοὺς
449 901 821 973 Ἀμαληκίτας
850 902 944 956 καί
966 901 1092 963 τοὺς
1116 897 1337 958 λοιποὺς
1360 894 1606 954 ἅπαντας
1631 907 1762 945 κατ-

149 986 597 1056 αγωνισάμενοι,
628 985 818 1039 ἔπειτα
854 984 911 1038 δέ
940 982 1075 1054 πρὸς
1101 982 1227 1042 τοὺς
1255 981 1313 1032 ἐν
1345 976 1602 1045 Σοδόμοις
1623 989 1761 1043 συμ-

151 1068 451 1130 ϐαλόντες.
478 1069 574 1123 καὶ
599 1070 679 1132 εἰς
703 1067 880 1138 φυγὴν
903 1064 1100 1126 αὐτοὺς
1118 1061 1440 1133 τρίψαντες,
1470 1061 1564 1112 καὶ
1581 1059 1760 1110 πᾶσαν

150 1151 354 1206 αὐτῶν
381 1151 702 1222 ἀφελόμενοι
739 1149 836 1220 τὴν
865 1145 1120 1217 ὓπαρξιν.
1153 1143 1254 1197 Διά
1286 1144 1396 1214 γάρ
1429 1141 1587 1196 τοῦτο
1629 1155 1762 1208 προ-

146 1233 415 1288 λαϐοῦσα
440 1235 473 1305 ή
503 1233 623 1286 θεία
649 1231 840 1304 Γραφὴ
865 1230 1041 1283 πάντα
1073 1227 1247 1281 ταῦτα
1282 1227 1414 1297 ἡμῖν
1441 1224 1757 1295 διηγήσατο,

149 1318 268 1372 καὶ
286 1318 387 1371 ὅσα
404 1317 493 1371 διά
517 1316 616 1387 τῆς
638 1315 816 1369 αὐτῶν
846 1312 1097 1386 ἀνδρείας
1129 1310 1518 1383 κατώρθωσαν,
1543 1309 1629 1361 ἵνα
1661 1307 1762 1376 μά-

151 1401 274 1473 θῃς
293 1400 369 1464 ώς
387 1400 448 1453 οὐ
485 1400 769 1470 σωματικῇ
803 1397 948 1468 ἰσχύϊ
965 1399 994 1450 6
1016 1396 1358 1466 πατριάρχης
1380 1391 1603 1453 τούτους
1631 1404 1762 1444 κατ-

146 1482 502 1552 ηγωνίσατο,
530 1481 666 1536 ἀλλά
694 1483 760 1552 τῇ
794 1481 976 1535 πίστει
1009 1482 1077 1550 τῇ
1117 1480 1197 1541 εἰς
1238 1476 1330 1530 τὸν
1359 1474 1516 1538 Θεὸν,
1564 1475 1660 1527 καὶ
1693 1474 1758 1545 τῇ

149 1564 383 1619 ἄνωθεν
422 1564 642 1636 βοηθείᾳ
665 1563 1034 1634 τειςειζόμενος
1061 1561 1237 1616 πάντα
1265 1557 1438 1614 ταῦτα
1466 1555 1761 1627 κατώρθω-

151 1663 289 1711 σεν,
314 1647 414 1718 οὐχ
435 1647 575 1701 ὅπλα
599 1648 847 1717 κινήσας,
873 1645 968 1700 καὶ
993 1644 1146 1714 βέλη,
1161 1643 1255 1697 καὶ
1273 1642 1496 1713 δόρατα,
1523 1640 1616 1692 καί⁵
1632 1637 1762 1704 τόξα

149 1730 377 1795 τείνας,
415 1731 511 1783 καὶ
551 1729 786 1793 ἀσπίδας
839 1727 1265 1800 προϐαλόμενος,
1307 1722 1446 1778 ἀλλά
1477 1721 1617 1795 μετά
1651 1719 1761 1773 τῶν

145 1813 488 1881 οίκογενῶν.
741 1855 748 1862 .

241 1897 356 1952 Καὶ
377 1896 518 1961 τίνος
538 1896 744 1962 ἐνεκεν,
768 1896 952 1968 φησιν,
970 1892 1243 1964 ήρίθμησε
1263 1887 1606 1962 τριακοσίους
1629 1886 1762 1940 δέκα

148 1982 272 2034 καὶ
314 1978 461 2033 ὀκτὼ
503 1981 827 2048 οἰκογενεῐςς
879 1977 999 2032 Ἵνα
1037 1975 1237 2047 μάθῃς,
1292 1974 1375 2026 ὅτι
1425 1971 1523 2041 οὐχ
1576 1968 1762 2033 ἁπλῶς

151 2065 424 2125 ἅπαντας
452 2061 664 2124 ἐλαϐεν,
695 2060 832 2114 ἀλλά
864 2061 990 2123 τοὺς
1012 2058 1335 2126 οἰκογενεῖς,
1372 2054 1496 2117 τοὺς
1530 2070 1763 2106 συνανα-

149 2145 482 2218 τραφέντας
515 2142 662 2217 {556]
697 2144 774 2215 τῷ
816 2143 961 2207 Λὼτ,
1004 2142 1094 2197 ἵνα
1138 2140 1278 2212 μετά
1313 2139 1515 2210 πολλῆς
1552 2136 1765 2202 εὐνοίας

147 2229 274 2300 τὴν
301 2228 578 2298 ἐκδίκησιν
619 2230 974 2301 ποιήσωνται,
1005 2226 1081 2290 ώς
1106 2225 1246 2296 ὑπὲρ
1271 2224 1471 2279 οἰκείου
1501 2220 1763 2301 δεσπότου

150 2310 363 2364 λοιπὸν
389 2300 800 2381 ἀγωνιζόμενοι.
838 2310 947 2364 Καὶ
974 2308 1071 2361 θέα
1111 2324 1203 2378 μοι
1228 2307 1327 2376 τῆς
1349 2306 1633 2374 δυνάμεως
1668 2300 1763 2356 τοῦ

151 2391 314 2445 Θεοῦ
341 2392 437 2463 τὴν
467 2392 793 2463 ὑπερϐολήν,
828 2391 948 2461 μεθ’
974 2391 1107 2460 ὅσης
1125 2387 1428 2458 ταχύτητος
1463 2386 1531 2439 τά
1562 2386 1662 2455 τῆς
1685 2384 1766 2436 νί-

153 2493 282 2547 κης
328 2476 637 2546 γεγένηται.
688 2474 978 2528 Ἐπέπεσε
1021 2474 1130 2545 γάρ
1177 2470 1400 2537 αὐτοῖς,
1449 2469 1604 2540 φησὶ,
1653 2465 1769 2534 τὴν

152 2563 370 2616 νύκτα
396 2560 598 2625 αὐτὸς,
622 2559 721 2612 καί
754 2562 809 2612 οί
849 2556 1061 2622 παῖδες
1088 2555 1299 2619 αὐτοῦ,
1333 2553 1432 2608 καί
1466 2550 1769 2617 ἐπάταξεν

153 2645 422 2709 αὐτοὺς,
451 2643 550 2696 καί
587 2642 835 2707 ἐδίωξεν
864 2643 1105 2705 αὐτούς.
1145 2641 1211 2692 Ἦ
1245 2637 1356 2708 γάρ
1394 2635 1603 2690 ἀνωθεν
1646 2635 1768 2706 χεὶρ

155 2724 237 2800 ἦν
293 2726 742 2795 συνεφαπτομὲνη
775 2727 870 2778 καὶ
905 2721 1361 2793 συστρατηγοῦσα
1401 2722 1515 2782 τοῖς
1549 2718 1768 2788 γινομέ-

153 2828 309 2876 νοις.
342 2812 419 2862 Δι’
443 2808 472 2861 6
499 2809 619 2862 οὐδὲ
649 2808 828 2861 ὃπλων
862 2807 1046 2869 αὐτοῖς
1083 2805 1325 2875 ἐδέησεν,
1355 2803 1477 2856 οῦδὲ
1522 2817 1770 2872 μηχανη-

161 2895 392 2965 μάτων,
417 2891 552 2945 ἀλλά
578 2894 738 2961 μόνον
758 2891 947 2954 φανεὶς
977 2887 1114 2960 μετά
1133 2886 1243 2942 τῶν
1267 2884 1496 2939 οἰκετῶν
1522 2885 1648 2945 τοὺς
1671 2883 1769 2954 μέν

159 2974 440 3040 ἐπάταξε,
483 2973 608 3037 τοὺς
647 2972 703 3026 δὲ
740 2974 820 3035 είς
852 2971 1032 3042 φυγὴν
1067 2971 1310 3042 ὁρμῆσαι
1360 2965 1765 3039 παρεσκεύασε,

158 3061 268 3112 καὶ
326 3057 585 3126 ἐκάτερον
627 3055 850 3126 ἐποίησε
899 3053 1038 3124 μετά
1067 3053 1252 3116 ἀδείας
1284 3051 1525 3122 ἀπάσης,
1556 3048 1771 3112 οὐδενὸς

155 3143 330 3202 δντος
369 3138 462 3192 τοῦ
505 3137 871 3208 ἐνοχλοῦντος,
913 3137 1014 3206 τήν
1045 3153 1103 3188 τε
1151 3131 1320 3188 ῐππον
1365 3133 1462 3186 τοῦ
1505 3131 1772 3202 βασιλέως

159 3223 430 3291 Σοδόμων
462 3219 793 3290 ἀπέστρεψε,
827 3221 921 3272 καὶ
948 3220 1040 3272 τὸν
1068 3218 1192 3272 Λὼτ
1222 3218 1313 3271 τὸν
1341 3214 1657 3285 ἀδελφιδοῦν
1682 3213 1773 3268 αὺ-

159 3305 296 3369 τοῦ,
329 3304 423 3358 καί
445 3305 621 3359 πάντα
640 3304 708 3357 τά
730 3303 1046 3374 ὑπάρχοντα
1067 3302 1276 3363 καὶτὰς
1295 3301 1580 3368 γυναῖκας.
1606 3295 1772 3368 Ὀρᾷς

160 3389 261 3443 διὰ
294 3389 350 3442 τί
379 3387 732 3459 συνεχωρήθη
761 3387 866 3439 τῶν
895 3386 1069 3440 ἀλλων
1097 3384 1450 3452 πεφευγότων
1471 3384 1500 3434 6
1526 3381 1648 3435 Λὼτ
1680 3379 1774 3451 μό-

163 3489 264 3535 νος
305 3470 648 3540 αἱχμάλωτος
684 3469 969 3538 γενέσθαι;
1002 3467 1119 3520 ἰνα
1154 3467 1249 3520 καὶ
1299 3465 1392 3520 τοῦ
1433 3464 1774 3535 πατριάρχου

163 3554 486 3624 κατάδηλος
512 3555 738 3624 γένηται
768 3553 802 3624 ή
830 3550 1018 3623 ἀρετὴ.
1049 3551 1144 3603 καὶ
1177 3549 1245 3602 δι’
1275 3548 1438 3601 αὑτὸν
1469 3548 1564 3601 καὶ
1594 3546 1774 3616 ἕτεροι

166 3636 371 3690 πολλοὶ
399 3637 498 3706 τῆς
527 3634 802 3706 σωτηρίας
830 3635 1152 3703 ἐπιτύχωσι.
1190 3633 1298 3685 Καὶ
1331 3630 1558 3702 ἐπανῄει
1590 3628 1774 3683 λοιπὸν

169 3721 331 3792 μέγα
379 3722 473 3772 καὶ
517 3719 768 3792 λαμπρὸν
807 3719 1064 3789 τρόπαιον
1103 3716 1468 3786 ἐπαγόμενος,
1509 3713 1648 3786 μετά
1679 3713 1775 3766 τοῦ

166 3804 303 3859 Λὼτ
347 3803 443 3855 καὶ
480 3803 579 3872 τὴν
615 3803 803 3868 ἵππον,
840 3803 934 3854 καὶ
967 3800 1065 3864 τάς
1107 3803 1392 3869 γυναῖκας,
1429 3801 1524 3853 καὶ
1561 3799 1631 3852 τά
1671 3799 1777 3851 ὑπ-

170 3887 424 3957 άρχοντα
457 3884 874 3956 ἐπιφερόμενος,
926 3887 1020 3938 καὶ
1068 3885 1204 3936 πᾶσι
1255 3872 1487 3953 λαμπρᾷ
1521 3883 1588 3951 τῇ
1622 3885 1774 3955 φωνῇ

170 3969 495 4040 κηρύττων,
520 3971 613 4020 καὶ
642 3968 941 4036 σάλπιγγος
977 3967 1388 4037 μεγαλοφωνότε
1398 3981 1488 4036 ρον
1514 3964 1672 4034 βοῶν,
1694 3965 1776 4018 ὅτι

171 4053 280 4105 οὐκ
309 4049 629 4120 ἀνθρωπίνη
655 4050 904 4121 δυνάμει,
926 4049 1045 4102 οὐδὲ
1075 4047 1220 4120 ἰσχύϊ
1243 4047 1512 4118 σωμάτων
1536 4045 1635 4116 τὴν
1657 4063 1778 4117 τρο-

176 4135 292 4204 πὴν
324 4132 638 4203 εἰργάσατο.
677 4127 770 4185 καὶ
799 4133 899 4203 τὴν
937 4133 1092 4202 νίκην
1126 4133 1316 4202 ῆρατο,
1351 4130 1489 4183 ἀλλά
1515 4130 1614 4200 τῆς
1639 4129 1779 4182 ἀνω-

178 4219 276 4270 θεν
309 4217 497 4288 χειρὸς
531 4218 702 4271 πάντα
730 4217 1125 4287 ἐργαζομένης.
1158 4211 1308 4278 Εῐδες
1329 4213 1417 4268 διά
1449 4215 1666 4267 πάντων
1687 4215 1777 4267 τὸν

177 4302 397 4356 δίκαιον
431 4300 890 4370 περιφανέστερον
927 4299 1232 4369 γινόμενον,
1269 4299 1364 4352 καὶ
1396 4296 1517 4350 καθ’
1547 4298 1778 4351 ἕκαστον

182 4389 384 4457 καιρὸν
419 4388 548 4439 πᾶσι
575 4384 860 4438 δεικνύντα
895 4383 993 4454 τὴν
1019 4383 1146 4453 περί
1177 4383 1338 4435 αὐτὸν
1365 4381 1460 4434 τοῦ
1489 4380 1624 4434 Θεοῦ
1655 4381 1780 4452 πρό-

186 4487 338 4524 νοιαν
363 4470 540 4539 ἱὋρα
572 4469 732 4521 αὐτὸν
760 4467 946 4520 λοιπὸν
977 4468 1070 4519 καὶ
1104 4465 1429 4519 διδάσκαλον
1467 4464 1780 4528 θεοσεϐείας

183 4553 444 4620 γενέσθαι
500 4551 866 4609 σπουδάζοντα
911 4551 1024 4612 τοῖς
1073 4549 1130 4601 ἐν
1184 4548 1462 4618 Σοδόμοις.
1535 4546 1781 4613 Ἑξῆλθε

186 4637 319 4706 γὰρ,
364 4637 550 4704 φησὶν,
585 4638 618 4688 ό
652 4632 952 4698 βασιλεὺς
977 4631 1257 4701 Σοδόμων
1279 4634 1366 4697 είς
1399 4630 1782 4696 συνάντησιν

186 4716 351 4784 αὐτῷ
385 4718 539 4787 μετὰ
573 4718 637 4771 τὸ
665 4715 1040 4784 ἀναστρέψαι
1072 4715 1258 4767 αὑτὸν
1287 4715 1406 4768 ἀπὸ
1441 4711 1547 4781 τῆς
1586 4711 1782 4780 κοπῆς

188 4804 298 4859 τοῦ
321 4803 758 4872 Χοδολοτομιίρ,
791 4805 888 4855 καὶ
918 4801 1035 4855 τῶν
1050 4803 1362 4866 βασιλέων
1389 4801 1507 4853 τῶν
1529 4800 1657 4869 μετ’
1677 4802 1784 4854 αὺ-

190 4887 320 4940 τοῦ.
365 4887 568 4940 Σκόπει
600 4887 762 4938 πόσον
800 4887 947 4937 ἐστὶν
978 4887 1008 4954 ἡ
1043 4884 1232 4954 ἀρετὴ,
1275 4885 1367 4936 καὶ
1400 4884 1460 4936 τὸ
1496 4883 1596 4952 τῆς
1635 4883 1784 4953 παρά

191 4968 286 5020 τοῦ
317 4969 457 5022 Θεοῦ
495 4968 814 5038 συμμαχίας
847 4967 1160 5020 ἀπολαύειν.
1204 4967 1262 5018 Ὀ
1296 4965 1544 5034 βασιλεὺς
1587 4965 1664 5035 τῷ
1699 4965 1785 5031 ξέ-

194 5071 290 5120 νῳ,
319 5052 399 5122 τῷ
444 5052 728 5123 πρεσϐύτῃ
762 5054 839 5114 εἰς
879 5051 1198 5120 συνάντησιν
1235 5048 1425 5114 ἔξεισι,
1471 5050 1565 5100 καὶ
1605 5050 1784 5101 πᾶσαν

193 5136 463 5206 ἀπονέμει
489 5139 672 5204 τιμήν.
721 5135 1020 5204 Ἐμάνθανε
1069 5135 1176 5205 γὰρ
1214 5133 1290 5197 ώς
1326 5132 1478 5185 οὐδὲν
1503 5131 1651 5201 αύτῷ
1687 5134 1785 5203 τῆς

200 5219 477 5287 βασιλείας
505 5219 696 5288 δφελος
722 5219 821 5288 τῆς
844 5217 1048 5272 ἀνωθεν
1074 5219 1386 5288 συμμαχίας
1409 5217 1782 5288 ἠρημωμένῳ,

197 5304 291 5357 καὶ
311 5303 385 5367 ώς
416 5304 569 5357 οὐδὲν
591 5303 666 5368 ἀν
694 5301 903 5370 γένοιτο
929 5301 1296 5371 δυνατώτερον
1324 5301 1417 5354 τοῦ
1442 5301 1546 5354 ὑπὸ
1572 5303 1669 5371 τῆς
1687 5302 1779 5354 τοῦ

201 5383 334 5438 Θεοῦ
379 5385 563 5456 χειρὸς
611 5384 994 5456 βοηθουμένου.
1041 5384 1146 5439 Καὶ
1185 5385 1580 5452 Μελχισεδὲκ,
1630 5387 1783 5455 φησὶ,

197 5467 498 5534 ,ϐασιλεὺς
525 5467 732 5535 Σαλὴμ
757 5467 1082 5535 ἐξήνεγκεν
1107 5467 1324 5535 ἄρτους
1355 5468 1452 5520 καὶ
1482 5465 1667 5521 οἶνον·
1708 5464 1788 5538 ἦν

204 5549 270 5601 δὲ
308 5552 498 5619 ἱερεὺς
533 5550 639 5605 τοῦ
682 5549 830 5604 Θεοῦ
853 5551 958 5604 τοῦ
1007 5553 1291 5620 ὑψίστου.

276 5640 339 5686 ι’.
357 5635 420 5688 Τί
444 5633 692 5705 βούλεται
709 5635 840 5705 ημῖν
857 5633 994 5704 αῦτη
1021 5637 1469 5707 ήπαρατήρησις,
1490 5637 1788 5703 Βασιλεὺς

209 5716 436 5785 Σαλήμ,
466 5721 560 5772 καὶ
591 5717 801 5786 Ἱερεὺς
831 5718 937 5772 τοῦ
962 5719 1111 5773 Θεοῦ
1140 5721 1244 5774 τοῦ
1284 5723 1551 5789 ὑψίστου
1575 5739 1593 5784 ;
1625 5721 1782 5773 Βασι-

211 5792 333 5862 λεὺς
363 5802 460 5870 μὲν
478 5797 566 5872 ἦν,
597 5801 750 5872 φησὶ,
781 5804 879 5873 τῆς
902 5802 1093 5874 Σαλήμ
1151 5803 1348 5856 Τοῦτον
1377 5804 1485 5877 γὰρ
1509 5807 1598 5858 καί
1625 5807 1654 5858 6
1681 5823 1786 5875 μα-

213 5879 394 5948 κάριος
423 5884 633 5948 Παῦλος
655 5886 791 5956 πρὸς
821 5887 946 5948 τοὺς
968 5885 1024 5953 ἐξ
1059 5885 1323 5958 Ἑϐραίων
1355 5889 1786 5956 πεπιστευκότας

217 5963 533 6023 ἐπιστέλλων
576 5972 655 6034 εἰς
691 5971 855 6037 μέσον
885 5971 1167 6042 παράγων,
1199 5975 1292 6026 καί
1319 5974 1379 6026 τὸ
1412 5975 1580 6046 ὄνομα
1620 5978 1783 6031 αὑτοῦ

219 6051 586 6122 περιστρέφων
613 6054 705 6106 καὶ
731 6054 901 6122 πόλιν,
928 6056 1062 6126 ὁμοῦ
1090 6057 1380 6128 ὲρμηνεύει
1404 6058 1496 6112 τοῦ
1524 6061 1784 6130 ὀνόματος

1191 445 1256 501 IN
1295 445 1446 501 CAP.
1487 440 1603 498 XIV
1647 434 1892 495 GENES.
1939 434 2170 490 ΗΟΜΙΙ..
2213 435 2434 493 XXXV.

3358 426 3470 482 398

1863 552 1962 623 τὴν
1991 553 2289 622 σημασίαν,
2320 552 2415 606 καὶ
2444 549 2776 621 ἐτυμολογίᾳ
2809 546 2917 602 τινί⁸
2957 545 3226 618 κέχρηται
3260 543 3460 612 λέγων,

1861 639 1989 691 Μελ
1994 635 2259 706 χισεδέκ,
2281 635 2585 702 ,βασιλεὺς
2604 634 3019 699 δικαιοσύνης.
3043 629 3155 684 Καὶ
3181 628 3292 697 γὰρ
3317 625 3464 682 κατά

1860 720 1960 790 τὴν
1990 719 2288 790 Ἐϐραῖκὴν
2319 719 2568 787 γλῶτταν
2613 717 2676 771 τὺ
2723 717 2822 787 μέν
2847 713 3021 784 Μελχὶ
3056 710 3332 785 βασιλείαν
3358 727 3463 782 ση-

1866 802 2068 870 μαίνει.
2098 804 2159 856 τὸ
2182 802 2238 856 δέ
2265 803 2450 865 Σεδέκ,
2479 799 2847 871 δικαιοσύνην.
2880 794 3012 851 Εἶτα
3044 796 3139 849 καὶ
3168 795 3246 858 εἰς
3267 793 3328 847 τὸ
3347 792 3464 846 δνο-

1865 903 1942 956 μα
1964 887 2064 956 τῆς
2091 885 2301 951 πόλεως
2330 885 2502 939 ἐλθών
2523 901 2678 956 φησι,
2713 881 2975 945 Βασιλεὺς
2996 879 3242 950 εἰρήνης·
3267 875 3330 929 τὸ
3351 874 3462 946 γάρ

1864 966 2052 1038 Σαλήμ
2083 969 2308 1041 εἰρήνην
2335 969 2610 1040 ἐμφαίνει.
2642 967 2848 1038 Ἱερεὺς
2878 964 2934 1018 δὲ
2955 959 3022 1034 ἦν
3053 961 3184 1024 ἴσως
3214 960 3463 1041 αὐτοχειο

1865 1038 2169 1123 ροτόνητος·
2200 1038 2343 1106 οὓτω
2361 1038 2474 1124 γάρ
2502 1047 2642 1122 ἦσαν
2661 1050 2782 1103 τότε
2810 1049 2859 1102 οἱ
2896 1047 3082 1119 ἱερεῖς·
3112 1044 3231 1114 ἦτοι
3260 1038 3353 1098 οὖν
3373 1040 3463 1095 διά

1861 1137 1922 1188 τὸ
1949 1139 2016 1206 τῇ
2047 1135 2233 1206 ήλικίᾳ
2271 1137 2540 1209 προϐῆναι
2583 1137 2632 1190 οἰ
2672 1134 3043 1206 προσήκοντες
3083 1125 3235 1198 αύτῷ
3263 1127 3462 1180 ἀπονε-

1863 1221 2135 1291 νεμήκασι
2167 1220 2265 1291 τὴν
2296 1223 2484 1292 τιμήν·
2518 1221 2552 1291 ἢ
2589 1221 2684 1273 καὶ
2717 1217 2881 1281 αὐτὸς
2925 1211 3230 1288 ἱερατεύειν
3262 1211 3462 1281 ἐπετή-

1861 1302 2042 1366 δευσε,
2073 1301 2326 1375 καθάπερ
2353 1304 2382 1356 6
2415 1301 2560 1368 Νῶε,
2588 1303 2842 1373 καθάπερ
2871 1303 2899 1354 6
2926 1298 3116 1362 Ἀϐελ,
3145 1295 3400 1364 καθάπερ
3431 1292 3464 1346 ὁ

1876 1386 2148 1459 Ἀϐραάμ,
2172 1388 2337 1458 ἡνίκα
2364 1386 2465 1451 τάς
2491 1387 2683 1451 θυσίας
2714 1385 3011 1458 προσῆγον.
3045 1381 3258 1445 Ἀλλως
3279 1378 3336 1432 δέ
3365 1376 3462 1431 καὶ

1862 1471 2032 1534 τύπος
2058 1470 2280 1542 ἔμελλεν
2303 1466 2444 1524 εἶναι
2466 1471 2561 1524 τοῦ
2593 1472 2636 1524 Χ
2645 1466 2854 1542 ριστοῦ.
2884 1465 2983 1520 Διά
3007 1463 3157 1537 [557]
3181 1462 3341 1517 τοῦτο
3365 1462 3462 1514 καὶ¹

1865 1553 2076 1618 Παῦλος
2084 1553 2259 1618 οὕτως
2274 1555 2438 1608 αὑτὸν
2453 1553 2786 1625 ἐκλαμϐάνει
2797 1551 2994 1620 λέγων·
3014 1546 3304 1615 Ἀπὰτωρ,
3317 1542 3464 1614 ἁμή-

1865 1654 2000 1706 τωρ,
2040 1638 2544 1707 ἀγενεαλόγητος,
2577 1634 2732 1706 μήτε
2775 1632 2976 1703 ἀρχὴν
3012 1631 3171 1702 ἔχων
3202 1626 3460 1700 ἡμερῶν,

1859 1721 2012 1791 μήτε
2054 1719 2204 1789 ζωῆς
2232 1721 2428 1788 τέλος,
2455 1719 2916 1791 ἀφωμοιωμένος
2953 1716 3023 1770 δὲ
3073 1712 3155 1780 τῷ
3198 1711 3310 1779 Υίῷ
3353 1709 3463 1765 τοῦ

1869 1803 2038 1868 Θεοῦ,
2062 1803 2231 1872 μένει
2269 1804 2464 1872 ἱερεὺς
2491 1806 2580 1870 εις
2616 1806 2680 1856 τὸ
2709 1801 3004 1868 διηνεκές.
3043 1799 3155 1852 Καὶ
3186 1796 3324 1860 πῶς,
3353 1811 3464 1865 φη-

1868 1887 1975 1951 σὶν,
2005 1881 2117 1941 οἷόν
2146 1904 2204 1940 τε
2235 1886 2521 1958 ἄνθρωπον
2543 1886 2675 1940 δντα
2703 1884 2957 1956 ἀπάτορα
2983 1877 3242 1936 εἶναικαὶ
3265 1879 3466 1951 ἀμήτο·

1869 1989 1959 2044 ρα,
1988 1972 2085 2025 καί⁷
2116 1973 2252 2043 μήτε
2282 1973 2459 2042 ἀρχὴν
2481 1971 2708 2044 ἡμερῶν
2734 1970 2900 2040 ἔχειν,
2937 1968 3074 2039 μήτε
3105 1966 3252 2035 ζωῆς
3277 1963 3430 2025 τέλος
3445 1977 3462 2027 ἱ

1871 2057 2150 2119 Ἤκουσας
2168 2055 2251 2108 ὅτι
2266 2055 2434 2118 τύπος
2447 2051 2536 2127 ἦν·
2564 2055 2640 2126 μή
2660 2053 2840 2107 τοίνυν
2865 2051 3098 2117 ξενίζον,
3125 2047 3261 2121 μηδὲ
3287 2046 3465 2102 πάντα

1867 2138 2089 2193 ἀπαίτει
2123 2140 2183 2192 ἐν
2207 2137 2285 2210 τῷ
2315 2137 2493 2209 τύπῳ.
2531 2137 2668 2191 οὐδὲ
2694 2135 2803 2206 γάρ
2828 2135 2896 2189 ἀν
2930 2134 3015 2204 εἴη
3042 2133 3236 2195 τύπος,
3259 2130 3306 2184 εἰ
3336 2127 3467 2210 μιλ-

1866 2221 1948 2274 λοι
1984 2222 2162 2276 πάντα
2198 2207 2340 2293 ἐχειν
2381 2207 2453 2274 τά
2479 2223 2546 2292 τῇ
2578 2219 2810 2291 ἀληθεία
2841 2215 3230 2290 συμϐαίνοντα.
3269 2213 3335 2266 Τί
3372 2207 3469 2266 οὖν

1866 2306 1985 2359 ἐστι
2029 2304 2092 2358 τὸ
2134 2305 2463 2376 εἰρημένονς
2493 2303 2682 2375 ῶσπερ
2739 2295 2918 2368 οὗτος,
2971 2300 3127 2369 φησὶ.
3171 2297 3260 2350 διὰ
3299 2295 3362 2348 τὸ
3388 2294 3468 2367 μὴ

1871 2387 2311 2460 μνημονευθῆναι
2339 2389 2465 2452 τοὺς
2487 2384 2888 2456 γεγεννηκότας
2909 2383 3094 2448 αὑτὸν,
3121 2380 3354 2452 ἀπάτωρ
3380 2378 3462 2432 λι.

1867 2489 2025 2541 γεται
2073 2472 2169 2526 καὶ
2211 2472 2464 2542 ἀμήτωρ,
2509 2471 2604 2523 καὶ
2638 2467 2730 2522 διά
2775 2466 2838 2520 τὸ
2870 2467 2946 2537 μή
2982 2460 3466 2534 γενεαλογηθήναι,

1869 2555 2316 2625 ἀγενεαλόγητος
2342 2553 2486 2608 οὕτω
2511 2554 2606 2608 καὶ
2634 2556 2663 2608 6
2692 2551 2952 2624 Χριστὸς,
2989 2548 3078 2602 διὰ
3107 2547 3168 2602 τὸ
3200 2546 3277 2619 μὴ
3304 2547 3470 2617 ἐσχη-

1869 2638 2024 2692 κέναι
2048 2638 2186 2709 μήτι
2213 2639 2272 2691 ἐν
2297 2637 2545 2709 οὐρανοῖς
2578 2636 2810 2709 μητέρα,
2838 2635 2978 2706 μήτε
3001 2631 3096 2686 ἐπ)⁵
3115 2632 3215 2702 τῆς
3234 2630 3342 2701 γῆς
3361 2645 3470 2684 πα-

1869 2722 2023 2792 τέρα,
2058 2720 2490 2791 ἀγενεαλόγητος
2527 2719 2746 2789 λέγεται
2785 2719 2880 2772 καὶ
2913 2717 3049 2772 ἐστι.
3099 2716 3210 2771 Καὶ
3245 2717 3350 2784 δρα
3381 2712 3473 2768 διά

1868 2808 1968 2876 τῆς
2010 2807 2093 2868 εἰς
2137 2804 2230 2859 τὸν
2259 2805 2606 2876 πατριάρχην
2647 2803 2833 2874 τιμῆς,
2881 2803 3030 2865 ὅπως
3075 2797 3373 2872 μυστήριόν
3415 2813 3472 2850 τι

1871 2890 2003 2960 ήμτν
2026 2889 2095 2941 δι’
2114 2887 2287 2959 αὐτῆς
2309 2888 2630 2941 αἰνίττεται.
2668 2884 2962 2956 Ἐξήνεγκε
2997 2883 3108 2955 γάρ
3135 2884 3337 2952 ἄρτους
3374 2880 3473 2935 καὶ

1870 2967 2034 3026 οἶνον.
2079 2969 2255 3042 Ὁρῶν
2287 2970 2378 3023 τὸν
2420 2970 2613 3034 τύπον,
2642 2971 2755 3022 νόει
2795 2985 2886 3038 μοι
2926 2967 3024 3040 τὴν
3057 2966 3342 3038 ἀλήθειαν,
3376 2963 3474 3017 καὶ

1873 3055 2121 3125 θαύμαζε
2146 3055 2246 3124 τῆς
2273 3054 2425 3117 θείας
2447 3053 2674 3125 Γραφῆς
2706 3052 2807 3124 τὴν
2834 3050 3087 3120 δύναμιν,
3124 3048 3242 3112 πῶς
3265 3047 3473 3103 ἀνωθεν

1873 3141 1967 3194 καὶ
2010 3141 2073 3192 ἐκ
2111 3137 2413 3208 προοιμίων
2449 3138 2519 3190 τά
2563 3137 2825 3207 μέλλοντα
2869 3134 3089 3189 ἔσεσθαι
3131 3131 3466 3205 προεμήνυε.

1874 3222 1986 3276 Kal
2019 3221 2342 3291 εὐλόγησε.
2369 3221 2525 3290 φησὶ.
2554 3219 2662 3273 τὸν
2699 3217 2970 3288 Ἀϐραὰμ,
3005 3217 3105 3271 καί
3131 3213 3321 3270 εἶπενο
3352 3215 3472 3269 Εὐ-

1873 3304 2133 3375 λογητὸς
2194 3305 2452 3372 Ἀϐραὰμ
2490 3301 2572 3368 τῷ
2612 3300 2734 3367 Θεῷ
2766 3301 2845 3367 τῷ
2877 3303 3140 3371 ὑψίστῳ,
3175 3300 3245 3366 ὃς
3269 3292 3478 3354 ἔκτισε

1873 3389 1982 3442 τὸν
2008 3388 2272 3458 οὐρανὸν
2295 3386 2394 3440 καὶ
2427 3386 2543 3454 τὴν
2564 3385 2702 3456 γῆν.
2730 3385 2842 3440 Kal
2865 3384 3198 3454 εὐλογητὸς
3219 3385 3252 3436 ό
3279 3381 3425 3447 Θεὸς
3444 3382 3478 3435 ὁ

1875 3473 2157 3541 ὕψιστος,
2191 3470 2259 3536 ὃς
2288 3469 2593 3538 παρέδωκε
2618 3468 2762 3534 τοὺς
2792 3467 3050 3535 ἐχθρούς
3079 3481 3197 3520 σου
3232 3467 3478 3533 ὑποχει-

1868 3557 2045 3623 ρίους
2073 3569 2192 3608 σοι.
2231 3554 2305 3607 Ού
2344 3553 2504 3623 μόνον
2542 3551 2704 3606 αὑτὸν
2734 3550 3054 3620 εὐλόγησεν.
3093 3547 3230 3604 ἀλλά
3263 3549 3358 3600 καὶ
3384 3545 3480 3599 τὸν

1876 3639 2008 3692 Θεὸν
2045 3637 2316 3704 ἐδόξασεν.
2360 3634 2545 3689 Εἰπὼν
2579 3635 2709 3706 γὰρ,
2747 3631 3098 3702 Εὐλογητὸς
3135 3633 3353 3701 Ἀδραμ
3397 3628 3481 3696 τῷ

1880 3722 2002 3787 Θεῷ
2026 3719 2108 3786 τῷ
2137 3721 2399 3788 ὑψίστῳ,
2441 3719 2509 3784 ὃς
2555 3719 2760 3772 ἔκτισε
2794 3716 2902 3771 τὸν
2926 3717 3193 3785 οὐρανὸν
3226 3715 3323 3769 καί
3361 3712 3481 3782 τὴν

1879 3805 2016 3876 γῆν,
2043 3805 2136 3858 καί
2165 3804 2274 3856 ἀπὸ
2304 3801 2415 3856 τῶν
2441 3803 2753 3874 δημιουργη
2764 3802 2953 3873 μάτων
2973 3800 3068 3854 τοῦ
3102 3799 3240 3853 Θεοῦ
3266 3798 3366 3869 τὴν
3387 3796 3484 3850 δύ-

1879 3908 2042 3961 ναμιν
2071 3889 2203 3958 ἡμῖν
2239 3885 2527 3957 ἀνέφηνεν.
2562 3886 2626 3939 Εἰ
2655 3884 2765 3958 γάρ
2791 3884 2957 3948 αὑτός
2989 3885 3107 3938 ἐστι
3135 3883 3289 3949 Θεὸς,
3325 3883 3354 3936 6
3384 3881 3482 3935 τὸν

1877 3972 2106 4042 οὐρανὸν
2137 3971 2232 4023 καὶ
2263 3970 2362 4040 τὴν
2395 3970 2498 4040 γῆν
2529 3967 2890 4041 παραγαγὼν,
2921 3969 2971 4021 οί
3004 3967 3110 4020 ὑπὸ
3137 3966 3245 4020 τῶν
3267 3962 3482 4037 ἀνθρώο

1880 4072 1999 4108 πων
2037 4053 2465 4126 θεραπευόμενοι
2501 4055 2601 4107 οὐκ
2639 4052 2706 4106 ἀν
2746 4052 2856 4106 εῐεν
2883 4051 3016 4105 θεοίο
3047 4050 3178 4105 Θεοί
3205 4049 3335 4120 γάρ,
3369 4065 3482 4119 φηκ

1882 4141 1987 4201 σιν,
2029 4137 2086 4192 οἳ
2131 4137 2240 4192 τὸν
2265 4137 2527 4205 οὐρανὸν
2566 4136 2664 4190 καί
2699 4136 2815 4205 τὴν
2856 4135 2977 4206 γῆν
3009 4137 3123 4189 οὐκ
3155 4134 3477 4206 ἐποίησαν,

1880 4221 2342 4276 ἀπολέσθωσαν.
2363 4220 2730 4288 Εὐλογητὸς,
2758 4221 2945 4291 φησιν,
2968 4223 3000 4273 ό
3024 4221 3186 4285 Θεὸς,
3220 4217 3289 4283 ὃς
3329 4233 3482 4284 ,παρ⁸

1880 4306 2064 4359 έδωκε
2085 4304 2228 4370 τοὺς
2256 4303 2509 4370 ἐχθρούς
2531 4319 2649 4356 σου
2682 4303 3068 4372 ὑποχειρίους
3098 4318 3218 4356 σοι.
3243 4300 3356 4354 Θέα
3388 4318 3481 4372 μοι

1884 4389 2002 4453 πῶς
2030 4389 2092 4441 ού
2130 4389 2290 4459 μόνον
2317 4387 2408 4440 τὸν
2441 4386 2647 4442 δίκαιον
2674 4387 3064 4458 ἀνακηρύττει,
3097 4386 3235 4438 ἀλλά
3259 4385 3350 4438 καὶ
3383 4383 3481 4437 τοῦ

1882 4473 2017 4525 Θεοῦ
2044 4473 2142 4540 τὴν
2171 4470 2488 4541 συμμαχίαν
2513 4469 2889 4538 ἐπιγινώσκει.
2921 4469 3054 4522 Οὐδὲ
3084 4468 3192 4540 γὰρ
3222 4469 3350 4523 ἀνευ
3379 4467 3484 4539 τῆς

1884 4553 2092 4607 ἐκεῖθεν
2139 4553 2310 4623 ῥοπῆς
2365 4553 2606 4623 ἠδυνήθη
2670 4553 2780 4606 τῶν
2835 4552 3105 4623 τοσαύτην
3159 4551 3483 4605 δυναστείαν

1886 4635 2367 4706 περιϐεϐλημένων
2395 4635 2801 4707 περιγενέσθαι.
2841 4638 2942 4702 Ὃς
2969 4635 3296 4706 παρέδωκε.
3323 4636 3483 4704 φησι,

1885 4720 2027 4785 τοὺς
2060 4719 2316 4786 ἐχθρούς
2349 4735 2488 4772 σουο
2530 4720 2693 4782 αὑτός
2725 4721 2874 4772 ἐστιν
2905 4719 3020 4771 δ’τὸ
3047 4719 3152 4771 πᾶν
3175 4718 3486 4790 ἐργασάμε-

1885 4819 1996 4864 νος,
2037 4803 2197 4863 αὐτὸς
2230 4801 2376 4853 ἐστιν
2409 4802 2438 4853 6
2471 4802 2598 4866 τοὺς
2635 4803 2892 4874 ἰσχυροὺς
2919 4801 3166 4865 ἀσθενεῖς
3206 4803 3485 4874 καταστήυ

1888 4902 2006 4948 σας,
2033 4884 2194 4946 αὑτός
2227 4886 2374 4937 ἐστιν
2402 4886 2430 4938 6
2459 4883 2548 4937 διά
2572 4884 2682 4938 τῶν
2712 4886 2930 4938 ἀόπλων
2953 4885 3078 4949 τοὺς
3104 4884 3486 4955 ὡπλισμένους

1887 4969 2254 5036 κατενεγκώνο
2289 4967 2497 5022 ἐκεῖθέν
2521 4969 2668 5021 ἐστιν
2697 4971 2731 5038 ἡ
2758 4967 2900 5040 ῥοπὴ
2929 4971 2962 5040 ὴ
2990 4969 3257 5041 τοσαύτην
3287 4986 3369 5022 σοι
3387 4970 3485 5040 τὴν

1885 5051 2115 5123 δύναμιν
2156 5053 2572 5126 παρασχομένη.
2614 5055 2719 5120 Ὃς
2762 5054 3088 5122 παρέδωκε.
3138 5056 3291 5126 φησὶ,
3340 5055 3488 5123 τοὺς

1887 5135 2140 5205 ἐχθρούς
2161 5153 2278 5192 σου
2299 5138 2685 5206 ὑποχειρίους
2718 5152 2839 5192 σοι.
2876 5139 3040 5208 Ὁρᾷς
3067 5140 3182 5202 πῶς
3210 5139 3487 5196 δείκνυσιν

1888 5221 2055 5276 αὐτοῦ
2079 5223 2178 5291 τὴν
2199 5224 2452 5293 ὁμόνοιαν
2475 5222 2572 5276 καὶ
2593 5221 2691 5292 τὴν
2717 5223 3100 5294 φιλοστοργίαν
3119 5223 3218 5294 τὴν
3245 5240 3310 5275 πε
3320 5225 3373 5293 ρὶ
3394 5224 3490 5282 τὸν

1889 5308 2037 5372 Λὼτ,
2074 5307 2168 5360 καί
2198 5306 2316 5370 πῶς
2350 5308 2626 5378 ἐμφαίνει,
2655 5308 2737 5360 ὅτι
2767 5307 2860 5359 καὶ
2894 5308 2922 5359 6
2959 5305 3210 5378 Ἀϐραὰμ
3249 5309 3488 5375 οἰκείους

1889 5392 2088 5454 αὐτοὺς
2115 5389 2342 5462 ἐχθροὺς
2375 5393 2561 5460 ἡγεῖτο
2590 5389 2680 5441 διὰ
2707 5390 2773 5442 τά
2813 5391 2892 5452 εἰς
2917 5388 3007 5443 τὸν
3035 5389 3356 5459 ἀδελφιδοῦν
3387 5409 3488 5460 γε-

1890 5473 2199 5544 γενημένας
2251 5473 2357 5526 Kal
2395 5472 2620 5525 ἔδωκεν
2657 5470 2837 5536 αὐτῷ,
2876 5473 3030 5542 φησί,
3068 5472 3332 5540 δεκάτην
3364 5474 3489 5528 ἀπὸ

1892 5557 2154 5610 πάντων.
2189 5554 2359 5607 Τοῦτο
2389 5556 2484 5608 καὶ
2509 5555 2721 5618 Παῦλός
2761 5572 2912 5625 φησι·
2952 5556 3228 5625 Θεωρεῖτε
3257 5556 3348 5618 δὲ,
3371 5573 3488 5625 πη-

1890 5642 2064 5704 λίκος
2103 5634 2300 5703 οὗτος,
2345 5630 2393 5702 ᾧ
2431 5638 2528 5691 καί
2562 5637 2821 5704 δεκάτην
2875 5640 3119 5708 Ἀϐραὰμ
3159 5639 3381 5694 ἔδωκεν
3415 5642 3486 5695 ἐκ

1891 5722 2010 5776 τῶν
2056 5723 2432 5792 ἀκροθινίων,
2469 5724 2502 5775 ό
2549 5719 2941 5788 πατριάρχης·
2984 5722 3228 5792 δηλονότι
3276 5725 3341 5778 ἐκ
3377 5725 3489 5780 τῶν

1891 5807 2171 5878 λαφύρων,
2197 5802 2272 5860 ὧν
2303 5807 2557 5876 ἐπήγετο,
2589 5806 2858 5876 ἠμείψατο
2883 5807 2977 5860 τὸν
3005 5807 3358 5878 Μελχισεδὲκ.
3392 5811 3488 5864 καὶ

1893 5893 2126 5962 δεκάτην
2167 5891 2316 5963 αύτῷ
2355 5891 2630 5962 ἀφώρισεν
2665 5891 2772 5944 ἀπὸ
2811 5893 3030 5946 πάντων
3062 5886 3136 5946 ὧν
3165 5892 3482 5966 ἐπεφέρετο·

1894 5975 2144 6028 ἐντεῦθεν
2195 5975 2294 6045 ήδη
2341 5974 2658 6037 διδάσκαλος
2703 5973 2876 6028 ἅπασι
2921 5976 3234 6047 γενόμενος,
3282 5975 3487 6048 πολλὴν

1893 6056 2295 6112 ἐπιδείκνυσθαι
2323 6056 2764 6128 εὐγνωμοσύνην,
2799 6061 2892 6113 καὶ
2916 6061 3014 6123 τὰς
3036 6059 3290 6130 ἀπαρχὰς
3319 6076 3488 6130 προσ-
