4056 6484
279 442 386 497 529

282 558 431 620 riros,
464 558 733 628 equitatum
761 564 925 610 autent
955 554 1070 607 tolle
1098 552 1203 605 tibi.
1248 550 1474 604 llonesta
1505 546 1642 614 regis
1667 543 1853 613 gratia,

281 646 374 700 sed
421 647 540 700 vide
573 647 700 715 justi
747 643 1152 714 philosophiam.
1183 640 1272 694 ‘32.
1312 638 1450 692 Dixit
1489 645 1652 689 autem
1681 636 1863 686 Abram

281 736 386 806 regi
425 734 760 790 Sodomorum
790 749 809 788 :
841 731 1124 788 Extendunt
1163 746 1365 784 manum
1407 743 1567 781 meam
1595 724 1662 777 ad
1701 723 1863 776 Deum

279 827 599 887 altissimum,
625 826 713 893 qui
737 826 854 893 fecit
881 823 1059 877 etclam
1086 833 1134 877 et
1161 832 1366 884 terram,
1392 819 1483 873 23.
1515 817 1555 871 si
1580 832 1610 869 α
1636 814 1863 886 funiculo

281 933 438 986 usque
460 917 528 969 ad
557 917 912 986 sphcroterem
937 912 1258 968 calceamenti
1277 910 1523 978 accipiam
1548 909 1610 961 de
1634 905 1864 960 omnibus

281 1008 384 1059 tuis
408 1021 427 1060 :
451 1016 505 1059 ut
531 1022 592 1060 ne
610 1007 767 1070 dicas,
793 1003 905 1075 Ego
926 1004 1081 1057 ditari
1107 1003 1312 1054 Abram.
1339 999 1523 1068 Magna
1549 995 1861 1066 patriarcha:

283 1094 336 1147 in
367 1096 768 1150 (ontemnendis
790 1094 986 1149 divitiis
1021 1093 1208 1146 virtus.
1253 1091 1318 1145 Et
1353 1090 1504 1158 cujus
1532 1088 1699 1158 gratia
1737 1101 1860 1142 cum

279 1178 586 1246 iuramento
614 1195 818 1240 recusat
860 1194 914 1238 et
949 1183 1078 1237 dicit
1109 1201 1122 1236 :
1151 1181 1436 1235 Extendunt
1464 1193 1669 1231 manum
1699 1192 1861 1230 meam

284 1277 353 1329 ad
385 1274 542 1330 Deum
565 1275 904 1338 altissimum,
930 1275 1014 1342 qui
1042 1273 1228 1326 creavit
1252 1272 1431 1326 celum
1454 1278 1499 1323 et
1526 1279 1712 1321 terram
1731 1267 1758 1321 7

355 1367 406 1422 6.
439 1366 551 1421 Duo
596 1367 750 1420 simul
792 1364 985 1419 docete
1025 1363 1132 1416 vult
1173 1361 1525 1416 Sodomorum
1569 1372 1770 1427 regem,
1801 1371 1861 1411 se

285 1457 502 1512 minime
540 1457 655 1526 capi
682 1455 836 1516 donis
864 1469 981 1525 quae
1006 1453 1073 1508 ab
1103 1454 1215 1522 ipso
1238 1450 1596 1506 offerebantur
1618 1488 1634 1515 ,
1661 1456 1712 1501 et
1742 1461 1859 1500 ma-

284 1563 441 1617 gnam
476 1549 823 1618 philosophia:
860 1546 1084 1600 formam
1128 1544 1360 1598 indicare
1385 1541 1545 1606 velle,
1568 1555 1630 1593 ac
1653 1538 1861 1609 pietatis

285 1640 554 1695 doctorem
574 1642 622 1696 ei
650 1641 761 1694 ﬁeri
792 1639 1024 1703 studere,
1042 1651 1104 1694 ac
1132 1637 1175 1690 si
1206 1635 1446 1690 instituat
1465 1633 1614 1688 illum
1643 1632 1724 1687 his
1737 1646 1859 1686 ver-

287 1731 408 1786 bis:
443 1731 588 1784 Illum
636 1729 726 1784 tibi
767 1739 954 1785 testem
993 1727 1240 1794 adhibeo,
1268 1741 1355 1780 me
1383 1724 1514 1779 nihil
1540 1731 1748 1778 tuarum
1777 1737 1860 1776 re-

284 1839 403 1877 rum
424 1835 780 1892 accepturum,
805 1822 974 1886 illum,
995 1836 1231 1890 mquam,
1245 1820 1478 1872 omnium
1494 1814 1857 1880 Conditorem,

286 1922 346 1966 ut
395 1927 552 1967 nosse
589 1914 762 1983 possis
805 1913 970 1966 Deum
1017 1911 1278 1971 omnium,
1306 1918 1359 1963 et
1401 1923 1469 1961 ne
1509 1905 1698 1962 credas
1742 1920 1862 1961 esse

283 2003 414 2058 deos
443 2020 501 2057 ea
529 2019 646 2072 qure
674 2003 741 2057 ab
772 2003 1040 2057 hominum
1087 2000 1329 2054 manibus
1375 1997 1719 2053 fabricantur.
1769 1997 1861 2052 Ille

285 2095 427 2148 enim
458 2095 570 2148 czeli
592 2104 643 2147 et
671 2100 825 2149 terra:
855 2092 1128 2154 Conditor,
1159 2090 1245 2144 ille
1263 2099 1318 2144 et
1344 2088 1568 2142 nobisin
1594 2089 1692 2141 hoc
1723 2087 1860 2141 bello

286 2185 518 2238 victoria:
547 2193 599 2237 et
640 2182 888 2252 triumphi
931 2193 1134 2236 auctor.
1180 2180 1256 2235 Ne
1283 2179 1442 2249 igitur
1467 2185 1745 2247 exspectes
1775 2192 1861 2233 me

284 2273 550 2344 quidpiam
573 2289 634 2328 ex
657 2274 808 2327 donis
833 2273 933 2326 tuis
957 2281 1315 2340 accepturum.
1343 2269 1523 2339 Neque
1551 2271 1691 2323 enim
1720 2283 1861 2322 ner-

285 2364 432 2420 cedis
467 2366 630 2435 gratia
661 2365 942 2418 vindicuim
988 2361 1108 2426 feci,
1149 2361 1242 2417 sed
1288 2361 1513 2429 primum
1555 2359 1625 2415 ob
1664 2360 1863 2414 amoris

284 2454 550 2521 affectum,
582 2472 737 2525 quem
768 2471 892 2524 erga
929 2454 1103 2508 fratris
1137 2454 1236 2508 mei
1265 2453 1431 2507 filium
1452 2469 1583 2522 gero
1622 2468 1644 2506 :
1671 2452 1863 2508 deinde

283 2554 337 2599 et
374 2555 590 2614 propter
618 2546 783 2614 ipsius
817 2545 1034 2614 jUSliliiB
1071 2543 1322 2608 officium,
1351 2551 1409 2597 ut
1445 2557 1476 2598 e
1515 2543 1860 2597 barbarorum

286 2635 530 2689 manibus
556 2637 812 2704 eriperem
837 2635 1028 2704 injuste
1056 2634 1333 2688 abductos.
1361 2634 1420 2687 Si
1450 2651 1481 2686 a
1506 2634 1750 2702 funiculo,
1779 2634 1860 2686 in-

284 2725 417 2796 quit,
442 2743 600 2796 usque
624 2726 692 2779 ad
716 2728 1069 2796 splia'roterem
1090 2725 1244 2779 calcei
1269 2725 1511 2793 accipiam
1537 2723 1600 2777 de
1623 2726 1718 2777 tuis
1748 2740 1858 2775 om-

285 2815 430 2868 nibus
454 2814 587 2869 :hoc
612 2825 711 2878 est,
738 2815 866 2868 nihil
900 2825 1004 2868 tam
1032 2815 1152 2878 vile,
1183 2829 1280 2870 nec
1311 2824 1414 2868 tam
1443 2814 1590 2867 nihili
1623 2813 1858 2867 habitum

282 2913 368 2958 est
387 2904 525 2974 quod
547 2914 860 2972 accepturus
876 2904 998 2957 sim.
1023 2903 1150 2957 Nam
1173 2903 1551 2971 sphaeroterem
1583 2903 1656 2974 (α)
1689 2903 1862 2958 solent

282 3008 474 3048 vocare
516 2995 717 3062 apicem
762 2994 956 3059 calcei,
1001 2993 1089 3064 qui
1137 2994 1186 3047 in
1223 3009 1442 3048 acumen
1489 2993 1681 3047 desinit
1710 3013 1722 3047 :
1755 3009 1861 3064 quo

281 3084 578 3138 calceorum
619 3099 816 3154 genere
861 3084 1069 3138 barbari
1109 3096 1431 3138 consuerunt
1477 3086 1570 3138 uti.
1633 3086 1763 3138 Exin
1808 3097 1863 3141 et

283 3189 705 3243 causam,quare
746 3176 984 3243 accipere
1037 3174 1313 3238 detrectet,
1345 3174 1514 3228 dicit:
1551 3174 1620 3229 Ut
1668 3192 1730 3229 ne
1777 3177 1859 3229 di-

282 3279 367 3319 cas
393 3281 413 3318 :
437 3263 543 3335 Ego
569 3266 861 3335 locupletari
888 3265 1090 3317 Abram.
1136 3265 1315 3319 llaheo
1356 3266 1541 3326 Deum,
1573 3267 1660 3336 qui
1706 3267 1860 3322 innu-

282 3373 428 3412 mera
450 3358 578 3412 mihi
605 3357 902 3426 suppeditet
931 3358 1065 3411 bona
1092 3400 1106 3424 ,
1136 3373 1367 3426 superno
1395 3359 1591 3412 innitor
1616 3359 1814 3413 auxilio
1843 3378 1858 3415 :

284 3462 392 3502 non
430 3463 563 3516 opus
601 3449 726 3502 mihi
758 3448 954 3502 divitiis
982 3448 1104 3511 tuis,
1133 3463 1237 3501 non
1267 3447 1476 3517 indigeo
1503 3448 1746 3503 humanis
1776 3450 1856 3502 fa-

281 3537 584 3604 cultatibus,
607 3546 883 3592 contentus
900 3553 1016 3593 sum
1042 3538 1128 3592 Dei
1154 3538 1205 3591 in
1229 3553 1313 3593 me
1335 3537 1679 3593 beneﬁcentia
1707 3556 1721 3593 :
1748 3541 1861 3594 scio

283 3626 425 3681 illius
452 3627 765 3696 largitatem.
794 3627 980 3682 Paucis
1005 3637 1058 3681 et
1081 3628 1269 3683 vilibus
1297 3628 1434 3682 cessi
1460 3643 1578 3682 meo
1599 3627 1718 3693 Lot,
1748 3644 1860 3683 ma-

282 3731 415 3787 gnas
449 3726 504 3770 et
540 3717 831 3772 ineffabiles
857 3718 1239 3786 promissiones
1275 3727 1591 3787 assequutus
1627 3735 1775 3784 sunt,
1804 3728 1860 3774 et

283 3825 425 3865 nunc
452 3811 708 3879 majorum
735 3810 1034 3864 divitiarum
1064 3811 1351 3879 negotiatio
1378 3810 1505 3864 mihi
1533 3819 1636 3877 est,
1665 3819 1720 3866 et
1750 3825 1861 3864 ma-

274 3903 452 3971 jorem
480 3901 592 3970 ejus
616 3901 835 3970 gratiam
859 3901 984 3954 mihi
1005 3901 1251 3966 concilio,
1273 3916 1438 3970 quare
1458 3915 1588 3970 opes
1611 3911 1726 3955 tuas
1755 3917 1857 3956 non

282 3992 506 4061 accipio.
537 3992 658 4046 Ideo
682 4002 879 4057 autem,
905 3995 1114 4062 opinor,
1139 4003 1192 4047 et
1207 3992 1566 4062 juramentum
1596 3993 1855 4061 adhibuit,

282 4092 340 4139 et
362 4083 495 4137 dixit
517 4101 528 4136 :
548 4083 829 4137 Extendunt
857 4101 1058 4137 manum
1081 4101 1240 4138 meam
1261 4087 1328 4137 ad
1349 4085 1510 4138 Deum
1539 4087 1856 4152 altissimum,

281 4185 343 4230 ut
380 4191 448 4229 ne
492 4185 636 4242 putet
662 4192 782 4230 eum
810 4178 878 4230 ita
907 4176 1178 4242 simulare,
1207 4184 1264 4230 ut
1301 4176 1573 4246 probabile
1598 4187 1682 4232 est
1715 4192 1859 4248 saepe

278 4268 592 4335 contingere
625 4285 637 4320 :
664 4267 756 4322 sed
778 4279 832 4322 ut
860 4269 990 4322 sciat
1018 4268 1116 4323 hoc
1147 4269 1214 4322 ita
1241 4269 1398 4338 plane
1423 4269 1694 4324 decretum
1721 4271 1877 4341 apud

280 4357 514 4418 Abram.
546 4369 606 4411 ut
642 4371 711 4412 ne
739 4356 821 4414 vel
863 4360 1134 4413 minimum
1161 4359 1285 4430 qttid
1315 4360 1436 4414 inde
1463 4360 1562 4415 sibi
1591 4362 1855 4430 seligerel.

280 4449 457 4514 Atque
503 4448 570 4500 ita
619 4447 867 4517 implebat
906 4449 1208 4504 mandatum
1249 4451 1375 4504 illud
1421 4450 1561 4520 quod
1587 4466 1615 4504 a
1647 4454 1859 4506 Christo

279 4538 549 4606 discipulis
598 4551 678 4594 est
728 4541 906 4595 datum
944 4561 957 4595 :
990 4542 1158 4596 Gratis
1199 4545 1492 4611 accepistis,
1543 4547 1699 4613 gratis
1745 4547 1861 4600 date

281 4628 493 4698 (.llattlt.
536 4631 617 4683 ID.
651 4631 728 4698 8).
754 4631 886 4684 Num
917 4648 1036 4701 ego,
1069 4633 1257 4702 inquit,
1290 4634 1431 4687 aliud
1460 4635 1585 4703 quid
1625 4636 1689 4689 ad
1737 4637 1857 4690 belli

282 4733 396 4771 rem
438 4719 610 4781 attuli,
654 4732 1000 4789 prmterqnam
1034 4723 1357 4777 voluntatem
1403 4734 1458 4777 et
1493 4725 1860 4779 alacritatem?

287 4809 570 4863 Victoriam
597 4823 771 4864 autem
793 4852 807 4877 ,
839 4823 894 4867 et
921 4813 1266 4879 triumphum,
1291 4829 1350 4867 ac
1385 4823 1576 4868 Caetera
1611 4827 1859 4884 operatus

279 4913 365 4956 est
393 4903 482 4957 ille
512 4903 754 4958 invisibili
782 4907 990 4959 virtute.
1045 4905 1243 4960 Deinde
1285 4915 1340 4959 ut
1388 4921 1454 4960 ne
1496 4915 1703 4974 putaret
1742 4924 1856 4974 rex,

282 4993 452 5060 ipsum
485 5007 550 5046 ex
579 4989 821 5061 superbia
847 5006 899 5047 et
924 5004 1228 5064 contemptu
1269 5009 1388 5064 quae
1417 4996 1483 5048 ab
1508 5011 1572 5050 eo
1598 4996 1858 5052 dabantur

282 5097 387 5135 non
411 5084 669 5152 accipere,
692 5083 970 5137 declarans
998 5099 1145 5137 suam
1172 5096 1225 5139 et
1251 5085 1302 5138 in
1331 5084 1376 5137 h‘.
1400 5099 1431 5140 c
1454 5085 1854 5153 humanitatem,

277 5181 333 5224 et
361 5172 774 5241 philosophicam
803 5184 1055 5236 mentem,
1086 5174 1254 5242 inquit
1281 5191 1295 5227 :
1325 5174 1410 5228 24.
1437 5175 1550 5228 Non
1573 5177 1853 5244 accipiam,

279 5263 499 5332 exceptis
537 5264 598 5315 iis
637 5279 747 5332 quo:
788 5265 1104 5317 comederunt
1127 5265 1359 5334 juvenes,
1390 5275 1437 5317 et
1465 5267 1694 5331 portione
1721 5267 1856 5318 viro-

286 5365 394 5404 rum
422 5351 510 5422 qui
540 5369 727 5404 mecum
758 5363 1014 5414 venerunt,
1047 5352 1254 5419 Escltol,
1283 5353 1488 5418 Aunan,
1515 5353 1777 5417 Mambre;
1821 5357 1858 5408 ii

283 5441 528 5511 «capient
569 5443 864 5510 portionem.
912 5441 1037 5504 llos,
1076 5442 1259 5511 inquit,
1293 5443 1589 5511 permittam
1617 5445 1858 5514 accipere

344 5569 419 5631 (α)
452 5576 500 5619 ιη
524 5577 702 5637 meo.
727 5587 968 5634 ηερ-ιαμ.
1010 5578 1151 5620 rom
1183 5586 1384 5637 mm.
1404 5572 1531 5634 globi
1551 5574 1757 5637 romam
1775 5588 1859 5637 po-

284 5633 380 5679 tius
403 5634 721 5697 exprimeret,
741 5643 882 5697 quam
902 5644 1121 5681 acumen.
1139 5633 1316 5682 Verum
1339 5633 1463 5696 apud
1489 5633 1598 5684 Lx'x
1618 5633 1860 5697 Interpre-

283 5701 376 5747 tes,
402 5691 625 5754 .W
652 5691 848 5754 legitur,
887 5705 1029 5754 quam
1055 5706 1222 5743 vocem
1266 5691 1661 5758 interpretantur,
1702 5691 1858 5748 corri-

282 5775 427 5822 quon.
455 5769 548 5810 \ox
572 5764 798 5811 Hebraica
817 5770 908 5822 est,
925 5759 1087 5833 ΤΠὍ,
1110 5767 1333 5830 corrigia.
1346 5776 1525 5818 Omnes
1539 5767 1656 5817 Editi
1675 5775 1726 5817 et
1747 5773 1856 5817 Mss.

279 5846 610 5905 du'ysostomi,
637 5864 874 5908 σ’ξιιρωτῆμ,
903 5847 1084 5898 habent

1296 431 1362 487 IN
1389 429 1541 487 CAP.
1583 426 1722 483 XIV.
1757 421 2005 480 GENES.
2049 419 2282 476 IIOMIL.
2323 420 2538 476 XXXV.

3452 417 3561 476 330

1977 536 2273 606 portionem
2302 536 2550 605 aliquam,
2582 534 2834 604 quoniam
2863 531 3093 603 ingentis
3116 531 3366 587 amicitia:
3388 534 3563 598 speci.

1972 642 2092 681 tnen
2134 627 2487 680 declararunt.
2539 623 2611 678 Hi
2640 624 2787 679 etilm
2816 633 2981 688 erant,
3014 623 3203 693 inquit,
3235 623 3564 694 conraderoti

1970 717 2120 770 Abrae
2140 731 2162 770 :
2189 717 2289 770 hoc
2313 726 2416 782 est,
2446 713 2676 769 amicitia
2703 712 2973 784 conjuncti
3005 729 3018 766 :
3050 712 3192 783 quod
3224 712 3348 767 hinc
3375 722 3560 767 osten-

1969 807 2114 865 ditur
2141 807 2262 877 quia
2307 806 2360 861 in
2399 816 2604 876 partem
2645 804 3001 875 periculorum
3026 817 3150 860 cum
3177 818 3244 858 eo
3271 812 3557 858 venerunt.

1971 896 2118 952 Unde
2146 911 2489 952 remunerare
2519 895 2704 952 volens
2725 909 2840 961 eos,
2869 892 2994 950 facit
3018 906 3075 949 ut
3100 903 3303 964 partem
3325 894 3557 964 aliquant

1967 985 2263 1055 accipiant,
2295 987 2640 1054 apostolicam
2669 985 2840 1054 legem
2870 984 3031 1040 etiam
3072 985 3126 1040 in
3158 983 3261 1040 hoc
3290 985 3517 1054 impleas
3539 1026 3554 1048 ,

1965 1092 2086 1148 qua:
2108 1077 2238 1132 dicit
2267 1095 2280 1131 :
2311 1077 2506 1148 Dignus
2531 1087 2604 1131 est
2629 1076 2890 1147 aperarius
2914 1074 3156 1130 alimento
3189 1091 3284 1129 suo
3324 1074 3346 1147 (
3369 1075 3554 1128 Matth.

1967 1167 2054 1222 10.
2087 1167 2185 1230 l0;
2213 1166 2338 1222 Luc.
2371 1166 2456 1223 10.
2484 1168 2559 1237 7).
2588 1166 2727 1220 Nihil
2753 1167 2895 1221 enim
2925 1180 3019 1221 eos
3046 1166 3182 1220 ultra
3215 1181 3368 1220 usum
3398 1181 3556 1220 suum

1966 1259 2208 1327 accipere
2230 1259 2519 1327 permittit;
2555 1257 2685 1313 dicit
2709 1256 2851 1312 enim
2884 1273 2899 1310 :
2931 1256 3170 1325 Exceptis
3194 1256 3255 1310 iis
3279 1272 3394 1326 quia
3420 1273 3560 1309 rom-

1966 1349 2174 1404 ederunt
2186 1353 2416 1422 juvenes,
2443 1361 2488 1405 et
2520 1350 2747 1420 portione
2771 1365 2945 1404 eorum
2968 1349 3054 1419 qui
3079 1365 3272 1402 mecum
3293 1359 3556 1414 venerunt,

1967 1437 2175 1506 Est/col,
2209 1442 2413 1508 Annon,
2446 1441 2710 1504 Mambre;
2740 1441 2777 1493 ii
2797 1440 3042 1508 accipient
3071 1440 3371 1509 portionem.
3406 1440 3554 1493 Vidi-

1965 1532 2062 1584 stis
2103 1531 2419 1600 exquisitam
2473 1531 2791 1601 patt-iarcha:
2833 1531 3106 1598 virtutem,
3138 1531 3407 1601 quomodo
3434 1546 3554 1586 eam

1965 1623 2356 1692 philosophiam
2398 1624 2682 1690 exhibeat,
2729 1639 2847 1694 qua:
2888 1640 3048 1695 opum
3094 1633 3456 1692 contemptum
3503 1633 3559 1679 et

1966 1712 2282 1767 modestiam
2315 1715 2550 1786 respicit,
2581 1713 2817 1784 nihilque
2846 1729 2950 1768 non
2976 1723 3132 1784 agat,
3162 1723 3219 1767 ut
3245 1730 3311 1770 ne
3343 1730 3436 1784 per
3464 1730 3554 1768 ar-

1967 1804 2264 1871 rogantiam
2290 1814 2344 1858 et
2373 1816 2737 1876 contemptum
2770 1804 2822 1859 id
2844 1805 3018 1861 lacere
3042 1805 3302 1874 videatur,
3329 1821 3502 1876 neque
3524 1820 3556 1861 e

1965 1893 2184 1947 victoria
2213 1896 2518 1965 superbiat?

2037 1975 2100 2039 7.
2122 1983 2338 2042 Horatia
2366 1989 2668 2043 exhortatio.
2688 2019 2760 2029 —
2787 1987 2972 2046 Talem
3000 1991 3174 2045 virum
3208 1991 3476 2046 imitemur
3503 2000 3556 2047 et

1968 2092 2084 2139 nos,
2113 2077 2356 2140 obsecro,
2377 2088 2430 2133 et
2451 2094 2667 2149 cperam
2693 2079 2903 2146 demus,
2929 2091 2987 2135 ut
3011 2082 3234 2137 invictos
3259 2097 3355 2137 nos
3375 2092 3555 2136 custo-

1967 2166 2192 2233 diamus,
2232 2177 2288 2222 et
2329 2183 2503 2238 neque
2545 2169 2757 2224 virtutis
2794 2169 3016 2225 obtentu
3053 2170 3318 2240 superbia:
3359 2171 3552 2226 famam

1965 2257 2332 2326 acquiramus,
2357 2274 2529 2330 neque
2559 2261 2834 2317 modestiae
2861 2262 3081 2316 obtentu
3106 2263 3354 2318 virtutem
3382 2263 3554 2334 negli-

1964 2361 2152 2417 gamus
2186 2367 2199 2404 :
2234 2350 2330 2406 sed
2362 2350 2555 2421 ubique
2583 2351 2799 2406 modum
2824 2365 3100 2407 servemus
3118 2393 3135 2420 ,
3163 2361 3219 2407 et
3245 2352 3400 2408 bonis
3421 2369 3554 2423 ope-

1967 2438 2116 2492 ribus
2146 2441 2342 2494 nostris
2371 2441 2749 2509 humilitatem,
2775 2443 2926 2513 quasi
2957 2443 3358 2499 fundamentum
3387 2455 3442 2500 et
3470 2446 3556 2500 ha-

1966 2528 2066 2583 sim
2093 2528 2468 2599 subjiciamus,
2508 2541 2568 2587 ut
2595 2547 2783 2587 secure
2805 2548 2924 2603 qua:
2952 2533 3020 2588 ad
3041 2534 3289 2590 virtutem
3310 2545 3556 2605 spectant

1964 2630 2275 2676 construere
2297 2623 2584 2678 valeamus.
2627 2622 2753 2679 Bazc
2787 2623 2932 2679 enim
2955 2639 3079 2681 vere
3101 2625 3264 2680 virtus
3297 2634 3398 2689 e.-t,
3433 2642 3554 2696 qua:

1963 2713 2301 2778 conjunctam
2330 2712 2491 2768 habet
2511 2712 2884 2768 humilitatem.
2907 2715 3008 2781 Qui
3030 2714 3132 2770 hoc
3151 2714 3555 2772 fundamentum

1967 2809 2080 2855 tuto
2100 2800 2310 2871 jecerit,
2342 2805 2534 2873 poterit
2573 2804 2628 2860 in
2669 2813 2920 2876 quantam
2950 2806 3178 2861 voluerit
3214 2807 3558 2864 altitudinem

1964 2902 2282 2950 structuram
2311 2897 2559 2951 excitare.
2610 2897 2734 2952 lltec
2775 2898 3003 2952 maxima
3041 2907 3124 2955 est
3165 2901 3409 2968 munitio,
3440 2900 3555 2957 haec

1967 2997 2148 3038 murus
2184 2985 2551 3051 inconcussus,
2599 2987 2714 3043 haec
2754 2987 3178 3058 inexpugnabilis
3221 2991 3401 3055 turris,
3436 2989 3554 3048 hzec

1965 3086 2124 3128 omne
2151 3065 2386 3131 continet
2407 3077 2712 3146 aedilicium,
2742 3094 2849 3133 non
2869 3078 3052 3134 slnens
3078 3080 3250 3150 ipsum
3272 3083 3354 3136 vel
3376 3098 3405 3134 a
3425 3098 3553 3136 ven-

1966 3175 2136 3218 torum
2155 3166 2420 3232 violentia,
2444 3168 2523 3223 vel
2550 3168 2618 3224 ab
2641 3169 2893 3226 imbrium
2917 3169 3141 3240 impetu,
3164 3173 3245 3226 vel
3271 3186 3303 3226 a
3334 3171 3552 3228 llatuum

1963 3259 2014 3312 vi
2043 3258 2196 3327 dejici
2232 3277 2243 3312 :
2273 3259 2366 3314 sed
2410 3261 2660 3315 omnibus
2699 3261 2905 3317 insidiis
2952 3263 3282 3317 inaccessum
3312 3262 3470 3328 facit,
3500 3274 3555 3320 et

1965 3350 2237 3416 invictum,
2269 3351 2418 3420 quasi
2446 3351 2815 3408 ex‘adamante
2841 3361 3209 3408 constructum
3238 3361 3403 3419 esset,
3436 3359 3553 3408 ina-

1963 3455 2198 3511 gnasque
2237 3440 2389 3496 nobis
2418 3442 2610 3498 divina:
2651 3442 2907 3513 largitatis
2942 3443 3219 3500 mercedes
3245 3443 3418 3502 aﬂ‘ert.
3451 3445 3554 3502 Per

1965 3530 2102 3586 hanc
2127 3541 2180 3586 et
2208 3533 2505 3601 patriarcha
2539 3541 2804 3589 tantarum
2833 3534 2924 3590 Dei
2951 3536 3365 3606 promissionum
3394 3551 3554 3592 acce-

1964 3621 2040 3691 pit
2075 3622 2512 3692 magnitudinem.
2556 3625 2717 3680 Scitis
2754 3625 2919 3691 enim,
2950 3627 3289 3696 permittente
3326 3628 3456 3691 Deo,
3483 3643 3548 3682 es

1964 3713 2030 3767 iis
2056 3727 2174 3782 qua:
2216 3714 2266 3767 in
2309 3714 2653 3783 sequentibus
2697 3715 2974 3781 dicentur,
3007 3717 3277 3786 quomodo
3305 3731 3463 3784 nunc,
3495 3728 3555 3774 ut

1962 3804 2282 3873 contempsit
2319 3819 2379 3858 ea
2417 3819 2536 3874 quae
2577 3806 2803 3860 daturus
2845 3814 2960 3860 erat
3008 3804 3362 3862 Sodomorum
3411 3823 3505 3863 rex
3534 3849 3551 3876 ,

1963 3910 2152 3966 magna
2190 3904 2245 3951 et
2282 3895 2564 3952 ineffabilia
2604 3896 2698 3952 Dei
2735 3896 2874 3952 dona
2914 3907 3275 3969 consequutus
3309 3908 3411 3955 est.
3453 3900 3557 3960 Per

1964 3986 2102 4042 hanc
2127 4003 2233 4041 non
2264 3987 2354 4043 ille
2381 3988 2554 4042 solum
2581 4029 2597 4054 ,
2633 3987 2726 4043 sed
2767 3999 2820 4043 et
2854 3989 2982 4058 justi
3017 4004 3205 4045 omnes
3229 3992 3472 4048 celebres
3497 4005 3552 4051 et

1959 4075 2090 4130 clari
2115 4075 2347 4130 fuerunt.
2383 4076 2459 4142 ld,
2488 4086 2746 4147 quotquot
2771 4079 2900 4132 estis
2920 4077 3218 4134 divinarum
3251 4081 3550 4152 Scriptura-

1963 4183 2081 4222 rum
2126 4168 2372 4224 lectionis
2411 4170 2655 4236 studiosi,
2685 4170 2960 4226 addiscere
2992 4173 3260 4241 poteritis.
3281 4173 3551 4245 Benignus

1962 4259 2104 4315 enim
2134 4260 2388 4315 Dominus
2407 4261 2619 4330 quando
2644 4275 2742 4316 nos
2768 4261 2912 4316 videt
2938 4261 3215 4332 despicere
3245 4266 3549 4334 prmsentia,

1963 4353 2122 4407 etiam
2171 4354 2282 4424 ipsa
2328 4354 2526 4424 largius
2569 4354 2908 4425 suppeditat,
2945 4355 3207 4425 nobisque
3250 4356 3549 4415 futurorum

1965 4444 2222 4498 bonorum
2255 4443 2482 4498 fruetum
2515 4444 2774 4499 recondit.
2807 4444 2998 4500 Videre
3028 4446 3130 4500 hoc
3153 4456 3303 4515 potes
3330 4448 3382 4502 in
3410 4449 3550 4504 divi-

1966 4533 2082 4596 tiis,
2121 4534 2172 4586 in
2208 4534 2375 4603 gloria
2407 4533 2562 4603 hujus
2589 4535 2730 4598 vitae,
2763 4543 2817 4589 et
2847 4535 2900 4591 in
2926 4537 3175 4594 omnibus
3202 4537 3322 4594 aliis
3345 4548 3546 4612 tenipo-

1965 4625 2163 4679 ralibus
2188 4624 2367 4679 rebus.

2037 4714 2116 4766 Ad
2133 4724 2468 4780 contemptum
2498 4715 2742 4768 bonorum
2768 4715 2922 4786 hujus
2944 4717 3057 4771 vita:
3075 4718 3326 4774 hortatur.
3344 4751 3416 4762 —
3445 4722 3552 4780 De-

1965 4804 2252 4872 spiciamus
2293 4805 2452 4873 igitur
2489 4816 2778 4874 praesentes
2805 4808 3040 4874 divitias,
3068 4819 3126 4864 ut
3157 4825 3309 4866 veras
3339 4813 3552 4872 divitias

1967 4895 2205 4948 invenire
2225 4895 2530 4959 valeamus;
2559 4896 2915 4964 despicianius
2932 4912 3122 4952 vanam
3146 4899 3283 4954 hanc
3303 4902 3547 4972 gloriam,

1965 4995 2018 5038 ut
2045 5000 2167 5037 vera
2196 4985 2278 5037 illa
2312 4996 2364 5039 et
2385 4985 2550 5040 solida
2579 4986 2849 5050 fruamur;
2875 4987 3211 5043 derideamus
3232 5003 3548 5058 prmsentem

1965 5076 2407 5145 prosperitatem,
2459 5087 2515 5130 ut
2564 5092 2756 5131 arcana
2817 5079 2903 5132 illa
2948 5078 3086 5133 bona
3123 5096 3549 5152 consequamur;

1965 5165 2115 5219 nihili
2148 5166 2400 5220 faciamus
2430 5168 2739 5234 prmsentia,
2768 5176 2825 5221 ut
2852 5169 2918 5221 ad
2950 5169 3123 5224 futura
3148 5174 3367 5242 praemia
3400 5176 3548 5228 exci-

1965 5257 2061 5310 tari
2090 5257 2381 5311 valeamus.
2409 5256 2591 5327 Neque
2612 5260 2753 5313 enim
2787 5259 3038 5327 possibile
3067 5272 3183 5330 est,
3213 5274 3270 5317 ut
3297 5266 3386 5334 qui
3416 5282 3548 5336 prie-

1965 5350 2202 5404 scntibus
2236 5360 2316 5403 est
2354 5350 2625 5415 addictus,
2671 5350 3013 5412 ineﬂabilium
3054 5355 3313 5410 honorum
3342 5360 3558 5414 deside-

1966 5442 2099 5494 rium
2127 5441 2391 5509 concipiat
2425 5457 2673 5510 umquam
2702 5445 2802 5513 (α),
2828 5445 2964 5499 sicut
2987 5446 3301 5516 lippitudine
3319 5451 3544 5519 quadam

1966 5529 2151 5584 oculos
2191 5529 2493 5600 obtegente,
2525 5531 2595 5585 ita
2638 5534 2980 5602 praesentium
3010 5537 3301 5606 cupiditate
3335 5539 3554 5595 intelle-

2028 5664 2102 5735 (a)
2139 5671 2267 5714 Mens
2287 5664 2607 5774 chvsostomi
2631 5669 2728 5724 est,
2746 5677 2840 5714 non
2851 5678 3004 5776 £306
3026 5679 3139 5717 eum
3162 5668 3245 5730 qui
3261 5667 3414 5718 rebus
3427 5681 3556 5731 prir-

1963 5726 2185 5795 senttbus
2206 5728 2269 5795 sit
2393 5728 2535 5795 ictus,
2559 5726 2829 5795 caelestium
2917 5741 3087 5795 norum
3108 5727 3251 5795 simul
3276 5729 3557 5795 eodemque

1965 5794 2186 5857 tempore
2211 5786 2458 5837 desiderio
2483 5790 2641 5837 teneri
2668 5803 2680 5837 :
2705 5791 3026 5857 [msseenim
3055 5793 3142 5842 Dei
3177 5803 3274 5857 ope
3297 5786 3556 5846 fultum'sb

1969 5860 2030 5899 eo
2053 5853 2181 5897 statu
2201 5861 2484 5911 emergere,
2507 5853 2788 5901 sexcenties
2804 5850 2919 5902 alibi
2936 5851 3070 5903 dicit.
