4056 6464
581 405 676 458 551
1265 397 1324 452 3.
1363 394 1635 452 JOANNIS
1672 395 2143 456 CIIRYSOSTOII
2181 397 2498 454 ARCIIIEP.
2539 399 3072 461 CONSTANTINOP.

567 523 708 569 etum
737 515 1051 568 obscurante
1075 551 1088 575 ,
1133 523 1230 564 nec
1270 509 1604 578 permittente
1631 509 1810 563 videre
1845 510 1968 580 quid
1999 509 2140 565 facto

565 622 701 672 opus
730 606 818 659 sit.
849 603 1026 671 Neque
1054 617 1261 657 rursum
1291 602 1402 655 lieri
1433 609 1636 669 potest,
1662 612 1718 655 ut
1743 604 1830 670 qui
1853 603 2140 657 solidorum

568 707 620 749 et
662 696 1008 750 immobiliutn
1060 695 1319 748 bonorum
1361 706 1542 746 amore
1585 701 1815 759 tenetur,
1847 692 1982 747 ﬂusa
2022 693 2141 754 ista,

564 799 616 843 et
641 797 1056 858 queantequam
1105 793 1394 853 appareant
1433 785 1646 838 avolant
1681 795 1734 840 et
1775 795 2140 846 marcescunt,

565 879 922 948 concupiscat.
976 876 1105 931 Nam
1160 876 1248 947 qui
1307 874 1520 934 saucius
1569 883 1652 928 est
1702 889 1883 930 amore
1923 875 2138 937 divino,

564 981 618 1025 et
643 968 731 1039 qui
764 968 1058 1022 futurorum
1091 964 1354 1020 desiderio
1383 973 1620 1027 tenetur,
1660 965 1779 1018 altis
1807 966 1973 1017 oculis
2000 964 2142 1018 videt

567 1059 905 1128 praecutiunt
945 1067 1139 1116 statum
1158 1095 1174 1122 ,
1211 1056 1414 1123 scitque
1443 1064 1605 1109 totam
1637 1068 1796 1108 Vitam
1826 1064 2160 1124 pr:t-sentettt_

564 1160 779 1225 ligurum
807 1171 929 1210 esse
960 1164 1120 1224 atque
1150 1151 1406 1206 fallaciam
1431 1193 1446 1216 ,
1474 1159 1529 1205 et
1555 1165 1584 1203 a
1611 1151 1833 1204 somniis
1864 1149 1992 1204 nihil
2034 1147 2118 1202 dif
2121 1179 2138 1188 ο

563 1243 719 1299 ferre.
745 1245 942 1299 Idcirco
958 1244 1142 1298 beatus
1171 1241 1366 1296 Paulus
1395 1241 1493 1295 hoc
1519 1242 1715 1312 scripto
1734 1239 1942 1294 tradidit
1964 1238 2140 1293 :Prc-

566 1337 679 1389 terit
724 1337 890 1406 ﬁgura
939 1335 1113 1388 mundi
1161 1334 1314 1400 huius
1354 1333 1431 1403 (l.
1463 1331 1580 1386 Cor.
1609 1332 1662 1384 7.
1690 1332 1782 1401 5|)
1812 1347 1825 1383 :
1854 1330 2141 1386 ostendens

562 1425 788 1480 humana
810 1427 985 1480 omnia
1013 1426 1064 1478 in
1093 1425 1256 1495 ltgura
1285 1433 1484 1477 tantum
1505 1436 1656 1486 esse,
1685 1437 1749 1475 ac
1787 1422 1925 1476 sicut
1954 1425 2137 1476 umbra

561 1526 615 1570 et
643 1519 906 1571 somnium
932 1516 1158 1571 transire
1176 1558 1191 1580 ,
1233 1515 1360 1570 nihil
1399 1513 1648 1576 solidum,
1679 1513 1807 1566 nihil
1832 1529 2014 1568 verum
2041 1515 2137 1567 htt-

564 1607 759 1663 bentia.
801 1611 990 1662 Annon
1029 1608 1183 1676 igitur
1213 1605 1374 1660 animi
1405 1603 1626 1674 puerilis
1650 1601 1750 1657 hoc
1775 1613 1884 1669 est,
1923 1603 2140 1658 umbras

562 1701 849 1768 suspicere,
874 1701 940 1754 de
968 1699 1190 1752 somniis
1209 1697 1504 1767 superbire,
1529 1705 1582 1750 et
1607 1697 1673 1749 iis
1701 1711 1820 1764 qum
1843 1698 1996 1765 paulo
2019 1703 2140 1764 post

562 1788 901 1857 prasteribunt
940 1786 1252 1842 adbwrere?
1297 1785 1530 1840 Praeterit
1557 1785 1721 1846 enim,
1755 1785 1943 1854 inquit.
1971 1785 2138 1855 ﬁgura

560 1878 709 1948 hujus
734 1877 923 1931 mundi.
949 1877 1127 1948 Itaque
1153 1891 1272 1930 eum
1299 1875 1550 1935 audieris,
1571 1872 1821 1933 Prcten’t,
1839 1873 1962 1944 quid
1991 1884 2136 1942 post-

558 1970 656 2022 hac
680 1970 904 2038 autplius
923 1968 1150 2038 quaaist
1177 1967 1388 2038 quando
1407 1967 1560 2022 audis
1580 1965 1796 2037 ﬂguram
1817 1966 1986 2020 solum
2020 1981 2139 2022 esse

563 2059 794 2112 humana
820 2058 997 2112 omnia
1024 2059 1348 2128 veritateque
1372 2056 1644 2122 destituta,
1676 2072 1841 2126 quare
1881 2067 1932 2110 te
1964 2056 2137 2126 decipi

558 2156 748 2216 sponte
777 2146 1008 2214 pateris?
1045 2161 1142 2200 cur
1178 2146 1415 2214 cogitans
1455 2160 1611 2212 quam
1652 2146 1756 2198 sint
1789 2145 2056 2198 mutabilia
2082 2155 2132 2200 et

557 2235 720 2299 ﬂuxa,
750 2251 855 2290 non
879 2251 941 2290 ea
966 2235 1226 2306 praeteris,
1259 2243 1315 2288 ut
1343 2235 1409 2289 ad
1436 2235 1519 2288 illa
1541 2249 1659 2306 qua:
1683 2249 1896 2302 semper
1919 2235 2132 2301 durant,

556 2343 621 2382 ac
659 2343 870 2398 semper
906 2327 1111 2382 stabilia
1135 2367 1152 2393 ,
1195 2326 1493 2396 nullinsque
1516 2327 1898 2382 vicissitudinis
1921 2327 2134 2398 capacia

556 2425 700 2480 sunt,
729 2416 1047 2472 desiderium
1076 2415 1400 2470 transferas?

625 2509 680 2565 8.
726 2509 857 2564 Nam
900 2518 959 2564 ut
1001 2508 1140 2562 scias
1179 2506 1510 2577 prudentiam
1538 2505 1770 2562 ductoris
1797 2507 1976 2573 orbis,
2009 2507 2128 2563 vide

556 2600 701 2655 illum
721 2600 826 2655 alio
846 2601 962 2655 loco
981 2598 1158 2654 omnia
1182 2597 1438 2669 praeclara
1460 2596 1615 2667 hujus
1642 2599 1762 2652 vita:
1788 2593 1984 2652 nullius
2009 2613 2128 2654 esse

557 2694 810 2746 momenti
833 2691 1199 2746 demonstrare
1220 2689 1509 2755 volentem,
1531 2689 1672 2760 quali
1689 2699 1864 2744 utatur
1879 2690 2125 2759 loquendi

556 2782 716 2838 modo
742 2799 756 2834 :
781 2781 908 2848 Qua
924 2781 1054 2834 enim
1075 2780 1305 2835 videntur
1321 2789 1667 2834 nomenan
1686 2789 1803 2834 sunt
1831 2779 1906 2852 (ἓ.
1933 2777 2050 2835 Cor.
2075 2781 2128 2834 4.

554 2872 670 2943 l8),
712 2873 918 2928 etiamsi
958 2871 1260 2926 divitiarum
1305 2869 1681 2924 abundantiam
1724 2870 1889 2933 dicas,
1928 2871 2133 2924 etiamsi

553 2964 774 3034 gloriam
800 3005 816 3026 ,
855 2963 1064 3017 etiamsi
1104 2962 1433 3028 claritatem,
1482 2961 1690 3016 etiamsi
1743 2960 2128 3030 principatum,

553 3055 757 3110 etiamsi
782 3055 1090 3124 potentiam,
1112 3052 1318 3106 etiamsi
1342 3066 1583 3120 regnum,
1605 3053 1809 3106 etiamsi
1835 3051 2130 3106 diademate

554 3146 854 3200 redimitum
912 3145 1100 3208 illum,
1147 3143 1353 3197 etiamsi
1398 3141 1586 3196 solium
1632 3157 1936 3209 supremum
1974 3159 1986 3195 :
2019 3143 2132 3199 lucc

552 3235 731 3290 omnia
761 3250 879 3303 qua:
907 3233 1150 3288 videntur
1172 3232 1316 3286 brevi
1348 3241 1586 3300 tempore
1607 3231 1892 3293 manentia,
1921 3247 2026 3286 non
2049 3232 2129 3286 ad-

551 3326 764 3379 modum
791 3325 1095 3379 diuturuum
1135 3324 1213 3376 sui
1250 3321 1477 3376 fructum
1517 3321 1669 3375 nobis
1705 3322 1956 3390 przebent.
2001 3323 2130 3390 Qua:

551 3419 708 3486 igitur
747 3431 844 3471 nos
883 3417 1147 3486 inquirere
1185 3415 1287 3479 vis,
1315 3412 1362 3468 si
1399 3413 1574 3470 omnia
1606 3423 1941 3482 temporanea
1963 3415 2130 3468 sunt?

550 3507 662 3569 Illa,
691 3507 879 3575 inquit,
911 3521 1029 3576 qua:
1059 3520 1164 3560 non
1191 3503 1455 3568 videntur,
1474 3503 1704 3559 nonhzrc
1729 3519 1846 3574 qua:
1866 3504 2124 3568 sidentur,

547 3597 639 3650 sed
671 3597 752 3649 illa
785 3597 894 3664 ipsa
931 3612 1050 3665 qua:
1081 3596 1224 3648 hisce
1254 3595 1423 3648 oculis
1460 3594 1826 3663 corporalibus
1866 3610 1969 3651 non
2007 3611 2124 3665 spe-

548 3697 772 3742 cumtnr.
805 3687 868 3741 Et
887 3687 1004 3754 quis
1027 3685 1126 3740 hoc
1145 3687 1466 3750 consuleret,
1499 3693 1555 3737 ut
1583 3699 1702 3754 quae
1723 3683 1966 3741 videntur
1993 3701 2126 3754 pra:-

549 3790 836 3843 tcreantttr,
865 3788 919 3834 et
944 3793 1060 3848 qua
1090 3793 1194 3830 non
1223 3776 1271 3831 \i
1294 3777 1489 3840 lentur,
1514 3775 1874 3845 inquiraner
1905 3774 2017 3844 Ipsa
2043 3791 2126 3829 re-

548 3886 688 3937 rum,
711 3871 898 3940 inquit,
921 3881 1106 3925 natura
1125 3871 1311 3921 doceat
1331 3883 1444 3920 vos.
1477 3866 1605 3920 Nam
1635 3866 1747 3920 hate
1766 3865 1978 3936 quidem
2004 3866 2126 3922 licet

547 3964 843 4026 videantur,
869 3963 1043 4016 statim
1067 3971 1240 4016 tamen
1271 3957 1632 4028 prmterﬂuuut
1654 3975 1670 4011 :
1695 3959 1784 4015 illa
1808 3969 1982 4012 autem
2006 3959 2127 4015 licet

548 4069 690 4108 nunc
716 4069 777 4106 ea
806 4053 983 4106 videre
1011 4068 1115 4105 non
1147 4052 1410 4121 possimus
1429 4090 1444 4116 ,
1473 4059 1595 4104 sunt
1623 4059 1798 4104 tamen
1830 4059 2082 4121 perpetua
2105 4093 2120 4116 ,

546 4160 757 4214 semper
781 4144 993 4206 durant,
1029 4143 1310 4196 terminum
1342 4141 1604 4203 nesciunt,
1639 4143 1796 4194 tinem
1840 4155 1942 4194 non
1987 4142 2126 4196 acci-

546 4240 724 4308 piunt,
758 4236 1171 4292 vicissitudinem
1211 4235 1486 4303 ignorant,
1517 4233 1722 4289 stabilia
1753 4241 1806 4286 et
1836 4232 2122 4288 immobilia

543 4338 686 4382 sunt.
734 4327 994 4382 Fortassis
1036 4325 1244 4378 tandem
1286 4325 1541 4379 molestus
1569 4337 1688 4377 esse
1714 4322 1914 4385 videar,
1943 4323 2123 4392 qunti.

541 4421 629 4473 die
661 4420 849 4472 l'rustra
875 4417 1158 4471 consulens
1183 4433 1197 4468 ε
1226 4415 1318 4470 sed
1341 4414 1465 4484 quid
1496 4414 1719 4468 faciam?
1743 4413 1983 4482 Magnum
2013 4430 2124 4467 ma-

545 4511 668 4563 litiar
696 4511 947 4564 danntqu
977 4517 1089 4568 est,
1119 4520 1305 4573 magna
1334 4506 1672 4572 pecuniarum
1703 4506 1938 4573 tyrannis
1959 4545 1972 4568 ,
2005 4521 2120 4557 ma-

545 4618 645 4670 gna
689 4602 934 4654 virtutum
987 4601 1197 4652 raritas.
1253 4597 1378 4651 ldeo
1423 4597 1578 4666 cupio
1619 4597 1699 4650 vel
1744 4595 2122 4651 admonitionis

546 4693 852 4747 assiduitate
881 4692 1122 4745 morbum
1150 4690 1363 4745 vincere
1385 4730 1401 4753 ,
1435 4698 1491 4743 et
1529 4687 1875 4742 incolumitati
1905 4689 2121 4760 integra:

546 4786 647 4837 huc
676 4784 1052 4838 convenientes
1079 4781 1378 4836 restituere.
1410 4781 1538 4833 Eam
1565 4781 1707 4834 enim
1735 4780 1804 4833 ob
1831 4795 1944 4834 rem
1974 4780 2120 4834 Scri-

541 4884 726 4946 pturas
753 4871 1031 4926 euarraudi
1069 4881 1269 4925 tantum
1301 4869 1457 4924 nobis
1480 4878 1564 4924 est
1588 4869 1820 4927 studium
1863 4879 1918 4924 et
1951 4870 2120 4940 justo.

544 4981 660 5019 rum
696 4966 916 5018 virtutes
947 4965 997 5017 in
1029 4963 1257 5016 medium
1285 4961 1554 5016 aﬂ‘erimus
1583 4977 1598 5015 :
1636 4977 1733 5015 nec
1765 4961 1903 5031 piget
1932 4961 2119 5015 eadem

543 5058 736 5127 tta-pius
765 5065 1025 5124 repetere,
1055 5065 1107 5108 ut
1149 5069 1242 5123 per
1266 5053 1441 5105 omnia
1469 5069 1560 5108 vos
1588 5053 1838 5108 inducere
1863 5053 1927 5107 ad
1956 5069 2124 5108 temu—

542 5151 790 5205 lationcm
820 5147 1082 5216 iustorum
1113 5145 1398 5198 valeamus.

615 5241 942 5307 Electuosgua
971 5237 1290 5306 medicatur.
1323 5264 1393 5274 —
1421 5233 1512 5290 Vel
1543 5249 1666 5289 sero
1697 5235 1906 5289 tandem
1935 5235 2120 5289 salutis

543 5343 738 5386 nostra:
777 5346 957 5384 curam
1003 5327 1277 5391 faciamus,
1309 5337 1357 5380 et
1393 5327 1528 5382 bene
1553 5336 1763 5381 utamur
1791 5328 1853 5382 ad
1883 5327 2118 5383 inducias

541 5424 694 5477 nobis
721 5421 846 5476 dato
877 5419 1033 5487 hujus
1059 5424 1178 5471 vita:
1205 5419 1452 5482 decursu,
1474 5427 1528 5472 et
1555 5417 1679 5472 dum
1710 5419 1879 5473 adhuc
1910 5429 2118 5486 tempus

541 5525 643 5579 cst,
674 5513 740 5568 ad
773 5512 1135 5583 pamitentiam
1159 5519 1213 5564 et
1239 5510 1477 5578 lapsuum
1499 5510 1880 5564 correctionem
1904 5510 2118 5565 festiue.

542 5621 663 5661 mus
686 5647 702 5672 ,
734 5605 1180 5675 pecnniarumque
1209 5600 1586 5656 abundantiam
1619 5602 1668 5654 in
1695 5602 1989 5656 animatum
2017 5617 2114 5656 no-

538 5709 769 5754 strarum
805 5701 1027 5753 salutem
1052 5694 1413 5766 expendamus
1431 5732 1447 5757 ,
1474 5692 1846 5763 superﬂuaque
1876 5694 2115 5764 indigen-

541 5793 681 5848 tibus
708 5792 1051 5846 insumamus.
1097 5788 1271 5856 Quare
1311 5785 1473 5852 enim,
1497 5785 1582 5841 dic
1616 5784 1767 5851 mihi,
1801 5786 2056 5856 permittis
2082 5801 2110 5839 a

2254 511 2494 581 rubigine
2516 526 2702 566 aurum
2723 523 2775 567 et
2796 528 3072 583 argentum
3095 520 3359 583 consumi,
3405 535 3526 588 quae
3566 523 3842 592 oportebat

2254 601 2304 652 in
2336 615 2621 670 pauperum
2649 615 2862 657 ventres
2885 603 3191 670 eﬂ'ondere,
3223 617 3281 662 ut
3309 610 3360 661 iu
3395 620 3507 665 tuto
3533 624 3830 681 promptua-

2253 690 2334 742 rio
2361 689 2600 760 deposita
2624 731 2639 756 ,
2673 700 2914 760 tempore
2937 709 3043 764 quo
3071 697 3296 750 maxime
3317 714 3450 768 opus
3470 715 3658 755 eorum
3685 703 3838 772 adju-

2253 779 2390 832 torio
2415 778 2652 846 habebis,
2685 779 2809 834 hinc
2835 785 3258 840 consolationem
3289 786 3565 854 invenias;
3597 802 3652 844 et
3687 791 3781 860 qui
3816 806 3844 844 a

2252 876 2304 922 te
2331 869 2415 924 hic
2440 871 2575 940 pasti
2604 881 2728 925 sunt
2747 912 2762 934 ,
2797 872 2890 926 illo
2913 873 3000 928 die
3035 876 3244 930 ﬁducia:
3271 877 3413 932 fores
3439 879 3534 934 tibi
3556 881 3808 950 aperiant
3836 924 3849 942 .

2249 968 2304 1012 et
2328 961 2584 1030 accipiant
2609 970 2661 1016 te
2683 964 2733 1016 in
2754 971 2953 1017 aeterna
2975 980 3070 1018 sua
3095 965 3432 1023 tabernacula
3458 969 3715 1039 (Luc-.16.
3743 971 3806 1040 9)
3831 969 3851 1022 l

2253 1051 2437 1106 Vestes
2454 1069 2662 1123 quoque
2679 1071 2783 1108 non
2806 1056 3041 1109 sinamus
3064 1072 3095 1111 a
3119 1059 3384 1113 vermibus
3405 1061 3540 1123 rodl,
3559 1072 3615 1116 et
3635 1065 3842 1132 absque

2250 1159 2345 1195 usu
2372 1145 2421 1196 in
2446 1146 2639 1198 arcolis
2670 1157 2996 1215 putrescere,
3024 1164 3144 1202 eum
3173 1159 3249 1204 tot
3273 1152 3379 1206 sint
3406 1155 3495 1222 qui
3523 1155 3838 1224 indigam,

2248 1246 2300 1288 et
2354 1236 2697 1292 obambuleut
2750 1240 2873 1292 nudi
2918 1242 3056 1297 :sed
3106 1243 3269 1311 pluris
3319 1242 3574 1300 faciamus
3628 1246 3835 1303 nudo

2246 1327 2538 1392 Christum,
2569 1344 2727 1398 quam
2760 1331 2950 1398 tineas,
2977 1342 3032 1387 et
3059 1334 3338 1389 induamus
3359 1351 3480 1390 eum
3500 1339 3590 1406 qui
3615 1349 3841 1407 promer

2247 1427 2483 1472 nuSIram
2513 1421 2734 1474 salutem
2766 1421 2936 1476 nudus
2957 1424 3281 1490 obambulat,
3308 1438 3366 1480 ut
3389 1441 3508 1481 cum
3544 1429 3723 1496 ipsum
3758 1431 3842 1484 iu-

2245 1508 2540 1574 dnerimns,
2563 1511 2840 1566 audiamus
2865 1513 2914 1565 in
2939 1514 3024 1567 die
3052 1515 3142 1570 illo
3169 1533 3182 1568 :
3213 1516 3398 1572 Nudus
3417 1537 3552 1571 erant
3581 1530 3631 1572 et
3652 1538 3737 1572 me
3763 1525 3844 1574 in-

2245 1601 2423 1653 duislis
2452 1601 2661 1670 (lluttlt.
2690 1602 2777 1656 23.
2808 1604 2903 1672 56)
2963 1605 3096 1660 Num
3123 1623 3346 1663 onerosa
3373 1621 3492 1664 sunt
3523 1621 3796 1681 praecepta
3820 1614 3845 1666 ἵ

2246 1707 2369 1744 num
2400 1694 2661 1748 molesta?
2693 1694 2766 1747 Ea
2789 1711 2906 1765 qua:
2931 1709 3182 1765 pereunt,
3215 1700 3401 1768 inquit,
3427 1717 3547 1771 qua:
3577 1717 3608 1754 a
3638 1704 3841 1757 vermi-

2245 1779 2340 1832 bus
2366 1783 2706 1850 arroduntur,
2729 1801 2847 1854 qua:
2875 1787 3074 1856 absque
3104 1804 3200 1841 usu
3219 1799 3274 1842 et
3295 1789 3485 1843 frustra
3507 1806 3837 1845 consum-un-

2246 1882 2349 1931 tnr,
2385 1872 2498 1927 ba-c
2528 1875 2727 1929 utiliter
2754 1877 3062 1947 dispensare
3087 1889 3300 1948 mtage,
3331 1889 3386 1934 ut
3421 1892 3478 1935 et
3518 1881 3840 1938 detrimenti

2243 1961 2495 2016 danmum
2525 1961 2774 2034 cﬂ'ngias,
2820 1975 2874 2019 et
2910 1984 2973 2021 cx
3017 1969 3144 2037 ipsis
3183 1971 3384 2024 lucrum
3417 1972 3709 2026 maximum
3743 1973 3840 2029 tibi

2247 2066 2421 2117 pares.
2457 2051 2639 2119 lugent
2660 2069 2687 2107 s
2707 2055 2847 2108 enim
2873 2067 2925 2109 et
2954 2074 3157 2128 magum:
3189 2059 3588 2116 inhumanitatis
3607 2075 3690 2118 est
3716 2075 3840 2131 post

2245 2148 2318 2191 lut
2348 2140 2606 2194 bonorum
2636 2151 2687 2196 et
2713 2143 3016 2198 l'acultatmn
3047 2163 3220 2210 nsum,
3243 2149 3439 2204 arculis
3465 2161 3518 2204 et
3545 2155 3718 2206 muria
3751 2154 3836 2206 in-

2242 2229 2463 2285 cludere
2491 2232 2754 2300 superﬂua
2774 2276 2790 2298 ,
2820 2244 3002 2289 etnon
3029 2236 3134 2290 illis
3159 2237 3440 2294 sublevare
3464 2243 3837 2310 proximorum

2241 2317 2504 2387 inopiam,
2546 2322 2638 2377 sed
2685 2323 2860 2378 sinere
2904 2342 2931 2376 a
2971 2326 3212 2396 rubigine
3251 2337 3305 2382 et
3343 2329 3480 2384 tinea
3510 2334 3692 2400 putius
3715 2350 3838 2389 cor-

2241 2411 2411 2478 rumpi
2448 2425 2512 2464 ac
2558 2411 2863 2479 praedonum
2889 2415 3131 2470 manibus
3150 2418 3388 2484 exposita
3419 2420 3746 2490 relinquere,
3776 2431 3836 2478 et

2239 2510 2455 2566 propter
2497 2500 2585 2553 illa
2631 2502 2904 2571 suppliciis
2945 2505 3120 2573 potius
3160 2506 3338 2574 plecti,
3369 2522 3525 2576 quam
3559 2511 3648 2563 ubi
3681 2522 3833 2566 recte

2239 2591 2652 2662 dispensaveris,
2684 2610 2783 2664 pro
2820 2597 2900 2651 eis
2942 2599 3217 2668 praminm
3264 2603 3506 2671 arcipcre
3563 2605 3829 2667 miseere.

2239 2697 2306 2736 ne
2334 2700 2500 2754 usque
2523 2686 2658 2740 adeo
2686 2687 2911 2743 salutem
2941 2700 3178 2744 nostram
3208 2693 3536 2762 negligamus
3558 2735 3575 2761 ,
3605 2695 3703 2749 sed
3729 2711 3830 2750 eu-

2241 2775 2419 2842 pensis
2445 2775 2496 2828 in
2521 2793 2781 2846 pauperes
2803 2779 3105 2847 superﬂuis.
3130 2797 3372 2852 magnam
3398 2785 3550 2837 nobis
3577 2785 3830 2840 fiduciam

2237 2875 2393 2918 antea
2412 2881 2747 2936 reponamus,
2768 2878 2824 2922 ut
2845 2870 3198 2928 ineﬂabilibus
3214 2875 3364 2929 bonis
3383 2876 3481 2930 frui
3502 2893 3827 2945 mereantur,

2236 2956 2403 3023 gratia
2451 2966 2506 3010 et
2552 2958 2915 3014 misericordia
2961 2962 3169 3017 Domini
3215 2967 3381 3020 nostri
3421 2967 3544 3022 Jesn
3587 2967 3819 3035 Christi,

2235 3059 2356 3098 cum
2385 3061 2490 3115 quo
2521 3047 2660 3102 Patri
2702 3059 2757 3104 et
2795 3060 2982 3106 sancto
3016 3051 3233 3123 Spiritui
3263 3057 3429 3126 gloria
3451 3099 3466 3123 ,
3503 3060 3825 3128 imperium,

2239 3134 2444 3202 honor,
2487 3153 2626 3193 nunc
2669 3147 2726 3194 et
2765 3154 3013 3210 semper,
3055 3154 3110 3198 et
3149 3144 3202 3199 in
3245 3148 3440 3202 sa-cula
3479 3150 3824 3206 saculos-uin.

2237 3225 2424 3279 Amen.

2745 3363 3017 3421 ιιυιιιυΑ
3061 3367 3301 3425 XXXVI.

2234 3468 2360 3524 Post
2381 3472 2486 3525 lucc
2513 3484 2677 3527 autem
2695 3477 2838 3529 tta-ba
2858 3482 3022 3547 factus
3046 3489 3116 3533 est
3141 3497 3303 3534 sermo
3322 3481 3526 3538 Domini
3543 3488 3613 3540 ad
3633 3490 3826 3544 Abram

2304 3580 2392 3631 per
2421 3566 2657 3618 uisionem
2688 3569 2866 3634 noctis,
2893 3571 3104 3626 dicens:
3141 3571 3224 3626 Ne
3267 3574 3440 3628 timeas
3481 3577 3692 3646 Abram,
3732 3597 3830 3652 ego

2303 3665 2551 3722 protector
2581 3669 2692 3709 tuus
2713 3674 2823 3711 sunt
2849 3675 2868 3712 :
2898 3676 3084 3716 merces
3111 3673 3196 3714 tuo
3212 3664 3371 3718 multa
3391 3667 3480 3719 erit
3499 3669 3646 3722 valde
3667 3669 3829 3740 (Cat.

2307 3746 2388 3799 l5.
2425 3748 2502 3814 ι).

2307 3859 2356 3911 l.
2389 3857 2665 3914 Thesauro
2689 3863 2916 3932 cuipiam
2943 3865 3133 3921 similis
3157 3868 3517 3938 estjustorum
3538 3873 3730 3938 virtus,
3769 3876 3824 3931 in

2230 3967 2337 4021 quo
2367 3953 2606 4021 plurima:
2635 3965 2688 4010 et
2719 3957 3012 4012 ineﬂ'abiles
3039 3959 3237 4016 divitia:
3266 3963 3651 4022 reconduntur.
3688 3967 3824 4023 Nam

2231 4045 2363 4096 sicut
2390 4046 2477 4114 qui
2501 4062 2563 4100 ex
2593 4047 2683 4099 illo
2709 4050 2788 4102 vel
2816 4064 3030 4118 parvam
3070 4053 3354 4119 quamdam
3387 4067 3589 4125 partem
3626 4075 3826 4130 capere

2232 4143 2424 4202 potest,
2448 4137 2640 4192 multas
2691 4140 2791 4192 sibi
2844 4141 2966 4196 inde
3011 4153 3160 4211 parat
3195 4160 3326 4215 opes
3357 4165 3370 4200 :
3400 4147 3469 4202 ita
3500 4153 3720 4207 evenire
3768 4155 3824 4208 in

2231 4225 2511 4282 virtutibus
2533 4230 2847 4296 patriarchae
2866 4230 3266 4301 deprehendere
3289 4239 3407 4306 quis
3433 4250 3624 4308 potest.
3679 4243 3822 4301 Ecce

2232 4315 2344 4370 lere
2372 4319 2607 4386 quotidie
2635 4335 2697 4374 ex
2728 4319 2945 4376 historia
2973 4325 3088 4394 ejus
3119 4327 3268 4381 vobis
3287 4327 3580 4384 doctrinam
3619 4349 3822 4407 pmpo-

2231 4417 2437 4472 nentes,
2476 4424 2659 4478 magna
2687 4411 2926 4480 largitate
2945 4416 3242 4469 convivium
3262 4420 3578 4486 prmbemus,
3607 4437 3665 4478 et
3689 4429 3824 4483 buc-

2228 4513 2396 4566 usque
2427 4503 2657 4555 nondum
2687 4518 2904 4571 parvam
2950 4506 3209 4562 bonorum
3240 4510 3378 4564 illius
3408 4527 3632 4581 operum
3689 4533 3819 4586 par-

2231 4598 2335 4642 tem
2359 4605 2610 4644 enarrare
2640 4596 2910 4662 potuimus
2939 4614 2950 4648 :
2979 4598 3137 4651 tantis
3163 4600 3365 4655 scilicet
3391 4603 3628 4659 abundat
3648 4608 3822 4662 virtu-

2231 4681 2386 4735 tibus.
2437 4682 2502 4734 Et
2527 4683 2663 4738 sicut
2700 4700 2730 4738 a
2761 4685 2905 4742 fonte
2935 4688 3094 4756 largis
3123 4689 3317 4747 ﬂuente
3362 4695 3509 4758 rivis,
3557 4699 3721 4753 etiam
3775 4701 3821 4756 ai

2229 4785 2413 4826 omnes
2441 4771 2705 4840 hauriant,
2741 4793 2842 4830 non
2873 4780 3042 4833 solum
3068 4796 3171 4835 non
3197 4783 3580 4840 imminuantur
3615 4789 3820 4848 ﬂuenta

2229 4877 2260 4916 e
2289 4861 2430 4917 fonte
2461 4869 2749 4932 manantia,
2779 4870 2870 4923 sed
2911 4881 3111 4940 quanto
3160 4874 3339 4942 plures
3385 4886 3508 4930 sunt
3550 4881 3642 4947 qui
3692 4882 3821 4940 itide

2228 4951 2490 5020 hauriant,
2522 4965 2668 5010 tanto
2694 4960 2862 5025 major
2890 4976 3143 5028 aquarum
3168 4964 3245 5016 vis
3273 4968 3531 5020 scaturit:
3555 4969 3629 5022 ita
3650 4973 3816 5030 etiam

2229 5048 2278 5099 in
2301 5047 2612 5103 admirando
2638 5051 2932 5117 patriarcha
2961 5053 3072 5106 lieri
3100 5054 3355 5111 videmus.
3381 5060 3521 5123 Quot
3568 5063 3715 5116 enim
3747 5081 3816 5122 ex

2227 5137 2366 5191 illius
2402 5154 2518 5192 :cvo
2555 5139 2620 5192 ad
2650 5139 2751 5195 huc
2795 5155 2959 5212 usque
2997 5152 3202 5212 tempus
3245 5163 3311 5202 ex
3363 5148 3509 5204 fonte
3548 5151 3813 5209 boniirnat

2227 5229 2365 5284 illius
2387 5247 2607 5300 opcrutn
2628 5231 2896 5299 hauriunt,
2925 5244 2977 5288 et
3008 5251 3112 5290 non
3136 5237 3307 5292 solum
3336 5240 3532 5294 ﬂuenta
3561 5257 3669 5298 non
3686 5260 3789 5301 era

2223 5332 2468 5385 euarmt,
2499 5323 2590 5374 sed
2619 5322 2787 5376 multo
2811 5323 3162 5380 abundantior
3187 5333 3444 5383 bonorum
3473 5345 3694 5402 operum
3714 5351 3812 5390 eu.

2225 5414 2305 5482 pia
2336 5425 2512 5470 manat
2533 5413 2556 5465 2
2580 5413 2724 5468 Sicut
2747 5416 2886 5466 enim
2909 5419 3443 5487 catenantqnamdatn
3468 5437 3709 5487 auream,
3735 5427 3814 5480 sic

2223 5504 2338 5570 ejus
2365 5504 2633 5556 historiam
2659 5504 2709 5556 in
2744 5503 3012 5574 Scriptura
3037 5509 3208 5562 divina
3230 5511 3544 5565 recensiqu
3572 5513 3814 5572 invenio-

2224 5611 2375 5659 mus;
2403 5612 2463 5650 ac
2493 5597 2711 5665 singulis
2741 5599 3063 5666 temporibus
3090 5599 3260 5668 primo
3287 5602 3434 5656 illum
3459 5605 3814 5665 observamus

2223 5703 2361 5742 vera:
2387 5686 2737 5758 philosophiae
2764 5691 3054 5757 speeimina
3099 5693 3462 5765 exhibentem,
3516 5700 3811 5774 atati-qua

2221 5790 2533 5852 sequentem
2563 5780 2653 5835 Dei
2683 5787 3185 5839 remunerationem.
3219 5785 3285 5840 Et
3312 5797 3370 5841 ut
3388 5788 3611 5847 diseatia
3650 5793 3728 5850 in
3748 5809 3812 5855 aa
