4056 6508
122 478 231 536 333

122 609 239 648 rem
277 593 488 659 habere,
513 605 688 660 operae
717 589 946 661 pretium
987 585 1143 642 fuerit
1169 586 1324 656 paulo
1354 586 1510 639 altius
1537 585 1712 639 brevi-

126 694 209 734 ter
242 682 389 735 vobis
417 697 503 735 res
538 681 655 750 ejus
681 693 986 741 recensere,
1020 684 1076 730 ut
1101 678 1282 731 sciatis
1312 677 1567 731 eximiam
1593 675 1720 743 justi

124 772 309 836 tidem,
343 756 499 842 quam
533 771 671 824 circa
707 769 1086 837 promissiones
1122 767 1329 827 divinas
1366 766 1619 831 ostendit,
1668 774 1722 821 et

129 863 345 933 benigni
432 863 520 915 llei
568 860 945 915 retributiones
996 859 1215 929 largiter
1265 857 1364 928 ipsi
1418 871 1720 911 concessas.

124 953 334 1008 Sufﬁcit
380 955 521 1007 enim
570 968 706 1008 unus
752 952 839 1007 ille
883 953 1080 1021 justus,
1126 961 1183 1005 ut
1220 966 1408 1005 omnes
1438 965 1534 1004 nos
1595 965 1722 1005 eru-

129 1046 264 1106 diat,
296 1059 401 1112 quo
451 1044 697 1097 alacriter
747 1042 1121 1113 aggrediamur
1151 1041 1359 1094 virtutis
1404 1038 1720 1104 certamina,

126 1136 457 1191 confidentes
508 1135 756 1204 supernis
796 1132 1336 1193 remuneratiunibus,
1394 1141 1449 1185 et
1496 1132 1724 1185 scientes

130 1226 493 1279 misericordis
536 1224 741 1278 Domini
774 1225 938 1278 nostri
967 1223 1361 1287 liberalitatem,
1402 1222 1579 1276 omnia
1606 1232 1727 1289 qua:

126 1314 261 1371 dura
293 1326 347 1370 et
390 1317 552 1370 ardua
585 1317 635 1369 in
667 1315 765 1369 hac
796 1316 901 1369 vita
949 1315 1218 1381 videnlur,
1273 1329 1369 1384 spe
1416 1328 1726 1368 remunera-

131 1412 336 1465 tionum
363 1410 589 1463 libenter
615 1410 983 1479 suscipiamus.
1020 1409 1291 1465 Attendite
1319 1411 1518 1479 itaque,
1570 1409 1727 1463 obse-

126 1515 246 1565 cro,
278 1501 545 1570 quomodo
571 1503 639 1555 ah
667 1502 836 1564 initio,
869 1512 1147 1572 postquam
1170 1502 1352 1557 indole
1378 1519 1471 1557 sua
1498 1512 1552 1557 et
1572 1501 1725 1556 insita

130 1602 339 1646 natura:
370 1606 566 1646 nostr.e
595 1595 813 1649 scientia
846 1595 979 1649 bene
1009 1610 1139 1649 usus
1165 1604 1267 1660 est,
1300 1594 1503 1650 nullum
1546 1602 1724 1649 exter-

129 1699 258 1735 num
290 1686 507 1737 sortitus
538 1684 835 1751 doctorem,
863 1687 955 1741 sed
980 1696 1035 1741 et
1064 1688 1131 1739 ab
1156 1687 1461 1741 infidelibus
1491 1662 1727 1757 patienti-

131 1777 235 1830 bus
282 1776 555 1835 educatus.
587 1777 763 1830 divina
796 1779 1130 1847 apparitione
1181 1779 1381 1847 potitus
1432 1787 1535 1833 est.
1594 1777 1725 1832 Nam

129 1867 255 1934 quia
281 1867 445 1935 prima
474 1877 629 1921 a-tate
649 1882 753 1921 non
776 1877 1029 1938 sequutus
1054 1880 1136 1923 est
1163 1884 1398 1924 errorem
1423 1879 1724 1938 paternum,

132 1956 229 2008 Sed
261 1956 507 2024 pietatem
558 1973 679 2026 erga
735 1973 931 2013 ntnnen
984 1958 1241 2023 exhibuit,
1278 1958 1395 2012 ideo
1440 1973 1725 2027 supernam

131 2046 491 2101 visitationem
522 2049 699 2101 statim
726 2048 975 2113 obtinuit,
1021 2064 1141 2104 cum
1183 2050 1354 2103 adhuc
1393 2049 1443 2102 in
1480 2048 1727 2103 Chaldtca

128 2146 314 2192 esset:
347 2147 402 2191 et
431 2138 530 2191 hoc
556 2139 707 2192 nobis
730 2139 914 2194 beatus
941 2139 1241 2209 Stephanus
1267 2141 1500 2208 exponit
1550 2139 1724 2194 mani—

131 2228 321 2283 festius
364 2229 442 2284 sic
469 2230 691 2287 dicens:
724 2230 863 2284 Deus
903 2232 1079 2302 gloria:
1108 2233 1241 2285 risus
1267 2242 1340 2285 est
1378 2232 1511 2302 patri
1557 2240 1728 2284 nostro

136 2320 415 2385 Abraham,
439 2339 551 2375 runt
577 2323 745 2376 adhuc
784 2333 907 2377 esset
938 2325 987 2376 in
1015 2324 1400 2392 Μιτοομοιαιηὶα,
1433 2325 1727 2394 priusquam

134 2413 383 2467 habitaret
402 2416 451 2467 in
483 2415 713 2469 Claarran
744 2417 875 2484 (Act.
908 2418 956 2469 7.
983 2414 1061 2482 9.).
1101 2416 1286 2469 Vidisti
1319 2417 1586 2484 quomodo
1604 2432 1727 2471 cum

133 2503 261 2557 inde
288 2504 419 2558 visio
462 2508 756 2560 notaverit?
806 2507 1103 2561 Verisimile
1156 2508 1295 2561 enim
1330 2512 1414 2561 est
1437 2522 1558 2562 eum
1606 2494 1724 2561 eum

132 2596 318 2649 sedula
340 2597 391 2649 in
420 2597 585 2652 Deum
616 2600 829 2666 pietate,
864 2600 1171 2668 parentibus
1207 2616 1417 2671 quoque
1478 2615 1731 2656 reveren-

134 2686 265 2738 tiatn
293 2688 597 2743 exhibuisse
625 2706 639 2742 :
669 2698 815 2743 tanto
837 2706 920 2758 jue
950 2704 1134 2745 amore
1161 2702 1370 2759 patrem
1416 2690 1514 2753 sibi
1531 2680 1729 2745 "conci-

136 2776 372 2842 liavisse,
396 2786 452 2831 ut
479 2778 601 2832 inde
629 2779 695 2832 ad
727 2780 1128 2848 reliutpicndam
1152 2795 1335 2834 amore
1379 2780 1469 2834 filii
1504 2779 1725 2850 patriam

134 2880 313 2929 suam,
342 2879 394 2921 et
424 2868 488 2921 ad
521 2868 862 2923 habitandum
889 2872 1113 2923 alienam
1157 2880 1332 2925 motus
1357 2873 1443 2925 sit.
1494 2875 1562 2926 At
1610 2872 1730 2926 dili-

136 2968 327 3024 genter
362 2959 502 3021 vide,
525 2958 769 3026 obsecro,
793 2961 1057 3030 quomodo
1083 2971 1136 3014 et
1163 2961 1273 3015 ltzrc
1299 2977 1416 3032 qum
1438 2977 1469 3014 a
1497 2962 1603 3017 Deo
1632 2962 1730 3017 fuit

138 3045 213 3099 ob
242 3046 471 3113 priorem
496 3048 743 3103 virtutem
772 3055 888 3115 ejus
933 3050 1181 3115 vi-itatio,
1218 3054 1405 3105 iterum
1447 3053 1728 3107 clariorem

135 3135 257 3204 ejus
282 3138 525 3191 virtutem
555 3139 859 3193 reddiderit.
896 3141 1068 3209 Elegit
1087 3142 1228 3196 enim
1256 3152 1528 3210 paternam
1558 3143 1749 3212 regio-'

139 3243 264 3280 nem
302 3230 613 3298 relinquere
659 3231 955 3286 etalienam
984 3231 1300 3297 inhabitare,
1327 3242 1381 3286 ut
1404 3243 1727 3302 prmeeptum

146 3318 240 3371 Dei
263 3322 563 3386 perliceret,
593 3331 644 3373 et
684 3334 897 3390 paratus
924 3333 1037 3377 erat
1057 3325 1216 3377 etiam
1237 3325 1437 3393 absque
1467 3327 1725 3396 cognatis,

140 3418 202 3464 ut
243 3412 369 3465 mihi
420 3412 645 3479 videtur,
679 3417 1155 3485 peregrinationem
1185 3418 1457 3488 suscipere
1482 3418 1630 3482 :sed.
1675 3426 1733 3475 ut

137 3502 273 3567 dixi,
306 3504 400 3557 \iri
434 3506 601 3559 virtus
627 3513 681 3559 et
703 3508 922 3577 iu~ignis
945 3524 1068 3578 erga
1115 3520 1362 3577 parentes
1412 3511 1601 3580 pietas,
1647 3511 1728 3566 ef-

141 3593 269 3647 fecit
300 3606 355 3647 ut
389 3606 541 3665 pater
563 3609 742 3651 eomes
774 3599 923 3654 licrct
951 3602 1177 3657 itineris.

214 3684 407 3739 lterum
455 3688 788 3743 obedientiam
855 3692 1128 3748 Abrahami
1171 3704 1429 3764 experitur
1472 3692 1627 3753 Deus.
1662 3728 1733 3739 ~—

141 3778 344 3833 Deinde
372 3795 491 3833 cum
521 3784 887 3852 perveni-sent
917 3786 968 3839 in
1000 3786 1259 3851 Charran,
1284 3789 1388 3843 illic
1414 3791 1729 3845 tabernacu-

140 3867 250 3920 lum
281 3867 529 3924 lixerunt.
562 3872 626 3925 Et
655 3883 931 3943 postquam
963 3886 1132 3931 morte
1161 3878 1374 3933 functus
1405 3890 1488 3933 est
1523 3880 1725 3934 Tharra

137 3960 268 4030 (hoc
292 3963 433 4016 enim
462 3966 596 4031 patri
625 3968 739 4033 ejus
768 3983 961 4026 nomen
987 3974 1147 4032 erat).
1182 3972 1373 4025 iterum
1404 3981 1731 4043 praeceptum

136 4061 222 4107 est
251 4053 298 4106 ei
329 4068 358 4106 a
387 4056 494 4109 Deo
533 4066 588 4109 ut
616 4058 787 4113 exiret
835 4060 975 4114 inde.
1013 4060 1266 4132 Egredere
1301 4064 1443 4117 enim
1472 4105 1486 4128 ,
1517 4064 1685 4134 inquit
1714 4104 1730 4131 ,

138 4144 352 4198 ἀεταηι
369 4154 454 4198 tua
475 4156 520 4200 et
549 4148 613 4200 de
630 4150 924 4219 cognatione
947 4164 1052 4216 tua,
1085 4161 1129 4205 et
1158 4154 1268 4206 veni
1294 4154 1345 4206 in
1373 4164 1558 4207 terram
1582 4172 1734 4224 quam

137 4244 482 4290 monstravcro
514 4237 600 4290 tibi
628 4238 795 4309 (Gen.
824 4241 908 4294 l2.
938 4243 959 4295 l
989 4240 1029 4312 ).
1062 4242 1201 4295 Nam.
1224 4245 1343 4313 quia
1368 4260 1489 4298 cum
1521 4248 1735 4301 univer-

138 4342 198 4381 sa
233 4328 423 4383 fatmlia
450 4342 503 4384 et
534 4331 692 4386 domo
720 4334 771 4385 in
792 4331 1027 4389 Charrau
1048 4336 1421 4406 migravtrrant,
1454 4351 1732 4408 propterea

140 4418 289 4472 illinc
316 4420 583 4489 imperans
623 4423 669 4475 ei
705 4433 760 4476 ιιι
795 4424 1139 4492 egrederetur
1169 4468 1184 4492 ,
1216 4427 1419 4483 addidit
1449 4471 1464 4496 ,
1495 4429 1571 4483 De
1599 4422 1734 4483 terra

143 4519 236 4561 tua
266 4518 311 4562 et
343 4510 406 4564 de
432 4515 729 4582 cognatione
761 4525 848 4568 tua
882 4556 897 4581 ,
939 4516 1220 4572 declarans
1242 4534 1299 4573 se
1324 4520 1460 4574 velle
1483 4560 1497 4584 ,
1554 4521 1727 4589 ipsum

140 4598 318 4652 Solum
367 4606 847 4671 peregrinationem
897 4608 1170 4676 suscipere
1199 4650 1213 4671 ,
1260 4626 1432 4678 neque
1472 4612 1687 4665 fratrem
1714 4652 1729 4673 ,

138 4689 356 4744 Nacbor
381 4692 501 4745 dico
520 4736 532 4755 ,
560 4710 732 4764 neque
758 4698 921 4751 alium
945 4715 1260 4769 quemquam
1286 4717 1467 4755 secum
1498 4705 1729 4773 trahere.

140 4779 223 4833 De
251 4790 384 4835 terra
406 4793 492 4835 tua
515 4785 724 4839 diccbat
747 4828 763 4851 ,
792 4790 911 4858 quia
943 4806 1045 4844 non
1072 4807 1233 4859 parvo
1265 4801 1505 4861 tempore
1532 4795 1599 4847 ihi
1635 4796 1727 4848 ha-

136 4872 371 4927 Litarant
402 4915 415 4937 ,
442 4886 495 4929 et
534 4880 683 4946 quasi
726 4880 777 4934 in
820 4884 1027 4951 propria
1094 4887 1259 4953 patria
1306 4887 1411 4941 illic
1468 4887 1733 4942 habebant

135 4962 486 5020 domicilium.
518 4968 664 5023 Licet
692 4969 742 5023 itt
772 4972 1011 5039 lngendis
1050 4976 1353 5040 parentibus
1385 4978 1559 5034 adhuc
1586 4989 1730 5033 esset

134 5068 431 5120 occupatus
455 5101 467 5121 ,
495 5069 779 5129 essentque
806 5062 1144 5117 dﬂienltates
1172 5067 1377 5121 itineris
1409 5070 1587 5123 multa:
1610 5114 1621 5133 ,
1648 5080 1728 5124 ta-

137 5158 264 5198 men
304 5160 621 5214 praua-ptum
668 5151 872 5205 Domini
917 5170 1103 5224 magna
1146 5159 1365 5224 perfecit
1409 5162 1683 5215 alacritate
1710 5204 1725 5227 ,

138 5237 301 5303 id-pte
348 5238 597 5306 ignotaas
652 5242 861 5295 ubinam
908 5246 1111 5299 futurus
1163 5250 1376 5303 errandi
1423 5252 1559 5305 linis.
1607 5252 1729 5306 Veni

135 5328 283 5379 enim
320 5369 335 5390 ,
369 5330 533 5397 inquit
560 5370 573 5391 ,
607 5348 709 5385 non
738 5332 788 5385 in
824 5333 958 5388 hanc
998 5337 1078 5389 vel
1123 5338 1262 5393 illam
1293 5348 1487 5393 terram
1514 5384 1529 5408 ,
1555 5343 1648 5397 sed
1677 5346 1727 5397 in

134 5433 252 5469 eam
277 5437 425 5486 quam
447 5434 787 5477 monstravere
814 5425 919 5479 tibi.
956 5426 1311 5482 Nihilominus
1335 5473 1347 5494 ,
1384 5432 1506 5485 licet
1537 5434 1695 5488 indeii

136 5508 309 5562 nilum
338 5520 480 5564 etiset
502 5513 805 5568 mandatmn
829 5517 1023 5572 antissa
1046 5521 1338 5576 curiosiore
1370 5527 1727 5589 percontatio-

134 5617 205 5655 ne
228 5600 545 5667 imperatum
575 5602 838 5671 faciebat;
876 5607 1051 5661 fratris
1076 5622 1253 5665 autem
1288 5613 1395 5666 ﬁlio
1426 5627 1721 5685 assumpto,

133 5707 287 5746 suam
314 5693 437 5747 hinc
464 5694 847 5752 demonstravit
870 5699 1136 5755 virtutem.
1158 5702 1289 5768 Quia
1312 5706 1452 5758 enim
1471 5706 1720 5776 juvenem

134 5782 282 5837 illum
321 5796 638 5856 acceperat,
684 5790 1041 5861 paulatimque
1094 5808 1204 5849 sua:
1240 5796 1445 5851 virtutis
1496 5799 1724 5853 imitato-

134 5892 248 5930 rem
279 5877 559 5946 cﬂ'ecerat,
590 5896 705 5936 eutr
740 5884 1040 5955 relinquere
1069 5887 1255 5955 noluit,
1287 5890 1379 5944 sed
1412 5892 1719 5963 peregrina-

1154 471 1218 526 ΙΝ
1249 469 1408 527 (λιιι.
1448 470 1559 527 XV.
1592 465 1831 526 GENES.
1876 467 2103 524 ΙΙΟΜίιι.
2143 465 2379 522 XXXVI.

3321 461 3423 517 εει

1832 584 1990 638 tionis
2020 582 2222 639 socium
2251 584 2475 653 accepit.
2510 581 2671 650 Quasi
2713 579 2957 636 diceret:
2999 579 3055 635 Si
3095 587 3245 648 pater
3277 620 3291 643 ,
3337 578 3428 648 qui

1833 675 2060 731 infidelis
2092 675 2187 729 fuit
2207 716 2219 737 ,
2251 674 2321 728 ob
2345 690 2499 728 suum
2530 674 2583 726 in
2614 687 2700 727 me
2721 685 2959 726 amorem
2992 670 3209 724 domum
3246 680 3425 738 pater-

1832 783 1954 822 nam
1972 810 1987 833 ,
2014 768 2066 821 iu
2096 781 2200 837 qua
2223 767 2329 820 nati
2358 780 2546 819 sumus
2567 773 2618 820 et
2641 763 2974 818 adolevimus
2999 803 3014 825 ,
3042 761 3346 829 relinquere
3375 770 3427 813 et

1831 859 2178 915 mecomitari
2201 858 2613 927 voluit,vitaque
2642 857 2691 909 in
2723 854 2895 910 aliena
2922 862 3059 907 terra
3090 852 3302 907 functus
3324 859 3425 905 est:

1832 954 1999 1008 multo
2049 951 2219 1022 magis
2260 965 2360 1021 ego
2397 950 2577 1005 fratris
2612 949 2778 1003 lilium
2808 989 2823 1012 ,
2849 947 3100 1018 juvenem
3134 944 3311 998 indole
3334 958 3428 997 sua

1832 1045 2172 1115 pollicentem
2202 1058 2261 1098 se
2288 1042 2541 1113 paulatim
2574 1042 2627 1095 in
2661 1041 2854 1095 virtute
2884 1037 3243 1108 profecturum
3273 1078 3287 1101 ,
3322 1050 3427 1088 non

1835 1135 2171 1206 permiserim
2200 1133 2287 1188 hic
2314 1133 2564 1203 relinqui.

1902 1229 1959 1284 2.
1986 1227 2117 1296 Quia
2147 1228 2302 1297 igitur
2328 1227 2499 1280 modis
2523 1224 2772 1278 omnibus
2800 1238 2949 1279 suam
2977 1221 3267 1276 ostendens
3299 1218 3431 1273 reli-

1832 1324 2068 1393 gionem,
2099 1322 2258 1375 etiam
2292 1321 2445 1374 istam
2478 1318 2961 1389 peregrinationem
2986 1316 3219 1384 suscepit
3245 1356 3258 1378 ,
3289 1321 3433 1382 post-

1832 1430 1993 1486 quam
2023 1413 2075 1467 in
2101 1412 2436 1467 Palmstinam
2466 1410 2609 1466 venit
2634 1420 2687 1465 et
2724 1410 3149 1463 Cbanauzeornm
3182 1407 3317 1459 lines
3346 1404 3429 1457 iu-

1836 1506 1991 1561 travit
2026 1546 2041 1571 ,
2089 1506 2335 1575 apparuit
2376 1504 2425 1558 ei
2470 1503 2610 1556 Deus
2639 1543 2655 1568 ,
2699 1502 2886 1556 volens
2934 1499 3051 1568 ejus
3095 1497 3426 1552 alacritatem

1834 1596 2155 1653 conﬁrmare
2179 1603 2234 1648 et
2258 1594 2355 1665 ipsi
2385 1608 2601 1646 manum
2631 1593 2939 1661 porrigere,
2965 1588 3095 1642 dicit
3118 1588 3164 1642 ei
3194 1605 3207 1640 :
3234 1586 3429 1641 Scmini

1835 1700 1921 1743 tuo
1944 1688 2074 1743 dabo
2104 1698 2290 1742 terram
2313 1686 2443 1740 hanc
2466 1682 2619 1754 (Gen.
2649 1684 2735 1738 l2.
2765 1684 2843 1750 7).
2875 1682 2929 1735 ld
2958 1680 3097 1751 quod
3132 1681 3219 1734 ille
3246 1678 3432 1732 admo-

1835 1782 1964 1838 dum
2009 1781 2264 1851 optabat,
2304 1795 2368 1834 ac
2405 1776 2781 1841 desiderabat,
2824 1776 3054 1828 filiorum
3088 1787 3283 1843 nempe
3308 1786 3431 1825 suc-

1834 1874 2133 1931 cessionem
2158 1914 2175 1938 ,
2208 1871 2348 1927 istud
2377 1871 2535 1925 etiam
2569 1868 2669 1938 ipsi
2713 1869 2895 1922 statim
2926 1866 3190 1936 promittit
3221 1906 3236 1929 ,
3268 1865 3428 1917 retri-

1838 1966 2007 2022 buens
2039 1965 2199 2020 tantis
2242 1963 2515 2018 laboribus
2543 1959 2867 2015 mercedem.
2899 1958 3161 2025 Quoniam
3194 1956 3338 2010 enim
3366 1970 3431 2010 ex

1836 2068 2019 2112 natura
2054 2056 2218 2125 prolis
2247 2070 2439 2123 expers
2464 2062 2581 2108 erat
2607 2096 2621 2117 ,
2648 2060 2703 2105 et
2729 2060 2859 2127 mtas
2887 2064 3101 2119 quoque
3125 2048 3431 2117 provectior

1836 2164 1903 2203 ne
1949 2148 2047 2202 sibi
2092 2146 2220 2217 quid
2267 2146 2503 2215 polliceri
2561 2154 2739 2213 posset
2793 2142 3045 2204 vetabat,
3078 2138 3432 2209 promissione

1840 2241 1976 2294 Deus
2005 2232 2197 2294 e'xeitat
2228 2247 2284 2292 et
2312 2238 2467 2306 erigit
2507 2235 2764 2289 athletam
2792 2275 2805 2298 ,
2833 2242 2997 2302 atque
3021 2232 3253 2285 alacrem
3276 2232 3433 2299 juve-

1835 2332 2105 2401 nilemquc
2124 2339 2275 2399 parat
2294 2328 2552 2383 adversus
2566 2327 2841 2397 sequentia
2860 2324 3175 2379 certamina.
3198 2320 3431 2378 Proinde

1836 2423 1956 2477 vide
2000 2422 2429 2493 quomodopost
2474 2418 2608 2472 hanc
2637 2416 3046 2487 promissionem
3088 2413 3263 2483 justus
3290 2411 3433 2471 aliud

1834 2507 2479 2584 certameniaggreditur.
2547 2510 2911 2565 invalescente
2971 2508 3112 2560 enim
3166 2504 3436 2570 bime,et

1836 2608 2137 2661 Chananma
2167 2605 2449 2660 sterilitate
2477 2612 2532 2656 et
2561 2601 2821 2671 angustiis
2847 2614 3099 2669 oppreSsa
3124 2638 3141 2663 ,
3182 2597 3235 2651 in
3262 2596 3433 2667 Egy-

1840 2709 1983 2768 ptum
2020 2696 2333 2759 contendit;
2378 2695 2485 2749 illic
2521 2693 2674 2747 famis
2712 2690 3097 2762 mitigationctn
3140 2704 3386 2761 qua‘rens
3415 2730 3434 2754 ,

1836 2788 2129 2857 majoribus
2159 2802 2279 2842 sese
2306 2786 2556 2855 periculis
2598 2784 2839 2838 involvit.
2871 2782 3068 2838 Uxoris
3087 2783 3231 2837 enim
3261 2798 3431 2836 venu-

1836 2893 1946 2934 stas
1980 2888 2033 2933 et
2059 2878 2398 2948 pulchritudo
2422 2877 2568 2933 Sara:
2600 2887 2826 2929 mortem
2849 2876 2895 2929 ei
2920 2875 3071 2945 quasi
3098 2886 3224 2929 ante
3246 2874 3434 2929 oeulos

1838 2974 2007 3044 punit.
2057 2970 2181 3025 ldeo
2208 2984 2328 3024 entn
2355 2969 2462 3039 jam
2504 2970 2554 3021 in
2590 2968 2837 3022 conliniis
2867 2976 3011 3020 esset
3051 2965 3268 3037 Egypti
3288 3008 3316 3033 ε,
3346 2966 3433 3019 iu-

1836 3077 2118 3135 gressurus
2164 3064 2214 3115 in
2245 3076 2364 3113 eam
2401 3060 2531 3114 dixit
2561 3058 2713 3114 uxori
2747 3077 2761 3113 :
2797 3058 2918 3113 Scio
2944 3058 3079 3127 quod
3107 3062 3329 3128 formosa
3367 3059 3436 3110 si:

1836 3154 1991 3224 (Gen.
2022 3154 2108 3208 12.
2144 3152 2229 3205 ll.
2253 3151 2384 3220 sqq.)
2408 3168 2421 3214 ;
2447 3150 2558 3203 scio
2591 3160 2693 3201 tua.-
2724 3148 3138 3217 pulchritudinis
3160 3162 3393 3215 spectem
3418 3188 3432 3210 ,

1837 3258 1892 3302 et
1915 3249 2076 3300 timeo
2104 3244 2473 3314 Egyptiorum
2511 3238 3000 3309 inteuqierantiam.
3030 3238 3084 3293 Si
3113 3253 3240 3306 ergo
3272 3248 3323 3292 te
3355 3239 3432 3290 vi-

1837 3338 2033 3400 derint,
2054 3346 2111 3391 et
2131 3335 2476 3404 cognoverint
2505 3332 2645 3401 quod
2674 3333 2745 3385 uti
2772 3347 2991 3384 ttXul'eln
3025 3341 3075 3385 te
3108 3345 3314 3384 meeum
3341 3329 3438 3383 du-

1838 3444 1954 3483 cam
1990 3446 2003 3481 :
2038 3437 2088 3481 te
2130 3424 2344 3495 quidem
2390 3426 2441 3477 in
2488 3424 2590 3475 vita
2644 3423 2971 3484 servabunt,
3002 3428 3059 3475 ut
3106 3421 3189 3474 sui
3242 3420 3437 3475 futuris

1843 3520 2100 3587 impetum
2129 3532 2293 3586 opere
2316 3515 2659 3584 compleant;
2688 3529 2772 3567 me
2801 3523 2982 3567 autem
3016 3513 3261 3567 occident
3286 3555 3301 3578 ,
3332 3529 3439 3582 quo

1841 3612 1998 3666 liceat
2026 3608 2106 3664 eis
2131 3610 2246 3663 sine
2274 3608 2426 3662 obice
2450 3622 2602 3661 suam
2626 3605 2898 3659 libidinem
2920 3605 3157 3675 explere.
3192 3615 3251 3659 ut
3281 3620 3439 3659 nemo

1840 3704 1910 3757 sit
1938 3701 2028 3771 qui
2054 3699 2374 3755 adulterium
2421 3713 2606 3751 eorum
2648 3697 2858 3767 prodat.
2913 3695 3007 3749 Dic
3035 3695 3191 3765 igitur
3219 3712 3294 3748 me
3322 3699 3437 3768 fra-

1841 3803 1966 3846 trem
2004 3801 2144 3844 tunm
2192 3806 2315 3844 esse.
2363 3788 2499 3843 Vide
2548 3788 2945 3842 adamantinam
2994 3789 3226 3840 anitnam
3259 3829 3273 3851 ,
3318 3789 3437 3842 vide

1841 3891 2075 3936 mentem
2106 3880 2251 3935 ferro
2280 3880 2625 3934 solidiorem:
2657 3892 2762 3932 non
2803 3878 3034 3932 turbavit
3059 3878 3176 3947 ejus
3202 3889 3437 3934 mentem

1841 3972 2118 4028 calamitas
2147 3982 2352 4040 ,‘quam
2401 3969 2922 4039 exspectabatpnon
2956 3970 3223 4040 cogitabat
3267 3984 3438 4039 neque

1840 4064 2053 4119 dicebat
2074 4064 2210 4117 intra
2239 4062 2586 4130 semetipsum
2618 4104 2626 4111 .
2661 4060 2855 4114 ldeone
2885 4061 3093 4129 propria
3136 4059 3317 4115 relicta
3350 4077 3439 4129 pa.

1844 4155 1941 4208 tria
1968 4162 2164 4207 tantam
2189 4167 2296 4222 pra:
2330 4166 2415 4206 me
2446 4150 2535 4203 tuli
2564 4148 2929 4204 obedientiam
2966 4192 2979 4212 .
3015 4151 3174 4219 inque
3201 4152 3433 4206 alienam

1842 4248 1960 4301 vcni
1984 4256 2177 4301 terram
2213 4288 2227 4311 ,
2260 4256 2314 4298 ut
2343 4243 2491 4299 hisee
2512 4243 2669 4298 malis
2702 4242 3006 4311 implicarer
3033 4243 3055 4296 ?
3083 4242 3272 4297 Nonne
3304 4259 3437 4312 pau-

1844 4340 1895 4393 lo
1921 4347 2073 4393 antea
2102 4337 2348 4408 promisit
2374 4335 2501 4390 mihi
2527 4353 2540 4389 :
2573 4334 2770 4390 Scinini
2800 4344 2885 4387 tuo
2914 4333 3044 4387 dabo
3062 4344 3249 4387 terram
3269 4334 3438 4389 hanc!

1844 4434 1921 4487 En
1952 4442 2005 4486 et
2034 4430 2279 4485 adulterii
2302 4439 2353 4484 et
2382 4430 2570 4484 mortis
2596 4429 2754 4482 timor
2782 4436 3018 4482 mentem
3051 4440 3288 4481 nostram
3308 4443 3439 4481 eon-

1841 4526 1992 4579 cutit.
2019 4523 2120 4579 Sed
2155 4523 2281 4577 nihil
2312 4523 2503 4576 horum
2534 4521 2617 4575 vel
2642 4522 2691 4574 in
2716 4532 2947 4576 mentem
2977 4519 3222 4589 accipere
3249 4520 3437 4591 digna-

1843 4625 1926 4669 tus
1969 4627 2048 4668 est
2086 4632 2097 4665 :
2134 4629 2291 4665 unum
2338 4613 2384 4665 ei
2428 4611 2707 4665 dumtaxat
2756 4626 2901 4664 curm
2960 4621 3069 4664 erat
3109 4652 3124 4674 ,
3166 4610 3436 4678 quomodo

1844 4706 2094 4758 miseram
2126 4702 2263 4756 hanc
2299 4702 2530 4754 fabulam
2569 4701 2641 4755 ita
2667 4709 2849 4771 ageret
2878 4741 2893 4765 ,
2927 4699 3135 4753 duobus
3162 4698 3284 4753 hinc
3315 4699 3437 4755 inde

1844 4797 2093 4866 periculis
2134 4795 2444 4864 urgentibus
2471 4834 2486 4859 ,
2519 4805 2573 4847 ut
2620 4793 2699 4847 vel
2753 4808 2916 4846 unum
2967 4791 3156 4846 saltem
3196 4790 3435 4862 effugere

1841 4897 2041 4958 pziSset.

1916 4978 2167 5031 Hirabilis
2196 4978 2289 5031 Dei
2318 4977 2629 5045 providentia
2652 4977 2789 5030 circa
2824 4978 3187 5030 Abraltamam.
3221 4977 3297 5031 0b
3326 4994 3428 5031 mo-

1839 5071 2048 5123 destiam
2062 5070 2310 5136 beneﬁciis
2326 5069 2531 5138 afﬁcitur
2557 5068 3137 5138 Abrahamus.—Igi1ur
3152 5079 3430 5139 postquam
3450 5119 3454 5123 .

1842 5162 1953 5229 ipse
2000 5177 2116 5228 qum
2143 5176 2236 5213 sua
2267 5171 2419 5214 erant
2446 5160 2620 5213 attulit
2660 5200 2676 5226 ,
2724 5160 2947 5213 consilio
2987 5161 3236 5215 videlicet
3276 5175 3433 5216 utens

1837 5263 1889 5305 et
1918 5254 2078 5306 animi
2113 5252 2420 5307 [ςιιιίιιιιιῐιιο
2448 5270 2459 5305 :
2489 5253 2681 5306 mulier
2710 5268 2921 5322 quoque
2951 5255 3275 5323 singularem
3306 5270 3430 5323 erga

1840 5345 2008 5398 virum
2042 5344 2375 5404 aii'ectioaem
2413 5354 2466 5399 et
2511 5343 2870 5398 obedientiam
2901 5344 3183 5399 declarans
3224 5361 3425 5416 coope-

1838 5444 1947 5489 rata
1980 5445 2059 5490 est
2085 5478 2098 5496 .
2139 5445 2191 5490 et
2222 5437 2284 5491 iis
2309 5452 2427 5505 qum
2460 5437 2674 5489 decreta
2719 5435 2927 5490 fuerant
2957 5438 3308 5493 ministravit:
3343 5442 3427 5493 ubi

1836 5529 1993 5597 Igitur
2019 5527 2159 5597 quod
2186 5544 2338 5581 suum
2369 5537 2485 5580 erat
2514 5527 2851 5596 perfecerunt
2887 5572 2899 5592 ,
2931 5546 3161 5599 cumque
3202 5532 3310 5599 jam
3344 5548 3428 5584 sc-

1833 5618 2063 5673 Cltlltltllli
2130 5618 2417 5671 humanum
2476 5635 2678 5674 morem
2744 5620 3121 5689 desperaretnr
3168 5664 3182 5686 ,
3221 5632 3275 5675 et
3314 5621 3427 5678 fere

1832 5726 1995 5779 Opere
2038 5712 2299 5780 completa
2362 5710 2548 5765 fuisset
2596 5710 2967 5781 Egyptiornm
3016 5713 3246 5772 malitia.
3299 5720 3424 5766 tunc

1833 5819 2020 5872 magna
2052 5802 2143 5856 Dei
2172 5801 2222 5856 iu
2250 5819 2371 5857 eum
2420 5803 2752 5872 providentia
2802 5804 3072 5860 declarata
3102 5811 3205 5856 est.
3238 5801 3423 5857 Mulie-

1834 5911 1944 5949 rem
1972 5894 2114 5949 enim
2146 5894 2285 5948 Deus
2328 5912 2431 5948 non
2477 5877 2649 5949 solum
2679 5910 2706 5948 a
2735 5896 3059 5951 contumelia
3085 5894 3301 5964 eripuit,
3331 5894 3415 5948 in-
