4056 6474
652 438 792 496 535'

651 550 953 618 dignatione
979 567 1069 605 si...
1105 552 1155 606 in
1187 569 1364 624 regem
1390 565 1442 608 ct
1473 553 1524 608 in
1551 555 1766 610 domum
1789 557 1903 628 ejus
1934 557 2166 614 immissi
2201 597 2215 620 ,

651 647 740 699 sed
765 657 816 699 et
843 649 1211 716 patriareham-
1233 665 1352 705 cunt
1394 665 1580 719 magna
1613 653 1776 720 gloria
1802 653 1852 706 in
1887 652 2218 706 Pala‘stinatn

650 753 709 789 ex
735 737 964 808 Aigypto
993 740 1164 793 redire
1191 742 1410 793 curavit.
1439 740 1726 795 Considera
1773 741 2040 811 quomodo
2073 741 2217 792 beni-

649 846 784 898 gnus
811 832 1062 884 lituninns
1085 833 1133 884 itt
1168 832 1356 886 mediis
1383 834 1634 886 auxilium
1667 833 1890 886 alit-rens
1917 831 2222 885 tentatiotii-

654 923 750 974 bus
771 963 786 980 .
813 922 1062 976 athletam
1092 937 1242 975 suum
1272 924 1335 976 ad
1369 923 1582 979 ferenda
1615 926 1890 994 sequentia
1931 924 2220 977 certamina

653 1009 923 1063 fortiorem
953 1012 1152 1065 reddit:
1188 1028 1283 1067 nec
1306 1029 1553 1082 umquam
1585 1029 1704 1068 eum
1727 1029 1822 1067 suo
1859 1013 2099 1067 destituit
2126 1013 2220 1065 ad-

650 1101 888 1167 jumento
909 1142 923 1162 ,
952 1103 1046 1156 sed
1078 1105 1129 1156 in
1161 1105 1408 1159 euntibus
1435 1122 1542 1158 rem
1572 1108 1638 1159 ita
1664 1114 1960 1174 temperat,
1991 1114 2043 1158 ut
2072 1105 2225 1174 plane

651 1192 827 1244 videat
855 1191 967 1259 ille,
999 1210 1055 1247 se
1083 1211 1237 1262 parva
1273 1196 1584 1264 proferendo
1606 1237 1619 1259 ,
1649 1198 1852 1266 magnis
1871 1207 1923 1252 et
1955 1198 2144 1250 mirum
2174 1199 2224 1249 in

652 1281 864 1335 modum
896 1285 1118 1352 magnis,
1150 1285 1539 1356 humanamque
1571 1295 1811 1340 naturam
1847 1289 2226 1341 transcenden~

653 1372 792 1425 tibus
815 1376 1160 1428 remunerari.
1201 1375 1387 1430 Vidisti
1413 1378 1540 1444 justi
1569 1377 1916 1446 patientiam?
1946 1376 2072 1430 Vide
2101 1378 2224 1430 item

653 1473 771 1530 post
797 1463 1024 1517 reditum
1054 1480 1117 1518 ex
1148 1464 1381 1536 IEgypto
1409 1467 1718 1522 humilitatis
1741 1467 2152 1537 magnitudinem
2172 1476 2228 1521 et

654 1553 914 1621 insignem
968 1557 1447 1611 mansuetudinem.
1503 1558 1632 1612 Nam
1694 1573 1813 1612 enm
1873 1557 2118 1611 rcdiisset
2162 1560 2228 1612 ab

656 1641 888 1710 Ᾱίςῃιω
918 1684 933 1703 .
982 1647 1306 1715 mahatnque
1347 1648 1640 1716 possideret
1681 1648 2028 1701 siihstantiatn
2077 1655 2094 1712 (
2132 1664 2228 1702 nec

656 1731 769 1800 ipse
797 1733 942 1786 solus
968 1775 980 1797 ,
1027 1734 1119 1788 sed
1149 1737 1320 1789 fratris
1352 1738 1488 1791 filius
1514 1740 1892 1807 sequebatur),
1925 1738 2042 1793 Non
2064 1742 2228 1808 rapito

652 1821 755 1882 bat,
781 1823 965 1891 inquit,
994 1841 1076 1877 eos
1103 1835 1233 1877 terra
1261 1837 1310 1879 ut
1343 1827 1621 1880 habitarent
1643 1829 1793 1880 simul
1821 1829 1971 1896 (Gen.
2006 1831 2090 1883 l3.
2119 1830 2177 1899 6)
2213 1870 2226 1894 ,

651 1911 772 1978 quia
811 1914 1002 1966 multas
1049 1915 1321 1969 facultates
1363 1915 1625 1970 habebant
1658 1936 1669 1969 :
1703 1919 1841 1972 unde
1885 1932 1932 1971 et
1967 1920 2075 1972 tixa
2114 1935 2163 1972 οι
2181 1931 2228 1972 ta

655 2013 737 2056 est
766 2004 902 2058 inter
925 2014 1164 2073 pastores
1193 2006 1290 2061 Lot
1332 2018 1386 2062 et
1417 2009 1632 2062 Abram.
1664 2010 1811 2063 Tune
1834 2011 2010 2078 justus
2039 2011 2229 2066 animae

654 2109 766 2147 sua:
797 2097 1256 2150 mansuetudinem
1296 2109 1350 2152 et
1397 2101 1702 2166 prmclaratu
1737 2101 2039 2167 patientiam
2074 2117 2229 2155 mon-

654 2192 848 2246 strans,
879 2194 1066 2238 vocato
1091 2185 1190 2238 Lot
1212 2186 1344 2240 dixit
1383 2207 1394 2240 :
1449 2186 1530 2240 Ne
1555 2190 1616 2241 sit
1643 2191 1752 2241 rixa
1779 2192 1909 2242 inter
1935 2207 2013 2244 nte
2048 2202 2097 2242 et
2137 2201 2184 2244 te
2214 2231 2229 2254 ,

653 2283 699 2326 et
728 2274 854 2326 inter
882 2287 1105 2341 pastores
1135 2293 1270 2330 meus
1313 2287 1360 2330 et
1407 2288 1635 2344 pastores
1668 2290 1778 2332 tuos
1811 2320 1826 2344 ,
1856 2282 1975 2348 quia
2005 2281 2232 2334 homines

652 2367 838 2431 fratres
872 2380 1044 2416 smnus
1074 2381 1166 2418 nos
1200 2365 1219 2434 (
1247 2366 1380 2418 lbtd.
1412 2384 1457 2418 υ.
1483 2370 1514 2419 8
1549 2373 1601 2430 t;
1631 2371 1783 2436 quasi
1811 2368 2012 2423 diceret
2044 2388 2057 2423 :
2090 2369 2229 2423 Nihil

657 2469 786 2524 pace
837 2457 1170 2524 prmstautius
1202 2474 1216 2521 ;
1251 2458 1381 2511 nihil
1430 2460 1770 2513 contentione
1819 2462 2127 2516 damnOsius
2177 2473 2232 2518 et

653 2545 886 2614 gravius.
937 2545 1002 2601 Ut
1043 2547 1202 2617 igitur
1245 2563 1274 2602 e
1305 2549 1482 2602 medio
1506 2551 1756 2604 tollamus
1786 2567 1998 2605 omnem
2026 2553 2231 2607 ris-andi

657 2640 954 2702 materiam,
974 2639 1109 2709 elige
1136 2656 1292 2708 quam
1324 2641 1554 2695 volneris
1584 2642 1876 2711 regionem,
1895 2656 1946 2696 et
1975 2645 2230 2711 reliquam

655 2727 782 2781 mihi
813 2729 1081 2797 relinque,
1135 2741 1190 2784 ut
1217 2746 1246 2783 a
1277 2732 1442 2784 litium
1470 2740 1524 2785 et
1549 2734 1948 2786 contentionum
1991 2734 2230 2788 molestia

656 2817 824 2872 simus
851 2819 1030 2874 alieni.
1067 2819 1248 2876 Vidisti
1277 2821 1372 2876 viri
1410 2823 1695 2877 virtutem?
1721 2824 1890 2878 Cessit
1914 2823 2113 2895 jun‘mi
2137 2840 2233 2896 po—

653 2907 850 2962 tiorum
881 2907 1179 2976 electione,
1209 2910 1322 2979 ipse
1366 2920 1649 2966 contentus
1693 2912 1876 2966 viliore
1926 2923 2089 2968 terra.
2128 2913 2238 2968 Sed

653 2997 783 3053 vide’
805 2998 890 3053 hic
915 2999 1073 3054 etiam
1099 3009 1351 3071 quantam
1381 3003 1681 3058 mercedem
1710 3015 1895 3058 nactus
1925 3007 1993 3058 sit
2033 3021 2130 3075 pro
2168 3006 2231 3062 iis

653 3088 766 3144 suis
791 3088 999 3144 officiis.
1033 3090 1224 3145 Statim
1253 3094 1395 3146 enim
1419 3095 1754 3161 separatione
1780 3110 1808 3146 τι
1841 3095 1937 3148 Lat
1963 3096 2094 3150 facta
2116 3137 2132 3160 ,
2157 3099 2232 3152 ait

656 3179 731 3234 illi
777 3180 950 3235 Deus:
983 3180 1207 3236 Elevatis
1253 3185 1414 3238 oculis
1441 3185 1539 3238 tuis
1576 3186 1689 3238 vide
1727 3201 1919 3239 onmem
1961 3197 2145 3240 terram
2171 3188 2234 3241 ab

657 3272 795 3325 omni
816 3283 959 3342 parte
979 3289 998 3326 :
1022 3273 1140 3343 quia
1178 3291 1374 3329 omnem
1404 3286 1588 3329 terrent
1613 3317 1629 3343 ,
1661 3294 1812 3343 quam
1843 3290 1894 3331 tu
1924 3280 2059 3332 rides
2092 3321 2106 3346 ,
2149 3280 2236 3334 tibi

657 3361 788 3414 a'ttbo
817 3372 862 3414 et
887 3363 1067 3415 semini
1107 3372 1190 3416 tuo
1237 3381 1396 3432 usque
1431 3365 1483 3418 in
1520 3366 1757 3418 arculum
1802 3368 1820 3435 (
1853 3365 1989 3419 Ibid.
2023 3385 2070 3423 ιι.
2103 3369 2170 3423 Η
2193 3371 2232 3438 ).

655 3451 943 3506 Considera
981 3456 1193 3522 quantis
1226 3453 1496 3508 beneficiis
1528 3455 1720 3509 merito
1752 3453 1984 3511 afticitnr
2017 3458 2085 3512 ob
2113 3473 2233 3513 mo-

653 3540 878 3597 destiatn
909 3583 923 3606 ,
949 3558 1106 3610 quam
1135 3558 1258 3613 erga
1285 3543 1462 3598 fratris
1485 3543 1651 3598 ﬁlium
1672 3545 1965 3600 declaravit
1995 3563 2008 3599 :
2037 3557 2090 3602 et
2121 3548 2235 3617 ipse

656 3629 870 3699 quidem
900 3642 956 3684 ιιι
981 3633 1153 3700 parvis
1193 3635 1352 3686 cessit
1381 3673 1396 3697 ,
1425 3632 1592 3685 multo
1634 3634 1831 3702 majora
1873 3646 2235 3705 consequutus

657 3731 742 3776 est
776 3739 788 3774 :
824 3723 909 3776 ille
935 3731 1108 3777 autem
1143 3725 1228 3792 qui
1261 3723 1518 3792 petierem
1552 3734 1753 3793 partem
1781 3725 2051 3796 delegerat
2079 3768 2094 3792 ,
2127 3741 2233 3782 non

662 3814 830 3867 multo
876 3826 994 3883 post
1031 3816 1080 3869 itt
1129 3816 1360 3886 pericula
1405 3816 1698 3872 inciditch
1749 3834 1851 3872 non
1899 3820 2070 3873 solum
2102 3819 2233 3876 nihil

659 3907 923 3961 commodi
954 3908 1020 3962 ab
1047 3908 1309 3964 electione
1329 3911 1564 3979 accepit,
1597 3912 1690 3966 sed
1712 3923 1763 3965 et
1793 3914 2033 3982 captivus
2055 3923 2108 3968 et
2134 3913 2234 3968 do-

663 4012 751 4050 mo
781 4007 938 4064 atque
964 3996 1080 4051 foco
1110 4007 1329 4066 repente
1355 4001 1510 4052 simul
1558 3992 1795 4070 privatus
1816 4011 1896 4056 est
1928 4021 1941 4065 ;
1972 4004 2236 4073 rebusque

664 4089 789 4156 ipsis
819 4086 1001 4140 didicit
1031 4103 1189 4157 quam
1218 4089 1405 4143 eximia
1430 4090 1596 4144 virtus
1624 4091 1770 4158 justi,
1802 4101 1855 4146 et
1888 4093 1999 4161 ipse
2019 4094 2240 4148 edOctus

661 4188 744 4233 est
788 4195 853 4232 ne
901 4187 1078 4248 postea
1123 4178 1248 4248 quid
1295 4195 1541 4250 umquam
1589 4182 1691 4237 tale
1749 4192 2052 4238 attentaret.
2106 4183 2238 4238 Nam

666 4279 939 4337 postquam
965 4269 1208 4324 Sodomis
1249 4271 1488 4326 habitare
1518 4274 1676 4341 carpit
1708 4315 1720 4336 ,
1746 4275 1922 4330 statim
1951 4276 2240 4330 excitatum

661 4368 744 4413 est
767 4375 928 4428 grave
959 4361 1152 4414 bellum
1184 4372 1276 4444 ,et
1301 4364 1593 4417 vicinarum
1615 4365 1849 4433 gentium
1883 4381 2034 4433 reges
2068 4369 2239 4422 insuro

663 4460 914 4505 rexerunt
939 4460 990 4506 et
1013 4467 1223 4506 omnem
1254 4455 1525 4524 regionem
1554 4456 1708 4508 simul
1739 4455 2043 4524 depopulati
2076 4467 2232 4522 sunt;

661 4542 1060 4612 gigantibusque
1089 4542 1276 4596 occisis
1311 4585 1324 4609 ,
1352 4553 1404 4597 et
1444 4544 1748 4598 Amalec-itis
1774 4546 2041 4613 expulsis,
2076 4546 2238 4601 etiam

662 4633 1017 4687 Sodomorum
1046 4648 1222 4700 regem
1245 4643 1298 4686 et
1318 4634 1628 4688 Gomorrha:
1653 4634 1704 4688 in
1729 4634 1903 4703 fugam
1934 4646 2239 4702 verterunt,

671 4723 936 4774 montanis
964 4723 1209 4775 omnibus
1237 4723 1526 4790 occupatis,
1559 4732 1612 4777 et
1639 4725 1874 4793 equitatu
1900 4727 2038 4794 regis
2065 4725 2241 4780 Sodoo

667 4825 871 4863 morum
903 4819 1088 4864 avecto
1113 4825 1214 4863 una
1246 4825 1363 4865 cum
1394 4810 1492 4865 Lot
1511 4813 1738 4882 captivo,
1764 4814 2096 4878 mulieribus,
2131 4830 2245 4869 om-

670 4902 928 4970 nibusque
957 4903 1198 4964 sarcinis.
1223 4901 1486 4957 abierunt.

740 4994 791 5048 ὅ.
825 4992 928 5048 Sed
979 4994 1096 5049 vide
1145 4994 1334 5049 iterum
1389 4995 1654 5065 ingentem
1700 4996 1786 5050 Dei
1835 4997 2242 5065 providentiam.

673 5085 867 5142 Voleus
895 5085 1033 5139 enim
1061 5085 1216 5139 simul
1242 5096 1294 5139 et
1326 5086 1422 5140 Lnt
1459 5101 1488 5138 a
1518 5086 1822 5154 captivitate
1862 5087 2084 5141 liberum
2120 5088 2244 5141 red-

668 5183 796 5237 dere
823 5225 836 5244 ,
867 5191 918 5235 et
945 5179 1258 5250 patriarcha:
1281 5180 1500 5250 gloriam
1529 5180 1694 5249 magis
1722 5179 2005 5244 illustrare,
2049 5179 2247 5234 excitat

667 5277 864 5343 justum
896 5281 949 5326 ut
982 5271 1154 5325 fratris
1183 5272 1289 5324 lilio
1320 5279 1611 5324 succurrat.
1661 5269 1788 5323 Nam
1825 5281 1878 5322 ut
1917 5269 2097 5324 didicit
2128 5284 2246 5339 qua:

673 5367 806 5418 ficta
829 5371 1001 5426 erant,
1023 5378 1139 5417 cum
1172 5363 1466 5416 vernaculis
1492 5362 1602 5415 suis
1635 5361 1831 5428 impetu
1856 5361 1994 5414 facto
2023 5361 2072 5415 in
2096 5373 2247 5428 rcges

676 5455 795 5509 illos
820 5497 832 5520 ,
863 5455 979 5507 illos
1009 5451 1160 5506 faetle
1190 5452 1478 5521 profligavit
1502 5493 1517 5518 ,
1550 5460 1601 5506 et
1642 5451 1740 5506 Lot
1775 5462 1933 5520 atque
1977 5452 2244 5512 mulieres,

674 5557 724 5600 et
755 5561 964 5600 omnem
1006 5544 1293 5613 equitatum
1329 5545 1464 5612 regis
1497 5544 1702 5598 reduxit
1733 5561 1744 5598 :
1787 5543 1972 5612 quibus
2006 5553 2106 5594 L-un
2140 5541 2249 5595 cla-

678 5640 750 5692 ris
777 5637 1076 5704 triumphis,
1109 5637 1351 5689 omnibus
1386 5635 1639 5703 patefacta
1672 5646 1749 5690 est
1783 5635 1968 5702 ingens
2003 5634 2090 5686 Dei
2123 5647 2247 5699 erga

681 5729 826 5782 illum
853 5726 1216 5780 benevolentia
1240 5768 1252 5791 ,
1282 5738 1330 5777 et
1361 5727 1529 5793 ipsum
1561 5741 1662 5778 non
1711 5740 1801 5777 sua
1832 5725 2024 5776 virtute
2053 5733 2247 5774 tantam

680 5833 904 5888 stragem
952 5817 1170 5881 fecisse,
1227 5819 1315 5869 H'bl
1363 5831 1585 5884 superna
1619 5817 1807 5869 vittute
1853 5815 2130 5866 munitum.
2189 5812 2250 5864 Et

1365 445 1418 499 δ.
1461 444 1736 498 ιυειδδιδ
1775 429 2247 494 etttttseswttt
2288 429 2601 485 Altblllhl’.
2641 426 3170 495 cot‘tS't'Amuup,

2331 557 2444 626 ipse
2471 569 2680 626 quoque
2704 551 3002 626 patriarcha
3025 552 3155 620 ipsis
3179 550 3334 604 rebus
3362 548 3674 601 cnitebatur
3703 588 3717 608 ,
3755 559 3810 600 ut
3835 548 3920 600 So-

2326 648 2541 701 domitis
2570 645 2816 699 omnibus
2842 643 3032 697 doctor
3066 642 3226 696 divini
3255 641 3433 694 cultus
3469 641 3632 693 fieret
3655 677 3670 698 .
3722 653 3924 690 necnon

2334 737 2513 791 verbis
2539 737 2642 791 illis
2661 735 2810 805 queis
2838 750 3014 805 regem
3041 732 3431 802 alloquebatur.
3485 729 3623 783 Nam
3653 743 3784 795 quia
3807 742 3922 780 cina

2329 828 2648 880 occurrisset
2694 840 2787 879 rex
2809 866 2823 887 ,
2865 834 2918 878 et
2957 839 3053 893 pro
3082 822 3238 876 rebus
3265 823 3430 891 geStis
3466 820 3674 888 gratias
3708 820 3922 886 egisset.

2329 931 2391 970 ac
2417 932 2628 970 omnem
2651 916 2941 985 equitatum
2967 914 3016 969 ei
3045 929 3102 968 se
3125 913 3442 968 d0naturum
3470 913 3687 966 diceret
3707 951 3727 975 ,
3760 908 3924 962 homi-

2331 1021 2529 1072 nesque
2556 1005 2826 1060 dumtaxat
2851 1013 3188 1075 accepturum
3219 1021 3232 1057 :
3265 1003 3384 1057 vide
3415 1003 3616 1057 iterum
3639 1003 3782 1070 justi
3808 1015 3921 1052 ma-

2328 1097 2728 1165 gnanimitatem
2752 1137 2767 1161 ,
2805 1094 3071 1164 quomodo
3113 1093 3464 1162 phifosophiie
3500 1107 3620 1145 sua:
3647 1090 3924 1161 speciosa:

2330 1190 2545 1243 exhibet
2569 1229 2583 1250 .
2629 1188 2916 1242 ostendens
2955 1201 3015 1241 se
3051 1185 3212 1240 donis
3237 1183 3543 1254 huiusmodi
3583 1184 3926 1253 superiorem

2331 1295 2487 1345 esse,
2535 1294 2763 1349 eumque
2803 1278 2869 1332 ad
2899 1292 3040 1332 verae
3088 1278 3358 1343 religionis
3401 1277 3653 1330 notitiam
3703 1274 3922 1327 inducit.

2333 1372 2448 1427 Non
2499 1373 2642 1427 enim
2687 1369 2996 1440 simpliciter
3039 1368 3167 1424 dicit
3199 1385 3213 1421 :
3244 1368 3356 1422 Non
3395 1367 3572 1438 patiar
3618 1375 3681 1419 ut
3734 1366 3927 1434 aliquid

2333 1473 2541 1518 tuorum
2569 1476 2845 1516 munerum
2867 1459 2931 1513 ad
2951 1473 3036 1513 me
3056 1458 3254 1521 micat,
3285 1472 3387 1512 non
3416 1455 3546 1509 mihi
3564 1457 3656 1509 tali
3679 1457 3930 1508 mercede

2332 1571 2466 1626 opus
2485 1566 2565 1609 est
2595 1572 2608 1608 :
2636 1553 2730 1608 sed
2751 1552 2875 1621 quid
2896 1552 2918 1604 ?
2947 1549 3229 1605 Extendunt
3252 1564 3454 1600 trionum
3481 1564 3650 1599 meum
3676 1548 3752 1597 ad
3775 1545 3930 1598 Deme

2333 1647 2635 1700 altissimum
2655 1685 2669 1709 ,
2699 1643 2849 1713 quasi
2880 1642 3079 1696 docens
3103 1655 3225 1694 eum
3255 1657 3268 1693 :
3296 1639 3408 1692 Non
3437 1648 3566 1692 sntit
3596 1636 3674 1690 dii
3705 1639 3798 1705 qui
3829 1654 3857 1686 a
3887 1647 3930 1686 te

2333 1737 2580 1791 coluntur
2603 1774 2617 1800 ,
2665 1733 2758 1787 sed
2813 1734 2948 1802 ligna
2989 1741 3041 1784 et
3086 1730 3288 1798 lapides
3319 1745 3333 1780 :
3363 1728 3456 1781 sed
3499 1741 3640 1780 unus
3675 1736 3765 1779 est
3799 1725 3932 1778 Deus

2333 1841 2494 1894 super
2526 1825 2732 1887 omnia,
2773 1821 2871 1888 Qui
2903 1821 3088 1874 creavit
3113 1819 3287 1872 celum
3319 1827 3364 1871 et
3401 1828 3591 1870 terram
3619 1831 3640 1867 :
3668 1817 3815 1884 quod
3840 1831 3932 1864 nos

2335 1916 2578 1984 accipiant
2602 1930 2633 1965 tl
2664 1922 2712 1967 te
2752 1911 2815 1965 de
2855 1909 3082 1978 [utriculo
3120 1925 3276 1978 usque
3318 1908 3385 1960 ad
3425 1907 3800 1976 spira-rotant
3832 1921 3853 1956 :
3884 1917 3932 1956 ut

2337 2024 2404 2062 ne
2433 2006 2704 2062 existimes
2749 2019 2834 2058 me
2881 2003 3091 2056 illorum
3128 2000 3293 2071 gratia
3319 2000 3578 2054 ultiooem
3606 1999 3931 2066 sumpsisse,

2336 2110 2390 2154 ct
2417 2115 2484 2154 ne
2508 2099 2684 2152 dicere
2712 2097 2882 2168 possis
2910 2107 2961 2150 te
2989 2093 3117 2148 mihi
3159 2091 3492 2146 abundantia:
3525 2089 3704 2144 fuisse
3747 2099 3931 2142 aucte-

2339 2209 2470 2247 rctn.
2499 2189 2629 2245 Nam
2651 2191 2737 2258 qui
2763 2203 2846 2242 me
2865 2186 3188 2256 triumphare
3214 2195 3269 2239 et
3289 2188 3499 2238 vincere
3521 2182 3760 2243 curavit,
3793 2180 3930 2233 idem

2336 2291 2391 2337 et
2418 2281 2628 2335 divitias
2674 2277 2882 2333 abunde
2927 2276 3057 2330 mihi
3105 2275 3425 2344 suppeditat.
3465 2271 3598 2326 Vide
3625 2270 3928 2340 quomodo.

2335 2375 2380 2426 si
2431 2371 2643 2440 quidem
2698 2369 2901 2423 lucrum
2948 2365 3124 2421 facere
3166 2365 3420 2418 voluisset
3461 2377 3596 2425 res,
3647 2371 3930 2414 auctorem

2337 2477 2626 2532 agnoscere
2665 2461 2899 2516 victoria:
2943 2474 3010 2514 ex
3052 2457 3367 2528 patriarcha:
3417 2455 3594 2509 verbis
3643 2455 3928 2523 potuisset.

2342 2553 2637 2607 Ducebatur
2679 2551 2822 2606 enim
2873 2550 3093 2619 posthac
3119 2561 3224 2601 non
3254 2546 3521 2601 lidendum
3549 2559 3796 2615 propria:
3827 2558 3930 2596 sua:

2339 2644 2538 2706 virtuti,
2553 2641 2642 2696 sed
2659 2638 3050 2710 agnoscendum
3071 2646 3343 2692 auctorem
3365 2635 3628 2700 omnium,
3652 2633 3930 2688 ridendas-

2335 2748 2438 2802 que
2467 2730 2697 2786 manufat
2717 2740 2797 2784 tos
2823 2730 2954 2783 deos
2972 2770 2986 2790 ,
3017 2738 3071 2782 et
3095 2726 3377 2781 colendum
3408 2725 3572 2778 Deum
3597 2724 3694 2793 qui
3727 2733 3817 2777 est
3845 2739 3928 2776 su-

2340 2832 2433 2884 per
2478 2815 2697 2878 unmia,
2749 2815 2838 2883 qui
2885 2813 3061 2866 omnia
3106 2809 3379 2874 condidit,
3433 2807 3521 2877 qui
3563 2816 3618 2861 et
3668 2808 3928 2860 hortorum

2337 2907 2572 2960 omnium
2597 2906 2726 2964 Irus
2754 2914 2855 2958 est.
2908 2902 2976 2957 Et
3009 2901 3061 2955 in
3092 2915 3299 2954 summa
3323 2899 3559 2952 diSCebat
3586 2912 3656 2951 ex
3681 2897 3930 2950 omnibus

2339 2996 2652 3066 patriarcha:
2679 2994 2949 3048 virtutem.
3000 2991 3132 3046 Nam
3169 3006 3236 3044 ne
3269 2989 3600 3044 existimaret
3630 3002 3812 3054 ipsum
3845 3000 3931 3053 per
4024 2989 4025 2996 ‘

2336 3087 2693 3154 arrogantiam
2725 3095 2778 3139 et
2815 3083 3004 3138 fastum
3034 3082 3155 3136 data
3186 3090 3527 3136 contemnere
3550 3119 3565 3141 ,
3612 3077 3823 3131 idcirco
3851 3078 3928 3130 di-
4024 3107 4025 3154 ι

2338 3178 2453 3231 cit:
2489 3177 2600 3247 Ego
2643 3174 2854 3244 quidem
2903 3173 3035 3226 nihil
3079 3185 3286 3225 sumam
3324 3188 3338 3223 :
3371 3183 3542 3238 neque
3589 3169 3742 3221 enim
3795 3181 3928 3235 Opus

2341 3266 2544 3331 habeo,
2588 3278 2760 3334 neque
2804 3262 3016 3333 indigeo
3060 3270 3116 3314 ut
3146 3274 3279 3313 mea:
3308 3257 3585 3312 facultates
3632 3266 3930 3325 augeantur

2339 3357 2407 3410 ab
2429 3357 2546 3410 aliis
2575 3372 2588 3407 :
2620 3355 2701 3410 eis
2739 3362 2915 3408 autem
2941 3352 3029 3421 qui
3057 3349 3413 3420 periculorum
3439 3360 3683 3400 meorum
3712 3344 3930 3401 factum

2339 3449 2490 3509 socii.
2522 3448 2822 3517 permittam
2850 3454 2907 3498 ut
2933 3457 3057 3497 suas
3081 3441 3352 3512 portiones
3368 3437 3652 3507 accipiant,
3675 3451 3790 3505 quo
3813 3451 3928 3506 par»

2343 3554 2458 3592 vam
2511 3538 2742 3608 aliquam
2779 3534 3029 3590 laborum
3074 3530 3493 3587 consolationem
3536 3525 3793 3580 habeant.
3859 3525 3927 3579 Ita

2339 3629 2692 3684 Sodomorum
2723 3626 2835 3695 regi
2866 3623 3142 3694 respondit
3158 3622 3353 3692 justus.

2413 3719 2735 3786 Sacriﬁcium
2773 3715 3103 3770 Melchisedec
3133 3716 3305 3784 refert,
3337 3722 3384 3765 et
3414 3721 3466 3763 ut
3491 3721 3670 3780 typum
3711 3707 3920 3763 Eucha-

2340 3812 2495 3866 ristia:
2523 3808 2779 3879 proponit.
2807 3835 2875 3846 —
2924 3804 3207 3873 Postquam
3238 3811 3417 3856 autem
3456 3809 3512 3854 et
3548 3798 3926 3862 Ieicbisedec,

2342 3918 2433 3957 rex
2461 3901 2638 3955 Salem
2663 3940 2678 3964 ,
2727 3911 2890 3968 panes
2916 3904 2971 3951 et
2998 3895 3180 3949 vinum
3218 3891 3484 3956 adferens,
3514 3905 3575 3945 ea
3608 3890 3710 3958 ipsi
3737 3889 3930 3944 obtulit

2345 3990 2508 4062 (Erat
2548 3989 2677 4043 enim
2705 3986 2970 4050 sacerdos,
3019 3984 3227 4053 inquit,
3258 3981 3352 4034 Dei
3385 3979 3619 4034 altissimi
3845 3979 3927 4031 υ.

2347 4081 2512 4152 18]).
2560 4081 2626 4134 ab
2662 4080 2750 4134 illo
2795 4079 3001 4147 accepit
3044 4075 3240 4130 oblata.
3287 4071 3484 4128 Deinde
3514 4079 3572 4124 ut
3613 4069 3932 4140 rependat

2347 4170 2771 4225 benedictionem
2796 4209 2811 4234 ,
2851 4182 3009 4237 quam
3034 4166 3102 4220 ab
3124 4179 3190 4220 eo
3228 4171 3508 4232 acceperat
3528 4200 3544 4225 ,
3575 4171 3629 4213 et
3659 4160 3932 4229 gloriﬁca-

2347 4261 2542 4314 tinnem
2568 4259 2618 4312 in
2648 4259 2811 4312 Deum
2843 4257 3078 4324 (dixerat
3105 4253 3268 4319 enim,
3288 4249 3582 4304 Benedictus
3610 4248 3808 4301 Abram
3829 4247 3933 4301 Da

2347 4353 2593 4406 altissimo
2613 4392 2628 4415 ,
2671 4360 2715 4403 et
2744 4349 3028 4403 benedictus
3056 4344 3192 4399 Deus
3217 4340 3535 4412 quidradidit
3559 4340 3801 4392 inimicos
3826 4349 3931 4390 tus

2347 4448 2398 4500 in
2423 4459 2604 4497 manus
2634 4439 2768 4508 tuas)
2791 4481 2804 4503 ,
2850 4439 3083 4493 decimas
3107 4435 3155 4490 ei
3185 4431 3332 4488 dedit
3357 4430 3426 4487 de
3463 4428 3716 4486 omnibus
3743 4428 3930 4498 spoliis

2347 4552 2464 4607 qua:
2486 4533 2752 4588 attulerat.
2779 4527 2965 4584 Vidisti
2989 4533 3239 4597 quantam
3262 4523 3510 4593 pietatem
3536 4528 3588 4574 et
3617 4519 3928 4588 religionem

2349 4629 2401 4681 in
2433 4625 2679 4680 omnibus
2724 4637 2835 4690 pra:
2863 4634 2921 4674 se
2952 4617 3083 4672 ferat
3114 4617 3320 4686 justus,
3369 4622 3426 4669 et
3451 4610 3721 4683 quomodo
3753 4624 3785 4663 a
3814 4625 3929 4679 rege

2348 4717 2701 4773 Sodomorum
2730 4727 2760 4765 a
2803 4709 3036 4766 funiculo
3067 4721 3236 4776 usque
3275 4705 3342 4758 ad
3380 4703 3764 4773 sphzcrolerem
3794 4703 3928 4754 acci-

2354 4823 2479 4876 pere
2510 4805 2634 4859 nihil
2658 4803 2839 4867 voluit,
2863 4799 3066 4868 accepit
3095 4806 3268 4852 autem
3298 4810 3360 4850 ea
3379 4809 3498 4863 qua:
3527 4807 3555 4845 a
3578 4790 3928 4845 Melchisodcc

2352 4909 2472 4954 sunt
2511 4898 2683 4950 oblata
2704 4938 2720 4961 ,
2751 4893 3050 4948 retribuens
3075 4899 3126 4943 et
3154 4903 3246 4943 sua
3269 4887 3294 4940 ἳ
3341 4885 3531 4955 quibus
3555 4882 3814 4937 nimirum
3843 4897 3928 4936 nos

2353 4991 2527 5044 docuit
2553 5029 2567 5052 ,
2599 4984 2895 5041 habendum
2922 4985 3150 5051 aliquem
3181 4979 3444 5034 delectum
3471 5017 3486 5039 ,
3518 4985 3570 5028 et
3600 4989 3708 5029 non
3735 4975 3924 5042 passim

2341 5076 2421 5129 'ab
2446 5075 2691 5128 omnilnts
2711 5071 2849 5125 dona
2875 5067 3202 5136 accipienda.
3236 5064 3366 5119 Nam
3395 5062 3637 5132 quamvis
3659 5061 3924 5115 Sodomita

2357 5167 2445 5220 ille
2476 5166 2650 5218 oblato
2684 5164 2825 5217 dono
2862 5158 2994 5228 grati
3023 5157 3181 5210 animi
3224 5156 3370 5223 signa
3397 5141 3580 5215 daret,
3613 5162 3730 5206 erat
3761 5164 3926 5204 tamen

2355 5259 2584 5327 aliaqnin
2623 5253 2924 5309 incredulus
2950 5292 2964 5311 .
2995 5259 3050 5304 et
3079 5247 3407 5302 institutione
3429 5243 3588 5299 multa
3620 5242 3890 5312 indigebat
3915 5260 3923 5292 :

2359 5347 2576 5419 proinde
2625 5343 2922 5416 patriarcha
2965 5341 3102 5395 dona
3147 5337 3357 5408 quidem
3399 5333 3678 5404 deSpexit,
3719 5348 3924 5388 omnem

2358 5453 2529 5495 autem
2563 5451 2742 5493 curam
2773 5433 3041 5497 adhibuit,
3071 5441 3125 5484 et
3151 5445 3245 5498 per
3273 5443 3334 5482 ea
3363 5441 3480 5496 qua:
3509 5424 3759 5494 accipere
3787 5440 3926 5478 meo

2359 5533 2510 5594 Savit,
2553 5540 2605 5584 et
2656 5543 2747 5596 per
2791 5541 2850 5579 ea
2882 5537 2998 5592 qua:
3033 5520 3191 5584 dixit,
3226 5529 3282 5572 ut
3305 5518 3445 5571 illum
3477 5517 3542 5570 ad
3573 5516 3831 5584 pietatem
3859 5517 3924 5567 in-

2359 5626 2592 5676 duti-ret.
2646 5624 2683 5673 Λ
2740 5613 3088 5672 Μειιτιιίεεάεο
3131 5621 3305 5665 autem
3342 5610 3460 5678 jure
3503 5621 3566 5661 ac
3616 5610 3814 5661 merito
3854 5621 3927 5656 ac-

2360 5717 2494 5782 cepit
2531 5734 2542 5767 :
2580 5713 2672 5764 viri
2715 5712 2854 5763 enim
2884 5707 3129 5760 virtutem
3162 5702 3335 5756 divina
3362 5700 3638 5768 Scriptura
3670 5697 3924 5756 indicavit.

2364 5811 2579 5870 dit-ens;
2629 5805 2753 5859 Erat
2815 5811 2975 5854 autem
3042 5795 3270 5852 sacerdos
3330 5792 3420 5847 Dc:
3480 5791 3744 5845 altissimi.
3805 5789 3928 5846 Alias

3690 6464 3717 6469 ﬁ
3764 6464 3935 6474 ﬁﬁj
