4094 6476
499 395 604 452 337

507 503 576 557 τά
600 503 854 572 γινόμενα
881 498 970 555 τοῦ
997 499 1246 571 Χριστοῦ,
1272 500 1364 552 καὶ
1393 500 1532 554 αὐτά
1552 500 1607 553 δὲ
1636 499 1701 552 τὰ
1733 498 2159 570 προσενεχθέντα

511 591 805 660 μυστήριόν
835 605 884 643 τι
909 589 1250 658 προεμήνυεο
1295 587 1360 640 δι’
1393 586 1420 639 ὃ
1458 588 1550 640 καὶ
1576 587 1917 657 προσήκατο,
1947 585 2039 638 καὶ
2068 590 2160 637 λα-

507 673 617 728 ϐὼν
643 678 889 739 κάκεῖνος
931 675 1015 727 διὰ
1064 674 1162 743 τῆς
1193 673 1322 744 παρ’
1352 673 1546 727 ἐαυτοῦ
1573 673 1804 743 ἀμοιϐῆς
1826 673 1928 741 τῆς
1955 671 2161 734 οἰκείας

507 763 706 834 ἀρετῆς
731 764 970 815 ἐδίδασκε
997 761 1055 814 τὸ
1089 760 1337 832 μέγεθος.
1369 762 1609 830 Δεκάτην
1634 759 1743 830 γὰρ
1767 758 1912 829 αὐτῷ
1939 759 2159 823 δέδωκε,

506 853 598 903 τὸν
631 851 871 919 φιλόθεον
901 848 1064 902 αὐτοῦ
1108 849 1310 902 σκοπὸν
1357 846 1648 901 κάντεῦθεν
1687 845 1980 916 ἐμφαίνων.
2011 859 2162 915 ἰαχα

507 939 586 999 είς
619 937 750 990 πολύ
793 936 964 1004 μῆκος
997 938 1128 1006 ήμῖν
1161 938 1189 988 δ
1235 935 1391 1002 λόγος
1436 932 1658 1002 ἐξετάθη
1680 969 1694 994 ,
1743 931 1856 985 ἀλλ’
1891 933 1952 984 οὐ
1989 933 2163 1002 μάτην

505 1022 623 1073 οὐδὲ
657 1019 797 1087 είκῆ.
819 1020 1104 1088 Ἐγνωμεν
1132 1019 1230 1089 μέν
1257 1017 1364 1087 γὰρ
1398 1029 1422 1057 α
1455 1015 1541 1068 διά
1563 1015 1809 1085 βραχέων
1830 1016 1929 1086 τὴν
1957 1014 2160 1068 ἀνωθεν

508 1109 598 1160 καὶ
646 1106 703 1171 ἐξ
742 1106 915 1176 ἀρχῆς
963 1106 1125 1176 μέχρι
1174 1103 1282 1158 τῶν
1329 1105 1567 1174 σήμερον
1615 1103 1988 1173 προκειμένων
2028 1104 2162 1172 ἡμῖν

507 1192 599 1245 τοῦ
623 1193 830 1245 δικαίου
862 1193 960 1263 τὴν
987 1191 1256 1264 ἀνδρείαν,
1283 1191 1380 1261 τὴν
1413 1189 1834 1260 μεγαλοψυχίαν,
1860 1188 1959 1259 τὴν
1985 1189 2163 1242 πίστιν

504 1279 601 1349 τὴν
634 1279 1095 1345 ὑπερϐάλλουσαν,
1122 1276 1219 1348 τὴν
1255 1277 1543 1346 φιλόσοφον
1569 1275 1821 1346 γνώμην,
1853 1277 1950 1347 τῆς
1973 1293 2160 1330 ταπει-

466 1436 471 1442 ι
505 1369 840 1439 νοφροσύνης
878 1368 947 1422 τὸ
971 1366 1196 1438 μέγεθος
1216 1406 1231 1430 ,
1274 1367 1370 1436 τῆς
1395 1365 1502 1418 τῶν
1534 1366 1828 1434 χρημάτων
1863 1364 2162 1435 ὑπεροψίας

502 1455 600 1525 τὴν
630 1455 955 1526 ὑπερϐολὴν,
983 1457 1082 1525 τῆς
1117 1452 1268 1523 παρὰ
1325 1451 1418 1504 τοῦ
1448 1450 1581 1504 Θεοῦ
1631 1451 1710 1514 είς
1749 1451 1909 1503 αὐτὸν
1951 1452 2162 1515 εὐνοίας

509 1542 602 1612 τὴν
642 1541 866 1612 διηνεκῆ
901 1540 1157 1612 πρόνοιαν
1177 1558 1190 1570 ·
1221 1539 1313 1593 καὶ
1345 1529 1494 1600 ὅπως
1543 1536 1630 1590 διά
1680 1539 1896 1591 πάντων
1927 1555 2163 1609 περιφαο

505 1629 752 1698 νὲστερον
795 1627 887 1681 καὶ
921 1627 1295 1698 λαμπρότερον
1325 1624 1534 1678 ἐδείκνυ
1593 1625 1682 1677 τὸν
1721 1625 1928 1679 δίκαιον
1972 1627 2005 1697 ή
2042 1625 2160 1679 καθ’

505 1716 732 1768 ἕκαστον
763 1715 952 1786 καιρὸν
981 1715 1060 1777 είς
1102 1713 1264 1767 αὐτὸν
1303 1711 1586 1782 ἀντίληψις
1614 1713 1895 1782 γινομένη.
1941 1712 2080 1766 ’Δλλ’
2113 1715 2162 1768 ει

505 1800 757 1870 βούλεσθε
802 1803 896 1855 καὶ
927 1801 1000 1872 μὴ
1031 1801 1369 1870 ἀπεκάμετε,
1403 1797 1670 1870 ἁψώμεθα
1705 1801 1796 1852 καὶ
1837 1799 1946 1853 τῶν
1994 1800 2162 1872 πρόσ-

505 1903 672 1959 φατον
696 1888 1142 1958 ἀνεγνωσμένων,
1182 1887 1277 1941 καὶ
1310 1885 1480 1955 ’ὀλίγα
1522 1886 1848 1958 προσθέντες
1882 1887 2162 1941 καταπαύ-

507 1992 688 2046 σωμεν
728 1975 817 2028 τὸν
854 1974 1013 2042 λόγον
1038 2013 1053 2038 ,
1102 1976 1189 2028 ῖνα
1237 1974 1444 2046 μάθητε
1493 1975 1666 2044 πόσης
1708 1976 1871 2028 πάλιν
1917 1975 2161 2042 ἀξιοῦται

503 2063 737 2136 ἀμοιϐῆς
765 2063 852 2119 διά
885 2063 946 2116 τὸ
975 2063 1250 2134 ὑπεριδεῖν
1275 2061 1385 2115 τῶν
1411 2061 1562 2132 παρὰ
1586 2062 1680 2114 τοῦ
1719 2061 1982 2131 βασιλέως
2015 2062 2163 2114 Σοδόο

507 2169 623 2222 μων
651 2151 796 2222 αὑτῷ
825 2151 1140 2221 δεδομένων,
1163 2149 1228 2203 Τί
1250 2149 1357 2219 γάρ
1379 2165 1540 2220 φησις
1570 2151 1727 2201 Μετὰ
1749 2147 1816 2200 δὲ
1841 2148 1910 2200 τὰ
1922 2147 2162 2216 ῥήματα

503 2239 688 2293 ταῦτα
743 2238 992 2308 ἐγενήθη
1035 2236 1198 2307 ῥῆμα
1253 2238 1474 2305 Κυρίου
1528 2234 1678 2303 πρὸς
1719 2236 1952 2304 Ἀϐραμ.
2007 2235 2160 2300 Τίνος

502 2325 688 2378 ῑνεκεν
707 2325 877 2388 οὕτως
906 2324 1129 2395 ἤρξατο,
1149 2324 1310 2378 Μετὰ
1338 2322 1405 2376 δὲ
1428 2323 1498 2378 τὰ
1518 2322 1754 2392 ῥήματα
1787 2322 2005 2387 ταῦτας
2033 2325 2162 2375 ποῖα

503 2414 742 2482 ῥήματα,
770 2411 891 2465 είπε
926 2428 1045 2480 μοι;
1075 2412 1109 2482 ἢ
1139 2411 1297 2481 δῆλον
1324 2412 1407 2464 δτι
1451 2411 1594 2481 ἀπερ
1638 2409 1774 2480 πρὸς
1812 2409 1902 2461 τὸν
1941 2407 2164 2478 βασιλέα

501 2497 610 2552 τῶν
659 2498 907 2570 Σοδόμων
949 2499 1274 2569 ἐποιήσατο;
1305 2496 1461 2551 Μετὰ
1487 2497 1585 2569 τὴν
1614 2495 1935 2566 ὑπεροψίαν,
1975 2496 2160 2566 φησιν,

505 2584 740 2654 ἐκείνην,
776 2584 912 2654 μετά
944 2584 1003 2638 τὸ
1031 2583 1425 2638 ἀποσείσασθαι
1448 2583 1515 2639 τὰ
1542 2582 1674 2653 παρ’
1703 2581 1866 2635 αὐτοῦ
1892 2581 2160 2650 διδόμενα,

507 2667 647 2738 μετὰ
671 2671 770 2741 τὴν
798 2670 1170 2733 διδασκαλίαν,
1214 2670 1281 2740 ὴν
1311 2669 1397 2724 διά
1423 2669 1524 2738 τῆς
1551 2667 1659 2720 τῶν
1689 2666 1985 2736 δεδομένων
2014 2666 2163 2736 αὑτῷ

504 2760 887 2828 παραιτήσεως
916 2759 1234 2827 ἐποιήσατο,
1269 2757 1404 2826 πρὸς
1448 2753 1756 2808 θεοσέϐειαν
1781 2753 1942 2806 αὐτὸν
1980 2769 2163 2823 χειρα-

503 2845 701 2912 γωγῶν
741 2845 834 2896 καὶ
878 2843 1172 2912 ἐπίγνωσιν
1201 2841 1293 2896 τοῦ
1322 2841 1430 2896 τῶν
1457 2841 1595 2895 ὅλων
1622 2839 1973 2912 δημιουργοῦ,
2002 2839 2164 2894 Μετὰ

505 2933 574 2985 δὲ
606 2935 675 2986 τὰ
694 2930 935 2999 ῥήματα
958 2930 1168 2996 ταῦτα,
1199 2929 1335 3000 μετά
1367 2929 1428 2982 τὸ
1454 2928 1553 2998 τὴν
1587 2928 1818 2998 δεκάτην
1848 2926 1926 2997 τῷ
1957 2925 2158 2996 Μελχιο

505 3019 663 3072 σεδέκ
711 3019 1033 3090 παρασχεῖν,
1081 3017 1192 3083 ὅτε,
1247 3017 1430 3087 φησὶν,
1469 3014 1685 3068 ἀπαντα
1712 3015 1780 3067 τά
1805 3014 1934 3084 παρ’
1973 3012 2162 3072 ἐαυτοῦ

504 3105 812 3176 ἐπλήρωσε,
841 3105 962 3158 τότε
991 3102 1149 3157 Μετὰ
1175 3101 1246 3155 τά
1265 3101 1504 3170 ῥήματα
1527 3101 1712 3155 ταῦτα
1735 3099 1986 3166 ἐγενήθη
2000 3097 2165 3168 ῥῆμα

505 3193 728 3262 Κυρίου
756 3193 903 3260 πρὸς
931 3193 1144 3260 Ἅϐραμ
1179 3188 1360 3258 λέγον
1391 3190 1459 3243 ἐν
1497 3188 1738 3257 ὁράματι
1776 3187 1887 3254 τῆς
1909 3187 2128 3253 νυκτός
2147 3201 2160 3216 ⁸

505 3280 602 3347 Μὴ
632 3278 839 3348 φοϐοῦ,
869 3279 1102 3344 ᾎϐραμ,
1138 3273 1252 3344 ἐγὼ
1279 3273 1655 3342 ὑπερασπίζω
1687 3288 1804 3327 σου
1831 3289 1842 3301 ⁸
1886 3276 1918 3326 ό
1944 3275 2163 3341 μισθός

505 3383 621 3420 σου
653 3363 846 3430 πολὺς
868 3363 1039 3417 ἔσται
1064 3361 1319 3430 σφόδρα.

574 3452 788 3525 δ⁴.”ορα
819 3449 1225 3521 φιλανθρωπίαν
1245 3446 1536 3511 Δεσπότου,
1559 3446 1674 3510 πῶς
1695 3446 1896 3509 εὐθέως
1919 3463 2162 3516 παρακο-

505 3539 688 3595 λουθεῖ
729 3542 847 3603 ταῖς
893 3538 1233 3610 εὐεργεσίαις
1280 3536 1660 3608 ἀμειϐόμενος,
1693 3535 1786 3588 καὶ
1834 3535 1925 3587 τὸν
1971 3533 2162 3587 ἐαυτοῦ

510 3628 660 3703 [568]
691 3627 926 3700 ἀθλητὴν
962 3626 1199 3696 ἀλείφων
1235 3624 1327 3679 καὶ
1358 3623 1547 3694 νεαρὸν
1585 3621 1968 3694 ἐργαζόμενος.
2015 3622 2165 3688 Ἐτε-

510 3715 661 3785 νήθη
678 3714 844 3784 ρἦα
878 3713 1096 3783 Κυρίου
1122 3713 1191 3766 ἐν
1213 3711 1460 3780 ὁράματι
1489 3707 1593 3775 τῆς
1622 3711 1862 3773 νυκτός.
1899 3707 1998 3760 Διά
2021 3707 2071 3760 τί
2106 3709 2165 3760 ἐν

505 3802 698 3868 νυκτί;
737 3803 852 3854 Ἵνα
904 3798 1020 3869 μεθ’
1059 3798 1289 3869 ἡσυχίας
1334 3796 1548 3866 δέξηται
1595 3796 1662 3848 τά
1717 3795 2000 3865 λεγόμενα.
2057 3795 2166 3848 Καί

511 3905 645 3957 ⁴φησι
677 3886 814 3958 πρὸς
844 3884 1026 3947 αὐτὸν,
1061 3882 1155 3951 Μὴ
1183 3883 1369 3951 φοϐοῦ
1390 3924 1403 3946 ,
1432 3883 1664 3959 Ἀϐραμ.
1702 3880 1902 3932 Σκόπει
1933 3880 2165 3950 κηδεμο-

523 3976 630 4037 δίας
663 3972 985 4044 ὑπερϐολήν.
1015 3970 1169 4034 Τίνος
1199 3970 1382 4022 ἕνεκεν
1413 3967 1588 4034 ἔλεγε,
1611 3967 1712 4037 ’Μὴ
1739 3965 2170 4036 φοϐοῦςἙπειδὴ

511 4058 764 4112 τοσούτου
797 4059 1026 4111 πλούτου
1053 4055 1478 4126 κατεφρόνησεν,
1502 4053 1719 4106 ἔλαττον
1744 4053 2036 4122 φροντίσας
2063 4052 2170 4104 τῶν

511 4147 664 4217 παρά
696 4135 789 4199 τοῦ
827 4143 1092 4215 βασιλέως
1122 4142 1433 4213 διδομένων,
1463 4141 1596 4210 φησὶ
1619 4140 1755 4210 πρὸς
1789 4140 1948 4193 αὐτὸν
1969 4143 1996 4193 6
2015 4139 2168 4204 Θεὸς,

516 4227 590 4304 μὴ
646 4231 906 4302 φοϐηθῇς,
965 4231 1045 4282 ὄτι
1097 4227 1378 4299 ὑπερεῖδες
1431 4225 1695 4279 τοσούτων
1742 4225 1980 4295 δωρεῶν,
2037 4225 2171 4295 μηδέ

513 4320 822 4392 ἀγωνιάσῃς
875 4319 950 4381 ὡς
998 4317 1390 4388 ἐλαττουμένης
1429 4332 1508 4367 σοι
1557 4315 1655 4384 τῆς
1698 4314 2027 4385 περιουσίας.
2074 4311 2169 4381 Μὴ

513 4406 720 4475 φοϐοῦ.
765 4403 896 4458 Εἶτα
945 4405 1034 4458 ἵνα
1081 4405 1318 4474 διεγείρη
1371 4401 1569 4473 μᾶλλον
1611 4401 1770 4454 αὐτοῦ
1823 4401 1921 4472 τὴν
1971 4400 2168 4471 ψυχὴν,

515 4493 838 4563 προστίθησι
865 4491 943 4562 τῷ
977 4492 1180 4562 ῥήματι
1207 4492 1300 4543 καὶ
1329 4491 1425 4561 τὴν
1459 4489 1848 4560 προσηγορίαν,
1874 4487 1966 4540 καί
1997 4504 2128 4557 φησι
2153 4504 2165 4517 ’

513 4578 610 4646 Μὴ
638 4579 844 4650 φοϐοῦ,
870 4579 1102 4646 Ἀϐραμ.
1145 4576 1221 4629 Οὐ
1256 4576 1447 4648 μικρὸν
1475 4574 1585 4646 γάρ
1611 4574 1704 4628 καὶ
1732 4572 1888 4625 τοῦτο
1912 4571 2172 4642 τυγχάνει

513 4665 651 4735 πρὸς
696 4664 756 4717 τὸ
797 4661 1175 4733 διαναστῆσαι,
1215 4661 1276 4714 τὸ
1318 4661 1416 4731 τὴν
1458 4659 1826 4732 προσηγορίαν
1875 4660 2046 4710 εἰπεῖν
2078 4657 2171 4710 τοῦ

515 4751 878 4821 καλουμένου·
952 4746 1072 4802 εἶτά
1142 4765 1336 4818 φησιν,
1406 4736 1554 4816 Ἐγὼ
1613 4744 1960 4814 ὑπερασπιῶ
2034 4760 2170 4798 σου.

518 4839 725 4909 Πολλὴν
758 4838 866 4908 ἔχει
896 4838 989 4892 καὶ
1019 4837 1157 4907 αῦτη
1189 4838 1222 4908 ή
1254 4836 1398 4900 λέξις
1431 4837 1527 4903 τὴν
1559 4833 1814 4905 ἔμφασιν.
1850 4831 1990 4901 Ἐγὼ
2014 4834 2043 4884 6
2066 4831 2174 4886 ἀπὸ

514 4932 622 4986 τῶν
643 4929 924 4984 Χαλδαίων
946 4945 1003 4981 σε
1036 4928 1364 4997 ἀναστήσας,
1393 4923 1504 4993 ἐγὼ
1527 4925 1556 4980 6
1579 4922 1811 4979 ἐνταῦθά
1844 4939 1902 4975 σε
1927 4922 2169 4990 ἀγαγὼν,

516 5018 626 5090 ἐγὼ
657 5021 684 5072 6
716 5016 823 5070 τῶν
857 5016 1114 5069 κινδύνων
1142 5013 1249 5066 τῶν
1289 5015 1347 5068 ἐν
1376 5011 1632 5085 Αἰγύπτῳ
1655 5011 2044 5083 ἐλευθερώσας,
2064 5009 2173 5077 ἐγὼ

515 5110 544 5160 δ
585 5109 679 5160 καὶ
708 5105 853 5168 ἅπαξ
878 5103 970 5156 καὶ
999 5101 1248 5171 δεύτερον
1283 5099 1646 5169 ὑποσχόμενός
1676 5115 1758 5154 σοι
1785 5100 1878 5152 καὶ
1901 5097 1980 5170 τῷ
2010 5098 2172 5169 σπέρ-

522 5196 649 5266 ματί
679 5211 770 5245 σου
801 5191 990 5244 δώσειν
1013 5188 1111 5260 τὴν
1141 5189 1242 5257 γῆν
1273 5185 1498 5257 ταύτην,
1529 5185 1640 5255 ἐγώ
1669 5201 1764 5238 σου
1794 5185 2170 5257 ὑπερασπίςω·

519 5282 629 5350 ἐγὼ
679 5283 706 5334 6
762 5278 882 5332 καθ’
940 5278 1173 5346 ἑκάστην
1226 5274 1438 5347 ἡμέραν
1497 5273 1952 5348 περιφανέστερον
2011 5274 2174 5325 πᾶσιν

520 5366 838 5429 ἀποδεικνύς
869 5381 948 5426 σε,
983 5362 1092 5433 ἐγὼ
1119 5359 1475 5433 ὑπερασπίζω
1510 5377 1601 5413 σου
1623 5375 1636 5388 ·
1693 5359 1835 5413 τοῦτ’
1865 5359 2031 5422 ἐστιν,
2065 5358 2176 5426 ἐγὼ

522 5453 1016 5524 ὐπεραγωνίξομαι,
1058 5449 1167 5518 ἐγὼ
1220 5447 1536 5519 ὑπέρμαχος
1568 5447 1806 5515 γίνομαι,
1853 5445 1962 5514 ἐγὼ
2012 5462 2176 5516 φρον-

521 5542 672 5606 τίζω,
720 5539 830 5608 ἐγὼ
874 5542 1050 5593 πάντα
1092 5539 1160 5591 τὰ
1208 5537 1444 5606 δυσχερῆ
1491 5533 1686 5586 εὐκολά
1735 5552 1814 5587 σοι
1862 5534 2172 5602 καθίστημι,

521 5629 629 5697 ἐγὼ
667 5627 1022 5699 ὐπερασπίζω
1071 5642 1184 5680 σου.
1245 5625 1300 5676 '0
1351 5623 1564 5692 μισθός
1604 5637 1719 5674 σου
1773 5620 1964 5686 πολὺς
2009 5621 2174 5674 ἔσται

588 5777 603 5796 ⁸
628 5776 780 5830 Emi].
820 5774 950 5824 addit
995 5775 1220 5830 δηλῶσαι.
1251 5773 1366 5824 Cum
1390 5769 1554 5819 Monlf.
1585 5769 1826 5819 comenlit
1854 5767 1999 5818 Cois].
2039 5768 2170 5816 Enn.

1293 387 1350 438 S.
1388 384 1674 440 JOANMS
1709 379 2187 438 CHRYSOSTOM!
2230 379 2544 437 Αιιοιιιιςρ.
2588 375 3129 435 CONSTANTINOP.

3832 365 3926 427 338

2261 497 2512 567 σφόδρα.
2556 494 2667 548 (ὶύκ
2710 492 3013 562 ὴϐουλήθης
3060 488 3248 561 μισθὸν
3280 489 3468 541 λαϐεῖν
3509 489 3652 558 ὑπὲρ
3688 487 3798 540 τῶν
3833 504 3926 539 xa-

2263 587 2470 656 μάτων,
2506 574 2580 638 ὧν
2610 584 2903 652 ὑπέμεινας
2929 579 3202 642 τοσούτοις
3228 578 3494 640 κινδύινις
3524 577 3726 629 ἑαυτὸν
3760 593 3927 645 παρα·

2261 671 2458 737 ϐαλὼν,
2486 671 2598 725 ἀλλ’
2636 668 2910 739 ὑπερεῖδες
2944 669 3038 719 καὶ
3081 666 3175 719 τοῦ
3210 664 3498 736 βασιλέως,
3533 663 3628 715 καὶ
3662 662 3771 715 τῶν
3803 661 3929 730 παρ’

2261 762 2426 816 αὐτοῦ
2460 779 2542 815 σοι
2571 761 2885 830 δεδομένων.
2927 755 3070 824 Ἐγώ
3097 773 3177 808 σοι
3209 753 3430 824 παρέξω
3476 753 3570 806 τὸν
3613 750 3834 821 μισθὸν,
3874 752 3934 802 οὐ

2259 851 2512 904 τοσηῦτον
2540 851 2662 902 ὅσον
2704 846 3001 917 λαμϐάνειν
3030 840 3274 913 ἔμελλες,
3305 840 3441 894 ἀλλά
3476 841 3648 893 πολύν
3682 841 3780 891 καὶ
3809 837 3937 906 σφόν

2258 937 2358 1008 δρα
2390 937 2588 989 πολύν·
2649 937 2703 988 ’0
2737 935 2954 1004 μισθός
2997 946 3112 984 σου
3147 929 3276 999 γάρ,
3322 930 3488 999 φησι,
3520 925 3718 993 πολὺς
3765 927 3936 979 ἔσται

2260 1023 2513 1094 σφόδρα,
2574 1020 2726 1086 Εἶδες
2771 1018 3080 1090 φιλοτιμίαν
3123 1016 3429 1081 Δεσπότου;
3469 1011 3611 1077 εἶδες
3663 1011 3940 1085 ῥημάτων

2261 1111 2459 1180 δγκον;
2511 1106 2650 1173 εἶδες
2686 1110 2801 1172 πῶς
2833 1107 3149 1177 διανέστησε
3182 1104 3273 1157 τδν
3303 1104 3402 1173 τῆς
3448 1102 3739 1163 εὐσεϐείας
3779 1100 3942 1168 ἀθλη-

2259 1202 2392 1272 τήνς
2424 1197 2564 1263 εἶδες
2598 1199 2714 1262 πῶς
2737 1197 2902 1251 αὐτοῦ
2933 1198 3030 1267 τὴν
3055 1195 3232 1266 ψυχὴν
3261 1193 3600 1264 ἐνεύρωσενς
3631 1193 3696 1246 '0
3730 1193 3846 1263 γάρ
3872 1191 3941 1245 τὰ

2261 1287 2550 1359 ἀπόρρητα
2584 1287 2681 1356 τῆς
2706 1285 2942 1348 διανοίας
2969 1283 3329 1353 ἐπιστάμενος
3355 1281 3472 1351 ᾔδει
3514 1280 3597 1333 δτι
3643 1279 3890 1351 ἔχρῃζεν
3913 1281 3940 1332 6

2260 1372 2465 1438 δίκαιος
2506 1373 2606 1443 τῆς
2635 1372 2742 1426 ἀπὸ
2769 1371 2876 1424 τῶν
2910 1370 3172 1442 ῥημάτων
3215 1368 3612 1438 παρακλήσεως
3633 1384 3649 1396 ·
3681 1368 3786 1436 ὅρα
3831 1365 3940 1436 γάρ

2259 1461 2312 1514 τί
2340 1477 2524 1530 φησιν,
2573 1458 2757 1521 ἐπειδὴ
2795 1456 3102 1529 παρρησίαν
3161 1454 3319 1508 ἔλαϐε
3359 1455 3446 1507 διά
3481 1453 3591 1506 τῶν
3645 1452 3937 1524 ῥημάτων.

2255 1543 2400 1600 Ehe
2436 1546 2504 1599 δὲ
2524 1547 2766 1614 Ἅϐραμ·
2809 1542 3082 1597 Δέσποτα
3098 1543 3148 1604 1³,
3192 1543 3246 1595 τί
3285 1559 3384 1609 μοι
3417 1541 3672 1605 δώσειςς
3707 1538 3831 1607 ἐγὼ
3875 1537 3939 1591 δὲ

2259 1635 2593 1702 ἀπολύομαι
2621 1633 2887 1696 ἄτεκνος.
2907 1629 3125 1699 Ἐπειδὴ
3147 1629 3334 1699 μισθὸν
3362 1627 3508 1696 αὑτῷ
3541 1625 3938 1694 ἐπηγγείλατο.

2259 1717 2354 1792 καὶ
2381 1717 2549 1768 πολὺν
2607 1714 2794 1785 μισθὸν
2826 1715 2920 1766 καὶ
2953 1712 3158 1783 σφόδρα
3191 1711 3380 1772 πολὺν,
3424 1710 3707 1779 ἐμφαίνων
3741 1705 3936 1760 ἑαυτοῦ

2257 1798 2358 1875 τῆς
2407 1805 2582 1875 ψυχῆς
2616 1803 2712 1873 τὴν
2741 1802 2952 1873 ὀδύνην,
2988 1801 3082 1853 καλ⁵
3123 1798 3222 1871 τὴν
3265 1801 3321 1852 ἐν
3361 1799 3599 1868 διηνεκεῖ
3630 1797 3712 1867 τῷ
3757 1795 3941 1865 χρόνῳ

2260 1893 2614 1963 ἐγγινομένην
2653 1889 2802 1961 αὐτῷ
2845 1887 3086 1960 ἀθυμίαν
3113 1889 3210 1957 τῆς
3239 1885 3497 1948 ἀπαιδίας
3523 1885 3735 1947 ἕνεκεν,
3765 1883 3905 1952 φησί
3924 1899 3938 1911 ·

2260 1980 2528 2039 Δέσποτα,
2585 1977 2638 2030 τί
2664 1975 2905 2030 τοιοῦτόν
2946 1991 3038 2046 μοι
3066 1973 3291 2038 δώσειςς
3337 1973 3468 2026 ’ῐδού
3495 1973 3604 2042 γάρ
3634 1971 3832 2024 λοιπὸν
3865 1971 3942 2035 εις

2258 2068 2437 2138 γῆρας
2467 2067 2689 2136 ἔσχατον
2722 2063 2961 2118 ἐλαύνων
2991 2063 3216 2126 ἄτεκνος
3248 2060 3578 2130 ἀπολύομαι.

2331 2155 2472 2224 Ὅρα
2508 2152 2624 2216 πῶς
2652 2152 2716 2205 ἐκ
2750 2149 3050 2222 προοιμίων
3073 2151 3102 2202 6
3123 2148 3328 2210 δίκαιος
3361 2147 3698 2216 ἐφιλοσόφει,
3734 2147 3941 2200 ἀπόλυ-

2261 2257 2344 2294 σιν
2361 2240 2543 2293 καλῶν
2566 2239 2662 2310 τὴν
2697 2237 2941 2291 ἐντεῦθεν
2969 2235 3166 2300 ἔξοδον.
3201 2237 3264 2288 Οί
3310 2236 3419 2306 γάρ
3476 2233 3613 2304 μετά
3648 2233 3940 2304 ἀκριϐείας

2257 2329 2356 2398 τὴν
2385 2326 2584 2397 ἀρετὴν
2620 2325 2914 2395 μετιόντες,
2941 2321 3160 2377 ἐπειδὰν
3189 2321 3288 2392 τῆς
3320 2319 3569 2374 ἐντεῦθεν
3595 2321 3746 2390 ζωῆς
3777 2338 3942 2390 μετα-

2262 2416 2476 2479 στῶσιν,
2502 2414 2718 2485 ἀληθῶς
2743 2413 2930 2483 ῶσπερ
2950 2411 3276 2464 ἀπολύονται
3307 2410 3412 2462 τῶν
3437 2408 3686 2474 ἀγώνων,
3711 2410 3811 2461 καὶ
3835 2408 3944 2461 τῶν

2257 2504 2468 2575 δεσμῶν
2498 2504 2754 2557 ἀνίενται.
2786 2502 2895 2554 Καὶ
2923 2500 3033 2572 γάρ
3067 2499 3395 2570 μετάστασίς
3424 2499 3507 2561 τίς
3529 2499 3645 2549 ἐστι
3672 2499 3788 2558 τοῖς
3822 2497 3939 2548 ἐνα-

2263 2591 2434 2662 ρέτως
2463 2589 2664 2660 βιοῦσιν
2689 2587 2798 2641 ἀπὸ
2823 2587 2931 2640 τῶν
2963 2585 3220 2657 χειρόνων
3246 2586 3338 2638 ἐπὶ
3363 2585 3430 2637 τά
3456 2583 3672 2653 βελτίω,
3700 2582 3816 2635 ἀπὸ
3844 2582 3940 2651 τῆς

2261 2669 2596 2748 προσκαίρου
2626 2675 2770 2745 ζωῆς
2806 2675 2897 2726 ἐπὶ
2917 2674 3015 2744 τὴν
3040 2673 3264 2743 διηνεκῆ
3301 2671 3396 2725 καὶ
3428 2671 3696 2725 ἀθάνατον
3717 2671 3816 2722 καὶ
3845 2669 3939 2722 πέ-

2261 2781 2361 2835 ρας
2391 2764 2491 2816 οὑκ
2517 2762 2765 2832 ἔχουσαν.
2803 2760 2950 2830 Ἐγὼ
2970 2759 3058 2824 δὲ,
3083 2758 3268 2830 φησὶν,
3295 2760 3632 2826 ἀπολύομαι
3661 2757 3937 2822 ἄτεκνος.

2259 2851 2370 2903 Καὶ
2406 2849 2491 2902 ῐνα
2523 2850 2613 2902 τὸν
2643 2847 3020 2916 εὑσπλαγχνον
3061 2845 3336 2914 Δεσπότην
3364 2843 3735 2914 ἐπισπάσηται
3754 2883 3770 2904 ,
3820 2841 3938 2894 om

2263 2937 2421 3008 μέχρι
2450 2936 2654 2989 τούτων
2697 2937 2847 3005 ἔστη,
2878 2934 3012 2988 ἀλλά
3038 2935 3089 2987 τί
3133 2950 3333 3001 φησιν;
3379 2933 3440 2984 ’0
3470 2929 3538 2982 δὲ
3586 2931 3719 2994 υίὸς
3744 2926 3938 2988 LIan

2257 3022 2369 3091 τῆς
2405 3020 2748 3092 οικογενοῦς
2792 3038 2929 3089 μου,
2977 3017 3184 3086 ἐπειδή
3233 3021 3345 3072 οὐκ
3377 3015 3526 3088 [369]
3580 3014 3815 3080 ἔδωκάς
3840 3031 3936 3082 μοι

2261 3111 2516 3178 σπέρμα,
2547 3105 2724 3173 οὗτος
2745 3106 3207 3177 κληρονομήσει.
3239 3104 3444 3175 Πολλὴν
3470 3103 3718 3156 ἐπίτασιν
3742 3102 3936 3169 ὀδύνης

2259 3195 2358 3265 τῆς
2396 3197 2453 3248 ἐν
2481 3197 2546 3266 τῇ
2576 3194 2722 3265 ψυχῇ
2751 3193 3004 3264 ἐμφαίνει
3061 3192 3214 3246 ταυτὶ
3261 3190 3331 3244 τά
3366 3191 3604 3262 ῥήματα.
3636 3188 3935 3258 Μονονουχὶ

2261 3281 2367 3353 γάρ
2395 3298 2526 3350 φησι
2549 3281 2686 3351 πρὸς
2715 3280 2804 3333 τὸν
2832 3279 2963 3332 Θεόν
2986 3296 2999 3308 ·
3030 3277 3151 3332 οὐδὲ
3177 3275 3286 3330 τῶν
3312 3277 3490 3330 αὐτῶν
3518 3274 3779 3344 ὴξιώθην,
3808 3267 3883 3329 ὧν
3908 3274 3933 3326 δ

2260 3369 2558 3439 οἰκογενὴς,
2581 3368 2697 3421 ἀλλ’
2720 3367 2830 3436 ἐγὼ
2854 3369 2951 3438 μὲν
2967 3368 3158 3434 ἀγονος
3180 3366 3272 3418 καὶ
3292 3365 3513 3427 ἄτεκνος
3535 3363 3932 3434 ἀπελεύσομαι.

2261 3450 2412 3519 οὗτος
2440 3454 2496 3507 δέ
2525 3458 2552 3508 6
2575 3455 2854 3525 οίκογενής
2872 3461 2981 3524 ’μου
3011 3453 3406 3524 κληρονομήσει
3429 3451 3498 3504 τά
3536 3451 3689 3521 παρά
3718 3450 3816 3503 σοῦ
3847 3465 3933 3520 μοι

2260 3540 2593 3611 δωρηθέντα,
2629 3541 2907 3594 καὶταῦτα
2944 3539 3091 3604 ἅπαξ
3111 3539 3205 3592 καὶ
3227 3537 3477 3608 δεύτερον
3498 3537 3796 3607 ὑπόσχεσίν
3833 3553 3930 3606 μου

2260 3627 2552 3699 δεξαμένου
2583 3627 2735 3698 παρά
2768 3627 2880 3691 σοῦ,
2913 3627 2995 3680 δτι
3033 3626 3115 3692 Τῷ
3149 3625 3445 3693 σπέρματί
3478 3639 3596 3678 σου
3619 3623 3796 3677 δώσω
3825 3624 3931 3691 τὴν

2263 3714 2380 3785 γῆν
2410 3717 2652 3783 ταύτην.
2690 3714 2884 3768 Σκότπι
2923 3731 3012 3784 μοι
3058 3713 3150 3766 καὶ
3184 3710 3429 3765 ἐντεῦθεν
3457 3710 3553 3763 τοῦ
3579 3710 3796 3764 δικαίου
3832 3707 3931 3782 ’τὴν

2263 3801 2483 3874 ἀρετὴν,
2514 3803 2595 3856 δτι
2623 3802 2716 3855 καὶ
2752 3801 2875 3862 τοὺς
2911 3800 3201 3869 λογισμοὺς
3249 3797 3471 3860 τούτους
3503 3799 3752 3866 στρέφων
3787 3799 3845 3850 ἐν
3871 3800 3930 3869 τῇ

2263 3886 2469 3958 διανοίᾳ
2496 3886 2748 3939 οὐδέποτε
2777 3885 3152 3956 ἐδυσχέρανεν,
3200 3883 3454 3936 οὐδέποτε
3491 3882 3625 3953 βαρύ
3659 3900 3712 3935 τι
3732 3879 3927 3952 ’ἐφθέγ-

2267 3973 2425 4038 ξατο·
2457 3972 2590 4027 ἀλλά
2627 3972 2720 4026 καὶ
2751 3970 2846 4025 νῦν
2869 3969 3203 4041 προτραπεὶς
3245 3969 3310 4021 ἐκ
3343 3967 3450 4022 τῶν
3480 3968 3617 4038 πρὸς
3651 3969 3818 4021 αὐτὸν
3846 3972 3924 4040 ρη-

2271 4059 2474 4129 μάτων,
2505 4057 2938 4130 παρρησιάζεται
2968 4055 3106 4126 πρὸς
3137 4053 3228 4106 τὸν
3251 4056 3548 4124 Δεσπότην,
3589 4055 3686 4106 καὶ
3718 4055 3829 4106 τῶν
3861 4055 3938 4107 ἐν·

2267 4144 2417 4198 δοθεν
2466 4143 2739 4215 λογισμῶν
2792 4142 2886 4214 τὴν
2917 4141 3159 4214 ταραχὴν
3183 4140 3482 4209 κατάδηλον
3518 4143 3680 4201 ποιεῖ,
3710 4143 3809 4194 καὶ
3833 4140 3936 4194 53i-

2269 4249 2426 4286 κνυσι
2454 4233 2552 4302 τῆς
2574 4231 2748 4301 ψυχῆς
2797 4230 2960 4283 αὐτοῦ
2987 4229 3049 4281 τὸ
3069 4227 3225 4291 ἐλκος
3243 4243 3258 4258 θ
3305 4227 3370 4280 δι’
3403 4227 3431 4280 δ
3463 4228 3556 4279 καὶ
3594 4230 3823 4296 ταχεῖαν
3846 4228 3938 4298 τὴν

2273 4319 2514 4390 ίατρείαν
2541 4318 2776 4384 ἐδέξατο.
2805 4318 2916 4370 Καὶ
2939 4314 3160 4380 εὐθέως,
3189 4315 3340 4384 φησὶ,
3384 4314 3534 4384 φωνὴ
3559 4313 3696 4366 Θεοῦ
3727 4314 3940 4382 ἐγένετο

2270 4405 2404 4475 πρὸς
2431 4404 2614 4459 αὐτόν.
2635 4405 2776 4477 Ὅρα
2795 4404 2895 4473 τῆς
2913 4401 3136 4475 Γραφῆς
3155 4403 3254 4472 τὴν
3277 4401 3679 4472 παρατήρησιν.
3700 4401 3934 4463 Εὐθέως.

2269 4493 2453 4563 φησίν.
2490 4492 2564 4547 Οὐ
2592 4490 2968 4562 συνεχώρησεν
3002 4489 3121 4542 οὐδὲ
3169 4488 3361 4560 μικρὸν
3387 4488 3712 4556 δυσχερᾶναι
3735 4489 3831 4541 τὸν
3866 4489 3939 4542 δί-

2270 4596 2443 4644 καιον,
2477 4577 2614 4632 ἀλλά
2667 4579 2887 4647 ταχεῖαν
2923 4576 3131 4643 εἰσάγει
3161 4574 3259 4644 τὴν
3315 4573 3689 4644 παραμυθίαν,
3719 4575 3818 4626 καὶ
3846 4575 3940 4645 τῆς

2271 4665 2445 4736 λύπης
2477 4665 2538 4717 τὸ
2569 4662 2794 4736 μέγεθος
2825 4660 3163 4724 διασκεδάζει
3214 4659 3301 4713 διά
3335 4661 3442 4712 τῶν
3477 4659 3611 4728 πρὸς
3647 4660 3814 4712 αὐτὸν
3845 4663 3937 4731 ρης

2275 4753 2478 4823 μάτων.
2515 4751 2623 4806 Καὶ
2645 4750 2846 4814 εὐθὺς,
2899 4750 3053 4820 φησὶ,
3111 4747 3278 4818 φωνὴ
3323 4748 3471 4802 Θεοῦ
3521 4748 3761 4817 ἐγένετο
3795 4749 3930 4816 πρὸς

2270 4838 2457 4893 αὐτὸν
2483 4837 2749 4907 λέγουσα
2772 4853 2786 4867 ·
2814 4839 2896 4891 οὐ
2927 4833 3367 4903 κληρονομήσει
3392 4848 3467 4886 σε
3485 4830 3686 4899 οὗτος,
3709 4834 3852 4888 ἀλλ’
3875 4835 3931 4901 ὃς

2270 4925 2650 4990 ἐξελεύσεται
2690 4924 2757 4976 ἐκ
2786 4922 2924 4987 σοῦ,
2952 4918 3128 4986 οὗτος
3159 4919 3600 4988 κληρονομήσει
3628 4935 3724 4976 σε.
3748 4919 3937 4978 Τοῦτο.

2272 5014 2422 5083 φησὶ,
2447 5011 2688 5074 δέδοικας
2708 5052 2724 5077 ,
2746 5008 2908 5062 τοῦτό
2938 5025 3031 5061 σου
3061 5007 3153 5060 τὸν
3175 5006 3433 5076 λογισμὸν
3464 5007 3719 5077 ταράττει
3742 5047 3758 5069 ,
3787 5006 3937 5060 τοῦτο

2276 5117 2364 5152 σου
2413 5099 2511 5170 τὴν
2567 5097 2802 5168 ἀθυμίαν
2849 5093 3143 5159 ἐπιτείνεις
3199 5094 3450 5148 Μάνθανε
3484 5093 3665 5146 τοίνυν
3714 5095 3799 5146 ὅτι
3857 5086 3934 5147 Οὺ

2274 5183 2713 5254 κληρονομήσει
2767 5197 2840 5235 σε
2869 5178 3044 5248 οὗτος
3071 5197 3082 5210 ·
3127 5181 3264 5235 ἀλλ’
3311 5180 3380 5246 ὃς
3427 5180 3813 5243 ἐξελεύσεται
3871 5180 3933 5232 ἐκ

2273 5275 2410 5337 σοῦ,
2444 5270 2621 5338 οὗτος
2644 5271 3084 5341 κληρονομήσει
3118 5287 3211 5324 σε.
3242 5270 3334 5338 Μὴ
3359 5269 3494 5339 πρὸς
3520 5268 3618 5338 τὴν
3649 5267 3814 5336 φύσιν
3837 5269 3935 5321 τοί-

2273 5379 2366 5414 νυν
2397 5361 2509 5431 ίδῃς
2534 5361 2629 5428 τὴν
2663 5357 3023 5428 ἀνθρωπίνην,
3068 5355 3201 5427 μηδέ
3227 5355 3286 5407 τὸ
3330 5355 3502 5425 γῆρας
3544 5353 3714 5407 ἐννόει
3737 5355 3800 5406 τι
3828 5354 3930 5407 σδνι

2278 5450 2412 5520 μήτε
2445 5449 2541 5518 τῆς
2570 5447 2748 5517 Σάρας
2793 5445 2891 5513 τὴν
2931 5444 3248 5514 στείρωσιν·
3281 5442 3417 5495 ἀλλά
3449 5443 3512 5511 τῇ
3542 5440 3772 5510 δυνάμει
3808 5435 3932 5510 ἐμοῦ

2273 5528 2859 5598 τοῦλπαγγειλαμένου
2911 5523 3204 5589 πεποιθὼς,
3236 5525 3335 5595 τῆς
3385 5525 3483 5594 μὲν
3516 5523 3752 5593 ἀθυμίας
3786 5523 3935 5584 ἐκτὸς

2275 5618 2444 5688 γίνου,
2481 5618 2636 5688 δέχου
2669 5616 2724 5668 δὲ
2757 5616 2850 5668 καὶ
2882 5615 3068 5679 ἱκανὴν
3093 5614 3191 5684 τὴν
3221 5612 3586 5684 παράκλησιν,
3635 5613 3729 5664 καὶ
3760 5613 3933 5664 πεῖσον

2336 5714 2364 5754 b
2389 5713 2442 5761 ῐιι
2488 5715 2555 5763 0'
2591 5714 2772 5775 legitur
2815 5713 3030 5761 Δέσποτα
3067 5709 3236 5771 Κύριε,
3275 5707 3404 5757 Heln
3462 5707 3581 5761 ΠΤΡ
3622 5709 3764 5763 νὲΊΝ,
3805 5708 3928 5769 vulg.

2286 5775 2478 5826 Domine
2511 5776 2650 5825 Deus.
