4056 6480
135 431 242 488 831

140 548 304 602 etiam
348 561 464 613 qua:
512 543 704 596 fiebant
737 539 931 592 llhristi
973 547 1124 608 typus
1168 546 1342 601 erant,
1373 545 1426 589 et
1471 536 1580 603 ipsa
1627 533 1720 587 ob-

139 640 244 690 lata
282 635 587 706 mysterium
625 632 888 701 quoddam
924 629 1306 699 prmsignabant
1330 646 1340 678 :
1365 627 1585 695 ideoque
1619 641 1725 679 not.‘

139 727 339 785 renuit,
369 737 522 794 atque
541 734 595 777 ut
615 723 840 791 accepit,
873 721 1103 775 \‘iCiSsiln
1133 720 1279 772 illum
1313 717 1722 780 remunerando,

138 818 368 869 docebat
415 815 619 867 virtutis
657 831 766 866 sua:
810 812 1242 881 magnitmlinem.
1299 809 1540 862 Decimas
1581 807 1720 859 enim

139 907 194 960 ei
227 904 370 960 dedit
395 945 409 967 ,
453 905 614 958 etiam
661 903 760 956 hac
797 904 1000 956 ratione
1032 901 1170 970 piam
1201 916 1350 954 suam
1389 907 1616 952 mentem
1647 898 1721 949 si.

139 997 424 1064 gniticaus.
474 995 720 1048 Fortasse
764 993 968 1062 longius
1008 991 1244 1046 excurrit
1282 990 1453 1044 oratio
1499 997 1720 1052 nostra;

145 1086 292 1153 atqui
323 1101 426 1137 non
449 1085 562 1138 sine
591 1099 748 1138 causa
777 1099 947 1152 neque
978 1082 1192 1135 frustra.
1248 1080 1432 1134 Paucis
1464 1081 1604 1134 enim
1638 1080 1720 1132 di-

141 1175 372 1228 dicimus
398 1174 464 1227 ab
492 1174 638 1226 initio
656 1187 820 1240 usque
849 1171 912 1225 ad
940 1171 1247 1224 hodiernam
1273 1171 1576 1229 lectionem,
1611 1185 1725 1234 quae

145 1262 305 1316 fuerit
330 1263 456 1332 justi
488 1264 640 1330 hujus
672 1260 957 1326 fortitudo,
991 1261 1423 1330 magnanimitas,
1460 1261 1727 1314 excellens

149 1355 301 1420 tides,
341 1370 490 1410 mens
518 1353 732 1422 optimis
763 1352 996 1405 moribus
1028 1351 1266 1420 prmdita,
1301 1351 1519 1418 insignis
1542 1351 1727 1404 mode-

144 1446 267 1505 stia.
297 1444 620 1496 admirabilis
649 1443 952 1496 divitiarum
981 1435 1316 1508 contemptus
1342 1481 1354 1503 ,
1383 1440 1574 1492 divine
1605 1456 1727 1507 erga

145 1549 273 1589 eum
296 1533 677 1588 benevolentia:
706 1542 957 1602 perpetua
987 1533 1346 1600 providentia;
1376 1541 1430 1583 et
1451 1547 1554 1599 quo
1580 1541 1730 1597 parto

143 1623 384 1677 divinum
437 1624 533 1690 ipsi
584 1623 804 1692 singulis
859 1622 1184 1691 temporibus
1233 1623 1507 1689 prtebilum
1548 1631 1730 1688 patro-

144 1714 378 1779 cinium,
425 1713 660 1782 quotidie
687 1714 964 1767 clariorem
1001 1728 1121 1765 eum
1151 1723 1204 1766 et
1245 1713 1583 1767 illustriorem
1615 1714 1733 1766 red-

143 1806 299 1859 didit.
349 1805 498 1858 Nunc
527 1813 699 1857 autem
729 1804 772 1858 si
801 1805 1069 1857 volueritis
1091 1845 1104 1866 ,
1133 1812 1186 1857 et
1215 1819 1318 1856 non
1348 1802 1728 1872 defatigetnini,

143 1897 217 1950 ad
243 1913 302 1950 ea
335 1913 450 1966 qua:
482 1912 665 1949 recens
705 1897 834 1949 lecta
877 1905 997 1948 sunt
1040 1895 1354 1948 accedamus
1387 1935 1402 1957 ,
1455 1906 1508 1946 et
1552 1896 1732 1962 paucis

147 1989 465 2056 quihusdam
497 1988 807 2054 propositis,
836 1986 1174 2038 ahsolvamus
1203 2001 1538 2047 sermonem;
1571 1995 1624 2036 ut
1653 1985 1734 2036 di-

145 2078 310 2130 scatis
338 2087 532 2144 quanta
566 2076 742 2129 denuo
767 2076 814 2128 ei
843 2073 1164 2143 rependatur
1196 2090 1402 2129 merces
1428 2115 1440 2137 ,
1484 2090 1550 2128 eo
1594 2075 1732 2144 quod

147 2167 532 2234 Contempserit
572 2165 708 2219 dena
762 2164 861 2218 sibi
906 2179 936 2217 a
973 2164 1325 2219 Sodomorum
1374 2179 1496 2233 rege
1537 2166 1732 2220 oblata.

147 2254 288 2322 Quid
335 2253 476 2308 enim
524 2253 736 2322 inquit?
792 2255 841 2308 Ι.
879 2252 1000 2308 Post
1039 2255 1145 2307 lucc
1173 2264 1342 2306 autem
1368 2255 1513 2306 verba
1544 2258 1737 2324 factum

151 2357 224 2399 est
252 2347 449 2401 t'erbum
477 2346 680 2399 Domini
706 2346 773 2398 ad
806 2345 1168 2416 Abrttnt~(cap.
1198 2343 1306 2417 15).
1360 2344 1532 2414 Quare
1554 2346 1631 2399 sic
1657 2348 1737 2397 itt-

150 2439 302 2508 cipit,
336 2437 456 2490 Post
488 2439 592 2490 hac
618 2447 783 2489 autem
813 2435 997 2490 verba?
1018 2453 1134 2504 qua:
1159 2435 1338 2500 verba,
1358 2450 1539 2504 quaeso
1561 2436 1582 2487 '3
1613 2450 1737 2489 num

154 2529 355 2582 indicat
399 2529 556 2582 verba
601 2543 718 2597 quae
768 2543 891 2581 cum
938 2527 1292 2581 Sodomorum
1337 2542 1459 2596 rege
1510 2527 1736 2580 habuit?

155 2621 284 2674 Post
328 2629 689 2688 contemptum
732 2619 914 2682 illum,
957 2619 1155 2687 inquit,
1199 2627 1475 2686 postquam
1513 2631 1575 2671 ea
1621 2632 1738 2685 quae

152 2710 226 2764 ab
259 2711 348 2763 illo
387 2711 558 2762 oblata
603 2719 725 2762 sunt
774 2709 1002 2777 repulit,
1065 2717 1181 2775 post
1223 2707 1521 2760 doctrinam
1571 2707 1735 2771 illam,

154 2813 317 2867 quam
354 2799 565 2866 rejectis
595 2799 746 2851 donis
773 2800 1168 2868 pronuntiavit,
1204 2809 1259 2851 ut
1289 2798 1465 2866 pietati
1497 2809 1550 2851 et
1586 2799 1738 2866 agni-

156 2889 291 2942 tioni
333 2889 634 2942 Conditoris
676 2891 913 2944 omnium
956 2890 1102 2944 illum
1142 2890 1411 2954 initiaret,
1467 2889 1585 2943 Post
1634 2891 1741 2942 Ita'c

153 2989 324 3031 autent
349 2995 420 3031 rei
434 2978 496 3031 ba
517 3020 530 3042 ,
577 2990 856 3048 postquam
888 2979 1124 3033 decimas
1149 2980 1500 3034 Melehisedec
1529 2981 1738 3045 obtulit,

155 3069 408 3138 quando,
455 3071 660 3137 inquit,
703 3070 878 3122 omnia
925 3087 1042 3137 qua:
1087 3086 1149 3124 ex
1183 3085 1240 3122 se
1283 3081 1438 3123 erant
1482 3070 1737 3140 implevit,

159 3169 286 3212 tunc
335 3157 458 3211 Post
503 3159 609 3210 Ita'c
658 3163 802 3211 verba
833 3159 1022 3225 factum
1066 3169 1137 3211 est
1183 3159 1380 3211 verbum
1428 3158 1633 3211 Domini
1676 3160 1742 3210 ad

156 3250 348 3302 Abram
374 3248 422 3300 in
451 3249 636 3300 visione
663 3249 817 3300 noctis
847 3249 941 3319 (η),
971 3249 1139 3300 dicens
1169 3264 1186 3300 :
1217 3248 1297 3301 Ne
1318 3249 1511 3314 timeas,
1533 3248 1738 3316 Abram,

157 3357 252 3412 ego
279 3350 482 3409 protrgo
511 3350 596 3403 te;
633 3356 814 3392 merces
836 3350 923 3391 tua
954 3339 1112 3392 multa
1132 3340 1274 3393 valde
1304 3342 1416 3392 erit.

237 3432 284 3485 4.
324 3430 451 3484 Vide
495 3430 871 3498 benignitatem
904 3429 1147 3494 Domini,
1179 3431 1446 3499 quomodo
1475 3431 1654 3484 statim
1692 3440 1746 3485 et

158 3536 192 3574 e
221 3521 438 3589 vestigio
481 3534 711 3587 sequens
733 3559 745 3580 ,
797 3520 1066 3572 beneficiis
1096 3535 1250 3573 suum
1283 3521 1536 3575 athletam
1567 3537 1744 3576 remu-

161 3620 379 3665 neratnr
405 3651 418 3673 ,
446 3619 500 3663 et
526 3610 590 3661 ad
625 3611 873 3664 ulteriora
909 3611 1200 3665 certamina
1232 3612 1424 3666 iterum
1451 3613 1740 3677 instruens,

164 3701 353 3770 vigore
395 3718 531 3756 novo
572 3702 806 3756 roborat.
863 3701 1076 3756 Factum
1110 3715 1178 3758 est
1218 3705 1419 3758 verbum
1447 3704 1654 3760 Domini
1693 3707 1746 3758 in

163 3793 353 3844 visione
382 3794 556 3846 noctis.
586 3793 760 3860 Quare
791 3793 841 3846 itt
871 3795 1068 3848 nocte?
1099 3793 1165 3848 Ut
1189 3795 1238 3848 in
1269 3795 1479 3848 silentio
1499 3804 1553 3850 ct
1572 3796 1748 3864 quiete

163 3884 356 3937 melius
381 3900 499 3952 qute
528 3884 773 3937 dicuntur
798 3884 1040 3954 accipiat.
1077 3886 1140 3938 Et
1169 3884 1294 3939 dicit
1316 3887 1362 3938 ei
1399 3903 1410 3937 :
1439 3885 1520 3938 Ne
1549 3889 1746 3954 timeas,

165 3974 375 4027 Abram.
420 3974 648 4027 Attende
692 3974 1005 4027 immensam
1040 3975 1127 4028 Dei
1158 3990 1359 4029 curam.
1391 3976 1565 4042 Quare
1592 3977 1746 4041 dixit,

170 4060 224 4114 Ν
229 4078 254 4113 e
282 4063 491 4115 timeas?
513 4063 644 4128 Quia
677 4073 848 4116 tantas
870 4078 998 4132 Opes
1020 4074 1432 4132 contempserat,
1469 4080 1571 4119 non
1597 4081 1752 4120 cura-

167 4155 238 4207 tis
261 4153 418 4232 regiis
444 4154 598 4206 donis
625 4169 640 4207 :
667 4153 766 4207 hoc
794 4163 894 4218 est,
926 4153 1002 4208 Ne
1033 4155 1239 4216 timeas,
1274 4155 1412 4223 qmid
1444 4155 1751 4224 deSpeseris

168 4258 314 4301 tanta
342 4247 478 4300 dona
503 4286 518 4310 ,
565 4261 734 4315 neque
761 4247 948 4300 anxius
968 4248 1042 4301 sis
1068 4247 1218 4316 quasi
1249 4247 1482 4302 minores
1510 4247 1630 4302 inde
1661 4249 1751 4302 tibi

166 4338 277 4391 sint
315 4337 612 4390 facultates.
647 4335 726 4390 Ne
753 4339 948 4389 timeas.
1001 4337 1200 4391 Deinde
1230 4348 1284 4391 ut
1319 4337 1554 4392 animum
1586 4339 1754 4408 magis

167 4428 388 4490 excitet,
417 4427 608 4493 adjecit
631 4426 794 4480 verbo
820 4434 874 4479 et
901 4428 1328 4497 appellationem,
1355 4439 1408 4482 et
1433 4428 1595 4496 inquit
1631 4446 1643 4480 :
1673 4427 1756 4482 Ne

168 4522 372 4583 timeas,
399 4516 604 4569 Abram.
636 4516 748 4570 Non
774 4516 914 4569 enim
939 4533 1119 4583 parum
1142 4516 1204 4569 ad
1226 4518 1753 4586 expergefaciemlum

170 4607 298 4660 facit
323 4648 336 4670 ,
369 4622 487 4660 cum
513 4607 814 4675 quempiam
853 4608 1069 4674 proprio
1096 4609 1309 4659 nomine
1335 4607 1713 4674 compellamus
1739 4626 1752 4662 :

167 4698 366 4752 deinde
396 4700 507 4762 ait,
564 4697 669 4766 ligo
697 4708 953 4767 protegam
987 4706 1049 4749 tc.
1106 4697 1320 4750 Multam
1369 4698 1534 4752 habet
1573 4709 1625 4752 et
1657 4702 1756 4752 hoc

170 4787 397 4842 verbum
435 4787 750 4854 emphasim.
808 4787 918 4855 Ego
959 4788 1102 4854 quia
1133 4787 1398 4842 Chaldaeis
1437 4799 1485 4841 te
1517 4791 1752 4853 evocavi,

177 4894 281 4947 ego
307 4879 394 4946 qui
439 4888 487 4930 te
517 4879 616 4930 huc
645 4877 772 4930 duxi
793 4917 808 4936 ,
856 4893 953 4945 ego
985 4878 1072 4946 qui
1113 4887 1162 4930 te
1192 4893 1220 4929 a
1267 4880 1509 4944 periculis
1541 4879 1756 4950 Egypti

173 4969 394 5024 liberavi
423 5009 436 5031 ,
465 4984 562 5036 ego
589 4967 676 5037 qui
707 4967 871 5021 semel
901 4980 1058 5036 atque
1091 4968 1283 5022 iterum
1315 4969 1528 5036 promisi
1565 4971 1652 5022 tibi
1681 4980 1756 5023 at-

169 5076 279 5129 que
301 5059 487 5112 semini
520 5067 608 5110 tuo
635 5057 882 5111 daturum
914 5074 997 5112 me
1025 5068 1218 5112 terram
1251 5060 1405 5123 hanc,
1429 5075 1530 5129 ego
1558 5069 1606 5114 te
1635 5076 1756 5129 pro-

175 5166 298 5221 logo
340 5166 479 5220 :ego
518 5149 609 5220 qui
650 5151 700 5203 in
744 5150 856 5204 dies
905 5151 1070 5219 magis
1116 5160 1168 5204 et
1211 5153 1376 5220 magis
1421 5153 1667 5206 omnibus
1710 5164 1761 5208 te

171 5244 377 5296 clatum
397 5241 646 5303 ostendo,
691 5256 790 5310 ego
821 5252 1041 5309 protego
1073 5249 1121 5294 te
1155 5259 1167 5293 :
1199 5241 1298 5295 hoc
1336 5251 1455 5306 est,
1499 5259 1597 5311 ego
1624 5247 1759 5298 scuti

178 5337 293 5390 vice
318 5334 408 5388 tibi
439 5350 576 5400 sum,
608 5349 706 5404 ego
733 5349 826 5403 pro
849 5344 897 5387 te
924 5343 1091 5398 certo,
1115 5348 1214 5403 ego
1243 5345 1600 5404 propugnator
1619 5353 1758 5402 sum,

175 5445 278 5499 ego
303 5443 484 5482 curam
506 5444 652 5498 gero,
684 5443 782 5497 ego
807 5428 980 5481 omnia
1004 5427 1240 5482 difficilia
1261 5426 1427 5482 facilia
1455 5429 1542 5482 tibi
1573 5429 1759 5494 reddo,

252 5653 326 5723 (ις)
357 5653 404 5700 ln
437 5653 558 5700 lid:t.
586 5654 899 5718 septuaginta
924 5650 1463 5724 lnterpretumlegitur
1493 5655 1760 5724 tantutn_év

185 5719 415 5776 ὁράματι.
464 5729 510 5761 m
551 5715 759 5769 t‘tstmtt’,’
803 5727 889 5776 uix
917 5715 1112 5776 rthoc,
1157 5715 1328 5776 nodis,
1366 5715 1526 5762 deest.
1574 5715 1621 5764 In
1661 5716 1759 5764 llc-

187 5774 354 5825 bulen
379 5779 562 5833 pariter
590 5783 736 5834 atque
764 5778 808 5821 in
836 5774 1043 5835 Vulgata
1087 5787 1181 5822 non
1215 5775 1438 5824 habetur.
1481 5777 1559 5826 Sir
1596 5786 1758 5826 tamen
1798 5803 1802 5807 ι

190 5837 312 5900 tegit
335 5838 451 5896 Chr)
467 5846 726 5895 sestertius,
754 5844 804 5884 ut
832 5850 893 5884 ex
919 5852 970 5885 se
992 5835 1244 5899 lthflllbUS
1269 5836 1441 5899 liquet.

1169 422 1229 475 IN
1271 421 1422 474 (ZAI’.
1458 417 1572 474 XV.
1617 415 1838 473 til'LNlLS
1893 415 2117 470 IllnllL.
2157 417 2393 471 χλχνι.

3313 424 3416 478 538

1840 547 1940 602 ego
1972 544 2188 604 protegit
2213 545 2282 589 te.
2340 533 2532 588 Mortes
2561 545 2644 588 tua
2677 537 2832 588 multat
2863 539 2953 589 erit
2983 538 3142 590 t'ulde.
3204 540 3423 593 Noluisti

1840 626 2141 680 mercedem
2181 629 2424 696 accipere
2475 644 2570 695 pro
2617 628 2884 682 laboribus
2928 646 3060 697 quos
3104 632 3421 686 sustinuisti.

1839 716 1999 768 tantis
2032 716 2278 784 periculis
2309 719 2530 785 teipsum
2563 717 2863 786 objiciendo
2891 763 2901 782 ,
2933 721 3024 772 sed
3056 722 3421 788 c0:ttt'ttt[tsisli

1835 815 1888 858 et
1918 822 2096 874 regem
2127 816 2179 860 et
2211 823 2426 860 munera
2471 808 2606 876 ejus.
2660 808 2770 876 Ego
2807 809 2897 861 tibi
2931 810 3231 863 meret-dent
3261 810 3421 870 dabo,

1836 912 1938 948 non
1967 905 2166 949 tantam
2198 909 2450 966 quantam
2478 909 2793 968 accepturus
2815 915 2931 953 cras
2955 942 2968 961 ,
3002 900 3095 954 sed
3121 901 3342 954 multam
3371 913 3422 954 et

1837 987 1986 1038 valde
2013 987 2230 1039 multam
2260 1005 2274 1040 :
2311 987 2502 1041 Merces
2528 991 2669 1042 enim
2703 1000 2824 1052 tua,
2878 991 3083 1057 inquit,
3136 993 3294 1042 multa
3329 992 3420 1043 erit

1835 1077 1998 1130 valde.
2033 1077 2216 1130 \‘idisli
2250 1079 2617 1132 liberalitatem
2653 1079 2902 1132 Domini?
2930 1080 3107 1133 vidisti
3138 1082 3422 1134 vcrbormn

1837 1167 2083 1234 pondus?
2130 1167 2303 1221 vidisti
2348 1168 2616 1236 quomodo
2644 1168 2959 1222 excitaverit
3001 1169 3210 1240 pietatis
3253 1170 3422 1221 athle-

1838 1260 1982 1312 tam?
2032 1260 2209 1313 vidisti
2256 1260 2526 1329 quomodo
2554 1261 2787 1314 animam
2830 1263 2946 1330 ejus
2993 1261 3422 1315 confirmaverit?

1839 1351 1952 1420 lp<e
1976 1355 2116 1406 enim
2143 1354 2230 1420 qui
2262 1368 2451 1407 arcana
2475 1353 2716 1406 cordium
2750 1355 2915 1417 novit,
2946 1354 3147 1407 sciebat
3171 1353 3318 1421 justo
3347 1351 3422 1405 illi

1837 1458 1970 1508 «qius
2012 1458 2130 1497 esse
2177 1443 2474 1510 hujusmodi
2525 1444 2809 1498 verborum
2859 1445 3262 1498 consolatione:
3303 1460 3423 1496 nam

1838 1533 1956 1584 vide
1985 1533 2108 1601 quid
2139 1549 2200 1585 ex
2248 1533 2328 1586 his
2359 1534 2535 1588 verbis
2579 1543 2836 1602 concepta
2886 1535 3072 1589 fiducia
3126 1533 3421 1603 patriarcha

1837 1622 1980 1678 dicit.
2031 1623 2086 1676 2.
2117 1622 2258 1676 Dixit
2285 1634 2448 1677 autem
2475 1625 2660 1677 Abram
2692 1641 2710 1679 :
2745 1625 2958 1678 Domine
2978 1669 2989 1689 ,
3031 1626 3154 1695 quid
3184 1626 3304 1677 mihi
3327 1625 3428 1676 da.

1839 1714 1948 1765 bis?
1975 1730 2064 1784 ego
2084 1726 2248 1766 autem
2286 1715 2392 1767 sine
2421 1716 2587 1768 liberis
2617 1715 2861 1768 dimittor.
2898 1716 3180 1784 Postquam
3217 1730 3423 1768 merces

1841 1804 1938 1870 ipsi
1965 1804 2115 1859 valde
2143 1804 2356 1872 copiosa
2386 1806 2644 1872 promissa
2675 1815 2790 1870 est,
2831 1808 3050 1876 exponit
3088 1807 3281 1859 anima:
3318 1820 3377 1857 su
3399 1824 3427 1854 ιτ

1839 1895 2077 1948 dolorem
2117 1907 2170 1949 et
2216 1896 2482 1949 tristitiam
2529 1907 2744 1967 propter
2784 1898 2950 1968 prolis
3001 1898 3268 1966 inopiam,
3322 1912 3424 1963 qua

1840 1986 2088 2038 diuturno
2143 1996 2379 2054 tempore
2433 1988 2760 2056 angebatur,
2822 1987 3053 2056 dicitque
3103 2005 3116 2038 :
3169 1985 3424 2046 Domine,

1840 2075 1964 2144 quid
1993 2077 2095 2130 tale
2120 2074 2244 2129 tuilti
2274 2077 2465 2129 dabis?
2497 2077 2632 2130 Ecce
2663 2078 2802 2129 enim
2833 2083 2932 2143 ego
2960 2091 3126 2144 usque
3148 2075 3214 2128 ad
3244 2085 3425 2128 extm-

1843 2181 1981 2218 tnant
2010 2175 2277 2218 senectam
2301 2165 2536 2234 perveni,
2569 2176 2620 2219 et
2645 2165 2792 2234 prole
2817 2180 3007 2219 carens
3033 2165 3294 2218 dimittor.

1919 2254 2049 2310 Vide
2073 2255 2341 2325 quomodo
2365 2257 2554 2324 priscis
2583 2256 2685 2308 illis
2705 2255 2916 2308 seculis
2936 2255 3111 2323 justus
3140 2255 3226 2307 ille
3258 2251 3430 2321 philo-

1843 2348 2166 2416 sophabatur
2186 2389 2200 2410 ,
2230 2346 2596 2402 dimissionem
2622 2359 2821 2400 vocans
2847 2360 2914 2400 es
2955 2346 3057 2399 hoc
3096 2344 3294 2397 mundo
3317 2342 3430 2397 dis-

1844 2455 2076 2495 cessum.
2108 2441 2238 2494 Nam
2269 2440 2359 2508 qui
2392 2440 2556 2494 vitam
2589 2439 2813 2493 honeste
2841 2448 2894 2492 et
2925 2438 2978 2492 in
3005 2438 3288 2491 virtutibus
3310 2451 3433 2506 ege-

1844 2541 1990 2595 runt,
2021 2531 2230 2601 quando
2258 2546 2323 2584 ex
2355 2530 2453 2584 hac
2494 2529 2600 2583 vita
2631 2529 2915 2600 emigrant,
2947 2544 3072 2583 vere
3104 2529 3431 2587 liberantur.

1845 2633 1898 2676 et
1926 2623 2074 2691 quasi
2121 2622 2407 2676 solvuntur
2442 2637 2471 2675 a
2515 2621 2895 2677 certaminibus
2919 2628 2973 2674 et
3001 2635 3028 2672 a
3061 2619 3304 2672 vinculis.
3338 2616 3435 2673 Est

1845 2713 1986 2768 enim
2021 2727 2167 2766 mors
2195 2713 2258 2765 iis
2284 2712 2374 2782 qui
2406 2712 2540 2766 bene
2566 2712 2749 2764 vivunt
2773 2751 2787 2775 ,
2833 2711 3106 2764 translatio
3130 2709 3372 2778 quaedam
3401 2723 3432 2762 θ

1849 2802 2116 2872 peioribus
2137 2802 2202 2856 ad
2227 2801 2469 2866 meliora,
2488 2815 2520 2854 a
2543 2811 2882 2869 temporanea
2909 2801 3015 2852 vita
3036 2799 3100 2850 ad
3127 2806 3434 2867 perpetuam

1847 2903 1899 2948 et
1929 2893 2279 2947 immortalem
2327 2892 2590 2960 finemque
2636 2906 2742 2944 non
2788 2891 3089 2944 habentem.
3125 2889 3237 2960 Ego
3266 2899 3436 2941 autent

1848 2984 2093 3048 dimittor,
2126 2984 2325 3052 inquit,
2357 2983 2465 3036 sine
2494 2981 2683 3036 liberis.
2716 2981 2784 3034 Et
2811 2991 2866 3034 ut
2894 2980 3294 3034 misericordem
3329 2980 3434 3032 Do-

1851 3078 2048 3128 minum
2077 3075 2175 3129 sibi
2202 3074 2533 3137 conciliaret,
2564 3089 2669 3127 non
2705 3073 2768 3126 iis
2793 3081 3074 3127 contentus
3105 3072 3196 3126 fuit
3226 3072 3435 3136 verbis;

1851 3168 1942 3221 sed
1986 3167 2108 3235 quid
2142 3167 2305 3220 dicit?
2345 3164 2513 3218 Filius
2542 3175 2708 3218 autem
2755 3163 2929 3217 Masec
2973 3181 3138 3218 verna:
3178 3179 3329 3229 mea,
3381 3163 3436 3216 5.

1848 3261 2083 3330 quoniam
2122 3275 2220 3311 non
2248 3256 2430 3311 dedisti
2451 3257 2572 3310 mihi
2600 3272 2767 3309 semen
2794 3298 2809 3322 ,
2855 3256 2941 3309 ille
2971 3256 3113 3310 heres
3150 3273 3290 3308 meus
3326 3255 3437 3307 irit.

1852 3349 2121 3418 lugentem
2150 3349 2391 3402 dolorem
2421 3348 2613 3401 anima:
2638 3347 2753 3417 ejus
2789 3347 3066 3400 declarant
3096 3347 3211 3398 hzcc
3243 3345 3400 3400 verba
3425 3386 3437 3406 ,

1851 3439 1999 3508 quasi
2051 3438 2252 3493 diceret
2299 3438 2406 3491 Deo
2437 3454 2450 3488 ε
2481 3437 2662 3505 Neque
2702 3451 2765 3490 ea
2805 3451 2922 3490 sum
2967 3445 3284 3504 asseqnutus
3322 3451 3441 3502 quae

1853 3544 2038 3584 servus
2069 3544 2218 3582 meus
2246 3528 2564 3583 vernaculus
2586 3570 2599 3589 ,
2632 3528 2726 3582 sed
2766 3543 2865 3598 ego
2895 3529 3107 3597 quidem
3144 3527 3300 3581 abibo
3327 3528 3443 3582 sine

1856 3620 2107 3674 filiozhic
2150 3630 2325 3673 autem
2372 3619 2713 3700 vernaculus!
2734 3634 2882 3672 meus
2924 3619 3268 3673 hereditatem
3300 3619 3442 3671 acci-

1856 3714 1998 3782 piet,
2035 3729 2152 3781 qua:
2191 3728 2219 3765 a
2266 3722 2316 3766 te
2365 3710 2494 3764 mihi
2530 3711 2672 3774 data,
2719 3711 2878 3780 idque
2919 3725 3039 3764 cmn
3074 3710 3243 3764 semel
3287 3718 3444 3776 atque

1857 3804 2052 3858 iterum
2087 3802 2494 3872 promissionem
2521 3817 2549 3854 a
2579 3811 2628 3855 te
2653 3801 2951 3870 acceperim
2979 3800 3187 3854 dicente
3214 3817 3226 3852 :
3253 3798 3447 3854 Scmini

1859 3905 1943 3946 tuo
1967 3894 2096 3947 dabo
2122 3905 2307 3947 terram
2335 3894 2483 3945 hanc.
2507 3891 2821 3955 Considera,
2849 3891 3091 3951 obsecro,
3121 3899 3172 3944 et
3203 3889 3303 3944 hoc
3329 3889 3446 3942 loco

1853 3985 1981 4055 justi
2011 3985 2294 4049 virtutem,
2340 3981 2608 4053 quomodo
2637 3983 2983 4052 cogitationes
3034 3982 3127 4035 has
3169 3982 3220 4034 in
3269 3981 3449 4034 animo

1858 4092 2098 4140 versans,
2143 4091 2429 4145 numquam
2481 4075 2804 4144 indignatus,
2855 4090 3028 4142 neque
3067 4073 3209 4126 aliud
3254 4072 3445 4127 durutn

1860 4174 2112 4241 loquutus
2154 4168 2375 4224 sitzsed
2417 4178 2469 4222 et
2511 4183 2649 4221 nunc
2697 4167 2973 4235 iit-ligatus
3005 4164 3178 4218 verbis
3215 4181 3332 4232 quae
3373 4165 3448 4216 lo-

1861 4272 2056 4332 quutus
2102 4270 2184 4314 est
2232 4259 2278 4313 ei
2336 4258 2628 4319 Dominus,
2681 4271 2866 4324 magna
2924 4254 3110 4306 fiducia
3167 4253 3448 4307 Do:ninum

1861 4353 2164 4424 alloquitur,
2185 4350 2624 4420 manifestamque
2649 4348 2770 4401 facit
2791 4349 3049 4401 interuam
3072 4346 3449 4416 cogitationum

1866 4446 2316 4516 perturbationem
2338 4485 2352 4509 ,
2399 4441 2688 4496 ostendens
2722 4441 2912 4493 anima:
2955 4453 3064 4492 sua:
3097 4438 3278 4497 ulcus;
3313 4437 3453 4492 unde

1863 4550 1918 4594 et
1962 4539 2313 4593 aereleratunt
2359 4537 2563 4603 acerpit
2605 4534 3068 4587 medicamentum.
3095 4532 3148 4583 6.
3187 4531 3248 4583 Et
3284 4532 3454 4583 statim

1865 4649 1960 4686 ros:
1986 4631 2080 4684 Dei
2119 4634 2257 4700 facta
2291 4638 2362 4681 est
2393 4627 2460 4680 ad
2500 4643 2630 4678 eum.
2664 4625 2794 4678 Vide
2829 4624 3117 4690 Seripturm
3159 4621 3452 4674 acetiratio-

1867 4742 2008 4778 nem.
2042 4723 2248 4784 Statim,
2280 4719 2464 4788 inquit.
2484 4717 2597 4771 Non
2625 4716 2862 4784 permisit
2887 4715 3086 4783 justum
3121 4714 3203 4766 vel
3236 4713 3453 4765 minimo

1867 4826 2104 4884 tempore
2133 4815 2272 4882 angi,
2304 4810 2397 4865 sed
2428 4809 2726 4864 festinatam
2757 4808 2803 4860 ei
2831 4805 3248 4860 consolationem
3278 4803 3454 4870 affert,

1867 4917 1918 4960 et
1957 4905 2270 4974 gravitatem
2313 4901 2558 4955 mceroris
2598 4897 2844 4952 emendat
2875 4897 3051 4949 verbis
3089 4911 3207 4964 quze
3254 4904 3376 4946 tunc
3407 4898 3456 4947 ei

1869 4998 2117 5065 loquutus
2146 5003 2245 5048 est.
2293 4991 2355 5044 Et
2384 4990 2582 5048 statim,
2627 4987 2826 5056 inquit,
2858 5001 2956 5040 vos:
2999 4984 3092 5037 Dei
3122 4989 3256 5054 facta
3291 4993 3360 5037 est
3390 4988 3458 5034 ad

1869 5106 2003 5155 eum,
2034 5089 2202 5140 dicens
2226 5101 2243 5138 :
2269 5083 2384 5137 Non
2408 5084 2498 5136 erit
2525 5081 2603 5132 hic
2629 5080 2770 5133 lieres
2797 5090 2930 5142 tuus,
2961 5077 3047 5129 sed
3071 5078 3156 5145 qui
3177 5077 3458 5146 egredietur

1869 5196 1930 5232 ex
1957 5189 2020 5237 te,
2072 5177 2152 5229 hic
2194 5177 2331 5228 lieres
2360 5183 2475 5225 tuus
2505 5173 2614 5224 erit.
2663 5170 2931 5232 lloccine,
2976 5168 3159 5234 ittquit,
3207 5167 3458 5220 timuisti?

1873 5269 2093 5324 hoccine
2140 5275 2370 5320 mentem
2415 5273 2556 5316 tuam
2608 5257 2869 5312 turbavit?
2919 5258 3140 5311 hoccine
3191 5255 3457 5310 tristitiam

1874 5370 2015 5414 tuam
2039 5357 2226 5427 anget?
2249 5355 2396 5409 Scias
2415 5356 2571 5421 igitur
2591 5349 2733 5403 hunc
2756 5363 2858 5402 non
2885 5351 2994 5401 fore
3019 5347 3263 5402 heredem
3288 5356 3457 5412 tmnn,

1874 5454 1979 5508 Sed
2005 5453 2088 5521 qui
2124 5449 2402 5519 egredietur
2428 5462 2488 5499 ex
2513 5456 2590 5510 te,
2636 5444 2716 5496 hic
2748 5444 2886 5495 lieres
2923 5453 3034 5494 tuus
3061 5441 3169 5494 crit.
3201 5439 3276 5493 Ne
3305 5440 3460 5507 igitur

1871 5545 1936 5600 ad
1974 5545 2258 5599 humanam
2303 5549 2509 5610 spectes
2552 5547 2823 5601 naturant,
2870 5549 2935 5588 ne
2977 5545 3116 5586 tuam
3155 5543 3458 5595 senecmtn,

1873 5637 2086 5694 Sarmve
2125 5634 2459 5689 sterilitatem
2498 5629 2676 5684 animo
2715 5627 2896 5681 volvas
2922 5643 2933 5678 :
2959 5624 3050 5678 sed
3091 5625 3204 5692 ejus
3245 5623 3333 5692 qui
3367 5623 3464 5676 tibi

1878 5728 2116 5801 promisit
2158 5725 2405 5796 potentia!
2451 5723 2585 5776 bene
2626 5719 2761 5784 fide,
2813 5727 2866 5772 et
2912 5717 3176 5770 tristitiam
3216 5730 3422 5785 [mitras
3447 5755 3459 5778 ,

1880 5821 2231 5878 sufficientem
2259 5814 2674 5872 consolationem
2703 5810 2905 5878 accipe,
2931 5821 3343 5877 persuasumque
3371 5804 3436 5858 ha
