4056 6476
678 381 774 435 539

669 496 794 550 beas
813 506 861 550 te
880 497 1128 554 heredem
1157 502 1474 570 habiturum,
1492 505 1579 574 qui
1602 520 1664 559 ex
1688 513 1738 561 te
1759 522 1822 560 na
1832 518 2025 562 scatur.
2047 508 2246 564 Deinde

665 587 785 654 quia
816 602 971 656 supra
1006 598 1391 648 naturatn’crat
1422 595 1757 664 promissio,
1779 607 1833 652 et
1874 598 2115 653 vincebat
2146 600 2245 652 hu-

670 695 882 734 numam
924 684 1180 738 rationem
1227 683 1491 756 (magnam
1523 688 1664 741 enim
1698 689 1747 742 in
1790 705 1855 744 eo
1893 690 2244 744 turbationem

667 769 970 824 excitabant
997 782 1071 825 tot
1100 783 1301 828 natura:
1331 775 1725 843 impedimenta,
1759 792 2002 833 senectus
2031 780 2166 848 ejus,
2195 789 2246 836 et

670 858 810 924 Quod
858 859 986 914 Sara
1023 863 1218 916 sterilis
1262 879 1323 918 ac
1369 876 1520 920 utero
1559 877 1802 920 emortuo
1847 869 2048 938 esset),
2094 877 2248 939 auget

675 947 928 1003 Dominus
962 953 1342 1016 promissorum
1392 958 1834 1026 magnitudinem,
1882 969 1934 1011 ut
1978 959 2153 1027 justus
2181 960 2246 1014 ad

676 1041 1029 1104 promittentis
1072 1043 1435 1099 liberalitatem
1485 1047 1806 1114 respiciens.
1858 1048 1991 1102 bene
2034 1059 2245 1117 speret,

669 1127 1004 1199 conlidatque
1067 1133 1144 1187 sic
1207 1145 1537 1188 eventurum.
1595 1137 1647 1190 5.
1693 1135 1882 1191 Eduxit
1929 1149 2090 1191 autem
2137 1156 2247 1192 eum

670 1220 826 1284 foros,
859 1228 904 1270 et
935 1220 1060 1272 dia-it
1086 1223 1133 1275 ei
1158 1238 1175 1274 :
1199 1222 1411 1290 Suspice
1437 1224 1486 1276 in
1518 1227 1718 1286 cit-lum,
1750 1237 1794 1280 et
1826 1243 2031 1282 numera
2057 1228 2244 1289 stellas,

669 1306 714 1357 si
735 1309 918 1372 poteris
940 1327 1200 1364 munerare
1221 1329 1325 1365 eas.
1356 1311 1418 1364 Et
1436 1313 1562 1367 dixit
1583 1316 1626 1367 ei
1646 1332 1664 1367 :
1684 1315 1770 1369 Sir
1791 1317 1882 1369 erit
1902 1333 2066 1370 semen
2089 1329 2244 1369 tuum.

667 1396 721 1449 8.
759 1397 826 1450 Et
869 1400 1076 1452 credidit
1119 1401 1304 1455 Abram
1354 1403 1459 1457 Deo
1483 1446 1496 1468 ,
1558 1416 1606 1458 et
1653 1416 1937 1471 repntatum
1971 1417 2042 1460 est
2081 1408 2156 1461 illi
2194 1412 2246 1461 in

667 1485 929 1552 iustitiam.
958 1489 1135 1555 Quare
1175 1491 1425 1546 indicavit
1448 1535 1462 1557 ,
1504 1493 1642 1560 quod
1683 1493 1894 1548 duxerit
1921 1510 2040 1548 eum
2070 1495 2247 1550 foras?

669 1573 798 1639 Quia
822 1577 962 1630 enim
993 1581 1232 1647 superius
1257 1583 1408 1646 dixit,
1434 1597 1552 1635 eum
1579 1583 1629 1636 in
1657 1582 1857 1638 visione
1884 1585 2054 1639 noctis
2080 1600 2245 1659 appao

673 1669 842 1723 ruisse
874 1670 978 1731 illi,
1009 1686 1071 1724 ac
1100 1673 1255 1726 verba
1283 1673 1366 1725 illa
1390 1675 1436 1726 ei
1465 1674 1734 1744 loquutum
1767 1677 1926 1730 t'uisse
1950 1698 1962 1732 :
1986 1693 2124 1731 nunc
2147 1693 2246 1732 au-

669 1765 773 1810 tem
801 1758 910 1810 vult
951 1759 998 1812 ei
1045 1761 1348 1827 ostendere,
1387 1778 1542 1830 quam
1595 1765 2004 1819 innumerabiles
2048 1767 2156 1820 sint
2193 1768 2244 1820 in

665 1849 796 1902 ca-lo
822 1849 1008 1913 stellae,
1034 1851 1205 1919 inquit
1228 1868 1241 1906 ε
1265 1850 1454 1906 Eduxit
1473 1871 1583 1908 eum
1605 1858 1764 1925 foras,
1783 1868 1829 1908 et
1853 1859 1980 1910 dixit
2001 1858 2249 1926 :Suspiee

668 1937 720 1987 in
748 1938 942 2000 etclam,
975 1949 1020 1991 et
1047 1957 1250 1993 numera
1277 1943 1472 2009 stellas,
1503 1945 1546 1996 si
1580 1947 1764 2012 poteris
1793 1963 1876 2000 cas
1904 1948 2245 2003 dinumerare.

672 2025 735 2078 Et
764 2027 888 2079 dixit
909 2030 950 2080 ei
974 2046 990 2081 :
1013 2029 1100 2084 Sic
1121 2033 1216 2086 erit
1243 2050 1409 2086 semen
1441 2044 1601 2086 tuum.
1634 2035 1876 2105 Magnum
1903 2041 2243 2106 promissum,

675 2115 860 2184 ingens
884 2119 1246 2185 promissionis
1269 2123 1571 2191 magnitudo
1597 2141 1607 2175 :
1632 2125 1724 2178 sed
1758 2127 1800 2178 si
1832 2128 1996 2193 ipsattt
2027 2131 2246 2196 promit-

669 2207 828 2260 tentis
876 2207 1120 2262 virtutem
1165 2211 1548 2281 eogitabimus,
1599 2214 1725 2268 nihil
1774 2219 1925 2271 nobis
1972 2221 2246 2288 apparebit

673 2311 940 2366 magnum.
973 2299 1068 2365 Qui
1101 2301 1241 2353 enim
1271 2301 1338 2356 de
1365 2312 1503 2356 terra
1527 2318 1720 2372 corpus
1745 2305 2007 2372 formavit,
2033 2319 2084 2364 et
2105 2311 2244 2378 quod

669 2400 775 2439 non
794 2399 925 2448 erat,
949 2389 997 2441 id
1017 2399 1072 2441 ut
1093 2401 1235 2444 esset
1256 2389 1398 2458 fecit,
1419 2401 1472 2446 et
1487 2393 1722 2448 condidit
1739 2398 1913 2450 omnia
1931 2414 2047 2466 quin
2065 2399 2248 2454 viden-

669 2485 784 2545 tur,
812 2478 898 2533 ille
927 2481 1085 2534 etiam
1123 2481 1251 2536 dare
1279 2485 1473 2552 poterit
1503 2500 1620 2554 qua:
1646 2499 1803 2553 supra
1836 2499 2075 2542 naturam
2102 2501 2243 2544 sunt.

741 2569 795 2623 5.
835 2568 1015 2622 Vidisti
1060 2570 1265 2626 Domini
1315 2572 1730 2629 liberalitatem?
1779 2575 2061 2645 Postquam
2103 2579 2244 2632 enim

669 2658 823 2722 dixit,
857 2660 1052 2729 Absque
1075 2663 1217 2729 prole
1247 2663 1494 2727 dimittor,
1521 2665 1674 2734 quasi
1699 2665 1834 2734 apud
1864 2676 2038 2734 portas
2060 2669 2246 2724 mortis

667 2751 952 2817 exsistens,
970 2762 1022 2806 et
1045 2751 1172 2806 nihil
1195 2753 1422 2823 amplius
1445 2755 1654 2822 operari
1677 2755 1854 2809 valens
1877 2765 1932 2809 ut
1956 2772 2246 2825 procreen-

671 2849 757 2894 tur
784 2840 953 2903 liberi,
986 2843 1062 2896 sic
1092 2843 1249 2895 verba
1292 2843 1377 2896 illa
1407 2843 1642 2911 protulit,
1687 2844 1904 2900 dicens:
1930 2845 2093 2900 Filius
2127 2847 2243 2900 Ha-
2277 2859 2282 2863 ‘

667 2934 851 3002 secta)
882 2935 1161 2986 vernacula
1207 2950 1330 2987 mea:
1373 2935 1513 2989 heres
1553 2952 1691 2990 meus
1733 2938 1844 2990 erit.
1897 2938 2018 2992 Ideo
2064 2939 2246 2994 volens

669 3023 912 3092 spiritum
929 3039 1044 3092 ejus
1060 3024 1284 3092 erigere,
1309 3033 1364 3078 et
1385 3039 1579 3079 novum
1599 3029 1829 3097 vigorem
1847 3030 2007 3084 menti
2026 3029 2242 3094 addere,

670 3115 738 3168 ab
767 3112 1074 3168 imminente
1105 3113 1293 3168 timore
1317 3127 1439 3168 eum
1467 3115 1674 3183 liberat,
1705 3118 2155 3187 promissionrque
2183 3133 2248 3173 ac

671 3203 796 3258 doni
847 3202 1214 3273 magnitudine
1251 3213 1481 3258 mentem
1527 3205 1643 3273 ejus
1685 3207 1872 3276 erigit,
1917 3208 2249 3263 ostendendo

673 3293 946 3346 stellarum
976 3292 1387 3357 multitudinem,
1407 3303 1459 3347 ct
1483 3294 1836 3362 promittendo
1864 3297 2160 3351 nascituros
2180 3313 2244 3352 es

668 3398 735 3436 eo
763 3383 866 3436 illis
895 3397 1047 3451 pares
1074 3381 1297 3447 futuros,
1323 3384 1372 3437 in
1402 3383 1592 3438 bonam
1617 3400 1763 3453 spem
1789 3386 2020 3441 adducit.
2049 3387 2245 3443 Videns

668 3473 808 3526 enim
856 3475 1058 3527 Domini
1106 3475 1547 3542 promissionem,
1593 3477 1787 3545 rejecta
1832 3479 1973 3530 omni
2016 3477 2243 3532 humana

666 3564 890 3628 ratione,
922 3572 975 3618 et
996 3580 1166 3631 neque
1192 3565 1255 3619 ad
1283 3579 1342 3620 se
1366 3565 1556 3636 ipsum,
1581 3583 1753 3636 neque
1773 3568 1837 3623 ad
1863 3569 2044 3624 Saram
2070 3571 2244 3626 minus

667 3654 1018 3720 procreationi
1050 3665 1224 3721 aptam
1254 3655 1544 3721 reSpieiens
1572 3657 1697 3712 :sed
1737 3660 2103 3727 praetermissis
2148 3659 2218 3715 bu

669 3741 838 3793 manis
868 3743 1112 3795 omnibus
1137 3784 1153 3809 ,
1200 3745 1376 3798 sciens
1413 3745 1576 3799 Deum
1621 3761 1776 3814 posse
1805 3749 1964 3802 etiam
1998 3764 2057 3802 ea
2079 3790 2092 3809 ,
2125 3765 2243 3819 quae

670 3844 825 3896 supra
856 3839 1099 3884 naturain
1127 3843 1268 3897 sunt,
1296 3832 1494 3904 largiri,
1524 3835 1679 3889 (idem
1706 3835 1886 3892 habuit
1908 3839 2090 3908 dictis,
2120 3841 2238 3894 nul-

667 3919 769 3971 lam
812 3919 1190 3975 dubitationem
1237 3923 1555 3989 admittens,
1605 3921 1774 3994 neque
1817 3943 1935 3981 cum
1965 3930 2102 3983 dicta
2130 3929 2243 3985 lure

665 4011 895 4075 luerunt,
928 4009 1207 4065 Itmsitavit.
1252 4012 1362 4067 lloc
1391 4014 1531 4067 enim
1560 4030 1699 4068 vero:
1741 4016 1860 4070 ﬁdei
1903 4029 2006 4084 est,
2032 4019 2243 4088 quando

668 4100 1050 4167 promissiones
1080 4116 1182 4153 non
1215 4102 1503 4155 secundum
1545 4103 1758 4158 solitum
1783 4146 1798 4169 ,
1847 4116 1900 4159 et
1944 4108 2244 4164 hominibus

664 4189 929 4257 cognitum
960 4204 1162 4243 merent
1193 4201 1348 4255 sunt,
1380 4192 1423 4245 si
1453 4208 1549 4245 nos
1587 4196 1942 4262 promittentis
1968 4199 2146 4252 virtuti
2177 4199 2240 4253 (i-

666 4277 868 4331 damus.
902 4277 1054 4332 Fides
1075 4281 1216 4335 enim
1240 4291 1331 4346 est,
1364 4283 1809 4352 quemadmodum
1835 4286 2021 4341 beatus
2046 4289 2240 4356 Paulus

663 4370 769 4432 ait,
802 4371 1168 4438 apt't‘mttlm'ttttt
1208 4375 1485 4427 substantia
1532 4392 1726 4441 rerum,
1765 4389 2110 4447 argumentum
2140 4397 2240 4435 non

665 4461 1014 4527 apparentium
1057 4460 1239 4528 (Ilebr.
1288 4465 1369 4517 ll.
1417 4466 1470 4532 1)
1508 4483 1518 4516 ;
1551 4475 1603 4519 et
1653 4467 1840 4520 iterum
1875 4486 1886 4520 :
1920 4468 2238 4532 Quod'enim

662 4549 792 4601 ridet
825 4551 956 4618 quis,
997 4549 1120 4619 quid
1162 4564 1328 4621 sperat
1373 4554 1545 4624 (Rom.
1589 4556 1642 4608 8.
1676 4555 1805 4624 25)?
1839 4556 1947 4611 Hoc
1977 4559 2132 4627 igitur
2157 4569 2240 4614 est

665 4639 824 4703 lides,
877 4642 1088 4708 quando
1136 4642 1236 4694 illis
1285 4643 1552 4696 credimus
1593 4661 1709 4713 qum
1751 4661 1853 4699 non
1900 4647 2143 4701 videntur
2186 4659 2240 4703 et

665 4744 893 4783 mentem
927 4731 987 4782 ad
1019 4731 1326 4801 dignitatem
1353 4734 1467 4803 ejus
1494 4737 1579 4803 qui
1612 4737 1850 4804 promisit
1880 4738 2233 4794 intendimus:

665 4821 713 4872 id
743 4820 880 4888 quod
910 4821 1145 4889 profecto
1172 4834 1220 4874 et
1245 4823 1419 4891 justus
1455 4825 1543 4879 ille
1579 4827 1720 4891 fecit,
1749 4828 2008 4881 sinceram
2041 4838 2093 4882 et
2122 4830 2235 4883 exi-

664 4910 822 4963 miaut
857 4914 1125 4977 ll‘ltltllSSlS
1155 4914 1308 4968 ﬁdem
1343 4914 1541 4970 habens
1569 4935 1580 4969 :
1609 4917 1803 4972 idcirco
1829 4931 1879 4973 et
1905 4935 1932 4972 a
1965 4920 2234 4988 Scriptura

661 5003 834 5054 divina
875 5004 1117 5060 laudatur
1141 5022 1154 5058 :
1181 5022 1298 5060 mox
1334 5009 1473 5060 enim
1520 5010 1713 5062 addidit
1744 5028 1754 5062 :
1783 5010 2005 5065 Credidit
2052 5006 2233 5066 Abram

664 5091 789 5159 Deo,
814 5105 859 5145 et
882 5107 1158 5163 reputation
1181 5109 1251 5150 est
1275 5101 1321 5150 ei
1340 5099 1389 5151 in
1402 5101 1651 5168 justitiam
1674 5100 1846 5169 (liam.
1874 5105 1924 5156 4.
1950 5105 2025 5174 5).
2050 5105 2234 5160 νιΔΞξή

659 5185 923 5251 quomodo
961 5196 1012 5238 et
1041 5197 1163 5239 ante
1191 5198 1438 5242 eventum
1465 5199 1517 5242 et
1553 5190 1910 5259 itnpletionem
1941 5196 2232 5262 promisso-

664 5290 799 5338 rum,
827 5290 890 5330 eo
921 5278 1033 5342 ipso
1059 5279 1198 5346 quod
1225 5281 1479 5347 credidit,
1525 5294 1900 5352 congruentem
1934 5288 2230 5341 mercedem

659 5368 878 5436 accipit?
904 5367 1033 5422 Nam
1063 5370 1111 5422 in
1136 5370 1391 5438 justitiam
1415 5373 1462 5428 ei
1490 5384 1786 5443 reputatum
1811 5386 1913 5443 est,
1942 5379 2079 5447 quod
2111 5394 2230 5434 cre-

660 5457 850 5509 diderit
878 5459 1212 5526 promissioni
1241 5461 1454 5526 divinat,
1479 5473 1529 5516 et
1562 5480 1662 5517 non
1694 5465 1919 5519 humana
1952 5470 2231 5523 ratiocina-

720 5548 790 5608 (tu)
827 5550 933 5623 Mira
979 5551 1058 5623 hic
1098 5554 1546 5623 interpretationum
1589 5556 1845 5607 diversitas
1852 5574 1889 5623 _:
1927 5563 2229 5623 septuaginta

659 5614 952 5676 Interpretes
979 5612 1054 5660 hic
1078 5612 1252 5661 nomen
1301 5619 1564 5676 proprium,
1606 5627 1776 5675 Moser,
1813 5612 2024 5669 ell’erunt
2049 5635 2060 5668 :
2088 5612 2231 5671 secus

657 5669 732 5714 alii
755 5684 946 5746 omnes,
969 5669 1402 5746 qttot'um__quid'atn,
1426 5669 1580 5746 [ilium
1598 5669 1936 5746 procuratm'is,
1958 5682 2051 5739 alii,
2076 5669 2230 5746 ﬁniti}

661 5730 964 5800 pocillatoris,
989 5730 1087 5800 alii,
1123 5730 1276 5796 ﬁlium
1321 5730 1538 5799 priv'ferti
1575 5730 1760 5800 domus,
1789 5730 1998 5794 vertunt.
2044 5730 2224 5795 iiii-"iii

663 5791 882 5854 ttcxaplts
909 5799 1095 5855 uostris,
1123 5791 1172 5846 et
1198 5801 1243 5845 in
1268 5791 1375 5848 uota
1400 5791 1594 5851 ibidem.

1398 390 1453 444 S.
1497 389 1770 446 JUANNIS
1807 391 2274 450 CIIRYSOSTOMI
2317 397 2629 454 AllCllIEl’.
2671 401 3180 460 CONSTANTINOP
3831 406 3921 461 δυ]

2359 513 2501 568 tione
2555 515 2818 568 curiosius
2871 531 2932 570 ea
2987 531 3106 583 qua:
3160 514 3298 568 dicta
3357 522 3488 569 sunt
3543 517 3916 586 exploraverit.

2428 604 2642 659 Moralis
2689 607 2996 662 exhortatio.
3053 608 3263 662 Virtutis
3305 609 3524 663 studiosi
3563 627 3670 662 non
3725 613 3928 671 labores,

2357 695 2442 746 sed
2468 697 2676 764 prtemia
2702 696 2796 750 sibi
2823 709 3128 766 proponunt.
3147 729 3221 738 —
3250 700 3528 754 Discamus
3549 699 3719 770 igitur
3739 711 3792 753 et
3816 717 3930 766 nos,

2353 786 2595 851 obsecro,
2628 803 2655 840 a
2677 789 2993 858 patriarcha,
3024 790 3114 844 Dei
3138 791 3358 846 credere
3385 791 3567 855 dictis,
3585 799 3644 845 et
3669 793 3787 861 ejus
3815 808 3933 859 pm

2355 881 2692 936 missionibus
2746 881 2927 943 lidero.
2983 899 3153 952 neque
3193 899 3254 938 ea
3284 886 3702 954 cogitationibus
3747 889 3937 939 nostris

2355 972 2624 1042 indagare,
2679 974 2770 1028 sed
2829 989 3068 1043 magnam
3111 975 3272 1028 animi
3316 975 3624 1045 atqnitatem
3658 977 3937 1032 exhibete.

2357 1062 2466 1116 lloc
2495 1064 2633 1118 enim
2658 1079 2753 1117 nos
2777 1075 2829 1118 et
2854 1066 3026 1132 justos
3050 1064 3320 1120 declarare
3342 1066 3554 1133 poterit,
3586 1077 3638 1119 et
3657 1067 3719 1121 id
3744 1066 3939 1121 emciet

2357 1165 2411 1207 ut
2446 1155 2700 1223 promissa
2747 1156 2900 1210 citius
2947 1172 3312 1226 assequamur.
3363 1156 3468 1211 Sed
3510 1159 3672 1211 Abt-:2
3729 1159 3938 1226 quidem

2354 1246 2615 1313 promisit,
2658 1260 2722 1300 ex
2770 1247 2975 1301 semine
3025 1247 3140 1315 ejus
3187 1248 3468 1302 maximam
3525 1247 3770 1302 loturam
3827 1265 3938 1303 es~e

2353 1337 2738 1392 multitudinem
2769 1355 2782 1392 :
2811 1349 3066 1408 erantque
3110 1349 3302 1409 praeter
3327 1341 3539 1394 solitum
3573 1354 3791 1395 naturae
3819 1357 3932 1395 mo-

2350 1425 2475 1480 dum
2501 1443 2618 1497 qum
2649 1429 2903 1496 promissa
2935 1437 3106 1493 erant,
3147 1430 3370 1500 ideoque
3409 1431 3540 1484 ﬁdes
3573 1432 3625 1484 in
3658 1433 3836 1487 Deum
3861 1435 3940 1499 ju-

2351 1517 2549 1571 stitiam
2601 1519 2646 1572 ei
2689 1519 2900 1572 attulit:
2950 1519 3101 1575 nobis
3142 1531 3341 1581 autem.
3384 1520 3428 1573 si
3457 1521 3729 1589 sapimus,
3783 1526 3941 1575 multo

2353 1607 2550 1675 majora
2586 1608 2839 1675 promissa
2866 1617 3008 1673 sunt,
3035 1617 3089 1663 et
3116 1609 3296 1663 multis
3340 1609 3510 1664 modis
3561 1610 3835 1664 humanas
3861 1626 3942 1664 co-

2352 1697 2632 1766 gitationes
2656 1699 3028 1754 transcendere
3046 1715 3360 1769 possumus;
3389 1700 3550 1754 modo
3580 1703 3944 1768 promittentis

2353 1790 2601 1857 potentiae
2623 1789 2921 1855 credamus,
2954 1798 3088 1844 utet
3114 1805 3232 1845 eam
3267 1807 3386 1860 qum
3414 1807 3478 1844 es
3511 1791 3620 1845 [ide
3644 1802 3760 1856 esu
3790 1793 3944 1860 justi-

2353 1880 2476 1932 tiam
2507 1889 2838 1948 reportemus
2859 1920 2874 1944 ,
2905 1891 2958 1935 et
2983 1881 3342 1949 adipiscamur
3381 1882 3516 1935 bona
3547 1883 3846 1951 promissa.
3877 1884 3942 1936 Ea

2349 1971 2513 2037 enim,
2542 1987 2658 2042 qua:
2681 1970 2832 2027 nobis
2856 1973 3086 2028 maxime
3110 1973 3389 2042 promissa,
3411 1988 3627 2028 omnem
3655 1973 3945 2027 humanam

2353 2062 2731 2117 transcendunt
2756 2063 3036 2128 rationem,
3065 2074 3119 2118 et
3141 2079 3353 2118 omnem
3379 2065 3767 2134 cogitationem
3789 2080 3943 2119 eaee-

2351 2152 2481 2205 dunt
2524 2170 2538 2205 :
2593 2162 2733 2205 tanta
2785 2154 3196 2220 promissionum
3251 2163 3333 2208 est
3371 2154 3711 2224 magnitudo.
3765 2154 3942 2223 thnc

2349 2243 2491 2296 enim
2515 2243 2564 2296 in
2594 2246 2838 2312 praesenti
2865 2244 2968 2297 vita
2995 2244 3166 2298 solum
3193 2244 3345 2298 nobis
3376 2245 3618 2313 promisit
3639 2243 3811 2312 hujus
3832 2247 3940 2298 vita:

2352 2341 2542 2386 statum
2590 2343 2643 2386 et
2685 2333 2967 2387 visibilium
3015 2334 3313 2388 fruitionctn
3365 2333 3512 2390 :scd
3551 2344 3605 2388 et
3661 2349 3941 2405 postquam

2353 2421 2475 2475 hinc
2504 2422 2959 2490 emigraverimus,
3005 2431 3060 2476 et
3105 2433 3223 2491 post
3249 2424 3489 2493 corporis
3513 2426 3942 2494 corruptionem,

2351 2512 2562 2580 quando
2587 2512 2638 2566 in
2667 2512 2900 2570 cinerem
2931 2523 2984 2568 et
3011 2513 3280 2582 pulverem
3309 2525 3488 2568 nostra
3529 2515 3800 2570 dissoluta
3832 2521 3936 2571 tue-

2350 2601 2452 2654 rint
2494 2616 2738 2669 corpora,
2788 2613 2912 2657 tunc
2951 2613 3312 2657 resurrectura
3366 2619 3428 2658 ea
3478 2605 3765 2672 promisit,
3803 2616 3858 2660 et
3895 2608 3939 2660 in

2349 2689 2537 2758 majori
2558 2690 2722 2760 gloria
2746 2689 2938 2745 futura.
2984 2690 3192 2761 Oportet
3212 2694 3366 2759 enim,
3397 2693 3565 2760 inquit
3593 2694 3790 2748 beatus
3811 2697 3938 2749 Pau-

2351 2781 2454 2847 lus,
2485 2784 2808 2852 corruptibite
2853 2785 2946 2837 hoc
2987 2785 3197 2838 induere
3220 2784 3672 2850 incorruptionem,
3726 2797 3776 2838 et
3808 2804 3934 2839 mor-

2351 2875 2452 2927 tale
2475 2876 2568 2928 hoc
2607 2876 2814 2930 induere
2847 2876 3272 2930 immortalitatem
3301 2878 3318 2943 (
3351 2876 3402 2929 i.
3427 2877 3546 2930 Cor.
3573 2878 3661 2932 15.
3697 2879 3770 2933 53
3796 2881 3838 2947 ).
3884 2879 3936 2933 Et

2351 2976 2470 3035 post
2515 2981 2797 3036 corporum
2845 2970 3287 3023 resurrectionem
3333 2970 3481 3038 regni
3539 2971 3934 3038 posses—inm

2349 3054 2597 3110 daturum
2640 3073 2699 3112 se
2742 3059 2896 3112 nobis
2941 3058 3207 3128 pollicitus
3249 3069 3350 3120 est,
3374 3069 3427 3112 et
3472 3063 3935 3116 conversationem

2349 3160 2469 3201 cum
2491 3148 2708 3211 sanctis,
2738 3157 2793 3201 et
2816 3148 2867 3201 in
2899 3160 3156 3218 perpetuo
3176 3147 3372 3203 steculo
3394 3150 3652 3217 quietem,
3681 3160 3738 3204 et
3759 3151 3934 3204 inela-

2352 3235 2473 3290 bilia
2500 3236 2588 3290 illa
2617 3237 2774 3300 bona,
2809 3236 2935 3301 Qua:
2959 3239 3134 3290 oculus
3157 3255 3257 3291 non
3286 3239 3429 3303 vidit,
3457 3247 3502 3290 et
3530 3245 3677 3291 auris
3719 3257 3823 3293 non
3850 3258 3935 3292 sa-

2350 3326 2491 3390 dirit,
2532 3336 2578 3380 et
2625 3328 2676 3379 in
2715 3344 2802 3379 cor
2845 3328 3061 3382 hominis
3091 3345 3190 3381 non
3216 3329 3542 3383 ascenderunt
3575 3330 3740 3402 (Ibid.
3771 3331 3831 3388 ἓ.
3858 3332 3931 3400 9).

2355 3415 2537 3470 Vidisti
2569 3426 2764 3486 quanta
2788 3418 3197 3486 promissionum
3228 3421 3537 3476 excellentia
3564 3439 3579 3487 ;
3617 3424 3803 3478 vdiin
3847 3430 3931 3478 do-

2351 3521 2539 3560 norum
2592 3509 3045 3578 magnitudinem?

2419 3598 2472 3653 6.
2490 3599 2609 3654 lltnc
2634 3602 2942 3669 cogitantes,
2963 3612 3015 3657 et
3029 3603 3258 3657 scientes
3272 3605 3482 3659 mentiri
3499 3620 3604 3660 non
3627 3623 3791 3676 posse
3817 3625 3932 3665 eum

2332 3691 2436 3759 ,qui
2471 3691 2557 3742 illa
2585 3693 2843 3760 promisit,
2866 3707 3051 3762 magna
3067 3693 3340 3748 alacritate
3359 3711 3720 3765 prmparemus
3745 3715 3848 3754 nos
3872 3702 3929 3753 ad

2349 3783 2554 3835 virtutis
2575 3797 2790 3850 agones,
2810 3791 2940 3838 utet
2970 3784 3241 3852 promissis
3263 3786 3414 3839 bonis
3445 3785 3548 3840 frui
3569 3790 3865 3856 possimus,
3885 3803 3931 3844 tt

2348 3886 2415 3925 ne
2427 3872 2579 3926 saluti
2594 3882 2786 3927 nostra:
2800 3886 2848 3928 et
2870 3875 3187 3929 tantisbonis
3207 3887 3545 3944 temporanea
3564 3879 3927 3946 praeferamus,

2349 3979 2518 4033 neque
2532 3965 2824 4034 cogitemus
2845 3965 3054 4020 labores
3080 3967 3306 4028 virtutis,
3333 3968 3428 4021 sed
3450 3983 3544 4036 pra
3560 3970 3666 4022 mia
3687 3971 3738 4024 in
3755 3983 3930 4026 mente

2347 4069 2629 4124 ponamus:
2657 4072 2827 4124 neque
2854 4057 3193 4125 pecuniarum
3225 4067 3464 4127 sumptus
3494 4068 3702 4113 tantum
3721 4074 3929 4132 specus

2348 4161 2486 4211 mus,
2514 4149 2558 4202 si
2584 4150 2794 4216 quando
2821 4164 2955 4218 opus
2981 4159 3063 4205 est
3083 4165 3177 4205 eas
3206 4151 3527 4220 pauperibus
3555 4167 3810 4222 erogare,
3842 4157 3927 4208 sed

2349 4239 2522 4307 potius
2570 4249 2792 4308 quantus
2831 4241 2952 4296 inde
3002 4242 3153 4296 nobis
3204 4254 3491 4311 proventus
3534 4257 3810 4300 nascatur.
3862 4249 3928 4303 Ea

2347 4329 2489 4382 enim
2531 4329 2598 4383 de
2637 4344 2793 4384 causa
2822 4331 3010 4385 semini
3058 4333 3449 4403 eleemosynam
3491 4339 3830 4404 comparavit
3857 4341 3931 4393 di-

2345 4418 2463 4472 vina
2489 4419 2778 4488 Scriptura,
2808 4431 2997 4474 utcum
3023 4421 3215 4491 gaudio
3239 4432 3292 4476 et
3317 4423 3478 4477 multa
3501 4425 3780 4482 alacritate
3811 4446 3924 4484 eam

2343 4522 2643 4577 operemur.
2673 4509 2802 4563 Nam
2826 4513 2868 4566 si
2901 4512 2934 4565 ii
2961 4513 3048 4580 qui
3080 4513 3282 4566 semina
3314 4523 3469 4570 terrae
3496 4517 3852 4582 concredunt,
3880 4533 3927 4574 et

2343 4601 2563 4653 collecta
2590 4609 2648 4654 et
2691 4602 2831 4655 intus
2871 4603 3100 4670 reposita
3138 4615 3470 4673 spargentes,
3503 4606 3550 4659 id
3579 4622 3705 4661 cum
3737 4612 3924 4679 gaudio

2347 4698 2620 4758 prmstaut,
2666 4698 2722 4743 et
2759 4689 2895 4744 bona
2923 4706 3018 4760 spe
3064 4691 3328 4759 fovcutur,
3363 4706 3416 4750 et
3464 4696 3574 4764 jam
3627 4702 3924 4769 manipulos

2346 4779 2695 4848 imaginantur
2722 4793 2783 4834 ac
2803 4780 2984 4849 plenas
3007 4796 3158 4836 arcas
3182 4802 3194 4836 :
3231 4785 3397 4840 multo
3417 4787 3582 4856 magis
3605 4788 3710 4842 illis
3737 4793 3924 4860 quibus

2343 4868 2522 4923 datum
2551 4879 2633 4924 est
2672 4885 2854 4926 semen
2895 4871 2997 4926 hoc
3021 4874 3297 4942 spirituale
3326 4877 3592 4931 seminare
3616 4881 3856 4948 gaudere
3877 4895 3920 4936 et

2342 4964 2605 5018 exsultare
2639 4967 2917 5030 convenit,
2963 4965 3102 5034 quod
3132 4967 3183 5019 in
3233 4975 3372 5020 terra
3405 4978 3646 5024 serentes
3696 4975 3919 5026 messim'

2341 5058 2717 5113 sintincmlo:
2757 5067 2810 5112 et
2859 5073 3107 5112 nummos
3153 5059 3534 5128 expendentes,
3577 5074 3918 5130 peccatorum

2344 5149 2707 5203 remissionem
2737 5147 2997 5217 accipiant
3020 5156 3073 5203 et
3095 5146 3297 5203 ﬁducia!
3325 5152 3600 5204 materiam
3626 5155 3916 5220 itu-eniam,

2342 5242 2687 5296 conciliantes
2715 5240 2813 5296 sibi
2845 5255 2937 5311 per
2971 5254 3034 5294 ea
3076 5255 3195 5311 qua:
3239 5237 3324 5293 hic
3361 5241 3677 5310 largiuntur,
3727 5258 3916 5314 penic-

2343 5342 2482 5385 tuam
2531 5333 2762 5401 quietem
2790 5343 2842 5386 et
2871 5345 2991 5386 cum
3021 5332 3222 5386 sanetis
3249 5333 3733 5386 conversationem.
3787 5337 3852 5391 Et
3875 5339 3914 5392 si

2340 5425 2718 5478 continentiam
2772 5424 2968 5493 eligere
3008 5423 3234 5492 placeat,
3273 5439 3379 5477 non
3405 5433 3705 5493 spectemus
3740 5427 3912 5482 virtuti

2341 5516 2572 5570 laborem
2599 5517 2792 5579 inesse,
2824 5530 2887 5569 ac
2917 5515 3266 5585 virginitatem
3291 5530 3538 5584 magnum
3574 5515 3780 5573 habere
3807 5534 3913 5573 eer-

2342 5619 2564 5663 tamen:
2615 5607 2706 5663 sed
2750 5623 2866 5661 eam
2907 5616 3274 5678 sortem,qu:e
3325 5621 3423 5662 nos
3473 5607 3721 5678 excipiet,
3778 5625 3910 5679 cogi-

2341 5712 2511 5756 tetnos
2561 5719 2573 5755 :
2623 5703 2755 5755 hanc
2803 5715 3015 5770 semper
3049 5700 3322 5754 nobiscum
3383 5710 3716 5766 reputantes,
3766 5703 3908 5756 nul:

2343 5791 2780 5862 concupiscentim
2809 5792 3134 5846 refrenemus
3172 5789 3368 5846 rabiem
3396 5835 3411 5854 ,
3438 5790 3716 5847 vincamus
3745 5795 3909 5849 arma
