4094 6480
218 431 319 486 359

215 545 425 610 σαυτὸν,
465 543 539 605 ὡς
560 541 700 608 ἔξεις
731 537 1060 610 κληρονόμον
1079 534 1170 588 τὸν
1201 535 1263 587 ἐκ
1286 534 1379 586 σοῦ
1417 532 1675 603 μέλλοντα
1700 530 1875 585 τίκτε-

214 632 356 684 σθαι.
396 626 524 683 Εἶτα
547 627 731 698 ἐπειδὴ
756 625 896 695 ὑπὲρ
921 624 1079 693 φύσιν
1108 619 1176 694 ἦν
1207 624 1238 692 ή
1268 619 1586 688 ἐπαγγελία.
1612 620 1705 672 καὶ
1730 618 1881 671 ἐνίκα

211 717 465 788 λογισμὸν
523 716 856 786 ἀνθρώπινον
903 710 1134 782 (πολλὴν
1173 710 1280 779 γὰρ
1337 706 1485 777 αὑτῷ
1518 706 1752 759 ἐνεποίει
1784 705 1880 776 τὴν

211 804 378 875 ζάλην
399 805 466 858 τά
491 805 589 873 τῆς
614 801 826 868 φύσεως
859 797 1175 867 κωλύματα,
1213 796 1273 850 τὸ
1303 796 1477 866 γῆρας
1495 795 1555 847 τὸ
1579 793 1765 856 αὑτοῦ,
1782 794 1881 863 τῆς

210 889 389 960 Σάρας
415 891 445 958 ἡ
480 887 779 956 στείρωσις,
810 884 908 953 τῆς
936 884 1148 954 μήτρας
1181 883 1214 951 ἡ
1244 880 1548 950 νέκρωσις)
1576 921 1590 942 ,
1624 878 1877 932 ἐπιτείνει

207 977 306 1044 τῆς
332 971 659 1040 ἐπαγγελίας
683 971 742 1023 τδ
777 969 1021 1040 μέγεθος,
1060 968 1146 1020 ἵνα
1172 967 1306 1036 πρὸς
1347 966 1444 1035 τὴν
1476 965 1568 1017 τοῦ
1615 967 1877 1033 ἐπαγγειο

206 1060 440 1130 λαμένου
476 1057 786 1126 φιλοτιμίαν
818 1054 1036 1124 ἀφορῶν
1060 1053 1283 1124 θαρρεῖν
1309 1055 1335 1105 0
1364 1054 1573 1113 δίκαιος
1597 1052 1713 1122 ἔχη.
1749 1052 1878 1114 Ἰοζξ-

206 1147 392 1214 virum
416 1144 482 1197 δὲ
499 1143 686 1196 αὐτὸν
710 1142 844 1205 ἔξω,
871 1139 1024 1211 φησὶ,
1057 1139 1154 1192 καὶ
1189 1134 1359 1192 εἶπεν
1385 1136 1572 1202 αὐτῷ·
1613 1137 1876 1191 Ἀνάϐλε-

204 1235 331 1301 ⁸ψον
356 1234 442 1296 είς
456 1230 562 1283 τὸν
583 1227 862 1297 οὐρανὸν,
896 1225 991 1279 καὶ
1022 1227 1359 1293 ἁρίθμησον
1387 1225 1527 1290 τοὺς
1585 1225 1873 1293 ἀστέρας,

203 1322 257 1372 ει
291 1318 530 1385 δυνήσῃ
553 1314 947 1383 ἐξαριθμῆσαι
998 1313 1241 1377 αὐτούς.
1292 1312 1403 1366 Καὶ
1439 1308 1640 1366 εἶπεν·
1680 1313 1878 1377 Οὕτως

206 1405 374 1457 ἔσται
407 1402 474 1454 τὸ
515 1400 755 1468 σπέρμα
806 1416 944 1453 σου.
988 1398 1096 1450 Καὶ
1125 1398 1490 1452 ἐπίστευσεν
1532 1400 1749 1466 Ἀϐραμ
1797 1400 1878 1463 τῷ

207 1489 348 1554 Θεῷ,
373 1487 469 1542 καὶ
496 1487 782 1555 ἐλογίσθη
807 1484 966 1550 αὐτῷ
986 1487 1074 1550 εἰς
1105 1483 1516 1550 δικαιοσύνην.
1542 1485 1698 1546 Τίνος
1716 1483 1875 1536 ἕνεκα

202 1577 605 1645 ἐπεσημήνατο,
638 1574 718 1626 ὅτι
761 1572 1087 1641 Ἐξήγαγεν
1110 1570 1296 1624 αὑτὸν
1338 1571 1484 1635 ἕξω;
1518 1570 1733 1640 Ἐπειδὴ
1766 1570 1874 1641 γὰρ

202 1663 459 1732 ἀνωτέρω
489 1659 657 1724 εἶπεν,
684 1661 764 1712 ὅτι
801 1662 859 1713 ἐν
885 1659 1118 1728 ὁράματι
1140 1657 1240 1726 τῆς
1275 1657 1467 1721 νυκτὸς
1507 1657 1692 1724 ὀφθεὶς
1726 1655 1874 1726 αὑτῷ

201 1752 271 1804 τά
291 1752 424 1820 πρὸς
441 1752 600 1804 αὑτὸν
616 1750 908 1818 ἐποιήσατο
938 1749 1177 1816 ῥήματα,
1207 1744 1452 1814 βούλεται
1473 1744 1527 1796 δέ
1545 1744 1690 1815 αὑτῷ
1706 1745 1873 1809 δεῖξαι

200 1839 310 1891 τῶν
337 1838 579 1907 ἀστέρων
607 1835 714 1888 τῶν
744 1837 801 1887 ἐν
825 1835 903 1905 τῷ
927 1832 1140 1904 οὑρανῷ
1165 1833 1227 1885 τὸ
1252 1832 1646 1902 ἀναρίθμητον,
1689 1834 1872 1901 φησὶν,

215 1925 544 1993 Ἔξὴγαγεν
571 1923 757 1976 αὑτὸν
773 1922 909 1985 ἔξω,
932 1919 1028 1974 καί
1051 1916 1220 1973 εἶπεν
1236 1936 1250 1952 ο
1282 1919 1645 1988 Ἀνάϐλεψον
1664 1922 1750 1985 είς
1774 1920 1877 1973 τὸν

201 2014 483 2079 οὐρανὸν,
523 2011 619 2062 καί
651 2011 991 2077 ἀρίθμησον
1026 2007 1169 2073 τοὺς
1207 2005 1500 2074 ἀστέρας,
1543 2007 1592 2059 εί
1633 2005 1873 2077 δυνήσῃ

200 2096 595 2166 ἐξαριθμῆσαι
643 2097 885 2161 αὐτούς.
939 2094 1050 2149 Καὶ
1109 2090 1309 2148 εἶπεν·
1361 2093 1559 2158 Οὕτως
1602 2094 1772 2147 ἔσται
1811 2094 1874 2147 τὸ

199 2185 440 2252 σπέρμα
459 2198 594 2237 σου.
631 2182 787 2249 Μέγα
809 2183 870 2234 τὸ
902 2179 1245 2250 ἐπάγγελμα,
1269 2178 1402 2232 πολὺ
1436 2180 1495 2232 τὸ
1527 2179 1755 2249 μέγεθος
1777 2183 1878 2251 τῆς

199 2270 582 2339 ὑποσχέσεως’
645 2269 757 2321 ἀλλ’
810 2268 904 2320 ὲάν
949 2268 1048 2338 τὴν
1085 2266 1312 2337 δύναμιν
1363 2264 1456 2319 τοῦ
1505 2266 1874 2337 ὑποσχομένου

205 2356 562 2426 ἐννοήσωμεν,
598 2355 746 2407 οὐδὲν
767 2355 898 2425 ήμῖν
932 2356 1184 2423 φανεῖται
1218 2352 1378 2423 μέγα.
1422 2352 1480 2406 Ὀ
1512 2353 1621 2424 γάρ
1642 2353 1750 2406 ἀπὸ
1774 2355 1875 2424 γῆς

200 2443 364 2512 σῶμα
389 2441 709 2503 διαπλάσας,
731 2440 826 2494 καὶ
851 2443 914 2494 ἐκ
934 2439 1028 2493 106
1062 2440 1138 2510 μὴ
1163 2440 1313 2504 ὄντος
1337 2441 1415 2502 εἰς
1446 2440 1506 2492 τὸ
1530 2436 1666 2493 εἶναι
1699 2458 1876 2512 παρα-

199 2528 409 2598 γαγὼν,
442 2528 536 2581 καὶ
567 2528 975 2596 δημιουργήσας
1033 2527 1246 2579 ἅπαντα
1298 2526 1367 2579 τά
1399 2526 1673 2598 δρώμενα,
1720 2523 1875 2594 οὗτος

198 2616 297 2670 καὶ
330 2616 395 2669 τὰ
428 2614 570 2685 ὑπὲρ
591 2613 751 2683 φύσιν
785 2613 1110 2686 χαρίσασθαι
1143 2613 1448 2684 δυνήσεται.

272 2701 495 2772 ε’.1570]
515 2697 665 2764 Εἶδες
685 2698 951 2752 Δεσπότου
970 2699 1301 2769 φιλοτιμίαν;
1325 2699 1545 2771 Ἐπειδὴ
1569 2701 1677 2771 γάρ
1698 2697 1874 2769 εἶπεν,

209 2788 568 2854 Ἄπολύομαι
597 2785 870 2850 ἄτεκνος,
895 2785 989 2838 καὶ
1019 2785 1222 2838 ὡσανεὶ
1245 2801 1309 2837 πε
1320 2786 1371 2855 pl
1395 2785 1562 2850 αὑτὰς
1591 2787 1683 2841 106
1709 2788 1875 2842 θανά-

193 2890 292 2927 του
333 2873 429 2937 τάς
459 2873 628 2942 θύρας
652 2872 956 2941 τυγχάνων,
997 2873 1090 2924 καὶ
1120 2873 1220 2925 οὑκ
1259 2871 1338 2924 ἐτι
1377 2872 1559 2926 λοιπὸν
1582 2874 1875 2943 ἐνεργῆσαι

192 2960 494 3029 δυνάμενος
543 2958 680 3027 πρὸς
726 2957 1088 3020 παιδοποιίαν,
1134 2957 1275 3010 οὕτω
1305 2958 1373 3011 τά
1426 2959 1647 3028 ῥήματα
1695 2962 1875 3014 ἐκεῖνα

195 3047 480 3116 προήκατο
505 3044 700 3111 λέγων,
729 3043 812 3111 δτι
853 3044 916 3096 '0
951 3044 1083 3108 υίὸς
1122 3041 1320 3103 Μαζὲκ
1366 3042 1468 3112 τῆς
1526 3045 1876 3113 οὶκογενοῦς

188 3148 312 3201 μου
371 3128 811 3198 κληρονομήσει
849 3127 945 3199 ιὶε.
998 3131 1096 3182 Διά
1140 3129 1298 3182 τοῦτο
1360 3130 1662 3201 ἀναστῆσαι
1708 3131 1873 3185 αὑτοῦ

195 3217 522 3288 βουλόμενος
555 3214 614 3267 10
667 3216 943 3285 φρόνημα,
982 3217 1073 3268 καὶ
1105 3216 1424 3286 ἀκμάζοντα
1468 3218 1560 3270 τὸν
1615 3218 1874 3288 λογισμὸν

192 3302 555 3376 ἐργάσασθαι,
583 3302 676 3355 καὶ
705 3301 798 3354 106
827 3301 979 3363 δέους
1007 3302 1169 3354 αὑτὸν
1190 3302 1520 3356 ἀπαλλάττει
1542 3303 1636 3356 τοῦ
1664 3307 1873 3358 ἐπικει-

197 3393 384 3461 μένου,
415 3391 508 3442 καὶ
558 3391 622 3460 τῇ
671 3388 962 3456 ὑποσχέσει
999 3389 1221 3458 ἀνορθοῖ
1269 3389 1433 3442 αὑτοῦ
1481 3390 1579 3460 τὴν
1612 3391 1870 3455 διάνοιαν,

193 3479 290 3533 καὶ
318 3479 396 3548 τῷ
429 3477 645 3548 μεγέθει
671 3477 767 3546 τῆς
794 3475 1022 3546 δωρεᾶς,
1053 3478 1147 3528 καὶ
1174 3477 1250 3546 τῷ
1280 3478 1554 3543 ὑποδεῖξαι
1579 3481 1685 3532 τῶν
1707 3480 1872 3532 ἀστέ-

194 3584 308 3639 ρων
334 3566 394 3618 10
428 3565 649 3633 πλῆθος,
686 3563 782 3616 καὶ
812 3563 997 3633 ἐξίσης
1019 3564 1224 3616 τούτων
1249 3565 1678 3632 ἐπαγγείλασθαι
1721 3568 1874 3637 γενή-

195 3653 387 3708 σεσθαι
421 3653 546 3716 τοὺς
577 3650 948 3721 τικτομένους,
979 3652 1058 3712 εἰς
1087 3652 1327 3721 χρηστὰς
1361 3652 1566 3720 ἢγαγεν
1592 3653 1752 3706 αὑτὸν
1788 3655 1872 3707 ἐλ-

194 3741 378 3802 πίδας.
415 3738 586 3809 Ὁρῶν
633 3737 741 3806 γάρ
775 3735 869 3790 106
913 3737 1183 3790 Δεσπότου
1235 3737 1731 3806 τὴνέπαγγελίαν,
1779 3743 1873 3793 καὶ

196 3827 378 3881 πάντα
433 3823 770 3896 ἀνθρώπινον
803 3824 1060 3894 λογισμὸν
1103 3825 1552 3893 ἀποσεισάμενος,
1609 3827 1701 3879 καὶ
1747 3827 1871 3881 οὑτε

195 3914 337 3986 πρὸς
365 3913 552 3965 ἑαυτὸν
586 3910 724 3973 ἰδὼν,
760 3909 882 3963 οὔτε
913 3911 1048 3981 πρὸς
1081 3911 1176 3981 τὴν
1221 3912 1400 3983 Σάραν
1436 3912 1657 3968 πλείονα
1699 3915 1870 3967 κωλύ-

197 4018 349 4075 ματα
375 4002 622 4069 έχουσαν,
655 3998 790 4051 ἀλλὰ
817 3996 887 4051 τὰ
925 3998 1238 4067 ἀνθρώπινα
1267 4000 1441 4052 πάντα
1483 4000 1744 4073 ὑπερϐὰς,
1782 4005 1873 4055 καὶ

193 4088 355 4150 εἰδὼς
380 4089 459 4140 ὅτι
481 4083 701 4146 δυνατὸς
721 4085 749 4136 0
773 4084 905 4147 Θεὸς
933 4086 1026 4138 καὶ
1050 4085 1118 4138 τά
1142 4086 1281 4155 ὑπὲρ
1314 4087 1475 4154 φύσιν
1503 4088 1868 4160 δωρήσασθαι,

194 4176 470 4246 ἐθάρρησε
496 4176 608 4235 τοῖς
630 4173 960 4242 εἰρημένοις,
997 4172 1088 4224 καὶ
1117 4172 1369 4240 οὐδεμίαν
1400 4174 1728 4244 ἀμφιϐολίαν
1761 4164 1874 4231 ἐδέ-

195 4263 349 4328 ξατο,
380 4261 499 4314 οὐδὲ
531 4260 776 4314 ἐδίστασε
805 4260 941 4332 πρὸς
964 4259 1028 4312 τά
1063 4259 1314 4328 ρηθέντα.
1341 4259 1511 4312 T0610
1533 4263 1640 4331 γάρ
1657 4263 1872 4335 ἀληθῶς

192 4351 454 4412 πίστεως,
486 4348 613 4401 ὅταν
649 4346 724 4416 μὴ
756 4347 895 4400 κατὰ
922 4344 1268 4416 ἀνθρωπίνην
1297 4346 1618 4400 ἀκολουθίαν
1646 4354 1872 4422 γινομέ-

193 4455 294 4508 νης
324 4437 425 4504 τῆς
448 4433 794 4501 ἐπαγγελίας,
827 4434 987 4502 ἡμεῖς
1014 4432 1305 4502 θαρρῶμεν
1331 4435 1396 4502 τῇ
1436 4433 1526 4486 τοῦ
1559 4435 1869 4508 ὑποσχομέ-

192 4541 286 4578 νου
348 4522 592 4589 δυνάμει.
626 4520 835 4584 Πίστις
873 4518 981 4587 γάρ
1004 4518 1156 4580 ἐστι,
1203 4517 1382 4580 καθὼς
1421 4519 1514 4570 καὶ
1546 4523 1574 4572 0
1603 4524 1872 4593 μακάριος

197 4607 410 4670 Παῦλός
453 4594 637 4676 φησιν,
671 4605 1070 4672 ἐλπιζομένων
1112 4605 1452 4671 ὑπόστασις
1480 4608 1868 4677 πραγμάτιον,

194 4698 448 4764 ἐλεγχος
485 4695 555 4746 οὐ
576 4692 976 4759 βλεπομένων
997 4707 1008 4718 ’
1043 4691 1134 4742 καὶ
1158 4692 1348 4746 πάλιν·
1386 4696 1454 4746 Ὃ
1502 4695 1610 4763 γὰρ
1651 4696 1870 4760 ,ϐλέπει

194 4800 309 4849 τις,
352 4781 409 4833 τί
449 4779 548 4832 καὶ
595 4778 850 4841 ἐλπίζει;
893 4779 1099 4832 Ἐκεῖνο
1133 4779 1310 4833 τοίνυν
1350 4781 1467 4834 ἐστὶ⁸
1511 4783 1710 4847 πίστις,
1743 4787 1870 4839 ὅταν

193 4867 429 4927 ἐκείνοις
485 4865 830 4934 πιστεύωμεν
885 4868 996 4927 τοῖς
1064 4867 1135 4936 μὴ
1167 4867 1533 4937 βλεπομένοις,
1590 4871 1724 4934 πρὸς
1770 4873 1872 4942 τὴν

193 4953 540 5023 ἀξιοπιστίαν
569 4951 662 5005 106
697 4953 1161 5022 ἐπαγγειλαμένου
1189 4953 1287 5022 τὴν
1316 4953 1550 5010 διάνοιαν
1573 4957 1868 5023 τείναντες⁸

190 5044 221 5097 ὃ
251 5043 318 5111 δὴ
347 5040 442 5093 καὶ
466 5042 492 5092 0
521 5039 723 5099 δίκαιος
748 5032 913 5101 οὗτος
950 5039 1235 5109 πεποίηκε,
1296 5041 1492 5113 πολλὴν
1522 5045 1614 5096 καί⁵
1642 5047 1870 5114 γνησίαν

192 5129 380 5182 πίστιν
409 5125 816 5194 ἐπιδειξάμενος
865 5127 993 5195 περὶ
1021 5126 1088 5179 τά
1143 5129 1574 5195 ἐπαγγελοέντα.
1607 5133 1674 5186 διν
1721 5134 1748 5186 δ
1779 5138 1870 5189 καὶ

192 5214 627 5286 ἀνακηρύττεται
695 5212 796 5265 ὑπὸ
848 5215 941 5281 τῆς
991 5211 1139 5276 θείας
1188 5214 1436 5284 Γραφῆς”
1471 5218 1718 5290 ἐπήγαγε
1762 5223 1870 5295 γὰρ

195 5303 424 5365 εὐθέως,
460 5301 580 5358 Καὶ,
605 5301 972 5353 ἐπίστευσεν
1001 5300 1215 5369 Ἀϐραμ
1248 5300 1328 5366 τῷ
1373 5303 1518 5369 Θεῷ,
1559 5307 1652 5360 καί
1681 5307 1872 5379 ἐλογεί-

194 5395 317 5457 σθη
358 5387 516 5453 αὐτῷ
545 5389 629 5452 εις
664 5387 1077 5455 δικαιοσύνην.
1121 5384 1271 5451 Εἶδες
1324 5389 1443 5453 πῶς
1489 5392 1582 5446 καὶ
1634 5393 1739 5465 πρὸ
1772 5397 1871 5466 τῆς

197 5479 482 5537 ἐκϐάσεως
525 5473 632 5527 τῶν
659 5473 1122 5542 ἐπαγγελθέντων,
1156 5475 1241 5527 ἐπ’
1287 5477 1434 5548 αὑτῷ
1459 5479 1535 5548 τῷ
1587 5482 1871 5538 πιστεῦσαι

195 5563 478 5636 ἀρκοῦσαν
529 5561 626 5631 τὴν
686 5560 919 5632 ἀμοιϐὴν
948 5560 1199 5626 ἐδέξατος
1256 5563 1347 5625 Εἰς
1391 5564 1497 5634 γάρ
1527 5565 1872 5638 δικαιοσύνην

200 5649 351 5719 αὑτῷ
383 5647 632 5718 ἐλογίσθη
655 5647 714 5700 10
742 5646 1028 5700 πιστεῦσαι
1051 5649 1114 5718 τῇ
1149 5650 1296 5719 παρά
1326 5649 1419 5702 τοῦ
1467 5651 1600 5704 Θεοῦ
1635 5655 1873 5723 ἐπαγγε-

197 5738 312 5808 λίᾳ,
341 5736 434 5789 καὶ
459 5735 534 5804 μὴ
559 5731 837 5803 λογισμοῖς
887 5732 1248 5804 ἀνθρωπίνοις
1299 5739 1764 5806 περιεργάσασθαι
1803 5743 1871 5796 τά

197 5821 348 5891 παρά
379 5821 474 5877 τοῦ
500 5820 635 5875 Θεοῦ
684 5820 832 5891 αὑτῷ
885 5821 1168 5892 εἰρημένα.
1227 5824 1614 5891 Παιδευώμεθα
1669 5830 1864 5897 τοίνυν,

1267 417 1334 474 IN
1371 417 1525 473 CAP.
1567 413 1660 469 XV
1703 409 1947 468 GENES.
1990 408 2224 468 HOMIL.
2257 411 2498 469 XXXVI.

3553 418 3660 474 310

1989 527 2310 598 παρακαλῶ,
2367 529 2460 581 καὶ
2510 529 2672 600 ἡμεῖς
2705 527 2855 600 παρά
2885 528 2977 582 τοῦ
3011 529 3350 600 πατριάρχου
3383 531 3660 586 πιστεύειν

1981 616 2092 678 τοῖς
2127 614 2277 686 παρά
2306 615 2398 667 τοῦ
2430 615 2561 668 Θεοῦ
2614 615 2948 688 εἰρημένοις,
2983 616 3078 669 καὶ
3127 618 3247 679 ταῖς
3295 617 3660 686 ὑποσχέσεσιν

1983 703 2144 757 αὑτοῦ
2185 703 2427 776 θαρρεῖν,
2471 704 2565 757 καὶ
2624 703 2699 774 μὴ
2720 706 2834 766 τοῖς
2864 703 3085 767 οἰκείοις
3109 703 3386 773 λογισμοῖς
3420 721 3658 760 κατακο-

1981 791 2211 855 λουθεῖν,
2245 792 2338 844 καὶ
2391 791 2589 862 πολλὴν
2622 791 2720 863 τὴν
2749 792 3168 864 εὐγνωμοσύνην
3226 792 3651 847 ἐπιδείκνυσθαι.

1983 878 2152 930 Τοῦτο
2175 878 2283 949 γάρ
2317 881 2464 949 ἡμᾶς
2497 880 2590 933 καὶ
2621 878 2860 941 δικαίους
2895 879 3170 947 ἀποφῆναι
3202 879 3261 931 δυ
3277 883 3488 949 λήσεται
3510 917 3523 940 ,
3560 878 3658 934 καὶ

1980 963 2188 1034 ταχέως
2215 966 2620 1036 παρασκευάσει
2666 965 2776 1018 τῶν
2830 968 2961 1036 παρ’
3005 965 3170 1018 αὑτοῦ
3229 965 3656 1037 ἐπηγγελμένων

1982 1051 2276 1122 ἐπιτυχεῖν.
2330 1052 2486 1106 Ἀλλά
2513 1053 2590 1122 τῷ
2627 1053 2725 1122 μὲν
2765 1052 3013 1122 Ἀϐραὰμ
3057 1053 3425 1122 ἐπηγγείλατο
3467 1056 3531 1106 ἐκ
3560 1053 3655 1107 τοῦ

1983 1138 2290 1208 σπέρματος
2314 1139 2476 1192 αὑτοῦ
2498 1139 2689 1208 όλόκλη
2698 1157 2788 1208 ρον
2807 1139 3006 1210 πλῆθος
3032 1139 3378 1209 γενήσεσθαι,
3399 1140 3492 1193 καὶ
3515 1140 3657 1212 ὑπὲρ

1981 1224 2138 1294 φύσιν
2163 1225 2257 1277 καὶ
2293 1225 2608 1278 ἀκολουθίαν
2638 1227 2982 1297 ἀνθρωπίνην
3003 1226 3071 1278 τὰ
3094 1227 3190 1297 τῆς
3215 1226 3544 1294 ἐπαγγελίας
3564 1222 3654 1298 ἦν,

1977 1311 2044 1364 δι’
2074 1311 2103 1363 ὃ
2132 1311 2223 1364 καλ⁸
2253 1313 2284 1381 ἡ
2326 1312 2505 1373 πίστις
2544 1314 2577 1382 ή
2624 1312 2749 1383 περὶ
2778 1312 2941 1366 αὑτὸν
2969 1313 3069 1384 τὴν
3104 1313 3452 1383 δικαιοσύνην
3505 1314 3656 1384 αὑτῷ
3686 1330 3689 1332 ·

1979 1398 2232 1468 ἐκόμισεν
2264 1414 2275 1427 ’
2315 1400 2445 1469 ημῖν
2482 1399 2559 1461 δὲ,
2597 1399 2693 1452 ἐὰν
2727 1401 2985 1470 νήφωμεν
3007 1439 3021 1462 ,
3057 1398 3236 1470 πολλῷ
3271 1399 3496 1470 μείζονα
3525 1400 3656 1454 ὑπέ-

1980 1503 2156 1556 σχετο,
2182 1487 2273 1538 καὶ
2299 1485 2477 1555 πολλῷ
2496 1485 2574 1556 τῷ
2603 1486 2786 1558 μέτρῳ
2814 1489 2940 1550 τοὺς
2961 1486 3332 1558 ἀνθρωπίνους
3363 1489 3656 1559 λογισμοὺς

1979 1568 2400 1638 ὑπερακοντίσαι
2448 1567 2758 1638 δυνάμεθα·
2796 1569 2957 1638 μόνον
2994 1571 3090 1624 ἐὰν
3146 1571 3535 1642 πιστεύσωμεν
3591 1572 3654 1643 τῇ

1977 1653 2066 1706 106
2103 1654 2470 1724 ὑποσχομένου
2507 1655 2754 1726 δυνάμει,
2797 1657 2883 1709 ἵνα
2937 1658 3028 1709 καὶ
3070 1657 3166 1728 τὴν
3197 1659 3262 1711 ἐκ
3305 1659 3541 1721 πίστεως
3572 1658 3655 1711 δι-

1979 1742 2268 1813 καιοσύνην
2299 1741 2673 1812 κομισώμεθα,
2706 1744 2800 1796 καὶ
2827 1743 2935 1796 τῶν
2979 1744 3407 1814 ἐπηγγελμένων
3434 1744 3657 1812 ἀγαθῶν

1978 1827 2339 1898 ἐπιτύχωμεν.
2371 1829 2450 1881 Τά
2471 1829 2580 1899 γὰρ
2603 1830 2732 1899 ἡμῖν
2766 1828 3000 1898 μάλιστα
3029 1831 3456 1897 ἐπαγγελθέντα,
3479 1831 3657 1884 πάντα

1979 1914 2234 1984 λογισμὸν
2272 1914 2610 1986 ἀνθρώπινον
2648 1917 2793 1986 νικᾷ,
2847 1916 2941 1968 καὶ
2980 1917 3161 1969 πᾶσαν
3215 1917 3450 1969 διάνοιαν
3485 1917 3657 1987 ὑπερ-

1978 2003 2184 2057 ϐαίνει·
2224 2004 2372 2076 [571]
2401 2004 2625 2058 τοσοῦτο
2646 2005 2753 2059 τῶν
2801 2005 3147 2076 ὑποσχέσεων
3177 2007 3289 2059 ξστι
3318 2007 3379 2059 τὸ
3407 2006 3656 2076 μέγεθος.

1977 2090 2114 2147 Οὑδέ
2145 2093 2254 2163 γὰρ
2301 2093 2370 2146 τά
2405 2096 2460 2146 ἐν
2511 2093 2590 2164 τῷ
2627 2094 2854 2164 παρόντι
2906 2094 3065 2164 μόνον
3100 2093 3386 2162 ὑπέσχετο,
3428 2092 3659 2163 καὶτῆς

1978 2180 2208 2234 ἐνταῦθα
2253 2179 2399 2250 ζωῆς
2445 2179 2544 2251 τὴν
2591 2181 2870 2245 σύστασιν,
2922 2182 3016 2234 καὶ
3051 2181 3148 2249 τὴν
3199 2180 3498 2233 ἀπόλαυσιν
3548 2179 3658 2233 τῶν

1976 2267 2285 2338 δρωμένων,
2315 2267 2451 2319 ἀλλά
2479 2268 2570 2320 καὶ
2602 2268 2740 2337 μετά
2780 2267 2878 2339 τὴν
2929 2266 3178 2320 ἐντεῦθεν
3208 2265 3384 2330 ἔξοδον
3437 2266 3531 2318 καὶ
3557 2265 3659 2336 τὴν

1976 2355 2085 2407 τῶν
2117 2353 2385 2424 σωμάτων
2411 2353 2638 2424 φθορὰν,
2669 2354 2890 2408 ἐπειδὰν
2913 2356 2990 2417 εἰς
3013 2353 3216 2424 τέφραν
3248 2353 3342 2406 καὶ
3377 2353 3524 2406 κόνιν
3548 2352 3660 2405 δια·

1977 2441 2110 2512 λυθῇ
2135 2441 2291 2511 ήμῶν
2325 2439 2392 2493 τά
2420 2441 2667 2511 σώματα,
2699 2440 2819 2494 τότε
2851 2442 3175 2510 ἀναστήσειν
3206 2440 3346 2492 αὑτά
3391 2437 3658 2509 ἐπηγγεί-

1977 2528 2126 2591 λατο,
2157 2529 2333 2580 καὶέν
2361 2528 2567 2597 μείζονι
2596 2528 2721 2598 δόξῃ
2762 2530 3144 2598 καταστήσειν.
3178 2527 3278 2581 Δεῖ
3310 2527 3422 2596 γὰρ
3445 2566 3460 2591 ,
3494 2527 3659 2597 φησὶν

1977 2619 2006 2670 0
2039 2617 2302 2688 μακάριος
2340 2617 2570 2680 Παῦλος,
2626 2616 2696 2670 τὸ
2749 2618 3016 2686 φθαρτὸν
3053 2617 3230 2670 τοῦτο
3281 2615 3658 2669 ἐνδύσασθαι

1977 2706 2337 2775 ἀφθαρσίαν,
2358 2707 2461 2760 καὶ
2497 2704 2563 2758 τὸ
2596 2707 2818 2772 θνητὸν
2839 2703 3015 2758 τοῦτο
3034 2705 3408 2759 ἐνδύσασθαι
3435 2705 3658 2758 ἀθανα-

1977 2793 2140 2844 σίαν.
2176 2789 2284 2844 Καὶ
2323 2789 2463 2860 μετά
2489 2792 2587 2860 τὴν
2618 2791 2726 2842 τῶν
2753 2791 3021 2861 σωμάτων
3047 2793 3342 2845 ἀνάστασιν
3379 2794 3478 2862 τῆς
3505 2789 3660 2860 βασις-

1978 2877 2127 2941 λείας
2166 2878 2296 2948 ἡμῖν
2325 2878 2421 2947 τὴν
2457 2879 2760 2932 ἀπόλαυσιν
2786 2877 3072 2948 δωρεῖσθαι
3121 2878 3406 2948 ὑπέσχετο,
3440 2879 3534 2930 καὶ
3560 2877 3659 2947 τὴν

1980 2967 2118 3036 μετά
2161 2965 2268 3018 τῶν
2301 2965 2474 3033 ἀγίων
2523 2965 2818 3035 διαγωγὴν,
2857 2966 2952 3018 καὶ
2991 2967 3089 3036 τὴν
3138 2968 3196 3019 ἐν
3231 2967 3470 3036 διηνεκεῖ
3502 2964 3659 3018 αἰῶνι

1977 3053 2295 3115 ἀπόλαυσιν,
2328 3054 2417 3106 καὶ
2452 3053 2520 3106 τά
2547 3053 2833 3126 ἀπόρρητα
2869 3055 3052 3106 ἐκεῖνα
3073 3053 3272 3121 ἀγαθὰ,
3325 3055 3386 3109 Ἀ
3425 3054 3657 3122 ὀφθαλο

1972 3140 2088 3208 μὸς
2119 3143 2231 3192 οὐκ
2258 3136 2401 3202 εἶδε,
2435 3142 2530 3193 καὶ
2561 3136 2673 3205 οὖς
2697 3143 2808 3194 οὐκ
2844 3140 3097 3209 ἤκουσε,
3134 3141 3234 3194 καὶ
3261 3141 3360 3194 ἐπὶ
3405 3139 3661 3209 καρδίαν

1977 3225 2289 3294 ἀνθρώπου
2334 3228 2445 3280 οὐκ
2478 3227 2683 3293 ἀνέϐη.
2717 3222 2872 3291 Εἶδες
2923 3229 3062 3300 πόση
3097 3228 3206 3282 τῶν
3239 3227 3585 3298 ὑποσχέσεων
3623 3228 3659 3298 η

1979 3314 2284 3385 ὑπερϐολῆς
2320 3309 2459 3380 εἶδες
2492 3314 2709 3384 δωρεῶν
2746 3315 3012 3385 μέγεθος;

2050 3409 2123 3465 ς’.
2146 3401 2330 3453 Ταῦτα
2354 3401 2679 3465 ἐννοοῦντες,
2703 3401 2795 3454 καὶ
2815 3401 3015 3464 εἰδότες
3029 3401 3086 3455 τὸ
3109 3401 3336 3470 ἀψευδὲς
3357 3400 3449 3455 106
3481 3402 3657 3468 ἐπαγ-

1976 3488 2318 3559 γειλαμένου,
2352 3488 2490 3558 μετά
2522 3488 2828 3557 προθυμίας
2851 3489 2986 3558 πρὸς
3014 3490 3139 3552 τοὺς
3161 3491 3258 3558 τῆς
3285 3490 3483 3559 ἀρετῆς
3505 3488 3656 3556 ἀγῶ-

1977 3594 2071 3639 νας
2105 3575 2487 3646 ἀποδυώμεθα,
2543 3577 2628 3630 ἵνα
2662 3577 2755 3630 καὶ
2803 3576 2908 3630 τῶν
2965 3577 3391 3648 ἐπηγγελμένων
3433 3575 3656 3646 ἀγαθῶν

1974 3663 2276 3718 ἀπολαῦσαι
2301 3663 2637 3732 δυνηθῶμεν,
2661 3665 2754 3715 καὶ
2781 3664 2853 3734 μὴ
2881 3663 3236 3733 προτιμῶμεν
3264 3665 3360 3734 τῆς
3379 3664 3658 3735 ήμετέρας

1977 3751 2250 3822 σωτηρίας
2278 3751 2371 3801 καὶ
2403 3749 2509 3801 τῶν
2541 3749 2807 3802 τοσούτων
2839 3750 3060 3817 ἀγαθῶν
3085 3750 3183 3821 τῆς
3210 3750 3560 3814 ἀπολαύσεως
3588 3752 3658 3805 τά

1977 3837 2305 3907 πρόσκαιρα,
2344 3835 2475 3905 μηδὲ
2511 3836 2637 3898 106;
2684 3835 2882 3899 πόνους
2909 3837 3008 3906 τῆς
3029 3837 3228 3906 ἀρετῆς
3269 3837 3612 3907 λογιζώμεθα
3638 3879 3654 3902 ,

1978 3924 2112 3977 ἀλλά
2172 3922 2271 3985 τάς
2327 3922 2624 3984 ἀντιδόσεις
2678 3921 2975 3993 ἐννοῶμενο
3021 3923 3156 3994 μηδὲ
3211 3924 3322 3976 τῶν
3356 3928 3656 3995 χρημάτων

1977 4011 2074 4081 τὴν
2121 4011 2367 4079 δαπάνην
2396 4011 2526 4079 όρᾷν
2559 4008 2896 4079 βουλώμεθα,
2928 4011 3148 4063 ἐπειδὰν
3176 4011 3270 4081 δέῃ
3321 4011 3490 4064 ταῦτα
3543 4015 3656 4074 τοῖς

1978 4098 2172 4168 πένησι
2203 4096 2405 4157 δοῦναι,
2433 4096 2568 4149 ἀλλά
2593 4096 2690 4164 τὴν
2741 4096 2990 4149 ἐντεῦθεν
3039 4099 3330 4168 γινομένην
3370 4101 3650 4170 πρόσοδον.

1978 4185 2073 4238 Διά
2098 4185 2206 4251 γὰρ
2238 4184 2394 4237 10610
2427 4183 2503 4253 τῷ
2557 4183 2742 4254 σπόρῳ
2780 4183 2879 4253 τὴν
2913 4183 3282 4253 ἐλεημοσύνην
3317 4187 3656 4258 παρείκασεν

1977 4274 2010 4343 ὴ
2039 4271 2156 4323 θεία
2181 4269 2387 4339 Γραφὴ.
2406 4270 2492 4322 ἵνα
2526 4268 2662 4340 μετά
2686 4271 2860 4340 χαρᾶς
2885 4270 2978 4321 καὶ
3000 4269 3196 4340 πολλῆς
3224 4272 3318 4340 τῆς
3345 4272 3655 4342 προθυμίας

1975 4357 2145 4427 αὑτὴν
2174 4355 2554 4427 ἐργαζώμεθα.
2583 4357 2643 4409 EE
2669 4360 2778 4427 γάρ
2807 4357 2854 4408 οἱ
2882 4359 2948 4426 τῇ
2977 4358 3045 4427 γῇ
3070 4357 3137 4409 τά
3164 4357 3452 4426 σπέρματα
3477 4376 3656 4428 παρα-

1977 4443 2411 4511 κατατιθέμενοι,
2457 4443 2552 4495 καὶ
2574 4443 2642 4495 τά
2688 4443 3001 4512 συνηγμένα
3031 4445 3125 4496 καὶ
3145 4443 3290 4496 ἔνδον
3315 4445 3655 4514 ἀποκείμενα

1978 4529 2361 4598 σκορπίξοντες
2399 4529 2538 4600 μετά
2568 4532 2741 4601 χαρᾶς
2769 4531 2926 4584 10610
2950 4531 3389 4601 διαπράττονται,
3415 4534 3508 4586 καὶ
3533 4537 3654 4597 ταῖς

1975 4621 2240 4690 χρησταῖς
2271 4616 2451 4670 ἐλπίσι
2498 4618 2818 4688 τρεφόμενοι
2849 4619 2949 4688 ἤδη
2991 4618 3059 4671 τά
3090 4618 3377 4688 δράγματα
3420 4619 3514 4671 καὶ
3553 4618 3652 4691 τὴν

1977 4706 2089 4759 ἀλω
2113 4703 2549 4775 πεπληρωμένην
2573 4705 2686 4766 τοῖς
2715 4703 2994 4772 λογισμοῖς
3026 4705 3403 4774 ὑπογράφουσι
3424 4721 3437 4737 ·
3472 4707 3661 4777 πολλῷ

1975 4791 2038 4863 δὴ
2068 4791 2267 4862 μᾶλλον
2286 4791 2412 4850 τοὺς
2435 4789 2524 4842 τὸν
2556 4789 2756 4861 σπόρον
2779 4788 2964 4842 τοῦτον
2985 4790 3074 4843 τὸν
3105 4793 3470 4862 πνευματικόν
3495 4795 3620 4846 σπεί
3635 4825 3650 4834 -

1977 4897 2091 4950 ρειν
2123 4877 2580 4946 καταξιουμένους
2619 4876 2828 4948 χαίρειν
2869 4876 2964 4929 καὶ
3014 4877 3308 4947 γεγηθέναι
3359 4881 3649 4951 προσήκει,

1975 4971 2055 5021 ὅτι
2088 4968 2180 5020 ἐπὶ
2210 4969 2311 5038 γῆς
2345 4968 2694 5037 σπείροντες,
2747 4967 2804 5019 ἐν
2829 4965 3044 5038 οὐρανῷ
3085 4966 3321 5038 θερίζειν
3372 4969 3648 5038 μέλλουσι,

1975 5056 2070 5107 καὶ
2098 5053 2339 5124 ἀργύρια
2373 5053 2817 5117 καταϐάλλοντες,
2856 5053 3270 5124 ἁμαρτημάτων
3305 5057 3651 5129 συγχώρησιν

1977 5140 2240 5210 δέχονται,
2293 5140 2388 5192 καὶ
2427 5141 2740 5210 παρρησίας
2771 5140 3024 5209 ἀφορμὴν
3070 5140 3404 5210 εὑρίσκουσι,
3456 5144 3653 5213 προξε-

1974 5225 2189 5289 νοῦντες
2227 5226 2435 5287 ἑαυτοῖς
2463 5224 2549 5278 διά
2581 5225 2686 5278 τῶν
2723 5225 2956 5278 ἐνταῦθα
2988 5225 3278 5295 διδομένων
3308 5231 3404 5300 τὴν
3429 5230 3653 5302 διηνεκῆ

1975 5313 2301 5375 ἀνάπαυσιν,
2337 5312 2428 5364 καὶ
2458 5314 2553 5379 τὴν
2580 5311 2715 5380 μετά
2740 5309 2848 5362 τῶν
2871 5311 3041 5378 ἁγίων
3066 5312 3360 5383 διαγωγήν.
3397 5317 3512 5369 Κάν
3544 5302 3664 5369 σωέ

1976 5400 2216 5471 φροσύνῃ
2249 5397 2525 5469 ήδὼμεθα.
2578 5397 2652 5467 μὴ
2695 5397 2854 5451 τοῦτο
2885 5401 3197 5470 σκοπῶμεν,
3229 5405 3310 5455 ὅτι
3344 5405 3502 5456 πόνον
3537 5404 3654 5474 ἔχει

1975 5487 2009 5556 ἡ
2042 5487 2238 5556 ἀρετή·
2274 5485 2406 5556 μηδὲ
2435 5484 2515 5534 ὅτι
2550 5485 2582 5552 η
2625 5483 2892 5553 παρθενία
2931 5485 3097 5538 πολὺν
3146 5487 3257 5556 ἔχει
3303 5489 3392 5540 τὸν
3439 5491 3656 5558 ἀγῶνα,-

1976 5573 2110 5627 ἀλλά
2131 5571 2228 5642 τὴν
2249 5567 2632 5640 διαδεξομένην
2654 5571 2801 5640 ἡμᾶς
2829 5570 2980 5641 λῆξιν
3009 5573 3300 5644 ἐννοῶμεν.
3326 5578 3419 5630 καὶ
3447 5577 3657 5647 ταύτην.

1975 5659 2062 5713 ἀεὶ
2100 5656 2543 5728 ἀναλογιζόμενοι
2569 5658 2666 5728 τῆς
2691 5657 2986 5728 ἐπιθυμίας
3024 5660 3122 5729 τῆς
3155 5667 3395 5732 πονηρᾶς
3423 5665 3652 5734 χαλινώ-

1978 5763 2158 5816 σωμεν
2182 5747 2281 5816 τὴν
2312 5745 2535 5806 λύτταν,
2569 5747 2980 5818 περιγινώμεθα
3010 5747 3115 5800 τῶν
3144 5748 3241 5818 τῆς
3276 5753 3470 5821 σαρκός
3500 5769 3655 5826 σκιρκ

1978 5833 2256 5904 τημάτων,
2287 5835 2378 5886 καὶ
2408 5837 2472 5903 τῇ
2509 5834 2875 5904 ιῶψὰμοιϐῶν
2904 5836 3165 5889 ἀντιδόσει
3212 5855 3308 5908 την
3338 5838 3654 5910 δυσχέρειαν
