4056 6476
175 421 272 479 341
1206 419 1269 474 ΙΝ
1308 418 1460 475 CAP.
1506 417 1620 474 XV.
1653 417 1759 474 GEI

1866 418 1894 472 ι,
1923 375 2151 472 nonis.
2195 416 2457 484 xxxv".

177 548 352 590 matus
382 537 686 591 indecentes
699 545 753 592 et
777 550 872 605 spe
898 533 1158 588 mercedis
1186 533 1422 600 laborum
1457 531 1757 586 molestiam

175 629 533 685 sublevemus.
579 629 784 686 Sufﬁcit
826 629 967 684 enim
996 628 1258 682 bonorum
1301 641 1446 696 spes,
1506 635 1560 678 ut
1598 625 1757 678 etiam

178 719 411 785 pericula
432 718 683 773 audacter
705 718 1075 789 aggrediamur
1105 732 1118 769 :
1141 727 1342 785 quanto
1368 715 1534 784 magis
1565 723 1620 766 ιιι
1648 711 1759 766 vir-

178 809 302 862 tntis
331 809 538 862 labores
581 808 787 862 fortiter
826 808 1098 863 feramus?
1128 806 1348 874 Quando
1395 809 1536 859 enim
1577 805 1760 857 animo

175 913 380 961 venas,
414 900 456 953 si
485 899 550 954 ad
601 900 761 954 breve
792 907 1001 971 tempus
1036 899 1347 964 certaveris,
1405 910 1458 951 et
1506 895 1760 967 fulgidam

174 994 472 1047 servaveris
515 993 831 1061 virginitatis
875 991 1209 1060 lampadem,
1259 999 1310 1044 te
1353 990 1557 1043 beatam
1598 988 1760 1042 vitam

171 1092 628 1152 rottseqtttttnrunt
657 1098 797 1147 esse,
840 1092 1044 1136 etcum
1088 1095 1287 1151 sponso
1341 1080 1539 1150 intrare
1582 1094 1757 1149 posse.

170 1172 334 1227 modo
360 1187 611 1228 accensas
634 1173 827 1227 habeas
854 1170 1146 1241 lampades,
1175 1179 1229 1228 et
1251 1169 1523 1224 sufficiens
1545 1170 1720 1223 oleum
1743 1182 1757 1232 ;

171 1264 434 1319 bonorum
465 1280 688 1334 operum
738 1266 1001 1318 actionem
1022 1303 1037 1328 ,
1073 1263 1287 1341 inquam
1317 1279 1331 1316 :
1359 1260 1626 1335 quomodo
1654 1275 1760 1313 non

167 1371 294 1410 cum
325 1357 467 1410 omni
501 1357 748 1410 facilitate
773 1355 1004 1409 difficilia
1034 1353 1211 1408 omnia
1263 1363 1626 1408 transcurrere
1665 1366 1762 1420 po-

170 1448 323 1511 teris,
347 1447 587 1516 cogitans
629 1445 756 1501 illud
784 1445 925 1516 quod
954 1461 983 1499 a
1019 1444 1178 1500 beato
1205 1442 1368 1498 Paulo
1397 1442 1598 1496 dictum
1635 1451 1713 1496 est
1742 1457 1756 1494 :

169 1535 360 1591 Pacem
389 1539 642 1591 sectemini
665 1555 778 1591 cum
800 1537 1051 1604 omnibus,
1081 1546 1131 1591 et
1151 1536 1622 1602 sanctiﬁcationem,
1654 1535 1764 1587 sine

165 1644 273 1697 qna
301 1629 472 1681 trullas
498 1630 678 1683 videbit
730 1629 1004 1682 Dominum
1045 1627 1232 1694 (Hebr.
1262 1626 1351 1682 12.
1400 1625 1499 1698 Μ)
1520 1627 1553 1680 7-
1575 1626 1758 1680 Vidisti

165 1719 439 1788 quomodo
493 1720 900 1774 sattctilicatiotti
945 1734 1128 1789 pacem
1178 1716 1499 1800 conjunxiti
1544 1716 1675 1770 Nam
1705 1725 1760 1770 ttt

165 1809 401 1863 sciamus
421 1824 544 1864 eum
565 1825 668 1862 non
697 1811 870 1864 solum
891 1811 1129 1878 corporis
1153 1809 1433 1878 puritatem
1465 1808 1758 1877 requirere,

167 1899 265 1953 scd
289 1911 338 1952 et
367 1914 572 1968 paeezn,
607 1901 721 1954 haec
743 1908 1040 1969 Opportune
1062 1907 1469 1960 commemorat,
1514 1897 1762 1967 utrinque

169 1987 359 2041 volens
411 1989 638 2053 munire,
693 1997 748 2042 ut
785 1997 842 2043 et
890 1989 1240 2058 cogitationes
1277 1987 1546 2052 sedemus,
1589 1989 1657 2041 ita
1707 1997 1761 2041 ut

167 2078 314 2131 nulla
340 2079 411 2133 sit
443 2080 492 2133 in
539 2080 694 2134 nobis
748 2080 997 2143 turbatio,
1028 2078 1309 2148 nullusque
1348 2078 1604 2132 tumultus
1631 2094 1644 2131 :
1668 2076 1760 2131 sed

167 2170 224 2222 in
256 2169 632 2240 tranquillitate
658 2182 711 2224 et
738 2170 915 2239 quiete
948 2184 1257 2234 versemur,
1285 2178 1341 2223 et
1372 2183 1493 2222 cum
1515 2167 1762 2222 omnibus

168 2262 389 2332 pacifice
409 2277 630 2332 agamus
653 2273 705 2316 et
727 2263 987 2317 mansueti
1010 2263 1175 2316 simus
1198 2271 1250 2315 et
1268 2261 1423 2314 mites
1441 2267 1497 2314 et
1523 2259 1758 2324 humani,

165 2365 329 2425 atque
370 2356 504 2410 adeo
535 2366 592 2410 ut
618 2370 806 2410 omnes
834 2357 1050 2410 virtutis
1076 2356 1285 2410 colores
1315 2356 1364 2408 in
1406 2353 1541 2408 facie
1578 2365 1761 2407 nostra

165 2447 440 2501 reluceaut
476 2447 548 2502 lta
567 2448 705 2500 enim
729 2448 980 2518 deinceps
1001 2447 1287 2517 etgloriam
1312 2447 1592 2517 praesentis
1613 2445 1757 2510 vilic,

166 2536 464 2605 poterimus
490 2537 770 2606 despicere
815 2552 999 2591 veram
1027 2537 1251 2607 gloriam
1303 2535 1676 2606 prtrfcrentes,
1707 2543 1762 2588 et

165 2625 482 2680 humilitatis
508 2627 764 2696 majorem
795 2627 988 2681 habere
1014 2642 1219 2692 curam,
1245 2627 1525 2697 ridereque
1545 2639 1759 2680 onmem

167 2719 446 2786 ιιι-περιήιε
475 2719 595 2772 vita:
620 2719 1048 2786 prosperitatem,
1075 2727 1131 2773 ut
1162 2734 1280 2772 vera
1309 2728 1364 2773 et
1393 2717 1560 2772 so'ida
1589 2715 1760 2771 felici-

167 2817 279 2861 tatc
326 2808 582 2873 fruamur,
623 2819 678 2862 et
699 2807 973 2863 Christum
1015 2810 1199 2863 videre
1249 2822 1569 2863 mereamur.
1615 2804 1762 2858 Beati

162 2896 334 2961 enim,
366 2897 554 2964 inquit,
595 2899 709 2966 puri
731 2899 901 2967 corde,
928 2903 1166 2970 quoniam
1210 2898 1307 2968 ipsi
1333 2897 1497 2950 Deum
1527 2895 1762 2951 videbunt

163 2986 381 3055 (Matth.
412 2988 465 3042 5.
498 2988 580 3058 8).
607 2988 958 3043 Puritlcemus
1005 2990 1180 3059 itaque
1211 2999 1444 3044 nostram
1478 2989 1758 3042 conscien-

166 3079 319 3145 tiam,
341 3089 396 3131 et
439 3094 627 3148 magna
674 3094 798 3133 cura
825 3081 987 3133 vitam
1024 3090 1257 3133 nostram
1293 3079 1673 3149 gnbernentus,
1705 3087 1763 3132 ut

161 3186 289 3226 cum
316 3185 631 3240 prmScntetn
657 3173 815 3226 vitam
847 3173 896 3226 in
924 3175 1068 3227 omni
1089 3175 1340 3226 virtutum
1360 3187 1556 3241 genere
1583 3182 1760 3225 trans-

166 3261 408 3326 ierimus,
454 3262 641 3316 horutn
669 3262 907 3317 laborum
935 3262 1154 3332 prtcmia
1178 3278 1482 3317 mereamur
1519 3263 1762 3332 accipere

169 3354 223 3403 in
259 3350 436 3406 futuro
456 3353 674 3416 sat-culo,
699 3353 862 3422 gratia
892 3363 946 3406 et
964 3349 1327 3407 misericordia
1360 3352 1568 3406 Domini
1594 3353 1759 3406 nostri

165 3441 298 3497 Jesu
319 3443 538 3507 Christi,
572 3444 654 3496 cui
681 3457 801 3496 cunt
837 3442 992 3496 Patre
1021 3452 1074 3496 et
1102 3453 1289 3496 sancto
1317 3441 1516 3511 Spiritu
1544 3443 1612 3496 sit
1640 3443 1758 3511 glo-

168 3532 272 3598 ria,
300 3533 602 3600 imperium,
647 3533 840 3599 honor,
869 3548 1010 3586 nunc
1058 3539 1113 3587 et
1131 3547 1376 3602 semper,
1406 3541 1462 3587 et
1489 3535 1538 3586 itt
1566 3534 1761 3587 szrcula

169 3624 510 3680 saeculorum.
548 3628 738 3678 Amen.

669 3715 941 3770 HOMILIA
997 3715 1258 3770 XXXVII.

172 3805 507 3862 Dixit-attem
536 3808 580 3861 ei
608 3822 626 3860 .'
654 3806 765 3878 Ego
815 3825 928 3861 sum
954 3807 1090 3860 Deus
1108 3847 1123 3872 ,
1155 3809 1238 3877 qui
1283 3806 1431 3860 eduxi
1462 3817 1509 3860 te
1533 3807 1596 3858 de
1625 3817 1761 3860 terra

245 3897 620 3961 Chaldararum,
650 3908 703 3951 ut
749 3900 921 3952 darent
949 3901 1038 3954 tibi
1067 3909 1252 3953 terram
1281 3900 1431 3964 hanc,
1461 3908 1516 3952 tu
1541 3900 1593 3954 in
1619 3900 1760 3953 liere-

243 3988 452 4041 ditatem
478 3989 740 4057 possideas
769 4006 900 4044 eam.
930 3988 1070 4042 Dixit
1090 3999 1258 4042 autem
1296 4005 1316 4044 :
1364 3989 1598 4056 Domine,
1645 3988 1759 4043 Dav

243 4079 376 4132 mine
394 4120 410 4144 ,
434 4079 706 4133 secundum
725 4081 846 4150 quid
875 4096 1171 4151 cognoscam
1197 4082 1332 4151 quod
1357 4082 1408 4135 in
1435 4081 1763 4136 hereditatem

242 4171 487 4240 accipiam
511 4186 622 4224 eam
647 4168 796 4241 (Gen.
824 4173 909 4227 15.
942 4189 987 4226 tt.
1022 4175 1073 4247 7A.
1107 4173 1200 4243 c)?

246 4263 297 4316 1.
327 4262 611 4334 Scriptum
635 4265 808 4318 virtus.
837 4264 1023 4319 Divina
1048 4267 1286 4337 dogmata
1305 4275 1546 4337 quantum
1580 4266 1762 4318 Imma-

171 4355 254 4408 nis
306 4352 626 4410 antecellunt.
672 4385 742 4397 —
782 4357 968 4428 Magna
1026 4359 1220 4414 divina:
1261 4359 1549 4430 Scriptura:
1595 4361 1761 4414 virtus

169 4455 277 4514 est,
302 4448 555 4501 ctmulta:
583 4448 633 4501 itt
678 4449 859 4502 verbis
904 4452 1069 4504 latent
1113 4453 1496 4506 sententiarum
1535 4453 1757 4507 divitiae.

172 4535 300 4591 ideo
344 4552 438 4607 par
469 4547 551 4592 est
595 4547 653 4592 ut
698 4539 978 4608 diligenter
1033 4541 1387 4608 intendamus,
1431 4550 1487 4597 et
1535 4544 1760 4599 sollicite

169 4640 496 4698 scrutemur,
541 4648 647 4702 quo
674 4635 988 4703 ampliorem
1023 4636 1306 4691 utilitatem
1337 4637 1462 4692 inde
1491 4640 1759 4708 percipia-

170 4736 317 4778 mus.
343 4722 476 4777 Nam
503 4736 719 4794 propter
740 4724 841 4779 hoc
866 4735 918 4779 et
945 4726 1190 4781 Christus
1236 4722 1712 4798 pra'ccpit,dicens
1743 4747 1756 4785 :

169 4814 486 4872 διηπαηώιὶ
523 4813 817 4885 Scriptura:
862 4815 1037 4886 (Joan.
1086 4819 1139 4872 5.
1165 4819 1268 4888 59)
1301 4838 1311 4870 :
1339 4828 1396 4874 ut
1420 4834 1524 4873 non
1555 4830 1757 4874 tantum

171 4903 333 4960 nuda:
365 4904 586 4959 lectioni
638 4919 907 4976 vacemus,
950 4907 1043 4961 sed
1087 4907 1397 4976 profundius
1436 4920 1756 4974 scrutantes,

169 5011 363 5058 verum
395 4997 684 5066 Scriptura:
709 5013 924 5053 sensum
968 5002 1242 5070 percipere
1281 5002 1575 5057 valeamus.
1617 5003 1760 5058 Talis

170 5087 317 5141 enim
347 5086 635 5156 Scriptum
680 5102 797 5142 mos
846 5097 949 5154 est,
975 5100 1030 5144 ut
1060 5100 1113 5144 et
1139 5091 1190 5144 in
1238 5093 1411 5160 parvis
1440 5094 1617 5148 verbis
1648 5095 1762 5162 plu-

172 5176 313 5232 rima
364 5192 519 5247 saepe
558 5178 842 5232 multitudo
892 5194 1142 5234 sensuum
1190 5183 1507 5237 inveniatur.
1575 5184 1758 5239 Divina

169 5267 316 5323 enim
337 5278 462 5323 sunt
488 5263 756 5338 dogmata,
786 5285 889 5324 non
918 5269 1167 5338 humana,
1197 5284 1250 5326 et
1277 5283 1492 5345 propter
1519 5275 1620 5328 hoc
1645 5290 1761 5329 om-

171 5372 296 5413 nem
327 5358 471 5413 illam
500 5359 681 5414 videre
726 5361 850 5414 licet
885 5375 1041 5416 secus
1070 5377 1127 5416 se
1167 5362 1360 5419 habere
1387 5379 1544 5434 quam
1573 5365 1763 5418 huma-

172 5465 298 5506 nam
334 5451 668 5522 sapientiam.
713 5455 778 5508 Et
807 5456 1074 5524 quomodo
1105 5458 1227 5522 hoc,
1257 5473 1358 5527 ego
1406 5459 1600 5513 diram.
1650 5458 1761 5514 Illic

170 5545 341 5610 enim,
369 5547 420 5599 in
449 5545 676 5601 humana
705 5548 960 5618 sapientia
1006 5548 1143 5614 dico,
1177 5565 1338 5604 onme
1369 5552 1603 5606 studium
1631 5567 1759 5606 con-

172 5635 453 5692 citmandis
473 5639 650 5693 verbis
677 5639 968 5693 adhibitum
991 5653 1072 5695 est
1109 5658 1122 5695 :
1152 5643 1236 5697 hic
1259 5659 1383 5697 vero
1414 5660 1633 5713 prorsus
1663 5646 1758 5698 ali-

178 5738 282 5783 ter.
312 5729 519 5784 Nullam
568 5732 856 5802 Seriptnra:
890 5731 1084 5787 habent
1126 5735 1382 5789 rationem
1414 5736 1758 5804 pulchritudi-

179 5823 264 5880 nis
285 5825 366 5880 vel
402 5827 799 5898 compositionis
827 5826 1106 5883 verborum
1157 5843 1167 5878 ι
1209 5827 1404 5884 habent
1444 5832 1584 5886 enim
1618 5833 1667 5886 in
1697 5849 1753 5888 se

3363 421 3468 477 351

1869 528 2337 600 divinamgratiam
2351 529 2713 600 eﬂulgentcm,
2741 541 2788 584 et
2809 531 3252 598 pulchritudinem
3277 534 3327 587 in
3354 535 3464 603 ipsa

1867 625 2150 677 verborum
2182 624 2386 678 ratione
2417 624 2595 677 sitam.
2623 623 2687 677 Et
2720 624 2824 677 illic
2860 625 3074 693 quidem
3108 633 3226 693 post
3253 627 3464 696 longam

1868 729 1920 773 et
1966 721 2230 788 ingentem
2298 719 2652 788 nngacitatem
2699 717 2896 787 aliquid
2939 733 3130 772 sensus
3178 717 3454 788 percipere

1867 820 1984 864 est:
2017 809 2100 863 hic
2122 819 2320 873 autem,
2342 819 2400 864 ut
2418 809 2585 872 scitis,
2616 809 2778 862 etiam
2808 823 2967 877 parva
3006 807 3174 861 dictio
3208 822 3352 877 saepe
3376 817 3462 861 to-

1870 910 1978 953 tum
2010 899 2164 953 nobis
2192 900 2450 953 doctrinae
2477 913 2786 954 sermonem
2826 898 3118 952 contexuit.
3172 898 3464 967 Propterea

1868 1003 1922 1048 ct
1949 993 2084 1056 heri,
2115 993 2382 1063 proposita
2414 994 2562 1047 vobis
2590 994 2880 1062 Scriptum
2904 993 3157 1053 lectione,
3191 992 3293 1046 sub
3342 991 3462 1061 ipso

1867 1085 2115 1149 exordio,
2145 1086 2266 1154 quia
2282 1086 2503 1139 multum
2524 1085 2825 1140 invenimus
2847 1100 3103 1140 sensuum
3129 1087 3466 1148 thesaurum,

1869 1192 1974 1230 non
2007 1177 2275 1244 potuimus
2303 1177 2441 1231 ultra
2471 1176 2741 1248 progredi,
2771 1187 2830 1231 ut
2865 1193 2928 1232 ue
2971 1177 3238 1230 dictorum
3281 1175 3466 1229 multi-

1869 1267 2056 1322 tudine
2088 1269 2401 1322 memoriam
2444 1279 2675 1323 vestram
2704 1269 3075 1330 obrui-remus,
3104 1277 3157 1320 et
3179 1268 3290 1336 jam
3321 1267 3468 1320 dicta

1866 1356 2291 1411 obliterarcntus.
2352 1357 2473 1413 Ideo
2514 1358 2758 1412 eamdem
2811 1359 3009 1411 seriem
3040 1359 3337 1426 attingere,
3373 1358 3466 1411 he-

1865 1448 2171 1518 sternisque
2198 1447 2355 1504 dictis
2381 1464 2442 1503 ea
2467 1465 2585 1524 quae
2628 1450 2788 1504 hodie
2830 1450 3053 1505 dicenda
3085 1460 3208 1504 sunt
3235 1450 3355 1503 volo
3376 1464 3466 1504 ρος

1868 1538 2052 1608 putare
2076 1580 2091 1602 ,
2125 1548 2184 1593 ut
2221 1539 2289 1593 ita
2337 1550 2579 1594 enarrata
2606 1541 2833 1595 lectione
2877 1548 2986 1594 tota
3015 1556 3111 1594 vos
3140 1541 3262 1594 hinc
3289 1541 3471 1595 dimit-

1870 1637 1996 1679 tam.
2025 1627 2152 1691 Sed,
2182 1643 2300 1694 oro,
2328 1625 2397 1682 iis
2412 1630 2800 1697 qumdicuntur
2820 1631 3127 1686 auscultate
3163 1631 3464 1701 diligenter.

1867 1721 1998 1775 Nam
2026 1723 2126 1776 etsi
2152 1722 2302 1776 labor
2344 1730 2546 1788 noster,
2577 1723 2773 1778 utilitas
2812 1734 2986 1777 tamen
3018 1735 3192 1777 ves:ra
3223 1734 3324 1789 est,
3361 1723 3473 1777 imo

1866 1813 2184 1866 communis.
2217 1812 2280 1865 Et
2307 1812 2432 1881 quid
2456 1811 2574 1866 dico
2607 1813 2756 1866 labor
2775 1813 2998 1866 noster?
3028 1813 3246 1867 Minime
3275 1822 3460 1879 certe;

1866 1902 1960 1956 sed
1993 1903 2188 1956 donum
2212 1913 2287 1958 εει
2317 1904 2501 1972 gratia:
2533 1903 2647 1957 Dei.
2670 1902 2805 1956 Cum
2836 1905 3132 1957 attentione
3161 1903 3319 1974 igitur
3345 1920 3466 1960 sus-

1865 1995 2126 2065 cipiamus
2163 2011 2224 2050 ca
2251 2011 2369 2065 qtae
2389 2012 2419 2049 a
2446 1995 2552 2050 Deo
2573 1997 2860 2062 donantur,
2881 2005 2937 2049 ut
2973 1997 3094 2050 hittc
3116 1995 3459 2052 lucrifacictt-

1869 2096 1947 2142 tes
1991 2088 2185 2158 aliquid
2238 2089 2290 2142 in
2341 2089 2635 2142 animarum
2688 2089 2964 2153 salutent,
3020 2089 3144 2143 inde
3187 2091 3464 2144 abeamus.
3548 2083 3552 2087 ’

1867 2178 1991 2234 Ideo
2012 2179 2153 2234 enim
2178 2179 2416 2248 quotidie
2437 2179 2768 2247 spiritualem
2801 2178 2939 2232 hanc
2969 2180 3122 2232 Vobis
3147 2179 3470 2248 opponimus

1867 2283 2130 2336 mensam,
2156 2278 2213 2324 ut
2232 2269 2596 2324 admonitione
2622 2269 2874 2323 continua
2901 2277 2955 2322 et
2981 2271 3145 2323 multa
3162 2270 3463 2324 divinarum

1865 2360 2258 2432 Scripturarum
2298 2359 2642 2414 meditatione
2679 2375 2869 2432 omnes
2915 2361 3133 2430 maligni
3188 2360 3454 2414 daemonis

1866 2451 2212 2505 exeludamus
2257 2451 2501 2506 insidias.
2534 2451 2666 2506 Cum
2698 2454 2842 2506 enim
2889 2468 2986 2507 nos
3012 2453 3207 2508 viderit
3235 2442 3463 2522 multum

1865 2540 1918 2594 in
1952 2542 2316 2610 spiritualibus
2367 2542 2637 2611 occupari,
2681 2555 2787 2596 non
2843 2544 3015 2598 solum
3067 2559 3175 2597 non
3229 2543 3468 2611 invadet,

1865 2631 1958 2685 sed
2004 2647 2175 2700 neque
2205 2631 2416 2687 obtueri
2445 2633 2663 2687 audebit
2692 2650 2705 2686 :
2737 2633 2913 2688 sciens
2940 2647 2998 2687 se
3036 2632 3088 2686 in
3124 2648 3318 2687 vanum
3353 2649 3470 2688 uto-

1871 2720 1974 2783 liri,
1999 2731 2053 2775 et
2082 2721 2339 2776 adversus
2368 2731 2526 2792 caput
2565 2737 2721 2777 suum
2763 2738 2930 2778 ausus
2971 2739 3100 2779 suos
3127 2733 3468 2782 convertere.

1866 2813 1977 2881 Age
1999 2812 2155 2882 igitur
2175 2812 2243 2867 he
2275 2813 2411 2867 terni
2434 2815 2700 2868 sermonis
2721 2818 2946 2885 repetita
2970 2815 3129 2878 serie,
3153 2814 3301 2885 quod
3331 2815 3463 2872 reli-

1865 2919 2026 2972 qnunt
2055 2902 2152 2957 fuit
2176 2918 2509 2958 enarramus.
2541 2904 2679 2970 Quid
2718 2915 2899 2959 autem
2943 2904 3055 2958 heri
3088 2906 3290 2958 dicutm
3331 2903 3511 2972 ιέυῑιβῖΧ

1866 2994 2284 3049 Promissioncm
2323 3011 2482 3065 qttam
2523 2995 2662 3050 Deus
2705 2995 2827 3050 fecit
2869 2996 3025 3049 Alme
3055 2990 3466 3071 descripsimus,

1868 3084 1956 3138 ubi
1986 3085 2267 3154 imperavit
2292 3085 2342 3140 ei
2364 3097 2424 3140 ut
2449 3087 2747 3156 suspiceret
2774 3086 2826 3138 in
2859 3087 3046 3139 cit-lunt
3069 3126 3082 3149 ,
3112 3095 3463 3156 et'spcetaret

1866 3170 2138 3252 stellarum
2187 3177 2599 3231 multitudinem.
2637 3175 2867 3231 Numera
2917 3179 3058 3231 enim
3081 3219 3095 3242 ,
3128 3177 3317 3246 ittquit,
3349 3179 3472 3232 stel-

1866 3265 1963 3334 las,
1994 3266 2044 3321 si
2061 3268 2247 3337 poteris
2276 3283 2361 3321 eas
2386 3284 2671 3322 numerare.
2695 3266 2762 3320 Et
2784 3269 2984 3321 dixit‘ei
3017 3283 3035 3321 :
3061 3267 3151 3322 Sic
3181 3268 3275 3320 erit
3299 3283 3467 3336 semen

1867 3368 2030 3412 tuum.
2055 3358 2254 3414 Deinde
2272 3374 2392 3414 cum
2410 3359 2802 3415 demonsuaret
2817 3357 2974 3415 nobis
2984 3359 3168 3414 divina
3192 3360 3469 3428 Scriptura

1865 3450 2169 3520 religiosam
2203 3451 2517 3520 patriarcha:
2545 3459 2801 3513 mentem,
2850 3458 2904 3504 et
2929 3435 3201 3520 quomodo
3248 3449 3314 3504 ad
3343 3464 3470 3518 pro-

1868 3543 2166 3596 mittentem
2193 3542 2487 3613 respiciens
2514 3583 2528 3608 ,
2559 3550 2614 3595 et
2659 3541 2947 3611 potentiam
2993 3542 3354 3609 promittentis
3375 3557 3470 3595 co-

1865 3634 2039 3700 gitans
2067 3674 2083 3698 ,
2138 3630 2425 3686 crediderit
2475 3620 2650 3696 dictis,
2706 3631 2877 3684 dicit:
2907 3630 2974 3683 Et
3025 3633 3244 3684 credidit
3281 3630 3472 3684 Abram

1871 3725 1998 3791 Deo,
2027 3735 2074 3777 et
2118 3733 2413 3794 reputatum
2457 3733 2529 3777 est
2555 3725 2600 3777 ei
2625 3724 2678 3776 in
2687 3724 2968 3793 justitiam.
3022 3723 3308 3795 llttcusque
3356 3721 3472 3776 heri

1865 3830 2168 3871 sermonem
2199 3814 2563 3885 produximus,
2601 3829 2773 3884 neque
2802 3814 3025 3867 ulterius
3066 3813 3312 3883 progredi
3369 3827 3467 3883 po-

1869 3910 2066 3963 tuimus
2095 3926 2110 3962 :
2137 3907 2256 3962 ideo
2274 3922 2454 3977 opera:
2483 3907 2713 3976 pretium
2736 3914 2820 3960 est
2849 3914 2905 3959 ttt
2933 3905 3195 3958 addamus
3225 3917 3466 3974 sequen-

1865 4003 1959 4056 tia.
1983 4000 2117 4066 Quid
2149 4015 2275 4070 ergo
2292 3997 2456 4052 dicit?
2478 3999 2530 4052 7.
2547 3995 2689 4050 Dixit
2710 4007 2878 4049 autem
2895 3993 3150 4049 Dominus
3166 3996 3484 4052 adi/lbram:

1868 4094 1979 4165 Ego
2008 4111 2120 4148 sum
2146 4092 2306 4160 Dus,
2346 4093 2430 4163 qui
2455 4091 2609 4145 eduxi
2640 4100 2687 4144 te
2727 4091 2788 4143 de
2815 4100 2952 4144 terra
2982 4086 3360 4176 Chaldgeorum,
3412 4099 3468 4142 ut

1866 4187 2042 4240 darem
2069 4185 2158 4238 tibi
2184 4193 2372 4238 terram
2422 4183 2572 4248 hanc,
2617 4191 2673 4246 ut
2717 4182 2770 4234 in
2818 4182 3145 4235 hereditatem
3183 4181 3473 4250 possideres

1866 4293 1997 4330 eam.
2034 4277 2166 4335 Vide
2196 4273 2465 4346 quomodo
2495 4275 2633 4328 Deus
2664 4288 2724 4327 se
2770 4273 3019 4325 humana:
3051 4272 3463 4328 intirntitatiat-

1865 4377 2144 4438 temperet,
2177 4365 2445 4436 quomodo
2475 4364 2630 4418 fidem
2658 4363 2798 4418 illitis
2824 4353 3189 4418 corroborare'
3209 4364 3355 4426 velit,
3387 4366 3470 4416 ei-

1865 4477 1968 4531 que
1996 4459 2317 4529 pcrsuadcre
2342 4467 2397 4511 ut
2413 4458 2480 4511 de
2498 4458 2692 4526 iisqua:
2710 4456 2969 4525 promissa
2998 4453 3210 4509 fuerant
3240 4453 3461 4508 minime

1863 4552 2067 4607 dubitet
2091 4551 2270 4620 :quasi
2300 4549 2538 4604 dicetet:
2569 4549 2769 4603 Mentor
2789 4558 2924 4613 esto,
2949 4563 3033 4601 me
3056 4564 3086 4601 a
3111 4547 3270 4601 domo
3302 4557 3388 4600 tua
3421 4556 3471 4602 te

1863 4644 2188 4699 evocavisse.
2213 4641 2372 4697 Certe
2391 4656 2509 4712 qua:
2528 4657 2555 4694 a
2587 4642 2808 4696 Domino
2832 4642 2938 4696 Deo
2959 4641 3208 4695 dicuntur
3225 4655 3465 4694 consona

1865 4744 1989 4789 sunt
2013 4734 2152 4789 beati
2175 4733 2428 4801 Stephani
2451 4732 2625 4796 dictis,
2654 4733 2816 4802 quiet
2837 4733 2902 4787 de
2930 4731 3171 4792 domo,et
3200 4731 3267 4786 de
3293 4731 3467 4784 Chal-

1864 4824 1978 4880 dzca
2012 4824 2222 4879 Domini
2265 4831 2530 4893 praecepti
2559 4833 2837 4878 evocatum
2865 4839 2986 4877 eum
3019 4822 3147 4876 dicit
3177 4821 3330 4893 (Aet.
3361 4823 3390 4876 Ἱ
3420 4822 3462 4894 ).

1867 4918 1935 4972 Ει
1962 4917 2078 4986 ejus
2103 4917 2382 4972 sententiae
2412 4917 2744 4985 obseqnutus
2768 4928 2937 4984 pater.
2966 4926 3014 4968 et
3049 4923 3108 4967 ut
3135 4925 3290 4969 antea
3319 4915 3463 4968 dixi-

1868 5025 2006 5074 mus,
2034 5009 2276 5079 quamvis
2304 5009 2530 5063 intidelis
2561 5021 2725 5074 esset,
2755 5023 2998 5077 magnam
3025 5016 3200 5061 tamen
3230 5009 3464 5061 societa-

1869 5105 1940 5158 tis
1960 5118 2176 5159 causam
2220 5102 2442 5166 habens,
2475 5118 2667 5172 nempe
2713 5102 2802 5156 filii
2851 5116 3113 5169 amorem,
3142 5101 3241 5155 via:
3281 5117 3467 5158 comes

1867 5195 1972 5250 fuit
2013 5204 2068 5250 et
2096 5195 2249 5249 exiit.
2290 5195 2468 5264 Itaque
2497 5194 2546 5248 itt
2580 5203 2809 5247 tnentent
2840 5193 2888 5246 ei
2932 5201 3146 5246 revocat
3181 5191 3280 5245 hoc
3317 5192 3463 5259 loco,

1866 5296 2117 5356 quantam
2145 5287 2211 5341 ab
2242 5287 2394 5340 initio
2424 5285 2540 5356 ejus
2567 5301 2748 5340 curam
2801 5283 3060 5353 gesserit,
3104 5284 3384 5338 declarans
3411 5287 3462 5339 ei

1866 5392 1927 5432 se
1963 5387 2020 5431 ut
2039 5392 2160 5430 eum
2190 5377 2254 5430 ad
2280 5393 2468 5445 magna
2494 5376 2832 5445 proveheret,
2855 5384 2910 5430 et
2928 5386 3002 5430 tot
3035 5376 3106 5429 illi
3139 5374 3274 5430 bona
3306 5376 3464 5443 polli-

1865 5476 2076 5521 ceretur
2101 5477 2153 5520 et
2177 5466 2438 5534 impleret,
2469 5476 2670 5521 tantum
2698 5467 2904 5521 itineris
2921 5469 3189 5521 coniicere
3209 5467 3455 5535 jussisse.

1871 5556 1976 5627 Ego
2000 5573 2110 5610 sum
2139 5554 2296 5624 Deus,
2324 5558 2409 5628 qui
2435 5559 2588 5612 eduxi
2613 5568 2660 5612 te
2684 5558 2747 5612 de
2771 5559 2975 5628 regione
2993 5556 3370 5619 Chaldworum,
3405 5567 3458 5610 ut

1865 5649 2039 5700 darent
2090 5647 2178 5700 tibi
2225 5659 2410 5702 terram
2460 5649 2611 5714 Itane,
2645 5659 2698 5701 ut
2729 5648 2779 5701 in
2817 5649 3144 5702 hereditatem
3175 5647 3458 5717 possideres

1865 5756 1996 5793 eam.
2029 5737 2164 5794 Nunt
2193 5750 2245 5794 te
2286 5742 2485 5810 absque
2513 5756 2670 5796 causa
2718 5742 2860 5796 illinc
2888 5740 3145 5796 evocwi?
3190 5756 3315 5793 num
3349 5739 3458 5793 fru-
3530 5750 3532 5753 '

1865 5843 1970 5888 stra
2001 5843 2052 5887 ct
2083 5834 2134 5888 in
2176 5849 2362 5889 ranutn
2395 5845 2443 5889 te
2473 5835 2613 5889 illinc
2642 5833 2842 5888 eduxi?
2866 5833 3154 5903 l‘roptcrca
3181 5849 3278 5903 ego
3306 5847 3452 5903 prue-
