4056 6496
653 517 762 583 cepi
793 525 849 568 ut
880 524 929 569 te
955 516 1003 568 in
1029 515 1357 570 Palxstinam
1381 513 1676 575 conferres,
1707 521 1760 565 et
1787 512 1967 565 relicta
1993 518 2210 578 paterna

653 605 814 657 domo
847 605 1056 659 venires
1097 605 1146 658 in
1193 614 1383 657 terram
1441 602 1614 666 hanc.
1665 612 1722 655 ut
1771 601 1823 654 in
1882 599 2224 654 hereditatem

616 747 618 749 .
657 709 774 747 eam
805 695 1121 763 possideres.
1168 693 1420 763 Cogitans
1465 693 1622 760 igitur
1650 701 1843 761 quanta
1873 689 2061 745 fruaris
2111 701 2226 740 mea

661 785 1009 851 providentia,
1041 801 1102 840 ex
1131 800 1194 839 eo
1236 793 1473 853 tempore
1500 800 1605 853 quo
1631 784 1933 838 Clialdmam
1967 779 2225 849 reliquisti

661 891 827 944 usque
855 876 904 929 in
935 890 1165 942 pra-scus
1187 886 1412 944 tempus,
1444 886 1497 930 et
1539 875 1803 944 quomodo
1841 874 2015 927 clarus
2045 871 2136 931 sis.
2168 886 2228 922 ac

661 979 754 1031 per
781 979 952 1017 meum
980 965 1274 1018 subsidium
1306 975 1359 1017 et
1408 981 1590 1017 curam
1634 963 1872 1032 quotidie
1899 962 2091 1015 clarior
2109 975 2230 1013 eva-

658 1052 773 1114 das,
800 1051 954 1104 dictis
985 1054 1116 1128 meis
1145 1053 1369 1106 conﬁde.
1409 1053 1590 1105 Vidisti
1643 1054 1907 1120 ingentem
1937 1048 2229 1117 benignita-

662 1141 802 1194 tem?
830 1140 1000 1193 vidisti
1047 1153 1296 1208 quantum
1327 1156 1385 1194 se
1423 1149 1736 1208 attemperet
1764 1139 1944 1192 Deus?
1980 1146 2230 1207 quantum

663 1229 778 1294 ejus
806 1229 1033 1282 animam
1073 1231 1441 1290 corroborare.
1471 1239 1525 1283 et
1557 1230 1709 1283 [idem
1741 1228 2056 1283 conﬁrmare
2086 1227 2230 1289 velit,

667 1331 723 1373 ut
774 1335 839 1374 ne
877 1321 1091 1388 posdiac
1145 1321 1209 1373 ad
1254 1331 1456 1375 natura:
1503 1320 1770 1374 obstacula
1814 1328 2053 1386 spectare
2109 1332 2234 1386 pos-

663 1412 734 1464 sit
763 1428 775 1462 :
805 1411 895 1465 sed
925 1415 1042 1479 ejus
1077 1413 1311 1480 cogitare
1340 1413 1625 1480 potentiam
1654 1412 1740 1479 qui
1770 1409 2041 1478 promisit.
2086 1419 2137 1462 et
2167 1410 2233 1459 ita

665 1502 885 1556 credere
915 1512 967 1556 et
1006 1503 1295 1570 conlidere,
1327 1504 1475 1572 quasi
1498 1502 1608 1570 jam
1648 1501 1860 1568 impleta
1903 1507 2082 1554 essent
2112 1514 2234 1568 pro-

673 1592 854 1644 missa.

740 1679 790 1731 2.
840 1681 1028 1732 Verum
1054 1681 1238 1734 iterum
1261 1680 1472 1734 attende
1497 1687 1553 1734 ct
1573 1680 1944 1750 patriarcbam.
1973 1679 2238 1748 quomodo

673 1779 790 1836 post
820 1770 1058 1821 fiduciam
1082 1785 1143 1820 ex
1176 1771 1326 1822 dictis
1355 1779 1623 1838 acceptam
1654 1771 1876 1824 certiora
1907 1770 2134 1835 ittquirat
2155 1786 2242 1822 ar-

669 1869 938 1928 gumenta.
983 1861 1033 1913 8.
1067 1859 1205 1912 Dia-it
1229 1862 1357 1914 enim
1381 1877 1400 1914 .°
1433 1861 1664 1922 Domine,
1697 1861 1929 1922 Domine,
1967 1862 2241 1914 secundum

669 1949 789 2015 quid
810 1965 1102 2018 cognoscam
1124 1953 1322 2018 quodin
1345 1953 1663 2005 hereditate»:
1684 1962 1976 2021 accepturus
1996 1954 2087 2004 sim
2109 1953 2244 2004 eam?

673 2037 904 2091 Tametsi
927 2039 1194 2105 Scriptura
1227 2042 1370 2109 prius
1394 2050 1578 2095 testata
1604 2040 1779 2102 fuerit,
1808 2056 1928 2095 eum
1953 2041 2244 2095 credidisse

671 2127 827 2180 dietis
853 2127 964 2189 Dei,
992 2138 1042 2181 ct
1075 2129 1189 2181 ideo
1211 2139 1504 2196 repntatum
1532 2145 1649 2183 esse
1675 2131 1722 2183 ei
1756 2132 1806 2182 in
1831 2130 2112 2196 justitiam,
2149 2145 2242 2182 ve-

675 2227 968 2291 rumtamen
991 2218 1108 2287 quia
1141 2221 1336 2272 audivit
1362 2239 1372 2272 :
1407 2221 1623 2290 Propter
1647 2221 1746 2275 hoc
1766 2219 1837 2275 Te
1857 2223 2008 2275 eduxi
2033 2223 2094 2274 de
2110 2233 2244 2275 terra

672 2304 927 2366 Clta’dm'.
961 2320 1008 2358 ut
1041 2307 1211 2361 darem
1240 2311 1326 2362 tibi
1352 2324 1534 2362 terram
1576 2311 1725 2375 hanc,
1756 2322 1808 2363 ut
1836 2312 1886 2364 in
1922 2313 2244 2365 hereditatem

676 2395 953 2460 possideres
981 2413 1086 2449 eam
1112 2414 1130 2460 ;
1158 2399 1283 2451 dicit
1313 2417 1324 2450 :
1360 2399 1450 2452 llis
1483 2401 1694 2468 quidem
1723 2416 1839 2468 qua:
1866 2418 1895 2453 a
1929 2412 1976 2454 te
1999 2402 2247 2454 dicuntur

679 2485 1001 2554 impossibile
1029 2497 1112 2540 est
1138 2499 1189 2540 ut
1213 2488 1367 2542 fidem
1398 2506 1499 2542 non
1519 2489 1775 2552 habeam;
1798 2502 2025 2544 attamen
2052 2493 2242 2545 vellem

677 2582 732 2627 et
751 2575 961 2628 modum
989 2577 1190 2631 discere
1219 2594 1322 2648 quo
1351 2595 1466 2632 eam
1509 2581 1559 2632 in
1597 2581 1937 2634 hereditatem
1971 2596 2086 2635 sum
2121 2598 2246 2649 pos-

677 2679 938 2720 sessurus.
973 2666 1132 2721 Video
1156 2670 1293 2723 enim
1321 2685 1403 2722 me
1427 2686 1564 2723 nunc
1588 2686 1696 2739 pro;
1719 2671 1964 2722 cmodum
1986 2672 2049 2723 ad
2071 2683 2250 2724 θυι-(ν

679 2770 818 2809 mam
850 2768 1172 2811 senectutem
1219 2761 1518 2826 pervenisse
1542 2799 1556 2818 .
1589 2769 1640 2813 et
1668 2777 1832 2830 usque
1860 2761 1910 2814 in
1937 2760 2077 2816 hunc
2105 2761 2244 2815 diem

676 2843 1017 2898 obambulare
1047 2849 1190 2914 quasi
1231 2863 1506 2913 erronem;
1537 2858 1588 2900 et
1618 2865 1721 2902 non
1763 2864 1975 2917 possum
2019 2851 2246 2905 humana

678 2935 879 2988 ratione
905 2935 1302 3004 deprehendere
1327 2937 1593 3006 quomodo
1616 2940 1714 2992 boc
1735 2941 1802 2992 sit
1823 2940 2052 2993 futurum
2085 2959 2097 2992 :
2125 2941 2248 2995 licet

681 3025 826 3092 prius
868 3025 1182 3082 crediderim
1210 3026 1363 3081 dictis
1393 3026 1526 3090 tuis,
1575 3037 1836 3096 tamquam
1870 3029 2110 3083 videlicet
2136 3045 2164 3082 a
2198 3041 2248 3085 te

683 3116 919 3182 prolatis,
951 3119 1038 3185 qui
1073 3127 1222 3184 potes
1248 3116 1295 3170 id
1325 3117 1465 3186 quod
1492 3133 1594 3171 non
1621 3128 1720 3184 est,
1753 3131 1803 3172 ut
1829 3121 1913 3183 sit,
1941 3119 2172 3182 efficere.
2197 3131 2250 3176 et

682 3205 856 3258 omnia
888 3205 1059 3259 facere
1089 3217 1141 3260 et
1171 3208 1560 3263 tnnsformare.
1594 3210 1706 3263 Non
1741 3211 1894 3278 igitur
1928 3221 1984 3265 ut
2016 3212 2250 3266 incredun-

683 3295 764 3348 lus
790 3295 887 3348 hoc
915 3297 1200 3363 interrogo,
1245 3298 1336 3351 sed
1367 3299 1484 3366 quia
1515 3299 1701 3351 iterum
1733 3301 1858 3352 milii
1901 3300 2246 3354 hereditatem

682 3386 920 3438 nominas
942 3427 954 3449 ,
1003 3388 1242 3442 volebam
1271 3399 1324 3442 et
1351 3392 1578 3444 crassius
1615 3401 1774 3460 atque
1804 3392 1996 3445 clarius
2039 3394 2246 3462 signum

679 3475 937 3544 accipere,
964 3477 1101 3546 quod
1128 3480 1289 3546 possit
1314 3479 1547 3533 inﬁrmas
1577 3496 1720 3534 meas
1746 3483 2091 3551 cogitationes
2122 3485 2248 3536 soli-

678 3566 830 3621 dam.
855 3569 988 3636 Quid
1019 3571 1173 3638 igitur
1202 3571 1374 3626 bonus
1405 3573 1692 3625 Dominus?
1720 3573 1917 3628 Morem
1954 3591 2140 3645 gerens
2169 3575 2248 3629 fa-

683 3657 826 3709 mulo
852 3673 969 3725 suo,
1013 3671 1068 3712 et
1098 3661 1280 3714 volens
1306 3661 1419 3730 ejus
1448 3663 1793 3719 corroborare
1839 3666 2088 3728 animam,
2119 3683 2244 3736 quo-

684 3748 823 3802 niam
876 3751 1003 3802 vidit
1049 3755 1384 3806 conlitentcm
1415 3769 1561 3807 suam
1594 3755 2026 3820 imbecillitatem,
2055 3768 2108 3812 et
2135 3774 2250 3812 cre-

679 3838 894 3892 dentem
922 3842 1134 3908 quidem
1163 3844 1512 3910 promissioni,
1536 3847 1837 3914 cupientem
1856 3856 2030 3900 autem
2053 3851 2249 3901 certio-

679 3941 736 3981 ra
789 3929 1026 3994 quadam
1073 3943 1378 3999 argumenta
1425 3935 1685 4003 accipere,
1715 3929 1840 3990 dicit
1883 3938 1929 3990 ei
1962 3955 1974 3989 :
2007 3938 2059 3990 9.
2094 3940 2250 3992 Sume

679 4018 801 4070 mihi
827 4035 1024 4072 vaccam
1055 4023 1292 4075 tricuucm
1314 4065 1328 4089 ,
1360 4035 1404 4077 et
1433 4042 1638 4093 capram
1673 4029 1871 4079 trimam
1892 4069 1904 4089 ,
1938 4038 1984 4079 et
2023 4029 2246 4093 arietem,

679 4117 724 4160 et
755 4118 1012 4171 turturem,
1037 4122 1079 4163 et
1109 4115 1406 4166 columbam.
1439 4115 1568 4171 Vide
1593 4117 1859 4185 quomodo
1889 4133 2036 4172 inore
2063 4117 2251 4171 huma-

680 4211 750 4249 no
779 4196 873 4249 init
901 4214 1020 4251 cum
1043 4217 1106 4252 eo
1135 4200 1354 4256 foedera.
1383 4205 1833 4270 Quemadmodum
1855 4209 1996 4261 enim
2030 4223 2126 4262 nos
2157 4209 2253 4263 lto-

681 4285 869 4353 mines,
898 4291 1107 4357 quando
1144 4293 1336 4362 aliquid
1365 4297 1718 4363 promittimus
1738 4337 1750 4357 ,
1783 4309 1834 4349 et
1864 4299 2103 4353 volumus
2142 4316 2250 4354 cer-

678 4385 788 4429 ttnn
818 4379 1038 4434 reddere
1063 4397 1179 4435 eum
1202 4385 1284 4436 cui
1315 4386 1592 4452 promissio
1614 4385 1689 4448 iit,
1716 4386 1782 4438 ita
1809 4396 1863 4440 ut
1882 4387 1948 4442 de
1975 4393 2249 4458 promissis

679 4467 807 4521 nihil
835 4471 1085 4538 ambigat,
1118 4476 1322 4541 signum
1365 4478 1572 4544 aliquod
1600 4479 1804 4543 damus,
1829 4490 1883 4533 et
1913 4482 2098 4550 pignus
2129 4483 2202 4552 (α)
2227 4524 2242 4546 ,

679 4567 736 4609 ιιι
777 4557 842 4610 ad
887 4559 1010 4610 illud
1056 4574 1334 4629 spectans,
1377 4566 1512 4619 scire
1541 4578 1696 4635 queat
1746 4569 2004 4637 promissa
2033 4575 2249 4626 omnino

677 4658 926 4702 eventura
958 4667 971 4702 :
1003 4650 1069 4703 ita
1109 4663 1163 4707 et
1200 4653 1458 4724 benignus
1496 4657 1779 4722 Dominus,
1816 4669 2088 4730 postquam
2118 4663 2251 4717 dixit

677 4737 871 4792 Abram
904 4755 915 4790 :
951 4740 1214 4806 Quomodo
1253 4747 1584 4815 cognoscam?
1621 4748 1820 4817 inquit.
1870 4749 2008 4805 Ecce
2051 4762 2102 4804 et
2149 4754 2249 4807 hoc

679 4827 770 4878 tibi
803 4830 1041 4895 prmbeo;
1084 4834 1236 4886 Sume
1265 4836 1386 4888 mihi
1410 4852 1607 4890 vaccam
1637 4841 1875 4893 tricnnem
1897 4883 1909 4904 ,
1949 4853 1995 4895 et
2036 4860 2243 4911 capram

678 4916 893 4981 trimam,
923 4929 970 4972 et
995 4925 1217 4989 arietem,
1241 4933 1286 4976 et
1308 4934 1567 4992 turturem,
1599 4939 1643 4982 et
1667 4931 1966 4985 columbam.
1995 4934 2242 4998 Attende,

675 5007 918 5074 obsecro,
970 5009 1019 5062 in
1070 5023 1317 5080 quantam
1358 5019 1760 5074 crassitudinem
1816 5021 2244 5078 descendendum

675 5095 773 5155 sibi
803 5095 1009 5152 duxerit
1037 5100 1208 5156 bonus
1239 5104 1489 5159 Dominus
1511 5147 1526 5172 ,
1557 5123 1659 5176 quo
1703 5111 2052 5179 patriarcliam
2099 5129 2248 5183 argu-

943 5273 1080 5338 signa
1115 5279 1406 5348 etupigngra
1441 5283 1731 5348 vocabantur
1770 5287 1930 5348 etiam.
1977 5287 2198 5348 symbolo
2227 5301 2246 5339 .'

672 5333 1082 5410 tesserae
1103 5333 1278 5399 quibus
1315 5341 1432 5410 [ideo
1473 5344 1548 5410 vel
1580 5345 1869 5404 exhibenda,
1897 5333 2247 5410 vel—ﬁliiﬁlii-

673 5391 1144 5472 gita_sigriiboabattrr
1162 5413 1176 5472 ς
1206 5409 1440 5472 erantque
1462 5391 1600 5472 signa
1614 5391 1913 5472 contracius,
1927 5391 2246 5472 ἧξεῖἧιῇἰιῇῐξί-

671 5453 1071 5532 χιιιξᾼιφιιρι-ἱε
1111 5462 1235 5532 inter
1271 5453 1534 5524 principes:
1558 5470 1667 5532 _sive
1713 5453 2245 5532 interfici-iubis:-inidr

671 5515 880 5583 symbola
906 5517 1172 5583 bujusmodi
1195 5515 1345 5583 ﬁgura
1369 5515 1536 5574 manus
1558 5515 1777 5576 humanae
1803 5515 2246 5583 lorinatnreiereus

676 5572 827 5647 iocum
848 5572 1074 5647 babe'liat.
1102 5572 1279 5647 Maudio
1303 5572 2244 5647 hujusmodiieabil—

672 5635 893 5746 sanitate
917 5641 1253 5703 explanatione
1276 5651 1326 5694 et
1361 5635 1688 5699 schematibus
1700 5635 2239 5719 “ιιιιιέιῆὶὲῑῆ›ἶιῶ”δ’,’ῖι.

1346 403 1399 454 S.
1441 397 1715 454 JO.\NNlS
1752 391 2218 450 CHRYSOSTOMI

2348 389 2576 446 μἺΙΙΕΡ.
2617 387 3154 446 CONSTANTINOP.
3836 380 3918 432 εις

2334 507 2528 560 mentis
2570 505 2672 559 ﬁde
2697 505 2872 575 dignis
2911 503 3192 558 certiorem
3217 497 3436 554 reddat.
3486 495 3620 549 Nam
3651 493 3782 563 quh
3811 495 3920 542 uina

2330 599 2408 652 eis
2434 597 2503 652 ita
2531 613 2645 651 mos
2670 607 2784 652 erat
2815 594 3132 664 paciscendi.
3162 601 3217 647 et
3241 601 3395 660 meta
3429 584 3714 648 ﬁrmandi,
3751 584 3864 636 idco
3885 599 3930 633 τι

2334 692 2445 758 ipse
2473 692 2550 742 via
2573 688 2607 742 h
2625 704 2670 742 2c
2694 687 3004 756 ingreditur.
3030 685 3115 740 ιο.
3141 683 3207 738 Et
3226 682 3445 751 accepit,
3479 679 3686 749 inquit,
3709 688 3754 730 et
3776 676 3932 727 dicisia‘

2333 781 2460 834 eain
2491 781 2618 832 duas
2661 788 2844 847 partes.
2881 774 3286 830 Observandum
3326 789 3433 827 non
3464 771 3686 838 absque
3713 765 3935 824 ratioze.

2337 885 2507 939 neque
2548 870 2599 922 in
2644 883 2833 922 varium
2879 867 3037 919 etiam
3088 875 3294 932 tempus
3333 859 3641 930 designari.
3688 856 3938 911 Triennia

2335 962 2475 1012 enim
2504 960 2744 1027 accipere
2768 958 2924 1022 jussit
2953 977 2966 1012 :
3001 955 3100 1008 boe
3137 964 3248 1016 est,
3296 951 3534 1022 perfecta
3584 959 3645 1002 et
3674 947 3941 999 absoluta.

2340 1047 2405 1101 Et
2432 1051 2598 1101 divisit
2622 1065 2679 1102 ea
2705 1050 2753 1101 in
2776 1049 2904 1100 duae
2943 1057 3109 1118 partes
3141 1060 3161 1098 :
3190 1055 3236 1099 et
3266 1054 3508 1106 utrasque
3533 1051 3718 1110 partes
3743 1041 3879 1090 inter
3901 1055 3940 1088 ne

2340 1143 2502 1211 possit
2544 1142 2773 1194 obversa:
2797 1159 2812 1200 ;
2837 1157 2952 1192 ares
2977 1149 3144 1192 autem
3173 1153 3270 1190 non
3293 1135 3482 1188 divisit.
3514 1133 3580 1185 Et
3605 1131 3820 1185 sedi-ns
3851 1133 3944 1176 ut».

2339 1233 2616 1294 servabat,
2646 1243 2703 1283 ut
2745 1246 2810 1284 ne
2838 1239 3053 1299 possent
3092 1229 3288 1282 divisas
3327 1235 3511 1295 partes
3543 1224 3757 1276 Ia-derc
3787 1223 3944 1271 διμο-

2341 1324 2510 1378 lantes
2537 1337 2688 1384 aves,
2711 1333 2762 1374 et
2798 1337 2892 1390 per
2918 1331 3080 1374 totam
3103 1319 3242 1373 diem
3274 1319 3373 1370 boc
3402 1315 3586 1369 facere
3619 1326 3938 1381 pet-Severa-

2343 1413 2452 1467 bat.
2488 1413 2570 1466 11.
2602 1411 2971 1464 Descenderam
3000 1418 3164 1460 autem
3203 1423 3316 1460 acea
3342 1405 3459 1457 alia:
3493 1405 3548 1455 in
3575 1417 3816 1469 carpare
3843 1416 3946 1464 «με

2342 1505 2500 1556 divisa
2528 1513 2667 1554 erant
2693 1518 2708 1551 :
2730 1512 2774 1552 et
2814 1501 2940 1552 sedit
2967 1514 3080 1550 cun:
3105 1498 3175 1550 eis
3213 1495 3415 1547 Abram.
3461 1493 3553 1546 12.
3605 1491 3852 1556 Cumque
3879 1493 3945 1540 eoi

2335 1596 2446 1663 jam
2471 1590 2812 1653 occumberet,
2845 1590 2990 1641 irruit
3021 1587 3222 1640 ecstasie
3250 1587 3300 1637 in
3336 1583 3549 1644 Abram,
3575 1593 3628 1634 et
3655 1597 3779 1632 ecce
3805 1581 3943 1629 time:

2345 1699 2555 1752 magnus
2578 1692 2622 1732 et
2646 1680 2928 1734 tenebrosus
2950 1679 3128 1730 incutit
3149 1693 3278 1728 eum.
3308 1675 3483 1741 Quare
3515 1682 3776 1738 tempore
3801 1684 3941 1722 ow-

2345 1789 2434 1827 sus
2476 1758 2636 1834 solis.
2679 1786 2796 1824 cum
2838 1770 2947 1838 jam
2987 1769 3051 1820 ad
3101 1781 3374 1834 vesperam
3406 1764 3774 1816 inclinaretnr
3804 1759 3944 1810 dii-s’

2345 1865 2475 1931 Quia
2497 1862 2741 1916 omnibus
2769 1859 2938 1912 modis
2963 1858 3299 1911 attentiorem
3321 1869 3440 1908 eum
3467 1853 3654 1904 fact-re
3687 1850 3844 1908 vult;
3875 1851 3942 1898 id.

2345 1969 2412 2008 eo
2456 1952 2675 2008 ecstasis
2704 1961 2758 2006 et
2789 1952 2944 2004 timor
2984 1963 3204 2019 magnus
3255 1958 3308 2000 et
3363 1945 3692 1998 tem-brosas
3751 1943 3944 1994 inv-siit

2347 2063 2491 2110 cum,
2517 2055 2572 2096 ut
2599 2061 2694 2114 per
2719 2045 2895 2098 omnia
2920 2060 3038 2112 qua:
3060 2045 3208 2104 tiunt,
3232 2040 3422 2094 sentiat
3443 2053 3506 2092 se
3535 2037 3730 2091 videre
3763 2036 3942 2088 Deum.

2347 2151 2467 2188 cum
2491 2135 2631 2187 enim
2659 2150 2859 2187 morcnt
2894 2133 3032 2185 Deus
3061 2133 3254 2201 ubique
3282 2130 3459 2184 habet.
3491 2128 3630 2182 Nam
3665 2138 3718 2179 et
3767 2137 3940 2194 putate:

2348 2225 2558 2292 quando
2595 2225 2723 2278 Mosi
2772 2225 2823 2277 in
2863 2235 3043 2278 monte
3077 2223 3221 2277 Sinai
3262 2221 3484 2275 daturus
3526 2229 3648 2272 erat
3692 2220 3872 2286 legi-ni
3901 2227 3943 2266 ct

2350 2316 2617 2377 mandata,
2640 2314 2899 2378 Tenebra,
2929 2316 3115 2384 inquit,
3144 2325 3188 2367 ct
3209 2313 3374 2382 caligo
3398 2321 3525 2371 erat,
3547 2321 3594 2362 et
3621 2327 3775 2362 mone
3799 2310 3942 2376 fure;-

2350 2409 2499 2478 gabat
2525 2407 2717 2474 (Exod.
2744 2409 2828 2460 19.
2857 2408 2963 2477 18).
2998 2408 3218 2475 Propter
3245 2409 3344 2461 line
3369 2416 3424 2459 et
3441 2405 3723 2471 Scriptura
3759 2404 3942 2466 inqut,

2353 2501 2449 2567 Qui
2476 2501 2633 2569 tangit
2659 2509 2869 2562 montes,
2899 2509 2945 2551 et
2967 2500 3216 2569 [navigant
3240 2497 3410 2566 (Pacti.
3441 2497 3562 2550 105.
3597 2494 3722 2547 52η
3765 2493 3940 2547 Enim-

2352 2609 2477 2646 vero
2507 2595 2624 2661 quia
2679 2592 3050 2660 incorporeum
3080 2591 3258 2644 videre
3305 2604 3400 2659 per
3444 2586 3738 2641 sensibiles
3792 2586 3940 2637 hosce

2350 2684 2529 2753 oculos
2578 2698 2682 2735 nun
2718 2693 2797 2736 cst
2827 2681 3110 2752 possibile,
3139 2680 3256 2733 ideo
3286 2693 3435 2732 suam
3461 2677 3624 2731 nobis
3671 2677 3936 2745 opi-rasio-

2353 2791 2473 2830 nem
2501 2775 2801 2843 signiﬁcare
2829 2775 2958 2828 vult.
2991 2773 3150 2841 Igitur
3176 2771 3426 2840 quoniam
3452 2769 3724 2822 attonitus
3749 2778 3810 2821 et
3835 2783 3920 2834 per

2350 2867 2526 2918 Cuiatis
2582 2876 2696 2918 erat
2742 2867 2920 2918 animo
2959 2864 3132 2933 justus
3180 2864 3289 2927 ille,
3317 2871 3371 2916 et
3418 2867 3778 2915 concusserat
3837 2859 3938 2928 ejus

2351 2969 2581 3012 mentem
2623 2957 2799 3023 timor,
2829 2967 2882 3010 et
2919 2971 3038 3025 quae
3078 2954 3374 3023 contigerat
3413 2952 3636 3007 ecstasis
3672 2970 3685 3004 :
3736 2950 3936 3003 Dictum

2351 3058 2456 3114 est,
2484 3049 2671 3116 inquit.
2704 3048 2765 3100 ad
2791 3064 2910 3101 cum
2942 3064 2954 3099 :
2993 3045 3197 3106 llixisti,
3221 3043 3485 3110 quomOdo
3514 3056 3872 3111 cognoscam,
3895 3053 3938 3093 et

2353 3139 2561 3207 signum
2596 3137 2802 3191 voluisti
2841 3138 3111 3205 accipere,
3145 3151 3250 3205 quo
3291 3143 3445 3205 pacto
3473 3145 3678 3188 terram
3705 3137 3853 3186 hanc
3894 3133 3934 3183 in

2357 3229 2702 3283 hereditatem
2735 3241 3076 3295 possessorus
3115 3225 3208 3280 sic.
3251 3226 3390 3280 Ecce
3427 3224 3497 3278 do
3542 3225 3636 3278 tibi
3679 3224 3933 3294 signa:

2355 3336 2540 3390 magna
2568 3322 2709 3373 cnim
2739 3319 2830 3372 tibi
2860 3334 2994 3389 opus
3019 3328 3101 3372 est
3141 3318 3263 3383 ﬁde,
3309 3325 3365 3370 ut
3393 3317 3530 3370 scias
3571 3331 3664 3370 me
3689 3331 3857 3385 posse
3879 3332 3934 3368 ex

2353 3415 2643 3482 desperatis
2671 3411 2828 3465 rebus
2851 3411 3115 3480 quoslibet
3155 3411 3206 3462 in
3246 3423 3396 3477 spem
3425 3409 3621 3462 bonam
3645 3407 3930 3462 adducere.

2358 3506 2440 3558 13.
2473 3503 2539 3555 Et
2566 3504 2754 3555 dictum
2793 3511 2864 3556 est
2909 3502 2976 3554 ad
3003 3502 3187 3554 Abram
3218 3515 3237 3554 :
3263 3499 3575 3569 Cognoscens
3602 3501 3733 3552 scies
3757 3541 3775 3564 ,
3813 3501 3933 3566 quod

2355 3598 2667 3665 peregrinum
2703 3597 2797 3648 erit
2833 3611 3001 3648 semen
3041 3604 3180 3646 tum
3205 3594 3257 3646 in
3287 3602 3418 3646 terra
3451 3609 3550 3645 non
3575 3609 3704 3653 uta,
3754 3604 3806 3645 et
3834 3597 3932 3645 red-

2353 3689 2485 3758 igcnt
2514 3705 2594 3740 eos
2624 3688 2675 3739 in
2704 3687 3009 3747 servitutem,
3044 3695 3090 3737 et
3119 3684 3336 3753 aﬂigent
3355 3725 3370 3747 ,
3403 3693 3447 3735 et
3473 3683 3822 3736 hurriiliabunt
3862 3701 3929 3736 est

2353 3778 2499 3830 annis
2518 3777 2914 3846 quadringentis.
2939 3776 3022 3829 11.
3051 3772 3256 3828 Gentem
3288 3783 3454 3827 autem
3483 3774 3568 3825 cui
3591 3775 3835 3839 servient,
3857 3777 3928 3842 ju-

2354 3871 2531 3922 dicabo
2557 3887 2646 3939 ego
2666 3886 2684 3921 .'
2715 3878 2884 3935 postea
2903 3878 3071 3921 autem
3091 3868 3403 3936 cgredieutnr
3425 3866 3523 3920 huc
3544 3883 3662 3918 cunt
3685 3881 3926 3935 apparats

2353 3963 2528 4014 multo.
2557 3963 2737 4029 Magna
2761 3971 2884 4014 sunt
2912 3960 3024 4012 lucc
3053 3959 3214 4019 dicta.
3248 3968 3297 4011 et
3324 3973 3441 4026 qua!
3467 3957 3710 4011 animum
3735 3958 3924 4010 virilem

2355 4050 2677 4112 desiderent,
2709 4051 2796 4120 qui
2823 4048 3181 4112 transcendat,
3210 4058 3263 4102 et
3286 4048 3419 4100 intra
3449 4061 3508 4100 se
3540 4047 3812 4114 relinquat
3841 4048 3922 4098 bu-

2357 4154 2507 4191 mana
2535 4141 2734 4195 omnia.
2772 4139 2879 4193 Nisi
2901 4140 3043 4193 enim
3067 4153 3406 4208 generosum,
3426 4137 3653 4199 ‘l'ortetu.
3684 4146 3741 4191 et
3770 4139 3922 4206 philo-

2357 4230 2634 4298 sopbicum
2671 4231 2908 4283 animum
2943 4229 3217 4282 habuisset
3263 4229 3577 4294 [utriai-elia.
3608 4237 3758 4281 tanta
3789 4240 3923 4282 erant

2358 4321 2490 4384 tunc,
2517 4330 2573 4373 ut
2594 4321 2905 4388 perturbare
2926 4319 3240 4390 potuissent.
3262 4318 3572 4387 Cognoscens
3592 4319 3917 4386 sciaannit,

2353 4411 2487 4479 quod
2507 4411 2818 4479 peregrinum
2836 4411 2925 4462 erit
2943 4425 3108 4462 semen
3129 4419 3268 4460 tuum
3291 4409 3487 4460 interra
3509 4424 3607 4460 non
3626 4425 3741 4469 sua,
3761 4420 3806 4462 et
3821 4413 3918 4463 red-

2353 4502 2486 4570 igent
2520 4517 2601 4554 eos
2639 4503 2690 4553 in
2718 4501 3003 4554 servitutem
3023 4541 3039 4564 ,
3069 4510 3112 4551 et
3133 4499 3368 4568 amigent,
3407 4509 3452 4550 et
3495 4499 3829 4554 Immitiabunt
3853 4518 3920 4553 eo:

2355 4595 2500 4646 anuis
2523 4593 2917 4660 quadringentis.
2943 4589 3148 4644 Gentem
3167 4599 3330 4641 autem
3347 4591 3428 4641 cui
3448 4591 3682 4653 servient,
3689 4590 3917 4659 judice”

2355 4700 2447 4754 ego
2465 4700 2486 4737 :
2516 4693 2625 4751 post
2652 4683 2758 4735 [nec
2778 4683 3091 4751 egredientnr
3112 4681 3216 4733 huc
3229 4697 3342 4732 cum
3366 4692 3620 4748 apparatu
3645 4683 3824 4736 multo.

2425 4775 2476 4828 5.
2517 4773 2591 4828 Ne
2617 4773 2915 4838 admireris,
2951 4773 3139 4842 inqttit,
3170 4772 3394 4841 tcipsum
3427 4773 3738 4842 re~piciens,
3767 4786 3820 4828 et
3841 4791 3912 4829 se-

2355 4865 2495 4918 nium
2519 4875 2688 4928 tuum,
2714 4875 2768 4919 et
2793 4865 2937 4917 Sara:
2954 4866 3281 4918 sterititatem
3301 4877 3348 4917 et
3381 4878 3585 4918 uterum
3614 4867 3731 4934 ejts
3751 4884 3909 4923 auror-

2355 4966 2497 5008 tuutn
2530 4973 2542 5006 :
2573 4966 2626 5008 et
2668 4970 2736 5008 ne
2778 4964 2930 5022 putes
2962 4969 3208 5022 niagnum
3250 4955 3444 5023 aliquid
3473 4969 3590 5008 esse
3621 4957 3761 5024 quod
3787 4959 3908 5018 dixi,

2355 5045 2546 5101 Semini
2577 5058 2661 5097 tuo
2684 5044 2812 5096 dabo
2838 5055 3021 5096 terram
3046 5043 3191 5094 harae.
3219 5043 3332 5097 Non
3354 5045 3522 5097 solum
3539 5047 3680 5099 enim
3712 5045 3813 5102 hoc
3832 5049 3905 5100 tibi

2354 5136 2599 5204 prtedieo,
2624 5134 2717 5188 sed
2736 5132 2874 5187 addo
2900 5131 3021 5186 illud
3049 5133 3216 5201 ipsum
3248 5148 3427 5188 semen
3457 5145 3599 5188 tuum
3625 5136 3676 5188 in
3702 5136 3906 5190 alienam

2355 5237 2546 5281 terram
2589 5225 2953 5279 abducendum
2985 5238 3120 5278 esse.
3154 5224 3268 5278 Non
3298 5225 3429 5278 dixit
3451 5264 3466 5288 ,
3510 5225 3562 5279 in
3596 5224 3871 5296 Egyptian
3892 5268 3904 5288 .

2353 5333 2523 5386 neque
2562 5317 2809 5373 indicavit
2856 5327 3009 5370 terra:
3051 5331 3240 5372 nomen
3269 5333 3282 5370 :
3311 5317 3404 5370 sed
3433 5316 3597 5380 dixit,
3636 5317 3689 5371 lu
3730 5328 3903 5372 terram

2354 5424 2457 5462 non
2481 5423 2629 5461 suam
2661 5423 2674 5459 :
2706 5415 2759 5460 et
2792 5406 3095 5460 servitutem
3133 5406 3323 5470 I'crcnt,
3345 5417 3394 5461 et
3424 5406 3690 5461 miseriam
3716 5424 3732 5460 :
3767 5409 3900 5477 idque

2355 5517 2457 5555 non
2485 5501 2548 5554 ad
2578 5501 2734 5554 breve
2763 5509 3003 5568 tempus,
3047 5514 3217 5566 neque
3253 5500 3318 5552 ad
3349 5514 3637 5569 paucorum
3667 5515 3900 5552 annuum.

2354 5609 2648 5656 numerum,
2681 5592 2774 5646 scd
2806 5605 2973 5660 usque
2995 5591 3061 5644 ad
3101 5593 3512 5661 quadringentos
3535 5607 3722 5646 annos.
3755 5590 3900 5647 υιιιο.

2356 5702 2474 5742 nem
2502 5700 2630 5739 sane
2657 5684 2723 5740 de
2749 5684 2812 5740 iis
2837 5698 2936 5748 ego
2966 5696 3189 5748 sumam,
3221 5695 3268 5737 ct
3301 5693 3512 5754 gentem
3537 5682 3681 5736 illam
3705 5685 3899 5738 servita
