4056 6474
142 451 254 509 565

152 575 209 619 te
236 570 563 635 prementem
593 574 692 631 ego
715 557 965 630 judicabo
990 599 1003 624 ,
1046 567 1099 614 et
1138 561 1216 613 sic
1253 572 1348 612 eos
1402 569 1592 624 magno
1620 568 1740 607 cum

159 663 414 725 apparatu
441 653 545 707 huc
569 653 744 708 redire
773 651 972 707 curabo
998 667 1011 705 :
1045 650 1202 706 simul
1227 648 1521 721 praedicens
1546 647 1593 701 ci
1625 662 1743 715 qua:

156 747 380 817 posthac
424 754 574 803 certo
605 753 856 801 eventura
898 752 1097 810 essent,
1130 742 1438 798 servitutem
1483 739 1739 803 declarat,

154 846 214 891 et
262 836 577 893 descensum
630 837 679 890 in
738 834 1053 907 Egyptnm,
1112 844 1271 904 atque
1324 832 1743 903 indignationem

154 935 333 999 qualn‘
346 937 565 1000 propter
592 943 685 983 eos
708 926 945 1000 Egyplii
975 928 1244 997 experturi
1270 933 1442 989 erant,
1472 934 1525 981 et
1549 923 1746 994 glorie-

153 1033 273 1073 sutn
297 1034 482 1075 eorum
511 1018 759 1074 redtum.
788 1018 1134 1088 Ostenditque
1157 1018 1227 1085 ei,
1246 1032 1349 1072 non
1382 1018 1432 1070 in
1466 1017 1581 1086 ipso
1601 1015 1745 1069 dum-

152 1118 305 1165 taxat
327 1091 415 1164 illa
438 1125 555 1180 quae
580 1124 741 1179 super
765 1120 1017 1181 naturam
1037 1118 1213 1176 erunt,
1239 1118 1496 1166 eventura
1526 1124 1666 1171 esse.
1690 1119 1745 1165 et

156 1211 281 1273 post
312 1211 457 1257 tanta
487 1202 862 1273 impedimenta
888 1218 1007 1273 quae
1031 1217 1061 1257 a
1094 1202 1203 1257 Deo
1245 1203 1504 1273 promissa
1535 1202 1744 1258 fuerant

156 1294 424 1364 implenda
450 1294 581 1360 fore,
611 1294 703 1351 sed
728 1303 786 1351 et
817 1295 869 1349 in
897 1304 1008 1351 toto
1036 1296 1239 1352 semine
1258 1296 1375 1365 ejus
1388 1295 1498 1352 hoc
1518 1305 1745 1352 eventu-

155 1400 299 1441 rum.
332 1386 454 1440 Haec
479 1395 679 1451 autem,
710 1386 898 1457 inquit,
922 1386 1030 1456 jam
1055 1386 1161 1442 dixi
1191 1386 1305 1451 tibi,
1349 1394 1407 1441 ut
1429 1388 1739 1458 priusquam

155 1478 321 1533 vitam
354 1478 525 1542 finias,
550 1478 689 1532 scire
717 1477 890 1546 possis
910 1493 1026 1546 qua:
1051 1486 1104 1531 et
1134 1478 1412 1548 ncpoﬁbus
1435 1486 1487 1533 et
1514 1478 1743 1549 posteris

154 1568 423 1624 evenient.
458 1570 543 1625 l5.
571 1568 651 1623 Tu
684 1579 872 1635 autem,
901 1570 1089 1639 inquit,
1130 1570 1289 1624 abibis
1313 1569 1382 1624 ad
1416 1581 1583 1639 patres
1608 1578 1739 1634 tuos,

157 1661 383 1714 nutritas
408 1662 461 1715 in
501 1667 749 1715 senectute
787 1659 937 1716 bona.
963 1660 1081 1716 Non
1114 1660 1288 1727 dixit,
1322 1661 1569 1716 morieris
1600 1677 1615 1714 :
1646 1660 1741 1715 sed

157 1750 348 1816 Abibis,
378 1751 526 1822 quasi
550 1753 950 1822 peregrinaturo
990 1767 1077 1816 eo,
1120 1760 1173 1808 et
1203 1752 1492 1822 migraturo
1521 1767 1550 1805 a
1573 1751 1741 1821 patria

158 1841 211 1895 in
245 1841 486 1911 patriam.
515 1841 706 1923 Mittis,
738 1843 925 1914 inquit,
947 1843 1016 1897 ad
1043 1852 1209 1913 patres
1231 1852 1343 1897 tuos
1372 1858 1391 1897 :
1418 1859 1522 1899 non
1550 1858 1741 1897 cama-

159 1932 239 1987 les
265 1931 413 1986 dicit.
441 1931 541 1998 Qui
563 1933 707 1993 enim
733 1934 976 2003 poterat?
1004 1933 1313 1988 lucredulus
1344 1935 1485 1989 enim
1507 1942 1623 1988 erat
1649 1948 1739 2004 pa-

158 2029 245 2076 ter
273 2021 409 2090 ejus,
446 2030 499 2075 et
526 2038 632 2078 non
657 2032 772 2078 erat
808 2023 1063 2091 possibile
1091 2031 1147 2077 ut
1169 2023 1419 2101 eumdem
1450 2024 1624 2079 locutu
1655 2040 1744 2079 ca-

158 2120 333 2181 perct,
356 2126 511 2180 quem
539 2112 646 2165 ille.
675 2110 861 2166 Hiattts
884 2112 1048 2177 enim,
1082 2112 1268 2182 inquit,
1292 2130 1506 2193 magnas
1526 2125 1595 2168 est
1616 2115 1744 2168 inter

155 2216 254 2254 nos
280 2210 323 2252 et
349 2216 432 2253 ros
464 2200 613 2270 (an.
649 2201 730 2256 16.
765 2202 880 2271 26).
908 2202 1082 2270 Quare
1106 2202 1260 2271 dixit,
1290 2202 1371 2256 Ad
1398 2214 1565 2273 patres
1590 2206 1743 2259 tuos?

156 2290 342 2347 Justos
370 2290 663 2359 insinuans,
691 2302 747 2348 ut
768 2293 917 2359 Abel,
937 2303 991 2349 et
1018 2293 1151 2361 Noe,
1175 2305 1230 2349 et
1253 2295 1457 2350 Enocli.
1480 2295 1737 2363 Nutritus,

156 2381 350 2450 inquit,
373 2382 425 2435 in
448 2392 700 2437 senectute
720 2384 870 2437 bona.
900 2384 963 2439 Et
985 2384 1154 2455 Qualis
1181 2384 1295 2440 haec
1314 2393 1563 2441 senectus
1580 2386 1738 2453 bona,

154 2469 383 2527 fortasse
430 2472 570 2528 dicet
612 2474 821 2543 aliquis,
854 2475 921 2530 ad
950 2490 1109 2547 quam
1138 2476 1299 2531 tantis
1339 2478 1601 2533 molestiis
1647 2493 1743 2548 per

155 2570 323 2616 totam
354 2561 513 2616 vitam
546 2563 795 2618 transiit?
818 2563 1012 2620 Verum
1040 2581 1108 2621 ne
1131 2565 1231 2622 hoc
1259 2567 1523 2633 attendas,
1555 2568 1736 2634 homo,

151 2650 250 2706 sed
293 2662 479 2721 specta
512 2668 632 2723 qua:
684 2654 758 2708 illi
799 2657 943 2710 omni
984 2665 1223 2726 tempore
1263 2655 1424 2713 fuerit
1450 2658 1613 2728 gloria
1641 2700 1656 2723 ,
1687 2670 1742 2715 et

152 2741 427 2810 quomodo
449 2743 710 2813 gloriosus
737 2745 932 2800 vixerit
958 2747 1269 2816 peregrinus
1294 2748 1383 2819 qui
1413 2749 1626 2804 civitate
1653 2752 1737 2803 fo-

152 2844 327 2900 coque
354 2832 588 2897 carebat,
619 2842 674 2888 et
698 2844 895 2903 quanto
924 2835 1024 2907 ipsi
1050 2835 1230 2892 datum
1256 2847 1338 2894 est
1362 2842 1505 2893 omni
1537 2850 1743 2911 tempe.

154 2935 217 2975 re
262 2921 352 2975 Dci
394 2921 632 2979 subsidio
657 2924 781 2979 frui.

230 3010 473 3068 Senectus
512 3015 640 3071 bona
664 3033 799 3087 qua.
826 3016 1194 3092 Quadringenti
1238 3024 1361 3077 anni
1394 3026 1646 3080 serrittttis
1687 3026 1740 3080 in

150 3099 387 3172 Αἶρνριο
413 3119 445 3155 a
470 3120 569 3173 quo
597 3107 845 3177 principio
874 3109 1113 3163 ducendi.
1135 3112 1331 3167 —Non
1364 3114 1521 3184 igitur
1547 3132 1741 3171 secun-

151 3188 282 3245 dum
313 3201 628 3261 praisentem
672 3196 976 3267 opinionem
1006 3199 1074 3254 de
1104 3200 1262 3255 rebus
1283 3202 1539 3271 judicium
1572 3204 1736 3273 feras,

151 3296 330 3352 neque
374 3293 702 3341 senectutem
758 3303 879 3345 esse
925 3289 1119 3345 bonam
1163 3307 1405 3360 censeas,
1437 3299 1638 3353 versari
1684 3300 1738 3353 in

145 3370 302 3438 luxu,
322 3370 555 3441 deliciis,
581 3385 633 3431 et
654 3376 891 3445 crapula,
909 3377 961 3431 iu
979 3382 1314 3449 possessione
1338 3383 1662 3461 divitiarum,
1686 3396 1742 3444 et

149 3477 344 3534 magna
382 3465 696 3522 famulorum
720 3469 1073 3538 multitudine,
1099 3474 1584 3548 mancipiorumque
1603 3495 1741 3550 gre—

148 3551 327 3624 gibus.
350 3554 473 3611 litec
500 3558 641 3612 enim
670 3570 999 3617 senectutem
1030 3563 1218 3619 bonam
1244 3581 1347 3621 non
1374 3568 1620 3637 reddunt,
1643 3572 1737 3626 sed

149 3651 211 3700 ct
231 3643 445 3700 tnultam
474 3647 965 3707 condemnationem
987 3652 1219 3710 afferunt
1237 3658 1284 3711 ei
1307 3658 1395 3729 qui
1416 3674 1483 3714 ne
1505 3660 1558 3715 in
1579 3677 1739 3718 sene-

152 3741 303 3790 ctute
322 3737 532 3805 quidem
563 3738 942 3797 continentiam
973 3755 1221 3813 exercet,
1266 3764 1439 3819 neque
1465 3752 1530 3805 ad
1558 3762 1737 3809 extre-

157 3839 279 3879 mos
306 3826 553 3882 redactus
577 3831 811 3900 spiritus,
834 3832 900 3889 de
920 3835 985 3889 iis
1000 3850 1118 3905 qua:
1147 3839 1434 3907 expediunt
1456 3841 1731 3909 deliberat,

153 3914 252 3970 sed
307 3917 541 3987 quotidie
592 3920 828 3991 indulget
881 3926 1072 3991 ventri,
1122 3937 1358 3984 sectatur
1398 3934 1635 3988 convivia
1683 3945 1736 3990 et

154 4003 442 4061 ebrietates
460 4047 475 4071 ,
498 4008 563 4063 de
591 4010 781 4079 quibus
813 4014 1062 4069 omnibus
1091 4032 1195 4071 non
1234 4021 1399 4074 multo
1426 4032 1544 4091 post
1584 4027 1735 4079 ratio-

156 4109 281 4150 nem
308 4096 609 4153 redditurus
645 4110 746 4154 est.
776 4101 916 4159 Sane
941 4105 1031 4174 qui
1060 4105 1115 4160 in
1154 4107 1235 4162 via
1265 4109 1473 4164 virtutis
1498 4112 1738 4169 ambula-

157 4176 255 4253 νῆ,
280 4187 365 4242 hic
390 4204 516 4245 vere
536 4192 765 4247 nutritus
792 4194 842 4248 in
862 4207 1135 4253 senectute
1162 4199 1317 4265 bona,
1340 4202 1446 4257 vita
1472 4201 1729 4274 fungitur,

155 4285 212 4331 et
253 4277 490 4332 laborum
522 4284 858 4349 praesentium
898 4285 1100 4342 invenit
1134 4276 1529 4347 retributiones.
1560 4294 1626 4349 Et
1657 4296 1734 4350 id-

154 4366 300 4421 circo
326 4368 539 4437 inquit:
581 4371 707 4427 Tuis
742 4374 954 4443 quidem
984 4380 1264 4450 nepotibus
1301 4382 1419 4436 talia
1448 4363 1730 4455 eieitiem,

155 4464 212 4508 tu
248 4466 421 4511 autem
445 4458 612 4534 abibis
639 4464 865 4517 nutritus
888 4465 941 4520 in
972 4466 1243 4525 senectute
1269 4471 1426 4526 bona.
1454 4474 1548 4529 Hic
1568 4478 1731 4530 anim-

151 4545 391 4612 adverte,
422 4552 687 4618 quomodo
734 4555 832 4607 nisi
882 4556 996 4624 ejus
1043 4558 1226 4627 ingens
1255 4560 1439 4616 fuisset
1478 4564 1729 4619 fortitudo

150 4644 209 4688 et
232 4635 562 4707 pltilostipbia
600 4641 797 4696 eximia
823 4683 838 4707 ,
881 4644 995 4700 hiBC
1041 4662 1249 4717 quoque
1273 4653 1589 4709 conturbare
1614 4655 1728 4725 ejus

152 4735 385 4780 mentem
414 4730 724 4796 potuissent.
760 4732 943 4789 Dicere
970 4738 1111 4790 enim
1141 4748 1368 4808 poterat,
1405 4744 1449 4797 si
1480 4745 1671 4815 aliquis
1698 4765 1727 4801 e

151 4814 312 4884 vulgo
332 4814 517 4871 fuisset
548 4836 561 4872 :
585 4836 748 4889 quare
776 4826 1038 4891 promittis
1067 4830 1194 4883 mihi
1221 4840 1427 4887 tantum
1451 4814 1630 4891 semen
1660 4853 1724 4892 ex

146 4919 238 4959 me
263 4905 495 4962 futurum
522 4916 577 4963 et
604 4916 1023 4983 propagandum,
1060 4920 1103 4972 si
1134 4910 1351 4989 nepoies
1388 4927 1545 4979 tantis
1572 4938 1726 4982 erunt

146 4996 303 5050 malis
350 5006 403 5052 et
450 4998 857 5061 calamitatibus
882 5007 1132 5076 obnoxii,
1161 5014 1574 5086 servitutemque
1603 5029 1726 5073 sunt

144 5094 223 5137 tot
254 5088 407 5141 annis
454 5089 771 5146 toleraturi?
795 5111 913 5165 qua:
948 5098 1076 5151 mihi
1111 5099 1234 5156 hinc
1264 5104 1495 5160 utilitas?
1527 5107 1721 5162 Verum

140 5174 273 5227 nihil
320 5174 509 5246 horum
530 5179 702 5249 justus
733 5185 998 5253 cogitavit,
1029 5188 1121 5243 sed
1152 5193 1302 5260 quasi
1341 5204 1521 5263 gratus
1547 5197 1722 5253 famu-

138 5259 243 5324 lus,
278 5266 451 5317 omnia
491 5283 609 5335 quae
631 5285 656 5321 a
676 5270 795 5325 Deo
821 5273 1015 5329 fiebant
1039 5259 1177 5332 'boui
1209 5259 1493 5351 consuluit,
1521 5296 1574 5341 et
1602 5304 1720 5358 qua:

142 5350 241 5418 ipsi
266 5352 574 5424 placebant,
613 5373 721 5415 sua:
749 5362 1065 5430 pricferebat
1094 5374 1391 5428 sententia).
1437 5350 1637 5434 Deinde
1666 5390 1720 5434 et

137 5449 348 5509 tempus
386 5444 433 5497 ei
474 5446 753 5517 signiﬁcat,
795 5469 898 5523 quo
935 5471 965 5510 a
1003 5461 1257 5516 servitute
1307 5475 1430 5519 sunt
1473 5469 1713 5525 redituri.

141 5527 270 5586 Nam
303 5542 578 5603 postquam
603 5541 757 5595 annis
786 5545 1185 5617 quadringentis
1229 5556 1519 5612 servituros
1546 5561 1713 5615 dixis-

136 5628 240 5681 set,
272 5622 487 5679 subdit:
527 5626 611 5682 16.
645 5629 974 5689 Generatione
1010 5652 1174 5694 autem
1203 5656 1383 5712 quarta
1409 5660 1714 5704 reuertentur

136 5709 255 5812 nar.
297 5709 491 5770 Verum
533 5717 834 5781 hicmerito
870 5727 989 5795 quis
1027 5709 1252 5801 dubitet,
1289 5741 1557 5805 quomodo
1584 5759 1711 5812 qua-

130 5798 424 5870 dringentis
452 5809 605 5865 annis
630 5812 753 5868 dicit
784 5819 1105 5887 servituros,
1142 5798 1384 5893 qttami'is
1422 5798 1707 5902 nequc.di-

1143 443 1206 498 IN
1244 440 1397 497 CAP.
1444 438 1553 494 XV.
1598 432 1845 492 GENES.
1887 431 2117 490 lf-LMllL
2163 428 2425 491 XXXVII.

3340 440 3443 497 316

1851 551 2071 606 midium
2102 566 2288 608 eorum
2318 554 2513 608 fuerint
2542 556 2639 624 ipsi
2663 552 2990 635 itrEgypto.
3020 559 3304 629 Propterea
3335 575 3440 615 non

1850 643 1987 697 dixit
2006 658 2100 699 eos
2127 645 2177 699 in
2202 643 2437 715 Egypto
2461 644 2665 701 futuros
2686 662 2811 702 esse
2836 648 2987 704 annis
3015 650 3440 721 quadringentis,

1850 735 1967 798 sed,
1998 734 2065 790 In
2092 745 2225 789 terra
2250 752 2352 790 non
2377 754 2489 802 sua,
2523 738 2592 792 ita
2638 745 2695 791 ul
2728 739 2895 809 possit
2918 744 3293 796 connumerari
3320 759 3440 799 cum

1851 827 2005 882 annis
2042 829 2093 883 in
2130 828 2363 900 Egypto
2399 830 2600 884 exactis
2627 829 2800 899 ipsum
2846 832 3161 900 patriarcha:
3192 844 3401 902 tempus
3424 876 3441 900 ,

1851 940 1914 977 es
1940 940 2046 993 quo
2070 925 2120 979 ei
2150 924 2467 995 imperatum
2511 937 2612 988 est,
2667 936 2725 980 ut
2771 941 2835 981 ex
2875 928 3114 982 Cbarran
3158 928 3444 999 egredere-

1853 1014 2066 1083 tur(a).
2101 1016 2180 1068 Ab
2234 1015 2321 1069 illo
2374 1014 2515 1069 enim
2567 1026 2805 1085 tempore
2855 1033 3137 1073 numerum
3178 1032 3445 1075 annorum

1852 1108 2007 1161 nobis
2046 1106 2219 1176 palam
2251 1108 2375 1162 fecit
2415 1107 2711 1177 Scriptura,
2762 1124 2881 1179 qua:
2928 1109 3064 1163 dixit
3108 1109 3441 1179 septuaginta

1849 1200 2082 1269 quinque
2137 1206 2399 1253 annorum
2450 1199 2613 1263 fuisse
2663 1200 2893 1262 Abram,
2941 1201 3154 1270 quando
3197 1203 3327 1256 exiit
3374 1217 3443 1259 ex

1848 1288 2086 1343 Charran
2121 1289 2270 1360 (Gen.
2306 1289 2392 1343 η.
2420 1291 2478 1359 4)
2504 1308 2517 1344 :
2546 1306 2609 1344 ex
2641 1306 2706 1344 eo
2735 1292 2891 1359 igitur
2918 1302 3155 1361 tempore
3184 1308 3350 1363 usque
3374 1292 3457 1347 ad.

1849 1381 2050 1435 exitum
2078 1380 2145 1436 tle
2172 1380 2426 1451 IEgypto,
2455 1382 2498 1435 si
2528 1382 2646 1451 quis
2677 1394 2963 1451 supputarc
2988 1385 3129 1451 velit,
3161 1400 3440 1438 numerum

1852 1472 2110 1539 integrum
2142 1472 2394 1525 inveniet.
2430 1473 2540 1527 Dici
2593 1484 2772 1541 posset
2800 1476 2960 1528 etiam
2984 1516 2998 1536 ,
3048 1474 3329 1529 Dotninutn
3360 1484 3443 1529 ut-

1851 1571 1975 1630 pote
2023 1562 2331 1632 beuignum,
2361 1573 2415 1618 et
2446 1563 2797 1619 imbecillitati
2844 1576 3044 1635 nostrae
3086 1579 3443 1636 congruentes

1852 1668 2038 1722 pcenas
2057 1670 2270 1725 semper
2321 1656 2660 1720 inferentem,
2693 1664 2814 1728 quia
2862 1659 2991 1713 \‘itlll
3020 1674 3113 1713 eos
3158 1663 3225 1713 ita
3260 1661 3443 1714 labore

1850 1759 2076 1813 pressos,
2125 1756 2179 1800 et
2220 1746 2501 1818 Egyptios
2546 1764 2790 1819 magnam
2844 1750 2894 1806 iu
2944 1765 3037 1805 eos
3072 1752 3441 1806 crudelitatem

1846 1852 2120 1899 exercere.
2158 1850 2281 1894 ante
2304 1841 2580 1895 definitum
2611 1852 2819 1912 tempus
2846 1844 3100 1897 ultionem
3145 1845 3355 1907 fecisse,
3387 1856 3443 1901 et

1847 1929 1912 1982 ad
1946 1930 2245 1986 libertatem
2269 1946 2362 1986 eos
2387 1931 2685 1987 reduxisse.
2715 1934 2807 1988 Dei
2836 1936 2977 1988 enim
3008 1950 3124 1989 mos
3151 1944 3264 2001 cst,
3308 1951 3443 2007 quo-

1850 2022 1989 2075 niam
2014 2023 2065 2076 in
2088 2025 2332 2078 omnibus
2350 2025 2576 2079 salutem
2600 2036 2834 2080 nosttam
2859 2036 3131 2095 operatur,
3156 2036 3213 2081 ut
3230 2030 3440 2085 etiamsi

1849 2113 2080 2168 minetur
2114 2130 2171 2170 se
2200 2115 2508 2184 punitorum
2529 2158 2543 2181 ,
2574 2118 2617 2171 si
2651 2133 2746 2172 nos
2774 2118 3102 2174 voluerimus
3129 2122 3437 2176 conversio-

1847 2204 1930 2258 nis
1958 2207 2228 2275 specimen
2262 2208 2516 2263 exhibere
2536 2252 2551 2276 ,
2584 2211 2848 2279 possimus
2878 2212 2993 2282 ejus
3022 2228 3276 2269 revocare
3318 2229 3442 2270 scn-

1848 2286 2085 2350 tentias:
2120 2307 2174 2351 ct
2219 2313 2251 2352 e
2290 2298 2504 2354 diverso
2532 2301 2575 2354 si
2621 2302 2932 2369 polliceatur
2980 2304 3177 2373 aliquid
3229 2304 3353 2358 boni
3382 2320 3443 2361 se

1845 2388 1999 2445 nobis
2027 2390 2428 2457 daturutnpuos
2454 2402 2629 2447 autem
2681 2410 2786 2448 non
2838 2395 3175 2449 attulerimus
3205 2411 3267 2451 ea
3314 2412 3467 2476 quat_

1847 2478 2111 2535 facultatis
2132 2492 2328 2537 nostrie
2357 2494 2512 2546 sunt,
2547 2499 2720 2554 neque
2747 2486 2861 2555 ipse
2905 2488 3223 2555 promissum
3270 2487 3441 2543 adim-

1845 2570 2007 2639 pleat,
2040 2587 2107 2627 ne
2134 2587 2234 2628 nos
2263 2589 2325 2629 ea
2365 2574 2570 2629 ratione
2599 2576 2897 2632 deteriores
2920 2578 3230 2633 evadamus.
3267 2581 3441 2650 Atque

1846 2662 1961 2719 haec
1986 2664 2226 2719 invenire
2258 2667 2507 2736 poteritis
2523 2672 3033 2741 quotquotstndiosi
3049 2688 3203 2729 saera
3214 2693 3332 2730 rttm
3350 2676 3439 2731 Li-

1848 2764 2085 2809 tcrarum
2132 2759 2282 2812 estis.
2319 2758 2514 2825 Quarta
2543 2770 2727 2828 ιιηιιιειη
2764 2763 3088 2831 generatione
3130 2774 3436 2817 revertentur
3512 2802 3515 2807 -

1844 2844 1945 2898 huc
1967 2860 1985 2899 :
2004 2847 2225 2901 nondum
2247 2849 2378 2901 enim
2399 2850 2661 2921 completis
2673 2862 2791 2905 sunt
2810 2852 3097 2921 iniquitates
3117 2854 3439 2908 Amo‘rrlueo-

1843 2953 1956 2991 runt
1985 2955 2139 3010 usque
2168 2956 2319 2995 nunc.
2351 2940 2520 3008 Tunc,
2570 2943 2774 3013 inquit,
2805 2945 2907 2999 erit
2954 2955 3163 3013 tempus
3194 2957 3245 2999 ul
3278 2956 3330 3000 ct
3361 2946 3436 3003 illi

1843 3028 2165 3083 reducuntur
2212 3030 2265 3085 in
2295 3031 2595 3089 libertatem
2618 3076 2633 3099 ,
2663 3044 2718 3089 et
2758 3035 2812 3089 bi
2859 3051 3070 3105 poenam
3102 3037 3310 3092 luentes
3342 3052 3436 3107 pro

1845 3119 2183 3173 multitudine
2223 3133 2561 3189 peccaturum
2599 3138 2630 3179 e
2672 3135 2813 3179 terra
2852 3126 3206 3194 expelluntur.
3261 3128 3438 3184 Ambo

1844 3208 2020 3280 itaque
2037 3210 2161 3266 fient
2187 3221 2425 3283 tempore
2445 3224 2767 3285 opportuno,
2793 3225 2846 3270 ct
2863 3217 3072 3272 illorum
3096 3220 3433 3299 instauratio,

1842 3301 1899 3355 et
1925 3301 2115 3356 horum
2143 3303 2429 3359 excidium.
2470 3303 2715 3360 Nondum
2744 3306 2888 3362 enini
2909 3308 3154 3379 impletae
3178 3320 3300 3366 sunt
3329 3310 3435 3367 ini-

1842 3392 2071 3460 quitates
2091 3408 2273 3448 eorum
2308 3412 2322 3449 :
2351 3396 2503 3465 quasi
2532 3396 2675 3452 dicat
2697 3398 2891 3468 aliquis
2922 3415 2935 3451 :
2967 3400 3214 3456 Nondum
3247 3403 3298 3456 in
3328 3412 3434 3459 tan-

1844 3490 1899 3535 to
1928 3498 2151 3537 numero
2190 3492 2409 3554 peccata
2436 3486 2795 3554 admiserunt,
2826 3498 2884 3544 ut
2912 3490 3073 3546 talem
3116 3491 3432 3564 ferant‘pm-

1844 3588 1986 3626 nam.
2038 3575 2175 3630 Deus
2202 3578 2343 3631 enim
2372 3578 2633 3649 benignus
2676 3594 2797 3635 cum
2840 3582 2942 3645 sit,
2975 3598 3080 3637 non
3111 3585 3286 3642 solum
3324 3602 3432 3659 non

1844 3663 2045 3719 inducit
2066 3681 2252 3736 poenas
2281 3670 2509 3737 peccatis
2539 3670 2843 3740 graviores,
2875 3675 2970 3729 sed
2996 3682 3050 3729 et
3076 3676 3230 3731 valde
3254 3678 3431 3734 mino-

1843 3767 1950 3807 res.
1983 3753 2211 3825 ldeoque
2232 3766 2429 3812 tantam
2455 3775 2577 3831 erga
2610 3761 2728 3817 illos
2753 3763 2970 3820 exhibet
2992 3768 3351 3837 tolerantiam,
3373 3778 3433 3827 ut

1839 3858 1961 3898 cum
1987 3846 2223 3916 sibiipsis
2250 3863 2529 3917 poenarum
2554 3850 2662 3906 sint
2686 3861 2952 3929 auctores,
2984 3858 3180 3912 nullam
3208 3860 3432 3929 posthac

1839 3937 2233 3993 excusationem
2264 3940 2512 3994 habeant.
2742 3928 2745 3929 ⁷

1918 4030 1972 4087 ι.
2013 4026 2233 4085 Vidistis
2257 4033 2523 4100 quomodo
2566 4036 2881 4103 patriarcha:
2918 4039 3097 4094 omnia
3146 4040 3431 4112 diligenter

1839 4124 2111 4191 indicavit,
2139 4132 2196 4178 ut
2224 4139 2295 4179 ex
2325 4125 2469 4180 omni
2504 4135 2654 4195 parte
2683 4127 2799 4196 ejus
2842 4129 3119 4186 roboraret
3158 4132 3343 4200 fidem,
3375 4148 3430 4194 et

1838 4225 1896 4269 ut
1933 4231 1997 4270 ex
2043 4215 2108 4269 iis
2136 4231 2254 4285 quae
2280 4214 2347 4269 ad
2372 4231 2494 4270 cum
2521 4215 2660 4271 dicta
2687 4216 2897 4273 fuerant
2923 4221 3194 4278 conlidere
3220 4237 3424 4295 posset,

1836 4306 1994 4360 etiam
2028 4304 2369 4375 prosperitati
2396 4305 2513 4376 ejus
2539 4306 2655 4363 hinc
2694 4310 2914 4364 omnino
2940 4325 3200 4370 eventura
3238 4332 3360 4372 esse
3409 4336 3423 4375 :

1898 4442 1969 4503 (α)
2003 4448 2068 4516 ita
2091 4454 2350 4516 numerare
2388 4443 2548 4516 solent
2572 4446 2603 4493 ii
2641 4447 2725 4509 qui
2756 4447 2887 4516 inter
2909 4449 3231 4516 clironologos
3254 4456 3429 4516 princi-

1834 4501 2194 4566 pem'obtiuent
2214 4501 2397 4560 locum;
2423 4507 2488 4554 ita
2507 4501 2674 4555 tamen
2700 4516 2754 4557 ut
2777 4510 2824 4556 in
2848 4501 3427 4566 recensioueunou'ot—n‘tii.

1834 4577 1897 4629 no
1919 4577 2026 4629 cum
2049 4563 2380 4629 Chrysostouio
2401 4568 2722 4629 consentiant,
2737 4572 2946 4620 maxime
2961 4586 3077 4621 vero
3101 4588 3209 4623 cum
3233 4563 3347 4626 dicit
3358 4563 3426 4629 ne

1831 4625 2077 4689 dimidium
2123 4624 2322 4689 quidem
2366 4624 2829 4689 quadringenwrmn
2852 4646 3085 4683 annorum
3109 4624 3341 4687 Henricus
3365 4624 3424 4689 in

1832 4684 2038 4759 Αῑεχιοιο
2053 4684 2305 4759 mansisse;
2332 4684 2555 4759 Petavius
2567 4684 2730 4759 autem
2752 4694 2823 4740 sic
2842 4693 3079 4759 calculum
3096 4684 3249 4759 ponit,
3270 4684 3424 4749 natio:

1833 4746 1951 4815 uarii
1979 4746 2175 4815 pares,
2210 4746 2243 4815 ιζ
2268 4746 2315 4815 9,,
2341 4761 2389 4815 c._
2420 4748 2469 4808 .t,
2490 4749 2806 4815 _ubi_Paulutu
2840 4746 3109 4815 aposiotuui
3142 4746 3424 4811 (incautas-

1824 4810 2011 4879 quitur,
2038 4809 2191 4881 quiin
2218 4808 2421 4881 epistola
2444 4809 2730 4881 adigalatas.
2755 4814 2804 4870 3,
2843 4808 2919 4881 i7,
2943 4817 3066 4866 dixit
3092 4830 3201 4881 post
3221 4808 3425 4874 annosa

1832 4873 2065 4976 promissa
2088 4869 2315 4941 divinitus
2338 4871 2720 4944 terraﬁbanaan
2748 4869 3127 4976 quadringentos
3152 4869 3202 4932 ει
3227 4869 3424 4945 triginta

1854 4944 1996 4976 nomn
2022 4930 2198 4976 editam
2246 4932 2413 4976 fuisse.
2440 4940 2556 4976 Hinc
2578 4946 2698 4976 vero
2727 4948 2797 4976 Slt‘.
2818 4936 2951 4976 mimi
2973 4953 3032 4976 nc
3053 4942 3244 4976 ίιιιριιιι.»
3271 4959 3281 4969 .
3312 4952 3420 4976 nm-

1854 4944 1996 4994 agent
2022 4930 2198 4979 editam
2217 4991 2226 4994 _
2246 4931 2413 4981 fuisse.
2440 4934 2556 4982 Hinc
2578 4946 2698 4983 vero
2727 4930 2797 4983 sic
2818 4930 3032 4987 calculus
3053 4930 3244 4991 ducitur
3270 4930 3422 4994 g‘iiiu.‘

1831 4991 1994 5067 missio
2018 4991 2401 5067 ttf’rthbanaan
2437 4995 2701 5067 abrahauio
2723 4996 2845 5048 facta
2879 5007 2965 5067 est
2989 5013 3116 5067 anno
3140 5006 3248 5053 vitae
3274 4991 3422 5067 ipsius

1830 5051 2042 5121 ineunte
2054 5054 2131 5102 76.
2156 5061 2268 5121 Cum
2286 5063 2481 5121 centum
2508 5064 2643 5121 esset
2661 5070 2893 5108 annorum
2910 5061 3171 5121 Abraham,
3191 5051 3419 5119 audisve—st

1829 5117 1971 5160 lsaae.
1997 5115 2063 5186 Ab
2085 5120 2193 5186 ortu
2217 5116 2357 5164 lsaaci
2383 5116 2442 5164 ad
2464 5119 2625 5186 iacchi
2650 5129 2807 5186 ortum
2831 5123 2942 5171 anni
2966 5115 3222 5186 sexaginta
3248 5115 3419 5178 nume;

1827 5174 2180 5248 τᾳιιιυνλιθςρὶ)
2201 5188 2434 5248 annorum
2460 5178 2550 5248 ιξο
2569 5179 2618 5227 in
2653 5180 2789 5248 ᾅδῃ
2810 5189 2911 5248 tum
2936 5174 3235 5248 veninvqun-s
3268 5174 3420 5240 annos

1825 5236 1993 5305 sicam
2016 5237 2079 5285 25
2100 5236 2370 5305 alirabatiii,
2390 5246 2441 5287 et
2462 5241 2525 5289 60
2548 5236 2951 5305 Isaaciﬁinxais,
2975 5236 3086 5294 anui
3103 5236 3418 5301 conﬁciantur

1826 5294 1935 5345 215.
1956 5297 2306 5370 ιοςθ-ιλιιιξμυο
2322 5294 2547 5370 tempore
2571 5304 2617 5349 iu
2647 5294 3063 5370 Egyptojatrem
3092 5294 3419 5370 «incepit-,Vaii;

1824 5369 1939 5439 tium
1961 5361 2140 5439 ageLbat
2162 5359 2231 5439 μὲ
2249 5373 2261 5405 :
2284 5362 2409 5439 nvixit
2431 5359 2595 5439 autem
2613 5359 2897 5435 annos'llo'.
2921 5378 2951 5415 Α
2980 5359 3305 5439 promissione
3331 5359 3417 5439 igi-

1823 5426 1902 5486 tur
1926 5419 2187 5486 Abrahath
2209 5419 2408 5486 factagagd
2434 5426 2626 5485 Joseplii
2651 5434 2856 5475 mortem
2883 5419 2995 5477 anui
3031 5440 3144 5479 sunt
3167 5419 3420 5486 285.7lliriic

1821 5481 1879 5550 ad
1897 5488 2055 5556 ortum
2080 5483 2215 5556 Musis
2234 5484 2344 5556 anui
2367 5481 2622 5556 79.39055
2658 5500 2834 5536 annum
2859 5481 3415 5556 agebatoctogesnnuui

1820 5540 1871 5590 in
1894 5544 2028 5611 exitu
2056 5555 2118 5590 ex
2144 5542 2364 5611 A‘Ig-z'pto.
2389 5544 2684 5611 Colligutttur
2709 5562 2829 5610 ergo
2845 5563 2872 5597 a
2888 5540 3416 5611 vpromissiori’e‘adinii;

1819 5604 2091 5667 gratiouetn
2117 5616 2181 5651 ex
2202 5592 2417 5667 Ἆῖξςγιιιο
2437 5592 2694 5658 οιιὶἶίψλῖὁ.
2713 5592 2830 5659 Ῑίἰῧὲ
2846 5592 3303 5664 Ῑ’έιξιῖι’ίίἰῖ’ἶ’ξῖιιῖἶῖ

1818 5664 2346 5737 ευηὶροιιὶειιιιωιυζὲί
2380 5668 2779 5737 bene‘ealculum
2823 5686 2998 5737 ponas;
3036 5676 3123 5737 sed
3163 5680 3275 5737 quia
3318 5664 3412 5728 nou

1816 5726 2012 5773 omnino
2028 5731 2217 5774 certum
2244 5736 2337 5787 est,
2378 5742 2476 5839 quo
2492 5730 2603 5779 vita:
2627 5726 2874 5782 Alirabauii
2914 5726 3041 5783 anno
3067 5735 3149 5784 ille
3172 5726 3410 5790 annorum

1816 5797 2049 5835 numerus
2071 5789 2134 5836 sit
2167 5789 2379 5839 incinien
2415 5804 2488 5839 us.
2512 5795 2628 5839 satis
2662 5796 2756 5839 erit
2776 5796 2816 5839 si
2858 5809 3096 5839 annorum
3116 5809 3300 5839 summa
3320 5803 3410 5839 ιιίιι.

1816 5797 2049 5857 numerus
2071 5789 2134 5836 sit
2167 5789 2488 5854 incipiendus,
2512 5795 2628 5844 satis
2662 5796 2756 5845 erit
2776 5796 2816 5844 si
2858 5809 3096 5846 annorum
3116 5809 3301 5849 summa
3320 5803 3411 5852 cir-

1816 5854 1941 5898 citer
1958 5854 2209 5898 statuatur.
