4094 6484
669 431 769 496 ιιι

673 554 834 615 utque
872 543 1033 598 etiam
1080 557 1143 599 ex
1191 542 1456 612 pranlieds
1495 539 1725 596 vicissim
1771 539 1976 594 ﬁrmam
2027 537 2246 592 haberet

675 635 832 690 tidem
855 675 872 699 ,
899 649 1120 691 necesse
1147 648 1264 707 esse
1286 635 1394 703 jam
1422 633 1532 687 licri
1559 631 1698 702 quod
1722 631 1788 686 de
1813 646 1878 686 eo
1915 631 2111 685 dictum
2139 629 2247 684 lue-

673 733 774 779 tat.
823 724 1036 788 Postea,
1088 725 1174 779 ubi
1219 723 1506 793 complevit
1556 721 1988 790 pmlictionem,
2043 721 2248 786 accepit

673 817 830 871 ttinm
860 816 947 870 ille
975 817 1178 884 signum
1208 815 1456 868 idoneum
1496 807 1680 868 eorum
1707 828 1828 883 qua:
1872 812 1969 881 ipsi
2009 811 2184 878 conlig
2206 828 2245 850 '-

671 915 814 961 ntnt.
848 907 930 960 l7.
965 905 1236 974 Postquam
1274 905 1370 975 fuit
1394 904 1472 958 sol
1497 905 1565 958 ad
1607 920 1861 968 occasum,
1893 901 2080 971 inquit,
2110 903 2247 970 facta

668 1007 741 1050 est
791 999 1019 1066 ﬂamma,
1062 1006 1107 1049 et
1149 1011 1260 1049 ecce
1298 995 1524 1049 clibanus
1569 994 1843 1066 laurigeris,
1893 1001 1938 1045 et
1986 989 2248 1060 bunpades

671 1088 820 1153 ignis,
848 1101 960 1152 quis
987 1087 1289 1140 transierunt
1313 1086 1444 1138 inter
1470 1084 1736 1138 divisiones
1761 1083 1901 1137 illas.
1945 1081 2010 1136 Et
2036 1080 2244 1136 ﬂamma

670 1184 726 1231 et
749 1175 990 1232 clibanus
1017 1183 1072 1232 et
1113 1175 1380 1247 lampades
1413 1171 1892 1244 conspiciebantur,
1941 1182 1998 1226 ut
2039 1170 2246 1241 signum

673 1270 808 1323 hate
837 1278 892 1323 et
929 1271 1104 1336 justus
1135 1269 1423 1323 llrutiorum
1463 1266 1744 1323 lmderum.
1789 1275 1842 1320 et
1879 1264 2136 1319 adventus
2166 1261 2248 1317 di-

671 1371 807 1412 vine
853 1360 1194 1429 operationis.
1245 1357 1500 1428 Denique,
1547 1367 1827 1427 postquam
1875 1354 2140 1423 completa
2191 1362 2246 1408 et

672 1446 850 1518 perfec
871 1461 904 1502 a
931 1456 1050 1502 sunt
1087 1448 1285 1510 omnia,
1334 1457 1611 1517 postquam
1653 1445 1786 1516 ignis
1822 1444 2089 1516 proposita
2119 1458 2247 1496 con-

670 1549 987 1605 sumpserat,
1035 1538 1118 1594 l8.
1154 1537 1436 1606 Disposuit,
1470 1538 1657 1607 inquit,
1689 1535 1936 1589 Dominus
1963 1535 2016 1588 in
2039 1535 2120 1587 die
2157 1534 2246 1586 illo

674 1629 819 1682 Abrae
862 1639 1210 1684 testamentum
1255 1631 1427 1684 dicens
1471 1643 1491 1683 :
1527 1628 1721 1683 Ssutini
1764 1637 1850 1681 tuo
1893 1625 2022 1680 dabo
2061 1635 2246 1680 terrain

672 1725 822 1789 hanc,
847 1742 878 1778 α
901 1726 1054 1797 ﬂuuio
1081 1724 1300 1798 λεπριὶ
1322 1740 1477 1794 usque
1517 1724 1585 1777 ad
1616 1723 1830 1793 ﬂuuium
1861 1737 2099 1793 magnum
2133 1719 2239 1774 Eu-

673 1815 918 1882 phratem,
949 1815 1038 1870 19.
1063 1816 1280 1883 (ἔριθοι,
1305 1824 1351 1868 et
1377 1812 1657 1879 Cettssaros,
1697 1821 1744 1866 et
1780 1811 2121 1869 Cedtnoneos.
2148 1808 2244 1867 20.

671 1912 717 1958 et
742 1904 1004 1967 Clte.'ttuos,
1031 1915 1080 1961 et
1111 1905 1428 1973 Pheraeos,
1458 1916 1506 1960 et
1534 1907 1804 1977 Daphnim,
1828 1915 1874 1959 et
1902 1904 2239 1968 Antorrbteos,

667 2003 717 2048 st
749 1994 1080 2061 Chanancos,
1119 2004 1164 2048 et
1205 1996 1400 2060 Encas,
1443 2006 1489 2050 et
1531 1994 1838 2066 (ἔποικοι,
1882 2005 1931 2050 et
1962 1995 2240 2050 Jsbuscos.

674 2082 807 2137 \‘ide
831 2085 1095 2154 quomodo
1120 2087 1290 2141 adhuc
1319 2096 1642 2156 perseverat,
1690 2097 1745 2140 ut
1776 2102 1820 2142 et
1843 2085 2055 2141 nllrmet
2092 2099 2242 2140 suam

674 2170 726 2224 in
757 2172 900 2226 illum
931 2174 1352 2242 promissionem.
1386 2175 1645 2245 Disposuit
1669 2176 1833 2241 enim,
1867 2176 2053 2245 inquit,
2081 2183 2238 2228 testa-

672 2271 893 2314 mentum
921 2262 1092 2316 dicens
1116 2277 1139 2316 :
1167 2263 1361 2317 Semiui
1385 2273 1472 2316 tuo
1501 2265 1630 2318 dabo
1657 2273 1842 2318 (errant
1869 2265 2018 2318 Itane.
2044 2261 2241 2316 Deinde

673 2358 729 2403 ut
743 2364 808 2404 es
826 2350 1100 2408 latitudine
1115 2361 1289 2411 terno.
1313 2363 1365 2408 et
1385 2369 1469 2406 am
1477 2354 1730 2422 pl'tudine
1747 2354 2087 2409 terminorum
2105 2354 2242 2410 scire

676 2439 839 2506 [uissit
858 2440 1030 2506 justus
1055 2451 1308 2510 quantum
1332 2443 1647 2498 extendetur
1669 2443 1785 2512 ejus
1804 2459 2006 2507 semen,
2032 2444 2201 2513 inquit
2225 2461 2238 2497 :

671 2526 715 2580 Α
739 2527 946 2594 ﬂumine
969 2529 1187 2600 Egypti
1214 2547 1367 2599 usque
1392 2532 1460 2584 ad
1482 2533 1671 2601 ﬂumen
1698 2532 2006 2601 Euphratem
2037 2540 2237 2586 tantum

672 2616 772 2669 erit
801 2630 981 2672 semen
1010 2628 1176 2674 tuum.
1208 2620 1481 2688 Perpende
1507 2621 1770 2692 quomodo
1800 2623 2062 2692 ingentem
2093 2637 2237 2677 sent-

672 2720 769 2774 per
800 2707 1185 2764 multitudinem
1218 2710 1288 2764 illi
1317 2709 1590 2766 declarare
1631 2713 1779 2767 velit.
1811 2711 2064 2779 Superius
2092 2712 2236 2766 enim

669 2795 822 2857 d'xit.
852 2812 912 2852 se
933 2797 1069 2853 sicut
1094 2799 1530 2854 innumerabilem
1557 2800 1829 2855 stellarum
1861 2815 2142 2854 numerum
2171 2801 2234 2853 il-

669 2881 773 2937 latn
802 2884 1061 2940 lucturum
1088 2901 1207 2944 esse
1235 2905 1250 2942 :
1279 2889 1365 2943 hic
1396 2899 1449 2941 et
1494 2887 1769 2944 latitudine
1799 2887 1980 2944 tioium
2011 2890 2234 2958 idipsum

666 2973 917 3038 declarat,
963 2987 1019 3031 ut
1055 2986 1111 3032 et
1152 2976 1274 3033 itan
1314 2979 1502 3044 discat,
1545 2995 1704 3050 quam
1748 2995 1808 3036 se
1846 2979 2126 3035 dilatatura
2169 2981 2238 3036 sit

667 3065 948 3120 multitudo
975 3067 1164 3121 futura.
1191 3067 1369 3138 Neque
1396 3069 1496 3122 hoc
1523 3071 1713 3131 solum,
1745 3071 1835 3124 sed
1859 3079 1911 3123 et
1939 3071 2236 3140 specialiter

665 3155 903 3224 gentium
927 3158 1249 3211 mentionem
1285 3158 1428 3222 facit,
1458 3173 1680 3228 quarum
1721 3162 2107 3228 possessionem
2151 3175 2237 3214 sc-

671 3243 797 3296 ntini
827 3243 942 3312 ejus
984 3247 1053 3300 sit
1095 3246 1332 3308 daturus,
1376 3255 1431 3301 ut
1459 3263 1521 3301 ex
1550 3247 1633 3302 bis
1673 3250 1919 3303 omnibus
1953 3251 2021 3305 de
2059 3266 2234 3306 rerum

667 3345 860 3387 eventu
887 3349 1104 3390 securus
1131 3335 1440 3391 redderetur
1461 3338 1649 3408 justus.
1682 3339 1744 3393 Et
1770 3354 1892 3394 cum
1924 3351 2080 3396 tanta:
2110 3359 2232 3410 pru-

671 3425 948 3481 tnissiones
973 3438 1150 3482 essent
1173 3427 1344 3494 lacte,
1373 3429 1544 3484 adhuc
1565 3435 1756 3485 mansit
1780 3432 1907 3487 Sara
1938 3441 1998 3486 st.
2021 3435 2152 3499 rilis,
2178 3443 2235 3489 et

667 3525 914 3583 senectus
937 3533 1119 3570 eorum
1161 3520 1481 3589 augebatur;
1527 3529 1584 3575 ut
1624 3535 1747 3576 cum
1790 3526 2072 3578 maximum
2113 3523 2230 3580 lidei

664 3613 773 3658 sua:
797 3605 1003 3674 signum
1035 3608 1344 3669 edidissent,
1376 3619 1496 3662 tunc
1535 3610 1724 3664 scirent
1767 3623 1821 3665 et
1865 3612 2104 3667 humana:
2133 3629 2231 3667 na-

666 3702 798 3746 tura:
826 3693 1202 3760 infimitatem,
1233 3707 1283 3752 et
1321 3697 1513 3751 divina:
1543 3699 1750 3754 virtutis
1793 3702 2228 3769 magnitudinem.

737 3781 948 3836 Herulis
972 3783 1289 3850 cohortatio;
1318 3788 1489 3856 gulam
1516 3797 1562 3840 et
1587 3789 1850 3855 crapulam
1890 3793 2144 3861 pro/ligat.
2161 3820 2234 3832 —

665 3869 860 3925 Verum
888 3887 953 3926 ne
980 3873 1168 3927 iterum
1197 3875 1463 3944 aliquanto
1489 3877 1694 3948 longius
1713 3894 2012 3934 sermonem
2037 3891 2230 3935 exten-

663 3957 871 4024 damus,
905 3962 987 4014 hic
1019 3963 1172 4016 linem
1200 3962 1442 4034 loquendi
1483 3965 1784 4022 faciamus':
1822 3984 1916 4023 vos
1943 3971 2229 4026 obsecran-

663 4058 743 4103 tes
773 4060 826 4104 ut
858 4053 1145 4106 imitatores
1172 4055 1286 4108 sitis
1316 4055 1469 4125 hujus
1497 4057 1824 4124 patriarchm.
1854 4059 2034 4126 Cogita
2063 4063 2226 4128 enim,

660 4137 876 4205 dilecte,
906 4144 1170 4211 quomodo
1211 4155 1422 4214 propter
1459 4148 1615 4202 verba
1657 4147 1746 4201 illa
1786 4163 1903 4216 quze
1946 4148 2010 4202 ad
2052 4164 2229 4219 regem

663 4232 1014 4287 Sodomorum
1045 4234 1286 4302 iaciebat,
1324 4237 1432 4290 imo
1468 4248 1520 4290 ct
1563 4249 1776 4307 propter
1804 4239 2048 4293 virtutem
2076 4242 2233 4295 aliam

662 4336 895 4385 omnem,
936 4339 1093 4393 quam
1131 4341 1224 4393 per
1261 4341 1474 4380 omnem
1519 4328 1676 4380 vitam
1728 4343 1877 4381 suam
1924 4329 2229 4394 declaravit,

663 4420 804 4466 tanta
835 4414 1076 4468 mercede
1104 4431 1222 4468 eum
1251 4415 1496 4484 dignatus
1537 4417 1626 4482 sit,
1669 4427 1723 4470 ct
1750 4427 1942 4486 quanta
1982 4417 2230 4472 humani-

663 4511 767 4558 tate
795 4519 854 4557 se
878 4503 945 4559 ad
972 4520 1093 4560 eum
1124 4507 1602 4562 accommodaverit
1633 4508 1790 4572 Deus,
1821 4511 2108 4566 ostendens
2135 4526 2231 4580 per

661 4608 744 4655 ea.
775 4609 890 4664 quze
919 4597 968 4648 in
1008 4599 1356 4662 patriarcham
1385 4598 1626 4662 contulit,
1669 4599 1822 4652 nobis
1851 4599 2093 4652 omnibus
2119 4609 2242 4654 sur

642 4683 991 4739 liberilitatis
1017 4687 1442 4751 immensitatem,
1467 4699 1519 4742 et
1538 4703 1596 4742 se
1617 4688 1699 4742 vel
1726 4689 1955 4743 minimis
1981 4691 2230 4757 operibus

660 4783 1024 4844 provocatum,
1058 4791 1152 4829 nos
1177 4777 1374 4847 absque
1401 4793 1547 4833 mora
1575 4780 1776 4847 magnis
1803 4778 1952 4832 donis
1982 4795 2227 4834 remune-

661 4864 782 4926 rari,
814 4864 856 4916 si
889 4866 1146 4919 sinceram
1191 4867 1366 4932 Iidem,
1410 4868 1542 4921 sicut
1573 4868 1658 4921 ille
1687 4867 1881 4936 justus,
1923 4867 2228 4928 exhibueri-

662 4970 798 5019 mus,
837 4965 892 5009 et
937 4972 1220 5025 numquam
1271 4967 1445 5012 mente
1489 4959 1938 5022 ﬂuctuaverimus,
1969 4960 2060 5012 sed
2103 4975 2229 5014 con-

659 5053 884 5098 stantem
913 5056 968 5100 et
996 5045 1198 5100 firmam
1233 5048 1376 5102 illam
1426 5049 1781 5104 habuerimus.
1820 5050 1951 5103 llinc
1995 5053 2135 5113 enim
2176 5061 2228 5106 et

661 5135 751 5188 ille
788 5135 1146 5190 celebritatem
1192 5140 1500 5208 laudemque
1543 5149 1897 5208 consequutus
1940 5150 2042 5195 cst.
2091 5143 2226 5196 Audi

659 5227 816 5294 igitur
845 5227 1052 5282 beatum
1077 5229 1291 5283 Patdmn
1321 5232 1691 5299 praedicantem
1717 5232 1829 5299 ejus
1863 5232 2041 5298 lidem,
2069 5248 2225 5300 quam

657 5317 725 5369 ab
755 5318 904 5370 initio
927 5320 1155 5372 ostendit
1186 5337 1198 5373 :
1228 5321 1353 5374 dicit
1379 5323 1520 5375 enim
1555 5339 1566 5372 τ
1601 5321 1730 5374 Fide
1777 5333 1975 5374 vocatus
2019 5323 2224 5389 Abram,

656 5407 865 5461 dedivit
905 5420 958 5461 ut
995 5412 1149 5462 exiret
1176 5410 1229 5461 in
1259 5406 1440 5475 locum,
1484 5429 1627 5478 quem
1672 5424 1966 5480 accepturus
2008 5422 2132 5475 erat,
2178 5423 2226 5468 et

657 5497 803 5548 rxieit
830 5498 1064 5567 ignorans
1091 5517 1187 5568 quo
1218 5501 1307 5552 iret
1338 5499 1516 5566 (Hebr.
1559 5504 1634 5553 ll.
1665 5502 1719 5568 8)
1761 5520 1771 5553 :
1804 5502 1925 5555 illttd
1959 5503 2110 5556 nobis
2140 5504 2226 5557 ἰησ-

655 5583 891 5648 sinuatis,
923 5587 1059 5655 quod
1087 5605 1114 5639 a
1145 5589 1252 5642 Deo
1291 5589 1490 5642 d3ctum
1517 5599 1596 5642 est
1634 5607 1645 5641 :
1693 5591 1872 5658 Egredt
1889 5608 1942 5642 re
1985 5593 2046 5645 de
2089 5601 2223 5645 terra

655 5683 763 5735 tua,
791 5683 835 5725 et
861 5677 968 5728 veni
993 5678 1042 5728 in
1069 5688 1272 5739 terram,
1302 5695 1448 5745 quant
1480 5693 1814 5732 monstravero
1841 5679 1924 5730 tibi
1951 5678 2098 5748 (Gen.
2133 5680 2216 5734 12.

661 5765 730 5835 1).
766 5765 950 5820 Vidist‘
986 5768 1138 5822 ﬁdem
1171 5769 1413 5822 ﬁrmam?
1441 5769 1613 5822 vidisti
1655 5778 1880 5822 tuentem
1921 5769 2221 5825 sinceram?

1401 431 1456 486 S.
1497 428 1767 486 JOANNIS
1805 423 2264 493 CJIilYSOSTOMI
2303 421 2620 481 ARClllEi'.
2659 423 3191 484 CONSTANTINOP.

3854 433 3947 487 548

2357 533 2510 591 ilunc
2547 545 2601 591 et
2630 551 2729 591 nos
2753 535 3042 604 imitemur,
3073 548 3126 593 et
3156 537 3500 609 egrediantur
3531 550 3723 596 mente
3763 553 3818 597 et
3846 546 3940 596 ab-

2353 625 2586 681 critatca
2613 627 2894 696 praesentis
2917 627 3037 681 vita:
3064 628 3311 698 negotiis,
3334 644 3634 700 eamusque
3658 631 3714 686 in
3743 633 3950 690 ulnus.

2353 714 2614 771 Pessibile
2641 716 2783 770 enim
2814 725 2916 780 est,
2945 717 2988 770 si
3017 717 3359 781 voluerimus,
3387 729 3444 776 et
3468 721 3581 790 jam
3611 718 3703 775 hic
3732 737 3945 776 versan-

2354 813 2432 859 tcs
2470 805 2556 860 illa
2602 821 2822 878 pergere
2864 807 2970 871 via,
3015 807 3230 876 quando
3265 808 3423 878 digna
3459 811 3610 866 calis
3639 826 3947 880 operamur,

2351 895 2565 964 quando
2601 913 2708 951 non
2747 899 3066 966 suspicimus
3099 913 3161 953 ea
3203 914 3322 969 qum
3362 910 3492 955 sunt
3532 901 3697 971 hujus
3745 904 3948 968 mundi,

2351 987 2565 1056 quando
2594 1003 2700 1044 non
2739 989 2963 1060 gloriam
3010 1005 3200 1045 vanam
3239 991 3399 1060 hujus
3429 993 3550 1047 vita:
3602 995 3946 1064 inquirimus,

2350 1076 2444 1131 sed
2475 1077 2573 1133 hac
2592 1089 2916 1149 contempta,
2940 1080 3084 1137 illam
3107 1080 3416 1138 desiderare
3437 1083 3747 1151 studemus,
3770 1101 3949 1141 verum

2331 1165 2493 1221 .illam
2518 1168 2640 1222 dico
2663 1177 2718 1223 et
2743 1183 2958 1240 semper
2982 1181 3320 1237 manentem;
3347 1174 3563 1243 quando
3593 1190 3705 1229 non
3737 1177 3792 1230 in
3825 1177 3948 1231 luxu

2350 1257 2578 1312 vestium
2602 1260 2840 1328 occupati
2869 1275 3074 1328 sumus,
3101 1269 3278 1333 neque
3304 1277 3500 1333 corpus
3537 1282 3740 1322 ornare
3768 1269 3948 1324 stude-

2351 1362 2491 1416 mus,
2520 1349 2611 1404 sed
2638 1365 2854 1405 omnem
2897 1350 3041 1406 illum
3084 1363 3361 1408 extentum
3400 1355 3601 1409 cultum
3651 1355 3704 1410 in
3751 1359 3948 1413 anima:

2351 1439 2717 1493 transierimus
2740 1453 2945 1506 curam,
2987 1449 3043 1496 et
3079 1457 3182 1497 non
3227 1443 3544 1499 dimittimus
3568 1459 3692 1499 eam
3746 1447 3944 1501 undam

2350 1536 2402 1579 et
2433 1528 2711 1596 spoliatam
2754 1528 3076 1585 indumentis
3121 1531 3406 1597 virtutum;
3451 1535 3669 1602 quando
3711 1535 3945 1590 ridcmns

2349 1615 2586 1684 delicias,
2611 1620 2821 1688 quando
2845 1621 3027 1694 gulam
3052 1630 3106 1676 et
3131 1622 3404 1692 crapulam
3443 1617 3694 1694 fugimus,
3726 1629 3942 1695 quando

2350 1720 2456 1760 non
2497 1709 2743 1766 convivia
2789 1721 2845 1767 et
2881 1727 3064 1769 cautas
3107 1721 3397 1776 secuttuur,
3437 1713 3531 1768 sed
3579 1714 3940 1786 frugalitatem

2349 1813 2651 1864 servamus,
2708 1804 3000 1858 secundum
3053 1803 3401 1873 apostolicam
3446 1804 3877 1864 admonitionem
3925 1828 3940 1863 :

2353 1888 2604 1945 Habentes
2643 1892 2828 1946 rictum
2867 1905 2915 1948 et
2957 1894 3326 1954 indumentum,
3366 1895 3446 1948 Itis
3488 1899 3711 1951 contenti
3757 1900 3941 1953 erimus

2347 1978 2424 2051 (l.
2460 1979 2592 2034 Tim.
2619 1981 2672 2035 6.
2714 1979 2792 2052 8).
2820 1981 2950 2049 Qua:
2977 1984 3118 2038 enim
3160 1982 3360 2038 utilitas
3395 1983 3814 2054 superﬂuarum,
3854 1988 3941 2044 die

2349 2071 2500 2134 mihi,
2531 2080 2588 2126 ut
2612 2081 2853 2127 ventrem
2882 2073 3151 2127 dislendas
3190 2089 3300 2143 pra:
3340 2075 3499 2128 nimia
3540 2079 3859 2144 voracitate,
3889 2091 3940 2133 et

2347 2162 2540 2217 mentis
2579 2162 3126 2231 judicium-destrnas
3170 2178 3294 2233 prter
3325 2164 3605 2221 immodica
3633 2167 3744 2222 vini
3785 2179 3941 2239 pota-

2346 2251 2530 2306 tione?
2554 2267 2730 2306 annon
2759 2251 2882 2308 inde
2905 2255 3142 2323 corporis
3167 2262 3225 2309 et
3250 2255 3442 2309 animae
3471 2256 3606 2310 mala
3639 2271 3937 2314 nascuntur

2344 2344 2562 2398 omnia?
2591 2343 2741 2399 Unde
2785 2344 2932 2400 enim
2970 2345 3291 2414 multiplices
3340 2347 3442 2400 illa:
3486 2348 3840 2416 aegritudines
3885 2363 3937 2404 et

2345 2434 2582 2488 membra
2609 2434 2872 2489 distorta?
2905 2434 3092 2490 Nonne
3134 2434 3258 2489 hinc
3299 2435 3440 2506 quod
3471 2437 3590 2505 plus
3633 2453 3796 2508 quam
3840 2455 3937 2508 par

2343 2525 2432 2588 sit,
2469 2533 2708 2579 ventrem
2739 2525 2993 2580 oneribus
3026 2525 3344 2595 gravetnus?
3373 2523 3526 2582 Unde
3553 2539 3735 2582 autem
3779 2531 3934 2584 adul-

2343 2616 2496 2681 teria,
2528 2623 2730 2683 stupra,
2752 2615 2970 2684 rapinae,
2989 2630 3268 2670 avarorum
3285 2617 3515 2684 fraudes,
3538 2617 3739 2683 cedes,
3771 2621 3935 2673 latro-

2341 2704 2499 2769 cinia,
2530 2714 2586 2759 et
2630 2705 2804 2759 omnis
2841 2705 3033 2760 anima:
3072 2707 3382 2776 corruptio?
3417 2706 3603 2763 Nonne
3646 2711 3772 2778 quia
3815 2711 3931 2779 plus

2339 2792 2766 2862 concupiscimus
2786 2807 2943 2863 quam
2969 2793 3120 2848 nobis
3141 2795 3424 2864 congruit?
3448 2795 3598 2849 Sicut
3616 2799 3763 2851 enim
3791 2798 3931 2852 Pau-

2342 2881 2423 2936 lus
2456 2882 2686 2936 radicem
2713 2883 2951 2937 onmium
2979 2883 3240 2938 "talorum
3281 2885 3554 2939 avaritiam
3600 2888 3811 2941 vocavit
3847 2891 3927 2958 (1.

2340 2971 2472 3026 Tim.
2507 2973 2685 3040 6.10)
2732 2991 2746 3026 :
2791 2973 2870 3029 sic
2907 2989 3012 3028 non
3053 2975 3378 3029 aberrat-erit
3427 2974 3566 3044 quis,
3625 2975 3672 3029 si
3726 2976 3923 3035 fontem

2338 3064 2577 3118 omnium
2597 3064 2859 3118 malorum
2881 3063 3024 3117 dicat
3046 3064 3566 3131 immoderationetn,
3591 3074 3646 3120 et
3666 3069 3927 3138 cupidita-

2339 3161 2444 3207 tem
2476 3154 2618 3208 illam
2644 3168 2795 3208 usum
2814 3155 3234 3224 transgredieudi
3251 3157 3498 3212 omnibus
3515 3157 3568 3211 in
3587 3157 3769 3212 mlius.
3795 3159 3924 3214 Nam

2339 3241 2384 3319 si
2412 3242 2667 3297 vellemus
2693 3243 2745 3295 in
2771 3242 3064 3309 alimentis,
3094 3255 3148 3298 et
3177 3244 3433 3312 vestibus,
3461 3254 3517 3301 et
3547 3245 3836 3303 domiciliis
3871 3261 3924 3304 et

2338 3331 2457 3386 aliis
2481 3332 2848 3401 corporalibus
2876 3334 3083 3388 cunctis
3111 3334 3291 3388 usibus
3317 3335 3448 3390 nihil
3482 3335 3768 3393 immodice
3791 3354 3919 3393 con-

2336 3421 2645 3490 Cupiscere,
2693 3420 2786 3476 sed
2828 3423 3128 3476 necessaria
3179 3431 3380 3476 tantum
3429 3440 3691 3494 quzurere,
3745 3429 3920 3484 multis

2335 3512 2546 3566 damnis
2576 3513 2888 3568 liberaretur
2918 3513 3206 3568 humanum
3231 3529 3419 3584 genus.

2405 3601 2459 3656 5.
2501 3600 2698 3655 Verum
2730 3603 2908 3656 nescio
2941 3602 3029 3672 qui
3063 3603 3169 3666 liat,
3209 3614 3268 3657 ut
3297 3619 3483 3659 omnes
3508 3615 3561 3660 et
3590 3606 3783 3677 singuli
3825 3623 3917 3677 pro

2335 3693 2445 3744 suis
2490 3693 2689 3746 viribus
2734 3697 2972 3747 avaritiae
3019 3695 3206 3748 morbo
3248 3695 3580 3763 laboremus,
3629 3714 3913 3770 numquam

2334 3783 2599 3836 enitentes
2620 3791 2678 3836 ut
2706 3782 2840 3837 intra
2870 3786 3205 3838 necessitatis
3233 3801 3539 3840 maneamus
3575 3789 3793 3854 limites,
3825 3794 3911 3846 sed

2337 3874 2490 3940 plane
2518 3882 2698 3928 contra
2728 3876 3074 3944 apostolicum
3098 3875 3425 3941 mandatum,
3453 3877 3596 3947 quod
3623 3881 3776 3945 dicit,
3813 3882 3914 3934 ΙΙο-

2335 3964 2501 4016 bcntcs
2528 3964 2708 4015 victum
2737 3975 2784 4017 et
2813 3965 3073 4028 amictum,
3103 3966 3180 4019 Itis
3207 3968 3427 4020 contenti
3456 3972 3643 4022 erimus
3671 3971 3750 4039 (1.
3783 3970 3912 4026 Tim.

2335 4054 2387 4109 6.
2416 4053 2495 4125 8),
2517 4055 2692 4108 omnia
2716 4053 2956 4120 faciams,
2983 4057 3276 4112 nescientes
3304 4073 3400 4111 nos
3423 4059 3489 4112 de
3516 4062 3769 4116 omnibus
3799 4081 3912 4133 qua:

2337 4147 2470 4199 ultra
2492 4161 2641 4220 uspm
2664 4155 2901 4201 nostrum
2919 4158 3065 4215 sunt,
3092 4149 3347 4203 rationem
3370 4150 3588 4205 daturos
3605 4168 3749 4218 esse,
3775 4157 3910 4224 quod

2335 4237 2480 4289 alui
2505 4232 2671 4290 simus
2707 4235 2897 4291 divinis
2918 4239 3247 4292 muneribus.
3291 4239 3403 4292 Non
3434 4243 3576 4295 enim
3619 4243 3735 4296 ha-c
3767 4247 3912 4298 nobis

2335 4327 2599 4380 concessit
2624 4334 2679 4378 ut
2709 4342 2804 4380 nos
2827 4335 3029 4379 tantum
3058 4330 3137 4380 eis
3159 4338 3369 4382 utamur
3403 4347 3416 4382 :
3447 4331 3539 4383 sed
3569 4341 3621 4383 et
3649 4344 3708 4385 ut
3737 4337 3912 4401 ιιινυιὶο

2336 4432 2540 4469 morum
2587 4416 2923 4486 indigentiam
2969 4417 3328 4471 sublevemus.
3360 4418 3508 4486 Quali
3555 4422 3731 4490 igitur.
3765 4440 3911 4477 venia

2332 4503 2580 4574 diguandi
2611 4515 2752 4568 sunt,
2781 4507 2868 4573 qui
2900 4514 2954 4560 et
2980 4507 3030 4559 itt
3067 4508 3398 4562 vestimentis
3439 4508 3660 4562 multaut
3708 4515 3914 4564 vanita-

2334 4605 2438 4649 tetu
2467 4605 2753 4662 ostentant,
2781 4606 2833 4649 et
2874 4606 2930 4648 ut
2972 4599 3230 4650 vermium
3263 4607 3499 4651 texturas
3536 4611 3774 4668 gestent,
3811 4603 3912 4655 sol.

2335 4685 2459 4740 liciti
2490 4696 2634 4750 sunt,
2665 4687 2911 4755 quodque
2941 4688 3332 4754 gravissimum,
3364 4687 3414 4740 in
3438 4687 3522 4741 his
3551 4692 3906 4756 superbiant:

2333 4791 2464 4845 quos
2490 4775 2769 4842 Oportebat
2794 4777 3009 4844 rubore,
3030 4785 3190 4838 metu,
3215 4790 3277 4830 ac
3299 4786 3531 4831 tremore
3555 4782 3753 4843 teneri,
3777 4783 3908 4851 quod

2333 4866 2430 4935 ipsi
2459 4866 2668 4934 quidem
2711 4868 2778 4920 ob
2817 4866 3012 4920 nullam
3060 4869 3359 4931 utilitatem,
3407 4883 3578 4937 neque
3624 4875 3906 4926 neceSsarii

2332 4971 2456 5009 usus
2479 4956 2677 5025 gratia;
2708 4956 2798 5009 sed
2829 4965 3029 5009 tantum
3062 4957 3129 5010 ob
3156 4959 3440 5010 vanitatem
3471 4969 3524 5011 et
3550 4959 3768 5014 inanem
3797 4964 3906 5032 glo-

2332 5049 2484 5108 riam,
2510 5055 2563 5098 ct
2591 5056 2649 5098 ut
2677 5045 2831 5113 vulgo
2858 5060 2919 5097 ac
2954 5045 3251 5099 forensibus
3288 5047 3622 5100 admirationi
3663 5050 3794 5109 sint.
3840 5063 3910 5103 la-

2329 5136 2467 5189 libus
2497 5135 2812 5189 induantur:
2843 5135 2968 5194 dtuu
2987 5137 3224 5203 ejusdem
3254 5147 3454 5190 natnrze
3478 5152 3704 5192 consors
3731 5142 3904 5194 ollam.

2331 5226 2477 5282 bulat
2505 5227 2699 5292 nudus,
2731 5231 2818 5295 qui
2852 5219 3384 5292 nequecrasSissima
3416 5238 3560 5282 veste
3591 5232 3814 5283 amicire
3851 5245 3904 5282 se

2330 5330 2500 5387 potest
2531 5336 2546 5373 :
2574 5328 2627 5373 ct
2656 5332 2827 5387 neque
2855 5328 3036 5372 natura
3063 5319 3127 5371 ad
3157 5320 3676 5373 commiscrationem
3706 5321 3898 5374 dlicull-

2332 5419 2436 5470 tur,
2469 5424 2639 5478 neque
2668 5405 2994 5463 cmtseientia
3023 5408 3089 5461 ad
3119 5408 3485 5476 epitulandnm
3529 5409 3778 5475 proximo
3818 5423 3900 5460 cus

2329 5499 2513 5555 incitat
2545 5517 2556 5552 :
2592 5515 2761 5568 neque
2804 5501 3052 5552 memoria
3093 5499 3344 5554 horrendi
3386 5500 3525 5552 illius
3560 5501 3691 5565 diei,
3741 5515 3900 5565 neque

2326 5589 2584 5660 gehenna:
2611 5591 2786 5653 timor,
2818 5605 2988 5656 neque
3018 5589 3425 5658 promissionum
3455 5589 3790 5658 magnitudo,
3815 5603 3895 5640 ne

2327 5697 2428 5750 quc
2457 5681 2594 5735 i~tud
2623 5681 2816 5748 ipsum,
2848 5679 2985 5750 quod
3014 5681 3311 5734 cmnmunis
3343 5681 3596 5734 Dominus
3641 5691 3824 5734 noster
3849 5691 3894 5732 ut

2335 5772 2432 5825 sibi
2462 5771 2596 5825 facta
2628 5781 2848 5840 usurpat
2871 5787 2987 5841 qua:
3017 5770 3273 5844 proximis
3303 5770 3432 5824 iluut
3462 5788 3474 5821 :
3517 5770 3609 5825 sed
3639 5773 3789 5837 quasi
3826 5773 3889 5824 la-
