4094 6486
508 405 615 462 ειν

504 539 603 594 ρας
629 519 864 591 ἐκείνης,
894 518 1017 574 οὔτε
1035 521 1132 590 τῆς
1159 517 1385 586 γεέννης
1407 517 1435 568 δ
1465 513 1628 584 φόὸος
1653 552 1667 577 ,
1705 510 1826 564 οὐτε
1850 509 1957 563 τῶν
2003 509 2171 574 ἐπαγ-

501 607 708 678 γελιῶν
737 609 798 661 τὸ
824 606 1049 678 μέγεθος
1062 633 1088 671 ι,
1122 603 1245 657 οὐτε
1270 603 1330 656 τὸ
1353 601 1515 656 αὑτὸν
1547 600 1638 654 τὸν
1668 598 1843 652 κοινόν
1875 595 2030 668 ἡμῶν
2075 597 2165 648 Ae-

502 696 707 766 σπότην
728 695 977 750 ἀπάντων
994 689 1322 745 οἰκειοῦσθαι
1350 689 1419 743 τά
1443 690 1522 751 εἰς
1551 687 1677 748 τοὺς
1702 684 1984 754 ὁμογενεῖς
2030 698 2118 766 γιν
2138 687 2169 732 ν

503 800 642 856 μενα
663 765 676 811 έ
698 783 835 838 ἀλλά
859 780 1110 850 καθάπερ
1141 777 1349 848 λιθίνην
1375 776 1602 846 καρδίαν
1641 772 1878 843 ἔχοντες,
1929 769 2024 823 καὶ
2069 765 2175 830 έξω

498 871 598 942 τῆς
619 871 830 941 φύσεως
847 870 1016 931 ὄντες,
1036 865 1178 920 οὕτω
1198 866 1481 934 νομίζουσι
1501 861 1684 914 λοιπὸν
1705 858 1899 929 διάτὴν
1913 857 2020 910 τῶν
2041 857 2171 942 ίμαο

499 940 925 1029 τίωνπεριὸολὴν
941 954 1033 1008 καὶ
1048 953 1307 1024 ἀνώτεροι
1323 952 1418 1021 τῆς
1433 946 1773 1019 ἀνθρωπίνης
1784 947 1998 1014 φύσεως
2011 940 2168 1004 εἰναι,

496 1052 598 1099 οὐκ
610 1041 909 1105 ἐννοοῦντες
923 1043 1062 1094 δσων
1075 1039 1407 1101 ὑπευθύνους
1418 1037 1642 1099 ἐαυτοὺς
1655 1034 1964 1095 καθιστᾶσι,
1985 1031 2170 1093 κακῶς

495 1131 906 1201 οἰκονομοῦντες
926 1129 994 1183 τά
1008 1127 1158 1199 παρὰ
1170 1127 1261 1180 τοῦ
1295 1125 1563 1178 Δεσπότου
1585 1122 1765 1186 αὐτοῖς
1787 1123 1811 1174 ἐ
1819 1111 2170 1192 μεὶστευθέν-

498 1235 589 1283 τα,
601 1217 693 1270 καὶ
707 1217 767 1269 οὐ
786 1215 1092 1286 βουλόμενοι
1110 1216 1218 1276 τοῖς
1231 1211 1530 1274 συνδούλοις
1539 1210 1736 1264 διδόναι
1748 1227 1796 1262 τι
1815 1209 1976 1280 μέρος
1992 1219 2038 1270 ι,
2054 1205 2166 1260 ἀλλ’

498 1301 668 1371 ἡδέως
679 1301 906 1370 ἀφέντες
921 1299 1022 1352 ὑπὸ
1037 1299 1143 1351 τῶν
1158 1295 1336 1367 σητῶν
1346 1293 1486 1348 αὐτά
1499 1293 2006 1355 καταναλίσκεσθαι,
2019 1291 2117 1358 δαιῖ,
2130 1307 2167 1342 ι-

499 1387 750 1460 λέστερον
776 1389 956 1451 αὐτοῖς
976 1387 1037 1439 τὸ
1065 1383 1163 1456 τῆς
1187 1386 1412 1455 γεέννης
1441 1384 1555 1454 πῦιρ
1587 1384 1686 1454 ῆδη
1722 1381 2168 1452 προευτρεπίζου-

500 1491 613 1540 av;
640 1476 701 1528 Εἰ
732 1475 840 1545 7&9
873 1474 968 1528 καί
1013 1473 1189 1527 πάντα
1232 1472 1296 1525 τά
1337 1469 1484 1525 ἔνδον
1520 1469 1854 1539 ἀποκείμενα
1893 1468 2164 1537 διένειμαν

498 1563 608 1624 τοῖς
640 1560 912 1630 δεομένοις
944 1561 992 1613 οἰ
1026 1558 1400 1622 πλουτοῦντες,
1433 1557 1525 1611 καὶ
1547 1556 1719 1618 οὕτως
1741 1556 1839 1608 οὐκ
1861 1555 1926 1608 ἀν
1951 1555 2048 1624 τὴν
2071 1554 2163 1607 κόι-

495 1646 652 1700 λασιν
679 1647 932 1716 διέφυγον
956 1647 1094 1716 ὑπὲρ
1125 1640 1199 1699 ὧν
1222 1644 1528 1715 τρυφῶντες
1557 1644 1649 1698 καί
1676 1645 1733 1695 ἐν
1757 1644 1867 1704 τοῖς
1891 1641 2161 1711 ἐσθήμασι

497 1733 591 1786 καὶ
618 1734 674 1785 ἐν
700 1736 818 1797 ταῖς
848 1732 1121 1786 ἑστιάσεσι
1150 1732 1434 1785 διετέλουν.
1468 1731 1645 1800 Πόσης
1674 1729 1824 1800 [581]
1845 1729 1952 1798 γὰρ
1973 1729 2070 1780 οὐκ
2097 1729 2161 1780 ἂν

496 1815 608 1872 εἶεν
652 1819 926 1882 κολάσεως
964 1817 1103 1881 ἄξιοι
1146 1818 1198 1870 οἰ
1239 1819 1418 1872 πάντα
1443 1819 1642 1888 τρόπον
1675 1813 2063 1877 σπουδάζοντες
2093 1813 2160 1866 τά

499 1907 597 1975 μέν
623 1905 823 1976 σηρικά
858 1905 1280 1976 πριόεὸλῆσθαι
1319 1905 1579 1965 πολλάκις
1611 1902 1819 1972 ίμάτια,
1851 1902 1944 1954 καὶ
1985 1900 2159 1954 σοὸεῖν

497 1993 590 2044 ἐπὶ
621 1992 718 2061 τῆς
745 1993 970 2062 ἀγορᾶς,
1000 1993 1094 2045 καὶ
1115 1992 1184 2044 τά
1215 1992 1312 2061 μὲν
1345 1992 1552 2061 χρυσίῳ
1584 1987 1975 2057 καθυφασμένα
2007 2003 2163 2056 περι-

497 2077 732 2141 κεῖσθαι,
759 2078 828 2131 τά
857 2077 913 2130 δέ
941 2077 1036 2130 καὶ
1065 2078 1238 2140 άλλως
1263 2094 1380 2140 πως
1422 2076 1786 2136 πεποικίλθαι,
1815 2075 1904 2127 τὸν
1941 2075 1996 2126 δέ
2031 2073 2162 2144 Χρε-

498 2165 621 2219 οτὺν
648 2166 904 2235 περιορᾷν
930 2163 1152 2234 γυμνόν,
1180 2165 1271 2216 καὶ
1299 2162 1431 2232 μηδὲ
1461 2164 1558 2232 τῆς
1581 2162 1884 2229 ἀναγκαίας
1909 2161 2160 2231 εὐπορεῖν

491 2247 734 2321 τροφῆς;
767 2250 1024 2304 Μάλιστα
1037 2251 1145 2321 γάρ
1180 2267 1268 2320 μοι
1297 2249 1431 2320 πρὸς
1459 2249 1557 2312 τάς
1579 2251 1837 2318 γυναῖκας
1861 2242 2020 2313 οὗτος
2048 2249 2160 2302 ἀνό

494 2339 649 2406 λόγος
688 2339 964 2408 ἁρμόσειε.
1009 2339 1236 2390 Πλείονα
1278 2337 1392 2406 γάρ
1424 2337 1554 2408 παρ’
1579 2337 1768 2400 αὐταῖς
1803 2337 1948 2390 ἐστιν
1981 2336 2160 2408 εὑρεῖν

491 2427 590 2495 τὴν
621 2424 975 2495 φιλοκοσμίαν
1003 2425 1096 2478 καὶ
1124 2425 1221 2495 τὴν
1252 2424 1510 2489 ἀσωτίαν,
1543 2425 1635 2477 καὶ
1663 2423 1723 2476 τὸ
1750 2423 1886 2493 μετά
1917 2423 2024 2476 τῶν
2047 2425 2160 2477 δια-

493 2513 710 2585 χρύσων
742 2513 970 2582 ίματίων
1001 2513 1093 2566 καὶ
1120 2513 1188 2565 τὰ
1213 2512 1418 2584 χρυσία
1437 2511 1574 2565 αὐτά
1604 2511 1946 2582 περικεῖσθαι
1974 2513 2066 2564 ἐπί
2097 2529 2155 2564 τε

491 2600 590 2670 τῆς
613 2598 874 2670 κεφαλῆς,
903 2599 994 2652 ἐπί
1013 2616 1072 2652 τε
1094 2597 1188 2651 τοῦ
1215 2599 1482 2670 τραχήλου
1513 2598 1606 2651 καί
1628 2599 1720 2652 τοῦ
1750 2598 1935 2651 λοιποῦ
1967 2596 2155 2668 σῶμα-

491 2703 605 2750 τος.
636 2687 728 2740 καὶ
756 2686 898 2756 μέγα
925 2690 1142 2758 φρονεῖν
1171 2687 1263 2741 ἐπί
1285 2687 1515 2749 τούτοις.
1543 2687 1748 2750 Πόσων,
1776 2685 1895 2738 εἰπέ
1925 2703 2034 2754 μοι,
2069 2702 2158 2738 πε-

492 2773 667 2844 νήτων
686 2774 957 2845 γαστέρας
976 2775 1234 2844 ἠδύναντο
1255 2775 1774 2846 παραμυθήσασθαι,
1792 2774 1882 2826 καὶ
1901 2774 2040 2825 πόσα
2057 2773 2159 2825 σώ-

495 2876 639 2929 ματα
673 2861 1121 2932 γυμνητευόντων
1159 2861 1434 2915 σκεπάσαι
1466 2862 1534 2915 τά
1560 2863 1649 2915 ἐπὶ
1675 2861 1781 2913 τῶν
1815 2859 1967 2912 ὢτων
1999 2860 2158 2930 μόνον

491 2948 884 3017 ἐκκρεμάμενα
913 2948 1088 3017 μάτην
1111 2948 1203 3000 καί
1220 2950 1365 3019 εἰκῆ,
1397 2949 1492 3002 καὶ
1513 2951 1598 3001 ἐπ’
1622 2948 1795 3001 οὐδενί
1817 2946 2013 3018 κέρδει,
2039 2947 2156 3000 ἀλλ’

491 3037 525 3106 ἢ
565 3037 725 3106 μόνον
751 3038 844 3090 ἐπὶ
871 3036 1041 3110 βλάϐῃ
1065 3039 1158 3090 καὶ
1188 3036 1334 3109 λύμῃ
1361 3038 1566 3108 ψυχῆςς
1591 3037 1688 3090 Διά
1712 3035 1867 3088 τοῦτο
1893 3037 1983 3090 καὶ
2004 3037 2032 3087 ό
2060 3036 2158 3106 τῆς

489 3122 814 3192 οἰκουμένης
838 3111 1154 3186 διδάσκαλος
1181 3122 1372 3186 εἰπὼν,
1397 3125 1684 3191 Ἔχοντες
1709 3121 2028 3189 διατροφὰς
2056 3121 2155 3175 καί

491 3209 909 3277 σκεπάσματα,
939 3211 1214 3279 μετήγαγε
1247 3210 1406 3263 πάλιν
1433 3212 1524 3263 ἐπὶ
1550 3210 1648 3272 τὰς
1677 3213 1937 3276 γυναῖκας
1961 3208 2050 3261 τὸν
2073 3207 2157 3260 λόνι

491 3311 608 3363 γον,
633 3295 724 3349 καί
758 3312 910 3365 φησι,
940 3295 1034 3362 Μὴ
1063 3296 1130 3348 ἐν
1159 3295 1498 3364 πλέγμασιν
1536 3296 1572 3362 ἢ
1606 3294 1830 3364 χρυσῷ,
1865 3296 1901 3360 ἢ
1935 3311 2157 3364 μαρνα-

487 3383 680 3450 ρίταις
713 3381 752 3450 ἢ
782 3380 1072 3451 ίματισμῷ
1107 3382 1429 3436 πολυτελεῖ
1464 3383 1712 3451 κοσμεῖν
1747 3381 1981 3448 ἑαυτάς.
2015 3383 2156 3452 Ὅρα

491 3468 608 3533 πῶς
643 3469 702 3522 οὐ
736 3468 984 3540 βούλεται
1009 3469 1216 3532 τούτοις
1248 3469 1586 3540 κοσμεῖσθαι,
1618 3469 1737 3523 οὐδέ
1771 3469 1970 3538 χρυσία
1999 3485 2155 3540 περι.

492 3557 724 3620 κεῖσθαι,
752 3557 869 3610 οὐδέ
899 3557 1242 3629 μαργαρίτας
1271 3558 1363 3611 καὶ
1392 3559 1406 3609 ί
1415 3558 1580 3628 μάτια
1600 3555 1880 3624 πολυτελῆ·
1907 3554 2041 3608 ἀλλά
2065 3556 2154 3609 τὸν

492 3647 667 3719 ἀληθῆ
690 3649 891 3718 κόσμον
922 3647 1013 3700 ἐπὶ
1042 3647 1140 3717 τὴν
1173 3645 1349 3716 ψυχὴν
1386 3647 1660 3716 μετάγειν,
1691 3645 1783 3698 καὶ
1817 3645 1903 3698 διά
1924 3645 2019 3714 τῆς
2047 3645 2156 3698 τῶν

491 3734 710 3803 ἀγαθῶν
735 3733 909 3806 ἔργων
935 3734 1183 3805 πράξεως
1207 3733 1268 3787 τὸ
1289 3734 1480 3798 κάλλος
1502 3735 1600 3804 τῆς
1619 3734 1798 3804 ψυχῆς
1823 3733 2152 3803 φαιδρύνειν,

493 3827 588 3881 καὶ
622 3827 695 3898 μὴ
727 3827 853 3895 περί
873 3823 1042 3878 ταῦτα
1077 3823 1414 3894 ἐπτοημένην
1441 3825 1698 3896 περιορᾷν
1728 3823 1942 3892 ἐκείνην
1975 3821 2157 3892 ῥυπῶ-

495 3932 613 3976 ααν,
635 3911 956 3982 αὐχμῶσαν,
976 3911 1139 3980 ῥάκια
1165 3909 1651 3980 περιϐεϐλημένην,
1670 3909 1812 3978 λιμῷ
1827 3906 2154 3978 τηκομένην,

495 4000 599 4054 ὑπὸ
619 3999 712 4052 τοῦ
740 3996 952 4069 κρυμοῦ
985 3996 1353 4067 πηγνυμένην.
1396 3995 1459 4049 Ἦ
1478 3994 1586 4066 γάρ
1617 3994 1818 4063 σπουδὴ
1848 3993 1988 4064 αὕτη
2011 3991 2104 4050 καί⁸
2130 3994 2157 4046 δ

493 4087 622 4156 περὶ
654 4086 713 4138 τὸ
745 4084 902 4154 σῶμα
925 4083 1328 4152 καλλωπισμὸς,
1357 4082 1569 4153 ἐκείνης
1602 4081 1838 4135 δείκνυσι
1863 4078 1961 4150 τήν
1989 4081 2156 4152 ἀμορο

493 4172 644 4241 φίαν,
685 4171 778 4224 καὶ
824 4172 857 4241 ἡ
908 4168 1096 4223 τούτου
1139 4168 1320 4240 τρυφὴ
1357 4169 1572 4238 ἐκείνης
1603 4167 1694 4221 τὸν
1733 4166 1888 4236 λιμὸν
1927 4167 2158 4237 φανερὸν

493 4257 809 4328 καθίστησι,
838 4256 930 4310 καί
969 4258 1002 4328 ἡ
1052 4255 1177 4326 περί
1210 4256 1307 4327 τὴν
1344 4254 1546 4326 ἐσθῆτα
1595 4253 1910 4307 πολυτέλεια
1943 4253 2156 4323 ἐκείνης

488 4346 590 4416 τὴν
629 4345 946 4415 γυμνότητα
985 4342 1252 4412 ἐκφαίνει.
1291 4341 1433 4395 Οὐδέ
1457 4341 1565 4414 γάρ
1597 4336 1706 4394 οἷόν
1741 4342 1800 4394 τέ
1832 4359 1951 4393 τινα
1977 4339 2156 4409 ψυχῆς

492 4431 938 4501 ἐπιμελούμενον,
967 4431 1061 4484 καὶ
1090 4429 1186 4500 τήν
1208 4428 1506 4499 εὐμορφίαν
1531 4428 1742 4498 ἐκείνης
1765 4427 1856 4482 καὶ
1881 4427 1942 4480 τὸ
1963 4426 2156 4491 κάλλος

492 4523 619 4592 περί
640 4520 834 4573 πολλοῦ
858 4521 1195 4586 ποιούμενον,
1218 4519 1354 4587 πρὸς
1377 4517 1467 4570 τὸν
1487 4516 1591 4579 ἐξω
1611 4516 1814 4585 κόσμον
1838 4514 2151 4584 ἐπτοῆσθαιο

489 4607 680 4679 ὥσπερ
738 4607 899 4660 πάλιν
942 4604 1198 4658 ἀδύνατόν
1243 4620 1363 4656 τινα
1405 4602 1541 4673 πρὸς
1575 4602 1676 4673 τήν
1717 4601 2015 4670 φαντασίαν
2057 4602 2156 4666 τὴν

492 4695 690 4760 ἔξωθεν
728 4692 1080 4764 ἐσχολακότα,
1111 4692 1205 4744 καὶ
1243 4690 1344 4759 τῆς
1373 4689 1599 4759 ἐσθῆτος
1631 4688 1722 4741 τόν
1749 4686 2154 4755 καλλωπισμὸν,

491 4783 586 4836 καὶ
634 4782 725 4835 τὸν
769 4780 877 4835 ἀπὸ
913 4779 1021 4832 τῶν
1063 4777 1300 4848 χρυσίων
1345 4776 1567 4847 κόσμον,
1618 4775 1833 4844 ἐκείνης
1873 4773 2157 4844 ἡντιναοῦν

495 4869 762 4924 ποιεῖσθαι
788 4867 1068 4939 φροντίδα.
1099 4865 1237 4920 Πότε
1265 4864 1373 4933 γὰρ
1410 4863 1660 4928 ἀνέξεται
1692 4865 1725 4934 ἡ
1759 4861 1980 4932 τοιαύτη
2011 4861 2154 4935 ψυχὴ

491 4957 601 5011 τῶν
645 4955 872 5008 δεόντων
915 4971 972 5007 τι
1022 4953 1280 5018 συνιδεῖν,
1319 4951 1352 5022 ἦ
1403 4953 1482 5014 εἰς
1521 4951 1729 5004 ῑννοιαν
1770 4951 2157 5020 πνευματικῶν

492 5043 833 5116 πραγμάτων
868 5041 1145 5105 εἰσελθεῖν,
1177 5039 1322 5106 ἀπαξ
1349 5040 1475 5108 περὶ
1499 5039 1566 5093 τά
1590 5041 1751 5108 γήϊνα
1783 5039 1978 5109 ἑαυτὴν
2006 5039 2157 5092 ἐκδε-

491 5132 714 5195 δωκυῖα,
749 5131 843 5184 καὶ
871 5130 1066 5202 χαμαὶ,
1111 5128 1187 5192 ὡς
1221 5129 1414 5191 εἰπεῖν,
1453 5126 1747 5198 συρομένη,
1777 5129 1870 5180 καὶ
1899 5127 2154 5180 οὐδέποτε

491 5217 824 5274 ἀναπνεῦσαι
859 5215 1150 5286 δυναμένη,
1193 5213 1329 5268 ἀλλά
1367 5215 1757 5282 συγκεκυφυῖα,
1803 5210 1895 5266 καὶ
1942 5212 2154 5284 μυρίοις

492 5305 732 5378 φορτίοις
779 5303 1187 5374 ἁμαρτημάτων
1232 5299 1426 5371 ἐαυτὴν
1468 5299 2000 5372 βαρύνουσαςὍσαι
2045 5300 2152 5372 γὰρ

493 5391 739 5446 ἐντεῦθεν
776 5392 832 5444 αἱ
856 5389 1038 5461 ἀηδίαι
1074 5389 1377 5452 τίκτονται,’
1401 5389 1468 5440 οὐ
1489 5387 1710 5442 δυνατὸν
1745 5387 1838 5440 νῦν
1869 5387 2152 5458 παραστῆ-

495 5494 584 5531 σαι
608 5478 685 5548 τῷ
715 5478 878 5548 λόγῳ
913 5475 1028 5529 ἀλλ’
1063 5477 1226 5547 ἀρκεῖ
1270 5473 1350 5544 τῷ
1398 5473 1656 5527 συνειδότι
1698 5473 2011 5527 καταλιπεῖν
2045 5473 2159 5527 τῶν

492 5565 620 5636 περὶ
654 5564 828 5619 ταῦτα
875 5562 1270 5634 ἐσχολακότων,
1313 5562 1444 5624 ὅσας
1491 5559 1612 5613 καθ’
1653 5560 1889 5629 ἑκάστην
1942 5561 2151 5633 ἡμέραν

488 5651 736 5707 ἐντεῦθεν
765 5651 1004 5721 δέχονται
1035 5650 1134 5712 τὰς
1173 5648 1429 5719 ἀθυμίας.
1471 5648 1539 5700 Ἦ
1573 5645 1680 5716 7&9
1708 5647 1922 5701 διέπεσέ
1962 5665 2013 5702 τι
2045 5649 2152 5701 τῶν

489 5739 744 5809 χρυσίων,
780 5737 873 5791 καί
901 5737 1064 5800 πολὺς
1099 5738 1129 5789 ό
1167 5734 1373 5807 χειμὼν
1408 5735 1504 5788 καὶ
1537 5737 1565 5790 ό
1601 5734 1826 5806 θόρυόος
1856 5736 2151 5790 κατέλαϐεν

490 5830 702 5884 ἃπασαν
726 5826 824 5896 τὴν
848 5824 1040 5880 οἰκίανο
1064 5825 1098 5896 ἡ
1128 5823 1343 5895 οίκέτης
1365 5822 1631 5892 ὑφείλετο,
1658 5824 1752 5876 καὶ
1784 5823 1916 5876 πᾶσι
1955 5824 2145 5893 μάστι-

545 5920 579 5949 ε
597 5912 746 5962 Sam.
779 5919 827 5962 el
858 5926 944 5961 sex
968 5926 1082 5961 mss.
1112 5911 1285 5960 ιιδὸναι
1305 5909 1361 5959 τὸ
1385 5911 1567 5973 μέτρον.
1593 5909 1765 5962 lore].
1791 5917 1843 5961 et
1863 5910 1946 5960 am
1969 5912 2147 5962 διδόναι

507 5979 713 6038 τιιρέρος,
737 5979 790 6024 ει
824 5975 894 6024 sic
916 5976 1107 6038 legerat
1132 5971 1394 6034 lnlerpres’
1425 5971 1643 6024 ιειιωιε.

1315 397 1371 455 S.
1412 392 1694 453 JOANNIS
1732 384 2222 450 CHRYSOSTOMI
2261 385 2577 445 ARCHIEP.
2622 389 3164 447 CONSTANTINOP.

3852 396 3946 452 350

2282 522 2376 574 γες
2414 509 2506 562 καὶ
2543 507 2749 582 πληγαὶ
2793 508 2886 562 καί
2913 508 3276 580 δεσμωτήριαο
3315 509 3348 578 ἢ
3385 509 3652 580 βάσκανοί
3681 529 3828 576 τινες
3857 515 3948 564 ἐπ-

2275 595 2622 658 εὗούλευσαν,
2676 595 2770 648 καὶ
2821 595 3076 665 ἐξαίφνης
3116 595 3437 666 ἐγύμνωσαν
3478 597 3590 650 τῶν
3621 597 3821 659 ὄντων,
3863 601 3952 652 καὶ

2273 682 2442 752 πολλὴ
2481 681 2574 736 καὶ
2594 681 2864 752 ἀφόρητος
2884 684 2917 752 ἡ
2942 682 3168 754 ἀθυμίαο
3193 683 3226 754 ἢ
3256 685 3598 756 πραγμάτων
3629 685 3952 756 περίστασις

2274 769 2590 838 ἐμπεσοῦσα
2623 771 2701 833 εἰς
2734 770 2967 839 ἐσχάτην
3007 770 3196 823 πενίαν
3231 772 3557 841 κατήνεγκε,
3588 771 3687 825 καὶ
3716 772 3950 842 βαρυτέ-

2275 875 2375 928 ραν
2409 857 2637 913 θανάτου
2681 860 2780 929 τήν
2814 859 2957 931 ζωὴν
2999 857 3180 922 αὐτοῖς
3219 860 3573 932 κατέστησεν·
3604 861 3640 931 ῆ
3679 861 3870 931 ἕτερόν
3901 873 3988 914 τι’

2271 946 2433 1002 πάλιν
2462 947 2612 1021 [382]
2640 947 2995 1020 παρεμπεσὸν
3025 947 3226 1018 πολλὴν
3251 947 3349 1018 τήν
3375 949 3569 1018 ἀηδίαν
3591 949 3950 1020 προεξένηοε.

2271 1036 2380 1090 Καὶ
2414 1037 2598 1100 ἁπλῶς
2621 1038 2720 1091 οὐκ
2758 1037 2873 1091 ἐστι
2912 1038 3041 1091 ποτὶ
3071 1038 3316 1108 ταραχῆς
3345 1038 3500 1100 ἐκτὸς
3534 1039 3717 1108 εὑρεῖν
3756 1040 3859 1108 τὴν
3893 1039 3954 1090 ἐν

2267 1121 2475 1185 τούτοις
2495 1123 2846 1193 ἐσχολακυῖαν
2863 1123 3066 1194 ψυχὴν,
3091 1122 3203 1178 ἀλλ’
3225 1123 3417 1194 ὥσπερ
3445 1124 3512 1176 τὰ
3539 1123 3643 1192 τῆς
3673 1123 3952 1193 θαλάττης

2268 1209 2488 1280 κύματα
2515 1211 2612 1280 οὐχ
2638 1206 2748 1264 οἷόν
2777 1229 2835 1264 τε
2863 1211 3154 1274 ἐπιλιπεῖν,
3177 1211 3296 1264 οὐδὲ
3321 1211 3537 1282 ἀριθμῷ
3564 1210 3953 1282 ὑποϐληθῆναι

2266 1297 2355 1350 διά
2374 1295 2470 1367 τὴν
2504 1297 2702 1368 πολλὴν
2731 1297 3032 1369 συνέχειαν
3067 1298 3160 1350 τὸν
3189 1297 3352 1351 αὐτὸν
3382 1297 3447 1368 δὴ
3483 1297 3688 1367 τρόπον
3722 1298 3822 1350 καὶ
3847 1298 3948 1360 τὰς

2266 1383 2510 1438 ἐντεῦθεν
2544 1385 2865 1455 τικτομένας
2901 1384 3145 1455 ταραχὰς
3181 1385 3278 1455 οὐχ
3313 1379 3424 1437 οἷόν
3455 1401 3514 1437 τε
3546 1384 3728 1448 πάσας
3756 1383 3947 1455 ἐξαρι-

2267 1469 2598 1540 θμήσασθαι.
2657 1470 2747 1524 Διδ
2805 1470 3130 1541 παρακαλῶ,
3171 1471 3464 1540 φεύγωμεν
3504 1471 3562 1522 ἐν
3609 1470 3789 1524 ἅπασι
3837 1473 3950 1532 τοῖς

2265 1561 2552 1629 πράγμασι
2583 1560 2682 1630 τὴν
2721 1559 3050 1624 πλεονεξίαν,
3088 1560 3181 1612 καὶ
3225 1559 3285 1612 τὸ
3311 1560 3410 1630 τήν
3443 1559 3632 1630 χρείαν
3678 1559 3949 1629 ὑπερϐαί-

2265 1663 2394 1699 νειν.
2429 1647 2485 1699 Ὀ
2512 1647 2620 1717 7&9
2648 1646 2855 1718 ἀληθὴς
2883 1647 3134 1708 πλοῦτος,
3160 1649 3194 1716 ἡ
3222 1647 3496 1710 ἀνάλωτος
3523 1645 3822 1717 περιουσία
3851 1647 3947 1698 αὖ·

2262 1750 2329 1804 τη
2368 1734 2643 1804 τυγχάνει,
2676 1733 2737 1787 τὸ
2769 1735 2866 1804 τῆς
2895 1733 3082 1805 χρείας
3121 1734 3390 1803 ἐφίεσθαι,
3429 1735 3521 1786 καὶ
3559 1734 3626 1786 τά
3672 1733 3817 1803 ὑπὲρ
3847 1732 3945 1802 τὴν

2262 1820 2447 1889 χρείαν
2477 1820 2701 1883 δεόντως
2727 1821 3048 1874 διατιθέναι.
3093 1821 3153 1874 ὐ
3185 1820 3293 1890 7&9
3316 1819 3556 1882 τοιοῦτος
3587 1818 3714 1872 οῦτε
3750 1820 3948 1871 πενίαν

2260 1906 2429 1960 δεῖσαί
2452 1925 2578 1960 ποτε
2603 1907 2909 1978 δυνήσεται,
2933 1907 3056 1962 οὔτε
3088 1908 3352 1977 ἐπήρειαν
3381 1907 3664 1977 ὑπομενεῖ,
3698 1905 3827 1958 οὔτε
3852 1923 3949 1958 ta-

2265 1997 2436 2065 ραχῆς
2463 1995 2872 2066 πειραθήσεται·
2911 1995 3049 2048 ἀλλά
3072 1994 3165 2048 καὶ
3197 1993 3561 2063 συκοφαντίας
3586 1994 3745 2057 ἐκτὸς
3769 1993 3947 2056 ἔσται,

2263 2081 2357 2134 καὶ
2396 2081 2504 2135 τῶν
2544 2081 3002 2136 ἐπιϐουλευόντων
3056 2080 3572 2152 ἐλευθερωθήσεται,
3610 2080 3708 2133 καὶ
3755 2079 3947 2142 ἁπλῶς

2262 2168 2453 2231 εἰπεῖν,
2485 2171 2542 2221 ἐν
2563 2169 2802 2239 διηνεκεῖ
2833 2169 2980 2222 ἔσται
3015 2167 3244 2239 γαλήνῃ,
3277 2168 3505 2237 ἡσυχίας
3531 2169 3624 2220 καὶ
3649 2169 3945 2236 ἀπραγμο-

2261 2254 2426 2325 σύνης
2463 2255 2768 2310 ἀπολαύωνο
2810 2255 2909 2308 καὶ
2932 2255 2992 2309 τὸ
3020 2254 3084 2324 δὴ
3122 2254 3305 2326 μεῖζον
3339 2255 3594 2308 ἀπάντων
3635 2255 3728 2307 καὶ
3756 2255 3819 2306 τὸ
3847 2270 3944 2305 κε·

2261 2343 2488 2410 φάλαιον
2506 2343 2613 2395 τῶν
2635 2342 2876 2410 ἀγαθῶν,
2906 2344 2935 2396 ό
2963 2342 3202 2406 τοιοῦτος
3229 2342 3323 2395 καί
3350 2341 3439 2395 τὸν
3460 2341 3592 2396 Θεὸν
3617 2341 3781 2395 ῖλεων
3807 2342 3938 2406 ἒξετ,

2259 2429 2353 2480 καί
2377 2429 2576 2498 πολλῆς
2604 2429 2904 2482 ἀπολαύσει
2921 2429 3020 2499 τῆς
3053 2427 3257 2482 ἀνωθεν
3287 2428 3478 2498 ῥοπῆς,
3505 2428 3602 2482 ἀτε
3637 2428 3703 2498 δὴ
3734 2429 3941 2481 οἰκονό-

2263 2534 2361 2586 μος
2381 2517 2567 2580 πιστὸς
2585 2518 2692 2570 τῶν
2714 2517 2807 2572 τοῦ
2838 2520 3107 2572 Δεσπότου
3130 2519 3448 2589 χρημάτων.
3479 2517 3789 2586 Μακάριος
3809 2519 3937 2588 7&9.

2259 2605 2441 2672 φησὶν,
2479 2607 2512 2657 ὀ
2559 2604 2781 2672 δοῦλος
2815 2605 3062 2672 ἐκεῖνος,
3095 2605 3167 2659 ὃν
3205 2603 3398 2660 ἐλθὼν
3441 2605 3475 2657 δ
3503 2604 3713 2672 κύριος
3752 2604 3942 2658 αὐτοῦ

2257 2687 2500 2752 εὑρήσει
2549 2687 2704 2741 οὕτω
2751 2688 3058 2753 ποιοῦντα,
3105 2687 3246 2741 οὕτω
3299 2687 3622 2756 διανέμοντα
3663 2689 3779 2752 τοῖς
3815 2706 3938 2740 συν-

2257 2771 2479 2836 δούλοις,
2512 2775 2604 2828 καί
2639 2776 2715 2845 μὴ
2754 2775 2945 2846 θύραις
2979 2777 3070 2829 καὶ
3109 2775 3325 2846 μοχλοῖς
3363 2773 3807 2836 ἐναποκλείοντα,
3843 2776 3936 2827 καὶ

2257 2860 2368 2920 τοῖς
2413 2860 2648 2930 σκώληξι
2697 2861 2900 2933 τροφήν
2935 2861 3320 2932 συγχωροῦντα
3359 2860 3625 2929 γίνεσθαι,
3659 2860 3800 2914 ἀλλά
3829 2861 3939 2913 τῶν

2259 2946 2505 3015 πενήτων
2527 2947 2623 3016 τὴν
2646 2948 2850 3001 ἔνδειαν
2874 2948 3383 3018 παραμυθούμενον,
3412 2947 3506 3001 καὶ
3529 2947 3694 3000 καλὸν
3726 2949 3824 3001 καὶ
3855 2966 3935 3000 m-

2259 3034 2382 3086 στὸν
2412 3035 2690 3105 οἰκονόμον
2721 3036 3001 3105 γινόμενον
3031 3035 3138 3088 τῶν
3173 3035 3325 3106 παρά
3353 3036 3445 3088 τοῦ
3469 3036 3743 3089 Δεσπότου
3773 3053 3936 3106 χορηο

2257 3121 2549 3192 γηθέντων,
2572 3123 2659 3177 ἵνα
2683 3124 2776 3178 καί
2805 3123 2904 3193 τῆς
2933 3123 3102 3192 καλῆς
3123 3123 3326 3194 ταύτης
3349 3121 3610 3193 διανομῆς
3646 3121 3822 3192 μέγαν
3845 3122 3934 3174 τὸν

2261 3209 2448 3278 μισθὸν
2483 3211 2794 3281 κομίσηται,
2829 3211 2923 3265 καὶ
2955 3211 3060 3264 τῶν
3094 3209 3522 3280 ἐπηγγελμένων
3551 3209 3779 3277 ἀγαθῶν
3813 3211 3933 3261 ἐπι-

2257 3299 2437 3366 τυχεῖν
2469 3297 2800 3368 καταξιωθῇ,
2832 3296 3011 3368 χάριτι
3047 3297 3138 3350 καὶ
3177 3296 3557 3368 φιλανθρωπία
3589 3295 3686 3349 τοῦ
3723 3297 3933 3367 Κυρίου

2255 3383 2414 3451 ἡμῶν
2448 3383 2619 3452 Ἰησοῦ
2658 3383 2910 3455 Χριστοῦ,
2942 3382 3061 3452 μεθ’
3098 3377 3158 3436 οῦ
3185 3383 3261 3452 τῷ
3291 3384 3489 3455 Πατρί.
3532 3383 3650 3453 ἃμα
3683 3380 3765 3452 τῷ
3794 3384 3934 3452 ἀγίῳ

2259 3466 2553 3537 Πνεῦματι,
2582 3469 2726 3534 δόξα,
2757 3471 2978 3540 κράτος,
3002 3469 3158 3540 τιμὴ,
3190 3468 3284 3524 νῦν
3313 3470 3412 3524 καὶ
3435 3471 3546 3536 ἀεὶ,
3577 3469 3672 3523 καὶ
3699 3470 3782 3534 εἰς
3808 3470 3932 3532 τοὺς

2256 3554 2455 3617 αἰῶνας
2487 3554 2595 3608 τῶν
2628 3555 2857 3610 αἰώνων.
2895 3556 3086 3627 Ἀμήν.

2256 3766 2416 3836 Σάρα
2453 3767 2540 3841 δὲ,
2561 3768 2616 3841 ﬁ
2649 3768 2802 3841 γυνὴ
2840 3770 3078 3838 Ἀϐραμ,
3119 3772 3230 3841 οὐκ
3274 3771 3506 3841 ἔτικτεν
3539 3767 3721 3841 αὐτῷ·
3754 3768 3832 3841 ἧν
3864 3771 3929 3825 δέ

2432 3836 2586 3904 αὐτῇ
2613 3834 2901 3906 παιδίσκη
2921 3834 3230 3908 Ᾰιπλυπεία,
3262 3835 3300 3912 ᾖ
3330 3839 3517 3908 ὄνομα
3545 3834 3752 3909 Ἅγαρ.

2326 3931 2397 3979 α’.
2421 3925 2587 3978 Πάλιν
2612 3923 2680 3978 τὰ
2711 3927 2949 3996 σήμερον
2978 3928 3392 3995 ἀναγνωσθέντα
3423 3927 3521 3980 ἐπὶ
3551 3929 3652 3999 τήν
3673 3929 3930 3982 ὑπόθεσιν

2255 4012 2355 4079 τήν
2384 4006 2523 4061 κατά
2549 4007 2640 4060 τὸν
2665 4009 3010 4079 πατριάρχην
3038 4009 3134 4079 τήν
3165 4009 3440 4079 ἡμετέραν
3471 4009 3626 4062 καλεῖ
3658 4010 3924 4077 γλῶττανο

2259 4089 2350 4142 καί
2373 4087 2446 4158 μὴ
2470 4087 2781 4160 θαυμάσητε
2810 4091 2858 4142 εἰ
2880 4091 2972 4142 ἐπὶ
2994 4090 3286 4153 τοσαύταις
3308 4090 3540 4160 ἡμέραις
3564 4091 3664 4160 τὴν
3691 4092 3815 4144 κατ’
3835 4093 3926 4143 αὑο

2257 4170 2347 4224 τὸν
2382 4171 2619 4239 ἰστορίαν
2652 4173 2730 4234 εἰς
2755 4171 2914 4241 μέσον
2945 4173 3378 4242 παραγαγόντες,
3401 4172 3616 4226 οὐδέπω
3639 4175 3735 4226 καὶ
3760 4176 3926 4243 τήμε-

2261 4271 2350 4325 ρον
2391 4256 2558 4326 αὐτὴν
2599 4254 2893 4325 ἀπαρτίσαι
2935 4254 3290 4326 δεδυνήμεθα.
3325 4255 3500 4324 Πολλὴ
3548 4254 3662 4326 γάρ
3696 4257 3731 4327 ﬁ
3774 4273 3926 4325 mpr-

2256 4337 2411 4388 ουσία
2446 4335 2546 4405 τῆς
2573 4335 2665 4389 τοῦ
2695 4336 2902 4389 δικαίου
2940 4336 3140 4406 ἀρετῆς
3160 4377 3174 4400 ,
3205 4336 3301 4388 καὶ
3344 4335 3454 4388 τῶν
3485 4335 3677 4389 τούτου
3725 4355 3922 4408 κατορο

2258 4417 2523 4490 θωμάτων
2549 4419 2608 4471 τὸ
2640 4417 2866 4487 μέγεθος
2888 4417 3106 4470 ἃπασαν
3131 4417 3476 4489 ἀνθρωπίνην
3497 4420 3622 4488 νικᾷ
3653 4419 3919 4488 γλῶτταν.

2263 4502 2359 4551 "Ov
2387 4498 2495 4570 7&9
2525 4500 2554 4551 ό
2587 4498 2718 4560 Θεὸς
2751 4497 2955 4551 ἀνωθεν
2981 4499 3322 4568 ἐστεφάνωσε
3360 4500 3454 4552 καὶ
3482 4500 3810 4571 ἀνεκήρυξε,
3842 4503 3922 4563 τίς

2255 4577 2559 4648 ἀνθρώπων
2592 4582 2713 4633 κατ’
2747 4580 2903 4646 ἀξίαν
2930 4581 3213 4634 ἐπαινέσαι
3244 4580 3531 4650 δυνήσεται
3555 4581 3728 4646 ;’Λλλ’
3753 4585 3918 4653 ὅμως,

2257 4661 2304 4710 εἰ
2343 4661 2437 4714 καί
2471 4663 2566 4731 τῆς
2599 4661 2755 4725 ἀξίας
2797 4660 2976 4732 πολλῷ
3016 4661 3092 4731 τῷ
3118 4661 3302 4732 μέτρῳ
3347 4662 3776 4732 ἀπολειπόμεθα,
3810 4665 3920 4718 ἀλλ’

2256 4737 2350 4796 οὖν
2388 4760 2451 4811 γε
2503 4745 2581 4806 είς
2617 4743 2845 4813 δύναμιν
2893 4745 3170 4814 ἡμετέραν
3197 4743 3266 4797 τά
3297 4743 3418 4797 κατ’
3456 4745 3618 4798 αὑτὸν
3647 4747 3727 4809 εἰς
3764 4745 3920 4816 μέσον

2256 4825 2580 4897 προθέντες,
2626 4828 2706 4889 εἰς
2755 4825 2914 4896 ζῆλον
2965 4827 3107 4896 ὑμᾶς
3167 4826 3260 4880 καὶ
3311 4826 3545 4898 μίμησιν
3589 4831 3686 4898 τῆς
3733 4830 3918 4881 τούτου

2254 4908 2453 4980 ἀρετῆς
2491 4912 2776 4978 ἐναγαγεῖν
2813 4909 3130 4980 βουλόμεθα.
3171 4908 3353 4980 Ίκανὴ
3392 4909 3501 4980 7&9
3546 4909 3641 4962 τοῦ
3671 4911 3916 4982 ἀνδρὸςή

2255 4992 2537 5061 φιλοωφία
2581 4993 2761 5045 πᾶσαν
2789 4991 2898 5043 τῶν
2931 4989 3234 5062 ἀνθρώπων
3267 4989 3552 5044 παιδεῦσαι
3600 4991 3703 5064 τὴν
3740 4994 3915 5061 φύσεν,

2254 5074 2346 5125 καὶ
2391 5074 2518 5137 τοὺς
2555 5073 2842 5144 προσέχειν
2874 5071 3230 5143 βουλομένους
3271 5071 3404 5143 πρὸς
3454 5073 3553 5144 τὴν
3583 5075 3683 5144 τῆς
3723 5075 3914 5148 ἀρετῆς

2254 5154 2368 5206 ὁδὸν
2413 5154 2834 5225 ἐφελκύσασθαι.
2892 5155 3052 5210 Ἀλλά
3099 5155 3414 5226 προσέχετε,
3444 5157 3772 5227 παρακαλῶ,
3812 5161 3915 5223 τοῖς

2253 5237 2594 5309 λεγομένοις,
2628 5239 2713 5294 ἴνα
2739 5240 2830 5292 καί
2863 5240 2928 5294 ἐκ
2975 5240 3082 5293 τῶν
3125 5239 3456 5310 προσφάτως
3494 5238 3913 5311 ἀνεγνωσμένων

2255 5323 2661 5394 καταμάθωμεν
2699 5322 2792 5376 τοῦ
2824 5323 3032 5377 δικαίου
3060 5323 3157 5394 τὴν
3200 5320 3545 5392 φιλοσοφίαν.
3575 5324 3784 5378 ’ἰκανὸν
3811 5327 3910 5395 γὰρ

2254 5405 2410 5458 τοῦτο
2445 5405 2506 5459 τὸ
2547 5407 2752 5478 χωρίον
2795 5405 3081 5460 παιδεῦσαι
3121 5406 3214 5460 καί
3259 5404 3454 5477 ἀνδρας
3508 5407 3599 5460 καί
3635 5411 3908 5475 γυναῖκας.

2255 5488 2393 5542 ὥστε
2446 5488 2643 5559 πολλὴν
2691 5489 2819 5559 περί
2858 5488 3007 5562 [583]
3055 5487 3315 5560 ἀλλήλους
3368 5488 3773 5544 ἐπιδείκνυσθαι
3819 5493 3910 5561 τὴν

2253 5571 2530 5640 ὁμόνοιαν,
2556 5573 2650 5626 καί
2682 5571 2782 5640 τῆς
2811 5571 3069 5640 συζυγίας
3113 5570 3204 5624 τὸν
3239 5571 3533 5642 σύνδεσμον
3563 5573 3778 5644 ἀρραγῆ
3803 5575 3908 5627 δια-

2255 5654 2542 5722 φυλάττειν
2561 5673 2573 5685 ·
2611 5656 2704 5707 καὶ
2733 5657 2871 5725 μήτε
2905 5656 2994 5708 τὸν
3023 5655 3192 5727 ἄνδρα
3221 5656 3322 5726 τῆς
3351 5656 3606 5724 γυναικὸς
3652 5657 3906 5722 utﬁu-

2258 5737 2527 5802 ίστασθαι,
2552 5737 2664 5791 ἀλλ’
2688 5738 2764 5801 ὡς
2795 5737 3166 5810 ἀσθενεστέρῳ
3185 5739 3367 5793 σκεύει
3397 5739 3598 5810 πολλὴν
3625 5741 3910 5810 ἀπονέμειν

2257 5819 2354 5892 τὴν
2403 5819 2764 5890 συγγνῶμκηνο
2814 5821 2948 5891 μήτε
2997 5821 3093 5892 τὴν
3139 5823 3375 5889 γυναῖκα
3426 5820 3562 5890 πρὸς
3609 5821 3702 5875 τὸν
3754 5821 3911 5893 ἀνδρα

2254 5905 2303 5956 δι
2309 5904 2605 5972 χοστατεῖν,
2637 5902 2752 5956 ἀλλ’
2783 5901 3025 5974 ἀλλήλων
3048 5903 3116 5958 τά
3147 5903 3289 5974 βάρη
3318 5903 3605 5974 βαστάζειν
3639 5903 3910 5972 έκατέροις

2254 5983 2655 6054 διαμιλλᾶσθαι,
2683 5984 2779 6042 καί
2799 5983 2898 6057 τὴν
2935 5985 3141 6041 οἰκείαν
3173 5987 3395 6059 εἰρήνην
3422 5982 3906 6058 πάντωνήγείςίίει
