4056 6480
339 457 445 515 319

340 569 554 640 pideum
584 583 677 624 cor
703 567 981 631 haberem,
1010 573 1189 620 etnon
1219 563 1460 634 ejusdem
1494 573 1696 618 natura!
1722 572 1924 628 essent,

344 659 414 713 ita
451 675 508 714 se
542 668 726 729 putant
754 659 823 713 ob
864 657 1094 712 vestium
1127 656 1328 711 cultum
1359 655 1517 710 etiam
1548 655 1665 708 aliis
1695 653 1929 709 homini-

344 748 443 803 bus
476 748 782 818 superiores
809 762 950 810 esse,
978 762 1084 801 non
1116 746 1510 816 perpendentes
1548 761 1731 800 secum
1761 761 1928 816 quan-

337 838 413 892 tis
434 840 584 893 malis
607 838 811 907 seipsos
835 837 1094 891 obnoxios
1110 838 1358 904 reddant,
1379 839 1469 906 qui
1497 836 1800 892 concredita
1825 838 1924 892 sibi

341 945 370 984 a
403 931 626 984 Domino
654 930 792 984 male
827 929 1158 999 dispensent,
1188 938 1242 984 et
1276 929 1452 984 nolint
1495 930 1767 984 cnnservis
1806 944 1925 998 par-

341 1030 448 1076 tem
473 1021 770 1076 concedere
802 1039 815 1074 :
845 1021 938 1077 sed
967 1023 1141 1092 potius
1165 1037 1194 1076 a
1225 1021 1495 1076 vermibus
1520 1021 1760 1075 consumi
1804 1036 1924 1089 per-

337 1112 638 1179 mittentes,
664 1111 965 1181 graviorem
986 1113 1248 1182 gehennte
1269 1112 1444 1180 ignem
1467 1110 1576 1180 jam
1597 1111 1696 1165 sibi
1722 1127 1923 1181 praepa-

341 1203 505 1258 rent?
546 1203 678 1258 Nam
722 1203 768 1258 si
817 1203 994 1258 omnia
1043 1218 1163 1273 quae
1215 1203 1356 1257 intus
1401 1203 1634 1273 reposita
1685 1202 1918 1272 habent,

340 1294 698 1365 indigentibus
724 1294 916 1350 divites
956 1295 1352 1360 distribuerent,
1385 1311 1555 1366 neque
1599 1296 1678 1351 sic
1724 1297 1923 1366 suppli-

329 1386 476 1439 cium
511 1384 807 1456 effugerent
843 1400 1029 1440 eorum
1071 1397 1409 1455 peccatorum
1452 1402 1573 1456 qua:
1619 1386 1671 1440 in
1712 1387 1919 1442 deliciis

337 1477 564 1530 vestium
589 1485 643 1531 et
667 1478 1033 1532 conviviorum
1059 1478 1361 1533 admittunt.
1390 1478 1508 1545 Quo
1533 1480 1677 1534 enirn
1713 1480 1916 1549 suppli-

329 1567 420 1620 cio
448 1580 552 1620 non
582 1576 706 1621 sunt
735 1567 900 1637 digni,
929 1568 1016 1636 qui
1046 1568 1217 1622 modis
1243 1568 1489 1623 omnibus
1519 1569 1647 1624 dant
1674 1584 1914 1638 operam,

328 1665 394 1710 ut
418 1657 601 1711 sericis
628 1667 682 1712 et
708 1672 861 1722 auro,
889 1657 974 1711 vel
995 1657 1148 1712 aliter
1175 1658 1328 1726 pictis
1357 1659 1590 1713 vestibus
1618 1659 1918 1715 intertevtis

328 1747 640 1811 induantur,
665 1755 717 1802 et
755 1757 875 1817 post
903 1762 962 1803 se
987 1762 1232 1818 pompam
1261 1748 1471 1803 trahant
1511 1749 1561 1802 in
1589 1750 1705 1803 foro
1733 1749 1918 1804 :Chri-

333 1847 476 1892 stum
501 1847 674 1893 autem
703 1838 1002 1908 despiciunt
1019 1838 1238 1904 nudum,
1255 1849 1310 1894 et
1333 1854 1502 1909 neque
1526 1839 1702 1894 cibum
1733 1855 1916 1896 neces-

328 1929 529 1984 sarium
551 1930 964 2000 impetrantcm?
985 1930 1212 1986 Maxime
1227 1941 1402 1986 autem
1417 1948 1600 1988 sermo
1618 1934 1719 1989 iste
1737 1934 1916 1989 adver-

327 2034 420 2075 sus
445 2023 694 2076 mulieres
723 2023 1051 2092 congruerit.
1085 2023 1339 2092 Majorein
1371 2025 1512 2079 enim
1543 2026 1680 2095 apud
1713 2042 1802 2081 eas
1835 2028 1913 2080 iu-

329 2113 569 2167 venimus
596 2121 814 2168 omatus
837 2113 1178 2182 cupiditatem
1205 2125 1258 2170 et
1284 2116 1766 2186 intemperantiam,
1791 2135 1911 2174 eum

327 2202 524 2256 auratis
550 2203 783 2258 vestibus
812 2213 866 2259 et
908 2218 1041 2258 auro
1072 2206 1122 2259 in
1157 2207 1350 2275 capite,
1382 2207 1432 2261 in
1463 2209 1603 2263 collo
1634 2220 1686 2264 ct
1715 2211 1766 2264 in
1795 2211 1912 2266 aliis

321 2291 566 2360 corporis
595 2293 828 2362 partibus
858 2303 1138 2360 emuntur,
1172 2305 1225 2350 et
1265 2296 1318 2350 in
1360 2297 1442 2352 his
1481 2314 1693 2368 quoque
1724 2315 1913 2371 super-

326 2383 496 2438 biunt.
520 2383 660 2452 Quot
690 2400 983 2454 pauperum
1009 2397 1222 2442 ventres
1251 2397 1496 2457 poterant
1526 2390 1647 2444 inde
1665 2393 1834 2460 pasci,
1858 2403 1911 2446 et

321 2485 454 2545 quot
481 2491 702 2546 corpora
734 2477 876 2532 nude
898 2480 1165 2548 agentium
1190 2489 1435 2548 poterant
1456 2495 1522 2534 ex
1545 2481 1608 2534 iis
1629 2484 1759 2536 solis
1775 2499 1910 2539 oon-

323 2566 452 2636 tegi,
476 2582 592 2636 qua:
638 2568 706 2622 ab
748 2569 981 2636 ipsarum
1021 2571 1238 2624 auribus
1267 2571 1518 2639 pendent,
1559 2572 1755 2627 nullius
1780 2576 1912 2630 alte-

323 2656 434 2709 rius
461 2672 585 2710 usus
624 2659 812 2727 gratia,
854 2674 1010 2728 quam
1039 2661 1093 2713 in
1126 2661 1378 2715 damnum
1424 2671 1479 2716 et
1529 2676 1907 2721 nocumentum

321 2747 552 2802 animm?
596 2747 822 2818 Propter
874 2752 975 2804 hoc
1029 2752 1222 2805 doctor
1258 2752 1402 2806 orbis
1440 2768 1566 2807 cum
1618 2755 1842 2812 dixisset
1889 2775 1904 2810 :

323 2837 578 2892 (labentes
607 2842 792 2894 uictum
834 2851 880 2894 et
925 2844 1164 2897 amictum
1213 2844 1290 2913 (Ι.
1336 2843 1468 2898 Tim.
1513 2845 1566 2900 6.
1609 2845 1664 2916 8)
1700 2865 1712 2898 ε
1751 2851 1908 2904 vertit

317 2942 531 2982 rursum
556 2929 620 2982 ad
649 2930 898 2986 mulieres
921 2947 1246 2999 sermonem,
1273 2943 1329 2988 et
1360 2933 1505 2988 dicit‘
1531 2952 1542 2986 :
1573 2934 1693 2989 Non
1724 2937 1776 2990 iu
1805 2948 1909 2992 tor-

319 3017 382 3069 tis
407 3018 626 3071 crinibus
643 3020 720 3073 vel
739 3021 790 3073 in
806 3037 949 3084 auro,
975 3022 1052 3075 vel
1065 3026 1354 3094 margaritis
1370 3027 1445 3079 vel
1466 3037 1595 3080 veste
1609 3038 1906 3097 sumptuosa

311 3117 492 3161 ornent
520 3125 573 3162 se
601 3107 758 3180 (ibid.
791 3111 843 3164 2.
872 3111 952 3182 9).
986 3113 1143 3168 Vides
1189 3115 1459 3183 quomodo
1506 3132 1612 3170 non
1655 3118 1770 3171 vult
1814 3133 1906 3174 cas

319 3196 512 3252 talibus
537 3201 736 3265 ornari,
771 3216 946 3271 neque
969 3217 1100 3258 auro
1123 3203 1464 3270 circumdari,
1495 3221 1668 3276 neque
1694 3223 1903 3278 marga-

315 3289 433 3342 ritis
459 3304 630 3358 ncqne
661 3300 808 3346 veste
837 3303 1147 3362 sumptuosa
1181 3312 1193 3346 :
1224 3295 1316 3348 sed
1347 3310 1533 3349 verum
1560 3306 1808 3352 ornatum
1849 3299 1902 3352 in

312 3379 550 3434 animam
575 3379 853 3447 inducere,
884 3391 939 3437 et
965 3399 1060 3453 per
1099 3384 1359 3439 bonorum
1385 3399 1609 3454 Operum
1638 3389 1901 3444 actionem

314 3471 760 3540 pulchritudinem
784 3475 978 3529 animae
1008 3477 1295 3541 illustrare,
1323 3487 1377 3532 et
1405 3493 1473 3532 ne
1491 3493 1557 3532 ea
1584 3493 1706 3549 qua:
1730 3483 1903 3552 suspi-

306 3562 386 3615 cit
418 3561 564 3627 talia,
587 3573 901 3618 contemnat
926 3565 1073 3619 illam
1093 3566 1384 3633 sordidam,
1413 3568 1733 3636 squalidam,
1773 3585 1904 3640 pan-

311 3667 519 3719 nosam,
560 3653 878 3722 famelicam,
911 3657 1137 3726 geluque
1180 3658 1578 3726 rigescentem?
1603 3659 1715 3714 Hoc
1755 3662 1899 3716 enim

311 3743 545 3798 studium
584 3745 637 3799 in
677 3745 920 3801 ornando
965 3761 1193 3816 corpore
1244 3748 1436 3802 anima:
1477 3749 1676 3804 indicat
1723 3751 1900 3807 defor-

308 3839 572 3904 mitatem,
603 3847 659 3894 et
688 3839 843 3908 hujus
873 3839 1080 3894 delicias
1115 3840 1258 3894 illam
1291 3841 1432 3896 tame
1467 3843 1711 3898 laborare
1754 3845 1899 3901 clare

305 3925 628 3995 signiﬁcant,
671 3937 726 3982 et
768 3929 925 3998 hujus
955 3930 1180 3984 vestium
1219 3941 1463 4000 sumptus
1493 3933 1633 3987 illius
1660 3934 1899 3990 declarat

311 4016 624 4072 nuditatem.
662 4019 798 4076 Fieri
826 4021 970 4076 enim
1002 4039 1105 4076 non
1135 4032 1328 4092 potest,
1372 4033 1429 4078 ut
1471 4027 1562 4094 qui
1591 4027 1783 4081 animae
1805 4043 1898 4084 cu-

309 4122 421 4161 ram
451 4107 663 4175 habeat,
687 4110 910 4180 ejusque
936 4111 1382 4182 pulchritudinem
1411 4115 1617 4182 plurimi
1648 4115 1824 4184 faciat,
1848 4118 1896 4174 is

307 4207 531 4255 externo
557 4203 720 4256 cultui
764 4203 930 4258 inhiet
965 4220 980 4259 :
1018 4203 1155 4259 sicut
1185 4205 1514 4275 impossibile
1547 4217 1630 4262 est
1665 4217 1897 4265 externo

307 4290 384 4345 illi
409 4292 592 4358 cultui,
621 4289 846 4349 vestium
872 4295 1163 4365 splendori,
1195 4313 1358 4353 aureo
1395 4301 1609 4356 ornatui
1653 4301 1891 4358 deditum

305 4381 448 4436 illius
474 4397 634 4453 agere
663 4398 868 4437 curam.
901 4386 1123 4452 Quando
1160 4387 1302 4442 enim
1341 4399 1521 4458 posset
1549 4392 1723 4446 anima
1771 4396 1891 4451 talis

303 4473 500 4542 aliquid
529 4476 655 4530 utile
696 4477 1044 4548 contemplari
1064 4520 1079 4545 ,
1123 4481 1204 4535 vel
1236 4481 1288 4535 in
1315 4483 1690 4552 cogitationem
1733 4489 1892 4557 spiri-

303 4564 520 4619 tualium
550 4566 733 4620 venire
752 4608 767 4632 ,
821 4583 941 4636 quas
970 4570 1136 4624 semel
1158 4572 1383 4626 terrenis
1423 4573 1494 4627 ita
1520 4575 1697 4629 dedita
1728 4579 1890 4648 empit

301 4670 443 4722 esse,
475 4663 530 4711 et
555 4655 721 4723 humi,
751 4667 807 4712 ut
838 4659 905 4712 ita
927 4658 1101 4714 dicam
1123 4701 1137 4725 ,
1165 4670 1375 4732 reptare
1400 4704 1416 4728 ,
1445 4680 1565 4734 quae
1596 4681 1885 4737 numquam

299 4754 460 4816 caput
485 4747 727 4802 attollere
753 4757 961 4818 potest,
990 4750 1080 4805 sed
1114 4766 1278 4821 prona
1312 4755 1606 4810 innumeris
1635 4769 1887 4828 peccato-

299 4852 418 4892 rum
448 4838 673 4892 sarcinis
702 4841 930 4909 seipsam
959 4843 1186 4912 gravat?
1208 4843 1338 4898 Nam
1361 4855 1489 4914 quot
1515 4847 1640 4903 inde
1660 4864 1887 4905 nascan-

301 4939 387 4984 tur
415 4929 549 4984 mala
569 4971 584 4995 ,
609 4945 714 4984 non
748 4945 963 5000 possum
993 4949 1133 4988 nunc
1163 4949 1413 4991 sermone
1433 4939 1753 5009 complecti;
1787 4944 1882 4998 sed

297 5022 428 5077 satis
456 5030 537 5078 est
561 5032 620 5077 ut
646 5023 940 5094 relinquam
967 5026 1308 5082 conscientias
1337 5043 1522 5084 eorum
1541 5072 1556 5098 ,
1597 5033 1687 5104 qui
1737 5035 1788 5088 in
1823 5037 1886 5089 iis

296 5113 538 5181 occupati
562 5122 705 5180 sunt,
734 5124 957 5185 quantas
984 5115 1106 5170 inde
1126 5117 1464 5188 quotidianas
1485 5122 1759 5179 molestias
1785 5141 1883 5181 ex-

296 5201 590 5270 periantur.
642 5203 849 5257 Etenim
893 5205 978 5260 vel
1011 5205 1213 5277 aliquid
1253 5207 1452 5264 decidit
1490 5226 1553 5266 ex
1589 5227 1754 5268 aureo
1793 5215 1881 5270 illo

293 5293 460 5360 cultu,
483 5304 536 5349 et
562 5310 751 5366 magna
778 5305 1066 5367 tempestas
1105 5315 1431 5373 magnusque
1475 5307 1736 5362 tumultus
1778 5308 1875 5362 ob-

294 5385 464 5439 oritur
492 5385 545 5440 ln
575 5395 681 5442 tota
708 5388 902 5455 domo;
931 5389 1014 5445 vel
1043 5388 1272 5447 famulus
1302 5395 1576 5465 surripuit,
1612 5409 1666 5452 et
1695 5413 1882 5454 omnes

297 5473 630 5545 llagellantur
650 5489 704 5533 et
727 5479 1094 5547 verberantur,
1122 5495 1282 5553 atque
1317 5485 1367 5538 in
1395 5500 1666 5543 carcerem
1704 5491 1878 5559 conji-

293 5568 538 5632 ciuntur;
571 5571 654 5626 vel
685 5571 848 5627 invidi
891 5573 1106 5644 quidam
1161 5577 1394 5631 insidiati
1445 5587 1570 5634 sunt
1622 5590 1676 5636 et
1704 5582 1882 5638 subito

294 5661 610 5729 spoliarunt,
639 5677 701 5718 ac
729 5665 927 5720 multus
972 5666 1094 5722 hinc
1142 5669 1598 5740 iutolemhilisque
1646 5689 1877 5738 maeror;

294 5752 376 5806 vel
407 5769 584 5809 rerum
626 5754 924 5812 adversitas
962 5758 1213 5828 ingruens
1241 5762 1290 5814 in
1322 5771 1613 5818 extremam
1643 5764 1878 5836 inopiam

294 5845 531 5918 redegit,
566 5858 618 5903 et
642 5849 941 5919 graviorem
980 5861 1153 5909 morte
1207 5853 1372 5909 vitam
1409 5854 1490 5911 eis
1533 5856 1745 5924 attulit;
1792 5858 1878 5916 vel

1265 448 1328 504 iN
1368 449 1520 504 CAP.
1568 446 1706 502 XVI.
1736 444 1979 502 GENES.
2026 445 2256 502 llOMIL.
2300 444 2588 502 XXXVI“.

3523 446 3629 502 330

2031 561 2175 616 aliud
2205 561 2453 632 quiddam
2483 560 2724 616 incidens
2754 560 2972 615 multant
2999 561 3269 616 tri~titiam
3314 567 3539 631 peperit.
3568 564 3630 618 Et

2033 653 2082 708 in
2129 667 2369 720 summa,
2425 667 2714 722 numquam
2759 652 3002 708 invenies
3052 652 3286 707 animam
3328 654 3624 708 istiusmodi

2031 744 2189 798 rebus
2217 743 2504 811 addictam,
2530 741 3018 814 perturbationibus
3039 754 3320 814 expertem
3352 769 3365 799 :
3401 746 3492 800 sed
3523 748 3625 800 sic-

2031 843 2086 889 ut
2149 833 2310 890 maris
2361 833 2556 890 ﬂuctus
2611 849 2783 904 neque
2836 833 3068 890 deiicere
3121 850 3295 906 neque
3350 840 3622 891 numerari

2027 934 2250 996 queunt,
2279 939 2493 995 semper
2512 925 2662 980 novis
2692 927 3174 992 sumrescentibus,
3196 927 3263 982 ita
3289 929 3623 984 turbatioucs

2028 1017 2150 1073 inde
2176 1016 2415 1072 oricutes
2445 1032 2604 1072 nemo
2633 1016 3004 1072 dinumerarit.
3035 1018 3176 1084 Ideo,
3226 1019 3483 1084 obsecro,
3541 1019 3623 1073 fn-

2023 1110 2232 1179 giamus
2258 1111 2311 1164 in
2339 1110 2587 1166 omnibus
2610 1110 2772 1166 rebus
2802 1111 3031 1166 habendi
3047 1112 3394 1182 cupiditatem
3412 1123 3468 1168 et
3492 1130 3620 1170 usus

2026 1217 2327 1258 excessum.
2358 1202 2512 1258 Verte
2537 1204 2681 1260 enim
2707 1203 2905 1259 divitia:
2934 1214 3057 1260 sunt
3082 1215 3136 1261 et
3167 1207 3496 1262 inexhausta:
3542 1208 3620 1262 la-

2023 1295 2250 1351 cultates
2271 1338 2287 1362 ,
2312 1295 2627 1352 desiderare
2657 1305 2862 1352 tantum
2890 1307 3146 1368 quantum
3177 1299 3292 1353 usui
3322 1299 3452 1353 satis
3473 1300 3580 1354 sint
3599 1342 3614 1364 ,

2019 1393 2079 1440 et
2106 1401 2169 1442 ea
2207 1402 2326 1456 qua:
2369 1401 2524 1442 usum
2555 1387 2820 1444 excedunt
2839 1429 2853 1452 ,
2903 1397 3047 1444 recte
3073 1388 3405 1458 dispensare.
3432 1389 3618 1459 Neque

2021 1476 2161 1530 enim
2185 1477 2272 1532 ille
2290 1478 2380 1548 qui
2410 1477 2509 1533 hoc
2538 1477 2683 1545 facit,
2713 1478 2948 1548 inopiam
2980 1479 3168 1534 timere
3197 1480 3412 1549 poterit,
3438 1495 3616 1550 neque

2022 1568 2324 1623 molestiam
2369 1569 2691 1637 sustinebit,
2739 1585 2914 1642 neque
2953 1571 3312 1626 turbationem
3361 1573 3554 1626 sentiet
3598 1588 3612 1625 :

2019 1659 2112 1714 sed
2140 1671 2193 1714 et
2220 1669 2367 1715 extra
2409 1662 2727 1717 calumniam
2755 1662 2856 1717 erit
2879 1703 2893 1727 ,
2943 1671 2998 1719 et
3025 1663 3337 1718 liberabitur
3373 1663 3442 1717 ab
3473 1663 3606 1717 insi-

2019 1748 2310 1817 diantibus,
2355 1761 2515 1821 atque
2564 1761 2622 1806 ut
2665 1753 2972 1807 summatim
3016 1753 3223 1820 dicam,
3250 1753 3301 1806 in
3355 1765 3609 1824 perpetua

2020 1843 2396 1912 tranquillitate
2423 1845 2525 1899 erit
2542 1885 2556 1909 ,
2581 1853 2634 1899 et
2659 1845 2838 1913 quiete
2857 1845 3075 1915 otioque
3101 1844 3304 1900 fruetur
3335 1865 3346 1897 :
3376 1859 3441 1901 ac
3465 1846 3608 1917 quod

2017 1933 2188 2001 majus
2204 1939 2286 1987 est
2309 1932 2579 1997 omnibus,
2600 1943 2862 2003 caputque
2886 1934 3169 1999 bonorum,
3202 1935 3364 1990 Deum
3395 1935 3613 1990 habebit

2013 2023 2303 2092 prepitium
2323 2065 2337 2089 ,
2363 2031 2420 2078 et
2443 2039 2672 2093 superna
2721 2024 2926 2079 fruetur
2949 2025 3119 2094 gratia
3139 2066 3155 2091 ,
3209 2033 3391 2096 utpote
3436 2025 3610 2082 ﬁdelis

2017 2113 2186 2170 factus
2211 2114 2548 2184 dispensator
2569 2117 2912 2186 pecuniarum
2941 2116 3170 2171 Domini.
3199 2116 3386 2172 Beatus
3439 2118 3605 2183 enim,

2017 2209 2206 2278 inquit,
2233 2224 2406 2262 servus
2431 2208 2518 2262 ille
2541 2250 2555 2274 ,
2583 2224 2730 2278 quem
2750 2224 2864 2262 cum
2894 2209 3081 2263 venerit
3107 2209 3342 2263 dominus
3361 2249 3376 2274 ,
3406 2210 3608 2264 inuene-

2013 2300 2077 2352 rit
2107 2300 2179 2354 sic
2206 2300 2474 2369 facientem
2515 2297 2672 2369 (Luc.
2706 2297 2788 2352 l2.
2834 2297 2929 2370 45)
2949 2339 2964 2365 ,
3008 2308 3064 2354 et
3087 2299 3165 2355 sic
3207 2298 3604 2369 dispensantem

2008 2394 2308 2458 conservis,
2337 2401 2394 2446 et
2421 2407 2526 2446 non
2552 2392 2729 2460 januis
2751 2391 3096 2461 vectibusque
3125 2392 3482 2447 includentem
3508 2434 3525 2460 ,
3554 2404 3608 2448 et

2013 2483 2284 2538 vermibus
2308 2499 2486 2539 eseam
2518 2483 2630 2538 licri
2668 2483 3066 2552 permittentem
3093 2500 3107 2536 :
3137 2483 3230 2538 sed
3255 2483 3471 2554 inopum
3503 2486 3607 2539 mi-

2012 2575 2205 2629 seriam
2233 2574 2607 2628 sublevantem
2631 2615 2644 2641 ,
2676 2574 2980 2643 bonumque
3007 2583 3061 2629 et
3087 2573 3296 2630 ﬁdelem
3325 2575 3607 2645 dispensa-

2013 2675 2180 2721 torem
2207 2666 2403 2721 factum
2429 2682 2616 2722 eorum
2637 2683 2754 2737 quae
2781 2682 2810 2721 a
2842 2667 3068 2722 Domino
3088 2669 3426 2739 suppeditata
3446 2680 3570 2724 sunt
3591 2688 3602 2722 :

2013 2768 2069 2812 ut
2092 2767 2144 2813 et
2169 2759 2404 2828 pulchra:
2423 2759 2580 2828 hujus
2600 2759 3019 2828 dispensationis
3033 2775 3278 2830 magnam
3302 2760 3604 2816 mercedem

2010 2850 2244 2920 assequi,
2277 2858 2334 2904 et
2355 2851 2613 2920 promissa
2660 2851 2799 2906 bona
2845 2851 3092 2907 obtinere
3114 2862 3406 2918 mereatur,
3435 2855 3604 2922 gratia
3687 2841 3692 2846 ’

2009 2949 2066 2995 et
2089 2940 2412 3010 benignitate
2457 2942 2664 2996 Domini
2711 2943 2882 2997 nostri
2935 2941 3060 2998 lusu
3087 2941 3324 3010 Christi,
3357 2944 3440 2998 cui
3482 2959 3602 2998 cuni

2010 3033 2168 3088 Patre
2188 3042 2249 3088 et
2273 3043 2457 3088 sancto
2485 3035 2686 3105 Spiritu
2715 3035 2784 3090 sit
2823 3035 2989 3105 gloria
3008 3077 3023 3100 ,
3053 3035 3359 3106 imperium,
3410 3035 3602 3099 honor,

2009 3138 2149 3178 nunc
2177 3133 2231 3178 et
2259 3139 2494 3194 semper,
2524 3133 2582 3180 et
2613 3126 2669 3193 in,
2696 3127 2888 3181 streula
2915 3127 3255 3181 smculorum.
3299 3131 3492 3182 Amen.

2494 3235 2775 3291 HOMILIA
2818 3237 3110 3292 XXXVI".

2010 3326 2145 3380 Sara
2170 3336 2338 3380 autem
2359 3368 2373 3391 ,
2398 3341 2534 3396 uxor
2556 3327 2765 3391 Abram,
2795 3345 2895 3380 non
2931 3329 3120 3396 peperit
3152 3329 3197 3382 ei
3230 3345 3248 3383 :
3274 3330 3364 3384 sed
3388 3331 3600 3386 habebat

2080 3396 2320 3450 ancillam
2366 3394 2706 3467 ιΕςνριίαηι,
2743 3394 2944 3452 nomine
2973 3394 3111 3469 Agar
3145 3399 3296 3470 (Gen.
3327 3402 3418 3456 16.
3452 3403 3523 3473 Ι).

2082 3511 2130 3564 ι.
2177 3509 2349 3564 Etiam
2373 3507 2631 3564 hodierna
2659 3510 2819 3565 lectio
2860 3510 3093 3582 linguam
3130 3523 3367 3568 nostram
3422 3513 3600 3570 denuo

2007 3602 2058 3655 in
2090 3605 2400 3657 memoriam
2427 3604 2740 3673 patriarchae
2763 3613 2916 3659 vocat
2947 3621 2960 3658 :
2993 3621 3167 3675 neque
3195 3622 3290 3661 vos
3314 3607 3599 3664 admiratio

2007 3701 2203 3759 teneat,
2232 3694 2380 3762 quod
2402 3710 2522 3749 cum
2553 3704 2628 3748 tot
2656 3694 2845 3750 diebus
2874 3694 3148 3750 historiam
3171 3696 3409 3767 ejusdem
3441 3701 3597 3754 toties

2005 3787 2056 3842 in
2112 3787 2343 3842 medium
2399 3787 2737 3842 attulerimus
2757 3828 2775 3854 ,
2805 3804 2905 3844 nec
2935 3788 3094 3844 hodie
3138 3790 3282 3844 illam
3312 3791 3594 3849 absolvere

2004 3878 2354 3950 potuerimus.
2385 3879 2570 3950 Magna
2590 3879 2736 3934 enim
2762 3881 2917 3950 copia
2963 3890 3046 3936 est
3078 3881 3332 3938 virtutum
3350 3885 3479 3954 justi
3504 3929 3520 3953 ,
3543 3897 3597 3941 et

2002 3971 2194 4028 eximia
2220 3979 2344 4025 sunt
2371 3970 2510 4025 illius
2537 3971 2675 4025 bona
2703 3985 2886 4042 opera,
2918 3973 3055 4028 adeo
3083 3980 3137 4027 ut
3163 3989 3375 4028 omnem
3406 3974 3595 4029 huma-

2001 4077 2123 4116 nam
2147 4062 2377 4133 linguam
2401 4063 2632 4116 vincant.
2662 4062 2830 4130 Quem
2854 4063 2995 4118 enim
3017 4063 3156 4118 Deus
3181 4077 3412 4134 superne
3438 4081 3591 4121 coro-

2001 4155 2146 4208 navit
2173 4165 2229 4210 et
2255 4154 2526 4210 celebrem
2556 4153 2699 4218 fecit,
2730 4155 2852 4224 quis
2888 4154 3163 4209 hominum
3190 4156 3348 4226 digne
3375 4157 3594 4214 laudaro

1998 4245 2236 4315 poterit?
2265 4248 2534 4311 Attamen,
2561 4245 2664 4301 etsi
2693 4243 2849 4316 longe
2875 4243 3156 4300 inferiores
3181 4259 3362 4301 sumus
3382 4289 3396 4313 ,
3429 4263 3590 4318 quam

1998 4345 2288 4404 exposcam
2345 4336 2484 4391 illius
2535 4336 2748 4403 merita,
2779 4352 2874 4405 pro
2908 4337 3108 4391 nostris
3157 4337 3343 4391 saltem
3370 4339 3590 4402 viribus,

1997 4444 2116 4499 qua:
2143 4427 2210 4482 de
2259 4429 2352 4483 illo
2392 4428 2588 4498 scripta
2621 4436 2744 4482 sunt
2794 4427 2848 4482 in
2901 4427 3134 4482 medium
3186 4427 3491 4489 afferentes.
3523 4430 3590 4484 ad

1996 4521 2358 4576 annulandum
2382 4531 2440 4576 et
2466 4520 2780 4576 imitandum
2801 4521 3049 4576 virtutem
3071 4520 3219 4575 illius
3233 4522 3592 4578 vosinduccre

1994 4615 2258 4682 cupimus.
2279 4611 2488 4668 Sufﬁcit
2516 4611 2657 4668 enim
2685 4610 2844 4680 hujus
2869 4612 2964 4665 viri
2989 4612 3322 4682 philosophia
3343 4612 3408 4666 ad
3432 4627 3592 4669 omne

1995 4702 2272 4757 hominum
2303 4717 2471 4774 genus
2496 4702 2854 4759 erudiendum
2878 4744 2895 4769 ,
2925 4712 2980 4758 et
3020 4701 3087 4757 ad
3133 4703 3446 4759 alliciendos
3496 4719 3592 4759 eos

1993 4794 2084 4864 qui
2130 4794 2413 4864 diligenter
2458 4795 2793 4860 auscultant,
2837 4804 2895 4849 ut
2931 4796 3112 4851 ineant
3168 4797 3381 4852 virtutis
3423 4797 3586 4852 viam.

1994 4883 2258 4938 Cteterum
2289 4883 2516 4940 obsecro
2537 4891 2596 4938 ut
2623 4884 2908 4940 attendatis
2939 4885 3022 4940 his
3046 4899 3167 4955 quae
3190 4884 3457 4952 dicuntur,
3483 4903 3590 4958 quo

1993 4979 2151 5035 liceat
2188 4978 2348 5033 etiam
2383 4993 2447 5032 ex
2485 4992 2648 5048 nuper
2677 4978 2979 5048 lectisjusti
3015 4979 3404 5050 philosOpliiam
3434 4979 3591 5034 addi-

1993 5087 2160 5128 scere.
2182 5072 2364 5127 Potest
2392 5070 2536 5126 enim
2564 5069 2650 5125 hic
2677 5069 2826 5125 locus
2855 5070 3052 5125 docere
3078 5081 3129 5125 et
3157 5072 3305 5126 viros
3328 5080 3377 5126 et
3398 5072 3586 5126 mulie-

1991 5181 2098 5230 res,
2125 5172 2177 5218 ut
2207 5179 2394 5233 magna
2428 5163 2567 5217 inter
2609 5175 2668 5217 se
2693 5162 2978 5218 concordia
3012 5163 3226 5227 vivant,
3256 5173 3310 5218 ct
3355 5165 3586 5234 conjugii

1990 5258 2259 5314 vinculum
2289 5257 2660 5312 indissolutum
2690 5265 2905 5311 servent
2933 5273 2946 5310 :
2979 5265 3031 5310 et
3048 5271 3221 5326 neque
3251 5256 3590 5326 virinsurgat

1991 5352 2251 5407 adversus
2282 5351 2591 5417 mulierem,
2626 5351 2719 5406 sed
2749 5360 2806 5405 ut
2838 5350 2948 5405 vasi
3000 5350 3278 5406 inﬁrmiori
3308 5349 3384 5424 (ι)
3415 5352 3588 5421 majo-

1992 5461 2104 5500 rem
2139 5445 2211 5498 illi
2246 5445 2457 5499 veniam
2488 5445 2714 5510 tribuat;
2757 5458 2933 5514 neque
2959 5444 3153 5499 mulier
3189 5444 3303 5499 viro
3329 5458 3389 5499 se
3411 5458 3584 5514 oppo-

1991 5548 2103 5604 nat,
2127 5547 2217 5590 aut
2239 5537 2305 5592 ab
2330 5551 2396 5592 eo
2425 5535 2702 5602 dissideat,
2737 5535 2830 5591 sed
2857 5545 2914 5590 ut
2939 5536 3174 5590 vicissim
3203 5535 3340 5590 alter
3363 5535 3587 5590 alterius

1991 5643 2153 5683 onera
2191 5623 2327 5683 ferre
2369 5635 2606 5692 certent,
2629 5626 3089 5698 domesticamque
3121 5643 3306 5697 pacem
3338 5627 3588 5682 omnibus

2053 5741 2128 5802 (a)
2160 5743 2232 5790 Sic
2255 5745 2307 5790 et
2330 5741 2585 5805 innegula
2617 5742 2850 5792 Pachomii
2898 5740 3134 5791 mulieres
3162 5754 3290 5805 casa
3311 5739 3584 5805 infirmium

1993 5801 2241 5852 voeantur.
2268 5803 2394 5865 Apud
2420 5801 2599 5852 Livium
2623 5811 2787 5854 autem
2830 5805 3133 5865 ceterosque
3159 5801 3412 5852 historicos
3430 5801 3581 5864 impe-

1989 5865 2204 5917 dimenta
2237 5862 2559 5927 appellantur.
