4056 6528
514 468 613 524 351

521 581 670 636 bouis
693 581 992 651 pneferant.
1023 581 1088 634 At
1108 592 1282 647 opera:
1305 577 1530 646 pretium
1560 575 1714 631 fuerit
1730 575 1910 629 audire
1925 572 2086 628 verba

521 670 655 739 ipsa,
688 680 747 726 ut
778 672 867 726 ﬁat
893 671 1044 726 nobis
1085 669 1325 724 doctrina
1364 667 1711 722 manifestior.
1741 669 1792 721 l.
1827 666 1962 722 Sara
1998 681 2091 719 au-

517 770 632 825 tem,
667 762 856 831 inquit,
881 777 1008 815 uxor
1033 760 1181 813 Alme
1197 775 1296 812 non
1324 758 1514 828 peperit
1537 759 1582 812 ei
1613 775 1630 813 :
1671 766 1902 811 ceterum
1938 757 2091 811 liabe-

517 849 598 901 bat
627 851 865 904 ancillam
892 847 1195 919 Egyptians
1219 887 1234 914 ,
1265 847 1346 902 cui
1380 863 1557 900 nomen
1604 846 1739 918 Agar
1783 846 1920 916 (cap.
1977 845 2086 915 lli).

567 939 743 995 -Fides
764 942 975 994 Abraha:
998 950 1206 1010 quanta.
1232 968 1303 979 —
1321 939 1634 1003 Considera,
1665 937 1963 1002 carissime,
1987 936 2090 992 hoc

517 1028 634 1082 loco
689 1029 1004 1084 inellabilem
1035 1029 1128 1083 Dei
1159 1027 1491 1084 tolerantiam
1529 1036 1582 1082 et
1625 1026 1876 1081 eximiam
1931 1025 2086 1080 ﬁdem

513 1132 826 1191 gratumque
852 1121 1086 1176 animum
1113 1121 1264 1190 justi,
1289 1135 1446 1192 quem
1472 1120 1610 1174 datis
1642 1119 1743 1174 sibi
1775 1119 2086 1190 promissio-

517 1212 669 1265 nibus
684 1210 988 1266 declaravit.
1021 1209 1152 1266 Cum
1177 1211 1316 1266 enim
1339 1211 1492 1265 toties
1514 1210 1839 1279 promisisset
1865 1209 2007 1264 Deus
2029 1223 2088 1264 se

512 1299 758 1355 daturum
789 1301 980 1356 semini
1009 1301 1124 1370 ejus
1149 1311 1361 1366 terram,
1383 1310 1436 1355 et
1464 1299 1516 1354 in
1543 1308 1688 1354 tanto
1706 1299 2086 1371 multiplicatu-

512 1405 629 1446 rum
658 1407 880 1447 numero
903 1435 916 1457 ,
947 1405 1004 1447 ut
1031 1391 1347 1448 multitudini
1377 1391 1646 1446 stellarum
1669 1391 2036 1463 adaquaretur
2065 1409 2078 1446 :

513 1480 698 1536 videns
710 1482 918 1536 nullam
947 1482 1350 1553 promissionem
1375 1497 1544 1552 opere
1579 1483 1806 1554 impleri,
1835 1497 1996 1553 seque
2020 1499 2084 1537 ex

514 1574 952 1641 promissionibus
972 1574 1098 1628 nihil
1126 1583 1479 1646 praeterquam
1507 1575 1664 1630 verba
1691 1576 1948 1645 accipere,
1978 1589 2082 1628 non

512 1663 822 1718 turbabatur
870 1665 1096 1731 ratione,
1127 1679 1232 1720 non
1285 1665 1718 1721 commovebatur
1762 1673 1962 1732 mente,
1989 1665 2083 1720 sed

513 1754 702 1809 mansit
725 1756 974 1811 immotus
995 1765 1050 1811 et
1071 1755 1313 1821 inﬂexus,
1334 1756 1556 1812 credens
1591 1758 1837 1827 potentiae
1860 1759 2082 1826 promit-

511 1847 688 1900 tentis.
733 1846 1016 1902 Etidcirco
1042 1847 1197 1902 etiam
1220 1847 1304 1902 hic
1349 1846 1399 1901 id
1442 1847 1758 1918 signiﬁcavit
1809 1849 2082 1919 Scriptura

507 1936 684 1991 divina
708 1938 889 1992 dicens
921 1937 1097 1994 :Sara
1138 1949 1303 1993 autem
1325 1981 1338 2002 ,
1372 1955 1500 1994 uxor
1524 1941 1709 2006 Alme,
1751 1957 1851 1996 non
1896 1946 2085 2013 peperit

507 2027 570 2090 ei,
596 2028 742 2097 quasi
772 2029 871 2082 hoc
895 2028 1046 2084 nobis
1065 2029 1344 2084 declarans
1375 2047 1388 2084 :
1414 2031 1539 2085 Post
1565 2031 1679 2086 haec
1716 2035 1895 2087 omnia
1916 2075 1932 2100 ,
1964 2045 2084 2105 post

505 2128 658 2186 pacta
693 2135 812 2174 eum
865 2136 929 2176 eo
967 2121 1117 2188 inita,
1147 2133 1267 2193 post
1307 2124 1743 2193 pollicitationem
1791 2125 2083 2183 innumera:

507 2212 858 2267 rnnlt'tudinis
881 2228 946 2269 ex
976 2229 1042 2270 eo
1063 2215 1403 2284 procreanda:
1420 2216 1550 2270 nihil
1573 2217 1857 2273 lluctuabat
1876 2233 2080 2285 secum,

505 2303 692 2358 videns
713 2305 840 2358 nihil
869 2304 1130 2360 dictorum
1154 2321 1316 2376 opere
1344 2308 1552 2376 impleri
1579 2351 1594 2375 ,
1622 2309 1717 2365 sed
1743 2311 1920 2364 omnia
1950 2326 2081 2365 con-

498 2395 667 2448 trario
723 2395 880 2450 modo
929 2409 1048 2452 sese
1101 2397 1312 2453 habere.
1365 2399 1653 2470 Propterea
1689 2401 1819 2456 dicit
1845 2414 1962 2471 post
1992 2403 2078 2457 illa

503 2485 697 2549 omnia,
728 2484 883 2552 Sara,
915 2503 1044 2542 uxor
1069 2489 1195 2557 eius,
1226 2505 1326 2542 non
1355 2490 1546 2559 peperit
1577 2491 1624 2545 ei
1649 2507 1667 2545 :
1698 2500 1756 2545 ut
1790 2491 1967 2547 discas
1993 2494 2076 2547 ni-

504 2570 574 2626 hil
598 2573 671 2628 illi
701 2577 988 2632 accessisse
1017 2587 1134 2647 post
1164 2587 1337 2632 tantas
1367 2580 1748 2649 promissiones
1766 2622 1780 2647 ,
1813 2584 1911 2636 etsi
1938 2583 2079 2652 quod

503 2663 636 2720 Sara
675 2668 873 2722 sterilis
910 2678 964 2722 et
998 2678 1151 2724 utero
1177 2677 1420 2724 emortuo
1443 2678 1624 2737 esset,
1658 2671 1710 2725 in
1754 2684 1933 2728 mente
1953 2673 2079 2743 justi

504 2755 720 2810 multam
751 2756 1136 2813 bmsitationem
1170 2759 1482 2829 ingenerare
1519 2769 1716 2831 posset.
1751 2761 1943 2818 Verum
1985 2779 2076 2832 pa-

503 2846 734 2900 triarcha
762 2862 868 2900 non
898 2847 1171 2917 spectabat
1199 2849 1264 2903 ad
1297 2849 1671 2920 impedimenta
1719 2861 1955 2918 natum;
1985 2852 2080 2906 sed

501 2937 813 3005 sapientiam
853 2937 1060 2992 Domini
1087 2953 1416 3008 cognoscens
1437 2981 1451 3001 ,
1484 2942 1715 3010 quicum
1748 2951 1950 2998 natura:
1975 2943 2078 2998 Do-

496 3028 678 3082 minus
705 3037 760 3083 et
781 3028 1038 3085 Conditor
1059 3031 1147 3097 sit,
1175 3030 1311 3084 viam
1343 3031 1396 3085 in
1424 3032 1578 3086 inviis
1607 3043 1780 3102 potest
1807 3035 2043 3089 invenire
2061 3075 2077 3102 ,

503 3120 638 3174 sicut
661 3131 840 3190 gratus
865 3135 1052 3176 servus
1081 3138 1186 3177 non
1217 3123 1406 3192 qumrit
1436 3125 1644 3179 curiose
1661 3125 1874 3179 modum
1895 3141 2078 3181 eorum

502 3222 622 3278 qua:
668 3208 832 3276 ﬁunt,
882 3209 974 3265 sed
1017 3210 1270 3281 relinquit
1311 3211 1828 3280 incomprehensibili
1873 3215 2079 3270 Domini

505 3297 872 3367 providentiae,
902 3307 957 3354 et
991 3299 1213 3354 credidit
1257 3300 1430 3354 dictis.
1471 3301 1670 3358 Idcirco
1700 3303 1868 3374 inquit
1899 3322 1913 3358 :
1947 3303 2082 3360 Sara

503 3397 691 3453 autem,
721 3396 842 3457 post
884 3397 1056 3443 tantas
1100 3391 1503 3458 promissiones,
1527 3408 1625 3445 non
1655 3395 1846 3462 peperit
1866 3396 1931 3448 ei.
1971 3394 2082 3448 Ha-

501 3476 643 3532 bebat
669 3487 836 3531 autem
860 3479 1096 3533 ancillam
1127 3477 1449 3550 ﬁgyptiam,
1467 3483 1548 3534 cui
1573 3497 1754 3535 nomen
1777 3482 1933 3554 Agar.
1961 3483 2078 3538 Non

508 3569 711 3638 absque
746 3582 904 3624 causa
931 3571 1090 3624 etiam
1129 3570 1231 3624 boc
1255 3570 1375 3625 loco
1421 3571 1690 3642 Scriptura
1719 3571 1897 3628 divina
1927 3575 2080 3629 nobis

503 3661 706 3714 ancillze
729 3661 1036 3716 memoriam
1060 3660 1203 3727 fecit,
1231 3660 1324 3716 sed
1354 3671 1408 3716 ut
1432 3663 1660 3717 sciamus
1683 3663 1820 3718 unde
1837 3664 2082 3720 habuerit

504 3751 668 3806 illam.
701 3751 834 3806 Nam
861 3751 1058 3807 idcirco
1084 3751 1278 3821 adjecit
1300 3767 1416 3807 eam
1439 3751 1740 3824 [Egyptiam
1758 3769 1897 3822 esse,
1929 3766 1985 3810 ut
2012 3757 2078 3811 ad

503 3844 832 3913 superiorem
860 3844 1133 3900 historiam
1160 3861 1526 3912 recurramus;
1554 3847 1693 3917 quod
1716 3863 1906 3918 nempe
1922 3849 2080 3905 fuerit

502 3949 570 3990 ex
601 3951 824 3990 numero
845 3950 1029 3991 eorum
1056 3952 1172 4006 qua:
1187 3937 1390 3992 Pharao
1407 3938 1561 3992 Abrae
1579 3939 1890 4010 donaverat,
1912 3956 2081 4011 quan-

505 4024 575 4080 do
601 4035 743 4080 tanta
775 4021 973 4082 ultione
1000 4027 1068 4081 ab
1092 4028 1327 4082 omnium
1358 4028 1464 4083 Deo
1482 4031 1678 4097 potitus
1703 4042 1804 4098 est,
1833 4033 2079 4103 quodque

506 4113 780 4170 redeundo
810 4113 947 4171 hanc
993 4117 1259 4187 acceperit
1283 4116 1430 4171 Sara.
1472 4117 1718 4173 Studiose
1756 4122 1895 4174 enim
1926 4123 2080 4178 nobis

508 4214 562 4260 et
591 4219 784 4260 nomen
813 4215 868 4260 et
890 4215 1100 4276 gentem
1127 4207 1437 4276 signiﬁcavit
1463 4209 1640 4262 divina
1659 4209 1950 4280 Scriptura.
1978 4211 2079 4267 Ve-

505 4313 624 4352 rum
653 4297 872 4352 ulterius
895 4297 978 4352 hic
1001 4298 1301 4364 considera,
1324 4300 1592 4368 quomodo
1618 4301 1763 4356 Sara:
1789 4318 1940 4357 meus
1964 4303 2081 4373 phi-

507 4388 790 4458 losophicis
819 4389 1036 4459 praedita
1059 4389 1210 4444 fuerit
1231 4391 1486 4457 moribus,
1513 4401 1565 4446 et
1583 4394 1772 4448 mirum
1793 4396 1841 4448 in
1865 4396 2078 4451 modum

502 4480 794 4546 continens,
828 4490 985 4550 atque
1013 4495 1168 4551 quam
1190 4479 1346 4536 fuerit
1375 4482 1486 4552 ipse
1513 4484 1809 4552 patriarcha
1824 4486 1897 4540 illi
1919 4486 2077 4542 obse-

505 4585 673 4640 quens
701 4581 752 4624 et
777 4571 919 4626 dicto
947 4571 1186 4626 audiens.
1214 4571 1269 4626 2.
1296 4572 1435 4627 Dixit
1471 4583 1638 4628 autem
1667 4575 1802 4631 Sara
1823 4619 1837 4643 ,
1872 4577 2039 4648 inquit
2059 4619 2073 4644 ,

506 4662 651 4717 Alme
675 4663 726 4716 in
755 4674 888 4716 terra
929 4663 1173 4718 Chanaan
1204 4679 1223 4718 :
1252 4663 1383 4718 Ecce
1411 4667 1654 4719 conclusit
1684 4685 1761 4721 me
1789 4667 2034 4722 Dominus
2058 4709 2074 4735 ,

506 4771 565 4808 ne
592 4770 817 4823 parerent
841 4769 860 4806 :
889 4754 1144 4822 ingredere
1177 4754 1331 4822 igitur
1356 4755 1424 4806 ad
1455 4754 1692 4808 ancillam
1725 4771 1907 4822 meam,
1939 4767 1992 4810 ut
2017 4775 2081 4812 ex

507 4864 565 4899 ea
591 4849 779 4914 prolem
808 4847 1074 4915 suscipias.
1133 4846 1265 4901 Vide
1293 4847 1530 4902 mulieris
1557 4848 1890 4916 probitatem.
1939 4849 2079 4905 Nihil

505 4937 607 4992 tale
633 4936 782 5003 dixit,
805 4938 960 5006 quale
986 4937 1218 5006 posthzec
1240 4938 1435 4993 Rachel
1467 4939 1636 5007 inquit
1665 4939 1729 4993 ad
1759 4938 1924 4994 Jacob
1955 4957 1967 4993 :
2001 4940 2080 4993 Da

503 5027 627 5081 mihi
655 5027 822 5095 ﬁlios;
851 5028 1048 5096 quodsi
1088 5030 1270 5093 minus,
1303 5030 1490 5082 morior
1527 5044 1617 5100 ego
1661 5029 1814 5100 (Gen.
1861 5031 1949 5086 30.
2003 5033 2075 5100 1).

503 5118 611 5174 Sed
661 5118 785 5188 quid
824 5118 986 5173 dicit?
1014 5118 1142 5172 Ecce
1184 5117 1426 5173 conclusit
1467 5135 1543 5174 me
1577 5119 1853 5185 Dominus,
1883 5139 1944 5174 ne
1982 5139 2077 5191 pa-

499 5227 684 5264 rerem.
743 5211 806 5264 Et
851 5210 994 5280 quia.
1049 5211 1235 5281 inquit,
1287 5211 1523 5266 sterilem
1575 5227 1661 5267 me
1708 5213 1832 5268 fecit
1877 5224 2077 5270 natura:

499 5303 780 5371 Conditor,
809 5311 861 5358 et
887 5303 1110 5372 privavit
1139 5319 1223 5358 me
1254 5302 1478 5359 ﬁliorum
1501 5306 1866 5374 procreatione
1886 5349 1900 5371 ,
1930 5318 1985 5361 ut
2012 5323 2078 5363 ne

502 5403 722 5465 propter
746 5409 919 5449 meam
944 5395 1274 5449 sterilitatem
1296 5437 1308 5458 ,
1333 5409 1454 5448 cum
1485 5394 1534 5449 iu
1553 5405 1845 5451 extremam
1867 5398 2079 5453 veneris

503 5493 791 5549 senectam,
820 5490 1002 5552 postea
1029 5497 1249 5537 maneas
1274 5482 1471 5552 absque
1497 5483 1696 5546 liberis,
1715 5483 1986 5556 Ingredere
2009 5487 2078 5540 ad

505 5573 747 5627 ancillam
779 5588 961 5634 meam,
988 5582 1042 5625 ut
1080 5588 1142 5626 ex
1172 5588 1230 5626 ea
1256 5571 1389 5639 ﬁlios
1421 5589 1666 5642 procrees.
1710 5573 1974 5646 Multiples
2025 5588 2078 5631 et

507 5663 786 5717 iueﬁ'abilis
811 5662 1047 5718 mulieris
1067 5663 1321 5732 probitas.
1353 5663 1483 5729 Qum
1522 5664 1662 5718 enim
1692 5681 1940 5736 umquam
1968 5684 2078 5722 mue

503 5752 602 5807 lier
647 5752 750 5806 hoc
798 5752 1083 5807 sustineret
1132 5751 1340 5818 facere,
1371 5751 1456 5808 vel
1501 5754 1614 5809 viro
1659 5755 1954 5825 consulere,
1994 5757 2075 5814 vel

501 5840 707 5898 ancilla:
729 5840 997 5913 coniugali
1027 5852 1144 5898 toro
1165 5842 1358 5900 cedere
1381 5843 1406 5900 ἵ

1257 463 1311 519 S.
1352 459 1629 518 JO.\NNIS
1666 455 2140 518 CllRYSOS‘l'ONl
2177 454 2492 514 ARCHIEP.
2533 449 3064 510 CONSTANTINOP.

3677 455 3774 510 5-52

2270 563 2520 619 ‘2.Vidisti
2551 562 2816 634 quomodo
2845 563 2913 618 ab
2947 563 3091 619 omni
3125 563 3402 621 affectione
3427 564 3629 621 fuerint
3652 569 3777 624 alie-

2201 656 2296 710 ni?
2319 654 2463 711 Unus
2489 664 2602 711 erat
2623 655 2700 711 eis
2727 671 2940 726 scapus,
2963 671 3030 712 ne
3053 656 3255 729 absque
3282 658 3463 712 liberis
3476 659 3602 714 hinc
3621 660 3777 716 dccc-

2194 747 2424 814 derent;
2455 749 2549 804 sed
2573 749 2882 820 spectabant
2904 749 3173 819 quomodo
3200 751 3358 805 etiam
3394 751 3544 807 illinc
3583 767 3777 807 conso-

2197 839 2449 895 lationem
2476 841 2808 911 acquirerent
2829 881 2844 905 .
2871 850 2926 896 et
2950 841 3317 897 lndissolubile
3338 842 3482 912 pacis
3509 843 3776 897 vinculum

2197 942 2494 987 servarent.
2546 932 2778 988 Observa
2813 933 2959 988 enim
3013 931 3100 987 hic
3153 932 3468 1002 patriarcha:
3517 933 3776 1002 insignem

2191 1023 2595 1089 continentiam,
2608 1021 3077 1093 admirabilemque
3094 1023 3582 1080 mansuetudinem.
3597 1023 3778 1094 Neque

2191 1114 2335 1167 enim
2357 1114 2598 1182 asperior
2624 1112 2723 1167 fuit
2751 1113 2921 1177 uxori,
2952 1113 3095 1184 quod
3137 1113 3336 1169 liberos
3374 1129 3479 1168 non
3531 1114 3772 1178 haberet,

2193 1213 2250 1259 ut
2282 1204 2592 1274 insipientes
2618 1206 2893 1270 nonnulli;
2927 1221 3100 1277 neque
3118 1220 3270 1261 amor
3297 1207 3412 1277 ejus
3438 1221 3564 1276 erga
3591 1209 3776 1264 mulie-

2192 1309 2306 1350 rem
2332 1295 2640 1350 imminutus
2668 1309 2768 1350 est.
2802 1296 2962 1352 Scitis
2986 1297 3150 1363 enim,
3179 1297 3334 1368 plane
3380 1299 3531 1354 scitis
3578 1302 3775 1355 multos

2192 1386 2328 1442 hanc
2355 1386 2688 1456 potissimum
2718 1387 2790 1442 ob
2817 1403 3030 1443 causam
3058 1388 3308 1444 mulieres
3323 1388 3614 1459 despicere,
3638 1394 3774 1446 sicut

2189 1477 2260 1533 ob
2280 1477 2599 1533 contrariam
2625 1476 2892 1533 adamare.
2944 1477 3237 1548 Utrumque
3266 1479 3458 1534 stolide
3480 1488 3537 1535 et
3577 1482 3773 1551 impr-u-

2189 1569 2377 1625 denter
2402 1580 2586 1640 agunt,
2616 1571 2704 1640 qui
2729 1571 2981 1627 uxoribus
3004 1571 3314 1627 adscribunt
3330 1572 3664 1628 sterilitatem
3692 1575 3772 1629 vel

2190 1659 2584 1725 fecunditatem,
2611 1661 2762 1730 quasi
2808 1662 3106 1717 nescientes
3157 1678 3186 1716 a
3239 1675 3441 1722 natura:
3483 1661 3773 1723 Conzlitore

2189 1749 2484 1819 dispensari
2540 1750 2808 1816 universa,
2837 1760 2892 1807 et
2943 1767 3115 1820 neque
3161 1755 3380 1822 coitum,
3403 1773 3578 1830 neque
3628 1758 3772 1813 aliud

2188 1841 2434 1911 quiddam
2468 1841 2532 1897 ad
2578 1843 2932 1914 procreandos
2975 1845 3172 1901 liberos
3217 1847 3460 1905 conferre
3484 1891 3502 1917 ,
3532 1852 3634 1906 nisi
3679 1866 3772 1906 co—

2189 1943 2439 2001 operetur
2465 1948 2655 1988 manus
2679 1949 2930 2004 superna,
2961 1952 3079 2005 qua:
3111 1947 3350 1993 naturam
3379 1939 3446 1994 ad
3487 1957 3771 2010 procrean-

2187 2023 2314 2078 dum
2339 2025 2556 2081 excitet.
2589 2025 2719 2092 Qu:e
2744 2041 2866 2081 cum
2892 2028 3059 2096 probe
3088 2039 3266 2084 nosset
3281 2030 3456 2100 justus
3483 2032 3592 2097 ille,
3611 2036 3771 2088 uxori

2187 2115 2520 2170 sterilitatem
2548 2130 2653 2170 non
2687 2116 2980 2186 imputabat
3012 2137 3026 2173 :
3058 2118 3152 2174 sed
3189 2132 3575 2189 congruentem
3600 2124 3770 2178 hono-

2187 2220 2300 2261 rem
2328 2220 2539 2276 semper
2563 2207 2612 2261 ei
2648 2206 2930 2262 tribuebat.
2959 2209 3130 2278 Atque
3151 2210 3286 2264 hanc
3315 2211 3384 2266 ob
3402 2226 3617 2267 causam
3658 2215 3770 2284 ipsa

2186 2297 2241 2351 in
2280 2296 2439 2353 ofﬁcii
2469 2298 2670 2362 vicem,
2702 2299 2992 2368 volensque
3022 2299 3296 2357 declarare
3341 2311 3542 2372 quanto
3585 2319 3770 2360 amore

2183 2403 2306 2460 erga
2334 2390 2502 2444 virum
2526 2389 2814 2456 afﬁciatur,
2847 2405 2954 2446 non
2983 2391 3123 2462 quod
3163 2393 3245 2448 sui
3271 2393 3436 2464 ipsius
3463 2403 3578 2450 erat
3600 2436 3616 2461 ,
3642 2411 3768 2465 spe-

2183 2483 2380 2548 ctabat,
2410 2481 2503 2537 sed
2525 2482 2793 2552 quomodo
2819 2483 2893 2537 illi
2923 2484 3340 2541 consolationem
3366 2487 3650 2557 quamdam
3677 2503 3767 2542 or-

2184 2572 2364 2628 bitatis
2415 2574 2707 2629 liberorum
2759 2575 3084 2646 excogitaret
3115 2617 3130 2642 ,
3176 2580 3327 2647 quasi
3374 2579 3618 2635 manibus
3660 2583 3770 2636 suis

2184 2673 2454 2734 acceptam
2477 2665 2703 2734 puellam
2726 2663 3025 2737 Egyptiam
3049 2667 3102 2722 in
3129 2667 3323 2724 lectum
3345 2685 3498 2724 suum
3523 2672 3766 2733 induxit:

2182 2753 2312 2823 quin
2337 2763 2392 2809 et
2415 2754 2592 2810 verbis
2622 2755 2750 2825 ipsis
2774 2756 3032 2823 ostendit,
3054 2772 3156 2828 qua
3177 2757 3244 2814 de
3266 2774 3424 2814 causa
3449 2760 3502 2815 id
3524 2761 3767 2829 iaciat,et

2183 2845 2303 2914 quis
2342 2845 2460 2916 ejus
2503 2846 2574 2901 sit
2603 2860 2816 2916 scopas.
2861 2846 2996 2914 Quia
3028 2862 3128 2918 ego
3146 2890 3161 2912 ,
3190 2849 3398 2919 inquit,
3427 2851 3631 2906 inutilis
3660 2854 3768 2907 visa

2182 2951 2325 3002 sum,
2360 2946 2416 2992 et
2447 2937 2514 2992 ad
2542 2938 2906 3008 generandum
2934 2953 3038 2994 non
3075 2939 3268 2995 idonea
3300 2939 3593 2997 :Conclusit
3626 2945 3770 2999 enim

2183 3042 2265 3080 me
2303 3025 2574 3093 Dominus,
2601 3044 2664 3080 ne
2715 3044 2960 3098 parerem.
2983 3027 3114 3083 Vide
3153 3028 3464 3098 prudentem
3512 3033 3768 3096 animam,

2181 3117 2449 3188 quomodo
2499 3118 2628 3172 nihil
2675 3133 2922 3187 asperum
2970 3118 3235 3188 loquitur,
3280 3123 3613 3178 sterilitatem
3664 3141 3766 3178 non

2183 3208 2423 3279 deplorat
2452 3228 2465 3264 :
2493 3208 2585 3264 sed
2613 3209 2784 3264 solum
2823 3209 2924 3264 hoc
2953 3209 3108 3264 nobis
3148 3210 3424 3267 declarare
3448 3214 3560 3266 vult
3582 3253 3600 3275 .
3627 3215 3769 3283 quod

2183 3310 2386 3355 natura:
2407 3299 2632 3354 Domino
2661 3298 2835 3369 opiﬁci
2868 3298 2970 3354 hoc
2999 3299 3310 3356 adscribens
3330 3342 3344 3364 ,
3377 3301 3566 3358 leuiter
3592 3313 3648 3356 et
3670 3319 3766 3372 ge-

2184 3404 2376 3446 nerose
2403 3388 2557 3454 lerat,
2591 3388 2792 3442 malens
2815 3387 2956 3456 quod
2986 3389 3096 3444 Deo
3120 3390 3396 3459 placebat,
3432 3405 3590 3460 quam
3625 3393 3766 3461 quod

2179 3482 2296 3551 ipsa
2320 3479 2724 3550 concupiscebat
2742 3521 2756 3542 ,
2789 3489 2840 3535 et
2869 3480 2969 3536 hoc
2995 3497 3156 3536 unum
3183 3492 3430 3552 spectans
3455 3526 3472 3550 ,
3504 3493 3559 3538 ut
3597 3488 3765 3539 virum

2181 3571 2463 3626 solaretur.
2525 3569 2819 3638 Quoniam,
2847 3571 3051 3642 inquit,
3085 3571 3331 3627 Dominus
3365 3590 3446 3627 ate
3486 3576 3762 3639 conclusit,

2182 3677 2246 3715 ne
2264 3669 2508 3730 parerem.
2531 3659 2740 3728 Quanta
2776 3660 2935 3729 hujus
2973 3659 3121 3717 verbi
3159 3663 3430 3733 entpbasis
3463 3666 3584 3718 est?
3609 3681 3767 3735 quam

2184 3753 2499 3809 inedabilcm
2520 3751 2752 3807 ostendit
2785 3753 2876 3807 Dei
2922 3754 3210 3822 potentiam
3257 3765 3310 3808 et
3339 3755 3767 3824 providentiam?

2181 3843 2342 3912 Quasi
2368 3841 2571 3897 diceret
2599 3860 2612 3896 :
2642 3841 2790 3897 Sicut
2817 3856 2920 3898 nos
2947 3844 3220 3914 aperimus
3245 3853 3300 3900 et
3337 3832 3638 3902 claudiinus
3672 3847 3766 3904 do-

2183 3947 2348 3996 mum,
2382 3933 2450 3988 ita
2494 3942 2548 3989 et
2601 3932 2857 3988 Dominus
2896 3934 2948 3988 in
2997 3943 3184 3989 natura
3232 3947 3502 4005 operatur,
3561 3948 3618 3993 et
3667 3952 3785 3993 suo.

2182 4033 2449 4095 praecepto
2475 4023 2694 4090 claudit,
2721 4033 2774 4078 et
2803 4024 2995 4079 iterum
3021 4026 3240 4095 quando
3267 4027 3379 4082 vult
3402 4029 3600 4097 aperit.
3619 4031 3764 4100 etju-

2184 4115 2272 4170 bet
2301 4122 2538 4168 naturam
2565 4113 2705 4185 quod
2745 4127 2900 4169 suum
2938 4124 3022 4170 est
3049 4117 3279 4186 operari.
3315 4117 3580 4185 Quoniam
3610 4121 3764 4190 igitur

2186 4203 2438 4258 Conclusit
2495 4221 2573 4259 me
2617 4203 2864 4259 Dominus
2886 4245 2902 4271 ,
2960 4223 3022 4260 ne
3075 4223 3336 4276 parerem,
3395 4210 3657 4279 ingredere
3700 4212 3764 4264 ad

2183 4295 2422 4348 ancillam
2447 4311 2635 4360 meum,
2667 4306 2721 4349 ut
2773 4312 2837 4350 ea:
2883 4312 2942 4350 ea
2977 4297 3170 4366 prolem
3213 4315 3460 4368 procrces.
3514 4300 3638 4356 Scio
3680 4317 3767 4356 me

2184 4385 2426 4440 orbitatis
2452 4400 2667 4440 causam
2703 4401 2855 4453 esse;
2885 4399 3162 4458 propterea
3205 4390 3328 4444 nolo
3355 4400 3406 4444 te
3433 4392 3645 4459 privare
3673 4393 3766 4448 illo

2185 4477 2396 4531 solatio.
2420 4475 2686 4531 Fortassis
2714 4486 2889 4532 autem
2919 4478 3080 4532 etiam
3106 4479 3474 4548 suspicabatur
3492 4481 3623 4537 Sara
3655 4492 3763 4540 ste-

2183 4567 2432 4622 rilitatem
2460 4568 2601 4621 illam
2629 4583 2736 4621 non
2779 4583 2809 4621 a
2845 4584 2906 4624 se
2931 4569 3042 4624 sola
3071 4584 3189 4624 esse
3215 4612 3230 4635 ,
3263 4571 3357 4626 sed
3383 4573 3544 4628 etiam
3575 4590 3640 4630 ex
3669 4591 3763 4646 pa-

2185 4657 2411 4712 triarcha
2443 4672 2458 4711 :
2487 4657 2609 4712 ideo
2632 4657 2819 4713 volens
2843 4669 2992 4714 certo
3017 4661 3383 4729 experimento
3415 4663 3470 4717 id
3496 4667 3761 4735 comperi-

2184 4761 2263 4811 re,
2295 4747 2500 4802 ancilla
2520 4747 2680 4812 cedit,
2712 4756 2766 4802 et
2795 4749 2938 4802 illam
2958 4750 3009 4802 in
3036 4749 3229 4805 lectum
3259 4752 3398 4807 illius
3422 4753 3590 4819 ducit,
3623 4766 3679 4810 ut
3708 4773 3764 4811 re

2186 4837 2295 4906 ipsa
2323 4837 2492 4892 discat
2517 4852 2584 4891 an
2610 4837 2720 4892 sola
2743 4838 2811 4893 sit
2829 4839 2881 4892 in
2907 4853 3090 4905 causa,
3115 4840 3324 4911 sibique
3348 4843 3447 4897 solt
3473 4845 3542 4899 sit
3567 4845 3764 4901 adscri-

2186 4925 2356 4981 benda
2385 4928 2656 4982 sterilitas.
2707 4928 2938 4982 Obedivit
2989 4939 3174 4995 autem,
3209 4931 3398 5001 inquit,
3426 4933 3616 4988 Abram
3658 4938 3763 4990 uoci

2185 5017 2350 5071 Sorte.
2378 5017 2558 5088 Magna
2581 5018 2709 5087 justi
2738 5018 3085 5090 philosophia.
3116 5020 3171 5074 ld
3196 5022 3338 5076 enim
3361 5024 3499 5092 quod
3515 5024 3642 5087 dixi,
3666 5025 3764 5081 hoc

2183 5116 2235 5160 et
2257 5123 2396 5162 nunc
2421 5107 2542 5162 dico
2573 5123 2586 5160 :
2618 5107 2767 5162 illum
2797 5124 2902 5162 non
2933 5109 3164 5178 priorem
3195 5111 3295 5165 hoc
3314 5113 3595 5168 consilium
3618 5116 3764 5170 iniis-

2184 5211 2261 5263 se,
2293 5199 2536 5268 quamvis
2568 5199 2620 5253 in
2667 5208 2906 5254 extrema
2955 5209 3231 5256 senectute
3275 5212 3454 5270 esset,
3481 5193 3538 5259 et
3566 5222 3706 5262 nuiic
3735 5222 3762 5261 a

2185 5288 2312 5342 Sara
2333 5289 2660 5344 admonitum
2689 5299 2932 5360 prompte
2976 5291 3299 5360 obedivisse,
3345 5303 3401 5348 ut
3447 5293 3666 5352 doceret
3708 5313 3763 5352 se

2185 5393 2289 5432 non
2319 5394 2384 5434 es
2409 5379 2834 5451 concupiscentia
2865 5380 2947 5434 vel
2984 5381 3201 5438 libidine
3229 5384 3482 5454 congredi
3517 5401 3640 5440 cum
3673 5387 3757 5440 illa

2187 5471 2435 5536 voluisse,
2454 5471 2546 5526 sed
2569 5481 2625 5526 ut
2662 5470 2884 5526 seminis
2912 5471 3236 5542 relinqueret
3260 5474 3672 5531 successionem.
3706 5478 3756 5532 3.

2187 5561 2252 5616 Et
2271 5563 2385 5616 tulit
2413 5564 2548 5618 Sara
2573 5578 2699 5617 uxor
2736 5563 2888 5616 Abra:
2923 5565 3139 5634 Agerent
3180 5564 3485 5637 Λεςυριὶωι
3523 5572 3760 5625 ancillast

2183 5671 2326 5709 suam
2348 5695 2364 5720 ,
2396 5665 2660 5724 postquam
2685 5655 2852 5708 decem
2883 5670 3042 5709 annos
3070 5655 3339 5712 habitasset
3384 5675 3500 5714 cum
3525 5663 3632 5716 ’ἂν
3665 5678 3758 5717 suo

2183 5746 2234 5800 in
2256 5744 2543 5801 Chanana'a
2564 5749 2643 5819 (a)
2670 5759 2716 5804 et
2738 5749 2874 5804 dedit
2893 5767 3005 5806 eam
3031 5752 3181 5808 Alme
3203 5754 3310 5809 uiro
3324 5747 3430 5812 ’διο
3448 5756 3501 5813 in
3526 5775 3757 5815 mea.

2249 5859 2324 5923 (a)
2356 5862 2436 5911 Btc
2459 5862 2639 5913 variant
2658 5861 2958 5927 exemplaria
2979 5865 3284 5927 septuaginta
3308 5872 3649 5934 tnterpretum,
3677 5870 3758 5920 ubi
