4056 6512
203 448 326 504 333

215 563 481 628 Attende,
535 563 791 629 obsecro,
837 560 1122 630 Scriptura:
1151 555 1476 627 diligentiam
1507 571 1520 609 :
1548 560 1614 610 ιιι
1655 552 1796 606 enim

207 656 485 712 discamus
510 655 656 710 illum
673 667 777 708 non
809 666 929 707 mox
956 660 1078 720 post
1105 649 1218 704 haec
1245 647 1403 702 verba
1431 659 1548 716 qua:
1575 643 1643 700 ad
1675 657 1798 697 eum

209 745 350 801 dixit
399 745 553 808 Sara,
577 745 630 800 in
674 757 807 812 opus
856 740 1186 812 prosiluisse,
1216 739 1337 794 ideo
1387 736 1518 792 dicit
1547 753 1561 789 :
1591 733 1659 789 Et
1685 734 1798 788 tulit

209 837 351 893 Sara
398 852 528 891 «σον
553 835 704 889 Abrae
727 835 943 905 Agerent
977 831 1279 902 ﬁgyptiam
1322 828 1560 883 ancillam
1603 842 1747 881 suam
1779 840 1799 878 :

203 926 364 996 queis
383 924 682 981 subindicat
708 924 861 980 nobis
888 923 1158 992 Scriptura
1199 921 1382 976 divina
1407 934 1528 974 eum
1561 932 1786 973 uxorem

203 1031 364 1072 suam
389 1016 804 1079 consolaturum,
825 1023 880 1070 et
903 1014 953 1069 ei
976 1013 1196 1084 obsequi
1218 1011 1504 1073 volentem,
1528 1008 1666 1064 hanc
1681 1022 1795 1063 rem

202 1105 427 1162 fecisse.
460 1105 594 1162 Nam
622 1114 680 1160 ut
703 1105 979 1161 evidenter
1007 1103 1144 1158 scias
1173 1099 1486 1172 patriarcha:
1508 1098 1793 1155 continen-

204 1200 338 1251 tiam
359 1205 414 1252 et
439 1195 687 1252 eximiam
717 1193 1124 1265 temperantiam
1149 1234 1163 1259 ,
1193 1191 1322 1246 dicit
1354 1206 1369 1245 :
1401 1187 1677 1259 Postquam
1701 1187 1791 1242 de-

197 1303 317 1343 cem
345 1288 492 1342 annis
526 1286 795 1342 habitata
845 1300 960 1338 eum
1009 1284 1230 1338 Abranto
1276 1283 1385 1335 viro
1423 1298 1515 1336 suo
1560 1282 1612 1334 in
1658 1289 1792 1334 terra

191 1375 471 1433 Chanaan.
499 1377 614 1432 Non
644 1378 845 1446 absque
871 1389 1032 1431 musa
1056 1383 1263 1444 tempus
1287 1373 1595 1442 assignavit,
1614 1370 1708 1426 sed
1731 1378 1792 1426 ut

198 1470 345 1524 scire
373 1468 636 1537 possimus
660 1476 791 1536 quot
814 1466 968 1521 annis
993 1465 1169 1535 justus
1196 1464 1406 1520 fortiter
1430 1461 1788 1519 infecundita-

197 1568 312 1613 tem
344 1559 541 1624 tulerit,
570 1569 626 1614 et
652 1557 927 1614 affectibus
957 1556 1204 1626 superior
1225 1569 1469 1626 magnam
1487 1552 1790 1611 exhibuerit

192 1651 582 1706 continentiam
612 1667 630 1706 :
665 1666 834 1722 neque
864 1650 965 1706 hoc
984 1650 1181 1713 solum,
1203 1647 1297 1704 sed
1324 1657 1452 1703 utet
1472 1645 1612 1702 aliud
1636 1645 1787 1718 quid-

191 1740 324 1795 dam
370 1739 492 1796 inde
539 1741 824 1796 discamus.
877 1739 1000 1795 Ideo
1046 1742 1191 1796 enim
1243 1737 1476 1808 adjecit:
1507 1735 1785 1806 Postquam

188 1833 369 1886 decem
387 1832 534 1886 annis
559 1831 830 1885 habitasset
850 1847 965 1885 cum
986 1831 1093 1884 uiro
1118 1845 1214 1884 suo
1241 1830 1294 1882 ist
1322 1837 1455 1883 terra
1491 1827 1738 1882 aenean
1763 1842 1785 1882 :

187 1936 305 1976 non
333 1921 474 1974 enim
506 1935 665 1976 omne
682 1929 894 1991 tempus
917 1919 1325 1976 cobabitationis
1363 1917 1517 1973 nobis
1540 1916 1780 1972 declara-

190 2013 291 2078 vit,
315 2014 407 2068 sed
430 2013 559 2070 illud
579 2013 751 2069 solum
793 2011 932 2083 quod
973 2013 1027 2065 in
1072 2009 1368 2066 Cbananaza
1411 2016 1780 2079 consumptum

185 2114 295 2160 est.
324 2105 498 2173 Quare
527 2106 628 2160 hoc
651 2145 669 2169 ,
699 2112 753 2159 et
780 2118 938 2172 quam
969 2103 1039 2157 ob
1061 2103 1328 2156 causam?
1357 2102 1488 2168 Quia
1518 2101 1698 2155 statim
1725 2110 1782 2153 ut

187 2196 340 2250 venit
358 2197 410 2249 in
428 2194 803 2260 Chananeam,
825 2194 1083 2264 benignus
1102 2191 1355 2247 Dominus
1370 2189 1779 2262 promissionem

185 2287 317 2342 fecit
346 2287 426 2341 his
454 2287 634 2343 verbis
662 2302 676 2340 :
712 2285 908 2341 Semini
931 2293 1021 2338 tuo
1043 2283 1174 2337 dabo
1201 2293 1385 2337 terram
1406 2282 1537 2335 hanc
1555 2297 1574 2335 :
1593 2289 1647 2335 et
1663 2288 1781 2349 post

181 2375 308 2431 haec
337 2391 547 2446 quoque
573 2376 742 2433 semel
759 2378 917 2446 atque
938 2375 1129 2429 iterum
1152 2371 1531 2443 promissiones
1543 2369 1775 2440 repetiit,

184 2473 250 2521 nt
276 2466 446 2532 scias,
479 2466 674 2523 dilecte
695 2508 712 2533 ,
737 2466 981 2536 quamvis
1033 2470 1183 2520 tanto
1229 2472 1470 2531 tempore
1525 2460 1777 2517 Dominus

178 2557 473 2622 distulerit,
503 2567 560 2613 et
602 2559 864 2628 promissa
913 2573 1019 2612 non
1063 2555 1384 2626 impleverit,
1421 2554 1775 2624 patriarcham

179 2658 364 2704 tamen
409 2665 514 2704 non
545 2649 711 2705 fuisse
757 2650 943 2705 animo
992 2648 1285 2713 turbatum,
1341 2647 1434 2702 sed
1479 2647 1776 2703 ratiociniis

180 2740 298 2795 suis
343 2739 520 2795 divina
550 2740 690 2796 dicta
732 2741 1050 2812 praetulisse.
1110 2740 1398 2809 Propterea
1443 2739 1591 2805 dicit,
1632 2739 1776 2794 Post-

179 2845 338 2898 quam
364 2831 534 2884 decem
556 2847 720 2885 annos
744 2831 896 2885 simul
925 2831 1233 2885 habitamus
1261 2830 1317 2884 in
1343 2839 1476 2883 terra
1504 2828 1770 2885 Chanaan.

183 2919 374 2975 Vidisti
421 2921 624 2976 virilem
674 2921 951 2976 animum?
992 2920 1171 2976 vidisti
1223 2920 1576 2991 philosophia:
1619 2918 1777 2988 hujus

178 3011 660 3067 exercitationem?
699 3012 969 3082 quomodo
1009 3011 1266 3067 Dominus
1322 3020 1380 3067 ut
1421 3026 1539 3065 cam
1589 3010 1776 3064 reddat

178 3100 546 3164 illustriorem,
572 3112 748 3158 cesset
775 3118 840 3158 ac
877 3102 1125 3157 dilferat?
1163 3102 1294 3156 Nam
1325 3104 1448 3173 quia
1482 3101 1771 3171 plurimum

175 3196 229 3250 ei
257 3209 401 3248 cura:
435 3205 556 3250 sunt
588 3194 771 3250 famuli
798 3195 920 3260 sui,
951 3210 1059 3249 non
1107 3194 1176 3250 ita
1226 3195 1540 3264 simpliciter
1590 3194 1642 3247 in
1680 3207 1774 3247 eos

176 3283 428 3340 conferre
453 3284 728 3351 beneﬁcia,
758 3284 853 3339 sed
885 3285 1043 3340 simul
1063 3285 1223 3339 etiam
1241 3285 1557 3354 conspicuos
1577 3282 1772 3339 redde-

179 3389 262 3436 re,
294 3373 562 3443 lidemque
605 3374 840 3444 ipsorum
871 3375 1118 3430 omnibus
1142 3374 1419 3430 declarare
1467 3374 1675 3446 satagit.
1715 3373 1772 3428 Si

177 3465 323 3516 ntiim
341 3464 520 3518 statim
544 3474 601 3519 ut
622 3467 865 3535 promisit
883 3480 943 3522 se
967 3466 1215 3521 daturum
1239 3468 1429 3523 semini
1441 3468 1559 3537 ejus
1570 3476 1767 3522 terram

177 3554 340 3617 hanc,
382 3554 676 3624 aperuisset
727 3555 873 3611 Sane
922 3558 1157 3624 vulvam,
1200 3567 1255 3614 et
1303 3557 1502 3613 liberos
1535 3557 1773 3613 dedisset

177 3657 542 3712 successores,
572 3660 744 3716 neque
770 3655 872 3700 tam
895 3663 1143 3718 magnum
1183 3647 1514 3704 exhibuisset
1537 3649 1766 3703 miracu-

178 3737 313 3799 lum,
344 3752 517 3807 neque
543 3747 648 3792 tam
671 3740 812 3794 clara
840 3740 979 3809 apud
1000 3755 1190 3796 omnes
1217 3741 1404 3796 fuisset
1428 3741 1554 3812 justi
1579 3743 1767 3794 virtus.

178 3824 362 3881 Virtus
389 3828 530 3882 enim
575 3828 667 3884 Dei
695 3838 749 3884 et
779 3839 901 3884 tunc
947 3830 1228 3886 manifesta
1281 3831 1495 3900 quidem
1547 3831 1767 3887 fuisset:

177 3933 303 3970 nam
335 3927 632 3973 emortuam
661 3929 866 3974 natura:
891 3919 1180 3987 ofﬁcinam,
1208 3931 1262 3976 et
1292 3922 1530 3977 inutilem
1550 3925 1614 3976 ad
1643 3937 1768 3992 pro-

175 4009 440 4063 creandos
465 4009 606 4064 ﬁlios
637 4009 848 4077 factam,
884 4026 981 4066 suo
1008 4021 1275 4080 praecepto
1320 4012 1508 4066 iterum
1530 4023 1769 4083 vegetam

178 4101 394 4156 fecisset
423 4115 439 4155 τ
471 4111 525 4155 at
547 4118 652 4156 non
680 4104 749 4156 ita
781 4117 996 4157 suarum
1020 4103 1231 4157 laudum
1263 4118 1461 4157 corona
1487 4103 1769 4161 redimitus

179 4191 367 4244 fuisset
397 4191 716 4260 patriarcha,
752 4202 805 4245 ut
835 4207 977 4247 nunc
1001 4207 1122 4251 cum
1145 4201 1293 4246 tanto
1331 4203 1570 4263 tempore
1605 4194 1770 4264 ipsius

179 4281 402 4351 probata
427 4292 506 4337 cst
536 4283 721 4346 virtus,
753 4293 806 4338 et
833 4284 1069 4353 quotidie
1095 4283 1231 4338 facta
1258 4293 1340 4340 est
1367 4285 1587 4340 clarior.

248 4376 303 4430 3.
356 4374 421 4428 Et
448 4385 504 4428 ut
532 4376 669 4429 scias
715 4376 880 4429 Deum
911 4391 1016 4431 non
1047 4377 1220 4431 solum
1250 4378 1504 4433 beneficia
1533 4389 1587 4433 ct
1630 4379 1769 4434 dona

176 4483 276 4521 sua
322 4467 567 4522 conferre
598 4469 752 4532 velle,
787 4468 878 4523 sed
907 4469 1120 4523 solitum
1170 4461 1290 4524 esse
1339 4469 1589 4525 beneficia
1619 4485 1768 4526 acce-

183 4571 368 4630 pturos
396 4559 619 4614 reddere
641 4561 917 4627 clariores,
949 4562 1068 4616 vide
1098 4562 1242 4615 illum
1275 4561 1376 4616 hoc
1404 4573 1453 4616 et
1487 4563 1536 4616 in
1565 4562 1772 4616 Chana-

180 4666 294 4707 nma
326 4651 412 4706 illa
446 4653 640 4719 facere,
673 4661 726 4707 ct
771 4653 970 4707 idcirco
995 4668 1206 4708 cessare
1232 4666 1294 4707 ac
1322 4649 1552 4718 diﬂerre,
1580 4662 1639 4707 ut
1665 4669 1770 4710 non

180 4739 351 4794 solum
382 4742 689 4811 petitionem
732 4742 872 4797 illius
919 4741 1166 4797 exaudiat
1196 4741 1407 4810 (Matth.
1458 4739 1566 4814 15),
1599 4742 1692 4797 sed
1719 4753 1773 4799 et

182 4842 240 4887 ut
265 4831 407 4887 illam
439 4833 605 4903 ipsam
639 4835 689 4887 in
720 4842 830 4888 toto
849 4833 977 4888 orbe
997 4835 1260 4888 celebrem
1289 4833 1494 4888 reddat.
1523 4832 1773 4899 Quando-

179 4924 394 4994 quidem
434 4937 555 4978 cum
600 4924 918 4993 supplicaret
967 4939 1028 4978 ac
1069 4924 1267 4978 diceret
1299 4941 1312 4977 :
1348 4923 1588 4978 Miserere
1630 4926 1728 4980 mei
1753 4968 1768 4992 ,

183 5015 418 5082 Domine,
441 5016 557 5086 quia
588 5014 695 5083 ﬁlia
719 5031 828 5067 mea
850 5014 981 5067 male
999 5031 1028 5066 α
1050 5013 1298 5068 daemonio
1320 5023 1577 5083 torquetur
1606 5014 1766 5079 (Ibid.

185 5123 229 5159 υ.
261 5102 356 5174 22)
400 5122 411 5156 :
445 5119 617 5173 neque
655 5119 915 5173 responso
950 5119 1068 5158 eam
1114 5104 1358 5174 dignatur
1385 5107 1690 5161 misericors
1715 5115 1773 5162 et

184 5193 630 5254 clementissimus
668 5195 922 5249 Dominus
961 5194 1074 5266 (a),
1103 5196 1294 5266 alioqui
1346 5212 1532 5266 preces
1562 5207 1770 5256 nostras

181 5300 397 5355 semper
426 5276 776 5356 praeveniens.
810 5285 875 5339 Et
924 5285 1165 5354 discipuli
1211 5287 1424 5356 quidem
1470 5288 1771 5343 nescientes

185 5376 310 5446 quid
356 5374 586 5430 futurum
617 5386 780 5444 esset,
827 5386 1027 5433 etcum
1073 5392 1254 5432 curam
1300 5395 1456 5450 agere
1479 5381 1723 5436 mu!ieris
1750 5422 1764 5445 ,

193 5539 373 5611 legitur
393 5542 518 5611 usus
535 5544 649 5591 δέκα
670 5545 751 5611 ξ-τη
771 5541 856 5611 rei}
891 5545 1118 5611 θῖισθεειπιιιιΔ
1141 5545 1333 5611 ἶλϐραμ
1363 5549 1409 5596 iv
1441 5554 1506 5611 fi
1551 5551 1758 5601 Χαναάν.

190 5605 521 5662 t'hrysostomi
550 5618 664 5652 vero
686 5606 952 5654 lectionem
977 5620 1070 5655 non
1097 5605 1250 5657 fuisse
1289 5605 1594 5660 librariorum
1629 5612 1763 5662 ausi~

193 5665 280 5735 lius
306 5671 612 5735 temerariam,
638 5667 750 5714 hinc
779 5667 1013 5735 liquidum
1041 5676 1136 5727 est,
1160 5671 1288 5732 quod
1320 5673 1490 5719 eadem
1527 5671 1626 5735 ipsa
1652 5673 1760 5724 sine

192 5725 472 5793 discrimine
496 5725 572 5793 bis
596 5725 885 5793 repetantur
913 5727 1051 5793 infra.

253 5786 321 5858 (tt)
353 5788 471 5858 Quae
496 5786 575 5835 hic
600 5786 664 5836 de
687 5792 954 5858 titubantes
975 5791 1226 5858 dicuntur,
1251 5793 1422 5858 eadem
1451 5791 1551 5856 ipsa
1584 5808 1762 5858 perse-

197 5855 360 5907 gutlur
383 5848 501 5910 Chr;
515 5858 757 5900 sustonius
779 5850 960 5901 ﬂoruit.
991 5853 1049 5901 55
1077 5853 1123 5902 in
1157 5848 1452 5907 hlatthscum.

1142 440 1210 497 IN
1246 439 1399 497 car.
1441 434 1590 526 xw.
1625 431 1871 492 causa.
1913 433 2142 489 noutL.
2183 430 2470 490 xxxvut.

3402 441 3510 496 854

1910 547 2161 618 nolleque
2187 549 2494 603 thesaurum
2540 547 2657 616 ejus
2685 546 2874 614 latere,
2902 557 3062 619 atque
3107 549 3228 605 ideo
3275 566 3381 607 non
3414 569 3502 609 νε-

1905 637 2195 708 spondere,
2223 639 2374 709 quasi
2404 638 2606 708 majore
2635 639 3102 694 commiseratione
3131 640 3296 708 ducti,
3326 658 3507 698 acces-

1903 737 2088 784 serunt
2129 738 2187 785 et
2225 729 2579 786 obsecrabant
2627 746 2749 785 eum
2789 729 3034 787 dicentes
3066 750 3079 786 :
3113 731 3321 789 Dimitte
3346 751 3456 789 ea
3485 779 3506 804 ,

1900 823 2019 891 quia
2033 821 2343 892 clamat,post
2368 838 2460 876 nos
2476 822 2687 894 (Matth.
2710 823 2794 878 l5.
2817 821 2911 893 23)
2935 825 3115 893 :quasi
3143 833 3507 885 monstrarent

1901 927 1960 967 se
1977 911 2089 981 jam
2117 929 2225 968 non
2263 911 2404 969 ferre
2429 913 2571 969 illius
2595 914 2921 970 molestiam.
2949 914 3162 970 Dimitte
3183 917 3325 973 enim
3351 934 3465 973 east
3481 961 3502 986 ,

1901 1003 2168 1074 inquiunt,
2200 1019 2304 1060 non
2346 1006 2468 1076 quia
2495 1013 2602 1059 tatu
2628 1020 2933 1061 mmtnnosa
2961 1015 3063 1074 est,
3095 1022 3201 1062 non
3232 1009 3354 1080 quia
3383 1022 3478 1078 pre

1899 1109 1992 1150 ces
2019 1095 2134 1165 ejus
2163 1096 2510 1152 rationabiles
2537 1106 2680 1162 sunt,
2709 1097 2802 1153 sed
2832 1098 2966 1166 Quia
3007 1100 3194 1154 clamat
3245 1111 3358 1172 post
3387 1119 3500 1160 nos.

1899 1185 2038 1254 Quid
2083 1184 2242 1256 igitur
2271 1186 2568 1242 Dominus?
2600 1187 2798 1245 Valens
2825 1197 2881 1244 et
2908 1190 3164 1259 paulatim
3197 1191 3340 1246 illius
3388 1192 3508 1248 the-

1894 1292 2116 1334 saurum
2166 1277 2448 1349 detegere,
2499 1288 2555 1334 et
2599 1280 2795 1337 docere
2842 1291 3096 1352 quantum
3145 1283 3390 1354 discipuli
3435 1286 3502 1340 ab

1896 1367 2230 1425 humanitate
2275 1384 2370 1425 sua
2413 1371 2683 1438 abessent,
2732 1387 3048 1442 responsum
3095 1373 3208 1442 dat,
3258 1375 3402 1445 quod
3442 1386 3503 1433 et

1896 1462 2136 1518 mulieris
2166 1477 2437 1518 occacare
2463 1473 2722 1529 mentem,
2747 1463 2849 1519 nisi
2871 1473 3017 1519 tanto
3039 1464 3222 1520 fuisset
3241 1480 3501 1524 succensa

1897 1553 2165 1610 desiderio
2215 1554 2596 1624 alacritateque
2653 1555 2944 1626 viguisset,
2991 1565 3048 1612 et
3093 1557 3385 1628 discipulos
3431 1559 3502 1615 ab

1897 1645 2326 1716 interpellatione
2374 1647 2649 1702 deterrere
2699 1648 2976 1716 potuisset.
3028 1647 3147 1702 Non
3190 1665 3305 1703 sum
3352 1649 3498 1704 enim

1891 1738 2093 1805 missus,
2128 1738 2332 1809 inquit,
2360 1738 2460 1792 nisi
2487 1739 2556 1793 ad
2585 1755 2701 1794 oves
2736 1740 2918 1794 domus
2946 1739 3133 1806 Israel,
3177 1757 3291 1810 ante
3327 1741 3500 1811 peris-

1890 1839 2008 1884 rtmt
2034 1828 2196 1900 (Ibid.
2231 1847 2278 1886 u.
2307 1829 2422 1902 24).
2452 1830 2519 1884 Ει
2544 1831 2644 1886 hoc
2669 1831 2881 1901 quidem
2917 1831 3118 1886 dictum
3143 1831 3259 1885 illos
3286 1831 3498 1886 abster.

1888 1923 2018 1990 ruit,
2051 1937 2118 1978 ne
2150 1937 2246 1993 pro
2272 1923 2500 1978 muliere
2527 1921 2959 1987 intercederent;
2993 1921 3085 1977 sed
3119 1922 3258 1976 illam
3284 1923 3499 1993 segnio-

1888 2029 2002 2068 rem
2038 2030 2145 2069 non
2174 2011 2318 2080 fecit,
2351 2015 2458 2069 imo
2484 2013 2539 2068 in
2562 2027 2721 2070 causa
2748 2012 2844 2069 fuit
2875 2021 2931 2067 ut
2959 2013 3129 2084 magis
3158 2021 3391 2083 urgeret.
3419 2012 3495 2068 Ita

1885 2107 2027 2161 enim
2053 2121 2113 2162 se
2139 2105 2297 2162 habet
2325 2108 2502 2162 anima
2531 2106 2741 2171 dolens,
2771 2114 2826 2161 et
2851 2105 3080 2160 ferventi
3105 2104 3298 2161 affectu
3339 2119 3498 2161 acce-

1884 2196 2056 2252 dens:
2086 2197 2217 2252 nihil
2243 2197 2470 2252 attendit
2504 2211 2692 2252 eorum
2734 2212 2854 2268 quae
2881 2195 3169 2262 dicuntur;
3199 2194 3295 2250 sed
3320 2211 3492 2251 unum

1887 2286 2060 2342 solum
2092 2295 2320 2357 spectat,
2345 2286 2616 2358 quomodo
2647 2301 2709 2342 ea
2736 2302 2856 2358 quae
2897 2287 2999 2342 sibi
3027 2302 3170 2341 cura:
3200 2294 3326 2341 sunt
3349 2300 3498 2342 asse-

1884 2387 2078 2447 quatur
2108 2395 2122 2431 :
2155 2377 2208 2430 id
2231 2377 2372 2447 quod
2401 2385 2455 2431 et
2473 2377 2574 2431 ista
2601 2376 2746 2430 fecit.
2773 2376 2981 2430 Auditis
2997 2376 3143 2432 enim
3165 2375 3271 2442 his,
3301 2376 3496 2431 iterum

1886 2468 2076 2538 inquit,
2110 2467 2352 2522 Adorauit
2399 2483 2532 2533 eum,
2582 2467 2754 2521 dicens
2786 2483 2804 2520 :
2837 2466 3080 2521 Miserere
3127 2468 3246 2532 mei,
3279 2466 3500 2523 Domine

1883 2557 2045 2628 (Ibid.
2079 2573 2126 2611 υ.
2153 2556 2271 2629 25).
2308 2556 2521 2614 Sciebat
2545 2557 2759 2612 Domini
2803 2557 3248 2621 misericordiam,
3282 2565 3337 2612 et
3368 2573 3496 2628 pro-

1883 2647 2008 2703 inde
2033 2663 2224 2718 magna
2256 2647 2574 2702 assiduitate
2603 2647 2870 2702 utebatur.
2893 2645 3004 2702 Sed
3049 2647 3170 2702 vide
3198 2648 3496 2717 sapiente-

1882 2741 2033 2797 illum
2062 2751 2118 2798 et
2155 2740 2433 2808 solertem,
2481 2739 2753 2812 quomodo
2799 2754 2976 2810 neque
3014 2740 3092 2794 sic
3131 2748 3352 2805 annuat,
3397 2739 3495 2795 sed

1884 2834 2129 2905 asperius
2155 2841 2210 2889 et
2237 2833 2613 2889 vehementius
2643 2831 2786 2886 illam
2825 2831 3141 2886 concutiens
3171 2843 3494 2901 responsum

1880 2925 1988 2980 det.
2021 2924 2234 2981 Sciebat
2278 2925 2421 2980 enim
2474 2922 2840 2978 fortitudinem
2885 2921 3149 2986 mulieris,
3197 2929 3253 2976 et
3280 2919 3497 2976 volebat

1879 3030 1998 3070 eam
2030 3029 2134 3068 non
2166 3013 2376 3069 occulte
2403 3013 2652 3082 accipere
2679 3010 2995 3067 beneficium
3019 3027 3035 3077 ;
3067 3011 3137 3065 ita
3160 3019 3219 3066 ut
3244 3009 3495 3081 discipuli

1879 3106 2150 3162 discerent
2186 3121 2251 3160 ex
2293 3104 2435 3160 facto
2484 3103 2754 3158 dilationis
2797 3116 3035 3167 causam,
3067 3111 3123 3157 et
3168 3101 3257 3156 alii
3303 3116 3496 3157 omnes

1880 3197 2227 3260 docerentur,
2253 3201 2452 3264 quanta
2502 3193 2572 3247 sit
2621 3191 2952 3247 assiduitatis
2977 3200 3033 3246 et
3078 3190 3495 3261 perseverantia:

1885 3287 2140 3358 potentia,
2170 3295 2224 3341 ct
2251 3285 2493 3341 mulieris
2523 3285 2712 3339 virtus.
2742 3283 2876 3337 Nam
2922 3284 3054 3338 dicit
3086 3302 3099 3337 :
3136 3282 3258 3337 Non
3298 3292 3368 3338 est
3407 3283 3495 3338 bo-

1881 3394 2002 3431 num
2033 3392 2231 3430 suasere
2269 3390 2449 3445 panem
2486 3374 2732 3443 ﬁliorum,
2765 3383 2812 3427 et
2840 3374 3057 3440 objicere
3083 3373 3296 3427 canibus
3324 3370 3487 3445 (Ibid.

1877 3485 1923 3523 υ.
1951 3468 2069 3540 26).
2116 3467 2236 3534 Hic,
2269 3467 2515 3531 obsecro,
2548 3465 2914 3521 animadverte
2962 3464 3205 3520 mulieris
3233 3472 3492 3519 constan-

1879 3562 2028 3627 tiam,
2076 3567 2275 3630 quanta
2321 3557 2596 3613 alacritate
2646 3571 2906 3613 succensa
2961 3556 3138 3623 fuerit,
3193 3565 3391 3626 quanta
3437 3557 3492 3612 in

1879 3653 2044 3707 Drum
2073 3651 2176 3706 llde
2197 3649 2410 3705 incitata
2440 3649 2614 3710 fuerit,
2645 3663 2766 3703 cum
2789 3647 3001 3702 interim
3030 3647 3233 3702 viscera
3265 3647 3402 3716 ipsa,
3433 3657 3493 3702 ut

1877 3747 1946 3800 ita
1977 3745 2174 3809 dicam,
2223 3759 2332 3813 prae
2360 3742 2548 3798 dolore
2592 3741 3008 3804 dissecarentur,
3054 3747 3110 3794 et
3153 3740 3317 3793 multa
3364 3739 3492 3795 lilia:

1876 3839 2345 3895 commiseratione
2376 3845 2648 3891 teneretur
2681 3852 2694 3888 :
2731 3849 2835 3889 non
2861 3843 3138 3889 aversatur
3158 3876 3173 3899 ,
3206 3849 3306 3889 nec
3344 3842 3491 3888 retro

1877 3931 2018 3986 cedit
2046 3929 2114 3984 ob
2136 3929 2281 3985 verbi
2303 3927 2682 3983 contumeliam
2707 3941 2721 3991 ;
2753 3925 2845 3980 sed
2870 3925 3050 3980 audito
3072 3925 3220 3979 canis
3247 3923 3487 3987 nomine,

1876 4023 2000 4078 boni
2051 4021 2298 4086 consulit,
2350 4032 2405 4074 et
2430 4020 2626 4074 fatetur
2653 4034 2714 4073 se
2743 4018 3021 4081 catellum,
3056 4027 3115 4072 ut
3142 4032 3171 4070 a
3204 4031 3395 4071 canum
3427 4017 3490 4070 li-

1877 4115 2094 4168 beretur
2142 4111 2376 4177 feritate,
2411 4120 2466 4165 et
2496 4111 2548 4164 in
2580 4109 2812 4163 filiorum
2851 4109 3031 4162 statim
3058 4107 3320 4178 allegatnr
3345 4107 3492 4161 ordi-

1876 4221 2021 4262 nem.
2056 4204 2192 4260 Audi
2227 4203 2442 4258 tandem
2491 4200 2618 4272 quid
2666 4200 2734 4255 ad
2779 4199 2896 4255 haec
2942 4199 3139 4254 mulier
3184 4197 3403 4264 dixerit,
3433 4207 3491 4252 ut

1875 4298 2052 4352 discas
2080 4306 2338 4365 quantum
2368 4309 2432 4348 ex
2465 4293 2945 4362 procrastinatione
2993 4289 3085 4344 Dei
3119 4289 3324 4344 lucrum
3353 4305 3489 4344 con-

1875 4382 2114 4437 cedatur.
2147 4380 2261 4435 Non
2293 4378 2466 4434 solum
2494 4379 2636 4432 enim
2661 4391 2768 4431 non
2797 4375 2980 4445 abegit
3005 4373 3286 4429 mulierem
3315 4373 3490 4428 dicto-

1877 4489 1996 4527 rum
2024 4474 2306 4542 asperitas,
2336 4470 2431 4526 sed
2460 4471 2512 4525 in
2537 4470 2796 4539 majorem
2825 4466 3155 4522 alacritatem
3188 4465 3441 4520 excitavit
3469 4481 3485 4520 :

1877 4579 2070 4632 nempe
2096 4570 2377 4633 postquam
2429 4559 2632 4615 audivit
2661 4559 2777 4613 haec
2806 4557 2990 4622 verba,
3021 4555 3191 4625 inquit
3227 4573 3239 4610 :
3274 4553 3445 4608 Etiam
3469 4597 3486 4620 ,

1880 4654 2131 4718 Domine;
2159 4669 2280 4708 nam
2323 4663 2369 4707 et
2409 4651 2579 4705 catelli
2606 4653 2760 4703 edunt
2811 4648 2874 4702 de
2901 4647 3046 4702 micis
3087 4662 3202 4718 qua
3238 4646 3428 4700 cadunt
3458 4663 3489 4701 ι

1878 4761 2050 4800 mensa
2079 4745 2405 4798 dominorum
2435 4758 2643 4797 suorum
2671 4739 2832 4812 (Ibid.
2859 4755 2906 4794 υ.
2938 4738 3053 4810 27).

1955 4837 2261 4893 Chananeus
2296 4835 2423 4904 ﬁdes
2449 4831 2980 4888 laudatum—Vidisti
3009 4846 3176 4902 quare
3206 4830 3485 4900 hucusque

1876 4927 2184 4984 distulerit?
2215 4925 2285 4983 Ut
2307 4940 2401 4996 per
2427 4925 2588 4980 verba
2610 4923 2851 4979 mulieris
2875 4922 3033 4978 fidem
3064 4922 3204 4976 illius
3231 4922 3484 4977 eximiam

1875 5022 2165 5076 discamus.
2221 5019 2350 5074 Vide
2393 5017 2534 5073 enim
2581 5015 2848 5087 quomodo
2893 5015 3071 5071 statim
3102 5030 3222 5070 eam
3252 5014 3488 5070 laudavit

1876 5125 1928 5169 ct
1955 5112 2231 5168 coronavit
2275 5111 2534 5166 Dominus
2556 5151 2569 5172 ,
2600 5110 2786 5165 dicens
2816 5125 2830 5164 :
2863 5107 2908 5162 ο
2958 5109 3159 5175 mulier,
3191 5123 3376 5179 magna
3415 5116 3488 5161 est

1876 5209 2002 5276 ﬁdes
2033 5217 2118 5260 tua
2143 5205 2302 5278 (Ibid.
2329 5220 2378 5258 υ.
2396 5202 2513 5273 28).
2541 5202 2712 5269 Quam
2741 5199 3000 5270 principio
3022 5214 3196 5269 neque
3225 5212 3487 5268 responso

1876 5299 2216 5366 dignabatur,
2262 5311 2385 5351 cum
2441 5294 2793 5349 admiratione
2840 5300 2894 5346 ct
2950 5290 3196 5344 laudibus
3244 5290 3484 5345 dimittit.

1879 5389 2092 5458 Magna,
2123 5387 2312 5456 inquit,
2343 5395 2415 5440 est
2438 5385 2564 5453 ﬁdes
2586 5393 2696 5436 tua.
2727 5382 2857 5437 Erat
2880 5383 3024 5437 enim
3053 5396 3239 5436 revera
3267 5395 3482 5450 magna,

1872 5480 2019 5549 quod
2051 5494 2170 5534 cum
2198 5479 2403 5534 videret
2428 5478 2596 5532 semel
2621 5488 2778 5545 atque
2809 5480 3002 5530 iterum
3034 5485 3088 5530 et
3113 5476 3308 5543 saepius
3333 5488 3485 5527 aver-

1867 5583 2080 5626 santem
2107 5585 2316 5642 preces,
2347 5586 2452 5622 non
2485 5572 2694 5638 segnior
2724 5567 2860 5622 facta
2894 5567 3072 5632 fuerit,
3105 5581 3279 5635 neque
3307 5573 3483 5618 retro-

1874 5665 2120 5729 cesserit,
2168 5663 2262 5717 sed
2308 5661 2723 5732 perseverantia:
2765 5659 3076 5714 assiduitate
3119 5654 3486 5728 provocaveril

1877 5754 2184 5818 hominum,
2217 5754 2286 5806 ita
2328 5762 2383 5806 ut
2426 5752 2532 5806 voti
2563 5767 2784 5820 compos
2833 5750 3001 5803 ﬁeret.
3036 5747 3156 5801 Fiat
3185 5747 3327 5802 enim
3359 5743 3479 5806 tibi,

1873 5849 2204 5922 inqttit,sicut
2234 5848 2322 5901 vis.
2355 5847 2539 5901 Vidisti
2571 5844 2838 5917 quomodo
2860 5844 2946 5911 qni
2973 5845 3118 5910 prius
3143 5841 3282 5897 illam
3307 5853 3483 5910 neque
