4056 6476
623 439 730 496 ass

624 560 878 621 responso
905 544 1150 616 dignatus
1199 543 1387 609 fuerat,
1415 555 1553 597 nunc
1597 536 1961 609 largitionibus
1985 530 2195 591 certat?

625 641 736 698 Non
767 638 909 694 enim
937 635 1250 706 simpliciter
1277 633 1461 688 annuit
1487 630 1728 702 precibus
1753 628 1914 693 illius,
1945 625 2037 680 sed
2069 639 2202 694 pra:-

622 731 816 786 dicavit
842 739 897 786 et
940 728 1229 786 celebravit
1257 726 1417 780 illam.
1463 723 1590 778 Nam
1620 720 1868 785 dicendo,
1899 717 1944 771 0
1983 714 2200 781 mulier,

625 818 960 886 monstravit,
989 818 1255 890 quomodo
1278 815 1431 871 [idem
1453 813 1568 884 ejus
1590 810 1929 882 Obstupescat
1945 824 1960 862 :
1978 804 2202 862 dicendo

625 919 822 976 autem,
857 907 1047 980 [agna
1089 918 1159 962 est
1189 907 1315 977 ﬁdes
1356 918 1462 969 tua,
1491 901 1704 958 divitias
1731 913 1938 970 quoque
1967 895 2204 952 mulieris

627 1000 872 1056 attendit.
905 997 1103 1054 Deinde
1149 997 1317 1065 inquit
1349 1012 1361 1047 :
1395 993 1514 1047 Fiat
1555 991 1641 1046 tibi
1665 990 1792 1045 sicut
1820 989 1911 1043 vis.
1939 985 2201 1053 Quantum

621 1097 723 1160 vis,
755 1099 1004 1165 quantum
1030 1091 1212 1146 animo
1233 1088 1493 1156 concipis,
1525 1094 1725 1139 tantum
1774 1079 2007 1152 prmbeo.
2037 1077 2201 1132 Tanta

622 1185 764 1238 enim
801 1194 885 1237 tua
914 1179 1310 1254 perseverantia
1352 1177 1566 1247 dignam
1594 1184 1646 1230 te
1673 1171 1960 1228 declaravit
2002 1177 2086 1222 tua
2117 1181 2206 1236 pe-

627 1274 834 1328 titione.
861 1271 1078 1326 Vidistis
1105 1269 1342 1324 mulieris
1366 1263 1719 1323 constantiam
1739 1262 1766 1315 ἲ
1788 1259 1990 1314 vidistis
2013 1256 2204 1310 divinae

626 1364 894 1419 i‘ilationis
942 1375 1186 1426 causam,
1231 1357 1480 1413 videlicet
1524 1364 1582 1409 ut
1622 1351 1894 1406 mulierem
1925 1347 2203 1402 clariorem

629 1452 911 1507 redderet?
940 1449 1238 1504 Redeamus
1266 1456 1467 1510 autem,
1493 1445 1538 1498 si
1569 1441 1759 1514 placet,
1788 1438 1853 1493 ad
1883 1436 2204 1508 propositam

627 1543 920 1607 historiam,
949 1551 1000 1595 et
1028 1540 1296 1594 discamus
1329 1544 1544 1607 propter
1582 1532 1708 1587 nihil
1733 1529 1871 1583 aliud
1903 1525 2208 1597 promissio-

628 1649 722 1689 nes
764 1631 1082 1704 patriarcha:
1113 1630 1279 1684 factas
1324 1635 1426 1697 tot,
1448 1624 1600 1680 annis
1631 1621 1850 1693 implere
1892 1617 2161 1673 distulisse
2187 1657 2204 1681 ,

631 1739 788 1796 quam
821 1733 878 1779 ut
903 1723 1064 1778 multa
1095 1736 1212 1776 cum
1261 1719 1425 1786 gloria
1450 1730 1542 1770 eas
1573 1714 1645 1769 illi
1673 1711 2008 1776 concederet,
2037 1707 2209 1763 omni-

627 1817 830 1886 busque
861 1821 1176 1871 monstraret
1187 1810 1314 1880 justi
1344 1808 1523 1862 ﬁdem.
1549 1805 1749 1860 Idcirco
1771 1804 1915 1865 dicit,
1937 1801 2207 1870 Postquam

626 1909 796 1961 decem
841 1921 998 1960 annos
1046 1904 1199 1958 simul
1243 1903 1511 1956 habitasset
1551 1901 1604 1953 in
1653 1907 1784 1951 terra
1839 1896 2079 1950 Chanaan
2108 1909 2125 1946 :
2152 1899 2210 1946 ut

630 1998 804 2053 discas
827 2004 1082 2066 quantum
1115 1992 1456 2065 prmteriissct
1484 1987 1739 2059 temporis
1763 2002 1826 2041 ex
1855 2001 1959 2056 quo
1987 1982 2213 2054 promis-

627 2089 807 2144 siones
826 2088 1136 2156 accepisset.
1159 2084 1346 2140 Statim
1363 2082 1503 2136 enim
1530 2090 1585 2133 ut
1605 2080 1750 2133 venit
1767 2079 1816 2131 in
1834 2077 2207 2135 Chananaam,

627 2179 828 2232 audivit
859 2195 874 2232 :
904 2177 1096 2232 Sensini
1116 2185 1201 2230 tuo
1231 2175 1359 2228 dabo
1387 2185 1569 2227 terram
1596 2173 1725 2224 hanc
1751 2187 1770 2224 :
1799 2178 1854 2224 et
1875 2177 2020 2222 tanto
2048 2167 2211 2220 inter-

635 2273 776 2325 vallo
803 2269 1057 2340 temporis
1084 2267 1286 2336 absque
1314 2265 1493 2318 liberis
1541 2268 1828 2325 manserat,
1858 2256 2212 2325 sterilitasque

630 2362 777 2414 Sara:
808 2360 1018 2414 interim
1058 2358 1364 2427 augebatur.
1394 2351 1458 2406 Et
1485 2352 1640 2419 dedit,
1683 2349 1870 2419 inquit,
1905 2347 2041 2418 Agar
2067 2344 2213 2398 Abra:

630 2450 736 2502 viro
764 2465 856 2502 suo
884 2449 934 2500 in
962 2461 1188 2500 uxorem.

702 2541 758 2596 ι.
792 2539 922 2593 Vide
948 2548 1141 2608 quanta
1165 2537 1322 2592 etiam
1345 2534 1471 2590 olim
1493 2529 1819 2602 pltiloSOphia
1852 2527 1988 2598 apud
2008 2534 2214 2582 veteres

633 2631 1014 2693 exercebatur;
1055 2626 1322 2697 quomodo
1373 2634 1425 2680 et
1467 2624 1568 2678 viri
1615 2630 1971 2690 temperantes
2021 2625 2210 2680 erant,

635 2738 984 2792 magnamque
1029 2718 1369 2774 continentiae
1401 2716 1662 2771 habebant
1709 2717 1986 2776 rationem,
2016 2727 2076 2766 ac
2101 2727 2216 2764 mu-

635 2817 792 2869 lieres
821 2810 1094 2884 zelotypia:
1122 2811 1370 2866 carebant
1391 2809 1537 2862 vitio.
1571 2806 1747 2860 Dedita
1770 2805 1909 2859 enim
1933 2817 2094 2872 Opera
2117 2817 2212 2854 ste—

635 2910 753 2978 pius
781 2906 910 2960 dicit
929 2906 1194 2973 Scriptura
1223 2922 1234 2956 :
1261 2901 1326 2956 Et
1350 2911 1402 2954 ut
1424 2902 1538 2954 tulit
1567 2899 1700 2953 Sara
1718 2898 1931 2968 Agarem
1952 2895 2213 2947 ancillam:

631 3006 684 3050 et
715 2998 901 3048 iterum
932 3012 943 3047 :
979 2992 1131 3047 Dedit
1161 3009 1270 3045 eam
1291 2993 1342 3044 in
1387 3007 1595 3044 uxorem
1627 3005 1645 3042 :
1675 2998 1730 3042 ut
1758 2990 1930 3041 discas
1953 2982 2216 3054 quomodo

631 3088 830 3155 absque
855 3085 1015 3138 animi
1042 3081 1353 3151 :egritudine
1382 3081 1650 3147 negotium
1673 3078 1860 3147 egerit,
1888 3086 1942 3130 et
1966 3083 2218 3145 quantum

634 3179 775 3249 apud
806 3193 898 3231 eos
929 3187 1070 3230 esset
1102 3174 1306 3228 virtutis
1352 3173 1605 3227 studium.
1633 3172 1685 3225 4.
1718 3167 1783 3223 Et
1814 3171 2065 3240 ἱηςνεηησ
2109 3176 2181 3220 est
2201 3206 2215 3230 ,

635 3268 824 3338 inquit,
855 3267 924 3320 ad
964 3267 1118 3336 Agar,
1171 3275 1220 3319 et
1266 3265 1509 3331 concepit.
1568 3261 1698 3316 Vide
1748 3259 2017 3331 quomodo
2065 3259 2221 3312 discit

634 3365 789 3425 Sara,
819 3375 924 3414 non
950 3357 1150 3428 justum
1179 3358 1230 3411 in
1258 3371 1414 3409 causa
1447 3355 1627 3419 fuisse,
1655 3353 1794 3424 quod
1815 3360 2057 3407 carerent
2077 3351 2217 3415 ﬁliis,

634 3451 730 3506 sed
779 3465 871 3504 sua
921 3449 1099 3519 potius
1145 3448 1397 3501 sterilitas
1430 3464 1442 3502 :
1471 3445 1646 3500 statim
1690 3445 1831 3498 enim
1876 3457 2220 3512 congressum

637 3558 760 3597 cum
788 3540 978 3595 ancilla
1027 3539 1350 3607 subsequuta
1377 3545 1458 3592 est
1488 3536 1783 3605 conceptio.
1813 3534 2073 3589 Caeterum
2101 3531 2222 3587 ‘vidc

635 3646 692 3691 et
718 3633 922 3688 ancillae
955 3633 1218 3703 ingratum
1254 3630 1524 3689 animum.
1555 3639 1608 3683 et
1637 3627 1906 3682 muliebris
1949 3641 2108 3681 sexus
2138 3626 2222 3679 in-

638 3727 941 3780 tlrmilatem
975 3743 988 3779 :
1016 3734 1073 3779 ut
1099 3724 1277 3778 discas
1315 3723 1476 3780 etiam
1506 3722 1604 3775 hoc
1634 3722 1750 3774 loco
1778 3719 2088 3789 patriarcha:
2119 3717 2220 3772 mi-

639 3833 753 3874 ram
780 3819 1070 3874 lenitatem.
1107 3816 1171 3870 Et
1211 3816 1354 3881 uidit,
1385 3815 1573 3882 inquit,
1606 3815 1739 3884 quod
1769 3824 1963 3866 uterum
1995 3822 2220 3883 gereret,

637 3918 687 3961 et
711 3916 993 3976 contempta
1035 3916 1108 3960 est
1154 3905 1357 3959 domina
1403 3920 1573 3957 coram
1611 3921 1686 3958 ea.
1740 3904 1828 3958 Ille
1876 3905 2017 3958 enim
2060 3903 2224 3957 ferme

639 4013 914 4053 servormn
946 4013 1063 4052 mos
1113 4006 1216 4063 est,
1269 4006 1325 4051 ut
1363 4011 1482 4050 eum
1531 4010 1715 4065 parum
1761 3995 2121 4062 prusperitatis
2149 3993 2226 4047 eis

641 4091 948 4155 accesserit,
981 4100 1246 4159 nequeant
1275 4088 1411 4143 intra
1455 4103 1580 4142 suos
1611 4085 1806 4141 limites
1851 4099 2102 4148 manere;
2135 4083 2227 4138 sed

644 4183 824 4237 statim
855 4183 932 4234 sui
962 4181 1166 4234 ordinis
1196 4180 1594 4243 obliviscantur,
1628 4187 1682 4232 et
1713 4178 1900 4248 ingrati
1928 4177 2078 4231 facile
2104 4191 2226 4231 eva-

644 4272 772 4326 dant
804 4288 817 4326 :
849 4270 898 4324 id
931 4270 1070 4340 quod
1104 4281 1156 4324 et
1205 4271 1328 4324 huic
1368 4269 1570 4324 ancilla:
1615 4269 1824 4325 accidit.
1854 4268 1984 4324 Nam
2017 4277 2072 4323 ut
2103 4269 2230 4323 vidit

645 4364 780 4419 uteri
813 4364 1094 4429 sarcinam,
1131 4378 1301 4431 neque
1332 4361 1561 4416 dominre
1592 4361 1958 4416 admirabilem
1989 4361 2228 4430 philoso-

650 4455 846 4525 phiam.
879 4469 1052 4524 neque
1082 4469 1190 4507 suae
1216 4452 1534 4506 conditionis
1559 4452 1813 4506 vilitatem
1839 4452 2114 4522 cogitavit:
2135 4450 2228 4505 sed

649 4547 823 4601 inﬂata
857 4554 909 4600 et
938 4545 1249 4619 superhiens
1279 4543 1596 4613 contempsit
1629 4543 1916 4609 dominam,
1945 4559 2062 4614 qum
2089 4543 2228 4596 illam

650 4648 754 4692 tam
779 4637 1203 4692 commendatam
1235 4636 1489 4700 habebat,
1522 4645 1579 4688 ut
1622 4645 1675 4689 et
1722 4637 1772 4688 in
1802 4637 1897 4689 viri
1945 4637 2230 4691 thalamum

650 4729 971 4782 admitteret.
1019 4725 1155 4792 Quid
1205 4727 1363 4796 igitur
1405 4725 1577 4780 Sara?
1613 4725 1666 4778 5.
1710 4723 1886 4790 Dixit,
1935 4727 2122 4795 inquit,
2166 4727 2233 4778 ad

653 4821 837 4874 Abram
863 4835 880 4874 :
912 4818 1114 4884 Iniuria
1143 4836 1173 4871 α
1194 4830 1239 4874 te
1267 4819 1472 4888 aﬂicior.
1512 4818 1642 4872 Ecce
1669 4819 1782 4871 dedi
1810 4818 2046 4871 ancillam
2073 4834 2234 4870 meam

652 4915 701 4966 in
726 4914 891 4966 sinunt
923 4921 1059 4964 tuum
1093 4926 1110 4964 :
1139 4927 1250 4981 qme
1273 4912 1389 4977 quia
1419 4910 1540 4963 vidit
1563 4910 1697 4978 quod
1718 4920 1911 4961 uterum
1936 4910 2082 4979 gerit,
2111 4924 2234 4962 con-

653 5001 862 5070 temptui
880 5017 1049 5053 coram
1067 5017 1122 5052 ea
1141 5001 1307 5052 habita
1327 5016 1455 5052 sum.
1479 4998 1680 5051 Judicet
1701 4996 1832 5052 Deus
1853 4998 1980 5050 inter
1997 5014 2075 5052 me
2099 5008 2145 5052 et
2166 5009 2234 5052 te.

656 5091 768 5155 llic,
802 5103 1004 5159 qumso,
1031 5091 1392 5144 animadverte
1421 5089 1785 5144 incredibilem
1827 5089 2155 5144 tolerantiam
2184 5100 2237 5144 et

657 5182 1008 5236 reverentiam
1034 5183 1182 5250 justi,
1215 5196 1370 5252 quam
1417 5195 1536 5251 erga
1569 5180 1753 5234 Saram
1795 5181 2101 5246 declaravit,
2144 5197 2234 5232 ve-

657 5275 797 5326 niam
841 5273 907 5325 ab
952 5287 1014 5326 ea
1058 5282 1243 5341 petens
1283 5283 1387 5326 tam
1434 5273 1699 5326 innnerito
1745 5273 1933 5340 objecti
1976 5273 2233 5327 criminis.

653 5367 782 5428 Qure
820 5363 958 5418 enim
991 5364 1233 5416 manibus
1264 5363 1507 5416 ancillam
1532 5365 1642 5416 viro
1673 5363 1979 5429 tradiderat,
2007 5373 2059 5418 et
2085 5363 2234 5416 dixe-

657 5464 739 5508 rat
774 5473 785 5507 :
816 5453 1089 5524 Ingredere
1117 5456 1185 5507 ad
1212 5455 1450 5508 ancillam
1495 5472 1652 5507 meum
1678 5470 1695 5518 ;
1742 5471 1860 5524 qua:
1887 5470 1913 5507 a
1955 5455 2235 5523 semetipsa

657 5557 711 5597 et
739 5561 829 5598 sua
859 5557 1044 5615 sponte
1067 5546 1129 5599 ad
1160 5561 1503 5616 congressum
1529 5545 1732 5600 hortata
1764 5547 1948 5612 fuerat,
1974 5548 2068 5601 ista
2099 5562 2237 5601 nunc

657 5647 855 5688 mutato
887 5636 1063 5691 animo
1097 5637 1283 5707 inquit,
1321 5636 1522 5706 lnjuria
1561 5655 1589 5689 a
1615 5647 1661 5690 te
1698 5639 1904 5706 alliciar.
1937 5637 1980 5692 Ο
2005 5637 2193 5690 mulier
2219 5676 2234 5702 ,

657 5726 908 5795 numquid
937 5727 1046 5795 ipse
1072 5727 1134 5782 ad
1158 5729 1360 5782 ancilla:
1383 5744 1727 5798 congressum
1752 5728 2060 5783 festinavit?
2087 5744 2239 5782 nunt-

656 5812 780 5885 quid
831 5818 1232 5887 intemperantia
1286 5819 1614 5888 impellente,
1666 5821 1728 5876 ad
1777 5837 1885 5877 rem
1939 5819 2234 5875 habendam

1349 428 1406 486 S.
1445 422 1720 485 JOANNIS
1756 415 2226 480 CIIBYSOSTOIII
2272 413 2582 473 ARCHIEP.
2623 412 3151 472 CONSTANTINOP.

3774 412 3871 468 555

2311 545 2434 586 cum
2463 529 2651 585 ancilla
2676 528 3036 586 acceleravit?
3061 531 3101 584 Α
3133 537 3183 584 te
3211 541 3496 600 persuasus
3522 537 3578 582 et
3607 537 3700 584 tuo
3727 544 3871 582 mart-

2306 625 2432 678 dato
2475 623 2867 693 obtemperans,
2900 622 3006 676 hoc
3043 621 3254 676 tandem
3303 620 3444 676 fecit.
3483 619 3597 686 Qua
3631 630 3684 674 te
3726 620 3874 690 igitur

2307 715 2497 784 injuria
2539 715 2760 769 maritus
2797 712 3014 766 all‘ccitl
3055 711 3189 766 Ecce
3212 712 3331 766 dedi
3372 712 3611 765 ncillam
3642 727 3802 763 nteant
3827 713 3879 763 iu

2305 806 2473 859 sinam
2501 815 2658 858 tum.
2686 802 2741 860 Si
2775 803 2934 873 igitur
2960 802 3142 858 lateris
3166 812 3218 858 te
3241 803 3474 870 dedisse,
3505 817 3606 857 nec
3635 803 3747 872 ipse
3767 815 3877 857 eam

2307 910 2400 950 sua
2427 906 2616 966 sponte
2651 895 2934 966 acceperit,
2973 909 3137 964 quare
3176 895 3482 965 injustitiam
3512 894 3876 966 improperas!

2307 985 2498 1051 Etiam,
2535 987 2738 1056 inquit;
2777 1001 2896 1040 nam
2924 986 3163 1055 quamvis
3189 1000 3287 1055 ego
3306 985 3564 1048 dederim,
3586 987 3682 1040 sed
3701 985 3883 1042 videns

2307 1075 2423 1145 ejus
2447 1077 2816 1142 temeritatem,
2847 1075 3078 1131 debebas
3114 1075 3365 1130 cohibere
3403 1085 3635 1131 mentem
3663 1086 3770 1130 tam
3799 1091 3885 1146 pe-

2309 1167 2586 1221 tulantem.
2629 1165 2768 1219 Nam
2812 1177 2866 1220 ut
2903 1167 3024 1220 uidit
3053 1182 3105 1219 se
3142 1176 3337 1219 uterum
3374 1182 3561 1236 σασα,
3589 1169 3886 1236 contempt

2310 1272 2404 1309 me.
2433 1255 2634 1310 Judicet
2683 1254 2816 1309 Deus
2843 1255 2975 1308 inter
3024 1272 3104 1309 me
3146 1265 3194 1310 et
3220 1266 3285 1308 te.
3319 1255 3450 1310 Vere
3490 1256 3605 1310 lucc
3650 1255 3887 1310 mulieris

2309 1348 2468 1402 verba
2497 1356 2637 1410 sunt.
2675 1356 2726 1402 et
2771 1347 2962 1400 intlrmi
3003 1347 3144 1400 illius
3166 1361 3323 1401 sexus
3349 1365 3364 1412 ;
3396 1347 3476 1401 his
3505 1348 3647 1402 enim
3687 1347 3801 1402 fere
3830 1349 3888 1402 il-

2311 1438 2418 1493 lum
2441 1438 2756 1507 alloquitur:
2784 1438 2893 1508 Ego
2926 1437 3136 1507 quidem
3163 1439 3402 1493 volebam
3431 1451 3574 1494 tuum
3602 1456 3888 1496 merorem

2310 1529 2489 1594 solari,
2521 1543 2674 1599 quem
2703 1527 2866 1582 babes
2892 1544 2954 1584 ex
2985 1529 3144 1597 prolis
3182 1529 3355 1598 inopia
3381 1547 3396 1594 ;
3446 1540 3549 1584 tam
3593 1531 3891 1586 ofﬁciosam

2310 1633 2372 1674 ea
2402 1619 2452 1673 in
2483 1635 2541 1674 re
2569 1635 2653 1674 me
2682 1620 2908 1689 przcbui.
2951 1627 3010 1673 ut
3035 1628 3089 1674 et
3125 1620 3370 1675 ancillam
3407 1636 3578 1676 meam
3606 1623 3742 1676 meis
3783 1637 3890 1675 ma-

2312 1711 2466 1765 nibus
2511 1711 2810 1775 traderem,
2857 1720 2911 1766 et
2957 1711 3022 1765 ad
3063 1727 3406 1782 congressum
3453 1714 3768 1769 cohortarer
3799 1734 3812 1769 :
3839 1725 3891 1770 tu

2312 1811 2486 1856 autem
2521 1802 2706 1856 videns
2747 1802 2883 1857 hanc
2926 1803 3049 1858 inde
3087 1802 3200 1858 ﬁeri
3246 1805 3648 1875 petulantiorem
3677 1815 3895 1875 propter

2313 1891 2447 1946 uteri
2474 1894 2758 1958 sarcinam,
2787 1903 2842 1948 et
2863 1907 3054 1963 magno
3093 1894 3227 1947 fastu
3250 1893 3440 1959 inﬂari,
3467 1910 3588 1950 cum
3619 1896 3894 1951 debuisses

2313 1983 2604 2050 reprimere
2631 1991 2683 2037 et
2723 1983 2903 2038 ulcisci
2951 1985 3068 2051 ejus
3103 1985 3154 2038 in
3183 1999 3267 2038 me
3310 1985 3544 2054 injurias,
3573 1987 3626 2040 id
3668 2002 3776 2041 non
3823 1988 3894 2042 ie-

2315 2074 2432 2128 cisti
2461 2092 2472 2137 ;
2505 2073 2596 2128 sed
2619 2075 2765 2144 quasi
2797 2075 3030 2129 omnium
3058 2076 3289 2144 priorum
3315 2077 3530 2142 oblitus,
3554 2093 3640 2132 me
3664 2078 3895 2148 despicis

2315 2164 2474 2218 etiam
2517 2173 2591 2232 tu,
2635 2179 2721 2218 me
2747 2180 2865 2232 quae
2910 2174 3082 2218 tecum
3127 2175 3202 2220 tot
3239 2168 3390 2221 annis
3435 2166 3684 2232 habitari,
3735 2180 3789 2223 et
3831 2169 3897 2222 ab

2315 2253 2562 2324 Egyptia
2614 2255 2802 2308 ancilla
2846 2269 2961 2308 mea
2993 2266 3320 2311 contemnor.
3353 2256 3554 2312 Judicet
3601 2257 3735 2314 Deus
3773 2261 3896 2314 inter

2316 2362 2394 2397 me
2420 2354 2464 2398 et
2491 2355 2556 2399 te.
2590 2345 2825 2398 Dolentis
2852 2347 3040 2400 animae
3070 2349 3249 2402 verba.
3280 2346 3343 2402 Et
3371 2349 3470 2402 nisi
3502 2352 3662 2404 tantis
3694 2352 3895 2405 virtuti-

2317 2436 2416 2490 bus
2445 2435 2696 2504 prmditus
2722 2434 2907 2490 fuisset
2932 2437 3246 2506 patriarcha,
3275 2448 3328 2494 et
3353 2440 3403 2493 in
3431 2449 3571 2494 tanta
3599 2445 3896 2498 reverentia

2317 2525 2502 2580 Saram
2534 2525 2822 2589 habuisset,
2851 2541 2991 2594 agre
3019 2526 3227 2580 tulisset
3268 2527 3378 2582 haec
3408 2531 3590 2593 verba,
3633 2542 3688 2586 et
3721 2548 3788 2586 ex
3815 2533 3896 2589 di-

2318 2625 2524 2672 ctorum
2555 2618 2838 2688 asperitate
2875 2618 3114 2673 dolorem
3144 2622 3490 2691 concepisset.
3538 2623 3736 2679 Verum
3785 2627 3895 2680 exi-

2318 2709 2454 2764 mius
2484 2709 2574 2765 ille
2613 2710 2680 2763 ad
2721 2724 2879 2764 sexus
2919 2710 3252 2780 fragilitatem
3297 2723 3563 2783 spectans,
3608 2732 3821 2772 omnem
3851 2720 3898 2775 ei

2319 2802 2526 2854 veniam
2575 2800 2739 2856 dedit.
2789 2801 2994 2855 Judicet
3041 2801 3179 2856 Deus
3211 2805 3351 2859 "inter
3401 2823 3478 2860 me
3513 2817 3558 2860 et
3605 2819 3670 2862 te.
3720 2808 3896 2877 Cogita

2319 2903 2568 2962 quantam
2605 2910 2716 2948 rem
2746 2896 2965 2966 egerim,
3000 2905 3055 2950 ut
3084 2905 3132 2950 te
3157 2897 3482 2964 consolarer,
3513 2901 3700 2954 volens
3731 2910 3781 2955 te
3823 2904 3897 2956 vel

2322 2983 2372 3037 in
2405 2994 2676 3040 senectute
2701 2995 2904 3054 patrem
2935 2989 3131 3050 vocari,
3161 2988 3403 3043 ancillam
3444 3005 3618 3044 meam
3648 2992 3703 3046 in
3738 2992 3898 3062 digni-

2323 3084 2483 3130 tatem
2513 3091 2686 3131 meam
2715 3077 2859 3132 erexi
2891 3095 2903 3131 ;
2934 3087 2985 3131 tu
3015 3088 3190 3132 autem
3216 3079 3399 3135 videns
3425 3080 3568 3136 illaut
3599 3091 3705 3136 tam
3733 3084 3903 3154 ingra-

2328 3177 2452 3234 tam,
2489 3184 2593 3224 non
2623 3170 2764 3224 ultus
2793 3184 2873 3234 es,
2907 3185 3010 3224 non
3040 3171 3330 3240 rependisti
3358 3173 3485 3228 mihi
3515 3174 3661 3230 vices
3687 3177 3899 3232 benevo

2325 3260 2500 3316 lentia:
2524 3276 2680 3332 quam
2709 3263 2758 3316 in
2791 3272 2841 3317 te
2875 3263 3158 3317 declaravi.
3186 3265 3392 3319 Judicet
3431 3266 3569 3320 Deus
3593 3268 3723 3321 inter
3757 3286 3835 3323 me
3859 3281 3903 3323 et

2325 3363 2390 3406 te.
2425 3351 2538 3416 Ille,
2570 3353 2760 3424 inquit,
2807 3355 2896 3424 qui
2940 3355 3246 3410 abscondita
3275 3359 3510 3412 omnium
3537 3362 3778 3416 cordium
3810 3379 3901 3416 no-

2326 3443 2423 3506 vit,
2451 3443 2563 3512 ipse
2592 3443 2693 3498 erit
2718 3443 2877 3512 judex
2922 3445 3061 3500 inter
3090 3461 3188 3501 nos
3221 3465 3234 3501 :
3263 3456 3316 3502 et
3355 3450 3622 3519 quomodo
3648 3466 3751 3520 ego
3789 3453 3903 3522 qui-

2324 3533 2444 3589 dem
2475 3535 2628 3589 vietls
2651 3537 2897 3592 omnibus
2936 3537 3300 3594 alTectiouibus
3325 3547 3464 3594 tuam
3487 3544 3906 3598 consolationem

2326 3639 2459 3678 mea:
2497 3625 2730 3694 praetuli,
2768 3637 2819 3679 et
2847 3627 2897 3681 in
2937 3627 3128 3682 lectum
3158 3644 3334 3684 meum
3358 3631 3604 3686 ancillam
3629 3648 3804 3688 meam
3833 3634 3906 3688 in-

2325 3715 2452 3769 duxi
2488 3734 2501 3769 :
2535 3717 2645 3785 ipse
2666 3728 2842 3771 autem
2863 3717 2995 3772 nihil
3024 3732 3208 3774 eorum
3232 3736 3349 3790 qua:
3371 3735 3398 3774 a
3426 3736 3512 3776 me
3533 3721 3668 3776 facta
3690 3734 3836 3786 sunt,
3859 3725 3906 3777 in

2329 3819 2562 3863 mentem
2613 3811 2917 3879 accipiens,
2965 3813 3227 3880 permittis
3269 3813 3340 3867 illi
3402 3825 3458 3870 ut
3501 3829 3690 3870 contra
3739 3832 3908 3872 meam

2331 3902 2570 3972 insurgat
2615 3901 2924 3956 lenitatem:
2958 3919 3057 3958 nec
3100 3904 3371 3960 audaciam
3419 3908 3682 3976 reprimis.
3739 3925 3912 3978 neque

2332 3994 2587 4062 ingratam
2619 3996 2861 4064 castigas.
2895 3995 3030 4063 Quid
3056 3997 3215 4066 igitur
3255 3999 3471 4053 adamas
3501 4001 3606 4064 ille,
3641 4001 3796 4056 furtis
3828 4001 3912 4057 illa

2334 4087 2428 4140 Dei
2453 4087 2670 4152 athleta,
2701 4088 2788 4157 qui
2814 4089 3045 4158 undique
3068 4104 3293 4144 coronas
3319 4092 3419 4145 sibi
3451 4093 3751 4161 plectebat?
3777 4095 3912 4148 Mon-

2333 4188 2508 4234 strans
2535 4181 2694 4235 etiam
2727 4183 2777 4234 in
2823 4182 2922 4235 hoc
2965 4197 3114 4236 suam
3143 4182 3410 4248 virtutem,
3451 4184 3569 4238 vide
3609 4185 3735 4253 quid
3774 4186 3912 4240 dicat

2333 4271 2382 4325 ei
2417 4290 2428 4324 :
2459 4271 2511 4325 6.
2547 4270 2678 4326 Ecce
2729 4273 2916 4326 ancilla
2961 4282 3045 4326 tua
3091 4275 3142 4327 in
3188 4276 3417 4328 manibus
3444 4277 3539 4327 tuis
3565 4292 3582 4328 :
3608 4287 3748 4331 utere
3777 4295 3833 4332 ea
3861 4291 3911 4331 at

2335 4363 2422 4416 tibi
2447 4363 2638 4415 libitum
2665 4365 2833 4432 frter“.
2869 4363 3056 4431 Ingens
3089 4363 3232 4432 justo
3259 4366 3462 4421 virtutis
3499 4366 3754 4432 studium,
3781 4369 3909 4422 mira

2335 4453 2628 4508 tolerantizc
2645 4453 3098 4508 excellentia.Non
3116 4454 3280 4507 solum
3299 4460 3443 4515 enim
3453 4458 3907 4528 nonegretnlitea

2333 4561 2450 4615 qute
2478 4544 2604 4599 Sara
2627 4545 2854 4609 dixerat,
2884 4545 2975 4600 sed
3000 4555 3053 4599 et
3080 4545 3364 4599 admodum
3392 4557 3666 4600 mansuete
3693 4562 3912 4617 rapue-

2336 4638 2413 4691 dit
2449 4647 2505 4691 et
2534 4639 2702 4705 inquit
2727 4656 2738 4690 :
2767 4636 3065 4706 Suspicaris
3091 4652 3174 4692 me
3195 4646 3463 4691 auctorem
3494 4652 3614 4693 esse
3636 4649 3911 4695 contume-

2337 4730 2522 4784 liarum
2585 4729 2773 4799 quibus
2799 4729 2984 4783 aﬂ'ecta
3013 4743 3093 4794 es,
3125 4740 3174 4782 et
3208 4736 3360 4798 putas
3381 4742 3466 4782 me
3489 4728 3744 4783 obiectari
3777 4729 3831 4784 in
3851 4731 3911 4787 iis

2337 4835 2454 4889 qurc
2497 4821 2682 4874 ancilla
2730 4819 3008 4874 adversum
3060 4828 3110 4872 te
3152 4832 3278 4873 ausa
3325 4817 3442 4885 fuit,
3474 4819 3721 4888 quoniam
3749 4820 3909 4875 semel

2338 4911 2748 4965 communicavit
2773 4911 2900 4964 ntihi
2943 4912 2993 4964 in
3041 4910 3178 4964 lecto
3209 4910 3390 4964 :disce
3432 4924 3516 4964 me
3547 4919 3599 4963 et
3644 4906 3911 4980 primum,

2339 5003 2438 5056 nisi
2481 5001 2581 5055 hoc
2623 5003 2974 5070 suscepissem
3016 5010 3072 5053 ut
3115 5000 3205 5054 tibi
3244 5000 3588 5069 gratiliearer.
3630 5016 3908 5071 numquam

2339 5094 2693 5145 admissurum
2723 5091 2884 5146 fuisse
2910 5090 3151 5146 ancillam
3181 5091 3230 5144 in
3261 5089 3451 5144 lectum
3483 5100 3627 5144 tuum
3663 5108 3675 5144 :
3711 5107 3910 5146 verum-

2342 5190 2514 5234 tamen
2564 5192 2702 5236 utre
2733 5182 2844 5250 ipsa
2884 5182 3080 5235 certior
3129 5183 3242 5247 tias,
3287 5195 3412 5235 ecce
3455 5181 3505 5234 in
3546 5181 3787 5236 manibus
3818 5182 3910 5236 tuis

2340 5282 2420 5323 est
2446 5287 2459 5331 ;
2489 5279 2634 5324 ntere
2679 5285 2742 5326 ea
2774 5281 2829 5324 ut
2857 5270 2945 5323 tibi
2991 5269 3265 5338 placuerit.
3295 5269 3426 5324 Num
3457 5271 3575 5340 quis
3601 5279 3908 5339 potestatem

2345 5373 2483 5415 tuam
2532 5363 2759 5415 minuit?
2791 5379 2913 5416 num
2958 5361 3249 5415 dominium
3295 5362 3345 5415 in
3378 5377 3493 5417 eam
3520 5377 3549 5415 a
3595 5372 3648 5416 te
3685 5364 3910 5418 ablatum

2342 5454 2466 5509 est?
2497 5454 2624 5507 Nam
2665 5455 2787 5508 licet
2828 5470 2946 5507 cum
2994 5468 3053 5507 ea
3083 5467 3396 5523 congressus
3429 5454 3641 5516 luerim,
3671 5455 3816 5507 salva
3844 5465 3912 5506 ta-

2343 5560 2462 5599 men
2491 5545 2662 5598 adhuc
2690 5555 2768 5598 est
2799 5544 2849 5597 in
2872 5559 2988 5597 eam
3020 5552 3252 5612 potestas
3279 5553 3385 5605 tua,
3414 5543 3524 5612 ipsa
3553 5545 3651 5598 sub
3677 5546 3912 5598 manilius

2343 5637 2448 5690 tuis
2492 5648 2570 5690 est
2597 5655 2608 5701 ;
2638 5637 2784 5706 puni,
2832 5638 3050 5704 castiga,
3096 5635 3305 5705 increpa
3337 5651 3349 5686 :
3383 5643 3441 5688 ut
3487 5635 3717 5689 volueris
3746 5647 3802 5690 et
3829 5637 3912 5688 tibi

2346 5730 2624 5800 placuerit,
2662 5731 2737 5783 sic
2769 5731 2924 5782 t'acito
2953 5743 3073 5782 cum
3096 5742 3156 5784 ea
3184 5744 3198 5791 ;
3242 5736 3442 5782 tantum
3468 5742 3536 5781 ne
3563 5739 3877 5781 succenseas
3897 5765 3910 5784 .

2345 5829 2547 5875 tantum
2581 5837 2644 5876 ne
2675 5821 2799 5876 mihi
2830 5823 3053 5890 imputes
3094 5837 3212 5890 qu.c
3239 5820 3320 5876 illa
3351 5820 3644 5889 petulanter
3672 5819 3798 5889 egit.
3820 5814 3910 5871 Nc-
