4056 6466
20 410 72 464 ιτ
963 401 1026 457 ΙΝ
1066 401 1218 460 CAP.
1262 401 1398 460 XVI.
1443 395 1554 457 σεξ

1664 399 1689 450 ι.
1736 393 1962 453 ﬂOflllL.
2008 393 2292 453 XXXVIII.

20 537 65 577 .e
116 521 260 577 enim
308 520 446 576 meis
492 519 860 576 affectionibus
902 511 1154 575 incitatus
1194 533 1308 574 rem
1348 532 1470 573 cum
1495 531 1558 571 ea

28 612 149 676 bui,
183 624 237 666 ιιι
281 627 404 681 erga
434 627 551 668 eam
577 614 655 667 sic
675 609 898 676 afliciar,
942 620 1213 666 utcontra
1253 610 1559 682 aequitatem

49 704 384 774 patrociner.
413 705 540 761 Scio
563 720 721 775 quem
751 705 840 759 tibi
869 703 1094 760 debeam
1125 703 1424 769 honorem;
1455 718 1563 758 non

20 811 155 849 mro
182 794 497 850 famulorum
524 800 786 866 ingratum
816 796 1075 852 animum.
1095 794 1248 850 Nulla
1286 793 1417 850 mihi
1447 795 1563 865 ejus

20 887 31 941 i
79 901 212 942 cura
245 887 324 942 vel
355 887 492 941 ratio
522 903 536 940 :
571 902 734 942 unum
770 896 973 942 tantum
999 895 1084 942 est
1119 886 1204 941 cui
1247 885 1459 952 studeo,
1506 893 1565 955 ut

44 992 282 1032 mmrore
310 990 495 1032 careas
537 985 592 1032 et
621 977 944 1044 turbatione,
972 991 1036 1033 ac
1079 977 1133 1032 in
1163 976 1312 1032 omni
1359 977 1434 1033 sis
1466 975 1566 1032 ho-

26 1084 114 1122 re.

39 1157 100 1212 5.
146 1157 431 1231 Conjttgum
476 1159 658 1230 οθὶεῑα.
689 1189 762 1200 -
786 1159 898 1216 Hoc
924 1168 1009 1216 est
1051 1174 1236 1215 verum
1266 1159 1558 1216 contuber-

20 1263 135 1315 um,
169 1247 271 1305 hoc
316 1249 494 1305 mariti
523 1250 782 1316 officium,
806 1250 1022 1322 quando
1053 1268 1169 1316 non
1209 1267 1402 1324 magna
1440 1252 1565 1308 dili-

21 1341 145 1393 ntia
189 1338 257 1395 ad
305 1340 547 1397 mulieris
596 1350 802 1414 spectat
847 1342 1032 1410 verba,
1065 1343 1162 1400 scd
1205 1343 1561 1401 imbecillitati

20 1444 126 1485 xus
156 1430 324 1486 venia:
365 1432 609 1487 nonnihil
652 1433 916 1500 concedit,
952 1433 1055 1491 hoc
1094 1449 1258 1491 unum
1289 1445 1558 1508 satagens,

38 1536 74 1577 e
105 1521 286 1576 medio
330 1523 549 1579 tollatur
584 1525 820 1593 tristitia,
847 1534 905 1582 et
940 1541 1043 1599 pax
1071 1536 1234 1600 atque
1275 1529 1561 1586 concordia

20 1611 400 1682 nstringantur
445 1614 666 1670 arctius.
725 1615 958 1672 Audiant
1005 1617 1126 1686 viri,
1177 1627 1234 1674 et
1285 1620 1562 1684 imitentur

20 1701 81 1755 sti
116 1702 411 1772 leuitatem,
455 1713 511 1760 et
550 1715 754 1762 tantum
799 1707 1061 1766 honorem
1103 1725 1169 1768 ac
1201 1715 1558 1769 reverentiam

25 1793 276 1850 ilieribus
328 1795 582 1862 tribuant,
626 1806 680 1853 et
723 1807 993 1871 tamquam
1041 1801 1294 1859 imbecilli
1341 1805 1561 1861 vasculo

23 1892 206 1950 reant,
250 1895 309 1941 ut
353 1888 658 1946 concordia:
705 1891 978 1948 vinculum
1028 1892 1238 1951 firmius
1278 1896 1556 1951 consistat.

20 1992 62 2030 ιι)
95 1977 243 2032 enim
271 1992 412 2033 vera:
433 1989 559 2033 sunt
583 1979 806 2045 divitia,
834 1983 939 2038 illa:
963 1983 1214 2039 maxime
1248 1994 1374 2040 sunt
1395 1985 1560 2042 facul-

20 2077 123 2134 Les,
149 2066 196 2122 si
224 2067 305 2123 vir
324 2082 447 2124 cum
475 2068 700 2126 muliere
723 2086 828 2126 non
857 2071 1148 2140 discordet.
1171 2074 1266 2130 sed
1282 2076 1557 2146 conjuncti

20 2165 60 2211 ιι
90 2165 156 2211 ιιι
185 2173 380 2228 corpus
409 2175 594 2216 unum.
619 2157 785 2216 Erunt
811 2163 978 2227 enim,
1008 2164 1201 2236 inquit,
1219 2165 1322 2221 duo
1347 2167 1401 2222 in
1437 2183 1553 2222 ear-

20 2265 65 2301 m
99 2264 258 2302 unam
290 2247 518 2318 (ϐαιά.
541 2251 659 2322 ει).
692 2250 851 2308 Tales
877 2253 978 2309 etsi
1011 2255 1064 2310 in
1092 2267 1406 2328 paupertate
1426 2259 1554 2324 sint.

20 2340 51 2394 si
85 2340 146 2393 in
177 2339 398 2408 vilitate,
437 2343 682 2418 omnium
707 2354 834 2401 sunt
874 2345 1190 2417 beatissimi,
1216 2364 1400 2406 veram
1429 2367 1555 2423 per-

20 2431 162 2485 iiunt
187 2431 538 2502 voluptatem,
561 2444 616 2490 et
650 2433 704 2490 in
741 2438 992 2493 continua
1021 2438 1224 2511 degunt
1257 2444 1558 2514 tranquilli-

20 2538 101 2578 .e:
129 2521 272 2580 sicut
288 2534 475 2580 contra
501 2527 592 2597 qui
621 2527 722 2583 hac
748 2543 854 2584 non
886 2529 1156 2599 fruuntur,
1176 2532 1272 2589 sed
1292 2535 1556 2608 uelotypia

20 2623 224 2679 ierant,
255 2623 310 2670 et
355 2615 554 2672 bonum
600 2619 747 2689 pacis
792 2622 1062 2688 amittunt,
1088 2624 1301 2681 etiamsi
1350 2630 1558 2699 magnis

20 2704 181 2759 luant
207 2702 425 2772 divitiis,
449 2708 659 2766 etiamsi
689 2721 1032 2782 sumptuosas
1058 2713 1288 2772 habeant
1317 2733 1554 2788 mensas,

20 2795 171 2849 ιιιιεί
217 2794 346 2851 clari
379 2796 578 2854 fuerint
607 2815 672 2857 ac
721 2802 948 2872 nobiles,
979 2806 1268 2864 miserrimi
1313 2810 1555 2867 omnium

20 2895 78 2939 nt
116 2903 128 2937 :
162 2887 346 2942 turbas
377 2899 430 2944 et
460 2888 654 2947 ﬂuctus
678 2893 782 2949 sibi
812 2895 1051 2966 quotidie
1076 2899 1405 2971 excogitant,
1433 2916 1556 2959 sese

20 2975 188 3030 vicem
243 2987 522 3048 suspectos
569 2978 805 3050 habent,
865 2984 1174 3056 nullamque
1225 2989 1552 3058 voluptatem

21 3067 162 3124 bere
208 3082 450 3140 possunt,
481 3076 692 3132 interno
749 3077 891 3134 bello
935 3081 1116 3136 omnia
1167 3083 1552 3156 confundente,

20 3159 289 3230 iltamque
338 3161 417 3218 eis
456 3166 866 3224 amaritudinem
911 3169 1216 3228 invebente.
1243 3175 1440 3232 Verum
1467 3177 1556 3233 hic

20 3249 86 3304 iiii
123 3251 263 3317 tale;
293 3251 390 3308 sed
422 3255 721 3324 patriarcha
743 3257 1161 3330 indignationem
1184 3266 1557 3325 matris-fami-

23 3357 50 3397 s
79 3357 180 3398 sua
211 3343 440 3412 placavit
466 3345 716 3417 lenitate,
756 3359 811 3405 et
845 3351 966 3407 data
996 3353 1046 3409 ei
1075 3364 1261 3411 contra
1300 3359 1551 3416 ancillam

21 3441 245 3499 testate,
265 3433 482 3492 domum
503 3451 635 3507 pace
659 3439 900 3509 replevit.
918 3441 990 3496 Et
1010 3445 1188 3516 amisit
1208 3463 1339 3517 eam,
1361 3450 1552 3520 inquit,

20 3541 111 3589 τα,
137 3525 407 3596 etaufugit
446 3544 479 3582 a
514 3531 645 3599 facie
670 3533 800 3603 ejus.
839 3533 1125 3607 Postquam
1154 3540 1374 3598 domina
1413 3543 1555 3602 illius

23 3616 163 3670 nivit
191 3615 550 3688 insolentiam,
583 3621 757 3692 fugam
789 3623 909 3680 iniit
935 3628 1150 3684 ancilla.
1182 3630 1327 3689 Talis
1349 3636 1552 3692 scilicet

20 3721 236 3761 rvorum
265 3723 383 3764 mos
414 3719 498 3766 est
527 3729 540 3766 :
571 3713 786 3784 quando
807 3730 913 3772 non
944 3720 1271 3787 permittitur
1297 3725 1377 3780 eis
1402 3742 1552 3782 more

20 3813 44 3852 α
81 3813 268 3869 agere,
310 3798 412 3856 sed
449 3802 812 3873 impediuntur
851 3823 1040 3865 eorum
1083 3823 1325 3880 conatus,
1371 3818 1549 3873 statim

22 3891 300 3946 minorum
329 3893 502 3963 ruptis
523 3893 708 3964 frenis,
738 3896 912 3969 fugam
942 3913 1248 3971 capessunt.
1283 3904 1547 3962 Cmterum

20 3993 50 4033 c
81 3979 249 4034 etiam
279 3980 418 4047 vide,
442 3985 710 4052 quomodo
738 3989 947 4044 ancillae
973 4005 1264 4061 supernum
1291 3995 1545 4051 auxilium

20 4086 51 4123 n
81 4068 249 4132 desit.
267 4070 336 4124 ob
354 4071 483 4140 justi
517 4073 769 4130 videlicet
796 4077 1078 4135 honorem.
1109 4079 1241 4136 Nam
1271 4085 1394 4153 quia
1416 4085 1545 4155 justi

20 4175 135 4214 nen
169 4159 305 4214 intra
345 4176 405 4216 se
436 4163 679 4232 gerebat,
712 4165 831 4222 ideo
855 4177 908 4222 ct
940 4171 1116 4241 angeli
1147 4184 1422 4242 aspectum
1464 4178 1545 4232 vi-

20 4264 75 4303 re
102 4250 320 4303 meruit.
343 4251 396 4304 7.
423 4249 622 4306 Invenit
649 4255 791 4310 enim
821 4274 954 4324 eam,
986 4261 1174 4331 inquit,
1201 4267 1412 4335 angelus
1440 4266 1544 4322 Do-

20 4339 70 4392 ni
115 4355 278 4410 prope
311 4344 502 4412 fontem
544 4361 692 4415 aqua
740 4347 794 4401 in
840 4349 1131 4416 solitudine,
1177 4353 1230 4408 in
1281 4355 1363 4409 via
1415 4357 1543 4414 Sur.

25 4429 248 4486 nsidera
294 4431 677 4503 benignitatem
727 4436 974 4504 Domini,
1018 4443 1288 4509 quomodo
1339 4445 1543 4502 nullum

20 4520 232 4590 spiciat,
251 4519 345 4575 sed
371 4522 581 4578 etiamsi
603 4538 790 4580 servus
809 4527 877 4581 sit
902 4528 983 4583 vel
1003 4530 1217 4598 ancilla,
1239 4547 1390 4588 suam
1418 4551 1542 4607 erga

20 4629 67 4662 ιιι
97 4611 340 4667 declaret
370 4612 776 4682 providentiam,
797 4631 902 4672 non
931 4618 998 4674 ad
1025 4619 1342 4691 dignitatum
1373 4629 1544 4698 respi-

20 4718 93 4757 ειιε
127 4701 511 4772 differentiam,
554 4705 649 4761 sed
693 4707 760 4762 ad
804 4709 997 4766 anima:
1040 4712 1398 4772 affectionem.
1446 4719 1544 4775 llic

20 4806 128 4850 tem
163 4809 268 4849 non
299 4807 518 4866 propter
540 4799 753 4854 ancilla:
785 4803 1035 4858 meritum
1071 4807 1294 4875 angelus
1317 4810 1538 4877 assistit,

20 4885 39 4940 l
68 4887 146 4940 ob
167 4883 426 4942 honorem
451 4886 601 4957 justi.
631 4888 762 4944 Nam
783 4891 920 4946 sicut
944 4892 1074 4959 dixi,
1103 4895 1257 4966 digna
1284 4908 1402 4954 erat
1420 4918 1540 4972 qua:

20 4993 49 5029 η
102 4976 486 5046 negligeretur,
518 4993 584 5034 eo
611 4979 752 5050 quod
782 4981 940 5051 digna
984 4983 1171 5041 fuisset
1203 5004 1323 5058 qua:
1353 5006 1538 5049 semen

20 5070 68 5120 ill
99 5067 419 5137 susciperet.
451 5067 503 5123 8.
541 5068 604 5124 Et
631 5077 685 5123 ut
708 5087 819 5125 eam
838 5072 1024 5127 invenit
1047 5077 1278 5148 angelus,
1305 5080 1435 5136 dixit
1458 5084 1538 5139 ei:

23 5177 80 5210 ar
103 5158 299 5212 ancilla
324 5157 492 5222 Saraz,
512 5160 645 5215 unde
666 5162 818 5226 venis,
842 5173 890 5218 et
916 5180 1014 5232 quo
1035 5167 1175 5221 vadis
1192 5169 1218 5221 7
1251 5169 1381 5226 Vide
1406 5187 1541 5242 quo.

20 5252 103 5305 ido
142 5260 195 5304 et
236 5253 407 5322 angeli
438 5253 577 5308 dicta
607 5269 726 5309 eam
759 5255 809 5310 in
851 5259 1164 5314 memoriam
1207 5275 1318 5318 sua:
1346 5264 1539 5319 condi-

21 5346 106 5398 nis
161 5341 435 5399 inducant.
482 5344 615 5400 Nam
665 5358 722 5402 ut
768 5349 1107 5405 attentiorem
1157 5368 1276 5408 eam
1327 5356 1534 5422 reddat,

20 5436 127 5486 tim
160 5433 572 5502 appellationem
601 5438 833 5493 nominis
860 5440 976 5508 ejus
1007 5441 1060 5495 in
1097 5443 1330 5499 medium
1361 5448 1534 5514 affert,

27 5523 158 5576 dicit
185 5539 198 5574 :
240 5523 398 5592 Agar.
424 5525 668 5581 Solemus
693 5529 835 5583 enim
865 5530 1174 5602 diligentius
1207 5539 1533 5608 auscultare,

21 5614 160 5666 amlo
211 5613 512 5670 nominibus
560 5619 758 5673 nostris
817 5637 1082 5678 vocamur.
1137 5625 1337 5682 Deinde
1383 5629 1533 5699 dicit,

20 5702 149 5756 uilla
171 5701 358 5759 Sane:
385 5723 491 5777 quo
526 5710 792 5766 recordari
822 5729 939 5768 eam
959 5715 1110 5785 jubet
1135 5721 1367 5775 domina:
1399 5739 1533 5790 sum,

44 5793 184 5847 sciat
223 5811 300 5863 se,
333 5798 454 5853 licet
495 5803 759 5874 particeps
803 5803 959 5862 fuerit
1001 5808 1181 5866 herilis
1226 5813 1366 5882 lecti,
1401 5824 1537 5871 atta-

3162 393 3270 454 358

1674 524 1798 565 men
1828 509 2100 566 dominam
2141 523 2437 582 agnoscere
2474 509 2674 568 debere
2712 510 2923 569 Saram.
2951 508 3086 567 Vide
3111 510 3272 586 igitur

1669 600 1920 672 angelum
1949 601 2393 673 interrogantem,
2427 611 2486 657 ut
2523 617 2641 658 eam
2668 602 2736 658 ad
2767 602 3128 675 respondendi
3173 621 3270 659 ne-

1668 693 1974 747 cessitatem
2002 703 2241 764 cogeret.
2275 691 2444 758 Unde,
2467 692 2659 765 inquit,
2680 694 2898 750 nuncin
2925 693 3271 751 solitudinem

1672 783 1815 840 hanc
1863 784 2151 856 advenisti,
2183 798 2236 843 et
2265 801 2373 858 quo
2396 785 2720 843 contendis?
2770 789 2948 859 Atque
2973 789 3043 844 ob
3073 789 3176 846 hoc
3218 791 3272 846 in

1669 873 1771 930 hac
1795 876 2088 933 solitudine
2115 887 2396 949 comparet
2420 881 2662 950 angelus,
2682 888 2742 936 ut
2768 895 2834 936 ne
2860 889 3010 950 putet
3038 881 3272 952 aliquem

1670 981 1737 1022 ex
1783 967 2090 1038 vulgaribus
2137 969 2434 1025 viatoribus
2477 986 2600 1026 eum
2644 986 2765 1026 esse
2807 972 2898 1043 qui
2945 971 3276 1044 interrogat:

1670 1057 1905 1113 solitudo
1929 1060 2071 1114 enim
2101 1071 2238 1128 erat,
2266 1068 2322 1116 et
2352 1061 2530 1117 nullus
2573 1061 2712 1118 alius
2754 1062 2942 1119 aderat
2970 1082 2984 1118 :
3019 1073 3075 1118 ut
3116 1066 3277 1136 igitur

1669 1146 1809 1203 scire
1835 1151 2004 1218 possit
2030 1166 2136 1206 non
2166 1166 2289 1208 esse
2319 1152 2599 1224 vulgarem
2629 1153 2888 1224 aliquem,
2909 1156 3000 1225 qui
3031 1156 3129 1211 sibi
3159 1159 3276 1214 cul-

1670 1234 1926 1308 loquitur,
1953 1250 2241 1311 eapr0pter
2286 1241 2337 1296 in
2362 1257 2548 1298 eremo
2577 1245 2844 1314 apparuit,
2876 1254 2930 1300 et
2972 1246 3275 1303 sciscitatus

1669 1322 1815 1382 illam
1846 1337 1931 1384 est
1962 1346 1975 1382 :
2023 1329 2086 1384 Et
2112 1331 2277 1399 inquit
2305 1331 2391 1385 illa
2426 1350 2439 1386 :
2475 1333 2516 1386 Α
2547 1334 2680 1404 facie
2706 1333 2856 1389 Sara
2892 1334 3111 1391 domina:
3150 1353 3277 1393 mea

1667 1433 1761 1490 ego
1785 1420 1952 1492 fugio.
1979 1417 2145 1477 Vides
2171 1421 2445 1492 quomodo
2481 1438 2587 1479 non
2616 1433 2774 1495 negat
2795 1425 3149 1494 dominatum,
3176 1428 3272 1482 sed

1666 1510 1955 1566 conlltetur
1981 1526 2108 1568 vere
2129 1513 2348 1568 omnia?
2375 1512 2492 1569 Non
2517 1524 2621 1579 est,
2653 1514 2846 1584 inquit,
2875 1517 3036 1572 homo
3065 1518 3155 1588 qui
3187 1518 3273 1574 in-

1669 1607 1925 1671 terrogat,
1975 1612 2031 1657 ut
2071 1604 2275 1673 possim
2303 1604 2575 1675 decipere.
2612 1605 2850 1661 Primum
2897 1606 3031 1662 dixit
3075 1625 3272 1666 nomen

1667 1705 1869 1760 meum,
1896 1702 1951 1748 et
1978 1691 2212 1748 domina:
2233 1709 2369 1749 mea:
2397 1695 2644 1750 meminit
2672 1713 2686 1749 :
2719 1712 2814 1766 par
2836 1706 2919 1752 est
2944 1698 3106 1769 igitur
3129 1709 3186 1754 ut
3218 1711 3276 1755 et

1666 1793 1766 1850 ego
1795 1782 1975 1837 omnia
2002 1797 2134 1838 vere
2166 1783 2362 1838 dicam.
2387 1785 2428 1838 Α
2457 1786 2608 1856 facie,
2638 1786 2829 1857 inquit,
2865 1787 3016 1843 Sarw
3055 1792 3274 1847 domitus

1666 1887 1791 1927 mete
1818 1890 1908 1945 ego
1946 1876 2109 1947 fugio.
2154 1875 2287 1932 Vide
2315 1877 2586 1947 quomodo
2631 1879 2763 1933 citra
2797 1878 2980 1935 odium
3028 1883 3274 1939 meminit

1665 1964 1919 2022 dominae.
1945 1966 2063 2024 Non
2099 1970 2255 2039 dixit,
2285 1971 2369 2027 Me
2397 1971 2589 2028 afﬂixit
2620 1992 2633 2029 :
2669 1990 2774 2030 non
2820 1975 2975 2041 dixit.
3007 1978 3091 2035 Me
3132 1980 3273 2036 male

1667 2059 1969 2129 mulctavit,
1999 2077 2108 2117 non
2140 2078 2357 2134 possum
2381 2065 2522 2122 ferre
2563 2068 2866 2125 molestiam
2889 2071 3028 2140 ejus,
3061 2081 3117 2128 et
3143 2072 3274 2130 ideo

1664 2148 1845 2222 fugam
1875 2152 1966 2209 inii
1993 2173 2010 2209 :
2041 2155 2172 2210 nihil
2201 2172 2453 2228 asperum
2483 2159 2702 2231 loquuta
2727 2171 2830 2230 est,
2859 2163 2954 2220 sed
2987 2164 3162 2220 solum
3189 2181 3289 2236 se:

1664 2241 1836 2310 ipsam
1863 2253 1921 2299 ut
1943 2244 2216 2316 fugitivam
2247 2250 2746 2307 accnsavit.Vidisti
2767 2254 2884 2321 ejus
2913 2255 3273 2324 probitatem?

1666 2329 1802 2389 Vide
1827 2334 1955 2405 quid
1977 2336 2183 2392 iterum
2221 2338 2444 2409 angelus
2470 2340 2520 2396 ei
2560 2339 2719 2397 dixit.
2762 2342 2814 2398 9.
2850 2341 2996 2399 Dixit
3029 2356 3199 2403 autem
3228 2351 3274 2404 ei

1663 2423 1877 2496 angelus
1921 2423 2168 2482 Domini:
2205 2427 2475 2485 Reuertere
2500 2431 2570 2486 ad
2612 2433 2873 2488 dominam
2913 2447 3072 2504 tuam,
3104 2448 3152 2495 et
3177 2441 3274 2496 ltu-

1664 2515 1865 2571 miliare
1891 2518 1986 2571 sub
2012 2519 2248 2574 manibus
2274 2521 2405 2592 eius.
2432 2521 2516 2577 Ad
2547 2523 2648 2580 hoc
2677 2525 2918 2596 quidem,
2938 2528 3080 2598 quod
3100 2531 3270 2587 dixit:

1663 2607 1708 2660 Α
1735 2609 1870 2679 {acie
1893 2609 2115 2665 domina
2143 2627 2270 2667 mea:
2294 2614 2458 2685 fugio,
2488 2615 2680 2686 inquit,
2707 2616 2997 2686 Revertere,
3021 2629 3076 2676 et
3104 2638 3174 2678 ne
3196 2626 3273 2680 sis

1665 2695 1870 2768 ingrata
1914 2715 2042 2770 erga
2087 2700 2361 2760 dominam
2414 2713 2580 2771 tuam,
2608 2722 2727 2777 qua:
2764 2709 2834 2765 de
2883 2719 2934 2766 te
2981 2724 3088 2768 tam
3135 2715 3273 2772 bene

1663 2789 1855 2846 merita
1885 2801 1990 2848 est.
2021 2793 2246 2861 Deinde,
2274 2797 2399 2869 quia
2442 2814 2511 2855 ex
2539 2799 2677 2856 fastu
2706 2812 2762 2857 et
2788 2803 3039 2874 superbia
3076 2810 3274 2864 mentis

1661 2878 1936 2937 dominam
1963 2898 2115 2940 suam
2145 2886 2197 2940 in
2243 2888 2377 2941 iram
2401 2888 2754 2960 excitaverat,
2786 2893 2978 2964 inquit,
3007 2893 3076 2949 Et
3101 2897 3274 2954 humi-

1661 2971 1790 3027 liare
1831 2975 1925 3029 sub
1963 2977 2196 3032 manibus
2235 2982 2368 3050 ejus,
2395 2981 2638 3051 subjecta
2678 2993 2798 3040 esto
2834 2987 2884 3042 ei
2917 3006 2931 3043 :
2981 2988 3086 3045 hoc
3124 2993 3268 3048 enim

1661 3063 1758 3119 tibi
1781 3065 2042 3136 proderit.
2071 3071 2320 3141 Agnosco
2359 3075 2704 3144 servitutem,
2735 3092 2803 3133 ne
2842 3079 3057 3150 ignores
3098 3082 3274 3142 domi-

1662 3155 1834 3223 nium,
1859 3156 1991 3212 nihil
2019 3160 2249 3217 sublime
2278 3163 2476 3232 sapite,
2502 3181 2570 3220 ne
2596 3167 2716 3236 plus
2745 3169 2814 3224 de
2842 3178 2895 3226 te
2917 3187 3078 3242 quam
3108 3190 3273 3248 cper-

1664 3257 1742 3304 tet
1793 3251 2046 3308 sentias:
2097 3251 2392 3311 Humiliare
2430 3258 2524 3312 sub
2569 3260 2801 3316 manibus
2842 3264 2974 3333 ejus,
3023 3281 3270 3338 magnam

1661 3356 1772 3413 prte
1809 3352 1861 3398 te
1887 3344 1964 3399 fer
1993 3344 2379 3402 obedientiam.
2408 3348 2554 3406 Satis
2579 3351 2699 3421 ejus
2728 3354 2964 3410 animam
2992 3356 3270 3416 demulse-

1665 3441 1790 3488 rant
1816 3435 1990 3507 angeli
2013 3435 2176 3505 dicta,
2203 3446 2365 3510 atque
2386 3441 2505 3511 ejus
2534 3443 2781 3513 spiritum
2809 3460 3269 3518 compresserant,

1662 3525 1794 3578 satis
1831 3526 2174 3584 frenavcrant
2199 3529 2316 3600 ejus
2353 3531 2708 3603 iracundiam,
2737 3536 2959 3594 multam
2988 3540 3042 3596 in
3069 3541 3273 3616 cogita-

1660 3615 1896 3672 tionibus
1923 3619 2276 3676 serenitatem
2297 3621 2552 3679 fecerant.

1732 3711 1785 3766 6.
1830 3711 2031 3768 Deinde
2057 3729 2126 3769 ne
2152 3724 2302 3785 putet
2331 3726 2536 3775 temere
2565 3730 2620 3776 et
2645 3721 2853 3794 absque
2878 3739 3041 3782 causa
3071 3742 3132 3784 se
3167 3729 3270 3786 hu-

1653 3799 1890 3870 jnsmodi
1940 3805 2278 3874 providentia
2325 3809 2598 3880 dignatam
2646 3828 2800 3882 esse,
2850 3816 2949 3873 sed
2992 3817 3166 3875 discat
3207 3837 3270 3877 se

1658 3902 1879 3962 propter
1903 3909 2090 3951 semen
2125 3899 2255 3967 justi
2301 3909 2506 3956 tantam
2534 3903 2966 3961 benevolentiam
3007 3924 3270 3980 assequu-

1659 3993 1767 4038 tam
1805 3999 1949 4052 esse,
1982 3987 2104 4043 vide
2127 3991 2399 4059 quomodo
2432 4007 2553 4048 eam
2584 3995 2917 4064 consolatur,
2945 4007 3002 4054 et
3027 4009 3265 4057 mentem

1657 4074 1776 4144 ejus
1799 4076 1982 4147 erigit,
2013 4086 2068 4132 et
2096 4080 2524 4138 consolationem
2553 4082 2668 4150 dat,
2693 4101 2815 4155 qua:
2855 4088 3072 4146 abunde
3112 4093 3268 4149 sufﬂ-

1656 4165 1785 4230 ciat,
1803 4180 1923 4222 cum
1949 4167 2020 4222 ita
2047 4169 2350 4241 subjuugit:
2371 4173 2460 4228 10.
2473 4173 2555 4251 ‘Et
2573 4175 2703 4229 dixit
2723 4178 2769 4230 ei
2787 4180 3000 4249 angelus
3021 4180 3266 4242 Domini:

1661 4255 2018 4328 Multiplicaus
2044 4261 2396 4330 multiplicabo
2424 4281 2593 4320 semen
2625 4269 2788 4332 tuum,
2823 4278 2871 4322 et
2895 4286 3002 4338 prta
3035 4275 3268 4330 multitu-

1659 4351 1781 4405 dine
1801 4367 1903 4405 uon
1931 4354 2297 4416 numerabitur.
2327 4355 2391 4410 Et
2423 4357 2540 4424 tibi,
2569 4357 2763 4428 inquit,
2793 4361 3026 4430 prmdico
3054 4372 3262 4422 tantum

1663 4439 1781 4496 fore
1825 4456 2010 4497 semen
2060 4453 2228 4510 tuum,
2262 4454 2318 4499 ut
2361 4461 2537 4517 neque
2569 4464 2797 4505 numero
2838 4452 3132 4523 subjaceat.
3185 4457 3266 4515 Ne

1665 4529 1827 4601 igitur
1865 4542 2056 4588 mmsta
2102 4535 2198 4600 sis,
2229 4551 2406 4606 neque
2434 4538 2784 4607 succumbas,
2817 4557 2992 4614 neque
3030 4547 3265 4606 turberis

1663 4623 1868 4690 animo,
1901 4624 1994 4680 sed
2023 4640 2132 4694 prae
2161 4634 2213 4682 te
2243 4625 2323 4682 fer
2346 4643 2562 4684 omnem
2601 4630 2986 4691 obedientiam.
3010 4636 3098 4693 ll.
3128 4637 3267 4697 Ecce

1664 4717 1798 4770 enim
1828 4726 2027 4770 uterum
2067 4718 2219 4787 geris,
2249 4727 2295 4772 et
2321 4722 2489 4788 paries
2529 4723 2716 4791 ﬁlium,
2747 4735 2796 4779 et
2833 4727 3036 4784 vocabis
3078 4746 3262 4787 nomen

1650 4809 1764 4879 ejus
1807 4806 2020 4864 Isntael.
2051 4809 2198 4875 ideo,
2227 4809 2419 4880 inquit,
2449 4821 2506 4869 et
2537 4822 2747 4884 partum
2780 4815 2878 4872 tibi
2908 4818 3171 4888 pudico,
3204 4833 3260 4878 et

1650 4915 1847 4956 nomen
1868 4901 1979 4970 jam
2017 4901 2238 4971 impono
2267 4917 2435 4972 puero
2459 4905 2550 4974 qui
2582 4917 2853 4973 nascetur,
2873 4919 2934 4963 ut
2967 4923 3027 4965 re
3052 4912 3257 4968 certius

1648 5002 1946 5060 comperta,
1967 4991 2045 5045 sic
2067 4991 2412 5062 regrediaris,
2431 5003 2487 5048 et
2505 4995 2759 5050 emendes
2780 4997 2924 5066 quod
2947 4998 3219 5070 deliquiin
3238 5019 3254 5056 :

1651 5081 1784 5149 Quia
1825 5081 2017 5134 audivit
2051 5080 2296 5137 Dominus
2322 5084 2655 5139 humilitatem
2684 5094 2846 5142 tuam.
3130 5159 3132 5161 ν

1723 5174 1985 5238 Quantum
2027 5191 2371 5230 terumnarum
2415 5177 2634 5232 lucrum.
2661 5208 2732 5218 —
2777 5180 2914 5236 llinc
2954 5179 3251 5240 discamus.

1647 5276 1905 5337 quantum
1937 5266 2006 5320 sit
2037 5265 2090 5321 in
2122 5265 2506 5324 afflictionibus
2543 5269 2773 5334 lucrum,
2808 5281 3006 5342 quanta
3037 5274 3258 5331 calami-

1651 5361 1775 5414 tatis
1807 5359 2030 5413 utilitas.
2071 5359 2358 5429 Postquam
2390 5363 2532 5416 enim
2573 5365 2820 5428 secessit,
2860 5376 2913 5420 et
2953 5366 3107 5423 dolor
3148 5384 3248 5423 au-

1652 5461 1771 5506 ctus
1793 5459 1904 5516 est,
1921 5451 2205 5520 multisque
2232 5452 2560 5508 circumdata
2585 5465 2667 5509 est
2695 5456 3042 5512 afflictionum
3075 5461 3252 5516 mole—

1653 5545 1792 5610 Stiis,
1825 5546 1877 5597 in
1921 5543 2229 5608 solitudine,
2261 5545 2312 5599 in
2343 5545 2558 5602 deserto
2604 5559 2654 5604 et
2701 5551 2959 5621 anguStiis
3003 5569 3260 5623 versans,

1650 5644 1773 5705 post
1823 5642 2024 5689 tantam
2073 5636 2516 5706 prosperitatcm,
2547 5650 2600 5694 et
2647 5653 2926 5711 postquam
2976 5645 3027 5699 in
3066 5661 3260 5715 parem

1653 5740 1774 5779 cum
1821 5723 2037 5779 domina
2096 5741 2191 5780 sua
2246 5726 2562 5796 dignitatem
2613 5744 2798 5787 evecta
2857 5733 3081 5801 fuisset;
3130 5736 3264 5794 ideo

1653 5819 2009 5875 acceleratum
2064 5829 2214 5876 nacta
2269 5831 2352 5892 est
2411 5824 2725 5880 subsidium.
2791 5827 2913 5884 llwc
2966 5829 3263 5888 cnimtib'u
