4056 6486
775 419 880 476 359

775 541 955 599 erunt,
975 528 1166 600 inquit,
1183 541 1302 600 qum
1324 523 1564 598 promisi,
1583 531 1634 577 et
1665 520 1841 590 paries
1867 517 2053 581 filium,
2081 522 2136 568 et
2162 527 2346 569 semen

781 637 927 681 tuum
955 620 1337 680 innumerabile
1375 616 1497 681 erit,
1533 613 1664 684 Quia
1705 611 1958 666 exaudiuit
1989 607 2229 662 Dominus
2254 604 2351 657 hu-

775 720 1038 772 militatem
1066 726 1222 768 tuam.
1249 708 1326 767 Ne
1349 709 1506 780 igitur
1528 705 1788 777 gravatim
1827 703 2078 764 feramus,
2108 698 2152 751 si
2184 695 2351 750 mole-

775 811 891 863 stiis
925 806 1282 878 prementibus
1310 801 1669 857 bumiliemur.
1697 797 1840 852 Nihil
1872 796 2013 850 enim
2061 793 2130 846 ita
2155 801 2354 844 nostra:

780 912 982 954 natura!
1025 894 1294 959 conducit,
1325 902 1382 948 ut
1424 906 1542 947 sese
1587 889 1929 951 submittere,
1973 895 2027 941 et
2075 882 2354 938 humiliare

777 989 1066 1062 superbum
1107 986 1376 1056 spiritum,
1403 991 1457 1038 et
1500 982 1732 1036 inflatam
1773 988 2004 1033 mentem
2033 973 2351 1045 deprimere.

776 1084 923 1138 Tunc
963 1083 1104 1135 enim
1153 1094 1248 1133 nos
1281 1076 1444 1146 magis
1488 1074 1637 1128 audit
1669 1072 1947 1134 Dominus,
1993 1066 2205 1138 quando
2233 1079 2353 1118 cum

778 1173 960 1226 dolore
1007 1171 1200 1223 anima:
1230 1177 1284 1222 et
1325 1164 1485 1220 corde
1525 1163 1758 1218 contrito
1806 1161 1976 1229 ipsum
2028 1157 2352 1218 invocamus,

780 1261 1033 1331 majorem
1079 1261 1129 1313 in
1175 1257 1421 1328 precibus
1446 1253 1810 1308 assiduitatem
1840 1250 2189 1304 adhibentes:
2224 1242 2357 1310 Quia

777 1350 965 1405 audivit
1013 1349 1261 1403 Dominus
1307 1346 1640 1399 humilitatem
1680 1353 1836 1394 tuam.
1889 1340 2075 1394 Postea
2122 1333 2359 1406 prtedicit

778 1444 928 1515 pueri
955 1443 1041 1512 qui
1077 1441 1378 1494 nasciturus
1395 1447 1508 1491 erat
1537 1434 1788 1488 studium.
1812 1433 1895 1484 12.
1921 1429 2018 1483 Hic
2033 1429 2147 1494 erit,
2168 1427 2353 1495 inquit,

777 1533 986 1603 agrestis
1030 1531 1179 1584 homo
1224 1545 1240 1582 :
1290 1543 1465 1579 manus
1507 1525 1614 1593 ejus
1658 1530 1832 1574 contra
1879 1534 2072 1582 omnes,
2101 1528 2145 1570 et
2181 1532 2359 1568 manus

783 1627 1006 1678 omnium
1035 1633 1209 1675 contra
1241 1636 1350 1672 eum
1370 1633 1388 1669 :
1418 1627 1460 1669 et
1491 1623 1664 1668 contra
1696 1613 1873 1683 facient
1901 1610 2122 1663 omnium
2142 1609 2357 1679 fratrum

781 1732 985 1770 sitorum
1017 1699 1277 1765 habitabit.
1308 1707 1551 1762 I'rmdicit
1577 1706 1646 1770 ei,
1669 1704 1814 1756 illum
1844 1702 2046 1755 virilem
2076 1709 2130 1753 et
2170 1699 2356 1751 fortem

781 1809 1011 1862 futurum
1043 1819 1184 1870 esse,
1228 1802 1563 1860 bellatorem,
1597 1813 1657 1849 ac
1690 1805 1843 1850 terra:
1872 1791 2108 1847 colenda:
2149 1798 2360 1843 vacatu-

781 1915 918 1951 rum.
937 1896 1127 1950 Vidisti
1149 1911 1212 1950 ex
1241 1895 1303 1947 iis
1335 1909 1452 1961 qua:
1475 1892 1524 1944 in
1557 1889 1804 1944 ancillam
1834 1899 1977 1955 gesta
2006 1891 2360 1952 suut,quanto

782 1993 833 2041 in
868 1987 1071 2041 honore
1095 1995 1239 2040 esset
1283 1980 1624 2052 patriarcha?
1655 1976 1920 2045 Quidquid
1963 1975 2102 2029 enim
2148 1974 2218 2026 illi
2259 1973 2359 2026 im-

782 2092 1006 2146 pensum
1036 2085 1139 2139 est,
1173 2067 1382 2127 Domini
1417 2071 1470 2124 in
1503 2070 1704 2137 jusutm
1734 2064 2157 2122 benevolentiam
2182 2072 2364 2116 osten-

781 2168 878 2221 dit.
915 2165 1039 2220 llarc
1084 2165 1167 2218 ubi
1196 2163 1415 2230 angelus
1441 2159 1705 2214 consuluit
1729 2165 1780 2209 et
1814 2154 1980 2209 felicia
2030 2151 2362 2205 annuntiavit

785 2257 965 2327 Agari,
997 2258 1243 2309 recessit.
1265 2252 1527 2305 Ctetcrum
1557 2247 1677 2302 vide
1718 2248 1907 2300 iterum
1939 2244 2143 2298 ancillte
2184 2241 2363 2312 probi-

783 2357 969 2402 tatem.
1021 2346 1106 2400 13.
1142 2344 1204 2396 Et
1239 2342 1454 2404 vocavit,
1513 2338 1712 2407 inquit,
1767 2352 1945 2389 nomen
1997 2333 2226 2396 Domini,
2280 2332 2366 2401 qui

782 2435 1074 2508 loquebatur
1100 2434 1193 2486 sfbi
1214 2449 1230 2486 :
1253 2430 1331 2485 Tu
1359 2448 1409 2484 es
1437 2429 1590 2490 Deus,
1614 2429 1698 2496 qui
1725 2427 1888 2480 vidisti
1921 2443 1997 2478 me
2026 2441 2044 2478 :
2066 2425 2183 2492 quia
2204 2423 2364 2475 dixit:

784 2527 988 2582 Ftertim
1018 2543 1187 2579 coram
1217 2525 1317 2578 nidi
1343 2541 1454 2576 eum
1481 2523 1565 2591 qui
1595 2520 1830 2589 apparuit
1857 2518 1998 2570 mihi.
2030 2518 2112 2570 14.
2147 2515 2365 2585 Propter

789 2624 877 2672 loc
909 2619 1096 2670 vocavit
1119 2627 1342 2685 puteum,
1369 2614 1581 2666 Putettm
1606 2612 1686 2664 ubi
1709 2627 1877 2663 coram
1905 2609 2024 2670 vidi,
2046 2609 2174 2660 inter
2199 2604 2363 2661 Cades

782 2723 828 2766 et
855 2713 982 2765 inter
1004 2709 1223 2763 Barach.
1245 2706 1379 2762 Vide
1401 2706 1667 2775 quomodo
1693 2712 1745 2756 et
1773 2703 1886 2754 lucc
1908 2701 2032 2755 velit
2055 2710 2364 2769 perpetuam

785 2802 1096 2857 memoriam
1145 2799 1329 2854 indere
1379 2800 1494 2852 loco
1550 2810 1640 2864 per
1668 2793 1910 2846 vocabuli
1949 2792 2362 2860 impositionem.

790 2893 1012 2946 \‘ocavit
1040 2891 1179 2942 enim
1227 2890 1422 2954 locum,
1461 2886 1678 2939 Patrum
1705 2885 1788 2938 ubi
1833 2901 2000 2938 coram
2028 2884 2148 2936 uidi.
2176 2881 2366 2936 Vidisti

783 2996 834 3039 et
868 2983 1117 3036 ancillam
1163 2981 1414 3048 paulatim
1453 2994 1518 3031 ex
1551 2977 1930 3030 afflictiooibus
1968 2975 2242 3042 aliquanto
2270 2989 2365 3028 ca—

796 3071 1154 3141 stigatioribus
1194 3068 1432 3123 moribus
1463 3068 1598 3132 fieri,
1622 3076 1675 3120 et
1699 3075 1903 3136 gratum
1934 3066 2168 3118 animum
2213 3077 2366 3116 suum

784 3163 1057 3216 declarare
1081 3175 1204 3229 erga
1248 3157 1504 3213 beneficia
1548 3155 1744 3225 quibus
1787 3155 2051 3208 cumulata
2101 3152 2290 3218 fuerat,
2316 3159 2372 3204 et

787 3255 1009 3322 gratiam
1045 3253 1236 3320 quibus
1266 3251 1456 3319 potuit,
1498 3247 1701 3300 referre
1734 3244 2082 3314 providentia:
2110 3257 2229 3312 quas
2256 3251 2373 3295 tan-

791 3356 896 3397 tum
945 3341 1110 3412 ipsius
1137 3347 1375 3410 gesserat
1419 3336 1639 3392 cut-am?
1692 3335 1777 3390 l5.
1810 3333 1874 3387 Et
1923 3334 2134 3404 peperit,
2180 3332 2370 3401 inquit,

794 3437 928 3506 Agar
955 3433 1100 3488 Abrat
1128 3433 1319 3500 ﬁlium,
1352 3441 1398 3483 et
1423 3429 1613 3482 vocavit
1645 3428 1830 3480 Abram
1857 3441 2034 3479 nomen
2066 3426 2194 3494 ejus,
2224 3440 2369 3493 quem

798 3527 988 3598 peperit
1019 3524 1108 3578 sibi
1139 3525 1295 3593 Agar,
1328 3522 1535 3574 Isntaef.

859 3622 914 3674 7.
979 3619 1276 3672 Exhortatio
1337 3616 1405 3667 ad
1463 3614 1790 3682 patientiam,
1851 3607 2280 3662 mansuetudinem
2326 3616 2373 3659 et

787 3712 1128 3766 concordiam.
1164 3707 1307 3764 Uxor
1327 3706 1553 3775 adjutrix
1577 3703 1668 3757 oiri
1693 3699 2190 3768 quomodo.—llinc
2211 3697 2370 3750 disci-

793 3817 911 3855 mus
939 3809 1192 3869 quantum
1227 3799 1419 3851 bonum
1457 3797 1522 3848 sit
1553 3791 1921 3856 mansuetudo,
1954 3801 2205 3860 quantmn
2246 3789 2373 3842 lucri

794 3891 1026 3954 habeat,
1076 3899 1129 3942 et
1173 3888 1354 3956 quanti
1403 3886 1603 3938 frui-tus
1649 3899 1713 3937 ex
1763 3882 2136 3936 afflictionibus
2182 3894 2374 3949 prove-

783 3984 957 4037 niant.
991 3978 1119 4033 Nam
1148 3975 1554 4030 mansuetudine
1599 3973 1895 4041 patriarcha
1936 3971 2160 4040 placavit
2187 3972 2372 4024 Soram

789 4069 1282 4139 indiguabundam,
1330 4077 1383 4120 et
1441 4065 1644 4118 famul-.e
1711 4070 2025 4132 potestatem
2086 4060 2134 4114 ei
2200 4057 2376 4124 dedit,

803 4161 1127 4228 domumque
1171 4173 1299 4225 pace
1347 4157 1600 4225 replevit,
1633 4155 1931 4209 aﬂlictiouis
1960 4162 2135 4206 autem
2181 4151 2379 4205 fructus

798 4255 853 4306 in
882 4253 1070 4306 ancilla
1102 4251 1280 4304 videre
1325 4249 1465 4304 licet.
1497 4249 1628 4314 Quia
1677 4259 1951 4316 postquam
1993 4245 2060 4299 ab
2093 4247 2217 4300 hera
2247 4244 2380 4298 affli-

795 4352 878 4396 t-ta
908 4343 1067 4412 fugit,
1093 4349 1146 4393 et
1187 4341 1407 4392 tuultutn
1445 4353 1472 4390 a
1494 4351 1741 4392 rnmnosa
1793 4336 1920 4400 fuit,
1955 4349 2018 4388 ac
2061 4349 2182 4388 eum
2215 4335 2377 4387 animi

795 4433 980 4487 dolore
1031 4431 1308 4484 Dominum
1359 4428 1655 4490 invocavit,
1723 4427 1898 4479 statim
1938 4439 2219 4493 supernam
2249 4424 2376 4477 visi-

798 4526 1048 4580 tationem
1080 4531 1359 4589 assequuta
1387 4528 1486 4573 est.
1515 4519 1578 4572 Ut
1607 4519 1749 4571 enim
1793 4517 1959 4568 discat
1985 4530 2042 4569 se
2080 4529 2172 4582 per
2198 4513 2376 4568 Itutni-

799 4618 1000 4673 litatem
1046 4624 1099 4668 et
1131 4612 1469 4667 afﬂictionem
1529 4619 1669 4663 tanta
1728 4606 2058 4675 providentia
2109 4605 2376 4674 dignatam

797 4723 916 4763 esse
937 4748 950 4771 ,
981 4706 1108 4760 dicit
1128 4704 1348 4773 angelus
1373 4703 1420 4756 ei
1447 4718 1462 4756 :
1497 4700 1702 4755 Uterum
1724 4700 1855 4769 geris
1875 4739 1888 4759 ,
1920 4708 1966 4751 et
1990 4698 2156 4765 paries
2183 4698 2375 4763 ﬁlium,

799 4809 843 4852 et
870 4798 1065 4852 vocabis
1093 4811 1269 4848 nomen
1297 4796 1405 4864 ejus
1446 4792 1636 4847 Ismael
1657 4833 1668 4854 ,
1701 4792 1936 4856 quoniam
1975 4790 2165 4842 audivit
2203 4789 2378 4842 Domi-

805 4905 896 4940 nus
937 4885 1267 4939 humilitatem
1299 4895 1453 4935 tuam.
1489 4883 1666 4950 Itaque
1691 4922 1704 4944 ,
1736 4879 1951 4942 dilecti,
1999 4895 2118 4933 cum
2150 4880 2378 4934 sciamus

806 4993 902 5031 nos
927 5020 939 5042 ,
975 4978 1017 5029 si
1067 4974 1455 5044 vigilat-erimus
1476 5015 1489 5036 ,
1519 4989 1582 5026 ex
1613 4973 1866 5026 aerumnis
1895 4972 2063 5042 magis
2088 4971 2154 5026 ad
2198 4971 2379 5025 Domi-

803 5084 928 5122 num
962 5079 1269 5121 accessuros
1290 5105 1304 5128 ,
1344 5073 1399 5118 et
1436 5063 1548 5132 ejus
1573 5065 1793 5132 gratiam
1815 5063 1969 5117 nobis
1995 5072 2102 5116 tum
2134 5063 2382 5117 concilia—

801 5169 977 5222 turos,
1022 5170 1142 5210 cum
1193 5155 1406 5209 dolente
1456 5157 1631 5208 anima
1675 5164 1724 5208 et
1775 5154 1989 5210 fervidis
2033 5156 2279 5225 lacrymis
2315 5153 2379 5208 ad

803 5252 972 5318 ipsum
1004 5243 1384 5302 accesserimus
1415 5265 1427 5300 :
1458 5262 1523 5301 ne
1563 5247 1841 5300 doleamus
1870 5248 1920 5300 in
1969 5247 2343 5302 afflictionibus
2364 5290 2378 5311 ,

807 5340 898 5393 sed
922 5341 1127 5394 lucrum
1150 5337 1289 5407 quod
1313 5353 1373 5391 ex
1398 5336 1771 5391 afflictionibus
1796 5338 2036 5406 provenit
2061 5339 2380 5408 cogitantes,

806 5433 979 5486 omnia
1025 5446 1142 5500 qua:
1177 5428 1331 5483 nobis
1375 5431 1623 5484 eveniunt
1653 5430 1855 5498 placido
1903 5429 2136 5484 feramus
2183 5432 2381 5495 animo,

813 5530 869 5574 et
904 5519 1166 5574 discamus
1197 5518 1420 5594 humani
1451 5534 1569 5574 esse
1619 5531 1670 5575 et
1723 5523 1982 5576 mansueti
2035 5538 2156 5592 erga
2200 5538 2386 5578 omnes

807 5609 1064 5678 quidem,
1106 5613 1333 5665 maxime
1377 5619 1554 5664 autem
1597 5625 1719 5680 erga
1767 5626 1960 5665 uxores
2013 5624 2218 5668 nostras
2259 5630 2274 5666 :
2325 5628 2389 5668 ac

808 5715 1146 5768 summopere
1175 5717 1420 5756 curemus
1442 5743 1456 5767 ,
1491 5710 1546 5755 ttt
1567 5703 1683 5756 sive
1705 5702 1846 5771 juste
1871 5743 1885 5767 ,
1915 5703 2026 5757 sive
2069 5705 2261 5772 injuste
2289 5719 2388 5759 nos

807 5798 1055 5863 arguant,
1111 5805 1178 5845 ne
1209 5791 1276 5845 ita
1333 5802 1583 5848 accurate
1629 5797 1962 5852 excutiamus
2013 5808 2240 5850 causas:
2292 5795 2385 5852 sed

1543 408 1602 466 S.
1641 399 1914 462 lOANNlS
1952 390 2420 459 αιιιιγεοετυω
2459 391 2773 449 ARClllEP.
2814 390 3338 451 WNSTANTISOP.

3946 385 4042 443 360

2458 510 2611 564 unius
2638 511 2714 564 rei
2749 508 2901 565 nobis
2943 522 3070 563 cura
3114 509 3202 574 sit,
3234 517 3290 561 ut
3320 503 3548 561 tristitite
3593 517 3755 559 causa
3797 517 3828 556 e
3873 503 4045 557 medio

2457 602 2706 666 tollatur,
2732 609 3044 670 crescatque
3085 614 3148 654 ac
3176 600 3453 653 roboretur
3479 610 3580 665 pax
3629 593 3924 649 domestica
3953 615 3963 644 ;
3997 604 4046 646 nt

2456 704 2509 749 et
2537 693 2623 748 illa
2653 691 2720 747 ad
2765 691 2937 746 virum
2978 705 3135 744 suum
3183 689 3377 744 habeat
3404 687 3817 743 conversionem
3844 727 3858 745 .
3892 695 3945 738 et
3977 688 4044 736 vir

2457 785 2526 840 ab
2570 783 2806 838 externis
2853 798 2916 839 ac
2942 779 3243 836 forensibus
3286 779 3513 850 negotiis
3554 787 3609 832 et
3657 773 4048 832 turbationibus

2459 877 2525 932 ad
2571 892 2688 933 eam
2718 875 2867 947 quasi
2910 874 2976 928 ad
3005 883 3215 944 portum
3259 871 3578 942 confugere,
3609 879 3664 926 et
3711 867 4049 938 amnigenam

2462 972 2699 1026 invenire
2748 971 2914 1040 possit
2959 968 3400 1024 consolationem.
3444 966 3499 1020 In
3531 963 3869 1035 adiutorium
3917 962 4050 1016 enim

2460 1062 2582 1116 data
2632 1071 2715 1116 est
2745 1077 2912 1126 uxor,
2947 1071 3005 1115 ut
3052 1069 3332 1116 contentus
3369 1059 3486 1128 ejus
3531 1057 3952 1120 consnlatione,
3987 1056 4053 1106 vir

2461 1154 2715 1207 adversus
2755 1153 3045 1223 ingruentia
3089 1152 3224 1206 mala
3277 1166 3335 1206 re
3367 1151 3528 1204 istere
3574 1148 3778 1201 valeat.
3837 1143 3973 1201 ﬁam
4021 1147 4052 1196 si

2464 1244 2616 1297 fuerit
2643 1252 2828 1296 ornata
2877 1243 3160 1296 virtutibus
3191 1250 3244 1296 et
3271 1249 3578 1302 mansueta,
3610 1253 3719 1293 non
3748 1236 3932 1291 solum
3955 1238 4050 1287 vir-1.

2463 1351 2560 1388 suo
2589 1333 2858 1388 societatis
2887 1333 3311 1387 Consolationem
3331 1373 3347 1395 ,
3389 1330 3551 1386 sedet
3580 1331 3633 1384 in
3659 1329 3792 1382 aliis
3817 1328 4049 1381 ommbos

2463 1426 2687 1480 multum
2720 1424 2822 1478 erit
2849 1423 2992 1478 utilis
3019 1440 3031 1474 :
3062 1421 3241 1476 omnia
3271 1420 3346 1474 illi
3374 1420 3507 1474 levia
3530 1430 3585 1475 et
3621 1419 3807 1473 facilia
3843 1417 4047 1473 reddet.

2463 1528 2517 1572 et
2541 1517 2811 1586 percipere
2835 1532 2938 1569 non
2968 1515 3106 1569 sinet
3127 1514 3276 1567 illum
3307 1521 3397 1566 aut
3439 1521 3694 1566 externas
3716 1520 3813 1564 aut
3835 1524 3933 1562 eas
3951 1527 4046 1576 qua;

2463 1609 2698 1678 quotidie
2744 1607 2892 1662 domi
2947 1612 3238 1660 nascuntur
3286 1602 3674 1658 difficultates:
3729 1599 3833 1654 sed
3861 1643 3876 1664 ,
3923 1603 4048 1668 quasi

2463 1702 2785 1771 gubernator
2826 1700 3058 1768 optimus
3082 1738 3097 1762 ,
3127 1711 3340 1751 omnem
3369 1694 3529 1749 animi
3578 1700 3967 1762 tempestatem
4013 1692 4049 1740 tu

2466 1795 2808 1849 serenitatem
2869 1807 2962 1846 sua
3009 1790 3270 1860 sapientia
3316 1797 3619 1849 convertet,
3668 1785 4048 1855 prudentiaque

2465 1903 2559 1941 sua
2592 1900 2832 1955 magnam
2881 1881 3123 1937 conferet
3160 1879 3601 1935 consolationem.
3635 1877 3946 1930 Enimvero
3982 1893 4043 1940 qs

2465 1980 2543 2033 sic
2606 1977 2876 2046 conjuncti
2938 1973 3172 2037 fuerint,
3219 1989 3248 2025 a
3315 1971 3458 2027 nulla
3515 1985 3698 2025 rerum
3749 1967 4046 2022 difﬁcultati:

2467 2069 2605 2122 male
2646 2066 2936 2120 habebunt.
2963 2064 3187 2132 Quando
3230 2064 3371 2119 enim
3417 2059 3732 2127 concordia,
3766 2069 3828 2114 et
3855 2074 3958 2130 pax
3980 2104 3990 2119 ,
4015 2069 4053 2108 tt

2472 2160 2741 2213 vinculum
2795 2157 3097 2211 dilectionis
3156 2170 3280 2210 cum
3325 2154 3546 2208 muliere
3587 2161 3641 2205 et
3684 2153 3807 2204 viro
3879 2151 4049 2204 fuerit.

2466 2255 2643 2307 omnia
2686 2251 2843 2306 simul
2871 2249 3089 2304 afﬂuent
3116 2248 3252 2303 bona
3277 2290 3291 2311 ,
3316 2257 3368 2302 et
3402 2246 3561 2300 nullis
3594 2243 3811 2298 insidiis
3839 2242 4053 2310 expositi

2467 2355 2622 2400 erunt
2641 2387 2654 2405 ,
2688 2359 2877 2414 magno
2902 2352 2954 2398 et
2979 2340 3373 2412 inexpugnabili
3399 2338 3628 2408 quodam
3658 2351 3826 2391 muro
3853 2339 4056 2390 circuat-

2468 2439 2596 2498 dati,
2632 2437 2733 2491 hoc
2758 2448 2860 2499 est,
2893 2452 2957 2490 ex
2999 2449 3060 2488 ea
3110 2450 3229 2503 qua:
3275 2433 3568 2487 secundum
3615 2430 3790 2483 Deum
3834 2443 3920 2482 est
3948 2443 4052 2481 eoa

2467 2527 2667 2582 cordia.
2704 2526 2815 2580 lloc
2842 2525 3123 2578 adamante
3150 2523 3446 2587 firmiores,
3494 2520 3595 2575 hoc
3640 2519 3790 2573 ferro
3826 2517 4052 2572 ΐυηὶοια

2467 2635 2561 2674 eos
2591 2617 2777 2672 reddet
2800 2658 2812 2679 ,
2846 2616 2944 2669 hoc
2966 2616 3215 2669 omnibus
3238 2613 3434 2668 divitiis
3459 2623 3510 2666 et
3536 2611 3877 2666 abundantia
3912 2612 4052 2679 magis

2472 2706 2809 2776 locupletabit
2832 2748 2844 2768 ,
2872 2705 2974 2760 hoc
2995 2705 3059 2758 ad
3093 2719 3376 2773 supernam
3399 2703 3620 2772 gloriam
3653 2703 3778 2756 illos
3806 2700 4050 2756 deducet.

2472 2798 2572 2852 hoc
2612 2807 2666 2852 et
2725 2797 2814 2852 Dei
2862 2796 3285 2850 benevolentiam
3334 2795 3415 2848 eis
3458 2794 3686 2847 ubertim
3733 2793 4051 2847 concitatae.

2473 2890 2700 2943 Proinde
2727 2904 2821 2942 oro
2841 2929 2856 2951 ,
2889 2904 2956 2941 ne
2980 2887 3104 2955 quid
3128 2886 3202 2940 illi
3231 2885 3618 2955 praeferendum
3646 2885 4050 2940 existimemus:

2471 2981 2564 3035 sed
2613 2981 2788 3034 omnia
2834 2979 3085 3032 faciamus
3128 2985 3184 3030 ct
3227 2991 3485 3047 agamus,
3533 2985 3590 3030 ut
3634 2976 4002 3046 tranquillitas
4019 2991 4050 3026 ct

2474 3088 2573 3141 pax
2621 3072 2690 3126 sit
2739 3071 2883 3124 inter
2929 3067 3318 3124 cohabitantes.
3365 3065 3512 3120 Tunc
3561 3065 3703 3120 enim
3755 3077 3814 3121 et
3865 3067 3965 3120 filii
3991 3083 4042 3133 qs

2474 3172 2764 3220 nascuntur
2793 3170 3073 3232 parentum
3125 3161 3373 3212 virtutem
3418 3166 3752 3228 sequentur,
3789 3174 3940 3228 quos
3968 3162 4046 3213 its-

2480 3255 2734 3308 tabuntur
2763 3261 2818 3305 et
2841 3251 3004 3314 serti,
3033 3259 3084 3304 et
3115 3248 3346 3318 undique
3374 3248 3566 3302 domus
3594 3249 3792 3303 virtute
3825 3247 4048 3304 florebn.

2475 3347 2684 3416 eritque
2733 3342 3004 3412 multiplex
3052 3356 3230 3396 rerum
3278 3341 3622 3412 prosperitas.
3669 3339 3907 3408 Quando
3938 3341 4053 3396 εμὲρῑ

2478 3438 2656 3492 divina
2682 3434 2891 3490 etetcris
2919 3431 3249 3503 prteferimus
3269 3473 3282 3494 ,
3308 3430 3459 3486 faciie
3486 3431 3586 3486 alia
3608 3431 3792 3486 omnia
3817 3447 4053 3502 mpm

2479 3528 2634 3584 nobis
2674 3525 2997 3589 succedent,
3052 3533 3105 3578 et
3143 3523 3338 3577 nullam
3395 3526 3684 3577 sentiemus
3726 3525 4053 3586 molcsiats,

2475 3619 2849 3689 suppeditante
2895 3617 3049 3672 nobis
3099 3617 3276 3670 omnia
3325 3616 3543 3686 largiter
3585 3616 3764 3670 divina
3811 3618 4053 3674 bonitate.

2479 3713 2549 3768 Ut
2576 3713 2732 3782 igitur
2757 3711 2915 3765 etiam
2944 3709 3042 3778 ipsi
3068 3707 3268 3778 absque
3297 3707 3505 3761 u-istitia
3545 3717 3598 3764 et
3629 3711 3894 3777 temporis
3925 3713 4053 3764 istius

2480 3805 2639 3858 vitam
2672 3802 3022 3872 transigamus
3045 3843 3058 3863 ,
3092 3811 3142 3855 et
3173 3800 3431 3868 majorem
3481 3799 3688 3854 Domini
3737 3801 4053 3858 benevola:-

2482 3899 2607 3950 tiam
2653 3895 2821 3966 magis
2863 3909 2923 3948 ac
2972 3893 3137 3962 magis
3187 3892 3338 3946 nobis
3383 3891 3772 3956 conciliemus,
3822 3895 4053 3949 virtutem

2481 3999 2778 4050 sectemur,
2822 3984 3160 4040 concordiam
3201 3992 3253 4037 et
3281 3998 3460 4052 pacem
3502 3984 3553 4037 in
3577 3982 3802 4039 domum
3834 3987 4053 4040 nostra:

2484 4077 2815 4131 introducere
2843 4090 3133 4137 conemur;
3163 4089 3306 4126 curze
3336 4072 3489 4126 nobis
3523 4075 3628 4127 sint
3658 4073 3916 4130 educatio
3943 4078 4053 4131 id».

2484 4181 2662 4220 rorum
2689 4179 2969 4232 moresque
2992 4163 3325 4224 famulorum,
3346 4171 3402 4214 ut
3418 4177 3513 4230 pro
3526 4163 3782 4218 omnibus
3810 4165 3973 4238 largis
3988 4184 4053 4218 :1:-

2482 4259 2649 4325 ceptis
2666 4255 3200 4318 remunerationibus,
3221 4267 3521 4308 mereamur
3537 4263 3590 4307 et
3617 4258 3890 4320 promissa

2480 4348 2648 4415 gratia
2677 4356 2729 4400 et
2765 4344 3090 4415 benignitate
3119 4345 3323 4398 Domini
3353 4346 3516 4399 nostri
3546 4343 3672 4399 Jesu
3721 4346 3925 4403 Christi
3947 4393 3960 4414 ,
3991 4368 4050 4400 σω

2479 4451 2599 4490 cum
2631 4436 2784 4489 l‘atre
2813 4445 2865 4488 et
2890 4441 3076 4488 sancto
3097 4432 3317 4504 Spiritu,
3345 4434 3414 4488 sit
3441 4433 3606 4503 gloria
3629 4477 3644 4499 ,
3678 4436 3998 4506 imperium,
4024 4457 4051 4492 ξ.

2483 4530 2671 4591 bonor,
2692 4543 2831 4581 nunc
2847 4537 2899 4582 et
2915 4541 3150 4596 semper,
3172 4536 3226 4580 et
3253 4527 3505 4580 iusmcula
3527 4527 4050 4586 smeulonuneri.

2985 4665 3263 4722 HOMILIA
3305 4665 3548 4720 XXXIX.

2487 4819 2704 4888 Quando
2725 4831 2891 4873 autem
2915 4821 3079 4890 factus
3106 4827 3179 4872 est
3199 4818 3380 4870 Abram
3408 4820 3684 4889 nonaginta
3722 4838 3902 4876 norem
3922 4842 4051 4874 σιεςη

2729 4928 2860 4974 rum,
2887 4911 3124 4981 apparuit
3144 4911 3187 4962 ei
3218 4909 3352 4962 Deus
3383 4911 3400 4978 (
3426 4909 3550 4962 fieri.
3589 4911 3673 4964 l7.
3707 4913 3727 4965 1
3755 4913 3800 4983 ).

2558 5065 2606 5118 1.
2653 5063 2886 5126 Vidistis,
2910 5061 3260 5126 dilectissimi,
3281 5062 3543 5131 quomodo
3571 5061 3705 5118 nihil
3727 5065 3800 5119 sit
3819 5068 3984 5121 otiose
4018 5083 4051 5115 ‘sl

2486 5155 2662 5210 divina
2705 5155 2977 5225 Scriptura
3000 5154 3276 5226 positum?
3304 5153 3509 5208 vidistis
3532 5165 3794 5224 quantum
3837 5159 4051 5211 utilitate

2489 5247 2599 5300 heri
2630 5247 2982 5316 percepimus,
3013 5261 3132 5300 cum
3178 5246 3244 5300 de
3267 5248 3407 5314 Agar
3436 5245 3628 5300 ancilla
3657 5245 3876 5317 fugitiva
3904 5250 4051 5302 ἀίδέςιοι

2492 5337 2774 5393 reremus?
2809 5337 3097 5390 Didicimus
3119 5337 3262 5390 enim
3296 5336 3608 5405 patriarchae
3634 5339 3930 5400 lenitatem,
3959 5353 4048 5390 cxt-

2492 5443 2649 5483 mtam
2686 5429 3086 5492 continentiam,
3121 5429 3471 5482 reverentiam
3501 5444 3660 5498 quam
3709 5445 3838 5500 erga
3889 5430 4049 5483 Samo

2490 5521 2750 5585 exhibuit,
2778 5529 2830 5575 et
2847 5519 3113 5589 quomodo
3130 5519 3468 5574 concordiam
3495 5520 3649 5575 bonis
3671 5520 3921 5576 omnibus
3943 5535 4049 5590 prr-

2494 5615 2765 5670 ferendam
2792 5613 3023 5667 duxerit.
3056 5611 3299 5666 Vidimus
3343 5613 3438 5668 Dei
3477 5611 3802 5668 ineﬂabilem
3840 5613 4042 5681 benigni

2496 5715 2681 5770 tatem,
2713 5701 2984 5774 quomodo
3009 5711 3061 5756 et
3088 5703 3137 5756 in
3167 5701 3424 5757 honorem
3449 5704 3578 5771 justi
3600 5720 3708 5758 non
3737 5705 3908 5760 solm
3925 5705 4046 5757 mn:-

2498 5798 2572 5851 ait
2605 5797 2742 5866 Agar
2763 5829 2780 5859 ,
2804 5810 2915 5865 Ίιιω
2954 5795 3003 5849 itt
3033 5794 3314 5850 solitudine
3344 5795 3591 5864 errabat,
3624 5805 3679 5853 et
3717 5796 3785 5852 ob
3831 5798 4049 5852 timorem
