4056 6510
162 430 257 486 3G!

163 544 396 601 domina!
416 540 714 612 aufugerat,
743 535 835 593 sed
863 544 920 592 et
939 534 986 589 ei
1010 530 1286 588 lsmaelem
1339 528 1546 600 prolem
1588 527 1755 592 dedit,

166 637 292 693 inde
319 635 466 706 justo
514 645 766 703 magnum
817 628 1064 684 solatium
1113 624 1442 695 excogitaus,
1492 630 1760 691 tantaque

165 729 433 801 patientiae
459 724 734 783 mercedes
757 723 806 778 ei
833 720 1154 777 retribuens.
1182 716 1244 771 Et
1272 723 1552 786 postquam
1605 722 1761 767 natus

165 830 248 878 est
284 818 494 883 Istnael,
522 816 707 870 volens
737 828 836 868 nos
860 811 1056 866 docere
1096 807 1370 878 Scriptura
1416 814 1627 874 tempus
1677 817 1763 873 pa-

166 911 434 975 triarchze,
456 908 616 963 etiam
665 917 945 961 numerum
973 914 1234 954 annorum
1278 897 1433 951 nobis
1463 893 1762 965 designavit

170 1003 356 1058 dicens
383 1018 397 1055 :
427 999 513 1054 i6.
545 996 761 1065 Quando
782 1003 931 1050 natus
951 1002 1024 1046 est
1069 989 1280 1052 Ismacl,
1329 1002 1578 1041 annorum
1625 993 1764 1039 octo-

54 1064 73 1088 .
165 1096 304 1166 ginta
329 1108 417 1146 sea:
439 1099 544 1144 erat
567 1064 765 1142 iAbram
791 1083 959 1160 (Cap.
988 1083 1051 1138 16
1082 1084 1120 1152 ).
1154 1080 1441 1137 Videamus
1485 1084 1665 1131 autem
1707 1081 1766 1130 et

167 1187 269 1240 hoc
287 1185 424 1247 loco,
446 1183 497 1237 id
518 1181 656 1252 quod
679 1190 726 1236 et
747 1195 811 1235 ex
833 1175 1175 1247 sequentibus
1196 1172 1485 1234 discemus,
1501 1169 1762 1239 insignem

167 1277 476 1348 patientiam
494 1273 644 1343 justi,
671 1283 722 1326 et
741 1268 1060 1325 ineﬂ‘abilrm
1074 1276 1230 1335 atque
1247 1262 1496 1318 eximiam
1518 1259 1763 1330 benigni-

168 1376 331 1422 tatem
374 1363 602 1420 Domini.
646 1361 888 1417 Scietnus
911 1368 1090 1413 autem
1122 1365 1347 1424 utraque
1373 1350 1672 1417 evidenter,
1715 1350 1762 1405 si

169 1459 363 1512 iterum
404 1465 640 1524 tempora
685 1454 806 1508 vitae
854 1450 984 1522 justi
1021 1447 1304 1503 addiscere
1345 1444 1678 1515 poterimus:
1711 1453 1765 1498 ct

168 1546 441 1618 quomodo
469 1545 646 1601 bonus
681 1544 821 1599 Deus
847 1557 965 1611 qua:
991 1540 1056 1594 ad
1085 1554 1144 1594 se
1179 1537 1407 1594 attinent
1443 1535 1590 1590 omni
1633 1544 1764 1588 tem.

167 1655 299 1706 pore
327 1639 621 1708 dispenset,
661 1634 892 1706 probans
919 1648 1070 1689 suum
1097 1630 1376 1692 famulum,
1405 1637 1456 1683 et
1482 1628 1624 1698 piam
1648 1625 1766 1693 ejus

167 1738 402 1784 mentem
427 1729 701 1798 detegens.
731 1725 850 1796 Ipse
869 1724 1012 1779 enim
1039 1722 1186 1778 clare
1216 1718 1533 1790 przesciebat
1576 1714 1761 1769 faumli

168 1821 254 1875 sui
298 1829 507 1892 gratum
569 1818 826 1882 animum,
867 1815 1064 1868 animae
1104 1811 1220 1881 ejus
1288 1806 1764 1880 pulchritudinem,

171 1913 621 1983 margaritamque
646 1909 786 1964 hanc
805 1905 1077 1963 evidenter
1122 1900 1448 1974 agnoscebat
1476 1915 1490 1954 :
1521 1897 1615 1952 sed
1642 1896 1767 1966 quia

169 2004 339 2059 voluit
361 2002 612 2058 omnibus
644 2009 768 2054 tunc
797 1996 1155 2068 praesentibus
1180 2007 1305 2049 eum
1333 1999 1517 2046 notum
1567 1988 1765 2054 facere,

170 2101 305 2149 utet
331 2090 715 2163 posterioribus
741 2088 951 2142 smculis
982 2087 1092 2156 ipsa
1120 2083 1248 2153 justi
1279 2083 1446 2136 virtus
1473 2080 1540 2133 ad
1590 2080 1766 2133 imita-

171 2184 371 2239 tionem
397 2195 460 2237 ae
485 2181 655 2236 selum
677 2194 770 2235 eos
788 2178 876 2248 qui
904 2176 1144 2232 aemulari
1175 2173 1374 2229 vellent
1402 2179 1722 2242 provocaret
1751 2186 1763 2222 :

172 2273 372 2328 idcirco
406 2271 658 2342 paulatim
687 2278 918 2325 mentem
958 2267 1088 2338 justi
1131 2273 1239 2320 tam
1274 2265 1584 2334 opulentam
1615 2261 1770 2317 nobis

171 2362 371 2434 detegit
391 2380 402 2416 :
426 2370 483 2417 ut
499 2361 769 2416 discamus
782 2368 837 2417 et
862 2373 960 2413 nos
977 2357 1172 2414 divinis
1192 2354 1637 2428 promissionibus
1659 2368 1766 2406 non

171 2453 437 2518 diflldere,
471 2467 644 2523 neque
663 2451 972 2507 dilationem
1004 2449 1262 2518 gravatim
1291 2445 1452 2512 ferre,
1479 2445 1573 2499 sed
1602 2444 1771 2514 majo-

173 2560 288 2601 rem
317 2543 545 2614 spemiu
583 2543 936 2598 invisibilibus
965 2555 1126 2611 quam
1145 2540 1198 2595 in
1222 2537 1516 2593 visibilibus
1546 2551 1767 2607 ponere,

180 2650 303 2705 qua:
332 2635 589 2690 Dominus
614 2633 851 2688 omnium
878 2631 1184 2702 promiserit
1238 2646 1254 2684 :
1284 2637 1338 2682 et
1380 2627 1612 2682 sciamus
1661 2640 1767 2679 non

172 2741 294 2781 esse
319 2725 575 2795 possibile
595 2733 652 2778 ut
673 2738 923 2793 umquam
945 2721 1193 2778 excidant
1219 2720 1483 2792 promissa
1510 2718 1601 2773 Dei
1629 2734 1644 2784 ;
1674 2718 1768 2772 sed

173 2827 229 2873 et
255 2820 298 2871 si
322 2819 481 2886 longo
509 2825 630 2886 post
661 2827 900 2885 tempore
940 2813 1188 2869 eveniant
1207 2813 1378 2882 aliqua
1408 2810 1603 2866 divinis
1646 2825 1770 2880 pro-

174 2907 354 2962 missis
373 2907 606 2971 diversa,
639 2920 707 2960 ne
737 2914 1015 2974 propterea
1040 2917 1192 2958 mens
1220 2902 1482 2967 turbetur,
1535 2901 1631 2956 sed
1678 2916 1768 2956 eoo

174 3011 497 3067 gnoscamus
523 2995 636 3066 ejus
662 2997 752 3066 qui
793 2995 1035 3064 promisit
1072 2993 1386 3064 sapientiam
1414 3001 1469 3047 et
1521 2992 1769 3048 invictam

175 3090 424 3144 virtutem
471 3097 573 3144 :et
624 3101 750 3143 eum
802 3085 1249 3156 quandocumque
1297 3084 1546 3146 voluerit,
1607 3097 1772 3152 Opere

175 3198 294 3254 quae
315 3182 413 3238 sibi
446 3180 634 3250 placita
665 3188 789 3237 sunt
850 3178 1120 3248 complere
1163 3191 1343 3246 posse,
1395 3177 1680 3245 omniaque
1719 3173 1769 3228 ei

175 3287 397 3329 cessura
425 3279 479 3326 ct
518 3272 957 3339 obtemperatum
983 3282 1120 3321 esse.
1154 3265 1286 3320 Nam
1337 3267 1461 3335 quia
1515 3266 1771 3319 Dominus

175 3375 256 3420 est
276 3373 476 3418 natura:
505 3371 555 3417 et
595 3359 807 3431 Opifex,
837 3367 1008 3430 potest
1029 3358 1187 3412 etiam
1215 3356 1344 3412 dare
1369 3371 1430 3412 ea
1453 3372 1571 3429 quae
1608 3370 1771 3425 supra

177 3463 424 3509 naturam
452 3459 595 3506 sunt.
627 3450 704 3505 Ne
735 3450 892 3522 igitur
921 3448 987 3502 ad
1041 3450 1310 3519 propriam
1351 3439 1769 3502 imbecillitatem

177 3545 548 3615 respicientes,
576 3543 841 3598 curiosius
879 3557 999 3611 quae
1025 3556 1055 3595 a
1098 3540 1210 3596 Deo
1245 3541 1378 3594 llunt
1416 3540 1773 3611 inquiramus,

177 3652 354 3708 neque
400 3637 467 3691 ad
522 3645 726 3690 natura:
794 3633 1040 3688 ordinem
1099 3631 1460 3699 iutendentes,
1537 3619 1770 3688 mentem

172 3728 480 3784 dividamus
510 3726 641 3782 :sed
685 3726 824 3781 sicut
867 3726 1001 3795 grati
1060 3721 1264 3789 famuli,
1317 3724 1631 3779 immensam
1671 3725 1773 3779 Do-

175 3821 311 3877 mini
349 3819 515 3876 nostri
571 3818 866 3888 potentiam
957 3831 1062 3871 non
1104 3815 1428 3887 ignorantes,
1494 3817 1774 3872 credamus

173 3911 298 3980 ejus
364 3909 827 3979 promissionibus,
878 3917 936 3963 ut
997 3907 1244 3962 humanis
1295 3908 1495 3962 viribus
1532 3909 1776 3979 superio-

175 4016 272 4058 res
300 4001 440 4064 facti,
469 3999 730 4070 promissa
756 4014 1106 4070 assequamur
1134 3999 1378 4065 omnino,
1405 4009 1461 4054 et
1488 4000 1604 4070 ejus
1630 3999 1777 4055 frua-

177 4110 307 4150 ntur
353 4093 746 4160 benevolentia,
774 4107 837 4147 ac
862 4107 960 4164 pro
981 4101 1167 4146 nostro
1205 4092 1345 4147 virili
1370 4092 1535 4146 Deum
1561 4109 1774 4163 quoque

181 4188 491 4242 timeamus.
550 4184 810 4240 Maximus
850 4185 993 4239 enim
1049 4184 1135 4239 hic
1183 4192 1266 4239 est
1333 4192 1515 4240 noster
1581 4185 1772 4251 honos,

178 4295 345 4350 quem
387 4278 582 4334 offerre
622 4291 925 4348 possumus,
985 4285 1044 4331 ut
1085 4277 1263 4333 virtuti
1316 4277 1480 4348 ipsius
1527 4279 1770 4344 fidamus,
1796 4326 1812 4339 ,

179 4370 393 4428 etiamsi
420 4369 636 4425 carneis
656 4369 822 4425 oculis
849 4383 967 4439 quae
992 4377 1115 4423 sunt
1157 4369 1425 4423 contraria
1478 4369 1774 4425 videamus.

184 4464 257 4520 Et
299 4463 424 4534 quid
450 4462 771 4525 admiraris,
804 4461 850 4516 si
889 4460 1029 4530 apud
1083 4459 1249 4516 Deum
1294 4460 1466 4516 honor
1495 4462 1564 4516 sit
1610 4462 1781 4516 maxi-

183 4567 311 4610 mus
366 4566 473 4606 non
537 4549 824 4606 dubitare?
874 4550 1048 4605 Etiam
1123 4550 1265 4620 apud
1325 4551 1594 4619 homines,
1653 4567 1778 4607 cum

183 4641 318 4712 quid
343 4657 408 4696 ex
435 4640 517 4696 his
542 4640 696 4697 ﬂuxis
724 4651 776 4696 et
801 4641 1129 4709 corruptioni
1177 4640 1422 4695 obnoxiis
1473 4640 1634 4695 rebus
1686 4656 1782 4696 no-

185 4734 277 4789 bis
322 4733 668 4803 promittitur,
717 4732 763 4787 si
790 4747 890 4789 nos
910 4733 977 4788 de
997 4731 1282 4803 promissis
1318 4746 1423 4787 non
1453 4731 1778 4801 dubitemus,

189 4826 291 4886 sed
323 4824 651 4896 promittenti
681 4823 838 4879 fidem
891 4823 1205 4888 habeamus,
1248 4822 1300 4878 id
1327 4824 1556 4878 maximo
1593 4823 1782 4880 honori

190 4918 429 4986 ducitur,
479 4916 620 4987 quod
647 4930 842 4988 nempe
869 4931 978 4970 non
1007 4914 1334 4981 dubitemus,
1361 4914 1453 4969 sed
1503 4917 1783 4985 promissis

192 5009 443 5064 ﬁdamus.
476 5007 628 5079 Quod
655 5007 698 5062 si
725 5006 828 5062 hoc
874 5006 927 5061 in
957 5004 1291 5070 hominibus,
1309 5005 1402 5076 qui
1435 5014 1540 5059 tam
1593 5006 1786 5061 crebro

191 5100 282 5155 vel
307 5103 595 5164 mutantur,
626 5099 708 5154 vel
753 5098 822 5153 ob
852 5098 1214 5153 inﬁrmitatem
1246 5106 1499 5165 pmstare
1525 5097 1652 5151 nihil
1703 5112 1788 5151 va.

192 5193 308 5247 Ient
325 5208 340 5246 :
359 5198 559 5262 quanto
574 5190 742 5261 magis
757 5188 1138 5258 omnipotentis
1161 5186 1253 5241 Dei
1270 5186 1548 5256 promissis
1565 5185 1788 5241 credere

194 5281 477 5346 debemus,
501 5282 708 5336 etiamsi
730 5279 944 5336 interim
958 5278 1182 5333 multum
1205 5277 1462 5347 temporis
1481 5277 1791 5332 interﬂuat?

197 5371 330 5429 Ilaec
345 5381 520 5429 autem
548 5387 577 5426 a
605 5387 691 5428 me
716 5387 859 5427 nunc
885 5385 990 5425 non
1020 5369 1223 5441 absque
1248 5383 1409 5425 causa
1454 5367 1598 5424 dicta
1641 5377 1785 5436 sunt,

203 5465 302 5520 sed
327 5471 384 5518 ut
407 5464 546 5520 seire
574 5465 858 5535 possimus,
891 5477 1011 5518 cum
1043 5462 1346 5517 venerimus
1364 5460 1432 5516 ad
1472 5461 1789 5532 principium

203 5571 394 5612 eorum
423 5571 542 5627 qua:
569 5553 727 5610 hodie
754 5553 908 5609 nobis
935 5560 1060 5607 sunt
1082 5551 1369 5621 proposita,
1399 5551 1672 5620 quomodo
1696 5552 1790 5606 be-

1259 412 1321 468 I.\'
1360 411 1510 468 CAP.
1548 408 1706 466 XVII.
1749 406 1993 464 GENES.
2032 406 2259 466 ﬂOiIIL.
2293 406 2532 465 XXXIX.

3365 412 3469 469 363

1877 528 1990 592 bat,
2015 539 2115 581 nec
2134 525 2470 598 desperabat,
2504 525 2596 580 sed
2623 523 2764 579 bona
2797 538 2894 595 spe
2925 534 3224 598 vegetatus,
3249 530 3466 602 religio-

1862 630 1982 670 sum
2013 617 2251 671 animum
2283 618 2334 672 in
2365 616 2617 671 omnibus
2642 632 2754 690 pra:
2777 632 2836 673 se
2861 616 3086 674 ferebat.
3111 619 3468 692 Sciemusau-

1865 716 1971 763 tem
2001 708 2199 779 liquido
2225 722 2439 764 omnem
2484 709 2801 780 patriarchae
2823 711 3094 780 virtutem,
3115 713 3161 768 si
3214 713 3466 770 didiceri-

1865 814 1985 854 mus
2012 810 2266 870 quautum
2295 801 2496 856 interea
2530 811 2738 871 tempus
2767 802 3016 873 elapsum
3041 804 3222 861 fuerit.
3274 805 3466 862 Oumia

1865 890 2006 943 enim
2038 891 2228 945 beatus
2247 890 2421 947 Moses
2448 892 2650 961 Spiritu
2673 903 2861 948 sancto
2889 894 3105 950 afﬂatus
3127 895 3275 952 clare
3304 895 3467 952 doce-

1868 980 1962 1034 bit.
1992 981 2129 1049 Quid
2159 981 2318 1052 igitur
2358 983 2446 1037 ille
2471 984 2647 1038 dicit?
2676 983 2901 1052 Quando
2922 986 3160 1042 obcdivit
3209 990 3467 1044 mandato

1871 1071 1986 1138 Dei,
2017 1080 2071 1126 et
2122 1073 2357 1142 migrans
2385 1087 2416 1126 a
2445 1074 2707 1142 Cltarran,
2739 1075 2791 1129 in
2834 1075 3202 1132 Chananaram'
3241 1088 3469 1134 conten-

1868 1163 1966 1230 dit,
1997 1179 2259 1219 annorum
2286 1174 2402 1219 erat
2430 1166 2766 1236 septuaginta
2793 1167 3051 1238 quinque.
3083 1168 3148 1222 Et
3182 1169 3364 1225 statim
3412 1181 3469 1226 ut

1869 1255 2014 1310 venit
2036 1256 2087 1310 iu
2115 1255 2496 1319 Chananmam,
2524 1258 2783 1313 Dominus
2833 1259 3078 1329 promisit
3110 1262 3159 1315 ei
3193 1271 3246 1316 et
3272 1263 3468 1318 semini

1868 1347 1984 1415 ejus
2004 1346 2249 1402 daturum
2273 1364 2334 1405 se
2356 1364 2570 1405 omnem
2595 1359 2812 1416 terram,
2837 1360 2892 1406 et
2912 1361 3060 1406 tanto
3084 1369 3309 1409 numero
3331 1356 3468 1409 mul-

1871 1437 2248 1506 tiplicaturum,
2285 1449 2337 1494 ut
2373 1440 2760 1495 innumerablle
2790 1441 2880 1495 liat
2908 1442 3048 1497 sicut
3069 1459 3233 1498 arena
3262 1455 3315 1500 et
3340 1447 3468 1501 stel-

1990 1529 2056 1585 Et
2085 1541 2205 1600 post
2251 1533 2658 1602 promissionem
2693 1533 2829 1588 hanc
2857 1535 3023 1589 multa
3053 1536 3268 1592 interim
3323 1541 3468 1594 acci-

1871 1618 2066 1676 derunt
2083 1622 2252 1692 justo,
2279 1639 2473 1694 nempe
2493 1623 2786 1678 descensus
2812 1624 2863 1678 in
2896 1623 3186 1697 Egyptum
3243 1637 3468 1698 propter

1873 1710 2091 1781 famem,
2134 1723 2321 1784 raptus
2353 1715 2522 1785 Sarm,
2570 1726 2626 1772 et
2662 1718 2841 1770 statim
2868 1717 3046 1773 divina
3100 1721 3467 1789 providentia.

1873 1803 2071 1860 Iterum
2124 1815 2246 1878 post
2310 1806 2540 1862 reditum
2595 1808 2662 1863 ab
2695 1803 2976 1879 ’IEgypto,
3030 1811 3133 1866 alia
3185 1813 3473 1869 occasione

1871 1893 2019 1950 Sara:
2052 1897 2362 1952 molestitea
2409 1913 2534 1969 rege
2574 1896 2924 1965 Gerarorum,
2971 1911 3027 1956 et
3063 1902 3242 1958 statim
3283 1919 3312 1957 a
3357 1904 3471 1959 Deo

1873 1986 2193 2042 subsidium.
2211 1988 2384 2058 Atque
2403 1989 2518 2044 [nec
2547 1990 2650 2044 sibi
2667 1991 2965 2046 accidentia
2980 1993 3158 2048 omnia
3178 1994 3367 2049 videns
3386 1996 3474 2066 ju-

1873 2087 1987 2131 stus
2015 2088 2137 2148 post
2162 2081 2572 2148 promissionem
2601 2081 2770 2148 illam,
2799 2097 2910 2137 non
2935 2084 3249 2141 turbsbatur
3267 2088 3470 2152 animo,

1874 2183 2050 2239 neque
2093 2169 2357 2225 curiosius
2405 2168 2736 2241 disquirebat
2785 2188 2952 2241 quare
2990 2185 3209 2246 accepta
3239 2178 3473 2245 prornis-

1873 2261 2024 2316 sione
2050 2261 2164 2329 tali,
2188 2261 2241 2318 in
2274 2271 2449 2318 tantas
2473 2263 2711 2334 talesque
2733 2265 3051 2321 tentationes
3080 2264 3318 2337 Quotidie
3344 2270 3475 2324 inei-

1873 2353 2046 2422 deret,
2070 2365 2124 2410 et
2146 2363 2291 2409 tanto
2323 2364 2566 2426 tempore
2593 2365 2840 2411 maneret
2863 2357 3066 2427 absque
3091 2359 3258 2427 prole.
3289 2360 3474 2416 Noluit

1875 2444 2016 2499 enim
2045 2454 2229 2516 utpote
2254 2445 2394 2515 pius,
2417 2445 2667 2501 humanis
2706 2446 3002 2504 rationibus
3038 2463 3103 2504 ca
3143 2466 3262 2520 qua:
3288 2467 3320 2505 a
3364 2452 3476 2508 Deo

1876 2535 2075 2591 flebant
2106 2536 2392 2606 subjicere,
2421 2545 2478 2592 et
2501 2536 2629 2592 boni
2654 2537 2990 2605 consulebat,
3022 2549 3275 2610 grateque
3299 2545 3474 2598 susci—

1875 2628 2054 2696 piebat
2077 2642 2429 2698 qumcumque
2452 2626 2561 2683 Deo
2584 2626 2799 2683 fuerant
2829 2629 2961 2685 visa.

1943 2717 1996 2772 3.
2027 2715 2128 2774 Cur
2155 2716 2294 2772 Deus
2336 2718 2411 2770 sic
2453 2718 2740 2773 cunctando
2783 2718 3065 2790 probaverit
3105 2722 3320 2790 Abram;
3344 2741 3476 2797 quo-

1875 2810 2026 2863 modo
2067 2810 2174 2865 hac
2214 2826 2312 2864 vos
2343 2829 2364 2862 ε
2391 2812 2629 2881 apparuit
2656 2830 2674 2863 ι
2701 2812 3000 2881 accipienda
3036 2814 3122 2868 sit.
3154 2845 3226 2854 —
3251 2815 3316 2870 Et
3356 2828 3478 2887 post

1874 2901 2139 2956 decimum
2178 2918 2376 2957 annum
2407 2903 2641 2974 suscepit
2667 2904 2950 2961 Ismaelem
2976 2920 3043 2960 ex
3075 2907 3292 2974 ancilla,
3327 2922 3474 2979 post-

1875 3007 2045 3064 eaque
2098 2992 2150 3047 in
2207 2993 2296 3048 illo
2341 2994 2546 3066 putavit
2591 2995 3005 3066 promissionem
3053 2995 3471 3067 adimplendam.

1876 3082 2007 3137 Erat
2048 3083 2190 3138 enim
2226 3085 2553 3153 patriarcha,
2604 3087 2822 3154 quando
2859 3095 3017 3142 natus
3062 3098 3147 3142 est
3175 3089 3223 3144 ei
3256 3089 3475 3157 lsmael,

1875 3190 2136 3230 annorum
2164 3176 2435 3246 octoginta
2464 3191 2578 3232 sex.
2635 3175 2743 3232 Sed
2789 3179 2981 3234 iterum
3025 3180 3284 3237 tredecim
3317 3186 3476 3240 annis

1875 3275 2157 3322 exercetur
2180 3281 2210 3320 a
2237 3266 2466 3338 benigno
2495 3268 2605 3323 Deo
2641 3268 2759 3338 ejus
2806 3270 3078 3339 patientia,
3108 3273 3280 3329 donec
3307 3275 3476 3345 ipsius

1877 3357 2160 3427 promissio
2181 3357 2484 3429 impleatur.
2516 3357 2650 3414 Nam
2676 3360 2802 3429 quia
2826 3360 2990 3431 probe
3017 3373 3256 3432 noverat,
3280 3380 3476 3436 quem-

1875 3448 2162 3504 admodum
2205 3465 2394 3505 aurum
2448 3452 2500 3505 in
2557 3451 2772 3507 fornace
2804 3454 3060 3524 temporis
3100 3455 3474 3524 diuturnitate,

1878 3539 1951 3594 ita
1971 3540 2171 3608 justum
2198 3542 2433 3612 purga—ri,
2465 3541 2685 3613 ejusque
2707 3543 2955 3601 virtutem
2981 3546 3263 3605 clariorem
3281 3558 3334 3604 et
3355 3549 3481 3604 illu-

1877 3631 2124 3687 striorem
2144 3631 2258 3688 ﬁeri
2282 3651 2295 3687 :
2325 3631 2515 3707 I(Cap.
2535 3633 2645 3707 I7).
2669 3636 2884 3702 Quando
2903 3641 3076 3710 [actus
3087 3649 3158 3694 est
3175 3641 3365 3694 Abram
3385 3659 3464 3696 air

1878 3739 2058 3778 norum
2078 3727 2353 3797 nonaginta
2375 3744 2570 3793 norem,
2591 3728 2780 3799 inquit,
2803 3732 3040 3800 apparuit
3058 3731 3253 3786 ciDetu
3271 3735 3471 3788 iterant.

1881 3815 1948 3870 Et
1985 3832 2276 3888 quarenam
2328 3827 2479 3874 tanto
2530 3829 2769 3891 tempore
2820 3823 3067 3877 distulit?
3107 3823 3176 3881 Ut
3225 3841 3330 3880 non
3381 3841 3472 3882 so.

1881 3905 1989 3960 lum
2033 3907 2160 3977 justi
2207 3911 2520 3979 patientiam
2567 3921 2622 3966 et
2662 3913 2911 3968 virtutem
2960 3914 3254 3982 discamus,
3298 3917 3392 3972 sed
3422 3930 3476 3973 et

1880 3994 2195 4053 immensam
2249 4000 2416 4070 ipsius
2467 4003 2758 4070 potentiam
2805 4003 3102 4060 videamus.
3150 4006 3284 4060 Cum
3334 4010 3483 4063 enim

1879 4086 2011 4140 nihil
2057 4087 2173 4156 spei
2217 4096 2270 4142 et
2311 4090 2725 4157 exspectationis
2766 4091 2989 4146 essetin
3021 4104 3212 4150 natura
3262 4112 3383 4167 qua:
3409 4101 3483 4154 ad

1883 4178 2268 4247 procreaudam
2293 4179 2495 4249 prolem
2527 4181 2726 4236 inutilis
2756 4191 2872 4237 erat
2898 4191 2952 4239 et
2979 4185 3218 4243 membra
3250 4204 3359 4258 pra:
3387 4207 3477 4247 se-

1883 4277 2098 4324 nectute
2123 4270 2369 4340 languida
2395 4281 2449 4326 et
2475 4269 2660 4342 frigida
2691 4283 2892 4339 essent,
2928 4283 3052 4330 tunc
3097 4278 3308 4334 tandem
3348 4281 3485 4350 justi

1883 4359 2132 4415 virtutem
2163 4360 2387 4430 detexit,
2419 4372 2474 4418 et
2517 4377 2666 4419 suam
2714 4365 3005 4434 potentiam
3055 4367 3326 4437 indicavit,
3358 4388 3485 4442 pro-

1884 4452 2193 4508 missionem
2216 4454 2508 4525 implendo.
2537 4455 2647 4511 Sed
2673 4471 2852 4528 operte
2897 4461 3125 4529 pretium
3167 4473 3269 4526 est,
3301 4475 3359 4519 ut
3386 4467 3484 4522 ite-

1885 4555 2002 4595 rum
2025 4540 2379 4599 audiamusea
2400 4544 2519 4615 ipsa
2539 4561 2659 4616 qua:
2681 4562 2804 4602 cum
2834 4548 2929 4603 illo
2956 4550 3097 4605 Deus
3122 4551 3372 4622 loquutus
3401 4568 3486 4613 est

1888 4633 2076 4688 verba.
2097 4634 2226 4690 Cum
2256 4639 2424 4707 factus
2448 4639 2583 4692 enim
2613 4649 2755 4706 esset,
2784 4639 2976 4710 inquit,
3003 4646 3281 4716 nonaginta
3307 4661 3492 4703 novem

1889 4741 2156 4791 annorum,
2203 4729 2440 4799 apparuit
2483 4735 2530 4784 et
2571 4729 2733 4799 Deus,
2783 4742 2831 4786 et
2869 4733 2998 4788 dixit
3025 4736 3092 4788 ei.
3134 4737 3266 4792 Cum
3308 4749 3494 4796 autem

1891 4817 2162 4882 audieris,
2210 4818 2481 4889 Apparuit,
2533 4819 2664 4874 nihil
2711 4821 2912 4878 humile
2954 4825 3264 4896 suspiceris,
3316 4845 3497 4900 neque

1892 4918 2047 4981 putes
2072 4909 2242 4964 oculis
2269 4910 2572 4966 carnalibus
2603 4911 2771 4968 videri
2801 4913 3035 4970 divinam
3058 4917 3204 4974 illam
3229 4929 3283 4974 et
3311 4920 3493 4976 incor-

1895 4999 2198 5070 ruptibiiem
2228 5000 2544 5070 potentiam,
2566 5003 2661 5057 sed
2693 5005 2779 5073 pie
2807 5006 2987 5061 omnia
3012 5006 3268 5080 intelligo.
3309 5011 3494 5083 Appa-

1893 5092 1996 5144 ruit
2023 5091 2200 5161 igitur,
2227 5091 2274 5144 ei
2303 5090 2435 5146 Deus
2461 5107 2480 5147 :
2503 5092 2610 5149 hoc
2643 5104 2748 5164 est,
2774 5095 3080 5153 visitatione
3116 5113 3212 5154 sua
3241 5099 3385 5156 illum
3415 5102 3504 5156 di-

1895 5192 2085 5254 gnatus
2106 5193 2207 5251 est,
2237 5192 2292 5238 et
2318 5183 2536 5255 dignum
2580 5185 2732 5241 duxit
2759 5203 2880 5244 eum
2903 5189 3056 5260 cujus
3074 5185 3257 5246 curam
3287 5203 3495 5263 ageret.

1901 5291 2029 5332 usus
2053 5291 2238 5345 magna
2280 5277 2545 5331 sermonis
2569 5280 3029 5347 attemperatione.
3064 5280 3208 5336 Dixit
3232 5284 3390 5353 enim,
3420 5285 3500 5338 iu-

1901 5367 2034 5436 quit,
2063 5366 2132 5419 ad
2157 5382 2293 5421 eum.
2347 5365 2458 5437 Ego
2503 5384 2614 5420 sum
2648 5366 2783 5422 Deus
2831 5379 2981 5436 tuus;
3008 5373 3155 5443 place
3194 5389 3370 5428 coram
3399 5392 3501 5442 me,

1900 5470 1949 5514 et
1972 5468 2076 5513 esto
2099 5459 2573 5526 irreprehensibilis,
2591 5460 2645 5513 2.
2666 5470 2710 5513 et
2741 5477 2926 5528 ponant
2955 5474 3306 5518 testamentum
3338 5483 3499 5520 meum

1895 5547 2028 5605 inter
2049 5565 2126 5603 nu
2152 5560 2196 5601 et
2221 5549 2351 5602 inter
2380 5557 2446 5615 te,
2481 5557 2528 5604 et
2557 5551 2906 5620 multiplicabo
2930 5563 2976 5608 te
3004 5555 3166 5610 valde.
3199 5557 3252 5611 5.
3282 5555 3351 5610 Et
3373 5573 3499 5627 pro-

203 5648 401 5721 nignus
449 5647 587 5703 Deus
625 5644 814 5700 volens
859 5642 1000 5715 apud
1047 5656 1236 5697 omnes
1289 5641 1524 5697 nobilem
1567 5640 1797 5698 reddere
1899 5642 2021 5695 cidit
2042 5641 2230 5694 Abram
2259 5657 2413 5710 utpar
2439 5643 2618 5712 facient
2635 5658 2804 5698 suam.
2835 5643 3021 5716 Magna
3057 5646 3189 5716 justi
3238 5647 3501 5717 probitas,

206 5737 588 5811 patriarcham,
617 5745 695 5793 tot
719 5737 876 5792 annis
907 5734 1339 5806 procrastinavit.
1363 5741 1419 5788 et
1443 5733 1656 5789 interim
1701 5736 1792 5804 ju-

199 5843 319 5892 stus
341 5846 446 5889 non
468 5846 609 5904 aegro
629 5830 850 5898 ferebat,
875 5827 1068 5886 nonoh
1093 5826 1496 5885 diuturnitatem
1513 5833 1792 5898 torpesce-

1901 5733 2180 5788 exeellens
2211 5733 2339 5788 item
2369 5734 2770 5789 clementissimi
2805 5736 2899 5790 Dei
2928 5737 2981 5791 in
3003 5739 3152 5793 illum
3180 5739 3510 5812 benignitas.

1905 5819 2017 5896 Ego
2047 5840 2180 5893 sunt,
2211 5824 2402 5897 inquit,
2427 5821 2574 5882 Deus
2598 5836 2715 5882 tuus
2745 5844 2762 5882 :
2789 5828 2940 5899 quasi
2977 5829 3198 5901 diceret,
3227 5830 3342 5907 Ego
3388 5849 3518 5892 sum
