4056 6478
633 387 740 447 363

633 502 724 572 qui
751 511 916 570 ustjue
936 498 995 553 in
1024 509 1256 569 pratscns
1276 509 1364 552 res
1385 507 1507 550 tuas
1533 493 1694 547 variis
1733 490 1903 546 modis
1921 488 2200 558 dispenso;

631 606 734 661 ego
753 605 893 654 sum,
919 590 1007 659 qui
1036 597 1088 644 te
1114 603 1145 643 e
1173 588 1330 643 domo
1357 594 1440 640 tua
1465 585 1698 647 evocavi,
1724 592 1779 637 et
1807 581 1907 636 huc
1933 579 2057 635 duxi
2080 595 2094 641 ;
2121 577 2206 645 qui

635 682 781 737 otnui
828 691 1067 749 temnore
1107 686 1461 749 propugnator
1503 683 1623 729 tuus
1663 685 1804 736 sum,
1849 682 1904 726 et
1942 671 2031 740 qui
2065 679 2116 723 te
2139 668 2210 722 de

635 770 864 825 inimicis
889 771 1142 825 victorem
1171 765 1348 832 effeci,
1377 780 1478 837 ego
1509 780 1624 820 sum
1646 780 1660 828 ;
1685 773 1740 818 et
1766 777 1870 816 non
1916 760 2047 816 dixit
2084 758 2208 812 sim-

640 859 866 930 pliciter,
898 858 1009 928 Ego
1037 872 1157 912 sum
1207 857 1345 912 Deus
1376 873 1388 909 :
1421 853 1538 919 sed,
1584 851 1697 924 Ego
1737 868 1848 907 sum
1895 850 2032 905 Deus
2072 859 2207 902 tuus.

642 947 774 1003 Vide
799 948 985 1002 miram
1015 945 1322 1011 bonitatem,
1357 942 1621 1015 quomodo
1663 941 1764 996 hoc
1803 941 1965 996 etiam
2008 937 2210 992 addita-

638 1048 817 1095 mento
857 1053 1092 1092 amorem
1139 1052 1292 1092 suum
1339 1052 1460 1106 erga
1502 1034 1701 1104 justum
1741 1032 2053 1088 declaravit.
2080 1028 2210 1083 Nam

635 1131 727 1201 qui
754 1132 913 1184 totius
938 1129 1118 1183 mundi
1137 1139 1220 1182 est
1251 1129 1406 1192 Deus,
1429 1136 1482 1180 et
1505 1124 1735 1179 universi
1757 1121 1972 1194 Opifes,
1993 1121 2212 1176 Creator

635 1223 750 1277 cst-li
778 1230 833 1277 et
860 1230 1034 1285 terrae,
1061 1220 1187 1274 dicit
1217 1237 1229 1273 :
1259 1216 1372 1288 Ego
1409 1233 1518 1270 sum
1543 1214 1682 1270 Deus
1707 1225 1841 1268 tuus.
1875 1213 2060 1283 Ingens
2084 1205 2210 1280 ’μυο-

637 1314 776 1367 lecto
823 1311 1012 1378 honor,
1039 1311 1126 1379 qui
1168 1309 1314 1379 justo
1341 1307 1608 1362 tribuitur.
1634 1305 1724 1362 Sic
1749 1313 1803 1360 et
1831 1301 2101 1375 prophetis
2129 1301 2208 1355 Io-

635 1403 725 1474 qui
747 1417 864 1457 mos
889 1409 989 1457 est.
1011 1400 1142 1455 Nam
1172 1399 1310 1456 sicut
1351 1399 1464 1469 ipse
1498 1412 1655 1464 nunc,
1685 1412 1803 1452 cum
1847 1395 1915 1450 sit
1961 1395 2211 1449 Dominus

635 1491 932 1546 communis
980 1490 1238 1554 omnium,
1269 1503 1299 1542 a
1327 1503 1480 1542 servo
1517 1497 1570 1541 ut
1608 1484 1884 1557 peculiaris
1910 1483 2086 1538 vocari
2115 1495 2209 1536 vo-

633 1583 751 1649 luit,
778 1582 1108 1638 inveniemus
1133 1581 1290 1636 etiam
1315 1593 1435 1633 cum
1466 1585 1586 1649 post
1629 1576 1744 1631 huic
1784 1574 2069 1637 dicentem,
2103 1572 2211 1644 Ego

635 1692 746 1730 sum
776 1674 910 1729 Deus
941 1672 1210 1736 Abraham,
1250 1669 1383 1724 Deus
1412 1667 1644 1734 lsaac,et
1665 1666 1800 1721 Deus
1823 1665 1986 1720 Iacob
2015 1664 2207 1736 (Exod.

635 1766 690 1821 3.
735 1765 792 1834 ϐ)
823 1764 930 1817 :ita
960 1772 1014 1818 et
1056 1760 1324 1832 prophetae
1368 1759 1551 1815 dicere
1598 1765 2022 1822 consueverunt,
2075 1753 2226 1826 Deuq

639 1854 772 1910 Deus
812 1869 948 1908 meus
974 1868 994 1906 :
1023 1866 1126 1906 non
1172 1849 1554 1906 concludentes
1596 1849 1712 1918 ejus
1755 1845 2046 1902 dominium
2071 1884 2087 1908 ,
2117 1843 2210 1899 sed

632 1959 869 2001 amorem
899 1944 1216 1998 immensum
1265 1940 1614 1996 declarantes.
1657 1937 1774 1994 Non
1817 1937 1972 2008 igitur
2017 1935 2209 1990 mirum

635 2038 679 2090 si
710 2036 951 2091 homines
979 2036 1081 2090 hoc
1103 2033 1326 2099 iaciant;
1357 2033 1453 2087 sed
1487 2031 1630 2102 quod
1661 2031 1774 2101 ipse
1801 2043 1925 2100 erga
1970 2027 2212 2084 homines

637 2128 689 2182 id
718 2128 891 2194 iaciat,
916 2127 966 2182 id
994 2142 1120 2182 vero
1164 2141 1357 2182 novum
1383 2134 1535 2181 estet
1562 2122 1821 2178 mirabile.
1850 2119 2111 2176 Ceterum
2144 2133 2210 2173 ue

637 2217 910 2278 miremur.
933 2216 1132 2281 dilecti,
1151 2214 1245 2270 sed
1269 2213 1544 2268 audiamus
1566 2211 1873 2282 prophetam
1903 2209 2207 2264 dicentem:

636 2307 820 2363 Melior
845 2316 918 2363 est
956 2325 1088 2362 unus
1131 2308 1324 2378 faciens
1365 2306 1671 2360 uoluntatem
1701 2301 1928 2365 Domini,
1955 2317 2107 2370 quam
2133 2300 2211 2353 in-

633 2397 826 2452 numeri
871 2406 1154 2468 peccatores
1171 2395 1360 2469 (Eccli.
1387 2393 1472 2449 l6.
1500 2394 1556 2464 3)
1579 2410 1594 2459 ;
1617 2402 1670 2449 et
1700 2392 1889 2447 iterum
1933 2391 2211 2445 audiamus

637 2492 854 2548 Paulum
893 2491 1155 2547 dicentem
1183 2508 1198 2544 :
1229 2488 1681 2543 Obmubulaoerunt
1710 2487 1762 2539 in
1783 2483 1994 2546 melotis,
2016 2483 2069 2536 in
2098 2482 2211 2552 pel-

637 2583 769 2637 libus
797 2582 1041 2653 caprinis,
1060 2589 1278 2652 egentes,
1310 2578 1597 2650 angustiati,
1617 2576 1811 2648 amicti,
1833 2575 2012 2646 quibus
2028 2575 2210 2644 dignus

633 2687 733 2726 non
756 2683 864 2724 erat
893 2671 1112 2725 mundus
1131 2668 1312 2740 (Hebr.
1343 2670 1427 2723 Η.
1452 2668 1540 2724 37.
1561 2665 1673 2738 38).
1705 2665 1791 2721 Sic
1819 2664 2070 2735 propheta
2095 2663 2212 2734 qui-

631 2764 754 2818 deut
783 2764 1112 2835 pronuntiat,
1141 2776 1302 2815 unum
1330 2760 1417 2830 qui
1448 2758 1572 2813 facit
1623 2755 1945 2810 voluntatem
1976 2753 2205 2819 Domini,

638 2855 815 2924 impiis
845 2853 1136 2908 innumeris
1177 2852 1470 2906 meliorem.
1494 2849 1684 2904 Beatus
1715 2862 1842 2904 vero
1869 2846 2080 2911 Paulus,
2108 2844 2208 2900 do-

632 2953 750 3000 ctor
794 2943 959 3009 orbis,
1006 2956 1306 2998 memorans
1348 2941 1515 2997 bonos
1544 2953 1729 2994 omnes
1756 2937 1812 2992 in
1838 2935 2210 2991 afﬂictionibus

634 3033 719 3088 hic
745 3039 983 3103 agentes,
1012 3031 1180 3101 inquit
1209 3051 1223 3085 :
1255 3031 1443 3097 Quibus
1464 3030 1646 3099 dignus
1683 3043 1782 3080 non
1830 3037 1934 3080 erat
1971 3027 2206 3080 mundus.

634 3123 709 3179 Ita
757 3138 878 3179 cum
924 3121 1154 3178 dixisset
1197 3129 1364 3176 totum
1410 3119 1694 3187 mundum,
1735 3117 1933 3173 mundo
1968 3119 2212 3188 Opposuit

633 3228 729 3269 cos
764 3213 852 3284 qui
881 3213 968 3268 hic
996 3221 1255 3269 vexantur
1279 3223 1332 3268 et
1359 3211 1683 3281 afﬂiguntur,
1715 3219 1770 3264 ut
1797 3209 1974 3264 discas
2016 3218 2210 3280 quanta

635 3305 703 3360 sit
743 3304 950 3359 virtutis
993 3303 1314 3372 magnitudo.
1362 3302 1532 3370 Atque
1552 3315 1612 3356 ea
1641 3301 1709 3355 de
1756 3313 1913 3353 causa
1956 3300 2212 3354 Dominus

636 3396 780 3451 Deus
824 3395 993 3466 inquit
1037 3393 1102 3448 ad
1151 3392 1499 3464 patriarcham
1533 3409 1546 3446 :
1580 3390 1688 3462 Ego
1727 3407 1837 3444 sum
1873 3389 2012 3444 Deus
2053 3399 2166 3444 tuus
2192 3429 2210 3458 ,

636 3487 777 3556 place
813 3502 982 3540 caram
1007 3501 1105 3549 me,
1135 3492 1181 3539 et
1206 3480 1306 3538 esto
1351 3480 1817 3553 irreprehensibilis.
1843 3480 2027 3550 Neque
2069 3481 2210 3535 enim

631 3587 972 3634 contemnam
999 3585 1101 3632 tua
1147 3576 1357 3630 virtutis
1402 3573 1644 3639 sudores,
1672 3571 1767 3628 sed
1811 3571 2010 3626 Ponam
2058 3581 2209 3625 testa-

633 3679 855 3722 mentum
893 3684 1058 3721 meum
1101 3667 1227 3720 inter
1264 3681 1343 3718 me
1381 3673 1426 3718 ct
1465 3665 1594 3718 inter
1639 3673 1704 3729 te,
1727 3673 1772 3717 et
1803 3663 2145 3732 multiplicabo
2167 3673 2213 3716 te

635 3758 800 3812 ualde.
829 3755 943 3810 Non
975 3764 1174 3811 tantum
1197 3753 1380 3808 faciam
1405 3753 1527 3808 tein
1551 3752 1938 3807 multitudinem
1969 3765 2210 3822 magnam

634 3860 894 3910 crescere,
924 3845 1017 3900 scd
1070 3844 1249 3912 Valde,
1293 3845 1569 3899 declarans
1609 3843 1992 3897 incrementum
2046 3843 2211 3912 pluri-

637 3951 801 3988 mum.
851 3933 1001 4000 Quod
1046 3949 1202 4002 supra
1243 3933 1591 3998 memorabat,
1637 3914 2021 3997 cumdiccret,
2065 3931 2214 3988 Sicut

635 4040 850 4080 arenam
871 4034 922 4079 et
942 4023 1122 4078 stellas
1151 4040 1163 4077 :
1190 4021 1239 4076 id
1265 4021 1348 4075 hic
1377 4035 1470 4090 per
1493 4020 1821 4083 adverbium,
1849 4019 2028 4086 Valde,
2049 4021 2213 4089 signi-

640 4116 834 4172 licavit.
863 4117 931 4168 At
973 4122 1152 4182 gratus
1177 4121 1230 4166 et
1260 4111 1538 4182 religiosus
1585 4111 1830 4178 famulus,
1877 4111 2062 4167 videns
2101 4120 2216 4165 tan-

639 4215 745 4261 tum
779 4206 868 4260 Dei
900 4203 1278 4274 indulgentiam
1305 4211 1358 4256 et
1383 4217 1508 4272 erga
1551 4199 1804 4256 famulum
1831 4217 1982 4256 suum
2009 4218 2212 4270 curam,

632 4299 1036 4368 obstupesceus,
1078 4297 1359 4364 attimo:jue
1407 4309 1624 4347 versans
1659 4304 1712 4349 et
1758 4304 1998 4348 naturam
2043 4309 2212 4360 suam,

633 4400 694 4444 et
735 4389 1024 4443 bonitatem
1072 4385 1490 4454 immensamque
1533 4384 1778 4438 virtutem
1827 4384 1941 4451 Dei,
1991 4383 2210 4447 Cecidit,

640 4478 830 4548 inquit,
857 4480 910 4531 in
942 4477 1120 4546 faciem
1163 4491 1305 4530 suam
1336 4482 1582 4545 :gratum
1626 4473 1858 4528 animum
1911 4476 2010 4528 hoc
2055 4474 2215 4529 modo

633 4569 937 4623 declarans.
970 4567 1084 4621 Non
1115 4566 1288 4619 solum
1313 4566 1454 4620 enim
1499 4579 1604 4618 non
1653 4574 1777 4618 tunc
1824 4564 1920 4618 iuit
1961 4579 2212 4636 arrogan-

645 4660 767 4724 tior,
810 4671 980 4727 neque
1027 4654 1364 4725 superbiehat
1403 4663 1616 4723 propter
1661 4652 1894 4708 favorem
1929 4653 2020 4708 Dei
2060 4672 2215 4725 quem

637 4747 1027 4818 experiebatur,
1075 4745 1168 4800 sed
1194 4753 1247 4799 et
1283 4745 1447 4798 multo
1491 4745 1656 4815 magis
1699 4743 2071 4799 humiliabatur
2103 4761 2115 4798 :
2152 4745 2217 4798 Et

633 4840 833 4904 cecidit,
875 4838 1060 4908 inquit,
1115 4837 1168 4890 in
1211 4835 1410 4907 faciem.
1459 4833 1530 4888 Ita
1575 4835 1717 4890 enim
1764 4846 1944 4904 gratus
1986 4836 2214 4898 animus,

633 4942 837 5004 quanto
858 4931 1042 5000 majori
1066 4930 1254 4984 fruitur
1271 4927 1478 4992 ﬁducia,
1501 4935 1647 4981 tanto
1663 4927 1914 4996 majorem
1939 4928 2046 4982 Deo
2063 4944 2215 4984 reve-

639 5023 866 5080 rentiam
887 5021 1101 5077 exhibet
1130 5038 1143 5076 :
1174 5019 1360 5075 Cecidit
1384 5019 1544 5084 enim,
1570 5018 1758 5087 inquit,
1783 5019 1831 5072 in
1848 5020 2025 5090 [aciem
2051 5036 2215 5073 suam.

643 5116 708 5171 Et
735 5117 856 5186 quia
893 5122 1012 5184 post
1043 5123 1238 5167 tantam
1269 5111 1510 5166 ﬁduciam
1532 5111 1707 5180 justus
1736 5111 1967 5180 seipsum
1993 5121 2047 5166 et
2069 5121 2221 5166 natu.

641 5223 714 5262 τω
735 5222 845 5261 sua:
867 5203 1279 5260 imbecillitatem
1299 5200 1662 5266 considerans,
1678 5215 1847 5271 neque
1865 5201 2045 5257 oculos
2065 5200 2222 5255 attol-

643 5300 753 5354 lere
780 5296 1026 5362 audebat,
1045 5295 1139 5350 sed
1161 5295 1210 5348 in
1236 5293 1422 5348 faciem
1454 5307 1648 5362 pronus
1676 5294 1892 5347 multam
1919 5293 2222 5348 declarabat

643 5391 990 5447 reverentiam
1025 5407 1039 5442 :
1070 5387 1192 5442 vide
1220 5387 1408 5441 iterum
1437 5386 1558 5441 boni
1592 5385 1683 5440 Dei
1713 5385 2031 5441 ineli'ahilem
2072 5388 2220 5441 beni-

641 5484 917 5556 guitatem.
965 5480 1227 5550 Loquutus
1268 5488 1340 5532 cst
1386 5479 1535 5544 enim,
1560 5479 1747 5548 inquit.
1772 5480 1816 5531 ei
1838 5477 1974 5532 Deus
2013 5480 2222 5532 dicens:

643 5576 697 5630 4.
738 5573 865 5629 Ecce
906 5589 994 5644 ego
1018 5584 1062 5627 et
1090 5580 1434 5627 testamentum
1464 5587 1625 5624 meum
1664 5581 1845 5636 tecum,
1869 5571 2039 5625 cteris
2082 5582 2224 5640 pater

633 5666 978 5721 multitudinis
1006 5667 1251 5736 gentium,
1283 5661 1335 5718 5.
1358 5671 1404 5715 et
1433 5678 1531 5715 non
1577 5663 1832 5716 vocabitur
1868 5663 1998 5716 ultra
2044 5679 2224 5718 nomen

633 5773 781 5814 tuum
814 5756 1021 5826 Abram,
1043 5757 1130 5813 sed
1153 5757 1244 5811 erit
1270 5772 1447 5811 nomen
1493 5767 1633 5810 tuam
1681 5756 1929 5810 Abraham
1959 5757 2109 5826 :quia
2130 5774 2222 5828 pa-

1409 384 1472 442 S.
1511 374 1786 437 JOANNIS
1824 366 2295 432 CllliYSUSTOMl
2334 364 2648 425 ARCillEl‘.
2687 369 3216 428 CONSTANTINOP.

3797 375 3888 436 36}

2320 489 2442 534 trem
2481 485 2749 537 multarum
2791 487 3010 556 gentium
3049 488 3286 541 constitui
3317 499 3384 553 te,
3427 488 3478 544 6.
3523 488 3808 558 faciamque
3847 505 3888 548 te

2314 590 2533 628 crescere
2572 577 2718 630 valde
2743 595 2762 632 :
2786 588 2832 631 et
2875 595 3059 648 ponam
3107 589 3152 634 te
3188 582 3240 634 in
3281 591 3498 652 gentem,
3525 592 3574 636 et
3598 599 3740 653 reges
3769 600 3828 638 es
3849 597 3890 638 te

2316 665 2651 734 egrediantur.

2387 757 2440 812 3.
2459 756 2794 832 Etymotogiar
2831 763 3088 818 nominum
3127 764 3312 819 Abram
3369 776 3419 821 et
3465 766 3602 822 Noe.
3656 766 3892 837 [nﬁdeles

2315 851 2463 906 etiam
2515 853 2834 921 prophetam.
2864 885 2936 895 —
2971 855 3263 912 Considera
3286 901 3302 925 ,
3352 860 3545 916 dilecte
3566 902 3583 927 ,
3627 862 3893 932 quomodo

2315 944 2492 998 omnia
2510 944 2653 1014 justo
2673 945 2952 1002 manifeste
2980 947 3230 1016 praedicat
3248 990 3263 1014 ,
3292 960 3346 1004 et
3374 962 3431 1005 ut
3453 952 3750 1022 majoribus
3775 969 3893 1008 eum

2315 1035 2643 1104 argumentis
2688 1045 2892 1092 certum
2936 1037 3155 1109 reddat,
3181 1041 3342 1095 etiam
3371 1042 3581 1097 literam
3616 1043 3770 1098 addit
3799 1060 3894 1099 no-

2317 1125 2442 1179 mini
2469 1126 2585 1195 ejus
2604 1168 2620 1190 .
2646 1135 2700 1182 et
2724 1127 2894 1197 inquit
2930 1146 2942 1181 :
2975 1127 3094 1183 Eris
3121 1140 3263 1201 pater
3288 1132 3626 1186 multitudinis
3650 1136 3896 1204 gentium.

2319 1213 2438 1268 Non
2466 1217 2719 1270 vocabitur
2745 1218 2877 1270 enim
2907 1235 3087 1273 nomen
3116 1229 3255 1273 tuum
3272 1221 3477 1284 Abram,
3502 1223 3592 1276 sed
3613 1222 3897 1289 Abraham,

2315 1307 2432 1375 quia
2457 1317 2648 1375 patrem
2677 1306 2950 1362 multarum
2985 1311 3208 1380 gentium
3235 1312 3471 1365 constitui
3506 1322 3573 1365 te.
3601 1312 3736 1368 Nam
3764 1314 3902 1368 sicut

2317 1398 2463 1466 prius
2505 1411 2698 1454 nomen
2727 1397 2842 1468 ejus
2868 1400 3145 1454 transitum
3187 1400 3452 1456 indicabat
3477 1403 3714 1473 (Ain-am
3758 1406 3901 1459 enim

2319 1490 2657 1544 transitorem
2674 1498 2849 1556 sonat,
2867 1489 3159 1545 secundum
3179 1490 3522 1547 Hebraeorum
3544 1493 3783 1564 linguam
3803 1499 3901 1565 (e);

2316 1589 2370 1634 et
2423 1580 2522 1635 hoc
2567 1580 2857 1651 sciuntqui
2890 1581 3082 1652 linguze
3127 1582 3269 1638 illius
3297 1591 3421 1638 sunt
3464 1583 3681 1658 periti),
3726 1587 3904 1657 itaque

2319 1680 2566 1739 parentes
2583 1670 2700 1739 ejus
2725 1686 2919 1726 nomen
2949 1673 3049 1726 hoc
3073 1672 3394 1741 indiderant,
3415 1689 3481 1729 eo
3506 1675 3650 1745 quod
3678 1690 3710 1730 a
3732 1678 3903 1746 patria

2317 1777 2411 1816 sua
2459 1763 2510 1816 in
2560 1761 2916 1818 Chanancam
2965 1765 3286 1821 transiturus
3327 1777 3464 1824 erat.
3507 1767 3626 1822 lam
3678 1768 3905 1825 fortasse

2315 1853 2506 1907 dixerit
2534 1853 2794 1924 quispiam
2822 1867 2838 1908 :
2862 1854 2994 1909 Cum
3037 1865 3283 1925 parentes
3323 1857 3440 1926 ejus
3490 1858 3738 1914 inﬁdeles
3793 1860 3905 1914 fue-

2317 1945 2443 2012 rint,
2475 1945 2615 2000 unde
2638 1946 2739 1999 illis
2770 1947 3102 2012 pmscientia
3124 1946 3239 2002 hsce
3262 1990 3277 2014 ,
3310 1957 3367 2003 ut
3393 1949 3534 2019 quod
3566 1950 3741 2005 multo
3771 1962 3906 2006 tem-

2319 2051 2446 2105 pore
2475 2046 2655 2105 postea
2685 2037 2915 2091 futurum
2961 2048 3075 2092 erat
3094 2080 3108 2102 ,
3141 2039 3357 2094 nomine
3389 2041 3906 2110 complecterentur?

2317 2125 2422 2182 Sed
2455 2136 2538 2182 est
2555 2126 2716 2182 etiam
2759 2127 2861 2182 hoc
2898 2130 3277 2199 omnipotentis
3307 2133 3580 2200 sapientiae
3619 2132 3714 2187 Dei
3747 2148 3905 2203 arguo

2318 2227 2577 2282 mcututn,
2607 2232 2725 2288 qua:
2753 2231 3120 2288 smpenumero
3143 2234 3239 2290 per
3268 2220 3506 2276 inﬁdeles
3525 2221 3796 2291 ejusmodi
3823 2238 3908 2278 rrs

2318 2308 2588 2378 dispensat
2625 2327 2640 2362 :
2672 2317 2724 2364 et
2754 2312 2916 2365 multa
2943 2310 3135 2366 similia
3182 2312 3475 2368 invenimus
3510 2314 3674 2368 etiam
3706 2314 3764 2369 in
3792 2315 3907 2370 aliis

2320 2400 2474 2454 facta.
2496 2400 2686 2456 Statim
2710 2402 2853 2456 enim
2883 2403 3116 2458 occurrit
3145 2403 3298 2459 nobis
3318 2413 3374 2459 ct
3402 2403 3514 2460 Noe
3543 2403 3866 2461 vocabulum
3891 2423 3904 2458 :

2319 2507 2492 2562 neque
2521 2492 2662 2548 enim
2687 2493 2889 2564 absque
2913 2509 3070 2550 causa
3099 2505 3153 2551 et
3172 2495 3226 2551 in
3256 2510 3447 2551 unum
3477 2497 3651 2554 etiam
3664 2495 3793 2552 huic
3813 2513 3908 2551 no-

2318 2599 2441 2639 men
2484 2582 2788 2639 indiderunt
2828 2593 3111 2655 parentes,
3151 2585 3247 2641 sed
3286 2587 3679 2657 praesignaruut
3719 2589 3909 2642 subse-

2315 2685 2603 2745 quuturum
2647 2675 2926 2731 diluvium.
2961 2676 3254 2732 Enimvero
3277 2687 3330 2732 et
3373 2686 3578 2747 patrem
3611 2676 3775 2746 hujus
3801 2693 3906 2734 non

2319 2770 2440 2825 ideo
2463 2783 2657 2825 nomen
2689 2782 2857 2839 puero
2897 2767 3180 2833 indidisse,
3209 2768 3351 2838 quod
3378 2768 3492 2838 ipse
3516 2768 3694 2838 justus
3724 2780 3866 2826 esset
3888 2813 3903 2837 ,

2317 2859 2438 2916 audi
2464 2861 2792 2930 Scripturam
2818 2859 3103 2924 dicentem,
3137 2858 3248 2914 Noe
3267 2859 3441 2914 solum
3471 2861 3751 2916 inventum
3788 2878 3907 2917 esse

2311 2952 2550 3021 justum,
2593 2949 2885 3022 perfectum
2940 2949 2992 3004 in
3030 2951 3376 3020 generatione
3415 2966 3510 3006 sua
3551 2949 3708 3021 (Gen.
3739 2954 3795 3006 6.
3825 2955 3905 3024 9).

2315 3042 2433 3098 Non
2481 3051 2657 3098 autem
2706 3041 3020 3097 obticuisset
3064 3040 3374 3112 Scriptura,
3423 3058 3595 3112 neque
3643 3043 3906 3110 dixisset,

2317 3135 2429 3192 Noe
2458 3137 2604 3192 solus
2625 3135 2802 3205 justus
2822 3143 2969 3200 erat,
2999 3135 3043 3188 si
3071 3143 3125 3190 et
3157 3134 3384 3189 Lamech
3409 3146 3557 3205 pater
3592 3135 3712 3204 ejus
3737 3136 3908 3192 virtu-

2321 3237 2424 3282 tem
2460 3226 2588 3297 justi
2633 3225 2821 3280 luisset
2846 3225 3101 3280 imitatus.
3151 3224 3496 3295 lmpositurus
3534 3227 3712 3296 itaque
3742 3243 3910 3296 ju-ro

2321 3332 2537 3383 nomen,
2561 3315 2727 3386 inquit
2759 3333 2772 3368 :
2800 3313 2868 3368 Et
2896 3315 3153 3368 vocabitur
3171 3331 3352 3369 nomen
3377 3317 3488 3385 ejus
3523 3314 3679 3380 Noe;
3709 3318 3797 3369 Iu'c
3826 3323 3908 3388 fa-

2317 3410 2412 3461 ciet
2456 3423 2550 3460 nos
2590 3408 2844 3476 quiescere
2887 3404 2948 3458 ab
2978 3405 3210 3476 operibus
3244 3405 3429 3460 uostris
3450 3449 3464 3472 ,
3508 3414 3552 3459 et
3592 3424 3625 3459 a
3666 3407 3909 3462 molestiis

2319 3517 2558 3555 manuum
2579 3510 2864 3554 nostrarum
2882 3539 2896 3563 ,
2922 3507 2968 3552 et
2992 3513 3025 3551 a
3065 3507 3200 3553 terra
3220 3540 3235 3564 ,
3257 3515 3406 3569 quam
3435 3500 3700 3555 maleth
3732 3500 3906 3556 Domi-

2320 3609 2416 3646 nus
2445 3591 2579 3644 Deus
2611 3589 2763 3660 (Gen.
2795 3590 2849 3646 5.
2877 3587 2995 3658 29).
3022 3587 3168 3644 Unde
3197 3589 3307 3654 illi,
3338 3604 3550 3658 quaso,
3591 3600 3735 3645 esset
3767 3607 3904 3660 prx-

2319 3685 2539 3740 scientia
2583 3697 2767 3739 eorum
2797 3696 2915 3752 qua:
2941 3689 3061 3750 post
3099 3689 3179 3734 tot
3204 3680 3399 3736 smcula
3433 3691 3585 3735 erant
3610 3685 3907 3738 eventura?

2321 3776 2457 3829 Dicit
2501 3773 2689 3828 enim:
2730 3772 3031 3834 Vocabitur,
3079 3768 3282 3840 inquit,
3335 3768 3483 3837 Noe;
3512 3771 3596 3824 hic
3635 3773 3771 3825 enim
3817 3789 3908 3826 nos

2319 3868 2568 3936 quiescere
2584 3866 2752 3934 faciet.
2784 3864 2986 3919 Nomen
3016 3872 3192 3918 autem
3215 3863 3328 3918 Noe
3357 3863 3533 3934 lingua
3559 3863 3906 3919 Hebr-amris

2319 3960 2470 4030 quies
2500 3959 2713 4013 dicitur.
2749 3956 2929 4025 Itaque
2954 3955 3076 4025 quia
3095 3995 3111 4017 ,
3140 3955 3416 4023 ingruente
3444 3954 3678 4020 diluvio,
3713 3955 3800 4010 hic
3819 3970 3905 4010 so-

2323 4051 2405 4104 lus
2453 4048 2708 4103 mundum
2742 4057 3078 4110 servaturus,
3105 4053 3159 4100 et
3196 4030 3905 4115 posterioris'generationis

2324 4141 2529 4195 futurus
2553 4150 2736 4194 auctor
2763 4148 2908 4205 erat,
2937 4137 3135 4193 idcirco
3159 4137 3333 4208 inquit
3356 4177 3372 4202 ,
3401 4135 3501 4191 Hic
3525 4137 3679 4204 faciet
3707 4155 3802 4193 uos
3827 4155 3909 4193 rs-

2321 4233 2570 4302 quiescere
2595 4247 2614 4285 :
2635 4223 2870 4300 requiem
2891 4229 3145 4284 diluvium
3171 4243 3386 4282 vocans.
3414 4226 3545 4282 Nam
3571 4241 3789 4283 ornnesn
3809 4238 3908 4285 ter-

2324 4337 2437 4378 ram
2467 4322 2618 4392 quasi
2650 4319 2920 4390 fatigatam
2963 4328 3019 4375 et
3065 4318 3468 4374 inhabitantium
3514 4319 3720 4373 malitia
3752 4321 3908 4374 valde

2323 4415 2641 4472 deteriorem
2709 4413 2898 4469 laetam
2958 4412 3342 4482 superveniens
3389 4411 3572 4465 diluvii
3645 4427 3906 4483 aquarum

2323 4507 2649 4574 inundantia,
2679 4521 2798 4577 quae
2819 4506 2977 4560 linem
3022 4504 3238 4559 malitiae
3263 4503 3523 4558 malorum
3553 4505 3779 4559 istorum
3805 4503 3906 4559 ho-

2324 4601 2524 4653 minum
2556 4597 2810 4659 iaciebat,
2835 4605 2892 4650 et
2919 4605 3115 4650 terram
3152 4594 3456 4663 repurgavit
3473 4635 3488 4660 ,
3511 4598 3670 4664 quam
3700 4595 3907 4650 inhabi-

2325 4692 2546 4744 tantium
2574 4688 2772 4743 malitia
2795 4686 3119 4742 immundam
3147 4685 3342 4742 fecerat
3362 4728 3380 4751 ,
3411 4695 3466 4742 et
3487 4686 3610 4741 illos
3637 4689 3907 4757 puniendo

2326 4781 2379 4834 in
2408 4780 2637 4850 quietem
2678 4777 2904 4833 induxit.
2934 4775 3076 4830 Mors
3095 4776 3236 4831 enim
3256 4817 3270 4841 ,
3301 4785 3358 4830 ut
3378 4775 3546 4847 inquit
3576 4775 3688 4844 ille,
3715 4781 3906 4846 requies

2325 4873 2430 4924 viro
2455 4867 2574 4940 (Job
2605 4869 2658 4924 3.
2683 4868 2774 4924 23.
2802 4867 2942 4940 apud
2961 4865 3108 4938 us).
3129 4867 3315 4921 Vidisti
3331 4867 3599 4937 quomodo
3619 4867 3782 4924 etiam
3814 4883 3908 4939 per

2326 4963 2625 5019 incredulos
2656 4962 2823 5017 multa
2845 4975 2986 5031 stepe
3031 4959 3426 5032 przcsigniticari
3471 4961 3664 5016 curati
3705 4960 3903 5018 Eodem

2389 5119 2460 5181 (α)
2493 5118 2743 5181 ttebraice,
2765 5116 2935 5181 (locum
2967 5129 3063 5166 non
3104 5121 3209 5181 erat
3245 5114 3604 5180 chrysnstomus
3637 5117 3724 5178 qui
3763 5115 3906 5164 talem

2328 5179 2662 5242 etymologiam
2686 5179 2894 5228 ediderit
2925 5193 2937 5227 :
2965 5191 3060 5228 non
3085 5179 3215 5227 enim
3239 5189 3267 5226 a
3290 5191 3429 5234 voce.
3451 5183 3576 5236 ny.
3622 5185 3781 5234 troas,
3823 5190 3906 5224 no-

2330 5265 2462 5309 men,
2485 5255 2660 5309 D‘Dst,
2683 5249 2791 5299 duci
2832 5256 3017 5312 potest;
3043 5247 3406 5312 cognominatus
3428 5257 3592 5298 tamen
3614 5249 3705 5298 fuit
3743 5249 3905 5297 Abram

2327 5329 2468 5390 mil,
2492 5343 2636 5394 quam
2659 5343 2826 5380 vocem
2849 5329 2928 5394 alii
2966 5329 3239 5394 lieentum,
3264 5328 3344 5379 alii
3366 5327 3668 5394 transitoretu
3691 5337 3902 5394 γωω.

2328 5390 2704 5454 αεωζαιοάην.
2730 5399 2844 5440 nem
2874 5390 3102 5454 pluribus
3125 5394 3432 5441 tractavimus
3461 5392 3509 5438 in
3533 5391 3781 5454 Hexapiis.
3802 5402 3902 5449 cap.

2334 5458 2391 5506 ιι
2411 5451 2628 5514 Genesis,
2649 5451 2694 5503 ν.
2725 5455 2801 5512 i3,
2837 5451 2920 5501 ubi
2943 5451 3255 5514 plurimonun
3276 5454 3545 5501 sententia
3567 5451 3832 5508 attuhnms,
3858 5455 3904 5497 et

2333 5512 2679 5590 "P‘im‘mi’s
2700 5517 2748 5564 ία
2773 5512 3081 5590 ιιοιὲξκιὶιιαι.
3096 5512 3396 5590 “is”!

2331 5572 2568 5648 φάεςεηιε.
2597 5588 2986 5648 φοινικηίῳ
3010 5583 3124 5648 cev
3153 5588 3247 5623 ιιοη
3293 5572 3517 5648 istim
3543 5572 3796 5648 Imb“?
3833 5577 3902 5648 ’ξι

2332 5635 2461 5705 quod
2480 5639 2655 5705 adjicit,
2681 5637 2883 5705 quietem
2906 5635 3034 5685 illam
3059 5644 3152 5705 Spe
3178 5635 3374 5685 nomine
3398 5635 3702 5705 capregam,
3732 5635 3904 5705 gigneb-

2331 5697 2444 5754 care
2467 5697 2716 5757 diluvium,
2736 5701 2785 5747 in
2808 5711 2904 5761 quo
2926 5698 3098 5761 nios-tui
3122 5706 3233 5746 sum
3255 5709 3425 5761 ornnes
3443 5697 3682 5757 hostilitas,
3705 5697 3816 5760 quia
3839 5701 3902 5744 ri-

2335 5765 2513 5816 delicet
2535 5774 2665 5813 mors
2688 5768 2765 5812 est
2781 5758 2921 5825 quies
2937 5759 3154 5810 honunis.
3175 5761 3244 5809 sic
3267 5758 3371 5809 ille.
