4094 6484
507 394 613 451 5θῦ

502 511 644 580 άρχῃ
669 506 728 558 τὸ
765 503 934 573 ὄνομα
965 503 1013 554 οί
1043 502 1213 569 γονεῖς
1242 500 1506 563 ἐτίθεσαν,
1538 499 1595 565 ἐξ
1625 500 1797 570 ἀρχῆς
1818 499 1912 551 καὶ
1940 500 2002 550 ἐκ
2030 513 2160 566 προ-

451 643 480 657 ,
501 597 694 662 οιμίσυν
716 589 1023 660 δηλοῦντες,
1057 588 1137 646 ὃτι
1177 587 1516 655 μετανάστης
1539 587 1712 648 ἐσται,
1740 587 1831 638 καὶ
1865 585 2102 654 περάσας
2133 595 2157 622 ι

501 680 591 732 τὸν
619 679 861 747 ποταμὸν
883 677 974 728 ἐπὶ
996 675 1093 744 τὴν
1115 673 1399 743 ἀλλοτρίαν
1421 673 1559 742 ἥξει.
1601 674 1751 724 Ἐπεὶ
1783 672 1981 735 τοίνυν,
2006 670 2159 740 φησὶ,

500 766 563 818 τὸ
616 765 714 834 μὲν
769 763 920 833 παρὰ
971 761 1080 813 τῶν
1122 760 1323 827 γονέων
1369 759 1613 811 ἐπιτεθέν
1654 758 1825 826 ὄνομα
1867 758 2040 810 ἐκεῖνό
2083 773 2163 808 σοι

503 852 818 923 προεμήνυε
855 850 916 902 τὸ
948 851 1011 901 ἐκ
1042 847 1149 900 τῶν
1178 849 1356 900 ἐκεῖσε
1386 845 1616 899 ἐνταῦθα
1638 843 1986 914 διαπεράσαι,
2010 841 2160 911 δέχου

505 939 598 990 καὶ
639 940 736 1008 τήν
772 935 864 988 τοῦ
899 934 1158 1004 στοιχείου
1188 933 1525 1003 προσθήκην,
1567 931 1653 983 ἵνα
1696 929 1871 1001 μάθῃς
1904 931 1983 982 δτι
2008 928 2164 980 τοῦτό

506 1040 588 1075 σοι
626 1022 838 1092 μηνύει,
867 1022 948 1073 ὅτι
981 1020 1190 1072 πολλῶν
1234 1019 1399 1070 ἐθνῶν
1433 1017 1528 1086 ἔσῃ
1558 1018 1759 1086 πατήρ.
1793 1017 1903 1068 Καὶ
1930 1017 2030 1084 ὅρα
2067 1015 2165 1083 τὴν

506 1111 786 1180 ἀκρίϐειαν
814 1106 920 1158 τῶν
951 1107 1228 1176 ῥημάτων.
1262 1105 1375 1156 Οὑκ
1409 1099 1548 1166 εἷπε,
1581 1103 1801 1155 Πάντων
1830 1102 1937 1155 τῶν
1973 1100 2162 1164 ἐθνῶν,

505 1195 659 1257 ἀλλά,
695 1193 945 1246 Πολλῶν
967 1191 1174 1245 ἐθνῶν.
1219 1190 1431 1258 Ἐπειδὴ
1460 1191 1566 1259 γάρ
1595 1185 1663 1258 ἦν
1693 1189 1818 1258 ἔθνη
1855 1187 1947 1240 καὶ
1980 1188 2160 1255 ἕτερα,

506 1286 646 1352 άπερ
681 1281 903 1350 ἔμελλεν
934 1279 1139 1332 ἐκεῖθεν
1163 1279 1442 1343 ἐξεῶσθαι,
1468 1280 1552 1330 ἵνα
1573 1278 1663 1329 τοῦ
1689 1277 1893 1328 δικαίου
1913 1276 1973 1327 τὸ
1996 1275 2164 1344 σπέρ-

509 1387 581 1439 μα
620 1367 835 1437 δέξηται
879 1367 975 1436 τὴν
1021 1365 1401 1436 κληρονομίαν,
1434 1365 1522 1416 διὰ
1562 1364 1717 1416 τοῦτό
1754 1378 1906 1432 φησι⁶
1939 1360 2167 1428 Πατέρα

507 1455 749 1507 πολλῶν
785 1452 975 1506 ἐθνῶν
1015 1452 1250 1506 τέθεικά
1291 1467 1382 1504 σε.
1418 1451 1586 1512 Είδώς
1619 1467 1710 1501 σου
1750 1450 1846 1517 τῆς
1883 1450 2082 1517 ἀρετῆς
2107 1445 2167 1499 τὸ

510 1540 755 1610 μέγεθος,
787 1539 995 1592 πολλῶν
1020 1539 1187 1591 ἐθνῶν
1211 1536 1526 1590 διδάσκαλόν
1557 1553 1615 1586 σε
1638 1536 2038 1602 ἀπεργάσομαι,
2068 1533 2164 1584 καί

506 1626 750 1691 αὐξανῶ
779 1642 854 1679 σε
894 1627 990 1679 καὶ
1045 1623 1328 1692 πληθυνῶ
1376 1637 1450 1675 σε
1491 1622 1745 1691 σφόδρα,
1781 1620 2034 1688 σφόδραο
2065 1634 2165 1671 και

507 1712 675 1781 θήσω
707 1729 781 1766 σε
809 1716 893 1777 είς
917 1714 1079 1777 ἔθνη,
1121 1709 1217 1763 καὶ
1245 1709 1522 1773 ,βασιλεῖς
1565 1709 1631 1761 ἐκ
1660 1709 1777 1760 σοῦ
1813 1707 2168 1769 ἐξελεύσον-

507 1816 620 1852 ται.
654 1799 737 1869 Μή
762 1800 945 1860 ἀτελῶς
975 1796 1438 1867 παραδράμωμεν,
1469 1795 1758 1863 ἀγαπητοὶ,
1789 1795 1856 1845 τὰ
1879 1791 2164 1862 εἰρημένα.

510 1888 607 1940 Ἂν
634 1887 742 1956 γάρ
784 1887 1120 1955 ἐννοήσωμεν
1154 1883 1247 1935 τοῦ
1289 1885 1622 1953 πατριάρχου
1667 1884 1765 1950 τὴν
1807 1880 2040 1951 ἡλικίαν,
2075 1880 2169 1933 καὶ

503 1977 588 2027 ὁτι
615 1976 672 2026 ἐν
694 1974 904 2042 ἐσχάτῳ
928 1975 1073 2042 γήρᾳ.
1101 1972 1273 2025 ταῦτα
1309 1972 1559 2041 ἦκουσεν,
1590 1968 2041 2038 ἐκπλαγησόμεθα
2071 1968 2169 2037 τήν

507 2080 567 2114 τε
592 2063 686 2115 τοῦ
714 2063 922 2114 δικαίου
959 2063 1161 2126 πίστιν,
1201 2062 1293 2112 καὶ
1325 2058 1702 2128 φιλανθρώπου
1731 2057 1863 2109 Θεοῦ
1885 2056 1982 2126 τὴν
2005 2056 2171 2124 ὑπερο

511 2149 810 2201 ϐάλλουσαν
846 2148 1092 2216 δύναμιν,
1130 2148 1210 2199 ὄτι
1243 2146 1303 2209 ἐξ
1339 2145 1624 2214 ἀνθρώπου
1659 2143 1840 2195 λοιπὸν
1869 2140 2168 2211 νεκρωθέν-

506 2250 618 2294 τος,
669 2233 744 2294 ῶς
787 2235 978 2292 εἰπεῖν,
1017 2233 1109 2283 καὶ
1153 2232 1220 2283 τά
1272 2231 1408 2300 μέλη
1450 2228 1858 2298 διαλελυμένου,
1909 2229 2002 2278 καὶ
2049 2224 2168 2278 καθ’

509 2319 862 2389 ἐκάστηνήμέ
871 2336 969 2388 ραν
988 2320 1086 2388 τὴν
1103 2317 1353 2386 τελευτὴν
1369 2315 1790 2386 φανταζομένου,
1816 2316 1907 2366 ἐπὶ
1920 2313 2169 2366 τοσοῦτον

509 2405 833 2470 αὐξάνεσθαι
857 2405 917 2457 τὸ
957 2406 1174 2475 σπέρμα
1203 2407 1490 2473 ἐσήμανεν,
1513 2403 1588 2466 ὡς
1621 2404 1714 2456 καὶ
1752 2403 1830 2465 εις
1857 2402 1982 2470 ἐθνη
2003 2398 2171 2451 πολλά

513 2491 854 2560 γενήσεσθαι·
900 2490 993 2543 καὶ
1027 2491 1088 2541 οὑ
1135 2489 1292 2542 τοῦτο
1327 2492 1505 2558 μόνον,
1544 2487 1678 2540 ἀλλά
1720 2489 1822 2539 Καὶ
1854 2485 2168 2550 βασιλεῖς,

513 2580 697 2647 φησὶν,
743 2579 811 2630 ἐκ
847 2575 963 2629 σοῦ
1008 2576 1448 2639 ἐξελεύσονται.
1487 2571 1635 2636 Εἶδες
1666 2575 1910 2626 ἐπίτασιν
1945 2577 2172 2644 ἐπαγγε-

512 2665 630 2725 λίας
645 2681 658 2727 ;
673 2663 922 2728 Αὑξανῶ
932 2681 1026 2726 σε,
1045 2665 1196 2731 φησὶ,
1215 2661 1468 2729 σφόδρα,
1483 2661 1734 2729 σφόδρα.
1756 2661 1862 2728 Οὑχ
1881 2660 2064 2723 άπλῶς
2080 2663 2171 2715 τὸν

511 2751 906 2820 διπλασιασμὸν
933 2748 1378 2818 intentas/1400]
1397 2747 1508 2800 ἀλλ’
1530 2750 1613 2799 ἵνα
1646 2748 1863 2817 σημάνῃ
1889 2747 1965 2816 τῷ
1981 2747 2172 2818 δικαίῳ

510 2836 605 2889 τοῦ
642 2836 880 2906 πλήθους
917 2836 1015 2906 τὴν
1064 2833 1384 2904 ὑπερϐολήν.
1428 2834 1643 2902 Ἐπειδὴ
1677 2832 1784 2901 γάρ
1827 2833 1913 2884 διά
1950 2834 2048 2902 τῆς
2081 2835 2171 2887 τοῦ

515 2923 778 2992 στοιχείου
807 2923 1141 2993 προσθήκης,
1176 2920 1423 2991 καθάπερ
1450 2923 1505 2972 ἐν
1535 2921 1703 2991 στήλῃ
1731 2923 1864 2982 τινὶ,
1898 2920 2172 2985 ἀνεξάλει-

514 3026 648 3061 πτον
676 3009 824 3078 αὑτῷ
860 3009 957 3078 τῆς
995 3009 1334 3076 ὑποσχέσεως
1367 3009 1466 3076 τὴν
1506 3005 1834 3074 ἐπαγγελίαν
1872 3007 2169 3076 ἐπέγραψε,

516 3096 680 3148 πάλιν
712 3096 864 3164 φησί⁸
901 3095 1010 3147 Kal
1035 3093 1242 3160 στήσω
1263 3093 1378 3160 τὴν
1404 3093 1694 3161 διαθήκην
1708 3110 1823 3161 μου
1846 3093 1960 3145 ἀνὰ
1982 3094 2175 3160 μέσον

514 3181 652 3246 σοῦ,
684 3180 783 3235 καί
817 3181 930 3235 ἀνὰ
951 3181 1144 3250 μέσον
1165 3181 1269 3232 τοῦ
1299 3180 1639 3248 σπέρματός
1663 3195 1777 3232 σου
1799 3181 1948 3247 μετὰ
1988 3181 2062 3232 σὲ
2090 3184 2175 3246 είς

514 3271 617 3335 τὰς
649 3269 856 3338 γενεὰς
890 3267 1108 3331 αὐτῶν,
1143 3270 1229 3331 εὶς
1256 3266 1547 3332 διαθήκην
1577 3265 1835 3328 αἰώνιον,
1869 3263 2025 3321 εἶναι
2059 3285 2175 3321 σου

517 3357 681 3420 Θεός.
718 3355 793 3408 υὺ
827 3355 984 3425 μόνον
1016 3354 1142 3424 περὶ
1175 3353 1253 3414 σέ,
1287 3353 1441 3420 φησὶ,
1474 3351 1673 3420 πολλὴν
1707 3351 2042 3421 ἐπιδείξομαι
2081 3354 2175 3424 τὴν

515 3443 861 3515 κηδεμονίαν,
901 3441 1035 3495 ἀλλά
1073 3443 1164 3495 καὶ
1203 3443 1281 3503 είς
1323 3441 1383 3492 τὸ
1419 3441 1635 3510 σπέρμα
1667 3440 1728 3492 τὸ
1761 3440 1871 3502 σὺν,
1918 3442 2010 3493 καὶ
2040 3442 2176 3510 μετά

514 3532 613 3602 τὴν
657 3532 755 3600 σὴν
788 3529 979 3594 ἔξοδον.
1013 3529 1150 3598 ’Ὀρα
1201 3527 1317 3589 πῶς
1371 3529 1667 3580 ἀνακτᾶται
1707 3527 1800 3579 τοῦ
1840 3527 2047 3580 δικαίου
2081 3530 2176 3596 τὴν

514 3616 691 3687 ψυχὴν
719 3615 1137 3685 ὑπισχνούμενος
1175 3613 1342 3682 αὐτῷ,
1375 3615 1456 3665 ὅτι
1493 3612 1682 3682 καὶτῷ
1718 3614 1988 3685 σπέρματι
2014 3613 2175 3665 αὑτοῦ

518 3703 716 3772 πολλὴν
760 3701 983 3770 παρέξει
1020 3699 1116 3770 τὴν
1155 3699 1426 3768 πρόνοιαν.
1466 3699 1573 3752 Καὶ
1614 3699 1694 3761 τίς
1745 3700 1777 3767 ἡ
1811 3698 2039 3768 δύναμις
2080 3699 2178 3766 τῆς

515 3789 810 3859 διαθήκης;
863 3788 1044 3841 Ὥστε
1099 3783 1252 3841 εἷναί
1304 3803 1421 3841 σου
1486 3788 1646 3852 Θεὸς,
1705 3789 1855 3856 φησι,
1917 3787 2014 3839 καὶ
2072 3787 2178 3839 τοῦ

519 3877 859 3944 σπέρματός
889 3892 1004 3928 σου
1043 3875 1191 3942 μετά
1222 3876 1317 3928 σέ.
1348 3875 1515 3928 Τοῦτο
1550 3875 1658 3944 γάρ
1696 3892 1776 3927 σοι
1808 3875 1958 3927 ἔσται
2003 3875 2064 3926 τὸ
2090 3891 2178 3926 κε-

519 3963 747 4032 φάλαιον
771 3961 878 4014 τῶν
898 3961 1136 4028 ἀγαθῶν,
1173 3963 1253 4013 σοί
1286 3979 1344 4013 τε
1377 3962 1470 4014 καὶ⁵
1501 3962 1578 4030 τῷ
1611 3953 1883 4031 σπέρματί
1915 3979 2028 4013 σου.
2070 3962 2176 4014 Kal

519 4050 692 4104 δώσω
730 4050 827 4102 σοὶ
863 4049 959 4101 καὶ
1000 4047 1081 4112 τῷ
1127 4048 1421 4116 σπέρματί
1466 4062 1582 4100 σου
1616 4046 1763 4116 μετὰ
1796 4046 1870 4097 σὲ
1905 4046 2014 4111 τὴν
2043 4046 2179 4114 γῆν,

522 4136 602 4205 ἢν
623 4134 943 4204 παροικεῖς,
978 4133 1185 4188 πᾶσαν
1209 4134 1323 4201 τὴν
1354 4134 1470 4203 γῆν
1494 4133 1757 4198 Χαναὰν,
1783 4135 1869 4198 εις
1897 4131 2184 4201 κατάσχε·

520 4241 627 4277 σιν
671 4223 926 4275 αἰώνιον·
973 4222 1071 4273 καὶ
1117 4221 1259 4286 Θεὸς
1308 4221 1520 4288 ἔσομαι
1559 4220 1773 4274 αὐτῶν.
1815 4220 1914 4272 Διὰ
1948 4220 2046 4290 τὴν
2084 4220 2182 4291 σὴν

522 4311 720 4381 ἀρετὴν
752 4311 844 4362 καὶ
880 4310 928 4360 οἱ
953 4307 1159 4376 ἔκγονοι
1181 4309 1230 4360 οῑ
1254 4309 1334 4360 σοὶ
1363 4307 1725 4360 ἀπολαύσουσι
1753 4307 1850 4376 τῆς
1883 4308 2020 4376 ἐμῆς
2047 4324 2182 4378 προ-

508 4397 689 4461 ·νοίας,
719 4396 813 4448 καὶ
848 4395 1002 4447 δώσω
1029 4395 1212 4456 αὑτοῖς
1238 4396 1318 4455 είς
1345 4394 1667 4463 κατάσχεσιν
1706 4391 1922 4444 αἰώνιον
1949 4391 2046 4463 τὴν
2079 4394 2182 4462 γῆν

524 4485 763 4547 Χαναὰν,
791 4483 898 4536 Καὶ
933 4483 1144 4550 ἔσομαι
1171 4480 1370 4535 αὐτῶν
1400 4483 1543 4546 Θεός
1565 4481 1613 4533 ι).
1646 4479 1711 4533 Τί
1744 4482 1876 4542 ἐστι,
1911 4479 2014 4532 Kal
2044 4479 2182 4533 ἐσοο

518 4585 626 4641 μαι
673 4568 871 4622 αὐτῶν
901 4569 1076 4631 Θεός;
1116 4568 1260 4619 Ἀντὶ
1307 4567 1424 4631 τοῦ,
1460 4567 1666 4636 Πολλὴν
1708 4566 2043 4633 ἐπιδείξομαι
2086 4567 2180 4634 τὴν

525 4655 868 4727 κηδεμονίαν,
895 4654 1092 4724 πολλὴν
1123 4655 1221 4724 τὴν
1257 4654 1532 4722 πρόνοιαν,
1560 4654 1618 4704 ἐν
1645 4653 1845 4705 ἅπασιν
1874 4652 2056 4712 αὐτοῖς
2087 4652 2183 4719 τὴν

526 4744 655 4813 παρ’
686 4741 818 4811 ἐμοῦ
842 4741 1158 4811 συμμαχίαν
1179 4740 1500 4811 παρέξομαι·
1541 4739 1698 4808 μόνον
1730 4738 1813 4791 Σὺ
1837 4738 1950 4804 τὴν
1981 4736 2183 4804 διαθή-

525 4848 640 4884 κην
673 4847 791 4898 μου
828 4827 1213 4894 διατήρησον,
1252 4827 1332 4879 σὺ
1366 4828 1474 4880 καὶ
1507 4825 1571 4878 τὸ
1610 4825 1845 4894 σπέρμα
1888 4840 2004 4877 σου
2036 4823 2183 4892 μετὰ

526 4916 602 4969 σὲ
631 4920 716 4981 εις
750 4917 854 4981 τὰς
897 4916 1106 4983 γενεὰς
1147 4913 1362 4969 αὐτῶν.
1412 4914 1575 4966 Οὑδέν
1629 4913 1812 4983 ἕτερον
1871 4912 1998 4983 παρ’
2030 4911 2182 4981 ὑμῶν

527 5003 787 5074 ἐπιζητῶ,
828 5003 861 5072 ἢ
897 5003 995 5071 τὴν
1024 5002 1266 5070 ὑπακοὴν
1311 5002 1404 5052 καὶ
1440 5001 1536 5070 τὴν
1563 5000 1996 5069 εὐγνωμοσύνην,
2030 4999 2182 5066 κάγὼ

529 5092 704 5145 πάντα
729 5092 870 5160 ειπερ
909 5088 1223 5158 ὑπεσχόμην
1257 5089 1334 5148 εἰς
1367 5086 1525 5155 ἔργον
1560 5087 1690 5151 ἄξω.

592 5180 635 5233 δ’
642 5219 656 5234 .
678 5174 806 5231 Εἶτα
831 5176 1012 5228 λοιπὸν
1030 5175 1348 5243 βουλόμενος
1372 5174 1924 5244 ίδιοποιήσασθαιτοὺς
1945 5173 2002 5237 ἐξ
2021 5172 2181 5228 αὐτοῦ

527 5265 892 5335 τικτομένους,
926 5262 1018 5314 καὶ
1052 5263 1245 5313 οἰκεῖον
1273 5260 1462 5312 ἐαυτοῦ
1493 5261 1583 5312 τὸν
1606 5261 1728 5313 λαὸν
1749 5259 2180 5329 ἀπεργάσασθαι,

526 5354 619 5405 καὶ
675 5352 760 5403 ἵνα
814 5348 998 5400 λοιπὸν
1046 5349 1106 5399 τὸ
1150 5346 1350 5416 πλῆθος
1402 5348 1768 5417 ἐκτεινόμενον
1819 5347 1892 5416 μὴ
1958 5364 2183 5399 συνανα-

533 5437 822 5507 μιγνύηται
865 5437 977 5498 τοῖς
1035 5433 1242 5486 ἔθνεσιν
1303 5434 1549 5496 ἐκείνοις,
1595 5428 1667 5486 ῶν
1696 5435 1794 5502 τὴν
1831 5434 1931 5502 γῆν
1965 5433 2184 5502 ἔμελλον

531 5525 903 5596 κληρονομεῖν,
945 5521 1116 5583 άλλως
1160 5520 1215 5572 δὲ
1262 5520 1354 5572 καὶ
1385 5520 1566 5588 ἐπειδὴ
1595 5520 1728 5589 μετά
1759 5520 1932 5574 ταῦτα
1965 5519 2184 5589 ἔμελλον

533 5612 668 5663 κατά
694 5611 790 5678 τὴν
820 5607 984 5661 αὑτοῦ
1029 5610 1334 5678 πρόρρησιν
1378 5609 1661 5674 ὑπομένειν
1693 5605 1790 5669 τὴν
1833 5608 1886 5658 ἐν
1931 5607 2185 5676 Αἰγύπτῳ

534 5697 796 5760 δουλείαν,
812 5696 897 5747 ἴνα
926 5695 996 5764 μὴ
1013 5698 1105 5746 καὶ
1133 5699 1188 5746 ἐν
1205 5697 1340 5763 αὑτῇ
1358 5695 1632 5761 γενόμενοι
1653 5709 1921 5762 συναναφυ
1931 5694 2062 5765 ρῶσι
2077 5695 2184 5758 τοῖς

594 5815 619 5844 ⁸
642 5811 774 5858 Savil
821 5816 1099 5870 elqnaluor
1142 5823 1252 5856 mss.
1282 5810 1352 5856 ὅτι

538 5877 565 5918 ιι
602 5878 652 5924 ιιι
683 5872 854 5921 Bibllis
879 5869 1060 5932 légitur
1103 5872 1178 5917 καὶ
1205 5872 1372 5924 ἔσομαι
1412 5869 1567 5924 αὐτοῖς
1606 5870 1670 5925 είς
1693 5870 1829 5918 θεόν.

1284 385 1341 442 S.
1383 382 1667 440 JOANNIS
1698 379 2180 439 CHRYSOSTOMI
2221 375 2536 432 ARCIIIEP.
2579 367 3124 434 CONSTANTINOP.

1393 5824 1794 5871 μεταναστησεται
1845 5810 1924 5856 καὶ
1958 5808 2173 5871 περάσας
2262 5833 2264 5836 τ

3842 360 3942 412 5w

2267 492 2442 544 ἔθνεσι
2485 493 2596 552 τοῖς
2628 490 2686 540 ἐν
2721 486 3003 554 Αἰγύπτῳ,
3045 479 3275 549 σημείου
3309 476 3468 547 χάριν
3505 475 3607 545 τὴν
3644 472 3942 541 περιτομὴν

2269 579 2345 648 τῷ
2372 577 2562 646 δικαίῳ
2621 576 2985 634 διατάττεται,
3043 569 3136 622 καί
3175 580 3359 635 φησιν·
3397 565 3558 627 Δί’-(η
3593 565 3632 629 ἠ
3665 559 3940 648 διαθήκη,

2270 645 2350 731 ἢν
2371 645 2752 730 διατηρήσας
2779 662 2895 712 ἀνὰ
2918 658 3110 726 μέσον
3143 654 3290 724 ἐμοῦ
3338 651 3436 703 καὶ
3481 649 3672 717 ὑμῶν,
3708 645 3805 700 καί
3830 647 3945 698 ἀνά

2263 751 2457 819 μέσον
2493 749 2598 801 τοῦ
2639 746 2981 813 σπέρματός
3013 757 3129 796 σου
3169 739 3319 808 μετὰ
3354 736 3432 791 σὲ
3469 739 3557 800 εἰς
3585 736 3696 798 τὰς
3740 732 3946 803 γενεὰς

2267 836 2485 891 αὐτῶν.
2517 832 3024 903 Περιτμηθήσεται
3052 827 3220 896 ὑμῶν
3252 825 3376 878 πᾶν
3397 823 3748 890 ἀρσενικόν.
3779 823 3945 887 Περι-

2270 922 2649 990 τμηθήσεσθε
2674 920 2788 986 τὴν
2809 917 3004 986 σάρκα
3029 914 3136 982 τῆς
3171 910 3573 978 ἀκροϐυστίας
3603 905 3792 975 ὑμῶν,
3813 903 3946 958 Εἶτα

2271 1008 2358 1062 ῐνα
2397 1008 2580 1077 διδάξῃ
2635 1006 2918 1065 κάκείνους
2971 1003 3064 1054 καὶ
3112 1001 3318 1059 πάντας
3364 997 3532 1065 ἡμᾶς,
3571 995 3719 1056 τίνος
3761 993 3948 1045 ἕνεκεν

2269 1094 2426 1148 τοῦτο
2464 1093 2711 1157 ἐπέταξε,
2741 1091 2834 1144 καὶ
2865 1093 2944 1142 ὃτι
2976 1087 3186 1149 οὐδενὸς
3218 1085 3404 1154 ἐτέρου
3434 1084 3595 1152 χάριν
3625 1080 3790 1133 τοῦτο
3825 1079 3949 1148 βού-

2271 1182 2417 1233 λεται
2443 1179 2710 1247 γίνεσθαι,
2733 1177 2844 1230 ἀλλ’
2875 1177 2908 1245 ἢ
2943 1175 3080 1226 ὥστε
3109 1172 3376 1240 ἐπίσημον
3403 1164 3541 1221 εῖναι
3567 1167 3659 1219 τὸν
3693 1166 3825 1219 λαὸν
3857 1166 3950 1218 τὸν

2271 1268 2419 1337 αὐτῷ
2451 1266 2824 1333 ἀνακείμενον,
2857 1262 3005 1330 φησὶ,
3040 1260 3148 1313 Καὶ
3176 1258 3343 1310 ἔσται
3371 1256 3440 1307 ὲν
3467 1254 3701 1321 σημείῳ
3739 1252 3947 1314 διαθήο

2272 1372 2382 1421 κης
2423 1353 2537 1406 ἀνὰ
2585 1350 2779 1420 μέσον
2819 1347 2964 1414 ἐμοῦ
3004 1345 3102 1398 καί
3144 1343 3327 1410 ὑμῶν.
3361 1341 3468 1393 Καὶ
3511 1340 3701 1390 λοιπὸν
3734 1340 3829 1391 καὶ
3859 1339 3950 1389 τὸν

2273 1439 2464 1508 καιρὸν
2495 1437 2853 1497 διατάττεται,
2883 1445 2903 1470 π
2938 1432 3059 1484 καθ’
3090 1431 3147 1482 ὃν
3177 1430 3443 1498 προσήκει
3484 1425 3646 1478 τοῦτο
3673 1426 3944 1492 γίνεσθαι.

2273 1525 2520 1579 Παιδίον
2566 1522 2696 1590 γὰρ,
2743 1520 2926 1590 φησιν,
2974 1516 3124 1570 ὀκτὼ
3167 1512 3402 1583 ἡμερῶν
3441 1512 3948 1580 περιτμηθήσεται

2273 1612 2432 1680 ὑμῖν,
2453 1612 2548 1664 καὶ
2569 1614 2601 1664 ό
2627 1606 2958 1676 οἰκογενὴς,
2987 1605 3082 1656 καὶ
3104 1607 3135 1656 ό
3152 1600 3585 1670 ἀργηφώνητος,
3607 1598 3707 1650 καὶ
3725 1599 3947 1660 πάντες

2275 1697 2670 1762 ἁπαξαπλῶςς·
2694 1699 2771 1761 ὡς
2794 1694 3000 1755 εἰπεῖν,
3031 1696 3084 1745 οί
3109 1692 3394 1753 συνόντες
3427 1687 3568 1755 ὑμῖν
3591 1687 3657 1738 τὸ
3695 1684 3949 1752 σημεῖον

2277 1786 2454 1841 τοῦτο
2484 1786 2774 1848 δέξονται.
2794 1785 2899 1839 Kal
2918 1785 3087 1848 ὅστις
3102 1783 3174 1834 οὐ
3192 1777 3700 1846 περιτμηθήσεται
3719 1773 3792 1840 τῇ
3808 1773 3946 1839 ἠμέ-

2273 1868 2432 1936 ρᾳτῇ
2445 1869 2679 1922 διατετιι
2689 1869 2866 1937 Γμένῃ
2878 1909 2889 1927 ,
2905 1865 3501 1931 ἐξολοθρευθησεται,
3518 1860 3603 1910 ὅτι
3619 1859 3739 1922 τὴν
3749 1854 3950 1918 διαθή-

2279 1966 2394 2017 κην
2401 1971 2518 2021 μου
2542 1954 2949 2007 διεσκέδασεν·
2973 1952 3054 2004 ὅτι
3074 1947 3313 2018 παρέΰη,
3331 1946 3487 2014 φησὶ,
3502 1945 3562 1997 τὸ
3583 1940 3948 2014 προσταχθέν.

2346 2044 2491 2114 ’Όρα
2535 2044 2723 2110 σοφίαν
2771 2040 3076 2098 Δεσπότου,
3127 2037 3241 2098 πῶς
3287 2033 3439 2092 εἰδὼς
3483 2031 3593 2083 τῶν
3645 2030 3950 2099 μελλόντων

2275 2129 2492 2182 ἔσεσθαι
2525 2128 2586 2180 τὸ
2624 2126 2808 2187 ἀτελὲς
2848 2125 2948 2193 τῆς
2989 2122 3246 2192 γνώμης,
3289 2119 3538 2185 καθάπερ
3579 2116 3799 2185 χαλινόν
3835 2133 3951 2168 τινα

2275 2215 2569 2277 ἐπιτιθεὶς,
2612 2212 2754 2265 οὕτω
2802 2209 2952 2281 [4011
2995 2210 3055 2261 τὸ
3093 2210 3315 2277 σημεῖον
3369 2204 3526 2257 τοῦτο
3582 2203 3683 2272 τῆς
3740 2219 3955 2271 περιτοο

2280 2301 2388 2370 μῆς
2419 2301 2607 2364 ἔδωκε,
2637 2302 2736 2369 τὴν
2765 2299 2940 2368 ὁρμὴν
2977 2296 3154 2350 αὐτῶν
3187 2295 3283 2364 τὴν
3313 2291 3615 2346 ἀκάθεκτον
3641 2291 3950 2352 ἐκκόπτων,

2279 2386 2418 2439 ῶστε
2456 2388 2530 2457 μὴ
2551 2389 2661 2448 τοῖς
2683 2385 2857 2438 ἐθνεσι
2898 2379 3417 2451 συναναμίγνυσθαι.
3456 2375 3676 2457 Ἐπειδὴ
3697 2374 3810 2444 γάρ
3841 2375 3951 2443 ᾔδει

2277 2472 2455 2525 αὑτῶν
2479 2472 2537 2524 τὸ
2571 2473 2784 2539 λάγνον,
2813 2472 2905 2522 καὶ
2933 2471 3013 2522 ὅτι
3037 2470 3136 2520 οὑκ
3156 2465 3456 2528 άνζξονται,
3482 2462 3584 2515 κᾶν
3613 2456 3718 2514 ὦσι
3754 2462 3952 2531 μυριάο

2278 2576 2361 2621 κις
2389 2558 2758 2628 ἐνηχοὺμενοι,
2781 2555 3112 2625 ἀποσχέσθαι
3137 2556 3234 2622 τῆς
3250 2553 3444 2617 ἀλόγου
3466 2550 3662 2621 ὁρμῆς,
3688 2549 3779 2600 διά
3799 2548 3953 2600 τοῦτο

2276 2643 2494 2713 διηνεκῆ
2537 2644 2842 2712 ὑπόμνησιν
2880 2644 3061 2704 αὐτοῖς
3103 2641 3301 2700 διδοὺς,
3332 2637 3583 2705 καθάπερ
3615 2634 3806 2703 δεσμῷ
3853 2651 3952 2684 τινι

2279 2731 2565 2799 περιέϐαλε
2595 2729 2672 2798 τῷ
2713 2729 2920 2797 σημείῳ
2950 2727 3050 2796 τῆς
3088 2725 3410 2796 περιτομῆς,
3452 2725 3609 2791 ὅρους
3638 2722 3831 2781 αὐτοῖς
3866 2719 3954 2771 καὶ

2279 2815 2504 2878 κανόνας
2529 2815 2701 2877 διδοὺς
2733 2815 2805 2884 μὴ
2827 2814 3133 2883 περαιτέρω
3156 2810 3486 2880 προϐαίνειν,
3510 2806 3644 2860 ἀλλά
3669 2807 3839 2876 μέχρι
3862 2805 3949 2857 τοῦ

2279 2901 2476 2952 οἰκείου
2510 2901 2694 2963 ἔθνους
2723 2899 2995 2960 ἵστασθαι,
3027 2899 3120 2951 καὶ
3161 2895 3431 2966 μηδεμίαν
3463 2892 3749 2962 ἐπιμιξίαν
3781 2893 3950 2944 ποιεῖ-

2282 2984 2403 3038 σθαι
2439 2987 2572 3057 πρὸς
2616 2987 2858 3048 τούτους,
2911 2985 3044 3037 ἀλλὰ
3094 2983 3189 3035 τοῦ
3236 2980 3576 3052 πατριάρχου
3621 2980 3686 3031 τὸ
3732 2978 3951 3047 σπέρμα

2278 3071 2560 3136 διασώζειν
2593 3072 2810 3141 ἀμιγὲς,
2846 3072 2908 3123 ἵν’
2948 3069 3089 3122 οὕτω
3132 3069 3223 3120 καὶ
3258 3068 3326 3119 τά
3357 3066 3456 3135 τῆς
3498 3065 3836 3131 ἐπαγγελίας
3878 3067 3952 3125 εἰς

2280 3159 2473 3222 αὑτοὺς
2506 3157 2730 3227 ἐκϐῆναι
2751 3157 2970 3225 δυνηθῇ.
3011 3155 3120 3208 Καὶ
3157 3153 3408 3222 καθάπερ
3440 3169 3520 3214 τις
3546 3151 3690 3220 ἀνὴρ
3721 3150 3951 3218 σώςσρων

2281 3245 2374 3297 καὶ
2413 3243 2660 3311 ἐπιεικὴς
2691 3242 2977 3309 παιδίσκην
2997 3241 3136 3309 ἔχων
3167 3239 3484 3299 ἀκόλαστον,
3511 3237 3672 3306 ὅρους
3693 3237 3837 3305 αὑτῇ
3863 3237 3952 3287 καὶ

2284 3327 2511 3390 κανόνας
2539 3327 2735 3395 τίθησι,
2768 3327 3033 3396 μηδέποτε
3067 3323 3172 3388 ἔξω
3203 3323 3486 3392 φαίνεσθαι
3517 3323 3625 3375 τῶν
3661 3321 3951 3392 «pompm

2281 3415 2378 3483 τῆς
2400 3413 2594 3476 οἰκίας,
2623 3413 2755 3483 μηδὲ
2778 3416 2888 3474 τοῖς
2913 3411 3169 3481 παριοῦσι
3199 3409 3502 3478 φαίνεσθαι,
3530 3408 3666 3460 ἀλλά
3693 3409 3951 3469 πολλάκις

2283 3501 2375 3552 καὶ
2408 3502 2518 3562 τοῖς
2551 3500 2675 3551 ποσὶ
2700 3499 2873 3567 δεσμά
2906 3498 3265 3568 περιτίθησιν,
3298 3497 3364 3548 ἶν’
3390 3495 3530 3548 οὕτω
3562 3495 3949 3564 περιγενέσθαι

2281 3585 2482 3655 δυνηθῇ
2515 3586 2612 3653 τῆς
2643 3585 2840 3654 πολλῆς
2874 3585 3186 3645 ἀκολασίας·
3218 3583 3308 3635 τὸν
3345 3582 3504 3634 αὑτὸν
3534 3581 3600 3652 δὴ
3623 3582 3829 3651 τρόπον
3861 3583 3949 3633 καὶ

2282 3673 2309 3723 ό
2350 3671 2724 3741 φιλάνθρωπος
2767 3672 3062 3742 Δεσπότης,
3094 3669 3346 3740 καθάπερ
3375 3669 3550 3738 δεσμά
3588 3669 3770 3730 ποσὶν,
3813 3668 3949 3720 οὕτω

2282 3758 2343 3808 τὸ
2376 3760 2599 3826 σημεῖον
2629 3757 2730 3826 τῆς
2764 3760 3064 3827 περιτομῆς
3101 3760 3166 3828 τῇ
3209 3759 3371 3827 σαρκὶ
3401 3756 3716 3816 ἐναπέθετο,
3747 3757 3838 3809 ινα
3875 3757 3947 3808 οτ-

2285 3842 2441 3895 κοθεν
2470 3842 2681 3912 ἔχοντες
2717 3843 3042 3914 ὑπόμνησιν,
3080 3845 3273 3913 μηκέτι
3306 3844 3438 3914 μηδέ
3458 3845 3555 3913 τῆς
3583 3845 3716 3913 παρ’
3751 3845 3950 3913 ἐτέρων

2285 3928 2508 3981 δέωνται
2529 3928 2896 3992 διδασκαλίας.
2936 3929 3074 3981 Ἀλλ’
3097 3933 3146 3982 οι
3166 3930 3478 3998 ἀγνώμονες
3515 3929 3609 3981 καὶ
3632 3930 3949 3996 ἀναίσθητοι

2298 4016 2537 4070 Ἰουδαῖοι
2574 4018 2669 4070 καὶ
2699 4017 2848 4088 παρά
2875 4017 3065 4087 καιρὸν
3087 4017 3180 4071 νῦν
3209 4019 3306 4087 τὴν
3329 4017 3629 4087 περιτομὴν
3657 4017 3948 4085 φυλάσσειν

2289 4100 2585 4169 βούλονται,
2631 4104 2723 4156 καὶ
2763 4103 3015 4174 παιδικὴν
3059 4102 3453 4155 ἐπιδείκνυνται
3501 4101 3747 4172 γνώμην.
3801 4103 3949 4164 Τίνος

2289 4187 2396 4257 γάρ
2439 4188 2645 4252 ἕνεκεν,
2689 4189 2808 4240 είπέ
2863 4206 2972 4258 μοι,
3020 4189 3114 4241 νῦν
3163 4188 3586 4258 περιτέμνεσθαι
3638 4188 3947 4258 βούλονται;

2289 4273 2422 4325 Τότε
2454 4275 2551 4344 μὲν
2590 4276 2716 4343 γὰρ,
2763 4275 2851 4327 ίνα
2899 4275 2974 4343 μὴ
3011 4277 3120 4335 τοῖς
3152 4274 3488 4343 παρανόμοις
3521 4275 3752 4338 ἐκείνοις
3778 4277 3948 4328 ἔθνεσι

2293 4364 2732 4434 συναναφυρῶσι,
2771 4363 2929 4416 τοῦτο
2978 4363 3344 4431 ἐπετάγησανο
3383 4363 3499 4414 νυνὶ
3521 4362 3579 4414 δὲ
3615 4363 3706 4416 διά
3735 4365 3836 4434 τὴν
3862 4363 3949 4418 τοῦ

2286 4449 2422 4502 θεοῦ
2477 4451 2632 4519 χάριν
2691 4449 2910 4501 πάντων
2970 4447 3107 4517 πρὸς
3162 4446 3258 4516 τὴν
3321 4446 3574 4517 ἀλήθειαν
3631 4448 3730 4500 τοῦ
3778 4451 3949 4518 φωτὸς

2287 4535 2827 4606 χειραγωγτιθέντων,
2875 4536 3024 4586 ποῖον
3073 4533 3172 4600 τῆς
3231 4532 3528 4602 περιτομῆς
3577 4533 3812 4601 δφελος;
3862 4536 3948 4605 Μὴ

2288 4621 2395 4690 γάρ
2428 4621 2562 4690 πρὸς
2593 4620 2688 4688 τὴν
2725 4621 2825 4688 τῆς
2865 4619 3040 4688 ψυχῆς
3083 4617 3392 4686 ἐλευθερίαν
3427 4635 3480 4669 τι
3515 4619 3886 4688 συμϐάλλεται
3918 4625 3945 4689 ή

2288 4710 2386 4778 τῆς
2429 4706 2629 4776 σαρκὸς
2676 4707 2962 4768 ἀπόθεσις;
3007 4706 3120 4757 υὺκ
3159 4704 3396 4774 ήκουσαν
3442 4704 3628 4772 σαφῶς
3676 4707 3774 4759 τοῦ
3818 4707 3946 4759 Θεοῦ

2288 4792 2553 4860 λέγοντος,
2593 4792 2703 4845 Kal
2745 4793 2913 4845 ἔσται
2948 4792 3018 4843 ἐν
3056 4791 3282 4858 σημείῳ
3319 4790 3627 4858 διαθήκης,
3673 4796 3948 4864 μονονουχὶ

2287 4877 2613 4941 δεικνύντος,
2677 4878 2758 4931 ὅτι
2826 4877 2913 4929 διά
2967 4877 3063 4946 τὴν
3123 4875 3322 4944 πολλὴν
3389 4877 3566 4930 αὑτῶν
3631 4880 3945 4950 ἀγνωμοσύ-

2289 4981 2386 5024 νην
2440 4963 2535 5016 τοῦ
2582 4965 2810 5035 σημείου
2852 4963 3184 5032 ἐδεήθησαν;
3221 4963 3375 5015 Οῦτω
3428 4963 3536 5032 γὰρ
3585 4965 3679 5017 καὶ
3715 4967 3808 5018 ἐπὶ
3845 4968 3946 5020 τῶν

2289 5050 2642 5120 ἀνθρωπίνων
2701 5050 2958 5113 πολλάκις
3005 5050 3212 5116 γίνεται
3283 5051 3644 5120 πραγμάτων.
3705 5054 3946 5105 Ἐπειδὰν

2292 5141 2366 5209 μὴ
2402 5138 2689 5208 θαρρῶμεν
2733 5154 2859 5198 τισι,
2898 5140 3118 5206 σημεῖον
3161 5137 3418 5206 ἐνεχύρου
3462 5139 3620 5208 χάριν
3659 5138 3943 5208 λαμϐάνειν

2291 5228 2415 5296 παρ’
2459 5227 2636 5278 αὑτῶν
2679 5224 3082 5294 σπουδάζομεν·
3116 5225 3259 5277 οὑτω
3295 5226 3388 5277 καὶ
3421 5226 3448 5275 ὁ
3490 5225 3599 5279 τῶν
3646 5228 3786 5280 ὅλων
3823 5229 3943 5292 Θεὸς

2290 5312 2444 5374 εἰδὼς
2467 5311 2642 5364 αὑτῶν
2668 5312 2763 5379 τῆς
2788 5311 3012 5381 γνώμης
3039 5311 3137 5380 τὴν
3163 5310 3436 5372 εὐκολίαν,
3460 5312 3518 5364 τὸ
3551 5317 3777 5382 σημεῖον
3795 5314 3944 5368 τοῦτο

2292 5400 2419 5466 παρ’
2473 5397 2650 5450 αὐτῶν
2693 5398 2989 5465 ἀπαιτῆσαι
3029 5395 3370 5459 κατεδέξατο,
3417 5395 3514 5466 οὐχ
3557 5399 3646 5450 ἵνα
3692 5399 3942 5468 διηνεκῶς

2295 5485 2428 5555 μένῃ
2473 5484 2534 5536 τὸ
2565 5486 2790 5553 σημεῖον
2817 5483 2995 5544 τοῦτο,
3036 5482 3150 5535 ἀλλ’
3177 5483 3264 5534 ἴνα
3286 5482 3394 5534 τῶν
3424 5484 3544 5536 τότε
3573 5475 3723 5547 τέλος
3751 5485 3943 5556 λαμὸαο

2292 5577 2488 5627 νόντων
2510 5575 2601 5626 καὶ
2625 5577 2657 5644 ἡ
2683 5573 2776 5625 τοῦ
2801 5573 3024 5642 σημείου
3056 5573 3212 5643 χρεία
3239 5573 3582 5642 περιαιρεθῇ,
3609 5573 3821 5645 Ὥσπερ
3847 5576 3942 5646 γὰρ

2291 5661 2668 5730 ὅταν³σημεῖόν
2713 5677 2853 5722 τινες
2883 5659 3178 5723 ἀπαιτῶσι,
3231 5659 3325 5712 καὶ
3367 5659 3622 5730 ἐνέχυρον
3661 5661 3940 5731 βούλωνται

2298 5809 2518 5934 nugalia;
2529 5811 2776 5921 ρῧμιιιιυιη
2794 5811 2978 5859 variant
2994 5813 3041 5860 in
3065 5807 3359 5860 editionibus
3380 5806 3474 5859 τῶν
3487 5812 3529 5858 0
3543 5809 3572 5858 '.
3592 5809 3794 5870 νφτεΐ.
3817 5811 3936 5860 Toml
