4056 6466
128 477 232 532 563

130 589 290 645 modo
315 597 368 643 et
395 583 708 657 patriarcha:
742 594 934 637 nomen
965 584 1209 648 parentes
1239 569 1575 657 indiderant,
1601 572 1712 617 sta-

129 682 226 735 tim
251 680 317 733 ab
343 656 490 732 initio
530 675 859 730 declarantes
884 671 1054 738 ipsum
1095 663 1430 736 peregrinum
1472 656 1622 720 fore,
1660 661 1715 707 cl

133 773 479 827 transiturum
511 767 749 830 flumen,
791 770 848 816 ut
900 761 952 814 in
994 767 1190 814 terram
1215 754 1442 808 alienam
1483 747 1711 802 veniret.

133 861 393 929 Quoniam
426 859 614 927 igitur,
646 853 850 922 inquit,
885 863 1078 904 nomen
1104 861 1135 900 a
1178 841 1482 912 parentibus
1513 835 1603 929 tibi
1637 833 1716 886 in-

135 928 306 1008 ditum
335 950 459 1004 illud
489 942 946 1018 prtesignificavit,
978 949 1030 994 te
1075 936 1198 992 inde
1227 935 1330 988 huc
1373 928 1716 1026 transiturum

135 1057 258 1098 esse
287 1059 300 1096 :
331 1040 513 1108 accipe
535 1048 588 1092 et
619 1036 773 1090 unius
801 1029 1050 1088 elementi
1094 1025 1417 1082 additionem
1437 1061 1454 1086 ,
1485 1028 1543 1073 ut
1579 1025 1719 1071 scias

142 1134 243 1186 hoc
266 1131 355 1186 tibi
384 1127 665 1190 declarari,
697 1135 748 1180 te
774 1120 1058 1179 multarum
1079 1117 1316 1189 gentium
1346 1113 1460 1166 fore
1490 1118 1718 1180 patrem.

143 1223 210 1279 Et
237 1222 359 1276 vide
402 1235 559 1290 quam
608 1226 853 1273 accurate
897 1215 966 1268 sit
1001 1213 1268 1280 loquutus.
1297 1205 1412 1260 Non
1442 1203 1574 1257 dixit
1601 1216 1722 1254 om-

141 1317 286 1370 nium
333 1313 604 1384 gentium,
658 1307 752 1364 sed
805 1307 1087 1361 Multarum
1135 1300 1551 1372 gentium:nam
1601 1291 1722 1384 quia

141 1381 376 1460 erantet
413 1403 532 1456 aliae
566 1407 751 1470 gentes
778 1396 901 1451 inde
926 1391 1277 1464 expellenda,
1304 1399 1361 1442 ιιι
1391 1399 1572 1440 semen
1597 1381 1724 1450 justi

147 1498 494 1554 hereditatem
539 1494 835 1562 acciperet.
859 1488 980 1543 ideo
1008 1485 1171 1548 dicit,
1201 1482 1406 1535 Patrem
1452 1477 1726 1530 multarunt

149 1591 369 1664 gentium
396 1586 630 1641 constitui
658 1595 724 1638 te.
751 1582 968 1644 Sciens,
1003 1577 1205 1647 inquit,
1245 1583 1349 1627 tua:
1379 1569 1595 1664 virtutis
1612 1579 1728 1619 ma-

145 1659 473 1754 gnitudinem
499 1720 514 1743 ,
543 1679 826 1732 multarum
857 1672 1090 1743 gentium
1121 1667 1395 1722 doctorem
1428 1673 1478 1716 te
1499 1659 1686 1754 faciam
1712 1695 1727 1720 ,

150 1751 218 1829 bit
247 1788 466 1828 crescere
496 1781 544 1824 te
571 1769 758 1838 faciam
788 1781 846 1818 ac
890 1758 1216 1830 multiplicari
1258 1755 1437 1817 valde,
1468 1751 1615 1804 valde
1642 1764 1660 1802 .°
1686 1756 1731 1800 et

151 1880 337 1934 ponam
361 1873 405 1917 te
424 1862 474 1915 in
505 1870 672 1930 gentes
693 1899 709 1923 ,
731 1868 777 1910 et
801 1870 940 1924 reges
968 1868 1031 1905 ex
1058 1859 1104 1902 te
1136 1845 1471 1919 egrediantur.
1501 1840 1578 1934 Ne
1604 1853 1732 1934 per-

151 1931 414 2011 itinctorie
444 1963 774 2008 transeamus
793 1962 908 2018 quze
933 1945 1200 2004 dicuntur,
1219 1933 1572 1993 dilectissimi.
1600 1931 1733 1986 Nam

152 2047 197 2103 si
223 2045 634 2116 cogitaverimus
675 2035 993 2110 patriarcha!
1021 2041 1230 2086 aetatem
1257 2069 1272 2094 ,
1301 2037 1353 2082 et
1377 2041 1497 2081 eum
1538 2023 1652 2116 hmo
1681 2023 1734 2075 in

155 2115 396 2195 extrema
426 2144 638 2190 senecta
664 2131 877 2186 audisse
901 2169 917 2191 ,
957 2117 1542 2193 obstupescemusjusti
1571 2115 1736 2168 virtu-

156 2239 288 2295 tem,
318 2237 373 2283 et
401 2224 610 2295 benigni
647 2222 738 2278 Dei
765 2219 1013 2276 eximiam
1045 2211 1334 2284 potentiam
1365 2226 1378 2262 :
1411 2207 1531 2278 quia
1552 2221 1620 2260 ex
1651 2203 1740 2258 bo-

158 2321 304 2375 miue
353 2313 736 2386 propemodum
789 2319 1026 2371 mortuo,
1084 2315 1140 2360 et
1185 2300 1439 2358 membris
1467 2296 1736 2358 invalido,

157 2410 246 2483 qui
289 2418 345 2464 et
381 2405 616 2478 quotidie
661 2411 884 2458 mortem
913 2414 1019 2482 pra;
1061 2395 1230 2451 oculis
1258 2389 1660 2483 imaginabatur,
1688 2387 1739 2439 in

159 2476 364 2555 tantum
393 2476 604 2554 auctum
629 2494 692 2548 iri
715 2476 1027 2562 signiﬁcavit
1051 2499 1232 2540 semen
1254 2523 1268 2546 .
1299 2489 1357 2534 ut
1383 2488 1439 2534 et
1468 2479 1520 2532 in
1551 2476 1742 2529 multas

162 2600 351 2663 gentes
375 2589 566 2652 exiret;
591 2599 763 2654 neque
787 2582 838 2637 id
865 2581 1060 2643 solum,
1089 2574 1182 2631 sed
1210 2574 1373 2628 etiam
1401 2581 1556 2639 rcges
1583 2581 1646 2621 ex
1678 2579 1744 2663 eo

163 2655 565 2752 egrederentur.
627 2672 814 2728 Vidisti
883 2665 1253 2740 promissionis
1312 2655 1745 2752 incrementum?

165 2746 380 2827 iaciam
422 2778 468 2823 te
496 2782 713 2821 crescere
734 2805 747 2828 ,
783 2762 989 2832 inquit,
1016 2757 1166 2812 valde
1187 2797 1202 2820 ,
1233 2754 1398 2808 valde.
1430 2746 1746 2819 Duplicatio—

164 2878 290 2919 nem
315 2860 469 2930 hujus
496 2855 732 2914 adverbii
760 2869 864 2908 non
894 2851 1084 2905 frustra
1114 2846 1308 2915 adjecit
1334 2886 1349 2910 ,
1377 2843 1471 2898 sed
1500 2852 1556 2896 ut
1579 2838 1746 2908 signi-

167 2953 384 3009 tlcetex
408 2953 554 3020 justo
598 2949 784 3002 miram
829 2939 1218 2998 multitudinem
1247 2934 1564 2992 esenndam.
1607 2932 1752 2999 Quo.

168 3045 312 3100 niam
342 3044 500 3114 igitur
517 3056 612 3110 per
630 3035 876 3094 elementi
897 3031 1244 3107 additionem,
1261 3028 1412 3099 quasi
1437 3027 1488 3081 in
1504 3024 1752 3079 columna

167 3133 398 3206 quadam
423 3174 438 3197 ,
469 3129 807 3186 indelebilem
828 3123 1232 3196 promissionem
1261 3121 1310 3174 ei
1333 3118 1617 3186 lnscripstt,
1649 3117 1750 3169 ite-

171 3241 289 3280 rum
316 3224 441 3279 dicit
477 3241 490 3277 :
521 3223 575 3276 7.
607 3220 672 3275 Et
699 3228 916 3274 statuam
942 3222 1288 3270 testamentum
1328 3225 1493 3263 meum
1516 3211 1645 3261 inter
1671 3216 1752 3270 te,

171 3326 221 3374 et
262 3317 390 3370 inter
412 3331 579 3369 semen
605 3324 744 3367 tuum
789 3319 897 3381 post
927 3317 974 3363 te
1013 3309 1066 3360 in
1105 3304 1446 3377 generationes
1475 3315 1676 3363 eorum,
1703 3299 1756 3349 in

174 3416 525 3464 testamentum
567 3404 923 3473 sempiternum
944 3437 958 3465 ,
988 3407 1042 3451 ut
1084 3397 1179 3450 sint
1207 3393 1342 3448 Deus
1370 3402 1501 3445 tuus.
1529 3389 1640 3444 Non
1666 3401 1756 3442 so-

178 3500 290 3556 lum
316 3513 440 3568 erga
471 3505 524 3552 te
562 3508 806 3565 magnam
845 3487 1130 3546 declarabo
1156 3483 1542 3557 providentiam
1583 3488 1638 3535 et
1661 3493 1757 3532 cu-

177 3605 316 3657 ram,
339 3588 432 3644 sed
458 3599 512 3644 et
535 3601 659 3657 erga
685 3599 869 3640 semen
897 3593 1042 3635 tuum
1065 3621 1080 3644 ,
1119 3588 1172 3634 et
1197 3586 1314 3647 post
1339 3585 1484 3630 tuam
1507 3579 1758 3626 mortem.

183 3680 316 3736 Vide
343 3677 612 3750 quomodo
630 3683 834 3732 recreet
858 3669 1252 3739 animamjusti,
1285 3665 1599 3737 promittens
1622 3662 1670 3716 ei
1704 3675 1762 3715 se

182 3771 404 3828 seminis
437 3783 648 3840 quoque
694 3766 811 3838 ejus
845 3765 1063 3820 multam
1115 3775 1296 3816 curam
1339 3757 1662 3812 habiturum.
1698 3752 1765 3806 Et

182 3879 306 3935 qua
330 3865 494 3918 virtus
537 3859 875 3918 testamenti?
909 3858 975 3914 Ut
1001 3858 1096 3910 sim
1123 3854 1259 3909 Deus
1290 3863 1404 3905 tuus
1428 3891 1444 3915 ,
1485 3848 1652 3916 inquit
1675 3887 1691 3911 ,
1719 3853 1766 3898 et

185 3955 393 4014 statiuis
440 3955 512 4008 tui
556 3963 669 4024 post
693 3961 759 4005 te.
783 3950 894 4005 Hoc
928 3949 1070 4004 enim
1097 3946 1199 4001 erit
1227 3944 1317 3998 tibi
1345 3951 1401 3996 et
1441 3938 1628 3994 semini
1675 3945 1767 3990 tuo

185 4057 346 4118 caput
391 4047 672 4102 honorum.
716 4045 770 4100 8.
801 4042 865 4097 Et
896 4043 1026 4096 dabo
1055 4039 1140 4093 tibi
1167 4048 1214 4092 et
1265 4035 1442 4090 semini
1466 4044 1552 4086 tuo
1580 4039 1692 4099 post
1722 4039 1769 4080 te

189 4151 374 4193 terram
400 4138 451 4190 in
477 4153 576 4206 qua
606 4135 894 4206 peregrinus
922 4149 976 4187 es
998 4173 1013 4198 ,
1045 4145 1242 4185 omnem
1273 4138 1458 4181 terram
1483 4123 1729 4179 Chanaan
1750 4158 1766 4182 ,

188 4233 244 4286 in
271 4230 631 4301 possessionem
656 4229 1034 4296 sempiternam;
1059 4233 1106 4276 et
1135 4238 1220 4276 ero
1247 4235 1420 4274 eorum
1446 4217 1603 4270 Deus.
1641 4213 1771 4267 Pro-

193 4332 313 4392 pter
337 4331 478 4376 tuam
501 4363 516 4386 ,
550 4320 753 4390 inquit,
779 4319 1028 4372 virtutem
1061 4313 1255 4384 posteri
1281 4324 1493 4381 quoque
1531 4307 1604 4361 tui
1655 4319 1771 4359 mea

193 4414 437 4468 fruentur
477 4409 810 4480 providentia
837 4449 851 4469 .
878 4416 933 4462 et
970 4405 1109 4460 dabo
1156 4404 1236 4460 eis
1287 4404 1338 4456 iu
1379 4398 1772 4470 possessionem

193 4512 451 4559 aeternam
479 4509 677 4555 terram
703 4496 975 4558 Chanaan,
1000 4495 1066 4548 Et
1091 4510 1178 4549 ero
1207 4508 1379 4546 eorum
1401 4489 1538 4544 Deus
1567 4489 1606 4540 '.
1634 4484 1776 4552 Quid

195 4601 310 4656 est,
340 4591 403 4644 Et
429 4607 512 4643 ero
542 4605 714 4642 eorum
746 4586 921 4640 Deus?
950 4585 1064 4639 Hoc
1092 4592 1205 4644 est.
1229 4581 1445 4634 Multam
1477 4593 1562 4632 me
1587 4590 1774 4632 eorum

196 4695 380 4736 curam
429 4689 484 4734 et
512 4677 898 4749 providentiam
935 4673 1131 4729 habere
1159 4669 1437 4725 ostendam
1458 4710 1472 4732 ,
1501 4661 1566 4723 et
1601 4681 1778 4721 meum

200 4773 252 4828 in
275 4770 521 4824 omnibus
561 4767 854 4824 subsidium
885 4767 987 4820 illis
1018 4763 1300 4834 pncstabo.
1331 4761 1558 4815 Tantum
1613 4760 1666 4813 9.
1705 4757 1782 4810 Tn

202 4871 551 4916 testamentum
596 4877 758 4913 meum
795 4860 1000 4913 observa
1023 4899 1039 4921 ,
1069 4867 1116 4910 et
1147 4871 1312 4910 semen
1340 4863 1477 4906 tuum
1509 4862 1620 4921 post
1651 4861 1698 4904 te
1731 4851 1783 4904 in

203 4953 606 5022 generationf‘ms
648 4966 840 5003 eorum.
888 4947 1031 5000 Nihil
1075 4947 1216 4999 aliud
1266 4960 1294 4998 a
1327 4945 1476 4998 vobis
1525 4944 1781 5011 requiro,

202 5059 361 5116 quam
389 5043 742 5096 oin-diendam
783 5051 1059 5110 gratumve
1084 5039 1318 5092 animum
1345 5078 1358 5099 ,
1393 5046 1448 5090 ct
1468 5051 1567 5106 ego
1605 5036 1784 5090 omnia

204 5151 553 5206 qumcumque
574 5135 836 5204 pollicitus
860 5148 978 5186 smn
1004 5147 1164 5201 opere
1198 5129 1497 5198 complebo.

278 5230 332 5284 4.
359 5228 574 5297 Insuper
601 5229 782 5280 volcns
809 5241 901 5280 eos
941 5225 1026 5294 qui
1057 5239 1120 5278 ex
1155 5224 1271 5292 ipso
1316 5222 1564 5277 nascituri
1603 5231 1785 5279 erant.

209 5320 532 5390 peculiarem
571 5334 722 5374 suum
774 5317 949 5371 facere
989 5315 1240 5385 populum
1270 5331 1282 5367 :
1312 5325 1369 5366 ut
1418 5323 1598 5382 postea
1625 5354 1639 5375 .
1666 5329 1790 5367 cum

209 5409 492 5468 multitudo
545 5416 945 5480 pr0pagarctnr.
985 5421 1089 5459 non
1123 5420 1181 5458 se
1216 5404 1458 5474 gentibus
1492 5404 1596 5456 illis
1619 5445 1632 5464 .
1661 5419 1792 5471 qua-

211 5521 330 5561 rum
361 5501 711 5556 hereditatem
737 5505 1055 5565 occupatura
1077 5508 1188 5549 erat
1215 5534 1227 5553 .
1261 5495 1633 5548 eunnnisceret
1667 5509 1680 5550 :
1707 5493 1789 5545 in-

212 5607 515 5665 superque,
563 5592 684 5660 quia
737 5587 1028 5642 secundum
1084 5585 1480 5654 praedictionem
1537 5599 1684 5637 suam
1737 5585 1789 5636 in

223 5683 450 5757 Egypto
474 5683 716 5737 servituri
742 5689 912 5743 erant;
942 5689 996 5732 ut
1027 5694 1091 5733 ne
1116 5678 1357 5746 gentibus
1378 5677 1792 5730 commiscet-cn-

280 5835 296 5870 ⁸
322 5835 375 5887 In
399 5834 780 5901 Dibliislegitur,
803 5842 846 5887 et
861 5846 944 5887 ero
959 5834 1026 5885 eis
1049 5833 1098 5883 in
1128 5839 1292 5883 Deum.

1155 459 1218 514 IN
1258 455 1408 513 CAP.
1449 447 1612 507 XVII.
1640 442 1886 502 (SENES.
1931 439 2159 496 IIOXIIL.
2205 437 2446 493 XXXIX.

3308 429 3414 486 360

1822 568 1905 611 tur
1944 559 1995 612 in
2027 557 2292 628 .Egypto,
2324 557 2785 612 circumcisionem
2815 595 2829 620 ,
2858 555 2994 626 signi
3037 555 3239 624 gratia,
3267 556 3414 625 justo

1824 649 2062 718 pra‘cipit
2107 658 2161 703 et
2199 649 2368 719 inquit
2397 667 2410 702 :
2445 647 2531 703 10.
2565 645 2680 702 Hoc
2723 657 2798 702 est
2841 655 3197 702 testamentum
3230 649 3247 678 ⁸
3277 646 3416 716 quod

1823 742 2041 796 servabis
2065 742 2194 795 inter
2214 758 2292 795 me
2325 751 2371 796 et
2397 757 2506 808 vos,
2527 750 2571 796 et
2600 742 2736 795 inter
2761 757 2929 795 semen
2960 750 3099 796 tuum
3130 752 3243 810 post
3271 751 3321 794 te
3357 745 3415 797 in

1823 835 2230 904 generationibus
2274 835 2496 888 illorum.
2549 832 2952 889 Circumcidetur
2993 835 3046 888 in
3087 833 3224 888 vobis
3266 850 3422 888 omne

1824 923 2182 978 masculinum.
2217 925 2304 980 II.
2334 924 2714 980 Circumcidetis
2741 942 2943 980 carnem
2974 927 3208 996 prcepntii
3239 927 3413 981 vestri.

1829 1014 2029 1069 Deinde
2068 1023 2124 1068 ut
2165 1014 2353 1071 doceat
2391 1016 2594 1072 etillos
2639 1025 2696 1070 et
2737 1031 2923 1071 omnes
2966 1033 3091 1082 nos,
3121 1032 3284 1087 quare
3313 1015 3418 1072 hoc

1828 1107 2160 1177 prmceperit,
2187 1115 2243 1163 et
2267 1122 2326 1162 se
2356 1123 2463 1162 non
2496 1108 2715 1163 alterius
2738 1109 3035 1178 cujuspiam
3067 1110 3234 1180 gratia
3264 1109 3316 1164 id
3345 1108 3420 1164 fa-

1828 1212 1951 1252 cere
1971 1239 1985 1262 ,
2007 1213 2168 1267 quam
2197 1207 2262 1252 ut
2294 1208 2438 1254 esset
2465 1200 2763 1269 assignatus
2790 1209 2845 1252 ct
2869 1200 2968 1254 sibi
2993 1209 3304 1269 segregatus
3324 1215 3421 1270 po-

1830 1290 2007 1360 pulus,
2037 1291 2244 1360 inquit,
2279 1290 2346 1344 Et
2374 1292 2466 1344 erit
2487 1291 2538 1344 in
2562 1292 2763 1362 signant
2794 1293 3076 1345 testamenti
3100 1292 3232 1347 inter
3268 1309 3348 1345 me
3375 1300 3424 1345 et

1831 1399 1938 1436 uos.
1980 1382 2047 1436 Et
2077 1393 2257 1451 postea
2303 1385 2463 1436 etiam
2490 1383 2557 1437 de
2587 1391 2828 1453 tempore
2855 1385 3112 1452 imperat,
3144 1399 3252 1454 quo
3294 1398 3426 1439 con-

1833 1475 2013 1529 veniat
2039 1475 2142 1530 hoc
2164 1475 2298 1528 fieri.
2330 1475 2416 1529 I2.
2445 1473 2656 1528 Puellus
2677 1476 2831 1539 enim,
2858 1476 3027 1544 inquit
3047 1517 3061 1538 ,
3089 1486 3202 1528 octo
3227 1475 3425 1528 dierum

1833 1568 2218 1621 circumcidetur
2232 1566 2386 1630 vobis,
2409 1577 2456 1620 et
2483 1567 2778 1620 vernaculus
2800 1607 2816 1630 ,
2841 1577 2888 1620 et
2911 1568 3169 1636 emptitius
3195 1582 3216 1620 :
3244 1576 3291 1620 et
3315 1583 3426 1621 om-

1837 1677 1924 1714 nes
1948 1661 2001 1714 in
2025 1677 2246 1725 summa,
2277 1673 2331 1714 ut
2359 1663 2428 1715 ita
2455 1662 2621 1714 dicant
2646 1703 2659 1721 ,
2681 1663 2768 1731 qui
2795 1663 2936 1729 apud
2961 1679 3046 1716 vos
3071 1671 3207 1725 sunt,
3236 1662 3331 1716 hoc
3355 1665 3427 1716 si-

1837 1767 1992 1821 gnum
2035 1751 2328 1820 suscipient.
2355 1752 2440 1804 14.
2473 1750 2536 1804 Et
2569 1751 2794 1821 quisquis
2820 1768 2920 1805 non
2965 1753 3350 1806 circumcidctttr
3375 1752 3428 1804 in

1838 1842 1920 1896 die
1973 1842 2237 1896 constituto
2261 1885 2276 1907 ,
2325 1841 2561 1912 perdetur
2605 1858 2624 1895 :
2673 1843 2795 1912 quia
2854 1852 3204 1897 testamentum
3257 1859 3429 1898 meum

1841 1934 2142 2004 dissipavit;
2193 1937 2314 2006 quia
2368 1945 2729 2006 transgressus
2776 1947 2900 2003 est,
2955 1937 3166 2006 inquit,
3222 1951 3426 2006 praece-

1841 2035 2011 2096 ptum.

1873 2119 1977 2175 Cur
1988 2120 2615 2178 circumcisionemludteis
2633 2118 2924 2189 imposuerit
2939 2117 3432 2174 Deus.Circumct°sio

1843 2208 1974 2263 nihil
1996 2209 2182 2263 anima:
2206 2213 2400 2280 confert
2425 2210 2561 2263 boni.
2584 2238 2654 2249 —
2685 2210 2819 2264 Vide
2850 2210 3167 2280 sapientiam
3195 2211 3432 2273 Domini,

1843 2299 2112 2366 quomodo
2128 2315 2248 2355 eum
2266 2302 2427 2356 sciret
2443 2301 2779 2371 imperfectas
2795 2312 2844 2356 et
2869 2316 3060 2370 pravas
3079 2317 3267 2383 eorum
3283 2317 3438 2358 men-

1847 2401 1928 2446 tes
1950 2391 2172 2455 futuras,
2191 2393 2399 2464 signum
2419 2393 2841 2449 circumcisionis
2861 2395 3008 2464 quasi
3033 2394 3244 2449 {renum
3267 2395 3440 2464 quod-

1847 2481 1970 2538 dam
2000 2484 2282 2554 imposuit,
2313 2485 2378 2538 ad
2413 2485 2698 2540 indomitos
2720 2499 2908 2542 eorum
2931 2488 3160 2556 impetus
3178 2488 3438 2543 cohiben-

1847 2575 1966 2635 dos.
1994 2585 2051 2630 ut
2077 2593 2142 2631 ne
2161 2576 2405 2646 gentibus
2427 2577 2918 2632 commiscerentur.
2944 2578 3074 2632 Nam
3096 2578 3217 2648 quia
3238 2578 3442 2633 sciebat

1849 2681 2035 2721 eorum
2052 2667 2344 2730 lasciviam.
2376 2677 2431 2722 et
2449 2682 2563 2728 eos.
2594 2668 2716 2723 licet
2736 2669 2987 2724 inlluities
3015 2671 3267 2737 monitos,
3292 2678 3351 2724 ut
3370 2669 3443 2723 ab

1852 2756 2037 2814 illicito
2059 2759 2256 2828 impetu
2275 2757 2634 2823 abstinerent,
2664 2758 2973 2815 obedituros
3005 2775 3107 2814 non
3126 2774 3246 2815 esse
3275 2777 3288 2813 :
3321 2760 3444 2815 ideo

1852 2848 1977 2903 dato
2000 2850 2079 2904 eis
2097 2859 2352 2919 perpetuo
2372 2850 2691 2914 memoriali,
2721 2850 2901 2918 injecit
2921 2851 2999 2905 eis
3019 2851 3442 2907 circumcisionls

1853 2941 2084 3010 signum,
2115 2941 2266 3010 quasi
2293 2941 2565 2995 vinculum
2593 2940 2881 3010 quoddam,
2913 2941 3166 3012 deditque
3189 2943 3269 2997 eis
3295 2941 3445 3014 leges

1855 3041 1910 3087 et
1935 3032 2163 3102 regulas,
2197 3031 2333 3087 ultra
2360 3046 2495 3103 quas
2521 3033 2749 3088 transire
2776 3037 2855 3088 eis
2885 3048 2991 3088 non
3024 3035 3226 3097 liceret.
3261 3045 3316 3088 ιιι
3347 3049 3442 3089 sua

1855 3133 2014 3194 gente
2037 3125 2272 3180 contenti
2298 3133 2498 3188 essent,
2527 3132 2584 3178 et
2606 3125 2756 3179 nullo
2779 3125 2940 3180 modo
2965 3140 3087 3181 cum
3116 3127 3363 3198 gentibus
3388 3127 3458 3184 se

1858 3214 2302 3280 commiscerent;
2339 3214 2432 3270 sed
2461 3215 2776 3285 patriarchae
2812 3230 2996 3272 semen
3048 3217 3448 3288 impermixtum

1861 3314 2103 3360 maneret
2128 3314 2186 3359 ut
2213 3305 2290 3360 sic
2317 3313 2373 3361 et
2415 3307 2674 3376 promissa
2716 3307 2769 3362 in
2796 3307 2876 3362 eis
2899 3309 3157 3379 compleri
3209 3319 3450 3379 possent.

1865 3398 1932 3452 Et
1955 3399 2406 3467 quemadmodum
2430 3399 2512 3452 vir
2535 3398 2727 3468 aliquis
2757 3409 3058 3471 temperans
3084 3411 3138 3457 et
3169 3402 3328 3470 lenis,
3356 3417 3454 3458 an-

1863 3488 2039 3543 cillam
2084 3487 2287 3545 habens
2336 3489 2665 3559 petulantem
2692 3532 2706 3553 ,
2742 3491 2998 3546 terminos
3040 3503 3094 3547 et
3139 3495 3352 3564 regulas
3381 3495 3456 3550 illi

1865 3578 1956 3656 dat
1976 3621 1991 3645 ,
2016 3595 2083 3634 ne
2123 3594 2373 3648 umquam
2404 3587 2554 3634 extra
2579 3579 2836 3635 vestibula
2870 3581 3112 3651 prodeat,
3137 3599 3308 3656 neque
3333 3600 3455 3640 cum

1868 3651 2309 3744 prietereuntibus
2335 3675 2635 3739 conveniat,
2665 3675 2773 3730 imo
2801 3690 3201 3746 nonnumquam
3222 3651 3458 3743 pedibus

1867 3764 2155 3834 compedes
2190 3765 2370 3830 addit,
2403 3774 2460 3820 ut
2491 3766 2568 3821 sic
2612 3766 2753 3822 illius
2796 3767 3259 3837 intemperantiam
3295 3783 3454 3823 coer-

1870 3873 1992 3912 cere
2018 3857 2192 3913 valeat
2223 3875 2236 3911 :
2266 3858 2334 3912 ita
2364 3868 2418 3913 et
2446 3859 2706 3929 benignus
2737 3859 2993 3920 Dominus
3036 3861 3462 3916 circumcisionis

1873 3948 2079 4018 signum
2119 3949 2265 4003 carni
2289 3964 2474 4004 eorum
2520 3948 2747 4012 indidit,
2770 3949 2921 4019 quasi
2947 3950 3169 4019 pedibus
3190 3950 3460 4005 vinculum

1874 4039 2161 4109 quoddam,
2191 4050 2248 4093 ut
2267 4039 2618 4094 domesticum
2642 4038 2902 4095 habentes
2928 4039 3163 4110 signum,
3194 4057 3300 4096 non
3327 4042 3466 4097 ultra

1876 4131 2116 4186 doctrina
2159 4131 2382 4186 aliorum
2413 4145 2548 4200 opus
2579 4131 2856 4186 haberent.
2888 4131 3043 4200 Atqui
3073 4131 3263 4201 ingrati
3288 4132 3466 4187 insen-

1878 4223 2086 4292 satique
2132 4221 2303 4276 Judzei
2359 4221 2522 4276 etiam
2575 4236 2754 4288 nunc,
2781 4236 2901 4275 cum
2951 4230 3165 4291 tempus
3202 4236 3306 4276 non
3349 4231 3466 4285 est,

1879 4314 2338 4370 circumcisionem
2379 4327 2596 4368 servare
2648 4313 2860 4375 volunt.
2893 4314 3260 4382 pucrilemque
3292 4313 3474 4368 decla-

1881 4416 2002 4462 rant
2030 4416 2284 4461 mentem.
2317 4405 2481 4475 Cujus
2509 4405 2652 4460 enim
2678 4403 2754 4458 rei
2775 4404 2944 4474 gratia
2967 4447 2981 4468 ,
3009 4401 3096 4458 dic
3135 4403 3264 4459 mihi
3288 4444 3302 4467 .
3331 4419 3472 4458 nunc

1882 4497 2186 4554 circumcidi
2217 4497 2443 4552 volunt?
2466 4495 2598 4550 Nam
2651 4506 2777 4551 tunc
2805 4495 3020 4566 quidem
3046 4540 3060 4560 ,
3083 4505 3144 4550 ut
3188 4511 3257 4551 ne
3297 4496 3475 4566 impiis

1884 4590 1988 4645 illis
2012 4589 2258 4659 gentibus
2277 4603 2336 4645 se
2355 4590 2789 4653 commiscerent,
2820 4589 2921 4643 hoc
2947 4589 2998 4642 in
3029 4588 3294 4642 mandatis
3317 4603 3475 4644 acce-

1885 4692 2075 4752 perant
2109 4699 2120 4734 :
2148 4697 2290 4735 nunc
2313 4691 2490 4736 autem
2531 4696 2626 4750 per
2652 4681 2743 4734 Dei
2774 4681 2999 4750 gratiam
3027 4680 3276 4735 omnibus
3303 4680 3370 4734 ad
3399 4681 3480 4735 lu-

1886 4789 2001 4828 cem
2031 4774 2269 4828 veritatis
2295 4773 2536 4828 adductis
2555 4814 2570 4837 ,
2597 4788 2717 4842 qua:
2763 4772 3185 4827 circumcisiouis
3227 4773 3426 4828 utilitas
3453 4772 3477 4826 ἲ

1889 4865 2153 4935 Numquid
2195 4866 2260 4918 ad
2292 4866 2486 4919 animm
2512 4865 2808 4919 libertatem
2847 4864 3045 4934 aliquid
3070 4865 3277 4920 confert
3302 4865 3480 4918 carnis

1889 4957 2193 5028 depositio?
2220 4956 2336 5010 Non
2358 4955 2644 5010 audierunt
2666 4955 2945 5010 manifeste
2983 4957 3144 5010 Deum
3167 4955 3432 5011 dicentem
3463 4974 3475 5008 :

1897 5049 1958 5102 Et
1988 5051 2079 5102 erit
2135 5050 2186 5101 in
2235 5049 2434 5118 signum
2465 5047 2744 5101 testamenti
2771 5063 2790 5099 :
2825 5047 2973 5116 quasi
3023 5047 3480 5100 demonstranlem

1895 5139 2039 5207 ipsos
2064 5139 2133 5193 ob
2161 5139 2379 5192 multam
2411 5137 2710 5193 socordiam
2748 5138 2838 5192 tali
2877 5138 3030 5207 signo
3055 5137 3377 5207 indiguisse?
3407 5137 3482 5190 Ita

1894 5232 2035 5282 enim
2067 5241 2121 5284 et
2162 5231 2217 5283 in
2261 5229 2506 5283 humanis
2535 5229 2696 5283 rebus
2742 5244 3140 5296 nonnumquam
3179 5228 3290 5282 fieri
3322 5228 3481 5282 solet.

1895 5322 2119 5388 Quando
2154 5337 2257 5379 non
2291 5322 2547 5376 habemus
2569 5321 2831 5389 aliquibus
2855 5321 3036 5384 tidem,
3059 5334 3307 5374 curamus
3335 5329 3391 5374 ut
3419 5322 3488 5374 ab

1900 5414 2029 5482 ipsis
2066 5414 2272 5479 signum
2323 5413 2558 5482 pignoris
2597 5411 2714 5464 loco
2771 5413 3089 5480 rccipizunus
3119 5429 3131 5466 :
3161 5412 3406 5467 similiter
3435 5422 3492 5466 et

1900 5507 2136 5556 omnium
2191 5505 2442 5556 Dominus
2491 5503 2666 5555 sciens
2708 5502 2943 5570 ipsorum
2990 5503 3150 5555 animi
3185 5503 3490 5556 inconstan-

1903 5598 2058 5657 tiam,
2095 5596 2194 5649 hoc
2222 5596 2288 5646 ab
2315 5596 2392 5646 cis
2430 5595 2637 5663 signant
2687 5605 2868 5663 petere
2899 5596 3100 5650 voluit:
3130 5610 3236 5649 non
3268 5607 3323 5650 ut
3345 5609 3487 5650 sem-

1966 5764 1981 5793 ‘
2019 5769 2135 5809 \‘ov.
2173 5763 2527 5824 testamentum.
2563 5755 2638 5804 hic
2678 5755 2881 5824 intelligi
2917 5755 3300 5824 debetmactum
3321 5751 3494 5813 Italus,

1904 5826 2040 5888 cuius
2061 5823 2252 5886 signum
2277 5826 2328 5869 ct
2344 5817 2611 5882 symbolum
2636 5826 2741 5869 erat
2762 5816 3086 5866 circumcisio.
