4056 6508
636 453 736 510 367

626 578 725 635 per
752 573 964 620 maneat
984 563 1193 636 signum
1217 564 1315 619 hoc
1338 604 1355 632 ,
1372 563 1464 620 sed
1495 575 1550 618 ut
1571 574 1848 635 postquam
1874 563 2088 634 antiqua
2113 563 2203 616 illa

633 657 793 710 tinem
836 657 1159 726 acceperint,
1185 666 1240 710 et
1267 655 1400 726 signi
1430 670 1560 710 usus
1584 655 1872 710 auferatur.
1903 653 2036 709 Nam
2068 655 2206 710 sicut

626 750 716 818 qui
744 750 953 818 signum
975 755 1260 820 espetunt‘,
1286 758 1340 803 et
1362 749 1549 818 pignus
1575 748 1817 817 accipere
1850 747 2056 812 volunt,
2083 759 2204 800 cum

626 838 896 908 negotium
944 841 1229 910 perfectum
1271 837 1465 902 fuerit,
1493 849 1618 894 tunc
1650 849 1703 893 et
1727 838 1936 907 signum
1969 836 2154 891 tollunt
2187 853 2202 889 :

625 932 695 985 ita
719 934 878 986 etiam
908 932 994 988 hic
1015 947 1134 986 eum
1159 974 1172 989 .
1213 940 1270 985 ut
1314 931 1538 1000 papulus
1557 929 1647 985 ille
1675 937 1824 984 ortus
1844 945 1872 982 a
1904 927 2202 998 patriarcha

623 1025 940 1094 conspicuus
989 1024 1140 1078 lieret
1164 1063 1179 1086 ,
1223 1024 1431 1094 signum
1475 1021 1762 1092 δουρυά
1798 1035 1895 1076 vos
1918 1022 1934 1053 ³
1967 1019 2207 1075 introdu-

622 1122 764 1167 ctum
786 1113 877 1176 sit,
906 1114 1187 1183 oportebat
1205 1123 1480 1184 postquam
1498 1120 1682 1182 gentes
1703 1110 1807 1166 illa:
1835 1119 2053 1180 propter
2071 1123 2203 1180 quas

620 1204 827 1272 signum
876 1206 1157 1275 accepistis
1181 1246 1198 1271 ,
1231 1205 1420 1274 partim
1451 1202 1642 1259 deleta:
1672 1212 1796 1257 sunt
1821 1244 1836 1269 ,
1867 1203 2054 1272 partim
2085 1211 2201 1270 pou

618 1293 740 1348 illos
762 1293 828 1349 ad
860 1297 1095 1350 veritatis
1117 1296 1284 1350 lucem
1302 1305 1639 1351 accesserunt
1663 1337 1678 1360 ,
1709 1309 1813 1349 non
1834 1296 1944 1363 jam
1971 1295 2198 1364 amplius

618 1385 844 1455 propria:
875 1385 1225 1456 improbitatis
1267 1385 1518 1463 indicium
1544 1386 1885 1442 circumferre
1904 1427 1918 1449 ,
1951 1385 2043 1440 sed
2072 1386 2202 1439 libe-

617 1489 707 1529 ros
732 1490 883 1541 esse,
907 1486 962 1530 et
1003 1476 1069 1530 ad
1100 1477 1376 1546 pristinam
1399 1478 1735 1532 nobilitatem
1766 1477 1961 1532 redire.
2015 1474 2197 1546 Cogita

616 1567 760 1621 enim
810 1567 1062 1622 eximium
1096 1566 1244 1622 illum
1274 1567 1628 1638 patriarcbam
1652 1608 1667 1634 ,
1700 1569 2006 1638 priusquam
2056 1567 2198 1620 acci-

616 1667 766 1725 peret
794 1658 1217 1714 circumcisionis
1257 1659 1561 1713 mandatum
1605 1658 1916 1732 (nonaginta
1963 1657 2106 1712 enim
2141 1665 2196 1711 et

614 1763 804 1804 novem
829 1764 1090 1804 annorum
1118 1759 1232 1804 erat
1257 1749 1469 1818 quando
1513 1750 1614 1804 hoc
1641 1749 1689 1803 ei
1717 1756 2040 1818 praeceptum
2067 1749 2190 1817 est),

611 1848 884 1908 acceptum
907 1839 1069 1893 fuisse
1091 1839 1220 1900 Deo,
1250 1849 1304 1894 et
1325 1840 1626 1896 sexcenties
1648 1855 1678 1893 a
1709 1839 1932 1894 Domino
1958 1838 2196 1895 celebra-

611 1941 742 1984 tum.
771 1930 835 1984 Et
851 1931 970 1999 quia
996 1932 1301 2000 propediem
1321 1932 1698 2001 promissiones
1714 1941 1866 1986 erant
1888 1931 2188 2001 implenda,

611 2019 1014 2092 nasciturusque
1043 2021 1186 2076 Isaac
1209 2063 1226 2089 ,
1249 2031 1302 2076 et
1328 2021 1626 2092 augendum
1654 2037 1820 2092 genus
1839 2062 1854 2087 ,
1886 2033 1938 2076 et
1969 2021 2190 2091 patriar-

607 2108 723 2164 clue
763 2110 1128 2181 emigraudum
1175 2123 1290 2166 erat
1318 2128 1382 2165 ex
1411 2111 1511 2166 bac
1544 2112 1647 2165 vita
1669 2153 1685 2175 ,
1715 2122 1839 2166 tunc
1863 2113 2074 2167 demum
2101 2127 2193 2166 ac-

608 2201 732 2270 cipit
763 2201 1069 2256 mandatum
1115 2202 1576 2267 circumcisionis,
1607 2202 1736 2256 etin
1766 2203 1851 2255 tali
1880 2212 2038 2258 aetate
2080 2205 2190 2257 cir-

606 2290 944 2355 cumciditur,
965 2299 1022 2343 ut
1047 2291 1274 2360 posteris
1295 2291 1540 2344 omnibus
1566 2291 1649 2344 lex
1672 2291 1912 2359 quadam
1930 2301 1984 2346 et
2008 2293 2188 2362 regula

609 2379 796 2434 flerent
822 2395 884 2435 ea
913 2396 1033 2450 qua:
1064 2379 1358 2449 patriarcha
1390 2382 1533 2448 prior
1557 2379 1774 2435 fecerat.

675 2470 729 2524 5.
765 2468 833 2524 Et
877 2481 934 2524 ut
979 2469 1253 2525 evidenter
1285 2470 1502 2544 discatis
1527 2511 1543 2538 ,
1572 2469 1753 2526 dilecti
1775 2512 1791 2538 ,
1820 2471 1921 2526 boc
1965 2472 2094 2526 nihil
2123 2472 2188 2526 ad

602 2557 794 2614 animze
817 2559 1061 2614 virtutem
1078 2559 1400 2622 conducere,
1424 2575 1488 2615 es
1507 2560 1572 2614 iis
1585 2576 1704 2630 qua:
1729 2559 1866 2615 facta
1882 2572 2004 2616 sunt
2023 2561 2188 2616 videri

1351 452 1409 507 S.
1448 450 1723 509 JOANNIS
1761 447 2230 508 CllRYSOSTOII
2271 449 2589 508 ARCHIEP.
2629 453 3161 512 CONSTANTINOP.

3803 464 3896 520 36!

2311 577 2370 617 se
2395 561 2556 618 ferret
2579 606 2594 627 ,
2641 566 2841 622 audivit
2871 585 2886 622 :
2917 567 3142 624 Credidit
3171 579 3338 625 nutet»
3373 571 3629 625 Abraham
3671 571 3782 628 Deo
3804 615 3820 639 ,
3855 589 3895 631 u

2309 664 2597 723 reputatum
2628 667 2701 711 est
2727 659 2772 712 ei
2796 659 2848 712 in
2863 661 3119 731 justitiam
3149 661 3340 733 (Itoni.
3371 663 3426 717 4.
3455 664 3490 718 3
3509 666 3550 732 ).
3581 664 3716 720 Cum
3749 667 3897 737 igitur

2310 753 2456 799 esset
2489 745 2598 815 jam
2631 745 2808 815 justus
2849 750 2921 803 ob
2958 764 3109 805 suam
3159 753 3212 806 in
3245 753 3410 808 Deum
3462 753 3626 809 tidem
3654 797 3670 819 ,
3700 766 3825 812 tunc
3851 759 3894 813 in

2309 835 2518 904 signum
2547 836 3008 894 circumcisionem
3046 844 3252 912 accepit
3282 861 3296 896 :
3325 855 3380 898 et
3423 845 3652 915 primum
3691 849 3894 916 quidem

2310 927 2512 981 nomini
2541 927 2656 997 ejus
2684 929 2836 984 litera
2863 930 3099 997 additur,
3126 933 3326 989 deinde
3353 947 3531 992 autem
3561 938 3896 993 circumcisio

2310 1016 2633 1085 imperatur:
2666 1033 2772 1088 quo
2792 1021 3022 1075 ostendit
3053 1022 3194 1078 Deus
3218 1026 3367 1079 seob
3397 1028 3618 1081 multam
3652 1029 3895 1084 virtutem

2301 1105 2502 1176 justum
2527 1111 2868 1178 peculiariter
2891 1109 3175 1182 adoplasse
3197 1154 3213 1179 ,
3242 1125 3295 1170 et
3321 1125 3542 1187 propter
3568 1119 3716 1172 illum
3746 1123 3895 1174 etiam

2305 1213 2400 1252 eos
2425 1200 2512 1267 qui
2541 1214 2605 1254 ex
2633 1216 2700 1256 eo
2725 1203 2975 1257 nascituri
3005 1215 3177 1258 erant.
3207 1206 3274 1260 Et
3299 1209 3751 1276 quemadmodum
3783 1228 3896 1265 cum

2304 1290 2424 1358 quis
2453 1305 2672 1346 servum
2717 1298 3138 1363 comparaverit,
3183 1312 3376 1352 nomen
3407 1300 3522 1367 ejus
3562 1310 3617 1352 et
3660 1300 3892 1353 habitum

2303 1393 2447 1449 smpe
2479 1381 2744 1445 immutat.
2769 1385 3056 1455 omniaque
3086 1386 3233 1452 facit,
3263 1400 3319 1442 ut
3339 1391 3539 1443 sciatur
3569 1391 3739 1458 ipsius
3761 1407 3895 1451 me.

2305 1485 2367 1526 ac
2391 1473 2491 1528 sub
2531 1474 2686 1542 cujus
2710 1475 2777 1528 sit
2808 1475 3080 1530 dominatu
3111 1493 3222 1547 prtc
3242 1493 3304 1534 se
3333 1479 3464 1534 forat
3497 1497 3510 1527 τ
3545 1481 3617 1532 ita
3650 1482 3894 1534 nimirum

2300 1574 2356 1619 et
2384 1566 2621 1620 omnium
2653 1567 2938 1634 Dominus,
2965 1569 3114 1639 quasi
3141 1569 3364 1640 posthac
3390 1585 3642 1638 separare
3671 1587 3769 1626 eos
3808 1588 3894 1623 vo-

2303 1657 2418 1711 lens
2458 1656 2526 1709 ab
2556 1657 2674 1712 aliis
2699 1657 3000 1713 hominibus
3020 1701 3034 1720 .
3062 1660 3268 1730 adjecta
3296 1660 3508 1730 quidem
3543 1661 3694 1715 litera
3724 1663 3894 1716 decla-

2300 1747 2434 1800 ravit
2455 1747 2600 1800 illum
2623 1748 2905 1803 multorum
2930 1751 3240 1819 populorum
3269 1751 3383 1806 fore
3407 1766 3646 1820 patrem;
3669 1753 3895 1806 circum-

2299 1837 2500 1891 cisioue
2526 1845 2702 1892 autem
2722 1839 2837 1907 ejus
2860 1841 3109 1909 populum
3138 1841 3446 1896 distinctum
3470 1841 3604 1904 lore,
3633 1853 3690 1898 et
3714 1857 3893 1898 semen

2298 1941 2362 1982 es
2389 1941 2453 1981 eo
2475 1927 2796 1982 nasciturum
2818 1929 2886 1982 ab
2903 1929 3021 1982 aliis
3039 1930 3286 1999 gentibus
3305 1940 3723 2002 sequestratum.
3746 1931 3895 1997 Quod

2297 2021 2342 2073 si
2385 2028 2440 2074 et
2485 2019 2560 2074 illi
2589 2020 2658 2074 ob
2700 2021 2994 2076 cccitatem
3041 2035 3192 2076 suam
3231 2021 3402 2077 adhuc
3439 2037 3659 2077 servare
3714 2025 3894 2077 volunt

2297 2109 2474 2163 carnis
2500 2109 2983 2176 circumcisionem,
3017 2125 3122 2166 non
3140 2111 3417 2168 audientes
3447 2114 3642 2168 iterum
3665 2112 3886 2167 Paulum

2297 2198 2560 2253 dicentem
2580 2217 2593 2252 :
2613 2199 2674 2253 Si
2684 2200 3118 2262 circumcidimim’,
3136 2200 3364 2256 Christus
3375 2203 3503 2256 nihil
3524 2202 3660 2256 uobis
3672 2204 3893 2270 proderit

2297 2289 2316 2358 (
2340 2287 2510 2343 (ἔπιθι.
2543 2289 2596 2344 5.
2626 2288 2700 2359 Ω)
2733 2289 2896 2361 (nam
2935 2298 3154 2359 propter
3192 2291 3308 2346 bac
3346 2291 3561 2346 advenit
3592 2292 3852 2348 Dominus
3875 2334 3889 2354 .

2298 2389 2353 2431 ut
2381 2377 2560 2432 omnia
2590 2378 2678 2432 illa
2705 2377 2936 2441 tolleret,
2967 2390 3129 2450 atque
3157 2380 3276 2435 ideo
3302 2389 3466 2435 totam
3498 2381 3670 2450 legem
3707 2382 3891 2446 imple-

2296 2469 2392 2534 vit,
2427 2476 2484 2522 ut
2505 2467 2635 2538 legis
2661 2467 2966 2524 observatio
2996 2471 3154 2524 linem
3174 2469 3394 2525 baberet
3421 2488 3436 2527 :
3461 2469 3660 2524 idcirco
3682 2469 3892 2525 dicebat

2297 2558 2482 2612 beatus
2502 2556 2696 2612 Paulus
2721 2573 2736 2610 :
2762 2556 3074 2626 Quicumque
3092 2559 3146 2612 in
3165 2558 3652 2630 legejustiﬁcatnitti,
3679 2575 3714 2610 ο
3733 2562 3893 2628 gratis

602 2658 796 2720 potest.
824 2651 932 2704 Cur
950 2651 1089 2706 enim
1111 2651 1203 2714 ait,
1231 2651 1356 2705 Octo
1379 2654 1570 2706 dierum
1590 2653 1760 2724 infans
1786 2654 2193 2709 circumsidetur?
2286 2649 2551 2704 czcidistis
2579 2647 2742 2722 [μω.
2773 2665 2822 2703 ν.
2855 2646 2949 2722 61)
2975 2669 2990 2704 :
3038 2664 3224 2704 verum
3265 2664 3364 2704 nos
3404 2663 3691 2720 pareamus
3740 2651 3892 2704 beato

603 2739 837 2812 Tempus
853 2740 1128 2798 delinitqu
1150 2757 1269 2798 csse
1289 2758 1318 2797 a
1340 2743 1567 2812 benigno
1586 2744 1693 2798 Deo
1710 2744 1915 2798 duabus
1934 2745 2001 2799 de
2015 2747 2189 2799 causis

607 2833 798 2902 opinor
827 2851 842 2888 :
872 2848 976 2888 uua
999 2875 1014 2897 ,
1044 2843 1100 2888 ut
1130 2835 1183 2888 in
1212 2845 1371 2891 aetate
1401 2835 1676 2890 immatura
1718 2835 1924 2890 facilius
1951 2851 2183 2893 circum-

601 2921 820 2978 cisionis
854 2924 904 2977 in
934 2939 1095 2979 carne
1121 2925 1420 2979 molestiam
1462 2924 1604 2982 ferre
1631 2934 1842 2995 posset;
1871 2927 1973 2980 alia
2015 2936 2071 2981 ut
2095 2943 2183 2984 re-

601 3011 703 3066 bus
731 3010 860 3084 lpsls
893 3012 1221 3069 disceremus
1250 3014 1301 3069 id
1325 3015 1520 3070 anima:
1550 3014 1681 3070 nibil
1719 3016 2046 3082 conducere,
2089 3020 2182 3074 sed

600 3099 704 3158 boc
733 3101 846 3157 fieri
872 3103 1007 3173 signi
1036 3104 1223 3173 gratia.
1255 3104 1392 3158 Puer
1414 3106 1558 3159 enim
1587 3107 1900 3162 immaturus
1919 3148 1935 3174 ,
1965 3122 2087 3164 cum
2117 3125 2180 3164 ea

603 3209 726 3263 qua:
751 3192 885 3249 fiunt
913 3195 1144 3265 ignorat,
1169 3209 1341 3262 neque
1366 3211 1581 3251 sensum
1606 3211 1792 3252 eorum
1815 3198 1995 3261 habet,
2025 3215 2184 3269 quam

603 3282 729 3338 inde
772 3285 824 3338 in
863 3285 1040 3339 anima
1083 3299 1175 3337 sua
1215 3286 1493 3340 utilitatem
1532 3288 1774 3356 accipere
1814 3288 2053 3358 poterit!
2092 3289 2182 3344 Illa

601 3373 746 3429 enim
780 3381 904 3429 sunt
933 3388 1056 3429 vere
1084 3373 1218 3428 bona
1245 3389 1406 3443 opera
1436 3373 1660 3437 anime,
1691 3391 1810 3444 qua:
1837 3391 1903 3430 ex
1927 3377 2185 3432 electione

603 3464 755 3517 nunt.
786 3462 990 3518 Anima:
1018 3464 1160 3518 enim
1183 3463 1377 3518 bonum
1403 3479 1536 3534 opus
1566 3474 1650 3520 est
1679 3465 1923 3520 virtutem
1949 3468 2146 3536 eligere
2165 3509 2182 3531 ,

600 3561 656 3608 et
677 3553 930 3607 malitiam
951 3551 1164 3624 fugere;
1186 3555 1377 3608 anima:
1396 3553 1596 3608 bonum
1616 3570 1748 3624 opus
1768 3566 1871 3620 est,
1894 3573 1998 3610 non
2025 3556 2186 3611 modo

602 3659 710 3699 non
742 3645 890 3714 plura
912 3659 1071 3713 quam
1101 3654 1312 3713 oportet
1338 3645 1717 3714 concupiscere
1740 3687 1755 3710 ,
1789 3645 1881 3700 sed
1916 3648 2075 3701 etiam
2103 3645 2181 3701 fa-

601 3734 827 3788 cultates
865 3733 1100 3788 tribuere
1143 3732 1540 3800 indigentibus;
1591 3736 1781 3790 anima:
1820 3737 2014 3789 bonum
2052 3752 2184 3804 opus

602 3834 684 3877 est
707 3863 723 3888 ,
757 3838 861 3876 non
885 3822 1152 3877 addictum
1190 3837 1311 3878 esse
1355 3823 1512 3878 rebus
1555 3824 1938 3894 przescutibus,
1971 3825 2065 3880 sed
2093 3842 2184 3881 eas

606 3915 819 3983 quidem
848 3913 1158 3982 despicere,
1191 3911 1396 3968 futuras
1432 3924 1609 3969 autem
1638 3916 1892 3970 continuo
1924 3918 1974 3970 in
2005 3917 2185 3970 animo

601 4004 820 4059 habere.
848 4005 902 4059 In
931 4020 1089 4059 carne
1113 4019 1240 4059 vero
1268 4004 1476 4074 signum
1507 4006 1769 4075 accipere,
1797 4008 1954 4075 quale
1984 4008 2180 4061 bonum

602 4111 735 4164 opus
777 4093 976 4147 fuerit?
1007 4093 1199 4148 Verum
1245 4093 1434 4161 ingrati
1479 4093 1551 4147 illi
1595 4101 1649 4147 ct
1695 4096 1948 4149 iusensati
1973 4095 2140 4150 1υὰιυί
2171 4137 2184 4159 ,

604 4185 844 4254 quamvis
867 4185 973 4253 jatn
998 4184 1227 4237 illuxerit
1251 4185 1466 4250 veritas,
1495 4183 1668 4237 adhuc
1695 4185 1746 4237 in
1769 4188 1953 4239 umbra
1981 4185 2188 4253 sedent,

604 4285 657 4332 et
687 4277 933 4344 quamvis
963 4275 1040 4328 sol
1060 4274 1278 4344 justitizc
1301 4272 1576 4338 affulserit,
1605 4275 1694 4342 qui
1717 4273 1851 4328 lucis
1877 4291 1985 4330 suae
2010 4275 2189 4331 radios

572 4414 579 4421 ,
605 4366 836 4436 ttudique
860 4366 1054 4428 emisit,
1077 4365 1250 4418 adhuc
1279 4365 1586 4419 lucernaria:
1611 4366 1714 4420 luci
1742 4376 1866 4420 sunt
1889 4367 2080 4421 addicti
2103 4386 2117 4434 ;
2138 4378 2192 4424 et

603 4457 844 4528 quamvis
892 4459 960 4510 sit
1005 4468 1212 4523 tempus
1257 4465 1312 4508 ttt
1353 4454 1524 4509 solido
1561 4465 1845 4524 pascantur
1887 4458 2042 4521 cibo,
2092 4461 2188 4528 ipsi

604 4550 780 4604 adhuc
802 4551 932 4602 lacte
963 4550 1306 4611 nutriuntur;
1335 4561 1508 4616 neque
1529 4547 1736 4600 beatum
1762 4548 1977 4601 Paulum
2007 4552 2189 4605 audire

606 4639 790 4693 volunt
811 4637 1121 4692 clamantem
1139 4653 1185 4692 et
1207 4637 1468 4692 dicentem
1489 4635 1555 4690 de
1575 4637 1866 4705 patriarcha
1886 4656 1900 4692 :
1918 4638 1980 4691 Et
1996 4642 2190 4709 signum

607 4728 798 4799 occepit
822 4727 1242 4791 circmncisionis,
1267 4727 1581 4795 signaculum
1595 4727 1814 4795 justitite
1836 4728 1955 4794 ﬁdei
1979 4745 2092 4797 quur
2119 4741 2192 4784 est

608 4821 660 4872 in
684 4817 931 4888 prceputio
960 4815 1143 4886 (Rom.
1175 4816 1227 4870 ι.
1255 4816 1311 4869 ll
1341 4817 1379 4882 ).
1413 4814 1544 4868 Vide
1563 4817 1828 4884 quomodo
1853 4827 2074 4887 utraque
2095 4835 2192 4874 nos

611 4910 809 4976 docuit,
843 4917 896 4964 et
922 4910 1093 4978 ipsum
1122 4908 1392 4976 accepisse
1417 4907 1551 4977 signi
1577 4909 1692 4961 loco
1711 4909 2189 4973 circumcisionem,

613 5012 813 5057 etcum
863 5003 1203 5071 prmputiatus
1248 5007 1364 5054 erat
1389 5041 1404 5064 ,
1428 4999 1685 5067 justitiam
1723 5015 1842 5069 qua:
1879 5011 1959 5054 est
1997 5017 2060 5056 ea
2092 5001 2192 5056 lldc

611 5092 927 5147 ostendisse.
956 5090 1084 5145 Nam
1115 5103 1179 5143 ne
1209 5088 1540 5157 impudenter
1559 5087 1773 5141 Judzuus
1793 5088 1937 5142 dicat
1967 5108 1980 5143 :
2009 5089 2194 5144 Nonne

612 5183 948 5242 circumcisio
991 5182 1040 5236 ei
1079 5179 1337 5250 justitiam
1381 5181 1722 5234 conciliavit?
1765 5179 1963 5235 idcirco
2010 5182 2194 5237 beatus

619 5279 706 5332 ille
732 5277 796 5330 ad
824 5275 984 5344 pedes
1015 5271 1319 5328 Gamalielis
1352 5270 1590 5326 eruditus
1618 5271 1768 5342 (Act.
1803 5273 1891 5326 22.
1921 5275 2028 5342 3),
2060 5283 2112 5327 et
2143 5276 2194 5328 in

616 5369 731 5438 lege
771 5365 1008 5435 apprime
1054 5364 1322 5418 institutus
1345 5405 1357 5424 ,
1391 5361 1559 5432 inquit
1592 5383 1604 5418 :
1634 5362 1711 5416 Ne
1745 5364 1937 5430 putetis
1960 5404 1977 5427 ,
2021 5365 2190 5434 impu~
2247 5384 2262 5401 ο

616 5459 802 5512 dentes
826 5454 1015 5520 Judaei,
1044 5453 1496 5508 circumcisionem
1521 5452 1616 5520 ipsi
1639 5452 1835 5521 aliquid
1855 5452 1919 5505 ad
1938 5452 2195 5521 justitiam

616 5547 904 5603 contulisse
931 5561 944 5599 :
970 5559 1092 5598 nam
1121 5557 1239 5596 cum
1261 5541 1352 5594 illo
1378 5550 1612 5609 tempore
1639 5541 1876 5609 prmputii
1909 5543 2064 5596 titlcm
2089 5557 2196 5610 pra:

684 5705 701 5735 ³
735 5704 896 5759 savil.,
937 5699 1007 5752 ita
1041 5700 1184 5750 etiam
1231 5697 1328 5764 hic,
1369 5708 1496 5762 cum,
1535 5702 1584 5742 ut
1619 5695 1990 5764 distutquerctur
2037 5713 2195 5749 semen

615 5764 841 5816 Abrahw.
875 5772 916 5812 ct
941 5774 1031 5810 non
1053 5774 1162 5811 cum
1184 5759 1396 5819 qemibns
1421 5759 1717 5814 misceretur,
1746 5759 1930 5820 signum
1955 5760 2040 5807 hoc
2067 5774 2192 5824 opus

618 5839 717 5875 l'US.

2294 2739 2438 2804 huic,
2461 2748 2516 2794 et
2531 2754 2636 2794 non
2655 2739 3008 2794 manufaetam
3025 2739 3487 2794 circumcisionem
3505 2741 3886 2808 suscipiamus.

2297 2832 2433 2887 Dicit
2455 2832 2601 2887 enim
2621 2873 2636 2895 .
2666 2831 2734 2885 In
2758 2848 2856 2901 quo
2889 2831 3173 2884 circumcisi
3213 2832 3330 2884 estis
3361 2831 3749 2884 circumcisione
3789 2848 3886 2884 non

2293 2925 2607 2994 πεπαίσθω,
2651 2924 2705 2978 iu
2728 2922 3098 2992 despoliutione
3125 2932 3446 2992 peccatorum
3475 2923 3644 2976 carnis
3665 2963 3682 2983 .
3714 2925 3768 2976 in
3795 2925 3869 2975 cir

2291 3014 2593 3070 cumcisions
2615 3013 2804 3070 Christi
2827 3017 2846 3083 (
2867 3015 3061 3069 (ἐρίοιο.
3091 3014 3147 3068 2.
3178 3015 3236 3068 ll
3261 3016 3301 3083 ).
3335 3013 3536 3068 Deinde
3558 3014 3766 3068 docens
3794 3030 3865 3068 nn

2293 3105 2602 3175 diligentius
2646 3104 2772 3174 quid
2804 3106 2872 3156 sit
2915 3103 3178 3172 ejusmodi
3247 3103 3618 3165 circumcisio.
3667 3104 3843 3158 subdit
3878 3125 3888 3157 τ

2292 3197 2582 3269 Consepulti
2633 3199 2678 3252 ei
2703 3199 2758 3251 in
2797 3197 3044 3266 baptismo
3075 3193 3252 3268 (Ibid.
3303 3212 3352 3249 ν.
3405 3195 3520 3264 Si).
3564 3195 3716 3251 Sicut
3748 3199 3889 3251 enim

2294 3288 2411 3342 illos
2435 3287 2849 3342 circumcisionis
2879 3287 3088 3356 signum
3112 3285 3180 3338 ab
3223 3285 3341 3340 aliis
3366 3285 3611 3355 gentibus
3641 3300 3888 3356 segrega-

2292 3378 2414 3442 bat,
2439 3386 2494 3432 et
2517 3376 2916 3431 demonstrabat
2940 3389 3035 3430 eos
3081 3375 3422 3444 peculiariter
3459 3375 3524 3428 ad
3553 3375 3724 3430 Deum
3768 3391 3889 3445 per-

2293 3469 2462 3522 tinere
2505 3485 2519 3521 :
2551 3465 2712 3520 simili
2743 3465 2902 3518 modo
2927 3466 3089 3520 etiam
3129 3465 3268 3535 apud
3295 3480 3394 3520 nos
3432 3467 3773 3520 circumcisio
3801 3482 3892 3535 per

2293 3557 2612 3626 baptismum
2636 3555 3017 3610 evidentiorem
3036 3554 3158 3609 facit
3182 3555 3576 3624 separationem
3605 3565 3661 3610 et
3685 3557 3889 3610 dist-reo

2289 3647 2489 3702 tionem
2518 3644 2751 3701 ﬁdelium
2777 3655 2830 3700 et
2859 3645 3170 3700 inﬁdelium.
3204 3645 3339 3700 Dicit
3365 3647 3508 3700 enim
3539 3665 3552 3698 :
3593 3645 3777 3716 Inque
3795 3650 3890 3700 cir-

2292 3738 2499 3790 cumcisi
2510 3738 2626 3791 estis
2641 3736 3016 3801 circumcisione
3025 3752 3124 3789 non
3137 3735 3444 3803 manufsrta.
3465 3737 3517 3789 iu
3529 3738 3890 3804 despoliamur

2293 3840 2610 3899 peccatorum
2629 3829 2816 3882 carnis.
2853 3826 2984 3882 Nam
3013 3827 3063 3882 id
3089 3827 3232 3897 quod
3264 3827 3369 3882 illic
3384 3837 3642 3895 operatur
3659 3830 3887 3882 circum-

2292 3921 2425 3974 cisio
2445 3919 2499 3974 in
2515 3919 2902 3989 depositionem
2922 3919 3226 3984 carnis,boc
3255 3919 3344 3974 hic
3378 3920 3485 3986 agit
3515 3921 3816 3989 baptismus
3843 3923 3890 3972 in

2294 4011 2681 4079 depositionem
2726 4018 3084 4080 peccatorum.
3149 4008 3310 4079 Igitur
3351 4011 3440 4080 qui
3501 4011 3672 4064 semel
3718 4014 3892 4065 carnis

2297 4112 2524 4170 peccata.
2557 4100 2834 4165 exuimus,
2875 4111 2930 4155 et
2969 4116 3156 4170 puram
3203 4100 3370 4153 induti
3412 4115 3596 4154 sumus
3647 4112 3852 4154 vestem
3876 4143 3890 4157 .

2297 4204 2624 4255 maneamus,
2655 4189 2858 4254 dilecti,
2889 4191 2940 4243 in
2967 4191 3212 4259 puritate.
3238 4201 3292 4242 et
3317 4189 3688 4244 affectionibus
3713 4192 3891 4244 carnis

2297 4281 2600 4349 superiores
2614 4280 2734 4333 facti
2751 4281 2995 4333 virtutem
3016 4280 3398 4348 amplexcmur.
3423 4279 3482 4332 Et
3501 4279 3593 4347 qui
3609 4279 3713 4332 sub
3727 4281 3892 4346 gratia

2297 4385 2512 4435 sumus,
2540 4385 2662 4425 eum
2681 4371 2769 4440 qui
2793 4371 2846 4424 in
2868 4371 3011 4440 lege,
3047 4371 3153 4423 imo
3178 4380 3300 4424 ante
3326 4369 3498 4437 legem
3529 4369 3646 4433 ftiit,
3677 4373 3896 4424 temule-

2298 4477 2458 4517 mur:
2492 4471 2550 4516 ut
2577 4475 2698 4516 cum
2724 4462 2944 4530 vestigia
2964 4461 3080 4529 ejus
3119 4460 3390 4528 sequendo
3435 4460 3598 4514 vitam
3647 4469 3892 4514 nostrain

2299 4553 2595 4607 rexerimus
2617 4592 2633 4615 ,
2682 4565 2986 4606 mereamur
3024 4551 3078 4605 in
3127 4552 3268 4604 illius
3305 4552 3453 4604 sinus
3489 4566 3800 4612 occurrere,
3846 4564 3898 4606 et

2299 4641 2638 4710 sempiternis
2680 4639 2780 4694 irui
2809 4639 2994 4703 bonis,
3032 4641 3200 4710 gratia
3236 4649 3292 4694 et
3332 4640 3656 4708 benignitate
3685 4641 3896 4696 Domini

2299 4731 2465 4784 nostri
2495 4728 2621 4783 Jesu
2645 4726 2878 4792 Christi,
2906 4742 3028 4781 cum
3059 4742 3166 4797 quo
3199 4728 3361 4790 Patri,
3384 4737 3441 4782 et
3463 4726 3685 4798 Spiritui
3709 4743 3898 4785 sancto

2301 4820 2369 4874 sit
2395 4819 2586 4887 gloria,
2610 4818 2890 4885 imperium
2912 4825 2968 4871 et
3003 4818 3172 4872 honor
3193 4856 3206 4882 ,
3247 4830 3387 4872 nunc
3411 4826 3467 4872 et
3493 4833 3728 4889 semper,
3760 4828 3818 4874 et
3847 4822 3896 4872 in

2299 4911 2488 4966 sarcula
2515 4907 2850 4965 seculorum.
2880 4913 3070 4964 Amen.

2876 5043 3155 5099 llOMlLIA
3196 5043 3308 5098 XL.

2303 5155 2368 5208 Et
2414 5155 2542 5208 dixit
2585 5153 2726 5207 Deus
2772 5155 2988 5208 Abram:
3013 5171 3032 5208 :
3074 5153 3207 5208 Sara
3237 5170 3367 5208 uxor
3393 5165 3480 5207 tua
3509 5173 3610 5209 non
3639 5135 3891 5210 vocabitur

2398 5247 2549 5307 Sum.
2581 5248 2668 5300 sed
2697 5246 2858 5300 Sarra
2890 5247 2982 5298 erit
3011 5263 3190 5299 nomen
3223 5247 3332 5317 ejus
3356 5245 3518 5318 (Gen.
3545 5248 3633 5303 Π.
3665 5249 3735 5304 15
3757 5251 3798 5320 ).

2380 5339 2429 5390 l.
2465 5340 2576 5406 Age
2609 5337 2863 5404 reliquias
2901 5336 3163 5391 hesterna:
3205 5354 3401 5392 mensae
3428 5339 3579 5393 vobis
3627 5354 3890 5412 propona-

2307 5443 2444 5493 mus,
2477 5438 2529 5481 ct
2557 5428 2716 5483 tinctu
2751 5428 2909 5480 liodie
2939 5429 3273 5496 imponamus
3297 5431 3556 5492 sermoni,
3590 5432 3700 5486 imo
3729 5434 3890 5487 bene-

2306 5519 2523 5574 dictioui
2566 5529 2619 5571 et
2651 5517 2987 5586 promissioni
3027 5535 3183 5587 quam
3232 5520 3354 5574 fecit
3381 5523 3756 5578 universatim
3798 5523 3892 5577 Do-

2309 5612 2483 5664 minus
2513 5609 2848 5678 patriarcbze.
2899 5609 3092 5664 Verum
3130 5613 3352 5666 audiens
3376 5613 3634 5683 reliquias
3659 5630 3889 5676 mensa.

2308 5718 2374 5757 ne
2404 5703 2528 5771 quid
2557 5700 2809 5754 sensibile
2831 5701 3155 5768 suspiceris:
3186 5718 3356 5772 neque
3381 5704 3524 5757 enim
3551 5705 3745 5774 quales
3778 5717 3891 5760 sunt

2310 5794 2608 5848 eduliorum
2653 5792 3012 5856 sensibilium,
3064 5794 3194 5848 tales
3240 5795 3596 5865 spiritualium
3639 5799 3888 5868 ηἰῖδιὶικ
