4056 6496
176 602 306 660 Illa:
360 602 503 658 enim
531 616 654 656 cum
704 597 907 670 frigida:
953 595 1103 652 facta:
1146 592 1340 647 fuerint
1366 633 1378 655 ,
1409 590 1546 644 haud
1595 602 1775 660 parent

172 696 516 766 voluptatem
537 689 963 750 convivatoribus
987 693 1272 757 priestant:
1303 699 1424 738 nam
1446 685 1491 736 si
1519 681 1585 736 ad
1614 696 1774 733 unum

173 798 284 842 aut
325 788 554 844 alterum
580 787 724 841 diem
750 781 947 836 fuerint
974 786 1256 834 reservata:
1275 815 1291 840 ,
1322 774 1536 829 inutiles
1557 770 1776 826 omnino

175 878 325 934 ﬁunt
345 899 358 934 :
387 878 500 932 ista
520 890 648 931 vero
661 889 766 929 non
786 872 960 927 solum
978 869 1024 925 si
1045 868 1097 923 itt
1117 882 1274 922 unum
1294 877 1350 921 et
1368 864 1591 918 alterum
1609 861 1772 925 diem,

174 970 284 1024 sed
346 978 402 1024 et
451 965 732 1039 quantovis
780 971 1018 1032 tempore
1073 958 1276 1014 relictae
1302 955 1532 1016 fuerint,
1593 965 1777 1021 parem

174 1061 446 1114 exhibent
472 1057 771 1118 utilitatem,
793 1051 1144 1119 eamdemque
1161 1047 1390 1102 afferunt
1415 1044 1775 1114 voluptatem:

173 1151 383 1206 divina)
427 1149 569 1206 enim
594 1153 718 1202 sunt
743 1153 798 1199 et
839 1139 1172 1212 spirituales,
1203 1149 1399 1206 neque
1424 1133 1593 1188 ullum
1635 1132 1717 1187 eis
1745 1146 1776 1185 a

178 1253 430 1312 tempore
459 1245 839 1295 nocumentum
878 1233 1160 1295 imminet,
1195 1227 1290 1284 sed
1313 1225 1551 1299 quotidie
1580 1238 1775 1280 novum

180 1333 426 1402 vigorem
465 1329 929 1390 ali'erunt,eteos
954 1322 1047 1395 qui
1092 1321 1197 1377 illis
1239 1318 1341 1374 frui
1368 1313 1776 1383 volunt,.multa

180 1422 410 1491 implent
438 1420 638 1474 lzetitia.
667 1415 900 1473 Proinde
920 1415 1042 1486 quia
1073 1412 1194 1466 talis
1214 1411 1401 1465 harum
1431 1407 1775 1478 reliquiarum

179 1513 269 1565 vis
293 1521 394 1574 est,
423 1527 517 1580 age
542 1509 792 1563 alacriter
815 1515 873 1561 et
900 1519 998 1560 vos
1027 1517 1276 1572 magnam
1302 1499 1426 1555 inde
1453 1497 1775 1568 voluptatem

178 1603 408 1666 auferte,
441 1616 643 1670 nosque
669 1599 893 1653 lidentes
912 1609 1096 1651 earum
1116 1591 1389 1658 eflicacite,
1417 1602 1777 1660 preponamus

177 1708 280 1749 eas
313 1703 505 1747 vestrae
542 1689 771 1746 caritati.
824 1687 1020 1743 Verum
1047 1695 1105 1739 ut
1146 1683 1296 1738 vobis
1338 1696 1515 1737 sermo
1546 1681 1636 1736 ille
1661 1695 1777 1736 ma-

181 1783 432 1838 nifestior
448 1781 704 1846 videatur,
721 1793 899 1850 operae
916 1778 1140 1847 pretium
1157 1773 1314 1829 fuerit
1329 1771 1636 1827 meminisse
1655 1770 1777 1825 linis

157 1875 302 1931 “beri
339 1874 602 1928 dictorum
626 1913 642 1939 ,
676 1881 733 1926 ut
771 1871 849 1926 sic
890 1867 1136 1924 ordinem
1161 1881 1226 1920 ac
1265 1865 1458 1920 seriem
1503 1861 1775 1932 assequuti

178 1967 480 2022 doctrinam
501 1965 839 2035 attingamus.
865 1961 987 2017 Heri
1010 1967 1334 2030 praeceptum
1355 1955 1776 2011 circumcisionis

176 2057 502 2112 adduximus
526 2056 578 2112 in
605 2054 854 2120 medium,
883 2062 936 2108 et
963 2051 1162 2106 dictum
1189 2047 1317 2104 illud
1346 2048 1435 2102 Dei
1453 2047 1518 2101 ad
1546 2046 1774 2117 patriar-

178 2149 340 2204 cham
373 2165 387 2201 ε
420 2146 817 2202 Circumcidetur
856 2158 1003 2197 omne
1056 2140 1391 2195 masculinum
1434 2147 1686 2204 vestrum,
1730 2144 1778 2191 et

178 2239 276 2291 erit
303 2239 356 2292 in
388 2241 586 2308 signum
621 2235 900 2290 testamenti
929 2234 1060 2286 inter
1105 2247 1183 2284 me
1205 2238 1253 2284 et
1284 2245 1389 2283 vos.
1423 2227 1491 2282 Et
1521 2244 1646 2299 puer
1663 2235 1776 2282 octo

178 2329 380 2381 dierum
415 2325 823 2381 circumcidetur.
857 2323 923 2377 Et
945 2323 1032 2393 qui
1066 2337 1168 2376 non
1205 2321 1530 2374 circumcisus
1574 2319 1726 2388 fuerit
1755 2359 1776 2384 ,

185 2418 370 2489 peribit
411 2417 585 2470 animo
623 2415 740 2478 illa,
765 2415 884 2484 quia
912 2412 1263 2468 testamentum
1296 2427 1462 2465 meum
1490 2411 1773 2483 dissipavit.

179 2507 257 2563 lbi
283 2522 586 2562 sermonem
619 2505 886 2559 llnivimus
912 2504 964 2557 in
985 2502 1409 2558 circumcisionis
1437 2511 1771 2572 argumento;

174 2608 234 2652 et
269 2613 334 2651 ne
356 2597 694 2651 multitudine
718 2595 980 2650 dictorum
1002 2602 1231 2647 vestram
1253 2591 1605 2648 obrueremus
1617 2607 1772 2648 men-

176 2699 309 2755 tem,
343 2689 607 2743 noluimus
651 2687 784 2742 ultra
809 2683 1078 2755 progredi.
1105 2683 1288 2752 Neque
1309 2683 1453 2738 enim
1476 2683 1578 2739 hoc
1598 2683 1774 2739 solum

173 2794 448 2845 curamus,
473 2787 529 2832 ut
549 2777 711 2830 multa
732 2775 994 2840 dicamus,
1015 2783 1068 2829 et
1089 2782 1271 2844 pestea
1291 2772 1658 2838 abscedamus,
1678 2773 1773 2828 sed

176 2869 346 2923 nostri
387 2868 652 2924 sermonis
693 2865 990 2920 doctrinam
1035 2863 1228 2918 vestris
1279 2862 1482 2918 viribus
1531 2863 1775 2933 cupimus

172 2976 297 3016 esse
320 2959 676 3029 atheqnatam,
703 2967 758 3011 ut
783 2956 957 3017 fructu
981 2954 1230 3026 qu0piam
1252 2970 1319 3009 ex
1341 2954 1498 3009 dictis
1520 2964 1773 3025 percepto

171 3055 394 3110 domum
426 3051 655 3107 redeatis
679 3065 888 3105 omnes.
932 3051 1046 3118 Age
1089 3047 1249 3117 igitur
1273 3047 1342 3102 ad
1381 3063 1444 3102 ea
1469 3063 1588 3117 qua:
1629 3047 1772 3103 dicta

171 3154 336 3211 sunt,
379 3143 730 3212 adjungamus
766 3149 821 3196 et
848 3139 1052 3210 reliqua
1082 3155 1096 3191 :
1125 3147 1182 3193 ut
1208 3137 1480 3193 videamus
1507 3146 1625 3207 post
1661 3138 1770 3192 cir-

174 3235 522 3292 cnmcisionis
547 3240 894 3304 praeceptum,
923 3230 1050 3300 quid
1081 3229 1340 3299 benignus
1369 3229 1512 3283 Deus
1541 3229 1770 3298 patriar-

169 3333 294 3386 chae
317 3330 561 3399 loquatur
589 3336 643 3383 et
669 3331 951 3396 proponat.
975 3323 1063 3378 t5.
1096 3322 1165 3376 Et
1203 3322 1331 3376 dixit
1351 3361 1368 3385 ,
1397 3322 1593 3391 inquit,
1626 3320 1764 3376 Deus

172 3421 392 3475 Abrahae
414 3435 433 3474 :
463 3417 598 3474 Sara
619 3432 750 3470 uxor
775 3426 861 3469 tua
887 3431 986 3468 non
1007 3413 1140 3468 ultra
1167 3413 1424 3467 vocabitur
1453 3412 1656 3466 nomine
1676 3428 1770 3466 suo

171 3513 309 3569 Sara
329 3553 345 3578 ,
379 3510 468 3566 sed
498 3509 660 3565 Sarra
683 3507 777 3562 erit
805 3522 984 3561 nomen
1007 3506 1115 3576 ejus
1145 3504 1240 3576 (a).
1285 3503 1766 3571 Quemadmodum,

171 3603 381 3674 inquit,
426 3601 696 3656 elemento
727 3597 820 3652 tibi
863 3595 1048 3650 addito
1096 3594 1434 3665 significavi,
1463 3605 1515 3649 te
1559 3601 1766 3663 patrem

172 3696 409 3750 futurutn
431 3693 715 3747 multarum
737 3689 973 3762 gentium
1003 3705 1017 3741 :
1047 3686 1116 3742 ita
1147 3694 1205 3741 et
1229 3686 1375 3741 Sara!
1402 3687 1645 3742 similiter
1672 3701 1768 3757 ap-

171 3802 314 3858 pono
335 3786 562 3848 literam,
591 3791 649 3837 ut
667 3781 841 3836 discas
858 3793 1000 3834 nunc
1025 3787 1233 3848 tempus
1257 3777 1466 3841 adesse,
1494 3786 1552 3830 ut
1577 3777 1706 3832 olim
1731 3793 1764 3834 a

167 3894 256 3935 me
283 3877 539 3947 promissa
563 3874 898 3944 impleantur.
925 3871 1033 3926 Erit
1058 3871 1215 3938 enim,
1243 3871 1432 3940 inquit,
1455 3887 1633 3925 nomen
1653 3871 1764 3941 ejus

168 3974 351 4027 Sarra.
400 3969 486 4024 I6.
513 3966 818 4021 Benedicam
843 3972 1010 4017 autem
1046 3978 1157 4016 eam
1179 4002 1195 4028 ,
1235 3971 1285 4015 et
1322 3961 1452 4014 dabo
1489 3961 1578 4015 tibi
1616 3978 1679 4015 ea:
1702 3977 1764 4015 ea

168 4065 367 4133 ﬁlium,
398 4070 445 4116 et
466 4058 755 4114 benedicam
777 4055 956 4120 illum,
988 4064 1034 4108 et
1059 4054 1153 4108 erit
1188 4053 1242 4106 in
1263 4062 1458 4123 gentem
1479 4093 1494 4116 ,
1541 4063 1587 4106 et
1622 4068 1760 4123 reges

165 4153 388 4226 gentium
422 4167 484 4206 es
527 4167 586 4205 eo
613 4149 837 4204 exibunt.
871 4146 1074 4201 Idcirco
1113 4144 1260 4214 prius
1299 4143 1508 4198 literant
1551 4142 1757 4212 atljeci,

167 4256 225 4302 ut
250 4246 387 4301 scias
411 4243 632 4297 omnino
663 4243 837 4296 futura
868 4254 992 4294 esse
1020 4254 1138 4306 qua:
1163 4253 1194 4292 a
1224 4252 1312 4292 me
1343 4237 1482 4294 dicta
1508 4247 1650 4291 sunt.
1681 4236 1760 4292 Ne

167 4338 323 4409 igitur
348 4335 414 4390 ad
445 4334 805 4389 inﬁrmitatem
834 4339 1036 4384 natura:
1064 4338 1315 4400 spectans
1336 4369 1351 4393 ,
1381 4328 1617 4383 animum
1658 4329 1758 4385 de-

163 4428 389 4499 sponde,
417 4430 509 4480 sed
541 4424 714 4495 potius
738 4421 803 4475 ad
833 4420 1041 4475 virtutis
1068 4434 1202 4473 mea:
1233 4419 1652 4489 magnitudinem
1679 4436 1756 4475 re-

161 4517 415 4588 spiciens,
449 4514 607 4568 iidem
636 4512 770 4565 habe
799 4510 862 4564 iis
889 4523 1008 4578 qua:
1034 4524 1065 4562 a
1097 4523 1182 4562 me
1201 4507 1339 4562 dicta
1362 4518 1506 4562 sunt.
1537 4507 1757 4563 Benedi-

163 4625 276 4663 cum
304 4607 444 4662 enim
469 4621 579 4659 eam
598 4642 614 4669 ,
637 4611 684 4656 et
710 4599 840 4654 dabo
870 4599 957 4652 tibi
986 4614 1049 4652 ea:
1072 4614 1130 4652 ea
1165 4599 1359 4666 ﬁlium,
1400 4609 1447 4652 et
1467 4599 1756 4654 benedicam

162 4700 330 4762 illum,
361 4705 408 4750 et
443 4696 535 4749 erit
560 4695 612 4747 in
638 4703 829 4764 gentes,
857 4701 902 4744 et
927 4706 1068 4760 reges
1095 4689 1302 4743 exibunt
1325 4706 1390 4744 ea:
1408 4707 1484 4746 eo.
1512 4691 1753 4746 Excede-

165 4795 292 4847 baut
319 4790 602 4844 humanam
631 4796 872 4840 naturam
899 4783 1190 4853 promissa:
1220 4792 1275 4836 et
1299 4783 1520 4851 perinde
1547 4783 1662 4846 fuit,
1690 4800 1753 4839 ac

161 4888 205 4941 si
235 4885 426 4953 aliquis
457 4880 795 4950 polliceretur
832 4891 895 4930 ex
924 4874 1189 4943 lapidibus
1220 4875 1466 4929 homines
1491 4891 1549 4930 se
1581 4879 1748 4930 factu-

163 4991 301 5032 rum.
330 4974 469 5029 Nihil
495 4973 636 5027 enim
662 4987 690 5023 a
722 4967 988 5039 lapidibus
1013 4965 1363 5030 differebant,
1394 4976 1650 5036 quantum
1682 4969 1749 5022 ad

161 5067 558 5141 generationem
587 5062 779 5118 attinet
806 5059 888 5132 (ὁ)
906 5101 919 5127 ,
939 5067 991 5114 et
1017 5057 1313 5129 patriarcha
1337 5071 1446 5126 prae
1471 5068 1749 5115 senectute

225 5254 300 5319 (a)
334 5260 388 5302 In
405 5251 609 5302 Hebrteo
629 5257 742 5299 ante
787 5246 1104 5296 nnitatiouem
1143 5242 1370 5301 nominis,
1415 5249 1519 5299 ντω
1538 5283 1552 5308 ,
1571 5245 1744 5308 Sami,

162 5325 439 5384 vocitatur;
453 5330 558 5385 post
579 5323 890 5374 mutationem
905 5325 1089 5373 autem.
1113 5319 1251 5374 me,
1276 5326 1414 5369 Sara.
1431 5321 1746 5381 Septuaginta

164 5409 282 5446 vero
305 5395 624 5458 interpretes,
658 5405 791 5458 uasa.
819 5391 1115 5458 exprimunt,
1141 5395 1196 5458 et
1213 5387 1455 5458 (inplicato
1478 5418 1498 5454 ρ
1520 5394 1744 5442 mutatio.

163 5471 275 5521 nem
302 5455 427 5521 illam
443 5452 659 5503 iudicant
685 5452 818 5521 ::qtto
843 5453 1016 5521 factum
1040 5456 1116 5521 est
1151 5455 1206 5496 ιιι.
1225 5452 1588 5521 (ῐμτγεοιςιοάῃυε
1609 5462 1746 5518 pum-

163 5520 288 5569 verit
308 5517 517 5566 militum
532 5529 559 5564 a
583 5523 684 5564 Deo
707 5513 856 5565 misse
878 5513 1054 5563 nomini
1078 5517 1202 5558 Sara:
1225 5513 1542 5566 elementum.
1570 5513 1625 5566 Ai.
1646 5528 1743 5566 nou

164 5580 372 5630 additum
392 5578 691 5629 elementum
721 5577 826 5632 fuit,
851 5576 938 5625 sed
964 5580 1196 5623 mutatum
1216 5576 1237 5614 ν
1260 5578 1306 5625 in
1327 5581 1382 5628 τι,

226 5650 296 5712 (b)
326 5648 539 5713 oratorio
562 5660 716 5707 more,
742 5648 819 5697 vel
845 5645 1302 5713 attentionislapsu,
1325 5647 1440 5713 dicit
1470 5647 1744 5713 chrysosto-

163 5708 521 5762 nnis'Abrabam
542 5719 592 5758 et
613 5717 771 5759 Saram
797 5722 891 5759 non
914 5709 1070 5771 magis
1093 5708 1293 5761 idoneos
1311 5708 1368 5758 ad
1388 5708 1574 5771 prolem
1590 5712 1741 5759 ευδοξ-

164 5773 384 5836 piendum
408 5779 521 5821 tunc
543 5773 711 5836 fuisse,
734 5785 878 5836 quam
896 5771 1107 5833 lapides;
1128 5773 1178 5836 id
1203 5772 1400 5834 quidem
1427 5771 1493 5836 de
1513 5771 1740 5836 SaraAdici

165 5831 345 5897 potuit;
383 5845 528 5882 secus
547 5834 611 5882 de
630 5831 910 5894 Abrahamo,
934 5831 1017 5897 qui
1042 5833 1206 5884 multis
1223 5831 1336 5896 post
1352 5833 1489 5884 annis
1509 5844 1600 5883 sex
1617 5831 1742 5884 ﬁlios

163 5895 370 5960 sttscepit
393 5907 456 5946 es
480 5903 667 5947 cetera.

1241 479 1306 535 IN
1343 478 1498 534 CAP.
1535 474 1696 531 XVII.
1736 474 1981 531 IGI'INI'JS.
2028 474 2258 528 1103111..
2305 473 2412 528 XL.

3377 472 3482 525 370

1881 601 2048 656 prope
2095 586 2360 656 impotens
2390 593 2545 650 erat,
2591 591 2650 638 et
2675 582 2741 637 ad
2786 581 3013 638 liiiomm
3052 583 3480 652 procreationem

1882 678 2102 734 omnino
2131 678 2368 742 inutilis,
2392 688 2445 732 et
2474 675 2637 730 Satzra
2673 675 2738 730 ad
2771 674 2872 730 hoc
2897 674 3049 745 quod
3068 685 3253 729 natura
3283 674 3484 730 sterilis

1882 777 2018 834 erat,
2048 769 2324 822 laborabat
2349 777 2405 822 et
2431 768 2605 821 aetatis
2631 775 2685 820 et
2709 765 3006 821 senectutis
3031 765 3180 820 vitio.
3211 765 3488 820 Czeterum

1878 859 2053 930 justus
2074 859 2190 914 lucc
2212 859 2455 924 audiens,
2480 868 2776 928 putatisque
2796 857 2924 912 olim
2953 857 3044 911 Dei
3070 856 3485 927 promissionem

1883 950 2154 1020 impletam
2180 951 2234 1004 in
2268 950 2488 1006 lsmaelc
2520 967 2534 1005 :
2564 950 2688 1020 quia
2718 949 2860 1004 enim
2886 948 3026 1004 dixit
3053 966 3066 1003 :
3095 948 3208 1003 Tibi
3233 960 3284 1004 et
3302 950 3490 1006 semini

1884 1049 1970 1095 tuo
1989 1040 2120 1094 dabo
2140 1043 2326 1095 terram
2355 1041 2508 1105 hanc,
2536 1055 2636 1096 nec
2654 1039 2902 1095 distinxit
2926 1053 2985 1095 se
3007 1040 3076 1096 de
3101 1040 3209 1095 lilio
3229 1056 3296 1096 ex
3320 1041 3486 1097 Sarra

1883 1134 2157 1188 nascituro
2183 1133 2366 1203 loqui,
2397 1132 2488 1188 ille
2515 1132 2781 1203 cogitabat
2819 1146 3001 1187 secum
3025 1130 3137 1201 jam
3165 1131 3483 1202 promissio-

1883 1239 1981 1279 nes
2027 1224 2276 1294 impletas
2317 1237 2440 1279 esse
2473 1242 2485 1277 :
2521 1238 2663 1279 nunc
2703 1233 2881 1278 autem
2926 1221 3154 1278 audiens
3196 1223 3483 1279 Dominum

1884 1315 2053 1370 Deum
2074 1315 2362 1381 dicentem,
2393 1313 2697 1369 Benedicam
2728 1313 2964 1378 Sanam,
2991 1323 3042 1367 et
3071 1314 3202 1368 dabo
3224 1314 3312 1368 tibi
3333 1330 3398 1370 ea:
3420 1331 3482 1369 ea

1882 1405 2068 1474 ﬁlium,
2098 1415 2145 1461 et
2170 1405 2459 1459 benedicam
2491 1405 2659 1470 illum,
2681 1415 2728 1459 et
2750 1405 2846 1458 erit
2864 1405 2917 1458 in
2937 1413 3153 1475 gentes;
3177 1414 3234 1460 et
3254 1405 3478 1460 iterum:

1882 1492 1970 1548 Ea:
1995 1494 2086 1551 illo
2115 1511 2256 1566 reges
2295 1496 2521 1565 gentium
2558 1492 2877 1564 egrediantur
2897 1508 2918 1548 :
2935 1508 3058 1547 cum
3099 1493 3331 1549 nesciret
3354 1493 3482 1564 quid

1883 1585 2085 1642 diceret
2117 1588 2331 1658 (neque
2364 1588 2508 1642 enim
2535 1587 2626 1642 Dei
2665 1585 2842 1642 verbis
2877 1587 3101 1643 credere
3140 1602 3244 1642 non
3275 1597 3484 1658 poterat

1883 1678 1966 1732 vir
1994 1687 2099 1732 tam
2127 1678 2475 1748 religiosus),
2527 1678 2594 1732 ad
2627 1692 2778 1732 suam
2827 1679 3126 1748 respiciens
3149 1688 3360 1734 aetatem
3386 1719 3401 1743 ,
3430 1691 3486 1733 et

1881 1771 2058 1828 Sarrae
2081 1772 2439 1835 sterilitatem,
2457 1787 2576 1841 quae
2605 1772 2671 1824 ad
2700 1770 2842 1825 illam
2859 1785 3028 1839 usque
3052 1780 3263 1838 athtem
3291 1770 3485 1841 perdu-

1884 1870 2137 1926 raverat,
2164 1861 2373 1916 consilii
2420 1862 2574 1930 inops
2619 1869 2674 1915 et
2714 1860 3100 1929 obstupescens
3141 1860 3213 1916 ob
3249 1860 3480 1930 promis-

1882 1953 2086 2010 sionem
2130 1954 2219 2008 Dei
2251 1971 2266 2008 :
2299 1954 2384 2008 17.
2413 1951 2638 2016 Cecidit,
2673 1952 2864 2023 inquit,
2891 1952 2942 2005 in
2963 1951 3168 2020 facient,
3196 1961 3242 2005 et
3270 1953 3401 2006 risit.

1952 2046 2008 2100 2.
2038 2046 2236 2101 Videns
2265 2046 2454 2100 miram
2477 2045 2920 2114 promissionem,
2949 2053 3004 2100 et
3033 2046 3326 2114 potentiam
3359 2045 3481 2115 ejus

1881 2137 1972 2206 qui
2020 2137 2339 2207 promiserat
2377 2137 2639 2206 cogitans,
2681 2135 2874 2192 Cecidit
2898 2137 2952 2190 in
2989 2136 3207 2207 facient,
3254 2145 3311 2192 et
3344 2137 3481 2202 risit,

1884 2228 1989 2284 hoc
2032 2241 2134 2294 est,
2185 2230 2458 2299 voluptate
2487 2229 2737 2298 perfusus
2780 2240 2903 2296 est;
2929 2240 2984 2286 et
3024 2231 3077 2285 itt
3121 2229 3304 2287 animo
3339 2231 3485 2302 cogi-

1885 2319 2050 2384 tabat,
2081 2320 2351 2389 quomodo
2377 2320 2670 2374 secundum
2703 2321 2992 2375 humanam
3040 2322 3484 2379 consuetudinem

1885 2407 1987 2464 hoc
2012 2409 2128 2464 fleri
2159 2419 2360 2480 posset,
2397 2426 2523 2464 num
2551 2413 2866 2466 centenario
2891 2424 3206 2468 nasceretur
3237 2413 3395 2480 filius,
3420 2429 3485 2470 ac

1885 2515 2011 2555 num
2055 2501 2259 2556 sterilis
2305 2511 2360 2557 et
2405 2502 2766 2572 nonagenaria
2809 2512 3031 2572 tepente
3070 2513 3254 2573 posset
3292 2504 3483 2560 idonea

1883 2590 1997 2645 fleri
2019 2590 2085 2645 ad
2114 2599 2324 2660 partum
2357 2588 2428 2661 (υ.
2463 2592 2577 2664 I7).
2610 2592 2786 2662 Atque
2810 2606 2931 2646 cum
2973 2593 3089 2648 lta-c
3118 2592 3300 2648 animo
3339 2596 3484 2663 cogi-

1881 2690 2066 2745 tasset,
2099 2696 2204 2737 non
2235 2681 2467 2738 audebat
2505 2684 2610 2738 tale
2652 2683 2904 2753 quiddam
2951 2683 3129 2755 lingua
3172 2685 3356 2752 effari;
3384 2687 3486 2742 sed

1879 2785 2088 2844 gratum
2130 2774 2394 2831 exhibens
2429 2776 2669 2830 animum
2697 2776 2872 2830 oravit
2901 2791 3001 2846 pro
3039 2775 3263 2832 lsmaeie
3283 2819 3298 2842 ,
3328 2778 3486 2849 quasi

1878 2864 2120 2920 diceret:
2153 2864 2401 2932 Domine,
2433 2865 2563 2921 satis
2594 2881 2680 2921 me
2701 2867 3012 2922 consolatus
3039 2882 3122 2933 es,
3155 2876 3210 2923 et
3235 2867 3480 2923 dolorem

1877 2970 2037 3025 quem
2067 2970 2134 3011 ex
2167 2956 2331 3024 prolis
2353 2956 2528 3026 inopia
2555 2957 2830 3026 gerebam,
2862 2957 2987 3011 dato
3019 2957 3243 3013 lsmaelc
3263 2959 3314 3012 in
3342 2959 3478 3013 la-ti-

1881 3047 2007 3102 tiam
2033 3047 2262 3103 vertisti.
2289 3046 2425 3103 Nato
2445 3047 2588 3102 enim
2612 3047 2725 3112 illo,
2751 3064 2926 3118 neque
2950 3048 3003 3102 in
3030 3058 3266 3103 mentem
3296 3060 3479 3119 postea

1877 3138 2083 3207 accepi,
2131 3139 2214 3193 vel
2259 3137 2486 3208 cogitavi
2534 3137 2826 3208 aliquando
2867 3154 2899 3194 e
2939 3139 3101 3195 Sarra
3148 3141 3478 3196 nasciturum

1877 3229 2007 3284 mihi
2034 3229 2225 3296 lilium,
2250 3229 2345 3285 sed
2374 3244 2548 3298 neque
2574 3229 2688 3299 ipsa
2721 3229 2823 3284 hoc
2842 3230 3174 3300 exspectavit
3202 3249 3218 3285 :
3252 3231 3478 3300 ideoque

1875 3322 2018 3390 Agar
2069 3319 2201 3375 milti
2255 3320 2495 3388 tradidit,
2545 3334 2762 3375 omnem
2816 3321 2917 3376 sibi
2977 3336 3127 3391 spem
3181 3321 3474 3391 denegans.

1874 3410 2119 3481 Magnam
2165 3409 2585 3466 consolationem
2630 3410 2792 3465 ambo
2845 3410 3153 3480 accepimus
3203 3421 3332 3466 nato
3369 3414 3478 3467 lilio

1874 3501 2117 3574 lsmaelc.
2141 3500 2240 3557 llic
2265 3501 2444 3572 igitur,
2466 3501 2607 3572 quia
2637 3509 2690 3557 te
2717 3501 2875 3557 datus
2895 3511 2999 3570 est,
3019 3503 3158 3556 vivat
3183 3518 3367 3559 coram
3399 3514 3473 3570 te,

1873 3603 1930 3648 et
1955 3592 2170 3648 abunde
2216 3593 2347 3647 satis
2376 3592 2606 3648 recreati
2650 3593 2856 3648 erimus
2877 3634 2893 3659 ,
2923 3602 2979 3648 et
3008 3601 3340 3650 senectutem
3373 3611 3471 3650 no-

1871 3695 2041 3741 stram
2086 3684 2230 3740 illius
2259 3684 2366 3739 vita
2407 3683 2692 3739 solabitur.
2731 3684 2869 3753 Quid
2915 3685 3077 3756 igitur
3112 3686 3179 3742 ad
3223 3687 3341 3743 hac
3374 3687 3472 3744 bes

1873 3777 2064 3847 nignus
2093 3777 2390 3832 Dominus?
2410 3776 2544 3844 Quia
2571 3777 2712 3847 piam
2732 3776 2863 3848 justi
2890 3788 3130 3835 mentem
3155 3789 3304 3835 tanto
3335 3790 3473 3836 tem-

1869 3885 2001 3941 pore
2028 3869 2158 3924 satis
2187 3870 2530 3939 probaverat,
2560 3881 2618 3926 et
2654 3871 2836 3927 Sarra:
2883 3871 3078 3939 fidem;
3109 3875 3233 3944 quia
3265 3875 3474 3931 viderat

1869 3971 2160 4030 utrumque
2207 3959 2336 4015 nihil
2380 3962 2481 4016 sibi
2527 3962 2596 4018 de
2635 3963 2748 4018 suis
2789 3966 3190 4033 promittentem
3229 3968 3469 4030 viribus.

1868 4052 2141 4108 Abraham
2171 4053 2388 4122 quidem
2417 4063 2638 4124 propter
2657 4066 3014 4123 senectutem,
3042 4057 3258 4113 Sarram
3287 4069 3467 4116 autem

1868 4156 2088 4216 propter
2116 4147 2455 4203 sterilitatem
2485 4157 2648 4218 atque
2673 4157 2886 4203 atatem
2911 4191 2926 4215 ,
2953 4149 3084 4205 dicit
3108 4169 3122 4205 :
3155 4151 3306 4207 Nunc
3345 4153 3466 4223 quia

1867 4238 2088 4291 omnino
2112 4236 2265 4292 vobis
2307 4237 2409 4292 hoc
2447 4253 2568 4293 esse
2607 4237 2818 4294 videtur
2845 4239 3178 4310 impossibile
3213 4261 3226 4297 :
3267 4243 3467 4300 idcirco

1865 4328 2010 4384 enim
2038 4338 2093 4383 et
2113 4344 2212 4398 ego
2243 4327 2442 4383 tamdiu
2486 4328 2702 4396 distuli,
2733 4341 2791 4384 ut
2824 4331 3105 4386 ostendam
3126 4333 3297 4403 longe
3325 4335 3464 4390 ultra

1864 4429 2108 4474 naturam
2150 4434 2269 4474 esse
2317 4419 2516 4475 donum
2565 4420 2710 4491 quod
2756 4423 3033 4489 concedo,
3077 4424 3219 4492 quod
3262 4433 3318 4480 ct
3369 4442 3466 4481 vos

1861 4509 2058 4578 aliique
2101 4524 2290 4564 omnes
2329 4510 2415 4566 his
2455 4510 2608 4565 factis
2648 4510 2858 4566 discant
2887 4529 2974 4568 me
2997 4522 3054 4569 et
3097 4525 3304 4570 naturm
3355 4517 3464 4572 Do-

1863 4602 2066 4655 minum
2122 4615 2273 4666 esse,
2324 4611 2380 4656 et
2424 4601 2490 4655 ad
2533 4600 2913 4673 quodcumque
2959 4604 3174 4660 libuerit
3218 4624 3279 4662 ca
3341 4609 3415 4663 uti
3445 4651 3459 4673 ,

1861 4695 2136 4764 ipsamque
2157 4693 2401 4763 obsequi,
2424 4703 2475 4748 et
2493 4693 2687 4750 cedere
2705 4697 2987 4767 praceptis
3015 4701 3169 4753 meis.
3192 4700 3293 4766 Qui
3316 4702 3460 4754 enim

1859 4802 1978 4841 eam
2002 4802 2068 4840 ex
2093 4786 2260 4841 nihilo
2288 4787 2556 4856 produxi,
2583 4789 2753 4843 multo
2794 4790 2962 4858 magis
2992 4805 3113 4843 cum
3137 4789 3248 4860 jam
3287 4792 3378 4858 sit,
3406 4804 3462 4848 et

1857 4877 2138 4942 claudicet,
2173 4877 2380 4947 erigere
2408 4892 2644 4946 possunt.
2679 4877 2749 4935 Ut
2776 4879 2936 4949 igitur
2964 4879 3156 4936 tnelius
3183 4881 3460 4937 conlidere

1858 4971 2054 5040 possis,
2101 4969 2228 5024 andi
2269 4979 2318 5025 et
2366 4971 2772 5040 expergiscere,
2805 4973 3140 5042 repulsisque
3175 4975 3460 5043 rogitatio-

1857 5061 2014 5114 nibus
2043 5060 2241 5114 mentis
2277 5069 2414 5125 tna‘,
2445 5061 2673 5128 accipite
2717 5078 2784 5116 ex
2831 5064 2895 5117 iis
2923 5079 3043 5132 qnze
3073 5063 3164 5118 tibi
3207 5065 3458 5120 dicuntur

1856 5161 2060 5209 certum
2107 5162 2502 5222 argumentum.
2557 5153 2694 5209 Ecce
2736 5157 2880 5209 enim
2935 5155 3096 5210 Sarra
3146 5171 3284 5212 uxor
3331 5167 3453 5222 tua,

1848 5260 2011 5316 quam
2041 5254 2196 5314 putas
2223 5253 2334 5298 tum
2368 5254 2586 5314 propter
2607 5247 2965 5310 sterilitatem,
2999 5257 3108 5300 tum
3135 5258 3352 5318 propter
3371 5263 3457 5303 sc-

1855 5341 1998 5389 ninm
2025 5351 2215 5405 parere
2238 5353 2343 5391 non
2370 5352 2551 5407 posse,
2585 5338 2694 5407 ipsa
2717 5339 2891 5409 pariet
2912 5341 3004 5394 tibi
3030 5340 3198 5396 lilium
3227 5344 3296 5414 (ν.
3328 5341 3452 5412 l9):

1851 5434 1907 5481 ct
1952 5437 2009 5481 ut
2043 5427 2173 5482 nihil
2229 5428 2477 5492 ltmsites,
2525 5443 2653 5482 ecce
2691 5429 2788 5484 tibi
2834 5439 2889 5486 et
2937 5446 3133 5488 nomen
3191 5433 3311 5504 ejus
3357 5436 3452 5504 qui

1852 5529 2103 5572 nascetur
2135 5521 2580 5589 prtemonstrabo.
2615 5521 2747 5576 Eunt
2777 5525 2918 5578 enim
2953 5527 3043 5597 qui
3077 5537 3326 5584 nascetur
3351 5543 3443 5582 vo-

1849 5612 2000 5667 cabis
2025 5610 2190 5667 Isaac.
2221 5611 2290 5668 Et
2317 5628 2506 5682 ponam
2544 5623 2896 5670 testamentum
2935 5635 3100 5673 meum
3141 5620 3211 5674 ad
3237 5637 3349 5674 eum
3395 5622 3448 5675 in

1851 5713 2200 5758 testamentum
2223 5706 2613 5774 sempiternum,
2639 5717 2684 5760 et
2704 5708 2884 5762 semini
2911 5711 3023 5780 ejus
3047 5720 3162 5783 post
3186 5728 3322 5766 eum.
3350 5713 3446 5768 lite

1848 5794 2048 5848 etenim
2079 5803 2165 5850 est
2191 5810 2348 5864 quem
2372 5797 2604 5867 primum
2637 5807 2691 5854 et
2715 5799 2785 5853 ab
2809 5801 2961 5854 initio
2983 5801 3080 5857 tibi
3112 5804 3354 5873 promisi.
3383 5820 3448 5861 ac

1851 5885 1903 5944 in
1945 5884 2046 5940 hoc
2085 5887 2469 5958 promissiones
2506 5906 2642 5950 metu
2684 5892 3070 5951 imulehnntnr.
3120 5894 3350 5952 Proinde
3395 5909 3450 5955 et
