4056 6480
690 432 784 485 371

693 567 869 620 omnia
902 567 994 620 tibi
1031 569 1288 637 pﬂl‘dlLO,
1323 584 1425 622 non
1453 569 1625 622 solum
1658 568 1797 637 quod
1828 572 2124 626 nasciturus
2151 573 2254 635 sit.

689 658 784 714 sed
805 668 858 712 et
879 658 1148 729 quomodo
1175 674 1302 714 eum
1320 673 1510 712 Vocare
1531 657 1746 722 debeas,
1769 668 1927 728 atque
1955 677 2040 715 me
2060 663 2107 716 ei
2129 676 2258 716 con-

683 752 990 803 stituturum
1015 758 1384 804 testamentum
1409 765 1582 802 meum
1605 768 1617 801 :
1644 765 1814 818 neque
1832 753 1934 807 hoc
1949 755 2141 815 solum,
2165 754 2258 807 sed

687 839 753 894 Et
783 843 959 894 semini
985 843 1094 910 ejus
1143 851 1252 910 post
1293 858 1426 894 eum.
1463 841 1658 896 Deinde
1701 842 1933 898 liberalis
1973 845 2253 909 Dominus,

684 932 773 998 qui
821 947 1034 998 semper
1080 931 1416 985 accumulare
1468 933 1602 985 solet
1655 931 1946 998 beneficia,
1995 943 2049 986 et
2099 933 2255 1002 longe

688 1033 893 1075 nostras
939 1023 1200 1076 excedere
1230 1023 1540 1092 petitiones,
1568 1024 1816 1094 quoniam
1858 1035 2091 1079 mentem
2126 1025 2253 1095 justi

678 1124 941 1176 erexerat,
983 1124 1036 1167 et
1065 1129 1157 1183 per
1197 1130 1256 1167 ea
1285 1130 1401 1182 qua:
1451 1114 1710 1181 promisit,
1756 1116 1866 1169 fere
1905 1116 2153 1183 juvenem
2185 1131 2248 1168 ex

678 1218 808 1257 sene
835 1205 1053 1267 fecerat,
1085 1219 1311 1274 eumque
1333 1205 1420 1272 qni
1447 1213 1688 1258 mortuus
1716 1214 1851 1270 erat,
1883 1215 1937 1258 ut
1965 1206 2032 1258 ita
2053 1205 2247 1269 dicam,

675 1295 850 1349 verbis
877 1294 1206 1360 fecundarat,
1240 1295 1513 1351 beneﬁciis
1546 1311 1667 1351 eum
1704 1297 2015 1366 largissimis
2062 1311 2246 1365 prose-

671 1402 860 1452 quens,
895 1386 1062 1454 inquit
1091 1403 1104 1438 :
1132 1387 1196 1440 Et
1223 1386 1336 1440 bare
1367 1387 1602 1454 quidem,
1627 1402 1746 1454 qua:
1771 1388 1973 1440 scilicet
2001 1389 2244 1456 promisi,

669 1491 830 1542 apere
864 1475 1148 1544 complebo
1180 1495 1192 1530 :
1223 1487 1276 1532 et
1304 1478 1462 1530 etiam
1502 1477 1642 1544 quod
1672 1477 1738 1530 de
1766 1476 1986 1531 Ismaele
2025 1479 2242 1544 rogasti,

669 1567 956 1620 concedam
989 1568 1104 1621 tibi.
1141 1569 1327 1622 Audivi
1356 1569 1496 1622 enim
1526 1569 1822 1622 orationem
1851 1580 1993 1624 tuam
2012 1611 2027 1635 ,
2055 1570 2145 1623 20.
2177 1569 2243 1623 Et

670 1657 900 1708 benedixi
918 1674 1048 1719 eum,
1079 1669 1128 1710 et
1145 1659 1331 1728 augebo
1353 1675 1465 1711 eum
1493 1668 1538 1710 et
1563 1659 1908 1725 multiplicabo
1933 1676 2045 1714 eum
2075 1661 2238 1725 valde,

669 1747 828 1798 valde.
856 1745 1128 1799 Duodecim
1154 1757 1322 1817 gentes
1346 1749 1600 1818 generabit
1620 1789 1635 1814 ,
1668 1759 1712 1801 et
1743 1750 1872 1802 dabo
1902 1767 2015 1804 eum
2042 1752 2092 1802 in
2119 1767 2241 1820 geu-

665 1847 761 1888 tem
806 1854 1061 1906 magnam.
1110 1838 1549 1907 Quandoquidem
1597 1842 1761 1905 enim,
1808 1841 2008 1911 inquit,
2055 1856 2237 1894 sentt-tt

669 1938 814 1980 tuum
844 1937 925 1980 est
945 1969 959 1993 ,
991 1928 1066 1980 sic
1096 1929 1300 1998 augebo
1325 1945 1470 1993 eum,
1501 1941 1554 1984 et
1581 1931 1944 1998 multiplicabo
1970 1933 2150 1995 valde,
2184 1945 2238 1986 ut

665 2018 942 2072 duodecim
969 2032 1155 2089 gentes
1181 2037 1244 2074 ex
1274 2036 1340 2076 eo
1363 2022 1669 2090 procedant.
1697 2022 1786 2077 2|.
1814 2022 2059 2077 Ceterum
2088 2035 2235 2078 testu-

663 2120 886 2162 mentum
925 2127 1086 2161 meum
1134 2121 1348 2163 statuant
1393 2128 1506 2165 cum
1541 2110 1727 2173 Isaac,
1755 2129 1900 2182 quem
1943 2115 2032 2166 tibi
2076 2115 2237 2167 Sarra

665 2201 824 2265 pariet
845 2210 1066 2267 tempore
1104 2205 1218 2267 hoc,
1240 2217 1372 2253 anno
1408 2212 1654 2269 sequente.
1685 2201 1836 2267 Vide,
1859 2203 2104 2264 obsecro,
2125 2205 2230 2268 hic,

661 2289 884 2350 dilecte,
917 2290 1184 2356 quomodo
1222 2291 1397 2356 justus
1439 2292 1488 2342 in
1523 2307 1628 2343 uno
1668 2293 1921 2360 temporis
1965 2305 2235 2349 momento

663 2379 936 2431 mercedes
971 2379 1144 2432 omnis
1187 2380 1439 2446 temporis
1482 2382 1715 2447 accepit,
1743 2392 1798 2434 et
1846 2382 2121 2450 impletum
2152 2397 2234 2438 est

661 2467 787 2521 illud
819 2468 958 2536 quod
981 2468 1222 2522 Christus
1252 2471 1519 2538 discipulis
1543 2473 1655 2524 suis
1681 2473 1813 2526 dixit
1845 2491 1857 2526 :
1894 2474 2129 2544 Quisquis
2155 2493 2232 2529 re-

657 2561 857 2628 liquerit
881 2561 956 2614 νει
975 2572 1190 2631 patrem,
1224 2563 1300 2614 uel
1323 2571 1550 2623 matrem,
1579 2563 1654 2615 vel
1688 2563 1910 2628 domum,
1945 2565 2022 2617 vel
2050 2570 2231 2634 fratres

661 2660 865 2719 propter
893 2667 1076 2705 nomen
1105 2668 1290 2711 meum,
1323 2663 1370 2704 et
1397 2653 1477 2705 Itic
1503 2655 1791 2722 centuplum
1819 2657 2058 2724 accipiet,
2089 2668 2134 2708 et
2154 2659 2227 2708 vi-

658 2751 762 2793 tam
804 2751 1043 2794 aeternam
1088 2741 1356 2808 possidebit
1403 2740 1610 2810 (Matth.
1656 2742 1744 2796 19.
1789 2742 1903 2813 29).
1940 2743 2228 2799 Considera

655 2833 796 2886 enim
826 2833 954 2885 mihi
983 2832 1181 2900 justum
1217 2834 1384 2895 illum,
1414 2835 1533 2903 quia
1569 2847 1811 2904 prompte
1835 2848 2100 2906 prmceplo
2125 2838 2226 2890 Do-

655 2922 785 2975 utini
816 2921 1084 2989 obedivit,
1117 2933 1170 2976 et
1207 2925 1384 2978 relicta
1413 2923 1573 2978 domo
1601 2937 1816 2993 paterna
1847 2930 2076 2996 praetulit
2097 2929 2228 2982 alio-

655 3028 776 3064 nam
808 3012 968 3065 natali
995 3030 1007 3064 :
1033 3014 1300 3082 quomodo
1325 3015 1573 3082 paulatim
1598 3017 1814 3070 multam
1837 3033 1944 3086 pra:
1965 3033 2024 3073 se
2052 3019 2228 3074 ferens

657 3102 964 3172 patientiam
987 3144 1001 3166 ,
1032 3104 1083 3156 in
1113 3103 1374 3174 fastigium
1412 3105 1616 3158 virtutis
1653 3121 1984 3174 progressus,
2018 3109 2086 3162 ita
2115 3111 2229 3162 illo-

652 3194 780 3247 stris
798 3205 851 3247 et
877 3195 1179 3262 spectabilis
1201 3195 1368 3250 factus
1390 3205 1489 3260 est,
1511 3203 1566 3247 ut
1592 3211 1653 3248 ex
1678 3211 1743 3249 eo
1765 3197 1872 3251 nati
1896 3199 2230 3254 tnultitudine

652 3286 813 3338 astris
841 3285 955 3339 czeli
999 3287 1366 3355 aquuentur.
1400 3287 1647 3342 Fortasse
1686 3289 1728 3340 si
1757 3291 1873 3358 quis
1904 3292 2068 3359 probe
2105 3294 2229 3346 velit

652 3377 970 3446 intelligere,
1003 3394 1106 3432 non
1137 3380 1308 3433 solum
1337 3381 1644 3450 centuplum
1685 3383 1890 3450 accepit
1933 3382 2018 3437 hic
2049 3384 2226 3452 justus

648 3467 769 3530 ille,
803 3469 895 3523 sed
934 3480 1182 3524 sexcenta
1231 3471 1413 3525 millia.
1445 3473 1597 3537 Quod
1640 3473 1682 3526 si
1714 3472 1797 3527 hic
1836 3483 1976 3528 tanta
2029 3491 2224 3530 conse-

644 3569 843 3628 quutus
860 3570 961 3623 est,
989 3563 1108 3632 quis
1125 3578 1302 3616 sermo
1326 3579 1542 3618 narrare
1563 3575 1759 3631 posset,
1779 3567 1971 3634 quibus
1989 3567 2225 3637 postha‘c

647 3652 906 3706 fruiturus
939 3652 1027 3705 ille
1052 3653 1157 3705 sit?
1184 3652 1292 3705 Ima
1322 3654 1478 3707 etiam
1505 3657 1622 3714 hoc,
1654 3666 1910 3720 quantum
1939 3658 2090 3712 nobis
2110 3675 2225 3728 pos-

645 3744 819 3806 sibile,
850 3757 1031 3797 sermo
1059 3743 1341 3798 ostendere
1384 3747 1595 3814 poterit.
1629 3746 1851 3812 Quando
1889 3748 2030 3802 enim
2071 3749 2225 3802 audis

646 3847 833 3886 omnes
855 3833 1032 3900 justus
1056 3833 1122 3886 ab
1154 3833 1243 3888 illo
1267 3833 1331 3887 ad
1363 3834 1462 3888 hoc
1508 3850 1672 3904 usque
1706 3847 1912 3905 tempus
1933 3881 1946 3899 ,
1982 3849 2034 3892 et
2057 3855 2224 3906 usque

645 3922 709 3974 ad
739 3924 1250 3978 cotmnnmationem
1282 3933 1578 3993 temporum
1603 3967 1615 3987 ,
1651 3927 1699 3978 id
1727 3930 1959 3981 tnaxime
2005 3929 2055 3981 in
2088 3931 2224 3984 votis

649 4015 865 4078 habere,
900 4023 956 4067 ut
997 4015 1062 4069 ad
1108 4017 1281 4069 sinum
1330 4018 1644 4084 patriarcha:
1687 4021 2018 4085 perveniant,
2065 4036 2222 4088 quem

643 4103 804 4155 aliutn
864 4102 967 4158 hoc
1033 4104 1288 4174 majorem
1345 4104 1600 4160 honorem
1666 4108 1918 4162 exhibere
1975 4111 2226 4178 poteris?

649 4191 834 4246 \‘idisti
906 4205 1098 4262 quanta
1155 4211 1242 4249 res
1299 4197 1371 4249 sit
1431 4197 1716 4265 patientia,
1773 4210 1967 4268 quanta
2022 4202 2218 4268 virtus,

645 4295 900 4353 quantum
945 4286 1014 4340 sit
1059 4301 1178 4342 esse
1227 4288 1568 4358 religiosum,
1626 4300 1680 4344 et
1734 4287 1940 4359 gratum
2006 4307 2113 4360 pra:
2163 4311 2226 4348 se

645 4375 784 4430 ferre
823 4376 1058 4429 animum
1097 4391 1221 4447 erga
1267 4377 1524 4433 beneﬁcia
1565 4379 1812 4435 Domini?
1863 4382 1994 4448 Quia
2053 4383 2218 4447 enim,

585 4475 591 4481 ‘
643 4466 856 4530 quando
879 4466 1180 4533 oportebat,
1207 4482 1298 4520 sua
1331 4468 1525 4532 attulit,
1555 4483 1672 4521 cum
1701 4473 1986 4538 gratiarum
2013 4472 2220 4526 actione

642 4555 818 4608 omnia
848 4553 1051 4622 ferens,
1077 4565 1181 4609 tam
1196 4557 1622 4626 jucunda,quatn
1646 4558 1950 4626 injucunda,
1981 4572 2222 4628 promer-

645 4664 706 4702 ea
753 4649 1055 4702 misericors
1079 4647 1219 4702 Dens
1249 4649 1432 4701 ultimo
1460 4659 1620 4719 caput
1672 4650 1928 4704 bonorum
1959 4653 2217 4720 omnium,

639 4747 693 4792 et
720 4739 769 4792 id
803 4739 943 4808 quod
966 4737 1141 4808 justus
1161 4739 1394 4794 maxime
1413 4740 1841 4809 concupiscebat.
1873 4741 2092 4809 largitus
2117 4755 2216 4798 est.

641 4827 927 4883 Considera
959 4829 1122 4890 enim,
1150 4829 1418 4898 quomodo
1443 4831 1625 4899 viginti
1647 4841 1877 4900 quatuor
1903 4848 2072 4886 annos
2101 4850 2220 4902 pro-

645 4919 853 4973 baverit
895 4919 1024 4988 justi
1053 4921 1323 4974 virtutem.
1368 4920 1592 4987 Quando
1621 4923 1762 4975 enim
1789 4923 1949 4976 exivit
1992 4939 2020 4976 a
2052 4925 2220 4978 Char-

645 5025 738 5062 ran
761 5049 776 5072 ,
809 5017 864 5062 el
909 5009 1141 5064 obedivit
1166 5023 1432 5080 praecepto
1457 5012 1683 5072 Domini.
1714 5014 2040 5083 septuaginta
2066 5017 2218 5081 qnin-

641 5113 744 5166 que
778 5113 1036 5152 annorum
1080 5109 1214 5164 erat,
1269 5101 1482 5168 inquit:
1536 5116 1676 5154 nunc
1717 5111 1892 5156 autem
1941 5113 2214 5173 postquam

642 5187 756 5241 1ι.ι·ε
798 5187 1028 5251 audivit,
1078 5191 1358 5258 nonaginta
1389 5200 1444 5243 et
1475 5205 1662 5244 novem
1695 5207 1865 5244 annos
1891 5204 2212 5248 excesserat.

711 5280 764 5332 5.
807 5278 1017 5334 Marulle
1036 5279 1331 5333 exhortatio.
1357 5309 1427 5320 -ο
1450 5280 1572 5334 ΙΙέιό
1591 5281 1881 5347 audientes,
1906 5283 2105 5344 dilecu.
2131 5285 2214 5336 di-

637 5388 849 5427 scamus
875 5373 1094 5427 nmltam
1135 5373 1387 5426 exhibere
1418 5375 1744 5443 patientiam,
1767 5384 1821 5429 et
1848 5393 2130 5446 numquam
2163 5379 2214 5431 iit

637 5463 907 5519 laboribus
928 5466 1180 5518 virtutum
1205 5465 1286 5519 vel
1309 5464 1614 5531 desperare,
1649 5466 1728 5519 vel
1757 5476 2063 5534 torpescere
2083 5485 2096 5531 ;
2119 5468 2213 5522 sed

641 5555 869 5607 sciamus
909 5554 1184 5609 hominum
1208 5572 1292 5608 tto:
1309 5564 1445 5609 trum
1478 5554 1758 5624 benignum
1781 5570 1898 5610 esse
1922 5566 1974 5610 et
1999 5558 2213 5612 munifi-

638 5661 781 5706 utin,
813 5659 875 5700 ac
924 5661 1018 5714 pro
1040 5646 1214 5716 parvis
1239 5644 1507 5701 laboribus
1554 5661 1742 5716 magna
1787 5646 1939 5701 nobis
1991 5649 2216 5707 reddere

642 5737 877 5806 prsentia,
907 5739 1198 5793 nonsolum
1229 5739 1280 5792 in
1312 5738 1541 5792 futurum
1567 5738 1878 5793 immortalia
1903 5739 2036 5794 bona
2060 5757 2214 5810 repo-

645 5833 822 5884 Itendo
848 5867 861 5890 ,
892 5828 986 5884 sed
1012 5839 1063 5883 et
1093 5829 1142 5884 in
1172 5829 1422 5898 prtescnti
1453 5831 1556 5884 vita
1599 5838 1792 5884 nostra:
1839 5839 2040 5887 naturae
2071 5832 2212 5888 infir-

1385 437 1439 488 S.
1481 436 1755 490 JOANNIS
1793 437 2255 496 CHRYSOSTOMI
2293 443 2605 499 ARCllll-IP.
2644 445 3168 510 CONSTANTINOP.

3873 472 4033 548 an,

2375 575 2611 669 mitatem
2642 580 2821 636 multis
2850 583 3214 654 largitionibus
3229 596 3574 652 consolando.
3605 598 3953 669 Quandoqni-
4032 589 4033 640 ἒ

2371 667 2494 720 dem
2547 671 2846 737 patriarcha
2873 677 2973 730 iste
3011 694 3114 733 non
3160 683 3497 740 mediocriter
3536 688 3826 756 interjeeto
3864 667 3954 744 illo

2369 768 2605 828 tempore
2624 761 2859 817 adversis
2889 766 3048 822 rebus
3065 774 3326 826 exercitus
3341 784 3443 838 est,
3473 776 3716 844 quamvis
3742 795 3955 849 semper

2364 847 2587 904 adversa
2623 861 3042 923 temperarentur
3069 863 3355 928 prosperis.
3389 864 3777 923 Universomm
3807 847 3949 926 enim

2368 941 2505 996 Deus
2558 957 2752 1001 nastra:
2779 947 3101 1006 inﬁrmitatis
3147 969 3331 1009 curam
3361 975 3546 1026 agens,
3581 979 3686 1016 non
3737 979 3951 1032 semper

2365 1030 2418 1084 itt
2449 1033 2688 1090 adversis
2708 1052 2803 1092 nos
2833 1054 3050 1095 manere
3078 1043 3224 1105 sinit,
3274 1057 3330 1098 ut
3355 1062 3459 1100 non
3489 1051 3827 1118 opprimatur
3859 1030 3950 1106 no-

2359 1130 2402 1174 st
2414 1138 2468 1175 ra
2488 1123 2792 1182 inﬁrmitas:
2816 1129 2909 1184 sed
2930 1132 3172 1188 celeriter
3191 1147 3246 1190 et
3267 1136 3378 1204 ipse
3391 1141 3703 1207 opitulatur,
3729 1143 3949 1196 ﬁrmans

2360 1221 2596 1268 nostram
2647 1217 2998 1283 alacritatem,
3057 1235 3110 1277 et
3153 1239 3386 1280 mentetn
3443 1230 3704 1285 excitans.
3757 1227 3939 1302 Neque

2357 1316 2569 1372 semper
2595 1305 2648 1360 in
2669 1309 3017 1376 prosperitate
3037 1328 3134 1366 nos
3161 1329 3278 1368 esse
3305 1316 3448 1379 sinit,
3475 1329 3531 1371 ut
3553 1334 3620 1373 ne
3640 1320 3828 1374 ﬁamus
3856 1338 3941 1375 ne-

2355 1392 2716 1461 gligentiores,
2761 1407 2815 1451 et
2862 1399 2914 1452 in
2970 1401 3217 1455 vitiorum
3279 1416 3454 1472 partes
3507 1408 3932 1478 transfugiamus.

2357 1483 2593 1539 llumana
2623 1488 2766 1541 enim
2817 1498 3033 1555 natura,
3073 1494 3287 1561 quando
3327 1497 3548 1550 multum
3605 1514 3854 1568 prospere
3888 1503 3934 1553 ei

2351 1574 2608 1639 succedit,
2636 1590 2748 1630 sua:
2773 1578 3107 1635 obliviscitur
3128 1582 3436 1648 nobilitatis,
3460 1602 3632 1655 neque
3657 1589 3795 1642 intra
3813 1604 3930 1643 suos

2352 1663 2543 1718 limites
2570 1666 2808 1720 subsistit
2833 1687 2845 1721 :
2876 1669 3073 1724 idcirco
3092 1672 3242 1740 quasi
3268 1675 3664 1732 amantissimus
3683 1682 3930 1746 paterali-

2349 1756 2564 1822 quando
2607 1759 2760 1813 nobia
2800 1759 3058 1830 indulget,
3087 1764 3370 1833 aliquando
3401 1770 3642 1838 castigat,
3679 1782 3737 1823 ut
3784 1774 3929 1824 variis

2350 1845 2446 1897 viis
2473 1856 2668 1900 nostra:
2707 1850 2897 1904 anima:
2920 1854 3144 1908 salutem
3189 1868 3357 1912 curet.
3386 1859 3648 1926 Quoniam
3679 1871 3736 1916 et
3766 1866 3926 1918 medi-

2349 1947 2466 1999 ctis,
2485 1937 2697 2004 quando
2723 1939 2986 1994 inﬁrmum
3002 1953 3170 2010 curat,
3195 1961 3366 2014 neque
3384 1963 3599 2019 semper
3628 1953 3805 2020 inopia
3835 1955 3929 2007 cibi

2348 2034 2576 2094 torquet,
2598 2043 2766 2097 neque
2781 2046 2991 2098 semper
3010 2033 3150 2102 larga
3171 2051 3351 2090 mensa
3368 2038 3468 2092 frui
3489 2040 3636 2104 sinit,
3653 2057 3724 2096 ne
3737 2045 3934 2096 voraci-

2345 2123 2424 2167 tas
2471 2116 2656 2170 febrim
2702 2119 2912 2184 pariens
2951 2135 3140 2189 augeat
3168 2127 3429 2190 morbum,
3457 2130 3558 2184 cibi
3593 2147 3720 2186 vero
3762 2136 3933 2202 inopia

2345 2202 2686 2259 inﬁrmiorem
2715 2224 2838 2261 eum
2882 2209 3079 2264 efficiat
3117 2215 3246 2266 :sed
3303 2219 3612 2286 conjectans
3653 2224 3795 2290 apud
3849 2245 3931 2285 se,

2342 2304 2553 2361 quanta:
2603 2299 2708 2350 sint
2760 2302 3065 2367 aegrotantis
3131 2304 3302 2370 vires,
3352 2318 3405 2362 et
3447 2309 3732 2380 diligenter
3782 2325 3938 2368 utens

2340 2394 2456 2436 arte
2515 2386 2690 2438 omnia
2757 2402 2850 2440 sua
2910 2390 2960 2443 in
3021 2393 3253 2447 medium
3309 2396 3460 2451 allert
3514 2421 3526 2451 :
3577 2402 3828 2458 similiter
3885 2418 3939 2458 et

2341 2474 2598 2544 benignus
2649 2477 2789 2532 Deus
2845 2482 3020 2536 sciens
3063 2486 3188 2552 quid
3245 2488 3412 2542 cuivis
3475 2492 3745 2562 expediat,
3834 2497 3938 2548 ali-

2337 2565 2551 2632 quando
2625 2569 2872 2625 concedit
2954 2573 3106 2627 nobis
3186 2579 3535 2645 prosperitate
3615 2581 3739 2642 frui.
3831 2587 3938 2638 ali-

2339 2654 2549 2721 quando
2573 2668 2751 2714 autem
2774 2662 3172 2719 exercitationis
3200 2669 3364 2735 gratia
3399 2673 3783 2729 tentatiouibus
3837 2693 3938 2731 nos

2339 2743 2652 2800 circumdat.
2719 2749 2851 2804 Nam
2876 2752 2920 2806 si
2948 2754 3149 2809 virtute
3180 2757 3387 2823 praediti
3438 2771 3563 2815 sunt
3612 2764 3702 2832 qui
3750 2775 3935 2820 tenta-

2342 2833 2514 2888 tiones
2539 2839 2903 2905 experiuntur,
2930 2844 3184 2899 clariores
3205 2848 3454 2914 evadunt,
3486 2852 3930 2911 abundantiorem

2336 2922 2436 2976 sibi
2480 2939 2765 2994 supernam
2806 2933 3030 2998 gratiam
3058 2936 3403 2992 conciliantes
3432 2957 3446 2992 :
3478 2942 3520 2993 si
3548 2953 3725 2996 autem
3747 2957 3804 2999 ut
3832 2961 3932 2999 nos

2339 3024 2646 3079 peccatores
2686 3019 2811 3084 sint,
2838 3029 2891 3074 et
2929 3037 3050 3075 cum
3093 3026 3380 3092 gratiarum
3418 3030 3626 3086 actione
3675 3035 3930 3088 tentatio-

2336 3117 2431 3157 nes
2460 3103 2647 3170 ferant,
2671 3122 2884 3176 gravent
2936 3110 3211 3179 deponent
3254 3127 3590 3182 peccatorum
3631 3123 3925 3191 sarcinam,

2335 3193 2602 3264 multaque
2626 3198 2780 3252 venia
2801 3210 2853 3252 et
2881 3201 2979 3270 ipsi
3009 3204 3294 3270 potientur.
3327 3207 3452 3262 Ideo
3495 3211 3742 3275 obsecro,
3801 3230 3925 3268 cum

2335 3283 2566 3338 sciamus
2597 3287 2886 3354 potentiam
2933 3301 2986 3344 et
3012 3293 3323 3360 sapientiam
3379 3297 3564 3355 “edici
3619 3304 3922 3357 animarum

2336 3383 2657 3439 nostrarum,
2692 3395 2980 3450 numquam
3007 3386 3219 3441 curiose
3239 3387 3355 3455 ejus
3382 3387 3807 3457 dispensationes
3840 3396 3922 3448 in-

2331 3465 2624 3530 quiramus.
2652 3467 2784 3523 Cum
2811 3473 2952 3525 enim
2977 3488 3068 3528 eas
3089 3490 3240 3530 mens
3260 3488 3439 3531 nostra
3465 3480 3922 3549 comprehendere

2334 3568 2583 3624 nequeat,
2642 3557 2763 3613 hinc
2808 3561 2974 3631 magis
2995 3564 3455 3634 obstupescamus,
3479 3579 3532 3624 et
3559 3570 3920 3640 gloriﬁeeinus

2333 3645 2497 3700 Deum
2554 3665 2647 3716 pro
2685 3653 2952 3716 omnibus,
3004 3655 3144 3723 quod
3188 3657 3341 3711 talem
3401 3659 3688 3716 habeamus
3725 3662 3913 3717 Domi-

2332 3750 2474 3799 num,
2517 3739 2668 3806 cujus
2715 3742 3136 3811 dispensationes
3175 3764 3347 3817 neque
3391 3765 3542 3804 mens
3583 3764 3785 3816 nostra,
3820 3771 3910 3808 ne-

2332 3844 2434 3893 que
2492 3829 2738 3885 humanm
2797 3845 2996 3890 natura:
3049 3838 3184 3892 ratio
3237 3855 3428 3909 capere
3484 3854 3678 3911 potest.
3734 3845 3913 3914 Neque

2331 3919 2472 3971 enim
2503 3929 2608 3973 tam
2662 3923 2797 3978 bene
2825 3926 3024 3979 scimtts
3053 3929 3178 3995 quid
3232 3931 3383 3983 nobis
3439 3933 3708 4002 expediat,
3754 3952 3911 4004 quam

2333 4008 2446 4076 ipse
2473 4011 2606 4075 scit;
2639 4029 2809 4082 neque
2836 4016 2911 4068 sic
2943 4027 3121 4070 nostra
3159 4035 3256 4072 nos
3285 4037 3556 4087 curamus,
3591 4033 3646 4076 ut
3678 4023 3793 4091 ipse
3832 4042 3911 4078 sa-

2332 4097 2492 4152 lutem
2521 4115 2774 4167 nostram,
2805 4115 2856 4158 ct
2877 4107 3050 4160 omnia
3079 4108 3204 4169 facit
3229 4119 3281 4163 et
3311 4111 3544 4177 molitur,
3567 4124 3622 4166 ut
3648 4114 3715 4167 ad
3747 4116 3911 4176 virtu-

2333 4197 2436 4241 tem
2469 4204 2565 4243 nos
2588 4191 2816 4254 inducat,
2845 4205 2899 4249 et
2927 4212 2955 4247 a
2981 4196 3176 4251 diaboli
3200 4200 3440 4254 manibus
3459 4202 3669 4272 eripiat.
3697 4205 3764 4258 Et
3791 4221 3906 4260 cum

2333 4278 2472 4332 videt
2506 4280 2914 4350 uihilprodesse
2961 4286 3114 4340 nobis
3169 4291 3563 4355 prosperitates,
3602 4303 3728 4347 tunc
3779 4297 3908 4350 sicut

2330 4369 2500 4422 bonus
2525 4371 2782 4435 medicus,
2810 4373 2898 4441 qui
2943 4375 3318 4431 animadvertit
3343 4378 3615 4436 obesiores
3640 4382 3674 4434 ﬁ
3696 4384 3755 4436 τί
3795 4400 3905 4448 eos,

2326 4474 2552 4529 quorum
2577 4477 2759 4522 curam
2784 4465 2939 4534 gerit,
2980 4477 3195 4536 propter
3215 4470 3507 4538 crapulam,
3537 4472 3602 4525 ad
3627 4476 3905 4529 sanitatem

2330 4565 2424 4618 per
2475 4553 2817 4607 sobrietatem
2861 4555 3110 4611 reducit:
3142 4557 3212 4610 ita
3264 4568 3319 4612 et
3359 4561 3584 4615 eximius
3612 4564 3903 4618 animarum

2330 4654 2639 4696 uastrarum
2683 4642 2915 4697 Medicus
2957 4648 3214 4713 permittit
3249 4649 3516 4719 paulisper
3554 4666 3650 4705 nos
3696 4657 3902 4718 tentari,

2330 4744 2384 4788 ut
2406 4733 2696 4787 sentiamus
2720 4746 2974 4804 quantum
3002 4737 3178 4790 damni
3204 4753 3269 4793 ex
3301 4742 3647 4809 pro3peritate
3683 4759 3901 4815 accepe-

2330 4827 2495 4881 rimus
2529 4841 2542 4889 ;
2584 4836 2638 4880 et
2685 4825 2896 4895 quando
2934 4828 3076 4883 videt
3103 4830 3402 4886 restitutam
3419 4833 3726 4900 sanitatem,
3786 4847 3901 4893 tunc

2327 4917 2483 4972 celeri
2507 4917 2658 4971 nobis
2685 4918 2921 4972 subsidio
2949 4919 3194 4978 concedit
3222 4928 3328 4974 uta
3352 4924 3733 4978 mutationibus
3781 4928 3903 4982 libe—

2327 5023 2526 5072 iemur,
2566 5016 2621 5060 et
2678 5021 2787 5060 suae
2833 5010 3181 5076 providentia:
3225 5027 3408 5066 curam
3449 5015 3674 5069 ubertim
3728 5019 3899 5072 decla-

2326 5109 2424 5152 rat.
2455 5098 2636 5167 Itaque
2656 5099 2755 5153 etsi
2788 5099 2950 5169 aliqui
2997 5102 3191 5157 virtute
3235 5103 3439 5175 praediti
3487 5107 3539 5160 in
3588 5112 3900 5166 tentatiuues

2326 5189 2584 5250 incidant,
2637 5205 2702 5242 ne
2749 5190 3058 5256 turbentur,
3107 5193 3200 5246 sed
3253 5195 3375 5249 hinc
3435 5197 3711 5252 meliorem
3758 5217 3896 5270 spem

2324 5279 2650 5348 concipiant,
2690 5279 2814 5348 quia
2872 5281 3220 5342 tentationum
3268 5283 3528 5348 incursus,
3583 5302 3897 5344 coronarum

2324 5380 2377 5424 et
2428 5371 2766 5439 praminrum
2801 5371 2879 5424 eis
2924 5382 3052 5424 sunt
3101 5377 3341 5429 materia.
3395 5379 3547 5441 Quod
3597 5383 3638 5430 si
3679 5385 3731 5434 in
3781 5398 3894 5450 pec-

2322 5465 2453 5517 catis
2505 5477 2627 5516 cum
2669 5464 2790 5520 sint.
2841 5463 2890 5515 in
2938 5464 3160 5520 adversa
3228 5467 3495 5534 incidant,
3540 5486 3606 5525 ue
3667 5485 3894 5541 propter-

2321 5571 2382 5611 ea
2408 5555 2664 5625 gravatim
2711 5555 2898 5618 ferant,
2940 5559 3170 5613 scientes
3216 5561 3359 5615 omni
3407 5570 3645 5632 tempore
3694 5580 3892 5635 peccati

2321 5647 2554 5700 adversis
2578 5645 2805 5714 purgari,
2826 5647 2983 5702 modo
2997 5664 3117 5704 cum
3132 5652 3416 5720 gratiarum
3429 5654 3636 5710 actione
3649 5656 3891 5722 sust-iph-

2323 5755 2438 5795 ntus
2457 5755 2517 5793 ea
2536 5755 2652 5806 qua:
2671 5739 2932 5794 eveniunt.
2953 5741 3098 5797 Grati
3121 5743 3264 5798 enim
3282 5742 3459 5801 famuli
3477 5757 3580 5813 est,
3607 5763 3712 5800 non
3734 5751 3888 5804 solum

2328 5833 2695 5906 gratiasz-getc
2737 5831 2950 5887 domino
2971 5875 2981 5899 ,
3002 5833 3214 5904 quando
3243 5835 3465 5892 ubertim
3506 5853 3604 5910 pro
3627 5839 3883 5893 sententia
