4094 6480
657 452 766 520 δτι

663 579 860 649 ριστεῖν
895 577 973 647 τῷ
1000 576 1253 645 δεσπότῃ,
1284 573 1416 626 ἀλλά
1451 572 1546 624 καὶ
1593 574 1649 625 ἐν
1682 575 1792 634 τοῖς
1835 570 2098 634 ἐναντίοις
2136 570 2232 639 τὴν

660 662 830 729 αὑτην
858 657 1273 729 εὐγνωμοσύνην
1295 654 1719 708 ἐπιδείκνυσθαι.
1748 653 1902 706 Οὕτω
1935 652 2044 722 γὰρ
2077 652 2170 705 καὶ
2202 650 2232 701 ό

661 743 1005 814 πατριάρχης
1030 733 1181 802 οὗτος
1202 735 1545 807 εὗδοκίμησε,
1579 736 1674 788 καὶ
1693 736 1961 806 τοσαύτης
1989 735 2137 806 παρά
2155 733 2233 804 τῷ

658 826 780 897 Θεῴ
809 825 985 896 τυχὼν
1015 822 1342 892 παρρησίας,
1387 821 1482 872 καὶ
1505 817 1719 889 δωρεὰς
1758 819 1969 890 ἐδέχετο
1998 817 2232 880 νικώσας

659 909 759 976 τὴν
791 908 952 976 φύσιν
975 906 1073 975 τὴν
1100 902 1467 973 ἀνθρωπίνην.

715 991 760 1042 δ’
768 1029 780 1042 .
801 989 1114 1054 ’Δναγκαῖον
1131 984 1188 1037 δέ
1201 983 1363 1037 πάλιν
1376 985 1467 1037 ἐπὶ
1481 985 1582 1054 τὴν
1597 981 1912 1037 ἀκολουθίαν
1922 980 2233 1035 ἐπανελθεῖν

659 1072 754 1124 τοῦ
775 1071 952 1138 λόγου,
971 1070 1065 1122 καὶ
1087 1069 1214 1120 ἰδεῖν
1228 1066 1324 1119 τοῦ
1343 1067 1552 1120 δικαίου
1568 1065 1666 1135 τὴν
1688 1064 1954 1135 ὑπακοὴν,
1977 1065 2070 1117 καὶ
2087 1065 2233 1127 ὅπως

659 1155 738 1215 είς
765 1153 922 1223 ἔργον
952 1153 1128 1221 ῆγαγε
1157 1149 1227 1202 τά
1256 1150 1408 1220 παρά
1445 1148 1537 1200 τοῦ
1560 1147 1696 1201 Θεοῦ
1729 1148 2145 1217 ἐπιταττόμενα,
2171 1146 2232 1199 οὐ

659 1233 836 1304 ζητῶν
862 1233 954 1285 τὸν
978 1233 1155 1299 λόγον,
1190 1231 1308 1284 οὑδέ
1341 1229 1570 1294 εὐθύνας
1607 1231 1874 1294 ἀπαιτῶν,
1902 1229 2151 1300 καθάπερ
2182 1228 2232 1280 οί

659 1316 842 1370 πολλοὶ
859 1317 966 1369 τῶν
989 1316 1229 1384 ἀνοήτων
1250 1313 1459 1367 ποιοῦσι
1483 1314 1968 1386 περιεργαζόμενοι
1996 1314 2063 1367 τά
2085 1313 2234 1383 παρά

657 1398 752 1451 τοῦ
773 1399 907 1451 Θεοῦ
937 1399 1214 1466 γινόμενα,
1247 1397 1340 1450 καὶ
1367 1397 1616 1465 λέγοντες
1633 1415 1647 1429 ο
1675 1399 1766 1460 Εἰς
1791 1397 1843 1448 τί
1870 1396 2057 1462 τοῦτο;
2089 1399 2168 1459 εἰς
2183 1395 2234 1448 τί

659 1484 863 1544 ἐκεῖνος
893 1483 986 1534 καὶ
1013 1482 1064 1533 τί
1091 1480 1151 1532 τὸ
1181 1479 1373 1548 δψελος
1399 1480 1508 1532 ἀπὸ
1531 1480 1623 1532 τοῦ
1651 1480 1766 1532 τόδε
1794 1479 2116 1548 γενέσθαι,ἢ
2147 1479 2235 1532 τό-

656 1563 744 1627 δε;
785 1563 922 1616 ’A11'
951 1565 1052 1633 οὑχ
1073 1563 1102 1612 ὁ
1131 1562 1334 1623 δίκαιος
1360 1560 1550 1623 οὕτως·
1585 1560 1722 1613 ἀλλά
1751 1559 1998 1630 καθάπερ
2018 1559 2233 1628 οίκέτης

659 1645 1058 1712 φιλοδέσποτος,
1083 1644 1256 1705 οὑτως
1284 1643 1426 1710 ἅπερ
1448 1643 1512 1696 ἂν
1541 1643 1805 1712 ἐπετάγη,
1827 1645 1906 1705 είς
1928 1642 2086 1712 ἔργον
2106 1643 2235 1710 ἀγα-

658 1731 775 1797 γεῖν
803 1728 1051 1790 ἔσπευδε,
1086 1728 1160 1796 μὴ
1191 1725 1705 1795 περιεργαζόμενος.
1757 1726 1868 1778 Καὶ
1904 1725 1992 1779 ἵνα
2036 1726 2232 1796 μάθῃς,

661 1810 824 1864 ἄκουε
846 1809 954 1861 τῶν
979 1809 1122 1878 ἑξῆς.
1163 1807 1381 1878 Ἐπειδὴ
1401 1807 1507 1878 γὰρ
1536 1806 1633 1877 τὴν
1662 1807 1952 1875 ὑπόσχεσιν
1977 1809 2234 1877 ἐποιήσα-

655 1909 719 1945 το
744 1893 877 1961 πρὸς
901 1892 1059 1945 αὑτὸν
1079 1893 1107 1944 ό
1133 1890 1429 1960 Δεσπότης.
1454 1891 1546 1942 καὶ
1573 1889 1786 1942 ἐτέλεσε
1809 1889 1908 1956 τὴν
1933 1888 2080 1960 [409]
2099 1889 2234 1960 πρὸς

656 1974 819 2028 αὑτὸν
867 1974 1122 2040 διάλεξιν,
1169 1973 1370 2035 εὐθέως
1426 1974 1454 2025 ὁ
1507 1971 1711 2034 δίκαιος
1755 1971 1824 2024 τά
1878 1971 2236 2025 κελευσθέντα

657 2057 917 2128 ἐπλήρου,
945 2057 1037 2109 καὶ
1058 2056 1130 2118 τὸ¹
1148 2057 1372 2124 σημεῖον
1409 2054 1470 2104 τὸ
1497 2054 1648 2124 παρά
1677 2052 1771 2105 τοῦ
1796 2053 1930 2106 Θεοῦ
1953 2053 2234 2106 κελευσθὲν

657 2139 896 2191 ἐπετίθει
934 2138 1012 2208 τῷ
1051 2139 1295 2206 Ἰσμαὶτλ,
1326 2135 1424 2206 τὴν
1453 2136 1750 2206 περιτομὴν
1783 2136 1942 2203 λέγω,
1981 2140 2073 2189 καὶ
2102 2138 2234 2189 πᾶσι

657 2222 771 2280 τοῖς
785 2219 1105 2285 οίκογενέσι,
1131 2217 1349 2279 καὶτοῖς
1369 2218 1796 2287 ἀργυρωνήτοις,
1815 2216 1956 2269 καθά
1977 2216 2234 2284 ἐλάλησεν

657 2300 807 2370 αὑτῷ
828 2301 858 2352 δ
877 2301 1030 2362 Θεός.
1059 2299 1421 2370 Ιῐεριετέμετο
1443 2297 1500 2349 δὲ
1523 2300 1617 2350 καὶ
1639 2298 1819 2361 αὑτός.
1851 2299 2233 2361 Ἐ’ννενήκον-

656 2397 732 2436 τα
763 2382 871 2452 γάρ
899 2382 993 2434 καί
1027 2379 1203 2434 ἐννέα
1230 2378 1381 2433 ἐτῶν
1409 2375 1508 2447 ἦν,
1551 2380 1738 2448 φησὶν,
1767 2381 1949 2446 ἡνίκα
1975 2381 2234 2448 περιστέ-

654 2481 796 2533 μετο
822 2464 934 2531 τὴν
963 2467 1160 2530 σάρκα
1193 2461 1303 2532 τῆς
1323 2463 1725 2528 ἀκροϐυστίας
1750 2463 1956 2516 αὑτοῦ·
1994 2462 2236 2531 Ἰσμαὴνί

655 2545 726 2598 δὲ
752 2541 830 2613 ἦν
856 2543 1007 2598 ἐτῶν
1032 2541 1370 2610 δεκατριῶν.
1395 2542 1484 2612 Μὴ
1511 2544 1738 2614 νομίσῃς
1762 2539 1949 2607 ἀπλῖῦς
1979 2547 2107 2614 ἡμῖν
2129 2544 2235 2596 τῶν

655 2627 795 2681 ἐτῶν
814 2628 903 2680 τὸν
920 2627 1151 2697 ἀριθμὸν
1170 2625 1267 2696 τὴν
1290 2625 1329 2676 Γ
1332 2626 1510 2697 ραφήν
1529 2626 1987 2695 ἐπισημήνασθαι·
2012 2627 2124 2678 ἀλλ’
2150 2628 2234 2679 ἵνα

657 2710 752 2762 καὶ
777 2712 839 2762 ἐκ
864 2709 1050 2762 τούτου
1077 2708 1252 2780 μάθῃς
1274 2707 1370 2759 τοῦ
1395 2707 1603 2759 δικαίου
1630 2706 1726 2776 τὴν
1749 2706 1946 2777 πολλὴν
1969 2707 2232 2777 ὑπακοὴν,

657 2791 740 2844 δτι
769 2792 826 2843 ἐν
855 2792 1067 2860 ἐσχάτῳ
1095 2793 1239 2860 γήρᾳ
1269 2787 1345 2840 ῶν
1372 2789 1561 2857 πράως
1589 2790 1784 2859 ήνεγκε
1815 2791 1911 2859 την
1938 2788 2128 2858 ὀδύνην
2149 2789 2235 2841 διά

657 2873 720 2925 τὸ
747 2873 841 2925 τοῦ
873 2872 1006 2924 Θεοῦ
1042 2872 1342 2938 ἐπίταγμα.
1378 2870 1466 2922 διὰ
1488 2870 1645 2922 τοῦτο
1678 2873 1908 2924 ποιεῖται
1937 2869 2033 2940 τὴν
2058 2871 2235 2924 αὑτῶν

654 2953 1050 3023 ἀπαρίθμησιν,
1068 2951 1160 3004 καὶ
1175 2952 1276 3005 οὑκ
1298 2951 1460 3014 αὑτὸς
1485 2951 1663 3020 μόνος,
1689 2952 1822 3004 ἀλλὰ
1849 2954 1941 3004 καὶ
1960 2956 1988 3005 ὁ
2018 2952 2236 3023 Ἰσμαὴλ

658 3035 754 3089 καὶ
791 3034 988 3098 πάντες
1024 3037 1071 3086 οἱ
1109 3034 1422 3102 οἰκογενεῖς.
1470 3033 1604 3085 Οὑδέ
1635 3033 1743 3102 γὰρ
1774 3033 1834 3085 τδ
1872 3028 2032 3102 τυχόν
2066 3035 2231 3098 ἐστιν,

657 3117 928 3186 ἀγαπητέ,
968 3116 1316 3182 ὑγιαίνουσαν
1368 3115 1546 3184 σάρκα
1591 3115 1880 3184 ἀποτεμεῖν
1925 3117 2017 3168 καὶ
2056 3117 2236 3180 κακῶς

657 3198 906 3268 ἔχουσαν.
935 3199 998 3250 Εἰ
1034 3199 1142 3266 γὰρ
1172 3197 1267 3250 καὶ
1307 3195 1506 3267 ίατρῶν
1535 3195 1721 3258 παῖδες
1762 3195 1921 3265 μέλος
1949 3197 2235 3267 ἀρρωστῆ-

661 3297 760 3333 σαν
780 3281 1173 3350 ἀποτέμνουσιν
1190 3291 1239 3342 ι,
1263 3279 1376 3330 ἀλλ’
1393 3279 1492 3330 οὑκ
1521 3276 1608 3347 ίση
1631 3277 1838 3344 γίνεται
1857 3277 1977 3330 τότε
1998 3283 2028 3346 ἡ
2053 3281 2232 3350 ὀδύνη.

659 3362 947 3432 Νεκρωθέν
975 3360 1103 3432 γὰρ,
1130 3360 1206 3422 ὡς
1227 3361 1420 3422 εἰπεῖν,
1448 3357 1632 3411 λοιπὸν
1656 3358 1750 3411 καὶ
1773 3359 1872 3428 τῆς
1901 3359 2137 3429 ζωτικῆς
2154 3361 2236 3414 δυ-

658 3444 873 3514 νάμεως
895 3442 1262 3514 ἀποπερηθέν
1290 3440 1665 3510 ἐκτέμνουσιν.
1696 3441 1955 3495 Ἐνταῦθα
1982 3443 2039 3496 δέ
2059 3443 2234 3515 γέρων

658 3527 756 3581 καὶ
786 3525 1093 3596 πρεσϐύτης
1147 3524 1360 3581 (ἑκατὸν
1401 3523 1509 3594 γάρ
1557 3524 1692 3576 ἐτῶν
1731 3523 2014 3596 ἐτύγχανε)
2046 3528 2235 3594 πράως

657 3609 855 3678 ῆνεγκε
896 3609 993 3678 τὴν
1034 3607 1246 3676 ὀδύνην,
1276 3603 1410 3675 όμοῦ
1447 3604 1539 3657 καὶ
1572 3605 1666 3657 τοῦ
1696 3606 1828 3659 Θεοῦ
1861 3607 1920 3659 τὸ
1957 3608 2234 3679 ἐπίταγμα

659 3691 739 3751 είς
763 3688 921 3759 ἔργον
945 3691 1169 3756 ἀγαγεῖν
1195 3687 1458 3750 σπεύδων,
1489 3687 1584 3741 καὶ
1609 3687 1700 3740 τὸν
1732 3689 1844 3740 υἱὸν
1875 3690 1966 3741 καὶ
1997 3692 2122 3753 τοὺς
2152 3692 2233 3743 οί-

661 3773 900 3839 κογενεῖς
933 3771 1175 3833 ἅπαντας
1201 3769 1634 3840 προθυμοτέρους
1677 3771 2060 3839 ἐργαζόμενος,
2091 3772 2231 3826 ὥστε

663 3853 740 3924 μὴ
774 3854 1058 3915 ἐνδοιάσαι,
1092 3853 1226 3906 ἀλλά
1265 3853 1402 3922 μετά
1428 3852 1624 3905 πολλοῦ
1658 3855 1752 3905 τοῦ
1774 3854 1970 3924 τάχους
1991 3856 2053 3907 τὸ
2083 3858 2230 3926 παρά

657 3936 755 3990 τοῦ
793 3936 926 3989 Θεοῦ
967 3935 1302 4007 προσταχθὲν
1351 3935 1678 3989 ἐπιτελέσαι.
1727 3932 1876 3999 Εἶδες
1919 3939 2040 3990 ὅσον
2082 3940 2230 3992 ἐστὶν

657 4019 798 4088 ἀνὴρ
828 4019 1099 4089 ἐνάρετος,
1127 4020 1272 4080 ὅπως
1300 4017 1393 4071 καὶ
1421 4007 1544 4078 τοὺς
1567 4018 2037 4087 ὑπηρετουμὲνους
2062 4020 2232 4074 ἃπαν-

659 4116 757 4161 τας
798 4100 1080 4152 ἐπαίδευσε
1115 4100 1232 4150 κατ’
1269 4101 1410 4168 ίχνος
1449 4098 1613 4151 αὑτοῦ
1649 4099 1883 4168 βαίνειν;
1921 4101 2094 4171 Ὅπερ
2123 4104 2230 4173 γὰρ

662 4179 786 4249 χθὲς
821 4179 1024 4248 ἔλεγον,
1065 4181 1221 4232 τοῦτο
1248 4181 1409 4232 πάλιν
1447 4182 1538 4233 καὶ
1575 4181 1665 4233 νῦν
1693 4181 1822 4252 ἐρῶ·
1852 4183 1934 4235 ὅτι
1961 4181 2046 4234 διά
2077 4183 2231 4238 τοῦτο

660 4262 842 4314 λοιπὸν
873 4263 931 4326 ἐξ
947 4264 1163 4319 ἐκείνου
1195 4264 1521 4332 πρόσταγμα
1551 4263 1740 4330 γέγονε
1772 4264 1921 4334 παρά
1947 4265 2039 4317 τοῦ
2073 4266 2227 4330 Θεοῦ,

660 4344 802 4397 ὥστε
833 4348 889 4398 ἐν
930 4346 1094 4415 ἀώρῳ
1129 4349 1196 4416 τῇ
1235 4345 1420 4416 ἡλικίᾳ
1443 4345 1600 4413 τοῦτο
1627 4346 1915 4414 ὑπομένειν
1949 4349 2074 4411 τοὺς
2107 4352 2230 4402 παῖ-

658 4427 776 4492 δας,
813 4429 898 4480 ἵνα
919 4429 976 4481 ἐν
1009 4427 1332 4499 ἀναισθησίᾳ
1353 4427 1449 4497 τὴν
1473 4428 1710 4497 ἐκτομὴν
1733 4427 1832 4495 τῆς
1862 4429 2064 4498 σαρκὸς
2095 4430 2227 4482 ὑπο⁹

663 4511 917 4580 μένοντες
947 4510 1214 4580 μηδεμίαν
1244 4510 1343 4578 τῆς
1369 4509 1559 4578 ὀδύνης
1583 4513 1774 4579 πεῖραν
1796 4509 2050 4563 λάϐωσιν.

744 4591 902 4644 Ἀλλά
937 4591 1127 4643 σκόπει
1160 4608 1270 4660 μοι,
1302 4593 1568 4660 ἀγαπητὲ,
1611 4590 1703 4643 τοῦ
1749 4590 1881 4643 Θεοῦ
1914 4593 2012 4662 τὴν
2045 4593 2228 4661 φιλαν-

660 4672 926 4743 θρωπίαν,
953 4674 1045 4725 καὶ
1059 4674 1157 4744 τὴν
1177 4673 1380 4741 ἄφατον
1404 4676 1533 4744 περὶ
1564 4675 1709 4743 ἡμᾶς
1734 4675 2066 4743 εὐεργεσίαν.
2087 4677 2231 4730 Ἐκεῖ

662 4755 755 4806 καὶ
778 4754 934 4823 ὀδύνη
954 4755 1044 4806 καὶ
1064 4756 1224 4817 πόνος
1245 4758 1307 4808 ἐκ
1328 4754 1420 4808 τοῦ
1447 4755 1752 4824 γινομένου,
1769 4757 1861 4808 καὶ
1878 4756 2028 4809 οὐδὲν
2043 4757 2227 4828 ἕτερον

660 4841 723 4890 ἐκ
748 4839 845 4908 τῆς
874 4839 1172 4909 περιτομῆς
1193 4839 1381 4907 δφελος
1399 4834 1489 4908 ἦν,
1512 4838 1544 4908 ἢ
1571 4839 1727 4892 τοῦτο
1745 4839 1923 4909 μόνον,
1944 4840 2001 4892 τὸ
2027 4841 2113 4893 διὰ
2135 4842 2228 4895 τοῦ

661 4921 887 4991 σημείου
920 4921 1106 4974 τούτου
1132 4921 1442 4992 γνωρίμως
1471 4922 1668 4984 αὐτοὺς
1694 4916 1852 4988 εἶναι,
1875 4923 1966 4974 καὶ
1991 4922 2099 4974 τῶν
2119 4924 2223 4977 λοι-

660 5004 777 5056 πῶν
818 5003 984 5056 ἐθνῶν
1014 5003 1360 5074 κεχωρίσθαι.
1406 5003 1469 5055 Ἡ
1498 5004 1554 5055 δέ
1601 5003 1838 5073 ἡμετέρα
1870 5006 2155 5076 περιτομὴ.
2193 5009 2226 5077 ἡ

657 5087 752 5140 τοῦ
783 5086 1150 5156 βαπτίσματος
1190 5083 1331 5152 λέγω
1370 5084 1546 5154 χάρις,
1586 5083 1849 5138 ἀνώδυνον
1878 5085 1987 5156 ἔχει
2020 5089 2117 5158 τὴν
2148 5090 2230 5141 ια..

656 5170 861 5240 τρείαν,
882 5170 974 5221 καὶ
998 5167 1202 5238 μυρίων
1223 5166 1442 5236 ἀγαθῶν
1462 5166 1716 5236 πρόξενος
1737 5166 1939 5235 γίνεται
1961 5169 2108 5239 ἡμῖν,
2132 5169 2226 5222 καὶ

657 5253 754 5321 τῆς
774 5249 868 5303 τοῦ
901 5251 1210 5322 Πνεύματος
1233 5252 1377 5320 ἡμᾶς
1399 5250 1702 5322 ἐμπίπλησι
1727 5250 1963 5320 χάριτος,
1989 5252 2082 5304 καὶ
2107 5253 2224 5306 οὐδὲ

655 5334 959 5405 ὡρισμένον
986 5334 1096 5404 ἔχει
1120 5333 1328 5403 καιρὸν,
1360 5332 1612 5402 καθάπερ
1643 5334 1776 5395 ἐκεῖ,
1798 5332 1911 5385 ἀλλ’
1934 5333 2108 5397 ἔξεστι
2133 5338 2226 5388 καὶ

655 5416 717 5468 ἐν
752 5415 914 5485 ἀώρῳ
940 5415 1146 5486 ἡλικίαι,
1186 5416 1282 5467 καὶ
1309 5417 1365 5466 ἐν
1397 5415 1557 5486 μέσῃ,
1597 5416 1691 5468 καὶ
1721 5417 1778 5467 ἐν
1806 5414 1954 5486 αὐτῷ
1977 5416 2055 5487 τῷ
2079 5420 2224 5490 γήρᾳ

659 5496 946 5566 γενόμενόν
982 5514 1101 5550 τινα
1138 5495 1343 5566 ταύτην
1376 5495 1630 5560 δέξασθαι
1673 5497 1772 5567 τήν
1813 5499 2222 5571 ἀχειροποίητον

658 5572 976 5647 περιτομὴν,
1006 5580 1063 5630 ἐν
1087 5572 1242 5651 ᾖοὺκ
1263 5577 1379 5630 ἐστι
1403 5579 1560 5648 μόνον
1586 5579 1891 5648 ὑπομεῖναι,
1909 5580 2023 5633 ἀλλ’
2045 5584 2222 5654 ἀμαρ-

659 5659 914 5731 τημάτων
943 5660 1138 5730 φορτία
1164 5660 1482 5726 ἀποθέσθαι,
1520 5661 1614 5716 καὶ
1641 5662 1750 5716 τῶν
1777 5663 1835 5717 ἐν
1861 5666 2019 5721 παντὶ
2047 5666 2220 5739 χρόνῳ

720 5836 748 5866 ⁸
772 5837 996 5901 Quinque
1023 5849 1134 5888 mss.
1165 5839 1479 5905 ἀρρωστῆσαν
1513 5839 1620 5889 τότε
1644 5839 2002 5902 ἀποτέμνουσιν.

1333 460 1389 514 S.
1423 455 1705 513 JOANNIS
1736 450 2230 511 CHRYSOSTOIl
2264 450 2581 508 ARCIIIEP.
2621 451 3170 510 CONSTANTINOP.

3812 450 3913 510 874

2339 568 2823 640 πλημμελημάτων
2859 568 2960 638 την
3001 564 3342 636 συγχώρησιν
3375 561 3652 632 εὑρέσθαι.
3703 563 3918 636 Ἐπειδὴ

2339 652 2447 721 γὰρ
2479 647 2616 705 είδεν
2660 652 2689 702 ό
2724 651 3102 720 φιλάνθρωπος
3141 648 3270 710 Θεὸς
3301 646 3400 717 τῆς
3437 645 3726 712 ἀσθενείας
3762 651 3919 719 ἡμῶν

2338 735 2434 804 τὴν
2482 733 2806 804 ὑπερϐολὴν,
2861 733 2954 785 καὶ
2995 733 3076 784 ὅτι
3121 731 3312 784 ἀνίατα
3350 729 3630 794 νοσοῦντες
3677 733 3915 802 μεγάλης

2337 826 2569 895 δεόμεθα
2599 824 2697 893 τῆς
2728 826 2988 896 ἰατρείας,
3013 823 3106 876 καὶ
3132 823 3338 891 ἀφάτου
3360 824 3458 894 τῆς
3484 824 3913 894 φιλανθρωπίας,

2338 907 2637 976 οἰκονομῶν
2669 907 2768 978 τὴν
2806 907 3079 976 ἡμετέραν
3115 903 3408 973 σωτηρίαν,
3460 905 3756 975 ἐχαρίσατο
3788 907 3919 975 ἡμῖν

2339 990 2438 1062 τὴν
2469 990 2559 1043 διά
2589 989 2683 1043 τοῦ
2711 988 2934 1060 λουτροῦ
2971 989 3070 1058 τῆς
3104 986 3520 1053 παλιγγενεσίας
3552 988 3913 1050 ἀνακαίνισιν,

2340 1073 2427 1126 ῐνα
2449 1072 2774 1143 ἀποθέμενοι
2802 1072 2892 1125 τὸν
2920 1071 3145 1124 παλαιὸν
3173 1070 3477 1140 ἄνθρωπον,
3511 1069 3657 1122 τοῦτ’
3689 1071 3804 1124 ἔστι
3821 1071 3918 1133 τὰς

2339 1152 2565 1228 πράξεις
2602 1154 2698 1218 τάς
2725 1155 2984 1225 πονηράς,
3021 1154 3115 1207 καὶ
3145 1153 3494 1224 ἐνδυσάμενοι
3529 1153 3623 1206 τὸν
3647 1153 3790 1216 νέον,
3826 1155 3918 1206 ἐπὶ

2339 1237 2437 1308 τὴν
2467 1237 2569 1306 τῆς
2605 1235 2806 1307 ἀρετῆς
2849 1236 2969 1288 ὁδὸν
3009 1235 3330 1307 βαδίζωμεν.
3374 1234 3554 1295 Ἀλλὰ,
3589 1235 3916 1305 παρακαλῶ,

2343 1317 2418 1390 μὴ
2439 1319 2547 1372 τῶν
2568 1317 2918 1387 ἀγνωμόνων,
2940 1318 3047 1372 τῶν
3074 1319 3413 1388 ἀναισθήτων
3443 1317 3659 1389 χείρους
3680 1317 3919 1388 γενῶμεο

2341 1401 2410 1453 θα
2451 1400 2731 1454 Ἰουδαίων.
2777 1400 3003 1453 Ἐκεῖνοι
3038 1400 3137 1469 μὲν
3157 1400 3265 1470 γὰρ
3293 1401 3572 1469 δεχόμενοι
3601 1401 3664 1452 τὸ
3691 1401 3920 1468 σημεῖον

2342 1480 2491 1556 [MO]
2531 1482 2688 1536 τοῦτο
2723 1481 2824 1552 τῆς
2857 1482 3179 1554 περιτομῆς,
3215 1477 3358 1552 εῐχον
3397 1483 3588 1551 ἱκανὴν
3617 1482 3922 1550 ἀσφάλειαν

2341 1567 2477 1636 πρὸς
2504 1565 2565 1618 τὸ
2591 1563 2785 1636 μηκέτι
2815 1564 3309 1636 συναναμίγνυσθαι
3332 1565 3445 1628 τοῖς
3472 1563 3648 1617 ἔθνεσι
3668 1563 3812 1617 κατά
3829 1564 3922 1617 τδν

2340 1648 2440 1718 τῆς
2470 1648 2751 1710 κοινωνίας
2785 1647 2960 1715 λόγον’
2999 1647 3139 1701 κατά
3166 1648 3276 1718 γάρ
3305 1647 3402 1717 τὴν
3430 1646 3688 1700 ἀσέϐειαν
3723 1646 3921 1699 πολλά-

2341 1749 2426 1795 κις
2457 1733 2654 1795 αὑτοὺς
2697 1731 2790 1784 καὶ
2819 1730 3248 1801 ὑπερηκόντισαν
3271 1727 3588 1800 ἀγνώμονες
3614 1730 3921 1799 γεγονότες.

2354 1814 2490 1868 Ἀλλ’
2517 1816 2675 1884 ἡμεῖς
2699 1812 2846 1877 ἅπαξ
2870 1813 3150 1882 δεχόμενοι
3183 1813 3281 1882 τήν
3304 1811 3392 1866 διὰ
3414 1813 3511 1864 τοῦ
3541 1811 3924 1882 βαπτίσματος

2341 1897 2660 1968 περιτομὴν.
2710 1894 2849 1964 μετά
2878 1894 3176 1962 ἀσφαλείας
3204 1893 3271 1947 τὰ
3299 1893 3418 1947 καθ’
3451 1895 3680 1957 ἐαυτοὺς
3711 1897 3921 1947 οίκονο·

2345 1982 2624 2051 μήσωμεν.
2668 1978 2742 2031 Θὺ
2780 1977 2923 2045 λέγω
2961 1977 3049 2030 ῖνα
3092 1978 3167 2047 μὴ
3207 1975 3770 2046 ωναναμιγνυὼμεθα
3810 1971 3924 2038 τοῖς

2342 2063 2570 2126 ἔθνεσιν,
2592 2061 2706 2115 ἀλλ’
2732 2062 2818 2114 ἶνα
2841 2061 2936 2113 ἐπὶ
2958 2061 3057 2130 τῆς
3078 2060 3286 2124 οίκείας
3305 2059 3506 2132 ἀρετῆς
3528 2059 3805 2129 μένοντες,
3831 2061 3926 2112 καὶ

2341 2144 2566 2206 ἐκείνοις
2593 2141 3118 2212 συναναμιγνύμενοι
3135 2142 3384 2210 ἔλκωμεν
3410 2142 3606 2204 αὑτοὺς
3623 2143 3703 2204 είς
3723 2141 3826 2212 τὴν
3838 2142 3927 2194 :15-

2343 2225 2578 2289 σέσειαν,
2619 2226 2714 2278 καὶ
2755 2224 2842 2277 διά
2877 2227 2976 2294 τῆς
3018 2223 3128 2275 τῶν
3161 2223 3380 2290 ἀγαθῶν
3425 2223 3602 2296 ἔργων
3647 2223 3925 2286 πολιτείας

2340 2308 2685 2371 διδασκαλίας
2711 2309 2889 2371 αὑτοῖς
2911 2307 3164 2368 ὑπόθεσις
3191 2305 3488 2378 γινώμεθα.
3513 2305 3610 2360 Διά
3631 2308 3744 2376 γὰρ
3764 2304 3928 2358 τοῦτο

2342 2391 2433 2443 καὶ
2457 2393 2486 2442 δ
2510 2391 2684 2455 κοινὸς
2718 2391 2969 2445 ἀπάντων
3008 2390 3282 2460 Δεσπότης
3314 2389 3691 2461 συνεχώρησεν
3717 2390 3928 2459 ἀναμε-

2345 2474 2533 2544 μίχθαι
2555 2475 2790 2537 καὶτοὺς
2815 2475 3084 2543 πονηροὺς
3109 2473 3203 2526 καὶ
3234 2473 3360 2536 τοὺς
3379 2473 3634 2540 ἀγαθοὺς,
3671 2473 3768 2524 καὶ
3801 2472 3927 2535 τοὺς

2342 2557 2586 2619 εὐσεϐεῖς
2609 2558 2702 2610 καὶ
2726 2556 2852 2618 τοὺς
2874 2555 3111 2618 ἀσεϐεῖς,
3139 2556 3224 2607 ἴνα
3248 2555 3299 2607 οί
3327 2555 3551 2625 πονηροὶ
3570 2544 3929 2625 κερδαίνωσιν

2341 2639 2449 2692 ἀπὸ
2479 2638 2588 2691 τῶν
2619 2637 2860 2707 ἀγαθῶν,
2897 2638 2991 2690 καὶ
3023 2638 3072 2692 οί
3103 2638 3161 2690 ἐν
3194 2636 3418 2707 ἀσεϐείᾳ
3459 2637 3538 2690 ἔτι
3568 2637 3926 2706 κατεχόμενοι

2340 2721 2783 2789 χειραγωγῶνται
2809 2718 2944 2790 πρὸς
2981 2719 3079 2789 τὴν
3107 2719 3408 2771 εὐσέϐειαν.
3443 2719 3608 2771 Οὑδέν
3645 2718 3759 2787 γὰρ
3786 2718 3928 2771 οὕτω

2341 2803 2418 2871 τῷ
2438 2801 2555 2871 Θεῷ
2581 2801 3057 2872 περισπούδαστον,
3079 2801 3155 2864 ὡς
3184 2801 3427 2870 σονι-ηρία
3453 2800 3651 2871 ψυχῆς.
3688 2801 3785 2869 Μὴ
3818 2802 3926 2854 τοί-

2343 2901 2437 2937 νυν
2471 2883 2784 2953 ἀμελῶμεν,
2823 2881 3146 2952 παρακαλῶ,
3192 2883 3328 2953 μήτε
3368 2881 3597 2944 ἑαυτῶν,
3640 2883 3783 2953 μήτε
3823 2883 3928 2934 τῶν

2343 2965 2587 3034 πλησίον
2614 2966 2821 3017 ἐαυτῶν
2855 2966 2973 3034 μὲν,
3009 2965 3096 3017 διά
3124 2963 3218 3016 τοῦ
3250 2964 3319 3017 τὰ
3350 2964 3470 3017 καθ’
3497 2965 3729 3027 ἐαυτοὺς
3754 2964 3928 3024 οὕτως

2341 3051 2661 3119 οἰκονομεῖν,
2684 3048 2760 3111 ὠς
2785 3048 2932 3100 δοκεῖ
2953 3047 3030 3116 τῷ
3056 3046 3195 3117 Θεῷ·
3217 3046 3396 3100 τῶνδὲ
3420 3045 3670 3118 πλησίον,
3694 3048 3761 3098 ἶν’
3786 3047 3929 3101 οὕτω

2341 3131 2644 3201 λάμπωμεν
2666 3131 2722 3182 ἐν
2747 3131 2936 3200 ἀρετῇ,
2960 3128 3099 3181 ὥστε
3128 3129 3223 3181 x01
3250 3127 3523 3196 σιγώντων
3545 3129 3705 3198 ήμῶν
3734 3131 3928 3198 ἱκανὴν

2341 3215 2485 3284 ἔχειν
2509 3212 2854 3266 διδασκαλίαν
2875 3213 2998 3275 τοὺς
3036 3213 3116 3275 είς
3151 3213 3296 3281 ἡμᾶς
3322 3212 3586 3283 ὁρῶντας.
3601 3213 3823 3284 Ὠσπερ
3837 3211 3928 3268 οὖν

2343 3296 2588 3366 ἐνάρετοι
2621 3295 2772 3356 δντες
2819 3293 2888 3346 τά
2933 3293 3162 3364 μέγιστα
3211 3294 3306 3347 καὶ
3344 3294 3497 3348 αὐτοὶ
3530 3294 3925 3364 κερδανοῦμεν,

2343 3377 2437 3430 καὶ
2459 3380 2582 3439 τοὺς
2613 3373 2870 3438 ἀπίστους
2888 3375 3263 3445 ὠφελήσομεν,
3287 3374 3478 3438 οὕτως.
3499 3377 3547 3428 εί
3570 3376 3924 3446 ραθυμήσαι·

2344 3476 2464 3530 μεν,
2512 3459 2606 3511 καὶ
2641 3457 2794 3511 αὑτοὶ
2827 3457 3028 3528 πολλὴν
3075 3456 3493 3528 ὑποστησόμεθα
3531 3458 3633 3526 τὴν
3678 3457 3924 3526 κόλασιν,

2341 3542 2434 3594 καὶ
2466 3541 2672 3610 ἐτέροις
2701 3539 2997 3592 σκανδάλου
3040 3538 3295 3602 ὑπόθεσις
3328 3537 3693 3609 γενησόμεθα.
3736 3540 3924 3593 Καθά-

2340 3642 2445 3697 περ
2479 3625 2588 3694 γὰρ
2619 3623 2717 3694 τὴν
2745 3622 2943 3694 ἀρετὴν
2977 3623 3250 3693 μετιόντες
3278 3623 3438 3692 διπλῇ
3466 3624 3557 3677 τὸν
3587 3625 3787 3693 μισθὸν
3819 3643 3924 3679 πα-

2340 3707 2410 3779 ρὰ
2447 3706 2542 3759 τοῦ
2589 3704 2723 3759 Θεοῦ
2762 3704 3140 3776 καρπούμεθα,
3173 3706 3269 3759 καί⁵
3300 3705 3441 3777 ὑπὲρ
3475 3701 3552 3759 ὧν
3596 3706 3666 3760 ἂν
3719 3708 3923 3776 ταύτην

2342 3789 2637 3861 μετίωμεν,
2681 3788 2772 3840 καὶ
2817 3787 2957 3858 ὑπὲρ
3009 3779 3084 3840 ὧν
3123 3788 3249 3851 τοὺς
3289 3787 3516 3858 πλησίον
3558 3784 3920 3860 ἐφελκὼμεθα

2339 3874 2419 3935 είς
2450 3871 2548 3941 τὴν
2579 3870 2679 3939 τῆς
2704 3869 2905 3939 ἀρετῆς
2943 3870 3249 3923 κοινωνίαν·
3283 3871 3376 3924 τὸν
3409 3871 3571 3924 αὑτὸν
3603 3871 3670 3942 δὴ
3716 3873 3920 3943 τρόπον

2338 3955 2430 4006 καὶ
2458 3954 2549 4004 ἐπὶ
2581 3951 2677 4020 τῆς
2707 3952 2924 4013 κακίας,
2953 3951 3051 4021 οὑχ
3091 3952 3232 4022 ὑπὲρ
3268 3945 3342 4006 ὧν
3382 3954 3788 4024 ἡμαρτήκαμεν
3828 3973 3915 4008 x0—

2337 4033 2609 4104 λαζόμεθα
2637 4035 2814 4104 μόνον,
2848 4033 2963 4086 ἀλλ’
2987 4034 3127 4105 ὑπὲρ
3147 4029 3222 4088 ὧν
3253 4036 3346 4088 καὶ
3376 4035 3594 4106 ἐτέρους
3622 4037 3914 4091 ὑποσκελί-

2339 4118 2522 4186 ζομεν.
2560 4115 2718 4168 Ἀλλά
2746 4115 2818 4185 μὴ
2844 4115 3051 4183 γένοιτο
3078 4116 3188 4169 τῶν
3217 4117 3450 4170 ἐνταῦθά
3471 4135 3595 4171 τινα
3627 4121 3917 4173 συνιόντων

2337 4197 2574 4250 τοιοῦτον
2597 4197 2868 4265 γενέσθαι,
2897 4196 3031 4249 ἀλλά
3060 4201 3266 4262 πάντας
3290 4201 3436 4269 ημᾶς
3463 4202 3599 4269 πρὸς
3627 4202 3913 4273 οἰκοδομὴν

2337 4281 2444 4333 τῶν
2472 4279 2722 4350 ὁρώντων
2749 4279 2839 4331 τὸν
2869 4280 3076 4331 ἑαυτῶν
3103 4281 3216 4350 βίον
3246 4280 3461 4344 ἰθύνειν,
3489 4283 3576 4335 ἵνα
3596 4284 3914 4354 δυνηθῶμεν

2340 4361 2480 4432 μετά
2523 4361 2830 4432 παρρησίας
2884 4361 3072 4430 στῆναι
3129 4363 3218 4414 ἐπὶ
3254 4361 3348 4414 τοῦ
3380 4363 3620 4433 βήματος
3661 4367 3754 4418 τοῦ
3785 4369 3913 4437 Χρι.

2339 4443 2487 4508 ατοῦ,
2534 4444 2629 4496 καὶ
2672 4443 2779 4495 τῶν
2806 4445 3132 4514 ἀπορρήτων
3162 4445 3384 4496 ἐκείνων
3413 4445 3636 4513 ἀγαθῶν
3672 4448 3911 4517 ἀξιωθῆο

2336 4543 2446 4588 ναι,
2485 4519 2560 4578 ὧν
2600 4525 2811 4593 γένοιτο
2844 4525 3052 4588 πάντας
3092 4527 3238 4594 ἡμᾶς
3280 4527 3576 4597 ἐπιτυχεῖν,
3608 4530 3794 4598 χάριτι
3822 4531 3908 4583 καὶ

2338 4607 2717 4678 φιλανθρωπία
2748 4606 2839 4658 τοῦ
2864 4605 3062 4677 Κυρίου
3097 4607 3254 4676 ἡμῶν
3293 4607 3465 4678 Ἰησοῦ
3492 4611 3755 4679 Χριστοῦ,
3793 4611 3908 4680 μεθ’

2335 4687 2396 4745 οὗ
2428 4690 2507 4760 τῷ
2550 4691 2721 4759 Πατρὶ
2749 4690 2865 4758 ἆμα
2894 4690 2971 4758 τῷ
3011 4691 3148 4760 ἀγίῳ
3195 4690 3470 4762 Πνεύματι
3505 4692 3652 4757 δόξα,
3688 4695 3900 4766 κράτος,

2305 4771 2487 4874 4:93;.
2520 4769 2613 4824 νῦν
2645 4771 2735 4824 καὶ
2760 4772 2880 4835 ἀεὶ,
2919 4772 3013 4826 καὶ
3047 4774 3126 4835 εἰς
3150 4773 3276 4837 τοὺς
3312 4772 3514 4840 αίῶνας
3543 4777 3651 4829 τῶν
3677 4777 3900 4832 αἰώνων.

2377 4858 2393 4874 .
2459 4855 2518 4874 ναί

2365 4855 2541 4927 Δμήν.

2892 4996 3134 5050 ΟΜΙΛΙΔ
3175 4999 3309 5054 MA'.

2337 5165 2526 5244 Ὠξρυη
2549 5144 2647 5244 *δέ
2675 5165 2706 5218 ό
2752 5166 2897 5244 Θεὸς
2926 5167 3019 5244 ,τῷ
3062 5169 3324 5244 Ἇᾷρσρμ-
3354 5171 3512 5244 πρὸς
3547 5171 3624 5240 τῇ
3651 5173 3792 5242 δρυῒ
3830 5173 3898 5243 τῇ

2399 5235 2647 5313 Μαμϐρῆ
2667 5273 2683 5296 ,
2713 5235 3051 5315 καθημένου
3081 5235 3275 5315 αὑτοῦ
3299 5235 3407 5293 ἐπί
3436 5235 3552 5312 τῆς
3794 5235 3896 5315 τῆξ·

2400 5305 2638 5370 σκηνῆς
2665 5305 2851 5358 αὐτοῦ
2872 5309 3266 5378 μεσημϐρίας.

2399 5430 2465 5478 α’.
2497 5423 2669 5476 Ὀκνῶ
2702 5427 2794 5479 καὶ
2821 5425 3121 5498 ἀναδύομαι
3145 5432 3381 5503 σήμερον
3403 5433 3541 5504 πρὸς
3568 5433 3671 5505 τὴν
3698 5439 3795 5507 τῆς
3823 5437 3893 5491 δι.-

2327 5506 2619 5571 δασκαλίας
2657 5508 2936 5578 ἐξήγησιν.
2985 5511 3152 5566 Ὅταν
3197 5513 3306 5584 γὰρ
3340 5516 3616 5586 ἐννοήσω,
3657 5506 3758 5571 ὅτι
3782 5519 3892 5574 καθ’

2327 5591 2562 5660 ἑκάστην
2586 5591 2798 5660 ἡμέραν
2844 5592 2999 5662 ήμῶν
3046 5595 3377 5665 ἐνηχούντων
3401 5637 3416 5660 ,
3453 5600 3854 5670 παραινούντων
3873 5641 3888 5664 .

2327 5672 2734 5741 παρατιθέντων
2752 5673 2881 5743 ὑμῖν
2900 5674 2997 5744 τὴν
3025 5677 3396 5749 πνευματικὴν
3415 5681 3617 5750 ταύτην
3637 5683 3890 5748 ἔστίασιν,

2326 5755 2506 5810 πολλοὶ
2535 5756 2640 5809 τῶν
2671 5757 2900 5811 ἐνταῦθα
2932 5762 3410 5830 παραγενομένων,
3440 5765 3539 5819 καὶ
3562 5767 3892 5837 μετεχόντων

2324 5839 2421 5911 τῆς
2457 5841 2827 5912 πνευματικῆς
2867 5843 3070 5916 ταύτης
3115 5841 3459 5911 διδασκαλίας
3495 5849 3591 5905 καὶ
3629 5849 3748 5919 τῆς*
3775 5867 3888 5920 φρι-
