4056 6472
163 446 276 504 373

161 562 342 617 omnia
385 557 676 616 succedunt
701 574 717 623 ;
749 557 842 614 sed
863 566 916 612 et
936 556 978 610 si
1000 555 1050 610 in
1071 554 1332 621 adversis,
1351 554 1592 610 eamdem
1614 564 1746 624 grati

158 653 329 708 animi
350 651 788 725 signiﬁcatioan
813 650 923 704 det.
945 646 1033 702 Sic
1054 646 1197 700 enim
1223 644 1519 712 patriarcha
1557 644 1646 698 ille
1664 659 1752 696 ce-

161 744 326 800 lebris
344 753 399 800 ct
415 743 634 799 illustris
657 741 773 804 fuit,
794 749 847 794 et
866 747 1063 794 tantam
1084 737 1224 808 apud
1253 737 1419 790 Deum
1436 735 1663 788 obtinuit
1683 735 1748 786 Ii-

161 833 418 900 duciam,
471 850 534 889 ac
576 833 720 888 dona
779 831 983 901 accepit
1037 847 1156 900 qua:
1233 842 1391 898 supra
1461 828 1746 882 humanam

159 939 283 983 sunt
313 936 577 982 naturam.

228 1021 281 1074 ι.
323 1018 429 1075 Sed
459 1034 639 1088 opera:
671 1019 898 1088 pretium
921 1028 1002 1074 est
1033 1027 1089 1072 ut
1108 1017 1174 1073 ad
1205 1019 1503 1072 institutum
1533 1025 1742 1069 sermo-

157 1127 280 1167 nem
307 1110 612 1176 redeamus,
631 1121 684 1165 et
706 1112 980 1165 videamus
989 1111 1116 1180 justi
1135 1109 1516 1172 obedientiam,
1538 1115 1592 1162 et
1611 1119 1744 1175 quo-

155 1203 319 1258 modo
349 1202 534 1259 fecerit
560 1202 698 1272 quod
741 1218 770 1258 a
803 1203 908 1257 Deo
941 1203 1259 1272 imperatum
1305 1209 1420 1265 est,
1456 1215 1560 1253 non
1589 1210 1740 1266 qtae-

153 1310 281 1349 reus
329 1309 568 1359 causam,
624 1310 797 1364 neque
827 1295 1086 1349 rationem
1118 1293 1360 1363 exigens,
1408 1290 1546 1345 sicut
1589 1286 1739 1341 multi

149 1385 468 1456 insipientes
497 1384 720 1450 iaciunt,
748 1385 817 1440 de
843 1384 908 1439 iis
934 1400 1054 1455 qua:
1082 1384 1222 1439 Deus
1253 1390 1507 1453 operatur
1529 1379 1740 1434 curiose

145 1486 470 1546 quaerentes,
496 1485 552 1531 et
577 1476 844 1532 dicentes:
873 1476 1050 1544 Quare
1078 1476 1201 1543 hoc,
1228 1483 1282 1530 et
1300 1489 1467 1545 quare
1493 1470 1658 1527 illud?
1682 1478 1740 1525 et

144 1583 269 1636 qua
300 1565 448 1635 hinc,
482 1568 566 1624 vel
588 1583 708 1638 quae
739 1568 885 1622 illinc
916 1567 1117 1622 utilitas
1164 1565 1475 1621 enascitur?
1517 1566 1582 1619 At
1629 1579 1734 1619 non

141 1660 212 1715 ad
250 1676 373 1717 eum
402 1660 619 1715 modum
663 1661 786 1717 fecit
817 1661 993 1731 justus
1025 1659 1145 1725 ille;
1193 1660 1289 1715 sed
1345 1659 1480 1714 sicut
1509 1658 1734 1712 tantulus

140 1751 373 1822 diligens
399 1752 698 1817 dominum,
727 1766 1078 1824 quacumque
1106 1750 1450 1822 pra-cepisset
1509 1749 1734 1816 implere

137 1844 369 1907 studuit,
401 1842 532 1898 nihil
563 1843 785 1898 ulterius
808 1853 1151 1914 percontans.
1185 1843 1250 1897 Et
1277 1852 1336 1897 ut
1374 1842 1570 1906 discas,
1606 1840 1730 1894 audi

136 1953 261 2007 qum
303 1949 618 2008 sequuntur.
661 1936 948 2006 Postquam
1002 1935 1144 1990 enim
1197 1934 1453 1989 Dominus
1504 1933 1732 2004 promis-

132 2030 346 2084 sionem
368 2028 415 2083 ei
439 2026 663 2099 [ρεῖαν.
692 2027 818 2094 22),
849 2036 902 2082 et
921 2026 1530 2095 complevitscrmouem
1549 2039 1726 2090 suum,

130 2119 508 2189 statimjustus
533 2134 651 2188 quzu
670 2119 921 2187 ituperata
948 2115 1159 2170 fuerunt
1183 2117 1424 2186 perfecit,
1447 2127 1498 2170 et
1517 2115 1724 2184 signum

130 2211 238 2265 ltoc
259 2210 399 2280 quod
431 2225 460 2263 a
492 2210 599 2265 Deo
628 2218 745 2264 erat
769 2209 973 2275 datum,
999 2208 1188 2262 indidit
1217 2207 1428 2262 lsmaeli
1476 2206 1558 2278 (υ.
1587 2205 1676 2273 25)
1706 2246 1723 2271 ,

127 2303 598 2357 rircumcisiouem
615 2299 757 2365 dico,
781 2309 836 2355 et
858 2300 1106 2363 ontulibus
1134 2299 1432 2354 vernaculis
1457 2309 1510 2353 et
1534 2297 1724 2367 cmpti-

127 2393 241 2456 tiis,
274 2394 410 2447 sicut
433 2392 682 2461 loquutus
704 2401 786 2445 est
809 2391 856 2445 ci
880 2391 1035 2445 Deus.
1059 2389 1418 2444 Circumcisus
1437 2399 1522 2444 est
1545 2398 1722 2442 autem

122 2495 184 2538 et
206 2485 340 2556 ipse.
369 2484 440 2537 ει
500 2481 791 2554 Nonaginta
815 2481 958 2539 enim
985 2491 1032 2536 et
1059 2497 1232 2535 novem
1269 2496 1525 2534 annorum
1565 2487 1673 2532 erat
1703 2517 1720 2542 ,

122 2575 323 2647 inquit,
357 2575 560 2644 quando
605 2574 917 2628 circumcidit
957 2590 1160 2627 carnem
1206 2557 1445 2643 pra'putii
1493 2571 1602 2636 sui;
1626 2570 1718 2625 25.

122 2666 152 2722 1
161 2668 322 2721 smael
347 2679 514 2720 autem
541 2673 649 2718 erat
676 2681 926 2718 annorum
953 2663 1208 2718 tredecim.
1235 2661 1313 2718 Ne
1344 2671 1497 2731 putes
1518 2662 1720 2731 absque

120 2773 285 2812 causa
315 2757 642 2826 Scripturam
669 2768 967 2824 preponere
1012 2753 1166 2807 nobis
1215 2766 1494 2806 munerum
1544 2767 1718 2806 anno-

121 2863 245 2902 rum
275 2865 287 2900 :
319 2847 412 2900 sed
437 2858 494 2900 ut
514 2862 579 2900 ex
597 2845 699 2899 hoc
713 2844 1030 2914 discasjusti
1056 2857 1300 2914 magnam
1331 2841 1714 2907 obedientiam,

119 2940 266 3011 quod
294 2956 413 2995 cum
431 2941 542 3008 jam
573 2938 624 2992 in
653 2937 922 3007 decrepita
948 2945 1093 2991 eSset
1114 2945 1291 3002 aetate,
1323 2934 1516 2989 leniter
1540 2933 1717 2988 tulerit

117 3031 364 3084 dolorem
390 3037 607 3098 propter
633 3035 957 3097 prmceptum
981 3026 1090 3090 Dei,
1125 3036 1404 3094 propterea
1421 3024 1542 3078 facit
1569 3024 1713 3078 illam

117 3120 604 3186 enumerationem,
637 3128 691 3174 et
709 3134 812 3174 non
844 3117 959 3187 ipse
987 3117 1180 3180 solum,
1206 3115 1302 3171 sed
1349 3124 1404 3171 et
1424 3114 1634 3179 lsmael,
1661 3124 1716 3169 et

118 3229 314 3270 omnes
341 3211 616 3268 vernaculi
645 3209 1124 3266 circumciduntur.
1159 3207 1346 3278 Neque
1367 3208 1469 3262 hoc
1493 3221 1712 3276 parvum

116 3317 178 3362 ct
201 3306 318 3361 leve
347 3305 523 3360 fuerit.
551 3304 666 3359 Non
697 3303 840 3358 enim
865 3302 1004 3357 idem
1039 3309 1144 3366 est,
1175 3299 1472 3363 carissime,
1495 3313 1713 3354 carnem

116 3413 331 3461 sanam,
361 3405 415 3452 et
463 3396 602 3450 male
644 3393 928 3449 habentem
959 3408 1166 3449 secare.
1201 3391 1333 3447 Nam
1372 3391 1472 3447 etsi
1519 3390 1712 3446 medici

118 3502 337 3558 quoque
359 3485 596 3541 membra
628 3483 868 3539 morbida
890 3483 1176 3552 aliquando
1202 3482 1465 3546 incidunt,
1519 3490 1574 3535 at
1604 3472 1710 3535 non

114 3586 206 3634 est
234 3577 423 3631 similis
442 3575 615 3631 dolor.
647 3574 963 3629 Emortuum
994 3574 1138 3629 enim
1170 3574 1492 3637 membrum,
1538 3582 1596 3626 ut
1639 3572 1711 3626 ita

115 3669 318 3734 dicam,
341 3667 454 3736 jam
497 3677 553 3722 et
575 3666 723 3721 vitali
749 3666 1060 3736 Operatioue
1080 3665 1392 3720 destitutum
1425 3675 1549 3719 tunc
1575 3665 1712 3720 inci-

116 3761 273 3816 dunt.
307 3759 404 3814 Ilic
440 3767 616 3814 autem
643 3773 806 3814 senex
839 3768 893 3812 et
937 3757 1240 3826 decrepitus
1266 3758 1518 3828 (centum
1565 3758 1709 3812 enim

117 3867 382 3908 armorum
408 3854 561 3918 erat)
587 3851 878 3906 cruciatum
899 3851 1090 3906 leniter
1113 3849 1250 3914 tulit,
1303 3849 1460 3904 simul
1487 3857 1541 3904 et
1571 3865 1710 3919 pra:-

115 3953 332 4014 ceptum
363 3944 457 3998 Dei
480 3941 704 4010 implere
731 3942 938 4009 volens,
997 3952 1047 3996 et
1079 3942 1242 3995 ﬁlium
1289 3951 1343 3997 et
1398 3941 1711 3996 vernaculos

120 4048 314 4090 omnes
342 4033 699 4104 promptiores
731 4031 986 4096 reddens,
1012 4041 1067 4086 ut
1097 4047 1163 4086 ne
1183 4039 1582 4096 cunctarentur,
1613 4030 1706 4086 sed

118 4139 310 4195 magna
339 4125 617 4178 alacritate
661 4123 751 4177 Dei
799 4131 1121 4192 prmceptum
1167 4122 1470 4191 implerent.
1520 4121 1708 4176 Vidisti

117 4228 314 4286 quanta
343 4230 430 4270 res
467 4217 538 4270 sit
567 4216 646 4270 vir
668 4225 926 4284 prmstans
981 4214 1192 4279 virtute,
1236 4214 1504 4285 quomodo
1550 4216 1708 4269 mini-

119 4320 263 4364 Stros
284 4323 472 4364 onmes
498 4310 688 4362 doceat
708 4317 765 4361 ut
792 4323 886 4361 sua
910 4307 1128 4376 vestigia
1155 4306 1471 4377 sequantur?
1495 4307 1626 4361 Nam
1657 4306 1708 4361 id

117 4400 261 4470 quod
308 4399 422 4454 lteri
451 4399 714 4465 dicebam,
741 4397 843 4452 hoc
870 4399 995 4452 item
1023 4407 1075 4452 et
1114 4413 1255 4452 nunc
1299 4397 1418 4452 dico
1449 4415 1462 4451 :
1495 4408 1710 4467 prapler

122 4492 226 4546 hoc
248 4479 359 4545 iere
389 4505 452 4543 ex
487 4491 578 4543 illo
605 4488 692 4544 die
723 4497 1045 4558 [incoeptum
1070 4488 1234 4543 fuisse
1261 4504 1288 4540 a
1316 4489 1445 4554 Deo,
1495 4499 1550 4542 ut
1603 4489 1706 4541 im-

121 4593 327 4637 matura
358 4590 515 4635 a~tate
536 4580 639 4635 hoc
666 4579 905 4634 subirent
931 4579 1105 4649 pueri,
1161 4593 1267 4647 quo
1296 4579 1498 4648 absque
1543 4595 1704 4633 sensu

119 4683 171 4726 et
202 4671 385 4724 dolore
413 4671 726 4725 incisionem
755 4669 934 4724 carnis
961 4668 1184 4724 ferrent.

194 4764 364 4817 Breris
403 4763 796 4816 circumcisionis
848 4778 961 4814 cum
1025 4763 1322 4831 baptismate
1369 4763 1704 4832 comparatio.

122 4855 258 4908 Licet
290 4854 590 4908 Christianis
617 4855 745 4906 inter
768 4862 937 4923 gentes
991 4853 1175 4906 versari
1201 4855 1470 4924 quomodo.
1500 4885 1570 4896 ——
1602 4854 1706 4909 Ve-

124 4962 240 5000 rum
267 4943 544 4999 considera
574 4943 664 4996 Dei
694 4943 1094 5012 benignitatem,
1143 4952 1196 4996 et
1239 4945 1558 4997 inelTabilem
1590 4943 1708 5012 ejus

120 5052 246 5107 erga
279 5051 375 5090 nos
403 5033 827 5090 beneﬁcentiam.
885 5033 971 5086 Illa
1000 5034 1140 5088 enim
1169 5034 1504 5088 circumcisio
1551 5032 1708 5086 dolo-

124 5145 165 5183 ri
187 5143 237 5182 m
267 5125 450 5182 habuit
474 5137 526 5181 et
552 5125 808 5191 laborem,
844 5135 898 5178 et
925 5125 1064 5179 nulla
1096 5125 1196 5177 alia
1212 5141 1276 5178 ex
1298 5125 1709 5180 circumcisione

124 5222 220 5278 (uit
247 5222 464 5282 utilitas,
483 5203 638 5289 quam
662 5218 917 5280 hzecsola,
935 5217 1074 5287 quod
1097 5233 1159 5271 ex
1179 5217 1278 5270 hoc
1296 5219 1445 5287 signa
1471 5218 1707 5288 dignosci

126 5324 364 5384 possent,
395 5323 451 5367 et
475 5313 542 5367 ab
567 5312 687 5366 aliis
707 5309 954 5381 gentibus
979 5319 1482 5379 sequestrareutur;
1527 5320 1706 5363 nostra

123 5415 300 5461 autem
332 5403 687 5467 circumcisio,
718 5403 799 5456 vel
831 5400 1185 5470 baptismatis,
1231 5401 1462 5470 inquam,
1498 5401 1666 5470 gratia
1690 5441 1703 5463 ,

124 5498 442 5556 medicinam
471 5495 630 5549 habet
656 5494 786 5549 citra
808 5492 1071 5556 dolorem,
1132 5493 1518 5562 iunumeraque
1570 5493 1706 5546 bona

125 5589 280 5645 nobis
309 5586 483 5653 ail’ert,
506 5585 736 5656 Spiritus
764 5585 931 5639 sancti
960 5584 1126 5654 gratia
1161 5597 1257 5637 nos
1285 5583 1489 5652 implet,
1513 5594 1567 5638 et
1593 5583 1710 5637 nul-

125 5684 233 5738 lum
255 5678 534 5735 deﬁnitum
564 5675 727 5732 habet
749 5686 960 5746 tempus
980 5676 1118 5731 sicut
1141 5675 1282 5730 illic:
1304 5675 1396 5730 sed
1427 5677 1552 5732 licet
1577 5685 1626 5730 et
1654 5677 1706 5731 in

125 5773 316 5846 prima,
345 5778 402 5826 et
431 5771 483 5826 in
511 5769 709 5838 media,
735 5775 792 5824 et
814 5768 867 5823 in
896 5767 1076 5822 ultima
1103 5775 1260 5822 :etatc
1292 5766 1427 5822 hanc
1453 5783 1560 5822 non
1589 5784 1706 5823 ma-

125 5863 392 5923 nul'actatn
418 5857 878 5917 circumcisiouem
909 5857 1168 5929 recipere,
1200 5857 1250 5914 in
1279 5874 1381 5930 qua
1409 5873 1514 5914 non
1542 5859 1704 5914 susti-

1153 439 1218 496 ΙΝ
1257 441 1409 497 CAP.
1451 441 1638 497 XVIII.
1679 439 1924 500 GENES.
1971 439 2204 496 IIOMIL.
2249 440 2383 496 XLI.

3356 443 3463 501 δτι.

1863 564 2018 608 nctnr
2046 554 2215 619 labor,
2260 553 2354 608 sed
2383 563 2724 624 peccatorum
2769 553 3113 622 deponuntur
3155 570 3357 621 onera,
3401 569 3456 610 et

1861 648 2108 702 remissio
2138 649 2408 703 invenitur
2436 649 2676 703 omnium
2704 659 3064 716 peccatorum,
3095 665 3217 720 qua:
3241 666 3337 719 per
3365 661 3449 705 to-

1859 748 1964 792 tam
1993 739 2157 793 vitam
2187 748 2335 809 gesta
2361 749 2506 794 sunt.
2538 738 2746 809 Quippe
2772 754 2894 794 cum
2925 739 3185 809 benignus
3207 741 3346 795 Deus
3374 741 3456 794 vi-

1855 828 1932 881 dit
1959 842 2176 896 gravem
2197 837 2433 883 nostram
2463 828 2848 892 inﬁrmitatem,
2883 845 2948 884 ac
2973 844 3068 883 nos
3092 829 3459 884 ineurabiliter

1852 933 2197 994 a‘grotantes,
2221 937 2432 979 summa
2462 923 2702 994 indigere
2733 923 3020 988 medicina,
3066 932 3227 993 atque
3267 923 3457 978 ineffa-

1852 1013 1942 1068 bili
1975 1013 2303 1085 benignitate
2325 1030 2339 1068 :
2365 1024 2604 1070 nostram
2626 1030 2822 1071 curans
2839 1016 3092 1082 salutem,
3126 1017 3349 1087 largitus
3370 1026 3454 1070 est

1850 1106 2004 1161 nobis
2036 1121 2131 1174 per
2159 1105 2429 1164 lavacrum
2471 1107 2893 1176 regenerationis
2925 1107 3360 1161 innovationem:
3397 1116 3453 1160 ut

1848 1197 2096 1266 deposito
2122 1197 2342 1254 homine
2364 1207 2572 1266 vetere,
2596 1197 2696 1253 hoc
2727 1207 2830 1264 est,
2887 1199 3141 1268 operibus
3163 1199 3337 1265 malis,
3397 1209 3453 1254 et

1847 1287 2020 1343 induti
2047 1303 2267 1354 novum,
2312 1289 2365 1344 in
2395 1289 2478 1344 via
2503 1289 2716 1344 virtutis
2745 1289 3078 1345 incedamus.
3115 1290 3310 1345 Verum
3341 1291 3448 1345 ite-

1845 1396 1964 1436 rum
1991 1396 2108 1445 oro,
2137 1397 2205 1437 ne
2231 1381 2528 1438 deteriores
2576 1381 2746 1438 simus
2791 1383 3015 1452 ingratis
3054 1391 3109 1437 et
3158 1383 3445 1437 insensatis

1842 1471 2063 1528 Judaeis.
2096 1473 2172 1528 llli
2191 1477 2334 1529 enim
2364 1474 2720 1544 suscipientes
2748 1475 3172 1529 circumcisionis
3191 1475 3446 1544 signacu-

1843 1565 1974 1632 lum,
2003 1567 2132 1621 satis
2177 1567 2276 1622 sibi
2306 1572 2591 1634 cavebant,
2619 1583 2687 1623 ne
2732 1566 2869 1622 ult'ra
2920 1583 3042 1622 cum
3090 1569 3336 1638 gentibus
3383 1582 3445 1622 se

1842 1658 2152 1725 miscerent,
2181 1667 2438 1729 quantum
2469 1658 2535 1713 ad
2559 1660 2961 1715 communionis
2983 1661 3244 1714 rationem
3274 1659 3441 1729 perti-

1841 1761 1967 1807 net:
1998 1760 2254 1821 quantum
2280 1762 2462 1808 autem
2484 1751 2550 1807 ad
2585 1752 2935 1822 impietatem,
2989 1766 3134 1822 szepe
3193 1752 3312 1806 illos
3357 1751 3440 1805 in-

1836 1845 1974 1916 grati
2004 1845 2352 1914 superabant.
2382 1845 2491 1901 Nos
2540 1861 2670 1901 vero
2713 1860 2834 1900 cum
2885 1845 3056 1900 semel
3103 1843 3442 1912 suscepimus

1839 1937 2084 2006 baptismi
2121 1937 2605 2002 circumcisioncm,
2660 1947 2815 1992 caute
2846 1945 3068 2006 tuteque
3097 1946 3279 1990 nostra
3329 1935 3440 1990 dis-

1838 2042 2144 2097 pensemus.
2179 2027 2293 2082 Non
2325 2027 2554 2083 dixerim
2579 2045 2684 2082 non
2718 2029 2880 2083 licere
2927 2028 3083 2082 nobis
3105 2027 3308 2081 versari
3363 2027 3438 2082 in-

1837 2129 1918 2174 ter
1941 2129 2132 2190 gentes
2165 2136 2177 2173 :
2204 2122 2300 2175 sed
2329 2119 2381 2174 iu
2417 2119 2628 2190 propria
2656 2121 2810 2174 nobis
2843 2121 3049 2185 ,virtute
3101 2128 3384 2174 manentes
3415 2159 3434 2186 ,

1834 2211 1902 2264 ita
1930 2227 2051 2266 cum
2085 2211 2189 2266 illis
2218 2213 2670 2266 commisceantur
2691 2255 2704 2277 ,
2749 2220 2808 2266 ut
2835 2212 2904 2265 ad
2930 2211 3072 2282 piam
3104 2227 3200 2267 eos
3228 2221 3438 2282 pertra-

1834 2301 2022 2354 hamus
2058 2298 2394 2378 religionem,
2444 2317 2507 2356 ac
2536 2318 2630 2370 per
2661 2303 2924 2356 bonorum
2977 2317 3200 2371 operum
3255 2314 3436 2356 exem-

1831 2393 1977 2460 plum
1999 2391 2260 2446 doctrinae
2290 2393 2370 2447 eis
2385 2402 2633 2448 auctores
2658 2393 2848 2447 simus.
2879 2393 2952 2448 Ea
2979 2392 3122 2447 enim
3151 2392 3221 2447 de
3263 2405 3424 2447 causa

1828 2482 2129 2536 communis
2177 2483 2418 2537 omnium
2460 2483 2719 2538 Dominus
2761 2483 3004 2553 permisit
3029 2483 3188 2538 simul
3226 2484 3431 2538 versari

1828 2573 1998 2627 bonos
2016 2581 2071 2628 et
2095 2573 2288 2639 utalos,
2319 2575 2439 2644 pios
2466 2585 2520 2628 et
2549 2572 2766 2644 impius,
2823 2582 2880 2627 ut
2913 2573 3038 2627 boni
3092 2571 3430 2628 lucrifaciant

1829 2665 2021 2730 malos,
2045 2674 2099 2719 et
2141 2665 2232 2734 qui
2261 2665 2336 2728 ,in
2361 2665 2560 2719 malitia
2608 2665 2784 2720 adhuc
2809 2665 3138 2732 detinentur,
3172 2665 3431 2718 tnauudu-

1823 2769 2011 2809 cantur
2035 2755 2100 2810 ad
2127 2757 2399 2826 pietatem.
2431 2755 2574 2810 Nihil
2616 2756 2759 2811 enim
2809 2756 2944 2811 adeo
2985 2756 3228 2812 studiose
3270 2763 3428 2810 curat

1827 2849 1988 2914 Deus,
2018 2859 2075 2902 ut
2101 2849 2330 2903 salutem
2358 2848 2683 2902 animarum.
2713 2847 2949 2903 Proinde
2970 2848 3219 2913 obsecro,
3246 2862 3314 2902 ue
3339 2862 3429 2901 cu-

1823 2957 1936 2995 ram
1961 2940 2280 3009 abjiciamus
2312 2956 2484 3010 neque
2519 2941 2708 3006 nostri,
2755 2955 2928 3009 neque
2957 2940 3205 2994 aliorum.
3251 2940 3428 3006 Quan-

1824 3043 1933 3088 tum
1961 3034 2026 3087 ad
2059 3049 2160 3088 nos
2182 3033 2395 3098 attinet,
2426 3033 2498 3086 ita
2549 3032 2892 3086 instituamus
2943 3033 3105 3085 vitam
3131 3073 3147 3097 ,
3197 3041 3256 3086 ut
3309 3032 3424 3087 Deo

1821 3124 2073 3193 placitum
2097 3133 2182 3178 est
2209 3138 2224 3175 :
2256 3133 2518 3192 quantum
2547 3131 2724 3177 autem
2746 3121 2812 3174 ad
2840 3123 3167 3190 proximum,
3217 3123 3297 3177 sic
3343 3123 3425 3177 ltt-

1819 3231 2038 3271 ceatnus
2069 3215 2377 3278 virtutibus,
2405 3223 2462 3269 ut
2490 3214 2654 3269 etiam
2682 3213 2973 3268 silentibus
3001 3212 3183 3279 nobis,
3230 3227 3423 3267 ontues

1817 3318 2081 3378 quotquot
2110 3323 2209 3362 nos
2254 3307 2436 3362 vident
2476 3307 2607 3361 satis
2648 3304 2966 3360 doceantur.
3015 3305 3149 3359 Nam
3197 3306 3337 3358 sicut
3375 3305 3421 3359 si

1818 3399 2014 3454 virtute
2037 3398 2243 3467 prxditi
2261 3400 2451 3460 simus,
2475 3397 2707 3449 maxima
2741 3409 2792 3451 et
2814 3397 2916 3465 ipsi
2943 3396 3271 3451 lucrabimur
3297 3437 3312 3460 ,
3363 3404 3421 3450 et

1819 3490 2128 3546 inﬁdelibus
2155 3489 2274 3544 usui
2296 3490 2499 3543 erimus
2526 3505 2540 3542 :
2571 3488 2641 3540 ita
2673 3487 2717 3541 si
2748 3488 3086 3557 negligentes
3113 3485 3370 3540 fuerimus
3400 3525 3418 3550 ,

1817 3591 1871 3635 et
1892 3581 1991 3650 ipsi
2021 3595 2269 3650 magnam
2299 3579 2537 3635 feremus
2565 3594 2800 3646 poenam,
2834 3589 2887 3633 et
2909 3577 3254 3632 aliisoccasio
3271 3591 3421 3630 scau-

1815 3671 1922 3727 dali
1941 3671 2163 3727 erimus.
2187 3671 2336 3726 Sicut
2361 3671 2504 3725 enim
2526 3670 2774 3724 virtutem
2804 3669 3096 3738 atnplexati
3138 3668 3408 3738 duplicem

1817 3763 2122 3820 mercedem
2151 3779 2180 3817 a
2216 3763 2325 3817 Deo
2355 3763 2670 3832 accpimus,
2716 3771 2826 3815 tum
2853 3761 2996 3830 quod
3029 3760 3129 3828 ipsi
3161 3761 3417 3814 virtutem

1815 3867 2188 3917 exerceamus,
2214 3862 2321 3907 ttnn
2341 3853 2483 3922 quod
2506 3853 2642 3906 alios
2663 3852 2728 3905 ad
2748 3851 2960 3906 virtutis
2977 3852 3413 3905 conunnnionem

1817 3946 2228 4000 trahamuszita
2272 3947 2316 3999 si
2348 3945 2400 3999 in
2446 3945 2686 4015 nequitia
2732 3960 3047 4009 versemur,
3089 3960 3195 3997 non
3241 3945 3415 3998 solum

1819 4039 2068 4108 punimur
2097 4036 2239 4107 quod
2291 4037 2388 4106 ipsi
2434 4036 2797 4107 peccavimus,
2854 4034 2949 4089 sed
3003 4045 3058 4089 et
3100 4035 3240 4103 quod
3295 4033 3417 4088 aliis

1815 4129 2069 4184 seandalo
2099 4127 2317 4182 fuimus.
2358 4127 2556 4182 Verum
2586 4127 2730 4180 absit
2760 4136 2817 4180 ut
2845 4126 3042 4194 aliquis
3086 4141 3274 4180 eorum
3324 4127 3414 4194 qui

1816 4220 1903 4274 hic
1928 4230 2076 4284 sunt,
2099 4220 2150 4272 in
2181 4218 2486 4288 ltujusmodi
2510 4227 2652 4272 statu
2680 4226 2947 4281 versetur,
2977 4215 3070 4271 sed
3094 4233 3194 4270 uos
3223 4230 3416 4269 ouutcs

1814 4310 1880 4365 ad
1902 4308 2276 4365 mdiﬁcandum
2299 4325 2392 4364 eos
2411 4309 2499 4378 qui
2525 4324 2622 4362 uos
2637 4307 2840 4374 vident,
2860 4307 3026 4360 vitam
3049 4306 3414 4372 instituamus,

1816 4413 1871 4458 ut
1897 4403 2166 4472 possimus
2203 4417 2392 4470 magna
2423 4401 2613 4454 ﬁducia
2659 4409 2807 4454 stare
2836 4397 2979 4469 apud
3009 4397 3242 4451 tribunal
3269 4395 3420 4450 Clari-

1813 4495 1902 4560 sti,
1929 4493 2284 4550 etiueﬁ'abilia
2308 4495 2395 4546 illa
2421 4494 2556 4547 bona
2585 4493 2843 4561 consequi
2873 4508 2886 4543 :
2911 4507 3031 4561 qua:
3060 4491 3214 4544 nobis
3241 4490 3414 4544 muni-

1815 4587 1917 4642 bus
1946 4588 2338 4652 concedantur,
2371 4587 2541 4656 gratia
2568 4595 2624 4640 et
2645 4584 2976 4655 benignitate
3003 4582 3212 4636 Domini
3245 4581 3414 4635 nostri

1813 4679 1941 4736 Jesn
1969 4679 2192 4744 Christi,
2239 4695 2359 4734 cum
2402 4695 2510 4749 quo
2562 4678 2705 4732 Patri
2755 4686 2809 4731 et
2859 4687 3049 4732 sancto
3082 4674 3304 4746 Spiritui
3345 4676 3418 4729 sit

1813 4773 2006 4842 gloria,
2032 4771 2205 4825 honor
2234 4780 2288 4825 et
2318 4769 2626 4840 impcritun,
2659 4783 2801 4824 nunc
2828 4778 2882 4823 et
2898 4783 3139 4838 semper,
3165 4777 3223 4824 ct
3244 4767 3297 4821 in
3314 4781 3419 4820 sa:-

1814 4863 1930 4917 cula
1957 4863 2296 4917 szrcnlorum.
2327 4863 2520 4914 Atttrn.

2391 4991 2669 5046 IIOSIILIA
2702 4991 2838 5047 XLI.

1815 5104 2068 5176 Apparuit
2112 5113 2278 5157 autem
2327 5103 2459 5156 Deus
2517 5104 2732 5155 Abrahae
2765 5101 2903 5170 apud
2945 5117 3184 5167 quercum
3245 5098 3413 5152 lluuto

1887 5197 1972 5250 ὀνο
1995 5238 2010 5259 ,
2038 5195 2240 5248 sedente
2274 5196 2383 5263 ipso
2409 5196 2476 5246 ml
2505 5197 2714 5264 ianuam
2747 5191 3060 5245 tabernaculi
3098 5190 3179 5244 sui
3205 5187 3418 5244 meridie

1890 5287 2058 5358 (Gen.
2092 5287 2178 5342 I8.
2214 5285 2301 5354 l).

1891 5400 1942 5452 I.
1971 5397 2388 5454 Cunctahuudus
2430 5398 2607 5458 hodie,
2639 5411 2737 5451 nec
2768 5395 3058 5450 admodum
3106 5394 3299 5448 alacris
3347 5391 3415 5448 ad

1815 5488 2114 5544 docendmn
2149 5483 2623 5555 enarrandmuque
2665 5486 2884 5541 accedo.
2921 5483 3054 5540 Nam
3082 5499 3204 5538 cum
3237 5494 3418 5540 mento

1817 5589 2029 5649 reputo,
2051 5579 2203 5632 nobis
2219 5578 2456 5648 quotidie
2475 5578 2938 5642 coucionantibns,
2977 5575 3414 5638 admonentibus.

1817 5681 1871 5728 et
1899 5670 2173 5740 spirituale
2203 5669 2306 5726 hoc
2335 5669 2487 5723 vobis
2515 5669 2817 5724 convivium
2842 5666 3254 5739 apponentibus,
3282 5668 3421 5720 Inul-

1820 5773 1903 5818 tos
1955 5777 2020 5817 ex
2062 5763 2144 5818 bis
2173 5762 2303 5831 ipsis
2353 5761 2444 5830 qui
2472 5761 2688 5829 adsunt,
2730 5769 2785 5816 et
2815 5759 3108 5831 spiritualis
3135 5756 3294 5828 hujus
3318 5757 3416 5812 do-

1822 5857 2032 5925 ςιτίιιω,
2059 5872 2121 5913 ac
2151 5853 2441 5913 tremendae
2469 5852 2826 5927 terribilisque
2857 5868 3059 5911 mensa:
3098 5865 3226 5910 sunt
3245 5846 3416 5921 parti-
