4056 6474
699 421 812 488 ’575

699 541 869 611 cipea,
909 537 1187 594 totosdies
1220 537 1270 590 iu
1295 534 1592 605 spectandis
1618 532 1756 588 ludis
1792 533 2129 602 equestribus
2157 545 2276 601 per-

702 631 866 692 dere,
920 639 976 684 et
1027 627 1244 698 perinde
1289 635 1447 694 atque
1500 624 1545 678 si
1605 639 1710 677 non
1751 622 2101 685 duceremus,
2150 620 2279 675 nihil

702 719 984 786 proiicere,
1009 719 1101 773 sed
1137 717 1285 788 quasi
1303 714 1679 770 consuetudini
1715 715 1944 782 cuipiam
1965 715 2278 777 servientes,

702 810 748 862 si
793 819 994 863 tanttnn
1032 816 1229 862 annuat
1255 807 1332 861 eis
1361 805 1626 869 diabolus,
1666 821 1760 858 sua
1791 816 1979 873 sponte
2004 818 2282 858 accurrere

703 899 771 953 ad
801 901 958 970 impia
989 901 1073 954 illa
1119 897 1442 967 spectacula,
1475 908 1525 952 ct
1567 898 1772 966 seipaos
1816 898 2040 951 libenter
2066 896 2278 964 maligm

703 989 959 1042 (immunis
1000 988 1289 1059 illaqueare
1318 988 1542 1053 retibus,
1569 996 1624 1041 et
1647 1001 1818 1055 neque
1838 994 2072 1040 matram
2099 985 2288 1038 admo-

704 1078 982 1144 nitionem,
1037 1094 1207 1148 neque
1257 1078 1546 1146 periculum
1591 1077 1783 1144 ipsum,
1832 1090 2005 1146 neque
2040 1074 2278 1129 inutilem

703 1169 869 1238 ipsam
893 1169 1368 1237 lrequentationem
1396 1169 1653 1222 doctrina:
1681 1167 1799 1220 loco
1826 1169 1906 1220 eis
1928 1181 2049 1221 esse
2073 1179 2229 1236 posse
2263 1183 2277 1219 :

702 1273 808 1328 quo
837 1274 966 1328 ergo
991 1261 1211 1330 posthac
1235 1259 1413 1312 animo
1455 1257 1751 1311 doctrinam
1803 1256 2099 1324 impertiam
2155 1255 2282 1308 viris

702 1364 773 1405 es
797 1350 954 1404 dictis
974 1351 1169 1404 nostris
1206 1349 1332 1403 nihil
1361 1350 1491 1404 lucri
1525 1349 1699 1404 facere
1721 1347 2051 1416 cupientibus
2071 1348 2096 1400 τ
2123 1347 2189 1402 Et
2215 1363 2281 1403 ne

705 1441 934 1494 mireris.
961 1440 1232 1509 Siquidem
1263 1449 1318 1493 et
1342 1440 1592 1510 agricola,
1617 1453 1736 1492 cum
1765 1447 1884 1506 post
1908 1437 2104 1492 multos
2129 1438 2281 1492 labo-

703 1545 790 1585 res
815 1540 867 1584 et
887 1547 1156 1585 aerumnas
1182 1532 1416 1586 sterilem
1453 1529 1593 1583 videt
1618 1543 1822 1598 agrum,
1870 1543 2042 1598 neque
2067 1529 2280 1599 dignam

702 1623 972 1677 laboribus
999 1623 1299 1678 mercedem
1345 1621 1676 1685 reddentem,
1724 1620 1937 1690 segnior
1973 1621 2038 1674 ad
2078 1622 2282 1690 jacieu-

702 1714 829 1768 dum
858 1729 1059 1775 semen,
1090 1727 1193 1765 non
1215 1712 1325 1781 pari
1354 1712 1629 1766 alacritate
1652 1713 2025 1781 agriculturam
2044 1725 2278 1769 exercet.

701 1804 762 1857 Et
785 1803 1017 1857 medicus
1040 1803 1223 1857 videns
1246 1801 1510 1857 inﬁrmum
1531 1803 1642 1857 suis
1660 1803 1922 1857 mandatis
1946 1819 2051 1858 non
2078 1805 2284 1859 obtem-

702 1909 910 1962 perare,
953 1893 1047 1948 sed
1091 1903 1364 1948 vacantem
1401 1894 1638 1963 quotidie
1665 1894 1730 1950 iis
1757 1909 1874 1964 qua:
1913 1897 2156 1952 morbum
2182 1912 2280 1950 au-

700 1995 844 2054 gent,
880 2000 1246 2053 smpenumero
1276 1985 1329 2040 in
1366 1999 1460 2040 sua
1488 1985 1632 2040 illum
1673 1985 1987 2054 mgritudine
2013 1987 2278 2056 ielinquit,

705 2086 760 2128 ut
787 2076 1114 2143 experientia
1147 2076 1259 2145 ipsa
1299 2086 1474 2130 utatur
1515 2077 1789 2145 magistra,
1831 2087 1884 2130 ut
1919 2092 1982 2131 ea
2025 2094 2145 2147 qua:
2183 2080 2284 2134 sibi

704 2166 908 2232 prosint
945 2165 1162 2218 ediscat.
1203 2164 1458 2219 Similiter
1491 2175 1545 2219 et
1591 2166 1680 2235 qui
1732 2165 2042 2233 dieCipilllas
2088 2183 2283 2237 pueros

701 2255 914 2320 ducent,
945 2257 1184 2310 videntes
1238 2257 1352 2309 illos
1409 2257 1583 2325 priora
1633 2271 1908 2326 respuere,
1955 2268 2010 2312 et
2052 2261 2284 2328 abjicere

701 2360 886 2398 eorum
916 2360 1032 2414 qua:
1061 2355 1215 2399 antea
1244 2345 1418 2400 edocti
1442 2356 1565 2400 sunt
1591 2352 1920 2408 memoriam,
1955 2362 2099 2416 saepe
2125 2366 2282 2404 arer-

699 2444 886 2488 santur
905 2477 918 2497 ,
946 2436 1024 2488 sic
1049 2434 1420 2504 negligentiam
1452 2451 1636 2490 eorum
1661 2437 1977 2503 coriecturi,
1999 2449 2053 2493 et
2071 2439 2139 2492 ad
2165 2455 2280 2494 ma-

698 2527 786 2594 jus
807 2526 1038 2580 studium
1071 2526 1360 2580 reduezuri.

776 2618 1061 2672 Seculares
1103 2619 1301 2672 labores
1347 2635 1462 2672 cum
1510 2619 1856 2688 spiritalibus
1897 2635 2276 2692 comparantur.

705 2706 824 2761 Non
845 2708 1115 2776 fraudetur
1135 2710 1377 2774 mercede,
1393 2712 1478 2777 qui
1495 2711 1748 2766 auditores
1773 2728 1870 2764 non
1893 2713 2066 2780 ﬂectit.
2087 2743 2155 2754 —
2175 2715 2278 2772 Ve-

621 2792 625 2795 ’
704 2809 999 2852 rumtamen
1016 2800 1244 2868 agricola
1257 2799 1470 2868 quidem
1486 2802 1674 2854 merito
1689 2804 1902 2871 segnior
1919 2817 2062 2872 saepe
2082 2807 2280 2874 evadit,

700 2888 821 2956 quia
852 2889 994 2941 videt
1008 2889 1258 2941 damnum
1296 2903 1450 2942 suum
1484 2891 1655 2958 majus
1689 2892 1822 2954 lleri.
1869 2904 2050 2963 utpote
2073 2898 2161 2965 qui
2201 2898 2281 2952 lac

702 2978 884 3030 liorem
913 2988 1221 3046 ctsumptus
1250 2977 1404 3041 lerat,
1427 2989 1483 3034 et
1525 2982 1784 3035 fructibus
1807 2982 2142 3040 destituatur.
2175 2987 2282 3042 lle-

701 3071 852 3123 dicus
901 3081 1076 3123 autem
1107 3086 1210 3124 non
1243 3072 1506 3125 immerito
1543 3087 1742 3142 aagtum
1796 3091 1937 3145 saepe
1988 3079 2232 3148 relinquit
2263 3096 2278 3134 :

699 3175 898 3226 corpus
939 3161 1082 3213 enim
1116 3171 1196 3214 est
1223 3161 1362 3229 quod
1387 3170 1622 3226 curatur,
1655 3174 1707 3217 et
1738 3173 1954 3233 promer
1980 3167 2081 3222 boc
2106 3171 2284 3224 dimit-

702 3251 799 3316 tit,
826 3264 880 3304 ut
909 3250 1108 3303 doloris
1136 3252 1372 3304 accessio
1401 3253 1452 3304 in
1479 3251 1648 3304 morbi
1672 3268 1887 3307 sensum
1915 3256 2092 3322 ducat,
2126 3269 2180 3314 et
2204 3262 2282 3315 sic

701 3341 911 3394 tandem
934 3339 1249 3394 medicinam
1276 3355 1378 3394 non
1408 3351 1643 3409 respuat.
1671 3343 1918 3410 Magister
1942 3358 2122 3403 autem
2148 3351 2278 3418 ludi,

698 3446 766 3481 eo
790 3427 930 3498 quod
959 3438 1136 3483 tenera
1164 3438 1287 3482 sinit
1312 3438 1488 3494 actate,
1521 3431 1717 3486 utiliter
1743 3448 2137 3506 nonnumquam
2171 3441 2278 3508 pla-

696 3522 779 3592 gis
809 3536 1001 3589 pueros
1035 3521 1277 3589 castigat.
1339 3519 1533 3576 Verum
1574 3538 1672 3576 nos
1703 3523 1859 3578 hodie
1906 3539 2126 3582 cunctos
2158 3531 2280 3586 illos

697 3623 1045 3681 superantes,
1098 3613 1198 3666 hoc
1249 3628 1466 3682 agemus
1511 3624 1569 3668 ut
1607 3626 1885 3684 paternum
1929 3637 2052 3687 erga
2103 3622 2282 3693 lapsos

697 3717 936 3756 amorem
963 3702 1313 3766 declare-mus,
1346 3714 1394 3757 ot
1436 3704 1741 3769 doceamus,
1775 3708 1818 3760 si
1861 3709 1914 3761 in
1967 3710 2052 3764 illa
2109 3716 2278 3784 negli-

698 3796 871 3864 gentia
903 3795 1232 3859 manserint,
1264 3810 1357 3849 eos
1397 3797 1515 3849 inde
1542 3800 1796 3865 majorem
1821 3801 2278 3862 condcnmatLOuis

697 3901 910 3938 causam
964 3883 1252 3938 habituros.
1310 3885 1440 3939 Nam
1489 3889 1717 3955 agricola
1757 3891 1968 3957 quidem
2005 3909 2110 3948 non
2165 3899 2276 3965 pari

697 3976 972 4029 alacritate
993 3976 1260 4039 seminat,
1290 3977 1530 4044 Cogitans
1561 3988 1802 4044 sumptus
1829 3980 2086 4037 hactenus
2116 3989 2278 4042 tuisse

700 4069 914 4122 inutiles
944 4087 956 4122 :
983 4083 1082 4121 nos
1106 4082 1282 4122 autem
1315 4069 1382 4122 ab
1413 4067 1511 4124 hac
1553 4085 1678 4123 cura
1708 4070 1858 4124 liberi
1908 4088 2111 4128 sumus.
2146 4076 2279 4132 Nam

703 4160 824 4212 licet
859 4158 1004 4226 jacio
1029 4158 1288 4227 spirituali
1328 4161 1531 4214 semine
1551 4200 1566 4224 ,
1594 4162 1662 4216 ob
1690 4162 1987 4218 auditorum
2019 4167 2277 4236 ignaviam

697 4249 926 4303 l‘ruetmn
955 4265 1058 4302 non
1082 4249 1373 4319 capiamus,
1400 4252 1633 4320 perlecta
1680 4254 1832 4309 nobis
1876 4265 2049 4312 tamen
2104 4259 2276 4315 l‘utura

699 4356 907 4395 merces
940 4357 952 4395 :
980 4342 1257 4409 pecuniam
1301 4342 1442 4395 enim
1472 4343 1836 4397 concreditatn
1884 4349 2235 4416 expendimus
2257 4393 2273 4418 ,

696 4441 752 4499 et
782 4431 1086 4486 mandatum
1125 4433 1331 4487 Domini
1365 4433 1698 4502 implevimus
1732 4446 2021 4492 :cseterum
2055 4443 2275 4509 posthac

697 4523 966 4574 auditores
1019 4522 1276 4575 ratiOnem
1321 4522 1543 4576 reddent
1579 4524 1627 4577 ei
1673 4524 1760 4591 qui
1809 4527 2108 4581 concredita
2153 4547 2274 4586 cum

701 4630 858 4668 usura
897 4614 1216 4682 repetiturus
1265 4613 1595 4668 est.'Verum
1623 4614 1726 4668 ltoc
1769 4631 1866 4669 nos
1896 4633 1998 4672 non
2027 4622 2280 4675 conside-

698 4721 896 4767 ramus,
925 4719 1020 4758 nos
1043 4714 1190 4760 extra
1228 4706 1478 4759 damnum
1504 4721 1642 4770 esse,
1673 4717 1727 4760 et
1755 4709 1892 4774 quod
1925 4721 2162 4764 noatrum
2195 4720 2280 4776 est

701 4798 922 4866 implere
955 4815 969 4851 :
999 4798 1091 4850 sed
1121 4800 1361 4851 volumus
1392 4807 1448 4850 ut
1476 4807 1529 4850 et
1571 4813 1662 4850 vos
1692 4814 1758 4852 es
1797 4799 2144 4854 dinumeratis
2181 4819 2274 4872 pe-

696 4889 865 4940 cuniis
897 4890 1116 4941 multum
1162 4887 1520 4958 negotiemini,
1570 4899 1624 4942 ut
1653 4906 1719 4942 ne
1761 4889 1972 4944 obnoxii
1999 4892 2115 4946 sitis
2145 4910 2276 4962 sup—

699 4978 853 5056 plicio
890 4977 1028 5046 quod
1061 4978 1152 5029 luit
1181 4979 1265 5030 ille
1293 4983 1378 5045 qui
1411 4978 1659 5032 talentum
1683 4979 1995 5041 recondidit,
2023 4991 2078 5034 et
2103 4982 2260 5036 domi-

696 5069 868 5122 nicam
901 5067 1176 5135 pecuniam
1221 5085 1323 5120 non
1350 5070 1517 5120 solum
1553 5084 1657 5121 non
1691 5069 2073 5140 multiplicavit,
2104 5073 2195 5127 sed
2222 5083 2276 5126 et

694 5160 861 5227 ipsam
907 5158 958 5210 in
990 5169 1126 5211 terra
1155 5157 1374 5211 defodit.
1403 5156 1558 5212 Tales
1598 5168 1740 5224 sunt,
1766 5161 1854 5228 qui
1876 5161 2130 5216 doctrina:
2155 5179 2273 5216 ser-

694 5264 878 5306 mones
927 5248 1145 5300 audiunt
1194 5248 1491 5320 (talentum
1540 5251 1679 5302 enim
1730 5251 1829 5304 hoc
1859 5262 2274 5321 vocatetpecn-

695 5339 903 5412 niam),
956 5357 1124 5407 neque
1166 5355 1377 5410 operam
1427 5341 1554 5394 dant
1609 5350 1665 5394 ut
1704 5341 1928 5394 fructum
1969 5343 2191 5396 all'erant
2217 5354 2272 5396 et

693 5431 918 5496 multum
982 5429 1334 5498 negotientur.
1386 5429 1489 5484 Sed
1554 5429 1686 5484 forte
1738 5431 1927 5484 dixerit
1968 5432 2268 5501 quispiam,

695 5522 994 5594 parabolam
1032 5522 1184 5576 istam
1237 5522 1551 5575 talentorum
1599 5521 1665 5575 de
1707 5521 2010 5576 doctoribus
2039 5542 2157 5578 esse
2183 5524 2268 5577 di-

693 5624 854 5676 ctam.
885 5613 935 5667 ld
965 5629 1064 5684 ego
1091 5629 1300 5684 quoque
1324 5613 1513 5668 lateor.
1547 5611 1740 5667 Verum
1767 5612 1811 5666 si
1841 5613 2124 5684 diligenter
2147 5631 2266 5682 eam

691 5706 1027 5772 scrutcmini,
1066 5706 1242 5761 scietis
1279 5707 1555 5764 doctorum
1586 5705 1795 5776 quidem
1837 5707 2069 5762 oilicium
2111 5725 2264 5776 esse,

685 5797 1032 5854 dinumerare
1053 5798 1325 5867 pecuniam
1357 5814 1370 5853 :
1399 5797 1492 5854 sed
1525 5812 1616 5852 vos
1639 5813 1741 5852 non
1770 5797 1942 5852 solum
1969 5797 2261 5871 depositam

1451 425 1507 480 S.
1545 422 1822 480 JO.\NNS
1855 417 2330 478 CllllYSOSTOlll
2371 417 2685 474 ARCIIIEP.
2724 418 3260 476 CONSTANTINOP.
3889 426 3980 488 δῖε

2393 528 2706 595 custodire,
2759 530 2854 586 sed
2902 532 3063 586 etiam
3110 531 3367 601 negotiari
3429 531 3662 588 debetis.
3721 534 3883 602 Quod
3936 551 3976 590 at

2385 618 2593 685 discas,
2623 634 2803 687 operm
2829 623 3056 690 pretium
3077 620 3238 676 luerit
3275 637 3392 677 eam
3419 625 3472 676 in
3499 624 3741 680 medium
3767 626 3976 681 atem.

2387 708 2766 780 Paterfamilias
2810 713 3019 780 quidam
3036 751 3050 774 .
3102 712 3289 782 inquit,
3354 730 3561 787 peregre
3613 717 3951 786 proﬁciscens
3969 759 3981 778 .

2386 803 2574 854 munit
2598 817 2764 856 savos
2784 819 2923 866 suos,
2954 814 3002 857 et
3021 803 3158 858 dedit
3181 806 3270 859 uni
3289 807 3489 875 quidem
3517 809 3717 864 talenta
3743 811 3980 879 quisque,

2387 890 2478 942 alii
2529 902 2698 945 au'em
2736 893 2860 955 duo,
2906 894 2998 946 alii
3042 911 3156 948 uero
3197 912 3370 950 unum.
3403 897 3532 952 Post
3561 900 3791 952 multum
3831 915 3987 954 ausas

2387 988 2602 1047 tempus.
2645 999 2760 1035 cum
2809 984 3088 1039 advenisset
3138 986 3264 1056 ipse,
3303 1000 3542 1044 uenerunt
3588 993 3726 1046 suci
3754 1008 3778 1046 :
3813 1004 3864 1046 et
3917 995 3992 1046 ille

2384 1071 2584 1136 quidem
2613 1074 2700 1140 qui
2744 1084 3006 1142 accepant
3040 1077 3260 1145 quinque
3281 1079 3492 1145 talentm
3526 1083 3744 1135 creauit
3775 1084 3990 1136 dicens:

2385 1158 2622 1225 Domine,
2652 1165 2871 1234 quinque
2893 1166 3079 1218 talenta
3115 1168 3371 1222 tradidisti
3397 1171 3542 1237 uu'lri,
3564 1175 3814 1226 accenti-
3862 1178 3992 1242 φη

2384 1268 2482 1318 gue
2508 1255 2694 1306 talenta
2726 1255 3107 1322 superlucratus
3132 1275 3245 1310 sunt
3287 1259 3512 1330 (leua.
3539 1261 3633 1317 25.
3663 1263 3757 1318 id.
3787 1265 3884 1318 15.
3917 1266 3988 1318 l9.

2386 1340 2512 1407 2ο).
2546 1342 2730 1413 Ilagna
2763 1345 2902 1399 servi
2941 1347 3111 1415 gratia
3139 1356 3194 1401 et
3222 1349 3476 1417 probitas,
3521 1352 3675 1422 larga
3707 1355 3882 1408 etiam
3907 1359 3990 1405 dn-

2387 1435 2516 1489 mini
2554 1435 2869 1506 benignitas.
2904 1438 2968 1492 Et
3011 1440 3138 1509 quid
3169 1441 3335 1494 dicit?
3377 1440 3541 1512 Euge,
3576 1460 3728 1496 aerea
3778 1447 3918 1498 bene
3953 1458 3990 1497 ιτ

2386 1525 2573 1592 ﬁdelis,
2603 1543 2755 1595 super
2783 1543 2946 1597 pauca
2974 1530 3118 1598 fuisti
3139 1530 3326 1599 ﬁdelis,
3357 1548 3509 1602 super
3534 1535 3702 1586 multa
3730 1546 3785 1588 te
3813 1538 3988 1588 consti-

2387 1624 2526 1669 tuant
2546 1631 2567 1670 :
2585 1616 2845 1687 ingredere
2871 1620 2921 1672 in
2947 1622 3190 1691 gaudium
3211 1624 3400 1675 ἀοιδαὶκί
3424 1623 3498 1676 tui
3516 1623 3737 1692 (latri.
3756 1625 3858 1682 25.
3881 1626 3939 1680 2Ι
3955 1649 3983 1690 ι.

2387 1706 2674 1774 Quoniam,
2703 1709 2892 1780 inquit.
2924 1712 2976 1765 in
2999 1711 3064 1764 iis
3092 1727 3209 1782 qua:
3249 1712 3340 1766 tibi
3365 1714 3567 1768 credita
3588 1725 3744 1783 sunt,
3777 1728 3983 1786 gratum

2391 1814 2502 1867 pra:
2531 1811 2584 1854 te
2608 1801 2774 1855 tulisti
2801 1802 3062 1868 animum,
3085 1804 3276 1873 dignus
3318 1819 3380 1860 es
3418 1806 3504 1860 cui
3546 1816 3602 1859 et
3636 1807 3856 1876 majora
3886 1819 3984 1860 tra-

2387 1887 2601 1942 dantur.
2641 1889 2860 1945 Accessit
2887 1903 3055 1944 auteus
3094 1902 3141 1946 et
3187 1894 3273 1962 qui
3324 1894 3428 1947 duo
3461 1893 3655 1948 talenta
3691 1911 3980 1966 acceperat,

2389 1978 2559 2033 dicens
2588 1999 2606 2035 :
2637 1978 2822 2036 Nonne
2854 1982 2956 2036 duo
2985 1985 3174 2037 talenta
3201 1985 3326 2037 milii
3356 1985 3608 2039 tradidisti
3630 1987 3659 2039 .’
3707 1985 3854 2041 Ecce
3893 1993 3986 2040 alia

2391 2071 2492 2124 duo
2521 2072 2744 2126 lucratus
2784 2090 2897 2128 sunt
2938 2076 3144 2144 insuper
3173 2075 3348 2147 (Ibid.
3381 2095 3430 2131 ο.
3457 2077 3586 2149 22).
3611 2078 3816 2149 Magna
3842 2082 3986 2149 hujus

2389 2177 2601 2233 quoque
2622 2165 2763 2218 circa
2794 2167 3042 2234 pecunias
3066 2167 3267 2222 domini
3302 2169 3383 2222 sui
3404 2185 3531 2224 cura
3553 2179 3609 2225 et
3639 2171 3984 2234 sollicitudo;

2393 2254 2532 2308 unde
2556 2264 2610 2309 et
2636 2256 2823 2312 eadem
2851 2273 2970 2326 quae
2995 2261 3239 2329 superior
3282 2262 3504 2316 meritus
3555 2274 3664 2318 est.
3711 2263 3786 2318 Et
3833 2281 3984 2334 quare

2391 2343 2479 2398 ille
2499 2346 2588 2415 qui
2611 2346 2717 2400 duo
2734 2348 2909 2402 attulit
2930 2349 3146 2415 talenta,
3171 2351 3414 2408 eumdem
3439 2357 3801 2424 consequitur
3824 2358 3984 2409 Itono-

2391 2448 2526 2500 rem,
2555 2451 2715 2505 quem
2748 2436 2833 2492 ille
2848 2439 2936 2506 qui
2961 2439 3153 2494 talenta
3176 2441 3409 2510 quinque
3431 2442 3729 2499 attulerat!
3757 2446 3952 2501 alente
3975 2470 3982 2501 ;

2390 2528 2747 2582 aceretionem
2783 2529 2928 2583 enim
2957 2538 3013 2583 et
3060 2530 3482 2587 imminutionem
3532 2549 3644 2588 non
3693 2538 3786 2590 vel
3839 2540 3984 2605 timui

2389 2617 2694 2689 diligentia,
2723 2618 2804 2673 vel
2828 2618 2968 2674 illius
3004 2621 3324 2691 negligentia
3347 2623 3494 2688 fecit,
3526 2626 3620 2680 sed
3648 2631 3983 2683 concredita-

2391 2727 2509 2765 rum
2535 2710 2744 2766 modus.
2772 2710 2904 2766 Nam
2930 2713 3071 2782 quod
3101 2713 3168 2768 ad
3218 2713 3545 2782 diligentiam
3571 2721 3797 2785 attinet,
3838 2724 3984 2774 ambo

2391 2816 2545 2871 pares
2569 2802 2819 2868 luerunt;
2865 2803 3088 2874 proinde
3128 2812 3183 2860 et
3226 2806 3467 2862 eamdem
3491 2813 3982 2866 remunerationem

2389 2893 2528 2945 nacti
2563 2901 2706 2946 sunt.

2450 2981 2505 3034 2.
2535 2981 2728 3036 Verum
2753 2982 2893 3038 alius
2927 2983 3016 3038 ille
3058 2984 3188 3038 nihil
3245 2987 3350 3041 tale
3405 2986 3602 3042 iecerat
3633 3007 3649 3040 :
3672 2990 3777 3045 sed
3829 2997 3981 3062 quid?

2387 3074 2647 3134 Accessit,
2674 3073 2857 3127 dicens
2883 3090 2899 3128 :
2923 3075 3142 3145 Cognovi
3178 3087 3245 3142 te,
3272 3077 3408 3148 quod
3448 3089 3686 3136 austeras
3714 3082 3878 3137 homo
3902 3087 3980 3146 sis,

2389 3177 2576 3219 metens
2597 3165 2682 3218 ubi
2709 3181 2810 3220 non
2845 3167 3122 3233 sentinasti,
3152 3178 3199 3221 et
3218 3185 3528 3240 congregans
3550 3172 3634 3224 ubi
3662 3190 3770 3227 uois
3791 3181 3982 3246 sparsi-

2389 3257 2453 3308 sti
2484 3271 2504 3310 :
2533 3267 2577 3310 et
2632 3265 2854 3310 metuens
2897 3257 2998 3310 abii
3041 3267 3090 3310 et
3137 3260 3386 3314 occultavi
3431 3264 3676 3316 talentum
3720 3265 3779 3318 in
3833 3279 3981 3321 terra.

2389 3345 2522 3399 Ecce
2548 3347 2700 3402 habes
2725 3348 2857 3416 quad
2894 3357 3035 3400 tuum
3075 3357 3147 3401 est
3176 3347 3350 3419 (Ibid.
3382 3365 3429 3402 ο.
3474 3351 3564 3406 24.
3595 3353 3730 3421 25).
3762 3355 3814 3410 0
3840 3360 3985 3412 mli.

2390 3439 2514 3489 liam
2562 3435 2774 3490 famuli!
2821 3453 2854 3489 ο
2892 3451 3152 3492 summam
3203 3439 3629 3508 improbitatem!
3658 3460 3771 3499 Iso-
3813 3449 3980 3500 solum

2387 3527 2519 3581 nihil
2575 3528 2872 3597 negotiatus
2919 3537 3001 3582 est
3045 3544 3112 3583 ex
3153 3529 3351 3583 talento
3379 3531 3480 3585 sibi
3524 3534 3761 3600 credito,
3793 3539 3892 3591 sed
3935 3549 3981 3591 et

2389 3632 2482 3686 pro
2509 3619 2708 3672 talento
2750 3619 3143 3672 aceu~ationem
3172 3620 3368 3674 attulit.
3400 3619 3472 3674 ita
3516 3623 3662 3677 enim
3693 3628 3842 3682 solet
3873 3645 3978 3680 ma-

2388 3708 2530 3771 litia;
2561 3708 2876 3762 obtenebrat
2918 3708 3178 3763 rationem
3209 3719 3264 3764 et
3301 3725 3423 3765 eum
3451 3714 3543 3780 qui
3572 3715 3744 3769 semel
3775 3731 3808 3769 a
3845 3729 3974 3772 lecta

2387 3797 2466 3850 via
2498 3808 2580 3850 est
2631 3812 2868 3860 aversus,
2928 3799 2978 3850 in
3024 3801 3312 3868 pmipitia
3355 3801 3589 3871 conjicit.
3639 3803 3770 3860 llaec
3807 3817 3973 3862 autem

2384 3887 2560 3941 omnia
2589 3886 2654 3941 de
2682 3887 2948 3956 magistris
2968 3888 3108 3941 dicta
3138 3899 3282 3954 sunt,
3322 3901 3377 3942 nt
3404 3891 3596 3945 talenta
3626 3893 3731 3948 sibi
3754 3911 3972 3952 cimex-e-

2382 3980 2490 4033 dita
2520 3995 2624 4033 non
2650 3979 3000 4042 abscondant,
3028 3981 3121 4034 sed
3152 3981 3295 4034 omni
3331 3982 3597 4052 diligentia
3626 3984 3847 4042 discere
3887 4004 3970 4042 cu-

2387 4069 2650 4138 pientibus
2697 4078 2987 4137 apponant.
3030 4067 3225 4122 Verum
3263 4070 3516 4139 deinceps
3541 4072 3668 4126 audi
3697 4114 3712 4136 ,
3741 4076 3936 4131 dilecte
3956 4119 3968 4140 .

2385 4174 2449 4212 ex
2482 4158 2844 4227 indignatione
2865 4173 2987 4226 erga
3013 4159 3180 4223 illttnt,
3207 4159 3478 4228 quomodo
3506 4162 3671 4216 etiam
3701 4165 3968 4221 auditores

2385 4249 2462 4302 rei
2491 4249 2739 4314 evadant,
2773 4259 2826 4304 et
2855 4265 2960 4302 non
3007 4250 3175 4302 solum
3217 4251 3309 4302 illa
3360 4262 3671 4319 repetantur
3695 4271 3824 4324 quae
3848 4272 3966 4311 mn-

2383 4343 2583 4396 credita
2610 4351 2752 4405 sunt,
2786 4342 2882 4396 sed
2909 4350 3099 4396 etcum
3131 4356 3288 4395 usura
3315 4344 3651 4399 exactionem
3683 4349 3963 4415 patiantur.

2381 4433 2517 4499 Quid
2553 4433 2711 4502 igitur
2761 4432 2887 4486 dicit
2938 4432 3012 4486 illi
3057 4433 3341 4486 dominus?
3369 4432 3764 4504 Sen-eaeque»:
3796 4438 3963 4505 (ibid.

2382 4537 2430 4574 υ.
2460 4523 2590 4592 26).
2635 4522 2916 4578 Terribilis
2947 4523 3258 4592 indignatio,
3310 4533 3364 4576 et
3413 4525 3574 4579 mina:
3605 4528 3854 4584 valentes
3883 4547 3964 4601 per

2383 4629 2441 4668 se
2467 4614 2760 4682 percellere
2809 4613 3064 4666 animum.
3116 4614 3342 4678 Sciebas,
3372 4616 3558 4683 inquit,
3601 4620 3743 4688 quod
3790 4637 3964 4674 metam

2384 4704 2466 4757 ubi
2517 4721 2619 4758 non
2660 4704 2920 4766 sentiuavi,
2973 4713 3020 4756 et
3070 4720 3365 4775 congregem
3419 4707 3502 4758 ubi
3554 4724 3657 4760 non
3702 4710 3962 4778 dispersi:

2384 4796 2640 4864 oportebat
2683 4794 2836 4864 igitur
2873 4803 2918 4846 te
2963 4795 3226 4863 pecuniam
3270 4811 3431 4848 meant
3468 4797 3796 4852 dinumerare
3831 4819 3960 4855 meu-

2381 4887 2526 4938 sariis
2546 4926 2562 4947 ,
2605 4896 2651 4938 et
2701 4901 2793 4955 ego
2826 4901 2940 4939 cunt
2988 4886 3252 4951 uenissent,
3302 4901 3417 4938 cunt
3442 4891 3635 4957 fanore
3660 4892 3958 4960 "petiisse-

2378 4976 2542 5028 illam.
2570 4975 2851 5030 Pecuniam
2884 4988 3035 5030 Vocat
3054 4977 3264 5045 eloquia
3293 4979 3542 5045 pretiosa,
3574 4984 3954 5038 nummularius

2381 5075 2556 5119 autent
2601 5083 2692 5120 vos
2742 5070 2832 5137 qui
2864 5069 3152 5138 suscipitis.
3183 5068 3356 5125 Tuum
3387 5071 3600 5140 quidem
3628 5073 3825 5142 fuerat,
3855 5081 3952 5142 ait,

2382 5166 2582 5212 tantum
2613 5159 2971 5225 dinumerare,
3025 5177 3200 5214 meum
3230 5171 3407 5216 autem
3430 5174 3676 5234 repetere
3721 5168 3795 5222 ab
3823 5171 3947 5230 illis,

2381 5263 2486 5302 non
2538 5249 2710 5304 solum
2754 5249 3111 5318 diuumerata,
3151 5251 3245 5307 sed
3269 5263 3322 5308 et
3361 5269 3594 5308 murum.
3627 5254 3851 5326 Videtis,
3877 5261 3952 5312 di-

2379 5342 2523 5402 lecti,
2550 5346 2780 5407 quantus
2810 5343 2862 5396 in
2883 5342 3041 5397 dictis
3071 5353 3262 5400 terror.
3293 5345 3432 5414 Quid
3463 5363 3590 5418 ergo
3626 5349 3830 5418 dicent,
3869 5353 3943 5418 qui

2377 5434 2679 5487 concredita
2717 5449 2932 5488 servare
2970 5435 3262 5506 negligunt,
3286 5440 3498 5507 quando
3516 5441 3680 5495 etiam
3706 5458 3863 5498 usura
3885 5444 3943 5496 ali

2375 5525 2455 5580 eis
2501 5526 2829 5594 requiritur?

2451 5615 2619 5670 Usnra
2651 5632 2742 5668 cur
2769 5616 3041 5686 prohibita.
3088 5647 3142 5659 —
3170 5618 3236 5674 Et
3273 5619 3394 5676 vide
3437 5619 3824 5680 humanitatem
3853 5629 3941 5681 llo-

2375 5707 2524 5762 mini.
2557 5706 2610 5761 In
2639 5706 2722 5760 bis
2743 5707 3086 5763 sensibilibua
3129 5712 3368 5780 pecuniis
3404 5711 3679 5784 prohibuit
3726 5730 3797 5770 lae
3833 5731 3941 5789 qua

2379 5814 2589 5853 usuram
2619 5798 2901 5870 acciperet.
2940 5799 3137 5869 Quare,
3171 5808 3228 5856 et
3249 5800 3320 5857 ob
3357 5817 3520 5874 «luam
3542 5806 3936 5874 αωιρω
