  <div class='ocr_page' id='page_1' title='image "/cluster/home/n/w/nwhite01/storage/ocr_20150623/53/uva.x030486927/378.png"; bbox 0 0 4094 6484; ppageno 0'>
   <div class='ocr_carea' id='block_1_1' title="bbox 155 436 273 495">
    <p class='ocr_par' dir='ltr' id='par_1_1' title="bbox 155 436 273 495">
     <span class='ocr_line' id='line_1_1' title="bbox 155 436 273 495; baseline 0.017 -2"><span class='ocrx_word' id='word_1_1' title='bbox 155 436 273 495; x_wconf 76' lang='lat'>375</span> 
     </span>
    </p>
   </div>
   <div class='ocr_carea' id='block_1_2' title="bbox 161 536 1748 621">
    <p class='ocr_par' dir='ltr' id='par_1_2' title="bbox 161 536 1748 621">
     <span class='ocr_line' id='line_1_2' title="bbox 161 536 1748 621; baseline -0.012 -16"><span class='ocrx_word' id='word_1_2' title='bbox 161 551 305 621; x_wconf 73' lang='grc' dir='ltr'>κτῆς</span> <span class='ocrx_word' id='word_1_3' title='bbox 342 561 438 604; x_wconf 85' lang='grc' dir='ltr'>και</span> <span class='ocrx_word' id='word_1_4' title='bbox 480 547 717 619; x_wconf 72' lang='grc' dir='ltr'>φοϐερᾶς</span> <span class='ocrx_word' id='word_1_5' title='bbox 756 541 1067 617; x_wconf 80' lang='grc' dir='ltr'>τραπέζης,</span> <span class='ocrx_word' id='word_1_6' title='bbox 1116 541 1208 595; x_wconf 79' lang='grc' dir='ltr'>ἐπὶ</span> <span class='ocrx_word' id='word_1_7' title='bbox 1245 538 1345 602; x_wconf 75' lang='grc' dir='ltr'>τὰς</span> <span class='ocrx_word' id='word_1_8' title='bbox 1386 536 1748 621; x_wconf 30' lang='grc' dir='ltr'>ἱπποδρομία-ς</span> 
     </span>
    </p>
   </div>
   <div class='ocr_carea' id='block_1_3' title="bbox 157 619 1750 703">
    <p class='ocr_par' dir='ltr' id='par_1_3' title="bbox 157 619 1750 703">
     <span class='ocr_line' id='line_1_3' title="bbox 157 619 1750 703; baseline -0.009 -17"><span class='ocrx_word' id='word_1_9' title='bbox 157 619 572 703; x_wconf 83' lang='grc' dir='ltr'>διημερεύουσι.</span> <span class='ocrx_word' id='word_1_10' title='bbox 605 627 701 684; x_wconf 74' lang='grc' dir='ltr'>καὶ</span> <span class='ocrx_word' id='word_1_11' title='bbox 729 626 880 681; x_wconf 82' lang='grc' dir='ltr'>οὐδὲν</span> <span class='ocrx_word' id='word_1_12' title='bbox 897 625 1079 686; x_wconf 89' lang='grc' dir='ltr'>αὑτοῖς</span> <span class='ocrx_word' id='word_1_13' title='bbox 1105 622 1266 677; x_wconf 81' lang='grc' dir='ltr'>πλέον</span> <span class='ocrx_word' id='word_1_14' title='bbox 1288 622 1396 676; x_wconf 80' lang='grc' dir='ltr'>ἀπὸ</span> <span class='ocrx_word' id='word_1_15' title='bbox 1424 621 1522 691; x_wconf 87' lang='grc' dir='ltr'>τῆς</span> <span class='ocrx_word' id='word_1_16' title='bbox 1550 619 1750 703; x_wconf 37' lang='grc' dir='ltr'>μετέ-</span> 
     </span>
    </p>
   </div>
   <div class='ocr_carea' id='block_1_4' title="bbox 163 701 1750 786">
    <p class='ocr_par' dir='ltr' id='par_1_4' title="bbox 163 701 1750 786">
     <span class='ocr_line' id='line_1_4' title="bbox 163 701 1750 786; baseline -0.011 -17"><span class='ocrx_word' id='word_1_17' title='bbox 301 712 595 784; x_wconf 70' lang='grc' dir='ltr'>γεγένηται</span> <span class='ocrx_word' id='word_1_18' title='bbox 626 709 883 779; x_wconf 86' lang='grc' dir='ltr'>σπουδῆς,</span> <span class='ocrx_word' id='word_1_19' title='bbox 918 706 1054 760; x_wconf 90' lang='grc' dir='ltr'>ἀλλά</span> <span class='ocrx_word' id='word_1_20' title='bbox 1083 705 1336 776; x_wconf 86' lang='grc' dir='ltr'>καθάπερ</span> <span class='ocrx_word' id='word_1_21' title='bbox 1364 701 1621 773; x_wconf 87' lang='grc' dir='ltr'>συνηθείᾳ</span> <span class='ocrx_word' id='word_1_22' title='bbox 1643 701 1750 754; x_wconf 74' lang='grc' dir='ltr'>τινὶ</span> 
     </span>
    </p>
   </div>
   <div class='ocr_carea' id='block_1_5' title="bbox 163 786 1746 869">
    <p class='ocr_par' dir='ltr' id='par_1_5' title="bbox 163 786 1746 869">
     <span class='ocr_line' id='line_1_5' title="bbox 163 786 1746 869; baseline -0.008 -19"><span class='ocrx_word' id='word_1_23' title='bbox 163 795 324 869; x_wconf 75' lang='grc' dir='ltr'>μη]</span> <span class='ocrx_word' id='word_1_24' title='bbox 344 795 721 858; x_wconf 83' lang='grc' dir='ltr'>δουλεύοντες,</span> <span class='ocrx_word' id='word_1_25' title='bbox 757 791 978 847; x_wconf 79' lang='grc' dir='ltr'>ἐπειδάν</span> <span class='ocrx_word' id='word_1_26' title='bbox 1018 790 1182 862; x_wconf 78' lang='grc' dir='ltr'>νεύσῃ</span> <span class='ocrx_word' id='word_1_27' title='bbox 1222 790 1381 860; x_wconf 89' lang='grc' dir='ltr'>μόνον</span> <span class='ocrx_word' id='word_1_28' title='bbox 1404 790 1433 841; x_wconf 86' lang='grc' dir='ltr'>ό</span> <span class='ocrx_word' id='word_1_29' title='bbox 1466 786 1746 848; x_wconf 87' lang='grc' dir='ltr'>διάϐολος,</span> 
     </span>
    </p>
   </div>
   <div class='ocr_carea' id='block_1_6' title="bbox 161 869 1748 950">
    <p class='ocr_par' dir='ltr' id='par_1_6' title="bbox 161 869 1748 950">
     <span class='ocr_line' id='line_1_6' title="bbox 161 869 1748 950; baseline -0.008 -17"><span class='ocrx_word' id='word_1_30' title='bbox 161 879 465 950; x_wconf 79' lang='grc' dir='ltr'>αὐτόματοι</span> <span class='ocrx_word' id='word_1_31' title='bbox 485 877 802 931; x_wconf 77' lang='grc' dir='ltr'>σπεύδουσιν</span> <span class='ocrx_word' id='word_1_32' title='bbox 817 875 912 930; x_wconf 71' lang='grc' dir='ltr'>ἐπὶ</span> <span class='ocrx_word' id='word_1_33' title='bbox 929 875 998 929; x_wconf 87' lang='grc' dir='ltr'>τά</span> <span class='ocrx_word' id='word_1_34' title='bbox 1013 874 1307 944; x_wconf 87' lang='grc' dir='ltr'>παράνομα</span> <span class='ocrx_word' id='word_1_35' title='bbox 1323 873 1504 924; x_wconf 80' lang='grc' dir='ltr'>ἐκεῖνα</span> <span class='ocrx_word' id='word_1_36' title='bbox 1521 869 1748 950; x_wconf 70' lang='grc' dir='ltr'>θέατρα,</span> 
     </span>
    </p>
   </div>
   <div class='ocr_carea' id='block_1_7' title="bbox 161 949 1749 1024">
    <p class='ocr_par' dir='ltr' id='par_1_7' title="bbox 161 949 1749 1024">
     <span class='ocr_line' id='line_1_7' title="bbox 161 949 1749 1024; baseline -0.009 -8"><span class='ocrx_word' id='word_1_37' title='bbox 161 962 263 1016; x_wconf 80' lang='grc' dir='ltr'>καὶ</span> <span class='ocrx_word' id='word_1_38' title='bbox 299 949 524 1024; x_wconf 77' lang='grc' dir='ltr'>ἐαυτοὺς</span> <span class='ocrx_word' id='word_1_39' title='bbox 580 961 797 1021; x_wconf 74' lang='grc' dir='ltr'>ἑκόντες</span> <span class='ocrx_word' id='word_1_40' title='bbox 840 959 953 1021; x_wconf 86' lang='grc' dir='ltr'>τοῖς</span> <span class='ocrx_word' id='word_1_41' title='bbox 982 955 1216 1018; x_wconf 81' lang='grc' dir='ltr'>δικτύοις</span> <span class='ocrx_word' id='word_1_42' title='bbox 1256 952 1617 1007; x_wconf 86' lang='grc' dir='ltr'>ὑποϐάλλουσι</span> <span class='ocrx_word' id='word_1_43' title='bbox 1653 949 1749 1004; x_wconf 90' lang='grc' dir='ltr'>τοῦ</span> 
     </span>
    </p>
   </div>
   <div class='ocr_carea' id='block_1_8' title="bbox 161 1033 1747 1114">
    <p class='ocr_par' dir='ltr' id='par_1_8' title="bbox 161 1033 1747 1114">
     <span class='ocr_line' id='line_1_8' title="bbox 161 1033 1747 1114; baseline -0.006 -17"><span class='ocrx_word' id='word_1_44' title='bbox 161 1043 409 1114; x_wconf 85' lang='grc' dir='ltr'>πονηροῦ</span> <span class='ocrx_word' id='word_1_45' title='bbox 433 1043 706 1113; x_wconf 87' lang='grc' dir='ltr'>δαίμονος,</span> <span class='ocrx_word' id='word_1_46' title='bbox 731 1042 823 1095; x_wconf 77' lang='grc' dir='ltr'>καὶ</span> <span class='ocrx_word' id='word_1_47' title='bbox 850 1039 972 1094; x_wconf 76' lang='grc' dir='ltr'>οὔτε</span> <span class='ocrx_word' id='word_1_48' title='bbox 1000 1039 1243 1110; x_wconf 81' lang='grc' dir='ltr'>ἡμετέρα</span> <span class='ocrx_word' id='word_1_49' title='bbox 1268 1036 1538 1093; x_wconf 90' lang='grc' dir='ltr'>νουθεσία,</span> <span class='ocrx_word' id='word_1_50' title='bbox 1566 1033 1689 1087; x_wconf 73' lang='grc' dir='ltr'>οὗτε</span> <span class='ocrx_word' id='word_1_51' title='bbox 1713 1035 1747 1104; x_wconf 84' lang='grc' dir='ltr'>ή</span> 
     </span>
    </p>
   </div>
   <div class='ocr_carea' id='block_1_9' title="bbox 162 1116 1752 1196">
    <p class='ocr_par' dir='ltr' id='par_1_9' title="bbox 162 1116 1752 1196">
     <span class='ocr_line' id='line_1_9' title="bbox 162 1116 1752 1196; baseline -0.008 -18"><span class='ocrx_word' id='word_1_52' title='bbox 162 1127 334 1196; x_wconf 85' lang='grc' dir='ltr'>πεῖρα</span> <span class='ocrx_word' id='word_1_53' title='bbox 363 1125 524 1195; x_wconf 75' lang='grc' dir='ltr'>αὑτὴ.</span> <span class='ocrx_word' id='word_1_54' title='bbox 557 1125 652 1178; x_wconf 72' lang='grc' dir='ltr'>καὶ</span> <span class='ocrx_word' id='word_1_55' title='bbox 686 1124 748 1177; x_wconf 80' lang='grc' dir='ltr'>τὸ</span> <span class='ocrx_word' id='word_1_56' title='bbox 773 1124 1031 1194; x_wconf 89' lang='grc' dir='ltr'>ἀνόνητον</span> <span class='ocrx_word' id='word_1_57' title='bbox 1067 1122 1166 1190; x_wconf 87' lang='grc' dir='ltr'>τῆς</span> <span class='ocrx_word' id='word_1_58' title='bbox 1197 1122 1314 1173; x_wconf 69' lang='grc' dir='ltr'>ἐκεῖ</span> <span class='ocrx_word' id='word_1_59' title='bbox 1336 1116 1638 1190; x_wconf 79' lang='grc' dir='ltr'>διατριϐῆς,</span> <span class='ocrx_word' id='word_1_60' title='bbox 1674 1116 1752 1167; x_wconf 89' lang='grc' dir='ltr'>δι-</span> 
     </span>
    </p>
   </div>
   <div class='ocr_carea' id='block_1_10' title="bbox 162 1201 1747 1273">
    <p class='ocr_par' dir='ltr' id='par_1_10' title="bbox 162 1201 1747 1273">
     <span class='ocr_line' id='line_1_10' title="bbox 162 1201 1747 1273; baseline -0.007 -12"><span class='ocrx_word' id='word_1_61' title='bbox 162 1208 464 1270; x_wconf 86' lang='grc' dir='ltr'>δασκαλίας</span> <span class='ocrx_word' id='word_1_62' title='bbox 491 1208 675 1269; x_wconf 85' lang='grc' dir='ltr'>αὑτοῖς</span> <span class='ocrx_word' id='word_1_63' title='bbox 705 1206 962 1268; x_wconf 88' lang='grc' dir='ltr'>ὑπόθεσις</span> <span class='ocrx_word' id='word_1_64' title='bbox 990 1205 1180 1273; x_wconf 88' lang='grc' dir='ltr'>γέγονε</span> <span class='ocrx_word' id='word_1_65' title='bbox 1201 1218 1215 1232; x_wconf 85' lang='grc'><strong>·</strong></span> <span class='ocrx_word' id='word_1_66' title='bbox 1241 1203 1372 1273; x_wconf 82' lang='grc' dir='ltr'>ποίᾳ</span> <span class='ocrx_word' id='word_1_67' title='bbox 1398 1201 1583 1254; x_wconf 84' lang='grc' dir='ltr'>λοιπὸν</span> <span class='ocrx_word' id='word_1_68' title='bbox 1613 1215 1747 1270; x_wconf 89' lang='grc' dir='ltr'>προ-</span> 
     </span>
    </p>
   </div>
   <div class='ocr_carea' id='block_1_11' title="bbox 163 1281 1751 1361">
    <p class='ocr_par' dir='ltr' id='par_1_11' title="bbox 163 1281 1751 1361">
     <span class='ocr_line' id='line_1_11' title="bbox 163 1281 1751 1361; baseline -0.009 -15"><span class='ocrx_word' id='word_1_69' title='bbox 163 1291 340 1361; x_wconf 81' lang='grc' dir='ltr'>θυμίᾳ</span> <span class='ocrx_word' id='word_1_70' title='bbox 389 1289 451 1342; x_wconf 73' lang='grc' dir='ltr'>τά</span> <span class='ocrx_word' id='word_1_71' title='bbox 497 1289 597 1358; x_wconf 86' lang='grc' dir='ltr'>τῆς</span> <span class='ocrx_word' id='word_1_72' title='bbox 646 1287 993 1349; x_wconf 72' lang='grc' dir='ltr'>διδασκαλίας</span> <span class='ocrx_word' id='word_1_73' title='bbox 1033 1287 1322 1356; x_wconf 77' lang='grc' dir='ltr'>ποιήσαιμι</span> <span class='ocrx_word' id='word_1_74' title='bbox 1370 1283 1509 1355; x_wconf 81' lang='grc' dir='ltr'>πρὸς</span> <span class='ocrx_word' id='word_1_75' title='bbox 1552 1281 1751 1352; x_wconf 74' lang='grc' dir='ltr'>ἄνδρας</span> 
     </span>
    </p>
   </div>
   <div class='ocr_carea' id='block_1_12' title="bbox 161 1363 1751 1443">
    <p class='ocr_par' dir='ltr' id='par_1_12' title="bbox 161 1363 1751 1443">
     <span class='ocr_line' id='line_1_12' title="bbox 161 1363 1751 1443; baseline -0.009 -15"><span class='ocrx_word' id='word_1_76' title='bbox 161 1374 322 1428; x_wconf 83' lang='grc' dir='ltr'>οὑδέν</span> <span class='ocrx_word' id='word_1_77' title='bbox 357 1373 657 1443; x_wconf 74' lang='grc' dir='ltr'>κερδαίνειν</span> <span class='ocrx_word' id='word_1_78' title='bbox 685 1370 1038 1441; x_wconf 78' lang='grc' dir='ltr'>βουλομένους</span> <span class='ocrx_word' id='word_1_79' title='bbox 1074 1370 1138 1424; x_wconf 91' lang='grc' dir='ltr'>ἐκ</span> <span class='ocrx_word' id='word_1_80' title='bbox 1171 1370 1278 1423; x_wconf 87' lang='grc' dir='ltr'>τῶν</span> <span class='ocrx_word' id='word_1_81' title='bbox 1314 1368 1444 1438; x_wconf 83' lang='grc' dir='ltr'>παρ’</span> <span class='ocrx_word' id='word_1_82' title='bbox 1476 1364 1633 1436; x_wconf 80' lang='grc' dir='ltr'>ήμῶν</span> <span class='ocrx_word' id='word_1_83' title='bbox 1671 1363 1751 1414; x_wconf 88' lang='grc' dir='ltr'>λε-</span> 
     </span>
    </p>
   </div>
   <div class='ocr_carea' id='block_1_13' title="bbox 162 1447 1748 1526">
    <p class='ocr_par' dir='ltr' id='par_1_13' title="bbox 162 1447 1748 1526">
     <span class='ocr_line' id='line_1_13' title="bbox 162 1447 1748 1526; baseline -0.006 -18"><span class='ocrx_word' id='word_1_84' title='bbox 162 1455 446 1526; x_wconf 78' lang='grc' dir='ltr'>γομένωνς</span> <span class='ocrx_word' id='word_1_85' title='bbox 494 1453 601 1507; x_wconf 82' lang='grc' dir='ltr'>Καὶ</span> <span class='ocrx_word' id='word_1_86' title='bbox 659 1453 734 1522; x_wconf 79' lang='grc' dir='ltr'>μή</span> <span class='ocrx_word' id='word_1_87' title='bbox 786 1452 1090 1523; x_wconf 85' lang='grc' dir='ltr'>θαυμάσῃς.</span> <span class='ocrx_word' id='word_1_88' title='bbox 1147 1451 1302 1503; x_wconf 79' lang='grc' dir='ltr'>Ἐπεὶ</span> <span class='ocrx_word' id='word_1_89' title='bbox 1353 1451 1450 1502; x_wconf 76' lang='grc' dir='ltr'>καὶ</span> <span class='ocrx_word' id='word_1_90' title='bbox 1483 1447 1748 1519; x_wconf 81' lang='grc' dir='ltr'>γηπόνος,</span> 
     </span>
    </p>
   </div>
   <div class='ocr_carea' id='block_1_14' title="bbox 163 1527 1752 1609">
    <p class='ocr_par' dir='ltr' id='par_1_14' title="bbox 163 1527 1752 1609">
     <span class='ocr_line' id='line_1_14' title="bbox 163 1527 1752 1609; baseline -0.008 -17"><span class='ocrx_word' id='word_1_91' title='bbox 163 1537 390 1592; x_wconf 80' lang='grc' dir='ltr'>ἐπειδὰν</span> <span class='ocrx_word' id='word_1_92' title='bbox 438 1537 523 1609; x_wconf 74' lang='grc' dir='ltr'>ἴδῃ</span> <span class='ocrx_word' id='word_1_93' title='bbox 572 1536 709 1604; x_wconf 88' lang='grc' dir='ltr'>μετά</span> <span class='ocrx_word' id='word_1_94' title='bbox 739 1536 933 1597; x_wconf 82' lang='grc' dir='ltr'>πόνους</span> <span class='ocrx_word' id='word_1_95' title='bbox 976 1533 1200 1593; x_wconf 87' lang='grc' dir='ltr'>πολλοὺς</span> <span class='ocrx_word' id='word_1_96' title='bbox 1239 1532 1334 1585; x_wconf 72' lang='grc' dir='ltr'>καὶ</span> <span class='ocrx_word' id='word_1_97' title='bbox 1379 1527 1752 1597; x_wconf 72' lang='grc' dir='ltr'>ταλαιπωρίας</span> 
     </span>
    </p>
   </div>
   <div class='ocr_carea' id='block_1_15' title="bbox 163 1611 1751 1689">
    <p class='ocr_par' dir='ltr' id='par_1_15' title="bbox 163 1611 1751 1689">
     <span class='ocr_line' id='line_1_15' title="bbox 163 1611 1751 1689; baseline -0.008 -16"><span class='ocrx_word' id='word_1_98' title='bbox 163 1620 363 1688; x_wconf 69' lang='grc' dir='ltr'>ἀγονον</span> <span class='ocrx_word' id='word_1_99' title='bbox 391 1618 685 1688; x_wconf 72' lang='grc' dir='ltr'>γινομένην</span> <span class='ocrx_word' id='word_1_100' title='bbox 711 1617 812 1689; x_wconf 81' lang='grc' dir='ltr'>τὴν</span> <span class='ocrx_word' id='word_1_101' title='bbox 843 1617 967 1685; x_wconf 90' lang='grc' dir='ltr'>γῆν,</span> <span class='ocrx_word' id='word_1_102' title='bbox 1005 1617 1098 1670; x_wconf 84' lang='grc' dir='ltr'>καὶ</span> <span class='ocrx_word' id='word_1_103' title='bbox 1124 1617 1223 1669; x_wconf 88' lang='grc' dir='ltr'>οὑκ</span> <span class='ocrx_word' id='word_1_104' title='bbox 1254 1614 1412 1681; x_wconf 82' lang='grc' dir='ltr'>ἀξίαν</span> <span class='ocrx_word' id='word_1_105' title='bbox 1436 1612 1544 1665; x_wconf 88' lang='grc' dir='ltr'>τῶν</span> <span class='ocrx_word' id='word_1_106' title='bbox 1573 1611 1751 1663; x_wconf 90' lang='grc' dir='ltr'>πόνων</span> 
     </span>
    </p>
   </div>
   <div class='ocr_carea' id='block_1_16' title="bbox 161 1691 1752 1772">
    <p class='ocr_par' dir='ltr' id='par_1_16' title="bbox 161 1691 1752 1772">
     <span class='ocr_line' id='line_1_16' title="bbox 161 1691 1752 1772; baseline -0.007 -19"><span class='ocrx_word' id='word_1_107' title='bbox 161 1701 269 1772; x_wconf 76' lang='grc' dir='ltr'>τὴν</span> <span class='ocrx_word' id='word_1_108' title='bbox 298 1700 528 1771; x_wconf 87' lang='grc' dir='ltr'>ἀμοιϐὴν</span> <span class='ocrx_word' id='word_1_109' title='bbox 557 1699 959 1771; x_wconf 83' lang='grc' dir='ltr'>παρεχομένην,</span> <span class='ocrx_word' id='word_1_110' title='bbox 981 1699 1341 1768; x_wconf 76' lang='grc' dir='ltr'>ὀκνηρότερος</span> <span class='ocrx_word' id='word_1_111' title='bbox 1372 1696 1584 1764; x_wconf 88' lang='grc' dir='ltr'>γίνεται</span> <span class='ocrx_word' id='word_1_112' title='bbox 1623 1691 1752 1760; x_wconf 73' lang='grc' dir='ltr'>περὶ</span> 
     </span>
    </p>
   </div>
   <div class='ocr_carea' id='block_1_17' title="bbox 160 1773 1751 1855">
    <p class='ocr_par' dir='ltr' id='par_1_17' title="bbox 160 1773 1751 1855">
     <span class='ocr_line' id='line_1_17' title="bbox 160 1773 1751 1855; baseline -0.003 -22"><span class='ocrx_word' id='word_1_113' title='bbox 160 1784 270 1855; x_wconf 72' lang='grc' dir='ltr'>τὴν</span> <span class='ocrx_word' id='word_1_114' title='bbox 300 1782 410 1834; x_wconf 88' lang='grc' dir='ltr'>τῶν</span> <span class='ocrx_word' id='word_1_115' title='bbox 438 1782 769 1852; x_wconf 72' lang='grc' dir='ltr'>σπερμάτων</span> <span class='ocrx_word' id='word_1_116' title='bbox 792 1780 1118 1850; x_wconf 75' lang='grc' dir='ltr'>καταϐολὴν,</span> <span class='ocrx_word' id='word_1_117' title='bbox 1146 1781 1240 1833; x_wconf 80' lang='grc' dir='ltr'>καὶ</span> <span class='ocrx_word' id='word_1_118' title='bbox 1263 1781 1363 1833; x_wconf 88' lang='grc' dir='ltr'>οὑκ</span> <span class='ocrx_word' id='word_1_119' title='bbox 1383 1778 1462 1830; x_wconf 74' lang='grc' dir='ltr'>ἔτι</span> <span class='ocrx_word' id='word_1_120' title='bbox 1486 1774 1625 1846; x_wconf 87' lang='grc' dir='ltr'>μετά</span> <span class='ocrx_word' id='word_1_121' title='bbox 1650 1773 1751 1855; x_wconf 81' lang='grc' dir='ltr'>τῆς</span> 
     </span>
    </p>
   </div>
   <div class='ocr_carea' id='block_1_18' title="bbox 162 1853 1753 1935">
    <p class='ocr_par' dir='ltr' id='par_1_18' title="bbox 162 1853 1753 1935">
     <span class='ocr_line' id='line_1_18' title="bbox 162 1853 1753 1935; baseline -0.008 -17"><span class='ocrx_word' id='word_1_122' title='bbox 162 1853 341 1934; x_wconf 80' lang='grc' dir='ltr'>αὑτῆς</span> <span class='ocrx_word' id='word_1_123' title='bbox 399 1863 704 1934; x_wconf 79' lang='grc' dir='ltr'>προθυμίας</span> <span class='ocrx_word' id='word_1_124' title='bbox 763 1863 865 1933; x_wconf 84' lang='grc' dir='ltr'>τῆς</span> <span class='ocrx_word' id='word_1_125' title='bbox 912 1866 1182 1932; x_wconf 81' lang='grc' dir='ltr'>γεωργίας</span> <span class='ocrx_word' id='word_1_126' title='bbox 1228 1860 1588 1935; x_wconf 80' lang='grc' dir='ltr'>καθάπτεται.</span> <span class='ocrx_word' id='word_1_127' title='bbox 1642 1853 1753 1909; x_wconf 73' lang='grc' dir='ltr'>Καὶ</span> 
     </span>
    </p>
   </div>
   <div class='ocr_carea' id='block_1_19' title="bbox 167 1941 1752 2018">
    <p class='ocr_par' dir='ltr' id='par_1_19' title="bbox 167 1941 1752 2018">
     <span class='ocr_line' id='line_1_19' title="bbox 167 1941 1752 2018; baseline -0.008 -17"><span class='ocrx_word' id='word_1_128' title='bbox 167 1946 356 2017; x_wconf 59' lang='grc' dir='ltr'>ῖαττδς</span> <span class='ocrx_word' id='word_1_129' title='bbox 395 1946 452 1998; x_wconf 63' lang='grc' dir='ltr'>δὲ</span> <span class='ocrx_word' id='word_1_130' title='bbox 481 1945 699 1998; x_wconf 73' lang='grc' dir='ltr'>ὲπειδάν</span> <span class='ocrx_word' id='word_1_131' title='bbox 737 1945 822 2018; x_wconf 83' lang='grc' dir='ltr'>ῖδῃ</span> <span class='ocrx_word' id='word_1_132' title='bbox 861 1945 956 1998; x_wconf 81' lang='grc' dir='ltr'>τὸν</span> <span class='ocrx_word' id='word_1_133' title='bbox 1002 1945 1284 2017; x_wconf 69' lang='grc' dir='ltr'>ἄρρωστον</span> <span class='ocrx_word' id='word_1_134' title='bbox 1326 1943 1401 2015; x_wconf 82' lang='grc' dir='ltr'>μὴ</span> <span class='ocrx_word' id='word_1_135' title='bbox 1431 1941 1752 2010; x_wconf 74' lang='grc' dir='ltr'>πειθόμενον</span> 
     </span>
    </p>
   </div>
   <div class='ocr_carea' id='block_1_20' title="bbox 161 2023 1752 2098">
    <p class='ocr_par' dir='ltr' id='par_1_20' title="bbox 161 2023 1752 2098">
     <span class='ocr_line' id='line_1_20' title="bbox 161 2023 1752 2098; baseline -0.004 -16"><span class='ocrx_word' id='word_1_136' title='bbox 161 2024 337 2082; x_wconf 75' lang='grc' dir='ltr'>αὑτοῦ</span> <span class='ocrx_word' id='word_1_137' title='bbox 362 2028 475 2088; x_wconf 88' lang='grc' dir='ltr'>τοῖς</span> <span class='ocrx_word' id='word_1_138' title='bbox 505 2028 896 2097; x_wconf 74' lang='grc' dir='ltr'>ἐπιτάγμασιν,</span> <span class='ocrx_word' id='word_1_139' title='bbox 927 2027 1062 2081; x_wconf 89' lang='grc' dir='ltr'>ἀλλά</span> <span class='ocrx_word' id='word_1_140' title='bbox 1089 2027 1188 2098; x_wconf 78' lang='grc' dir='ltr'>τήν</span> <span class='ocrx_word' id='word_1_141' title='bbox 1221 2029 1375 2080; x_wconf 91' lang='grc' dir='ltr'>νόσον</span> <span class='ocrx_word' id='word_1_142' title='bbox 1409 2024 1595 2090; x_wconf 77' lang='grc' dir='ltr'>αὑξειν</span> <span class='ocrx_word' id='word_1_143' title='bbox 1628 2023 1752 2077; x_wconf 83' lang='grc' dir='ltr'>καθ’</span> 
     </span>
    </p>
   </div>
   <div class='ocr_carea' id='block_1_21' title="bbox 162 2108 1754 2189">
    <p class='ocr_par' dir='ltr' id='par_1_21' title="bbox 162 2108 1754 2189">
     <span class='ocr_line' id='line_1_21' title="bbox 162 2108 1754 2189; baseline -0.004 -25"><span class='ocrx_word' id='word_1_144' title='bbox 162 2111 408 2179; x_wconf 73' lang='grc' dir='ltr'>ικάστην</span> <span class='ocrx_word' id='word_1_145' title='bbox 429 2108 832 2179; x_wconf 86' lang='grc' dir='ltr'>ἐπιτηδεύοντα,</span> <span class='ocrx_word' id='word_1_146' title='bbox 866 2110 1126 2173; x_wconf 81' lang='grc' dir='ltr'>πολλάκις</span> <span class='ocrx_word' id='word_1_147' title='bbox 1148 2109 1370 2189; x_wconf 79' lang='grc' dir='ltr'>ἀφίησιν</span> <span class='ocrx_word' id='word_1_148' title='bbox 1397 2109 1754 2178; x_wconf 84' lang='grc' dir='ltr'>ἐναπομεῖναι</span> 
     </span>
    </p>
   </div>
   <div class='ocr_carea' id='block_1_22' title="bbox 161 2191 1753 2265">
    <p class='ocr_par' dir='ltr' id='par_1_22' title="bbox 161 2191 1753 2265">
     <span class='ocr_line' id='line_1_22' title="bbox 161 2191 1753 2265; baseline -0.003 -18"><span class='ocrx_word' id='word_1_149' title='bbox 161 2196 235 2265; x_wconf 76' lang='grc' dir='ltr'>τῇ</span> <span class='ocrx_word' id='word_1_150' title='bbox 274 2193 435 2264; x_wconf 82' lang='grc' dir='ltr'>νόσῳ,</span> <span class='ocrx_word' id='word_1_151' title='bbox 465 2193 554 2246; x_wconf 80' lang='grc' dir='ltr'>ἴνα</span> <span class='ocrx_word' id='word_1_152' title='bbox 583 2192 722 2264; x_wconf 81' lang='grc' dir='ltr'>αὑτὴ</span> <span class='ocrx_word' id='word_1_153' title='bbox 741 2194 775 2263; x_wconf 83' lang='grc' dir='ltr'>ή</span> <span class='ocrx_word' id='word_1_154' title='bbox 800 2195 966 2264; x_wconf 87' lang='grc' dir='ltr'>πεῖρα</span> <span class='ocrx_word' id='word_1_155' title='bbox 993 2192 1314 2261; x_wconf 81' lang='grc' dir='ltr'>διδάσκαλος</span> <span class='ocrx_word' id='word_1_156' title='bbox 1351 2191 1500 2262; x_wconf 84' lang='grc' dir='ltr'>αὑτῷ</span> <span class='ocrx_word' id='word_1_157' title='bbox 1527 2193 1753 2260; x_wconf 76' lang='grc' dir='ltr'>γένηται</span> 
     </span>
    </p>
   </div>
   <div class='ocr_carea' id='block_1_23' title="bbox 161 2269 1754 2348">
    <p class='ocr_par' dir='ltr' id='par_1_23' title="bbox 161 2269 1754 2348">
     <span class='ocr_line' id='line_1_23' title="bbox 161 2269 1754 2348; baseline -0.002 -18"><span class='ocrx_word' id='word_1_158' title='bbox 161 2276 280 2330; x_wconf 82' lang='grc' dir='ltr'>τῶν</span> <span class='ocrx_word' id='word_1_159' title='bbox 309 2269 716 2348; x_wconf 80' lang='grc' dir='ltr'>συμφερόντων.</span> <span class='ocrx_word' id='word_1_160' title='bbox 745 2275 855 2329; x_wconf 75' lang='grc' dir='ltr'>Καὶ</span> <span class='ocrx_word' id='word_1_161' title='bbox 881 2276 932 2329; x_wconf 81' lang='grc' dir='ltr'>οί</span> <span class='ocrx_word' id='word_1_162' title='bbox 951 2275 1021 2330; x_wconf 89' lang='grc' dir='ltr'>τά</span> <span class='ocrx_word' id='word_1_163' title='bbox 1052 2276 1354 2348; x_wconf 85' lang='grc' dir='ltr'>μαθήματα</span> <span class='ocrx_word' id='word_1_164' title='bbox 1384 2277 1441 2329; x_wconf 81' lang='grc' dir='ltr'>δέ</span> <span class='ocrx_word' id='word_1_165' title='bbox 1474 2277 1600 2337; x_wconf 77' lang='grc' dir='ltr'>τοὺς</span> <span class='ocrx_word' id='word_1_166' title='bbox 1628 2277 1754 2328; x_wconf 79' lang='grc' dir='ltr'>παῖ-</span> 
     </span>
    </p>
   </div>
   <div class='ocr_carea' id='block_1_24' title="bbox 161 2358 1755 2428">
    <p class='ocr_par' dir='ltr' id='par_1_24' title="bbox 161 2358 1755 2428">
     <span class='ocr_line' id='line_1_24' title="bbox 161 2358 1755 2428; baseline -0.003 -13"><span class='ocrx_word' id='word_1_167' title='bbox 161 2361 268 2423; x_wconf 85' lang='grc' dir='ltr'>δας</span> <span class='ocrx_word' id='word_1_168' title='bbox 303 2358 747 2422; x_wconf 85' lang='grc' dir='ltr'>ἐκπαιόεύοντες,</span> <span class='ocrx_word' id='word_1_169' title='bbox 779 2359 1001 2413; x_wconf 68' lang='grc' dir='ltr'>έπειδάν</span> <span class='ocrx_word' id='word_1_170' title='bbox 1052 2359 1203 2413; x_wconf 72' lang='grc' dir='ltr'>ῖδιιισι</span> <span class='ocrx_word' id='word_1_171' title='bbox 1250 2359 1319 2413; x_wconf 87' lang='grc' dir='ltr'>τά</span> <span class='ocrx_word' id='word_1_172' title='bbox 1353 2360 1593 2428; x_wconf 87' lang='grc' dir='ltr'>πρότερα</span> <span class='ocrx_word' id='word_1_173' title='bbox 1618 2359 1755 2410; x_wconf 80' lang='grc' dir='ltr'>ἀπο-</span> 
     </span>
    </p>
   </div>
   <div class='ocr_carea' id='block_1_25' title="bbox 164 2440 1756 2513">
    <p class='ocr_par' dir='ltr' id='par_1_25' title="bbox 164 2440 1756 2513">
     <span class='ocr_line' id='line_1_25' title="bbox 164 2440 1756 2513; baseline -0.003 -15"><span class='ocrx_word' id='word_1_174' title='bbox 164 2442 462 2508; x_wconf 83' lang='grc' dir='ltr'>πτύοντας.</span> <span class='ocrx_word' id='word_1_175' title='bbox 482 2443 577 2511; x_wconf 76' lang='grc' dir='ltr'>καὶ</span> <span class='ocrx_word' id='word_1_176' title='bbox 601 2441 698 2513; x_wconf 84' lang='grc' dir='ltr'>τήν</span> <span class='ocrx_word' id='word_1_177' title='bbox 721 2444 942 2512; x_wconf 79' lang='grc' dir='ltr'>μνήμην</span> <span class='ocrx_word' id='word_1_178' title='bbox 962 2441 1071 2494; x_wconf 88' lang='grc' dir='ltr'>τῶν</span> <span class='ocrx_word' id='word_1_179' title='bbox 1095 2442 1194 2512; x_wconf 78' lang='grc' dir='ltr'>ῆδη</span> <span class='ocrx_word' id='word_1_180' title='bbox 1224 2441 1488 2495; x_wconf 78' lang='grc' dir='ltr'>δοθέντων</span> <span class='ocrx_word' id='word_1_181' title='bbox 1517 2440 1756 2494; x_wconf 80' lang='grc' dir='ltr'>ἀποϐάλ-</span> 
     </span>
    </p>
   </div>
   <div class='ocr_carea' id='block_1_26' title="bbox 161 2523 1757 2595">
    <p class='ocr_par' dir='ltr' id='par_1_26' title="bbox 161 2523 1757 2595">
     <span class='ocr_line' id='line_1_26' title="bbox 161 2523 1757 2595; baseline -0.003 -16"><span class='ocrx_word' id='word_1_182' title='bbox 161 2527 380 2589; x_wconf 89' lang='grc' dir='ltr'>λοντας,</span> <span class='ocrx_word' id='word_1_183' title='bbox 406 2524 665 2588; x_wconf 83' lang='grc' dir='ltr'>πολλάκις</span> <span class='ocrx_word' id='word_1_184' title='bbox 691 2523 1124 2594; x_wconf 71' lang='grc' dir='ltr'>ἀποστρέφονται</span> <span class='ocrx_word' id='word_1_185' title='bbox 1148 2523 1247 2595; x_wconf 77' lang='grc' dir='ltr'>τήν</span> <span class='ocrx_word' id='word_1_186' title='bbox 1272 2536 1297 2564; x_wconf 80' lang='grc' dir='ltr'>ι</span> <span class='ocrx_word' id='word_1_187' title='bbox 1323 2523 1458 2594; x_wconf 84' lang='grc' dir='ltr'>ρᾳθυ</span> <span class='ocrx_word' id='word_1_188' title='bbox 1467 2524 1594 2594; x_wconf 90' lang='grc' dir='ltr'>μίαν</span> <span class='ocrx_word' id='word_1_189' title='bbox 1613 2523 1757 2594; x_wconf 86' lang='grc' dir='ltr'>διορ-</span> 
     </span>
    </p>
   </div>
   <div class='ocr_carea' id='block_1_27' title="bbox 163 2605 1751 2678">
    <p class='ocr_par' dir='ltr' id='par_1_27' title="bbox 163 2605 1751 2678">
     <span class='ocr_line' id='line_1_27' title="bbox 163 2605 1751 2678; baseline -0.002 -17"><span class='ocrx_word' id='word_1_190' title='bbox 163 2608 422 2678; x_wconf 80' lang='grc' dir='ltr'>θούμενοι</span> <span class='ocrx_word' id='word_1_191' title='bbox 445 2649 461 2669; x_wconf 90' lang='grc'>,</span> <span class='ocrx_word' id='word_1_192' title='bbox 494 2607 589 2661; x_wconf 77' lang='grc' dir='ltr'>καὶ</span> <span class='ocrx_word' id='word_1_193' title='bbox 645 2605 779 2675; x_wconf 72' lang='grc' dir='ltr'>πρὸς</span> <span class='ocrx_word' id='word_1_194' title='bbox 812 2606 1045 2677; x_wconf 81' lang='grc' dir='ltr'>σπουδὴν</span> <span class='ocrx_word' id='word_1_195' title='bbox 1095 2606 1315 2660; x_wconf 76' lang='grc' dir='ltr'>πλείονα</span> <span class='ocrx_word' id='word_1_196' title='bbox 1366 2605 1751 2674; x_wconf 74' lang='grc' dir='ltr'>ἐπανάγοντες.</span> 
     </span>
    </p>
   </div>
   <div class='ocr_carea' id='block_1_28' title="bbox 183 2689 1755 2761">
    <p class='ocr_par' dir='ltr' id='par_1_28' title="bbox 183 2689 1755 2761">
     <span class='ocr_line' id='line_1_28' title="bbox 183 2689 1755 2761; baseline -0.001 -17"><span class='ocrx_word' id='word_1_197' title='bbox 183 2690 322 2744; x_wconf 82' lang='grc' dir='ltr'>Ἀλλ’</span> <span class='ocrx_word' id='word_1_198' title='bbox 342 2689 372 2741; x_wconf 87' lang='grc' dir='ltr'>ό</span> <span class='ocrx_word' id='word_1_199' title='bbox 405 2691 502 2759; x_wconf 71' lang='grc' dir='ltr'>μὲν</span> <span class='ocrx_word' id='word_1_200' title='bbox 530 2690 768 2760; x_wconf 87' lang='grc' dir='ltr'>γηπόνος</span> <span class='ocrx_word' id='word_1_201' title='bbox 786 2690 1010 2753; x_wconf 75' lang='grc' dir='ltr'>εἰκότως</span> <span class='ocrx_word' id='word_1_202' title='bbox 1026 2690 1383 2761; x_wconf 78' lang='grc' dir='ltr'>ὀκνηρότερος</span> <span class='ocrx_word' id='word_1_203' title='bbox 1405 2690 1613 2758; x_wconf 88' lang='grc' dir='ltr'>γίνεται</span> <span class='ocrx_word' id='word_1_204' title='bbox 1630 2689 1755 2742; x_wconf 88' lang='grc' dir='ltr'>πολ-</span> 
     </span>
    </p>
   </div>
   <div class='ocr_carea' id='block_1_29' title="bbox 158 2768 1758 2843">
    <p class='ocr_par' dir='ltr' id='par_1_29' title="bbox 158 2768 1758 2843">
     <span class='ocr_line' id='line_1_29' title="bbox 158 2768 1758 2843; baseline -0.004 -13"><span class='ocrx_word' id='word_1_205' title='bbox 158 2775 348 2836; x_wconf 87' lang='grc' dir='ltr'>λάκις,</span> <span class='ocrx_word' id='word_1_206' title='bbox 381 2772 569 2843; x_wconf 78' lang='grc' dir='ltr'>ἐπειδὴ</span> <span class='ocrx_word' id='word_1_207' title='bbox 594 2768 733 2825; x_wconf 77' lang='grc' dir='ltr'>οἶδεν</span> <span class='ocrx_word' id='word_1_208' title='bbox 765 2773 846 2824; x_wconf 82' lang='grc' dir='ltr'>ὅτι</span> <span class='ocrx_word' id='word_1_209' title='bbox 873 2773 943 2824; x_wconf 77' lang='grc' dir='ltr'>τά</span> <span class='ocrx_word' id='word_1_210' title='bbox 965 2776 1066 2840; x_wconf 83' lang='grc' dir='ltr'>τῆς</span> <span class='ocrx_word' id='word_1_211' title='bbox 1095 2771 1298 2842; x_wconf 80' lang='grc' dir='ltr'>ζημίας</span> <span class='ocrx_word' id='word_1_212' title='bbox 1321 2772 1467 2843; x_wconf 84' lang='grc' dir='ltr'>αὑτῷ</span> <span class='ocrx_word' id='word_1_213' title='bbox 1494 2773 1758 2826; x_wconf 76' lang='grc' dir='ltr'>ἐπιτείνε-</span> 
     </span>
    </p>
   </div>
   <div class='ocr_carea' id='block_1_30' title="bbox 161 2856 1751 2928">
    <p class='ocr_par' dir='ltr' id='par_1_30' title="bbox 161 2856 1751 2928">
     <span class='ocr_line' id='line_1_30' title="bbox 161 2856 1751 2928; baseline -0.004 -16"><span class='ocrx_word' id='word_1_214' title='bbox 161 2877 282 2921; x_wconf 80' lang='grc' dir='ltr'>ται,</span> <span class='ocrx_word' id='word_1_215' title='bbox 312 2860 443 2911; x_wconf 80' lang='grc' dir='ltr'>ὅταν</span> <span class='ocrx_word' id='word_1_216' title='bbox 466 2859 557 2911; x_wconf 75' lang='grc' dir='ltr'>τὸν</span> <span class='ocrx_word' id='word_1_217' title='bbox 595 2858 694 2926; x_wconf 82' lang='grc' dir='ltr'>μὲν</span> <span class='ocrx_word' id='word_1_218' title='bbox 727 2856 888 2909; x_wconf 85' lang='grc' dir='ltr'>πόνον</span> <span class='ocrx_word' id='word_1_219' title='bbox 922 2857 1017 2910; x_wconf 72' lang='grc' dir='ltr'>καὶ</span> <span class='ocrx_word' id='word_1_220' title='bbox 1063 2858 1162 2928; x_wconf 80' lang='grc' dir='ltr'>τήν</span> <span class='ocrx_word' id='word_1_221' title='bbox 1191 2858 1437 2928; x_wconf 83' lang='grc' dir='ltr'>δαπάνην</span> <span class='ocrx_word' id='word_1_222' title='bbox 1471 2857 1716 2927; x_wconf 75' lang='grc' dir='ltr'>ὑπομένῃ</span> <span class='ocrx_word' id='word_1_223' title='bbox 1736 2897 1751 2918; x_wconf 85' lang='grc'>,</span> 
     </span>
    </p>
   </div>
   <div class='ocr_carea' id='block_1_31' title="bbox 162 2938 1755 3012">
    <p class='ocr_par' dir='ltr' id='par_1_31' title="bbox 162 2938 1755 3012">
     <span class='ocr_line' id='line_1_31' title="bbox 162 2938 1755 3012; baseline -0.003 -16"><span class='ocrx_word' id='word_1_224' title='bbox 162 2942 282 2997; x_wconf 83' lang='grc' dir='ltr'>τῶν</span> <span class='ocrx_word' id='word_1_225' title='bbox 321 2943 377 2995; x_wconf 76' lang='grc' dir='ltr'>δὲ</span> <span class='ocrx_word' id='word_1_226' title='bbox 425 2940 655 3010; x_wconf 82' lang='grc' dir='ltr'>καρπῶν</span> <span class='ocrx_word' id='word_1_227' title='bbox 693 2941 1086 3012; x_wconf 79' lang='grc' dir='ltr'>ἀποστερῆται.</span> <span class='ocrx_word' id='word_1_228' title='bbox 1135 2938 1238 2992; x_wconf 81' lang='grc' dir='ltr'>Καὶ</span> <span class='ocrx_word' id='word_1_229' title='bbox 1287 2943 1315 2992; x_wconf 89' lang='grc' dir='ltr'>ό</span> <span class='ocrx_word' id='word_1_230' title='bbox 1349 2941 1531 3011; x_wconf 76' lang='grc' dir='ltr'>ἰατρὸς</span> <span class='ocrx_word' id='word_1_231' title='bbox 1571 2940 1626 2992; x_wconf 76' lang='grc' dir='ltr'>δὲ</span> <span class='ocrx_word' id='word_1_232' title='bbox 1655 2941 1755 2992; x_wconf 85' lang='grc' dir='ltr'>οὑκ</span> 
     </span>
    </p>
   </div>
   <div class='ocr_carea' id='block_1_32' title="bbox 162 3021 1756 3092">
    <p class='ocr_par' dir='ltr' id='par_1_32' title="bbox 162 3021 1756 3092">
     <span class='ocr_line' id='line_1_32' title="bbox 162 3021 1756 3092; baseline -0.001 -14"><span class='ocrx_word' id='word_1_233' title='bbox 162 3024 476 3086; x_wconf 74' lang='grc' dir='ltr'>ἀπεικότως</span> <span class='ocrx_word' id='word_1_234' title='bbox 499 3021 818 3075; x_wconf 87' lang='grc' dir='ltr'>καταλείπει</span> <span class='ocrx_word' id='word_1_235' title='bbox 839 3023 1098 3085; x_wconf 84' lang='grc' dir='ltr'>πολλάκις</span> <span class='ocrx_word' id='word_1_236' title='bbox 1127 3023 1218 3075; x_wconf 76' lang='grc' dir='ltr'>τὸν</span> <span class='ocrx_word' id='word_1_237' title='bbox 1253 3024 1565 3092; x_wconf 76' lang='grc' dir='ltr'>ἄρρωστον·</span> <span class='ocrx_word' id='word_1_238' title='bbox 1597 3024 1756 3091; x_wconf 86' lang='grc' dir='ltr'>σῶμα</span> 
     </span>
    </p>
   </div>
   <div class='ocr_carea' id='block_1_33' title="bbox 163 3104 1753 3178">
    <p class='ocr_par' dir='ltr' id='par_1_33' title="bbox 163 3104 1753 3178">
     <span class='ocr_line' id='line_1_33' title="bbox 163 3104 1753 3178; baseline -0.004 -17"><span class='ocrx_word' id='word_1_239' title='bbox 163 3109 283 3178; x_wconf 90' lang='grc' dir='ltr'>γάρ</span> <span class='ocrx_word' id='word_1_240' title='bbox 325 3109 442 3160; x_wconf 72' lang='grc' dir='ltr'>ἐστι</span> <span class='ocrx_word' id='word_1_241' title='bbox 469 3106 529 3158; x_wconf 72' lang='grc' dir='ltr'>τὸ</span> <span class='ocrx_word' id='word_1_242' title='bbox 574 3104 1027 3175; x_wconf 86' lang='grc' dir='ltr'>θεραπευόμενον,</span> <span class='ocrx_word' id='word_1_243' title='bbox 1061 3106 1154 3160; x_wconf 85' lang='grc' dir='ltr'>καὶ</span> <span class='ocrx_word' id='word_1_244' title='bbox 1199 3105 1287 3158; x_wconf 92' lang='grc' dir='ltr'>διά</span> <span class='ocrx_word' id='word_1_245' title='bbox 1317 3105 1477 3157; x_wconf 87' lang='grc' dir='ltr'>τοῦτο</span> <span class='ocrx_word' id='word_1_246' title='bbox 1505 3104 1753 3174; x_wconf 81' lang='grc' dir='ltr'>ἀφίησιν,</span> 
     </span>
    </p>
   </div>
   <div class='ocr_carea' id='block_1_34' title="bbox 165 3185 1755 3260">
    <p class='ocr_par' dir='ltr' id='par_1_34' title="bbox 165 3185 1755 3260">
     <span class='ocr_line' id='line_1_34' title="bbox 165 3185 1755 3260; baseline -0.003 -18"><span class='ocrx_word' id='word_1_247' title='bbox 165 3191 260 3242; x_wconf 81' lang='grc' dir='ltr'>ἵνα</span> <span class='ocrx_word' id='word_1_248' title='bbox 288 3190 321 3258; x_wconf 85' lang='grc' dir='ltr'>ή</span> <span class='ocrx_word' id='word_1_249' title='bbox 349 3188 452 3257; x_wconf 91' lang='grc' dir='ltr'>τῆς</span> <span class='ocrx_word' id='word_1_250' title='bbox 482 3185 675 3255; x_wconf 83' lang='grc' dir='ltr'>ὀδύνης</span> <span class='ocrx_word' id='word_1_251' title='bbox 704 3188 954 3251; x_wconf 69' lang='grc' dir='ltr'>ἐπίτασις</span> <span class='ocrx_word' id='word_1_252' title='bbox 983 3189 1375 3260; x_wconf 80' lang='grc' dir='ltr'>παρασκευάσῃ</span> <span class='ocrx_word' id='word_1_253' title='bbox 1401 3190 1480 3249; x_wconf 87' lang='grc' dir='ltr'>εἰς</span> <span class='ocrx_word' id='word_1_254' title='bbox 1501 3186 1755 3257; x_wconf 77' lang='grc' dir='ltr'>αἴσθησιν</span> 
     </span>
    </p>
   </div>
   <div class='ocr_carea' id='block_1_35' title="bbox 161 3268 1752 3340">
    <p class='ocr_par' dir='ltr' id='par_1_35' title="bbox 161 3268 1752 3340">
     <span class='ocr_line' id='line_1_35' title="bbox 161 3268 1752 3340; baseline -0.001 -17"><span class='ocrx_word' id='word_1_255' title='bbox 161 3271 270 3340; x_wconf 81' lang='grc' dir='ltr'>τῆς</span> <span class='ocrx_word' id='word_1_256' title='bbox 292 3272 448 3322; x_wconf 80' lang='grc' dir='ltr'>νόσου</span> <span class='ocrx_word' id='word_1_257' title='bbox 478 3268 651 3321; x_wconf 67' lang='grc' dir='ltr'>έλθεῖν</span> <span class='ocrx_word' id='word_1_258' title='bbox 675 3269 767 3321; x_wconf 89' lang='grc' dir='ltr'>καὶ</span> <span class='ocrx_word' id='word_1_259' title='bbox 789 3268 933 3321; x_wconf 81' lang='grc' dir='ltr'>οὕτω</span> <span class='ocrx_word' id='word_1_260' title='bbox 953 3270 1052 3339; x_wconf 76' lang='grc' dir='ltr'>τήν</span> <span class='ocrx_word' id='word_1_261' title='bbox 1074 3271 1314 3338; x_wconf 75' lang='grc' dir='ltr'>ἰατρείαν</span> <span class='ocrx_word' id='word_1_262' title='bbox 1335 3269 1752 3334; x_wconf 78' lang='grc' dir='ltr'>καταδέξασθαι.</span> 
     </span>
    </p>
   </div>
   <div class='ocr_carea' id='block_1_36' title="bbox 164 3349 1755 3421">
    <p class='ocr_par' dir='ltr' id='par_1_36' title="bbox 164 3349 1755 3421">
     <span class='ocr_line' id='line_1_36' title="bbox 164 3349 1755 3421; baseline -0.003 -14"><span class='ocrx_word' id='word_1_263' title='bbox 164 3353 285 3407; x_wconf 77' lang='grc' dir='ltr'>Καὶ</span> <span class='ocrx_word' id='word_1_264' title='bbox 307 3353 336 3403; x_wconf 90' lang='grc' dir='ltr'>ό</span> <span class='ocrx_word' id='word_1_265' title='bbox 365 3350 474 3404; x_wconf 87' lang='grc' dir='ltr'>τῶν</span> <span class='ocrx_word' id='word_1_266' title='bbox 523 3350 727 3403; x_wconf 84' lang='grc' dir='ltr'>παίδων</span> <span class='ocrx_word' id='word_1_267' title='bbox 762 3350 1079 3414; x_wconf 87' lang='grc' dir='ltr'>διδάσκαλος</span> <span class='ocrx_word' id='word_1_268' title='bbox 1101 3349 1188 3404; x_wconf 85' lang='grc' dir='ltr'>διά</span> <span class='ocrx_word' id='word_1_269' title='bbox 1213 3351 1272 3403; x_wconf 79' lang='grc' dir='ltr'>τὸ</span> <span class='ocrx_word' id='word_1_270' title='bbox 1303 3351 1492 3413; x_wconf 84' lang='grc' dir='ltr'>ἀτελὲς</span> <span class='ocrx_word' id='word_1_271' title='bbox 1519 3352 1616 3421; x_wconf 90' lang='grc' dir='ltr'>τῆς</span> <span class='ocrx_word' id='word_1_272' title='bbox 1635 3351 1755 3421; x_wconf 81' lang='grc' dir='ltr'>ἡλι-</span> 
     </span>
    </p>
   </div>
   <div class='ocr_carea' id='block_1_37' title="bbox 164 3431 1753 3503">
    <p class='ocr_par' dir='ltr' id='par_1_37' title="bbox 164 3431 1753 3503">
     <span class='ocr_line' id='line_1_37' title="bbox 164 3431 1753 3503; baseline -0.001 -16"><span class='ocrx_word' id='word_1_273' title='bbox 164 3432 297 3495; x_wconf 82' lang='grc' dir='ltr'>κίας</span> <span class='ocrx_word' id='word_1_274' title='bbox 329 3432 712 3503; x_wconf 67' lang='grc' dir='ltr'>συμφερόντως</span> <span class='ocrx_word' id='word_1_275' title='bbox 742 3431 1005 3495; x_wconf 85' lang='grc' dir='ltr'>πολλάκις</span> <span class='ocrx_word' id='word_1_276' title='bbox 1033 3432 1130 3494; x_wconf 82' lang='grc' dir='ltr'>τὰς</span> <span class='ocrx_word' id='word_1_277' title='bbox 1160 3432 1374 3500; x_wconf 83' lang='grc' dir='ltr'>πληγάς</span> <span class='ocrx_word' id='word_1_278' title='bbox 1403 3434 1753 3486; x_wconf 77' lang='grc' dir='ltr'>ἐπανατείνε-</span> 
     </span>
    </p>
   </div>
   <div class='ocr_carea' id='block_1_38' title="bbox 163 3513 1756 3586">
    <p class='ocr_par' dir='ltr' id='par_1_38' title="bbox 163 3513 1756 3586">
     <span class='ocr_line' id='line_1_38' title="bbox 163 3513 1756 3586; baseline 0.001 -18"><span class='ocrx_word' id='word_1_279' title='bbox 163 3532 258 3568; x_wconf 81' lang='grc' dir='ltr'>ται</span> <span class='ocrx_word' id='word_1_280' title='bbox 282 3517 395 3577; x_wconf 91' lang='grc' dir='ltr'>τοῖς</span> <span class='ocrx_word' id='word_1_281' title='bbox 421 3515 630 3567; x_wconf 90' lang='grc' dir='ltr'>παισίν.</span> <span class='ocrx_word' id='word_1_282' title='bbox 656 3513 796 3567; x_wconf 77' lang='grc' dir='ltr'>Ἀλλ’</span> <span class='ocrx_word' id='word_1_283' title='bbox 814 3515 975 3584; x_wconf 77' lang='grc' dir='ltr'>ἡμεῖς</span> <span class='ocrx_word' id='word_1_284' title='bbox 1001 3516 1241 3586; x_wconf 86' lang='grc' dir='ltr'>σήμερον</span> <span class='ocrx_word' id='word_1_285' title='bbox 1258 3515 1480 3580; x_wconf 82' lang='grc' dir='ltr'>τούτους</span> <span class='ocrx_word' id='word_1_286' title='bbox 1507 3517 1756 3579; x_wconf 73' lang='grc' dir='ltr'>ἅπαντας</span> 
     </span>
    </p>
   </div>
   <div class='ocr_carea' id='block_1_39' title="bbox 167 3595 1760 3670">
    <p class='ocr_par' dir='ltr' id='par_1_39' title="bbox 167 3595 1760 3670">
     <span class='ocr_line' id='line_1_39' title="bbox 167 3595 1760 3670; baseline 0.001 -20"><span class='ocrx_word' id='word_1_287' title='bbox 167 3595 672 3667; x_wconf 82' lang='grc' dir='ltr'>ὑπερϐαλλόμενοι,</span> <span class='ocrx_word' id='word_1_288' title='bbox 728 3596 1259 3666; x_wconf 73' lang='grc' dir='ltr'>παρασκευαζόμεθα</span> <span class='ocrx_word' id='word_1_289' title='bbox 1301 3598 1572 3670; x_wconf 80' lang='grc' dir='ltr'>πατρικήν</span> <span class='ocrx_word' id='word_1_290' title='bbox 1616 3599 1760 3668; x_wconf 87' lang='grc' dir='ltr'>φιλο-</span> 
     </span>
    </p>
   </div>
   <div class='ocr_carea' id='block_1_40' title="bbox 169 3680 1756 3752">
    <p class='ocr_par' dir='ltr' id='par_1_40' title="bbox 169 3680 1756 3752">
     <span class='ocr_line' id='line_1_40' title="bbox 169 3680 1756 3752; baseline 0.001 -18"><span class='ocrx_word' id='word_1_291' title='bbox 169 3680 435 3752; x_wconf 81' lang='grc' dir='ltr'>στοργίαν</span> <span class='ocrx_word' id='word_1_292' title='bbox 480 3680 606 3750; x_wconf 76' lang='grc' dir='ltr'>περὶ</span> <span class='ocrx_word' id='word_1_293' title='bbox 645 3680 771 3741; x_wconf 85' lang='grc' dir='ltr'>τοὺς</span> <span class='ocrx_word' id='word_1_294' title='bbox 819 3680 1142 3743; x_wconf 70' lang='grc' dir='ltr'>ὲπταικότας</span> <span class='ocrx_word' id='word_1_295' title='bbox 1199 3680 1604 3744; x_wconf 75' lang='grc' dir='ltr'>ἐπιδείξασθαι,</span> <span class='ocrx_word' id='word_1_296' title='bbox 1660 3683 1756 3735; x_wconf 82' lang='grc' dir='ltr'>καὶ</span> 
     </span>
    </p>
   </div>
   <div class='ocr_carea' id='block_1_41' title="bbox 163 3762 1754 3835">
    <p class='ocr_par' dir='ltr' id='par_1_41' title="bbox 163 3762 1754 3835">
     <span class='ocr_line' id='line_1_41' title="bbox 163 3762 1754 3835; baseline -0.002 -19"><span class='ocrx_word' id='word_1_297' title='bbox 163 3762 383 3827; x_wconf 76' lang='grc' dir='ltr'>διδάξαι</span> <span class='ocrx_word' id='word_1_298' title='bbox 405 3762 601 3824; x_wconf 81' lang='grc' dir='ltr'>αὑτοὺς</span> <span class='ocrx_word' id='word_1_299' title='bbox 623 3762 727 3822; x_wconf 82' lang='grc' dir='ltr'>ὅτι,</span> <span class='ocrx_word' id='word_1_300' title='bbox 751 3763 798 3814; x_wconf 83' lang='grc' dir='ltr'>εί</span> <span class='ocrx_word' id='word_1_301' title='bbox 827 3762 1136 3831; x_wconf 84' lang='grc' dir='ltr'>ἐπιμένοιεν</span> <span class='ocrx_word' id='word_1_302' title='bbox 1161 3763 1219 3813; x_wconf 85' lang='grc' dir='ltr'>έν</span> <span class='ocrx_word' id='word_1_303' title='bbox 1241 3766 1307 3832; x_wconf 78' lang='grc' dir='ltr'>τῇ</span> <span class='ocrx_word' id='word_1_304' title='bbox 1328 3763 1465 3833; x_wconf 76' lang='grc' dir='ltr'>αὑτῇ</span> <span class='ocrx_word' id='word_1_305' title='bbox 1490 3763 1754 3835; x_wconf 68' lang='grc' dir='ltr'>ῥᾳθυμίᾳ,</span> 
     </span>
    </p>
   </div>
   <div class='ocr_carea' id='block_1_42' title="bbox 167 3842 1758 3915">
    <p class='ocr_par' dir='ltr' id='par_1_42' title="bbox 167 3842 1758 3915">
     <span class='ocr_line' id='line_1_42' title="bbox 167 3842 1758 3915; baseline 0.001 -19"><span class='ocrx_word' id='word_1_306' title='bbox 167 3843 334 3897; x_wconf 83' lang='grc' dir='ltr'>τοῦτο</span> <span class='ocrx_word' id='word_1_307' title='bbox 379 3842 513 3896; x_wconf 86' lang='grc' dir='ltr'>αὑτδ</span> <span class='ocrx_word' id='word_1_308' title='bbox 563 3842 808 3911; x_wconf 80' lang='grc' dir='ltr'>μείζονος</span> <span class='ocrx_word' id='word_1_309' title='bbox 859 3846 1037 3906; x_wconf 87' lang='grc' dir='ltr'>αὑτοῖς</span> <span class='ocrx_word' id='word_1_310' title='bbox 1092 3845 1467 3915; x_wconf 87' lang='grc' dir='ltr'>κατακρίσεως</span> <span class='ocrx_word' id='word_1_311' title='bbox 1502 3845 1758 3907; x_wconf 86' lang='grc' dir='ltr'>ὑπόθεσις</span> 
     </span>
    </p>
   </div>
   <div class='ocr_carea' id='block_1_43' title="bbox 170 3926 1758 4001">
    <p class='ocr_par' dir='ltr' id='par_1_43' title="bbox 170 3926 1758 4001">
     <span class='ocr_line' id='line_1_43' title="bbox 170 3926 1758 4001; baseline 0.002 -22"><span class='ocrx_word' id='word_1_312' title='bbox 170 3926 348 3980; x_wconf 67' lang='grc' dir='ltr'>ἔσται.</span> <span class='ocrx_word' id='word_1_313' title='bbox 389 3926 448 3978; x_wconf 85' lang='grc'>’0</span> <span class='ocrx_word' id='word_1_314' title='bbox 475 3927 573 3995; x_wconf 73' lang='grc' dir='ltr'>μὲν</span> <span class='ocrx_word' id='word_1_315' title='bbox 604 3926 712 3996; x_wconf 81' lang='grc' dir='ltr'>γὰρ</span> <span class='ocrx_word' id='word_1_316' title='bbox 751 3926 986 3995; x_wconf 84' lang='grc' dir='ltr'>γηπόνος</span> <span class='ocrx_word' id='word_1_317' title='bbox 1027 3927 1087 3978; x_wconf 92' lang='grc' dir='ltr'>οὑ</span> <span class='ocrx_word' id='word_1_318' title='bbox 1126 3927 1262 3996; x_wconf 90' lang='grc' dir='ltr'>μετά</span> <span class='ocrx_word' id='word_1_319' title='bbox 1292 3929 1390 3996; x_wconf 88' lang='grc' dir='ltr'>τῆς</span> <span class='ocrx_word' id='word_1_320' title='bbox 1421 3929 1592 3998; x_wconf 90' lang='grc' dir='ltr'>αὑτῆς</span> <span class='ocrx_word' id='word_1_321' title='bbox 1626 3947 1758 4001; x_wconf 86' lang='grc' dir='ltr'>προ-</span> 
     </span>
    </p>
   </div>
   <div class='ocr_carea' id='block_1_44' title="bbox 171 4007 1757 4080">
    <p class='ocr_par' dir='ltr' id='par_1_44' title="bbox 171 4007 1757 4080">
     <span class='ocr_line' id='line_1_44' title="bbox 171 4007 1757 4080; baseline 0.003 -20"><span class='ocrx_word' id='word_1_322' title='bbox 171 4007 374 4072; x_wconf 80' lang='grc' dir='ltr'>θυμίας</span> <span class='ocrx_word' id='word_1_323' title='bbox 393 4007 812 4062; x_wconf 86' lang='grc' dir='ltr'>καταϐάλλειτά</span> <span class='ocrx_word' id='word_1_324' title='bbox 833 4008 1143 4078; x_wconf 87' lang='grc' dir='ltr'>σπέρματα,</span> <span class='ocrx_word' id='word_1_325' title='bbox 1170 4011 1269 4078; x_wconf 80' lang='grc' dir='ltr'>τὴν</span> <span class='ocrx_word' id='word_1_326' title='bbox 1292 4010 1538 4080; x_wconf 78' lang='grc' dir='ltr'>δαπάνην</span> <span class='ocrx_word' id='word_1_327' title='bbox 1562 4013 1757 4064; x_wconf 79' lang='grc' dir='ltr'>ἐννοῶν</span> 
     </span>
    </p>
   </div>
   <div class='ocr_carea' id='block_1_45' title="bbox 172 4089 1758 4162">
    <p class='ocr_par' dir='ltr' id='par_1_45' title="bbox 172 4089 1758 4162">
     <span class='ocr_line' id='line_1_45' title="bbox 172 4089 1758 4162; baseline 0.003 -20"><span class='ocrx_word' id='word_1_328' title='bbox 172 4091 297 4158; x_wconf 77' lang='grc' dir='ltr'>εικῆ</span> <span class='ocrx_word' id='word_1_329' title='bbox 336 4090 430 4143; x_wconf 78' lang='grc' dir='ltr'>καὶ</span> <span class='ocrx_word' id='word_1_330' title='bbox 462 4090 638 4159; x_wconf 82' lang='grc' dir='ltr'>μάτην</span> <span class='ocrx_word' id='word_1_331' title='bbox 687 4089 787 4160; x_wconf 85' lang='grc' dir='ltr'>ῆδη</span> <span class='ocrx_word' id='word_1_332' title='bbox 831 4092 1230 4161; x_wconf 78' lang='grc' dir='ltr'>γεγενημένην·</span> <span class='ocrx_word' id='word_1_333' title='bbox 1275 4095 1435 4162; x_wconf 81' lang='grc' dir='ltr'>ἡμεῖς</span> <span class='ocrx_word' id='word_1_334' title='bbox 1464 4095 1521 4146; x_wconf 79' lang='grc' dir='ltr'>δὲ</span> <span class='ocrx_word' id='word_1_335' title='bbox 1553 4095 1758 4162; x_wconf 81' lang='grc' dir='ltr'>ταύτης</span> 
     </span>
    </p>
   </div>
   <div class='ocr_carea' id='block_1_46' title="bbox 171 4171 1760 4245">
    <p class='ocr_par' dir='ltr' id='par_1_46' title="bbox 171 4171 1760 4245">
     <span class='ocr_line' id='line_1_46' title="bbox 171 4171 1760 4245; baseline 0.003 -20"><span class='ocrx_word' id='word_1_336' title='bbox 171 4171 575 4243; x_wconf 77' lang='grc' dir='ltr'>ἀπηλλάγμεθα</span> <span class='ocrx_word' id='word_1_337' title='bbox 617 4171 717 4239; x_wconf 85' lang='grc' dir='ltr'>τῆς</span> <span class='ocrx_word' id='word_1_338' title='bbox 759 4172 1016 4238; x_wconf 85' lang='grc' dir='ltr'>ἀγωνίας.</span> <span class='ocrx_word' id='word_1_339' title='bbox 1063 4174 1181 4226; x_wconf 82' lang='grc' dir='ltr'>Κᾶν</span> <span class='ocrx_word' id='word_1_340' title='bbox 1209 4176 1319 4245; x_wconf 85' lang='grc' dir='ltr'>γάρ</span> <span class='ocrx_word' id='word_1_341' title='bbox 1360 4176 1760 4239; x_wconf 74' lang='grc' dir='ltr'>καταϐαλόντες</span> 
     </span>
    </p>
   </div>
   <div class='ocr_carea' id='block_1_47' title="bbox 173 4253 1758 4330">
    <p class='ocr_par' dir='ltr' id='par_1_47' title="bbox 173 4253 1758 4330">
     <span class='ocr_line' id='line_1_47' title="bbox 173 4253 1758 4330; baseline 0.002 -21"><span class='ocrx_word' id='word_1_342' title='bbox 173 4258 270 4309; x_wconf 78' lang='grc' dir='ltr'>τὸν</span> <span class='ocrx_word' id='word_1_343' title='bbox 298 4257 500 4326; x_wconf 80' lang='grc' dir='ltr'>σπόρον</span> <span class='ocrx_word' id='word_1_344' title='bbox 520 4253 707 4307; x_wconf 88' lang='grc' dir='ltr'>τοῦτον</span> <span class='ocrx_word' id='word_1_345' title='bbox 726 4254 818 4307; x_wconf 81' lang='grc' dir='ltr'>τὸν</span> <span class='ocrx_word' id='word_1_346' title='bbox 844 4257 1230 4324; x_wconf 85' lang='grc' dir='ltr'>πνευματικὸν.</span> <span class='ocrx_word' id='word_1_347' title='bbox 1253 4259 1340 4312; x_wconf 85' lang='grc' dir='ltr'>διὰ</span> <span class='ocrx_word' id='word_1_348' title='bbox 1365 4261 1464 4329; x_wconf 80' lang='grc' dir='ltr'>τὴν</span> <span class='ocrx_word' id='word_1_349' title='bbox 1487 4261 1758 4330; x_wconf 76' lang='grc' dir='ltr'>ρᾳθυμίαν</span> 
     </span>
    </p>
   </div>
   <div class='ocr_carea' id='block_1_48' title="bbox 174 4336 1761 4414">
    <p class='ocr_par' dir='ltr' id='par_1_48' title="bbox 174 4336 1761 4414">
     <span class='ocr_line' id='line_1_48' title="bbox 174 4336 1761 4414; baseline 0.002 -22"><span class='ocrx_word' id='word_1_350' title='bbox 174 4339 288 4392; x_wconf 87' lang='grc' dir='ltr'>τῶν</span> <span class='ocrx_word' id='word_1_351' title='bbox 316 4338 619 4391; x_wconf 87' lang='grc' dir='ltr'>ἀκουόντων</span> <span class='ocrx_word' id='word_1_352' title='bbox 637 4336 727 4388; x_wconf 81' lang='grc' dir='ltr'>τὸν</span> <span class='ocrx_word' id='word_1_353' title='bbox 758 4338 966 4407; x_wconf 73' lang='grc' dir='ltr'>καρπὸν</span> <span class='ocrx_word' id='word_1_354' title='bbox 998 4339 1071 4409; x_wconf 82' lang='grc' dir='ltr'>μὴ</span> <span class='ocrx_word' id='word_1_355' title='bbox 1095 4340 1399 4409; x_wconf 81' lang='grc' dir='ltr'>δεχώμεθα,</span> <span class='ocrx_word' id='word_1_356' title='bbox 1421 4344 1556 4412; x_wconf 81' lang='grc' dir='ltr'>ἡμῖν</span> <span class='ocrx_word' id='word_1_357' title='bbox 1580 4344 1761 4414; x_wconf 86' lang='grc' dir='ltr'>ἀπηρ-</span> 
     </span>
    </p>
   </div>
   <div class='ocr_carea' id='block_1_49' title="bbox 175 4419 1762 4497">
    <p class='ocr_par' dir='ltr' id='par_1_49' title="bbox 175 4419 1762 4497">
     <span class='ocr_line' id='line_1_49' title="bbox 175 4419 1762 4497; baseline -0.006 -23"><span class='ocrx_word' id='word_1_358' title='bbox 175 4420 433 4488; x_wconf 77' lang='grc' dir='ltr'>τισμένος</span> <span class='ocrx_word' id='word_1_359' title='bbox 469 4419 502 4470; x_wconf 86' lang='grc' dir='ltr'>ὁ.</span> <span class='ocrx_word' id='word_1_360' title='bbox 522 4419 711 4488; x_wconf 78' lang='grc' dir='ltr'>μισθὸς</span> <span class='ocrx_word' id='word_1_361' title='bbox 741 4419 921 4471; x_wconf 73' lang='grc' dir='ltr'>ἔσται’</span> <span class='ocrx_word' id='word_1_362' title='bbox 956 4421 1013 4472; x_wconf 71' lang='grc' dir='ltr'>τὸ</span> <span class='ocrx_word' id='word_1_363' title='bbox 1051 4421 1160 4490; x_wconf 74' lang='grc' dir='ltr'>γάρ</span> <span class='ocrx_word' id='word_1_364' title='bbox 1197 4423 1557 4492; x_wconf 78' lang='grc' dir='ltr'>ὲμπιστευθὲν</span> <span class='ocrx_word' id='word_1_365' title='bbox 1592 4425 1762 4497; x_wconf 75' lang='grc' dir='ltr'>ἀργύ-</span> 
     </span>
    </p>
   </div>
   <div class='ocr_carea' id='block_1_50' title="bbox 181 4501 1762 4574">
    <p class='ocr_par' dir='ltr' id='par_1_50' title="bbox 181 4501 1762 4574">
     <span class='ocr_line' id='line_1_50' title="bbox 181 4501 1762 4574; baseline 0.004 -20"><span class='ocrx_word' id='word_1_366' title='bbox 181 4519 297 4573; x_wconf 89' lang='grc' dir='ltr'>ριον</span> <span class='ocrx_word' id='word_1_367' title='bbox 323 4501 716 4569; x_wconf 86' lang='grc' dir='ltr'>κατεϐἀλομεν,</span> <span class='ocrx_word' id='word_1_368' title='bbox 742 4502 836 4553; x_wconf 77' lang='grc' dir='ltr'>καὶ</span> <span class='ocrx_word' id='word_1_369' title='bbox 867 4502 924 4553; x_wconf 84' lang='grc' dir='ltr'>τὸ</span> <span class='ocrx_word' id='word_1_370' title='bbox 942 4503 1232 4571; x_wconf 76' lang='grc' dir='ltr'>ἐπιταχθὲν</span> <span class='ocrx_word' id='word_1_371' title='bbox 1260 4505 1412 4574; x_wconf 83' lang='grc' dir='ltr'>παρά</span> <span class='ocrx_word' id='word_1_372' title='bbox 1432 4507 1526 4559; x_wconf 86' lang='grc' dir='ltr'>τοῦ</span> <span class='ocrx_word' id='word_1_373' title='bbox 1558 4509 1762 4560; x_wconf 88' lang='grc' dir='ltr'>Δεσπό-</span> 
     </span>
    </p>
   </div>
   <div class='ocr_carea' id='block_1_51' title="bbox 175 4583 1761 4658">
    <p class='ocr_par' dir='ltr' id='par_1_51' title="bbox 175 4583 1761 4658">
     <span class='ocr_line' id='line_1_51' title="bbox 175 4583 1761 4658; baseline 0.004 -23"><span class='ocrx_word' id='word_1_374' title='bbox 175 4601 274 4636; x_wconf 89' lang='grc' dir='ltr'>του</span> <span class='ocrx_word' id='word_1_375' title='bbox 317 4585 396 4644; x_wconf 82' lang='grc' dir='ltr'>είς</span> <span class='ocrx_word' id='word_1_376' title='bbox 444 4583 603 4652; x_wconf 75' lang='grc' dir='ltr'>ἔργον</span> <span class='ocrx_word' id='word_1_377' title='bbox 636 4583 942 4653; x_wconf 69' lang='grc' dir='ltr'>ἠγάγομενσ</span> <span class='ocrx_word' id='word_1_378' title='bbox 992 4584 1175 4637; x_wconf 84' lang='grc' dir='ltr'>λοιπὸν</span> <span class='ocrx_word' id='word_1_379' title='bbox 1225 4589 1337 4649; x_wconf 87' lang='grc' dir='ltr'>τοῖς</span> <span class='ocrx_word' id='word_1_380' title='bbox 1391 4588 1684 4658; x_wconf 87' lang='grc' dir='ltr'>ἀκηκοόσιν</span> <span class='ocrx_word' id='word_1_381' title='bbox 1732 4592 1761 4642; x_wconf 87' lang='grc' dir='ltr'>ό</span> 
     </span>
    </p>
   </div>
   <div class='ocr_carea' id='block_1_52' title="bbox 175 4665 1761 4740">
    <p class='ocr_par' dir='ltr' id='par_1_52' title="bbox 175 4665 1761 4740">
     <span class='ocr_line' id='line_1_52' title="bbox 175 4665 1761 4740; baseline 0.004 -23"><span class='ocrx_word' id='word_1_382' title='bbox 175 4665 336 4732; x_wconf 81' lang='grc' dir='ltr'>λόγος</span> <span class='ocrx_word' id='word_1_383' title='bbox 383 4665 518 4735; x_wconf 74' lang='grc' dir='ltr'>πρὸς</span> <span class='ocrx_word' id='word_1_384' title='bbox 552 4666 756 4718; x_wconf 81' lang='grc' dir='ltr'>ἐκεῖνόν</span> <span class='ocrx_word' id='word_1_385' title='bbox 790 4668 906 4719; x_wconf 78' lang='grc' dir='ltr'>ἐστι</span> <span class='ocrx_word' id='word_1_386' title='bbox 948 4667 1038 4720; x_wconf 78' lang='grc' dir='ltr'>τὸν</span> <span class='ocrx_word' id='word_1_387' title='bbox 1095 4667 1356 4738; x_wconf 83' lang='grc' dir='ltr'>μέλλοντα</span> <span class='ocrx_word' id='word_1_388' title='bbox 1403 4670 1542 4740; x_wconf 88' lang='grc' dir='ltr'>μετά</span> <span class='ocrx_word' id='word_1_389' title='bbox 1587 4673 1761 4724; x_wconf 86' lang='grc' dir='ltr'>τόκων</span> 
     </span>
    </p>
   </div>
   <div class='ocr_carea' id='block_1_53' title="bbox 179 4748 1759 4824">
    <p class='ocr_par' dir='ltr' id='par_1_53' title="bbox 179 4748 1759 4824">
     <span class='ocr_line' id='line_1_53' title="bbox 179 4748 1759 4824; baseline 0.004 -22"><span class='ocrx_word' id='word_1_390' title='bbox 179 4750 433 4802; x_wconf 80' lang='grc' dir='ltr'>ἀπαιτεῖν</span> <span class='ocrx_word' id='word_1_391' title='bbox 451 4749 518 4801; x_wconf 83' lang='grc' dir='ltr'>τά</span> <span class='ocrx_word' id='word_1_392' title='bbox 545 4748 972 4817; x_wconf 85' lang='grc' dir='ltr'>καταϐληθέντα.</span> <span class='ocrx_word' id='word_1_393' title='bbox 1002 4750 1141 4802; x_wconf 82' lang='grc' dir='ltr'>Ἀλλ’</span> <span class='ocrx_word' id='word_1_394' title='bbox 1168 4751 1229 4803; x_wconf 86' lang='grc' dir='ltr'>οὑ</span> <span class='ocrx_word' id='word_1_395' title='bbox 1250 4751 1407 4805; x_wconf 82' lang='grc' dir='ltr'>τοῦτο</span> <span class='ocrx_word' id='word_1_396' title='bbox 1430 4753 1759 4824; x_wconf 76' lang='grc' dir='ltr'>σκοποῦμεν,</span> 
     </span>
    </p>
   </div>
   <div class='ocr_carea' id='block_1_54' title="bbox 177 4830 1763 4902">
    <p class='ocr_par' dir='ltr' id='par_1_54' title="bbox 177 4830 1763 4902">
     <span class='ocr_line' id='line_1_54' title="bbox 177 4830 1763 4902; baseline 0.004 -18"><span class='ocrx_word' id='word_1_397' title='bbox 177 4834 264 4884; x_wconf 80' lang='grc' dir='ltr'>ὅτι</span> <span class='ocrx_word' id='word_1_398' title='bbox 296 4831 456 4898; x_wconf 75' lang='grc' dir='ltr'>ἡμεῖς</span> <span class='ocrx_word' id='word_1_399' title='bbox 491 4830 644 4892; x_wconf 79' lang='grc' dir='ltr'>ἐκτός</span> <span class='ocrx_word' id='word_1_400' title='bbox 672 4832 837 4899; x_wconf 82' lang='grc' dir='ltr'>ἐσμεν</span> <span class='ocrx_word' id='word_1_401' title='bbox 863 4832 960 4900; x_wconf 90' lang='grc' dir='ltr'>τῆς</span> <span class='ocrx_word' id='word_1_402' title='bbox 987 4832 1210 4902; x_wconf 78' lang='grc' dir='ltr'>ζημίας,</span> <span class='ocrx_word' id='word_1_403' title='bbox 1236 4836 1409 4889; x_wconf 75' lang='grc' dir='ltr'>καὶτὸ</span> <span class='ocrx_word' id='word_1_404' title='bbox 1439 4837 1647 4889; x_wconf 78' lang='grc' dir='ltr'>ἑαυτῶν</span> <span class='ocrx_word' id='word_1_405' title='bbox 1667 4856 1763 4890; x_wconf 86' lang='grc' dir='ltr'>πε-</span> 
     </span>
    </p>
   </div>
   <div class='ocr_carea' id='block_1_55' title="bbox 179 4911 1762 4989">
    <p class='ocr_par' dir='ltr' id='par_1_55' title="bbox 179 4911 1762 4989">
     <span class='ocr_line' id='line_1_55' title="bbox 179 4911 1762 4989; baseline 0.006 -24"><span class='ocrx_word' id='word_1_406' title='bbox 179 4912 574 4983; x_wconf 80' lang='grc' dir='ltr'>πληρώκαμεν,</span> <span class='ocrx_word' id='word_1_407' title='bbox 609 4912 743 4964; x_wconf 88' lang='grc' dir='ltr'>ἀλλά</span> <span class='ocrx_word' id='word_1_408' title='bbox 785 4911 1084 4982; x_wconf 84' lang='grc' dir='ltr'>βουλόμεθα</span> <span class='ocrx_word' id='word_1_409' title='bbox 1113 4917 1208 4970; x_wconf 73' lang='grc' dir='ltr'>καὶ</span> <span class='ocrx_word' id='word_1_410' title='bbox 1239 4919 1382 4987; x_wconf 77' lang='grc' dir='ltr'>ὑμᾶς</span> <span class='ocrx_word' id='word_1_411' title='bbox 1427 4921 1626 4989; x_wconf 80' lang='grc' dir='ltr'>πολλὴν</span> <span class='ocrx_word' id='word_1_412' title='bbox 1653 4922 1762 4974; x_wconf 89' lang='grc' dir='ltr'>τῶν</span> 
     </span>
    </p>
   </div>
   <div class='ocr_carea' id='block_1_56' title="bbox 179 4993 1761 5075">
    <p class='ocr_par' dir='ltr' id='par_1_56' title="bbox 179 4993 1761 5075">
     <span class='ocr_line' id='line_1_56' title="bbox 179 4993 1761 5075; baseline 0.006 -28"><span class='ocrx_word' id='word_1_413' title='bbox 179 4993 636 5063; x_wconf 78' lang='grc' dir='ltr'>καταϐληθέντων</span> <span class='ocrx_word' id='word_1_414' title='bbox 656 4995 756 5063; x_wconf 74' lang='grc' dir='ltr'>τὴν</span> <span class='ocrx_word' id='word_1_415' title='bbox 789 4998 1170 5066; x_wconf 88' lang='grc' dir='ltr'>πραγματείαν</span> <span class='ocrx_word' id='word_1_416' title='bbox 1193 5002 1543 5071; x_wconf 85' lang='grc' dir='ltr'>ποιήσασθαι,</span> <span class='ocrx_word' id='word_1_417' title='bbox 1576 5005 1662 5057; x_wconf 87' lang='grc' dir='ltr'>ἵνα</span> <span class='ocrx_word' id='word_1_418' title='bbox 1687 5003 1761 5075; x_wconf 78' lang='grc' dir='ltr'>μὴ</span> 
     </span>
    </p>
   </div>
   <div class='ocr_carea' id='block_1_57' title="bbox 178 5075 1763 5156">
    <p class='ocr_par' dir='ltr' id='par_1_57' title="bbox 178 5075 1763 5156">
     <span class='ocr_line' id='line_1_57' title="bbox 178 5075 1763 5156; baseline 0.009 -31"><span class='ocrx_word' id='word_1_419' title='bbox 178 5079 251 5145; x_wconf 75' lang='grc' dir='ltr'>τῇ</span> <span class='ocrx_word' id='word_1_420' title='bbox 281 5076 519 5144; x_wconf 78' lang='grc' dir='ltr'>τιμωρίᾳ</span> <span class='ocrx_word' id='word_1_421' title='bbox 555 5075 736 5147; x_wconf 76' lang='grc' dir='ltr'>ἐκείνῃ</span> <span class='ocrx_word' id='word_1_422' title='bbox 768 5077 1058 5132; x_wconf 80' lang='grc' dir='ltr'>ὑπεύθυνοι</span> <span class='ocrx_word' id='word_1_423' title='bbox 1095 5081 1345 5153; x_wconf 85' lang='grc' dir='ltr'>γένησθε,</span> <span class='ocrx_word' id='word_1_424' title='bbox 1376 5084 1442 5154; x_wconf 77' lang='grc' dir='ltr'>ῆν</span> <span class='ocrx_word' id='word_1_425' title='bbox 1471 5086 1763 5156; x_wconf 81' lang='grc' dir='ltr'>ὑπέμεινεν</span> 
     </span>
    </p>
   </div>
   <div class='ocr_carea' id='block_1_58' title="bbox 182 5157 1763 5229">
    <p class='ocr_par' dir='ltr' id='par_1_58' title="bbox 182 5157 1763 5229">
     <span class='ocr_line' id='line_1_58' title="bbox 182 5157 1763 5229; baseline 0.008 -19"><span class='ocrx_word' id='word_1_426' title='bbox 182 5159 390 5219; x_wconf 86' lang='grc' dir='ltr'>ἐκεῖνος</span> <span class='ocrx_word' id='word_1_427' title='bbox 412 5159 441 5210; x_wconf 86' lang='grc' dir='ltr'>ό</span> <span class='ocrx_word' id='word_1_428' title='bbox 478 5159 538 5210; x_wconf 80' lang='grc' dir='ltr'>τὸ</span> <span class='ocrx_word' id='word_1_429' title='bbox 568 5157 825 5211; x_wconf 86' lang='grc' dir='ltr'>τάλαντον</span> <span class='ocrx_word' id='word_1_430' title='bbox 851 5161 1202 5229; x_wconf 84' lang='grc' dir='ltr'>καταχώσας,</span> <span class='ocrx_word' id='word_1_431' title='bbox 1237 5166 1327 5217; x_wconf 80' lang='grc' dir='ltr'>καὶ</span> <span class='ocrx_word' id='word_1_432' title='bbox 1361 5167 1421 5219; x_wconf 84' lang='grc' dir='ltr'>τὸ</span> <span class='ocrx_word' id='word_1_433' title='bbox 1449 5167 1763 5222; x_wconf 83' lang='grc' dir='ltr'>δεσποτικὸν</span> 
     </span>
    </p>
   </div>
   <div class='ocr_carea' id='block_1_59' title="bbox 182 5237 1764 5318">
    <p class='ocr_par' dir='ltr' id='par_1_59' title="bbox 182 5237 1764 5318">
     <span class='ocr_line' id='line_1_59' title="bbox 182 5237 1764 5318; baseline 0.009 -27"><span class='ocrx_word' id='word_1_434' title='bbox 182 5237 446 5308; x_wconf 89' lang='grc' dir='ltr'>ἀργύριον</span> <span class='ocrx_word' id='word_1_435' title='bbox 471 5241 532 5291; x_wconf 93' lang='grc' dir='ltr'>οὑ</span> <span class='ocrx_word' id='word_1_436' title='bbox 565 5240 725 5308; x_wconf 91' lang='grc' dir='ltr'>μόνον</span> <span class='ocrx_word' id='word_1_437' title='bbox 753 5241 812 5292; x_wconf 85' lang='grc' dir='ltr'>οὑ</span> <span class='ocrx_word' id='word_1_438' title='bbox 840 5241 1301 5308; x_wconf 85' lang='grc' dir='ltr'>πολυπλασιάσας,</span> <span class='ocrx_word' id='word_1_439' title='bbox 1328 5246 1478 5318; x_wconf 71' lang='grc'><strong>[419]</strong></span> <span class='ocrx_word' id='word_1_440' title='bbox 1503 5250 1638 5302; x_wconf 87' lang='grc' dir='ltr'>ἀλλά</span> <span class='ocrx_word' id='word_1_441' title='bbox 1672 5255 1764 5306; x_wconf 72' lang='grc' dir='ltr'>καὶ</span> 
     </span>
    </p>
   </div>
   <div class='ocr_carea' id='block_1_60' title="bbox 183 5320 1763 5400">
    <p class='ocr_par' dir='ltr' id='par_1_60' title="bbox 183 5320 1763 5400">
     <span class='ocr_line' id='line_1_60' title="bbox 183 5320 1763 5400; baseline 0.009 -26"><span class='ocrx_word' id='word_1_442' title='bbox 183 5320 508 5390; x_wconf 75' lang='grc' dir='ltr'>κατορύξας.</span> <span class='ocrx_word' id='word_1_443' title='bbox 538 5321 777 5375; x_wconf 89' lang='grc' dir='ltr'>Τοιοῦτοί</span> <span class='ocrx_word' id='word_1_444' title='bbox 802 5325 937 5376; x_wconf 86' lang='grc' dir='ltr'>είσιν</span> <span class='ocrx_word' id='word_1_445' title='bbox 953 5327 1002 5377; x_wconf 89' lang='grc' dir='ltr'>οἱ</span> <span class='ocrx_word' id='word_1_446' title='bbox 1025 5327 1113 5378; x_wconf 80' lang='grc' dir='ltr'>τὸν</span> <span class='ocrx_word' id='word_1_447' title='bbox 1127 5327 1282 5395; x_wconf 85' lang='grc' dir='ltr'>λόγον</span> <span class='ocrx_word' id='word_1_448' title='bbox 1301 5331 1400 5400; x_wconf 87' lang='grc' dir='ltr'>τῆς</span> <span class='ocrx_word' id='word_1_449' title='bbox 1417 5332 1763 5398; x_wconf 81' lang='grc' dir='ltr'>διδασκαλίας</span> 
     </span>
    </p>
   </div>
   <div class='ocr_carea' id='block_1_61' title="bbox 182 5405 1760 5486">
    <p class='ocr_par' dir='ltr' id='par_1_61' title="bbox 182 5405 1760 5486">
     <span class='ocr_line' id='line_1_61' title="bbox 182 5405 1760 5486; baseline 0.008 -28"><span class='ocrx_word' id='word_1_450' title='bbox 182 5405 462 5474; x_wconf 84' lang='grc' dir='ltr'>δεχόμενοι</span> <span class='ocrx_word' id='word_1_451' title='bbox 493 5405 772 5475; x_wconf 85' lang='grc' dir='ltr'>(τάλαντον</span> <span class='ocrx_word' id='word_1_452' title='bbox 805 5410 911 5478; x_wconf 78' lang='grc' dir='ltr'>γάρ</span> <span class='ocrx_word' id='word_1_453' title='bbox 951 5410 1043 5461; x_wconf 79' lang='grc' dir='ltr'>καὶ</span> <span class='ocrx_word' id='word_1_454' title='bbox 1072 5409 1333 5483; x_wconf 83' lang='grc' dir='ltr'>ἀργύριον</span> <span class='ocrx_word' id='word_1_455' title='bbox 1365 5413 1521 5468; x_wconf 83' lang='grc' dir='ltr'>τοῦτο</span> <span class='ocrx_word' id='word_1_456' title='bbox 1547 5418 1721 5486; x_wconf 86' lang='grc' dir='ltr'>καλεῖ)</span> <span class='ocrx_word' id='word_1_457' title='bbox 1746 5459 1760 5483; x_wconf 94' lang='grc'>,</span> 
     </span>
    </p>
   </div>
   <div class='ocr_carea' id='block_1_62' title="bbox 181 5486 1763 5572">
    <p class='ocr_par' dir='ltr' id='par_1_62' title="bbox 181 5486 1763 5572">
     <span class='ocr_line' id='line_1_62' title="bbox 181 5486 1763 5572; baseline 0.009 -32"><span class='ocrx_word' id='word_1_458' title='bbox 181 5487 280 5540; x_wconf 76' lang='grc' dir='ltr'>καὶ</span> <span class='ocrx_word' id='word_1_459' title='bbox 311 5486 370 5537; x_wconf 91' lang='grc' dir='ltr'>οὑ</span> <span class='ocrx_word' id='word_1_460' title='bbox 401 5487 790 5572; x_wconf 77' lang='grc' dir='ltr'>σπουδάζοντες</span> <span class='ocrx_word' id='word_1_461' title='bbox 818 5493 1257 5562; x_wconf 81' lang='grc' dir='ltr'>καρποφορῆσαι,</span> <span class='ocrx_word' id='word_1_462' title='bbox 1294 5498 1388 5550; x_wconf 72' lang='grc' dir='ltr'>καὶ</span> <span class='ocrx_word' id='word_1_463' title='bbox 1432 5499 1631 5569; x_wconf 76' lang='grc' dir='ltr'>πολλὴν</span> <span class='ocrx_word' id='word_1_464' title='bbox 1664 5504 1763 5572; x_wconf 81' lang='grc' dir='ltr'>τὴν</span> 
     </span>
    </p>
   </div>
   <div class='ocr_carea' id='block_1_63' title="bbox 185 5571 1763 5658">
    <p class='ocr_par' dir='ltr' id='par_1_63' title="bbox 185 5571 1763 5658">
     <span class='ocr_line' id='line_1_63' title="bbox 185 5571 1763 5658; baseline 0.01 -36"><span class='ocrx_word' id='word_1_465' title='bbox 185 5571 565 5658; x_wconf 74' lang='grc' dir='ltr'>πραγματείαν</span> <span class='ocrx_word' id='word_1_466' title='bbox 589 5573 930 5658; x_wconf 73' lang='grc' dir='ltr'>ποιήσασθαι.</span> <span class='ocrx_word' id='word_1_467' title='bbox 959 5577 1100 5629; x_wconf 61' lang='lat' dir='ltr'>mw</span> <span class='ocrx_word' id='word_1_468' title='bbox 1126 5578 1252 5641; x_wconf 72' lang='grc' dir='ltr'>ἴσως</span> <span class='ocrx_word' id='word_1_469' title='bbox 1277 5582 1418 5633; x_wconf 83' lang='grc' dir='ltr'>είποι</span> <span class='ocrx_word' id='word_1_470' title='bbox 1442 5600 1524 5645; x_wconf 87' lang='grc' dir='ltr'>τις</span> <span class='ocrx_word' id='word_1_471' title='bbox 1550 5585 1635 5647; x_wconf 87' lang='grc' dir='ltr'>ἂν,</span> <span class='ocrx_word' id='word_1_472' title='bbox 1665 5571 1763 5658; x_wconf 72' lang='grc' dir='ltr'>τήν</span> 
     </span>
    </p>
   </div>
   <div class='ocr_carea' id='block_1_64' title="bbox 185 5651 1762 5734">
    <p class='ocr_par' dir='ltr' id='par_1_64' title="bbox 185 5651 1762 5734">
     <span class='ocr_line' id='line_1_64' title="bbox 185 5651 1762 5734; baseline 0.011 -32"><span class='ocrx_word' id='word_1_473' title='bbox 185 5651 500 5720; x_wconf 77' lang='grc' dir='ltr'>παραϐολὴν</span> <span class='ocrx_word' id='word_1_474' title='bbox 531 5652 732 5722; x_wconf 86' lang='grc' dir='ltr'>ταύτην</span> <span class='ocrx_word' id='word_1_475' title='bbox 767 5656 866 5726; x_wconf 79' lang='grc' dir='ltr'>τὴν</span> <span class='ocrx_word' id='word_1_476' title='bbox 894 5658 1001 5709; x_wconf 84' lang='grc' dir='ltr'>τῶν</span> <span class='ocrx_word' id='word_1_477' title='bbox 1042 5659 1318 5713; x_wconf 85' lang='grc' dir='ltr'>ταλάντων</span> <span class='ocrx_word' id='word_1_478' title='bbox 1365 5666 1491 5734; x_wconf 69' lang='grc' dir='ltr'>περὶ</span> <span class='ocrx_word' id='word_1_479' title='bbox 1535 5666 1643 5718; x_wconf 81' lang='grc' dir='ltr'>τῶν</span> <span class='ocrx_word' id='word_1_480' title='bbox 1681 5651 1762 5719; x_wconf 78' lang='grc' dir='ltr'>δί-</span> 
     </span>
    </p>
   </div>
   <div class='ocr_carea' id='block_1_65' title="bbox 185 5734 1762 5813">
    <p class='ocr_par' dir='ltr' id='par_1_65' title="bbox 185 5734 1762 5813">
     <span class='ocr_line' id='line_1_65' title="bbox 185 5734 1762 5813; baseline 0.009 -26"><span class='ocrx_word' id='word_1_481' title='bbox 185 5734 468 5787; x_wconf 76' lang='grc' dir='ltr'>δασκάλων</span> <span class='ocrx_word' id='word_1_482' title='bbox 509 5735 778 5806; x_wconf 74' lang='grc' dir='ltr'>εἰρῆσθαι.</span> <span class='ocrx_word' id='word_1_483' title='bbox 842 5739 1011 5806; x_wconf 83' lang='grc' dir='ltr'>Κάγὼ</span> <span class='ocrx_word' id='word_1_484' title='bbox 1047 5741 1206 5792; x_wconf 86' lang='grc' dir='ltr'>τοῦτό</span> <span class='ocrx_word' id='word_1_485' title='bbox 1253 5762 1415 5813; x_wconf 81' lang='grc' dir='ltr'>φημι,</span> <span class='ocrx_word' id='word_1_486' title='bbox 1485 5749 1624 5799; x_wconf 61' lang='lat' dir='ltr'>‘AM.’</span> <span class='ocrx_word' id='word_1_487' title='bbox 1668 5749 1762 5801; x_wconf 76' lang='grc' dir='ltr'>έάν</span> 
     </span>
    </p>
   </div>
   <div class='ocr_carea' id='block_1_66' title="bbox 188 5818 1762 5900">
    <p class='ocr_par' dir='ltr' id='par_1_66' title="bbox 188 5818 1762 5900">
     <span class='ocr_line' id='line_1_66' title="bbox 188 5818 1762 5900; baseline 0.009 -28"><span class='ocrx_word' id='word_1_488' title='bbox 188 5818 500 5900; x_wconf 74' lang='grc' dir='ltr'>ἐπέλθωμεν</span> <span class='ocrx_word' id='word_1_489' title='bbox 536 5821 705 5888; x_wconf 80' lang='grc' dir='ltr'>αὑτὴν</span> <span class='ocrx_word' id='word_1_490' title='bbox 739 5822 979 5892; x_wconf 78' lang='grc' dir='ltr'>ἀκριϐῶς</span> <span class='ocrx_word' id='word_1_491' title='bbox 1001 5863 1015 5884; x_wconf 96' lang='grc'>,</span> <span class='ocrx_word' id='word_1_492' title='bbox 1043 5825 1248 5876; x_wconf 71' lang='grc' dir='ltr'>εἴσεσθε</span> <span class='ocrx_word' id='word_1_493' title='bbox 1289 5829 1368 5879; x_wconf 80' lang='grc' dir='ltr'>ὃτι</span> <span class='ocrx_word' id='word_1_494' title='bbox 1400 5831 1448 5881; x_wconf 83' lang='grc' dir='ltr'>οί</span> <span class='ocrx_word' id='word_1_495' title='bbox 1483 5833 1580 5900; x_wconf 78' lang='grc' dir='ltr'>μὲν</span> <span class='ocrx_word' id='word_1_496' title='bbox 1620 5833 1762 5886; x_wconf 75' lang='grc' dir='ltr'>διδά-</span> 
     </span>
    </p>
   </div>
   <div class='ocr_carea' id='block_1_67' title="bbox 260 5899 1510 5968">
    <p class='ocr_par' dir='ltr' id='par_1_67' title="bbox 260 5899 1510 5968">
     <span class='ocr_line' id='line_1_67' title="bbox 260 5899 1510 5968; baseline -0.007 -16"><span class='ocrx_word' id='word_1_497' title='bbox 260 5911 284 5940; x_wconf 64' lang='lat'><em>.</em></span> <span class='ocrx_word' id='word_1_498' title='bbox 313 5899 462 5951; x_wconf 68' lang='grc' dir='ltr'>Βετίι.</span> <span class='ocrx_word' id='word_1_499' title='bbox 491 5905 542 5948; x_wconf 71' lang='grc' dir='ltr'>ει</span> <span class='ocrx_word' id='word_1_500' title='bbox 563 5906 662 5950; x_wconf 77' lang='lat' dir='ltr'>tres</span> <span class='ocrx_word' id='word_1_501' title='bbox 684 5915 794 5949; x_wconf 70' lang='lat' dir='ltr'>mss.</span> <span class='ocrx_word' id='word_1_502' title='bbox 824 5905 1046 5960; x_wconf 69' lang='grc' dir='ltr'>πολλάκις</span> <span class='ocrx_word' id='word_1_503' title='bbox 1068 5907 1394 5967; x_wconf 69' lang='grc' dir='ltr'>ἐπιστρέφουσι</span> <span class='ocrx_word' id='word_1_504' title='bbox 1415 5914 1510 5968; x_wconf 46' lang='grc' dir='ltr'>τήν,</span> 
     </span>
    </p>
   </div>
   <div class='ocr_carea' id='block_1_68' title="bbox 1190 415 2392 482">
    <p class='ocr_par' dir='ltr' id='par_1_68' title="bbox 1190 415 2392 482">
     <span class='ocr_line' id='line_1_68' title="bbox 1190 415 2392 482; baseline -0.005 -2"><span class='ocrx_word' id='word_1_505' title='bbox 1190 425 1254 480; x_wconf 76' lang='lat' dir='ltr'><strong>IN</strong></span> <span class='ocrx_word' id='word_1_506' title='bbox 1293 423 1447 482; x_wconf 76' lang='lat' dir='ltr'>CAP.</span> <span class='ocrx_word' id='word_1_507' title='bbox 1489 418 1655 477; x_wconf 79' lang='lat' dir='ltr'><strong>XVIII</strong></span> <span class='ocrx_word' id='word_1_508' title='bbox 1696 415 1942 474; x_wconf 79' lang='lat' dir='ltr'>GENES.</span> <span class='ocrx_word' id='word_1_509' title='bbox 1987 420 2219 477; x_wconf 72' lang='lat' dir='ltr'><strong>IIOMIL.</strong></span> <span class='ocrx_word' id='word_1_510' title='bbox 2256 421 2392 476; x_wconf 75' lang='lat' dir='ltr'><strong>XLI.</strong></span> 
     </span>
    </p>
   </div>
   <div class='ocr_carea' id='block_1_69' title="bbox 3337 417 3443 475">
    <p class='ocr_par' dir='ltr' id='par_1_69' title="bbox 3337 417 3443 475">
     <span class='ocr_line' id='line_1_69' title="bbox 3337 417 3443 475; baseline -0.009 0"><span class='ocrx_word' id='word_1_511' title='bbox 3337 417 3443 475; x_wconf 77' lang='lat'>370</span> 
     </span>
    </p>
   </div>
   <div class='ocr_carea' id='block_1_70' title="bbox 1860 529 3444 604">
    <p class='ocr_par' dir='ltr' id='par_1_70' title="bbox 1860 529 3444 604">
     <span class='ocr_line' id='line_1_70' title="bbox 1860 529 3444 604; baseline 0.002 -20"><span class='ocrx_word' id='word_1_512' title='bbox 1860 531 2047 587; x_wconf 82' lang='grc' dir='ltr'>σκαλοι</span> <span class='ocrx_word' id='word_1_513' title='bbox 2075 534 2176 604; x_wconf 87' lang='grc' dir='ltr'>τῆς</span> <span class='ocrx_word' id='word_1_514' title='bbox 2209 532 2516 603; x_wconf 83' lang='grc' dir='ltr'>καταϐολῆς</span> <span class='ocrx_word' id='word_1_515' title='bbox 2555 532 2715 602; x_wconf 86' lang='grc' dir='ltr'>μόνον</span> <span class='ocrx_word' id='word_1_516' title='bbox 2748 529 3035 585; x_wconf 85' lang='grc' dir='ltr'>ὑπεύθυνοι</span> <span class='ocrx_word' id='word_1_517' title='bbox 3059 531 3444 602; x_wconf 82' lang='grc' dir='ltr'>τυγχάνουσιν.</span> 
     </span>
    </p>
   </div>
   <div class='ocr_carea' id='block_1_71' title="bbox 1856 615 3443 688">
    <p class='ocr_par' dir='ltr' id='par_1_71' title="bbox 1856 615 3443 688">
     <span class='ocr_line' id='line_1_71' title="bbox 1856 615 3443 688; baseline 0.001 -20"><span class='ocrx_word' id='word_1_518' title='bbox 1856 617 2019 687; x_wconf 80' lang='grc' dir='ltr'>ὑμεῖς</span> <span class='ocrx_word' id='word_1_519' title='bbox 2050 617 2108 671; x_wconf 68' lang='grc' dir='ltr'>δὲ</span> <span class='ocrx_word' id='word_1_520' title='bbox 2131 617 2192 670; x_wconf 87' lang='grc' dir='ltr'>οὑ</span> <span class='ocrx_word' id='word_1_521' title='bbox 2228 618 2386 688; x_wconf 88' lang='grc' dir='ltr'>μόνον</span> <span class='ocrx_word' id='word_1_522' title='bbox 2413 618 2512 687; x_wconf 89' lang='grc' dir='ltr'>τῆς</span> <span class='ocrx_word' id='word_1_523' title='bbox 2535 616 2783 686; x_wconf 80' lang='grc' dir='ltr'>φυλακῆς</span> <span class='ocrx_word' id='word_1_524' title='bbox 2823 616 2932 669; x_wconf 88' lang='grc' dir='ltr'>τῶν</span> <span class='ocrx_word' id='word_1_525' title='bbox 2957 615 3443 685; x_wconf 84' lang='grc' dir='ltr'>καταϐληθέντων,</span> 
     </span>
    </p>
   </div>
   <div class='ocr_carea' id='block_1_72' title="bbox 1858 698 3448 772">
    <p class='ocr_par' dir='ltr' id='par_1_72' title="bbox 1858 698 3448 772">
     <span class='ocr_line' id='line_1_72' title="bbox 1858 698 3448 772; baseline 0.001 -20"><span class='ocrx_word' id='word_1_526' title='bbox 1858 700 1992 754; x_wconf 90' lang='grc' dir='ltr'>ἀλλά</span> <span class='ocrx_word' id='word_1_527' title='bbox 2017 702 2112 754; x_wconf 59' lang='grc' dir='ltr'>καὶ⁵</span> <span class='ocrx_word' id='word_1_528' title='bbox 2132 700 2233 771; x_wconf 85' lang='grc' dir='ltr'>τῆς</span> <span class='ocrx_word' id='word_1_529' title='bbox 2252 700 2656 772; x_wconf 79' lang='grc' dir='ltr'>πραγματείας.</span> <span class='ocrx_word' id='word_1_530' title='bbox 2680 699 2793 753; x_wconf 67' lang='grc' dir='ltr'>Καὶ</span> <span class='ocrx_word' id='word_1_531' title='bbox 2816 699 2899 753; x_wconf 81' lang='grc' dir='ltr'>ἵνα</span> <span class='ocrx_word' id='word_1_532' title='bbox 2925 698 3124 770; x_wconf 77' lang='grc' dir='ltr'>μάθῃς,</span> <span class='ocrx_word' id='word_1_533' title='bbox 3149 700 3448 767; x_wconf 90' lang='grc' dir='ltr'>ἀναγκαῖον</span> 
     </span>
    </p>
   </div>
   <div class='ocr_carea' id='block_1_73' title="bbox 1858 781 3446 853">
    <p class='ocr_par' dir='ltr' id='par_1_73' title="bbox 1858 781 3446 853">
     <span class='ocr_line' id='line_1_73' title="bbox 1858 781 3446 853; baseline -0.003 -17"><span class='ocrx_word' id='word_1_534' title='bbox 1858 782 2027 853; x_wconf 78' lang='grc' dir='ltr'>αὑτήν</span> <span class='ocrx_word' id='word_1_535' title='bbox 2066 784 2147 846; x_wconf 88' lang='grc' dir='ltr'>εἰς</span> <span class='ocrx_word' id='word_1_536' title='bbox 2176 784 2338 852; x_wconf 82' lang='grc' dir='ltr'>μέσον</span> <span class='ocrx_word' id='word_1_537' title='bbox 2368 785 2615 852; x_wconf 81' lang='grc' dir='ltr'>ἀγαγεῖν.</span> <span class='ocrx_word' id='word_1_538' title='bbox 2637 781 3080 848; x_wconf 81' lang='grc' dir='ltr'>Οἰκοδεσπότης</span> <span class='ocrx_word' id='word_1_539' title='bbox 3105 798 3228 845; x_wconf 84' lang='grc' dir='ltr'>τις,</span> <span class='ocrx_word' id='word_1_540' title='bbox 3255 783 3446 851; x_wconf 77' lang='grc' dir='ltr'>φησὶν,</span> 
     </span>
    </p>
   </div>
   <div class='ocr_carea' id='block_1_74' title="bbox 1857 863 3448 935">
    <p class='ocr_par' dir='ltr' id='par_1_74' title="bbox 1857 863 3448 935">
     <span class='ocr_line' id='line_1_74' title="bbox 1857 863 3448 935; baseline -0.003 -16"><span class='ocrx_word' id='word_1_541' title='bbox 1857 865 2183 935; x_wconf 78' lang='grc' dir='ltr'>ἀποδημῶν</span> <span class='ocrx_word' id='word_1_542' title='bbox 2210 865 2466 920; x_wconf 80' lang='grc' dir='ltr'>ἐκάλεσε</span> <span class='ocrx_word' id='word_1_543' title='bbox 2491 866 2630 932; x_wconf 75' lang='grc' dir='ltr'>τοὺς</span> <span class='ocrx_word' id='word_1_544' title='bbox 2655 865 2844 930; x_wconf 80' lang='grc' dir='ltr'>ιδίους</span> <span class='ocrx_word' id='word_1_545' title='bbox 2873 863 3152 929; x_wconf 84' lang='grc' dir='ltr'>δούλους.</span> <span class='ocrx_word' id='word_1_546' title='bbox 3182 864 3282 916; x_wconf 76' lang='grc' dir='ltr'>καί</span> <span class='ocrx_word' id='word_1_547' title='bbox 3304 863 3448 915; x_wconf 79' lang='grc' dir='ltr'>ἐδω-</span> 
     </span>
    </p>
   </div>
   <div class='ocr_carea' id='block_1_75' title="bbox 1857 939 3445 1017">
    <p class='ocr_par' dir='ltr' id='par_1_75' title="bbox 1857 939 3445 1017">
     <span class='ocr_line' id='line_1_75' title="bbox 1857 939 3445 1017; baseline 0 -15"><span class='ocrx_word' id='word_1_548' title='bbox 1857 965 1969 1002; x_wconf 84' lang='grc' dir='ltr'>κεν</span> <span class='ocrx_word' id='word_1_549' title='bbox 2001 943 2049 1015; x_wconf 82' lang='grc' dir='ltr'>ᾧ</span> <span class='ocrx_word' id='word_1_550' title='bbox 2073 949 2192 1017; x_wconf 81' lang='grc' dir='ltr'>μέν</span> <span class='ocrx_word' id='word_1_551' title='bbox 2227 949 2407 1003; x_wconf 85' lang='grc' dir='ltr'>πέντε</span> <span class='ocrx_word' id='word_1_552' title='bbox 2442 950 2744 1014; x_wconf 81' lang='grc' dir='ltr'>τάλαντα,</span> <span class='ocrx_word' id='word_1_553' title='bbox 2781 945 2828 1010; x_wconf 81' lang='grc' dir='ltr'><strong>ᾧ</strong></span> <span class='ocrx_word' id='word_1_554' title='bbox 2864 946 2933 999; x_wconf 84' lang='grc' dir='ltr'>δὲ</span> <span class='ocrx_word' id='word_1_555' title='bbox 2979 947 3089 999; x_wconf 84' lang='grc' dir='ltr'>δύο</span> <span class='ocrx_word' id='word_1_556' title='bbox 3110 987 3126 1009; x_wconf 86' lang='grc'>,</span> <span class='ocrx_word' id='word_1_557' title='bbox 3165 939 3215 1010; x_wconf 77' lang='grc' dir='ltr'>ᾧ</span> <span class='ocrx_word' id='word_1_558' title='bbox 3251 945 3320 998; x_wconf 81' lang='grc' dir='ltr'>δὲ</span> <span class='ocrx_word' id='word_1_559' title='bbox 3352 945 3445 1002; x_wconf 74' lang='grc' dir='ltr'>ἓν.</span> 
     </span>
    </p>
   </div>
   <div class='ocr_carea' id='block_1_76' title="bbox 1857 1029 3448 1103">
    <p class='ocr_par' dir='ltr' id='par_1_76' title="bbox 1857 1029 3448 1103">
     <span class='ocr_line' id='line_1_76' title="bbox 1857 1029 3448 1103; baseline -0.004 -16"><span class='ocrx_word' id='word_1_560' title='bbox 1857 1035 2020 1087; x_wconf 83' lang='grc' dir='ltr'>Μετὰ</span> <span class='ocrx_word' id='word_1_561' title='bbox 2050 1029 2116 1085; x_wconf 72' lang='grc' dir='ltr'>δὲ</span> <span class='ocrx_word' id='word_1_562' title='bbox 2143 1034 2367 1103; x_wconf 72' lang='grc' dir='ltr'>χρόνον</span> <span class='ocrx_word' id='word_1_563' title='bbox 2414 1030 2903 1101; x_wconf 66' lang='grc' dir='ltr'>παραγενομένου</span> <span class='ocrx_word' id='word_1_564' title='bbox 2939 1029 3126 1084; x_wconf 84' lang='grc' dir='ltr'>αὑτοῦ</span> <span class='ocrx_word' id='word_1_565' title='bbox 3166 1029 3359 1096; x_wconf 86' lang='grc' dir='ltr'>ἦλθον</span> <span class='ocrx_word' id='word_1_566' title='bbox 3391 1030 3448 1080; x_wconf 84' lang='grc' dir='ltr'>οί</span> 
     </span>
    </p>
   </div>
   <div class='ocr_carea' id='block_1_77' title="bbox 1858 1107 3450 1180">
    <p class='ocr_par' dir='ltr' id='par_1_77' title="bbox 1858 1107 3450 1180">
     <span class='ocr_line' id='line_1_77' title="bbox 1858 1107 3450 1180; baseline -0.004 -12"><span class='ocrx_word' id='word_1_567' title='bbox 1858 1115 2065 1169; x_wconf 78' lang='grc' dir='ltr'>δοῦλοι</span> <span class='ocrx_word' id='word_1_568' title='bbox 2085 1135 2099 1147; x_wconf 86' lang='grc'>·</span> <span class='ocrx_word' id='word_1_569' title='bbox 2123 1118 2215 1169; x_wconf 76' lang='grc' dir='ltr'>καὶ</span> <span class='ocrx_word' id='word_1_570' title='bbox 2237 1119 2270 1168; x_wconf 83' lang='grc' dir='ltr'><em>ὁ</em></span> <span class='ocrx_word' id='word_1_571' title='bbox 2310 1117 2382 1168; x_wconf 82' lang='grc' dir='ltr'>τὰ</span> <span class='ocrx_word' id='word_1_572' title='bbox 2412 1116 2592 1168; x_wconf 79' lang='grc' dir='ltr'>πέντε</span> <span class='ocrx_word' id='word_1_573' title='bbox 2623 1113 2888 1166; x_wconf 83' lang='grc' dir='ltr'>τάλαντα</span> <span class='ocrx_word' id='word_1_574' title='bbox 2914 1110 3118 1165; x_wconf 81' lang='grc' dir='ltr'>λαϐὼν</span> <span class='ocrx_word' id='word_1_575' title='bbox 3138 1107 3450 1180; x_wconf 79' lang='grc' dir='ltr'>προσῆλθε</span> 
     </span>
    </p>
   </div>
   <div class='ocr_carea' id='block_1_78' title="bbox 1857 1190 3449 1266">
    <p class='ocr_par' dir='ltr' id='par_1_78' title="bbox 1857 1190 3449 1266">
     <span class='ocr_line' id='line_1_78' title="bbox 1857 1190 3449 1266; baseline -0.006 -15"><span class='ocrx_word' id='word_1_576' title='bbox 1857 1198 2085 1266; x_wconf 69' lang='grc' dir='ltr'>λέγων·</span> <span class='ocrx_word' id='word_1_577' title='bbox 2128 1198 2325 1264; x_wconf 80' lang='grc' dir='ltr'>Κύριε,</span> <span class='ocrx_word' id='word_1_578' title='bbox 2377 1197 2556 1250; x_wconf 84' lang='grc' dir='ltr'>πέντε</span> <span class='ocrx_word' id='word_1_579' title='bbox 2603 1193 2871 1250; x_wconf 81' lang='grc' dir='ltr'>τάλαντά</span> <span class='ocrx_word' id='word_1_580' title='bbox 2915 1211 3015 1265; x_wconf 78' lang='grc' dir='ltr'>μοι</span> <span class='ocrx_word' id='word_1_581' title='bbox 3062 1193 3311 1257; x_wconf 75' lang='grc' dir='ltr'>ἔδωκας,</span> <span class='ocrx_word' id='word_1_582' title='bbox 3357 1190 3449 1242; x_wconf 74' lang='grc' dir='ltr'>ἴδε</span> 
     </span>
    </p>
   </div>
   <div class='ocr_carea' id='block_1_79' title="bbox 1858 1277 3449 1350">
    <p class='ocr_par' dir='ltr' id='par_1_79' title="bbox 1858 1277 3449 1350">
     <span class='ocr_line' id='line_1_79' title="bbox 1858 1277 3449 1350; baseline -0.006 -12"><span class='ocrx_word' id='word_1_583' title='bbox 1858 1285 2019 1338; x_wconf 76' lang='grc' dir='ltr'>ἄλλα</span> <span class='ocrx_word' id='word_1_584' title='bbox 2047 1284 2226 1338; x_wconf 80' lang='grc' dir='ltr'>πέντε</span> <span class='ocrx_word' id='word_1_585' title='bbox 2257 1283 2522 1337; x_wconf 82' lang='grc' dir='ltr'>τάλαντα</span> <span class='ocrx_word' id='word_1_586' title='bbox 2552 1281 2851 1350; x_wconf 74' lang='grc' dir='ltr'>ἐκέρδησα</span> <span class='ocrx_word' id='word_1_587' title='bbox 2877 1281 2970 1331; x_wconf 81' lang='grc' dir='ltr'>ἐπ’</span> <span class='ocrx_word' id='word_1_588' title='bbox 3004 1279 3228 1344; x_wconf 81' lang='grc' dir='ltr'>αὐτοῖς.</span> <span class='ocrx_word' id='word_1_589' title='bbox 3271 1277 3449 1348; x_wconf 76' lang='grc' dir='ltr'>Πολλὴ</span> 
     </span>
    </p>
   </div>
   <div class='ocr_carea' id='block_1_80' title="bbox 1858 1360 3449 1437">
    <p class='ocr_par' dir='ltr' id='par_1_80' title="bbox 1858 1360 3449 1437">
     <span class='ocr_line' id='line_1_80' title="bbox 1858 1360 3449 1437; baseline -0.004 -18"><span class='ocrx_word' id='word_1_590' title='bbox 1858 1365 1952 1419; x_wconf 91' lang='grc' dir='ltr'>τοῦ</span> <span class='ocrx_word' id='word_1_591' title='bbox 1985 1366 2196 1420; x_wconf 90' lang='grc' dir='ltr'>οἰκέτου</span> <span class='ocrx_word' id='word_1_592' title='bbox 2240 1369 2274 1437; x_wconf 83' lang='grc' dir='ltr'>ή</span> <span class='ocrx_word' id='word_1_593' title='bbox 2325 1365 2713 1435; x_wconf 78' lang='grc' dir='ltr'>εὐγνωμοσύνη</span> <span class='ocrx_word' id='word_1_594' title='bbox 2743 1405 2759 1430; x_wconf 94' lang='grc'>,</span> <span class='ocrx_word' id='word_1_595' title='bbox 2803 1362 3028 1434; x_wconf 72' lang='grc' dir='ltr'>δαψιλὴς</span> <span class='ocrx_word' id='word_1_596' title='bbox 3057 1364 3090 1433; x_wconf 86' lang='grc' dir='ltr'>ή</span> <span class='ocrx_word' id='word_1_597' title='bbox 3130 1362 3226 1414; x_wconf 82' lang='grc' dir='ltr'>τοῦ</span> <span class='ocrx_word' id='word_1_598' title='bbox 3252 1360 3449 1414; x_wconf 85' lang='grc' dir='ltr'>δεσπό-</span> 
     </span>
    </p>
   </div>
   <div class='ocr_carea' id='block_1_81' title="bbox 1857 1440 3450 1522">
    <p class='ocr_par' dir='ltr' id='par_1_81' title="bbox 1857 1440 3450 1522">
     <span class='ocr_line' id='line_1_81' title="bbox 1857 1440 3450 1522; baseline -0.006 -20"><span class='ocrx_word' id='word_1_599' title='bbox 1857 1466 1953 1502; x_wconf 90' lang='grc' dir='ltr'>του</span> <span class='ocrx_word' id='word_1_600' title='bbox 1985 1448 2389 1518; x_wconf 87' lang='grc' dir='ltr'>φιλανθρωπία.</span> <span class='ocrx_word' id='word_1_601' title='bbox 2427 1448 2492 1500; x_wconf 89' lang='grc' dir='ltr'>Τί</span> <span class='ocrx_word' id='word_1_602' title='bbox 2521 1447 2633 1522; x_wconf 81' lang='grc' dir='ltr'>γάρ</span> <span class='ocrx_word' id='word_1_603' title='bbox 2667 1463 2863 1522; x_wconf 76' lang='grc' dir='ltr'>φησινς</span> <span class='ocrx_word' id='word_1_604' title='bbox 2901 1441 3010 1504; x_wconf 85' lang='grc' dir='ltr'>Εὖ,</span> <span class='ocrx_word' id='word_1_605' title='bbox 3044 1443 3228 1497; x_wconf 80' lang='grc' dir='ltr'>δοῦλε</span> <span class='ocrx_word' id='word_1_606' title='bbox 3266 1440 3450 1510; x_wconf 74' lang='grc' dir='ltr'>ἀγαθὲ</span> 
     </span>
    </p>
   </div>
   <div class='ocr_carea' id='block_1_82' title="bbox 1859 1520 3452 1598">
    <p class='ocr_par' dir='ltr' id='par_1_82' title="bbox 1859 1520 3452 1598">
     <span class='ocr_line' id='line_1_82' title="bbox 1859 1520 3452 1598; baseline -0.005 -14"><span class='ocrx_word' id='word_1_607' title='bbox 1859 1533 1955 1585; x_wconf 78' lang='grc' dir='ltr'>καὶ</span> <span class='ocrx_word' id='word_1_608' title='bbox 1990 1531 2169 1585; x_wconf 81' lang='grc' dir='ltr'>πιστέ</span> <span class='ocrx_word' id='word_1_609' title='bbox 2195 1548 2210 1563; x_wconf 89' lang='grc'><strong>·</strong></span> <span class='ocrx_word' id='word_1_610' title='bbox 2251 1532 2349 1584; x_wconf 75' lang='grc' dir='ltr'>ἐπὶ</span> <span class='ocrx_word' id='word_1_611' title='bbox 2392 1531 2568 1598; x_wconf 75' lang='grc' dir='ltr'>ὀλίγα</span> <span class='ocrx_word' id='word_1_612' title='bbox 2589 1520 2675 1598; x_wconf 66' lang='grc' dir='ltr'>⁷ἧς</span> <span class='ocrx_word' id='word_1_613' title='bbox 2710 1520 2947 1594; x_wconf 69' lang='grc' dir='ltr'>πιστὸς,</span> <span class='ocrx_word' id='word_1_614' title='bbox 2974 1527 3070 1580; x_wconf 75' lang='grc' dir='ltr'>ἐπὶ</span> <span class='ocrx_word' id='word_1_615' title='bbox 3101 1525 3349 1579; x_wconf 87' lang='grc' dir='ltr'>πολλῶν</span> <span class='ocrx_word' id='word_1_616' title='bbox 3374 1540 3452 1577; x_wconf 72' lang='grc' dir='ltr'>σε</span> 
     </span>
    </p>
   </div>
   <div class='ocr_carea' id='block_1_83' title="bbox 1859 1608 3455 1678">
    <p class='ocr_par' dir='ltr' id='par_1_83' title="bbox 1859 1608 3455 1678">
     <span class='ocr_line' id='line_1_83' title="bbox 1859 1608 3455 1678; baseline -0.005 -11"><span class='ocrx_word' id='word_1_617' title='bbox 1859 1614 2250 1678; x_wconf 57' lang='grc' dir='ltr'>καταστήσω</span> <span class='ocrx_word' id='word_1_618' title='bbox 2291 1614 2532 1666; x_wconf 77' lang='grc' dir='ltr'>εἴσελθε</span> <span class='ocrx_word' id='word_1_619' title='bbox 2572 1615 2660 1677; x_wconf 83' lang='grc' dir='ltr'>είς</span> <span class='ocrx_word' id='word_1_620' title='bbox 2697 1611 2812 1677; x_wconf 79' lang='grc' dir='ltr'>τὴν</span> <span class='ocrx_word' id='word_1_621' title='bbox 2861 1612 3055 1678; x_wconf 86' lang='grc' dir='ltr'>χαρὰν</span> <span class='ocrx_word' id='word_1_622' title='bbox 3084 1609 3192 1662; x_wconf 84' lang='grc' dir='ltr'>τοῦ</span> <span class='ocrx_word' id='word_1_623' title='bbox 3236 1608 3455 1674; x_wconf 80' lang='grc' dir='ltr'>κυρίου</span> 
     </span>
    </p>
   </div>
   <div class='ocr_carea' id='block_1_84' title="bbox 1860 1690 3451 1766">
    <p class='ocr_par' dir='ltr' id='par_1_84' title="bbox 1860 1690 3451 1766">
     <span class='ocr_line' id='line_1_84' title="bbox 1860 1690 3451 1766; baseline -0.006 -16"><span class='ocrx_word' id='word_1_624' title='bbox 1860 1712 1996 1750; x_wconf 87' lang='grc' dir='ltr'>σου.</span> <span class='ocrx_word' id='word_1_625' title='bbox 2041 1694 2279 1766; x_wconf 72' lang='grc' dir='ltr'>Ἐπειδὴ,</span> <span class='ocrx_word' id='word_1_626' title='bbox 2312 1696 2446 1765; x_wconf 72' lang='grc' dir='ltr'>φησὶ</span> <span class='ocrx_word' id='word_1_627' title='bbox 2468 1737 2483 1756; x_wconf 88' lang='grc'>,</span> <span class='ocrx_word' id='word_1_628' title='bbox 2513 1694 2714 1765; x_wconf 80' lang='grc' dir='ltr'>πολλήν</span> <span class='ocrx_word' id='word_1_629' title='bbox 2740 1693 2948 1757; x_wconf 65' lang='grc' dir='ltr'>ἔδειξας</span> <span class='ocrx_word' id='word_1_630' title='bbox 2981 1694 3039 1745; x_wconf 89' lang='grc' dir='ltr'>ἐν</span> <span class='ocrx_word' id='word_1_631' title='bbox 3071 1694 3185 1754; x_wconf 90' lang='grc' dir='ltr'>τοῖς</span> <span class='ocrx_word' id='word_1_632' title='bbox 3223 1690 3323 1761; x_wconf 82' lang='grc' dir='ltr'>ῆδη</span> <span class='ocrx_word' id='word_1_633' title='bbox 3355 1706 3451 1741; x_wconf 85' lang='grc' dir='ltr'>πι-</span> 
     </span>
    </p>
   </div>
   <div class='ocr_carea' id='block_1_85' title="bbox 1861 1769 3457 1849">
    <p class='ocr_par' dir='ltr' id='par_1_85' title="bbox 1861 1769 3457 1849">
     <span class='ocr_line' id='line_1_85' title="bbox 1861 1769 3457 1849; baseline -0.003 -19"><span class='ocrx_word' id='word_1_634' title='bbox 1861 1776 2135 1830; x_wconf 87' lang='grc' dir='ltr'>στευθεῖσι</span> <span class='ocrx_word' id='word_1_635' title='bbox 2171 1775 2273 1849; x_wconf 80' lang='grc' dir='ltr'>τὴν</span> <span class='ocrx_word' id='word_1_636' title='bbox 2319 1778 2772 1848; x_wconf 76' lang='grc' dir='ltr'>εὐγνωμοσύνην,</span> <span class='ocrx_word' id='word_1_637' title='bbox 2815 1774 2963 1838; x_wconf 77' lang='grc' dir='ltr'>ἄξιος</span> <span class='ocrx_word' id='word_1_638' title='bbox 3010 1769 3187 1827; x_wconf 75' lang='grc' dir='ltr'>εἶκαὶ</span> <span class='ocrx_word' id='word_1_639' title='bbox 3228 1771 3457 1826; x_wconf 74' lang='grc' dir='ltr'>πλείονα</span> 
     </span>
    </p>
   </div>
   <div class='ocr_carea' id='block_1_86' title="bbox 1860 1852 3451 1931">
    <p class='ocr_par' dir='ltr' id='par_1_86' title="bbox 1860 1852 3451 1931">
     <span class='ocr_line' id='line_1_86' title="bbox 1860 1852 3451 1931; baseline -0.004 -20"><span class='ocrx_word' id='word_1_640' title='bbox 1860 1859 2293 1931; x_wconf 64' lang='grc' dir='ltr'>ἐγχειρισθῆναι.</span> <span class='ocrx_word' id='word_1_641' title='bbox 2328 1859 2644 1928; x_wconf 82' lang='grc' dir='ltr'>Προσῆλθε</span> <span class='ocrx_word' id='word_1_642' title='bbox 2666 1858 2735 1913; x_wconf 82' lang='grc' dir='ltr'>δέ</span> <span class='ocrx_word' id='word_1_643' title='bbox 2769 1858 2866 1909; x_wconf 71' lang='grc' dir='ltr'>καὶ</span> <span class='ocrx_word' id='word_1_644' title='bbox 2890 1860 2924 1910; x_wconf 82' lang='grc' dir='ltr'><em>ὀ</em></span> <span class='ocrx_word' id='word_1_645' title='bbox 2956 1855 3027 1909; x_wconf 79' lang='grc' dir='ltr'>τὰ</span> <span class='ocrx_word' id='word_1_646' title='bbox 3046 1857 3156 1908; x_wconf 84' lang='grc' dir='ltr'>δύο</span> <span class='ocrx_word' id='word_1_647' title='bbox 3184 1852 3451 1907; x_wconf 75' lang='grc' dir='ltr'>τάλαντα</span> 
     </span>
    </p>
   </div>
   <div class='ocr_carea' id='block_1_87' title="bbox 1859 1937 3455 2012">
    <p class='ocr_par' dir='ltr' id='par_1_87' title="bbox 1859 1937 3455 2012">
     <span class='ocr_line' id='line_1_87' title="bbox 1859 1937 3455 2012; baseline -0.005 -16"><span class='ocrx_word' id='word_1_648' title='bbox 1859 1942 2144 2011; x_wconf 68' lang='grc' dir='ltr'>είληςςὼς,</span> <span class='ocrx_word' id='word_1_649' title='bbox 2169 1943 2366 2012; x_wconf 65' lang='grc' dir='ltr'>λέγων</span> <span class='ocrx_word' id='word_1_650' title='bbox 2385 1958 2398 1970; x_wconf 84' lang='lat'><strong><em>°</em></strong></span> <span class='ocrx_word' id='word_1_651' title='bbox 2421 1943 2568 2010; x_wconf 81' lang='grc' dir='ltr'>Οὐχὶ</span> <span class='ocrx_word' id='word_1_652' title='bbox 2608 1941 2717 1995; x_wconf 87' lang='grc' dir='ltr'>δύο</span> <span class='ocrx_word' id='word_1_653' title='bbox 2744 1937 3011 1994; x_wconf 79' lang='grc' dir='ltr'>τάλαντά</span> <span class='ocrx_word' id='word_1_654' title='bbox 3035 1955 3136 2006; x_wconf 76' lang='grc' dir='ltr'>μοι</span> <span class='ocrx_word' id='word_1_655' title='bbox 3184 1937 3455 2005; x_wconf 62' lang='grc' dir='ltr'>παρέδωα</span> 
     </span>
    </p>
   </div>
   <div class='ocr_carea' id='block_1_88' title="bbox 1861 2018 3444 2090">
    <p class='ocr_par' dir='ltr' id='par_1_88' title="bbox 1861 2018 3444 2090">
     <span class='ocr_line' id='line_1_88' title="bbox 1861 2018 3444 2090; baseline -0.006 -12"><span class='ocrx_word' id='word_1_656' title='bbox 1861 2042 1972 2090; x_wconf 79' lang='grc' dir='ltr'>κας</span> <span class='ocrx_word' id='word_1_657' title='bbox 1992 2041 2010 2088; x_wconf 85' lang='grc'><em>;</em></span> <span class='ocrx_word' id='word_1_658' title='bbox 2033 2025 2156 2079; x_wconf 80' lang='grc' dir='ltr'>Ἴδε</span> <span class='ocrx_word' id='word_1_659' title='bbox 2181 2025 2343 2079; x_wconf 75' lang='grc' dir='ltr'>ἄλλα</span> <span class='ocrx_word' id='word_1_660' title='bbox 2368 2025 2478 2078; x_wconf 84' lang='grc' dir='ltr'>δύο</span> <span class='ocrx_word' id='word_1_661' title='bbox 2499 2025 2766 2077; x_wconf 82' lang='grc' dir='ltr'>τάλαντα</span> <span class='ocrx_word' id='word_1_662' title='bbox 2786 2021 3086 2089; x_wconf 82' lang='grc' dir='ltr'>ἐκέρδησα</span> <span class='ocrx_word' id='word_1_663' title='bbox 3105 2019 3196 2073; x_wconf 79' lang='grc' dir='ltr'>ἐπ’</span> <span class='ocrx_word' id='word_1_664' title='bbox 3217 2018 3444 2083; x_wconf 81' lang='grc' dir='ltr'>αὐτοῖς.</span> 
     </span>
    </p>
   </div>
   <div class='ocr_carea' id='block_1_89' title="bbox 1864 2100 3454 2181">
    <p class='ocr_par' dir='ltr' id='par_1_89' title="bbox 1864 2100 3454 2181">
     <span class='ocr_line' id='line_1_89' title="bbox 1864 2100 3454 2181; baseline -0.006 -21"><span class='ocrx_word' id='word_1_665' title='bbox 1864 2107 2040 2178; x_wconf 75' lang='grc' dir='ltr'>Πολλὴ</span> <span class='ocrx_word' id='word_1_666' title='bbox 2068 2107 2163 2160; x_wconf 70' lang='grc' dir='ltr'>καὶ</span> <span class='ocrx_word' id='word_1_667' title='bbox 2187 2107 2378 2159; x_wconf 85' lang='grc' dir='ltr'>τούτου</span> <span class='ocrx_word' id='word_1_668' title='bbox 2409 2108 2443 2176; x_wconf 83' lang='grc' dir='ltr'>ή</span> <span class='ocrx_word' id='word_1_669' title='bbox 2473 2108 2602 2176; x_wconf 88' lang='grc' dir='ltr'>περί</span> <span class='ocrx_word' id='word_1_670' title='bbox 2639 2105 2710 2157; x_wconf 91' lang='grc' dir='ltr'>τά</span> <span class='ocrx_word' id='word_1_671' title='bbox 2739 2103 3034 2157; x_wconf 88' lang='grc' dir='ltr'>δεσποτικά</span> <span class='ocrx_word' id='word_1_672' title='bbox 3069 2105 3326 2181; x_wconf 68' lang='grc' dir='ltr'>χρήματα</span> <span class='ocrx_word' id='word_1_673' title='bbox 3357 2100 3454 2152; x_wconf 77' lang='grc' dir='ltr'>εὑ-</span> 
     </span>
    </p>
   </div>
   <div class='ocr_carea' id='block_1_90' title="bbox 1861 2184 3453 2256">
    <p class='ocr_par' dir='ltr' id='par_1_90' title="bbox 1861 2184 3453 2256">
     <span class='ocr_line' id='line_1_90' title="bbox 1861 2184 3453 2256; baseline -0.005 -12"><span class='ocrx_word' id='word_1_674' title='bbox 1861 2207 2000 2255; x_wconf 87' lang='grc' dir='ltr'>νοια,</span> <span class='ocrx_word' id='word_1_675' title='bbox 2037 2190 2118 2243; x_wconf 86' lang='grc' dir='ltr'>διὸ</span> <span class='ocrx_word' id='word_1_676' title='bbox 2148 2189 2242 2244; x_wconf 71' lang='grc' dir='ltr'>καὶ</span> <span class='ocrx_word' id='word_1_677' title='bbox 2275 2188 2385 2242; x_wconf 81' lang='grc' dir='ltr'>τῶν</span> <span class='ocrx_word' id='word_1_678' title='bbox 2419 2188 2601 2242; x_wconf 85' lang='grc' dir='ltr'>αὑτῶν</span> <span class='ocrx_word' id='word_1_679' title='bbox 2635 2184 2881 2251; x_wconf 77' lang='grc' dir='ltr'>ἀξιοῦται</span> <span class='ocrx_word' id='word_1_680' title='bbox 2911 2186 2992 2256; x_wconf 84' lang='grc' dir='ltr'>τῷ</span> <span class='ocrx_word' id='word_1_681' title='bbox 3035 2187 3307 2256; x_wconf 79' lang='grc' dir='ltr'>προτέρῳ.</span> <span class='ocrx_word' id='word_1_682' title='bbox 3341 2185 3453 2236; x_wconf 77' lang='grc' dir='ltr'>Καὶ</span> 
     </span>
    </p>
   </div>
   <div class='ocr_carea' id='block_1_91' title="bbox 1861 2265 3451 2340">
    <p class='ocr_par' dir='ltr' id='par_1_91' title="bbox 1861 2265 3451 2340">
     <span class='ocr_line' id='line_1_91' title="bbox 1861 2265 3451 2340; baseline -0.005 -15"><span class='ocrx_word' id='word_1_683' title='bbox 1861 2273 2006 2335; x_wconf 89' lang='grc' dir='ltr'>τίνος</span> <span class='ocrx_word' id='word_1_684' title='bbox 2060 2272 2246 2324; x_wconf 73' lang='grc' dir='ltr'>ἕνεκεν</span> <span class='ocrx_word' id='word_1_685' title='bbox 2291 2270 2384 2323; x_wconf 88' lang='grc' dir='ltr'>δύο</span> <span class='ocrx_word' id='word_1_686' title='bbox 2426 2268 2809 2340; x_wconf 81' lang='grc' dir='ltr'>προσενεγκὼν</span> <span class='ocrx_word' id='word_1_687' title='bbox 2857 2270 3096 2324; x_wconf 76' lang='grc' dir='ltr'>τάλαντα</span> <span class='ocrx_word' id='word_1_688' title='bbox 3140 2268 3239 2336; x_wconf 80' lang='grc' dir='ltr'>τῆς</span> <span class='ocrx_word' id='word_1_689' title='bbox 3278 2265 3451 2334; x_wconf 89' lang='grc' dir='ltr'>αὑτῆς</span> 
     </span>
    </p>
   </div>
   <div class='ocr_carea' id='block_1_92' title="bbox 1863 2351 3451 2424">
    <p class='ocr_par' dir='ltr' id='par_1_92' title="bbox 1863 2351 3451 2424">
     <span class='ocr_line' id='line_1_92' title="bbox 1863 2351 3451 2424; baseline -0.006 -15"><span class='ocrx_word' id='word_1_690' title='bbox 1863 2356 2056 2424; x_wconf 82' lang='grc' dir='ltr'>ἐκείνῳ</span> <span class='ocrx_word' id='word_1_691' title='bbox 2100 2353 2181 2423; x_wconf 88' lang='grc' dir='ltr'>τῷ</span> <span class='ocrx_word' id='word_1_692' title='bbox 2217 2353 2284 2405; x_wconf 84' lang='grc' dir='ltr'>τὰ</span> <span class='ocrx_word' id='word_1_693' title='bbox 2316 2353 2478 2406; x_wconf 84' lang='grc' dir='ltr'>πέντε</span> <span class='ocrx_word' id='word_1_694' title='bbox 2503 2352 2922 2420; x_wconf 34' lang='grc' dir='ltr'>,προσαγαγόντι</span> <span class='ocrx_word' id='word_1_695' title='bbox 2960 2351 3204 2418; x_wconf 78' lang='grc' dir='ltr'>ἀξιοῦται</span> <span class='ocrx_word' id='word_1_696' title='bbox 3247 2351 3451 2420; x_wconf 81' lang='grc' dir='ltr'>τιμῆς;</span> 
     </span>
    </p>
   </div>
   <div class='ocr_carea' id='block_1_93' title="bbox 1866 2429 3452 2505">
    <p class='ocr_par' dir='ltr' id='par_1_93' title="bbox 1866 2429 3452 2505">
     <span class='ocr_line' id='line_1_93' title="bbox 1866 2429 3452 2505; baseline -0.005 -15"><span class='ocrx_word' id='word_1_697' title='bbox 1866 2437 2104 2499; x_wconf 73' lang='grc' dir='ltr'>Εἰκότως</span> <span class='ocrx_word' id='word_1_698' title='bbox 2122 2453 2137 2469; x_wconf 80' lang='grc' dir='ltr'><strong><em>ο</em></strong></span> <span class='ocrx_word' id='word_1_699' title='bbox 2160 2435 2250 2489; x_wconf 74' lang='grc' dir='ltr'>τὸν</span> <span class='ocrx_word' id='word_1_700' title='bbox 2281 2436 2379 2505; x_wconf 74' lang='grc' dir='ltr'>μὲν</span> <span class='ocrx_word' id='word_1_701' title='bbox 2404 2434 2512 2505; x_wconf 85' lang='grc' dir='ltr'>γὰρ</span> <span class='ocrx_word' id='word_1_702' title='bbox 2535 2429 2876 2503; x_wconf 76' lang='grc' dir='ltr'>πλεονασμὸν</span> <span class='ocrx_word' id='word_1_703' title='bbox 2911 2435 3006 2487; x_wconf 78' lang='grc' dir='ltr'>καὶ</span> <span class='ocrx_word' id='word_1_704' title='bbox 3031 2433 3128 2505; x_wconf 81' lang='grc' dir='ltr'>τὴν</span> <span class='ocrx_word' id='word_1_705' title='bbox 3155 2433 3452 2486; x_wconf 82' lang='grc' dir='ltr'>ἐλάττωσιν</span> 
     </span>
    </p>
   </div>
   <div class='ocr_carea' id='block_1_94' title="bbox 1862 2513 3458 2588">
    <p class='ocr_par' dir='ltr' id='par_1_94' title="bbox 1862 2513 3458 2588">
     <span class='ocr_line' id='line_1_94' title="bbox 1862 2513 3458 2588; baseline -0.004 -17"><span class='ocrx_word' id='word_1_706' title='bbox 1862 2521 1962 2587; x_wconf 82' lang='grc' dir='ltr'>οὑχ</span> <span class='ocrx_word' id='word_1_707' title='bbox 1992 2520 2026 2588; x_wconf 85' lang='grc' dir='ltr'>ή</span> <span class='ocrx_word' id='word_1_708' title='bbox 2057 2517 2250 2569; x_wconf 85' lang='grc' dir='ltr'>τούτου</span> <span class='ocrx_word' id='word_1_709' title='bbox 2279 2516 2514 2586; x_wconf 83' lang='grc' dir='ltr'>σπουδὴ.</span> <span class='ocrx_word' id='word_1_710' title='bbox 2533 2516 2655 2569; x_wconf 86' lang='grc' dir='ltr'>οὑδέ</span> <span class='ocrx_word' id='word_1_711' title='bbox 2682 2518 2716 2586; x_wconf 90' lang='grc' dir='ltr'>ή</span> <span class='ocrx_word' id='word_1_712' title='bbox 2739 2517 2947 2568; x_wconf 71' lang='grc' dir='ltr'>ἐκείνου</span> <span class='ocrx_word' id='word_1_713' title='bbox 2969 2515 3210 2587; x_wconf 73' lang='grc' dir='ltr'>ῥᾳθυμία</span> <span class='ocrx_word' id='word_1_714' title='bbox 3231 2513 3458 2584; x_wconf 83' lang='grc' dir='ltr'>πεποίη-</span> 
     </span>
    </p>
   </div>
   <div class='ocr_carea' id='block_1_95' title="bbox 1863 2595 3455 2669">
    <p class='ocr_par' dir='ltr' id='par_1_95' title="bbox 1863 2595 3455 2669">
     <span class='ocr_line' id='line_1_95' title="bbox 1863 2595 3455 2669; baseline -0.004 -15"><span class='ocrx_word' id='word_1_715' title='bbox 1863 2618 1977 2666; x_wconf 85' lang='grc' dir='ltr'>κεν,</span> <span class='ocrx_word' id='word_1_716' title='bbox 2009 2600 2122 2652; x_wconf 77' lang='grc' dir='ltr'>ἀλλ’</span> <span class='ocrx_word' id='word_1_717' title='bbox 2156 2601 2191 2669; x_wconf 85' lang='grc' dir='ltr'>ή</span> <span class='ocrx_word' id='word_1_718' title='bbox 2220 2598 2329 2651; x_wconf 88' lang='grc' dir='ltr'>τῶν</span> <span class='ocrx_word' id='word_1_719' title='bbox 2354 2597 2826 2668; x_wconf 75' lang='grc' dir='ltr'>ἐμπιστευθέντων</span> <span class='ocrx_word' id='word_1_720' title='bbox 2870 2598 3123 2667; x_wconf 86' lang='grc' dir='ltr'>ποσότης.</span> <span class='ocrx_word' id='word_1_721' title='bbox 3157 2595 3238 2649; x_wconf 89' lang='grc' dir='ltr'>Τά</span> <span class='ocrx_word' id='word_1_722' title='bbox 3267 2598 3455 2665; x_wconf 87' lang='grc' dir='ltr'>μέντοι</span> 
     </span>
    </p>
   </div>
   <div class='ocr_carea' id='block_1_96' title="bbox 1861 2676 3454 2752">
    <p class='ocr_par' dir='ltr' id='par_1_96' title="bbox 1861 2676 3454 2752">
     <span class='ocr_line' id='line_1_96' title="bbox 1861 2676 3454 2752; baseline -0.005 -16"><span class='ocrx_word' id='word_1_723' title='bbox 1861 2683 1962 2751; x_wconf 88' lang='grc' dir='ltr'>τῆς</span> <span class='ocrx_word' id='word_1_724' title='bbox 1999 2683 2237 2752; x_wconf 85' lang='grc' dir='ltr'>σπουδῆς</span> <span class='ocrx_word' id='word_1_725' title='bbox 2271 2683 2362 2734; x_wconf 81' lang='grc' dir='ltr'>ίσα</span> <span class='ocrx_word' id='word_1_726' title='bbox 2389 2682 2485 2733; x_wconf 76' lang='grc' dir='ltr'>καὶ</span> <span class='ocrx_word' id='word_1_727' title='bbox 2514 2680 2665 2751; x_wconf 87' lang='grc' dir='ltr'>παρά</span> <span class='ocrx_word' id='word_1_728' title='bbox 2696 2680 2885 2732; x_wconf 86' lang='grc' dir='ltr'>τούτου</span> <span class='ocrx_word' id='word_1_729' title='bbox 2905 2719 2920 2741; x_wconf 95' lang='grc'>,</span> <span class='ocrx_word' id='word_1_730' title='bbox 2959 2679 3051 2733; x_wconf 77' lang='grc' dir='ltr'>καὶ</span> <span class='ocrx_word' id='word_1_731' title='bbox 3077 2678 3208 2748; x_wconf 78' lang='grc' dir='ltr'>παρ’</span> <span class='ocrx_word' id='word_1_732' title='bbox 3243 2676 3454 2730; x_wconf 80' lang='grc' dir='ltr'>ἐκείνου</span> 
     </span>
    </p>
   </div>
   <div class='ocr_carea' id='block_1_97' title="bbox 1863 2758 3457 2834">
    <p class='ocr_par' dir='ltr' id='par_1_97' title="bbox 1863 2758 3457 2834">
     <span class='ocr_line' id='line_1_97' title="bbox 1863 2758 3457 2834; baseline -0.003 -17"><span class='ocrx_word' id='word_1_733' title='bbox 1863 2766 2240 2834; x_wconf 85' lang='grc' dir='ltr'>εἰσενήνεκται</span> <span class='ocrx_word' id='word_1_734' title='bbox 2260 2778 2273 2791; x_wconf 80' lang='grc'><strong><em>⁸</em></strong></span> <span class='ocrx_word' id='word_1_735' title='bbox 2308 2763 2395 2816; x_wconf 88' lang='grc' dir='ltr'>διά</span> <span class='ocrx_word' id='word_1_736' title='bbox 2423 2762 2582 2816; x_wconf 91' lang='grc' dir='ltr'>τοῦτο</span> <span class='ocrx_word' id='word_1_737' title='bbox 2618 2763 2712 2815; x_wconf 76' lang='grc' dir='ltr'>καὶ</span> <span class='ocrx_word' id='word_1_738' title='bbox 2742 2763 2840 2832; x_wconf 89' lang='grc' dir='ltr'>τῆς</span> <span class='ocrx_word' id='word_1_739' title='bbox 2869 2762 3104 2834; x_wconf 88' lang='grc' dir='ltr'>ἀμοιϐῆς</span> <span class='ocrx_word' id='word_1_740' title='bbox 3146 2762 3244 2832; x_wconf 89' lang='grc' dir='ltr'>τῆς</span> <span class='ocrx_word' id='word_1_741' title='bbox 3284 2758 3457 2828; x_wconf 82' lang='grc' dir='ltr'>αὐτῆς</span> 
     </span>
    </p>
   </div>
   <div class='ocr_carea' id='block_1_98' title="bbox 1865 2849 2213 2916">
    <p class='ocr_par' dir='ltr' id='par_1_98' title="bbox 1865 2849 2213 2916">
     <span class='ocr_line' id='line_1_98' title="bbox 1865 2849 2213 2916; baseline 0.009 -16"><span class='ocrx_word' id='word_1_742' title='bbox 1865 2849 2213 2916; x_wconf 80' lang='grc' dir='ltr'>ἀπήλαυσαν.</span> 
     </span>
    </p>
   </div>
   <div class='ocr_carea' id='block_1_99' title="bbox 1935 3012 3456 3089">
    <p class='ocr_par' dir='ltr' id='par_1_99' title="bbox 1935 3012 3456 3089">
     <span class='ocr_line' id='line_1_99' title="bbox 1935 3012 3456 3089; baseline -0.003 -17"><span class='ocrx_word' id='word_1_743' title='bbox 1935 3019 2003 3089; x_wconf 75' lang='grc' dir='ltr'>β’.</span> <span class='ocrx_word' id='word_1_744' title='bbox 2037 3019 2178 3071; x_wconf 52' lang='grc' dir='ltr'>’.ἀλλ’</span> <span class='ocrx_word' id='word_1_745' title='bbox 2200 3020 2228 3070; x_wconf 82' lang='grc' dir='ltr'><strong>ὸ</strong></span> <span class='ocrx_word' id='word_1_746' title='bbox 2253 3018 2439 3086; x_wconf 77' lang='grc' dir='ltr'>ἕτερος</span> <span class='ocrx_word' id='word_1_747' title='bbox 2469 3015 2621 3068; x_wconf 75' lang='grc' dir='ltr'>οὐδὲν</span> <span class='ocrx_word' id='word_1_748' title='bbox 2654 3013 2896 3068; x_wconf 90' lang='grc' dir='ltr'>τοιοῦτον</span> <span class='ocrx_word' id='word_1_749' title='bbox 2931 3012 3260 3085; x_wconf 77' lang='grc' dir='ltr'>διεπράξατο</span> <span class='ocrx_word' id='word_1_750' title='bbox 3280 3030 3294 3044; x_wconf 88' lang='grc'><strong>·</strong></span> <span class='ocrx_word' id='word_1_751' title='bbox 3319 3013 3456 3067; x_wconf 87' lang='grc' dir='ltr'>ἀλλά</span> 
     </span>
    </p>
   </div>
   <div class='ocr_carea' id='block_1_100' title="bbox 1863 3094 3464 3171">
    <p class='ocr_par' dir='ltr' id='par_1_100' title="bbox 1863 3094 3464 3171">
     <span class='ocr_line' id='line_1_100' title="bbox 1863 3094 3464 3171; baseline -0.001 -18"><span class='ocrx_word' id='word_1_752' title='bbox 1863 3102 1953 3163; x_wconf 87' lang='grc' dir='ltr'>τί;</span> <span class='ocrx_word' id='word_1_753' title='bbox 2008 3099 2287 3171; x_wconf 84' lang='grc' dir='ltr'>Προσῆλθε</span> <span class='ocrx_word' id='word_1_754' title='bbox 2323 3099 2494 3167; x_wconf 80' lang='grc' dir='ltr'>λέγων</span> <span class='ocrx_word' id='word_1_755' title='bbox 2516 3116 2530 3130; x_wconf 80' lang='grc' dir='ltr'><strong><em>ο</em></strong></span> <span class='ocrx_word' id='word_1_756' title='bbox 2566 3100 2794 3165; x_wconf 66' lang='lat' dir='ltr'>&quot;Erran-</span> <span class='ocrx_word' id='word_1_757' title='bbox 2837 3113 2931 3158; x_wconf 86' lang='grc' dir='ltr'>σε,</span> <span class='ocrx_word' id='word_1_758' title='bbox 2971 3097 3058 3150; x_wconf 84' lang='grc' dir='ltr'>ότι</span> <span class='ocrx_word' id='word_1_759' title='bbox 3099 3098 3370 3164; x_wconf 81' lang='grc' dir='ltr'>σκληρὸς</span> <span class='ocrx_word' id='word_1_760' title='bbox 3401 3094 3464 3151; x_wconf 72' lang='grc' dir='ltr'>εἴ</span> 
     </span>
    </p>
   </div>
   <div class='ocr_carea' id='block_1_101' title="bbox 1864 3178 3461 3249">
    <p class='ocr_par' dir='ltr' id='par_1_101' title="bbox 1864 3178 3461 3249">
     <span class='ocr_line' id='line_1_101' title="bbox 1864 3178 3461 3249; baseline -0.003 -13"><span class='ocrx_word' id='word_1_761' title='bbox 1864 3183 2175 3249; x_wconf 80' lang='grc' dir='ltr'>ἄνθρωπος</span> <span class='ocrx_word' id='word_1_762' title='bbox 2193 3220 2206 3245; x_wconf 87' lang='grc'>,</span> <span class='ocrx_word' id='word_1_763' title='bbox 2235 3178 2473 3249; x_wconf 70' lang='grc' dir='ltr'>θερίζὶυν</span> <span class='ocrx_word' id='word_1_764' title='bbox 2514 3179 2667 3233; x_wconf 84' lang='grc' dir='ltr'>ὅπου</span> <span class='ocrx_word' id='word_1_765' title='bbox 2695 3182 2808 3233; x_wconf 81' lang='grc' dir='ltr'>οὐκ</span> <span class='ocrx_word' id='word_1_766' title='bbox 2838 3180 3147 3248; x_wconf 78' lang='grc' dir='ltr'>ἔσπειρας,</span> <span class='ocrx_word' id='word_1_767' title='bbox 3176 3181 3275 3232; x_wconf 77' lang='grc' dir='ltr'>καὶ</span> <span class='ocrx_word' id='word_1_768' title='bbox 3302 3199 3461 3236; x_wconf 49' lang='grc' dir='ltr'>συν-η</span> 
     </span>
    </p>
   </div>
   <div class='ocr_carea' id='block_1_102' title="bbox 1863 3262 3457 3332">
    <p class='ocr_par' dir='ltr' id='par_1_102' title="bbox 1863 3262 3457 3332">
     <span class='ocr_line' id='line_1_102' title="bbox 1863 3262 3457 3332; baseline 0 -15"><span class='ocrx_word' id='word_1_769' title='bbox 1863 3264 2024 3332; x_wconf 71' lang='grc' dir='ltr'>ἄγων</span> <span class='ocrx_word' id='word_1_770' title='bbox 2057 3265 2197 3317; x_wconf 81' lang='grc' dir='ltr'>ὅθεν</span> <span class='ocrx_word' id='word_1_771' title='bbox 2227 3266 2299 3317; x_wconf 78' lang='grc' dir='ltr'>οὐ</span> <span class='ocrx_word' id='word_1_772' title='bbox 2330 3262 2802 3330; x_wconf 84' lang='grc' dir='ltr'>διεσκόρπισας·</span> <span class='ocrx_word' id='word_1_773' title='bbox 2850 3264 2948 3316; x_wconf 77' lang='grc' dir='ltr'>καί</span> <span class='ocrx_word' id='word_1_774' title='bbox 2996 3265 3302 3331; x_wconf 74' lang='grc' dir='ltr'>φοϐηθείς,</span> <span class='ocrx_word' id='word_1_775' title='bbox 3339 3265 3457 3319; x_wconf 77' lang='grc' dir='ltr'>ἀπο</span> 
     </span>
    </p>
   </div>
   <div class='ocr_carea' id='block_1_103' title="bbox 1863 3343 3463 3414">
    <p class='ocr_par' dir='ltr' id='par_1_103' title="bbox 1863 3343 3463 3414">
     <span class='ocr_line' id='line_1_103' title="bbox 1863 3343 3463 3414; baseline -0.001 -15"><span class='ocrx_word' id='word_1_776' title='bbox 1863 3345 2057 3399; x_wconf 81' lang='grc' dir='ltr'>ελθὼν</span> <span class='ocrx_word' id='word_1_777' title='bbox 2084 3345 2323 3411; x_wconf 75' lang='grc' dir='ltr'>ἔκρυψα</span> <span class='ocrx_word' id='word_1_778' title='bbox 2361 3345 2427 3395; x_wconf 77' lang='grc' dir='ltr'>τὸ</span> <span class='ocrx_word' id='word_1_779' title='bbox 2462 3343 2763 3397; x_wconf 79' lang='grc' dir='ltr'>τάλαντον</span> <span class='ocrx_word' id='word_1_780' title='bbox 2791 3344 2862 3396; x_wconf 82' lang='grc' dir='ltr'>ἑν</span> <span class='ocrx_word' id='word_1_781' title='bbox 2879 3344 2953 3412; x_wconf 79' lang='grc' dir='ltr'>τῇ</span> <span class='ocrx_word' id='word_1_782' title='bbox 2979 3344 3080 3414; x_wconf 76' lang='grc' dir='ltr'>γῆ.</span> <span class='ocrx_word' id='word_1_783' title='bbox 3120 3345 3269 3400; x_wconf 85' lang='grc' dir='ltr'>Ἰδοὺ</span> <span class='ocrx_word' id='word_1_784' title='bbox 3295 3347 3463 3414; x_wconf 77' lang='grc' dir='ltr'>ἔχεις</span> 
     </span>
    </p>
   </div>
   <div class='ocr_carea' id='block_1_104' title="bbox 1863 3425 3460 3501">
    <p class='ocr_par' dir='ltr' id='par_1_104' title="bbox 1863 3425 3460 3501">
     <span class='ocr_line' id='line_1_104' title="bbox 1863 3425 3460 3501; baseline 0.002 -23"><span class='ocrx_word' id='word_1_785' title='bbox 1863 3427 1929 3479; x_wconf 88' lang='grc' dir='ltr'>τὸ</span> <span class='ocrx_word' id='word_1_786' title='bbox 1975 3428 2112 3480; x_wconf 86' lang='grc' dir='ltr'>σόν.</span> <span class='ocrx_word' id='word_1_787' title='bbox 2160 3427 2225 3478; x_wconf 83' lang='grc' dir='ltr'><strong>Ὢ</strong></span> <span class='ocrx_word' id='word_1_788' title='bbox 2267 3425 2438 3479; x_wconf 87' lang='grc' dir='ltr'>κακία</span> <span class='ocrx_word' id='word_1_789' title='bbox 2483 3426 2731 3478; x_wconf 82' lang='grc' dir='ltr'>οίκέτουι</span> <span class='ocrx_word' id='word_1_790' title='bbox 2777 3426 2824 3478; x_wconf 82' lang='grc' dir='ltr'><strong>ὣ</strong></span> <span class='ocrx_word' id='word_1_791' title='bbox 2855 3428 3253 3498; x_wconf 69' lang='grc' dir='ltr'>ἀγνωμοσύνης</span> <span class='ocrx_word' id='word_1_792' title='bbox 3289 3431 3460 3501; x_wconf 85' lang='grc' dir='ltr'>ὑπερ-</span> 
     </span>
    </p>
   </div>
   <div class='ocr_carea' id='block_1_105' title="bbox 1867 3507 3457 3581">
    <p class='ocr_par' dir='ltr' id='par_1_105' title="bbox 1867 3507 3457 3581">
     <span class='ocr_line' id='line_1_105' title="bbox 1867 3507 3457 3581; baseline 0.004 -22"><span class='ocrx_word' id='word_1_793' title='bbox 1867 3508 1998 3578; x_wconf 81' lang='grc' dir='ltr'>ϐολὴ</span> <span class='ocrx_word' id='word_1_794' title='bbox 2023 3547 2038 3568; x_wconf 94' lang='grc'>,</span> <span class='ocrx_word' id='word_1_795' title='bbox 2079 3508 2140 3560; x_wconf 92' lang='grc' dir='ltr'>οὑ</span> <span class='ocrx_word' id='word_1_796' title='bbox 2172 3509 2330 3577; x_wconf 89' lang='grc' dir='ltr'>μόνον</span> <span class='ocrx_word' id='word_1_797' title='bbox 2373 3507 2456 3559; x_wconf 86' lang='grc' dir='ltr'>ὃτι</span> <span class='ocrx_word' id='word_1_798' title='bbox 2498 3508 2651 3560; x_wconf 75' lang='grc' dir='ltr'>οὐδὲν</span> <span class='ocrx_word' id='word_1_799' title='bbox 2681 3509 2980 3579; x_wconf 82' lang='grc' dir='ltr'>εἰργάσατο</span> <span class='ocrx_word' id='word_1_800' title='bbox 3010 3511 3104 3563; x_wconf 74' lang='grc' dir='ltr'>ἐπὶ</span> <span class='ocrx_word' id='word_1_801' title='bbox 3143 3510 3222 3581; x_wconf 81' lang='grc' dir='ltr'>τῷ</span> <span class='ocrx_word' id='word_1_802' title='bbox 3247 3511 3457 3565; x_wconf 84' lang='grc' dir='ltr'>δοθέντι</span> 
     </span>
    </p>
   </div>
   <div class='ocr_carea' id='block_1_106' title="bbox 1865 3589 3460 3664">
    <p class='ocr_par' dir='ltr' id='par_1_106' title="bbox 1865 3589 3460 3664">
     <span class='ocr_line' id='line_1_106' title="bbox 1865 3589 3460 3664; baseline 0.003 -22"><span class='ocrx_word' id='word_1_803' title='bbox 1865 3591 2015 3660; x_wconf 86' lang='grc' dir='ltr'>αὑτῷ</span> <span class='ocrx_word' id='word_1_804' title='bbox 2045 3591 2332 3660; x_wconf 86' lang='grc' dir='ltr'>ταλάντῳ,</span> <span class='ocrx_word' id='word_1_805' title='bbox 2370 3589 2488 3642; x_wconf 84' lang='grc' dir='ltr'>ἀλλ’</span> <span class='ocrx_word' id='word_1_806' title='bbox 2517 3590 2599 3643; x_wconf 87' lang='grc' dir='ltr'>ὅτι</span> <span class='ocrx_word' id='word_1_807' title='bbox 2646 3592 2739 3644; x_wconf 72' lang='grc' dir='ltr'>καὶ</span> <span class='ocrx_word' id='word_1_808' title='bbox 2775 3592 2893 3644; x_wconf 75' lang='grc' dir='ltr'>ἀντὶ</span> <span class='ocrx_word' id='word_1_809' title='bbox 2922 3592 3189 3646; x_wconf 85' lang='grc' dir='ltr'>ταλάντου</span> <span class='ocrx_word' id='word_1_810' title='bbox 3222 3610 3460 3664; x_wconf 87' lang='grc' dir='ltr'>κατηγο-</span> 
     </span>
    </p>
   </div>
   <div class='ocr_carea' id='block_1_107' title="bbox 1867 3671 3464 3746">
    <p class='ocr_par' dir='ltr' id='par_1_107' title="bbox 1867 3671 3464 3746">
     <span class='ocr_line' id='line_1_107' title="bbox 1867 3671 3464 3746; baseline 0.003 -22"><span class='ocrx_word' id='word_1_811' title='bbox 1867 3673 1989 3743; x_wconf 84' lang='grc' dir='ltr'>ρίαν</span> <span class='ocrx_word' id='word_1_812' title='bbox 2034 3671 2409 3743; x_wconf 76' lang='grc' dir='ltr'>προσήνεγκεῑ</span> <span class='ocrx_word' id='word_1_813' title='bbox 2457 3671 2711 3726; x_wconf 85' lang='grc' dir='ltr'>Τοιοῦτον</span> <span class='ocrx_word' id='word_1_814' title='bbox 2739 3674 2850 3744; x_wconf 83' lang='grc' dir='ltr'>γὰρ</span> <span class='ocrx_word' id='word_1_815' title='bbox 2890 3676 2923 3744; x_wconf 86' lang='grc' dir='ltr'>ή</span> <span class='ocrx_word' id='word_1_816' title='bbox 2967 3677 3218 3746; x_wconf 85' lang='grc' dir='ltr'>πονηρία·</span> <span class='ocrx_word' id='word_1_817' title='bbox 3275 3680 3464 3730; x_wconf 71' lang='grc' dir='ltr'>σκοτοῐ</span> 
     </span>
    </p>
   </div>
   <div class='ocr_carea' id='block_1_108' title="bbox 1864 3755 3460 3830">
    <p class='ocr_par' dir='ltr' id='par_1_108' title="bbox 1864 3755 3460 3830">
     <span class='ocr_line' id='line_1_108' title="bbox 1864 3755 3460 3830; baseline 0.003 -22"><span class='ocrx_word' id='word_1_818' title='bbox 1864 3757 1957 3808; x_wconf 72' lang='grc' dir='ltr'>τὸν</span> <span class='ocrx_word' id='word_1_819' title='bbox 1986 3755 2265 3825; x_wconf 77' lang='grc' dir='ltr'>λογισμὸν,</span> <span class='ocrx_word' id='word_1_820' title='bbox 2304 3757 2399 3809; x_wconf 71' lang='grc' dir='ltr'>καὶ</span> <span class='ocrx_word' id='word_1_821' title='bbox 2435 3755 2576 3808; x_wconf 87' lang='grc' dir='ltr'>κατά</span> <span class='ocrx_word' id='word_1_822' title='bbox 2611 3757 2875 3826; x_wconf 84' lang='grc' dir='ltr'>κρημνῶν</span> <span class='ocrx_word' id='word_1_823' title='bbox 2902 3761 3046 3811; x_wconf 83' lang='grc' dir='ltr'>ποιεῖ</span> <span class='ocrx_word' id='word_1_824' title='bbox 3071 3759 3335 3830; x_wconf 85' lang='grc' dir='ltr'>φέρεσθαι</span> <span class='ocrx_word' id='word_1_825' title='bbox 3362 3760 3460 3813; x_wconf 79' lang='grc' dir='ltr'>τὸν</span> 
     </span>
    </p>
   </div>
   <div class='ocr_carea' id='block_1_109' title="bbox 1867 3837 3460 3908">
    <p class='ocr_par' dir='ltr' id='par_1_109' title="bbox 1867 3837 3460 3908">
     <span class='ocr_line' id='line_1_109' title="bbox 1867 3837 3460 3908; baseline 0.003 -17"><span class='ocrx_word' id='word_1_826' title='bbox 1867 3838 2014 3903; x_wconf 63' lang='grc' dir='ltr'>ἅπαξ</span> <span class='ocrx_word' id='word_1_827' title='bbox 2045 3838 2141 3905; x_wconf 83' lang='grc' dir='ltr'>τῆς</span> <span class='ocrx_word' id='word_1_828' title='bbox 2182 3837 2396 3900; x_wconf 86' lang='grc' dir='ltr'>εὑθείας</span> <span class='ocrx_word' id='word_1_829' title='bbox 2427 3838 2784 3908; x_wconf 85' lang='grc' dir='ltr'>ἐκτραπέντα,</span> <span class='ocrx_word' id='word_1_830' title='bbox 2805 3839 2947 3894; x_wconf 83' lang='grc' dir='ltr'>ὁδοῦ.</span> <span class='ocrx_word' id='word_1_831' title='bbox 2981 3840 3168 3894; x_wconf 87' lang='grc' dir='ltr'>Ταῦτα</span> <span class='ocrx_word' id='word_1_832' title='bbox 3192 3842 3249 3895; x_wconf 79' lang='grc' dir='ltr'>δὲ</span> <span class='ocrx_word' id='word_1_833' title='bbox 3281 3843 3460 3896; x_wconf 88' lang='grc' dir='ltr'>πάντα</span> 
     </span>
    </p>
   </div>
   <div class='ocr_carea' id='block_1_110' title="bbox 1869 3920 3460 3996">
    <p class='ocr_par' dir='ltr' id='par_1_110' title="bbox 1869 3920 3460 3996">
     <span class='ocr_line' id='line_1_110' title="bbox 1869 3920 3460 3996; baseline 0.003 -23"><span class='ocrx_word' id='word_1_834' title='bbox 1869 3922 1997 3991; x_wconf 69' lang='grc' dir='ltr'>περὶ</span> <span class='ocrx_word' id='word_1_835' title='bbox 2024 3920 2133 3972; x_wconf 90' lang='grc' dir='ltr'>τῶν</span> <span class='ocrx_word' id='word_1_836' title='bbox 2163 3920 2505 3974; x_wconf 83' lang='grc' dir='ltr'>διδασκάλων</span> <span class='ocrx_word' id='word_1_837' title='bbox 2536 3920 2779 3991; x_wconf 71' lang='grc' dir='ltr'>εἴρηται,</span> <span class='ocrx_word' id='word_1_838' title='bbox 2807 3921 2947 3973; x_wconf 85' lang='grc' dir='ltr'>ὥστε</span> <span class='ocrx_word' id='word_1_839' title='bbox 2985 3922 3060 3993; x_wconf 81' lang='grc' dir='ltr'>μὴ</span> <span class='ocrx_word' id='word_1_840' title='bbox 3113 3924 3460 3996; x_wconf 80' lang='grc' dir='ltr'>ἀποκρύπτε·</span> 
     </span>
    </p>
   </div>
   <div class='ocr_carea' id='block_1_111' title="bbox 1870 4001 3461 4074">
    <p class='ocr_par' dir='ltr' id='par_1_111' title="bbox 1870 4001 3461 4074">
     <span class='ocr_line' id='line_1_111' title="bbox 1870 4001 3461 4074; baseline 0.003 -20"><span class='ocrx_word' id='word_1_841' title='bbox 1870 4004 1994 4054; x_wconf 85' lang='grc' dir='ltr'>σθαι</span> <span class='ocrx_word' id='word_1_842' title='bbox 2025 4001 2094 4053; x_wconf 87' lang='grc' dir='ltr'>τὰ</span> <span class='ocrx_word' id='word_1_843' title='bbox 2139 4003 2600 4071; x_wconf 81' lang='grc' dir='ltr'>ἐμπιστευθέντα,</span> <span class='ocrx_word' id='word_1_844' title='bbox 2645 4002 2785 4055; x_wconf 90' lang='grc' dir='ltr'>ἀλλά</span> <span class='ocrx_word' id='word_1_845' title='bbox 2818 4005 2956 4074; x_wconf 82' lang='grc' dir='ltr'>μετά</span> <span class='ocrx_word' id='word_1_846' title='bbox 3002 4005 3184 4074; x_wconf 87' lang='grc' dir='ltr'>πάσης</span> <span class='ocrx_word' id='word_1_847' title='bbox 3221 4006 3461 4074; x_wconf 82' lang='grc' dir='ltr'>σπουδῆς</span> 
     </span>
    </p>
   </div>
   <div class='ocr_carea' id='block_1_112' title="bbox 1869 4083 3461 4155">
    <p class='ocr_par' dir='ltr' id='par_1_112' title="bbox 1869 4083 3461 4155">
     <span class='ocr_line' id='line_1_112' title="bbox 1869 4083 3461 4155; baseline 0.001 -19"><span class='ocrx_word' id='word_1_848' title='bbox 1869 4083 2230 4154; x_wconf 84' lang='grc' dir='ltr'>παρατιθέναι</span> <span class='ocrx_word' id='word_1_849' title='bbox 2272 4087 2383 4146; x_wconf 87' lang='grc' dir='ltr'>τοῖς</span> <span class='ocrx_word' id='word_1_850' title='bbox 2427 4085 2911 4155; x_wconf 83' lang='grc' dir='ltr'>μαθητευομένοις.</span> <span class='ocrx_word' id='word_1_851' title='bbox 2959 4086 3098 4139; x_wconf 72' lang='grc' dir='ltr'>Ἀλλ’</span> <span class='ocrx_word' id='word_1_852' title='bbox 3140 4087 3304 4139; x_wconf 82' lang='grc' dir='ltr'>ἀκουε</span> <span class='ocrx_word' id='word_1_853' title='bbox 3346 4088 3461 4139; x_wconf 81' lang='grc' dir='ltr'>λοι-</span> 
     </span>
    </p>
   </div>
   <div class='ocr_carea' id='block_1_113' title="bbox 1869 4165 3456 4240">
    <p class='ocr_par' dir='ltr' id='par_1_113' title="bbox 1869 4165 3456 4240">
     <span class='ocr_line' id='line_1_113' title="bbox 1869 4165 3456 4240; baseline 0.011 -33"><span class='ocrx_word' id='word_1_854' title='bbox 1869 4166 1990 4226; x_wconf 76' lang='grc' dir='ltr'>πὸν,</span> <span class='ocrx_word' id='word_1_855' title='bbox 2023 4165 2275 4234; x_wconf 77' lang='grc' dir='ltr'>ἀγαπητὲ</span> <span class='ocrx_word' id='word_1_856' title='bbox 2300 4205 2314 4226; x_wconf 89' lang='grc'>,</span> <span class='ocrx_word' id='word_1_857' title='bbox 2347 4168 2407 4218; x_wconf 80' lang='grc' dir='ltr'>ὲκ</span> <span class='ocrx_word' id='word_1_858' title='bbox 2453 4167 2550 4236; x_wconf 90' lang='grc' dir='ltr'>τῆς</span> <span class='ocrx_word' id='word_1_859' title='bbox 2594 4168 2731 4235; x_wconf 84' lang='grc' dir='ltr'>πρὸς</span> <span class='ocrx_word' id='word_1_860' title='bbox 2764 4170 2971 4220; x_wconf 85' lang='grc' dir='ltr'>ἐκεῖνον</span> <span class='ocrx_word' id='word_1_861' title='bbox 3004 4170 3456 4240; x_wconf 87' lang='grc' dir='ltr'>ἀγανακτήσεως,</span> 
     </span>
    </p>
   </div>
   <div class='ocr_carea' id='block_1_114' title="bbox 1868 4249 3458 4321">
    <p class='ocr_par' dir='ltr' id='par_1_114' title="bbox 1868 4249 3458 4321">
     <span class='ocr_line' id='line_1_114' title="bbox 1868 4249 3458 4321; baseline 0.004 -21"><span class='ocrx_word' id='word_1_862' title='bbox 1868 4250 2015 4310; x_wconf 81' lang='grc' dir='ltr'>ὅπως</span> <span class='ocrx_word' id='word_1_863' title='bbox 2043 4249 2137 4301; x_wconf 74' lang='grc' dir='ltr'>καὶ</span> <span class='ocrx_word' id='word_1_864' title='bbox 2173 4250 2224 4300; x_wconf 91' lang='grc' dir='ltr'>οἰ</span> <span class='ocrx_word' id='word_1_865' title='bbox 2274 4250 2704 4321; x_wconf 89' lang='grc' dir='ltr'>μαθητευόμενοι</span> <span class='ocrx_word' id='word_1_866' title='bbox 2741 4251 3036 4304; x_wconf 84' lang='grc' dir='ltr'>ὑπεύθυνοι</span> <span class='ocrx_word' id='word_1_867' title='bbox 3063 4253 3326 4319; x_wconf 85' lang='grc' dir='ltr'>γίνονται,</span> <span class='ocrx_word' id='word_1_868' title='bbox 3362 4257 3458 4306; x_wconf 72' lang='grc' dir='ltr'>καὶ</span> 
     </span>
    </p>
   </div>
   <div class='ocr_carea' id='block_1_115' title="bbox 1869 4333 3459 4407">
    <p class='ocr_par' dir='ltr' id='par_1_115' title="bbox 1869 4333 3459 4407">
     <span class='ocr_line' id='line_1_115' title="bbox 1869 4333 3459 4407; baseline 0.003 -23"><span class='ocrx_word' id='word_1_869' title='bbox 1869 4333 1967 4385; x_wconf 78' lang='grc' dir='ltr'>οὑκ</span> <span class='ocrx_word' id='word_1_870' title='bbox 2015 4334 2197 4384; x_wconf 68' lang='grc' dir='ltr'>³ἐκεῖνα</span> <span class='ocrx_word' id='word_1_871' title='bbox 2260 4333 2420 4402; x_wconf 81' lang='grc' dir='ltr'>μόνον</span> <span class='ocrx_word' id='word_1_872' title='bbox 2479 4334 2836 4388; x_wconf 76' lang='grc' dir='ltr'>ἀπαιτοῦνται</span> <span class='ocrx_word' id='word_1_873' title='bbox 2888 4335 2958 4388; x_wconf 88' lang='grc' dir='ltr'>τά</span> <span class='ocrx_word' id='word_1_874' title='bbox 3023 4336 3459 4407; x_wconf 81' lang='grc' dir='ltr'>καταϐληθέντα,</span> 
     </span>
    </p>
   </div>
   <div class='ocr_carea' id='block_1_116' title="bbox 1872 4416 3459 4489">
    <p class='ocr_par' dir='ltr' id='par_1_116' title="bbox 1872 4416 3459 4489">
     <span class='ocr_line' id='line_1_116' title="bbox 1872 4416 3459 4489; baseline 0.005 -20"><span class='ocrx_word' id='word_1_875' title='bbox 1872 4416 2005 4469; x_wconf 85' lang='grc' dir='ltr'>ἀλλά</span> <span class='ocrx_word' id='word_1_876' title='bbox 2032 4419 2126 4468; x_wconf 73' lang='grc' dir='ltr'>καὶ</span> <span class='ocrx_word' id='word_1_877' title='bbox 2151 4417 2285 4486; x_wconf 86' lang='grc' dir='ltr'>μετὰ</span> <span class='ocrx_word' id='word_1_878' title='bbox 2304 4417 2398 4470; x_wconf 89' lang='grc' dir='ltr'>τοῦ</span> <span class='ocrx_word' id='word_1_879' title='bbox 2422 4417 2580 4471; x_wconf 85' lang='grc' dir='ltr'>τόκου</span> <span class='ocrx_word' id='word_1_880' title='bbox 2631 4419 2730 4487; x_wconf 79' lang='grc' dir='ltr'>τὴν</span> <span class='ocrx_word' id='word_1_881' title='bbox 2761 4418 2985 4488; x_wconf 87' lang='grc' dir='ltr'>μέθοδον</span> <span class='ocrx_word' id='word_1_882' title='bbox 3015 4421 3368 4489; x_wconf 83' lang='grc' dir='ltr'>ὑπομένουσι.</span> <span class='ocrx_word' id='word_1_883' title='bbox 3393 4424 3459 4477; x_wconf 85' lang='grc' dir='ltr'>Τί</span> 
     </span>
    </p>
   </div>
   <div class='ocr_carea' id='block_1_117' title="bbox 1870 4494 3464 4574">
    <p class='ocr_par' dir='ltr' id='par_1_117' title="bbox 1870 4494 3464 4574">
     <span class='ocr_line' id='line_1_117' title="bbox 1870 4494 3464 4574; baseline 0.005 -25"><span class='ocrx_word' id='word_1_884' title='bbox 1870 4494 1961 4549; x_wconf 72' lang='grc' dir='ltr'>οὖν</span> <span class='ocrx_word' id='word_1_885' title='bbox 2015 4515 2147 4567; x_wconf 85' lang='grc' dir='ltr'>φησι</span> <span class='ocrx_word' id='word_1_886' title='bbox 2203 4499 2340 4570; x_wconf 82' lang='grc' dir='ltr'>πρὸς</span> <span class='ocrx_word' id='word_1_887' title='bbox 2398 4501 2562 4552; x_wconf 78' lang='grc' dir='ltr'>αὑτὸν</span> <span class='ocrx_word' id='word_1_888' title='bbox 2617 4503 2646 4552; x_wconf 85' lang='grc' dir='ltr'>ό</span> <span class='ocrx_word' id='word_1_889' title='bbox 2690 4501 2988 4570; x_wconf 84' lang='grc' dir='ltr'>δεσπότης;</span> <span class='ocrx_word' id='word_1_890' title='bbox 3021 4502 3172 4574; x_wconf 73' lang='lat' dir='ltr'>[M3]</span> <span class='ocrx_word' id='word_1_891' title='bbox 3226 4505 3464 4573; x_wconf 74' lang='grc' dir='ltr'>Πονηρὲ</span> 
     </span>
    </p>
   </div>
   <div class='ocr_carea' id='block_1_118' title="bbox 1871 4580 3456 4658">
    <p class='ocr_par' dir='ltr' id='par_1_118' title="bbox 1871 4580 3456 4658">
     <span class='ocr_line' id='line_1_118' title="bbox 1871 4580 3456 4658; baseline 0.004 -26"><span class='ocrx_word' id='word_1_892' title='bbox 1871 4580 2075 4633; x_wconf 81' lang='grc' dir='ltr'>δοῦλε.</span> <span class='ocrx_word' id='word_1_893' title='bbox 2106 4581 2316 4652; x_wconf 79' lang='grc' dir='ltr'>Φοϐερά</span> <span class='ocrx_word' id='word_1_894' title='bbox 2361 4582 2395 4651; x_wconf 86' lang='grc' dir='ltr'>ή</span> <span class='ocrx_word' id='word_1_895' title='bbox 2421 4582 2816 4652; x_wconf 86' lang='grc' dir='ltr'>ἀγανάκτησις,</span> <span class='ocrx_word' id='word_1_896' title='bbox 2856 4585 3014 4654; x_wconf 75' lang='grc' dir='ltr'>ἱκανὴ</span> <span class='ocrx_word' id='word_1_897' title='bbox 3042 4587 3386 4656; x_wconf 83' lang='grc' dir='ltr'>καταπλῆξαι</span> <span class='ocrx_word' id='word_1_898' title='bbox 3429 4591 3456 4658; x_wconf 78' lang='grc' dir='ltr'>ή</span> 
     </span>
    </p>
   </div>
   <div class='ocr_carea' id='block_1_119' title="bbox 1873 4663 3460 4736">
    <p class='ocr_par' dir='ltr' id='par_1_119' title="bbox 1873 4663 3460 4736">
     <span class='ocr_line' id='line_1_119' title="bbox 1873 4663 3460 4736; baseline 0.006 -21"><span class='ocrx_word' id='word_1_899' title='bbox 1873 4663 2092 4732; x_wconf 76' lang='grc' dir='ltr'>ἀπειλή.</span> <span class='ocrx_word' id='word_1_900' title='bbox 2141 4665 2208 4716; x_wconf 80' lang='lat' dir='ltr'>El</span> <span class='ocrx_word' id='word_1_901' title='bbox 2250 4664 2454 4733; x_wconf 70' lang='grc' dir='ltr'>ᾔδεις,</span> <span class='ocrx_word' id='word_1_902' title='bbox 2519 4665 2714 4736; x_wconf 76' lang='grc' dir='ltr'>φησὶν,</span> <span class='ocrx_word' id='word_1_903' title='bbox 2761 4667 2850 4720; x_wconf 86' lang='grc' dir='ltr'>ὅτι</span> <span class='ocrx_word' id='word_1_904' title='bbox 2903 4669 3098 4736; x_wconf 61' lang='grc' dir='ltr'>θερίζω</span> <span class='ocrx_word' id='word_1_905' title='bbox 3143 4668 3296 4722; x_wconf 78' lang='grc' dir='ltr'>ὅπου</span> <span class='ocrx_word' id='word_1_906' title='bbox 3347 4673 3460 4724; x_wconf 74' lang='grc' dir='ltr'>οὐκ</span> 
     </span>
    </p>
   </div>
   <div class='ocr_carea' id='block_1_120' title="bbox 1871 4745 3463 4819">
    <p class='ocr_par' dir='ltr' id='par_1_120' title="bbox 1871 4745 3463 4819">
     <span class='ocr_line' id='line_1_120' title="bbox 1871 4745 3463 4819; baseline 0.006 -22"><span class='ocrx_word' id='word_1_907' title='bbox 1871 4745 2144 4815; x_wconf 74' lang='grc' dir='ltr'>ἔσπειρα,</span> <span class='ocrx_word' id='word_1_908' title='bbox 2162 4748 2258 4800; x_wconf 82' lang='grc' dir='ltr'>καί</span> <span class='ocrx_word' id='word_1_909' title='bbox 2283 4748 2527 4818; x_wconf 79' lang='grc' dir='ltr'>συνάγω</span> <span class='ocrx_word' id='word_1_910' title='bbox 2550 4749 2702 4803; x_wconf 85' lang='grc' dir='ltr'>ὅπου</span> <span class='ocrx_word' id='word_1_911' title='bbox 2720 4753 2791 4803; x_wconf 85' lang='grc' dir='ltr'>οὐ</span> <span class='ocrx_word' id='word_1_912' title='bbox 2803 4750 3224 4819; x_wconf 74' lang='grc' dir='ltr'>διεσκόρπισα.</span> <span class='ocrx_word' id='word_1_913' title='bbox 3240 4753 3361 4806; x_wconf 72' lang='grc' dir='ltr'>ἔδει</span> <span class='ocrx_word' id='word_1_914' title='bbox 3385 4771 3463 4807; x_wconf 83' lang='grc' dir='ltr'>σε</span> 
     </span>
    </p>
   </div>
   <div class='ocr_carea' id='block_1_121' title="bbox 1871 4829 3456 4902">
    <p class='ocr_par' dir='ltr' id='par_1_121' title="bbox 1871 4829 3456 4902">
     <span class='ocr_line' id='line_1_121' title="bbox 1871 4829 3456 4902; baseline 0.006 -24"><span class='ocrx_word' id='word_1_915' title='bbox 1871 4829 2235 4882; x_wconf 77' lang='grc' dir='ltr'>καταϐαλεῖν</span> <span class='ocrx_word' id='word_1_916' title='bbox 2249 4831 2313 4882; x_wconf 80' lang='grc' dir='ltr'>τὸ</span> <span class='ocrx_word' id='word_1_917' title='bbox 2331 4832 2617 4900; x_wconf 77' lang='grc' dir='ltr'>ἀργύριόν</span> <span class='ocrx_word' id='word_1_918' title='bbox 2640 4850 2765 4902; x_wconf 79' lang='grc' dir='ltr'>μου</span> <span class='ocrx_word' id='word_1_919' title='bbox 2789 4833 2885 4884; x_wconf 76' lang='grc' dir='ltr'>ἐπὶ</span> <span class='ocrx_word' id='word_1_920' title='bbox 2915 4835 3055 4898; x_wconf 76' lang='grc' dir='ltr'>τοὺς</span> <span class='ocrx_word' id='word_1_921' title='bbox 3080 4835 3456 4901; x_wconf 74' lang='grc' dir='ltr'>τραπεζῖτας,</span> 
     </span>
    </p>
   </div>
   <div class='ocr_carea' id='block_1_122' title="bbox 1871 4911 3460 4982">
    <p class='ocr_par' dir='ltr' id='par_1_122' title="bbox 1871 4911 3460 4982">
     <span class='ocr_line' id='line_1_122' title="bbox 1871 4911 3460 4982; baseline 0.005 -21"><span class='ocrx_word' id='word_1_922' title='bbox 1871 4911 1970 4962; x_wconf 63' lang='grc' dir='ltr'>καὶ</span> <span class='ocrx_word' id='word_1_923' title='bbox 2008 4911 2351 4979; x_wconf 60' lang='grc' dir='ltr'>ἐγὼ-ἐλθὼν</span> <span class='ocrx_word' id='word_1_924' title='bbox 2391 4915 2543 4982; x_wconf 86' lang='grc' dir='ltr'>μετὰ</span> <span class='ocrx_word' id='word_1_925' title='bbox 2588 4917 2768 4968; x_wconf 76' lang='grc' dir='ltr'>τόκου</span> <span class='ocrx_word' id='word_1_926' title='bbox 2811 4917 3099 4982; x_wconf 74' lang='grc' dir='ltr'>ἀπῄτησα</span> <span class='ocrx_word' id='word_1_927' title='bbox 3148 4915 3226 4968; x_wconf 78' lang='grc' dir='ltr'>ἂν</span> <span class='ocrx_word' id='word_1_928' title='bbox 3269 4920 3460 4971; x_wconf 76' lang='grc' dir='ltr'>αὐτόο</span> 
     </span>
    </p>
   </div>
   <div class='ocr_carea' id='block_1_123' title="bbox 1870 4993 3461 5069">
    <p class='ocr_par' dir='ltr' id='par_1_123' title="bbox 1870 4993 3461 5069">
     <span class='ocr_line' id='line_1_123' title="bbox 1870 4993 3461 5069; baseline 0.006 -25"><span class='ocrx_word' id='word_1_929' title='bbox 1870 4993 2133 5064; x_wconf 83' lang='grc' dir='ltr'>ἀργύριον</span> <span class='ocrx_word' id='word_1_930' title='bbox 2167 4996 2343 5065; x_wconf 87' lang='grc' dir='ltr'>λέγων</span> <span class='ocrx_word' id='word_1_931' title='bbox 2388 4998 2457 5051; x_wconf 76' lang='grc' dir='ltr'>τὰ</span> <span class='ocrx_word' id='word_1_932' title='bbox 2503 4997 2657 5066; x_wconf 90' lang='grc' dir='ltr'>λόγια</span> <span class='ocrx_word' id='word_1_933' title='bbox 2697 4998 2764 5051; x_wconf 84' lang='grc' dir='ltr'>τά</span> <span class='ocrx_word' id='word_1_934' title='bbox 2798 4999 2989 5068; x_wconf 83' lang='grc' dir='ltr'>τίμια,</span> <span class='ocrx_word' id='word_1_935' title='bbox 3039 4999 3370 5069; x_wconf 77' lang='grc' dir='ltr'>τραπεζίτας</span> <span class='ocrx_word' id='word_1_936' title='bbox 3403 5001 3461 5053; x_wconf 82' lang='grc' dir='ltr'>δὲ</span> 
     </span>
    </p>
   </div>
   <div class='ocr_carea' id='block_1_124' title="bbox 1872 5075 3458 5154">
    <p class='ocr_par' dir='ltr' id='par_1_124' title="bbox 1872 5075 3458 5154">
     <span class='ocr_line' id='line_1_124' title="bbox 1872 5075 3458 5154; baseline 0.005 -27"><span class='ocrx_word' id='word_1_937' title='bbox 1872 5075 2016 5145; x_wconf 79' lang='grc' dir='ltr'>ὑμᾶς</span> <span class='ocrx_word' id='word_1_938' title='bbox 2048 5076 2231 5130; x_wconf 86' lang='grc' dir='ltr'>καλῶν</span> <span class='ocrx_word' id='word_1_939' title='bbox 2277 5082 2402 5143; x_wconf 80' lang='grc' dir='ltr'>τοὺς</span> <span class='ocrx_word' id='word_1_940' title='bbox 2430 5081 2882 5152; x_wconf 87' lang='grc' dir='ltr'>ὑποδεχομένους.</span> <span class='ocrx_word' id='word_1_941' title='bbox 2913 5083 3010 5133; x_wconf 82' lang='grc' dir='ltr'>Σὺν</span> <span class='ocrx_word' id='word_1_942' title='bbox 3044 5082 3144 5152; x_wconf 83' lang='grc' dir='ltr'>μὲν</span> <span class='ocrx_word' id='word_1_943' title='bbox 3170 5077 3259 5153; x_wconf 82' lang='grc' dir='ltr'>ῆν,</span> <span class='ocrx_word' id='word_1_944' title='bbox 3298 5083 3458 5154; x_wconf 80' lang='grc' dir='ltr'>φησὶ,</span> 
     </span>
    </p>
   </div>
   <div class='ocr_carea' id='block_1_125' title="bbox 1871 5157 3463 5236">
    <p class='ocr_par' dir='ltr' id='par_1_125' title="bbox 1871 5157 3463 5236">
     <span class='ocr_line' id='line_1_125' title="bbox 1871 5157 3463 5236; baseline 0.004 -27"><span class='ocrx_word' id='word_1_945' title='bbox 1871 5157 2199 5213; x_wconf 72' lang='grc' dir='ltr'>καταϐαλεῖν</span> <span class='ocrx_word' id='word_1_946' title='bbox 2247 5163 2430 5232; x_wconf 89' lang='grc' dir='ltr'>μόνον,</span> <span class='ocrx_word' id='word_1_947' title='bbox 2486 5164 2618 5234; x_wconf 81' lang='grc' dir='ltr'>ὲμὸν</span> <span class='ocrx_word' id='word_1_948' title='bbox 2677 5165 2734 5218; x_wconf 82' lang='grc' dir='ltr'>δὲ</span> <span class='ocrx_word' id='word_1_949' title='bbox 2791 5161 2860 5236; x_wconf 84' lang='grc' dir='ltr'>ῆν</span> <span class='ocrx_word' id='word_1_950' title='bbox 2923 5165 2984 5217; x_wconf 79' lang='grc' dir='ltr'>τὸ</span> <span class='ocrx_word' id='word_1_951' title='bbox 3037 5167 3170 5235; x_wconf 79' lang='grc' dir='ltr'>παρ’</span> <span class='ocrx_word' id='word_1_952' title='bbox 3232 5166 3463 5218; x_wconf 80' lang='grc' dir='ltr'>ἐκείνων</span> 
     </span>
    </p>
   </div>
   <div class='ocr_carea' id='block_1_126' title="bbox 1871 5237 3459 5318">
    <p class='ocr_par' dir='ltr' id='par_1_126' title="bbox 1871 5237 3459 5318">
     <span class='ocr_line' id='line_1_126' title="bbox 1871 5237 3459 5318; baseline 0.007 -26"><span class='ocrx_word' id='word_1_953' title='bbox 1871 5242 2208 5311; x_wconf 85' lang='grc' dir='ltr'>ἀπαιτῆσαι,</span> <span class='ocrx_word' id='word_1_954' title='bbox 2264 5246 2338 5316; x_wconf 86' lang='grc' dir='ltr'>μὴ</span> <span class='ocrx_word' id='word_1_955' title='bbox 2385 5247 2543 5316; x_wconf 89' lang='grc' dir='ltr'>μόνον</span> <span class='ocrx_word' id='word_1_956' title='bbox 2589 5248 2657 5301; x_wconf 90' lang='grc' dir='ltr'>τά</span> <span class='ocrx_word' id='word_1_957' title='bbox 2697 5249 3142 5318; x_wconf 86' lang='grc' dir='ltr'>καταϐληθέντα,</span> <span class='ocrx_word' id='word_1_958' title='bbox 3188 5248 3324 5303; x_wconf 89' lang='grc' dir='ltr'>ἀλλά</span> <span class='ocrx_word' id='word_1_959' title='bbox 3361 5237 3459 5304; x_wconf 67' lang='grc' dir='ltr'>καί</span> 
     </span>
    </p>
   </div>
   <div class='ocr_carea' id='block_1_127' title="bbox 1871 5325 3457 5402">
    <p class='ocr_par' dir='ltr' id='par_1_127' title="bbox 1871 5325 3457 5402">
     <span class='ocr_line' id='line_1_127' title="bbox 1871 5325 3457 5402; baseline 0.006 -26"><span class='ocrx_word' id='word_1_960' title='bbox 1871 5325 1961 5377; x_wconf 74' lang='grc' dir='ltr'>τὸν</span> <span class='ocrx_word' id='word_1_961' title='bbox 2017 5327 2154 5397; x_wconf 83' lang='grc' dir='ltr'>ὑπὲρ</span> <span class='ocrx_word' id='word_1_962' title='bbox 2201 5329 2408 5382; x_wconf 87' lang='grc' dir='ltr'>τούτων</span> <span class='ocrx_word' id='word_1_963' title='bbox 2460 5331 2636 5384; x_wconf 89' lang='grc' dir='ltr'>τόκον.</span> <span class='ocrx_word' id='word_1_964' title='bbox 2675 5332 2903 5401; x_wconf 82' lang='grc' dir='ltr'>Ὁρᾶτε,</span> <span class='ocrx_word' id='word_1_965' title='bbox 2958 5333 3278 5402; x_wconf 74' lang='grc' dir='ltr'>ἀγαπητοὶ,</span> <span class='ocrx_word' id='word_1_966' title='bbox 3336 5333 3457 5397; x_wconf 88' lang='grc' dir='ltr'>πῶς</span> 
     </span>
    </p>
   </div>
   <div class='ocr_carea' id='block_1_128' title="bbox 1872 5407 3458 5485">
    <p class='ocr_par' dir='ltr' id='par_1_128' title="bbox 1872 5407 3458 5485">
     <span class='ocr_line' id='line_1_128' title="bbox 1872 5407 3458 5485; baseline 0.006 -27"><span class='ocrx_word' id='word_1_967' title='bbox 1872 5407 2040 5471; x_wconf 77' lang='grc' dir='ltr'>πολὺς</span> <span class='ocrx_word' id='word_1_968' title='bbox 2086 5412 2114 5462; x_wconf 85' lang='grc' dir='ltr'><strong>ὁ</strong></span> <span class='ocrx_word' id='word_1_969' title='bbox 2159 5413 2322 5479; x_wconf 84' lang='grc' dir='ltr'>φόϐος</span> <span class='ocrx_word' id='word_1_970' title='bbox 2366 5415 2472 5469; x_wconf 89' lang='grc' dir='ltr'>τῶν</span> <span class='ocrx_word' id='word_1_971' title='bbox 2518 5415 2842 5485; x_wconf 77' lang='grc' dir='ltr'>εἰρημένων.</span> <span class='ocrx_word' id='word_1_972' title='bbox 2887 5414 2950 5468; x_wconf 90' lang='grc' dir='ltr'>Τί</span> <span class='ocrx_word' id='word_1_973' title='bbox 2999 5417 3064 5468; x_wconf 84' lang='grc' dir='ltr'>ἂν</span> <span class='ocrx_word' id='word_1_974' title='bbox 3110 5412 3204 5469; x_wconf 77' lang='grc' dir='ltr'>οὖν</span> <span class='ocrx_word' id='word_1_975' title='bbox 3250 5417 3458 5470; x_wconf 84' lang='grc' dir='ltr'>εῐποιεν</span> 
     </span>
    </p>
   </div>
   <div class='ocr_carea' id='block_1_129' title="bbox 1871 5490 3452 5568">
    <p class='ocr_par' dir='ltr' id='par_1_129' title="bbox 1871 5490 3452 5568">
     <span class='ocr_line' id='line_1_129' title="bbox 1871 5490 3452 5568; baseline 0.008 -27"><span class='ocrx_word' id='word_1_976' title='bbox 1871 5490 1922 5541; x_wconf 87' lang='grc' dir='ltr'>οί</span> <span class='ocrx_word' id='word_1_977' title='bbox 1953 5493 2048 5543; x_wconf 69' lang='grc' dir='ltr'>καὶ</span> <span class='ocrx_word' id='word_1_978' title='bbox 2078 5493 2177 5561; x_wconf 87' lang='grc' dir='ltr'>τῆς</span> <span class='ocrx_word' id='word_1_979' title='bbox 2209 5495 2452 5564; x_wconf 80' lang='grc' dir='ltr'>φυλακῆς</span> <span class='ocrx_word' id='word_1_980' title='bbox 2481 5497 2590 5549; x_wconf 86' lang='grc' dir='ltr'>τῶν</span> <span class='ocrx_word' id='word_1_981' title='bbox 2614 5497 3063 5567; x_wconf 79' lang='grc' dir='ltr'>καταϐληθέντων</span> <span class='ocrx_word' id='word_1_982' title='bbox 3097 5500 3452 5568; x_wconf 81' lang='grc' dir='ltr'>ἀμελοῦντες,</span> 
     </span>
    </p>
   </div>
   <div class='ocr_carea' id='block_1_130' title="bbox 1869 5574 3310 5651">
    <p class='ocr_par' dir='ltr' id='par_1_130' title="bbox 1869 5574 3310 5651">
     <span class='ocr_line' id='line_1_130' title="bbox 1869 5574 3310 5651; baseline 0.007 -25"><span class='ocrx_word' id='word_1_983' title='bbox 1869 5574 2000 5627; x_wconf 82' lang='grc' dir='ltr'>ὅταν</span> <span class='ocrx_word' id='word_1_984' title='bbox 2041 5578 2134 5628; x_wconf 70' lang='grc' dir='ltr'>καὶ</span> <span class='ocrx_word' id='word_1_985' title='bbox 2158 5577 2248 5629; x_wconf 82' lang='grc' dir='ltr'>τὸν</span> <span class='ocrx_word' id='word_1_986' title='bbox 2278 5578 2419 5648; x_wconf 84' lang='grc' dir='ltr'>ὑπὲρ</span> <span class='ocrx_word' id='word_1_987' title='bbox 2450 5580 2655 5634; x_wconf 87' lang='grc' dir='ltr'>τούτων</span> <span class='ocrx_word' id='word_1_988' title='bbox 2690 5582 2845 5633; x_wconf 88' lang='grc' dir='ltr'>τόκον</span> <span class='ocrx_word' id='word_1_989' title='bbox 2874 5581 3269 5651; x_wconf 88' lang='grc' dir='ltr'>μεθοδεύωνται</span> <span class='ocrx_word' id='word_1_990' title='bbox 3295 5599 3310 5647; x_wconf 87' lang='lat'>;</span> 
     </span>
    </p>
   </div>
   <div class='ocr_carea' id='block_1_131' title="bbox 1943 5653 3479 5733">
    <p class='ocr_par' dir='ltr' id='par_1_131' title="bbox 1943 5653 3479 5733">
     <span class='ocr_line' id='line_1_131' title="bbox 1943 5653 3479 5733; baseline 0.005 -23"><span class='ocrx_word' id='word_1_991' title='bbox 1943 5658 2053 5711; x_wconf 75' lang='grc' dir='ltr'>Καὶ</span> <span class='ocrx_word' id='word_1_992' title='bbox 2097 5660 2198 5729; x_wconf 84' lang='grc' dir='ltr'>ὅρα</span> <span class='ocrx_word' id='word_1_993' title='bbox 2238 5659 2650 5732; x_wconf 85' lang='grc' dir='ltr'>φιλανθρωπίαν</span> <span class='ocrx_word' id='word_1_994' title='bbox 2698 5666 2992 5721; x_wconf 84' lang='grc' dir='ltr'>Δεσπότου.</span> <span class='ocrx_word' id='word_1_995' title='bbox 3035 5666 3160 5719; x_wconf 70' lang='grc' dir='ltr'>Ἐπὶ</span> <span class='ocrx_word' id='word_1_996' title='bbox 3205 5667 3304 5733; x_wconf 80' lang='grc' dir='ltr'>μὲν</span> <span class='ocrx_word' id='word_1_997' title='bbox 3342 5653 3479 5718; x_wconf 46' lang='grc' dir='ltr'>τῶν</span> 
     </span>
    </p>
   </div>
   <div class='ocr_carea' id='block_1_132' title="bbox 1873 5742 3454 5817">
    <p class='ocr_par' dir='ltr' id='par_1_132' title="bbox 1873 5742 3454 5817">
     <span class='ocr_line' id='line_1_132' title="bbox 1873 5742 3454 5817; baseline 0.004 -25"><span class='ocrx_word' id='word_1_998' title='bbox 1873 5742 2173 5808; x_wconf 83' lang='grc' dir='ltr'>χρημάτων</span> <span class='ocrx_word' id='word_1_999' title='bbox 2201 5743 2309 5793; x_wconf 87' lang='grc' dir='ltr'>τῶν</span> <span class='ocrx_word' id='word_1_1000' title='bbox 2336 5745 2607 5813; x_wconf 74' lang='grc' dir='ltr'>αἰσθητῶν</span> <span class='ocrx_word' id='word_1_1001' title='bbox 2635 5748 2978 5817; x_wconf 83' lang='grc' dir='ltr'>ἀπηγόρευσε</span> <span class='ocrx_word' id='word_1_1002' title='bbox 3010 5747 3100 5800; x_wconf 77' lang='grc' dir='ltr'>τὸν</span> <span class='ocrx_word' id='word_1_1003' title='bbox 3130 5749 3286 5799; x_wconf 89' lang='grc' dir='ltr'>τόκον</span> <span class='ocrx_word' id='word_1_1004' title='bbox 3313 5749 3454 5817; x_wconf 85' lang='grc' dir='ltr'>λαμ-</span> 
     </span>
    </p>
   </div>
   <div class='ocr_carea' id='block_1_133' title="bbox 1874 5821 3453 5900">
    <p class='ocr_par' dir='ltr' id='par_1_133' title="bbox 1874 5821 3453 5900">
     <span class='ocr_line' id='line_1_133' title="bbox 1874 5821 3453 5900; baseline 0.007 -29"><span class='ocrx_word' id='word_1_1005' title='bbox 1874 5821 2080 5875; x_wconf 73' lang='grc' dir='ltr'>ϐάνειν.</span> <span class='ocrx_word' id='word_1_1006' title='bbox 2113 5824 2269 5884; x_wconf 84' lang='grc' dir='ltr'>Τίνος</span> <span class='ocrx_word' id='word_1_1007' title='bbox 2291 5825 2497 5888; x_wconf 72' lang='grc' dir='ltr'>ἕνεκεν,</span> <span class='ocrx_word' id='word_1_1008' title='bbox 2522 5829 2614 5880; x_wconf 74' lang='grc' dir='ltr'>καὶ</span> <span class='ocrx_word' id='word_1_1009' title='bbox 2637 5829 2723 5880; x_wconf 75' lang='grc' dir='ltr'>διὰ</span> <span class='ocrx_word' id='word_1_1010' title='bbox 2744 5830 2792 5878; x_wconf 87' lang='grc' dir='ltr'>τί</span> <span class='ocrx_word' id='word_1_1011' title='bbox 2815 5846 2829 5891; x_wconf 78' lang='grc' dir='ltr'>ς</span> <span class='ocrx_word' id='word_1_1012' title='bbox 2855 5831 2970 5881; x_wconf 79' lang='grc' dir='ltr'>Ὂτν</span> <span class='ocrx_word' id='word_1_1013' title='bbox 2994 5831 3250 5900; x_wconf 75' lang='grc' dir='ltr'>ἑκάτερος</span> <span class='ocrx_word' id='word_1_1014' title='bbox 3269 5832 3453 5882; x_wconf 83' lang='grc' dir='ltr'>αὑτῶν</span> 
     </span>
    </p>
   </div>
   <div class='ocr_carea' id='block_1_134' title="bbox 1874 5903 3455 5986">
    <p class='ocr_par' dir='ltr' id='par_1_134' title="bbox 1874 5903 3455 5986">
     <span class='ocr_line' id='line_1_134' title="bbox 1874 5903 3455 5986; baseline 0.008 -33"><span class='ocrx_word' id='word_1_1015' title='bbox 1874 5903 2070 5974; x_wconf 76' lang='grc' dir='ltr'>πολλὴν</span> <span class='ocrx_word' id='word_1_1016' title='bbox 2110 5907 2356 5959; x_wconf 80' lang='grc' dir='ltr'>ἐντεῦθεν</span> <span class='ocrx_word' id='word_1_1017' title='bbox 2384 5909 2642 5979; x_wconf 76' lang='grc' dir='ltr'>ὑπομένει</span> <span class='ocrx_word' id='word_1_1018' title='bbox 2687 5911 2784 5980; x_wconf 70' lang='grc' dir='ltr'>τὴν</span> <span class='ocrx_word' id='word_1_1019' title='bbox 2812 5912 3037 5982; x_wconf 66' lang='grc' dir='ltr'>βλάϐην.</span> <span class='ocrx_word' id='word_1_1020' title='bbox 3071 5915 3176 5966; x_wconf 86' lang='grc' dir='ltr'>Τοῦ</span> <span class='ocrx_word' id='word_1_1021' title='bbox 3219 5914 3318 5984; x_wconf 84' lang='grc' dir='ltr'>μὲν</span> <span class='ocrx_word' id='word_1_1022' title='bbox 3341 5915 3455 5986; x_wconf 66' lang='grc' dir='ltr'>γὰρ</span> 
     </span>
    </p>
   </div>
  </div>
