4056 6490
136 420 242 477 577

144 545 372 601 uterque
399 539 589 598 magno
617 524 813 580 damno
836 517 1083 573 afficitur.
1113 514 1243 569 Nam
1271 510 1480 567 debitor
1495 505 1718 601 quidem

138 596 322 691 inopia
390 596 675 676 atteritur.
722 609 957 667 creditor
1009 613 1186 659 autem
1232 615 1431 670 augens
1476 596 1726 658 divitias,

143 685 484 783 peccatorum
510 703 807 762 accumulat
827 701 925 756 sibi
954 694 1371 753 multitudinem.
1403 687 1633 744 Proinde
1661 685 1730 739 ab

149 781 306 856 initio
334 798 459 852 olim
486 795 680 849 .ludmis
704 786 1056 848 crassioribus
1079 785 1183 838 tale
1211 781 1359 836 dedit
1383 786 1728 849 praeceptum,

141 892 371 945 dicens:
401 884 522 941 Non
554 882 871 955 {tenerasz
922 876 1068 947 fratri
1115 883 1203 927 tuo
1256 881 1303 926 et
1360 870 1593 949 proximo
1643 875 1732 918 tuo

144 981 335 1047 (Deut.
366 978 458 1032 23.
492 976 617 1042 I9).
649 973 760 1040 Qua
805 970 965 1039 igitur
991 962 1332 1021 excusatione
1382 957 1526 1027 digiti
1572 963 1733 1011 erunt

146 1073 237 1139 qui
285 1066 482 1122 Judzcis
532 1072 657 1119 sunt
696 1058 1116 1120 inbumaniores,
1161 1062 1217 1107 et
1273 1058 1395 1121 post
1428 1047 1649 1117 gratiam
1679 1053 1731 1099 et

152 1134 351 1211 tantam
391 1170 422 1208 a
458 1155 681 1207 Domino
720 1149 1097 1218 benignitatem
1149 1140 1488 1195 inveniuntur
1538 1136 1602 1188 iis
1643 1134 1732 1204 qui

149 1247 253 1299 sub
277 1248 391 1313 lege
419 1242 629 1297 fuerunt
660 1239 956 1299 inferiores,
1000 1234 1107 1287 imo
1129 1227 1374 1299 pejores?
1405 1226 1459 1279 In
1482 1225 1733 1291 spiritua-

151 1336 290 1389 libus
319 1312 459 1389 enim
504 1332 852 1399 repetiturum
896 1340 954 1380 se
994 1322 1251 1392 promittit
1280 1330 1487 1372 usuras.
1517 1312 1734 1382 Quare?

152 1424 288 1492 Quia
315 1421 585 1478 contrario
634 1432 851 1487 prorsus
896 1413 1055 1468 modo
1103 1425 1163 1464 se
1212 1408 1406 1462 habent
1444 1403 1734 1473 spiritualis

158 1529 339 1576 usura,
368 1522 421 1567 et
442 1510 728 1567 sensibilis.
771 1508 882 1562 Illic
926 1505 1066 1560 enim
1122 1502 1168 1555 is
1219 1515 1248 1553 a
1300 1511 1407 1567 quo
1449 1496 1737 1565 requiritur

155 1618 364 1669 severe,
419 1602 594 1657 subito
642 1601 693 1653 iu
750 1608 1040 1652 extremam
1083 1592 1311 1659 inojiiam
1346 1585 1736 1642 dcfertnr:hic

157 1704 334 1747 autem
366 1694 411 1747 is
438 1709 467 1745 a
492 1708 596 1762 quo
623 1690 869 1759 exigitur,
890 1685 1100 1757 quando
1131 1680 1597 1753 gratumﬁnimum
1626 1692 1737 1746 pra:

159 1796 219 1835 se
273 1780 475 1845 tulerit,
514 1791 713 1849 quanto
762 1777 1013 1845 majorem
1064 1786 1276 1826 usuram
1324 1769 1543 1833 afferet,
1592 1776 1739 1820 tanto

162 1871 374 1941 largiori
428 1871 631 1925 fruetur
689 1869 905 1929 czelesti
944 1863 1392 1919 remuneratione.
1441 1858 1779 1927 Quocirca,‘

161 1962 363 2029 dilecti,
386 1977 508 2016 cum
534 1962 683 2014 vobis
709 1958 1012 2013 concredita
1040 1954 1571 2015 dinumeraverimus,
1592 1950 1741 2004 vobis

164 2052 521 2109 necessarium
553 2052 655 2105 erit
694 2048 959 2118 duplicem
990 2045 1181 2099 afferre
1220 2043 1453 2097 laborem
1507 2050 1559 2093 et
1612 2039 1742 2107 vigi-

165 2142 406 2204 lantiam,
460 2147 569 2193 tum
615 2138 751 2207 quod
787 2136 1115 2190 dinumerata
1140 2131 1482 2186 custodienda
1506 2137 1651 2191 sunt,
1684 2135 1743 2181 ut

166 2229 271 2286 lixa
298 2238 545 2284 maneant
574 2246 588 2283 :
622 2238 732 2281 tum
762 2226 901 2296 quod
930 2223 1259 2293 operandum
1292 2232 1348 2274 ut
1372 2232 1423 2274 et
1447 2220 1565 2273 aliis
1590 2233 1741 2272 com-

165 2321 522 2386 municentur,
554 2330 607 2374 et
636 2320 832 2373 multos
873 2319 924 2372 in
958 2318 1092 2369 viam
1135 2314 1341 2367 virtutis
1367 2313 1616 2367 inducant
1647 2328 1662 2363 :
1688 2318 1744 2363 ut

166 2411 409 2466 bifariam
437 2411 585 2465 vobis
612 2411 813 2464 lucrum
851 2417 1138 2469 accrescat,
1167 2415 1276 2458 tum
1318 2420 1411 2473 pro
1438 2402 1610 2456 salute
1644 2415 1741 2454 ve-

165 2509 302 2567 stra,
332 2510 442 2554 tum
476 2514 571 2569 pro
591 2499 814 2553 aliorum
847 2498 1088 2552 utilitate.
1120 2496 1269 2561 Quod
1296 2496 1339 2549 si
1366 2494 1465 2548 hoc
1493 2492 1742 2556 feceritis,

164 2599 221 2644 et
252 2605 349 2644 nos
373 2590 607 2645 reddetis
632 2590 814 2644 beatos
860 2606 875 2641 :
904 2587 1088 2640 Beatus
1107 2588 1256 2648 enim,
1292 2585 1481 2653 inquit,
1507 2584 1593 2651 qui
1624 2582 1745 2635 dicit

164 2682 392 2744 inaures
429 2681 737 2733 audientium
797 2678 997 2749 (Eccli.
1023 2678 1118 2733 95.
1180 2677 1397 2747 12):et
1442 2676 1641 2730 facit-tis
1692 2683 1749 2727 ut

166 2770 368 2839 largior
398 2762 547 2822 vobis
570 2770 683 2823 Iure
711 2769 997 2837 spiritualis
1018 2777 1314 2837 apponatur
1352 2782 1555 2820 mensa.
1590 2766 1749 2833 Igitur

167 2860 365 2915 fratres
390 2870 593 2913 vestros
615 2859 777 2913 nolite
803 2858 1090 2929 negligere,
1117 2873 1286 2926 neque
1316 2860 1486 2911 solum
1514 2866 1749 2926 spectate

166 2966 291 3021 qua:
316 2950 381 3003 ad
407 2966 501 3005 vos
527 2951 749 3006 attinent
782 2969 793 3003 :
818 2951 909 3005 sed
938 2950 1220 3020 unicuique
1245 2966 1369 3003 cura
1393 2950 1460 3003 sit
1485 2948 1751 3017 quomodo

170 3042 473 3111 proximum
495 3056 649 3099 suum
687 3058 717 3096 θ
762 3042 957 3096 diaboli
988 3041 1225 3094 faucibus
1246 3042 1455 3107 eripiat,
1486 3050 1540 3093 et
1564 3038 1633 3091 ab
1656 3040 1752 3091 itii-

171 3132 273 3203 piis
295 3131 396 3186 illis
416 3133 730 3200 spcctaculis
756 3133 807 3186 in
831 3133 1109 3186 ecclesiam
1134 3131 1382 3196 adducat,
1409 3130 1752 3185 monstrando

168 3224 222 3277 ei
257 3222 655 3277 multalenitate
682 3232 737 3276 et
781 3222 1184 3277 mansuetudine
1225 3231 1334 3275 tum
1382 3222 1562 3276 damni
1610 3223 1750 3292 quod

171 3312 320 3367 illinc
349 3312 449 3367 fert
476 3313 813 3381 gravitatem,
848 3322 957 3367 tum
990 3312 1249 3367 bonorum
1296 3329 1414 3383 qua:
1446 3314 1532 3370 hic
1558 3332 1746 3371 conce-

170 3401 376 3456 duntur
426 3402 890 3471 magnitudinem:
931 3412 985 3455 et
1008 3417 1114 3457 non
1162 3403 1333 3457 solum
1386 3406 1551 3459 semel
1594 3415 1753 3475 atque

172 3492 368 3546 iterum
393 3492 494 3546 hoc
518 3491 694 3555 facite,
723 3492 816 3548 sed
848 3507 1077 3562 semper.
1100 3493 1230 3547 Nam
1261 3493 1362 3548 etsi
1393 3494 1550 3565 hodie
1577 3497 1753 3552 verbis

176 3580 286 3633 tuis
337 3596 441 3634 non
478 3580 828 3649 obtemperat,
887 3590 1068 3649 postea
1111 3582 1497 3650 obtemperabit
1552 3601 1563 3636 :
1611 3594 1664 3639 et
1707 3586 1752 3639 si

176 3685 350 3739 neque
374 3670 609 3727 secundo
632 3672 937 3725 admonenti
985 3672 1372 3741 obtemperabit
1396 3713 1413 3739 ,
1445 3675 1638 3729 iterum
1671 3684 1752 3728 ta-

173 3776 299 3815 men
324 3771 374 3816 te
402 3762 583 3816 videns
606 3772 902 3832 urgentem,
927 3762 1061 3816 forte
1086 3764 1384 3825 erubescet,
1414 3775 1467 3817 et
1494 3766 1755 3820 reveritus

174 3862 322 3905 tuam
349 3867 552 3916 curam,
600 3868 630 3906 a
673 3853 983 3921 perniciosis
1032 3852 1135 3907 illis
1164 3853 1466 3908 abstinebit.
1500 3855 1567 3909 Et
1596 3872 1752 3910 num-

172 3956 336 4010 quam
382 3941 786 4006 dicas:SemeI,
828 3952 879 3997 et
916 3930 1139 4009 iterum,
1184 3954 1237 3999 et
1285 3946 1441 4000 tertio
1479 3955 1535 4001 et
1559 3948 1754 4017 smpius

174 4032 357 4084 monui
379 4072 394 4097 ,
426 4042 480 4085 et
525 4033 654 4085 nihil
686 4032 906 4100 profeci.
964 4033 1040 4088 Ne
1080 4050 1298 4089 monere
1342 4037 1555 4092 desinas
1586 4056 1599 4094 :
1630 4055 1753 4093 nam

172 4128 375 4190 quanto
400 4121 566 4190 magis
595 4130 648 4175 ttt
679 4125 1101 4190 perseveraveris
1119 4165 1132 4185 ,
1173 4134 1319 4179 tanto
1341 4128 1505 4196 magis
1534 4139 1585 4181 et
1609 4146 1753 4184 mer-

170 4225 267 4266 ces
298 4212 388 4265 tibi
436 4222 659 4267 crescet.
714 4212 829 4267 Non
878 4214 1069 4268 videtis
1119 4226 1313 4283 quanta
1341 4221 1575 4271 omnium
1618 4220 1755 4273 Deus

174 4314 279 4354 nos
307 4301 557 4370 patientia
580 4303 791 4370 tolerat,
820 4316 868 4358 et
899 4306 1417 4374 quomodoquotidie
1442 4309 1756 4378 negligimus

172 4392 544 4463 obtemperare
583 4395 698 4464 ejus
749 4396 1033 4463 mandatis,
1081 4405 1134 4450 et
1177 4412 1348 4466 neque
1387 4399 1466 4454 sic
1502 4411 1675 4454 cessa;
1724 4416 1751 4453 a

125 4481 133 4485 ’
173 4498 305 4537 cura
363 4478 564 4548 nostra,
597 4484 693 4538 sed
721 4487 898 4539 omnia
950 4501 1044 4539 sua
1076 4488 1394 4555 suppeditat,
1424 4491 1591 4542 solem
1626 4492 1751 4544 oriri

171 4584 346 4640 emat,
373 4574 577 4643 pluvias
614 4575 877 4642 concedit,
902 4576 1111 4645 aliaque
1132 4577 1343 4631 omnia?
1376 4580 1542 4634 Simili
1596 4581 1756 4635 modo

174 4670 234 4717 et
264 4677 362 4717 nos
386 4678 509 4733 erga
540 4662 728 4719 fratres
758 4674 968 4719 nostros
995 4665 1131 4720 bene
1175 4666 1373 4733 allecti,
1429 4685 1614 4739 magna
1641 4680 1753 4724 uta-

176 4766 300 4805 mur
325 4750 619 4821 diligentia,
666 4764 718 4807 et
764 4755 1100 4809 obluctemur
1128 4757 1360 4826 maligno
1390 4758 1462 4811 illi
1501 4760 1752 4828 daemoni,

176 4848 236 4894 ιιι
260 4840 441 4896 irritos
476 4841 593 4911 ejus
634 4842 887 4898 faciamus
922 4856 1164 4900 conatus.
1209 4847 1337 4901 Nam
1371 4849 1414 4903 si
1445 4852 1635 4921 singuli
1664 4854 1752 4921 qui

173 4928 388 4995 adsunt,
430 4946 590 4983 unum
635 4931 941 4987 lucrifacere
987 4944 1219 5000 possent,
1278 4937 1447 5006 cogita
1498 4953 1751 5007 quautam

175 5016 584 5075 uobisltetitiam
632 5022 862 5076 Ecclesia
904 5023 1238 5078 multitudine
1281 5025 1510 5079 filiorum
1536 5043 1752 5083 suorum

174 5111 478 5166 ostenderet
532 5127 551 5168 :
590 5122 645 5167 et
693 5114 935 5169 diabolus
979 5116 1412 5183 confunderetur,
1466 5120 1650 5175 videns
1698 5124 1753 5176 in

176 5214 371 5253 \atttttn
421 5211 475 5254 et
517 5202 711 5257 frustra
763 5205 978 5258 extendi
1035 5220 1129 5260 sua
1175 5208 1327 5262 retia.
1373 5210 1523 5275 Quod
1568 5213 1613 5266 si
1654 5214 1755 5268 hoc

176 5286 432 5356 feceritis,
472 5294 697 5347 audietis
742 5302 797 5349 et
840 5308 934 5349 vos
980 5296 1031 5349 in
1076 5295 1164 5351 die
1216 5297 1307 5351 illo
1358 5314 1371 5350 :
1415 5299 1577 5370 Euge,
1617 5320 1756 5357 serve

172 5378 302 5432 bene
341 5390 388 5433 et
406 5382 592 5448 ﬁdelis,
618 5385 670 5437 in
700 5400 860 5453 pauca
900 5386 1041 5455 fuisti
1088 5388 1273 5455 ﬁdelis,
1312 5407 1467 5459 supra
1512 5392 1668 5446 multa
1707 5405 1755 5449 te

170 5473 491 5527 constituam.

243 5562 297 5616 3.
335 5562 596 5618 Cancrum
628 5567 764 5621 bona
792 5581 886 5637 spe
909 5584 1027 5625 sum
1056 5584 1149 5624 vos
1172 5570 1270 5625 hoc
1298 5571 1526 5627 facturos
1554 5591 1566 5627 :
1598 5576 1754 5630 video

170 5654 313 5706 enim
342 5655 517 5709 vultus
545 5665 771 5723 vestros,
801 5667 854 5713 et
882 5660 1239 5728 conjecturam
1267 5676 1420 5715 sumo
1442 5680 1534 5717 vos
1560 5666 1749 5721 adn-o-

168 5744 430 5799 uitiouem
462 5757 693 5803 uestram
737 5764 922 5820 magna
950 5752 1217 5823 voluptate
1247 5756 1517 5825 accepisse
1540 5796 1555 5821 ,
1592 5769 1752 5831 atque

1111 402 1175 458 IN
1213 399 1366 457 CAP.
1412 395 1609 453 XVIII.
1633 391 1879 448 GENES.
1904 386 2149 446 iliOMlL.
2184 387 2317 445 XLI.

3325 377 3431 432 ςτδ

1842 499 1967 557 hinc
2004 517 2163 572 spero
2208 516 2332 565 vos,
2364 499 2503 571 quod
2534 506 2767 555 vestrum
2798 495 2988 564 fuerit,
3018 495 3269 551 facturos.
3301 495 3434 549 Pru-

1838 593 1961 648 inde
1993 593 2130 647 hanc
2171 591 2589 646 admonitionem
2629 589 2715 643 hic
2744 587 2997 643 ﬁniamus
3024 604 3037 640 :
3070 599 3439 656 proponamus

1840 692 2019 737 autem
2048 681 2200 737 vobis
2230 690 2443 736 tenuem
2486 693 2722 735 nostram
2752 694 2815 733 ac
2844 692 3135 748 pauperem
3164 690 3431 737 mensam,

1838 784 1894 831 ut
1920 789 2039 830 eum
2060 774 2271 829 solitam
2300 773 2614 843 acceperitis
2632 771 2949 834 doctrinam,
2975 769 3193 824 domum
3233 780 3434 822 conce-

1837 867 1996 922 datis.
2029 865 2219 935 Operm
2240 866 2467 935 pretium
2493 864 2635 919 enim
2666 862 2826 918 fuerit
2851 871 2905 916 et
2928 861 3084 916 hodie
3115 861 3165 915 in
3194 860 3428 913 medium

1838 957 2030 1012 afferre
2060 957 2413 1027 patriarcharn
2436 956 2725 1021 Abraham,
2751 964 2809 1007 ut
2837 954 3056 1008 discatis
3085 962 3336 1022 quantam
3358 950 3430 1004 ab

1840 1048 2195 1118 hospitalitate
2233 1048 2534 1103 mercedem
2575 1046 2856 1116 acceperit.
2894 1046 2917 1099 I
2956 1043 3140 1113 (Caput
3187 1042 3295 1111 I8).
3322 1040 3431 1108 Ap-

1840 1143 2009 1209 paruit
2037 1142 2083 1193 ei
2105 1149 2269 1193 autem
2298 1139 2433 1193 Deus
2451 1181 2466 1204 ,
2501 1138 2705 1207 inquit,
2735 1137 2874 1207 apud
2898 1151 3136 1205 quercum
3181 1134 3432 1197 Mambre,

1840 1233 2039 1287 sedente
2062 1233 2172 1301 ipso
2194 1230 2262 1283 ad
2278 1232 2495 1301 januam
2524 1229 2831 1282 tabernaculi
2854 1228 2935 1281 sui
2955 1226 3180 1279 meridie.
3209 1224 3428 1294 Singula

1842 1323 2001 1379 verba
2018 1323 2298 1393 diligenter
2313 1323 2664 1387 excutiamus,
2680 1330 2730 1375 et
2747 1329 2934 1389 aperto
2950 1319 3223 1381 thesauro,
3248 1329 3435 1371 omnes

1842 1417 1894 1471 in
1940 1432 2006 1469 eo
2042 1416 2265 1470 latentes
2307 1415 2518 1469 divitias
2564 1414 2853 1468 discamus.
2885 1410 3061 1477 Quare
3102 1409 3181 1462 sic
3211 1421 3440 1462 exorsus

1842 1518 1941 1571 est,
1975 1508 2223 1579 Apparuit
2252 1518 2421 1560 autem
2450 1506 2495 1560 ei
2518 1505 2694 1559 Deus?
2716 1505 2907 1573 Specta
2940 1501 3147 1556 Domini
3190 1500 3436 1569 benigni-

1845 1607 2027 1664 tatem,
2050 1607 2104 1651 et
2128 1596 2408 1652 considera
2438 1596 2614 1650 famuli
2638 1606 2845 1665 gratum
2868 1593 3125 1647 animum.
3146 1591 3434 1660 Postquam

1843 1689 1984 1742 enim
2012 1687 2255 1757 superius
2274 1686 2517 1755 apparuit
2545 1685 2618 1751 ei,
2640 1694 2694 1739 et
2715 1692 2910 1754 praeter
2931 1690 3123 1735 cmtera
3151 1680 3310 1734 etiam
3339 1679 3440 1733 cir-

1844 1776 2183 1833 cumcisionis
2210 1777 2515 1830 mandatum
2555 1774 2807 1845 praecepit
2835 1791 2849 1824 :
2881 1772 3107 1826 eximius
3135 1780 3312 1857 autem
3337 1769 3438 1822 iste

1846 1872 1927 1924 vir
1956 1883 2169 1938 semper
2187 1884 2305 1937 qum
2334 1884 2364 1922 a
2398 1867 2506 1921 Deo
2534 1873 2799 1936 praecepta
2831 1874 2977 1919 erant
3002 1864 3288 1932 diligenter
3310 1876 3435 1930 per-

1848 1962 2004 2016 licere
2028 2002 2043 2025 ,
2077 1960 2275 2027 rejeeta
2318 1957 2462 2011 omni
2510 1971 2691 2021 mura,
2726 1954 2930 2009 curavit
2964 1962 3058 2008 :et
3095 1949 3441 2031 circumcisus

1846 2060 1929 2105 est
1977 2051 2117 2119 ip<e,
2151 2048 2378 2117 implens
2410 2045 2716 2100 mandatum
2748 2044 2874 2109 Dei,
2917 2053 2971 2097 et
3012 2042 3289 2097 lsmaelem
3330 2040 3439 2094 cir-

1847 2140 2119 2201 cumcidit,
2150 2149 2204 2193 et
2232 2138 2547 2192 vernaculos
2581 2150 2805 2201 omnes,
2833 2143 2889 2189 et
2915 2135 2967 2189 in
3009 2148 3215 2188 summa
3244 2132 3435 2186 miram

1847 2231 2133 2285 declaravit
2158 2229 2515 2283 obedientiam
2538 2246 2550 2281 :
2572 2227 2761 2281 iterum
2787 2226 2835 2280 ei
2866 2235 3105 2295 apparet.
3125 2224 3269 2277 Talis
3293 2223 3439 2277 enim

1847 2331 1929 2375 est
1956 2321 2214 2374 Dominus
2235 2328 2435 2381 uoster,
2460 2327 2517 2371 ut
2544 2317 2588 2371 si
2619 2317 2833 2385 quando
2869 2314 3063 2369 viderit
3093 2330 3191 2368 nos
3219 2313 3271 2366 in
3300 2313 3444 2383 prio-

1850 2410 1995 2464 ribus
2019 2419 2220 2480 gratos,
2248 2408 2548 2463 accumulet
2574 2407 2829 2462 beneficia
2849 2448 2865 2472 ,
2895 2414 2952 2461 et
2976 2422 3263 2475 numquam
3292 2420 3320 2457 a
3346 2420 3445 2459 sua

1852 2501 2194 2556 benelicentia
2236 2500 2490 2564 desistat,
2528 2512 2876 2553 remunerans
2910 2496 3273 2551 obedientium
3318 2509 3445 2565 gra-

1852 2602 1961 2645 tum
1991 2590 2322 2662 obsequium.
2356 2590 2581 2658 Propter
2624 2587 2727 2642 hoc
2775 2590 2933 2657 igitur
2955 2628 2971 2652 ,
3015 2586 3137 2656 quia
3169 2585 3402 2639 obedivit
3426 2624 3444 2649 ,

1852 2686 2041 2738 iterum
2072 2683 2316 2753 apparuit
2339 2681 2409 2736 ei.
2438 2681 2549 2748 Qua
2576 2680 2644 2734 de
2669 2694 2827 2734 causa
2858 2680 2934 2733 sic
2964 2693 3121 2733 orsus
3146 2686 3229 2732 est
3256 2677 3447 2732 beatus

1854 2775 2027 2829 Moses
2054 2791 2067 2826 :
2097 2773 2349 2842 Apparuit
2380 2780 2547 2825 autent
2574 2772 2618 2824 ei
2661 2770 2796 2823 Deus
2830 2770 2969 2838 apud
3004 2784 3239 2837 quercum
3272 2767 3447 2819 Mam-

1854 2866 1957 2931 bre,
1990 2866 2191 2920 sedente
2214 2880 2271 2918 eo
2294 2866 2362 2916 ad
2367 2864 2584 2933 januant
2610 2862 2918 2914 tabernaculi
2948 2861 3026 2913 sui
3057 2860 3283 2913 meridie.
3305 2858 3448 2913 Con-

1853 2956 2027 3010 sidera
2051 2996 2066 3019 ,
2098 2969 2194 3008 oro
2218 2996 2236 3021 ,
2266 2953 2352 3007 hic
2378 2954 2628 3007 virtutem
2654 2952 2803 3020 justi.
2849 2950 3069 3003 Sedentc
3092 2989 3105 3009 .
3140 2948 3305 3016 inquit
3332 2989 3344 3009 ,
3376 2946 3447 2999 ad

1855 3051 1989 3116 fores
2018 3045 2327 3099 tabernaculi
2371 3043 2471 3097 sui.
2506 3042 2807 3110 Tantopere
2844 3038 3066 3093 curabat
3111 3037 3448 3107 hospitalita-

1856 3144 1985 3199 tem,
2018 3143 2076 3188 ut
2104 3134 2271 3188 nollet
2300 3134 2567 3202 hospitum
2597 3131 2936 3185 venationem
2961 3128 3194 3198 cuipiam
3221 3126 3449 3181 familia-

1857 3229 1992 3282 rium
2012 3227 2348 3283 committere
2372 3244 2387 3281 :
2432 3225 2526 3280 sed
2549 3232 2816 3279 trecentos
2832 3222 3015 3277 decem
3033 3230 3087 3275 et
3102 3230 3225 3275 octo
3245 3220 3451 3274 habens

1855 3319 2201 3385 vernaculos,
2244 3317 2405 3371 homo
2444 3330 2609 3371 senex
2664 3324 2719 3370 et
2758 3330 2899 3368 nunc
2948 3313 3235 3382 decrepitis
3278 3312 3453 3366 relatis

1861 3408 2245 3480 (centenarias
2287 3406 2429 3461 enim
2467 3414 2581 3460 erat
2613 3404 2654 3474 ),
2687 3403 2826 3473 apud
2860 3402 3076 3473 januam
3117 3401 3355 3457 sedebat.
3386 3401 3453 3455 Et

1858 3500 1945 3554 hic
1972 3497 2185 3569 quidem
2227 3497 2329 3551 hoc
2355 3511 2565 3551 summo
2592 3495 2771 3550 studio
2795 3494 3049 3558 curabat,
3080 3503 3133 3547 et
3165 3508 3336 3562 neque
3364 3506 3453 3547 se-

1859 3599 2046 3645 nectus
2070 3589 2144 3643 illi
2171 3588 2447 3643 obstaeulo
2471 3597 2606 3651 erat,
2634 3601 2808 3655 neque
2832 3600 2942 3639 sum
2969 3583 3161 3655 quietis
3187 3599 3339 3649 cura,
3357 3599 3454 3638 nec

1858 3698 1961 3753 que
2001 3683 2141 3737 intus
2178 3696 2339 3750 super
2378 3681 2573 3735 lectum
2611 3678 2989 3742 recumbebat,
3018 3677 3112 3732 sed
3156 3677 3221 3731 ad
3252 3677 3451 3731 ostium

1857 3772 2078 3827 sedebat
2105 3789 2119 3826 :
2150 3770 2240 3825 alii
2264 3780 2441 3825 autem
2469 3784 2612 3839 saepe
2642 3784 2747 3823 non
2774 3770 2955 3823 solum
2978 3776 3183 3823 tantum
3213 3767 3446 3823 studium

1858 3878 1963 3917 non
1995 3861 2269 3927 adhibent,
2298 3861 2390 3915 sed
2434 3873 2488 3936 et
2514 3861 2668 3930 plane
2696 3858 2986 3923 diversum,
3015 3870 3070 3914 et
3099 3860 3288 3913 borum
3318 3873 3451 3913 con-

1858 3967 2070 4023 gressus
2098 3952 2302 4023 fugiunt
2328 3960 2382 4006 et
2410 3952 2631 4015 evitant,
2658 3962 2715 4004 ut
2736 3966 2803 4005 ne
2833 3950 2982 4005 inviti
3012 3961 3270 4022 cogantur
3298 3951 3451 4006 exci-

1861 4059 2007 4113 pere.
2038 4043 2235 4098 Verum
2272 4057 2377 4097 non
2400 4041 2575 4111 justus
2613 4042 2701 4096 ille
2747 4042 2818 4095 ita
2846 4043 3075 4112 agebat,
3104 4043 3197 4097 sed
3227 4041 3453 4098 sedebat

1858 4135 1925 4189 ad
1968 4134 2182 4203 januam
2213 4134 2454 4187 meridie.
2489 4133 2622 4187 Hinc
2651 4134 2793 4188 enim
2825 4133 2996 4202 major
3020 4133 3355 4204 hospitalitas
3397 4143 3457 4190 et

1861 4226 2033 4278 virtus
2070 4222 2187 4293 ejus
2228 4223 2457 4286 ducitur,
2490 4222 2629 4293 quod
2659 4224 2710 4277 in
2740 4222 2963 4278 meridie
2992 4223 3094 4278 hoc
3131 4222 3349 4278 faceret.
3385 4223 3457 4279 Et

1860 4316 2051 4369 merito
2089 4314 2301 4384 quidem
2328 4332 2342 4368 :
2365 4316 2487 4385 quia
2516 4316 2659 4369 enim
2690 4316 2911 4380 sciebat,
2938 4329 3051 4380 eos,
3084 4316 3171 4383 qui
3212 4317 3452 4385 peregri-

1861 4419 1989 4458 nare
2031 4410 2292 4473 coguntur
2314 4445 2330 4470 ,
2360 4418 2427 4457 eo
2462 4406 2691 4458 maxime
2733 4413 2973 4474 tempore
3010 4404 3249 4474 indigere
3284 4420 3412 4460 cura
3435 4446 3453 4472 ,

1861 4505 2068 4565 tempus
2097 4494 2198 4548 hoc
2225 4494 2474 4548 idoneum
2499 4495 2748 4565 eligebat,
2777 4507 2833 4549 et
2862 4495 3055 4550 sedens
3080 4510 3174 4551 eos
3199 4497 3288 4565 qui
3317 4513 3455 4567 pra:—

1861 4588 2087 4641 teribant
2105 4584 2413 4651 venabatur,
2428 4586 2659 4655 quietem
2681 4584 2780 4639 sibi
2801 4586 3003 4640 ducens
3028 4587 3332 4643 ministrare
3352 4588 3457 4643 via-

1862 4675 2066 4729 toribus
2100 4694 2113 4729 :
2143 4683 2198 4730 et
2238 4690 2333 4729 eos
2356 4676 2443 4744 qui
2477 4675 2656 4730 calore
2681 4676 2995 4738 :estuabant,
3016 4678 3116 4730 sub
3144 4687 3338 4733 tectum
3367 4678 3456 4733 in-

1861 4766 2143 4818 troducere
2184 4765 2463 4830 studebat,
2497 4780 2605 4818 non
2648 4766 2859 4820 curiose
2903 4766 3188 4835 explorans
3226 4782 3323 4822 eos
3362 4768 3457 4838 qui

1861 4857 2197 4926 pneteribant
2220 4897 2236 4922 ,
2269 4872 2440 4925 neque
2470 4858 2748 4926 requirens
2776 4872 2842 4911 an
2876 4860 2983 4911 noti
3004 4901 3020 4924 ,
3054 4859 3136 4913 vel
3177 4860 3338 4930 ignoti
3369 4875 3457 4915 es-

1860 4954 2000 4999 sent.
2032 4946 2215 5015 Neque
2242 4947 2383 4999 enim
2427 4947 2799 5015 Imspitalitatis
2830 4947 2989 5003 fuerit
3032 4949 3315 5020 diligenter
3339 4952 3454 5005 sin-

1858 5038 1975 5105 gula
2006 5037 2351 5106 perscrutari.
2378 5037 2478 5091 sed
2505 5038 2752 5092 omnibus
2782 5040 3099 5110 simpliciter
3126 5056 3277 5095 suam
3307 5056 3456 5096 com-

1859 5128 2130 5182 municare
2172 5128 2568 5199 benignitatem,
2588 5139 2641 5185 et
2669 5131 2786 5198 quia
2807 5132 3177 5202 hospitalitatis
3203 5147 3457 5204 sagenam

1859 5218 2217 5285 expanderat,
2260 5220 2454 5272 meruit
2498 5230 2554 5273 et
2596 5221 2967 5275 universorum
2999 5223 3287 5278 Dominum
3332 5239 3457 5280 cum

1859 5307 2059 5374 ange'is
2118 5308 2230 5360 suis
2277 5307 2567 5377 suscipere.
2603 5310 2899 5380 Eapropter
2943 5311 3140 5368 Paulus
3184 5313 3397 5369 dicebat
3437 5332 3453 5368 :

1866 5394 2240 5463 Ilospitalitatis
2268 5412 2330 5449 ne
2370 5398 2733 5453 obliviscamini
2760 5415 2778 5453 :
2809 5416 2899 5471 per
2926 5402 3057 5455 hanc
3088 5404 3221 5456 enint
3249 5403 3457 5473 quidam

1860 5486 2011 5538 nescii
2037 5527 2051 5549 ,
2080 5486 2285 5555 angelos
2311 5499 2607 5557 exceperunt
2636 5490 2853 5558 hospitio
2884 5492 2902 5563 (
2928 5492 3082 5547 Hebr.
3119 5495 3205 5549 15.
3229 5495 3288 5565 2)
3312 5512 3324 5547 ε
3356 5510 3454 5566 pa-

1861 5578 2147 5635 triarcham
2191 5582 2411 5635 omnino
2462 5582 2755 5636 insinuans.
2784 5587 2956 5653 Atque
2980 5584 3049 5638 ob
3074 5585 3177 5640 hoc
3214 5587 3457 5642 Christus

1859 5670 2070 5725 dicebat
2101 5689 2113 5723 :
2148 5670 2248 5738 Qui
2284 5674 2559 5741 susceperit
2597 5692 2758 5728 unum
2784 5692 2846 5729 ea:
2885 5677 2963 5731 his
2993 5678 3213 5732 minimis
3232 5717 3248 5744 ,
3280 5679 3331 5733 in
3358 5696 3455 5735 no-

1863 5762 1995 5814 mine
2021 5778 2147 5830 meo,
2174 5778 2250 5816 me
2274 5764 2480 5828 suscipit
2510 5764 2718 5836 (Matth.
2758 5766 2845 5821 I8.
2872 5767 2949 5838 5).
2982 5768 3291 5834 Audiamus,
3316 5768 3453 5823 dile-
