4056 6474
668 395 772 451 379

663 503 754 564 cti,
780 508 832 553 et
853 496 1083 565 hospitio
1103 491 1369 562 excepturi
1397 492 1411 522 ⁸
1445 504 1730 558 numquam
1751 501 2071 556 qttmramns,
2086 486 2236 551 Quis,

619 579 622 586 ’
661 602 714 644 et
745 588 900 643 unde.
930 587 1061 641 Nam
1099 585 1142 639 si
1170 581 1468 653 patriarcha
1506 580 1561 633 in
1585 580 1823 645 rogando
1852 577 2040 629 fuisset
2066 577 2240 629 curio.

661 697 788 747 sus,
818 679 953 732 forte
983 683 1270 747 peccasset;
1298 672 1402 726 Sed
1431 671 1666 731 sciebat,
1699 667 1906 736 inquis,
1947 667 2235 718 advenien-

663 773 792 822 tium
819 769 1146 835 dignitatem.
1172 761 1320 817 Unde
1365 764 1463 812 hoc
1495 760 1583 812 tibi
1619 757 1815 826 liquet?
1845 755 2120 822 Quomodo
2145 769 2237 805 an.

662 871 770 915 tem
798 863 840 913 si
873 861 941 912 ita
975 866 1136 917 esset,
1169 853 1502 907 admirationi
1533 850 1753 904 luisset?
1779 848 1959 915 Neque
1993 847 2133 899 enim
2163 846 2239 899 sic

660 950 970 1004 admirabile
1014 947 1196 1000 fuisset
1225 985 1238 1000 .
1268 945 1311 1000 si
1340 941 1676 1011 suscipiendo
1708 939 1942 1009 hospites
1979 935 2239 990 curiosius

660 1043 991 1108 explorasset
1018 1037 1106 1104 qui
1137 1043 1336 1094 essent,
1368 1034 1502 1085 sicut
1533 1045 1669 1083 nunc
1695 1044 1816 1082 cum
1847 1028 2096 1096 ignorans
2123 1026 2239 1094 qni-

663 1144 786 1181 nam
825 1126 1169 1186 advenerim,
1205 1132 1346 1174 tanta
1393 1120 1664 1172 alacritate
1702 1127 1756 1170 et
1795 1118 1997 1170 honore
2039 1115 2240 1168 accedit

660 1217 807 1285 quasi
839 1229 1024 1266 servus
1070 1213 1134 1266 ad
1177 1211 1453 1270 dominos,
1487 1208 1702 1276 suisque
1745 1207 1922 1259 verbis
1961 1217 2239 1273 propemo-

658 1308 782 1358 dum
807 1305 1011 1357 vincula
1045 1303 1240 1371 injicit,
1269 1310 1323 1353 et
1351 1300 1611 1366 supplicat
1641 1299 1718 1351 eis
1739 1337 1754 1360 ,
1784 1308 1836 1349 ut
1868 1311 1933 1349 ne
1976 1302 2234 1354 renuant,

661 1413 830 1465 neque
858 1411 915 1450 se
941 1395 1170 1448 maximo
1194 1393 1389 1445 damno
1424 1390 1676 1442 afficiant.
1697 1387 1909 1440 Sciebat
1937 1386 2078 1438 enim
2111 1383 2236 1451 quid

660 1486 888 1544 faceret;
928 1494 1138 1553 propter
1185 1483 1286 1536 hoc
1311 1495 1502 1548 magno
1530 1495 1650 1532 cum
1679 1477 1867 1530 ardore
1899 1475 2122 1527 fructum
2148 1488 2239 1526 en-

663 1575 869 1642 pinsum
914 1572 1252 1643 percipiebat.
1288 1571 1389 1624 Sed
1431 1570 1707 1621 audiamus
1748 1565 1904 1619 verba
1959 1563 2236 1632 scriptoris

661 1666 822 1732 ip-ius
846 1705 861 1726 ,
895 1673 948 1715 ut
987 1665 1160 1716 videas
1192 1663 1242 1714 in
1285 1669 1517 1713 extrema
1556 1666 1766 1712 senecta
1808 1655 2097 1724 juvenilem
2125 1654 2237 1705 ala-

659 1759 920 1817 critatem,
963 1766 1013 1806 et
1049 1767 1229 1804 senem
1275 1751 1423 1818 quasi
1472 1748 1723 1817 juvenem
1765 1745 2151 1805 exsultantem,
2183 1751 2235 1796 et

667 1855 933 1910 putantem
964 1858 1020 1895 se
1065 1843 1329 1894 invenisse
1364 1841 1672 1894 thesaurum
1713 1839 2024 1904 quemdam,
2059 1835 2234 1900 hospi-

659 1947 766 1986 tum
786 1948 972 2002 nempe
993 1933 1296 1985 adventum.
1315 1931 1368 1982 2.
1393 1929 1610 1983 Elevatis
1631 1938 1815 1989 autem,
1841 1927 2026 1994 inquit,
2053 1926 2230 1987 oculis,

657 2024 795 2088 vidit,
819 2034 862 2075 et
878 2038 987 2076 ecce
1010 2033 1107 2076 tres
1125 2023 1215 2073 riri
1231 2030 1467 2073 steterunt
1488 2035 1641 2087 supra
1667 2034 1779 2070 eum
1803 2033 1820 2068 :
1844 2029 1889 2070 et
1916 2027 1966 2067 ut
1993 2017 2131 2076 vidit,
2157 2033 2232 2067 oc-

655 2116 811 2166 currit
831 2117 880 2165 in
907 2130 1163 2166 occursum
1188 2114 1259 2164 eis
1284 2113 1345 2164 ab
1370 2113 1495 2163 ostio
1517 2108 1820 2162 tabernaculi
1845 2105 2154 2168 sui.Currit,
2182 2117 2233 2158 et

657 2209 794 2258 vnlat
823 2219 983 2259 senex
1007 2222 1021 2255 ι
1055 2205 1182 2256 vidit
1220 2204 1360 2256 enim
1387 2201 1620 2272 prasdam
1642 2215 1797 2266 quam
1822 2199 2109 2250 venabatur
2129 2238 2143 2256 ,
2181 2207 2233 2249 et

655 2294 794 2346 nulla
855 2293 1172 2346 inﬁrmitatis
1216 2306 1324 2344 snze
1378 2291 1586 2343 ratione
1641 2288 1851 2347 habita,
1885 2287 1950 2339 ad
1995 2291 2231 2338 venatio-

655 2397 774 2435 nem
803 2383 1036 2435 cucurrit
1065 2398 1080 2435 :
1114 2396 1217 2433 non
1250 2381 1450 2433 vocavit
1484 2377 1726 2436 famulos.
1759 2392 1928 2444 neque
1955 2377 2232 2443 imperavit

653 2487 836 2538 puero,
869 2471 1101 2539 nihilque
1138 2469 1440 2523 rusticitatis
1483 2483 1653 2537 neque
1681 2467 1896 2519 desidia:
1925 2471 2118 2533 praa'se
2151 2475 2231 2516 tn-

653 2563 732 2624 lit,
759 2563 850 2616 sed
873 2565 980 2630 ipse
1005 2562 1268 2616 cucurrit:
1297 2560 1444 2630 quasi
1467 2560 1686 2618 diceret,
1715 2558 1926 2626 Magnus
1951 2559 2232 2610 thesaurus

651 2664 731 2705 est
752 2693 767 2713 .
799 2667 984 2721 magna
1026 2654 1346 2721 negotiatio:
1379 2667 1470 2718 per
1506 2649 1874 2714 memetipsum
1917 2647 2051 2700 hanc
2084 2663 2226 2700 mer-

650 2757 770 2795 cem
803 2742 995 2796 inferre.
1025 2743 1215 2806 debeo,
1246 2758 1310 2795 ne
1336 2742 1574 2794 elabatur
1602 2740 1728 2792 mihi
1763 2747 1962 2790 tantum
1996 2738 2224 2790 lucrum.

655 2833 718 2886 Et
746 2833 856 2887 Iure
899 2834 1120 2888 faciebat
1149 2837 1340 2902 justus,
1368 2833 1608 2886 homines
1636 2831 1890 2886 obscurus
1919 2841 1970 2885 et
2001 2833 2229 2886 viatores

649 2926 922 2992 suscipere
949 2940 1008 2978 se
1030 2926 1356 2978 existimans.

720 3015 771 3066 4.
805 3015 881 3066 Ad
911 3015 1293 3082 hospitalitatem
1321 3015 1564 3065 hortatur.
1600 3012 1799 3064 Laudat
1837 3012 2224 3080 hospitalitatem

653 3105 887 3162 Abrahc,
919 3105 1058 3154 illam
1082 3103 1385 3155 trntulationi
1410 3113 1591 3154 nostra
1619 3118 1918 3169 proponens.
1951 3131 2018 3140 —
2050 3102 2226 3154 Disca-

657 3208 779 3246 mns
803 3202 854 3245 et
887 3207 1001 3255 nos,
1039 3207 1100 3246 ac
1131 3191 1400 3245 imitemur
1436 3191 1564 3260 justi
1596 3193 1863 3242 virtutem.
1899 3191 2028 3243 Nam
2054 3192 2095 3243 si
2126 3189 2227 3243 hoc

651 3281 930 3336 fecerimus
949 3322 962 3343 ,
991 3281 1276 3334 verisimile
1301 3290 1382 3334 est
1419 3292 1470 3332 et
1511 3294 1608 3331 nos
1649 3278 1934 3347 aliquando
1964 3280 2222 3346 ejusmodi

648 3371 824 3438 przetla
872 3371 1163 3438 potituros;
1197 3371 1302 3422 imo
1329 3383 1538 3435 semper
1577 3368 1939 3434 assequimur,
1970 3368 2014 3420 si
2055 3377 2224 3420 atten-

643 3462 838 3514 dimus.
866 3461 945 3514 0h
972 3460 1115 3512 illam
1145 3460 1286 3512 enim
1315 3474 1529 3511 causam
1559 3457 1816 3524 benignus
1855 3458 2134 3517 Dominus.
2164 3467 2224 3510 ut

646 3568 714 3604 ne
744 3551 808 3602 ad
836 3551 991 3603 talem
1021 3549 1399 3615 benignitatem
1425 3561 1613 3615 segnes
1643 3549 1827 3607 simus,
1854 3562 2023 3614 neque
2051 3549 2222 3599 curio-

642 3641 755 3695 sius
795 3655 887 3693 eos
916 3640 1004 3707 qui
1047 3639 1330 3691 adveniunt
1360 3647 1679 3699 scrutemur,
1712 3637 1876 3704 inquit
1908 3653 1920 3688 :
1952 3637 2050 3699 Qui
2076 3653 2216 3688 arce-

646 3732 772 3797 perit
802 3744 956 3779 unum
985 3743 1046 3780 ex
1085 3727 1160 3778 his
1197 3727 1413 3778 minimis
1457 3726 1507 3776 in
1540 3727 1736 3776 nomine
1775 3740 1902 3786 meo,
1933 3741 2008 3774 me
2043 3727 2222 3791 accipit

644 3819 867 3888 (Matth.
901 3820 984 3872 18.
1014 3819 1089 3885 5).
1118 3818 1192 3870 Ne
1237 3818 1390 3885 igitur
1432 3816 1494 3868 ad
1541 3818 1793 3869 vilitatem
1852 3818 2219 3883 praiterenntis

645 3917 873 3978 spectes,
907 3923 1074 3976 neque
1099 3923 1161 3960 ex
1197 3908 1259 3959 iis
1286 3923 1402 3974 qum
1426 3905 1572 3958 vides
1599 3905 1755 3959 vilem
1783 3920 1901 3957 esse
1928 3917 2092 3972 putes,
2125 3905 2216 3956 st-d

643 3999 814 4067 cogita
869 4009 921 4050 te.
984 4013 1076 4065 per
1138 3998 1350 4062 ipsum,
1402 3996 1682 4048 Dominum
1736 4006 1879 4047 tttum
1927 3998 2213 4063 suscipere.

644 4087 867 4152 Quando
896 4087 1038 4138 enim
1073 4095 1286 4152 proiuer
1315 4086 1428 4152 ejus
1469 4100 1658 4137 nomen
1692 4084 2041 4136 ministerium
2073 4095 2218 4138 tttnm

647 4177 698 4229 in
728 4177 872 4228 illum
900 4174 1203 4228 exhibueiis
1227 4215 1242 4236 ,
1275 4175 1572 4226 mercedem
1603 4174 1831 4240 accipies
1851 4214 1866 4234 ,
1909 4188 1970 4225 ac
2001 4174 2042 4225 si
2077 4173 2219 4226 illum

644 4264 988 4329 suscepisses.
1023 4263 1170 4322 Esto,
1193 4264 1261 4314 sit
1299 4262 1456 4314 deses
1484 4272 1535 4314 et
1567 4262 1961 4330 negligentioris
1985 4263 2105 4315 vita:
2132 4263 2220 4330 qui

645 4365 731 4406 ttta
766 4354 950 4406 Iruitur
995 4354 1350 4421 benignitate,
1383 4369 1484 4405 non
1528 4353 1594 4405 sit
1642 4353 1730 4405 tibi
1775 4353 1888 4420 ejus
1938 4355 2012 4406 rei
2044 4369 2170 4407 cura
2206 4373 2217 4406 :

646 4444 799 4510 plena
828 4445 968 4496 enim
993 4445 1082 4496 tibi
1107 4455 1162 4497 et
1188 4444 1418 4511 perlecta
1452 4458 1655 4496 merces
1680 4443 1911 4506 dabitttr,
1941 4446 1989 4495 in
2015 4443 2219 4497 Domini

649 4534 902 4586 honorem
950 4533 1046 4585 hoc
1087 4535 1328 4596 facienti,
1359 4544 1413 4585 et
1439 4533 1660 4584 imiiauti
1704 4533 2017 4599 patriarclue
2061 4532 2222 4585 virtu-

653 4633 777 4674 lem.
818 4620 878 4673 Et
906 4632 956 4673 ut
988 4623 1124 4682 vidit,
1162 4623 1345 4690 inquit,
1390 4624 1602 4673 accurrit
1646 4623 1695 4672 in
1739 4637 1998 4672 occursum
2047 4624 2116 4673 eis
2161 4620 2221 4671 ab

645 4715 771 4765 ostio
793 4713 1114 4765 tabernaculi.
1145 4714 1282 4766 Bene
1313 4724 1361 4765 et
1395 4712 1494 4765 hoc
1535 4713 1780 4773 verbum,
1808 4713 2032 4764 Accurrit
2052 4753 2064 4768 ,
2089 4727 2221 4780 qna-

644 4803 785 4868 drat,
811 4815 864 4857 ut
882 4805 1056 4857 discas
1071 4819 1162 4856 eos
1179 4807 1322 4872 quasi
1353 4805 1558 4871 ignotos
1581 4805 1915 4870 prmteriisse,
1936 4812 1985 4855 et
2003 4817 2106 4854 non
2130 4817 2222 4855 sua

647 4905 838 4962 sponte
867 4895 930 4946 ad
963 4894 1358 4946 tabernaculum
1386 4895 1615 4947 venisse.
1649 4893 1964 4960 Propteiea,
1997 4907 2063 4945 ne
2094 4893 2219 4944 sub-

653 4985 937 5052 terfugeret
961 5000 1080 5038 eum
1108 4985 1378 5052 spirituale
1421 4985 1517 5036 hoc
1549 4984 1752 5035 lucrum
1773 5024 1786 5045 ,
1810 4983 1896 5052 qui
1943 4993 2184 5035 senm-rat
2207 5023 2220 5045 ,

649 5075 977 5134 incantterat.
1003 5083 1056 5128 et
1081 5074 1416 5128 centenaiius
1436 5083 1569 5133 erat,
1598 5072 1912 5130 accnrrit.et
1939 5087 2094 5125 cursu
2117 5071 2225 5122 ala-

645 5164 887 5218 critatem
901 5165 1147 5219 declarat.
1172 5165 1232 5216 I'It
1250 5165 1562 5232 conspicatus
1573 5180 1673 5222 eos.
1697 5163 1884 5232 inqttit,
1901 5165 2138 5214 adorabat
2151 5179 2227 5213 su-

657 5267 751 5319 per
761 5264 964 5316 terram,
988 5255 1036 5308 3.
1060 5265 1103 5306 et
1128 5256 1254 5307 dixit
1275 5271 1290 5307 :
1318 5253 1552 5317 Domine,
1579 5253 1622 5305 si
1650 5253 1811 5304 iuveni
1827 5253 2037 5322 gratiam
2059 5268 2227 5303 coram

649 5354 724 5405 te,
753 5360 810 5396 ne
831 5355 1053 5396 transeas
1092 5361 1280 5397 servum
1323 5357 1479 5396 tuum.
1510 5345 1561 5396 4.
1588 5343 1828 5394 Sumatur
1852 5359 1970 5395 sane
1998 5359 2149 5409 aqua,
2181 5353 2225 5392 et

651 5432 811 5483 lavent
862 5437 1007 5499 pedes
1038 5445 1222 5487 vestros
1242 5476 1254 5494 ,
1289 5446 1331 5486 ct
1361 5432 1724 5503 refrigeramini
1763 5432 1852 5482 sub
1881 5431 2076 5491 arbore,
2105 5433 2155 5482 Ξὶ.
2181 5439 2226 5482 et

637 5520 888 5587 accipiam
920 5542 1091 5589 panem
1113 5566 1126 5586 ,
1173 5536 1215 5578 et
1246 5525 1539 5587 comedetis,
1569 5531 1615 5575 et
1641 5523 1843 5590 posthac
1879 5523 2191 5591 prccteribitis
2212 5563 2224 5581 ,

646 5714 676 5760 ἀ
711 5657 723 5683 ⁸
765 5662 810 5701 In
835 5658 970 5707 Savil.
1011 5666 1059 5707 et
1083 5668 1283 5721 quatuor
1309 5665 1409 5706 aliis.
1439 5658 1513 5704 hae
1540 5669 1699 5705 voces.
1729 5657 1925 5712 hospitio
1948 5658 2189 5716 ‹’.Υ‹“ιίιυιι’ἱ
2213 5697 2224 5716 ,

685 5725 837 5760 esurit.

685 5725 837 5762 esurit.

1405 381 1462 437 S.
1504 378 1780 436 JOANNIS
1816 373 2295 432 CIIRYSOSTOMI
2338 374 2651 432 ARCHIEP.
2693 373 3226 430 CONSTANTINOP.

3847 378 3946 431 3.80

2345 486 2490 553 cujus
2519 485 2683 553 gratia
2711 485 2996 536 declinastis
3015 484 3082 537 ad
3107 501 3302 538 serram
3329 494 3566 538 restrain.
3605 485 3786 537 \‘erba
3819 488 3948 553 justi

2345 573 2584 625 sublimia
2617 573 2770 626 valde
2803 583 2943 626 sunt.
2973 573 3154 643 Neque
3186 583 3386 627 tantum
3426 575 3775 639 miraculum,
3803 579 3949 643 quod

2343 675 2438 714 eos
2465 662 2780 731 susceperit,
2810 673 3062 731 quantum
3107 663 3246 730 quod
3285 677 3404 716 cum
3447 672 3590 716 tanta
3617 665 3913 719 alacritate
3937 708 3950 728 .

2342 758 2398 803 et
2416 750 2612 814 studio,
2640 762 2691 804 et
2722 767 2825 804 non
2849 761 3046 805 attenta
3072 763 3162 805 ant
3189 768 3303 814 sua,
3322 763 3414 806 aut
3436 768 3647 817 eorum,
3669 754 3766 822 qui
3787 755 3952 807 adve-

2345 851 2534 894 nerant
2558 882 2572 904 ,
2602 850 2757 894 :etate
2787 859 2802 892 :
2833 856 2954 894 nam
3002 844 3240 895 fortassis
3282 843 3599 898 videbantur
3637 845 3745 914 ipsi
3785 844 3949 912 juve-

2343 944 2476 992 nes;
2515 945 2684 999 neque
2721 931 3039 984 existimavit
3071 931 3320 986 suflieere
3357 943 3411 985 ut
3453 933 3633 986 verbis
3663 933 3954 988 dumtaxat

2341 1019 2714 1073 adhortaretur
2743 1062 2756 1082 ,
2789 1021 3079 1085 Adoraliat,
3116 1021 3302 1088 inqttit,
3345 1039 3496 1090 super
3518 1034 3713 1075 terram
3741 1040 3764 1078 :
3792 1027 3949 1094 quasi

2341 1109 2642 1176 supplicans
2666 1151 2680 1174 ,
2710 1119 2764 1163 et
2805 1109 3071 1164 efﬁcacem
3109 1111 3532 1164 exhortationem
3584 1113 3852 1173 alfereus,
3899 1125 3951 1167 ut

2343 1213 2410 1252 ne
2437 1209 2712 1266 putaretur
2732 1202 3088 1270 perfunctorie
3112 1200 3403 1254 adhortari.
3425 1202 3488 1255 Et
3516 1202 3727 1254 idcirco
3756 1204 3949 1256 divina

2343 1288 2614 1356 Scriptura
2639 1301 2939 1344 monstrans
2965 1292 3116 1344 nobis
3139 1292 3264 1358 justi
3297 1293 3542 1345 virtutem
3579 1293 3942 1355 iueﬂ’abilesn,

2342 1381 2540 1449 inquit.
2566 1379 2820 1432 Adorabat
2859 1396 3008 1446 super
3038 1391 3243 1440 terram,
3273 1391 3323 1433 et
3369 1383 3624 1449 gestibus,
3658 1393 3714 1432 et
3766 1384 3947 1434 verbis

2341 1483 2587 1537 magnum
2643 1468 2933 1533 fervorem,
2983 1469 3248 1536 egregiam
3305 1470 3464 1522 animi
3530 1469 3941 1533 humilitatem,

2339 1576 2599 1612 stnnmam
2636 1559 3044 1626 hospitalitatem
3089 1569 3141 1612 et
3172 1560 3482 1612 immensam
3510 1560 3940 1614 sollicitudinem

2338 1649 2658 1703 declarabat.
2691 1649 2760 1703 Et
2783 1665 2903 1703 cum
2935 1651 3232 1709 adorasset.
3262 1653 3451 1720 inquit,
3477 1652 3608 1702 dixit
3637 1667 3657 1705 :
3689 1654 3937 1712 Dos-inc,

2337 1742 2381 1792 si
2408 1741 2571 1793 inveni
2601 1741 2814 1808 gratiam
2844 1757 3012 1793 coram
3044 1751 3121 1802 te,
3148 1758 3210 1793 ne
3228 1723 3493 1809 prctercas
3523 1758 3731 1794 serenus
3769 1756 3935 1794 tuum.

2340 1832 2468 1896 Qn‘s
2495 1847 2588 1898 pro
2615 1831 2873 1899 dignitate
2920 1831 3210 1883 laudaverit
3249 1831 3449 1899 justum
3497 1832 3637 1885 hunc
3659 1833 3685 1883 ?
3715 1833 3800 1887 vel
3833 1849 3939 1900 quo

2341 1935 2492 1993 pacto
2534 1939 2655 1976 eum
2682 1923 2800 1991 quis
2828 1923 3120 1976 innumeris
3149 1923 3307 1976 etiam
3347 1923 3497 1976 labiis
3524 1924 3783 1991 ιιηυιιὶοιιι
3805 1926 3832 1976 2
3856 1924 3940 1976 lii-

2341 2029 2463 2066 cere
2493 2013 2656 2076 enim,
2683 2010 2916 2071 Domine.
2951 2026 3054 2064 non
3084 2012 3276 2064 insoliti
3310 2021 3389 2066 est
3425 2027 3552 2064 usus
3577 2029 3592 2076 ;
3623 2013 3813 2067 dicere
3839 2027 3935 2066 au-

2339 2114 2466 2164 tem,
2497 2103 2556 2157 Si
2587 2103 2751 2156 inveni
2777 2103 2989 2173 gratiam
3019 2104 3068 2155 in
3114 2103 3274 2156 oculis
3307 2103 3423 2168 tuis,
3455 2102 3556 2157 hoc
3581 2113 3665 2158 est
3694 2104 3934 2158 admira-

2339 2193 2461 2245 bile.
2496 2193 2838 2253 Benslicitnn,
2869 2193 3057 2261 inquit,
3089 2192 3207 2256 das,
3235 2209 3338 2246 non
3370 2193 3591 2262 accipis.
3619 2193 3762 2248 Vere
3789 2197 3934 2248 enini

2337 2282 2636 2351 hnjusmodi
2684 2299 2770 2337 res
2819 2284 3150 2352 hospitalitas
3195 2293 3312 2350 est,
3362 2300 3464 2350 qua
3513 2286 3685 2353 magis
3739 2290 3937 2356 accipit

2336 2389 2492 2442 quam
2520 2374 2629 2434 dat,
2661 2374 2749 2440 qui
2797 2374 2939 2426 illaut
2972 2385 3212 2441 prompte
3239 2385 3293 2428 et
3321 2375 3566 2428 alacriter
3595 2387 3838 2429 exercet.
3873 2384 3935 2430 At

2337 2478 2403 2517 nc
2429 2465 2547 2531 quis
2575 2464 2874 2516 auditorum
2914 2464 3040 2532 justi
3075 2466 3321 2517 virtutem
3353 2466 3618 2528 minuens,
3653 2468 3932 2520 existima

2333 2568 2452 2606 eum
2480 2569 2702 2621 gnarum
2743 2555 2926 2621 quales
2957 2555 3029 2606 illi
3063 2556 3276 2614 fuerint,
3313 2556 3424 2608 ha-c
3455 2556 3733 2624 lnquutuni
3760 2573 3888 2612 esse
3914 2579 3923 2605 τ

2335 2657 2507 2710 neque
2530 2642 2693 2704 enim,
2715 2652 2771 2695 ut
2796 2658 2937 2711 szrpe
2959 2645 3116 2696 etiam
3145 2646 3344 2697 dictum
3372 2654 3470 2703 est,
3492 2661 3744 2715 magnum
3770 2650 3928 2714 quid-

2331 2730 2453 2783 dam
2478 2732 2582 2785 tale
2600 2732 2802 2796 fuisset,
2835 2734 2878 2784 si
2911 2733 3088 2784 sciens
3113 2732 3331 2786 dixisset
3361 2750 3375 2794 ;
3404 2735 3496 2786 sed
3526 2736 3854 2790 admirabile
3880 2751 3928 2790 et

2333 2823 2648 2889 stupendum
2678 2833 2779 2886 est,
2805 2838 2925 2875 cum
2947 2825 3094 2890 quasi
3120 2822 3361 2878 homines
3386 2826 3772 2894 allaquentem,
3803 2833 3922 2882 talia

2333 2912 2494 2964 verba
2526 2912 2688 2980 loqui.
2715 2911 2789 2964 Ne
2810 2913 3090 2965 admireris
3115 2924 3309 2974 autem,
3327 2915 3465 2983 quod
3489 2930 3609 2968 cum
3637 2927 3750 2971 tres
3769 2934 3926 2972 exce-

2333 3005 2488 3070 perit,
2510 3002 2574 3054 ad
2608 3017 2763 3053 unum
2793 3018 2850 3055 se
2877 3013 3158 3056 converter
3181 3014 3199 3055 t
3221 3006 3416 3071 justus,
3446 3006 3652 3072 dict-ns,
3685 3007 3922 3062 Domine.

2331 3092 2594 3146 Fortassis
2622 3095 2761 3146 enim
2807 3110 2938 3145 unus
2981 3094 3234 3148 iilnstrior
3261 3098 3468 3150 ceteris
3493 3100 3789 3167 apparebat
3815 3143 3830 3160 .
3859 3103 3920 3153 ad

2329 3197 2484 3250 quem
2529 3183 2949 3237 exhortationem
3003 3200 3152 3236 suam
3199 3189 3478 3240 convertit.
3503 3187 3706 3242 Deinde
3739 3201 3920 3244 autem

2331 3287 2451 3323 cttm
2477 3272 2829 3339 progreditur,
2856 3287 3190 3327 communem
3222 3275 3345 3328 facit
3369 3291 3672 3331 sermonem
3698 3320 3713 3337 .
3747 3293 3804 3332 et
3832 3283 3912 3333 in-

2329 3361 2440 3427 quit
2465 3379 2478 3410 :
2503 3361 2746 3413 Sumatur
2764 3378 2914 3430 aqua,
2941 3373 2987 3414 et
3008 3363 3174 3415 lacent
3201 3367 3350 3432 pedes
3377 3376 3594 3419 vestros:
3617 3377 3671 3420 et
3705 3371 3916 3432 iter-tun,

2331 3449 2717 3520 Refrigeramini
2741 3457 2831 3506 sub
2855 3453 3052 3517 arbore,
3073 3465 3120 3506 et
3146 3458 3411 3510 comedetis
3440 3475 3637 3525 panem,
3665 3472 3710 3511 et
3742 3473 3914 3527 postea

2327 3542 2622 3605 transibitis,
2659 3543 2802 3612 cujus
2829 3543 2992 3612 gratia
3018 3543 3304 3599 declinastis
3330 3547 3397 3598 ad
3423 3565 3631 3615 puerum
3673 3562 3911 3602 vestrum.

2329 3631 2488 3684 \‘ides
2530 3633 2797 3700 quomodo
2839 3634 3086 3702 ignorans
3122 3636 3210 3704 qtti
3251 3638 3353 3689 sint
3377 3679 3393 3699 ,
3421 3640 3570 3699 quasi
3611 3639 3915 3696 hominibus

2327 3721 2546 3788 loquens
2576 3723 2989 3782 transeuntibus.
3025 3724 3091 3776 ita
3123 3728 3387 3779 communi
3416 3728 3793 3782 exhortatione
3817 3737 3912 3782 uti-

2327 3821 2431 3871 tur,
2475 3813 2638 3864 semel
2684 3822 2842 3880 atque
2875 3815 3063 3868 iterum
3107 3830 3316 3869 servum
3347 3833 3404 3870 se
3434 3833 3626 3872 vocans
3650 3821 3672 3871 τ
3699 3823 3761 3873 ιιι
3799 3823 3911 3875 vide

2325 3901 2592 3968 qnmnndn
2645 3901 2884 3968 praedicit
2925 3912 2979 3956 et
3021 3919 3219 3958 mensm
3263 3922 3372 3959 suae
3420 3909 3732 3962 tenuitatem
3767 3952 3781 3972 ,
3813 3915 3910 3961 itnu

2325 3991 2570 4043 lautitias.
2616 3991 2890 4057 Sumatur,
2925 3994 3124 4063 inquit,
3168 4013 3327 4063 aqua,
3361 4009 3403 4050 et
3433 3999 3595 4051 lacent
3640 4004 3796 4068 pedes
3840 4021 3911 4055 reo

2324 4093 2451 4134 stros
2476 4123 2491 4144 ,
2534 4095 2578 4135 et
2622 4085 2986 4153 refrigerantini
3027 4090 3118 4139 sub
3156 4089 3350 4142 arbore.
3379 4092 3511 4158 Quia
3543 4095 3688 4146 enim
3719 4097 3906 4162 fatigati

2325 4176 2474 4234 estis,
2498 4183 2550 4226 et
2575 4177 2795 4228 multum
2827 4179 3016 4230 tulistis
3037 4189 3246 4242 a-stum,
3271 4181 3390 4234 ideo
3416 4198 3512 4235 oro
3530 4200 3596 4238 ne
3623 4197 3906 4252 prmtcrca-

2332 4265 2396 4314 tis
2427 4279 2637 4316 servum
2670 4278 2923 4320 vestrum.
2952 4269 3085 4322 Num
3115 4274 3255 4323 enim
3283 4289 3528 4341 magnum
3557 4277 3810 4343 quiddam
3833 4292 3904 4331 est

2329 4353 2378 4405 id
2407 4354 2544 4422 quod
2579 4370 2679 4422 ego
2717 4356 2988 4409 exhibeo?
3026 4361 3227 4427 Aquam
3267 4363 3412 4414 vobis
3447 4365 3613 4418 solum
3660 4381 3905 4434 pnnstare

2329 4458 2564 4509 possum,
2597 4460 2696 4511 qua
2740 4446 2858 4498 lotis
2898 4447 3118 4514 pedibus
3147 4451 3338 4503 vestris
3368 4452 3466 4504 sub
3492 4454 3682 4508 arbore
3725 4456 3904 4525 fatigao

2329 4532 2522 4584 tionem
2557 4533 2852 4598 deponatis.
2889 4535 3107 4603 Insuper
3149 4547 3202 4591 et
3243 4555 3439 4593 mensa:
3481 4542 3608 4596 dicit
3651 4549 3897 4612 speciem.

2328 4621 2402 4673 Ne
2430 4622 2652 4687 putetis,
2684 4624 2845 4692 inquit
2872 4665 2886 4688 ,
2913 4641 2996 4678 me
3023 4627 3298 4694 splendida
3329 4632 3477 4684 vobis
3505 4637 3898 4700 appositurum,

2329 4711 2409 4763 vcl
2432 4711 2888 4766 condimenturutn
2913 4714 3294 4780 diversitatem,
3322 4720 3403 4773 vel
3434 4724 3778 4788 Opsoniorum
3818 4743 3899 4776 va-

2331 4802 2566 4853 rietatem
2602 4820 2612 4850 :
2648 4817 2832 4867 panem
2871 4807 3178 4870 comedetis,
3209 4820 3260 4861 et
3300 4811 3376 4865 sic
3403 4809 3736 4878 Transibitis,
3767 4820 3899 4884 cujus

2329 4893 2493 4961 gratia
2513 4895 2798 4946 decliuttstis
2819 4897 2885 4946 ad
2912 4912 3107 4949 servum
3140 4909 3372 4953 vestrum.

2501 4983 2682 5036 \‘idisti
2712 4987 2977 5052 quomodo
3025 4990 3182 5040 variis
3223 4991 3392 5043 utitur
3437 4993 3628 5055 modis,
3662 4999 3894 5063 precibus

2331 5075 2542 5128 viiicvre
2571 5085 2965 5141 pra-terettntes,
2995 5088 3046 5128 et
3072 5081 3327 5146 gestibus,
3354 5092 3406 5134 et
3431 5085 3622 5144 verbis.
3652 5097 3704 5138 et
3725 5093 3894 5154 quavis

2332 5168 2537 5218 ratione
2571 5165 2836 5219 attrahere
2869 5182 2961 5219 eos
2991 5167 3207 5221 volens?
3236 5169 3466 5223 Primum
3512 5176 3675 5238 enim,
3720 5178 3890 5244 inquit.

2333 5257 2588 5316 adoravit,
2618 5257 2810 5310 deinde
2831 5257 3076 5311 dontinns
3104 5270 3276 5324 vocat,
3299 5271 3349 5314 et
3371 5279 3426 5315 se
3460 5264 3626 5332 ipsum
3658 5283 3887 5325 servum;

2334 5355 2514 5413 postea
2545 5348 2670 5399 dicit
2694 5363 2810 5414 qua!
2856 5347 2957 5399 illis
2982 5348 3313 5403 exhibitnrtts
3351 5351 3438 5414 sit,
3486 5367 3778 5409 extenuans
3814 5374 3886 5409 res

2333 5443 2387 5488 ct
2416 5435 2561 5487 nihili
2585 5450 2700 5488 esse
2723 5436 3041 5504 signiﬁcans.
3068 5439 3151 5490 Ait
3172 5441 3334 5502 enim,
3363 5443 3563 5510 Aquam
3586 5445 3721 5498 hanc
3744 5449 3886 5499 omni-

2336 5527 2432 5578 bus
2457 5527 2750 5592 exlinsitam
2791 5525 2959 5579 habeo
2986 5526 3050 5579 ad
3095 5527 3344 5583 lavandos
3385 5533 3564 5600 pedes,
3597 5544 3652 5587 et
3693 5550 3884 5603 panem,

2336 5628 2388 5670 et
2409 5627 2605 5669 tectum
2635 5618 2699 5668 ah
2729 5618 2934 5670 arbore.
2963 5617 3038 5672 Ne
3066 5621 3441 5687 parvifeceritis
3463 5640 3637 5679 meum
3675 5629 3887 5680 taberna-

2339 5711 2533 5769 culum,
2587 5724 2650 5761 ne
2681 5709 3027 5776 despexeritis
3071 5723 3416 5778 senectutem,
3460 5730 3522 5766 ne
3567 5721 3796 5769 renuatis
3831 5720 3884 5768 ad
