4094 6480
209 488 283 549 79
1286 494 1349 549 IN
1389 495 1541 551 CAP.
1580 489 1740 549 XVIII
1779 485 2025 544 GENES.
2064 488 2296 548 IIOMIL.
2338 493 2474 549 XLI.
3512 502 3615 558 530

180 611 283 665 ἐπὶ
316 608 399 677 τῷ
446 610 692 681 ὀνόματί
712 628 855 680 μου,
891 610 995 681 ἐμὲ
1037 610 1291 680 δέχεται.
1333 610 1664 681 Ἀκούωμεν,
1712 608 1854 675 ἀγα·

178 699 370 769 πητοὶ,
422 697 517 751 καὶ
556 698 781 763 ξενίζειν
832 698 1117 769 μέλλοντες
1157 698 1424 769 μηδέποτε
1483 692 1857 768 περιεργαζώ-

180 788 327 858 μεθα
355 800 402 852 ι,
433 787 536 851 τίς,
580 787 673 840 καὶ
717 787 901 841 πόθεν.
939 786 999 841 EI
1030 788 1140 860 γάρ
1172 787 1331 841 τοῦτο
1360 786 1786 859 περιειργάσατο
1825 786 1854 837 6

179 875 551 947 πατριάρχης,
572 940 574 943 τ
594 875 725 938 ἴσως
749 874 816 930 ἀν
846 875 1162 947 διήμαρτεν.
1200 876 1337 930 Ἀλλ’
1366 876 1527 945 ἔγνω,
1564 873 1718 946 φησὶ,
1750 872 1857 927 τῶν

178 963 642 1034 παραγενομένων
696 961 795 1034 τὴν
842 962 1019 1029 ἀξίαν.
1069 962 1241 1017 Πόθεν
1288 962 1477 1034 δῆλον;
1513 961 1636 1026 Πῶς
1684 962 1742 1014 δέ
1789 960 1856 1013 διν

177 1050 344 1103 τοῦτο
386 1049 556 1103 ποιῶν
599 1049 954 1121 ἐθαυμάσθης
989 1051 1062 1103 Ού
1108 1050 1217 1121 γὰρ
1245 1048 1388 1103 οὕτω
1432 1049 1742 1120 θαυμαστὸν
1789 1042 1857 1118 ἦν

175 1137 245 1191 1:6
277 1138 379 1208 τῆς
413 1136 718 1207 φιλοξενίας
762 1138 926 1191 αὐτοῦ
956 1136 1485 1209 περιεργασαμένου,
1515 1136 1590 1201 ὼς
1626 1138 1740 1199 νῦν,
1768 1136 1855 1189 ὅτε

175 1225 395 1294 ἀγνοῶν
424 1226 568 1290 τίνες
596 1226 645 1278 οἱ
684 1224 1136 1295 παραγενόμενοι,
1175 1224 1313 1295 μετά
1343 1224 1611 1293 τοσαύτης
1656 1223 1856 1295 προθυ-

180 1312 319 1382 μίας
366 1312 463 1367 καὶ
488 1312 654 1383 τιμῆς
694 1312 963 1383 πρόσεισι,
993 1312 1245 1383 καθάπερ
1275 1311 1491 1382 οίκέτης
1540 1310 1851 1373 δεσπόταις,

180 1399 468 1468 μονονουχὶ
507 1397 681 1467 δεσμά
715 1398 802 1451 διά
854 1398 961 1452 τῶν
1013 1397 1187 1466 λόγων
1236 1397 1417 1460 αὐτοῖς
1481 1396 1845 1467 περιϐάλλων,

179 1486 280 1540 καὶ
317 1485 526 1539 ἱκεσίαν
558 1486 694 1556 πρὸς
727 1485 922 1549 αὐτοὺς
957 1484 1296 1555 ποιούμενος.
1341 1483 1481 1537 ὥστε
1523 1485 1598 1555 μὴ
1628 1483 1854 1549 ἀνανεῦ-

178 1588 311 1638 σαι,
356 1573 489 1644 μηδὲ
544 1572 717 1643 ζημίᾳ
764 1575 830 1643 τῇ
872 1572 1106 1646 μεγίστῃ
1160 1572 1494 1643 περιϐαλεῖν.
1530 1572 1686 1644 ᾝδει
1745 1571 1853 1640 γὰρ

177 1658 375 1733 ὥσπερ
421 1660 681 1731 ἔπραττε⁶
731 1660 819 1713 διὰ
861 1660 1019 1713 τοῦτο
1059 1660 1154 1715 καὶ
1199 1660 1338 1730 μετά
1394 1660 1594 1729 πολλῆς
1657 1658 1856 1729 θερμό-

175 1764 345 1819 τητος
381 1746 479 1817 τὴν
516 1746 760 1800 ἐντεῦθεν
802 1745 1107 1818 ἐκαρποῦτο
1148 1746 1484 1818 περιουσίαν.
1531 1745 1670 1798 Ἀλλ’
1700 1744 1857 1799 ἀκούο

180 1851 370 1905 σωμεν
398 1833 560 1887 αὐτοῦ
588 1832 682 1887 τοῦ
726 1832 1085 1904 συγγραφέως
1112 1832 1221 1887 τῶν
1266 1832 1547 1905 ῥημάτων,
1592 1830 1742 1903 [416]
1788 1832 1853 1884 ἶν’

178 1920 333 1990 εἰδῇς
355 1919 384 1960 δ
405 1922 462 1972 ἐν
490 1919 773 1991 βαθυτάτῳ
801 1919 950 1991 γήρᾳ
969 1908 1264 1983 νεάζουσαν
1288 1917 1619 1989 προθυμίαν,
1643 1917 1737 1970 καὶ
1764 1917 1856 1969 τὸν

178 2007 414 2080 γέροντα
462 2007 739 2073 νεάζοντα,
770 2006 865 2059 καὶ
910 2006 1190 2077 μονονουχὶ
1241 2006 1513 2076 περιχαρῆ
1546 2002 1852 2073 γινόμενον,

180 2095 279 2147 καὶ
311 2093 598 2164 νομίζοντα
627 2093 899 2165 θησαυρὸν
932 2094 1227 2166 εὑρηκέναι
1256 2091 1366 2147 τῶν
1397 2090 1857 2163 παραγενομένων

178 2182 285 2251 τὴν
323 2181 645 2251 παρουσίαν.
681 2181 1047 2251 Ἀναϐλέψας
1070 2181 1158 2246 δὲ,
1190 2181 1345 2251 φησὶ,
1376 2178 1500 2245 τοῖς
1528 2178 1857 2248 ὀφθαλμοῖς

179 2264 330 2333 εἶδε,
367 2268 465 2322 καί
498 2267 626 2321 ιδοὺ
664 2267 819 2337 τρεῖς
851 2267 1067 2337 ἄνδρες
1106 2267 1275 2333 εἱστή
1286 2280 1492 2321 κεισαν
1516 2264 1715 2319 ἐπάνω
1754 2265 1857 2320 αὑ-

180 2355 315 2417 τοῦ,
345 2354 443 2410 καὶ
489 2354 629 2408 ιδὼν
670 2353 1083 2423 προσέδραμεν
1114 2356 1201 2421 είς
1243 2352 1624 2420 συνάντησιν
1655 2350 1858 2416 αὐτοῖς

180 2442 308 2499 ἀπὸ
342 2441 452 2512 τῆς
488 2442 671 2511 θύρας
699 2441 809 2509 τῆς
837 2441 1076 2510 σκηνῆς
1104 2440 1312 2496 αὑτοῦ.
1344 2440 1538 2512 Τρέχει
1579 2439 1672 2493 καὶ
1702 2440 1857 2492 Ema-

180 2546 278 2584 ται
304 2533 333 2585 6
358 2531 536 2601 γέρων
555 2547 567 2559 ·
604 2526 710 2583 εἶδε
746 2530 854 2601 γάρ
880 2530 976 2601 τὴν
1007 2528 1202 2601 θήραν,
1237 2529 1331 2583 καὶ
1356 2528 1544 2581 οὐδένα
1571 2526 1667 2597 τῆς
1700 2524 1857 2580 ἀσθε-

182 2617 335 2681 νείας
368 2616 526 2685 λόγον
572 2618 957 2687 ποιησάμενος,
1003 2618 1093 2671 ἐπὶ
1124 2616 1220 2688 τὴν
1268 2617 1445 2687 ἄγραν
1492 2615 1716 2683 ἔδραμε,
1761 2613 1857 2667 καὶ

180 2706 287 2759 οὐκ
314 2706 571 2759 ἐκάλεσεν
606 2703 840 2771 οίκέτας,
881 2706 982 2757 οὐκ
1023 2703 1255 2770 ἐπέταξε
1288 2703 1459 2765 παιδὶ,
1494 2701 1645 2755 οὐδὲν
1690 2699 1856 2772 ῥᾴθυο

185 2809 291 2862 μον
320 2791 650 2859 ἐπεδείξατο,
683 2792 818 2845 ἀλλά
846 2792 912 2845 δι’
949 2790 1143 2844 ἐαυτοῦ
1174 2790 1397 2860 έδραμε,
1445 2788 1728 2858 μονονουχὶ
1771 2786 1858 2839 λέ-

180 2895 327 2947 γωνο
366 2879 538 2949 μέγας
576 2878 865 2949 θησαυρὸς,
900 2877 1110 2949 μεγάλη
1147 2876 1526 2948 πραγματείασ
1566 2874 1631 2927 δι’
1662 2872 1855 2928 ἐαυτοῦ

178 2966 391 3036 ταύτην
430 2964 628 3033 ὀφείλω
684 2963 1145 3035 ἐμπορεύσασθαι,
1196 2964 1270 3034 μὴ
1312 2961 1644 3034 παραδράμῃ
1694 2976 1761 3031 με
1793 2960 1853 3014 τὸ

181 3054 409 3107 τοσοῦτο
452 3052 659 3125 κέρδος.
689 3052 799 3106 Καὶ
826 3051 997 3105 ταῦτα
1025 3050 1195 3104 ἐποίει
1225 3051 1254 3103 6
1280 3049 1507 3114 δίκαιος,
1535 3048 1855 3120 ἀνθρώπους

182 3140 443 3209 ἀγνῶτας
469 3140 648 3202 όδίτας
681 3138 916 3209 νομίζων
942 3136 1317 3209 ὑποδέχεσθαι.

258 3226 320 3278 δ’.
342 3224 640 3294 Μάθωμεν,
671 3224 764 3278 καὶ
794 3212 1125 3296 ζηλώσωμεν
1158 3222 1251 3278 τοῦ
1278 3222 1487 3278 δικαίου
1508 3221 1605 3294 τὴν
1628 3221 1850 3294 ἀρετήν.

199 3312 327 3366 Ἐὰν
353 3312 461 3383 γάρ
490 3310 633 3365 οὓτω
669 3311 933 3382 ποιῶμεν,
966 3312 1113 3375 εἰκὸς
1155 3311 1250 3365 καὶ
1295 3312 1442 3381 ἡμᾶς
1483 3326 1618 3385 ποτε
1664 3311 1853 3363 ἐπιτυ-

184 3404 305 3472 χεῖν
329 3398 587 3469 τοιαύτης
615 3399 789 3471 θήρας
807 3416 821 3431 ·
859 3399 1056 3471 μᾶλλον
1081 3399 1139 3453 δέ
1165 3400 1258 3453 καὶ
1284 3399 1371 3453 ἀεὶ
1402 3397 1852 3467 ἐπιτυγχάνομεν,

184 3489 238 3540 εί
280 3485 618 3557 βουλοίμεθα.
641 3486 739 3541 Διά
782 3487 891 3557 γάρ
920 3484 1077 3539 τοῦτο
1097 3486 1126 3538 ό
1153 3484 1531 3555 φιλάνθρωπος
1556 3484 1852 3552 Δεσπότης,

184 3579 276 3632 ἶνα
313 3570 390 3643 μὴ
412 3570 657 3642 ὀκνῶμεν
681 3572 819 3643 πρὸς
850 3571 949 3643 τὴν
978 3571 1236 3641 τοιαύτην
1254 3571 1686 3649 φιλοφροσύνην,
1718 3570 1851 3643 μηδέ

188 3656 703 3729 περηργαζώμεθα
736 3658 861 3722 τοὺς
911 3658 1234 3729 παριόντας,
1284 3658 1478 3728 φησίν·
1526 3660 1624 3723 Ὃς
1656 3658 1733 3711 ἂν
1762 3657 1857 3711 δέ·-

187 3743 363 3810 ξηται
403 3744 511 3798 ἕνα
548 3743 667 3799 τῶν
706 3744 1048 3813 ἐλαχίστων
1085 3746 1309 3798 τούτων
1340 3744 1410 3797 ὲν
1441 3744 1521 3809 τῷ
1562 3742 1681 3812 ἐμῷ
1725 3744 1857 3796 ὀνό-

182 3846 344 3898 ματι,
384 3830 488 3899 ἐμὲ
520 3829 773 3899 δέχεται.
805 3830 897 3900 Μὴ
934 3830 1113 3884 τοίνυν
1156 3831 1292 3902 πρὸς
1336 3830 1434 3901 τὴν
1462 3830 1735 3884 εὐτέλειαν
1762 3830 1855 3883 τοῦ

189 3915 477 3987 παριόντος
506 3916 630 3986 ὅρα,
671 3916 804 3987 μηδέ
836 3916 1175 3987 ἐξευτελίσῃς
1207 3916 1370 3969 αὐτὸν
1399 3918 1463 3970 ἐκ
1500 3916 1608 3969 τῶν
1650 3916 1856 3987 δρωμέ-

187 4018 315 4065 νων,
341 4001 456 4055 ἀλλ*
487 4002 735 4071 ἐννόησον
764 4002 846 4056 ὅτι
876 4002 966 4055 τὸν
984 4002 1259 4072 Δεσπότην
1283 4003 1516 4074 ὑποδέχῃ
1534 4003 1624 4055 τὸν
1653 4004 1744 4055 σὺν
1767 4002 1853 4053 διὰ

187 4086 399 4142 τούτου.
428 4088 594 4142 ὀταν
632 4088 738 4159 γὰρ
767 4088 855 4142 διὰ
890 4088 952 4141 τδ
997 4086 1161 4141 αὐτοῦ
1196 4089 1366 4158 ὄνομα
1395 4089 1493 4157 τὴν
1526 4089 1607 4151 είς
1650 4090 1854 4141 ἐκεῖνον

188 4174 485 4247 θεραπείαν
514 4175 784 4248 ἐπιδείξῃο
808 4176 1006 4229 ὡσανεὶ
1033 4176 1237 4228 ἐκεῖνον
1266 4174 1684 4245 ὑποδεξάμενος,
1713 4174 1854 4228 οὕτω

188 4262 336 4333 λήψῃ
382 4262 475 4314 τδν
529 4260 738 4330 μισθόν.
785 4259 899 4314 Κᾶν
930 4260 1169 4333 ῥᾴθυμος
1214 4261 1394 4314 τοίνυν
1513 4260 1607 4313 καὶ
1649 4261 1855 4331 ἠμελη-

191 4348 351 4419 μένος
378 4349 407 4401 ό
434 4347 533 4416 τῆς
576 4346 727 4419 παρά
755 4347 849 4400 σοῦ
885 4346 1280 4419 φιλοφροσύνης
1323 4346 1631 4411 ἀπολαύων,
1668 4346 1853 4417 μηδείς

189 4451 271 4487 σοι
299 4433 457 4501 λόγος
487 4432 675 4486 τούτου
716 4432 886 4487 ἔστω·
926 4433 1327 4503 ἀπηρτισμένος
1360 4434 1467 4504 γάρ
1497 4449 1580 4484 σοι
1607 4433 1634 4485 6
1664 4430 1853 4502 μισθὸς

187 4519 470 4590 δοθήσεται
495 4519 582 4571 διά
602 4518 701 4588 τὴν
721 4520 800 4581 είς
824 4518 915 4570 τὸν
927 4519 1201 4587 Δεσπότην
1222 4519 1385 4587 τιμὴν
1406 4519 1565 4571 τοῦτο
1592 4517 1850 4581 ποιοῦντι,

187 4604 284 4659 καὶ
320 4603 569 4675 ζηλοῦντι
605 4604 700 4657 τοῦ
726 4604 1079 4674 ’πατριάρχου
1122 4602 1308 4656 τούτου
1349 4604 1449 4673 τὴν
1487 4604 1705 4674 ἀρετήν.
1743 4603 1851 4656 Καὶ

188 4690 352 4754 ιδὼν,
374 4692 527 4761 φησὶ,
558 4689 968 4759 προσέδραμεν
992 4692 1079 4755 εις
1105 4688 1483 4757 συνάντησιν
1508 4690 1711 4755 αὐτοῖς
1732 4690 1851 4744 ἀπὸ

187 4774 299 4842 τῆς
340 4775 523 4841 θύρας
566 4774 673 4842 τῆς
711 4774 973 4844 σκηνῆς.
1006 4776 1200 4839 Καλῶς
1240 4776 1332 4829 καὶ
1369 4777 1427 4829 τὸ
1458 4775 1849 4846 Προσέδραμε

188 4862 538 4930 πρόσκειται,
574 4861 661 4913 ἵνα
707 4861 882 4931 μάθῃς
920 4862 1000 4914 ὃτι
1032 4862 1107 4924 ὡς
1139 4862 1380 4929 ἀγνῶτες
1416 4863 1722 4933 παρῄεσαν,
1756 4864 1849 4916 καὶ

186 4947 288 4999 οὐκ
315 4944 383 4999 ἂν
404 4945 697 5016 αὐτόματοι
725 4942 885 5017 ἦλθον
914 4948 1008 5000 ἐπὶ
1040 4947 1137 5019 τὴν
1168 4949 1389 5019 σκηνήν.
1430 4948 1528 5001 Διά
1554 4949 1732 5013 τοῦτο,
1761 4951 1849 5003 ἵνα

190 5033 266 5104 μὴ
303 5033 541 5107 διαφύγῃ
572 5033 734 5089 αὑτὸν
766 5036 828 5087 τὸ
859 5035 1225 5105 πνευματικὸν
1265 5036 1422 5088 τοῦτο
1456 5034 1665 5106 κέρδος,
1696 5038 1724 5089 6
1756 5054 1848 5104 γε·

185 5118 476 5190 γηρακὼς,
516 5122 545 5173 6
592 5121 1032 5191 πεπολιωμένος,
1062 5123 1101 5178 ,ὁ
1146 5123 1537 5192 ἐκατονταέτης
1580 5123 1846 5194 προστρέ-

184 5223 300 5275 χει.
330 5205 538 5260 καὶδιά
570 5206 663 5260 τοῦ
710 5207 908 5278 δρόμου
954 5208 1049 5279 τὴν
1096 5210 1403 5280 προθυμίαν
1446 5211 1836 5265 ἐπιδείκνυται.

189 5294 299 5347 Καὶ
349 5295 717 5364 θεασάμενος
755 5297 1215 5364 προσεκύνησεν
1254 5298 1350 5349 ἐπὶ
1392 5297 1508 5365 τὴν
1554 5297 1704 5367 γῆν,
1748 5300 1847 5355 καὶ

185 5375 318 5433 εἷπε
342 5396 356 5410 ο
396 5382 571 5448 Κύριε
596 5422 611 5444 ,
639 5384 691 5436 εὶ
719 5382 834 5451 ἄρα
874 5378 1054 5451 εὗρον
1087 5383 1262 5453 χάριν
1288 5384 1563 5437 ἐναντίον
1593 5400 1730 5449 σου,
1760 5384 1845 5454 μὴ

190 5464 489 5533 παρέλθῃς
520 5468 627 5521 τὸν
665 5469 847 5521 παῖδά
891 5485 1028 5524 σου.
1061 5469 1353 5539 Ληφθήτω
1397 5469 1473 5537 δὴ
1510 5470 1697 5538 ὕδωρ,
1745 5472 1843 5524 καί

186 5552 539 5620 νιψάτωσαν
568 5554 708 5620 τοὺς
737 5556 925 5623 πόδας
951 5556 1137 5627 ὑμῶν,
1174 5555 1273 5611 καὶ
1306 5556 1689 5624 καταψύξατε
1726 5558 1843 5611 ὑπὸ

187 5639 251 5691 τὸ
280 5637 557 5708 δένδρον,
602 5642 699 5693 καὶ
736 5643 1005 5713 λήψομαι
1042 5645 1241 5712 ἄρτον,
1279 5643 1376 5697 καὶ
1417 5643 1707 5714 φάγεσθε,
1748 5646 1844 5697 καί

186 5724 330 5792 μετὰ
371 5726 547 5781 τοῦτο
590 5731 1070 5795 παρελεύσεσοε,
1112 5728 1184 5786 οὗ
1226 5732 1455 5785 εἵνεκεν
1497 5732 1843 5795 ἐξεκλίνατε

194 5814 340 5881 πρὸς
372 5815 479 5868 τὸν
508 5817 688 5871 παῖδα
718 5817 911 5887 ὐμῶν-ε
943 5820 1117 5892 Πολλὴ
1144 5822 1252 5873 τῶν
1294 5821 1386 5874 τοῦ
1432 5820 1638 5874 δικαίου
1668 5820 1843 5890 ῥημά-

249 5934 267 5955 ⁸
303 5927 452 5982 Savﬂ.
500 5944 553 5985 et
593 5948 803 5999 quatuor
846 5954 955 5989 mss.
991 5941 1256 6003 ἀκούωμεν,
1290 5942 1540 6003 ἀγαπητοὶ,
1574 5940 1653 5987 καὶ
1700 5941 1843 6001 μηδέ-

190 6002 749 6117 ετεριεργαζωμεθα
774 6037 786 6059 ,
820 6004 1014 6051 omissis
1053 6002 1358 6065 Inlefposilis
1460 6002 1486 6042 ιι
1532 6003 1727 6053 (loisliu.
1768 6004 1842 6049 ἵνα

435 6164 699 6223 Ρετιιοι.
735 6164 851 6221 (ιιι.
904 6164 1058 6227 LIII.

1920 5941 1925 5946 ’
1952 5935 2186 5985 talionem
2210 5950 2234 5982 ιι

1960 621 2067 658 των
2096 610 2127 678 ἡ
2162 610 2458 682 ὑπερϐολή.
2494 613 2569 666 Οὐ
2600 612 2726 684 γὰρ,
2780 613 2861 667 ὅτι
2896 613 3209 679 ὑπεδέξατο,
3263 614 3449 685 θαῦμα
3487 632 3619 670 τοσ-

1957 695 2112 752 οῦτον
2134 698 2235 768 τῆς
2262 699 2601 771 προθυμίας,
2625 700 2742 754 ἀλλ’
2776 702 2858 755 ὅτι
2901 703 3038 772 μετά
3067 700 3334 775 τοσαύτης
3365 701 3626 773 σπουδῆς.

1958 786 2051 838 καὶ
2089 786 2213 839 οὔτε
2258 787 2396 859 πρὸς
2439 787 2537 860 τὴν
2588 788 2783 843 ἐαυτοῦ
2819 790 3032 860 ἠλικίαν
3058 790 3296 855 ἀπιδὼν,
3332 790 3454 845 οὔτε
3497 792 3628 862 πρὸς

1955 874 2083 938 τοὺς
2113 875 2406 946 παριόντας
2439 876 2458 945 (
2472 876 2602 940 ἴσως
2625 876 2734 949 γὰρ
2759 877 2869 932 νέοι
2895 878 3042 943 τινὲς
3079 878 3231 950 αύτῷ
3279 879 3633 947 κατεφαίνον-

1957 962 2059 1029 το).
2095 962 2215 1015 ούδέ
2242 963 2467 1034 νομίσας
2500 964 2690 1036 ἀρκεῖν
2719 965 2817 1037 τὴν
2845 965 2932 1020 διὰ
2967 967 3076 1020 τῶν
3105 965 3279 1033 λόγων
3309 965 3469 1036 μόνον
3500 983 3632 1036 προ-

1956 1048 2183 1119 τροπὴν,
2220 1053 2669 1121 Προσεκύνησε,
2697 1054 2885 1124 φησὶν,
2918 1052 3017 1108 ἐπὶ
3044 1052 3162 1120 τὴν
3186 1052 3319 1123 γῆν,
3348 1053 3633 1124 μονονουχὶ

1958 1136 2354 1203 καθικετεύων,
2390 1140 2485 1195 καὶ
2519 1139 2757 1212 σφοδρὰν
2790 1140 2889 1212 τὴν
2930 1140 3276 1211 παράκλησιν
3314 1139 3627 1210 προσάγων,

1958 1222 2045 1276 ἵνα
2072 1221 2225 1295 [417]
2251 1224 2325 1295 μὴ
2360 1228 2587 1297 νομισθῇ
2617 1226 2801 1291 ἀπλῶς
2832 1225 3127 1297 ἀφοσιῶσει
3153 1238 3173 1265 ε
3205 1225 3629 1297 προτρέπεσθαι.

1957 1304 2055 1358 Διά
2085 1304 2147 1375 δὴ
2185 1305 2343 1361 τοῦτο
2394 1310 2489 1362 καὶ
2521 1310 2554 1379 ἡ
2585 1309 2704 1363 θεία
2737 1308 2927 1380 Γραφὴ
2960 1308 3277 1362 δεικνύουσα
3306 1307 3399 1361 τοῦ
3425 1305 3631 1360 δικαίου

1955 1388 2054 1459 τὴν
2087 1388 2289 1459 πολλὴν
2341 1393 2435 1445 καὶ
2467 1392 2669 1459 ἄφατον
2704 1392 2925 1465 ἀρετὴν,
2970 1392 3134 1463 φησί’
3168 1391 3634 1459 Προσεκύνησεν

1955 1471 2053 1525 ἐπὶ
2082 1472 2197 1540 τὴν
2233 1471 2371 1543 γῆν,
2397 1474 2491 1527 καὶ
2515 1474 2605 1527 διὰ
2631 1472 2723 1528 τοῦ
2750 1476 3049 1545 σχήματος,
3081 1475 3174 1529 καὶ
3200 1474 3286 1528 διὰ
3313 1474 3422 1527 τῶν
3448 1472 3633 1544 ῥημά-

1955 1571 2062 1608 των
2098 1554 2299 1626 πολλὴν
2328 1555 2429 1626 τὴν
2474 1554 2786 1627 θερμότητα
2817 1556 3279 1627 ἐπιδεικνύμενος,
3304 1554 3504 1626 πολλὴν
3535 1552 3633 1623 τὴν

1955 1638 2473 1709 ταπεινοφροσύνην,
2507 1639 2771 1709 μεγίστην
2807 1641 2907 1711 τὴν
2941 1640 3241 1709 φιλοξενίαν
3261 1678 3275 1701 ,
3308 1638 3510 1706 ἄφατον
3535 1634 3634 1705 τὴν

1958 1720 2307 1791 κηδεμονίαν.
2360 1721 2469 1775 Καὶ
2505 1722 2981 1790 προσκυνήσας,
3018 1723 3203 1793 φησὶν,
3239 1718 3399 1775 εἴπεο
3435 1719 3631 1785 Κύριε.

1954 1805 2007 1855 εὶ
2030 1803 2144 1869 ἄρα
2169 1799 2353 1870 εὗρον
2389 1802 2565 1871 χάριν
2592 1803 2870 1858 ἐναντίον
2903 1822 3038 1874 σου,
3067 1804 3152 1875 μὴ
3184 1803 3493 1871 παρέλθῃς
3527 1800 3637 1852 τὸν

1955 1883 2138 1938 παῖδά
2162 1898 2304 1941 σου.
2347 1885 2412 1938 Τί
2439 1886 2505 1940 άν
2535 1902 2619 1948 τις
2646 1886 2770 1939 κατ’
2793 1886 2951 1951 ἀξίαν
2975 1885 3123 1940 είποι
3150 1886 3243 1939 τοῦ
3274 1884 3483 1939 δικαίου
3508 1880 3631 1935 τούο

1956 1983 2081 2032 του;
2108 1967 2139 2039 ἢ
2173 1968 2291 2030 πῶς
2313 1969 2381 2023 ἄν
2412 1985 2496 2033 τις
2515 1968 2675 2024 αὐτὸν
2707 1970 2921 2041 μυρίοις
2949 1969 3209 2040 στόμασιν
3232 1966 3630 2038 ἐγκωμιάσειες

1957 2047 2031 2101 Τὸ
2063 2048 2163 2117 μὲν
2202 2048 2309 2121 γάρ
2340 2050 2537 2114 εἰπεῖν,
2578 2052 2790 2118 Κύριε,
2826 2050 2936 2104 τῶν
2966 2048 3355 2120 ὲγχωρούντων
3380 2046 3507 2101 -ἐστί
3527 2062 3540 2075 ’
3571 2043 3635 2096 τὸ

1955 2128 2012 2182 δὲ
2059 2130 2259 2199 λέγειν,
2306 2135 2380 2187 El
2418 2132 2531 2200 ἄρα
2561 2128 2741 2201 εὗρον
2779 2133 2957 2202 χάριν
2986 2132 3266 2187 ἐναντίον
3294 2144 3432 2194 σου,
3474 2126 3633 2181 τοῦτό

1910 2254 1913 2257 ι
1957 2213 2074 2265 ἐστι
2101 2214 2162 2267 τὸ
2209 2212 2531 2287 παράδοξον.
2572 2217 2767 2286 Χάριν,
2796 2216 2947 2285 φησὶ,
2995 2208 3172 2278 δίδως,
3207 2215 3270 2267 ού
3315 2212 3629 2282 Μμὸάνεις.

1958 2293 2347 2366 Τοιοῦτονγάρ
2382 2295 2600 2366 ἀληθῶς
2637 2299 2670 2367 ἡ
2719 2296 3014 2365 φιλοξενία·
3047 2298 3246 2366 μᾶλλον
3279 2293 3566 2363 λαμϐάνει,
3597 2292 3630 2359 ἢ
3676 2312 3680 2316 Α

1956 2376 2171 2430 δίδωσιν
2205 2379 2234 2430 6
2263 2376 2403 2447 μετά
2434 2377 2741 2449 προθυμίας
2775 2379 2942 2449 αὐτὴν
2966 2377 3427 2447 ἐπιδεικνύμενος.
3470 2373 3633 2427 Ἀλλά

1960 2460 2148 2530 μηδεὶς
2188 2461 2297 2515 τῶν
2323 2460 2495 2531 ταῦτα
2532 2461 2835 2515 ἀκουόντων
2866 2460 3253 2531 ὑποτεμνέσθω
3299 2458 3394 2512 τοῦ
3420 2457 3630 2511 δικαίου

1954 2540 2054 2611 τὴν
2082 2542 2303 2613 ἀρετὴν,
2333 2543 2426 2597 καὶ
2448 2542 2737 2613 νομιζέτω,
2769 2544 2848 2597 δτι
2878 2542 3033 2607 εἰδὼς
3054 2543 3197 2605 τίνες
3240 2542 3289 2595 οί
3320 2553 3631 2611 παραγεγο-

1956 2623 2130 2687 νότες,
2144 2624 2318 2679 ταῦτα
2333 2625 2650 2695 ἐφθέγγετο.
2669 2626 2801 2679 Οὐδὲ
2826 2625 2932 2696 γάρ
2951 2626 3035 2689 ἀν,
3055 2624 3235 2689 καθὼς
3259 2622 3355 2678 καὶ
3370 2622 3632 2683 πολλάκις

1957 2708 2190 2778 εἴρηται,
2212 2708 2358 2778 μέγα
2370 2726 2422 2761 τι
2438 2708 2594 2761 τοῦτο
2618 2703 2705 2779 ἦν,
2728 2710 2777 2761 εί
2812 2707 2966 2772 είδὼς
2982 2708 3153 2762 ταῦτα
3195 2702 3397 2775 ἐλεγενο
3414 2704 3552 2759 ἀλλὰ
3572 2703 3632 2758 :6

1956 2790 2269 2860 θαυμαστὸν
2291 2790 2385 2843 καὶ
2401 2790 2706 2862 παράδοξον
2721 2791 2882 2844 τοῦτό
2917 2794 3084 2854 ἐστιν,
3116 2789 3197 2842 ὅτι
3226 2789 3302 2851 ὼς
3322 2785 3631 2858 ἀνθρώποις

1958 2873 2435 2943 προσφερόμενος,
2472 2873 2695 2927 τοιαῦτα
2738 2872 3035 2942 ἐφθέγγετο
3085 2873 3325 2943 ῥήματα.
3372 2869 3464 2940 Μὴ
3507 2868 3633 2923 θαυ-

1958 2957 2137 3026 μάσῃς
2166 2955 2222 3008 δὲ
2253 2958 2301 3009 εί
2346 2956 2514 3027 τριῶν
2557 2957 2725 3009 ὄντων
2767 2956 2875 3009 τῶν
2922 2955 3330 3025 ὑποδεχομένων
3375 2953 3451 3017 ὡς
3495 2950 3633 3023 πρὸς

1954 3039 2049 3091 ἕνα
2084 3038 2500 3109 προτεινόμενος
2546 3040 2575 3092 6
2620 3038 2829 3101 δίκαιος
2874 3037 3043 3106 λέγει,
3084 3037 3277 3106 Κύριε.
3318 3037 3478 3098 Ἴσως
3521 3033 3633 3105 γάρ

1860 3134 1867 3137 ‘
1954 3118 2327 3190 ἐπιδοξότερός
2348 3137 2433 3183 τις
2454 3120 2563 3172 τῶν
2592 3118 2859 3173 ἐλθόντων
2898 3120 3091 3188 ἐφάνη,
3128 3118 3262 3189 πρὸς
3295 3117 3354 3169 δν
3393 3118 3633 3169 ποιεῖται

1955 3201 2048 3253 καὶ
2080 3200 2178 3271 τὴν
2214 3201 2581 3273 παράκλησιν.
2613 3196 2744 3254 Εἶτα
2772 3200 2979 3271 προῖὼν
3000 3201 3294 3254 κοινοποιεί
3332 3198 3422 3251 τὸν
3450 3197 3630 3266 λόγον,

1956 3284 2047 3336 καί
2076 3300 2209 3354 φησι
2230 3300 2244 3313 ·
2275 3284 2567 3353 Ληφθήτω
2612 3282 2690 3351 δὴ
2720 3283 2898 3351 ὕδωρ,
2956 3282 3057 3336 καί
3108 3273 3468 3351 νιψάινωσιιν¹
3488 3280 3634 3347 τοὺς

1954 3365 2145 3429 πόδας
2177 3363 2375 3433 ὑμῶν·
2412 3364 2506 3418 καὶ
2550 3363 2731 3429 πάλιν,
2784 3363 3180 3431 Καταψύξατε
3218 3361 3337 3417 ὑπὸ
3370 3360 3437 3415 τὸ
3495 3361 3629 3417 δέν-

1954 3445 2117 3513 δρον,
2148 3446 2534 3515 καὶνφάγεσθε
2566 3444 2766 3512 ἄρτον,
2792 3444 2887 3498 καί
2918 3444 3070 3512 μετὰ
3114 3442 3290 3497 τοῦτο
3336 3443 3628 3512 παρελεύ-

1954 3530 2158 3592 σεσθε,
2190 3523 2262 3583 οὗ
2292 3528 2524 3581 εἵνεκεν
2552 3526 2900 3591 ἐξεκλίνατε
2922 3524 3071 3595 πρὸς
3106 3524 3214 3579 τὸν
3235 3525 3416 3578 παῖδα
3441 3524 3626 3595 ὑμῶν.

1967 3609 2127 3680 Ὁρᾷς
2187 3609 2304 3673 πῶς
2335 3610 2437 3663 οὐκ
2485 3608 2638 3671 εἰδὼς
2674 3609 2815 3671 τίνες
2853 3610 2979 3673 εἰσὶ,
3015 3608 3265 3678 καθάπερ
3320 3608 3628 3680 ἀνθρώποις

1953 3692 2330 3761 διαλεγόμενος
2360 3691 2669 3763 παριοῦσιν,
2690 3689 2832 3745 οὕτω
2856 3690 3039 3761 κοινὴν
3062 3689 3197 3761 1:96;
3226 3691 3423 3754 αὐτοὺς
3455 3693 3626 3745 ποιεί-

1953 3790 2042 3826 ται
2083 3774 2185 3845 τὴν
2213 3774 2549 3844 προτροπὴν,
2592 3772 2688 3826 καὶ
2721 3772 2868 3837 ἄπαξ
2899 3774 2991 3826 καὶ
3015 3772 3266 3843 δεύτερον
3296 3773 3461 3826 παῖδα
3494 3774 3624 3827 ἐαυ-

1954 3855 2043 3908 τὸν
2067 3856 2284 3922 καλῶν;
2317 3856 2426 3909 Καὶ
2449 3856 2550 3926 ὅρα
2580 3855 2695 3918 πῶς
2728 3853 2982 3925 προλέγει
3018 3854 3117 3924 τῆς
3148 3852 3425 3923 τραπέζης
3458 3854 3625 3908 αὐτοῦ

1953 3938 2051 4006 τὴν
2078 3937 2372 4004 εὐτέλειαν,
2409 3937 2607 4008 μᾶλλον
2628 3938 2684 3990 δέ
2706 3936 2805 4006 τὴν
2831 3934 3197 3989 πολυτέλειαν.
3230 3936 3523 4004 Ληερθήτω
3548 3937 3625 4005 δὴ

1953 4017 2129 4085 ὕδωρ,
2170 4020 2325 4087 φησὶ,
2372 4019 2469 4074 καί
2503 4018 2858 4086 νιψάτωσαν
2887 4016 3027 4083 τοὺς
3060 4017 3249 4082 πόδας
3286 4015 3473 4086 ὑμῶν,
3525 4019 3626 4073 καὶ

1953 4099 2337 4167 καταψύξατε
2363 4099 2481 4154 ὑπὸ
2506 4100 2571 4152 τὸ
2602 4098 2872 4167 δένδρον.
2918 4098 3136 4169 Ἐπειδὴ
3170 4099 3297 4167 γάρ,
3342 4100 3494 4168 φησὶ,
3532 4117 3623 4154 κεο

1953 4182 2226 4251 κμήκατε,
2262 4182 2357 4235 καὶ
2376 4180 2544 4234 πολὺν
2570 4180 2658 4232 τὸν
2681 4179 2939 4234 καύσωνα
2978 4179 3329 4248 ὑπεμείνατε,
3358 4179 3446 4233 διὰ
3469 4181 3626 4236 τοῦτο

1953 4261 2089 4325 ἀξιῶ
2122 4262 2198 4332 μὴ
2245 4261 2534 4331 παρελθεῖν
2578 4262 2668 4316 τὸν
2716 4261 2879 4315 παῖδα
2926 4260 3099 4331 ὑμῶν.
3132 4260 3225 4332 Μὴ
3252 4260 3361 4330 γάρ
3394 4262 3540 4331 μέγα
3571 4266 3624 4317 τί

1953 4345 2070 4396 ἐστι
2115 4343 2176 4395 τὸ
2209 4344 2338 4413 παρ’
2372 4341 2507 4412 ἐμοῦ
2546 4345 2830 4411 γινόμενον
2864 4358 2878 4407 ;
2940 4343 3125 4411 ’Ύδωρ
3161 4342 3269 4411 ἔχω
3325 4349 3625 4415 παρασχεῖν

1956 4426 2135 4495 μόνον,
2176 4425 2316 4496 ὑπὲρ
2364 4424 2459 4478 τοῦ
2493 4424 2817 4494 νιψαμένους
2848 4423 2951 4476 ὑπὸ
2979 4423 3038 4476 :6
3072 4422 3284 4492 δένδρον
3328 4424 3418 4477 τὸν
3456 4426 3621 4480 πολὺν

1953 4510 2096 4577 ὑμᾶς
2121 4510 2365 4577 κάματον
2396 4508 2712 4562 ἀποθέσθαι.
2742 4503 2872 4560 Εἶτα
2898 4506 2993 4560 καὶ
3025 4506 3123 4577 τῆς
3164 4507 3446 4579 τραπέζης
3475 4509 3625 4577 λέγει

1952 4590 2048 4660 τὴν
2072 4589 2231 4647 ἰδέαν.
2262 4591 2353 4660 Μὴ
2384 4590 2635 4661 νομίσητε
2665 4589 2951 4653 πολυτελές
3002 4607 3054 4642 τι
3090 4590 3429 4662 παραθήσειν
3468 4592 3617 4662 ὑμῖν,

1952 4672 1984 4741 ἢ
2020 4672 2450 4745 καρυκευμάτων
2501 4671 2793 4736 ποικιλίαν,
2848 4672 2881 4743 ἢ
2921 4670 3067 4741 δύων
3109 4673 3406 4745 διαφοράνσ
3456 4673 3619 4742 ἄρτον

1953 4753 2210 4822 φάγεσθε,
2236 4755 2329 4807 καὶ
2358 4752 2501 4807 οὕτω
2531 4754 3002 4823 Παρελεύσεσθε,
3038 4749 3108 4807 οὗ
3130 4755 3361 4806 εἵνεκεν
3388 4753 3619 4823 {Mamu-

1950 4818 2091 4890 νατε
2129 4836 2277 4904 πρὸς
2306 4836 2411 4891 τὸν
2429 4818 2820 4904 παῖδαγύμῶν.
2992 4818 3037 4911 7_
3384 4818 3405 4845 θ

2020 4929 2081 4972 ε’.
2115 4920 2269 4983 Εἶδες
2306 4920 2420 4983 πῶς
2440 4919 2713 4987 διαφόροις
2738 4918 2999 4987 κέχρηται
3024 4916 3265 4986 τρόποις,
3300 4915 3619 4987 βουλόμενος

1950 5003 2265 5073 δυσωπῆσαι
2298 5002 2424 5063 τοὺς
2455 4998 2748 5069 παριόντας
2772 4997 2822 5059 ἀ,
2857 5000 2949 5052 καὶ
2968 4997 3055 5052 διά
3086 4996 3181 5050 τοῦ
3206 4999 3499 5069 σχήματος,
3523 5001 3618 5054 καὶ

1949 5084 2035 5136 διὰ
2066 5083 2175 5136 τῶν
2214 5083 2491 5155 ῥημάτων,
2512 5082 2606 5135 καὶ
2637 5080 2724 5134 διά
2748 5080 2962 5134 πάντων
2992 5079 3399 5135 ἐπισπάσασθαι
3421 5082 3615 5146 αὐτοὺς

1951 5166 2153 5233 θέλων;
2188 5164 2408 5237 Πρῶτον
2436 5162 2536 5235 μέν
2563 5164 2691 5235 γάρ,
2728 5163 2881 5233 φησὶ,
2920 5163 3345 5234 προσεκύνησεν,
3375 5159 3494 5218 εἶτα
3520 5181 3616 5216 κυ-

1951 5248 2102 5313 ρίους
2123 5248 2295 5312 καλεῖ,
2321 5248 2415 5300 καὶ
2444 5246 2634 5299 ἐαυτὸν
2665 5246 2827 5298 παῖδα
2846 5262 2858 5275 ο
2897 5242 3014 5297 εἶτα
3044 5244 3189 5309 λέγει
3220 5243 3280 5295 τὸ
3310 5244 3500 5312 μέλλον
3522 5246 3613 5297 ὑπ’

1952 5316 2127 5381 αὐτοῦ’
2156 5328 2406 5395 γενέσθαι
2465 5329 2543 5391 είς
2586 5327 2802 5389 αὐτοὺς,
2856 5323 3203 5389 ἐξευτελίζων
3258 5323 3350 5376 καὶ
3400 5324 3615 5387 δεικνὺς

1948 5410 2097 5463 οὐδὲν
2130 5410 2269 5479 μέγα
2304 5409 2381 5462 δν.
2415 5409 2598 5479 ’Υδωρ
2635 5407 2761 5476 γὰρ,
2794 5404 2947 5475 φησὶ,
3003 5402 3063 5458 τὸ
3112 5405 3276 5456 πᾶσιν
3332 5404 3612 5473 ἀνειμένον

1948 5492 2056 5561 ἐχω
2082 5493 2380 5561 παρασχεῖν
2410 5492 2488 5551 είς
2515 5490 2639 5552 τοὺς
2672 5486 2835 5551 πόδας
2863 5484 3036 5555 ὑμῶν,
3064 5485 3157 5537 καὶ
3186 5484 3369 5555 ἄρτον,
3402 5486 3492 5537 καὶ
3513 5485 3610 5554 τὴν

1946 5572 2053 5625 ἀπὸ
2074 5572 2172 5640 τῆς
2188 5569 2348 5639 δρυὸς
2377 5569 2605 5641 σκέπην.
2632 5568 2725 5639 Μὴ
2747 5567 2812 5639 δὴ
2840 5565 3204 5635 ἐξευτελίσητέ
3231 5584 3334 5635 μου
3358 5565 3454 5634 τὴν
3475 5581 3610 5634 σκη-

2007 5695 2031 5723 °
2087 5690 2392 5755 ’Λφοσιώσεῃ
2435 5686 2769 5752 perfunctorie.
2810 5684 2913 5755 Hac
2938 5697 3057 5734 voce
3086 5687 3259 5755 εορθιη
3284 5697 3430 5733 sensu
3488 5683 3609 5755 infrq

1948 5756 2103 5802 ulilur
2139 5745 2560 5812 Chrysostonius':
2604 5761 2781 5812 neque_
2812 5745 3095 5812 ipfrequeus
3148 5746 3292 5805 hujus
3330 5758 3445 5812 usus
3482 5748 3611 5803 apqu

1946 5817 2196 5864 doctorem
2224 5805 2251 5859 ι’
2274 5814 2356 5872 qui
2393 5813 2553 5873 enim:
2585 5805 2896 5873 ἀφοσιοῦσθαι
2942 5814 3144 5873 υευτριιι
3171 5807 3479 5873 Δ(ιυοῐιιιοίιιιε
3524 5816 3611 5863 ιντο

1950 5873 2272 5936 perfwwloric
2292 5867 2469 5934 ἀσίγα
2514 5867 2639 5929 Hes)
2650 5871 2787 5918 chius
2811 5870 2954 5926 longe
3002 5867 3181 5915 (ἥκοι-εί
3208 5867 3324 5913 usus
3364 5867 3611 5924 interpre-

1952 5935 2186 5985 lalionem
2210 5936 2350 5982 πίτνει
2372 5948 2381 5979 :
2406 5931 2756 5992 ῥιφοσιούμενοι,
2781 5929 2827 5992 έν
2845 5927 3091 5992 ’ξιποκρὶσει
3108 5926 3414 5992 θωπεύοντες,
3437 5926 3611 5992 τιμῷν-

1948 6011 2038 6051 τες·
2076 5984 2161 6051 ρετ
2203 5984 2550 6051 σίιιιιιιιιιίυὶιουι
2593 5984 2636 6042 ἐι
2678 5984 2999 6039 adulationem
3041 5991 3261 6046 colentes,
3309 5984 3605 6033 Ιιοιιοιυιιίἐ.

2012 6050 2037 6096 il
2066 6050 2164 6106 Alii
2190 6056 2296 6108 τοὺς
2317 6050 2563 6113 παρόντας-
3246 6108 3303 6140 ρ,

3246 6126 3318 6156 2'0.

3246 6152 3310 6169 ,ο
