4056 6476
160 467 262 524 3⁸1

155 579 589 636 exhortationem
607 590 799 632 meam.
826 572 948 631 Scio
971 580 1225 644 quantum
1245 572 1469 628 tuleritis
1490 571 1747 635 laborem,

155 672 408 743 conjecto
435 680 665 743 quantus
704 667 774 725 sit
798 666 994 723 caloris
1019 674 1182 720 testas
1211 681 1225 718 :
1252 673 1533 736 propterea
1563 663 1751 732 paulu-

158 767 276 822 lum
302 779 400 821 vos
445 777 692 820 recreare
719 760 860 816 volo.
897 758 1028 828 Quis
1054 765 1204 828 pater
1233 757 1369 812 tllios
1411 769 1539 812 suos
1568 764 1755 811 tenere

155 856 412 927 diligens,
439 861 642 909 tantam
669 851 791 907 filiis
817 849 1035 905 exhibet
1064 847 1470 918 benignitatem,
1503 853 1758 915 quantam

159 949 254 1004 ille
283 947 481 1019 ignotis
504 956 560 1001 et
593 943 904 1016 peregrinis,
937 951 991 997 et
1036 955 1325 1011 numquam
1352 938 1451 994 sibi
1497 935 1758 1009 cognitis!

159 1039 364 1094 Verum
395 1035 518 1108 quia
570 1050 766 1106 magna
813 1035 1088 1090 alacritate
1141 1031 1402 1101 processit
1436 1043 1500 1085 ac
1538 1037 1760 1085 conten-

153 1131 332 1196 tione,
377 1137 696 1197 assequutns
727 1135 810 1182 est
853 1125 1210 1188 venationem,
1251 1131 1306 1178 et
1343 1120 1580 1192 prta-dam
1619 1121 1758 1176 intra

155 1223 298 1278 retia
339 1220 661 1278 concludere
703 1223 894 1291 potult.
927 1217 992 1274 Et
1033 1218 1290 1284 dixauat,
1320 1216 1527 1288 inquit:
1558 1215 1651 1272 Sic
1676 1217 1759 1288 {a-

155 1315 368 1379 ciemus,
399 1321 452 1368 ut
716 1309 873 1366 Senis
912 1309 1174 1366 excitatus
1203 1317 1288 1365 est
1305 1307 1559 1388 juvenilis
1583 1306 1754 1377 vigor.

155 1403 220 1458 In
261 1404 528 1466 manibus,
561 1402 752 1473 inquit,
782 1399 954 1456 habeo
983 1399 1311 1464 thesaurum,
1361 1399 1575 1454 divitias
1603 1412 1758 1452 asse-

155 1503 362 1564 qnutus
391 1508 534 1562 sum,
577 1492 868 1548 senectutis
907 1491 1212 1548 obliviscar.
1245 1489 1310 1545 Et
1350 1488 1468 1544 vide
1506 1501 1631 1544 eum
1659 1502 1758 1543 es-

155 1583 450 1640 sultantem
477 1584 529 1638 in
569 1597 756 1654 opere,
801 1591 853 1638 et
892 1581 1042 1653 quasi
1073 1596 1182 1652 prae
1221 1579 1416 1652 gaudio
1445 1579 1754 1644 saltantem,

159 1674 384 1743 perinde
412 1683 573 1747 atque
597 1675 763 1732 multa
795 1675 931 1730 bona
964 1675 1016 1729 in
1043 1673 1296 1728 manibus
1327 1671 1561 1740 aﬂ’erret,
1597 1673 1667 1727 ita
1700 1686 1759 1727 se

154 1765 543 1822 obiectantem.
569 1764 624 1822 ϐ.
654 1764 718 1821 Et
757 1765 1028 1836 festinauit,
1065 1764 1256 1834 inquit,
1287 1763 1543 1818 Abraham
1581 1763 1634 1818 in
1676 1773 1758 1818 la-

156 1853 508 1917 hernaculum.
542 1854 711 1918 Sicut,
750 1853 963 1924 quando
1000 1854 1066 1909 ad
1093 1854 1432 1910 venationem
1462 1853 1756 1910 contende-

158 1945 278 2012 bat,
313 1945 632 2016 significavit
681 1945 798 2016 ejus
841 1945 1173 2002 alacritatem
1213 1955 1270 2002 et
1299 1945 1536 2002 laborem
1575 1945 1755 2001 divina

157 2035 462 2106 Scriptura,
486 2034 670 2092 dicens
700 2053 714 2091 :
749 2034 979 2091 Accurrit
999 2045 1166 2089 autem
1191 2035 1244 2090 in
1265 2051 1526 2090 occursum
1548 2052 1720 2090 eorum
1739 2053 1758 2090 :

160 2127 238 2181 ita
269 2135 324 2182 et
344 2141 486 2181 nunc
510 2125 632 2198 quia
662 2126 792 2183 vidit
821 2127 985 2192 viros,
1013 2136 1067 2183 et
1093 2127 1144 2181 id
1171 2126 1312 2197 quod
1339 2127 1556 2196 optabat
1577 2127 1756 2196 perfe-

159 2219 255 2284 cit,
289 2232 464 2288 neque
504 2218 582 2274 sic
620 2216 690 2273 ab
725 2217 1000 2273 alacritate
1041 2216 1285 2282 desistit;
1318 2216 1411 2273 sed
1448 2220 1619 2288 magis
1649 2217 1758 2273 fer-

158 2316 378 2363 ventem
405 2307 641 2363 declarat
682 2322 942 2371 amorem,
988 2322 1161 2378 neque
1195 2308 1318 2378 quia
1349 2322 1568 2362 securus
1615 2317 1750 2375 erat,

159 2399 287 2455 ideo
317 2399 762 2471 fltnegligentior.
793 2398 846 2455 ld
873 2398 1016 2468 quod
1046 2399 1200 2453 nobis
1224 2397 1531 2470 frequenter
1555 2400 1754 2466 evenit,

163 2499 226 2546 et
253 2490 515 2561 principio
544 2489 703 2545 valde
741 2489 963 2545 studiosi
1007 2504 1231 2545 sumus:
1259 2489 1472 2560 quando
1495 2497 1674 2545 autem
1705 2490 1757 2545 in

161 2582 439 2652 negotium
477 2589 693 2637 ventum
738 2591 843 2647 est,
894 2594 1001 2635 non
1045 2595 1140 2651 par
1185 2580 1418 2636 studium
1463 2580 1754 2638 efferimus.

165 2674 366 2730 Verum
394 2675 571 2745 justus
614 2689 721 2730 non
751 2675 850 2741 sic,
902 2673 995 2729 sed
1022 2673 1192 2744 quid?
1224 2672 1421 2729 lterum
1450 2675 1665 2730 festinat
1705 2685 1759 2731 et

163 2773 437 2835 properat,
466 2773 520 2819 et
543 2765 874 2821 curritsenio
895 2763 1168 2820 confectus
1189 2765 1241 2819 in
1269 2765 1666 2821 tabernaculum
1691 2766 1756 2820 ad

157 2856 399 2920 Snrram,
432 2852 498 2908 Et
527 2854 656 2909 dixit
695 2856 742 2910 ei
770 2870 788 2909 :
816 2854 1075 2922 Accelera,
1105 2864 1151 2910 et
1186 2856 1341 2910 misce
1362 2865 1462 2911 tres
1495 2873 1757 2911 mensuras

158 2947 366 3001 simila.
391 2947 683 3003 Considera
705 2946 974 3018 quomodo
1011 2957 1066 3004 et
1099 2947 1316 3004 Sarram
1339 2949 1636 3004 venationis
1665 2964 1755 3004 so-

155 3037 302 3092 ciam
329 3037 576 3104 assumit,
601 3046 656 3092 et
677 3037 946 3106 quomodo
971 3052 1092 3094 eam
1115 3038 1310 3103 erudit,
1335 3047 1394 3092 ut
1419 3053 1570 3094 suam
1590 3040 1753 3096 imite~

161 3137 250 3181 tur
278 3126 550 3181 virtutem.
582 3126 793 3182 Etenim
840 3135 894 3182 et
924 3127 1068 3181 illam
1102 3125 1287 3182 incitat
1320 3142 1389 3182 ne
1431 3127 1610 3182 officio
1656 3143 1756 3183 suo

158 3218 498 3289 negligenter
537 3215 806 3288 fungatur,
851 3216 967 3284 sed,
1002 3217 1259 3285 Accelera,
1292 3217 1482 3288 inquit.
1514 3217 1756 3289 Magnam

158 3309 578 3379 negotiationem
621 3309 894 3379 assequuti
942 3323 1150 3376 sumus,
1199 3323 1267 3364 ne
1311 3308 1600 3378 perdamus
1639 3309 1757 3366 the-

159 3414 402 3465 saurum,
441 3397 536 3454 sed
560 3397 814 3464 Accelera,
847 3408 894 3452 et
934 3399 1086 3454 misce
1111 3406 1210 3452 tres
1237 3407 1498 3455 mensuras
1547 3401 1750 3456 similae.

161 3489 430 3557 Quoniam
458 3489 663 3544 sciebat
692 3488 817 3543 boni
856 3488 1033 3559 operis
1074 3488 1513 3559 magnitudinem,
1547 3491 1758 3547 volebat

160 3585 286 3638 vita:
321 3599 433 3639 suae
475 3583 676 3640 sociam
717 3584 879 3640 etiam
929 3582 1288 3639 retribuendze
1335 3583 1599 3640 mercedis
1637 3601 1758 3641 esse

159 3677 496 3746 participem.
528 3675 704 3744 Quare
745 3676 910 3740 enim,
949 3675 1037 3731 die
1087 3674 1236 3742 mihi,
1271 3675 1399 3731 nulli
1440 3677 1754 3732 ancillarum

163 3771 270 3824 hoc
307 3770 579 3840 przcccpit,
611 3769 704 3824 sed
734 3769 886 3824 uxori
913 3777 1017 3822 tam
1048 3777 1312 3837 provecta:
1351 3769 1562 3823 aetatis?
1591 3785 1757 3824 nona-

156 3865 308 3934 ginta
344 3862 489 3918 enim
541 3876 803 3916 annorum
853 3868 990 3915 erat.
1042 3859 1157 3914 Non
1202 3869 1459 3930 repugnat
1506 3861 1758 3921 mandato

157 3958 344 4021 Sarra,
380 3953 476 4010 sed
518 3969 699 4024 parem
722 3953 882 4008 etiam
919 3953 1032 4021 ipsa
1071 3951 1402 4007 alacritatem
1441 3951 1616 4008 allert.
1645 3955 1756 4008 Au-

158 4049 311 4102 diant
335 4047 454 4111 viri,
483 4045 699 4100 audiant
725 4044 979 4098 mulieres
1004 4061 1017 4098 :
1046 4043 1144 4097 viri
1172 4042 1410 4113 quidem,
1441 4051 1499 4097 ut
1521 4043 1601 4097 sic
1631 4058 1755 4099 suas

157 4139 574 4196 contubernales
621 4136 891 4204 erudiant,
935 4146 990 4191 ut
1027 4136 1071 4190 si
1111 4134 1328 4205 quando
1371 4135 1648 4205 spirituale
1674 4136 1756 4191 lu-

155 4246 314 4288 crum
339 4230 557 4295 incidat,
604 4244 671 4285 ne
703 4243 798 4300 per
825 4228 1048 4283 famulos
1077 4227 1178 4282 hoc
1209 4227 1508 4296 perficiant,
1536 4228 1629 4283 sed
1661 4243 1758 4298 per

159 4323 371 4392 seipsos
398 4320 594 4375 faciant
620 4319 800 4374 omnia
827 4336 840 4383 ;
866 4318 1116 4375 mulieres
1157 4329 1358 4387 autem,
1404 4326 1462 4374 ut
1501 4318 1754 4401 festinent

157 4413 344 4483 iuvare
385 4411 528 4466 viros
563 4411 616 4465 in
648 4418 754 4466 tam
798 4408 952 4464 bonis
995 4410 1271 4480 operibus,
1319 4417 1373 4466 et
1415 4423 1521 4466 non
1558 4409 1755 4465 erube-

161 4512 316 4559 scant
336 4502 749 4572 hospitalitatem
780 4501 835 4555 in
861 4499 1066 4570 aliquos
1092 4515 1366 4566 exercere,
1389 4500 1598 4572 illisque
1626 4517 1757 4556 con-

158 4609 355 4666 gruum
385 4593 624 4664 praebere
660 4592 1014 4648 ministerium
1042 4609 1055 4646 :
1084 4592 1180 4648 sed
1211 4592 1486 4648 imitentur
1531 4591 1750 4648 Sarram

160 4686 418 4752 vetulam,
449 4685 501 4740 in
529 4694 672 4740 tanta
701 4693 918 4741 senecta
939 4685 1174 4740 laborem
1205 4684 1432 4742 libenter
1461 4686 1751 4757 suscipien-

163 4789 296 4841 tem,
318 4787 372 4832 et
393 4775 709 4831 famularum
731 4789 890 4845 opera
919 4775 1308 4845 perlicientem.

238 4869 506 4925 Iace/titur
529 4871 582 4924 in
605 4879 843 4925 ornatum
871 4869 1160 4924 mulierum.
1188 4901 1257 4911 —
1287 4871 1481 4926 Verum
1507 4873 1619 4930 scio
1644 4874 1757 4931 fore

165 4973 223 5020 nt
252 4963 430 5019 nullus
460 4961 595 5018 ferat
622 4976 684 5018 ea
712 4976 832 5031 qua:
872 4975 900 5014 a
939 4961 1094 5018 nobis
1119 4961 1388 5018 dicuntur.
1421 4963 1573 5019 Nunc
1613 4966 1756 5021 enim

165 5071 356 5114 omnes
383 5057 536 5125 plane
564 5055 833 5111 contraria
858 5056 941 5109 via
972 5055 1243 5120 incedunt,
1272 5066 1327 5112 et
1372 5056 1535 5112 multa
1567 5058 1756 5112 mulie-

162 5164 287 5204 rum
323 5157 405 5203 est
448 5147 720 5212 mollities,
770 5161 1036 5216 omneque
1094 5147 1328 5202 studium
1372 5148 1425 5202 in
1472 5147 1618 5203 cultu
1668 5165 1758 5203 ve-

163 5242 350 5306 stium,
379 5241 432 5295 in
471 5239 650 5295 aureis
684 5239 1025 5303 ornamentis
1070 5249 1124 5295 et
1169 5238 1454 5294 monilibus
1483 5248 1642 5309 atque
1669 5255 1735 5296 ex

164 5343 324 5388 terno
343 5341 557 5396 ornatu,
583 5330 777 5384 animae
805 5343 932 5385 vero
960 5329 1101 5384 nulla
1131 5338 1214 5384 est
1238 5344 1385 5384 cura.
1414 5329 1598 5400 Neque
1625 5329 1760 5383 Pau-

166 5425 254 5478 lus
280 5437 370 5477 eas
393 5430 714 5486 commovet,
756 5420 941 5477 dicens
965 5438 977 5474 :
1010 5419 1130 5476 Non
1158 5421 1212 5475 in
1236 5421 1456 5476 crinibus
1485 5422 1648 5486 tortis,
1682 5421 1759 5476 vel

160 5528 316 5575 auro,
347 5514 424 5568 uel
445 5513 752 5581 margaritis,
776 5513 852 5567 vel
875 5521 1168 5582 sumptuosa
1195 5520 1324 5566 veste
1349 5511 1426 5582 (l.
1450 5510 1580 5566 Tim.
1601 5511 1656 5566 2.
1677 5514 1756 5580 9).

171 5607 304 5662 Vide
333 5606 566 5660 animam
605 5603 740 5658 hanc
773 5605 947 5674 ipsum
993 5604 1185 5658 caelum
1223 5606 1590 5676 attingentcm,
1623 5621 1758 5677 quo-

172 5699 330 5754 modo
357 5712 460 5751 non
483 5697 686 5767 putavit
707 5695 979 5766 indignum
1005 5709 1064 5752 se
1089 5705 1142 5751 et
1163 5696 1287 5761 vile,
1314 5698 1474 5752 etiam
1497 5697 1564 5754 de
1588 5700 1756 5768 capil-

171 5791 347 5844 lorum
373 5788 700 5844 ornamentis
741 5787 1054 5843 admonere.
1085 5787 1271 5843 Merito
1298 5807 1308 5842 :
1335 5804 1494 5845 omne
1537 5790 1679 5845 enim
1709 5791 1756 5845 ei

174 5877 408 5935 studium
432 5889 547 5936 erat
575 5879 625 5934 in
661 5878 947 5935 excolenda
975 5879 1168 5934 anima.
1200 5878 1331 5948 Quia
1370 5879 1528 5952 igitur
1557 5881 1756 5938 sciebat

1185 457 1251 515 lN
1289 459 1442 514 CAP.
1489 456 1670 514 XVIII.
1711 443 1949 514 GENBS.
1999 455 2227 512 llOMlL.
2273 455 2406 512 XLI.

3387 455 3507 511 δεῖξ’

1870 569 1984 625 hzce
2007 570 2237 625 maxime
2259 570 2454 624 anima:
2479 567 2768 640 perniciem
2799 583 3076 639 generare,
3104 569 3226 626 ideo
3251 586 3360 625 non
3398 587 3455 628 re
3477 605 3486 616 -

1866 660 1996 731 fugit
2022 661 2109 715 illa
2141 660 2333 716 all‘erre
2362 676 2483 731 qua:
2511 660 2902 716 conveniebant
2939 660 3009 716 ad
3039 659 3342 717 docendum
3371 676 3473 717 eas

1863 767 1982 822 qua:
2009 751 2100 806 illo
2121 752 2308 807 morbo
2330 751 2677 817 laborabant;
2707 750 2804 807 sed
2830 752 3000 822 inquit
3034 770 3048 807 :
3077 752 3133 808 Si
3157 752 3239 806 vis
3259 752 3470 816 ornari,

1865 857 1993 897 vero
2021 850 2072 897 te
2100 853 2293 897 ornatu
2317 843 2454 908 cole,
2478 858 2636 913 quem
2661 843 2816 898 decet
2843 843 3098 900 mulieres
3125 844 3241 915 pias
3270 861 3284 898 :
3316 844 3472 901 bonis

1866 944 1918 990 te
1938 935 2192 1006 Operibus
2219 949 2375 991 orna.
2405 935 2502 991 llic
2540 936 2736 990 anima:
2780 936 2956 992 cultus
2997 947 3100 1004 est,
3133 936 3221 993 hic
3248 951 3279 992 a
3309 938 3472 992 nullis

1863 1028 2104 1083 externis
2132 1028 2541 1092 condemnatur.
2570 1028 2713 1086 hunc
2756 1029 2931 1084 nullus
2961 1029 3262 1102 deprzedari
3310 1040 3464 1101 pote-

1866 1120 1957 1188 rit,
1993 1119 2080 1176 hic
2104 1129 2365 1192 perpetuo
2393 1131 2574 1177 manet
2605 1130 2751 1176 tutus
2781 1130 2834 1176 et
2863 1122 3087 1193 integer.
3124 1124 3165 1177 Λ
3194 1124 3342 1178 cultu
3368 1138 3465 1178 an-

1868 1220 1976 1269 tem
2014 1221 2240 1269 cxterno
2277 1213 2556 1268 innumera
2586 1213 2834 1269 oriuntur
2873 1215 3010 1268 mala
3044 1215 3320 1270 :nondum
3350 1215 3481 1270 dico

1864 1304 2059 1360 anima
2089 1313 2429 1370 nocumenta,
2474 1307 2836 1376 arrogantiam
2867 1322 2988 1377 qua:
3036 1307 3162 1363 inde
3202 1309 3464 1376 nascitur,

1866 1392 2176 1464 despectum
2218 1395 2469 1464 proximi,
2517 1394 2710 1450 fastum
2756 1395 3026 1467 spiritus,‘
3051 1398 3244 1453 anima:
3282 1414 3470 1454 corru-

1867 1484 2128 1554 ptionem,
2156 1485 2493 1555 voluptatum
2523 1486 2827 1541 illicitarum
2878 1502 3141 1554 examen;
3183 1487 3299 1544 sed.
3320 1489 3474 1545 facile

1865 1573 2116 1643 diripitur
2148 1575 2239 1628 ille
2272 1575 2447 1630 cultus
2484 1585 2538 1631 et
2571 1575 2896 1632 famulorum
2927 1578 3261 1649 malignitate
3297 1579 3466 1635 latro-

1868 1679 2104 1734 numque
2134 1664 2361 1731 insidiis,
2393 1681 2604 1722 necnon
2645 1668 3100 1739 sycophantarum
3145 1670 3462 1736 calumniis;

1866 1765 1924 1812 et
1963 1756 2170 1812 infinita
2211 1759 2348 1814 mala
2401 1757 2644 1815 invenire
2695 1760 2748 1816 in
2794 1776 2862 1817 eo
2895 1762 3041 1828 licet,
3082 1779 3147 1819 ac
3183 1773 3468 1835 perpetuas

1867 1848 2269 1905 amaritudines.
2299 1851 2460 1920 Atqui
2490 1849 2650 1907 Sarra
2675 1852 2796 1908 talis
2827 1867 2934 1908 non
2973 1865 3126 1922 erat;
3158 1855 3253 1912 sed
3284 1872 3469 1912 verum

1868 1939 2177 2010 possidebat
2206 1950 2454 1997 ornatum
2479 1960 2493 1998 :
2517 1941 2638 1998 ideo
2661 1951 2716 1999 et
2741 1942 2898 2013 digna
2925 1943 3021 1998 fuit
3044 1946 3348 2016 patriarcha
3373 1965 3387 2002 ε
3414 1959 3471 2003 et

1866 2030 2005 2085 sicut
2042 2030 2133 2086 ille
2169 2028 2463 2098 festinavit,
2492 2041 2548 2087 et
2583 2032 2639 2087 in
2679 2033 3079 2090 tabernaculum
3111 2037 3368 2103 cucurrit,
3396 2037 3468 2092 ita

1865 2129 1919 2176 et
1963 2121 2076 2190 ipsa
2117 2136 2312 2192 magno
2352 2122 2528 2177 studio
2575 2122 2701 2178 fecit
2743 2139 2862 2193 qme
2893 2124 3152 2194 imperata
3197 2137 3371 2194 erant,
3416 2139 3472 2184 et

1869 2211 2083 2268 miscuit
2115 2221 2223 2268 tres
2273 2229 2553 2269 mensuras
2593 2214 2804 2269 similm.
2845 2214 2976 2270 Nam
3006 2219 3128 2287 quia
3170 2225 3279 2273 tres
3308 2230 3467 2274 erant

1865 2303 1956 2372 qui
1991 2304 2341 2370 advenerant,
2374 2314 2481 2359 tres
2513 2319 2792 2360 mensuras
2815 2306 2978 2377 jussit
3020 2309 3257 2374 misceri,
3304 2317 3364 2364 ut
3389 2310 3464 2364 ci-

1868 2394 1972 2449 tius
1997 2409 2162 2464 panes
2198 2403 2535 2466 pararentur.
2566 2395 2635 2450 Et
2662 2405 2719 2452 ut
2749 2397 2861 2453 hoe-
2880 2399 3158 2468 princepit,
3197 2399 3264 2454 ad
3296 2399 3466 2456 boves

1867 2487 1980 2556 ipse
2026 2486 2219 2543 iterum
2259 2489 2495 2543 cucurrit
2533 2486 2602 2560 (υ.
2649 2487 2728 2560 7).
2758 2489 2803 2545 0
2853 2491 2999 2546 senis
3023 2490 3397 2561 juventutem!
3438 2510 3472 2549 o

1864 2577 2058 2633 anima:
2093 2577 2366 2648 vigorem!
2399 2578 2570 2633 currit
2613 2577 2681 2632 ad
2726 2577 2913 2646 boves,
2946 2590 3001 2636 et
3052 2597 3159 2636 non
3203 2583 3467 2652 permittit

1865 2669 2094 2740 aliquem
2124 2669 2440 2724 famulorum
2469 2685 2535 2725 eo
2557 2684 2812 2740 pergere;
2835 2686 2932 2742 per
2953 2672 3134 2727 omnia
3159 2682 3474 2731 monstrans

1867 2761 1930 2815 iis
1959 2761 2048 2831 qui
2090 2760 2438 2828 advenerant,
2468 2771 2668 2832 quanta
2713 2749 3274 2833 voluptate‘perfusus
3301 2776 3468 2833 esset,

1866 2861 1918 2907 et
1945 2853 2127 2922 quanti
2163 2851 2366 2908 faceret
2395 2867 2584 2907 eorum
2616 2854 2980 2923 praesentiam,
3010 2869 3175 2924 seque
3206 2855 3350 2912 hunc
3373 2873 3472 2927 pro

1868 2942 2119 2998 thesauro
2142 2944 2341 2999 habere
2365 2943 2650 2999 honorem.
2685 2944 2748 2998 Et
2777 2946 2996 3014 accepit,
3025 2947 3214 3015 inquit,
3249 2948 3464 3003 uitulum

1869 3036 2106 3090 tenellam
2135 3045 2182 3089 et
2238 3036 2444 3090 bonum.
2503 3036 2618 3106 Ipse
2664 3051 2757 3106 per
2799 3037 3147 3106 semetipsum
3200 3038 3471 3095 delectum

1866 3125 2012 3189 fecit,
2043 3135 2099 3182 et
2125 3126 2385 3196 optimum
2422 3127 2510 3196 qni
2545 3126 2732 3180 aderat
2756 3136 3035 3195 acceptum
3084 3143 3255 3198 puero
3281 3128 3465 3195 dedit,

1869 3230 1923 3273 et
1972 3219 2118 3273 illum
2167 3235 2379 3290 quoque
2407 3227 2582 3290 urget,
2617 3227 2675 3274 ut
2723 3221 2840 3275 sine
2892 3235 3040 3275 mora
3063 3230 3320 3291 quantunt
3355 3223 3472 3279 lieti

1869 3319 2044 3378 potest
2066 3319 2408 3379 approperet.

1938 3402 1992 3457 6.
2033 3402 2416 3457 Animadverte
2454 3403 2724 3472 quomodo
2767 3403 2944 3457 omnia
2992 3419 3114 3458 cum
3164 3403 3467 3469 velocitate,

1865 3509 1988 3548 cum
2012 3494 2240 3551 ferventi
2269 3495 2568 3562 alacritate,
2601 3511 2724 3550 cum
2762 3495 3053 3562 hilaritate,
3097 3510 3221 3550 cum
3251 3497 3470 3568 gaudio,

1864 3600 1986 3639 cum
2037 3600 2226 3656 magna
2249 3583 2584 3654 jucunditate
2625 3585 2774 3645 fiant.
2829 3583 2894 3639 Et
2927 3587 3181 3657 festinavit
3217 3604 3344 3656 puer
3379 3590 3474 3643 hoc

1867 3678 2056 3745 facere.
2095 3673 2279 3745 Neque
2307 3674 2392 3728 hic
2413 3689 2577 3729 senex
2605 3674 2852 3744 quiescit,
2885 3675 2982 3730 sed
3008 3677 3202 3730 iterum
3227 3677 3278 3731 in
3309 3678 3473 3733 mini-

1865 3767 1961 3820 stri
1987 3767 2232 3822 ordinent
2258 3766 2466 3822 transit.
2497 3767 2551 3823 8.
2587 3765 2654 3820 Et
2675 3776 2728 3820 ut
2749 3768 2943 3837 accepit
2973 3769 3213 3839 butyrum
3242 3780 3290 3824 et
3314 3769 3396 3824 lac
3424 3782 3473 3824 et

1865 3859 2096 3926 vitulum,
2129 3875 2278 3928 quan
2320 3867 2650 3925 mactaverat,
2683 3859 2923 3929 apposuit
2965 3860 3088 3914 illis.
3121 3861 3213 3916 Sic
3245 3876 3339 3931 per
3381 3879 3472 3919 se-

1866 3951 2152 4020 metipsum
2194 3951 2374 4006 omnia
2405 3950 2531 4005 facit
2575 3963 2629 4006 et
2672 3951 2911 4021 apponit.
2943 3951 3014 4007 Et
3041 3967 3217 4024 neque
3247 3953 3468 4026 dignum

1866 4043 2215 4114 semetipsum
2243 4043 2454 4098 censuit
2484 4044 2574 4113 qui
2606 4043 2914 4099 consideret
2943 4059 3066 4100 cum
3094 4047 3194 4112 eis,
3233 4048 3329 4104 sed
3363 4049 3471 4106 illis

1866 4133 2273 4190 comedentibus
2307 4133 2558 4189 adstabat
2584 4134 2701 4203 ipse
2731 4134 2832 4189 sub
2861 4136 3076 4190 arbore.
3120 4135 3167 4192 0
3197 4139 3470 4215 magnitu:

1865 4224 2045 4280 dinem
2089 4223 2500 4294 hospitalitatis!
2543 4239 2577 4281 o
2616 4225 2934 4281 humilitatis
2979 4223 3392 4287 excellentiam!
3437 4254 3470 4288 υ

1868 4326 2100 4372 mentem
2128 4315 2418 4372 admodum
2464 4317 2798 4387 religiosam!
2832 4318 3080 4375 adstabat
3121 4324 3467 4379 centenarius

1866 4413 2027 4468 homo
2053 4412 2458 4469 comedentibus
2489 4413 2616 4468 illis.
2643 4412 2770 4468 Mihi
2799 4412 3011 4469 videtur
3036 4423 3164 4470 tunc
3191 4431 3304 4488 pra:
3333 4433 3466 4490 gau-

1865 4505 1954 4560 dio
1969 4505 2352 4574 alacritateque
2383 4503 2570 4569 multa,
2602 4503 2969 4561 imbecillitate
2992 4520 3087 4561 sua
3113 4505 3281 4563 factus
3309 4524 3468 4579 supe-

1867 4597 1996 4661 rior,
2045 4605 2100 4652 et
2140 4596 2306 4652 robur
2331 4596 2601 4668 quoddam
2641 4599 2936 4668 accepisse.
2970 4597 3127 4670 Saepe
3156 4602 3300 4656 enim
3331 4618 3465 4658 con-

1865 4689 2045 4746 suevit
2085 4690 2336 4746 alacritas
2381 4689 2597 4756 animai,
2646 4690 2690 4745 si
2729 4691 2944 4761 quando
2987 4693 3240 4749 roborata
3285 4694 3465 4760 fuerit,

1866 4782 2080 4836 vincere
2101 4779 2346 4850 corporis
2373 4779 2820 4837 imbecillitatem.
2849 4780 3037 4838 Stabat
3060 4784 3220 4855 igitur
3242 4787 3464 4857 patriar.

1866 4870 1964 4928 cha
1993 4870 2145 4940 quasi
2173 4869 2426 4937 famulus,
2461 4871 2562 4926 hoc
2589 4887 2801 4927 summo
2842 4873 3033 4929 honori
3069 4874 3293 4940 habens,
3324 4881 3466 4948 quod

1869 4962 2224 5028 prmsentibus
2248 4962 2597 5030 ministraret,
2637 4973 2691 5019 et
2736 4963 3004 5021 solaretur
3031 4967 3241 5023 itineris
3279 4985 3468 5025 eorum

1868 5054 2127 5110 laborem.
2175 5054 2366 5111 Vidisti
2419 5067 2617 5126 quanta
2663 5057 2796 5126 justi
2847 5056 3234 5134 hospitalitas?
3283 5061 3471 5132 Neque

1867 5147 2006 5200 enim
2039 5146 2140 5202 hoc
2162 5145 2335 5202 solum
2357 5147 2663 5214 considera,
2691 5147 2835 5220 quod
2855 5164 3022 5220 panes
3051 5155 3462 5222 proposueritct

1868 5237 2135 5292 vitulum:
2166 5237 2260 5294 sed
2313 5237 2440 5294 illud
2485 5239 2694 5309 cogita,
2741 5243 2862 5293 cum
2915 5249 3119 5308 quanto
3164 5241 3370 5299 honore
3415 5255 3469 5298 ct

1867 5337 2068 5398 quanta
2093 5329 2356 5385 modestia
2396 5328 2632 5384 exhibita
2679 5330 2746 5383 sit
2778 5328 3134 5400 hospitalitas.
3179 5333 3293 5388 Non
3332 5335 3473 5390 sicut

1869 5420 2046 5488 multi,
2069 5421 2159 5491 qui
2191 5419 2383 5490 siquid
2429 5420 2535 5476 tale
2573 5419 2818 5486 fecerint,
2852 5422 3168 5490 superbinnt
3205 5433 3258 5476 et
3284 5423 3469 5493 (ιοεῃίο

1868 5512 2015 5567 ciunt
2059 5521 2335 5580 susceptos
2378 5510 2640 5581 hospites,
2673 5525 2741 5566 eo
2771 5511 2916 5582 quod
2961 5515 3318 5569 ministerium
3365 5516 3474 5573 illis

1869 5603 2174 5659 exhibeant.
2209 5603 2320 5658 Hoc
2350 5613 2528 5658 autem
2560 5602 2784 5673 perinde
2813 5612 2916 5670 est,
2951 5619 3015 5660 ac
3044 5606 3088 5661 si
3117 5605 3236 5675 quis
3258 5607 3471 5662 divitias

1867 5704 2156 5766 congreget
2193 5704 2247 5751 et
2288 5694 2636 5750 circumferat
2663 5713 2675 5748 :
2705 5705 2760 5749 et
2801 5709 2923 5750 cum
2961 5697 3259 5769 collegerit,
3289 5702 3470 5754 omnia

1869 5789 2027 5842 simul
2060 5803 2090 5843 e
2115 5788 2360 5842 manibus
2387 5786 2652 5856 projiciat.
2689 5789 2944 5859 Quisquis
2975 5791 3123 5847 enim
3167 5807 3288 5847 eum
3321 5809 3474 5850 arro-

1873 5882 2052 5951 gantia
2100 5891 2349 5952 operatur
2393 5881 2686 5952 quidpiam,
2747 5891 2799 5936 et
2849 5883 2926 5937 sic
2983 5883 3106 5939 facit
3160 5888 3309 5956 quasi
3353 5887 3473 5957 plus
