4094 6520
604 449 706 502 3δὸ

599 562 860 631 pra~beret
890 574 1045 630 quam
1071 559 1349 626 acciperet,
1381 560 1551 614 nescit
1577 559 1699 629 quid
1727 557 1881 612 faciat
1911 575 1922 610 τ
1951 555 2171 626 proinde

601 665 652 706 et
679 651 1001 716 mercedem,
1026 667 1142 720 quae
1172 649 1293 704 hinc
1324 651 1648 719 proveniret,
1673 649 1950 718 disperdit.
1984 649 2175 702 Verum

601 746 770 814 justus
803 744 893 798 ille
929 745 1104 798 sciens
1147 724 1273 810 quid
1328 751 1654 810 operaretur,
1710 755 1802 810 per
1843 739 2018 793 omnia
2063 753 2179 808 quae

602 836 844 902 faciebat,
874 833 1184 889 ostendebat
1212 833 1538 887 alacritatem
1568 833 1778 886 mentis.
1813 832 1880 886 Et
1905 842 2179 900 postquam

603 926 817 992 largiter
845 935 897 978 et
924 937 1109 992 magna
1140 922 1407 977 hilaritate
1436 923 1715 977 seminavit
1743 921 2174 989 hospitalitatem,

601 1015 778 1068 statim
825 1022 879 1068 et
907 1011 1210 1080 manipulos
1248 1012 1547 1066 uberrimos
1575 1011 1813 1067 messuit.
1845 1010 1976 1064 Nam
2005 1011 2090 1064 ubi
2115 1024 2174 1063 ea

601 1119 719 1172 qua)
749 1120 811 1158 ex
861 1117 918 1157 se
966 1112 1121 1156 erant
1169 1103 1424 1171 implevit,
1457 1111 1510 1156 et
1548 1101 1679 1155 nihil
1712 1101 2078 1172 prietermisit,
2118 1114 2179 1152 ac

604 1197 758 1249 tinem
785 1201 1124 1263 acceperunt,
1149 1209 1264 1264 qua:
1286 1193 1352 1247 ad
1381 1193 1792 1264 h05pitalitatem
1823 1194 2174 1264 pertinebant,

602 1285 974 1355 declarataque
1001 1285 1096 1338 fuit
1117 1285 1242 1354 justi
1268 1285 1432 1338 virtus
1463 1302 1474 1337 :
1512 1294 1638 1340 tunc
1672 1285 1887 1340 demum
1921 1293 1976 1338 ut
2008 1283 2178 1337 disce-

604 1387 684 1430 ret
731 1377 904 1445 justus
957 1387 1274 1446 quantorum
1320 1387 1372 1430 ct
1423 1378 1654 1444 qualium
1715 1377 1969 1430 bonorum
2021 1392 2176 1428 causa

601 1469 757 1522 fuerit
801 1467 1151 1538 hospitalitas,
1192 1467 1497 1522 manifestat
1543 1482 1601 1522 se
1637 1468 1680 1522 is
1728 1467 1816 1536 qui
1861 1465 2175 1531 advenerat,

605 1572 759 1629 atque
797 1561 1046 1628 paulatim
1083 1560 1283 1629 justum
1322 1575 1431 1613 suae
1469 1557 1881 1628 magnitudinem
1930 1559 2178 1627 potentia:

604 1651 778 1704 docet.
811 1651 941 1704 Nam
973 1651 1062 1704 ubi
1090 1651 1214 1704 vidit
1244 1665 1361 1704 eum
1395 1657 1623 1703 stantem
1655 1649 1792 1718 apud
1821 1664 2094 1718 quercum,
2127 1659 2180 1703 et

608 1742 796 1795 stando
841 1757 1084 1810 magnum
1143 1740 1400 1794 honorem
1455 1749 1509 1794 et
1565 1741 1913 1795 ministerium
1964 1740 2175 1806 afferre,

602 1833 737 1886 dixit
777 1833 822 1885 ei
853 1850 862 1884 :
897 1832 951 1886 9.
989 1831 1084 1885 Ubi
1129 1841 1199 1884 est
1247 1831 1408 1886 Sarra
1449 1848 1577 1884 uxor
1623 1833 1744 1884 tua?
1774 1832 1961 1886 Statim
2003 1841 2177 1886 autem

604 1939 697 1990 per
725 1923 1190 1992 interrogationem
1233 1923 1584 1976 subiudicavit
1630 1923 1676 1976 ei
1723 1939 1782 1977 se
1829 1939 1931 1977 non
1965 1938 2084 1978 esse
2114 1939 2178 1977 ex

603 2013 906 2082 vulgaribus
929 2011 1178 2082 aliquem,
1215 2022 1396 2083 utpote
1426 2014 1513 2082 qui
1537 2023 1587 2068 et
1615 2014 1793 2066 uxoris
1822 2014 1959 2067 illius
1986 2030 2177 2068 nomen

607 2107 792 2160 sciret.
844 2106 938 2160 Ille
993 2112 1169 2159 autem
1216 2106 1420 2174 inquit:
1455 2105 1584 2158 Ecce
1627 2107 1679 2158 in
1726 2106 2065 2159 tabernaculo.
2115 2106 2180 2160 Et

603 2197 724 2262 quia
768 2196 968 2259 statim,
1004 2202 1268 2264 tamquam
1298 2195 1459 2260 Deus,
1493 2195 1817 2264 polliciturus
1849 2205 1960 2248 erat
1991 2197 2036 2248 ei
2065 2212 2182 2265 qua:

602 2301 761 2354 supra
803 2294 1043 2339 naturam
1072 2293 1246 2351 erant,
1277 2294 1493 2354 propter
1525 2286 1625 2340 hoc
1652 2294 1703 2340 et
1730 2286 1957 2342 dicendo
1985 2303 2178 2341 nomen

603 2377 776 2430 Sarra:
817 2376 1131 2445 significavit
1169 2391 1324 2446 supra
1372 2376 1640 2431 hominem
1685 2392 1803 2432 esse
1841 2392 1961 2432 eum
1993 2380 2079 2448 qui
2129 2379 2180 2433 in

607 2466 1002 2520 tabernaculum
1031 2466 1146 2534 ejus
1175 2464 1484 2520 diverterat.
1517 2467 1602 2520 l0.
1633 2465 1898 2521 Revertens
1925 2468 2075 2532 enim,
2107 2469 2183 2523 in~

604 2556 736 2623 quit,
769 2557 960 2608 veniam
1002 2555 1067 2608 art
1099 2564 1146 2608 te
1171 2556 1442 2609 secundum
1487 2567 1680 2625 tempus
1720 2557 1813 2608 hoc
1848 2558 1899 2610 in
1938 2558 2106 2622 ltoras,
2140 2569 2185 2611 et

607 2644 800 2698 habebit
827 2646 991 2712 ﬁlium
1021 2643 1182 2699 Sarra
1206 2661 1333 2698 uxor
1354 2654 1456 2698 tua.
1490 2645 1628 2700 Ecce
1664 2645 2041 2715 hospitalitatis
2073 2650 2184 2701 fru-

608 2744 747 2798 ctus,
779 2749 902 2788 ecce
932 2733 1224 2788 alacritatis
1258 2735 1398 2788 illius
1427 2735 1577 2789 mira:
1607 2752 1833 2802 merces,
1878 2752 2001 2791 ecce
2040 2737 2185 2791 labo-

615 2839 730 2878 rum
759 2824 929 2878 Sarra:
969 2825 1367 2879 retributiones.
1403 2825 1505 2878 Illa
1544 2835 1730 2887 autem,
1776 2828 1962 2896 inquit,
1997 2829 2186 2880 audivit

600 2916 753 2981 juxta
784 2917 962 2968 ostium
984 2915 1310 2981 tabernaculi,
1335 2925 1471 2969 stans
1503 2926 1611 2984 post
1634 2918 1777 2970 illud.
1815 2920 1897 2972 l2.
1923 2917 1990 2970 Et
2016 2929 2069 2970 ut
2095 2920 2189 2970 hoc

607 3008 816 3072 audivit,
846 3009 952 3061 risit
978 3025 1166 3072 secum,
1209 3008 1376 3061 dicens
1401 3026 1418 3062 :
1451 3007 1688 3061 Nondum
1719 3009 1916 3079 quidem
1944 3010 2064 3063 mihi
2091 3010 2185 3077 fuit

609 3115 762 3164 usque
788 3114 956 3163 nunc;
987 3098 1218 3150 dominus
1246 3106 1409 3150 autem
1438 3114 1573 3150 meus
1593 3114 1762 3151 senex.
1793 3098 1858 3152 Et
1889 3106 1942 3151 ιιι
1969 3106 2189 3154 excusa

614 3191 789 3244 divina
819 3190 1090 3260 Scriptura
1119 3190 1356 3256 Sarram,
1381 3191 1526 3258 prius
1555 3188 1893 3266 signiﬁcavit:
1915 3189 1995 3243 ll.
2030 3190 2190 3242 Abra-

616 3282 733 3333 ham
761 3289 926 3333 autem
966 3289 1011 3334 et
1057 3279 1216 3334 Sarra
1241 3280 1491 3348 progressi
1519 3288 1658 3332 erant
1691 3280 1742 3332 in
1771 3269 1941 3332 diebus
1975 3281 2099 3334 suis.
2130 3281 2193 3335 Et

615 3385 786 3438 neque.
826 3369 926 3423 hoc
960 3376 1205 3424 contenta
1243 3369 1424 3437 adjicit
1453 3386 1464 3421 :
1497 3367 1560 3420 Et
1599 3367 1849 3422 desierant
1880 3368 2055 3423 Sarra:
2082 3371 2192 3438 ﬁeri

611 3456 894 3515 muliebria.
943 3459 1221 3516 Arefaetus
1268 3468 1403 3526 erat,
1452 3461 1639 3529 inquit,
1697 3459 1845 3526 fons,
1897 3473 2194 3518 exercatus

611 3552 818 3618 oculus,
851 3551 1063 3606 officina
1112 3551 1223 3619 ipsa
1265 3559 1377 3605 erat
1423 3550 1623 3605 inutilis
1662 3549 1817 3604 facta.
1849 3551 1928 3605 Ad
1956 3569 2072 3621 qua:
2111 3570 2191 3608 re-

613 3645 845 3714 spiciens
888 3643 1069 3708 Sarra,
1115 3642 1378 3712 cogitabat
1418 3641 1558 3711 apud
1594 3643 1933 3712 semetipsam
1982 3653 2192 3700 artatem

619 3750 773 3788 suam
818 3744 870 3790 et
899 3739 1224 3787 senectutem
1261 3730 1573 3802 patriarchae
1602 3732 1671 3804 (v.
1704 3733 1815 3803 l2).
1843 3733 2038 3788 Verum
2068 3735 2192 3790 dum

621 3827 708 3879 illa
739 3827 872 3879 intra
906 3823 1299 3879 tabernaculum
1324 3824 1394 3877 ita
1433 3823 1647 3895 cogitat,
1677 3823 1720 3878 is
1752 3825 1840 3896 qui
1878 3826 1978 3880 scit
2004 3842 2192 3881 arcana

615 3915 829 3986 mentis,
853 3914 1220 3972 demonstrare
1249 3914 1430 3972 volens
1457 3923 1510 3973 ct
1536 3915 1746 3975 virtutis
1788 3931 1897 3974 suae
1924 3919 2194 3976 excellen-

618 4011 764 4074 tiam,
811 4017 866 4063 et
915 4002 1044 4062 nihil
1094 4007 1359 4061 occultum
1405 4021 1464 4062 se
1505 4008 1690 4072 latere,
1748 4008 1875 4062 dicit
1925 4011 2192 4065 Ahraltte:

616 4102 704 4154 l5.
740 4097 841 4153 Cur
886 4099 996 4152 risit
1042 4098 1206 4152 Sarra
1231 4099 1370 4167 apud
1416 4099 1655 4166 seipsam,
1688 4098 1857 4153 dicens
1887 4115 1904 4152 :
1935 4098 2198 4171 Numquid

615 4207 726 4244 vere
747 4191 940 4260 pariam
957 4191 983 4244 ?
1008 4205 1098 4260 ego
1124 4198 1292 4242 autem
1321 4189 1480 4243 senui.
1512 4188 1636 4243 Ilazc
1661 4190 1801 4244 enim
1831 4191 1916 4244 illa
1943 4190 2080 4261 apud
2109 4207 2197 4246 se-

618 4281 896 4350 metipsam
951 4278 1236 4349 cogitabat.
1294 4278 1383 4331 l4.
1441 4277 1581 4331 Nam
1625 4279 1950 4348 impossibile,
2007 4282 2196 4352 inquit,

616 4371 756 4438 apud
794 4370 952 4423 Deum
981 4369 1221 4422 verbum?
1249 4368 1390 4423 Ecce
1418 4369 1696 4424 manifeste
1720 4371 1949 4438 seipsum
1977 4370 2193 4442 detegit.

620 4463 732 4516 Non
779 4463 944 4526 scitis,
986 4460 1174 4529 inquit,
1221 4474 1327 4526 me,
1368 4469 1571 4515 natura
1615 4460 1871 4516 Dominus
1909 4476 2027 4516 cum
2069 4463 2189 4529 sim,

622 4553 798 4607 omnia
842 4566 999 4621 posse
1041 4550 1254 4620 quando
1299 4551 1540 4617 voluero,
1587 4559 1642 4605 et
1688 4562 1950 4606 mortuam
1993 4569 2198 4623 quoque

625 4643 832 4696 vulvam
885 4640 1163 4696 fecundam
1208 4651 1262 4696 et
1308 4643 1476 4711 partui
1519 4641 1759 4696 idoneam
1812 4642 2022 4698 facere?
2060 4643 2198 4697 Num

623 4732 961 4802 impossibile,
1028 4732 1232 4802 inquit,
1299 4732 1440 4802 apud
1496 4731 1660 4787 Deum
1723 4734 1958 4804 aliquid?
2015 4734 2201 4790 Nonne

628 4824 804 4876 omnia
857 4822 990 4876 facio
1037 4830 1091 4876 et
1132 4822 1485 4876 transformo?
1533 4837 1713 4877 nonne
1754 4825 1876 4877 vita:
1916 4833 1970 4878 et
2017 4827 2202 4879 mortis

628 4922 944 4984 potestatem
991 4913 1196 4967 habeo?
1226 4911 1367 4965 Nam
1394 4915 1699 4982 impossibile
1740 4925 1811 4969 est
1844 4916 2038 4983 aliquid
2063 4893 2202 4984 apid

629 5004 832 5058 Deum?
863 5005 1048 5059 Nonne
1085 5005 1228 5072 prius
1268 5003 1366 5058 hoc
1414 5005 1678 5073 pollicitus
1717 5007 1873 5060 sum?
1915 5006 2049 5060 Nunt
2108 5023 2200 5076 po-

628 5103 732 5146 test
766 5093 1031 5163 quidpiam
1062 5107 1088 5145 a
1118 5109 1202 5148 me
1235 5093 1431 5148 dictum
1460 5111 1564 5148 non
1603 5096 1655 5149 in
1694 5110 1827 5164 opus
1849 5098 2032 5151 exire?
2063 5100 2197 5152 Audi

629 5186 806 5254 igitur,
839 5183 976 5252 quod
1008 5182 1069 5236 In
1102 5187 1436 5252 temporehoc
1465 5196 1684 5238 revertar
1704 5188 1771 5239 ad
1797 5199 1842 5241 te
1874 5189 1924 5242 in
1951 5189 2121 5255 horas,
2157 5203 2202 5244 et

629 5280 718 5331 erit
759 5277 933 5330 Sarra:
963 5277 1120 5345 ﬁlius.
1169 5277 1450 5346 Postquam
1497 5289 1784 5343 revertero,
1837 5280 2024 5349 inquit,
2072 5292 2202 5334 tem-

629 5385 756 5436 pore
788 5369 905 5431 hoc,
942 5377 1063 5422 tunc
1091 5369 1221 5422 sciet
1245 5385 1302 5422 re
1333 5370 1442 5436 ipsa
1480 5369 1641 5423 Sarra
1669 5369 1809 5438 quod
1841 5385 2011 5438 neque
2042 5388 2200 5426 sene-

629 5469 745 5510 ctus
768 5460 814 5511 ei
837 5458 1106 5511 obstaculo
1138 5457 1317 5522 fuerit,
1344 5474 1514 5526 neque
1546 5460 1794 5514 sterilitas
1825 5479 1836 5513 :
1867 5462 1958 5516 sed
1983 5464 2200 5517 verbum

631 5562 808 5599 meum
842 5563 942 5599 non
971 5547 1161 5615 poterit
1183 5548 1387 5600 irritum
1412 5549 1580 5612 reddi,
1615 5559 1665 5602 et
1694 5563 1870 5618 partus
1893 5568 2008 5607 eam
2040 5556 2199 5611 doce-

630 5634 706 5688 bit
733 5651 913 5690 em‘tnn
946 5654 1060 5705 qtae
1089 5653 1117 5690 a
1149 5654 1231 5692 me
1256 5638 1396 5692 dicta
1440 5649 1560 5691 sunt
1599 5644 1907 5708 potentiam.
1936 5644 2200 5702 Caeterum

633 5734 687 5774 ut
717 5726 801 5777 illa
835 5728 1050 5792 audivit,
1083 5743 1253 5796 neque
1275 5729 1363 5781 illa
1387 5744 1504 5797 quae
1531 5733 1784 5798 cogitaret
1814 5750 1935 5789 esse
1958 5744 2202 5804 prmscnti

633 5820 856 5885 occulta,
901 5819 980 5872 15.
1035 5818 1244 5890 Negavit
1287 5821 1493 5874 dicens:
1529 5819 1644 5874 Non
1691 5825 1795 5875 risi.
1839 5825 2016 5881 Timor
2062 5832 2200 5884 enim

1313 447 1364 500 S.
1408 446 1681 502 .IOANNIS
1721 439 2188 500 CIIRYSOSTUMI
2231 441 2544 498 ARCIIIEP.
2587 442 3119 501 CONSTANTINOP.

3771 446 3864 501 381

2288 568 2630 612 concusserat
2671 559 2787 630 ejus
2828 569 3081 616 mentem.
3128 559 3416 630 Propterea
3459 559 3735 630 Scriptura
3777 561 3870 616 hoc

2288 656 2456 701 totum
2499 647 2791 704 infirmitati
2832 650 2948 719 ejus
2988 651 3225 706 tribuens
3263 650 3452 722 inquit,
3498 649 3705 705 Timore
3744 655 3871 706 cuius

2286 738 2550 806 perterrita
2587 740 2706 809 fuit.
2748 739 2940 795 Verum
2982 742 3281 811 patriarcha
3312 743 3438 798 dicit
3477 742 3526 798 ei
3551 759 3570 800 :
3597 742 3739 807 Non,
3790 750 3872 799 sed

2286 829 2461 884 risisti.
2489 829 2566 884 Ne
2595 839 2766 899 putes,
2802 831 2989 901 inquit,
3019 831 3144 887 licet
3171 833 3224 887 in
3250 834 3429 890 animo
3457 833 3573 888 hare
3603 842 3863 888 tractave-

2286 919 2379 984 ris,
2412 928 2463 974 et
2493 921 2544 974 in
2575 924 2783 975 occulto
2821 922 3023 985 riseris,
3059 923 3172 976 haec
3194 936 3355 993 posse
3379 924 3633 978 abscondi
3670 924 3739 976 ab
3762 927 3875 992 ejus

2284 1012 2371 1080 qui
2407 1011 2623 1066 advenit
2645 1013 2840 1068 virtute
2865 1020 2920 1066 et
2952 1013 3195 1068 scientia.
3232 1012 3411 1084 Itaque
3438 1030 3636 1085 negare
3677 1013 3872 1068 factum

2286 1105 2412 1168 noli,
2444 1120 2510 1158 ne
2554 1104 2718 1158 addas
2757 1104 2822 1159 ad
2867 1115 3168 1175 peccatum.
3202 1105 3384 1175 Magna
3429 1109 3573 1161 enim
3609 1107 3770 1162 hodie
3808 1108 3876 1160 ab

2289 1192 2388 1248 hac
2414 1193 2773 1262 hospitalitate
2803 1195 2954 1250 nobis
2976 1183 3300 1264 'provenient
3323 1195 3481 1250 bona.

2357 1285 2406 1337 7.
2455 1284 2668 1338 Moralis
2714 1286 3015 1339 exhortatio.
3051 1316 3120 1326 —
3147 1285 3296 1342 Hune
3344 1287 3612 1342 imitemur
3660 1302 3880 1352 omnes,

2284 1385 2337 1430 et
2362 1390 2602 1444 magnam
2637 1389 2884 1445 geramus
2911 1376 3286 1446 hospitalitatis
3311 1392 3490 1433 curam
3517 1395 3530 1431 :
3565 1392 3670 1432 non
3702 1388 3758 1433 ut
3787 1379 3879 1433 llu-

2284 1480 2470 1519 xorum
2495 1473 2547 1519 et
2570 1465 2989 1534 corruptibilium
3032 1465 3432 1521 retributionem
3458 1468 3634 1522 solum
3658 1469 3882 1538 accipia-

2285 1570 2402 1608 mus
2423 1596 2437 1619 ,
2461 1555 2553 1609 sed
2583 1565 2637 1608 ut
2662 1570 2981 1625 reponamus
3011 1556 3162 1610 nobis
3189 1556 3345 1611 etiam
3377 1557 3757 1612 immortalium
3789 1560 3884 1612 bo-

2284 1659 2470 1698 norum
2499 1645 2820 1699 fruitioncm.
2863 1645 2991 1700 Nam
3016 1649 3058 1699 si
3083 1647 3184 1702 hoc
3222 1645 3439 1702 facimus
3461 1690 3475 1713 ,
3497 1663 3596 1703 nos
3617 1649 3772 1702 etiam
3799 1649 3885 1703 hic

2282 1735 2548 1788 Christum
2576 1737 2926 1804 suscipiemus
2950 1778 2965 1804 ,
2996 1745 3051 1791 et
3079 1737 3328 1807 suscipiet
3355 1737 3514 1793 etiam
3564 1740 3678 1808 ipse
3707 1755 3802 1793 nos
3831 1741 3881 1793 in

2285 1828 2644 1882 mansionibus
2683 1828 2783 1883 illis
2809 1844 2925 1898 quae
2952 1828 3020 1883 ab
3040 1837 3240 1883 aeterno
3269 1838 3576 1899 praeparata:
3606 1841 3730 1885 sunt
3759 1831 3886 1884 dili-

2282 1916 2522 1986 gentibus
2552 1917 2720 1986 ipsum
2743 1965 2755 1983 ,
2797 1916 3176 1988 audiemusque
3204 1916 3272 1971 ab
3297 1932 3362 1978 eo
3401 1936 3414 1970 :
3453 1916 3660 1982 Venite,
3691 1920 3890 1972 ὺεηιιάιὶ-

2285 2010 2351 2060 cii
2370 2007 2549 2064 Patris
2575 2011 2696 2072 mei,
2724 2008 2776 2061 in
2798 2009 3122 2062 hereditatem
3148 2009 3357 2078 accipite
3391 2020 3734 2079 prmi-aratum
3755 2015 3891 2065 voltis

2286 2114 2493 2167 regnum
2519 2098 2578 2150 ab
2604 2098 2793 2167 origine
2817 2098 3224 2169 mundi'(Matth.
3248 2100 3336 2154 25.
3363 2100 3570 2168 545.56).
3588 2100 3750 2169 Cujus
3768 2116 3890 2170 gra-

2289 2187 2356 2240 tia
2400 2199 2450 2242 et
2506 2197 2721 2257 pr0ptcr
2770 2189 2940 2258 quid?
2969 2189 3175 2243 Esurivi
3226 2189 3390 2257 enim,
3424 2198 3468 2243 et
3507 2190 3716 2244 dedistis
3768 2192 3892 2242 miln‘

2287 2279 2630 2331 manducare:
2665 2278 2796 2331 sitiri
2819 2321 2834 2344 ,
2865 2287 2910 2332 et
2951 2280 3159 2347 potestis
3188 2294 3266 2332 me
3290 2295 3308 2332 :
3360 2280 3654 2349 peregrinus
3699 2281 3799 2350 fui,
3847 2293 3892 2334 et

2287 2369 2556 2437 collegistis
2576 2371 2746 2425 nte:in
2764 2387 2959 2425 carcere
2984 2373 3080 2442 fni,
3102 2382 3144 2426 et
3169 2372 3406 2432 invisistis
3435 2389 3530 2426 me.
3553 2375 3690 2439 Quid
3717 2374 3893 2428 minus

2288 2460 2568 2514 molestum
2616 2476 2771 2530 quam
2825 2461 2977 2516 haec?
3020 2461 3154 2517 Num
3203 2462 3441 2532 praecipit
3483 2463 3635 2518 nobis
3681 2467 3893 2519 curiose

2287 2551 2512 2603 scrutari
2542 2559 2597 2603 et
2647 2550 2934 2619 inquirere,
2977 2551 3288 2621 quibusnam
3340 2551 3658 2606 deberemus
3703 2568 3885 2608 curam

2288 2639 2578 2694 exhibere?
2615 2640 2692 2693 Tu
2740 2642 2880 2709 quod
2918 2652 3062 2696 tuum
3095 2650 3208 2709 est,
3243 2642 3439 2711 inquit,
3475 2644 3723 2710 ostende,
3770 2646 3894 2700 licet

2290 2730 2527 2799 abjeetus
2573 2741 2626 2786 et
2653 2734 2771 2787 vilis
2796 2733 2884 2799 sit,
2939 2746 2996 2788 ut
3029 2721 3278 2804 apparet,
3312 2750 3467 2803 quem
3525 2734 3673 2791 foves
3706 2757 3718 2791 :
3775 2755 3895 2808 qua:

2291 2823 2431 2874 enim
2455 2821 2505 2875 in
2535 2822 2650 2877 illos
2674 2824 2805 2878 facta
2826 2833 2968 2892 sunt,
2995 2839 3095 2894 ego
3115 2835 3171 2880 ut
3198 2827 3325 2881 mihi
3352 2829 3448 2898 ipsi
3473 2828 3609 2882 facta
3640 2843 3893 2898 agnosco.

2293 2913 2577 2982 Propterea
2599 2914 2801 2970 addidit
2823 2933 2836 2968 :
2859 2915 2922 2969 In
2944 2927 3185 2983 quantum
3212 2918 3399 2987 fecistis
3420 2920 3508 2973 uni
3525 2923 3742 2989 fratrum
3767 2937 3895 2974 nico.

2292 3017 2408 3054 runt
2438 3003 2788 3071 minintorum,
2818 3004 2941 3056 mihi
2969 3005 3152 3073 fecistis
3183 3005 3341 3076 (Ibid.
3367 3023 3416 3061 ν.
3438 3010 3552 3078 40).
3589 3009 3751 3077 Igitur
3777 3023 3896 3063 cum

2296 3101 2438 3146 tanta
2467 3107 2532 3147 ex
2564 3092 2920 3164 hospitalitate
2955 3097 3062 3149 sint
3093 3096 3234 3151 lucra
3257 3138 3272 3164 ,
3303 3114 3407 3152 non
3457 3108 3898 3163 contemnamus,

2295 3183 2390 3242 sed
2420 3184 2655 3253 quotidie
2700 3185 2856 3255 hujus
2891 3186 3041 3242 boum
3071 3188 3441 3258 negotiationis
3471 3203 3679 3246 merces
3704 3189 3902 3245 inferre

2296 3276 2623 3344 Studeamus,
2676 3278 2906 3333 scientes
2955 3279 3233 3334 Dominum
3281 3289 3520 3337 nostrum
3573 3281 3902 3337 alacritatem

2298 3380 2563 3436 magnam,
2611 3381 2714 3420 non
2759 3367 2997 3422 ciborum
3047 3369 3252 3438 pondus
3281 3372 3552 3442 requirere
3574 3387 3714 3435 ,non
3741 3390 3896 3428 men-

2298 3470 2409 3514 sam
2437 3465 2820 3526 sumptuosam,
2851 3457 2945 3512 sed
2991 3468 3222 3514 mentem
3251 3447 3477 3517 hilarem
3496 3504 3510 3526 ,
3539 3476 3647 3516 non
3699 3471 3902 3518 tantum

2299 3546 2653 3601 ministerium
2686 3562 2714 3600 a
2744 3548 2900 3602 nudis
2928 3549 3126 3614 verbis,
3156 3550 3251 3606 sed
3270 3553 3544 3608 caritatem
3575 3567 3606 3607 a
3635 3569 3769 3623 puro
3790 3557 3899 3610 siu-

2299 3651 2529 3707 ceroque
2577 3639 2757 3694 corde.
2790 3639 2990 3696 Idcirco
3041 3651 3095 3697 et
3150 3644 3361 3714 sapiens
3397 3643 3615 3714 quidam
3659 3646 3902 3704 dicebat:

2302 3727 2486 3781 Melior
2522 3745 2685 3784 sermo
2705 3746 2854 3800 quam
2877 3747 3059 3786 munus
3090 3733 3276 3805 (Eccli.
3309 3735 3394 3792 l8.
3422 3736 3536 3809 l6).
3580 3737 3738 3809 Saepe
3764 3741 3904 3794 enim

2302 3821 2563 3877 sermonis
2585 3822 2898 3894 obsequium
2926 3823 3096 3896 magis
3118 3837 3326 3884 recreat
3350 3827 3676 3902 indigentem
3701 3873 3717 3896 ,
3745 3847 3900 3902 quam

2302 3915 2503 3970 donum
2528 3917 2718 3986 ipsum.
2751 3917 2874 3972 Haec
2909 3931 3032 3973 cum
3059 3921 3326 3987 sciamus,
3358 3936 3426 3977 ne
3449 3923 3618 3978 simus
3664 3924 3904 3980 difﬁciles

2303 4023 2424 4080 erga
2456 4024 2548 4064 eos
2587 4009 2676 4080 qui
2706 4008 2770 4064 ad
2802 4024 2899 4065 nos
2925 4010 3186 4067 accedunt
3211 4031 3224 4067 :
3253 4013 3346 4069 sed
3377 4013 3422 4070 si
3462 4015 3794 4085 potuerimus
3822 4032 3906 4072 eo-

2305 4115 2421 4155 rum
2451 4103 2682 4171 in0piam
2703 4102 2981 4160 sublevare
3002 4145 3016 4169 ,
3043 4103 3146 4161 hoc
3170 4105 3425 4162 faciamus
3451 4121 3576 4162 cum
3589 4109 3784 4178 gaudio
3814 4110 3898 4162 Le-

2307 4193 2525 4264 titiaque
2560 4209 2748 4265 magna
2779 4213 2792 4249 :
2825 4210 2929 4252 non
2953 4207 3008 4251 ut
3050 4199 3348 4268 praebentes
3378 4200 3575 4272 aliquid
3596 4243 3612 4268 ,
3645 4203 3739 4256 sed
3766 4211 3823 4257 ut
3844 4203 3904 4255 ab

2306 4283 2382 4338 eis
2408 4285 2633 4348 maxima
2660 4287 2982 4358 accipientes
3014 4304 3026 4341 :
3055 4289 3197 4358 quod
3245 4292 3288 4345 si
3336 4307 3440 4346 non
3489 4307 3773 4362 possumus
3795 4335 3813 4363 ,
3847 4310 3904 4349 ne

2306 4377 2472 4433 simus
2499 4380 2754 4448 asperi'in
2808 4395 2900 4435 eos
2931 4398 2944 4434 :
2977 4380 3070 4436 sed
3102 4382 3277 4437 verbis
3302 4384 3491 4439 saltem
3519 4399 3708 4440 eorum
3729 4402 3905 4442 curam

2305 4484 2557 4539 agamus,
2619 4478 2674 4525 et
2720 4485 2839 4525 cum
2893 4473 3298 4530 mansuetudine
3341 4476 3760 4546 respondeamus
3811 4481 3901 4535 eis.

2305 4557 2479 4625 Quare
2516 4561 2657 4614 enim
2683 4559 2815 4616 dure
2838 4562 3128 4632 compellas
3170 4564 3318 4619 eum?
3365 4565 3500 4621 Num
3548 4569 3734 4639 cogit?
3789 4586 3906 4624 num

2306 4649 2413 4703 vim
2444 4649 2607 4704 facit?
2639 4651 2804 4716 Orat,
2835 4652 3115 4722 supplicat,
3147 4654 3426 4711 obsecrat:
3457 4658 3544 4726 qui
3589 4669 3766 4714 autem
3796 4659 3904 4715 ha‘c

2309 4738 2468 4803 facit,
2499 4741 2818 4795 contumelia
2845 4740 3035 4811 dignus
3065 4757 3168 4797 non
3199 4754 3299 4798 est.
3333 4745 3469 4812 Quid
3513 4746 3632 4802 dico
3652 4791 3667 4813 ,
3704 4759 3817 4803 orat
3858 4759 3904 4802 et

2308 4828 2591 4898 supplicat?
2623 4830 2896 4884 lnnumera
2942 4831 3078 4887 bene
3107 4844 3423 4904 apprecatur
3444 4877 3459 4903 ,
3489 4845 3544 4892 et
3591 4837 3704 4892 haec
3733 4841 3898 4892 omnia

2313 4919 2436 4974 facit
2468 4935 2563 4988 pro
2585 4921 2878 4987 ιιιιῳοὺοΙο
2897 4962 2913 4988 ,
2944 4938 3116 4993 neque
3143 4933 3320 4980 tamen
3347 4924 3497 4980 illum
3524 4943 3821 4998 erogamus.
3851 4931 3906 4983 Et

2309 5023 2467 5080 quam’
2511 5029 2858 5083 assequemur
2890 5016 3138 5070 veniam?
3167 5032 3326 5087 quam
3368 5019 3682 5075 habebimus
3728 5023 3902 5076 defen-

2310 5105 2549 5160 sionem?
2581 5105 2682 5175 Ipsi
2726 5107 2940 5176 quidem
2969 5110 3204 5179 quotidie
3247 5111 3446 5166 lautam
3474 5129 3712 5168 mensam
3764 5117 3903 5170 nobis

2310 5198 2500 5266 apponi
2531 5212 2812 5266 curamus,
2859 5211 2911 5254 et
2962 5216 3105 5271 smpe
3135 5203 3255 5272 plus
3286 5219 3448 5272 quam
3477 5220 3604 5260 usus
3655 5209 3902 5276 requirit,

2315 5289 2628 5345 insumimus
2657 5311 2667 5344 :
2702 5292 2805 5347 illis
2845 5309 2971 5348 vero
3012 5311 3185 5366 neque
3213 5313 3436 5366 parvum
3457 5299 3581 5369 quid
3625 5303 3901 5355 communi-

2311 5397 2514 5448 camus,
2539 5384 2693 5452 idque
2710 5399 2828 5438 cum
2849 5385 3123 5440 innumera
3146 5387 3284 5442 bona
3303 5403 3396 5457 per
3413 5389 3509 5444 hos
3533 5407 3631 5445 nos
3648 5390 3902 5445 habituro;

2313 5483 2702 5542 exspectemus.
2768 5475 2871 5529 Sed
2918 5490 2950 5530 o
3005 5493 3246 5547 magnam
3315 5478 3606 5534 desidiam!
3657 5483 3898 5549 Quantam

2313 5563 2451 5616 enim
2509 5564 2632 5619 hinc
2668 5565 2928 5631 iacturam
2980 5567 3237 5622 facimus?
3279 5580 3534 5638 quantum
3567 5572 3698 5626 lucri
3729 5590 3758 5627 e
3803 5591 3896 5625 ina-

2314 5655 2466 5708 nibus
2523 5658 2719 5709 nostris
2796 5659 3053 5713 excedere
3124 5661 3517 5726 permittimus?
3572 5664 3899 5720 Occasionem

2313 5756 2508 5798 nostra:
2536 5746 2724 5800 salutis
2763 5763 2790 5800 a
2816 5747 2919 5817 Deo
2951 5749 3103 5802 nobis
3128 5750 3302 5803 datam
3335 5753 3687 5808 amandamns
3706 5797 3722 5822 ,
3753 5772 3903 5825 ncipn:

2313 5837 2627 5904 Cogitamus,
2661 5839 2736 5893 vel
2782 5839 2830 5891 in
2882 5851 3058 5894 tuente
3119 5855 3392 5896 versamus
3440 5843 3560 5899 hinc
3609 5849 3900 5917 parvitatem
