4040 6378
489 330 517 375 τ
1926 317 2314 375 «PREFATIO.
3731 324 3762 374 8

500 358 512 387 l

575 422 1004 509 Homiliarum
1030 438 1187 509 ergo
1222 422 1290 509 in_
1320 422 1826 509 Genesim,quas
1850 424 1917 485 in
1945 427 2456 506 Quadragesima
2500 427 2852 509 habuerat,
2889 444 3153 489 cursum
3197 427 3672 509 interpellavit,
3703 440 3775 495 ut

491 502 557 590 i_n
591 501 1237 590 hebdomadasancta
1258 501 1524 590 deduda
1553 509 1616 590 et
1640 501 1719 590 de
1755 522 1946 590 cruce
1980 501 2240 590 ageret;
2267 524 2343 568 ac
2373 506 2780 590 continenter
2816 506 2892 566 de
2922 501 3399 590 resurrectione
3430 553 3446 580 ,
3486 501 3771 590 moxque

492 581 572 641 de
610 581 1269 666 Actis_Apo_s_tolorum
1295 625 1311 653 ,
1345 581 1732 666 intermistis
1750 581 2299 666 admonitionibus
2327 586 2404 647 ad
2428 602 2537 666 eos
2568 586 2680 666 qui
2714 603 2925 666 nuper
2947 587 3249 666 baptismi
3285 590 3558 666 gratiam
3589 581 3771 654 acce-

492 667 744 749 perant.
777 660 1062 721 Homilia
1100 677 1252 721 vero
1280 662 1561 749 secunda
1592 663 1669 722 de
1701 663 1865 749 Juda
1894 664 2427 749 proditore't‘om.
2458 665 2538 735 Il,
2578 660 2679 749 his
2710 660 3187 749 verbisincipit,
3236 660 3525 749 Yblebam
3552 668 3626 728 de
3647 690 3774 749 pa-

492 740 773 824 triar-cita
800 757 1409 824 r_ursu_s_‘sermonem
1458 740 1675 824 habere
1709 762 1729 809 ;
1768 740 2019 804 hoc’est
2042 789 2058 816 ,
2091 745 2168 804 de
2202 745 2568 805 Abrahamo
2599 788 2613 815 ,
2645 744 2724 803 de
2745 761 2890 824 quo
2929 744 2995 803 in
3033 740 3364 824 trigesima
3391 740 3673 812 secunda
3705 752 3771 812 in

492 819 1094 907 Genesim_ho_mil_i_a
1142 836 1509 907 sermonem
1548 822 1869 907 habuerat
1894 868 1909 896 ,
1945 828 2088 900 post
2113 841 2309 901 quam
2351 824 2707 907 homiliam,
2740 819 2881 907 ipso
2913 819 3244 907 narrahte,
3276 827 3365 907 ab
3406 827 3519 886 illo
3561 845 3773 907 argu-

491 904 708 959 mento
753 901 1069 959 abstinuit
1102 899 1536 977 aliquantum,
1571 904 1646 983 ut
1684 920 1882 979 supra
1925 899 2315 983 memoratas
2371 904 2723 983 conciones
2756 899 3044 963 haberet.
3101 904 3446 965 Homiliam
3479 899 3673 983 porro
3695 911 3771 971 de

490 996 679 1037 cruce
730 995 927 1056 quam
966 996 1162 1057 supra
1185 986 1497 1039 memorat
1523 996 1606 1040 an
1632 981 1983 1043 habeamus
2023 982 2342 1043 incertum
2391 988 2517 1049 est;
2553 981 2878 1041 nescimus
2920 983 3088 1041 enim
3120 1000 3202 1043 an
3245 1001 3318 1044 ea
3348 981 3658 1049 alterutra
3690 991 3772 1051 sit

490 1074 722 1139 earum
747 1074 913 1134 quas
947 1058 1228 1139 secundo
1255 1060 1456 1118 Tomo
1483 1059 1821 1120 edidimus.
1873 1060 2158 1123 Homilia
2192 1079 2344 1121 vero
2375 1062 2451 1122 dc
2481 1061 2956 1122 resurrectione
2982 1079 3179 1139 quam
3216 1063 3528 1125 edidimus
3568 1068 3770 1129 Tomo

487 1135 769 1223 secuudo
818 1154 962 1223 quas
1015 1137 1188 1223 hunc
1248 1139 1507 1198 titulum
1564 1139 1797 1208 habet,
1845 1149 2070 1200 contra
2127 1140 2438 1223 Ebriosos
2479 1150 2548 1223 et
2595 1140 2668 1201 de
2722 1135 3198 1223 Resurrectione
3230 1163 3257 1223 ;r
3283 1143 3417 1216 illa,
3473 1145 3765 1223 inquam,

482 1214 752 1275 homilia
784 1216 1010 1299 eadem
1054 1217 1194 1299 ipsa
1224 1223 1491 1299 estquae
1542 1226 1936 1280 memoratur
1976 1239 2175 1298 supra
2206 1222 2270 1280 in
2300 1221 2443 1281 loco
2475 1221 2609 1292 illo,
2644 1238 2724 1279 ex
2758 1220 3084 1299 trigesima
3120 1222 3307 1282 tertia
3351 1214 3416 1281 in
3470 1214 3769 1288 Genesim

488 1299 819 1371 excerpta,
843 1295 1016 1372 quod
1058 1298 1151 1355 sic
1203 1296 1529 1356 evidenter
1558 1300 1893 1374 probatur.
1932 1300 2005 1360 In
2053 1295 2174 1361 hac
2219 1300 2296 1360 de
2348 1300 2823 1360 resurrectione
2850 1295 3163 1372 'homilia,
3195 1301 3303 1361 ubi
3337 1302 3413 1359 de
3457 1305 3768 1368 ebrietate

488 1374 691 1469 multa
717 1374 1207 1469 edisscuitnhmc
1236 1377 1326 1436 ait
1358 1394 1512 1435 num
1638 1376 2198 1469 :Abstipeamusab
2227 1378 2513 1440 ebrietate
2547 1399 2562 1438 :
2598 1397 2729 1469 qon
2751 1378 2919 1469 gica,
2950 1377 3359 1469 abstineamus
3388 1401 3425 1439 a
3448 1383 3618 1449 vino.
3664 1384 3770 1447 sed

489 1453 565 1512 ub
594 1453 888 1513 ebrietate
907 1452 1319 1538 abstineamus
1338 1474 1361 1538 ;_
1389 1473 1517 1538 non
1537 1456 1751 1518 pinum
1776 1457 1966 1535 efﬁcit
1998 1456 2386 1538 ebrietatem:
2427 1467 2512 1516 est
2547 1452 2705 1517 enim
2735 1458 2851 1517 Dei
2878 1468 3187 1525 creatura;
3222 1460 3339 1521 Dei
3354 1478 3556 1538 porro
3590 1482 3769 1524 crea-

479 1557 630 1602 tura
651 1538 813 1600 nihil
844 1538 1033 1618 efficit
1058 1537 1226 1618 mali,
1247 1535 1369 1618 _sed_
1391 1537 1680 1618 voluntas
1710 1539 1985 1618 maligna
2014 1539 2203 1618 emt-it
2235 1537 2605 1595 ebrietatem.
2642 1539 2788 1598 Haec
2817 1546 3029 1598 autem
3056 1547 3251 1603 verba
3304 1535 3463 1603 mire
3513 1561 3760 1603 como-

481 1626 641 1681 nant
696 1635 840 1679 cum
876 1614 1011 1677 illis
1066 1615 1408 1677 Concionis
1455 1615 1673 1691 prima:
1737 1614 1802 1673 in
1871 1614 2253 1691 principium
2309 1618 2675 1685 Actorum,
2745 1618 2912 1676 tertii
2972 1619 3150 1677 Tomi
3226 1637 3402 1678 num.
3459 1625 3493 1677 9.
3540 1642 3553 1679 :
3617 1625 3760 1683 Non

484 1708 633 1759 sunt
665 1698 870 1777 igitur
894 1696 1123 1757 malum
1152 1694 1412 1777 divitia,
1446 1692 1549 1753 sed
1576 1692 1939 1777 illegitimus
1971 1709 2177 1751 earum
2204 1712 2354 1753 usus
2387 1703 2473 1777 est
2498 1693 2750 1753 malum.
2793 1696 2893 1777 iEt
2918 1697 3081 1777 sicut
3134 1716 3333 1775 nuper
3374 1699 3445 1758 de
3471 1698 3760 1764 ebrietate

479 1777 665 1839 verba
694 1771 949 1858 'faciens
993 1793 1122 1834 non
1147 1774 1363 1858 uinum
1391 1771 1787 1858 accusabam;
1819 1771 2042 1850 quippe
2069 1772 2429 1858 cumpmnis
2461 1782 2747 1834 creatura
2777 1775 2895 1858 Dei
2923 1774 3086 1858 bona
3119 1771 3390 1858 sit;un
3433 1798 3568 1838 cum
3596 1798 3729 1858 gra.

481 1851 983 1920 tiarum'actione
1007 1853 1366 1935 percipitur
1400 1874 1419 1913 :
1448 1851 1552 1912 sed
1576 1853 1805 1935 malum
1826 1869 2030 1917 usum,
2064 1857 2186 1935 etc.
2207 1851 2361 1935 ΔΗωε
2382 1851 2598 1935 itaque
2622 1854 2845 1914 concio
2869 1900 2883 1926 ,
2922 1861 2993 1935 ut
3020 1854 3197 1927 illud,
3241 1851 3457 1935 nuper,
3492 1851 3742 1933 indicat,

480 1936 701 1998 habita
732 1934 850 1995 fuit
880 1931 1102 2012 paucis
1134 1933 1357 1993 diebus
1389 1936 1535 2011 post
1581 1931 1757 2013 illam
1802 1935 2029 2013 contra
2068 1931 2372 2013 ebriosos
2419 1938 2481 2013 e_t
2524 1932 2599 1991 de
2631 1934 3109 2013 resurrectione
3130 1980 3145 2006 ,
3180 1934 3242 1993 id
3286 1931 3457 2013 quod
3486 1931 3751 1999 miriﬁce

479 2020 797 2101 consonat
823 2009 969 2101 cum
1012 2013 1124 2072 illo
1166 2029 1363 2101 supra
1388 2009 1584 2101 allato
1616 2011 1759 2101 loco
1782 2028 1861 2070 ex
1893 2009 2173 2101 Homilia
2200 2009 2276 2101 353’
2314 2009 2402 2101 in.
2428 2010 2731 2101 Qenesim
2779 2032 2793 2070 :
2823 2012 3050 2072 Postea
3102 2009 3495 2101 illucescente
3522 2017 3751 2075 Resur-

478 2094 775 2154 rcctionis
806 2092 928 2162 die,
957 2089 1372 2151 necessarium
1406 2098 1536 2150 erat
1557 2098 1625 2149 ut
1650 2089 1722 2148 de
1749 2090 2198 2149 resurrectione
2216 2089 2474 2151 Domini
2505 2091 2827 2151 caritatem
2858 2102 3120 2152 vestram
3148 2092 3496 2154 doceremus
3519 2114 3539 2154 :
3570 2103 3626 2154 et
3651 2115 3751 2155 se-

465 2172 804 2253 quentibus
832 2170 1043 2232 diebus
1080 2187 1297 2253 per_ea
1327 2169 1674 2253 miracula,
1713 2186 1845 2253 ([th
1901 2176 2048 2253 tunc
2077 2169 2243 2247 facta
2296 2176 2468 2253 sunt,
2517 2171 2992 2253 resurrectionis
3040 2172 3485 2253 demonstratio
3528 2174 3752 2235 iterum

460 2247 795 2333 rit/ferenda
827 2260 979 2333 erat;
1014 2247 1262 2329 quando
1292 2249 1476 2333 etiam
1503 2248 1949 2333 Apostolorum
1977 2247 2134 2333 Acta
2164 2247 2502 2333 emplunare
2534 2249 3000 2333 capimus.inde
3029 2249 3203 2333 pobis
3236 2252 3537 2333 continua
3556 2271 3751 2331 appo-

466 2326 693 2391 nentes
726 2326 1045 2396 convivia:
1085 2338 1141 2389 et
1186 2327 1415 2408 crebris
1457 2326 1891 2408 continuisque
1921 2326 2459 2408 admonitionibus
2475 2326 2739 2408 _eos,'qui
2784 2347 2984 2406 nuper
3029 2328 3319 2408 baptismi
3347 2326 3610 2408 gratiam
3634 2326 3748 2392 ἀο-

476 2418 768 2489 ceperant
793 2456 807 2478 ,
849 2409 1270 2468 exhortantes.
1302 2407 1453 2489 Inde
1489 2423 1639 2465 vero
1677 2406 1967 2489 quaedam
2001 2406 2365 2489 necessario
2395 2406 2723 2489 inferenda
2758 2408 3050 2489 videntur
3075 2406 3369 2489 {nempe—
3400 2410 3746 2471 Homiliam

475 2484 653 2550 illam
687 2494 912 2550 contra
947 2489 1236 2547 ebriosos
1265 2492 1327 2546 et
1355 2487 1431 2547 de
1463 2486 1935 2564 resurrectione
1977 2484 2197 2545 eodem
2230 2501 2406 2544 anno
2447 2485 2727 2547 habitam
2756 2486 2954 2547 fuisse
2980 2505 3111 2564 quo
3142 2484 3309 2549 dicta
3338 2494 3435 2549 est
3463 2490 3746 2553 Homilia

457 2570 546 2660 «te
578 2570 744 2660 inda
776 2567 1125 2660 proditore,
1156 2565 1497 2642 triduoque
1525 2563 1880 2660 postlillatn
1907 2584 1921 2621 :
1947 2564 2114 2660 alias
2145 2582 2410 2655 quoque
2441 2568 2860 2660 sequentibus
2901 2566 3143 2660 diebus.
3164 2567 3239 2628 de
3273 2569 3746 2660 resurrectione

470 2649 673 2708 dictas
705 2643 902 2707 fuisse
930 2664 1074 2723 quae
1102 2646 1236 2724 jam
1269 2662 1397 2704 non
1429 2649 1736 2724 exstant;
1778 2648 1973 2719 atque
2002 2643 2222 2704 eadem
2258 2644 2426 2724 serie
2452 2643 2763 2705 Homilias
2801 2645 2876 2706 de
2913 2645 3082 2706 Actis
3113 2647 3744 2723 Apostolorum,sive

469 2726 547 2786 de
576 2727 889 2804 principio
951 2722 1253 2785 Actorum
1288 2740 1501 2804 ,tquae
1534 2722 1755 2799 paucis
1780 2727 1927 2799 post
1973 2722 2509 2804 resurrectionem
2566 2724 2791 2784 diebus
2850 2725 3072 2784 haberi
3119 2722 3335 2802 cceptus
3369 2732 3539 2787 sunt.
3586 2727 3743 2788 lnde

474 2801 668 2865 etiam
690 2801 965 2882 planum
996 2810 1092 2863 est
1126 2803 1436 2862 Homilias
1468 2802 1533 2883 in
1559 2804 1715 2883 Acta
1745 2819 1875 2859 non
1897 2819 2057 2883 Lesse
2096 2802 2250 2883 illud
2281 2820 2443 2883 opus
2485 2801 2551 2862 in
2588 2804 2806 2883 omnia
2842 2801 3298 2881 Apostolorum
3354 2809 3533 2883 Acta,
3568 2806 3743 2883 quod

466 2886 533 2944 in
560 2879 731 2945 tomo
757 2885 795 2943 9
816 2885 1061 2954 cdetur,
1081 2883 1383 2960 quodque
1409 2880 1488 2941 ad
1513 2880 1856 2940 conciones
1884 2879 2629 2960 Constantinopolitanas
2660 2879 3061 2943 referendum
3092 2891 3189 2943 est
3216 2904 3231 2955 ;
3263 2900 3409 2944 nam
3442 2879 3565 2945 illa:
3588 2879 3745 2945 con-

455 2965 687 3025 ciones
721 2980 965 3024 annum
1017 2959 1154 3022 fere
1213 2962 1537 3039 integrum
1570 2966 2019 3039 occuparunt;
2066 2959 2164 3020 hm
2190 2969 2404 3020 autem
2448 2959 2663 3021 decem
2700 2979 2970 3021 numero
3004 2966 3287 3039 tempore
3317 2980 3355 3023 a
3386 2964 3629 3025 Pascha
3659 2965 3742 3026 ad

466 3038 1455 3122 Ascensionelntintercurrente
1486 3039 1919 3122 llttblltB_Slltll._.
1954 3038 2259 3122 Alioquin
2305 3056 2457 3100 vero
2501 3039 2795 3122 idipsum
2834 3040 3031 3122 claret
3056 3038 3433 3122 testiﬁcatur
3466 3042 3742 3122 Chryso-

470 3126 718 3199 stomus
755 3120 1034 3199 Homilia
1066 3118 1287 3199 eadem
1324 3118 1625 3199 primain
1648 3116 2031 3199 principium
2057 3120 2359 3178 Actorum
2389 3136 2568 3199 num.
2601 3118 2660 3199 3,
2693 3119 2798 3177 ubi
2832 3119 2966 3199 htec
3018 3119 3287 3198 legimus
3328 3141 3342 3178 :
3381 3116 3743 3199 Superiori-

464 3198 574 3260 bus
602 3199 815 3260 diebus
847 3198 1014 3275 apud
1044 3217 1152 3257 vos
1175 3198 1245 3257 de
1289 3194 1655 3275 apostolicis
1678 3194 1901 3275 verbis,
1932 3196 2119 3275 deque
2165 3197 2536 3275 euangelicis
2577 3198 3004 3265 disseruimus,
3059 3194 3195 3259 cum
3242 3200 3314 3259 de
3356 3194 3529 3260 Juda
3558 3200 3740 3261 verba

450 3280 795 3357 faceremus
826 3297 841 3336 :
875 3274 1277 3337 disseruimus
1295 3274 1359 3357 et
1391 3276 1463 3336 de
1500 3274 1883 3357 propheticis
1917 3296 1935 3343 ;
1969 3275 2270 3335 hodierno
2299 3278 2395 3357 die
2424 3278 2706 3357 volumus
2736 3276 2807 3336 de
2854 3278 3027 3336 Actis
3074 3279 3520 3356 Apostolorum
3554 3278 3740 3340 verba

453 3354 686 3437 facere.
725 3362 845 3418 etc.
880 3356 1193 3437 Advertas
1226 3355 1419 3437 etiam
1453 3354 1751 3437 velim,_in
1776 3354 1983 3437 prima
2005 3357 2273 3437 ettertia
2302 3356 2580 3416 Homilia
2615 3357 2679 3415 in
2727 3354 3144 3437 principium?
3171 3361 3477 3418 Actorum
3512 3359 3737 3420 haberi

462 3433 974 3499 admonitionem
1017 3435 1098 3496 ad
1130 3436 1275 3495 illos
1299 3434 1411 3514 qui
1439 3451 1644 3514 nuper
1674 3433 1972 3514 baptismi
2003 3433 2276 3511 gratiam
2312 3440 2716 3512 acceperant,
2751 3440 2823 3494 ut
2856 3434 3095 3495 dicitur
3126 3436 3190 3495 in
3222 3437 3365 3496 loco
3406 3454 3607 3514 supra
3635 3439 3734 3498 al-

457 3516 590 3577 lato
622 3535 702 3576 ex
728 3514 1070 3594 trigesima
1104 3514 1290 3575 tertia
1318 3511 1588 3594 homilia
1608 3512 1696 3594 in
1719 3511 2043 3594 Genesium.
2065 3511 2484 3594 Perspicuum
2509 3515 2705 3592 igitur
2735 3521 2831 3594 est
2857 3514 3171 3594 Hormilias
3202 3516 3266 3575 in
3298 3511 3624 3587 Genesim,
3655 3517 3736 3577 de

453 3595 620 3656 Juda
648 3591 972 3673 proditore
1003 3638 1019 3665 ,
1053 3597 1115 3653 et
1149 3594 1212 3652 in
1248 3595 1415 3673 Acta
1440 3593 1575 3673 sive
1603 3591 1669 3650 in
1693 3592 2080 3673 principium
2122 3592 2429 3673 Actorum
2464 3591 2594 3655 una
2646 3593 2812 3654 serie
2853 3593 3211 3671 eodemque
3254 3611 3429 3673 anno
3475 3596 3732 3656 habitas

456 3670 678 3736 fuisse.
718 3675 829 3735 Hie
854 3690 1050 3751 porro
1078 3671 1371 3733 Homilitn
1402 3672 1473 3751 in
1510 3672 1670 3731 Acta
1695 3670 1921 3751 decem
1940 3689 2210 3751 numero
2240 3671 2439 3743 fuere,
2472 3690 2700 3750 nempe
2728 3674 3018 3750 quinque
3046 3674 3111 3732 in
3140 3672 3526 3751 principium
3544 3676 3736 3734 Acto-

453 3771 625 3825 rum,
661 3750 939 3831 quarum
964 3752 1260 3814 secundae
1304 3750 1588 3831 maxima
1619 3767 1767 3827 pars
1797 3750 2062 3809 interiit.
2095 3750 2386 3831 Quatuor
2416 3751 2566 3812 item
2596 3752 2889 3813 Homilite
2917 3752 2993 3812 de
3029 3750 3382 3811 mutatione
3398 3752 3733 3813 nominum

453 3832 521 3892 in
553 3830 866 3894 hac’serie
895 3831 1235 3910 ponendae,
1263 3830 1419 3907 quia
1453 3834 1913 3910 argumentum
1950 3834 2074 3910 ,_ut
2104 3830 2319 3910 videre
2362 3836 2480 3901 est,
2535 3832 2813 3891 sumitur
2872 3849 2953 3890 ex
2986 3831 3152 3891 libro
3197 3833 3547 3903 Actorum;
3586 3832 3735 3893 licet

450 3912 624 3971 enim
656 3912 723 3972 in
750 3907 983 3989 quarta
1024 3910 1181 3970 illud
1205 3909 1423 3989 primm
1445 3908 1522 3989 ad
1554 3907 1944 3989 Corinthios,
1965 3908 2203 3989 Paulus
2224 3919 2501 3989 vocatus,
2536 3917 2680 3980 etc.,
2703 3911 3000 3989 explicet,
3030 3913 3484 3989 argumentum
3515 3916 3731 3971 tamen

454 3992 747 4067 priorum
770 3986 1177 4051 concionum
1206 3986 1311 4048 'ibi
1340 3988 1581 4066 passim
1613 3988 2051 4065 prosequitur.
2101 3986 2216 4049 His
2251 3988 2530 4068 homiliis
2565 3988 3007 4068 adjungendus
3037 3986 3257 4068 Sermo
3288 3988 3395 4047 ille
3423 4006 3633 4049 nonus
3663 3990 3728 4049 in

450 4070 751 4130 Genesim
776 4114 792 4141 ,
824 4070 1088 4129 ultimus
1128 4087 1355 4143 nempe
1389 4084 1613 4128 eorum
1634 4084 2040 4146 sermonum,
2068 4070 2180 4144 qui
2213 4073 2357 4145 post
2386 4067 2461 4125 67
2488 4067 2785 4127 homilias
2817 4068 3064 4145 priores
3108 4067 3407 4146 locantur
3429 4112 3445 4139 ,
3483 4069 3729 4146 quique

446 4149 525 4208 ad
560 4148 817 4209 illarum
841 4150 903 4207 in
932 4150 1090 4210 Acta
1118 4147 1528 4207 homiliarum
1551 4146 1783 4205 seriem
1812 4144 1951 4205 ideo
1988 4144 2309 4222 pertinere
2336 4151 2574 4222 potest,
2604 4152 2672 4207 ut
2700 4144 2915 4208 videas
2946 4147 3011 4206 in
3040 4147 3283 4207 Monito
3300 4145 3380 4207 ad
3406 4144 3726 4208 eumdem.

444 4228 676 4288 Decem
709 4228 926 4304 itaque
956 4227 1270 4287 Homilias
1303 4225 1369 4284 in
1396 4225 1553 4304 Acta
1591 4229 1746 4284 tunc
1767 4224 2020 4304 habitas
2062 4225 2270 4286 dicere
2298 4242 2663 4304 possumus.

526 4303 949 4383 Exploratum
1003 4323 1157 4384 ergo
1198 4309 1294 4365 est
1319 4348 1335 4375 ,
1363 4310 1439 4384 _ut_
1467 4303 1745 4362 diximus
1771 4347 1786 4374 ,
1818 4303 1958 4384 illas
1989 4303 2283 4364 homilias
2329 4303 2549 4384 eodem
2598 4323 2729 4380 quo
2775 4305 2918 4364 illas
2951 4305 3017 4365 in
3050 4305 3347 4365 Genesim
3377 4321 3573 4375 anno,
3604 4321 3727 4365 ea—

443 4381 717 4462 demque
748 4384 815 4443 in
842 4386 1026 4455 urbe,
1065 4381 1315 4445 habitas
1354 4381 1573 4462 fuisse.
1602 4382 1955 4462 Antiochia:
1988 4401 2137 4443 vero
2158 4427 2174 4453 ,
2207 4400 2291 4442 an
2322 4382 2873 4461 ConstantinOpoli
2909 4386 3140 4444 habita:
3171 4384 3429 4455 fuerint,
3460 4402 3588 4443 non
3621 4391 3718 4462 est

442 4461 1126 4540 quodperquiramus;
1159 4461 1417 4539 quando
1465 4461 1529 4520 in
1578 4461 1873 4522 secunda;
1922 4461 2209 4523 Homilies
2237 4463 2302 4521 in
2352 4463 2736 4538 principium
2769 4465 3070 4523 Actorum
3117 4464 3425 4534 exordio,
3457 4461 3719 4540 perinde

441 4544 735 4680 atquekin
758 4543 949 4632 titulo
974 4543 1208 4603 dicitur
1228 4558 1368 4632 eam
1410 4542 1475 4599 in
1522 4540 1727 4600 Palma
1753 4585 1769 4613 ,
1797 4559 1911 4601 seu
1945 4542 2011 4600 in
2043 4541 2243 4632 veteri
2268 4542 2535 4601 ecclesia
2570 4541 2847 4631 habitam
2879 4542 3069 4603 fuisse
3097 4562 3110 4600 :
3137 4544 3515 4633 qanaPalaaa
3546 4542 3723 4632 celti—

444 4624 572 4680 hl‘IS
684 4622 1023 4680 ntlochena
1063 4621 1335 4680 ecclesna
1370 4625 1529 4680 erat.
1582 4625 1651 4678 ut
1709 4638 1896 4679 nemo
1933 4625 2155 4680 neseit.
2207 4621 2273 4680 ld
2319 4619 2491 4680 quod
2527 4626 2720 4679 etiam
2767 4623 3076 4680 nrobatur
3102 4640 3183 4680 ex
3218 4627 3401 4679 mmo
3429 4620 3722 4680 Homllue

444 4624 572 4681 hris
626 4619 1023 4683 Antiochena
1063 4621 1335 4681 ecclesia
1370 4625 1529 4690 erat,
1582 4625 1651 4678 ut
1709 4638 1896 4679 nemo
1933 4620 2155 4681 nescit.
2207 4621 2273 4680 ld
2319 4619 2491 4697 quod
2527 4622 2720 4679 etiam
2767 4623 3076 4698 probatur
3102 4640 3183 4681 ex
3218 4621 3401 4679 initio
3429 4620 3722 4681 Humilia:

438 4700 829 4761 duodecima)
856 4699 918 4759 in
944 4700 1266 4771 Genesim,
1291 4700 1402 4759 ubi
1434 4700 1522 4759 ait
1549 4717 1616 4758 se
1644 4717 1903 4759 cursum
1925 4699 2333 4760 homiliarum
2359 4699 2421 4757 in
2443 4700 2613 4759 hunc
2634 4699 2972 4777 Scriptura:
2992 4701 3226 4759 librum
3248 4700 3717 4775 interpellasse,
3815 4702 3819 4707 ’

438 4784 509 4839 ut
534 4797 644 4840 eos
662 4780 1260 4847 commonefaceret,
1288 4778 1401 4855 qui
1426 4780 1695 4839 aberant
1721 4795 1760 4838 a
1785 4779 1971 4838 cauta
1999 4777 2256 4849 Christi,
2289 4782 2351 4837 et
2377 4777 2628 4837 Judaaos
2658 4781 3091 4851 sectabantur,
3119 4778 3180 4836 id
3206 4784 3323 4849 est,
3349 4778 3717 4838 Iudaeorum

449 4858 758 4937 jejunium
808 4858 1225 4937 jejunabant;
1258 4874 1409 4937 nam
1467 4857 1532 4916 in
1578 4856 2078 4937 Quadragesima
2134 4862 2196 4917 et
2242 4856 2471 4935 jejunii
2506 4862 2791 4937 tempore
2836 4858 2901 4917 hi
2946 4874 3275 4937 sermones
3308 4862 3459 4918 sunt
3492 4858 3716 4918 habiti.

435 4877 758 4995 {ejumum
808 4877 1225 4937 jejunabant;
1258 4877 1409 4918 nam
1467 4877 1532 4916 in
1578 4877 2078 4934 uuaeragesnma
2134 4877 2196 4917 Cl.
2242 4877 2471 4935 jejunu
2506 4877 2791 4933 tempore
2836 4877 2901 4917 n1
2946 4877 3275 4917 sermones
3308 4877 3459 4918 sunt
3493 4877 3716 4918 namu.

462 4937 818 5016 lujusmﬁodi
840 4943 1057 4998 autem
1078 4938 1303 4996 morbo
1327 4936 1712 5016 laborabant
1735 4936 1997 5016 quidam
2018 4936 2589 5016 Antiochenorum,
2613 4936 2919 5016 adversus
2942 4954 3105 5016 quos
3129 4936 3320 5016 etiam
3343 4937 3719 5016 concionem

438 5013 661 5078 habuit
690 5015 1183 5095 Chrysostomus
1232 5032 1405 5075 anno
1434 5014 1574 5085 386,
1607 5014 1986 5095 cuittutulus
2010 5034 2037 5095 _:
2058 5015 2379 5095 Adversus
2409 5034 2509 5095 eos
2541 5014 3039 5095 quirJudteorum
3060 5013 3377 5095 jejunium
3394 5014 3713 5093 jejunant.

432 5093 867 5167 Quamobrem
893 5112 1038 5156 cum
1071 5095 1147 5155 de
1174 5093 1915 5173 Constantinopolitanist
1938 5093 2099 5153 nihil
2143 5094 2513 5173 hujusmodi
2550 5094 2858 5170 scriptum
2902 5099 3203 5173 occurrat
3241 5094 3493 5173 uspiam
3520 5138 3536 5165 ,
3569 5094 3719 5153 hinc

434 5176 731 5251 sequitur
758 5176 1112 5235 Antiochiae
1146 5174 1260 5235 has
1294 5173 1633 5234 conciones
1663 5173 1860 5233 dictas
1893 5172 2089 5233 fuisse
2118 5217 2133 5246 ,
2167 5172 2339 5253 quod
2369 5191 2451 5233 ex
2483 5173 2864 5250 supradictis
2890 5172 3022 5251 jam
3053 5173 3298 5249 liquido
3326 5172 3720 5250 comproba-

435 5263 569 5313 Ium
608 5259 724 5313 est.

1256 5354 1283 5426 §
1316 5356 1390 5415 ll.
1427 5355 1564 5430 Quo
1595 5372 1761 5413 anno
1792 5352 2085 5415 Homilite
2113 5353 2182 5413 in
2207 5352 2488 5414 Genesim
2518 5350 2741 5414 habita:
2766 5350 2917 5413 sint.

510 5500 731 5560 Restat
751 5504 822 5557 ut
841 5515 1206 5576 quaeramus
1225 5497 1301 5557 de
1322 5516 1494 5558 anno
1516 5514 1647 5574 quo
1664 5498 1760 5557 ha:
1784 5495 2080 5555 Homilite
2099 5496 2163 5555 in
2188 5495 2486 5576 Genesim
2504 5499 2657 5555 sunt
2679 5495 2934 5556 habitae.
2963 5495 3101 5569 Qua
3126 5497 3190 5555 in
3212 5514 3281 5557 re
3300 5513 3413 5555 nos
3447 5497 3711 5576 omnino

431 5579 676 5639 hilarere
704 5574 999 5638 fatemur.
1015 5576 1197 5637 Circa
1226 5577 1394 5637 hanc
1414 5581 1831 5653 quaestionem
1856 5592 2127 5653 operose
2158 5574 2450 5635 edisserit
2468 5576 2565 5634 vir
2581 5575 3060 5653 sagacissimus,
3081 5576 3499 5651 omniumque
3520 5574 3710 5653 longe

430 5656 980 5727 accuratissimus,
1013 5657 1489 5726 Tillemontius,
1521 5657 1701 5735 cujus
1738 5657 1929 5718 verba
1959 5655 2184 5735 Latine
2221 5655 2532 5735 translata
2563 5654 2802 5714 referre
2831 5672 2913 5735 ne
2945 5655 3179 5735 pigeat.

512 5761 538 5791 «
565 5736 747 5809 Quod
774 5741 1019 5813 spectat
1048 5751 1314 5805 annum,
1339 5753 1468 5811 quo
1502 5733 1919 5795 hze‘Homilize
1949 5734 2385 5813 sunthabitaa,
2421 5734 2676 5793 nonnisi
2705 5734 3076 5811 conjectura
3097 5733 3311 5813 dicere
3333 5747 3703 5813 possumus.

428 5816 577 5878 illas
604 5810 1100 5895 Chrysostomus
1132 5810 1376 5876 habere
1414 5815 1602 5894 C(Bpit
1647 5815 1986 5876 Dominica
2032 5811 2355 5893 jejunium
2403 5810 2842 5892 praecedente,
2866 5817 2937 5874 ut
2983 5830 3100 5891 per
3138 5810 3709 5892 Quadragesimam
