4040 6378
451 275 504 328 Ἴ
520 274 543 330 l
1912 274 2046 335 PM

2159 269 2297 326 ,TlO.
3690 296 3754 349 ,ρ

454 368 785 459 habuerit
805 368 1327 459 Qhrys‘ostomus.
1355 370 1422 432 Id
1450 388 1655 459 unum
1683 372 1823 459 sine
1846 372 2043 459 dubio
2066 375 2336 435 dicimus
2364 416 2380 447 ,
2414 389 2971 459 magnameerum
3001 376 3249 451 partem
3279 374 3353 459 in_
3372 374 3737 459 Quadrage-

483 448 645 508 sima
683 448 963 509 habitam
996 450 1233 531 fuisse:
1264 451 1568 529 illamque
1594 451 2163 531 Quadragesimam
2190 470 2322 512 non
2349 471 2491 513 esse
2519 448 2673 513 anni
2701 452 2842 524 386,
2873 453 2939 513 in
2967 448 3099 531 qua
3125 459 3271 513 octo
3294 456 3377 514 ab
3408 448 3506 514 his
3534 448 3741 515 divEr-

460 543 588 585 sos
642 546 973 589 sermones
1016 530 1270 610 habuit;
1300 548 1509 607 neque
1547 529 1701 591 anni
1734 529 1888 607 387,
1918 548 2116 610 quam
2144 549 2307 610 pene
2334 536 2534 593 totam
2566 532 2632 592 in
2655 529 3048 609 deploranda
3082 533 3628 595 Antiochenorum
3656 536 3739 595 ob

459 622 738 669 «eversas
769 614 1015 669 statuas
1043 609 1405 669 calamitate
1432 611 1811 689 absumpsit.

1174 733 1203 807 ᾗ
1233 732 1343 791 ΙΙΙ.
1374 732 1465 791 De
1491 732 1652 810 style
1678 731 2108 811 Chrysostomi
2136 734 2203 795 in
2228 732 2324 793 his
2352 733 2421 795 in
2445 732 2726 794 Genesim
2752 734 3074 797 Homiliis.

545 853 846 926 Photius,
879 869 1021 932 cap.
1054 853 1194 927 172,
1225 852 1303 913 de
1331 853 1495 931 stylo
1524 852 2054 933 Chrysostomiin
2088 852 2184 912 his
2212 852 2507 933 Homiliis
2541 853 2841 930 loquens,
2872 854 2962 914 ait
2984 853 3123 933 ejus
3153 854 3492 916 dictionem
3516 855 3746 919 istius-

482 934 651 993 modi
681 952 846 1004 esse,
870 938 943 993 ut
970 935 1035 993 in
1070 934 1148 993 iis
1179 935 1558 1012 observetur
1586 937 1896 1012 consueta
1923 932 2381 1012 Chrysostomo
2414 932 2699 1012 claritas,
2722 932 2994 1009 puritas,
3024 932 3331 1011 Splendor
3346 941 3406 995 et
3424 936 3608 1012 copia
3635 938 3746 997 di-

479 1012 687 1085 cendi,
716 1013 1178 1072 sententiarum
1209 1011 1592 1088 frequentia.
1623 1017 1681 1070 et
1713 1011 2192 1087 aptissimarum
2221 1010 2707 1071 similitudinum
2736 1013 3152 1084 abundantia,
3202 1014 3313 1074 sed
3356 1031 3465 1075 eas
3507 1010 3748 1076 remis-

480 1094 650 1151 siore
678 1097 737 1150 et
770 1092 1111 1152 humiliore
1138 1089 1383 1150 dicendi
1415 1108 1650 1165 genere
1675 1090 1984 1167 scriptas;
2033 1094 2410 1167 tantumque
2452 1091 2746 1150 Homiliis
2800 1108 2915 1151 seu
2951 1090 3443 1154 Commentariis
3483 1094 3551 1152 in
3593 1098 3748 1156 Acta

466 1171 647 1249 stylo
672 1170 1365 1246 inferiores,quantum
1393 1170 1504 1229 illa
1531 1169 1594 1227 in
1625 1171 1783 1229 Acta
1809 1166 2280 1249 Gemmentaria
2306 1166 2616 1230 inferiora
2651 1174 2803 1229 sunt
2821 1168 3304 1231 Commentariis
3334 1174 3397 1231 in
3429 1172 3747 1249 Epistolas

468 1246 685 1318 Pauli,
718 1254 782 1309 et
812 1250 877 1308 in
910 1249 1313 1327 Psalterium.
1344 1249 1434 1327 Ac
1468 1265 1694 1327 revera
1722 1250 1821 1307 htB
1868 1246 2167 1327 homiliaa,
2199 1247 2350 1307 licet
2391 1264 2690 1325 magnam
2731 1250 3085 1308 ubertatem
3107 1293 3123 1317 ,
3166 1251 3446 1327 itemque
3482 1246 3747 1312 solitam

468 1328 918 1407 ‘Chrysostomi
964 1326 1354 1407 inventionis
1392 1326 1757 1407 felicitatem
1806 1340 1938 1407 prie
1987 1342 2056 1383 se
2079 1324 2476 1407 fer_ant._nen
2506 1324 2919 1407 tamenpari
2961 1328 3170 1407 studio
3209 1324 3748 1407 accurationeque

484 1403 883 1468 ron—cinnata;
912 1407 1233 1467 videntur.
1272 1406 1392 1466 Hic
1438 1422 1607 1483 swpe
1640 1404 2113 1465 animadvertas
2162 1403 2572 1481 longissimas
2623 1405 2750 1463 texi
2775 1403 3110 1482 periodos,
3153 1424 3297 1483 quin
3333 1403 3748 1485 parentheses

482 1493 643 1554 alias
675 1509 872 1568 super
899 1493 1057 1552 alias
1095 1494 1384 1551 inductas
1408 1501 1533 1551 tam
1568 1494 1936 1567 frequenter
1963 1491 2333 1558 exhibeant.
2363 1496 2434 1549 ut
2476 1490 2777 1568 principii
2816 1492 3051 1551 oblitus
3100 1501 3321 1554 orator
3368 1497 3751 1554 sententiam

478 1570 914 1652 imperfectam
949 1571 1295 1652 relinquat,
1323 1579 1384 1629 et
1412 1570 1764 1652 aliquando
1797 1571 2069 1652 verbum
2089 1570 2169 1652 ad
2196 1570 2520 1652 syntaxim
2553 1570 2986 1652 necessarium
3025 1574 3484 1652 pra3_termittat.
3530 1575 3752 1652 Neque

481 1648 632 1710 vero
658 1650 717 1731 id
747 1650 979 1731 mirum
1009 1650 1118 1709 tibi
1145 1649 1455 1731 videatur,
1481 1650 1547 1731 si,
1566 1648 1918 1725 perpendas
1937 1648 2232 1731 periodos
2258 1648 2399 1708 illas
2421 1648 2770 1731 aliquando
2794 1648 2881 1709 ita
2906 1650 3318 1731 extendi,_vix
3337 1660 3405 1711 ut
3426 1653 3488 1712 in
3512 1648 3748 1731 pagina

478 1745 608 1789 una
639 1728 1060 1789 absolvantur
1093 1748 1106 1786 :
1143 1729 1208 1787 in
1242 1728 1501 1805 pagina,
1535 1728 1822 1803 inquam,
1855 1746 1938 1787 ex
1981 1727 2217 1786 nostris
2244 1744 2390 1802 quae
2441 1727 2645 1804 longa;
2676 1728 2948 1804 latasque
2977 1727 3315 1788 admodum
3368 1727 3537 1791 sunt.
3584 1727 3748 1796 Hinc

479 1808 718 1867 inferas
748 1814 1072 1867 oratorem
1100 1812 1392 1867 nostrum
1424 1807 1557 1866 haec
1585 1806 2070 1866 concionantem
2103 1823 2231 1887 non
2255 1806 2342 1867 ita
2371 1822 2625 1887 semper
2644 1811 2942 1887 paratum
2960 1807 3460 1887 meditatumque
3488 1811 3567 1871 ad
3594 1830 3749 1872 cono

478 1888 729 1947 ciouem
760 1888 1035 1959 venisse,
1069 1888 1177 1947 sed
1208 1888 1412 1947 multa
1440 1904 1525 1945 ex
1554 1890 1863 1962 tempore,
1894 1890 1967 1943 ut
1998 1886 2197 1944 menti
2231 1902 2371 1944 sese
2401 1882 2777 1952 offerebant,
2815 1885 3076 1945 dixisse.

558 1965 619 2025 Si
657 1983 921 2027 causam
949 1982 1144 2043 porro
1170 1982 1445 2043 quaaras,
1484 1963 1842 2041 perpendas
1871 1964 2084 2031 velim,
2122 1965 2331 2040 ipsum
2380 1965 2444 2023 in
2472 1964 2599 2023 hac
2626 1964 3128 2043 Quadragesima
3157 1964 3235 2024 ad
3271 1982 3477 2042 usque
3510 1966 3748 2028 hebdo-

476 2045 679 2105 madis
708 2042 1296 2106 sanctaa’dimidium
1332 2060 1462 2103 non
1494 2044 1679 2103 modo
1705 2043 1846 2103 illas
1876 2044 2136 2120 triginta
2165 2044 2324 2103 duas
2360 2043 2609 2119 priores
2639 2042 2703 2101 in
2736 2043 3033 2102 Genesim
3072 2043 3365 2104 homilias
3415 2046 3741 2114 habuisse.

476 2123 589 2185 sed
618 2124 811 2185 etiam
826 2124 988 2185 alias
1015 2123 1355 2183 identidem
1381 2126 1788 2192 memoratas,
1808 2140 1952 2198 quae
1981 2122 2289 2182 suadente
2314 2122 2618 2198 quapiam
2636 2121 2937 2199 temporis
2959 2123 3294 2183 occasione
3320 2125 3744 2186 Homiliarum

478 2205 543 2263 in
572 2204 871 2265 Genesim
899 2222 1161 2264 cursum
1197 2202 1725 2279 interpellabant;
1758 2210 1819 2259 et
1845 2201 2114 2261 fortasse
2144 2201 2303 2261 alias
2334 2218 2596 2277 quoque
2639 2201 2942 2261 habuisse
2981 2202 3063 2262 ab
3094 2219 3163 2261 se
3192 2220 3318 2261 non
3348 2221 3744 2265 commemo-

479 2289 653 2343 ratas
683 2303 697 2340 :
733 2283 821 2344 ita
850 2289 923 2343 ut
952 2282 1235 2360 quotidie
1263 2281 1458 2341 ferme
1488 2285 1550 2342 et
1572 2280 1830 2357 quidem
1860 2280 2675 2360 longissimeconcionatus
2724 2281 2826 2339 sit.
2858 2280 2925 2339 ld
2954 2283 3168 2340 autem
3202 2298 3240 2341 a
3272 2282 3435 2354 viro,
3469 2300 3745 2358 praeser—

478 2363 591 2422 tim
625 2362 736 2440 qui
770 2381 883 2439 per
908 2358 1111 2422 totum
1145 2378 1389 2421 annum
1419 2377 1537 2437 par
1572 2360 1701 2440 fere
1733 2359 2165 2440 concionandi
2190 2358 2471 2419 officium
2502 2361 3003 2440 exsequebatur,
3037 2376 3165 2418 non
3207 2378 3396 2437 posse
3445 2362 3583 2421 sine
3614 2381 3744 2422 ex-

479 2437 813 2518 temporali
846 2441 1331 2507 declamatione,
1361 2438 1946 2518 saltemidentidem
1972 2439 2265 2516 repetita,
2296 2438 2599 2518 priestari
2631 2437 2945 2498 fateamur
2969 2456 3230 2499 necesse
3250 2445 3367 2499 est.
3400 2440 3470 2499 ln
3502 2446 3745 2501 extem—

480 2517 685 2597 porali
717 2528 933 2581 autem
980 2520 1467 2591 declamatione,
1512 2518 1623 2578 ubi
1670 2517 2001 2596 ingenium
2048 2524 2227 2578 tanta
2278 2518 2527 2594 pollens
2588 2517 2977 2588 inventione,
3027 2533 3192 2597 nova
3240 2537 3488 2595 semper
3531 2521 3743 2580 oranti

479 2596 865 2677 suppeditat,
912 2599 1067 2677 quid
1107 2598 1341 2658 mirum
1394 2598 1449 2657 si
1511 2614 2002 2673 nonnumquam
2049 2602 2273 2677 contra
2321 2596 2778 2677 prmceptiones
2816 2596 3271 2677 grammaticas
3313 2604 3628 2674 peccetur,
3678 2605 3742 2659 et

479 2678 533 2739 si
563 2675 787 2739 minus
840 2675 1056 2740 stricte
1094 2680 1473 2738 observetur
1513 2677 1847 2755 syntaxis?
1877 2677 2014 2735 Non
2057 2675 2379 2753 ingratum
2424 2692 2576 2735 vero
2608 2675 2829 2755 lectori
2873 2676 3009 2734 fore
3046 2675 3369 2747 existimo,
3398 2679 3455 2737 si
3487 2677 3744 2736 illarum

479 2757 545 2817 in
578 2757 877 2818 Genesim
926 2758 1338 2818 homiliarum
1390 2774 1505 2834 per
1552 2753 2120 2834 Quadragesimam
2168 2755 2531 2834 habitat-um
2578 2753 2997 2834 ordinem,iet
3043 2761 3288 2830 quanto
3335 2758 3554 2831 elapso
3591 2761 3744 2815 tem-

472 2837 654 2925 ,βοείᾳ
690 2837 900 2925 spatio
923 2837 1061 2925 alia
1082 2836 1277 2925 aliam
1306 2832 1710 2925 sequqta‘sit,
1737 2832 1841 2925 hic
1876 2833 2305 2925 perscribam;
2342 2832 2401 2892 id
2424 2833 2594 2909 quod
2624 2833 2817 2925 etiam
2845 2833 3290 2925 'IIillernontius
3318 2834 3484 2925 fecit.

558 2911 768 3006 Prima
796 2916 990 3006 igitur
1018 2915 1284 3006 homilia
1305 2911 1469 3005 dicta
1495 2911 1973 3005 fuitDominico
1999 2912 2107 3006 die
2138 2917 2485 3006 antequam
2515 2911 3076 3006 quadragesimale
3090 2911 3699 3006 jejuniuminiretur
3724 2934 3740 2973 :

474 2994 763 3055 secunda
790 2990 891 3055 die
922 2995 1240 3072 sequenti,
1270 3010 1402 3071 quo
1424 2992 1742 3072 jejunium
1764 2991 2230 3072 incipiebatur;
2263 2991 2451 3051 tertia
2483 2997 2545 3050 et
2571 2996 2804 3068 quarta
2833 2992 2898 3050 in
2942 2990 3114 3072 feriis
3156 2993 3343 3053 tertia
3369 2998 3429 3052 et
3457 2999 3687 3069 quarta
3721 3013 3736 3051 :

471 3075 575 3134 ha
594 3070 1302 3153 continenter—singulis
1333 3070 1555 3133 diebus
1579 3071 1761 3132 dictae
1786 3075 1958 3153 sunt.
2010 3070 2335 3131 Incertum
2366 3086 2519 3153 vero
2536 3076 2663 3153 _est_
2685 3075 2901 3153 utrum
2952 3070 3118 3153 inter
3136 3075 3434 3147 quartam
3464 3076 3527 3130 et
3554 3073 3744 3153 quin-

470 3159 609 3213 tam
639 3153 861 3230 aliqua
888 3152 1022 3214 dies
1051 3149 1482 3213 intercesserit
1511 3156 1627 3213 aut
1655 3151 1965 3230 concione
1992 3166 2221 3220 vacua,
2248 3154 2362 3209 aut
2388 3149 2465 3210 ad
2494 3149 2667 3230 aliud
2697 3149 3121 3230 concionandi
3148 3157 3596 3230 argumentum
3626 3152 3743 3230 dea-

481 3236 702 3308 putata
724 3227 843 3304 {ut
870 3237 942 3291 ut
966 3236 1085 3303 est,
1115 3232 1365 3309 quinta,
1397 3234 1604 3303 sexta,
1636 3229 2191 3309 septima,octava
2220 3232 2283 3288 et
2323 3244 2497 3309 nona
2542 3227 2822 3309 homiliaa
2865 3230 3267 3309 continenter
3314 3229 3583 3309 singulis
3618 3229 3740 3289 sibi

480 3311 966 3373 succedentibus
1013 3307 1235 3370 diebus
1266 3309 1445 3370 dictaa
1478 3313 1650 3380 sunt,
1674 3308 1906 3385 partim
1936 3308 2003 3368 in
2032 3307 2261 3385 prima,
2294 3308 2524 3384 partim
2557 3307 2620 3365 in
2650 3307 2929 3369 secunda
2958 3307 3473 3386 Quadragesimze
3504 3309 3746 3368 hebdo-

472 3388 702 3460 made;
732 3389 986 3451 decima
1011 3390 1201 3449 etiam
1236 3389 1303 3448 in
1336 3387 1618 3449 secunda
1645 3387 2064 3459 hebdomade,
2095 3391 2210 3447 aut
2238 3386 2396 3447 feria
2426 3386 2677 3463 quinta,
2709 3391 2823 3447 aut
2863 3394 3080 3457 sexta;
3125 3387 3463 3448 undecima
3493 3387 3559 3447 in
3589 3386 3745 3447 Sab—

477 3470 626 3529 bato
656 3467 951 3529 secundis
981 3466 1417 3528 hebdomadis.
1448 3466 1839 3527 Duodecima
1874 3465 2093 3525 habita
2122 3470 2219 3526 est
2245 3471 2389 3542 post
2416 3466 2609 3526 aliam
2658 3466 2758 3525 vel
2805 3466 2991 3538 alias,
3023 3482 3169 3542 quae
3203 3466 3281 3526 ad
3336 3465 3660 3525 diversum
3704 3483 3747 3528 a

477 3547 709 3609 Genesi
740 3552 1192 3627 argumentum
1218 3547 1610 3627 spectabant.
1643 3546 1816 3606 Inter
1848 3544 2289 3627 duodecimam
2303 3562 2579 3627 quoque
2606 3548 2668 3603 et
2692 3544 3003 3627 decimam
3031 3544 3284 3627 tertiam
3304 3544 3409 3603 vel
3437 3545 3744 3627 un_us_vel

474 3628 691 3703 plures
726 3623 860 3687 dies
894 3625 1344 3686 interfuerunt.
1368 3625 1629 3688 Decima
1657 3628 1890 3701 quarta
1916 3623 2135 3703 habita
2163 3629 2261 3684 est
2283 3625 2385 3683 die
2410 3623 2720 3683 decimam
2750 3625 3003 3703 tertiam
3046 3623 3424 3703 insequente
3454 3644 3470 3695 ;
3500 3623 3747 3703 decima

475 3701 707 3781 quinta
735 3706 1027 3766 similiter
1051 3711 1360 3783 sequente
1393 3704 1494 3764 die
1520 3725 1535 3771 ;
1571 3703 1817 3764 decima
1846 3707 2030 3763 sexta
2056 3702 2156 3762 die
2192 3703 2341 3783 item
2370 3708 2713 3783 sequente;
2744 3702 2989 3763 decima
3015 3701 3283 3783 septima
3309 3718 3443 3761 uno
3477 3702 3577 3763 vel
3603 3702 3748 3783 plu-

475 3780 655 3847 ribus
692 3791 837 3863 post
861 3780 1173 3845 decimam
1204 3788 1454 3844 sextam
1478 3783 1726 3863 diebus.
1756 3783 2080 3863 Decimam
2107 3782 2446 3863 septimam
2472 3781 2718 3843 decima
2744 3786 2994 3863 octava,
3015 3781 3193 3842 nulla
3219 3780 3319 3863 die
3341 3781 3749 3863 interposita,

475 3859 753 3942 sequuta
782 3868 900 3925 est.
931 3864 1193 3924 Decima
1223 3879 1397 3924 nona
1426 3879 1509 3923 an
1538 3862 1942 3942 continenter
1969 3860 2190 3922 habita
2231 3861 2309 3919 sit
2338 3861 2695 3942 ignoratur,
2728 3860 3149 3942 similiterque
3184 3859 3517 3942 vigesima,
3546 3876 3746 3942 quam

473 3938 697 4004 diebus
742 3943 1185 4019 sequentibus,
1218 3942 1398 4001 nullo
1428 3940 1806 4019 interposito
1857 3940 1981 4009 die,
2014 3944 2409 4016 exceperunt
2459 3938 2767 4019 vigesima
2818 3939 3047 4019 prima,
3085 3938 3395 4019 vigesima
3440 3938 3748 4019 secunda,

475 4022 785 4113 vigesima
803 4017 1329 4113 tertia,vigesima
1344 4026 1573 4113 quarta
1584 4017 1926 4111 {brevique
1948 4019 2322 4113 interposito
2329 4018 2893 4113 spatio,continuis
2911 4017 3159 4113 diebus,
3178 4017 3481 4109 vigesima
3494 4018 3744 4095 quinta,

472 4097 784 4179 vigesima
812 4106 1021 4172 sexta,
1057 4097 1686 4179 vigesima'septima,
1723 4098 2030 4179 vigesima
2055 4102 2303 4179 octava.
2322 4097 2650 4179 γῆςςείωᾶ
2680 4114 2853 4159 nona
2881 4113 2966 4157 an
2988 4102 3131 4174 post
3163 4097 3536 4179 vigesimam
3567 4104 3747 4157 octa-

472 4175 645 4250 vain,
678 4179 859 4241 nulla
890 4175 1268 4255 interposita
1296 4178 1421 4251 die,
1454 4175 1672 4238 habita
1696 4175 1810 4247 sit,
1836 4175 2196 4255 ignoratur.
2228 4177 2609 4255 Trigesima,
2645 4195 2791 4236 cum
2834 4193 3135 4255 magnam
3163 4175 3620 4237 hebdomadem
3650 4180 3746 4237 at-

472 4259 740 4337 tigisset,
769 4264 841 4337 ut
885 4258 1022 4335 ipse
1049 4254 1547 4337 Chrysostomus
1592 4256 1715 4329 ait;
1742 4254 2079 4337 trigesima
2113 4254 2361 4337 prima,
2396 4260 2457 4315 et
2499 4256 2829 4337 trigesima
2857 4254 3161 4329 secunda,
3209 4255 3289 4315 iis
3336 4255 3749 4317 hebdomadis

477 4276 740 4337 llglssel,
769 4276 841 4317 ut
885 4276 1022 4335 ipse
1049 4276 1547 4336 unrysosromus
1592 4276 1715 4329 alt;
1746 4276 1826 4316 Il'l
1877 4276 2073 4316 esnma
2113 4276 2343 4333 prima,
2396 4276 2457 4315 ei
2499 4276 2712 4335 lrlgeSl

477 4343 715 4400 sanctae
747 4336 973 4398 diebus
1003 4337 1115 4414 qui
1148 4336 1371 4397 feriam
1399 4337 1694 4414 quintam
1725 4336 1795 4395 in
1823 4276 2011 4396 grana
2039 4334 2295 4395 Domini
2324 4335 2712 4413 precedunt.

798 4462 825 4535 ᾗ
856 4458 963 4519 IV.
1000 4458 1093 4518 De
1122 4456 1394 4518 editione
1419 4456 1603 4517 LXX
1623 4456 2049 4534 lnterpretum
2070 4473 2197 4535 qua
2220 4474 2370 4515 usus
2399 4463 2484 4515 est
2514 4454 3006 4535 Chrysostomus,
3033 4477 3074 4518 a
3102 4456 3411 4517 communi

1786 4534 2122 4614 aliquando
2163 4536 2429 4595 diversa.

552 4661 857 4721 Diversas
894 4675 1032 4719 aevo
1059 4656 1492 4737 Chrysostomi
1524 4655 1723 4717 fuisse
1742 4654 2094 4737 AEditiones
2118 4655 2330 4728 LXX,
2375 4661 2569 4737 atque
2629 4655 2695 4737 in
2744 4655 3014 4737 diversis
3068 4655 3368 4737 Ecclesiis
3423 4672 3552 4737 non
3608 4671 3752 4717 eas-

475 4742 619 4801 dem
646 4739 951 4816 usurpari
976 4734 1206 4799 narrat
1229 4737 1657 4816 Hieronymus
1680 4779 1697 4805 ,
1728 4734 2185 4816 Chrysostomo
2221 4735 2528 4816 eaequaliss
2555 4759 2583 4791 ‹‹
2618 4735 3012 4816 Alexandria
3036 4779 3053 4807 ,
3106 4736 3318 4813 inquit
3372 4735 3749 4816 praefatione

480 4822 547 4881 in
571 4820 771 4879 libros
804 4814 1365 4893 Paralipomenon,
1399 4814 1800 4893 et’IEgyptus
1833 4814 1898 4873 in
1930 4814 2107 4874 LXX
2136 4814 2269 4874 suis
2301 4814 2695 4893 Hesychium
2724 4815 2944 4876 laudat
2972 4820 3340 4886 auctorem;
3372 4814 3751 4875 Constanti-

479 4899 732 4977 nopolis
762 4896 1405 4977 usque_Antiochiam
1430 4894 1698 4977 Luciani
1728 4893 2025 4977 martyris
2073 4893 2497 4977 exemplaria
2502 4896 2767 4977 probat;
2800 4895 3021 4977 media:
3051 4894 3216 4977 inter
3248 4893 3749 4977 has_provincize

476 4972 849 5039 Palaestinos
870 4972 1137 5037 Codices
1166 4975 1410 5052 legunt,
1447 4990 1611 5050 quos
1641 4975 1722 5033 ab
1749 4972 2027 5050 Origene
2057 4973 2422 5033 elaboratos
2451 4972 2769 5033 Eusebius
2794 4978 2856 5033 et
2884 4973 3253 5052 Pamphilus
3284 4972 3744 5052 vulgaverunt:

483 5065 787 5135 totusque
812 5056 987 5118 orbis
1020 5055 1139 5114 hac
1160 5051 1334 5135 inter
1359 5070 1427 5135 se
1466 5052 1793 5135 contraria
1824 5053 2133 5135 varietate
2164 5057 2574 5135 compugnat.
2602 5074 2629 5106 »
2662 5053 2741 5111 Et
2768 5052 2835 5110 in
2864 5052 3152 5129 Epistola
3181 5051 3259 5111 ad
3290 5051 3747 5135 A_u_gi_1_st_inum,

482 5154 627 5215 qua:
653 5126 749 5197 est
774 5137 840 5215 in
872 5138 1199 5212 postrema
1225 5132 1516 5191 Editione
1540 5128 1618 5215 7!;
1640 5175 1656 5201 ,
1688 5131 1931 5215 ironice
1968 5131 2243 5215 loquens
2274 5126 2363 5191 ait
2397 5126 2469 5215 ἴε(
2502 5132 2613 5215 Vis
2640 5137 2891 5215 amator
2919 5126 3059 5215 esse
3104 5149 3305 5215 verus
3324 5126 3503 5197 LXX
3534 5130 3750 5215 lnter—

482 5206 765 5294 pretum?
794 5206 935 5273 Non
964 5215 1139 5294 legas
1165 5228 1264 5294 ea,
1292 5227 1436 5294 qua:
1462 5211 1585 5294 sub
1614 5210 1937 5294 asteriscis
1967 5206 2119 5294 s_unt_
2150 5231 2163 5268 :
2197 5212 2324 5294 imo
2350 5210 3093 5294 radedevoluminibus,
3117 5215 3188 5269 ut
3212 5214 3507 5294 veterum
3527 5212 3586 5267 te
3614 5206 3750 5294 [au-

484 5286 686 5355 torem
742 5295 998 5371 probes.
1031 5286 1233 5371 'Quodr
1260 5286 1327 5350 si
1363 5288 1950 5371 fe_ceris,_omniumg
1978 5290 2412 5371 Ecclesiarum
2469 5288 3253 5371 bibliothecas_damnare
3292 5288 3567 5371 cogeris.
3621 5286 3749 5371 Vix.

485 5377 656 5434 enim
687 5365 855 5433 unus
888 5376 1003 5433 aut
1032 5372 1197 5432 alter
1222 5369 1598 5430 inveniatur
1625 5368 1811 5439 liber,
1843 5369 1954 5445 qui
1986 5369 2106 5429 ista
2136 5387 2266 5428 non
2300 5369 2554 5430 habeat.
2591 5391 2617 5423 »
2649 5369 2746 5425 Ex
2779 5367 2874 5429 his
2906 5368 3062 5428 locis
3096 5368 3417 5445 colligitur
3441 5366 3630 5443 longe
3656 5365 3751 5423 di-

485 5472 704 5514 versas
748 5454 917 5512 inter
960 5470 1029 5513 se
1080 5449 1277 5509 fuisse
1306 5448 1484 5508 LXX
1512 5448 1941 5524 lnterpretum
1986 5447 2347 5517 Editiones,
2384 5449 2689 5525 illamque
2740 5447 3171 5508 diversitatem
3216 5449 3343 5524 peti
3395 5446 3627 5505 debere
3664 5462 3749 5505 ex

484 5534 683 5593 variis
714 5533 1142 5609 lnterpretum
1170 5530 1325 5609 locis
1354 5572 1369 5600 ,
1402 5527 1934 5609 nempe__.§_quilze
1955 5571 1971 5599 ,
2022 5526 2431 5609 Symmachi,
2455 5526 2932 5609 ΤῂθοᾱίξζίῡηίδΔ
2957 5532 3018 5586 et
3055 5526 3331 5609 aliorum
3360 5569 3376 5596 ,
3406 5541 3551 5609 quae
3606 5525 3748 5583 loca

483 5612 794 5691 Origenes
824 5604 1279 5691 inserueratin
1305 5611 1551 5691 textum
1811 5624 1954 5667 cum
1981 5604 2305 5691 asteriscis
2335 5606 2394 5666 id
2418 5605 2868 5691 indicantibus.
2895 5606 3050 5691 Quae
3074 5605 3348 5691 aliarum
3374 5604 3745 5691 versionum

487 5683 820 5769 particulae
870 5687 1445 5765 inexemplaribus
1483 5686 1701 5747 multis
1739 5693 2227 5759 remanserunt,
2258 5687 2324 5746 in
2379 5686 2523 5746 aliis
2556 5685 2770 5763 plures
2794 5728 2809 5758 ,
2842 5684 2908 5744 in
2943 5685 3086 5747 aliis
3119 5683 3479 5761 pauciores.
3512 5684 3747 5742 Praeter
