4040 6378
334 305 403 361 t3
1799 313 2184 370 PREFA'I’IO.
3547 311 3607 362 lt

334 409 513 468 illam
540 407 937 488 diversitatis
980 423 1245 470 causam
1273 405 1418 488 aliae
1447 407 1622 470 haud
1645 408 1838 470 dubie
1867 410 2149 482 fuerunt,
2179 411 2272 470 uti
2304 409 2468 470 solet
2498 409 2562 468 in
2585 409 2766 470 libris
2796 409 2982 470 toties
3011 409 3344 488 descriptis
3368 452 3384 479 ,
3415 410 3603 468 toties

336 487 724 548 emendatis.
761 487 1042 564 indeque
1070 493 1168 548 est
1195 487 1367 564 quod
1419 504 1552 547 non
1599 505 1753 549 raro
1777 488 2066 550 videmus
2096 507 2132 549 a
2177 490 2599 566 scriptoribus
2641 490 2879 549 Graecis
2905 533 2922 560 ,
2952 493 3016 549 et
3044 487 3535 565 nonnumquam
3567 505 3608 549 a

329 567 656 639 Patribus,
689 568 756 627 in
781 567 1006 644 primis
1027 584 1181 626 vero
1209 583 1247 627 a
1277 567 1587 640 librariis,
1610 567 1724 645 qui
1758 569 2156 645 exemplaria
2189 569 2586 646 septuaginta
2626 569 3050 646 Interpretum
3092 566 3606 636 descripserunt,

333 645 700 707 Editionem
729 647 1128 725 septuaginta
1155 647 1578 724 Interpretum
1605 648 2094 710 commemorari
2139 653 2202 708 et
2229 645 2373 709 cum
2404 653 2585 707 textu
2630 664 2750 706 suo
2793 647 3153 724 comparari
3181 690 3197 718 ,
3227 651 3341 724 qui
3391 651 3608 707 tamen

329 730 548 786 textus
578 731 678 786 est
703 727 896 787 etiam
919 726 1120 806 LXX,
1139 725 1248 786 sed
1279 726 1494 787 multis
1521 725 1820 788 admixtis
1848 727 2291 790 varietatibus.
2329 726 2396 786 ld
2425 727 2616 788 etiam
2637 726 2804 803 apud
2827 726 3356 806 Chrysostomum
3387 726 3610 786 obser-

333 822 473 876 ves,
508 806 793 884 maxime
819 822 976 867 vero
1003 804 1493 884 Commentariis
1525 805 1590 865 in
1620 807 1907 867 Psalmos
1932 851 1947 876 ,
1976 807 2086 867 ubi
2119 812 2461 884 postquam
2513 806 2612 865 sui
2658 804 3046 883 exemplaris
3073 804 3411 865 lectionem
3439 807 3611 864 attu-

331 885 449 965 lit_,
479 883 680 946 aliam
729 901 1226 965 nonnumquam
1255 883 1440 946 aﬂert
1481 885 1669 965 quasi
1700 904 1781 946 ex
1813 883 2219 965 septuaginta
2247 886 2750 965 lnterpretibus;
2783 885 2869 945 ita
2900 890 2968 944 ut
3017 885 3225 965 primo
3255 887 3610 965 conspectu

331 963 993 1045 videaturexemplar
1018 982 1150 1041 quo
1209 966 1512 1045 utebatur
1555 962 2071 1045 Chrysostomus
2090 964 2266 1045 aliud
2293 962 2443 1026 esse
2469 1009 2486 1036 ,
2515 965 2632 1024 etsi
2671 965 3004 1042 exemplar
3047 962 3204 1024 illud
3236 980 3366 1045 non
3411 962 3610 1045 aliam

327 1059 530 1120 quam
559 1043 920 1104 Editionem
953 1043 1350 1121 septuaginta
1377 1041 1802 1121 Interpretum
1831 1041 2120 1115 haberet;
2149 1044 2260 1105 sed
2288 1047 2372 1105 ob
2391 1060 2588 1121 supra
2617 1050 3005 1104 memoratas
3035 1059 3264 1104 causas
3291 1041 3358 1101 in
3380 1041 3613 1121 multis

327 1121 652 1183 diversam
682 1124 768 1202 ab
812 1139 888 1182 ea
913 1119 1063 1202 quin
1091 1123 1156 1182 in
1178 1119 1872 1202 'HexaplariEditione
1898 1125 1982 1186 ab
2004 1123 2283 1202 Origene
2307 1119 2516 1202 posita
2546 1123 2778 1184 fuerat.
2813 1123 2906 1184 De
2933 1122 3032 1183 his
3059 1121 3113 1183 si
3142 1121 3332 1200 plura
3357 1119 3612 1180 deside-

327 1217 462 1280 res,
495 1201 764 1262 consule
797 1199 1259 1262 Praaliminaria
1292 1199 1513 1264 noStra
1545 1202 1608 1260 in
1637 1201 1930 1279 Hexapla
1956 1199 2278 1280 Origénis.

412 1279 493 1340 Ut
521 1280 620 1360 ad
659 1298 799 1360 rem
832 1280 1193 1350 veniamus,
1226 1281 1558 1360 exemplar
1585 1276 2023 1360 Chryse—stomi
2057 1276 2121 1342 iii
2153 1282 2452 1342 Genesim
2477 1282 2543 1342 in
2574 1300 2702 1342 non
2729 1280 2952 1358 paucis
2981 1278 3191 1340 diﬂert
3215 1279 3299 1360 ab
3316 1276 3614 1360 Editione

327 1359 738 1437 septuaginta
761 1359 1188 1437 Interpretum
1210 1356 1492 1437 vulgata,
1539 1376 1686 1437 qua)
1718 1356 2018 1420 omnium
2051 1362 2348 1421 manibus
2380 1356 2850 1432 circumfertur,
2898 1376 3226 1437 quamque
3255 1356 3614 1437 Editionem

329 1433 694 1498 Romanam
719 1433 1161 1514 appellamus;
1194 1433 1478 1498 etsi'non
1507 1433 1754 1499 tantam
1785 1438 2220 1501 diversitatem
2252 1439 2359 1500 hic
2387 1433 3000 1506 animadvertamus,
3029 1433 3344 1510 quantam
3377 1433 3566 1494 Hemi
3589 1468 3612 1478 -

341 1518 450 1578 liis
476 1521 548 1578 in
577 1519 889 1579 Psalmos.
924 1518 1326 1579 Varietatum
1360 1525 1577 1578 autem
1611 1517 1909 1594 exempla
1938 1517 2231 1594 quaedam
2257 1517 2362 1578 hic
2388 1515 2621 1579 afferre
2659 1518 2817 1578 libet
2843 1537 2859 1575 :
2890 1515 3254 1578 minuscula
3284 1521 3455 1578 certe
3483 1516 3628 1578 dis-

340 1597 621 1658 crimina
649 1597 703 1658 si
747 1595 1150 1668 allerremus,
1193 1595 1635 1674 longissimam
1665 1601 2033 1656 texeremus
2082 1595 2556 1672 praefationem.
2594 1600 2791 1673 atque
2828 1613 3303 1674 supervacuum
3337 1595 3626 1674 laborem

339 1676 529 1736 nullo
559 1675 774 1737 fructu
802 1676 1279 1754 susciperemus
1313 1673 1331 1733 ἑ
1361 1690 1512 1736 nam
1538 1673 2044 1754 discriminagilla
2073 1673 2348 1754 leviora.
2370 1679 2453 1754 ut
2476 1675 2786 1751 pleraque
2813 1673 2980 1736 ex’A
2993 1675 3336 1754 ntiochﬁena
3372 1673 3482 1735 illa
3525 1692 3629 1754 see

336 1756 688 1833 ptuaginta
715 1753 1138 1833 Interpretum
1161 1754 1872 1833 Editionemanarunt;
1905 1753 1996 1815 ita
2036 1754 2241 1815 multa
2268 1753 2397 1814 alia
2445 1753 2860 1814 librariorum
2905 1755 3061 1814 vitio
3106 1771 3146 1816 a
3182 1753 3622 1833 Chrysostomi

338 1832 636 1912 tempore
666 1832 968 1907 inducta;
1002 1850 1134 1894 non
1163 1850 1371 1912 pauca
1401 1832 1594 1894 etiam
1625 1851 1707 1893 ex
1750 1837 2008 1894 oratore
2053 1833 2195 1910 ipso
2230 1833 2333 1893 vel
2372 1833 2742 1893 memoriter
2767 1833 3094 1910 loquente,
3139 1833 3241 1894 vel
3279 1832 3624 1910 Scriptura

337 1911 580 1974 seriem
616 1913 697 1975 ad
725 1930 909 1974 suam
938 1911 1367 1974 concinnante
1395 1919 1537 1974 orta
1567 1917 1739 1973 sunt.
1770 1912 1935 1991 Satis
1969 1930 2124 1991 ergo
2154 1914 2339 1991 nobis
2369 1911 2492 1972 erit
2525 1929 2606 1971 ex
2637 1912 2974 1990 praecipuis
3005 1912 3424 1974 varietatibus
3453 1929 3627 1991 non-

337 1992 560 2054 nullas
590 1992 670 2054 ad
699 1993 1065 2069 exemplum
1094 1997 1159 2053 et
1185 1994 1512 2070 specimen
1539 1997 1788 2052 tantum
1810 1989 2070 2061 all'erre;
2095 1990 2249 2068 Cap.
2273 1989 2313 2049 [ι
2333 1991 2522 2063 Gen.,
2556 2009 2618 2052 v.
2646 1989 2716 2061 ’6,
2747 1992 2926 2052 LXX
2953 1992 3215 2061 habent,
3253 1991 3345 2050 Et
3374 1990 3624 2070 contri—

333 2080 548 2150 status
576 2081 667 2132 est
692 2070 856 2134 Cain
877 2071 1085 2150 valde,
1107 2079 1164 2131 et
1195 2069 1474 2150 concidit
1501 2072 1683 2132 vultu
1708 2089 1846 2150 suo.
1877 2071 1994 2131 Ubi
2022 2070 2517 2150 Chrysostomus
2541 2070 2785 2150 active:
2814 2072 2906 2131 Et
2938 2071 3204 2132 tristitia
3226 2069 3619 2150 alfeciticain

335 2091 548 2130 status
576 2091 667 2132 est
692 2091 856 2134 eam
877 2091 1075 2138 votae,
1107 2091 1164 2131 et
1195 2091 1474 2132 conciam
1501 2091 1683 2132 vium
1708 2091 1846 2130 suo.
1883 2091 1994 2131 um
2022 2091 2517 2208 unrqsoswmus
2541 2091 2785 2132 acuve:
2814 2091 2866 2130 ι
2885 2091 2906 2131 ι
2938 2091 3204 2132 tristitia
3226 2091 3435 2150 allecti
3461 2091 3619 2132 eam

335 2149 521 2230 valde
545 2169 564 2217 ;
591 2158 651 2211 et
677 2150 951 2212 concidit
978 2149 1192 2212 vultus
1219 2149 1374 2230 ejus.
1405 2150 1702 2211 Tristitia
1726 2149 1960 2230 a/I‘ecit,
1991 2168 2156 2230 supp
2185 2168 2242 2221 e,
2274 2150 2465 2230 Deus,
2497 2149 2623 2230 qui
2662 2150 2850 2210 modo
2878 2151 3289 2230 loquebatur.
3313 2149 3456 2230 _Alii
3495 2165 3622 2210 au-

335 2237 465 2290 tem
496 2229 910 2306 lnterpretes,
956 2230 1162 2290 iratus
1197 2227 1306 2295 est,
1353 2233 1683 2290 verterunt
1711 2227 1867 2289 illud
1909 2240 2039 2292 Tm.
2091 2227 2246 2306 Cap.
2299 2227 2360 2298 5,
2397 2247 2459 2288 v.
2497 2227 2560 2302 2,
2609 2229 2744 2290 hinc
2775 2227 2993 2302 verba,
3040 2236 3098 2288 et
3141 2228 3458 2290 benedixit
3493 2247 3615 2296 eos,

333 2326 487 2385 qua;
517 2309 585 2369 in
611 2309 790 2369 LXX
814 2309 1156 2377 habentur,
1186 2315 1250 2370 et
1277 2327 1355 2369 ex
1385 2308 1704 2370 Hebraico
1737 2324 2047 2386 expressa
2089 2313 2262 2379 sunt,
2284 2307 2353 2367 in
2379 2307 2818 2386 Chrysostomi
2858 2309 3210 2385 exemplari
3242 2325 3373 2367 non
3403 2314 3620 2369 exsta-

337 2389 533 2459 bant;
564 2405 686 2450 nec
704 2389 824 2450 dici
858 2393 1069 2465 potest
1098 2388 1209 2449 illa
1237 2388 1666 2467 praetermissa
1689 2387 1887 2449 fuisse
1912 2388 2080 2448 vela
2109 2387 2392 2448 librariis
2430 2387 2530 2448 vel
2570 2403 2611 2448 a
2654 2387 3116 2467 Chrysostomo
3150 2393 3375 2448 orante
3408 2406 3424 2448 :
3465 2403 3617 2447 nam

334 2472 574 2543 quater
604 2469 702 2529 vel
729 2467 1079 2545 quinquies
1101 2471 1504 2544 repetuntur,
1535 2473 1599 2528 et
1625 2466 2142 2546 Chrysostomus,
2166 2467 2277 2544 qui
2307 2467 2449 2546 haec
2471 2466 2835 2546 minutatim
2863 2467 3166 2546 explicat,
3199 2484 3330 2526 non
3360 2471 3619 2543 praster-

332 2548 662 2608 missurus
692 2544 833 2608 erat
863 2546 1036 2607 illam
1070 2545 1600 2615 benedictionem,
1628 2547 1682 2606 si
1713 2544 1779 2606 in
1809 2546 2161 2622 exemplari
2195 2563 2314 2606 suo
2341 2544 2667 2606 adfuisset.
2706 2546 2865 2606 Alias
2891 2545 3238 2606 identidem
3265 2550 3619 2605 occurrunt

338 2626 540 2686 varias
573 2627 906 2697 lectiones,
943 2624 1053 2685 sed
1084 2630 1158 2685 ut
1196 2624 1545 2702 plurimum
1573 2626 1772 2687 leves.
1815 2625 2032 2686 Genus
2060 2631 2275 2686 autem
2305 2624 2634 2686 varietatis
2665 2624 2840 2686 aliud
2881 2642 3010 2684 non
3054 2641 3206 2684 raro
3253 2625 3613 2700 reperitur:

333 2704 882 2782 interpunctionis
930 2703 1224 2766 videlicet
1263 2704 1640 2780 discrimen,
1685 2704 1858 2783 quod
1883 2709 2058 2777 tute,
2098 2702 2368 2766 candide
2415 2703 2658 2776 lector,
2706 2705 2876 2765 inter
2926 2703 3268 2781 legendum
3311 2703 3621 2764 animad—

333 2790 572 2846 vertes.

413 2864 574 2925 Sunt
604 2870 668 2924 et
693 2864 821 2925 alia
850 2863 916 2923 in
949 2862 1186 2940 quibus
1216 2862 1714 2942 Chrysostomus
1756 2863 2101 2939 Scriptura:
2130 2867 2376 2923 textum
2415 2861 2493 2923 ad
2535 2862 2768 2923 seriem
2816 2878 3001 2942 suam
3047 2861 3494 2942 concinnavit,
3544 2866 3626 2921 ut

331 2961 472 3003 mos
504 2947 603 3003 est
632 2939 1499 3016 concionatoribusmtverbi
1516 2960 1716 3005 causa
1743 2943 1866 3003 col.
1890 2942 2009 3001 366
2029 2943 2210 3003 locus
2241 2943 2366 3014 hic,
2397 2959 2540 3019 cap.
2574 2942 2674 3011 17,
2696 2940 2895 3002 v.12:
2933 2941 3184 3001 Puellus
3211 2948 3350 3000 octo
3374 2939 3625 3000 dierum.

329 3021 816 3082 circumsidetur
840 3021 1036 3090 vobis,
1074 3032 1129 3082 et
1158 3023 1550 3088 vernaculus,
1581 3031 1637 3082 et
1662 3023 1980 3099 emptitius
2005 3041 2024 3082 :
2051 3030 2109 3081 et
2143 3040 2348 3081 omnes
2378 3022 2450 3081 in
2490 3039 2742 3088 summa,
2790 3029 2862 3081 ut
2903 3021 2997 3080 ita
3029 3019 3250 3086 dicam,
3291 3019 3402 3096 qui
3441 3020 3615 3096 apud

325 3120 440 3160 vos
467 3099 778 3181 suntJioc
806 3102 1054 3179 signum
1083 3101 1442 3180 suscipient.
1473 3102 1566 3162 Et
1585 3101 1865 3181 quisquis
1891 3119 2023 3161 non
2045 3099 2524 3181 circumcidetur
2545 3099 2611 3160 in
2626 3099 2724 3160 die
2752 3099 3120 3181 constituto.
3151 3099 3470 3181 perdetur.
3495 3100 3613 3181 Hic

327 3186 502 3241 certe
531 3180 734 3242 multa
761 3177 1036 3260 mutavit
1059 3177 1806 3260 Chrysostomusfatque
1849 3180 2453 3260 Scripturaeseriem
2495 3179 2562 3239 in
2615 3179 2974 3240 breviorem
3023 3177 3312 3239 formam...
3343 3178 3611 3256 redegit;

326 3278 545 3336 neque
572 3259 930 3336 putandum
959 3265 1055 3320 est
1082 3257 1266 3321 sicin
1297 3260 1436 3338 ejus
1466 3257 1818 3337 exemplari
1850 3257 2157 3338 scriptum
2186 3257 2404 3319 fuisse.

406 3333 687 3417 Insignis
717 3348 815 3399 est
837 3340 1015 3400 locus
1043 3339 1164 3399 col.
1193 3333 1351 3411 522,
1370 3357 1454 3400 ex
1469 3333 1677 3416 capite
1704 3339 1808 3409 35,
1828 3333 2011 3400 versu
2037 3333 2128 3403 1.6,
2159 3339 2265 3398 ubi
2297 3337 2475 3398 LXX
2505 3337 2768 3407 habent,
2791 3338 3062 3397 Factum
3090 3345 3176 3395 est
3211 3344 3437 3417 autem,
3477 3351 3613 3396 eum

324 3414 877 3496 appropinquaret
905 3417 1264 3478 Chabratha
1281 3437 1406 3498 qua
1426 3414 1565 3498 itur
1589 3420 1658 3479 in
1681 3419 2056 3497 Ephratam.
2087 3417 2584 3498 Chrysostomus
2622 3434 2776 3477 vero
2811 3417 2905 3498 sic
2939 3417 3168 3498 habet,
3201 3414 3468 3498 Quando
3501 3435 3613 3493 ap-

322 3495 788 3575 propinquavit
815 3505 886 3557 ut
916 3499 1186 3560 intraret
1233 3495 1310 3558 iii
1344 3497 1666 3575 Ephrata,
1705 3495 1943 3558 omissa
1982 3515 2140 3556 voce
2173 3495 2553 3562 Chabratha,
2598 3514 2745 3573 qute
2799 3497 2970 3556 viros
3029 3495 3248 3554 doctos
3301 3496 3617 3575 hactenus

323 3574 536 3635 torSit.
570 3577 709 3656 Ego
735 3595 890 3638 vero
912 3594 1042 3636 non
1069 3578 1282 3638 ausim
1305 3574 1517 3637 dicere
1551 3576 1616 3635 in
1645 3577 1999 3654 exemplari
2024 3577 2090 3635 S.
2114 3576 2554 3656 Chrysostomi
2581 3594 2711 3656 non
2744 3575 2941 3636 fuisse
2961 3575 3345 3656 ;_pr_obabi_le
3371 3574 3612 3656 quippe

322 3663 421 3714 est
451 3653 805 3717 illum'eam
827 3701 843 3724 ,
872 3656 1045 3733 quod
1079 3673 1209 3716 non
1240 3656 1731 3734 intelligeretur,
1760 3653 2078 3715 omisisse.
2118 3653 2277 3714 Vide
2307 3673 2463 3732 quas
2490 3654 2568 3714 de
2628 3655 2748 3734 hac
2780 3671 2937 3715 voce
2962 3653 3245 3734 diximus
3282 3654 3347 3711 in
3377 3653 3612 3712 Hexa—

323 3735 448 3812 plis
483 3736 742 3796 nostris.
773 3732 1019 3797 Caetera
1043 3735 1120 3795 iis
1151 3732 1556 3798 observanda
1581 3735 2038 3812 relinquimus,
2062 3734 2174 3810 qui
2193 3734 2545 3795 varietates
2572 3733 2849 3796 Biblicas
2874 3751 2956 3793 cx
2982 3732 3271 3810 professo
3307 3738 3608 3793 tractant.

1104 3837 1132 3910 §
1161 3835 1240 3894 ν.
1273 3834 1444 3910 Quid
1472 3836 1552 3894 sit
1585 3834 1934 3894 centesima
1964 3854 2003 3893 a
2030 3832 2461 3912 Chrysostomo
2490 3841 2848 3893 memorata.

406 3933 688 4014 Humilia
735 3933 774 3992 3
827 3934 897 4014 in
932 3934 1242 4014 Cenesim
1299 3935 1420 3995 col.
1473 3933 1584 4014 38,
1637 3933 2135 4013 Chrysostomus
2166 3935 2243 3994 de
2298 3933 2552 4014 Christo
2596 3934 3096 4014 loquens.rait:
3150 3935 3362 4014 Neque
3411 3936 3608 4004 enim,

323 4013 836 4091 quemadmodum
875 4013 1012 4079 hic,
1059 4014 1446 4073 centesimam
1490 4013 1690 4073 solum
1713 4014 2068 4092 promittit,
2115 4014 2219 4073 sed
2250 4013 2539 4090 centuplo
2567 4014 2760 4091 plura
2803 4013 2992 4073 datis.
3029 4013 3394 4074 Centesima
3430 4017 3609 4076 varie

320 4092 810 4168 accipiebatur:
849 4097 989 4152 erat
1021 4093 1261 4170 quippe
1304 4094 1653 4153 centesima
1699 4094 2076 4153 auctionum
2125 4093 2424 4153 videlicet
2469 4111 2688 4152 rerum
2732 4093 2798 4152 in
2847 4094 3145 4154 auctione
3201 4093 3608 4155 venditarum

320 4171 675 4232 centesima
705 4188 882 4249 pars,
911 4189 1058 4248 quae
1077 4172 1308 4232 zerario
1351 4173 1609 4249 publico
1643 4173 1738 4232 vel
1776 4172 1931 4233 ﬁsco
1961 4173 2224 4233 cedebat
2253 4193 2267 4230 :
2299 4176 2439 4232 erat
2463 4190 2726 4249 quoque
2753 4173 3102 4234 centesima
3134 4191 3353 4233 rerum
3403 4192 3610 4235 vena-

321 4250 485 4310 lium
519 4268 666 4328 quze
697 4251 1082 4331 exigebatur
1115 4271 1128 4309 :
1159 4251 1442 4328 itemque
1472 4252 1824 4331 centesima
1854 4270 2058 4331 genus
2091 4252 2354 4331 tributi.
2389 4251 2791 4328 Domumque
2833 4253 3183 4313 centesima
3230 4270 3447 4312 usuras
3484 4273 3625 4331 gen.

323 4349 486 4401 nus,
538 4337 768 4410 auat-care
828 4330 1102 4410 Graecis,
1169 4348 1301 4406 qua
1339 4331 1452 4408 qui
1499 4331 1565 4389 in
1596 4330 1804 4410 lienus
1836 4348 1918 4392 ac

2014 4332 2276 4402 aiebant,
2309 4330 2582 4410 singulis
2627 4331 2956 4391 mensibus
3001 4331 3416 4392 centesimam
3455 4330 3609 4409 par—

323 4416 451 4468 tem
489 4409 853 4477 solverent,
895 4408 982 4469 ita
1014 4415 1086 4469 ut
1112 4415 1371 4488 centum
1404 4409 1732 4469 mensibus
1767 4415 2006 4470 sortem
2039 4413 2394 4486 aequarent.
2429 4408 2570 4468 Hoc
2600 4427 2755 4470 vero
2795 4415 3189 4486 postremum
3221 4428 3425 4488 genus
3457 4408 3608 4472 oen-

325 4489 570 4548 teSimaa
591 4533 606 4557 ,
635 4488 736 4548 hic
764 4488 1062 4568 intelligit
1101 4487 1597 4568 Chrysostomus
1620 4538 1634 4558 ,
1668 4496 1737 4548 ut
1764 4489 2002 4566 optime
2057 4489 2330 4568 conjecit
2356 4488 2657 4568 Savilius.
2691 4489 2808 4548 Hic
2829 4488 3000 4568 enim
3031 4487 3246 4568 agitur
3272 4489 3349 4549 de
3393 4497 3606 4550 cente-

323 4568 490 4628 sima
520 4585 668 4644 quae
690 4567 1119 4644 promittitur;
1153 4567 1212 4626 id
1236 4567 1407 4644 quod
1426 4568 1501 4627 de
1521 4569 1641 4628 hac
1673 4569 1882 4628 solum
1905 4581 1927 4637 ,'
1946 4585 2075 4627 non
2103 4567 2258 4628 vero
2286 4568 2362 4627 de
2385 4567 2771 4643 supradictis
2797 4567 3066 4646 intelligi
3084 4567 3343 4644 potest:
3378 4578 3607 4629 ἑκατῡστὴ

323 4664 482 4785 γθῖο
512 4646 952 4786 fr3equens
973 4647 1158 4786 1a3pud
1187 4648 1441 4708 Graecos
1465 4656 1625 4708 erat.
1649 4648 1787 4708 Hac
1815 4648 1892 4707 de
1915 4665 1984 4707 re
2007 4647 2148 4708 vide
2175 4647 2320 4706 Joh.
2350 4646 2762 4707 Fredericum
2792 4648 3191 4709 Cronovium
3213 4648 3304 4708 De
3331 4650 3606 4726 pecunia

324 4745 400 4786 ve
433 4745 527 4786 eri
580 4745 596 4784 ι
646 4770 660 4785 .
747 4771 764 4786 .
803 4743 945 4786 can.
1056 4771 1072 4786 .

324 4727 527 4787 veteri
552 4726 660 4786 lib.
693 4726 764 4801 3,
803 4743 945 4804 cap.
973 4726 1072 4786 13.

325 4855 354 4927 §
385 4851 494 4912 VI.
545 4853 634 4913 De
660 4871 888 4933 magna
930 4853 1330 4916 Hebdomade
1350 4901 1365 4920 ,
1411 4855 1487 4915 de
1523 4854 1621 4917 die
1654 4866 1810 4924 κυρίᾳ,
1839 4872 1972 4933 qua:
2013 4863 2099 4914 est
2126 4852 2459 4914 Dominica
2488 4851 2771 4923 Pascha,
2789 4861 2844 4912 et
2868 4852 2938 4914 de
2969 4852 3142 4914 horis
3170 4851 3601 4932 inaequalibus.

403 4952 616 5034 Quam
631 4972 746 5015 nos
775 4959 1063 5017 sanctam
1091 4954 1475 5034 etmajorem
1491 4955 1952 5017 hebdomadem
1969 4971 2299 5024 vocamus,
2329 4970 2475 5034 qua:
2505 4957 2609 5034 est
2629 4953 3394 5034 Quadragesimzeultima
3413 4998 3428 5025 ,
3461 4969 3615 5034 eam.

326 5032 710 5113 Antiocheni
737 5034 982 5112 aliique
1011 5031 1311 5113 magnam
1349 5034 1808 5095 hebdomadem
1829 5035 2184 5095 vocabant:
2219 5050 2350 5110 qua
2369 5032 2446 5092 de
2477 5051 2546 5092 re
2574 5033 2747 5092 hunc
2774 5031 3105 5113 insignem
3125 5031 3601 5113 Chrysostomi,

325 5111 641 5203 (ῑοΙ...2“132⁵
661 5109 1228 5203 locum—all'erirrius
1249 5133 1263 5172 :
1281 5113 1520 5173 Eodem
1548 5114 1729 5174 modo
1763 5122 1818 5203 et
1847 5131 1962 5203 nos
1985 5109 2294 5203 faciamus
2324 5119 2594 5203 oportet.
2617 5113 2764 5202 quia
2793 5111 2861 5203 in
2878 5109 3162 5203 magnam
3189 5109 3348 5203 lianc
3372 5109 3604 5201 hebdo-

324 5191 565 5272 madem
588 5192 704 5272 Dei
725 5193 935 5270 gratia
945 5193 1344 5272 pervenimus
1367 5239 1381 5259 ,
1412 5211 1580 5252 nunc
1623 5189 2136 5271 maximejejunii
2167 5189 2383 5251 curs-us
2413 5189 2594 5272 nobis
2625 5189 3040 5272 intendendus
3059 5237 3074 5258 ,
3111 5198 3164 5249 et
3195 5191 3604 5272 ferventiores

328 5269 658 5352 fundenng
681 5268 911 5352 preces,
937 5268 1340 5352 faciendaque
1360 5272 1629 5350 diligens.
1645 5280 1698 5330 et
1720 5289 1882 5350 pura
1901 5268 2650 5352 peccatorumconfessio,
2675 5277 2732 5329 et
2760 5270 2831 5330 in
2855 5268 3348 5352 bonispperibus
3374 5269 3603 5352 seduli-

328 5359 422 5431 tas
448 5347 1442 5431 exhibenda,eleemosyna'larga,
1477 5347 1754 5430 aequitas,
1772 5347 2210 5431 mansuetudo,
2233 5347 2485 5431 aliaque
2513 5349 2798 5431 virtutes,
2824 5356 2901 5431 ut_
2922 5347 3152 5431 talibus
3173 5349 3386 5409 ornati
3400 5349 3604 5409 virtu—

329 5427 498 5488 tibus
519 5474 532 5494 .
563 5427 684 5507 ubi
707 5430 776 5491 in
807 5429 966 5491 diem
1007 5427 1393 5491 Do'minicum
1425 5427 1772 5490 venerimus
1795 5477 1811 5500 ,
1854 5429 2110 5490 Domini
2137 5427 2512 5490 liberalitate
2531 5428 2838 5507 fruamur.
2864 5429 3169 5506 Magnam
3187 5435 3388 5486 autem
3403 5446 3603 5487 voca-

329 5526 463 5588 mus
483 5506 940 5576 hebdomadam,
973 5527 1103 5569 non
1132 5509 1298 5588 quod
1325 5509 1640 5588 longiores
1670 5510 1740 5570 in
1769 5529 1838 5569 ea
1867 5509 1996 5588 sint
2015 5507 2218 5568 horae:
2242 5516 2387 5567 sunt
2414 5506 2571 5588 enim
2590 5508 2729 5588 aliae
2756 5526 2890 5587 qua:
2916 5507 3111 5588 multo
3132 5507 3398 5588 majpres
3413 5507 3601 5566 horas

330 5584 581 5667 habent;
599 5605 790 5666 neque
807 5588 975 5667 quod
992 5584 1201 5667 plur—ee
1223 5589 1351 5648 dies
1363 5584 1577 5648 habeat
1593 5609 1612 5648 :
1629 5596 1713 5649 est
1735 5591 1894 5650 enim
1913 5587 2072 5667 idem
2091 5604 2388 5667 numerus
2393 5588 2476 5667 in
2488 5585 2601 5667 liae
2616 5584 2878 5667 aliisque
2899 5584 3204 5667 omnibus.
3228 5584 3438 5667 Quare
3453 5603 3598 5667 ergo

331 5665 502 5724 illam
525 5663 1162 5745 vocamus—magnam?
1191 5668 1355 5742 Quia
1377 5669 1441 5727 in
1474 5667 1586 5728 illa
1607 5686 1833 5746 magna
1851 5665 2127 5747 quaedam
2162 5673 2217 5724 et
2248 5663 2591 5806 inelabilia
2611 5663 3204 5743 bona—contigerunt
3242 5664 3445 5724 nobis.
3483 5664 3602 5726 Hic

331 5744 493 5805 diem
515 5745 911 5806 Dominicam
932 5753 1114 5806 vocat
1149 5746 1645 5806 Chrvsostomus
1673 5746 1836 5806 diem
1867 5749 2161 5806 sanctum
2180 5746 2334 5806 Pasc
2385 5761 2458 5806 aa.
2487 5761 2680 5806 quam
2710 5747 3028 5806 vocabant
3061 5745 3253 5806 etiam
3281 5743 3437 5805 diem
3471 5745 3602 5804 ΠΟ·-

331 5744 493 5805 diem
515 5745 911 5809 Dominicam
932 5743 1114 5813 vocat
1149 5746 1645 5827 Chrysostomus
1673 5743 1836 5810 diem
1860 5743 2161 5810 sanctum
2180 5743 2458 5819 Paschaa,
2487 5761 2680 5822 quam
2710 5747 3028 5811 vocabant
3061 5745 3253 5807 etiam
3281 5743 3437 5805 diem
3471 5745 3604 5804 Πο-

463 5941 503 5954 ﬂ,
533 5944 539 5948 .
