4040 6378
467 350 486 400 l
502 348 532 394 ες
1908 329 2286 387 PREFATIO.
3652 324 3714 379 16

461 433 638 504 mini,
673 443 734 498 et
755 456 1039 517 magnam
1068 440 1695 520 Dominicam:sccus
1727 459 1922 518 quam
1954 442 2208 520 putavit
2238 446 2418 502 vetus
2449 441 2795 516 lnterpres,
2835 440 2947 518 qui
2971 519 2980 520 ί
2999 441 3115 520 has
3153 454 3625 520 voces_gra3cas
3650 445 3724 505 si:

457 529 544 576 τὴν
559 528 718 585 κυρίαν
746 527 944 598 ἡμέραν2
977 537 1121 596 qua:
1141 520 1547 596 interpretari
1575 517 1840 592 debent,
1869 522 1938 583 in
1957 517 2125 581 diem
2151 521 2571 587 Dominicam,
2602 521 2812 591 vertit,
2840 517 2909 581 in
2943 519 3041 578 die
3059 518 3316 598 judicii.
3353 517 3513 598 Nam
3544 534 3719 598 prae—

459 601 757 674 terquam
779 597 950 674 quod
984 595 1081 658 vel
1114 598 1218 658 hic
1249 595 1384 676 ipse
1410 599 1616 671 locus,
1647 605 1710 660 et
1729 600 1897 660 alius
1924 600 2034 660 ubi
2058 599 2191 660 haec
2212 616 2339 659 vox
2355 599 2578 660 eodem
2601 617 2725 658 usu
2743 595 3089 676 reperitur,
3107 597 3378 658 suadent
3396 597 3498 676 hic
3527 595 3604 676 de
3621 595 3722 676 die

457 676 716 762 I_’asch_ai
747 677 884 762 agi,
938 677 1059 738 hoc
1089 674 1289 762 eiiam
1310 695 1427 756 pro
1451 683 1674 740 nostra
1705 679 2025 762 sententia
2051 679 2282 762 militat
2320 679 2491 762 quod
2515 674 3215 762 in_vita_nianuscripta
3263 676 3325 735 S.
3352 674 3719 762 .Thcodosii

456 754 973 836 Cmnobiarchte,
1035 755 1257 816 eadem
1312 754 1432 818 vox
1484 774 1691 836 graeca
1741 771 1898 830 κυρία,
1950 757 2030 818 ad

2127 754 2543 836 esignandum
2587 758 2862 826 Pascha,
2915 765 3302 833 usurpetur,
3331 754 3490 836 lippus
3537 760 3592 817 ἦν
3641 763 3722 805 καὶ

456 835 621 903 ἑορτῶν
661 842 690 894 ἡ
729 843 888 903 πρώτη
913 847 993 888 καὶ
1019 847 1179 904 κυρία,
1209 841 1324 890 αὖτὸ
1350 863 1468 907 φημι
1486 829 1543 890 ἷό
1566 844 1728 904 πάσχα
1761 859 1774 894 ε
1800 844 1862 898 et
1884 839 1950 898 in

2157 829 2593 914 manuscripta
2623 836 2684 895 S.
2718 837 2998 898 Danielis
3026 829 3302 914 Stylitaa:
3348 829 3512 902 Ημέρα
3551 841 3634 902 μὲν
3670 839 3723 897 ἦν

454 915 596 980 κυρία
615 919 704 966 τῶν
735 919 912 983 ἡμερῶν
940 960 956 988 ,
990 915 1119 976 dies
1151 924 1281 975 erat
1311 915 1561 976 domina
1589 915 1860 985 dierum,
1895 917 1955 977 id
1983 935 2049 978 es

1209 924 1281 975 ἀι
1311 915 1561 976 domina
1589 915 1860 985 dierum,
1895 917 1955 977 id
1983 923 2080 978 est
2109 916 2276 978 haud
2319 916 2510 976 dubie
2540 916 2804 976 Pascha.

539 993 742 1054 Horas
767 999 984 1054 autem
1014 994 1288 1073 majores
1337 1001 1400 1058 et
1445 996 1727 1056 minores
1758 997 2126 1056 necessario
2156 1001 2405 1056 veteres
2437 995 2891 1066 admittebant,
2937 995 3048 1072 qui
3083 993 3250 1054 diem
3287 993 3351 1052 in
3388 992 3723 1073 duodecim

453 1077 515 1132 et
543 1077 796 1133 noctem
819 1075 884 1132 in
921 1071 1176 1134 totidem
1208 1080 1420 1151 partes
1449 1092 1562 1135 seu
1595 1075 1787 1136 horas
1823 1075 2388 1136 diviserantzunde
2418 1076 2810 1152 sequebatur
2838 1071 3268 1152 eas'hyberno
3292 1079 3577 1152 tempore
3610 1071 3722 1152 mi-

455 1167 672 1223 nores,
700 1155 922 1213 aestivo
971 1157 1188 1214 autem
1209 1149 1516 1233 _majores
1564 1171 1750 1228 esse;
1775 1153 1946 1214 unde
1995 1153 2335 1228 Martialis,
2367 1153 2478 1214 lib.
2509 1149 2607 1212 ‘12
2631 1197 2646 1226 ,
2673 1153 2890 1232 Epigr.
2923 1154 2950 1212 1
2979 1197 2995 1226 ,
3025 1149 3256 1214 horam
3293 1151 3576 1213 aestivam
3633 1149 3722 1211 sit!

454 1237 917 1292 commemorat
940 1277 955 1306 ,

1167 1333 1308 1388 "ora
1340 1351 1435 1389 nec
1461 1335 1640 1388 a-sliva
1667 1343 1749 1387 est
1773 1377 1784 1399 ,
1819 1350 1916 1389 nec
1947 1335 2038 1386 tibi
2072 1342 2181 1386 tota
2207 1337 2359 1403 perit.

454 1419 761 1502 Virgilius
797 1430 1010 1484 autem
1027 1469 1044 1496 ,

1092 1526 1208 1580 Jam
1246 1543 1351 1581 nox
1382 1526 1646 1595 hybernas
1668 1527 1751 1580 bis
1777 1523 2011 1594 ﬂuinque
2037 1537 2312 1595 peregerat
2342 1525 2519 1579 horas.

537 1616 710 1701 Unde
735 1619 982 1701 pateat,
1014 1631 1209 1701 quam
1247 1615 1525 1701 incerius
1551 1630 1876 1701 quamque
1907 1615 2220 1701 instabilis
2251 1617 2912 1701 essetclepsydrarum
2946 1637 3126 1701 usus,
3153 1639 3305 1701 cum
3327 1623 3544 1682 eadem
3568 1625 3706 1701 ipsa

453 1695 790 1780 clepsydra
825 1694 943 1780 vix
999 1691 1077 1752 ad
1108 1709 1350 1780 paucos
1386 1691 1520 1751 dies
1549 1701 1767 1780 posset
1810 1699 2161 1780 utcumque
2201 1693 2374 1780 horse
2407 1691 2686 1780 spat—ium
2743 1698 3048 1780 Indicare.
3102 1699 3223 1780 Sic
3250 1691 3704 1780 intelligendus

452 1770 672 1858 itaque
703 1778 797 1858 est
818 1771 1483 1858 Chrysostomuscum
1501 1771 1613 1858 ait,
1634 1771 1700 1830 in
1730 1770 2126 1858 hebdomade
2152 1772 2708 1858 majore_loquens,
2741 1793 2881 1836 esse
2899 1777 3032 1838 dies
3063 1779 3176 1858 qui
3209 1778 3400 1840 horas
3428 1770 3706 1858 majores

451 1849 794 1920 haberent,
839 1849 1034 1926 quam
1060 1850 1100 1908 ii
1136 1850 1208 1931 in
1231 1849 1466 1931 quibus
1499 1855 1653 1910 tunc
1680 1849 2210 1931 concionabatur,
2239 1849 2412 1928 quod
2446 1849 2722 1930 idipsum
2751 1861 2890 1915 erat
2929 1873 3004 1917 ac
3036 1849 3412 1931 si-dixisset,
3443 1849 3708 1920 ineunte

452 1948 599 1991 vere
628 1931 953 1990 breviores
981 1946 1123 1988 esse
1151 1927 1276 1987 diei
1308 1928 1500 1988 horas
1523 1972 1539 1999 ,
1573 1943 1770 2005 quam
1799 1927 1865 1987 in
1894 1932 2134 1989 aestate.

527 2010 712 2090 Circa
758 2025 1088 2068 sermones
1122 2024 1350 2090 novem
1371 2007 1971 2090 illos_in_(_}en_esim.
1995 2007 2490 2090 quisecundum
2525 2011 2861 2089 sexaginta
2889 2019 3128 2090 septem
3155 2014 3451 2076 homilias
3482 2017 3546 2076 in
3580 2017 3702 2078 hoc

443 2088 646 2148 Tomo
671 2089 990 2174 locantur,
1018 2087 1187 2174 satis
1202 2085 1488 2174 diximus
1520 2086 1586 2145 in
1612 2086 1856 2146 Monito
1882 2091 2032 2146 ante
2061 2086 2208 2147 illos
2232 2105 2564 2149 sermones
2587 2085 2796 2166 posito
2821 2135 2837 2163 ,
2875 2085 3158 2169 itemque
3178 2094 3243 2154 in
3263 2095 3504 2155 Monito
3533 2094 3705 2174 quod

448 2185 624 2227 nono
662 2165 942 2228 sermoni
973 2165 1398 2243 praemittitur.

692 2316 720 2388 ς
764 2311 900 2371 VII.
934 2311 1024 2371 De
1045 2318 1309 2388 tempore
1332 2327 1452 2388 quo
1479 2309 1677 2370 habiti
1709 2316 1856 2369 sunt
1884 2309 2206 2370 Sermones
2247 2310 2315 2370 in
2343 2311 2585 2370 Annam
2612 2311 2845 2392 aliique
2874 2313 2986 2373 hos
3009 2315 3443 2392 praecedentes.

522 2434 652 2495 Usu
688 2437 751 2492 et
777 2430 1172 2508 experientia
1200 2434 1596 2506 compertum
1631 2433 1730 2511 est
1757 2445 1838 2511 ex
1867 2427 2171 2511 diuturna
2200 2429 2579 2511 tractatione
2622 2449 2787 2507 saepe
2818 2433 3059 2510 aliquid
3093 2435 3332 2495 notitiae
3355 2437 3658 2498 accedere
3679 2486 3696 2511 ,

445 2517 667 2589 etquae
703 2507 910 2589 primo
938 2515 1450 2589 conspecturnou
1493 2507 2034 2589 percipiebantur,
2063 2507 2478 2589 frequentius
2505 2511 2776 2586 repetita
2806 2507 3266 2588 perquisitione
3293 2515 3545 2574 tandem
3578 2507 3701 2576 ex;

445 2584 1036 2669 plcirata’evadere.
1068 2584 1349 2669 ldnobis
1378 2585 1606 2646 accidit
1631 2585 1782 2645 dum
1812 2584 2148 2646 Sermones
2197 2587 2259 2645 in
2288 2588 2540 2669 Annam
2569 2584 3386 2669 accura'tius'tractaremus
3415 2614 3428 2650 :
3468 2595 3530 2653 in
3571 2596 3694 2658 illis

443 2665 614 2730 enim
641 2669 944 2746 temporis
977 2666 1268 2746 quaedam
1296 2671 1462 2725 notae
1493 2670 1883 2746 occurrunt,
1918 2681 2062 2740 quae
2091 2682 2217 2723 non
2251 2665 2328 2724 ad
2351 2666 2652 2746 “ipsorum
2684 2668 2905 2737 modo,
2942 2669 3048 2728 sed
3090 2671 3280 2730 etiam
3311 2672 3386 2730 ad
3418 2674 3693 2735 aliorum

442 2767 587 2826 qua:
620 2743 1084 2824 praecesserant
1109 2745 1400 2826 ordinem
1420 2743 1936 2826 constituendum
1959 2749 2339 2820 Opportuna:
2362 2749 2539 2826 sunt.
2575 2745 2772 2826 Deiiis
2817 2747 3074 2824 quidem
3117 2750 3516 2825 aliquantum
3550 2753 3693 2812 dis—

442 2822 762 2888 seruimus
797 2826 860 2885 in
891 2826 1130 2884 Monito
1152 2823 1230 2884 ad
1252 2823 1587 2883 Sermones
1614 2822 1679 2881 in
1706 2823 1990 2885 Annam.
2023 2826 2084 2880 et
2133 2823 2446 2882 nonnulla
2473 2841 2616 2899 quae
2663 2824 2728 2882 in
2776 2822 3036 2886 secundi
3091 2822 3268 2886 Tomi
3317 2829 3692 2894 Praefatione

442 2925 589 2967 cum
621 2905 1029 2986 fl‘illemontio
1057 2921 1240 2986 secus
1274 2918 1734 2986 posueramus,
1768 2899 2106 2986 emendare
2151 2901 2360 2986 conati
2400 2920 2645 2961 sumus.
2694 2903 2934 2962 Verum
2978 2913 3205 2986 resrest
3245 2908 3507 2986 majoris
3541 2928 3694 2969 mo—

445 2985 682 3054 menti,
711 3001 905 3066 quam
934 2990 1003 3042 ut
1031 2982 1249 3059 paucis
1286 2981 1487 3066 possit
1521 2980 1731 3066 verbis
1765 2979 2110 3066 declarari.
2160 2979 2248 3066 Ad
2273 2980 2427 3066 haec
2475 2999 2629 3066 vero
2679 2987 2856 3066 tanta
2899 2990 2995 3043 est
3034 2979 3455 3066 Tillemontii,
3497 3007 3689 3066 quem

442 3069 594 3124 tunc
622 3059 873 3146 sequuti
901 3081 1039 3146 sum
1052 3079 1122 3120 us
1141 3105 1156 3131 ,
1195 3059 1362 3146 apud
1393 3077 1508 3118 nos
1531 3059 1881 3146 auctoritas
1901 3101 1915 3125 ,
1938 3064 2010 3146 ut
2031 3059 2286 3146 nonnisi
2325 3060 2805 3146 accuratissima
2832 3064 3405 3146 praimissarerum
3432 3059 3692 3146 perqui-

443 3145 679 3223 sitione
702 3137 783 3201 ab
805 3158 881 3202 eo
903 3141 1245 3200 debeamus
1264 3143 1326 3198 et
1343 3155 1378 3199 a
1402 3143 1620 3198 nostra
1643 3138 1886 3223 pariter
1909 3137 2176 3223 pristina
2203 3139 2517 3223 sententia
2552 3137 2897 3223 discedetie.
2945 3141 3149 3202 Locus
3169 3143 3274 3223 ille
3299 3137 3691 3223 ϐιηθεοέιο-

440 3225 523 3280 mi
553 3220 723 3280 unde
744 3238 934 3281 verus
957 3226 1018 3279 et
1033 3225 1387 3299 temporum
1408 3223 1470 3299 et
1490 3215 2046 3299 concionumordo
2073 3216 2588 3299 deprehenditur,
2608 3223 2704 3277 est
2724 3217 2787 3277 in
2817 3219 3122 3299 Sermone
3148 3222 3353 3299 primo
3369 3215 3450 3283 de
3477 3227 3681 3294 Anna,

439 3301 549 3360 ubi
583 3299 774 3376 paulo
798 3304 940 3376 post
970 3298 1220 3380 initium
1251 3296 1476 3380 illesic
1498 3296 1796 3380 loquitur
1825 3315 1842 3380 ξ
1887 3296 2007 3380 i’os
2035 3296 2190 3380 enim
2215 3295 2479 3380 foi'iasse
2507 3313 2716 3356 eorum
2745 3299 2888 3380 estis
2919 3297 3130 3380 obliti,
3150 3295 3234 3359 eo
3265 3302 3432 3380 quod
3460 3305 3687 3364 multos

439 3372 676 3439 interea
711 3372 1036 3444 sermones,
1073 3385 1127 3436 et
1163 3373 1636 3458 dealiisrebus,
1672 3391 1786 3458 nos
1815 3372 2229 3433 habuerimus;
2278 3373 2442 3435 Nam
2473 3391 2786 3458 reversae
2815 3375 3155 3456 longinqua
3181 3372 3682 3458 peregrinatione

435 3467 612 3518 vatre
663 3466 904 3522 nostra,
948 3456 1355 3516 necessarium
1390 3454 1516 3532 fuit
1558 3453 2288 3532 omniacommemorare,
2328 3471 2461 3530 quae
2485 3453 2553 3512 in
2583 3455 2880 3514 comitatu
2915 3453 3270 3518 acciderant
3301 3453 3422 3520 {ac
3463 3460 3683 3522 deinde

443 3556 575 3596 tum
617 3535 949 3617 gentilibus
993 3536 1332 3617 disputare,
1366 3531 1436 3592 ut
1466 3531 1573 3592 hos
1707 3531 2075 3617 calamitatis
2115 3531 2196 3617 ad
2228 3533 2536 3617 meliorem
2579 3534 2818 3612 frugem
2853 3545 3202 3617 revocatos,
3249 3539 3360 3617 qui
3375 3584 3390 3605 ,
3443 3539 3680 3600 deserto

435 3610 759 3694 gentilium
786 3633 1014 3694 errore.
1043 3610 1165 3673 sese
1192 3613 1284 3694 ad,
1297 3631 1412 3671 nos
1439 3610 1978 3694 contulerant,pro
2004 3611 2178 3694 virili
2207 3610 2722 3694 conﬁrmareims,
2754 3631 2825 3672 ac
2849 3613 3221 3685 dooeremus,
3243 3610 3491 3694 quantis
3519 3627 3682 3680 tene-

435 3635 759 3692 genmzum
786 3635 1014 3680 errore.
1043 3635 1165 3673 sese
1192 3635 1269 3672 aa
1297 3635 1412 3671 nos
1439 3635 1978 3688 comuzeram,pro
2004 3635 2175 3671 vmu
2207 3635 2722 3690 conprmaremus,
2754 3635 2825 3672 ac
2849 3635 3221 3685 (taceremus,
3243 3635 3491 3694 quantis
3519 3635 3681 3680 tene-

435 3635 562 3754 bris
592 3693 838 3754 liberati
847 3744 861 3760 ,
897 3693 977 3754 ad
1013 3702 1244 3752 tantum
1268 3693 1460 3753 lucem
1493 3690 1776 3751 veritatis
1791 3691 2237 3774 occurrissent.
2259 3690 2425 3774 _P_ost
2453 3690 2567 3750 illa
2594 3709 2844 3774 rursum
2864 3694 3076 3774 multis
3109 3694 3318 3754 diebus
3339 3705 3681 3774 martyrum

432 3774 767 3851 festivitate
802 3774 999 3852 positi
1012 3791 1276 3854 sumus,
1312 3789 1504 3849 neque
1541 3769 1802 3854 tempori
1840 3771 2203 3854 conveniens
2239 3770 2456 3848 fuisset
2483 3788 2591 3854 eos
2611 3771 2730 3854 qui
2748 3771 2818 3830 in
2841 3772 3141 3854 segulcris
3164 3769 3681 3854 martyrum'ver-

432 3847 739 3919 sarentur,
774 3847 981 3911 eorum
1006 3851 1257 3912 laudum
1293 3847 1428 3929 qua:
1462 3847 1841 3929 martyribus
1875 3847 2190 3929 debentur,
2221 3847 2496 3929 exsortes
2524 3847 2848 3909 discedere.
2892 3847 3200 3912 Successit
3238 3847 3354 3914 his'
3370 3854 3452 3914 ad
3483 3854 3678 3917 absti-

430 3931 702 3991 nendum
727 3927 1548 4011 ajuramentiscohortatio.
1590 3927 1746 4011 Cum
1783 3928 1942 4011 enim
1983 3936 2174 3986 totam
2211 3927 2594 4011 rusticorum
2629 3930 2940 4011 nationem
2988 3931 3057 3991 in
3094 3930 3303 3992 urbem
3343 3933 3677 4011 ingressam

433 4004 830 4077 cerneremus,
862 4009 972 4069 hos
1001 4010 1110 4069 illo
1141 4009 1478 4069 instructos
1506 4026 1543 4065 α
1568 4004 1750 4068 nobis
1778 4006 2007 4068 viatico
2039 4006 2382 4065 censuimus
2405 4005 2827 4067 dimittendos.

511 4088 660 4149 Haec
690 4090 906 4150 omnia
949 4088 1285 4166 diligenter
1314 4085 1695 4168 attendenda
1745 4092 1896 4168 suni
1928 4105 1942 4142 :
1975 4085 2195 4168 paucis
2229 4085 2399 4145 enim
2429 4083 2922 4168 Chrysostomus
2958 4095 3058 4149 sat
3091 4089 3346 4168 longam
3403 4093 3668 4152 concio-

431 4184 585 4248 num
618 4169 848 4248 seriem
882 4162 1284 4248 texitfatque
1313 4166 1398 4248 ita
1426 4164 1738 4241 loquitur,
1766 4168 1839 4223 ut
1870 4162 2052 4248 facile
2097 4164 2246 4248 s_i_t_a_
2282 4180 2431 4248 vero
2463 4162 2716 4248 tramite
2745 4167 3073 4248 aberrare,
3101 4162 3234 4229 nisi
3251 4187 3483 4248 magna
3519 4189 3673 4232 cau-

430 4246 520 4304 tio
548 4247 954 4307 abhibeatur.
996 4247 1112 4306 Vos
1142 4241 1300 4304 enim
1332 4245 1597 4324 fortasse
1644 4260 1854 4324 eorum
1885 4243 2030 4301 estis
2052 4241 2267 4324 Aobliti,
2297 4242 2529 4324 inquit,
2567 4260 2792 4324 eorum
2827 4246 3069 4307 scilicet
3097 4265 3242 4324 qum
3273 4249 3336 4307 in
3361 4241 3672 4322 Quadra-

431 4325 672 4402 gesima
696 4325 1116 4385 concionatus
1147 4327 1286 4384 erat
1324 4319 1343 4380 Ξ
1373 4321 1448 4382 de
1480 4322 1604 4382 illis
1637 4322 1809 4402 enim
1859 4324 1991 4400 agit
2047 4322 2112 4380 in
2149 4319 2535 4402 t‘otooprimte
2574 4323 2641 4382 in
2675 4325 2940 4402 iAnnam
2982 4319 3312 4387 concionis
3367 4319 3667 4402 exordio;

431 4399 630 4484 atque
657 4404 1230 4484 Quadragesimam
1253 4403 1344 4484 ita
1377 4402 1669 4478 proxime
1698 4399 1982 4477 elapsam
2038 4399 2352 4484 crederes,
2399 4401 2450 4460 si
2484 4401 2622 4484 ejus
2653 4401 2820 4484 dicta
2849 4409 2920 4484 ut
2957 4404 3162 4482 primo
3192 4413 3536 4484 conspectu
3587 4399 3674 4468 in-

431 4479 774 4561 teliigenda
805 4479 1101 4563 videntur
1128 4481 1484 4563 eiiciperes,
1513 4485 1589 4563 _ut
1618 4484 1875 4563 putares
1907 4497 2056 4538 eum
2103 4479 2177 4563 de
2240 4479 2537 4563 hesterrio
2565 4480 2664 4563 die
2693 4481 2897 4558 loqui,
2935 4479 3054 4544 etsi
3083 4479 3671 4563 longum-efﬂuxis-

431 4567 526 4621 set
559 4558 863 4639 temporis
903 4560 1334 4631 intervallum,
1371 4558 1792 4639 hebdomades
1823 4577 2048 4639 nempe
2068 4559 2355 4639 quinque
2390 4574 2428 4618 a
2470 4559 2777 4620 Paschate
2801 4605 2817 4631 ,
2854 4565 2926 4621 ut
2960 4579 3111 4621 mox
3141 4558 3476 4624 videbitur.
3506 4567 3671 4626 Per—

429 4642 520 4717 git
549 4637 1038 4720 Chrysostomus
1067 4661 1082 4700 :
1115 4640 1278 4701 Nam
1306 4656 1548 4700 reverso
1600 4658 1639 4696 a
1685 4637 2028 4720 longinqua
2053 4637 2185 4720 illa
2220 4639 2726 4720 peregrinatione
2777 4649 2953 4717 patre
2989 4650 3231 4708 nostro,
3262 4646 3670 4705 necessarium

426 4714 553 4797 fuit
583 4714 790 4781 omnia
820 4735 1291 4780 commemorare
1317 4736 1450 4794 quae
1473 4719 1542 4797 in
1571 4714 1868 4777 comitatu
1892 4714 2803 4797 acciderant.iHicEertissime’
2827 4723 3004 4780 notat
3034 4720 3376 4782 Homiliam
3401 4723 3556 4783 XXI
3586 4725 3667 4785 ad

427 4793 740 4878 populum
770 4798 1263 4866 Antiochenam,
1293 4793 1561 4878 Tom._2,
1590 4812 1735 4878 quae
1767 4799 1864 4878 est
1921 4799 2055 4878 toia
2083 4793 2160 4856 de
2190 4795 2741 4878 reditu__Ij‘_|aviani,
2773 4796 2977 4873 deque
3007 4800 3416 4861 reconciliata
3445 4803 3669 4863 Theo—

428 4873 587 4938 dosii
624 4878 1033 4954 Imperatoris
1061 4894 1206 4936 cum
1243 4875 1656 4935 Antiochenis
1689 4873 1925 4954 gratia:
1957 4873 2141 4954 Hanc
2173 4891 2343 4954 cum
2373 4875 2781 4954 Tillemontio
2826 4881 3127 4952 putamus
3178 4878 3410 4939 dictam
3469 4879 3665 4943 fuisse

428 4957 570 5033 ipso
600 4957 699 5018 die
722 4951 1233 5018 Resurrectionis
1268 4954 1615 5034 Dominicaa
1643 4951 1816 5034 anno
1858 4953 1997 5012 387.
2029 4951 2191 5012 lllud
2221 4953 2390 5034 enim
2424 4953 2605 5013 initio
2632 4951 3127 5033 Chrysostomus,
3154 4957 3470 5034 signiﬁcat
3518 4978 3664 5020 cum

425 5030 600 5105 dicit,
633 5035 1006 5096 Benedictus
1034 5037 1222 5101 Deus,
1251 5034 1360 5113 qui
1406 5033 1562 5094 hanc
1614 5031 1934 5113 vobiscum
1960 5049 2199 5092 sacram
2224 5030 2663 5113 solemnitatem
2687 5030 2831 5113 cum
2858 5034 3088 5111 gaudio
3126 5030 3430 5113 etil'a’titia
3471 5040 3666 5099 multa

425 5113 610 5175 hodie
667 5114 970 5195 celebrare
1028 5110 1321 5195 dignatus
1358 5122 1492 5195 esti
1548 5110 2304 5195 Pergit__Chrysostomus
2339 5129 2353 5168 :
2386 5111 2471 5170 Ae
2518 5110 2735 5172 deinde
2781 5110 2917 5195 cum
2957 5111 3664 5195 gentilibusdisputare

429 5195 782 5272 [oportuit],
815 5202 888 5254 ut
915 5194 1025 5254 hos
1053 5189 1119 5254 vi
1150 5191 1522 5254 calamitatis
1550 5190 1630 5272 ad
1672 5191 1984 5250 meliorem
2022 5190 2263 5267 frugem
2314 5198 2652 5272 revocatos,
2685 5190 2793 5269 qui
2823 5189 3057 5272 deserto
3104 5189 3661 5272 gentilium-errore

425 5268 550 5332 sese
579 5273 660 5332 ad
688 5268 803 5332 nos
839 5272 1253 5336 contulerant.
1283 5289 1401 5349 pro
1432 5270 1610 5331 virili
1643 5271 2140 5349 conﬁrmaremus
2159 5315 2173 5334 ,
2203 5287 2274 5327 ac
2317 5268 2702 5349 doceremus,
2730 5270 2980 5349 quantis
3002 5268 3264 5332 tenebris
3291 5271 3556 5338 liberati,
3581 5275 3664 5336 ad

429 5361 663 5410 tantam
691 5353 886 5412 lucem
919 5353 1202 5412 veritatis
1231 5347 1673 5411 occurrissent.
1706 5347 1941 5424 Nempe
1981 5348 2203 5428 diebus
2239 5354 2384 5428 post
2415 5347 2784 5428 Paschalem
2819 5348 3285 5428 solemnitatem
3336 5355 3661 5428 sequenti-

430 5433 573 5499 bus,
604 5432 871 5508 gentiles
903 5432 1044 5492 illos
1078 5430 1458 5491 conﬁrmare
1487 5432 1754 5490 conatus
1780 5431 1904 5508 est,
1956 5427 2081 5508 qui
2104 5445 2186 5485 ex
2221 5426 2591 5508 calamitate
2646 5427 3083 5500 Antiochenis,
3133 5433 3262 5508 tam
3314 5426 3657 5508 gentilibus

427 5504 633 5582 quani
654 5509 1057 5580 Christianis,
1091 5512 1174 5568 ob
1214 5525 1470 5569 eversas
1501 5511 1742 5568 statuas
1775 5506 1974 5566 illata.
2007 5505 2086 5566 ad
2116 5505 2444 5564 meliorem
2475 5504 2721 5582 frugem
2749 5508 3055 5579 revocati,
3105 5507 3182 5568 ad
3231 5504 3659 5570 Christianam

475 5587 616 5647 dem
652 5595 1058 5650 accesserant
1087 5611 1101 5660 ;
1159 5605 1242 5648 an
1291 5593 1504 5648 autem
1535 5602 1690 5654 una,
1721 5601 1805 5644 an
1840 5584 2133 5661 pluribus
2173 5583 2590 5644 conciouibus
2645 5583 2706 5642 id
2736 5585 2959 5662 egerit,
2989 5586 3324 5646 incertum.
3356 5587 3473 5653 Sed
3521 5590 3656 5648 sive

427 5684 650 5739 unam,
678 5668 811 5727 sive
840 5669 1078 5745 plures,
1111 5667 1328 5727 omnia
1358 5666 1711 5745 amisimus.
1740 5664 1990 5745 Verum
2019 5661 2184 5724 hanc
2203 5662 2519 5745 jacturam
2547 5661 2894 5738 utcumque
2923 5665 3118 5745 sarcit
3141 5663 3654 5745 Chrysostomus,

429 5747 538 5820 qui
567 5764 642 5807 ea
671 5764 814 5823 quae
840 5740 917 5808 ad
943 5746 1210 5825 gentiles
1249 5746 1506 5825 dixerat
1535 5745 1600 5803 in
1632 5741 2061 5825 ha_c_ho_mi_lia,
2093 5759 2208 5800 nec
2239 5740 2414 5800 brevi
2443 5757 2738 5825 sermone
2772 5742 2999 5825 repetit
3029 5763 3044 5812 ;
3079 5740 3407 5820 subjungit
3432 5751 3656 5821 postea

429 5819 974 5898 Citrvsostomus?
1007 5825 1160 5886 Post
1186 5824 1299 5885 illa
1320 5840 1568 5884 rursum
1597 5822 1808 5884 multis
1833 5819 2043 5882 diebus
2069 5827 2420 5881 sanctorum
2441 5820 2775 5899 festivitate
2799 5821 2990 5894 potiti
3017 5819 3245 5888 sumus,
3276 5819 3464 5900 neque
3495 5831 3654 5884 τριη-
