4040 6378
296 275 302 283 ’
359 291 425 347 is
1808 288 1891 344 ΡΠ

2040 287 2198 344 ιτιο.
3565 275 3635 327 εεο

370 388 874 452 concionaretur
902 408 923 466 ;ﬁ
982 403 1115 448 non
1140 387 1316 448 enim
1348 391 1626 466 poterat,
1657 389 1906 449 etiamsi
1936 390 2107 449 bona
2144 387 2509 448 valetudine
2562 386 2822 457 fuisset,
2854 384 2919 466 in
2951 382 3127 443 festis
3159 382 3518 466 martyrum
3571 378 3637 437 in

370 467 645 543 diversis
678 465 1035 550 Antiochiae
1063 462 1370 550 partibus
1390 468 1707 550 celebrari
1744 468 1976 550 solitis,
1999 466 2193 550 _aliud_
2214 484 2426 550 quam
2465 473 2823 550 martyrum
2857 464 3147 541 ipsorum
3179 462 3638 550 argumentum

372 552 654 685 tragtare
689 567 704 605 :
726 564 815 685 (ea:
843 546 1096 684 dupbus
1145 563 1302 626 ergo
1328 546 1799 624 impedimentis
1852 548 2149 607 morbum
2177 546 2282 606 hic
2309 546 2606 620 reticuit,
2635 548 3123 623 martyrumque
3154 546 3532 601 memoriam
3572 546 3641 595 in

373 647 474 685 me
520 645 653 685 lum
683 642 722 685 a
810 644 919 685 UXI
956 670 970 684 .
2692 654 2695 661 ί

373 628 653 689 medium
683 625 970 687 adduxit.
1233 625 1240 626 “
2692 654 2695 661 -

454 710 536 767 At
558 724 676 767 cur
705 708 771 765 in
799 705 906 788 his
932 704 1173 788 diutius
1204 705 1874 788 moramur‘lquando
1893 705 2155 788 aliunde
2176 710 2423 788 certum
2448 709 2545 788 est
2574 702 2951 788 concio_n.em
2983 698 3160 788 illam
3187 696 3497 788 decimam
3527 709 3643 752 no-

378 802 531 847 nam
570 802 701 845 non
732 785 1017 862 potuisse
1053 784 1391 845 Dominica
1418 778 1745 846 Passionis
1772 785 2021 857 haberi,
2053 790 2129 844 ut
2154 803 2274 863 ego
2329 784 2573 862 pridem
2602 778 3187 863 cum_Tillemont_io
3213 778 3642 838 existimave-

378 882 563 925 ram:
605 857 773 945 namr
813 864 1026 945 sigillo
1056 863 1158 945 die
1199 864 1420 925 habita
1452 863 1916 945 fuissettfesta
1964 864 2075 945 illa
2125 857 2505 945 martyrum,
2556 879 2708 945 qua:
2755 861 2951 945 longa
3006 857 3172 945 serie
3213 869 3640 945 pe_r_omuem

424 948 629 1025 artem
658 944 934 1025 civitatis
988 944 1530 1025 celebrabantur,
1571 931 1947 1025 incidissent
1997 944 2110 1025 illo
2139 931 2315 1004 anno
2367 931 2934 1025 inhebdomadein
2959 937 3062 997 vel
3091 937 3157 996 in
3213 931 3639 1025 hebdomades

435 1022 782 1084 omiuicam
828 1023 1151 1083 Passionis
1208 1011 1637 1100 praecedentes
1672 1043 1688 1082 :
1718 1025 1784 1083 in
1817 1023 1939 1082 hac
1990 1024 2227 1100 quippe
2277 1023 2586 1084 concione
2633 1020 2746 1100 illa
2794 1023 2864 1077 ut
2912 1016 3047 1100 jam
3080 1014 3362 1100 omnino
3414 1011 3635 1087 elapsa

381 1107 860 1186 commemorat.
885 1102 1003 1186 Illa
1034 1119 1187 1186 ergo
1209 1091 1572 1186 martyrum
1605 1103 1764 1163 festa
1791 1104 1856 1162 in
1887 1091 2628 1186 media-Quadragesima
2657 1091 2978 1186 celebrata
3006 1094 3314 1186 fuissenta
3329 1091 3453 1151 hoc
3482 1108 3641 1186 prie:

383 1183 560 1242 claro
587 1181 748 1254 duce
775 1226 789 1249 ,
828 1182 1070 1242 scilicet
1095 1172 1407 1242 Flaviano
1437 1199 1765 1259 episcopo,
1799 1172 2232 1242 Alitiochcnbs
2288 1172 2453 1259 tunc
2492 1180 2785 1259 ducente.
2839 1175 3034 1259 Atqui
3070 1173 3499 1259 certissimum
3525 1172 3642 1259 _est

385 1265 535 1340 tunc
563 1249 945 1340 Flavianum
974 1262 1343 1339 episc0pum
1369 1249 1925 1338 Constantinopoli
1955 1260 2176 1331 fuisse,
2204 1278 2323 1322 nec
2352 1258 2620 1340 rediisse
2637 1258 2760 1318 nisi
2796 1249 2961 1340 uno'
2981 1252 3308 1315 duobusve
3350 1254 3497 1340 ante
3525 1249 3640 1307 Pa-

384 1339 541 1424 scha
570 1338 856 1417 ejusdem
887 1328 1042 1400 anni
1088 1328 1313 1424 diebus
1345 1359 1359 1399 :
1396 1340 1507 1424 qui
1540 1358 1695 1424 ergo
1736 1328 2426 1424 potu‘itAAntioehenos
2462 1338 2541 1399 ad
2593 1337 2756 1424 festa
2786 1339 3302 1424 martyrumnper
3351 1328 3637 1389 diversas

382 1418 569 1481 urbis
605 1411 821 1493 partes
854 1428 1006 1479 tunc
1034 1420 1355 1480 celebrata
1388 1411 1908 1480 circumducere?
1938 1418 2122 1491 Quod
2174 1419 2228 1479 si
2282 1420 2431 1488 quis
2461 1423 2685 1477 contra
2712 1411 3332 1473 verisimilitudinem
3379 1425 3633 1470 omnem

382 1497 719 1577 negaverit
751 1497 919 1557 hunc
945 1498 1321 1577 prmclarum
1347 1496 1557 1558 ducem
1601 1496 1798 1557 fuisse
1826 1498 2207 1559 Flavianum
2238 1500 2612 1577 episcopum
2641 1542 2659 1571 ,
2705 1500 2759 1560 is
2795 1504 2965 1559 certe
3020 1498 3451 1577 nonﬂnegabit
3497 1505 3651 1556 tunc

377 1575 684 1655 temporis
717 1620 732 1647 ,
771 1592 919 1635 cum
961 1576 1202 1637 scilicet
1248 1575 1410 1655 festa
1440 1582 1799 1655 martyrum
1828 1593 1943 1652 per
1972 1579 2195 1638 urbem
2223 1575 2730 1643 celebrarentur,
2775 1578 3089 1637 Joannem
3124 1576 3648 1655 Chrysostomum

375 1672 619 1733 (egrum
649 1653 819 1713 domi
848 1655 1166 1714 mansisse
1200 1654 1397 1713 :illud
1432 1655 1602 1713 enim
1648 1654 1797 1733 ipse
1853 1655 2007 1716 dicit
2044 1657 2108 1715 in
2160 1658 2488 1717 concionis
2520 1655 2811 1716 exordio.
2844 1660 2925 1716 At
2952 1653 3275 1732 quomodo
3327 1654 3531 1733 potuit
3583 1653 3653 1713 in

378 1732 585 1814 media
614 1733 725 1793 illa
754 1733 1262 1812 Quadragesima
1292 1751 1462 1811 inger
1487 1732 1657 1792 domi
1694 1750 1981 1807 manere,
2020 1735 2129 1811 qui
2163 1752 2276 1812 per
2307 1740 2505 1795 totam
2533 1734 3108 1814 Quadragesimam
3158 1732 3594 1794 Antiochenos
3632 1775 3649 1803 ,

377 1813 517 1872 dira
540 1814 624 1872 ob
662 1828 921 1873 eversas
960 1814 1431 1889 lmperatorum
1463 1818 1711 1873 statuas
1744 1814 2081 1890 patientes,
2113 1818 2173 1873 et
2202 1814 2505 1891 graviora
2533 1820 2982 1891 exspectantes
3015 1814 3477 1874 consolabatur
3506 1857 3521 1883 ,
3577 1828 3657 1872 ac

380 1891 705 1972 continuis
742 1892 1164 1972 concionibus
1200 1909 1336 1951 rem
1384 1892 1676 1972 eamdem
1706 1894 2060 1972 tractabat,
2098 1892 2185 1953 ita
2207 1898 2289 1972 ut
2313 1894 2509 1953 etiam
2537 1910 2672 1955 una
2696 1912 2779 1953 ex
2814 1892 3155 1972 postremis
3182 1893 3604 1954 concionibus
3631 1935 3649 1964 ,

380 1976 453 2031 ut
483 1970 719 2031 ibidem
749 1970 974 2043 fertur,
1011 1970 1230 2031 decem
1263 1975 1413 2032 ante
1438 1971 1681 2031 Pascha
1710 1971 1936 2032 diebus
1976 1972 2145 2033 dicta
2190 1971 2433 2033 fuerit?

463 2050 577 2110 His
608 2051 909 2111 omnibus
941 2050 1300 2129 perpensis,
1333 2056 1579 2109 certum
1611 2050 2170 2128 indubitatumque
2193 2051 2442 2112 videtur
2470 2051 2804 2113 homiliam
2834 2052 3012 2113 illam
3041 2068 3186 2129 qua:
3205 2049 3452 2129 decima
3482 2065 3656 2111 nona

382 2130 462 2192 ad
492 2130 929 2209 Antiochenos
960 2128 1185 2202 fertur,
1218 2137 1365 2209 post
1406 2129 1647 2209 Pascha
1695 2130 1849 2190 anni
1884 2129 1999 2190 387
2028 2130 2315 2191 habitam
2364 2130 2582 2192 fuisse.
2633 2131 2817 2193 Illam
2866 2128 3249 2209 praece’ssere
3300 2128 3660 2209 Martyrum

380 2208 777 2279 festivitates,
810 2208 1046 2285 quibus
1077 2208 1377 2288 peractis,
1409 2208 1484 2268 ad
1507 2209 1791 2288 rusticos
1821 2209 1956 2269 sive
1985 2209 2326 2287 agricolas,
2358 2211 2471 2288 qui
2506 2210 2571 2269 in
2600 2212 2825 2271 urbem
2855 2208 3270 2280 advenerant,
3304 2208 3663 2288 hanccon—

381 2289 633 2350 cionem
661 2288 737 2348 de
761 2288 1147 2366 juramentis
1192 2287 1437 2367 habuit.
1492 2287 1920 2365 Similiterque
1955 2286 2317 2350 in’homilia
2346 2286 2553 2367 prima
2582 2289 2659 2351 de
2689 2292 2876 2351 Anna
2906 2294 3052 2367 post
3102 2294 3393 2367 peractas
3424 2286 3661 2367 multas

382 2372 742 2445 martyrum
772 2367 1144 2428 festivitates
1172 2366 1251 2427 ad
1279 2367 1555 2427 rusticos
1588 2366 1963 2428 concionem
1995 2367 2072 2427 de
2096 2367 2478 2445 juramentis
2510 2368 2756 2429 habuit.
2788 2366 2943 2443 Quis
2975 2366 3123 2429 non"
3137 2367 3348 2429 videat
3374 2366 3663 2428 eamdem

381 2447 462 2508 ad
490 2447 765 2508 rusticos
796 2445 872 2508 de
898 2446 1282 2524 juramentis
1314 2445 1598 2509 habitam
1651 2446 1982 2506 homiliam
2008 2448 2355 2524 utrobique
2409 2448 2951 2509 commemorari?
2977 2448 3133 2521 Quis
3166 2464 3281 2507 nos
3318 2447 3488 2507 ultra
3532 2445 3664 2505 fer—

383 2534 522 2599 ret,
554 2528 606 2588 si
639 2526 738 2586 his
783 2527 1082 2587 omnibus
1113 2526 1206 2585 sic
1229 2532 1528 2606 accurate
1556 2526 1942 2606 examinatis
1973 2526 2262 2587 eamdem
2297 2544 2515 2587 rerum
2550 2526 2782 2588 seriem
2812 2528 2875 2589 in
2902 2526 3442 2606 Quadragesima,
3474 2541 3664 2606 eam-

381 2606 526 2668 dem
585 2622 849 2685 quoque
901 2609 1045 2682 post
1090 2604 1334 2667 Pascha
1388 2605 1960 2685 constitueremus,
2014 2609 2371 2685 martyrum
2425 2606 2619 2666 festos
2660 2606 2795 2667 dies
2838 2607 3072 2667 multos
3118 2602 3497 2675 continuos,
3539 2602 3666 2685 _ad-

383 2681 649 2746 ventum
690 2681 1083 2745 rusticorum
1110 2728 1126 2757 ,
1159 2689 1222 2744 et
1272 2685 1653 2744 concionem
1688 2684 1765 2743 de
1796 2681 2204 2763 juramentis'
2228 2686 2308 2746 ad
2351 2685 2494 2745 illos
2526 2686 2811 2746 habitam
2837 2688 2866 2745 Τ
2894 2689 3129 2746 Αιιιιοιι
3156 2686 3268 2746 illa
3296 2681 3667 2763 earumdem

383 2784 603 2826 rerum
630 2763 929 2841 repetitio
964 2769 1094 2825 tam
1128 2764 1421 2841 proxime
1454 2763 1618 2824 facta
1645 2761 1812 2840 quid
1833 2766 2149 2824 absonum
2183 2770 2246 2825 et
2274 2781 2312 2827 a
2349 2764 2906 2825 verisimilitudine
2934 2765 3218 2826 alienum
3248 2780 3381 2842 praa
3408 2781 3475 2823 se
3508 2761 3670 2842 fert?

385 2845 500 2906 llle
530 2846 750 2921 itaque
778 2842 935 2902 ordo
968 2842 1282 2904 tenendus
1313 2846 1411 2903 est
1437 2843 1548 2920 qui
1577 2844 1644 2902 in
1676 2843 1941 2903 homilia
1970 2844 2180 2921 prima
2205 2844 2281 2905 de
2310 2845 2499 2904 Anna
2534 2844 2933 2917 enuntiatur,
2960 2849 3033 2905 ut
3058 2841 3291 2921 agmen
3326 2842 3517 2902 ducat
3545 2841 3670 2921 ho-

384 2925 564 2985 milia
591 2920 669 2984 de
697 2922 907 2983 reditu
924 2922 1221 3001 Flaviani
1242 2966 1257 2991 ,
1290 2939 1435 2999 quae
1464 2923 1532 2981 in
1557 2922 1659 2982 die
1689 2928 1914 2982 sancto
1948 2920 2207 2985 Paschaa
2236 2923 2455 2985 habita
2485 2922 2627 2995 fuit;
2655 2923 2882 2984 deinde
2910 2920 3223 3001 sequatur
3250 2920 3497 3001 conicio,
3531 2920 3669 3001 sive

385 3004 766 3072 conciones,
795 3001 851 3081 si
878 3000 1138 3081 quidem
1166 2997 1649 3081 plureshabitte
1697 3001 1971 3081 fuerint,
2007 3002 2084 3064 ad
2115 3003 2380 3081 gentiles
2411 3003 2562 3080 qui,
2611 3003 2672 3062 vi
2724 2997 3105 3064 calamitatis
3131 3000 3545 3062 Antiochenaa
3573 2997 3671 3081 ad

387 3083 719 3143 meliorem
746 3077 991 3140 reducti
1023 3080 1307 3159 frugem,
1338 3079 1720 3141 Christianae
1753 3079 1898 3141 fidei
1923 3077 2154 3143 nomen
2184 3077 2526 3153 dederant;
2560 3083 2681 3143 sub
2710 3082 2843 3142 hinc
2872 3081 3032 3143 festa
3073 3077 3673 3159 Martyrumrmultis

392 3160 628 3229 diebus,
656 3159 727 3240 in
760 3177 1017 3240 omnem
1039 3158 1585 3240 ciyitat_is_par_tem
1611 3159 1933 3240 celebrata
1961 3167 2151 3233 sunt,
2180 3161 2351 3240 domi
2382 3166 2684 3221 manente
2712 3161 3109 3240 aegritudinis
3154 3157 3351 3221 causa
3380 3157 3676 3240 Chryso-

388 3246 597 3301 stomo
626 3260 642 3312 ;
676 3238 933 3299 demum
961 3237 1061 3297 die
1090 3235 1416 3318 Dominica
1430 3236 1709 3318 Seruum
1750 3238 1919 3301 dicta
1949 3240 2070 3300 fuit
2106 3239 2371 3301 homilia
2402 3240 2514 3301 illa
2544 3240 2621 3301 ad
2652 3235 2929 3301 rusiicos
2958 3240 3035 3301 de
3058 3238 3449 3318 juramentis
3477 3281 3493 3308 ,
3526 3251 3674 3318 quas

390 3321 561 3381 inter
588 3318 888 3398 homilias
943 3315 1533 3398 quadragesimales
1558 3315 1728 3395 jacet
1756 3322 1818 3377 et
1856 3318 2101 3381 decima
2152 3336 2325 3380 nona
2384 3324 2764 3380 numeratur
2795 3340 2810 3378 :
2842 3314 3119 3398 qumque
3166 3320 3309 3379 loco
3356 3314 3677 3376 movenda

392 3416 537 3460 esse
559 3397 868 3459 suadetur
896 3414 981 3457 ex
1008 3394 1416 3472 supradictis.

469 3476 612 3537 lam
640 3471 1284 3555 quarendumi'estat
1314 3490 1614 3551 quaenam
1642 3475 1725 3535 sit
1749 3474 1861 3535 illa
1889 3473 2217 3542 Dominica
2234 3476 2533 3553 Servata,
2579 3496 2723 3555 qua:
2762 3478 2828 3537 in
2864 3478 3052 3538 titulo
3086 3476 3346 3537 decimas
3381 3490 3569 3534 nona:
3597 3471 3678 3532 ad

392 3556 830 3618 Antiochenos
865 3554 1146 3614 homilire
1176 3560 1579 3614 memoratur
1610 3573 1625 3612 :
1656 3572 1735 3614 ex
1769 3555 1878 3616 illa
1908 3560 2079 3615 enim
2109 3557 2576 3632 perquisitione
2600 3554 2607 3555 7
2627 3558 2899 3618 fortasse
2949 3575 3190 3619 novum
3219 3558 3679 3632 argumentum

396 3634 476 3697 ad
508 3635 731 3696 eadem
756 3650 900 3711 quae
925 3634 1222 3711 superius
1249 3632 1586 3713 probanda
1616 3639 1923 3713 emerget.
1956 3634 2353 3713 Dixeramin
2384 3635 2762 3713 Praefatione
2796 3636 2876 3697 ad
2908 3636 3181 3695 Tomum
3209 3632 3681 3713 secundu_m,_et

393 3715 656 3793 quidem
686 3709 1572 3793 post'l‘illemontium,videri
1601 3712 1754 3771 mihi
1784 3709 2183 3773 Dominicam
2211 3710 2381 3772 illam
2398 3712 2693 3781 Serrane,
2715 3726 2852 3772 esse
2897 3715 3299 3776 Dominicam
3326 3709 3678 3793 Passionis,

394 3788 542 3871 qua:
589 3788 956 3871 quindecim
1010 3797 1160 3853 ante
1190 3792 1432 3852 Pascha
1461 3792 1688 3871 diebus
1714 3793 2097 3853 celebratur.
2130 3793 2197 3852 Id
2226 3793 2399 3871 quod
2452 3793 2630 3853 nulla
2675 3794 2803 3855 alia
2853 3804 3183 3871 permotus
3228 3788 3680 3871 rationedixi,

396 3868 787 3950 quam—quia
817 3872 953 3933 haec
981 3871 1246 3931 homilia
1280 3872 1448 3931 inter
1472 3870 2065 3950 quadragesimales
2096 3868 2353 3949 semper
2380 3873 2595 3933 locum
2624 3868 2883 3944 habuit,
2917 3880 3049 3934 tam
3075 3873 3139 3931 in
3182 3868 3642 3950 Manuscriptis
3663 3912 3677 3933 .

397 3947 598 4028 quam
624 3947 692 4011 in
720 3951 955 4021 Editis;
988 3957 1223 4010 etcum
1252 3951 1317 4009 in
1343 3950 1678 4011 Dominica
1708 3947 1929 4011 Habita
1958 3951 2155 4012 fuisse
2184 3947 2558 4012 testificetur
2586 3958 2767 4012 vetus
2798 3952 3133 4029 inscriptio
3158 3996 3174 4022 ,
3207 3950 3453 4010 nullam
3484 3947 3681 4029 aliam

396 4027 707 4111 putabam
758 4030 1289 4111 Dominicam‘jttl
1341 4030 1532 4111 hanc
1554 4031 1928 4111 concionem
1953 4030 2275 4111 quadrare
2300 4047 2488 4111 posse
2509 4075 2526 4103 ,
2556 4047 2753 4111 quam
2781 4027 3181 4111 Dominicam
3212 4027 3537 4111 Passionis
3575 4046 3591 4084 :
3623 4029 3688 4085 et

398 4108 623 4171 eadem
652 4111 727 4170 de
755 4125 952 4171 causa
984 4114 1141 4185 puto
1169 4108 1653 4169 Tillemontium
1681 4108 1748 4168 in
1775 4109 1998 4170 eadem
2028 4110 2166 4187 ipsa
2193 4110 2525 4170 Dominica
2554 4110 2787 4169 dictam
2830 4127 2973 4171 eam
3004 4110 3203 4170 fuisse
3251 4108 3681 4187 existimasse.

403 4189 682 4250 Savilius
711 4193 928 4249 autem
970 4188 1146 4249 illam
1174 4188 1579 4248 Dominicam
1607 4205 1749 4249 esse
1770 4206 1913 4249 eam
1937 4233 1953 4259 ,
1984 4186 2183 4269 quam
2215 4190 2280 4248 in
2307 4190 2487 4269 Albis
2520 4195 2774 4269 vocant,
2807 4189 3195 4269 signiﬁcavit
3223 4209 3237 4247 :
3272 4205 3357 4269 ae
3376 4186 3527 4269 licet
3553 4199 3687 4245 non

404 4275 535 4330 tam
563 4269 753 4346 longe
784 4285 818 4327 a
853 4286 1006 4327 vero
1036 4270 1292 4328 aberret
1318 4284 1512 4343 quam
1534 4284 1655 4346 ego
1694 4268 2132 4346 aberravi,rex
2168 4268 2577 4346 praajudicata
2605 4267 2665 4325 id
2692 4266 2939 4329 tantum
2969 4268 3274 4346 opinione
3300 4266 3541 4325 dixisse
3571 4279 3690 4340 pu-

404 4348 634 4409 tandus
651 4345 766 4408 est.
783 4348 913 4408 Leo
934 4346 1210 4407 Allatius
1233 4364 1383 4406 vero
1403 4347 1492 4405 Dc
1506 4345 1855 4407 Dominicis
1876 4354 1931 4407 et
1949 4345 2819 4425 hebdomadiMsﬁGrcrcorum,
2841 4366 2901 4425 p.
2923 4345 3101 4422 1ιι60,
3121 4347 3257 4408 haec
3276 4346 3497 4425 habet:
3514 4366 3543 4398 ‹‹
3563 4347 3691 4401 As-

404 4428 625 4488 censio
654 4444 917 4504 quoque
946 4426 1199 4485 Domini
1240 4426 1408 4502 apud
1434 4426 1869 4504 Cappadoces,
1902 4425 2371 4505 Episozomene,
2393 4423 2936 4490 dicebatur.nEi‘at
2970 4426 3343 4505 adnotatum
3366 4423 3432 4505 in
3463 4438 3691 4505 manu-

404 4507 643 4584 scripto
672 4500 899 4566 Codice
918 4506 1210 4583 Gregorii
1249 4500 1591 4584 NysseniE'
1608 4500 2023 4567 «Vernaculo
2036 4506 2484 4584 Cappadocum
2506 4523 2629 4566 usu
2654 4506 3111 4583 Episozomenc
3137 4500 3693 4584 diciturAscegsio

405 4586 479 4645 D.
501 4579 573 4645 N.
607 4586 664 4644 J.
692 4584 810 4665 (λη
846 4579 1240 4663 Legiturque
1262 4579 1429 4644 inter
1449 4584 1864 4656 Andriantas,
1891 4587 2026 4645 sive
2054 4579 2335 4653 Statuas,
2375 4579 2813 4665 Chrysostdmi
2844 4585 3132 4665 homilia,
3169 4581 3500 4665 Dominica
3526 4579 3695 4665 pi-

404 4682 756 4725 sozommes
791 4663 900 4743 (α).
937 4658 1182 4725 Latinis
1214 4665 1348 4725 haec
1375 4665 1711 4724 Dominica
1742 4670 1839 4725 est
1867 4665 2093 4742 quinta
2118 4672 2263 4742 post
2293 4658 2555 4725 Pascha.
2590 4687 2617 4718 »
2646 4664 2971 4724 Hactenus
2998 4664 3128 4743 Leo
3155 4661 3453 4743 Allatius,
3476 4658 3597 4743 qui
3626 4660 3691 4716 in

408 4737 869 4821 quaestionem,
903 4760 1102 4820 quam
1147 4745 1466 4822 agitamus
1494 4787 1510 4813 ,
1543 4745 1725 4803 nullo
1756 4737 1946 4804 modo
1975 4737 2308 4822 ingressus
2343 4789 2359 4815 ,
2411 4759 2544 4803 non
2598 4743 2805 4822 potuit
2833 4760 2914 4803 ex
2944 4740 3358 4820 praejudicata
3387 4737 3695 4822 opinione

409 4820 615 4901 loqui.
648 4824 712 4883 Si
742 4823 808 4882 in
839 4823 961 4883 hac
994 4820 1217 4884 auteni
1237 4823 1575 4883 Dominica
1604 4823 1891 4885 habitam
1922 4824 2001 4883 ad
2019 4820 2293 4884 rusticos
2338 4823 2415 4883 de
2455 4821 2836 4901 juramentis
2867 4823 3241 4901 concionem
3270 4834 3614 4896 ponamus,
3635 4820 3698 4877 et

410 4898 587 4963 illam
611 4902 1009 4963 Dominicam
1030 4902 1327 4969 Servatce,
1343 4902 1694 4980 utfertipse
1715 4903 1961 4973 titulus,
1977 4920 2118 4962 esse
2138 4898 2536 4962 Dominicam
2556 4903 2847 4978 quintam
2871 4906 3014 4980 post
3039 4898 3282 4980 Pascha
3308 4902 3694 4980 statuamus,

412 4983 633 5043 omnia
656 4982 1089 5059 quadrabunt.
1122 4984 1272 5042 Post
1296 4976 1785 5043 habitam—enim
1814 4983 1880 5041 in
1910 4981 2012 5041 die
2040 4982 2299 5043 Paschaa
2334 4976 2666 5041 homiliam
2692 4980 2769 5039 de
2798 4976 3006 5039 reditu
3035 4977 3366 5059 Flaviani,
3402 4976 3698 5059 Chryso—

414 5054 1065 5153 stomusconcienem
1087 5078 1286 5153 unam
1309 5062 1649 5153 vel'pl'ures
1680 5062 1981 5153 habuerit
2008 5060 2086 5121 ad
2113 5061 2409 5152 gentiles,
2440 5060 2592 5120 hinc
2620 5060 2703 5153 in.
2723 5059 3019 5153 morbum
3049 5056 3366 5153 inciderit:
3396 5054 3699 5153 domique

410 5159 583 5228 reger
610 5142 942 5228 manserit,
970 5140 1122 5200 dum
1148 5141 1362 5201 multis
1382 5134 1619 5209 diebus,
1656 5149 1713 5200 et
1734 5143 1811 5228 in
1841 5158 2077 5228 omnem
2101 5134 2380 5228 c'ivitrttis
2402 5149 2652 5228 partem
2667 5141 2824 5228 festa
2841 5145 3189 5228 martyrum
3215 5134 3697 5228 celebrarentth

418 5210 805 5297 dEmumque
844 5210 1205 5282 inStaurata
1247 5225 1596 5297 utcumque
1650 5220 2017 5281 valetudine
2038 5264 2054 5291 ,
2109 5210 2526 5296 nondumque
2559 5210 2786 5278 solutis
2814 5210 3029 5297 morbi
3057 5214 3349 5292 reliquiis
3374 5258 3390 5285 ,
3423 5214 3593 5297 hanc
3621 5210 3700 5269 ad

416 5292 838 5361 rusticos-seu
861 5300 1180 5377 agricolas
1210 5292 1587 5360 concionem
1616 5300 1953 5373 habuerit,
1981 5299 2319 5361 Dominica
2347 5292 2574 5376 quinta
2602 5302 2748 5377 post
2774 5295 3042 5377 Pascha,
3063 5311 3208 5372 quae
3237 5292 3699 5377 Aseensionem

416 5379 772 5520 Efﬁciegiztih
791 5368 1144 5519 ἓίέἒὲθὲιῐὲιω
1188 5379 1528 5440 Sermones
1561 5380 1628 5440 in
1680 5368 1947 5441 Annam
1980 5368 2389 5441 continenter
2415 5368 2652 5438 dixerit
2678 5376 2791 5436 illo
2841 5368 3107 5443 ordine;
3138 5389 3271 5451 quo
3305 5371 3585 5431 diximus
3632 5368 3700 5428 in

518 5734 592 5797 (ο)
626 5733 982 5793 Episozomene.
1007 5731 1225 5791 genitivo
1257 5730 1640 5790 Episozomenes,
1668 5731 1745 5777 est
1766 5734 1859 5776 vox
1882 5721 2053 5777 Graeca
2074 5733 2113 5775 tu

1785 5734 1859 5776 vox
1882 5721 2053 5777 Greca
2074 5727 2333 5783 ιιισυζονινη,
2347 5742 2388 5781 ης
2402 5752 2416 5779 ,
2435 5723 2547 5778 quos
2566 5710 2750 5772 Latine,
2774 5710 2979 5770 seruata,
3007 5703 3380 5770 interpretatur.
