4040 6378
505 388 1992 416 —

1583 418 1996 426 —.———__——

1227 419 1665 555 WEN
1723 419 2088 555 ΑΓΙΟῘΣ
2161 470 2595 556 ΠΑΤΡΟΣ
2671 469 2999 559 ΗΜΩΝ

1490 587 2693 799 ΙΩΑΝΝΟΥ

1661 816 1815 870 ΤΟΥ
1873 819 2505 876 ΧΡΥΣΟΣΤΟΜΟΥ

1385 926 1529 1009 ΤΑ
1592 923 2376 1058 ΕΥΡΙΣΚΟῙξἸ-ΕΝΑ
2424 928 2829 1014 ΠΑΝΤΑ.

747 1101 990 1153 ΛΟΓΟΣ
1044 1096 1600 1154 ΠΑΡΑΙΝΕΤΙΚΟΣ
1685 1095 1814 1147 ΕΙΣ
1867 1093 2011 1146 ΤΗΝ
2050 1091 2368 1145 ΕῙΣΟΔΟΝ
2417 1095 2554 1146 ΤΗΣ
2577 1095 2811 1148 ΑΓῙΑΣ
2845 1095 3490 1151 ΤΕΣΣΛΡΔΚΟΣΤΗΣ.

1056 1240 1297 1294 ΟΜΙΛΙΑ
1335 1245 1403 1292 a'.

463 1324 748 1392 a'.Xa£pm,
771 1325 865 1378 καὶ
889 1323 1250 1394 εὑφραίνομαι
1277 1321 1418 1394 ὁρῶν
1438 1321 1676 1390 σήμερον
1696 1315 1795 1385 τήν
1822 1312 1913 1367 τοῦ
1928 1309 2063 1366 Θεοῦ

392 1407 722 1477 Ἐκκλησίαν
742 1407 820 1478 τῷ
843 1407 1037 1477 πλήθει
1059 1407 1167 1460 τῶν
1193 1405 1408 1458 οἰκείων
1427 1403 1631 1455 τέκνων
1661 1395 2068 1468 κοσμουμένην,

392 1492 488 1542 καὶ
537 1492 673 1560 μετά
708 1491 908 1561 πολλῆς
957 1491 1057 1560 τῆς
1095 1487 1453 1560 περιχαρείας
1481 1486 1724 1544 ἅπαντας
1761 1482 1905 1549 ὑμᾶς
1939 1495 2062 1561 συνέ

391 1572 822 1644 δεδραμηκότας.
868 1560 1040 1626 Ὅταν
1087 1572 1195 1642 γὰρ
1241 1568 1530 1637 ἀποϐλέψω
1571 1566 1706 1638 πρὸς
1749 1563 1820 1617 τά
1867 1560 2068 1644 φαιδρά

394 1643 871 1727 ὑμῶνγπρόσωπα,
899 1656 1196 1726 τεκμήριον
1222 1654 1480 1724 μέγιστον
1509 1647 1770 1719 ποιοῦμαι
1797 1645 1897 1716 τῆς
1925 1643 2066 1696 κατά

390 1738 570 1809 ψυχὴν
615 1739 768 1810 ὑμῶν
814 1740 1040 1810 ἡδονῆς·
1099 1738 1349 1806 καθάπερ
1399 1735 1492 1789 καὶ
1535 1731 1696 1800 σοφός
1747 1747 1831 1793 τις
1881 1728 2062 1795 ἔλεγε·

390 1822 654 1890 Καρδίας
687 1822 1164 1892 εὐφραινομένης
1211 1820 1420 1875 θάλλει
1466 1818 1812 1886 πρόσωπον.
1856 1813 1955 1866 Διά
1981 1828 2072 1863 τοι

390 1905 550 1960 τοῦτο
578 1909 671 1961 καὶ
719 1909 879 1971 αὐτὸς
912 1907 1050 1979 μετά
1085 1907 1329 1968 πλείονος
1359 1905 1458 1975 τῆς
1497 1900 1807 1972 προθυμίας
1838 1898 2068 1966 ἀνέστην

393 1991 653 2060 σήμερον,
685 1992 819 2061 ὁμοῦ
850 1993 942 2045 καὶ
973 1991 1072 2060 τῆς
1123 1987 1461 2060 εὐφροσύνης
1513 1987 1642 2056 ὑμῖν
1677 1983 2019 2052 κοινωνήσων
2039 1991 2066 2020 ι

389 2073 594 2145 ταύτης
636 2075 736 2145 τῆς
777 2073 1192 2145 πνευματικῆς,
1238 2072 1333 2126 καὶ
1375 2069 1616 2142 μηνυτὴς
1651 2070 1777 2139 ὑμῖν
1815 2063 2067 2135 γενέσθαι

393 2157 712 2228 βουλόμενος
751 2158 849 2228 τῆς
882 2158 1186 2227 παρουσίας
1229 2157 1326 2227 τῆς
1370 2155 1530 2223 ἁγίας
1581 2149 2065 2222 τεσσαρακοστῆς,

389 2241 483 2294 τοῦ
522 2241 814 2311 φαρμάκου
860 2243 1002 2308 λέγω
1046 2241 1154 2293 τῶν
1203 2239 1490 2310 ἡμετέρων
1537 2235 1743 2306 ψυχῶν.
1802 2233 2066 2304 Καθάπερ

389 2324 499 2394 γὰρ
527 2325 706 2394 πατὴρ
739 2324 1088 2395 φιλόστοργος
1125 2327 1153 2378 ό
1181 2323 1359 2386 κοινὸς
1388 2321 1644 2376 ἀπάντων
1673 2317 1830 2390 ἡμῶν
1862 2316 2067 2369 Δεσπό-

389 2426 509 2479 της.
533 2408 854 2477 βουλόμενος
885 2410 1035 2479 ἡμᾶς
1060 2407 1428 2477 ἀπονίψασθαι
1456 2405 1524 2458 τά
1555 2406 1612 2456 ἐν
1646 2402 1810 2455 παντὶ
1837 2400 1914 2471 τῷ
1941 2399 2067 2470 χρό-

389 2511 466 2562 νῳ
491 2493 516 2531 δ
563 2493 694 2562 ἡμῖν
739 2492 1142 2562 ἡμαρτημένα,
1201 2490 1297 2542 καὶ
1338 2488 1428 2541 διά
1467 2489 1566 2558 τῆς
1611 2485 1773 2554 ἁγίας
1811 2483 2068 2554 νηστείας

389 2576 681 2645 ἐπενόησεν
716 2577 847 2645 ἡμῖν
877 2573 1193 2644 θεραπείαν.
1223 2571 1429 2640 Μηδεὶς
1463 2571 1643 2623 τοίνυν
1671 2567 1904 2638 γινέσθω
1937 2583 2067 2619 κατ-

387 2657 562 2728 ηφὴς,
599 2656 786 2727 μηδεὶς
827 2656 1053 2724 στυγνὸς
1101 2653 1410 2724 φαινέσθω,
1459 2652 1594 2705 ἀλλά
1628 2651 1933 2722 σκιρτάτω,
1971 2650 2067 2702 καὶ

389 2739 647 2811 χαιρέτω,
677 2739 771 2792 καὶ
798 2737 1071 2804 δοξαζέτω
1094 2738 1185 2790 τὸν
1211 2737 1487 2806 κηδεμόνα
1516 2735 1624 2789 τῶν
1653 2735 1937 2805 ἡμετέρων
1960 2732 2064 2801 ψυ-

390 2822 523 2893 χῶν,
564 2821 657 2874 τὸν
695 2819 902 2891 ταύτην
939 2823 1072 2891 ἡμῖν
1101 2821 1202 2889 τὴν
1246 2819 1476 2889 ἀρίστην
1525 2816 1760 2887 τεμόντα
1800 2815 1938 2876 ὁδὸν,
1971 2813 2066 2867 καὶ

392 2908 530 2978 μετά
558 2905 758 2976 πολλῆς
782 2905 883 2976 τῆς
921 2903 1280 2976 περιχαρείας
1306 2915 1327 2938 “-
1361 2901 1706 2971 ὑποδεχέσθω
1735 2899 1938 2969 ταύτης
1967 2897 2065 2969 τὴν

389 2990 708 3062 παρουσίαν.
729 2986 808 3060 [2]
831 2987 1288 3058 Αἰσχυνέσθωσαν
1310 2984 1593 3054 Ἕλληνες,
1611 2981 2064 3052 ἐγκαλυπτέσθω-

391 3092 488 3127 σαν
523 3075 783 3137 Ἰουδαῖοι,
817 3072 1053 3145 ὁρῶντες
1083 3071 1239 3141 ἡμῶν
1261 3069 1358 3140 τὴν
1388 3067 1607 3138 ἀγάπην
1641 3067 1803 3138 ἱλαρᾷ
1834 3067 1898 3136 τῇ
1932 3081 2065 3136 προ-

390 3161 562 3234 θυμίᾳ
599 3161 696 3234 τὴν
724 3160 927 3232 ταύτης
960 3159 1262 3231 παρουσίαν
1297 3156 1710 3226 ἀσπαζομένους
1731 3194 1745 3217 ,
1799 3155 1894 3206 καὶ
1928 3171 2065 3223 μαν-

391 3247 699 3300 θανέτωσαν
723 3244 811 3298 διά
838 3245 936 3314 τῆς
962 3243 1068 3296 τῶν
1095 3243 1438 3313 πραγμάτων
1474 3241 1690 3310 πείρας,
1721 3241 1844 3293 ὅσον
1867 3238 1928 3290 τὸ
1963 3237 2060 3307 μέ-

394 3347 486 3383 σον
525 3328 682 3400 ήμῶν
721 3345 781 3381 τε
827 3329 922 3382 καὶ
967 3326 1170 3380 αὐτῶν.
1220 3326 1327 3379 Kal
1369 3325 1566 3378 ἐκεῖνοι
1600 3324 1696 3394 μὲν
1745 3321 1938 3393 ἐορτάς
1969 3321 2064 3374 καὶ

393 3412 732 3483 πανηγύρεις
780 3411 1194 3481 ὀνομαζέτωσαν
1234 3409 1330 3483 τὴν
1376 3406 1576 3478 μέθην,
1623 3407 1717 3459 καὶ
1761 3404 1858 3476 τὴν
1897 3403 2064 3474 ἀλλην

394 3500 609 3552 ἃπασαν
641 3495 958 3557 ἀκολασίαν,
1002 3495 1096 3547 καὶ
1129 3493 1228 3556 τάς
1255 3479 1638 3564 ἀᾶχημοσύνας
1664 3529 1678 3552 ,
1714 3487 1780 3552 ἂς
1806 3487 1950 3550 εἰκὸς
1981 3489 2067 3539 ἐν·

393 3581 584 3634 τεῦθεν
628 3580 825 3641 αὑτοὺς
861 3577 1314 3649 ἐπισύρεσθαιοή
1355 3577 1410 3630 δὲ
1452 3577 1546 3629 τοῦ
1591 3575 1727 3628 Θεοῦ
1770 3571 2065 3642 Ἐκκλησία

393 3663 722 3724 ἀπεναντίας
745 3661 974 3724 ἐκείνοις
994 3661 1092 3731 τὴν
1115 3659 1368 3730 νηστείαν
1390 3699 1404 3720 ,
1426 3659 1524 3730 τὴν
1545 3659 1643 3727 τῆς
1666 3656 1902 3726 γαστρὸς
1933 3657 2066 3707 ὑπε-

395 3746 608 3820 ροψίαν,
636 3744 732 3798 καὶ
762 3743 860 3813 τήν
890 3744 1163 3813 ἑπομένην
1187 3743 1356 3814 ταύτῃ
1388 3744 1568 3795 πᾶσαν
1613 3741 1816 3811 ἀρετὴν
1871 3738 2064 3810 ἑορτήν

390 3826 875 3900 όνομαζέτω.Αὖτη
894 3827 997 3898 γάρ
1015 3825 1217 3897 ἀληθὴς
1234 3824 1548 3897 ἐορτὴ,ἐνθα
1564 3823 1750 3895 ψυχῶν
1769 3822 2064 3893 σωτηρίαά,

390 3913 519 3968 ἔνθα
571 3914 759 3982 εἰρήνη
793 3911 888 3963 καὶ
927 3909 1168 3981 ὁμόνοια,
1191 3910 1320 3964 ἔνθα
1375 3909 1598 3980 βιωτικὴ
1627 3911 1777 3963 πᾶσα
1797 3908 2066 3978 φαντασία

391 3993 764 4062 ἀπελήλαταιο
805 3991 940 4043 ὃπου
987 3990 1202 4062 κραυγὴ
1244 3992 1336 4043 καὶ
1366 3989 1612 4059 θόρυϐος,
1661 3989 1756 4042 καὶ
1788 3988 2065 4059 μαγείρων

389 4073 599 4143 δρόμοι,
626 4071 718 4123 καὶ
738 4069 844 4122 τῶν
864 4069 1073 4137 ἀλόγων
1098 4070 1303 4138 σφαγαὶ
1338 4068 1580 4122 ἐκποδών
1603 4086 1616 4098 ·
1637 4069 1840 4140 ἠρεμία
1873 4068 1927 4120 δέ
1957 4069 2063 4119 πᾶ-

391 4172 482 4220 σα,
512 4153 606 4208 καὶ
635 4152 868 4223 γαλήνη,
899 4152 994 4205 καὶ
1019 4151 1232 4220 ἀγάπη,
1263 4152 1357 4205 καὶ
1379 4153 1540 4224 χαρά,
1567 4153 1660 4205 καί
1707 4153 1898 4222 εἰρήνη
1920 4190 1935 4214 ,
1971 4151 2064 4204 καὶ

391 4237 635 4311 πρᾳότης
660 4275 674 4299 ,
706 4237 800 4288 καὶ
842 4235 1009 4306 μυρία
1035 4245 1058 4274 ο
1090 4234 1272 4303 ἀγαθὰ
1305 4235 1419 4288 ἀντ’
1452 4236 1674 4289 ἐκείνων
1703 4235 2061 4289 πολιτεύεται.

457 4334 592 4405 Φέρε
609 4329 724 4396 οὖν,
761 4331 1082 4402 παρακαλῶ,
1112 4331 1283 4402 μικρά
1312 4332 1440 4401 περὶ
1461 4331 1668 4403 ταύτης
1694 4330 2064 4401 διαλεχθῶμεν

392 4419 529 4490 πρὸς
557 4418 656 4488 τὴν
682 4417 957 4488 ὑμετέραν
985 4417 1226 4486 ἀγάπην,
1251 4418 1427 4469 ἐκεῖνο
1459 4416 1723 4488 πρότερον
1751 4414 2064 4487 παρακαλέ-

394 4517 587 4564 σαντες
618 4501 784 4570 ὑμᾶς,
831 4498 968 4568 μετά
1003 4499 1203 4568 πολλῆς
1234 4500 1464 4571 ἡσυχίας
1493 4498 1744 4565 δέξασθαι
1777 4499 1901 4562 τοὺς
1927 4501 2065 4568 ἡμε-

389 4585 582 4655 τέρους
610 4583 801 4650 λόγους
827 4621 839 4642 ,
874 4581 960 4634 ἵνα
985 4581 1409 4652 καρπωσάμενοί
1437 4598 1490 4634 τι
1517 4583 1784 4649 γενναῖον,
1812 4579 2065 4633 ἐντεῦθεν

389 4665 571 4720 οἴκαδε
603 4664 1016 4735 ἀναχωρήσητε.
1043 4663 1178 4716 Ούδέ
1201 4665 1308 4734 γάρ
1335 4663 1524 4726 ἀπλῶς
1553 4664 1646 4717 καὶ
1677 4663 1801 4733 εἰκῆ
1829 4662 2064 4715 ἐνταῦθα

392 4751 617 4819 σύνιμεν
647 4747 692 4816 ί,
729 4747 816 4800 ἵνα
844 4747 873 4798 ὁ
901 4747 998 4816 μὲν
1024 4747 1150 4816 εἴπῃ
1171 4786 1185 4806 ,
1220 4748 1248 4798 ὁ
1270 4747 1326 4800 δὲ
1365 4747 1607 4817 κροτήσῃ
1651 4744 1838 4808 άπλῶς
1869 4745 1938 4798 τά
1973 4744 2064 4796 λε-

390 4833 600 4903 γόμενα
623 4871 640 4897 ,
687 4829 782 4883 καί
816 4827 989 4891 οὕτως
1034 4828 1284 4882 ἐντεῦθεν
1315 4828 1618 4900 ἐξέλθωμεν
1639 4847 1653 4860 ο
1686 4827 1803 4881 ἀλλ’
1843 4827 1930 4880 ἵνα
1966 4829 2064 4881 καὶ

388 4918 551 4986 ἡμεῖς
599 4912 869 4984 χρήσιμόν
908 4929 960 4964 τι
993 4913 1084 4964 καὶ
1136 4913 1244 4964 τῶν
1289 4913 1619 4983 συνεχόντων
1661 4912 1758 4984 τὴν
1790 4912 2064 4982 σωτηρίαν

457 5018 481 5044 ³
509 5016 728 5074 Oualuor
760 5015 1011 5075 ιηεεὼμῶν
1029 5015 1349 5071 κοινωνήσων.

453 5076 482 5115 b
515 5075 650 5127 (lolb.
681 5089 806 5123 unus
830 5075 876 5122 ἐν
897 5077 1036 5122 παντὶ
1057 5077 1228 5138 χρόνῳ.
1285 5075 1407 5138 Infra
1429 5081 1638 5136 quatuor
1661 5087 1775 5138 mss.
1800 5075 1918 5136 μηδὲ
1945 5091 2060 5138 στυ-

390 5138 728 5200 γνόςδενὶιὶυε
739 5142 872 5184 notat
885 5139 1054 5197 plures
1070 5136 1132 5185 I’i’b
1140 5136 1216 5185 ros
1229 5137 1412 5187 habere
1427 5138 1585 5198 μηδεὶς
1598 5137 1830 5198 φαινέσθω
1844 5136 2055 5196 στυγνός.

471 5205 492 5230 ε
523 5201 646 5247 BHE.
676 5212 803 5247 unus
827 5204 911 5247 τῆς
939 5199 1214 5247 προθυμίας.
1970 5199 1981 5214 '

471 5213 492 5230 υ
525 5213 646 5260 Heg.
676 5213 803 5247 unus
827 5215 911 5255 της
939 5213 1214 5262 προθυμίας.
1972 5213 1977 5214 ⁷

455 5263 480 5300 d
509 5266 726 5319 Quatuor
746 5273 862 5308 mss.
883 5260 971 5322 γάρ
991 5261 1165 5317 ἀληθὴς
1188 5261 1344 5322 ἑορτὴ,
1368 5260 1474 5308 ἔνθα
1499 5259 1662 5322 ψυχῶν
1684 5260 1914 5321 σωτηρία,
1929 5258 2059 5306 bene

394 5322 585 5373 omissis
624 5323 860 5381 articulis,
893 5321 1049 5383 quiin
1079 5325 1214 5383 prius
1245 5321 1401 5370 editis
1436 5321 1680 5383 habentur
1714 5323 1803 5379 sic,
1828 5324 1857 5378 ἡ
1886 5323 2060 5378 ἀληθής

393 5387 551 5460 ἑορτῇ,
576 5385 792 5460 ἐνθαντιῶν
810 5382 997 5460 μηκῶν.
1021 5382 1345 5434 Οοίδιὶιιὶίιηυε
1367 5385 1421 5430 n°
1443 5382 1497 5431 61
1523 5382 1617 5441 bis,
1641 5384 1746 5430 ἔνθα
1772 5386 1861 5446 γὰρ
1887 5386 1916 5440 ἡ
1941 5385 2060 5442 ἀλη-

391 5446 482 5503 θῶς
505 5447 658 5508 ἑορτὴ,
674 5446 780 5492 ἔνθα
798 5446 977 5506 ψυχῶν.

458 5521 482 5577 ε
510 5508 630 5577 μηδ.
655 5519 778 5577 uuus
801 5504 1066 5577 eLCoi_slin.
1092 5509 1145 5553 et
1167 5503 1455 5577 eliqupl-a‘lii
1481 5519 1595 5554 mss.
1620 5507 1708 5577 ’καὶ
1727 5505 1786 5554 τὰ
1808 5506 1964 5577 μυρία..

461 5569 479 5607 ῖ
510 5571 639 5618 Edil.
676 5571 1075 5629 Μοτειπυνῆμεν,
1098 5570 1244 5616 male.
1274 5567 1412 5617 Mulli
1437 5581 1553 5616 mss.
1577 5567 1808 5628 σύνειμεν.
1831 5567 1979 5618 Βὰνίι.
2009 5575 2062 5619 el.

393 5645 522 5681 unus
539 5629 692 5677 codex
708 5629 913 5689 σύνιμεν.

456 5696 480 5732 8
507 5691 703 5738 linislin.
725 5699 778 5737 eL
801 5698 901 5738 [res
929 5690 1010 5738 alii
1028 5691 1276 5752 ἡμετέραν,
1303 5691 1444 5738 elsic
1473 5690 1621 5740 Savil.

453 5753 480 5791 ιι
511 5754 630 5812 Reg.
658 5753 850 5812 quidam
872 5758 924 5799 et
948 5753 1091 5801 Coisl.
1115 5751 1248 5814 οὐδὲν
1270 5753 1496 5810 ὀνίνησιν,
1523 5761 1572 5801 el
1596 5751 1667 5801 sic
1685 5754 1794 5801 Snv.
1819 5754 1866 5802 in
1879 5767 2052 5814 marg.;

392 5823 639 5881 ξηιριςιπυε
665 5815 778 5881 logi!
807 5814 1061 5881 6vﬁaa:,_et
1085 5815 1154 5881 εἰς
1174 5813 1381 5881 ίιειίιειιιτ
1398 5817 1451 5881 _iu
1482 5815 1718 5865 λίθεοι.οι
1741 5813 2050 5879 ιιτίιιυομιιεε.

462 5889 477 5916 ι
508 5877 631 5938 Reg.
676 5885 728 5923 cl
746 5875 946 5925 Consliu.
989 5878 1052 5932 ὡς
1074 5876 1207 5924 οὐδέν
1236 5877 1338 5925 ἐστι
1361 5878 1521 5926 πλέον.

2086 1189 2156 1201 -ο

2165 1235 2264 1304 τὴν
2297 1236 2567 1306 ὑμετέραν
2589 1247 2614 1285 8
2651 1237 3040 1308 φθεγξώμεθα,
3073 1239 3168 1292 καὶ
3200 1239 3360 1308 ὑμεῖς
3387 1237 3745 1309 κερδάναντες
3776 1236 3842 1288 ἐγ

2165 1319 2274 1371 τῶν
2300 1319 2609 1390 λεγομένων
2629 1360 2644 1383 ,
2672 1322 2766 1375 καὶ
2801 1321 3000 1392 πολλὴν
3036 1321 3134 1393 τὴν
3167 1321 3435 1390 ὠφέλειαν
3465 1318 3839 1390 καρπωσάμε-

2167 1421 2267 1468 νοι,
2293 1404 2464 1467 οὕτως
2495 1404 2742 1460 ἐντεῦθεν
2777 1407 3048 1478 ἐξέλθητε.
3093 1408 3350 1478 ’ἰατρεῖον
3380 1404 3488 1475 γάρ
3522 1405 3638 1456 ἐστι
3670 1419 3840 1454 πνευ-

2171 1489 2398 1558 ματικὸν
2445 1490 2478 1559 ἡ
2525 1489 2790 1558 ἐκκλησία
2815 1533 2828 1555 ,
2863 1493 2956 1544 καὶ
2993 1491 3074 1544 δεῖ
3103 1492 3228 1553 τοὺς
3260 1489 3494 1543 ἐνταῦθα
3536 1503 3840 1559 παραγενο-

2171 1557 2365 1644 μένους
2395 1557 2710 1644 κατάλληλα
2736 1574 2807 1628 τά
2840 1576 3107 1646 φάρμακα
3143 1575 3520 1644 λαμϐάνοντας
3545 1613 3560 1634 ,
3604 1557 3699 1624 καὶ
3722 1557 3841 1632 τεοῖς

2167 1659 2389 1722 οἰκείοις
2420 1659 2730 1731 τραύμασιν
2759 1660 3098 1724 ἐπιτιθέντας
3117 1701 3130 1723 ,
3173 1659 3345 1721 οὕτως
3386 1656 3685 1711 ἐπανιέναι.
3715 1653 3840 1706 Ὅτι

2167 1746 2274 1816 γὰρ
2299 1746 2332 1816 ἡ
2356 1745 2621 1816 ἀκρόασις
2651 1744 2786 1814 μόνη
2816 1744 2943 1798 ἀνευ
2967 1745 3063 1814 τῆς
3079 1743 3167 1798 διά
3189 1742 3297 1795 τῶν
3325 1741 3500 1811 ἔργων
3527 1737 3840 1804 ἐπιδείξεως

2167 1829 2319 1881 ούδέν
2352 1829 2532 1898 ὀνήσει
2555 1829 2606 1890 ιι,
2650 1828 2814 1882 ἄκουε
2859 1827 2952 1880 τοῦ
2989 1827 3259 1899 μακαρίου
3303 1824 3517 1880 Παύλου
3547 1823 3796 1899 λέγοντος
3821 1836 3836 1850 ⁸

2172 1915 2257 1966 Οὐ
2281 1914 2391 1982 γὰρ
2421 1895 2475 1966 οἱ
2498 1911 2785 1980 ἀκροαταί
2808 1911 2914 1964 τοῦ
2938 1895 3379 1980 νόμουδίκαιοι
3409 1906 3568 1975 παρὰ
3588 1895 3667 1970 ἓῷ
3695 1903 3840 1969 Θεῷ,

2167 1999 2304 2052 ἀλλ’
2345 1999 2399 2050 οι
2450 1995 2687 2062 ποιηταί
2732 1995 2838 2049 τοῦ
2879 1997 3068 2060 νόμου
3102 1992 3620 2060 δικαιωθήσονται.
3664 1991 3774 2044 Kal
3810 1991 3842 2042 ό

2169 2079 2401 2150 Χριστὸς
2433 2078 2488 2131 δὲ
2521 2077 2849 2150 δημηγορῶν
2890 2077 3109 2146 ἐλεγενο
3145 2079 3226 2131 Οὐ
3265 2075 3384 2142 πᾶς
3427 2079 3458 2129 ό
3502 2074 3696 2142 λέγων
3713 2091 3837 2142 μοι,

2167 2167 2346 2232 Κύριε
2399 2163 2591 2230 Κύριε,
2628 2162 3039 2215 εἰσελεύσεται
3083 2163 3169 2226 εἰς
3204 2160 3322 2228 τὴν
3355 2160 3683 2224 ,ϐασιλειαν
3719 2155 3843 2210 τῶν⁸

2168 2247 2458 2316 οὐρανῶν,
2491 2247 2629 2301 ἀλλ’
2675 2249 2707 2300 ό
2732 2244 2921 2299 ποιῶν
2945 2246 3012 2298 τὸ
3047 2245 3278 2313 θέλημα
3310 2245 3416 2299 τοῦ
3462 2245 3690 2310 Πατρός
3717 2259 3838 2309 μου

2168 2333 2272 2387 τοῦ
2307 2332 2375 2384 ἐν
2403 2330 2702 2399 οὐρανοῖς.
2743 2330 2954 2392 Εὶδότες
2993 2331 3204 2391 τοίνυν,
3235 2329 3510 2398 ἀγαπητοὶ
3532 2368 3544 2389 ,
3581 2327 3656 2390 ῶς
3683 2325 3840 2379 οὐδὲν

2168 2416 2300 2484 ἡμῖν
2332 2415 2345 2454 i
2372 2411 2524 2465 ἐσται
2560 2411 2721 2464 πλέον
2748 2413 2812 2465 ἐκ
2843 2411 2941 2482 τῆς
2967 2412 3306 2482 ἀκροάσεως,
3337 2411 3387 2462 εί
3426 2409 3500 2479 μή
3533 2408 3718 2462 ’έποιτο
3743 2407 3841 2459 καὶ

2167 2499 2201 2568 ή
2239 2496 2325 2549 διά
2355 2495 2462 2548 τῶν
2493 2494 2668 2564 ἔργων
2712 2494 3022 2564 πλήρωσις,
3059 2494 3133 2564 μὴ
3175 2494 3333 2564 μόνον
3368 2493 3637 2564 ἀκροαταί
3673 2490 3838 2560 γινὼ-

2171 2580 2330 2652 μεθα,
2377 2578 2512 2632 ἀλλά
2541 2579 2634 2630 καὶ
2664 2578 2917 2646 ποιηταὶ,
2951 2579 3036 2631 ἵνα
3077 2577 3146 2630 τά
3180 2577 3316 2648 ἔργα
3361 2579 3474 2639 τοῖς
3503 2576 3680 2642 λόγοις
3713 2574 3841 2627 ἐπό-

2171 2681 2307 2734 μενα
2334 2661 2534 2730 πολλῆς
2567 2663 2702 2732 ἡμῖν
2728 2661 3040 2732 παρρησίας
3069 2661 3326 2724 ὑπόθεσις
3353 2660 3597 2728 γένηται.
3630 2655 3842 2710 Ἀπλῶ-

2169 2763 2363 2808 σαντες
2399 2745 2579 2797 τοίνυν
2611 2744 2739 2807 τοὺς
2765 2743 2996 2806 κόλπους
3027 2743 3126 2812 τῆς
3159 2743 3415 2805 διανοίας,
3450 2741 3594 2794 οὕτω
3615 2740 3840 2802 δέξασθε

2164 2833 2290 2894 τοὺς
2327 2829 2455 2900 περί
2485 2830 2585 2899 τῆς
2611 2828 2864 2900 νηστείας
2917 2828 3126 2896 λόγους.
3176 2827 3285 2880 Kal
3339 2826 3590 2896 καθάπερ
3641 2826 3690 2878 οἱ
3737 2823 3841 2877 σὼ-

2167 2912 2342 2984 φρονά
2381 2929 2504 2965 τινα
2544 2911 2638 2964 καὶ
2673 2911 2908 2980 κοσμίαν
2945 2908 3272 2981 ἐλευθέρανὶ
3325 2909 3606 2979 μέλλοντες
3637 2907 3842 2976 ἀγαγέ-

2169 2997 2290 3050 σθαι
2318 3038 2332 3058 ,
2386 2993 2654 3048 πάντοθεν
2719 2993 3185 3063 παραπετάσμασι
3244 2992 3685 3052 καλλωπίσαντες
3739 2990 3840 3051 τὰς

2165 3079 2466 3142 παστάδας,
2519 3078 2614 3131 καὶ
2654 3077 3063 3146 ἐκκαθάραντες
3107 3077 3204 3146 τὴν
3235 3075 3442 3129 οἰκείαν
3469 3076 3709 3136 ἃπασαν,
3741 3075 3840 3127 καὶ

2168 3162 2368 3225 πάσαις
2397 3165 2515 3224 ταῖς
2538 3159 2911 3230 ἡμελημέναις
2945 3159 3324 3231 θεραπαινίσιν
3352 3159 3552 3214 ἄϐατον
3581 3161 3841 3228 ποιήσαν-

2165 3263 2276 3308 τες,
2329 3245 2472 3298 οὓτω
2500 3243 2713 3314 ταύτην
2739 3245 2765 3283 ιι
2811 3247 2889 3308 εἰς
2943 3243 3042 3306 τὰς
3078 3243 3358 3306 παστάδας
3403 3243 3710 3309 εἰσάγουσι·
3744 3241 3840 3294 τὸν

2165 3328 2326 3383 αὑτὸν
2375 3327 2438 3398 δή
2483 3327 2682 3399 τρόπον
2734 3328 2830 3380 καὶ
2892 3327 3037 3398 ὑμᾶς
3085 3326 3376 3397 βούλομαι,
3425 3325 3839 3394 ἐκκαθάραντας

2166 3414 2319 3482 ὑμῶν
2364 3412 2455 3464 τὸν
2495 3410 2772 3481 λογισμὸν,
2828 3412 2923 3464 καὶ
2960 3414 3028 3482 τῇ
3073 3414 3252 3483 τρυφῇ
3303 3411 3399 3464 καὶ
3437 3407 3516 3482 [5]
3561 3412 3627 3480 τῇ
3673 3409 3835 3480 λοιπῇ

2166 3493 2484 3566 ἀδηφαγίᾳι
2524 3494 2695 3547 πολλὰ
2727 3494 2938 3566 χαίρειν
2970 3494 3260 3558 εἰπόντας,
3310 3492 3451 3546 οὕτω
3491 3491 3588 3565 τὴν
3627 3493 3840 3563 μητέρα

2166 3579 2272 3633 τῶν
2315 3580 2534 3648 ἀγαθῶν
2569 3579 2846 3645 ἀπάντων,
2899 3579 2993 3632 καὶ
3035 3579 3133 3648 τῆς
3184 3577 3538 3645 σωφροσύνης
3563 3617 3578 3640 ,
3611 3577 3705 3630 καὶ
3738 3577 3840 3648 τῆς

2167 3663 2332 3734 ἄλλης
2376 3663 2592 3733 ἀπάσης
2627 3663 2831 3735 ἀρετῆς
2875 3663 3211 3724 διδάσκαλον,
3239 3661 3339 3731 τὴν
3368 3662 3624 3731 νηστείαν
3669 3660 3836 3730 λέγω,

2167 3748 2510 3819 ήπλωμένοις
2541 3749 2652 3811 τοῖς
2695 3747 2916 3810 κόλποις
2951 3744 3309 3809 ὑποδέξασθαι
3336 3784 3350 3805 ,
3405 3745 3492 3798 ἵνα
3543 3745 3636 3822 καὶ
3679 3745 3838 3814 ὑμεῖς

2167 3832 2409 3894 πλείονος
2462 3829 2806 3901 ἀπολαύσητε
2833 3831 2932 3899 τῆς
2957 3830 3170 3901 ἡδονῆς,
3203 3831 3296 3883 καὶ
3330 3829 3468 3901 αὕτη
3501 3829 3598 3899 τήν
3630 3831 3841 3882 οἰκείαν

2166 3915 2260 3968 καὶ⁵
2295 3912 2683 3984 κατάλληλονιη
2715 3915 2843 3983 ὑμῖν
2873 3913 3110 3983 ἰατρείαν
3150 3913 3518 3984 παράσχηται.
3557 3915 3616 3966 Εἰ
3647 3911 3755 3982 γάρ
3784 3913 3837 3965 οἰ

2164 3999 2274 4052 τῶν
2303 3997 2504 4065 ἰατρῶν
2545 3996 2734 4058 παῖδες
2757 4038 2772 4060 ,
2814 3997 3034 4049 ἐπειδάν
3066 3995 3300 4066 μέλλωσι
3335 3997 3600 4068 φάρμακα
3637 3997 3838 4051 διδόναι

2164 4084 2277 4145 τοῖς
2314 4079 2658 4152 βουλομένοις
2684 4079 2774 4132 τὸν
2807 4079 3082 4150 σεσηπότα
3117 4082 3210 4134 καὶ
3232 4080 3630 4151 διεφθαρμένον
3660 4081 3838 4152 χυμὸν

2166 4165 2508 4235 ἐκκαθᾶραι,
2553 4163 2836 4217 κελεύουσι
2865 4165 2964 4231 τῆς
3010 4165 3332 4235 σωματικῆς
3377 4165 3582 4234 ταύτης
3625 4167 3836 4236 τροφῆς

2165 4241 2466 4314 ἀπέχεσθαι
2485 4251 2535 4306 υ,
2562 4241 2703 4295 ὣστε
2733 4243 2806 4314 μὴ
2840 4241 3068 4313 κώλυμα
3101 4243 3352 4311 γενέσθαι
3383 4245 3450 4314 τῇ
3481 4243 3576 4299 τοῦ
3595 4246 3838 4314 ,φαρμά-

2168 4345 2264 4381 κου
2289 4325 2538 4396 δυνάμει,
2570 4324 2684 4378 ἀλλ⁹
2719 4327 3014 4398 ἐνεργῆσαι
3040 4369 3053 4389 ,
3084 4327 3178 4381 καὶ
3208 4327 3269 4380 τὸ
3300 4328 3502 4380 οἰκεῖον
3531 4327 3691 4396 ἔργον
3715 4331 3837 4382 ἐπι-

2163 4409 2440 4474 δείξασθαι
2459 4423 2473 4438 ⁸
2516 4409 2692 4480 πολλῷ
2715 4410 2913 4480 μᾶλλον
2937 4413 3084 4482 ἡμᾶς
3103 4412 3372 4481 προσήκει
3389 4411 3449 4463 τὸ
3466 4413 3836 4480 πνευματικὸν

2163 4491 2320 4545 τοῦτο
2365 4491 2655 4562 φάρμακον
2681 4493 2971 4562 μέλλοντας
3005 4493 3361 4564 ὑποδέχεσθαι
3381 4493 3476 4565 τὴν
3500 4496 3563 4547 ἐκ
3581 4498 3678 4566 τῆς
3705 4513 3836 4566 νησ-

2162 4579 2312 4639 τείας
2339 4575 2632 4645 ὠφέλειαν,
2653 4575 2796 4644 λέγω
2840 4577 2902 4648 δὴ
2931 4578 2992 4629 τὸ
3039 4579 3137 4646 τῆς
3187 4577 3394 4647 διαίτης
3421 4585 3468 4643 ο,
3528 4577 3834 4649 ἐκκαθᾶραι

2165 4659 2321 4729 ἡμῶν
2345 4660 2438 4712 τὸν
2466 4658 2745 4730 λογισμὸν,
2778 4662 2870 4714 καὶ
2889 4661 3222 4732 κουφοτέραν
3251 4660 3697 4733 ἐργάσασθαιτὴν
3722 4663 3836 4716 διά-

2163 4758 2334 4805 νοιαν,
2376 4741 2462 4794 ἴνα
2489 4742 2562 4813 μὴ
2589 4742 2692 4796 ὑπὸ
2711 4744 2809 4812 τῆς
2835 4743 3004 4815 μέθης
3038 4743 3537 4797 καταϐαπτισθεῖσα
3566 4744 3836 4815 ἄχρηστον

2165 4824 2260 4877 καὶ
2275 4824 2531 4894 ἀνόνητον
2563 4827 2694 4896 ἡμῖν
2733 4843 2870 4878 κατα
2879 4827 3115 4897 σκευάσῃ
3131 4826 3230 4896 τὴν
3254 4827 3316 4878 ἐκ
3331 4826 3530 4897 ταύτης
3545 4827 3834 4895 ὠφέλειαν,

2237 4907 2302 4977 β’.
2323 4909 2434 4961 Kal
2449 4905 2566 4962 οἶδα
2591 4909 2688 4979 μὲν
2714 4910 2796 4962 ὅτι
2821 4910 2948 4970 τοὺς
2965 4909 3190 4972 πολλοὺς
3211 4909 3405 4974 ξενίζει
3438 4911 3504 4963 τά
3535 4911 3662 4980 παρ’
3678 4912 3709 4980 ἡ
3721 4910 3836 4977 μῶν

2167 4987 2438 5057 λεγόμενα
2469 4989 2747 5060 σήμερον·
2791 4988 2948 5053 ἀλλά,
2993 4988 3316 5060 παρακαλῶ,
3358 4990 3431 5060 μὴ
3472 4991 3537 5060 τῇ
3576 4989 3836 5059 συνηθείᾳ

2231 5087 2245 5137 i
2272 5087 2396 5149 Reg.
2410 5102 2538 5151 unus
2557 5089 2639 5136 καὶ
2661 5088 2866 5151 κοσμίαν
2883 5090 2964 5151 καὶ
2984 5089 3241 5151 ἐλευθέραν.
3269 5088 3318 5136 In
3337 5089 3415 5136 ed.
3430 5089 3510 5136 καί
3523 5094 3635 5151 aute
3655 5089 3839 5151 ἐλευθέὴ

2163 5165 2247 5259 ἓαν
2264 5151 2423 5198 deest.
2444 5149 2563 5222 Infra}
2586 5149 2730 5200 Coisl.
2745 5149 3164 5225 περιπετάσμασιν.
3182 5149 3288 5197 Mox
3302 5152 3564 5204 παστάδας.
3581 5150 3680 5198 Vox
3708 5150 3838 5210 apud

2203 5212 2410 5259 ὴτγεοει.
2427 5225 2522 5259 non
2546 5213 2850 5259 Infreuuens.
2867 5214 2978 5259 δαν.
2998 5231 3009 5258 :
3032 5227 3048 5256 ι
3071 5212 3290 5259 huslalh.
3333 5226 3363 5259 ο
3393 5213 3606 5259 395.11:
3633 5214 3662 5259 ἡ
3694 5229 3838 5259 γαμι-

2203 5212 2410 5270 hrysost.
2427 5225 2522 5259 non
2546 5212 2850 5273 infrequens.
2867 5214 2978 5273 Sag.
2998 5231 3009 5258 :
3032 5227 3048 5256 ι
3071 5212 3290 5273 Ευειειιι.
3333 5226 3363 5273 ρ
3393 5213 3606 5272 395,11:
3633 5214 3662 5268 ἡ
3694 5229 3838 5273 γαμι-

2163 5274 2224 5329 κή
2246 5269 2448 5333 παστὰς,
2475 5293 2498 5314 υ
2529 5269 2800 5322 cubiculum
2822 5269 3036 5335 nuptiale
3059 5272 3164 5322 sive
3177 5269 3434 5322 that-anius.

2232 5334 2256 5371 ι(
2278 5333 2477 5382 Coislin.
2509 5337 2634 5382 οὑτω
2659 5336 2810 5382 τοίνυν
2831 5335 3024 5382 ταύτην.

2232 5351 2256 5371 κ
2278 5351 2477 5382 ιιυιδιιιι.
2509 5351 2634 5382 ουτω
2659 5351 2810 5382 τοινυν
2831 5351 3024 5391 ταυτην.

2231 5393 2401 5459 l'l‘res
2443 5409 2556 5459 [ηεξ.
2583 5397 2664 5443 καὶ
2703 5401 2759 5458 τῇ
2780 5397 2930 5458 πολλῇ
2969 5396 3222 5459 ἀδηφαγίᾳ.
3255 5396 3454 5459 (Ζοὶδιὶῐι.
3496 5396 3577 5442 καὶ
3617 5402 3674 5457 τῇ
3715 5397 3836 5458 ἄλλῃ

2167 5458 2420 5528 ἀδηφαγίᾳ.
2448 5457 2572 5505 Infra
2593 5459 2790 5508 Coisliu.
2811 5459 2891 5504 καὶ
2913 5457 2995 5515 τῆς
3016 5457 3197 5516 λοιπῆς
3212 5458 3400 5514 ἁπάσης
3421 5458 3604 5521 ἀρετῆς.

2229 5520 2267 5546 ¹¹¹
2291 5520 2490 5568 (.Olslin.
2514 5520 2594 5566 καὶ
2619 5519 2762 5576 αὐτὴν
2787 5520 2872 5576 τὴν
2893 5520 3071 5568 οἰκείαν
3091 5521 3403 5576 κατάλληλον.

2291 5535 2490 5568 {.OISIIII.
2514 5535 2594 5566 και
2619 5535 2762 5577 αυτην
2787 5535 2872 5576 την
2893 5535 3071 5568 οικειαν
3091 5535 3403 5577 κατάλληλον.

2232 5579 2261 5608 ¹¹
2288 5580 2369 5628 Sic
2392 5581 2513 5642 Reg:
2552 5594 2694 5636 unus,
2737 5580 2939 5630 Coislin.
2966 5587 3020 5629 et
3063 5581 3212 5629 Savil.
3239 5583 3290 5630 in
3316 5579 3552 5642 margine.
3590 5580 3654 5629 At
3682 5580 3831 5628 Savil.

2232 5595 2261 5608 "
2288 5595 2369 5628 mc
2392 5595 2513 5689 ιιεῇ
2552 5595 2694 5636 unus,
2737 5595 2939 5630 Lmsnn.
2966 5595 3020 5629 et
3063 5595 3212 5629 sam.
3239 5595 3290 5630 ιη
3316 5595 3465 5642 marg!

2159 5643 2208 5690 in
2231 5647 2369 5704 teixilu
2395 5649 2449 5704 et
2517 5644 2640 5688 orel.
2668 5643 2979 5704 ἀποσχέσθαι.
3011 5643 3146 5692 Unus
3168 5643 3470 5701 ἀνασχέσθαι.

2224 5704 2250 5730 °
2279 5703 2449 5766 Morel,
2471 5704 2782 5766 ὑποδέχεσθαι
2799 5703 2887 5761 τήν
2909 5705 2963 5752 ἐκ
2989 5711 3071 5762 τῆς
3092 5706 3309 5761 νηστείας
3352 5706 3597 5766 ὠφέλειαν,
3625 5704 3745 5763 λέγω
3775 5703 3832 5759 δή

2161 5764 2320 5827 τὸτῆς
2340 5765 2535 5822 διαίτης.
2560 5764 2709 5813 δαίνυ.
2746 5774 2800 5813 el
2815 5766 3002 5827 aliquot
3035 5781 3147 5814 mss.
3175 5764 3487 5827 ὑποδέχεσθαι
3511 5770 3594 5827 τήν
3615 5771 3697 5822 τῆς
3715 5781 3833 5819 νησο

2162 5825 2544 5890 τείας-ὠφέλειαν
2564 5828 2687 5887 λέγω
2712 5825 2919 5884 λιτότητι
2949 5828 3127 5883 διαίτης
3147 5825 3416 5890 ἐκκαθᾶραι.
3444 5826 3642 5879 Coislin.
3668 5827 3837 5889 δέχεσ-

2165 5888 2257 5936 θαι.
2296 5887 2420 5948 Reg.
2447 5901 2572 5938 unus
2592 5889 2923 5950 ὑποδέξασθαι,
2945 5898 3123 5940 cetera
3148 5899 3202 5938 ul
3224 5887 3374 5939 Savil.
