4040 6378
234 530 587 539 ﬁs,
656 530 659 531 ,

1434 526 1770 536 ———_——

2193 476 3460 512 __.—————-————,_.
3210 502 3460 512 ___.

1777 502 3462 531 ψ

1129 727 1544 819 SANCTI
1640 721 2065 813 PATRIS
2156 712 2591 807 NOSTRI

578 951 1484 1139 JOANNIS
1620 946 1877 1125 CH

1978 928 3169 1119 {YSOSTOMI

1343 1266 1811 1385 OPERA
1889 1261 2386 1378 OMNIA.

741 1716 976 1776 SERJIO
1012 1711 1541 1773 ADMONITORIUS
1588 1710 1721 1767 SUB
1758 1708 1877 1765 INIT

1978 1706 2044 1762 VM
2079 1699 2373 1761 ΞΑΝΟΤΑΞ
2412 1694 3006 1765 ρυΑυιζΑσΕειΜΑς.

783 1961 1059 2017 ιιοΜιιιΑ
1101 1960 1325 2015 PRIMA.

332 2145 384 2198 1.
411 2141 633 2197 Gaudeo
653 2149 706 2194 et
726 2140 877 2193 laetor
895 2139 1079 2192 videns
1108 2137 1263 2191 hodie
1289 2137 1563 2191 ecclesiam
1587 2136 1676 2191 Dei
1707 2135 1845 2191 filio-

266 2250 378 2288 rum
404 2247 625 2287 suorum
657 2230 991 2284 multitudine
1016 2229 1211 2293 ornari,
1241 2243 1439 2297 vosque
1464 2242 1650 2281 omnes
1684 2229 1847 2282 multa

269 2342 386 2380 cum
408 2324 739 2393 jucunditate
766 2324 1119 2376 concurrisse.
1148 2321 1277 2374 Nam
1300 2336 1418 2374 cum
1446 2320 1647 2373 alacres
1676 2319 1850 2375 vultus

270 2427 477 2475 vestros
524 2416 753 2477 intueor,
796 2414 1097 2481 voluplalis,
1143 2429 1258 2481 qua:
1286 2412 1335 2464 in
1362 2411 1637 2464 animabus
1662 2411 1851 2463 vestris

270 2522 370 2572 est,
401 2509 762 2579 conjecturam
795 2506 944 2576 capio
971 2505 1252 2561 maximam
1282 2520 1295 2558 :
1328 2501 1769 2576 quemadmodtun
1800 2509 1855 2559 et

274 2602 487 2669 rapiens
529 2600 786 2668 qniSpiani
835 2599 1060 2659 dicebat,
1110 2596 1271 2651 Corde
1318 2597 1516 2650 (tutante
1551 2599 1671 2648 viret
1701 2596 1855 2666 facies

279 2692 466 2759 (Prov.
502 2692 589 2745 15.
620 2689 740 2759 15).
777 2690 1067 2759 Eapropter
1106 2697 1161 2741 et
1200 2688 1309 2755 ipse
1337 2686 1494 2740 hodie
1521 2687 1714 2756 ingenti
1741 2686 1853 2738 ala-

276 2783 461 2834 critate
492 2781 717 2842 surrexi,
749 2794 849 2833 una
885 2780 1154 2832 vobiscum
1184 2778 1378 2831 lwtitia:
1407 2777 1548 2831 illius
1570 2776 1857 2845 Spiritualis

280 2873 545 2940 particeps
576 2869 804 2932 futurus,
835 2879 887 2924 et
914 2869 1099 2922 volens
1125 2868 1381 2921 adventus
1406 2876 1601 2921 sancto:
1625 2864 1860 2932 Quadra-

280 2962 521 3029 gesimm,
552 2960 795 3025 remedii,
825 2960 1057 3027 inquam,
1092 2958 1383 3011 animarum
1412 2966 1732 3021 nostrarum,
1765 2970 1859 3008 vo-

282 3050 362 3103 bis
403 3049 747 3103 annuntiator
790 3063 930 3103 esse.
974 3048 1281 3102 Communis
1308 3048 1449 3101 enim
1477 3056 1715 3101 nostrum
1746 3062 1862 3100 om-

282 3142 427 3195 nium
474 3140 729 3194 Dominus
747 3181 761 3203 ,
790 3139 951 3194 veluti
976 3151 1124 3209 pater
1153 3139 1286 3194 ﬁlios
1308 3154 1491 3193 amans
1510 3181 1525 3205 ,
1560 3138 1778 3207 cupiens
1802 3152 1864 3192 ea

285 3248 400 3301 qua:
441 3246 693 3300 umquam
742 3232 1133 3301 peccaverimus
1158 3231 1394 3296 abluere,
1434 3231 1568 3283 hanc
1596 3230 1748 3283 nobis
1775 3245 1868 3297 per

286 3331 527 3374 sanctum
549 3320 809 3390 jejunium
833 3321 1161 3375 curationem
1187 3319 1473 3374 adinveuit.
1501 3318 1687 3374 Nullus
1714 3322 1869 3389 igitur

291 3423 538 3473 iiicstus,
573 3412 749 3465 nullus
777 3412 943 3466 tristis
972 3421 1243 3480 appareat,
1270 3410 1365 3465 sed
1393 3425 1578 3466 omnes
1605 3412 1872 3466 exsultent

290 3516 342 3562 et
362 3505 647 3579 gaudeant,
680 3520 743 3562 ac
765 3504 987 3578 gloriam
1008 3504 1240 3563 referant
1268 3504 1320 3557 in
1347 3503 1640 3557 animarum
1667 3513 1873 3557 nostra-

292 3618 407 3655 rum
434 3612 756 3667 curatorem,
781 3602 869 3673 qui
891 3602 1029 3656 hanc
1048 3605 1298 3671 Optimam
1321 3599 1472 3656 nobis
1488 3598 1691 3667 aperuit
1712 3598 1870 3663 viam,

293 3702 347 3746 et
384 3693 534 3747 illius
581 3692 862 3747 adventum
908 3710 1095 3765 magna
1139 3710 1257 3748 cum
1298 3694 1567 3748 alacritate
1592 3689 1871 3761 accipiant.

294 3784 698 3838 Confundantur
732 3786 976 3855 gentiles,
1020 3786 1217 3854 pudore
1246 3800 1305 3839 se
1333 3784 1529 3839 abdant
1556 3783 1745 3849 Judmi,
1792 3780 1873 3835 vi-

296 3874 485 3928 dentes
514 3886 746 3928 nostram
769 3877 1039 3929 caritatem
1066 3877 1216 3929 hilari
1244 3875 1416 3929 studio
1437 3876 1576 3928 illius
1592 3875 1873 3928 adventum

299 3967 618 4019 Salutantem
645 3981 707 4019 ac
732 3967 1102 4035 excipientem,
1135 3967 1446 4036 discantque
1480 3980 1572 4035 per
1596 3966 1877 4034 experien-

301 4058 451 4117 tiam,
495 4068 747 4125 quantum
779 4059 914 4111 inter
943 4073 1040 4111 nos
1063 4058 1133 4113 sit
1173 4067 1228 4113 et
1256 4059 1400 4127 ipsos
1427 4058 1780 4111 intervallum.
1815 4056 1881 4110 Et

304 4148 373 4200 illi
402 4149 622 4218 quidem
652 4148 812 4202 ferias
841 4158 896 4203 et
924 4148 1084 4203 festas
1110 4149 1739 4213 nominent‘ebrietatcm,
1763 4165 1881 4202 om-

304 4252 536 4305 nemque
564 4238 719 4291 aliam
750 4238 1229 4306 intemperantiam,
1259 4254 1320 4291 ac
1349 4238 1717 4307 turpitudines,
1753 4252 1883 4307 quas

307 4331 594 4383 verisimile
623 4341 705 4384 est
731 4345 823 4385 eos
869 4330 992 4385 inde
1022 4331 1335 4384 contrahere
1366 4348 1379 4383 :
1412 4339 1467 4383 at
1507 4330 1744 4383 Ecclesia
1790 4328 1885 4384 Dei

310 4438 369 4473 ea
414 4437 537 4490 qua:
577 4422 681 4475 illis
722 4422 942 4476 adversa
983 4431 1125 4485 suut,
1172 4438 1359 4491 nempe
1380 4422 1658 4490 jejunium,
1688 4420 1887 4475 ventris

312 4510 644 4580 despectum,
677 4521 729 4565 et
754 4528 939 4566 omnes
965 4513 1095 4565 alias
1120 4512 1339 4566 virtutes
1372 4513 1511 4566 illius
1536 4512 1777 4577 comites,
1810 4509 1887 4564 fe-

314 4603 418 4655 rias
462 4602 715 4671 appellet.
765 4602 856 4656 liae
885 4604 1026 4656 enim
1053 4619 1192 4657 vera.-
1219 4603 1363 4657 ferize
1392 4613 1534 4667 sunt,
1569 4604 1653 4657 ubi
1690 4604 1893 4656 anima-

314 4710 429 4751 rum
457 4695 625 4760 salus,
657 4695 740 4749 ubi
770 4712 868 4764 pax
902 4704 956 4749 et
991 4696 1270 4750 concordia
1300 4705 1401 4760 est,
1428 4695 1513 4750 ubi
1541 4697 1712 4749 omnis
1739 4694 1893 4762 hujus

318 4784 443 4838 vitae
475 4797 760 4853 apparatus
789 4785 1050 4854 abigitur;
1083 4785 1170 4839 ubi
1215 4787 1435 4849 clamor,
1461 4794 1516 4839 et
1542 4786 1812 4847 tumultus,
1841 4791 1895 4837 et

216 4930 233 4952 π
319 4890 609 4944 coquorum
636 4876 927 4941 discursus,
958 4885 1013 4930 et
1033 4874 1287 4944 pecudum
1314 4877 1701 4930 mactationese
1722 4874 1896 4928 medio

322 4969 580 5022 tolluntur
611 4984 624 5019 :
666 4968 816 5036 quies
858 4982 986 5021 vero
1026 4968 1219 5033 omnis,
1250 4978 1304 5022 et
1330 4968 1695 5036 tranquillitas,
1725 4974 1897 5035 etca-

321 5060 470 5123 tilas,
502 5067 557 5112 et
575 5058 846 5125 gaudium,
864 5068 919 5113 et
945 5074 1065 5128 pax,
1092 5068 1146 5114 et
1162 5059 1530 5123 mansuetudo,
1553 5069 1606 5114 et
1626 5060 1899 5112 innumera

323 5149 457 5201 bona
488 5166 584 5218 pro
605 5148 707 5203 illis
732 5150 783 5202 in
811 5166 907 5204 usu
937 5159 1076 5204 sunt.

393 5240 706 5296 Coucionum
726 5257 868 5294 verus
890 5241 1008 5309 ﬁnis
1029 5251 1072 5293 et
1100 5242 1402 5295 usus.—Dc
1423 5241 1512 5294 illo
1539 5241 1694 5310 igitur
1713 5254 1898 5309 pauca,

329 5331 574 5397 obsecro,
604 5331 809 5388 caritati
854 5344 1045 5385 vestra:
1081 5334 1463 5401 colloquantur,
1496 5331 1651 5400 idque
1679 5332 1903 5400 primum

332 5436 597 5491 rogemus,
628 5430 685 5475 ut
715 5437 989 5477 sermones
1032 5422 1150 5476 illos
1178 5432 1387 5476 nostros
1414 5421 1616 5491 placide
1652 5421 1908 5487 suscipia-

335 5514 419 5577 tis,
465 5528 571 5581 qno
612 5514 849 5577 domum,
899 5512 1123 5571 fructum
1166 5512 1444 5582 quemdam
1474 5512 1728 5579 insignem
1756 5525 1905 5564 asse-

336 5606 502 5672 quuti,
547 5604 797 5663 redeatis.
840 5603 1025 5674 Neque
1053 5605 1194 5658 enim
1242 5612 1447 5657 temere
1492 5609 1546 5654 et
1583 5600 1774 5654 frustra
1806 5599 1908 5653 huc

338 5697 696 5760 convenimus,
728 5705 785 5751 ut
813 5711 947 5749 unus
966 5694 1177 5763 quidem
1205 5694 1467 5763 loquatur,
1485 5692 1618 5745 alius
1642 5706 1767 5743 vero
1792 5705 1910 5759 qua:

344 5788 583 5845 dicuntur
611 5788 882 5859 plausibus
911 5787 1162 5858 excipiat,
1202 5794 1256 5841 et
1283 5786 1360 5843 sic
1391 5784 1511 5841 hinc
1541 5782 1864 5839 excedamus
1890 5798 1905 5834 :

1947 1961 2040 2015 sed
2081 1970 2137 2014 ut
2180 1970 2234 2016 et
2272 1976 2369 2015 nos
2407 1961 2709 2032 frugiferum
2750 1963 2998 2033 quiddam
3025 1972 3076 2019 et
3114 1963 3267 2019 saluti
3330 1975 3527 2023 vestrae

1951 2052 2281 2107 eunducibile
2324 2054 2623 2122 loquamur,
2670 2062 2724 2107 et
2771 2071 2865 2107 vos
2910 2056 3057 2109 lucro
3085 2071 3116 2110 e
3143 2055 3297 2110 dictis
3326 2060 3522 2112 nostris

1949 2150 2188 2210 accepto,
2215 2152 2267 2196 et
2294 2143 2482 2211 ampla:
2513 2144 2751 2197 utilitatis
2777 2145 3000 2198 fructum
3031 2146 3188 2210 nacti,
3218 2146 3337 2200 hinc
3367 2161 3526 2200 exea-

1955 2235 2039 2286 tis.
2075 2234 2309 2288 Ecclesia
2338 2250 2465 2290 sane
2504 2236 2713 2290 officina
2740 2237 2978 2305 quasdam
3009 2247 3086 2293 est
3117 2238 3389 2293 medicina:
3413 2238 3527 2307 spi-

1954 2326 2193 2392 ritualis;
2241 2337 2294 2380 et
2340 2342 2431 2381 eos
2470 2328 2559 2397 qui
2604 2326 2708 2382 huc
2755 2329 2992 2393 veniunt,
3041 2337 3247 2397 oportet
3276 2343 3379 2381 non
3405 2338 3529 2381 ante

1955 2415 2168 2468 domum
2210 2417 2406 2481 redire,
2449 2433 2604 2486 quam
2650 2417 2737 2472 ubi
2778 2433 3007 2488 congrua
3048 2420 3279 2473 remedia
3308 2433 3530 2487 accepe-

1958 2506 2084 2569 rint,
2131 2506 2323 2575 illaque
2367 2508 2477 2561 suis
2509 2508 2812 2562 vulneribus
2840 2508 3193 2564 adhibuerint.
3244 2509 3373 2563 Nam
3400 2522 3533 2576 quo-

1959 2595 2119 2653 modo
2143 2597 2325 2655 audire
2352 2600 2545 2664 solum,
2577 2609 2631 2652 et
2656 2601 2905 2668 operibus
2934 2600 3062 2654 nihil
3090 2610 3360 2669 praestare,
3400 2600 3533 2653 nihil

1962 2691 2290 2760 profuturum
2318 2692 2406 2757 sit,
2440 2689 2560 2746 audi
2588 2690 2798 2746 beatum
2830 2690 3047 2747 Paulum
3076 2691 3337 2747 dicentem
3366 2709 3381 2747 :
3412 2688 3535 2745 Non

1961 2784 2093 2835 enim
2135 2783 2387 2836 auditores
2430 2785 2550 2852 legis
2576 2784 2706 2853 justi
2753 2794 2869 2837 sunt
2916 2784 3051 2854 apud
3072 2782 3256 2849 Deum,
3298 2785 3385 2837 sed
3414 2784 3537 2854 legis

1963 2875 2176 2941 factores
2196 2872 2608 2941 justi/imbuatur
2635 2872 2810 2943 (Rom.
2839 2874 2896 2928 2.
2929 2874 3040 2941 13).
3068 2872 3388 2927 EtChristus
3404 2888 3536 2927 con-

1964 2963 2225 3017 clonando
2248 2965 2491 3019 dicebat:
2527 2963 2647 3017 Non
2688 2966 2848 3018 omnis
2876 2966 2961 3033 qui
2990 2965 3108 3018 dicit
3146 2966 3267 3017 mihi
3306 2964 3538 3029 Domine,

1966 3050 2201 3119 Domine,
2230 3054 2435 3106 intrabit
2464 3053 2515 3107 in
2538 3070 2744 3123 regnum
2778 3053 3031 3118 (telorum,
3060 3054 3147 3108 sed
3180 3054 3265 3123 qui
3290 3054 3409 3125 facit
3449 3068 3538 3106 vo-

1970 3139 2206 3196 luntatem
2246 3141 2417 3195 Patris
2458 3143 2554 3196 mei
2596 3144 2680 3212 qui
2715 3143 2769 3197 in
2813 3144 2949 3197 cwlis
2985 3154 3055 3197 est
3103 3143 3310 3213 (Matth.
3342 3144 3391 3197 7.
3418 3142 3537 3214 2i).

1970 3232 2131 3303 Igitur
2180 3234 2427 3297 scientes,
2476 3233 2675 3297 dilecti,
2726 3234 2921 3288 nullam
2953 3234 3229 3289 utilitatem
3260 3248 3325 3288 ex
3365 3233 3543 3288 auditu

1970 3340 2111 3387 esse,
2155 3324 2255 3378 nisi
2301 3324 2436 3379 bona
2466 3340 2625 3393 opera
2654 3334 2955 3395 sequantur,
2989 3340 3055 3378 ne
3093 3324 3257 3378 simus
3276 3323 3546 3377 auditores

1972 3417 2264 3483 dumtaxat,
2292 3417 2385 3471 sed
2413 3417 2572 3471 etiam
2601 3416 2847 3483 factores,
2874 3433 2979 3487 quo
3014 3416 3124 3487 ipsa
3150 3430 3309 3485 opera
3338 3429 3543 3469 sermo-

1974 3522 2069 3563 nes
2110 3509 2382 3578 sequentia
2429 3509 2608 3562 multzn
2656 3509 2809 3562 nobis
2864 3507 3071 3561 ﬁduciae
3138 3507 3245 3561 sint
3307 3506 3539 3560 occasio.

1975 3599 2203 3654 Proinde
2244 3597 2505 3668 explicitis
2548 3607 2735 3652 vestra:
2786 3598 2976 3652 mentis
3019 3597 3241 3661 sinibus,
3270 3610 3547 3650 sermones

1976 3690 2042 3744 de
2062 3689 2263 3758 jejunio
2283 3688 2550 3757 suscipite.
2585 3689 2652 3742 Et
2676 3686 3112 3758 quemadmodum
3142 3695 3338 3740 castam
3365 3699 3550 3753 quam-

1978 3782 2099 3836 dam
2124 3792 2179 3837 et
2207 3783 2484 3855 ingenuam
2514 3795 2761 3853 Sponsam
2789 3780 3016 3845 ducturi,
3050 3778 3294 3835 thalamis
3320 3775 3551 3845 undique

1982 3875 2244 3948 tapetibus
2284 3879 2504 3943 ornatis,
2532 3877 2792 3945 domoque
2819 3886 2924 3929 tota
2955 3883 3190 3945 purgata,
3222 3884 3275 3927 et
3312 3873 3555 3941 ingressu

1981 3970 2227 4023 omnibus
2267 3970 2555 4023 inhonestis
2592 3968 2795 4022 ancillis
2840 3966 3141 4031 interdicto,
3173 3966 3225 4019 in
3255 3965 3554 4020 cubiculum

1983 4059 2125 4114 illam
2156 4061 2530 4114 introducunt:
2564 4060 2674 4128 pari
2715 4058 2872 4112 modo
2898 4058 3087 4112 vellem
3116 4056 3274 4112 etiam
3299 4071 3427 4119 vos,
3459 4071 3555 4108 ex-

1986 4161 2204 4220 purgata
2249 4160 2425 4205 mente
2466 4160 2660 4214 vestra,
2708 4149 2930 4219 valeque
2974 4149 3175 4203 deliciis
3205 4156 3259 4201 et
3284 4146 3560 4201 voracitati

1987 4242 2151 4307 dicto,
2183 4251 2404 4296 matrem
2449 4242 2683 4294 omnium
2729 4240 3007 4305 bonorum,
3036 4249 3089 4293 et
3115 4237 3399 4308 pudicitiae,
3426 4236 3558 4289 alia-

1992 4347 2216 4402 rumque
2242 4331 2492 4385 virtutum
2535 4331 2769 4384 omnium
2811 4331 3134 4399 magistram,
3163 4328 3441 4397 jejunium,
3481 4326 3563 4379 in-

1992 4439 2173 4493 quam,
2203 4422 2462 4490 explicitis
2488 4431 2677 4474 vestrm
2722 4420 2911 4473 mentis
2956 4419 3158 4473 sinibus
3188 4418 3477 4485 suscipere,
3509 4423 3565 4468 ut

1992 4524 2046 4568 et
2072 4528 2167 4566 vos
2193 4512 2379 4581 majori
2419 4510 2662 4564 fruamini
2705 4511 2990 4578 voluptate,
3031 4520 3081 4561 et
3110 4507 3239 4562 illud
3266 4519 3564 4573 congruen-

1997 4614 2101 4660 tem
2127 4603 2278 4658 vobis
2303 4618 2457 4661 suam
2482 4602 2791 4656 medicinam
2832 4601 3087 4654 conferat.
3132 4598 3263 4653 Nam
3302 4597 3346 4650 si
3378 4594 3567 4649 medici

1995 4700 2275 4768 pharmaca
2319 4695 2448 4749 dare
2489 4694 2747 4757 volentes,
2791 4700 2848 4745 ut
2875 4689 3142 4759 putridum
3171 4697 3226 4742 et
3262 4694 3566 4753 corruptum

1998 4789 2274 4843 humorem
2316 4794 2628 4854 expurgem,
2676 4797 2704 4834 a
2745 4781 3007 4850 corporali
3032 4780 3133 4834 hoc
3157 4778 3276 4833 cibo
3303 4776 3573 4830 abstinere

2001 4878 2331 4949 praecipiunt,
2373 4876 2441 4929 ita
2487 4884 2541 4927 ut
2584 4871 2849 4941 pharmaci
2880 4869 3128 4923 efﬁcacia:
3156 4883 3257 4921 non
3288 4866 3355 4919 sit
3389 4865 3570 4918 obsta~

2000 4969 2203 5034 culum,
2231 4965 2324 5020 sed
2348 4963 2577 5034 aperari,
2616 4976 2869 5030 suamque
2914 4961 3018 5013 vim
3051 4957 3175 5012 illud
3202 4956 3367 5026 possit
3387 4962 3570 5008 Osten-

2002 5060 2165 5114 dere:
2210 5059 2376 5111 multo
2416 5054 2582 5125 magis
2622 5053 2772 5107 nobis
2812 5051 3081 5121 spirituale
3123 5050 3225 5104 hoc
3260 5045 3570 5107 remedium,

2004 5152 2107 5207 hoc
2135 5162 2238 5215 est,
2285 5149 2562 5203 utilitatem
2603 5160 2722 5215 qua:
2750 5160 2815 5198 ex
2838 5143 3038 5212 jejunio
3081 5150 3180 5203 est,
3225 5137 3571 5205 snseepturis,

2007 5244 2262 5299 tenuitate
2287 5242 2453 5296 victus
2478 5248 2711 5293 nostram
2741 5246 2971 5290 mentem
3000 5248 3311 5303 expurgare,
3339 5240 3390 5283 et
3414 5230 3578 5283 levio-

2009 5350 2120 5390 rem
2150 5333 2370 5388 reddere
2398 5329 2661 5391 convenit,
2695 5336 2752 5381 ut
2778 5342 2845 5381 ne
2872 5325 3126 5380 ebrietate
3162 5323 3402 5377 demersa
3439 5319 3579 5373 utili-

2012 5434 2194 5489 tatem,
2217 5440 2334 5493 qua:
2359 5438 2423 5477 ex
2452 5421 2540 5475 illo
2570 5418 2831 5490 provenit,
2858 5416 3073 5469 adimat.

2080 5517 2137 5571 9..
2177 5516 2342 5570 Porro
2369 5514 2479 5567 scio
2505 5511 2715 5582 quidem
2746 5508 2859 5562 fore
2889 5516 2945 5560 ut
2972 5505 3148 5559 multis
3168 5518 3251 5570 ea,
3272 5517 3390 5572 qua:
3421 5499 3579 5552 hodie

2012 5624 2041 5663 a
2073 5607 2226 5663 nobis
2247 5603 2468 5661 dicenda
2509 5610 2653 5668 sunt,
2682 5600 2816 5654 mira
2842 5596 3152 5652 videantur:
3180 5592 3296 5659 sed,
3336 5590 3579 5656 obsecro,

2083 5785 2099 5816 ί
2134 5778 2323 5833 Coislin.
2346 5785 2397 5831 et
2417 5784 2521 5830 tres
2535 5775 2635 5840 alii,
2650 5781 2839 5828 nostris.
