4040 6378
442 346 510 399 25
1190 346 1249 403 S.
1287 345 1567 402 JOANNIS
1602 342 2075 401 CHRYSOSTOMI
2113 342 2435 400 ARCHIEP.
2474 346 3007 406 CONSTANTINOP.
3643 352 3709 407 ΞΕ

440 484 509 524 ne
533 464 906 523 consuetudini
955 471 1153 519 temere
1191 462 1511 528 serviamus,
1555 460 1650 515 sed
1698 461 1903 514 ratione
1939 474 2026 514 res

441 573 650 617 nostras
693 561 1051 614 instituamus.
1095 556 1357 627 Numquid
1401 557 1544 611 enim
1595 555 1725 609 lucri
1761 553 2029 623 quidpiam

439 671 503 708 ex
522 654 829 724 quotidiana
858 650 1074 721 crapula
1092 650 1310 719 jugique
1331 647 1587 703 ebrietate
1615 646 1766 701 nobis
1789 645 2032 700 accedit?

444 746 508 799 Et
535 744 657 811 quid
688 744 808 798 dico
834 742 1076 798 lucrum?
1102 743 1212 795 lmo
1231 740 1453 795 multum
1479 740 1729 792 damnum
1752 746 1805 793 et
1825 737 2033 808 jactura

443 834 795 888 intolerabilis
849 832 974 888 inde
1022 840 1381 901 exspectatur.
1438 831 1570 885 Cum
1620 830 1847 897 primum
1890 827 2032 881 enim

445 942 595 979 tuens
625 926 913 980 vinolentia
945 925 1107 979 multa
1132 923 1289 978 fuerit
1320 923 1531 990 obruta,
1560 922 1737 977 statim
1767 933 1820 976 et
1841 921 1895 975 in
1917 921 2037 990 ipso

447 1017 596 1070 initio
646 1017 863 1080 utilitas,
910 1032 1029 1086 qua:
1078 1030 1107 1068 a
1148 1014 1353 1085 jejunio
1400 1025 1503 1079 est,
1553 1014 1848 1083 repellitur.
1896 1012 2034 1079 Quid

445 1109 588 1161 enim
608 1107 898 1172 insuavius,
916 1107 1023 1174 die,
1052 1106 1295 1169 obsecro,
1324 1106 1450 1175 quid
1477 1106 1600 1159 item
1627 1106 1853 1175 turpius,
1876 1090 2035 1175 quam

446 1214 569 1253 cum
596 1214 765 1267 usque
793 1198 859 1252 ad
899 1198 1128 1251 mediam
1160 1207 1374 1252 noctem
1414 1212 1686 1251 meracum
1731 1196 2032 1263 sorbentes,

448 1290 549 1345 sub
572 1305 841 1354 auroram,
867 1289 997 1343 solis
1008 1288 1197 1358 jubare
1219 1289 1448 1353 oriente,
1471 1287 1650 1343 vinum
1673 1288 1823 1357 quasi
1850 1302 2036 1342 recens

450 1384 715 1453 ingestum
742 1382 967 1452 spirant,
991 1393 1046 1437 et
1071 1382 1475 1437 occurrentibus
1500 1380 1712 1451 quidem
1742 1380 2034 1450 iujucundi,

450 1475 711 1529 ministris
741 1489 869 1529 vero
897 1472 1226 1542 despiciendi
1254 1481 1533 1541 apparent,
1562 1480 1617 1525 et
1638 1470 1946 1525 deridentur
1969 1470 2037 1525 ab

448 1568 717 1631 omnibus,
744 1568 832 1637 qui
860 1568 1019 1621 modo
1042 1566 1170 1636 quid
1200 1566 1384 1621 deceat
1403 1566 1485 1620 vel
1509 1567 1694 1621 leviter
1715 1565 2035 1635 intelligunt,

450 1668 507 1713 et
552 1675 659 1727 pra:
702 1659 947 1713 omnibus
988 1660 1113 1725 illis,
1154 1658 1366 1728 quando
1411 1666 1626 1727 propter
1650 1657 1865 1711 nimiam
1897 1657 2039 1711 illam

452 1760 507 1806 et
536 1750 873 1804 immodicam
919 1751 1448 1819 intempestivamque
1485 1764 1547 1803 ac
1578 1748 1816 1802 inutilem
1849 1748 2042 1802 intem-

453 1842 749 1912 perantiam
796 1842 849 1897 iu
906 1857 965 1896 se
991 1841 1224 1896 divinam
1254 1853 1545 1910 provocant
1585 1840 2039 1911 indignationem?

452 1933 673 2000 Ebriosi,
720 1934 885 1998 enim,
932 1933 1120 2001 inquit,
1175 1950 1382 2003 regnum
1434 1931 1531 1986 Dei
1579 1950 1681 1987 non
1719 1931 2041 2002 possidebunt

454 2024 533 2096 (1.
565 2023 682 2078 Cor.
715 2024 766 2079 6.
802 2024 915 2095 10).
942 2024 1079 2092 Quid
1111 2025 1267 2093 igitur
1310 2024 1414 2078 illis
1453 2024 1700 2079 miserius
1743 2023 1918 2085 fuerit,
1951 2021 2041 2092 qui

453 2118 526 2172 ob
558 2132 782 2186 parvam
824 2126 878 2172 et
904 2117 1254 2186 perniciosam
1285 2117 1607 2187 voluptatem
1638 2133 1667 2170 a
1698 2118 1845 2185 regni
1877 2116 2040 2169 vesti-

456 2207 595 2263 bulis
635 2209 960 2279 ejiciuutur?
1002 2208 1143 2263 absit
1183 2216 1361 2262 autem
1409 2218 1465 2261 ut
1504 2208 1621 2277 quis
1646 2208 1809 2262 exiis
1837 2208 1926 2275 qui
1958 2206 2044 2260 hic

455 2308 838 2365 convenerunt,
887 2298 988 2354 hoc
1034 2299 1223 2353 morbo
1262 2298 1552 2369 implicitus
1578 2299 1647 2353 sit
1677 2316 1690 2352 :
1721 2296 1815 2351 sed
1842 2296 2041 2349 utinam

459 2393 604 2446 omni
649 2408 770 2446 cum
812 2391 1114 2462 frugalitate
1142 2400 1197 2444 et
1232 2390 1559 2445 continentia
1602 2389 1761 2443 etiam
1809 2386 1910 2442 hoc
1957 2386 2044 2443 die

457 2483 746 2549 convivali,
776 2493 830 2537 et
858 2499 888 2537 a
912 2491 1227 2552 tempestate
1252 2496 1315 2536 ac
1340 2481 1597 2551 procella,
1627 2496 1783 2551 quam
1811 2480 2044 2536 ebrietas

455 2592 714 2645 generare
736 2576 893 2641 solet,
924 2574 1152 2641 liberati,
1182 2574 1234 2629 in
1265 2584 1474 2643 portum
1501 2575 1797 2627 animarum
1834 2582 2045 2627 nostra-

459 2684 599 2735 rum,
625 2668 906 2737 jejunium,
939 2668 1174 2737 inquam,
1196 2667 1463 2736 appellere
1486 2666 1777 2736 contingat,
1802 2673 1860 2719 ut
1880 2665 2045 2719 multa

457 2777 580 2816 cum
621 2760 862 2815 ubertate
900 2761 1041 2815 illius
1078 2759 1215 2814 bona
1241 2758 1491 2829 consequi
1534 2759 1816 2828 possimus.
1862 2757 2046 2813 Enim-

461 2870 589 2908 vero
610 2854 746 2907 sicut
770 2854 986 2922 crapula
1013 2854 1243 2907 humano
1268 2852 1453 2922 generi
1494 2851 1895 2907 innumerorum
1935 2866 2048 2904 ma-

462 2948 634 3000 lorum
661 2961 818 3000 causa
851 2955 933 3000 est
960 2955 1013 3000 et
1038 2944 1226 3009 fomes,
1258 2946 1330 2999 ita
1358 2944 1517 2999 etiam
1539 2944 1801 3014 jejunium
1824 2943 2048 2998 ventris-

456 3054 565 3107 que
594 3038 865 3108 neglectus
907 3036 1145 3091 omnium
1177 3036 1330 3090 nobis
1357 3036 1617 3091 bonorum
1657 3051 1867 3106 semper
1888 3049 2048 3090 causa

460 3129 582 3184 fuit.
624 3130 755 3185 Nam
796 3129 937 3184 Deus
965 3143 1085 3183 cum
1110 3129 1177 3181 ab
1201 3127 1352 3182 initio
1392 3128 1661 3181 hominem
1700 3126 2045 3193 condidisset,

460 3231 519 3277 et
542 3222 704 3277 sciret
726 3236 849 3275 eum
876 3220 978 3275 hoc
1005 3218 1241 3275 remedio
1264 3218 1329 3272 ad
1357 3219 1547 3273 anima:
1572 3219 1795 3273 salutem
1824 3217 2047 3272 multum

465 3316 665 3371 habere
701 3328 856 3384 opus,
906 3314 1083 3367 statim
1127 3321 1183 3367 et
1223 3312 1276 3366 in
1308 3312 1569 3381 principio
1610 3310 1711 3365 hoc
1742 3311 2048 3365 mandatum

467 3406 641 3476 primo
666 3404 872 3475 parenti
893 3404 1063 3468 dedit,
1091 3403 1272 3458 dicens
1302 3422 1314 3457 :
1345 3402 1422 3456 De
1447 3403 1586 3457 omni
1626 3402 1783 3473 ligno,
1820 3403 1953 3473 quod
1975 3413 2051 3457 est

466 3515 520 3551 tn
581 3496 851 3567 paradiso,
895 3495 1519 3567 comedendocomedes;
1579 3495 1642 3549 de
1689 3495 1827 3563 ligno
1884 3506 2051 3548 autem

466 3590 688 3644 scientia:
740 3588 856 3643 boni
889 3598 937 3643 et
980 3588 1122 3655 ntali,
1170 3605 1232 3643 ne
1263 3588 1536 3642 comedatis
1565 3588 1629 3641 de
1672 3588 1783 3657 ipso
1811 3586 1965 3655 (Gen.
1993 3587 2047 3641 2.

467 3681 580 3753 16).
608 3681 725 3737 Jam
747 3682 947 3749 dicere,
976 3682 1088 3736 lloc
1112 3681 1354 3747 comede,
1385 3680 1486 3735 hoc
1525 3696 1593 3735 ne
1619 3680 1889 3744 comedas,
1916 3680 2053 3749 jeju-

468 3777 541 3830 nii
588 3774 753 3845 ﬁgura
790 3784 925 3831 erat.
967 3775 1134 3829 Porro
1178 3789 1298 3828 cum
1344 3773 1447 3829 hoc
1488 3773 1793 3828 mandatum
1838 3790 2053 3829 scrvare

468 3870 815 3940 oportuisset,
871 3868 974 3924 hoc
1018 3877 1196 3923 tamen
1249 3868 1340 3922 ille
1384 3882 1489 3921 non
1536 3866 1698 3922 fecit:
1727 3866 1823 3923 sed
1852 3867 2053 3921 ventris

468 3961 881 4032 intemperantia
928 3962 1118 4026 victus,
1168 3969 1222 4016 et
1264 3960 1743 4029 transgressionem
1780 3968 2051 4029 operatus,

467 4054 539 4113 ad
563 4064 790 4114 mortem
819 4052 1204 4113 condemnatus
1225 4061 1325 4112 est.
1349 4052 1609 4124 Quoniam
1629 4051 1769 4111 enim
1795 4050 2056 4125 malignus

469 4150 561 4207 ille
589 4150 799 4205 dzemon
826 4160 880 4205 et
909 4150 1074 4205 nostri
1102 4150 1315 4221 generis
1365 4151 1606 4205 inimicus
1656 4149 1786 4203 vidit
1828 4150 2054 4217 primum

472 4252 748 4311 parentem
770 4242 823 4296 in
853 4242 1099 4312 paradiso
1132 4250 1461 4307 versantem,
1489 4242 1755 4310 vitamque
1784 4241 1925 4297 illam
1954 4240 2056 4294 mi-

470 4333 627 4387 seria:
673 4342 945 4401 expertem
973 4372 988 4397 ,
1039 4343 1093 4387 et
1148 4348 1271 4387 eum
1315 4333 1405 4402 qui
1450 4332 1658 4401 corpori
1705 4333 1782 4386 sic
1820 4346 2058 4386 annexus

470 4435 607 4492 erat,
655 4434 923 4496 tamquam
966 4427 1211 4496 angelum
1241 4442 1401 4495 super
1431 4434 1627 4480 terram
1665 4439 1845 4493 agere,
1874 4423 2059 4479 volens

473 4518 624 4572 illum
668 4518 1009 4587 supplantare
1047 4526 1105 4572 et
1144 4518 1376 4587 dejicere
1404 4517 1719 4586 ampliorum
1746 4516 2054 4586 promissio-

474 4624 604 4664 num
649 4622 764 4676 spe,
805 4608 950 4662 illum
997 4609 1156 4663 etiam
1198 4608 1263 4663 iis
1308 4623 1427 4677 quae
1468 4606 1521 4661 in
1561 4606 1804 4661 manibus
1830 4606 2061 4661 habebat

475 4698 743 4769 spoliavit.
791 4698 1018 4753 Tantum
1061 4707 1146 4754 est
1184 4697 1381 4751 malum
1409 4714 1512 4752 non
1540 4712 1599 4753 se
1623 4698 1899 4752 continere
1923 4698 2058 4752 intra

477 4791 723 4860 proprios
778 4791 993 4853 limites,
1037 4790 1133 4845 sed
1184 4790 1475 4860 majoribus
1526 4789 1753 4846 inhiare.
1808 4790 1880 4845 Et
1921 4789 2061 4844 istud

476 4884 649 4951 ipsum
702 4883 914 4953 sapiens
954 4882 1167 4952 quidam
1216 4882 1493 4938 declarans
1541 4882 1755 4937 dicebat
1795 4900 1809 4936 :
1859 4881 2064 4937 Invidia

478 4984 649 5029 autent
683 4974 871 5053 diaboli
916 4992 1049 5028 mors
1090 4974 1291 5028 intravit
1329 4974 1382 5028 in
1408 4973 1652 5029 mundum
1678 4973 1834 5043 (Sap.
1861 4972 1915 5028 2.
1944 4972 2060 5043 24).

481 5065 661 5132 Vides,
694 5065 908 5131 dilecte,
953 5065 1221 5135 quomodo
1247 5066 1316 5121 ab
1350 5066 1502 5120 initio
1544 5066 1723 5121 statim
1751 5080 1823 5119 ex
1848 5066 2063 5135 crapula

480 5173 626 5212 mors
669 5157 962 5228 ingressum
1006 5157 1229 5213 habuit?
1267 5156 1557 5211 Considera
1586 5164 1763 5211 autem
1795 5156 1984 5210 iterum
2011 5164 2067 5210 et

481 5259 603 5319 post
629 5249 743 5303 haec
777 5249 1008 5304 divinam
1044 5249 1371 5318 Scripturam
1411 5246 1637 5303 subinde
1664 5248 1884 5302 delicias
1914 5248 2065 5302 incu-

479 5350 688 5396 sontem
714 5357 777 5395 ac
795 5340 1059 5397 dicentem
1089 5340 1279 5397 alicubi
1307 5358 1320 5395 :
1347 5338 1494 5395 Sedit
1523 5340 1741 5409 populus
1760 5337 2067 5393 manducare

483 5444 530 5486 et
573 5433 755 5493 bibere,
802 5443 849 5486 et
889 5440 1211 5486 surrexerunt
1251 5431 1425 5487 ludere
1466 5430 1657 5501 (Exod.
1704 5430 1791 5484 '52.
1833 5430 1914 5497 6);
1940 5429 2067 5492 alibi

486 5539 650 5578 vero:
695 5523 762 5574 Et
810 5524 1043 5589 comedit,
1090 5532 1136 5577 et
1178 5522 1319 5587 bibit,
1364 5531 1411 5575 et
1438 5522 1776 5593 impinguatus
1797 5531 1889 5586 est,
1918 5530 1962 5575 et
1988 5522 2069 5573 in-

486 5624 762 5678 crassatus,
790 5625 836 5667 et
861 5614 1191 5668 recalcitravit
1216 5613 1427 5668 dilectus
1463 5612 1637 5683 (Deut.
1671 5613 1760 5667 3‘2.
1789 5611 1906 5680 15),
1931 5612 2067 5679 Quin

488 5720 544 5762 ct
563 5708 917 5763 Sodomorum
940 5708 1126 5762 incolae
1148 5706 1589 5775 indeprecabilcm
1611 5705 1752 5758 illam
1789 5706 1923 5759 iram
1951 5718 2069 5756 cum

489 5818 557 5859 ex
595 5802 711 5861 aliis
739 5802 892 5858 malis
918 5810 1027 5858 tum
1057 5800 1179 5858 hinc
1205 5801 1304 5858 sibi
1332 5801 1741 5857 accersivcrunt.
1768 5797 1902 5854 Audi
1927 5798 2069 5853 enim

2138 458 2452 530 pr0pbetant
2471 461 2733 518 dicentem
2763 480 2777 517 :
2810 462 2934 518 Han:
2956 462 3193 533 iniquitas
3210 464 3717 535 Sodomorumquoa

2135 553 2189 604 in
2212 553 2441 607 satietate
2459 569 2647 623 panum
2674 552 2995 608 lasciviebant
3016 553 3228 624 (Bacch.
3254 556 3342 610 16.
3371 555 3484 626 49).
3508 557 3719 611 Morbus

2135 643 2277 696 enim
2326 643 2414 698 ille
2450 646 2599 715 quasi
2640 645 2789 701 radix
2835 654 2889 701 et
2916 645 3036 701 fons
3062 647 3272 718 quidam
3304 649 3563 702 malorum
3602 666 3718 703 om-

2137 736 2281 790 nium
2309 745 2411 791 est.

2209 827 2261 881 5.
2302 826 2568 899 Jejunium
2612 830 2842 897 exemplo
2880 840 3170 884 sanctorum
3209 832 3609 886 commendatur.
3650 862 3721 875 —-

2139 919 2325 975 Vidisti
2348 920 2579 989 crapqu
2600 922 3015 976 nocumentum?
3043 922 3175 977 Vide
3196 923 3356 977 etiam
3375 922 3561 991 jejunii
3585 937 3723 992 prte-

2139 1012 2282 1067 clara
2310 1012 2567 1067 facinora.
2597 1013 2955 1084 Quadraginta
2984 1014 3101 1070 dies
3142 1031 3263 1070 cum
3288 1016 3585 1085 jejunasset
3611 1033 3723 1071 ma-

2139 1120 2272 1174 gnns
2293 1105 2487 1171 Moses,
2510 1106 2641 1175 legis
2662 1107 2866 1160 tabulas
2884 1111 3124 1177 accipere
3148 1107 3317 1176 potuit
3338 1124 3353 1161 :
3375 1116 3430 1161 et
3447 1108 3720 1177 quoniam,

2141 1206 2198 1251 ut
2221 1196 2515 1263 descendit,
2539 1197 2668 1251 vidit
2692 1198 2871 1267 pepuli
2899 1198 3253 1265 iniquitatem,
3281 1213 3411 1267 quas
3429 1212 3549 1253 cum
3574 1206 3724 1251 tanto

2140 1291 2349 1355 studio,
2380 1299 2436 1345 et
2454 1290 2792 1354 assiduitate,
2839 1293 3079 1359 accipere
3122 1292 3328 1360 potuit,
3362 1306 3453 1345 eas
3489 1290 3723 1360 abjectas

2140 1382 2396 1436 eontrivit
2433 1381 2645 1452 (Exod.
2677 1382 2769 1436 24.
2802 1383 2903 1446 18;
2935 1392 2983 1436 et
3008 1383 3095 1437 51.
3129 1382 3232 1449 18;
3259 1392 3307 1436 et
3334 1383 3422 1437 52.
3455 1381 3593 1453 19),
3625 1384 3722 1438 ab-

2142 1473 2359 1527 surdum
2390 1488 2509 1528 esse
2536 1487 2791 1538 ccnseus,
2823 1472 3030 1527 ebrium
3061 1482 3115 1528 et
3139 1474 3593 1542 praevaricatorem
3628 1490 3723 1542 po-

2143 1565 2322 1634 pulum
2349 1565 2493 1634 leges
2521 1580 2549 1617 a
2586 1564 2812 1618 Domino
2839 1564 3080 1619 conditas
3104 1565 3363 1633 accipere.
3391 1564 3725 1634 Quapmpter

2142 1658 2319 1713 denuo
2356 1656 2699 1726 quadraginta
2734 1656 2940 1712 dierum
2964 1656 3167 1725 jejunio
3192 1671 3327 1725 Opus
3347 1652 3529 1711 habuit
3555 1657 3727 1709 admi-

2143 1749 2339 1804 randus
2366 1749 2451 1805 ille
2478 1748 2756 1818 propheta,
2788 1756 2844 1802 ut
2871 1748 3073 1802 tabulas
3110 1758 3327 1817 propter
3354 1748 3591 1816 ipsorqu
3621 1748 3727 1802 ini-

2143 1842 2395 1910 quitatem
2423 1842 2677 1895 contritas
2704 1844 2893 1894 iterum
2915 1855 3144 1909 superne
3164 1850 3405 1911 receptas
3422 1840 3723 1911 deportare:

2146 1934 2349 2005 (Exod.
2394 1933 2481 1988 54.
2523 1932 2655 2003 28).
2694 1932 2933 1989 Totidem
2977 1933 3183 1988 dierum
3211 1934 3468 2004 jejunium
3519 1944 3575 1989 et
3618 1950 3717 1987 ma-

2143 2043 2278 2097 gnus
2304 2026 2482 2081 Helias
2510 2025 2797 2094 transegit,
2836 2025 3103 2093 vitataque
3131 2026 3317 2080 mortis
3346 2025 3644 2096 tyrannide,
3672 2034 3726 2081 et

2144 2136 2303 2175 curru
2331 2119 2487 2187 igneo
2528 2118 2676 2188 quasi
2723 2118 2775 2172 iu
2813 2117 3001 2172 caelum
3033 2125 3247 2184 raptus,
3282 2117 3441 2171 etiam
3482 2132 3647 2180 usque
3675 2117 3727 2170 in

2148 2213 2284 2266 hanc
2303 2210 2444 2266 diem
2474 2218 2699 2264 mortem
2726 2225 2831 2262 non
2860 2217 3110 2278 expertus
3132 2217 3215 2274 est
3255 2210 3331 2279 (5.
3365 2208 3491 2278 Reg.
3526 2210 3611 2263 19.
3647 2208 3725 2280 8).

2148 2303 2242 2357 Vir
2268 2318 2480 2373 quoque
2518 2301 2924 2366 desideriorum,
2952 2309 3168 2370 peracto
3196 2301 3482 2355 multorum
3520 2300 3726 2356 dierum

2142 2396 2347 2466 jejunio
2372 2436 2386 2459 ,
2435 2394 2800 2449 admirandam
2840 2393 2983 2449 illam
3021 2385 3279 2447 visionem
3311 2403 3495 2448 nactus
3524 2404 3637 2460 est,
3676 2404 3731 2449 et

2149 2488 2361 2543 leonum
2394 2488 2627 2543 furorem
2654 2490 2981 2559 compescuit
3011 2490 3061 2544 in
3093 2491 3379 2560 oviumque
3419 2500 3731 2545 mansuetu-

2147 2580 2327 2637 dinem
2353 2583 2512 2637 vertit
2540 2581 2712 2650 (Dan.
2746 2582 2831 2637 10.
2862 2581 2955 2652 3),
2984 2598 3088 2635 non
3110 2591 3352 2635 naturam
3373 2590 3724 2646 commutatis,

2148 2673 2241 2729 sed
2260 2674 2466 2729 feritate
2482 2684 2731 2729 manente
2750 2675 3040 2745 appetitum
3055 2682 3311 2727 mutatum
3325 2672 3597 2728 cohibens.
3619 2673 3732 2727 Hoc

2146 2767 2349 2837 jejunio
2363 2776 2418 2822 et
2432 2767 2675 2823 Ninivitaa
2693 2768 2797 2833 usi,
2819 2768 3139 2821 sententiam
3164 2767 3369 2820 Domini
3387 2774 3727 2828 revocarunt,

2149 2860 2443 2915 efﬁcientes
2471 2869 2530 2913 ut
2552 2870 2657 2913 tam
2679 2860 2917 2927 jumenta
2946 2874 3105 2929 quam
3132 2858 3376 2913 homines
3402 2857 3526 2913 illud
3557 2859 3729 2911 susci-

2151 2964 2372 3024 pereut,
2402 2968 2456 3009 et
2490 2955 2568 3008 sic
2596 2953 2943 3007 absctulentes
2970 2952 3331 3021 unusquisque
3367 2966 3395 3004 a
3434 2951 3589 3005 malis
3614 2961 3730 3005 stu-

2150 3046 2273 3112 diis,
2302 3045 2367 3099 ad
2397 3044 2734 3101 clementiam
2764 3045 3129 3097 universorum
3160 3043 3439 3097 Dominum
3472 3058 3728 3112 provoca-

2152 3146 2273 3192 rent
2312 3135 2495 3207 (lana:
2523 3137 2575 3191 5.
2604 3133 2694 3206 7).
2739 3135 2803 3189 Et
2829 3134 2952 3205 quid
2984 3134 3122 3188 circa
3153 3150 3335 3188 servos
3364 3134 3588 3189 ulterius
3613 3149 3734 3188 ver-

2153 3230 2286 3284 sor?
2334 3227 2535 3282 Etenim
2568 3241 2843 3296 possemus
2880 3234 2934 3280 et
2959 3224 3093 3280 alios
3122 3224 3378 3294 plurimos
3403 3238 3733 3278 commemo-

2154 3337 2275 3376 rare
2302 3331 2351 3375 et
2370 3321 2423 3375 in
2455 3319 2655 3385 Veteri,
2680 3329 2733 3374 et
2754 3320 2806 3373 in
2829 3318 2977 3372 Novo
2996 3318 3337 3371 Testamento
3364 3332 3458 3386 per
3473 3315 3731 3386 jejunium

2153 3412 2482 3475 celebratos;
2514 3426 2697 3465 verum
2732 3426 2911 3479 opera:
2938 3410 3161 3479 pretium
3183 3418 3286 3473 est,
3319 3418 3376 3462 ut
3402 3407 3466 3462 ad
3491 3422 3735 3462 commu-

2156 3520 2276 3558 nem
2322 3503 2488 3557 nostri
2533 3503 2767 3558 omnium
2811 3502 3093 3555 Dominum
3136 3501 3428 3554 veniamus.
3480 3499 3737 3553 Dominus

2155 3596 2297 3650 enim
2344 3605 2524 3649 uoster
2552 3594 2710 3648 .Issus
2735 3594 2997 3648 Cuutsrus
3024 3602 3077 3646 et
3107 3592 3219 3660 ipse
3246 3590 3589 3661 quadraginta
3617 3590 3735 3644 die-

2154 3703 2271 3741 rum
2302 3687 2578 3756 pra-misso
2602 3686 2825 3755 jejunio,
2859 3686 2936 3739 sie
2963 3696 3235 3739 certamen
3256 3693 3438 3737 contra
3465 3683 3737 3737 diabolum

2157 3794 2438 3849 aggressus
2457 3786 2541 3832 est
2569 3777 2780 3848 (Matth.
2814 3778 2868 3831 4.
2896 3776 2977 3846 2),
3002 3775 3354 3844 omnibusque
3385 3774 3540 3829 nobis
3559 3790 3738 3829 exem-

2158 3870 2304 3939 plum
2333 3869 2511 3934 dedit,
2544 3877 2601 3922 ut
2630 3884 2727 3939 per
2753 3868 2879 3922 illud
2908 3883 3198 3931 armemur,
3240 3876 3294 3920 et
3330 3882 3397 3922 ex
3446 3866 3537 3920 illo
3576 3867 3738 3921 robur

2158 3978 2449 4025 sumamus,
2478 3970 2535 4016 ut
2555 3960 2619 4014 ad
2651 3976 2877 4030 pugnam
2893 3970 3075 4014 contra
3097 3959 3364 4014 diabolum
3390 3958 3733 4012 instruamur.

2161 4055 2229 4109 At
2258 4053 2343 4107 hic
2368 4051 2614 4107 fortassis
2640 4050 2905 4121 rogaverit
2927 4052 3187 4120 quispiam
3214 4064 3398 4104 eorum
3424 4051 3509 4118 qui
3536 4050 3741 4105 acutius

2159 4145 2375 4214 vident,
2422 4152 2479 4203 et
2525 4144 2835 4202 excitatiore
2863 4142 3041 4197 animo
3070 4152 3191 4197 sunt
3234 4161 3247 4196 :
3286 4157 3449 4210 quare
3480 4141 3696 4195 totidem
3720 4182 3737 4205 ,

2160 4252 2290 4311 quot
2313 4242 2475 4305 servi,
2497 4240 2614 4294 dics
2640 4234 2894 4293 Dominus
2914 4233 3160 4308 jejunare
3185 4232 3528 4306 conspicitur,
3561 4240 3614 4289 et
3642 4247 3740 4289 nu-

2164 4348 2369 4386 merum
2414 4332 2563 4385 illutu
2608 4347 2711 4383 non
2758 4328 3182 4399 transgreditur?
3209 4326 3324 4381 Non
3365 4327 3465 4380 hoc
3509 4334 3739 4391 temere,

2162 4438 2334 4492 neque
2359 4421 2575 4487 frustra,
2609 4422 2715 4474 imo
2743 4435 2871 4474 vero
2900 4420 3168 4487 sapienter
3196 4425 3251 4471 et
3277 4433 3373 4486 pro
3404 4415 3652 4470 ineffabili
3679 4414 3742 4467 il-

2164 4514 2266 4569 lius
2286 4513 2609 4583 benignitate
2634 4510 2827 4565 factum
2849 4519 2949 4564 est.
2976 4509 3178 4578 Nempe
3197 4525 3264 4562 ne
3289 4508 3627 4562 existimetur
3648 4522 3743 4575 ap-

2164 4616 2415 4677 parenter
2447 4615 2649 4659 tantum
2681 4604 2961 4658 advenisse
2982 4642 2996 4669 ,
3030 4611 3085 4656 et
3112 4617 3215 4656 non
3242 4600 3594 4669 assumpsisse
3621 4613 3741 4652 car-

2166 4716 2311 4765 nem,
2345 4699 2430 4753 vcl
2472 4708 2621 4752 extra
2649 4696 2933 4750 humanam
2958 4709 3077 4749 esse
3105 4702 3369 4756 naturam,
3400 4700 3615 4759 pr0pter
3645 4687 3746 4742 hoc

2166 4792 2315 4845 illum
2347 4790 2517 4857 ipsum
2558 4802 2835 4840 numerum
2860 4783 3093 4854 jejunat,
3142 4796 3313 4850 neque
3352 4781 3485 4834 alios
3522 4779 3605 4833 his
3630 4778 3746 4832 die-

2168 4882 2266 4935 bus
2292 4879 2504 4947 adjicit,
2538 4877 2617 4931 sic
2645 4876 2827 4929 volens
2863 4873 3318 4928 contentiosorum
3366 4868 3747 4939 impudentiam

2168 4971 2400 5027 frenare.
2433 4969 2563 5023 Nam
2595 4969 2638 5023 si
2668 4967 2829 5021 rebus
2856 4967 2925 5019 ita
2958 4964 3122 5034 gestis
3142 5004 3155 5027 ,
3203 4962 3416 5032 quidam
3456 4962 3748 5016 etiamnum

2169 5064 2269 5120 ista
2299 5060 2443 5133 loqui
2472 5060 2699 5124 audent,
2728 5058 2827 5111 nisi
2853 5057 3043 5111 horum
3080 5054 3335 5124 pra-scius
3362 5052 3501 5106 hanc
3528 5051 3628 5104 illis
3656 5066 3751 5102 an-

2169 5170 2283 5209 sam
2320 5153 2639 5214 ademisset,
2670 5148 2794 5220 quid
2840 5163 2944 5201 non
2993 5145 3169 5199 dicere
3212 5143 3514 5213 aggressuri
3560 5142 3752 5194 erant?

2172 5245 2296 5301 Ideo
2323 5244 2491 5299 noluit
2520 5243 2697 5312 plures
2739 5239 2855 5293 dies
2893 5237 3169 5306 jejunare,
3211 5233 3305 5287 sed
3338 5232 3591 5295 totidem,
3623 5239 3755 5298 quot

2172 5340 2315 5396 servi
2340 5356 2354 5393 :
2375 5349 2432 5392 ut
2448 5353 2506 5392 re
2536 5336 2647 5407 ipsa
2667 5348 2765 5388 nos
2787 5331 3015 5395 erudiat,
3035 5345 3093 5383 se
3112 5326 3298 5382 eadem
3327 5342 3427 5394 qua
3468 5339 3567 5377 nos
3592 5339 3755 5377 carne

2173 5433 2425 5487 amictum
2467 5440 2576 5485 eta
2603 5439 2789 5482 natura
2842 5432 3021 5479 nostra
3054 5429 3365 5476 extraneum
3412 5432 3522 5470 non
3570 5416 3751 5469 fuisse.

2244 5523 2300 5577 4.
2342 5522 2603 5575 Caeterum
2652 5516 2900 5587 quoniam
2931 5530 2961 5568 a
2988 5512 3141 5567 nobis
3180 5510 3601 5565 demonstratum
3634 5514 3753 5571 est,

2176 5630 2333 5683 quam
2355 5627 2543 5682 magna
2570 5610 2640 5664 sit
2662 5608 2851 5679 jejunii
2879 5607 2977 5670 vis,
3007 5615 3061 5659 et
3083 5618 3242 5673 quam
3273 5600 3543 5669 multiplex
3571 5615 3634 5651 ex
3664 5597 3757 5651 illo

2180 5705 2396 5767 utilitas,
2426 5702 2583 5772 idque
2602 5700 2848 5769 exemplo
2868 5711 3141 5751 servorqu
3163 5710 3225 5746 ac
3250 5691 3455 5746 Domini
3477 5700 3558 5743 est
3579 5699 3758 5741 osten-

2184 5814 2337 5866 sum;
2380 5796 2501 5853 ideo
2541 5795 2763 5852 obsecro
2800 5792 3073 5848 caritatem
3122 5798 3383 5855 vcsu'am,
3426 5792 3484 5840 ut
3527 5783 3761 5838 scientes
