4040 6378
201 387 274 439 25
1443 381 1510 437 IN
1547 382 1701 438 CAP.
1741 381 1762 436 1
1815 379 1885 435 Gl

2001 378 2058 434 S.
2089 376 2328 435 IIOMIL.
2363 377 2384 430 1
3584 381 3658 434 ει

201 498 394 562 ἁπλῶς
415 495 788 571 δουλεύωμεν,
827 498 970 554 ἀλλά
995 498 1242 570 λογισμῷ
1277 497 1347 552 τὰ
1372 499 1496 552 καθ’
1536 499 1766 562 ἑαυτοὺς
1795 499 1876 550 0i-

201 583 550 655 κονομῶμεν.
583 585 676 654 Μὴ
701 583 810 656 γὰρ
843 583 995 638 ἐσται
1019 601 1074 636 τι
1099 584 1290 654 κέρδος
1318 585 1452 654 ἡμῖν
1477 584 1588 637 ἀπὸ
1617 585 1715 654 τῆς
1746 585 1881 653 ἡμε-

203 667 362 740 ρινῆς
387 667 720 738 ἀδηφαγίας,
747 666 968 737 καὶτῆς
1003 666 1203 738 πολλῆς
1237 666 1444 736 μέθης;
1491 666 1602 720 Kal
1641 666 1695 720 τί
1735 666 1879 734 λέγω

201 751 430 820 κέρδος;
471 750 634 804 Ἀλλά
678 751 772 804 καὶ
802 750 971 820 πολλὴ
1009 752 1043 821 ἢ
1082 750 1292 821 ζημία,
1323 751 1420 804 και
1461 750 1496 821 ἡ
1533 749 1706 821 βλάϐη
1739 750 1875 820 ἀφό-

203 851 391 906 ρητος.
419 833 590 887 Ὅταν
621 833 729 907 γάρ
761 833 1176 904 καταϐαπτισθῇ
1221 834 1328 887 ὑπὸ
1361 833 1460 904 τῆς
1493 833 1696 904 πολλῆς
1737 836 1880 888 οίνο-

201 916 402 978 ποσίας
431 918 462 968 ὁ
491 915 784 986 λογισμὸς,
813 916 1021 982 εὐθέως
1053 916 1112 980 ἐξ
1140 917 1317 989 ἀρχῆς
1359 919 1453 970 καὶ
1484 918 1550 970 ἐκ
1578 917 1881 989 προοιμίων

201 999 611 1070 ἀποκρούσεται
643 1000 706 1053 τὸ
733 998 842 1052 άπὸ
871 1001 970 1068 τῆς
1005 1001 1258 1068 νηστείας
1297 999 1506 1071 κέρδος.
1542 999 1606 1052 Τί
1639 999 1750 1068 γὰρ
1790 1001 1884 1070 ἀη-

200 1083 456 1155 δέστερον
474 1097 525 1147 I,
560 1083 681 1137 είπέ
718 1101 838 1154 μοι,
867 1083 924 1136 τί
948 1083 1004 1136 δὲ
1033 1083 1527 1156 ἀσχημονέστερον,
1557 1083 1684 1136 ὅταν
1715 1081 1882 1152 μέχρι

207 1167 566 1236 μεσονυκτίου
609 1167 702 1219 τὸν
749 1166 990 1236 ἄκρατον
1033 1165 1276 1230 σπῶντες
1300 1205 1314 1228 ,
1361 1165 1467 1218 ὑπὸ
1509 1165 1610 1234 τὴν
1660 1164 1736 1217 Em
1785 1165 1884 1234 τῆς

203 1255 428 1316 ἀκτῖνος
466 1253 567 1322 τῆς
617 1251 851 1322 ἡλιακῆς
897 1251 1226 1323 ἀνισχούσης
1245 1291 1260 1315 ,
1309 1253 1386 1315 ὡς
1431 1252 1744 1322 πρόσφατον
1787 1250 1882 1304 τοῦ

201 1337 350 1390 οἴνου
381 1333 808 1406 ἐμφορηθέντες.
833 1331 1008 1397 οὕτως
1040 1334 1404 1399 ἀποπνέουσι,
1434 1335 1527 1388 καὶ
1569 1333 1751 1404 ἀηδεῖς
1785 1333 1884 1406 μὲν

203 1419 494 1490 φαίνονται
537 1418 650 1481 τοῖς
679 1419 1156 1487 συντυγχάνουσιν,
1188 1417 1652 1488 εὐκαταφρόνητοι
1681 1415 1738 1469 δὲ
1770 1417 1884 1478 τοῖς

201 1503 486 1565 οἰκέταις,
515 1502 610 1554 καὶ
637 1501 1044 1569 καταγελῶνται
1073 1500 1220 1570 παρὰ
1251 1501 1466 1554 πάντων
1497 1500 1606 1552 τῶν
1634 1499 1885 1554 ὁπωσοῦν

201 1587 268 1638 τὸ
287 1585 412 1638 δέον
438 1581 818 1654 συνορώντων,
845 1584 940 1637 καὶ
965 1582 1073 1654 πρὸ
1096 1583 1299 1636 τούτων
1333 1583 1610 1647 ἁπάντων,
1637 1584 1767 1638 ὅταν
1795 1584 1886 1638 διά

199 1671 307 1740 τὴν
357 1668 562 1738 πολλὴν
607 1665 811 1736 ταύτην
857 1667 1146 1738 ἀκρασίαν,
1191 1667 1286 1720 καὶ
1329 1667 1427 1736 τὴν
1475 1667 1742 1736 ἀμετρίαν
1787 1667 1884 1738 τὴν

201 1753 442 1823 ἄκαιρον
485 1749 581 1804 καὶ
624 1749 905 1820 ἀνόνητον,
949 1750 1044 1804 καὶ
1067 1749 1166 1820 τὴν
1198 1749 1350 1820 παρά
1374 1747 1468 1802 τοῦ
1511 1749 1645 1802 Θεοῦ
1680 1751 1887 1818 ἀγανά-

203 1854 406 1907 κτησιν
440 1834 810 1898 ἐπισπῶνται;
833 1837 897 1887 οι
935 1833 1047 1902 γὰρ
1064 1834 1336 1904 μέθυσοι,
1373 1835 1524 1906 φησὶ,
1557 1835 1887 1900 ,ϐασιλείαν

205 1920 360 1976 Θεοῦ
391 1922 464 1973 οὐ
501 1915 1050 1986 κληρονομήσουσι.
1087 1916 1152 1969 Τί
1181 1912 1274 1970 οὖν
1305 1917 1372 1970 ἂν
1397 1917 1599 1970 τούτων
1615 1917 1885 1972 ,ἀθλιώτε-

207 2023 306 2075 ρον
337 2003 536 2072 γένοιτ’
570 2001 658 2064 ἂν,
711 2001 818 2054 τῶν
853 2000 942 2053 διά
987 1999 1245 2071 βραχεῖαν
1273 2003 1368 2054 καὶ
1398 2001 1663 2072 ἐπιϐλαϐἦ
1696 2000 1886 2072 ἡδονὴν

202 2087 316 2139 τῶν
355 2087 458 2156 τῆς
501 2084 775 2154 βασιλείας
816 2083 1104 2156 προθύρων
1143 2083 1580 2154 ἐκϐαλλομένων;
1620 2083 1781 2136 Ἀλλά
1812 2085 1886 2155 μὴ

201 2170 422 2240 γένοιτό
461 2185 584 2220 τινα
613 2167 720 2220 τῶν
750 2165 985 2220 ἐνταῦθα
1016 2166 1442 2236 συνειλεγμένων
1473 2166 1650 2238 τούτῳ
1682 2167 1886 2220 ἁλῶναι

203 2255 288 2324 τῷ
332 2252 499 2306 πάθει
524 2268 537 2281 ·
572 2250 707 2304 ἀλλά
741 2250 878 2320 μετά
916 2249 1098 2320 πάσης
1137 2250 1457 2320 φιλοσοφίας
1485 2251 1578 2304 καὶ
1610 2253 1888 2322 σωφροσύ-

205 2355 326 2408 νης,
358 2337 455 2390 καὶ
487 2335 586 2405 τὴν
625 2333 904 2404 παροῦσαν
932 2333 1144 2404 ἡμέραν
1173 2333 1618 2402 ἐστιασαμένους,
1662 2337 1755 2386 καὶ
1792 2335 1884 2388 τοῦ

205 2420 483 2493 χειμῶνος
513 2418 606 2470 καὶ
646 2415 742 2486 τῆς
774 2413 978 2486 ζάλης,
1006 2416 1074 2484 ἣν
1111 2417 1145 2486 ή
1182 2415 1318 2486 μέθη
1352 2414 1680 2486 ἐργάζεσθαι
1711 2415 1888 2485 πέφυ-

205 2523 324 2566 κεν,
375 2497 844 2570 ἐλευθερωθέντας
891 2499 970 2560 εἰς
1012 2497 1102 2550 τὸν
1153 2497 1347 2566 λιμένα
1397 2497 1731 2566 καταντῆσαι
1781 2497 1888 2550 τῶν

205 2589 498 2659 ἡμετέρων
545 2581 754 2652 ψυχῶν,
788 2581 885 2654 τὴν
913 2580 1167 2652 νηστείαν
1196 2579 1340 2648 λέγω
1365 2621 1380 2642 ,
1415 2581 1500 2633 ἴνα
1555 2581 1694 2650 μετὰ
1737 2580 1888 2644 δαψι-

209 2673 360 2734 λείας
403 2667 474 2722 τά
499 2668 607 2720 ἀπὸ
640 2665 840 2736 ταύτης
883 2663 1201 2736 δυνηθῶμεν
1249 2663 1647 2733 καρπώσασθαι
1685 2665 1884 2732 ἀγαθά.

207 2757 429 2822 ’Ὠσπερ
467 2750 578 2820 γάρ
607 2751 640 2819 ἡ
673 2749 951 2817 ἀδηφαγία
991 2747 1201 2818 μυρίων
1227 2747 1410 2800 κακῶν
1437 2747 1585 2801 αίτία
1623 2749 1717 2801 καὶ
1751 2749 1886 2819 πρό-

210 2835 360 2900 ξενος
391 2833 472 2903 τῷ
501 2831 610 2882 τῶν
639 2827 944 2897 ἀνθρώπων
971 2829 1182 2896 γίνεται
1229 2829 1398 2897 γένει,
1436 2828 1581 2882 οὕτω
1607 2832 1701 2883 καὶ
1724 2833 1758 2899 ἡ
1791 2849 1888 2902 νη-

211 2919 370 2971 οτεία
399 2916 496 2968 καὶ
519 2916 554 2983 ἡ
583 2913 683 2982 τῆς
707 2911 948 2983 γαστρὸς
969 2911 1241 2984 ὑπεροψία
1271 2912 1382 2964 τῶν
1405 2913 1630 2980 ἀφάτων
1650 2912 1728 2985 [4]
1755 2916 1888 2985 ἡμῖν

209 3001 434 3071 ἀγαθῶν
471 2997 562 3052 ἀεὶ
591 2996 740 3048 αἰτία
783 2996 974 3063 γέγονε
995 2996 1048 3048 δ.
1093 2995 1312 3058 Πλάσας
1339 2995 1448 3066 γάρ
1493 2996 1554 3060 ἐξ
1587 2997 1760 3069 ἀρχῆς
1796 2999 1890 3052 τὸν

207 3087 504 3158 ἄνθρωπον
535 3085 564 3135 ὁ
591 3080 722 3144 Θεὸς
746 3121 760 3144 ,
798 3080 893 3134 καὶ
929 3078 1106 3144 εἰδὼς,
1142 3081 1224 3132 ὅτι
1255 3080 1448 3134 τούτου
1480 3080 1627 3152 αὐτῷ
1653 3083 1892 3152 μάλιστα

208 3174 288 3226 δεῖ
313 3171 414 3224 τοῦ
440 3165 738 3236 φαρμάκου
759 3163 896 3231 πρὸς
925 3163 1021 3234 τὴν
1044 3163 1142 3232 τῆς
1165 3161 1344 3233 ψυχῆς
1365 3163 1662 3234 σωτηρίαν,
1687 3165 1892 3230 εὐθέως

207 3259 303 3312 καὶ
335 3259 404 3308 ἐκ
449 3249 754 3326 προοιμίων
779 3247 860 3318 τῷ
885 3247 1296 3318 πρωτοπλάστῳ
1324 3245 1528 3315 ταύτην
1562 3246 1760 3301 δέδωκε
1791 3249 1891 3320 τὴν

207 3341 440 3408 ἐντολὴν
473 3333 676 3388 εἰπών’
719 3331 855 3387 Ἀπὸ
877 3331 1106 3395 παντὸς
1128 3330 1320 3393 ξύλου
1361 3331 1467 3386 τοῦ
1497 3331 1566 3384 ἐν
1593 3330 1674 3398 τῷ
1699 3346 1891 3400 παρα-

207 3425 400 3485 δε.⁹σῳ
440 3417 673 3486 βρώσει
699 3411 862 3485 parii
881 3430 896 3445 '
930 3413 1048 3467 ἀπὸ
1089 3411 1158 3466 δὲ
1195 3411 1302 3466 τοῦ
1349 3413 1542 3477 ξύλου
1576 3413 1682 3468 τοῦ
1719 3415 1892 3486 τινά)-

203 3523 395 3561 σκειν
425 3503 621 3558 καλὸν
645 3501 744 3554 καὶ
769 3501 1058 3566 πονηρὸν,
1078 3497 1150 3551 οὐ
1177 3495 1442 3566 φάγεσθε
1465 3497 1566 3550 ἀπ’
1591 3497 1799 3552 αὑτοῦ.
1819 3499 1893 3550 Τὸ

207 3599 270 3654 δὲ
297 3597 506 3664 λέγειν,
542 3595 662 3648 τόδε
703 3592 866 3662 φάγε,
909 3591 1004 3645 καὶ¹
1031 3589 1150 3643 τόδε
1185 3589 1262 3661 μὴ
1295 3589 1498 3661 φάγῃς,
1537 3591 1794 3664 νηστείας
1821 3587 1908 3664 ἦν.

205 3693 406 3752 εἰκῶν.
446 3689 614 3744 mm
638 3689 758 3743 δέον
789 3687 1024 3757 φυλάξαι
1061 3685 1161 3758 τὴν
1193 3685 1434 3759 ἐντολὴν,
1477 3687 1636 3741 τοῦτο
1668 3688 1768 3758 μὲν
1795 3691 1894 3744 οὐκ

206 3785 468 3856 ἐποίησε.
513 3781 580 3835 δι’
611 3782 886 3853 ἀκρασίαν
930 3779 987 3832 δὲ
1029 3779 1129 3848 τῆς
1155 3789 1179 3817 °
1217 3777 1456 3850 γαστρὸς
1488 3779 1770 3852 ἡττηθεὶς.
1801 3783 1896 3836 καὶ

205 3875 313 3948 τὴν
373 3873 664 3945 παρακοὴν
735 3869 1149 3942 ἐργασάμενος,
1207 3867 1424 3940 θανάτῳ
1486 3869 1891 3937 κατεδικάζετο.

217 3967 456 4034 Ἐπειδὴ
477 3967 586 4038 γὰρ
614 3961 754 4018 εἶδεν
783 3966 812 4018 6
837 3961 1073 4034 πονηρὸς
1105 3961 1316 4033 δαίμων
1338 3965 1547 4028 ἐκεῖνος
1577 3966 1672 4020 καὶ
1701 3966 1896 4038 ἐχθρὸς

205 4063 316 4134 τῆς
351 4059 578 4130 φύσεως
613 4058 714 4130 τῆς
745 4056 1023 4129 ἡμετέρας
1068 4055 1167 4126 τὴν
1201 4057 1262 4112 ὲν
1303 4055 1383 4127 τῷ
1421 4057 1736 4130 παραδείσῳ
1779 4061 1896 4116 δια-

205 4153 409 4226 γωγὴν
431 4151 532 4206 τοῦ
565 4149 992 4217 πρωτοπλάστου
1017 4190 1036 4215 ,
1087 4148 1184 4200 καὶ
1223 4147 1317 4202 τὸν
1361 4139 1745 4221 ἀταλαίπωρον
1780 4152 1895 4223 βίον

205 4253 450 4314 ἐκεῖνον,
484 4245 580 4300 καὶ
603 4247 708 4310 ὅτι,
739 4243 993 4314 καθάπερ
1027 4240 1291 4310 ἅγγελος,
1337 4240 1480 4296 οὕτω
1513 4241 1728 4314 σώματι
1761 4263 1896 4318 συμ-

205 4338 606 4410 πεπλεγμένος
649 4335 836 4404 διῆγεν
887 4333 981 4386 ἐπὶ
1029 4331 1132 4402 τῆς
1182 4331 1310 4400 γῆς,
1361 4332 1685 4404 βουλόμενος
1731 4337 1896 4392 αὑτὸν

207 4421 584 4478 ὕποσκελίσαι
627 4419 724 4472 καὶ
769 4415 1100 4471 καταϐαλεῖν
1143 4414 1318 4468 ἐλπίδι
1352 4413 1616 4484 μειζόνων
1664 4417 1898 4489 ὑποσχέ-

208 4533 386 4580 σεων,
411 4514 512 4568 καὶ
541 4511 653 4566 τῶν
686 4513 743 4566 ἐν
771 4510 962 4580 χερσὶν
996 4503 1240 4572 ἐξέϐαλε.
1281 4507 1548 4561 Τοσοῦτόν
1579 4511 1694 4562 ἐστι
1728 4509 1789 4560 τὺ
1820 4509 1898 4580 μὴ

211 4609 409 4682 μένειν
437 4605 534 4659 ἐπὶ
565 4603 677 4656 τῶν
707 4603 924 4656 οἰκείων
957 4601 1124 4670 ὅρων,
1156 4598 1294 4653 ἀλλὰ
1325 4599 1433 4653 τῶν
1466 4599 1729 4668 μειζόνων
1757 4601 1901 4670 ἐφίε-

209 4701 370 4754 σθαι.
415 4695 531 4750 Kal
561 4693 722 4748 τοῦτο
755 4691 886 4746 αὐτὸ
930 4690 1106 4762 δηλῶν
1140 4689 1304 4758 σοφός
1335 4707 1420 4754 τις
1458 4689 1613 4759 ἔλεγε
1633 4706 1647 4720 ο
1693 4693 1899 4756 Φθόνῳ

207 4791 282 4844 δὲ
301 4791 600 4844 διαϐόλου
627 4783 884 4849 θάνατος
909 4779 1194 4850 εἰσ-ἦλθεν
1213 4784 1299 4847 εἰς
1319 4781 1424 4834 τὸν
1444 4781 1700 4852 κόσμον.
1719 4779 1894 4850 Εἶδες,

209 4879 506 4952 ἀγαπητὲ,
557 4877 676 4940 πῶς
710 4878 776 4930 ἐκ
811 4874 1110 4947 προοιμίων
1142 4873 1201 4940 ἐξ
1241 4873 1548 4945 ἀδηφαγίας
1595 4874 1626 4926 ὁ
1671 4874 1900 4941 θάνατος

209 4980 318 5050 τὴν
351 4975 562 5030 εἴσοδον
591 4971 782 5042 ἐσχενς
815 4970 1016 5022 Σκόπει
1041 4968 1098 5022 δὲ
1133 4967 1295 5022 πάλιν
1325 4967 1418 5020 καὶ
1444 4966 1582 5037 μετά
1606 4967 1781 5022 ταῦτα
1801 4968 1901 5040 τὴν

211 5071 379 5126 θείαν
415 5065 643 5140 Γραφὴν
680 5059 1092 5132 κατηγοροῦσαν
1137 5059 1378 5130 συνεχῶς
1407 5059 1509 5130 τῆς
1535 5061 1778 5132 τρυφῆς,
1807 5061 1902 5114 καὶ

205 5159 496 5230 λέγουσαν
534 5155 668 5210 ποτέ
716 5155 835 5225 μὲν,
887 5151 1194 5206 Ἐκάθισεν
1235 5153 1270 5205 ὁ
1314 5145 1466 5218 ,λαὸς
1520 5151 1753 5222 φαγεῖν,
1801 5151 1900 5206 καὶ

211 5254 408 5314 πιεῖν,
448 5249 548 5304 καὶ
592 5246 947 5314 ἀνέστησαν
983 5242 1210 5304 παίζειν
1228 5259 1243 5275 ·
1283 5243 1472 5297 ἄλλοτε
1527 5243 1584 5296 δὲ
1601 5285 1622 5308 ,
1659 5243 1899 5314 Ἐ’φαγε,

213 5347 324 5400 καὶ
369 5342 526 5403 ἔπιε,
559 5337 658 5392 καὶ
689 5334 1002 5402 ἐλιπάνθη,
1038 5333 1138 5388 καὶ
1169 5333 1480 5403 ἐπαχύνθη
1500 5375 1515 5398 ,
1543 5335 1641 5388 καὶ
1680 5335 1905 5390 ἀπελά-

214 5449 439 5492 κτισεν
467 5435 502 5486 ὁ
526 5427 932 5500 ἠγαπημένοι).
967 5427 1078 5479 Kal
1112 5427 1163 5479 οί
1192 5425 1262 5479 τά
1291 5425 1498 5497 Σόδομα
1534 5426 1592 5480 δὲ
1625 5429 1904 5494 οἰκοῦντες

217 5527 373 5596 μετά
401 5523 518 5578 τῶν
539 5521 716 5576 ἄλλων
736 5517 923 5573 κακῶν
940 5517 1188 5572 ἐντεῦθεν
1211 5517 1309 5589 τὴν
1332 5519 1708 5592 ἀπαραίτητον
1729 5521 1900 5594 ὀργὴν

283 5642 314 5670 ⁸
341 5638 546 5689 Coislin.
573 5636 619 5684 τί
636 5635 726 5698 γὰρ
748 5635 1094 5698 ἀναιδέστερον.
1125 5633 1310 5682 Ibidem
1329 5633 1606 5698 Irreggndum
1623 5636 1906 5698 503picab..

219 5711 325 5756 tur.
355 5707 490 5749 teste
533 5696 736 5754 Savi'lici,
777 5696 1006 5746 Andreas
1045 5697 1310 5754 Dounaeus,
1337 5697 1371 5754 ἢ
1408 5696 1538 5746 ὅταν·
1583 5697 1673 5747 sed
1711 5696 1906 5756 lutovis

217 5765 374 5814 male)
403 5763 538 5810 bene
561 5759 730 5807 habet.

289 5829 318 5864 ιι
344 5827 566 5882 Quatuor
587 5835 700 5868 mss.
735 5820 922 5881 ἀγαθῶν
944 5818 1072 5882 αἰτία
1089 5817 1280 5874 γίνεται.

288 5891 312 5914 "-
341 5881 548 5952 Quislin.
573 5883 636 5930 δι’
658 5882 892 5956 ἀκρασίας
913 5881 1002 5953 γὰρ
1019 5886 1120 5937 τῆς.

285 5949 318 5987 ιι
357 5949 480 6011 Reg.
504 5957 632 5994 unus
663 5949 806 5992 τοῦτο
828 5949 918 6006 γὰρ
939 5949 1011 5990 το.

1985 493 2204 565 ἐκείνην
2229 493 2630 548 ἐπεσπάσαντο.
2665 495 2934 546 Ἄκουσον
2969 493 3080 562 γὰρ
3121 493 3218 546 τοῦ
3255 496 3531 566 προφήτου
3571 499 3659 551 λέ-

1985 594 2174 646 γοντος
2192 593 2206 606 ·
2241 576 2420 632 Τοῦτο
2463 575 2526 630 τὸ
2545 574 2573 615 (ι
2619 577 2894 646 ἀνόμημα
2929 577 3228 646 Σοδόμων,
3267 577 3360 630 ὅτι
3393 579 3464 632 ὲν
3499 583 3656 648 πλη-

1985 665 2189 736 σμονῇ
2210 665 2404 734 ἀρτων
2423 665 2804 720 ἐσπατὰλων.
2829 665 3234 738 Καθάπερ-γάρ
3263 668 3414 737 πηγή
3446 683 3532 730 τις
3561 671 3660 724 καὶ

1987 749 2116 819 ῥίζα
2139 749 2399 819 τυγχάνει
2433 749 2542 802 τῶν
2575 749 2763 802 κακῶν
2791 749 3066 803 ἁπάντων.

2055 837 2125 901 γ’.
2151 828 2302 895 Εἶδες
2335 833 2436 904 τῆς
2459 833 2767 903 ἀδηφαγίας
2783 833 2882 904 τὴν
2916 832 3158 904 βλάϐην;
3187 833 3331 905 Ὅρα
3363 851 3455 904 μοι
3493 835 3661 889 πάλιν

1985 915 2087 986 τῆς
2109 919 2365 986 νηστείας
2392 919 2462 972 τά
2481 918 2884 990 κατορθώματα
2911 930 2956 974 ο.
2985 919 3405 991 Τεσσαράκοντα
3430 922 3657 992 ἡμερῶν

1987 999 2240 1070 νηστείαν
2269 999 2678 1070 ἐπιδειξάμενος
2697 1005 2728 1054 ὁ
2761 1002 2936 1070 μέγας
2965 1002 3190 1072 Μωσῆς,
3213 1002 3313 1073 τῆς
3336 1003 3660 1072 νομοθεσίας

1985 1081 2088 1146 τὰς
2121 1082 2336 1147 πλάκας
2377 1085 2563 1138 λαϐεῖν
2596 1085 2834 1156 ἠδυνήθη
2857 1102 2870 1116 ·
2904 1086 2997 1139 καὶ
3023 1087 3208 1158 ἐπειδὴ
3244 1087 3517 1141 κατελθὼν
3551 1085 3658 1143 εἷδέ

1985 1165 2080 1218 τοῦ
2106 1165 2236 1219 λαοῦ
2261 1166 2358 1238 τὴν
2383 1167 2748 1238 παρανομίαν,
2775 1169 2842 1231 ἃς
2873 1169 3011 1238 μετά
3032 1169 3302 1242 τοσαύτης
3331 1173 3657 1246 προσεδρίας

1988 1247 2171 1302 λαϐεῖν
2210 1249 2416 1320 ἴσχυσε,
2451 1249 2654 1313 ταύτας
2683 1251 2846 1320 ῥίψας
2885 1251 3235 1316 συνέκλασεν,
3287 1253 3485 1307 ἄτοπον
3517 1251 3658 1310 εἷναι

1988 1330 2364 1404 λογισάμενος,
2408 1333 2676 1400 μεθύοντα
2701 1335 2828 1388 λαὸν
2861 1337 2955 1388 καὶ
2983 1336 3404 1408 παρανομοῦντα
3437 1339 3660 1409 νομοθε-

1989 1413 2114 1469 σίαν
2139 1417 2410 1469 Δεσπότου
2437 1413 2714 1484 δέξασθαι.
2737 1417 2828 1471 Διὸ
2855 1421 2951 1473 καὶ
2976 1419 3180 1492 ἐτέρων
3204 1422 3368 1474 πάλιν
3391 1423 3660 1493 τεσσαρά-

1989 1514 2154 1552 κοντα
2203 1497 2424 1570 ἡμερῶν
2470 1501 2723 1572 νηστείας
2775 1501 2969 1574 ἐδεήθη
3017 1507 3046 1557 6
3095 1504 3400 1574 θαυμάσιος
3455 1509 3660 1570 ἐκεῖνος

1989 1583 2295 1653 προφήτης,
2342 1583 2428 1636 ἱνα
2457 1583 2658 1655 δυνηθῇ
2689 1585 2790 1648 τὰς
2823 1585 2912 1640 διὰ
2957 1587 3056 1658 τὴν
3091 1590 3436 1660 παρανομίαν
3479 1591 3661 1644 αὐτῶν

1991 1666 2370 1737 συντριϐείσας
2421 1667 2634 1733 πλάκας
2660 1667 2682 1708 τ
2733 1669 2894 1724 πάλιν
2941 1671 3149 1726 ἀνωθεν
3189 1673 3481 1744 δεξάμενος
3527 1692 3662 1728 κατ-

1991 1751 2256 1816 ενεγκεῖν.
2287 1752 2397 1804 Kal
2436 1751 2465 1803 6
2494 1751 2668 1822 μέγας
2691 1753 2748 1806 δὲ
2785 1753 2974 1817 Ἠλίας
3015 1753 3284 1808 τοσούτων
3315 1756 3539 1826 ἡμερῶν
3572 1775 3662 1828 νη-

1989 1830 2176 1884 στείαν
2223 1833 2556 1898 ἐπεδείξατο,
2589 1834 2684 1887 καὶ
2714 1834 2814 1906 τὴν
2841 1835 2934 1888 τοῦ
2966 1836 3196 1890 θανάτου
3222 1839 3514 1909 τυραννίδα
3541 1842 3661 1894 δια-

1991 1912 2200 1982 φυγὼν,
2235 1916 2331 1968 καὶ
2363 1917 2758 1988 μετάνπυρίνου
2801 1919 3045 1988 ἅρματος
3074 1919 3150 1982 ὡς
3191 1921 3272 1983 εἰς
3303 1922 3394 1974 τὸν
3433 1923 3662 1994 οὐρανὸν

1991 1995 2252 2062 ἀνελθὼν,
2298 1999 2392 2052 καὶ
2436 2001 2646 2054 οὐδέπω
2669 2002 2762 2054 καὶ
2794 2004 3034 2074 τήμερον
3065 2002 3296 2057 θανάτου
3335 2007 3530 2076 πεῖραν
3561 2007 3660 2060 λα-

1985 2079 2123 2137 ϐὼν.
2156 2081 2266 2134 Kal
2301 2084 2330 2134 6
2369 2083 2508 2154 ἀνὴρ
2547 2084 2603 2136 δὲ
2647 2085 2757 2138 τῶν
2801 2086 3130 2156 ἐπιθυμιῶν,
3176 2088 3388 2144 πολλῶν
3439 2091 3662 2162 ἡμερῶν

1992 2163 2246 2246 νηστείαν
2273 2165 2699 2236 ἐπιδειξάμενος,
2731 2167 2905 2232 οὕτως
2947 2169 3151 2241 ἠξιώθη
3194 2171 3296 2241 τῆς
3343 2171 3661 2246 θαυμαστῆς

1993 2245 2208 2316 ἐκείνης
2233 2247 2519 2312 ὀπτασίας,
2552 2249 2611 2313 ὃς
2637 2251 2730 2303 καὶ
2757 2250 2866 2304 τῶν
2895 2251 3126 2306 λεόντων
3155 2253 3247 2306 τὸν
3275 2255 3444 2326 θυμὸν
3477 2245 3658 2326 ἐχαλί-

1991 2345 2151 2393 νωσε,
2183 2330 2280 2384 καὶ
2302 2332 2382 2394 εἰς
2408 2333 2697 2402 προϐάτων
2725 2335 3039 2405 ἡμερότητα
3073 2337 3424 2408 μετέστησεν,
3461 2341 3522 2392 ού
3559 2340 3660 2410 τὴν

1993 2413 2156 2482 φύσιν
2205 2415 2548 2486 μεταϐαλὼν,
2599 2417 2735 2471 ἀλλά
2776 2418 2874 2490 τῆς
2917 2418 3210 2490 θηριωδίας
3258 2421 3526 2494 μενούσης
3563 2423 3661 2497 τὴν

1993 2497 2314 2570 προαίρεσιν
2342 2499 2602 2569 ἀμείψας.
2649 2501 2832 2573 Ταύτῃ
2867 2503 2962 2556 καὶ
3012 2505 3293 2560 Νινευῖται
3323 2501 3662 2582 χρησάμενοι

1991 2583 2091 2650 τὴν
2134 2582 2410 2651 ἀπόφασιν
2457 2583 2854 2638 ἀνεκαλέσαντο
2897 2585 2993 2638 τοῦ
3037 2588 3342 2651 Δεσπότου.
3389 2590 3468 2664 [5]
3521 2595 3662 2664 μετά

1992 2665 2101 2746 τῶν
2147 2666 2454 2737 ἀνθρώπων
2490 2668 2676 2721 καὶτὸ
2719 2668 2830 2722 τῶν
2863 2669 3077 2738 ἀλόγων
3107 2672 3264 2739 γένος
3305 2676 3512 2746 ταύτην
3548 2680 3664 2732 ἐπι·

1993 2745 2268 2811 δείξασθαι
2323 2751 2879 2822 παρασκευάσαντες,
2940 2753 3038 2806 καὶ¹
3097 2755 3270 2820 οὕτως
3325 2745 3663 2826 ἀποστάντες

1994 2828 2224 2914 ἐκαστος
2261 2831 2368 2914 ἀπὸ
2406 2833 2515 2886 τῶν
2556 2833 2810 2905 πονηρῶν
2853 2837 3324 2908 ἐπιτηδευμάτων,
3349 2844 3428 2906 εἰς
3475 2845 3663 2914 φιλαν-

1997 2911 2244 2984 θρωπίαν
2271 2913 2664 2978 ἐξεκαλέσαντο
2689 2918 2782 2972 τὸν
2807 2918 2918 2972 τῶν
2951 2920 3208 2975 ἁπάντων
3228 2911 3522 2998 Δεσπότην.
3551 2929 3664 2983 Kal

1994 2997 2048 3049 τί
2077 2998 2207 3068 περὶ
2231 2999 2357 3062 τοὺς
2385 2999 2604 3063 δούλους
2633 2999 2713 3054 ἐτι
2740 3004 3042 3074 στρέφομαι
3063 3003 3181 3076 (καὶ
3215 3006 3326 3077 γάρ
3345 2997 3538 3079 ἔχομεν
3566 3013 3662 3066 καὶ

1995 3081 2222 3153 ἐτέρους
2251 3082 2479 3146 πολλοὺς
2512 3082 2841 3153 ἀριθμῆσαι,
2881 3085 2976 3139 καὶ
3022 3088 3082 3139 ἐν
3115 3089 3186 3158 τῇ
3233 3089 3446 3163 Παλαιᾷ
3478 3093 3572 3148 καὶ
3605 3097 3665 3149 ἐν

1994 3165 2062 3235 τῇ
2112 3165 2288 3236 Καινῇ
2321 3164 2410 3218 διὰ
2458 3165 2664 3237 ταύτης
2711 3166 3218 3239 εὐδοκιμήσαντας),
3263 3173 3379 3226 δέον
3430 3177 3524 3230 ἐπὶ
3571 3179 3666 3232 τὸν

1997 3247 2176 3333 κοινὸν
2193 3248 2640 3333 ⁸ἀιτάνέιτων--ίιμιῖσν
2667 3251 2946 3333 Δεσπότην
2971 3252 3148 3306 ἐλθεῖν
3172 3271 3187 3321 ;
3232 3253 3292 3310 ⁸0
3317 3256 3427 3328 γὰρ
3461 3257 3666 3333 Κύριος

1997 3328 2657 3414 ήμῶνᾲἸησοῦςᾼΧριστὺς
2682 3332 2776 3384 καὶ
2797 3333 2958 3397 αὐτὸς
2997 3337 3404 3407 τεσσαράκοντα
3439 3328 3667 3414 ἡμερῶν

1997 3412 2255 3492 νηστείαν
2304 3411 2732 3485 ἐπιδειξάμενος,
2769 3414 2912 3469 οὓτω
2955 3419 3056 3488 τῆς
3099 3420 3236 3492 πρὸς
3281 3422 3375 3476 τὸν
3421 3411 3666 3480 δίάϐολον

1997 3491 2176 3562 ἥψατο
2219 3495 2420 3565 πάλης,
2453 3497 2618 3549 πᾶσιν
2642 3497 2773 3567 ἡμῖν
2797 3499 3164 3571 ὑπογραμμὸν
3189 3503 3382 3570 διδοὺς,
3411 3505 3554 3562 ὥστε
3577 3509 3668 3564 διά

1999 3574 2203 3661 ταύτης
2239 3575 2680 3661 καθοπλίζεσθαι,
2715 3579 2812 3632 καὶ
2829 3579 2928 3652 τὴν
2963 3581 3214 3638 ἐντεῦθεν
3245 3585 3401 3657 ίσχὺν
3427 3592 3666 3661 προσλα-

2000 3659 2192 3723 ϐόντας
2233 3659 2379 3712 οὕτω
2425 3661 2869 3732 παρατάττεσθαι
2899 3664 2981 3727 εἰς
3007 3664 3107 3736 τὴν
3141 3665 3278 3738 πρὸς
3318 3659 3522 3725 ἐκεῖνον
3563 3677 3670 3746 μά..

1999 3768 2122 3822 χην.
2163 3751 2303 3804 Ἀλλ’
2325 3751 2557 3806 ἐνταῦθα
2581 3747 2718 3816 ’ἴσως
2750 3753 2929 3825 ἔροιτό
2958 3773 3045 3820 τις
3085 3755 3154 3812 ἂν
3183 3757 3293 3814 τῶν
3321 3760 3414 3829 ὀξὺ
3445 3761 3673 3834 βλεπόν-

1999 3861 2107 3899 των
2147 3845 2248 3898 καὶ
2268 3844 2704 3916 διεγηγερμένων
2728 3847 2826 3917 τὴν
2857 3846 3094 3904 διάνοιαν
3113 3865 3128 3881 ·
3153 3851 3298 3917 τίνος
3339 3853 3524 3910 ἕνεκεν
3569 3859 3669 3926 τὰς

2001 3937 2174 4002 αὐτὰς
2200 3939 2312 4001 τοῖς
2332 3937 2538 4002 δούλοις
2569 3939 2783 4010 ἡμέρας
2812 3943 2842 3994 6
2879 3943 3155 4012 Δεσπότης
3180 3948 3460 4018 νηστεύων
3483 3953 3670 4021 φαῖνε-

2001 4047 2111 4090 ται,
2136 4032 2231 4083 καὶ
2253 4031 2350 4102 οὐχ
2373 4029 2766 4102 ὑπερηκόντισε
2795 4034 2886 4088 τὸν
2914 4036 3184 4107 agam;
3211 4041 3320 4111 οὐχ
3342 4042 3526 4110 ἁπλῶς
3549 4047 3672 4102 οὐδὲ

2003 4122 2124 4191 εικῆ
2157 4120 2314 4174 τοῦτο
2349 4122 2676 4194 γεγένηται,
2711 4123 2848 4178 ἀλλὰ
2870 4127 3146 4181 καὶτοῦτο
3185 4131 3364 4200 σοφῶς
3404 4139 3499 4190 καὶ
3530 4139 3679 4193 κατά

2001 4212 2100 4283 τὴν
2131 4212 2336 4278 ἄφατον
2373 4215 2538 4268 αὐτοῦ
2570 4215 2997 4288 φιλανθρωπίαν.
3040 4220 3156 4273 Ἵνα
3189 4223 3296 4295 γάρ
3333 4226 3408 4298 μὴ
3442 4233 3678 4304 νομισθῇ,

2003 4305 2220 4377 δοκήσει
2253 4309 2758 4380 παραγεγενῆσθαι,
2788 4311 2883 4365 καὶ
2915 4311 2988 4382 μή
3020 4313 3366 4384 ἀνειληφέναι
3395 4319 3594 4388 σάρκα,
3636 4323 3671 4393 ἢ

2005 4397 2117 4462 ἐξω
2140 4399 2236 4469 τῆς
2277 4401 2489 4468 φύσεως
2519 4397 2655 4457 εἶναι
2695 4401 2796 4474 τῆς
2845 4403 3210 4478 ἀνθρωπίνης.
3253 4406 3342 4461 διὰ
3378 4411 3534 4466 τοῦτο
3579 4413 3682 4468 τὸν

2005 4491 2168 4544 αὐτὸν
2184 4491 2415 4562 ἀριθμὸν
2437 4493 2703 4564 νηστεύει,
2719 4495 2814 4548 καὶ
2829 4495 2894 4548 οὐ
2916 4497 3241 4568 προστίθησι
3265 4501 3386 4563 ταῖς
3415 4502 3677 4574 ἡμέραις,

2006 4583 2147 4638 ὥστε
2205 4585 2552 4656 ἐπιστομίσαι
2599 4587 2709 4640 τῶν
2760 4589 3140 4660 ἀναισχυντεῖν
3189 4595 3531 4667 βουλομένων
3572 4597 3682 4670 τὴν

2007 4677 2355 4748 φιλονεικίαν.
2395 4679 2460 4731 Εἰ
2491 4679 2599 4750 γάρ
2637 4682 2730 4734 καὶ
2763 4681 2954 4736 τούτου
3001 4687 3371 4758 γεγενημένου
3411 4690 3547 4743 εἰσὶν
3593 4691 3678 4745 ἔτι

2008 4771 2104 4826 καὶ
2141 4770 2235 4824 νῦν
2275 4787 2419 4835 τινες
2464 4771 2634 4826 ταῦτα
2668 4773 2972 4844 τολμῶντες
3018 4776 3380 4847 φθέγγεσθαι,
3415 4781 3463 4833 εί
3499 4781 3573 4852 μὴ
3603 4783 3679 4853 τῇ

2007 4864 2185 4935 οἰκείᾳ
2213 4861 2518 4934 προγνώσει
2563 4865 2769 4936 ταύτην
2803 4865 2981 4920 αὐτῶν
3007 4867 3230 4938 ἐξέκοψε
3259 4869 3364 4941 τὴν
3398 4871 3675 4944 ἀφορμὴν,

2007 4957 2060 5010 τί
2089 4958 2191 5012 οὐκ
2223 4955 2290 5009 ἂν
2318 4955 2681 5028 ἐπεχείρησαν
2721 4960 2934 5024 ein-53v;
2961 4959 3062 5012 Διά
3097 4959 3254 5013 τοῦτο
3290 4961 3390 5014 οὐκ
3427 4963 3684 5034 ἀνέχεται

2010 5050 2225 5113 πλείους
2270 5049 2484 5121 ἡμέρας
2503 5051 2825 5121 νηστεῦσαι,
2855 5049 2994 5104 ἀλλά
3017 5051 3282 5116 τοσαύτας
3307 5054 3439 5118 ὅσας
3469 5057 3518 5108 οί
3551 5055 3677 5110 δοῦ-

2009 5143 2092 5196 λοι
2111 5159 2125 5174 '
2159 5143 2248 5196 ἵνα
2271 5141 2336 5195 δι’
2371 5141 2549 5196 αὐτῶν
2575 5141 2682 5196 τῶν
2707 5143 3045 5214 πραγμάτων
3075 5145 3224 5216 ἡμᾶς
3251 5145 3516 5218 παιδεύσῃ
3539 5187 3556 5213 ,
3593 5149 3686 5202 ὅτε

2010 5235 2108 5307 τὴν
2129 5235 2300 5307 αὐτὴν
2333 5233 2513 5307 σάρκα
2542 5236 2638 5289 καὶ¹
2665 5235 2827 5300 αύτὸς
2864 5235 3173 5308 περιέκειτο
3201 5237 3296 5292 καὶ
3327 5238 3426 5292 οὐκ
3448 5237 3552 5304 ἔξω
3579 5243 3687 5312 τῆς

2013 5329 2226 5402 φύσεως
2255 5329 2353 5400 τῆς
2385 5327 2659 5400 ἡμετέρας
2684 5327 2950 5400 ὑπῆρχεν.

2081 5421 2122 5474 δ’
2131 5461 2149 5474 .
2176 5419 2314 5473 Ἀλλ’
2332 5421 2414 5473 ὅτι
2435 5419 2533 5491 μὲν
2551 5417 2759 5490 μεγάλη
2775 5419 2874 5488 τῆς
2895 5419 3146 5490 νηστείας
3231 5421 3520 5493 ίσχὺς,.καὶ,
3545 5423 3686 5477 πσλῦ

2011 5511 2072 5565 τὸ
2099 5513 2164 5566 ἐκ
2192 5510 2396 5580 ταύτης
2419 5511 2608 5582 κέρδος
2628 5514 2698 5583 τῇ
2726 5511 2871 5584 ψυχῇ
2899 5512 3344 5584 προσγινόμενον,
3371 5516 3464 5568 καί
3489 5517 3554 5572 ἐκ
3572 5517 3683 5572 τῶν

2011 5604 2211 5658 δούλων
2241 5603 2335 5658 καὶ
2362 5606 2426 5656 ἐκ
2453 5603 2546 5656 τοῦ
2577 5603 2846 5655 Δεσπότου
2874 5603 3031 5673 δῆλον
3064 5605 3198 5676 ἡμῖν
3224 5605 3514 5677 γεγένηται
3533 5624 3548 5638 ·
3578 5625 3684 5661 πα-

2017 5697 2238 5766 ρακαλῶ
2285 5691 2377 5750 οῦν
2408 5697 2508 5767 τὴν
2545 5694 2818 5766 ὑμετέραν
2852 5696 3108 5767 ἀγάπην,
3163 5697 3370 5760 εἰδότας
3415 5699 3584 5768 αὐτῆς
3619 5699 3684 5750 τὸ

2081 5832 2104 5882 ες
2128 5819 2253 5882 Reg,
2275 5817 2492 5882 νηστείας
2512 5819 2568 5867 τὸ
2590 5817 2893 5881 κατόρθωμα.

2049 5880 2103 5996 λς
2130 5880 2381 5932 δίοειινίι.
2408 5889 2456 5930 οι
2481 5894 2652 5931 omnes
2676 5880 2805 5943 pene
2825 5893 2938 5931 mss.
2955 5881 3158 5944 ;Morel.
3178 5881 3416 5933 mendose
3433 5880 3683 5945 συντρίψει

2049 5966 2050 5969 η
2077 5960 2211 5996 anan.

2015 5960 2211 6002 πλάκας.
