4040 6378
345 351 422 406 25
1117 348 1175 403 S.
1216 345 1500 402 JOANNIS
1538 339 2025 400 CHRYSOSTOMI
2063 335 2394 394 ARCHIEP.
2439 327 2984 391 CONSTANTINOP.
3721 323 3792 377 ‘26

353 465 566 538 κέρδος,
593 463 670 533 μὴ
698 462 785 515 διὰ
812 461 1082 534 ρᾳθυμίαν
1101 460 1424 515 ἀπώσασθαι
1447 460 1544 531 τὴν
1570 461 1633 512 ἐκ
1663 457 1864 528 ταύτης
1890 455 2030 524 ὠφέ-

358 552 540 607 λειαν.
578 546 711 618 μηδὲ
745 544 1112 616 δυσχεραίνειν
1147 546 1286 614 πρὸς
1326 544 1425 612 τὴν
1468 541 1671 612 ταύτης
1704 540 2027 610 παρουσίαν,

357 633 497 689 ἀλλὰ
526 630 734 702 χαίρειν
766 630 859 681 καὶ
902 627 1257 696 ἀγάλλεσθαι,
1288 625 1429 679 κατὰ
1461 625 1551 678 τὸν
1587 623 1854 694 μακάριον
1882 622 2031 674 Παῦ-

358 720 450 773 λον
469 733 482 746 ο
512 716 674 781 Ὄσῳ
707 715 819 783 γὰρ
858 715 890 766 ὀ
917 712 1033 775 ἔξω
1072 711 1243 780 ἡμῶν
1274 711 1583 779 ἄνθρωπος
1613 706 2028 775 διαφθείρεται,

356 801 629 862 τοσούτῳ
673 800 706 851 ὁ
734 798 857 851 ἔσω
888 794 1333 850 ἀνακαινοῦται.
1373 791 1614 862 Νηστεία
1654 790 1763 861 γὰρ
1792 792 1890 860 τῆς
1928 789 2030 859 ψυ-

363 885 464 955 χῆς
491 885 605 934 ἐστι
635 879 847 950 τροφὴ,
878 877 973 931 καί
1009 876 1261 947 καθάπερ
1302 875 1440 945 αὕτη
1482 877 1515 945 ἡ
1547 872 1833 943 σωματικὴ
1858 872 2032 955 τροφᾷὴ

364 953 566 1021 πιαίνει
581 963 640 1015 τὸ
666 960 845 1031 σῶμα,
865 960 1007 1013 οὕτω
1027 960 1120 1014 καὶ
1140 961 1173 1029 ἡ
1199 958 1421 1028 νηστεία
1435 957 1531 1029 τὴν
1551 956 1727 1026 ψυχὴν
1744 953 2035 1008 εὐτονωτέ-

366 1067 466 1120 ραν
488 1047 801 1119 ἐργάζεται,
825 1045 1027 1112 κοῦφον
1044 1043 1179 1112 αὐτῇ
1196 1041 1257 1093 τὸ
1285 1041 1484 1111 πτερὸν
1502 1038 1920 1102 κατασκευάζει,
1943 1054 2036 1106 με·

363 1118 585 1203 τάρσιον
595 1131 772 1199 αὐτὴν
789 1132 952 1186 ποιεῖ.
967 1128 1036 1181 τά
1051 1127 1161 1180 ἄνω
1179 1123 1546 1195 φαντάζεσθαι
1562 1118 2037 1191 προξενεῖ,ἀνωτέ-

369 1202 467 1287 ραν
483 1214 651 1283 αὐτὴν
670 1212 779 1265 τῶν
798 1209 1001 1282 ἡδονῶν
1037 1210 1130 1263 καὶ
1149 1208 1256 1261 τῶν
1289 1207 1458 1277 ἡδέων
1475 1218 1501 1246 ει
1518 1204 1610 1258 τοῦ
1629 1205 1894 1275 παρόντος
1924 1202 2036 1287 βίου

366 1286 477 1352 ἆπε
486 1295 817 1369 ργαζομένη.
845 1294 954 1347 Καὶ
979 1292 1229 1361 καθάπερ
1245 1290 1311 1343 τὰ
1328 1288 1506 1358 κοῦφα
1522 1288 1629 1342 τῶν
1641 1287 1840 1341 πλοίων
1856 1286 2039 1369 ὀξύτε-

372 1397 462 1451 ρον
485 1368 553 1430 τὰ
577 1377 784 1448 πελάγη
818 1375 1071 1446 διαπερᾷ,
1109 1373 1177 1427 τὰ
1209 1372 1389 1443 πολλῷ
1420 1371 1496 1441 τῷ
1516 1370 1699 1441 φόρτῳ
1732 1368 2040 1439 βαρούμενα

368 1461 675 1532 ὑποϐρύχια
714 1460 922 1528 γίνεται
945 1474 959 1488 ’
986 1457 1158 1520 οὕτως
1195 1458 1227 1526 ἡ
1278 1456 1375 1526 μὲν
1407 1454 1633 1524 νηστεία
1665 1452 1990 1522 κουφότερον
2012 1451 2041 1490 ιι

371 1542 716 1615 ἐργαζομένη
747 1541 838 1593 τὸν
868 1538 1150 1609 λογισμὸν,
1187 1536 1599 1608 παρασκευάζει
1633 1536 1749 1605 μετ’
1790 1534 2042 1596 εὐκολίας

369 1628 431 1681 τὸ
460 1626 695 1692 πέλαγος
722 1623 815 1676 τοῦ
851 1622 1118 1693 παρόντος
1164 1620 1280 1690 βίου
1322 1619 1607 1687 διαπερᾷν,
1658 1617 1752 1669 καὶ
1783 1616 1917 1686 πρὸς
1951 1616 2043 1668 τὸν

370 1709 597 1780 οὐρανὸν
630 1707 725 1760 καὶ
756 1706 825 1759 τὰ
878 1707 936 1758 ἐν
964 1707 1076 1766 τοῖς
1109 1703 1360 1773 οὐρανοῖς
1389 1700 1711 1767 ἐπτοῆσθαι.
1748 1699 1842 1752 καὶ
1878 1698 2043 1769 μηδὲν

373 1792 625 1863 ἡγεῖσθαι
656 1789 724 1842 τὰ
755 1789 1019 1858 παρόντα,
1044 1786 1181 1839 ἀλλὰ
1216 1786 1373 1848 σκιᾶς
1422 1784 1516 1837 καὶ
1555 1782 1847 1854 ὀνειράτων
1890 1782 2047 1834 οὐδα-

376 1875 692 1946 μινέστερον
720 1872 859 1925 αὐτὰ
879 1869 1269 1941 παρατρέχειν.
1306 1866 1364 1920 'H
1398 1866 1454 1919 δὲ
1484 1866 1624 1936 μέθη
1649 1865 1742 1918 καὶ
1772 1867 1804 1934 ἡ
1835 1864 2045 1933 ἀδηφα-

374 1958 471 2025 γία
505 1956 811 2027 βαρύνουσα
856 1954 947 2006 τὸν
1008 1951 1290 2021 λογισμὸν,
1330 1948 1410 2021 [6]
1464 1949 1559 2002 καὶ
1613 1948 1905 2000 πιαίνουσα
1948 1946 2046 2017 τὴν

378 2042 578 2110 σάρκα,
618 2036 964 2107 αἰχμάλωτον
1003 2034 1293 2106 ἐργάζεται
1336 2032 1434 2102 τὴν
1472 2030 1669 2101 ψυχὴν,
1713 2028 2048 2098 πανταχόθεν

377 2123 549 2192 αὐτὴν
583 2119 973 2190 πολιορκοῦσα,
1011 2119 1103 2171 καὶ
1157 2117 1259 2169 οὐκ
1306 2116 1530 2183 ἀφιεῖσα
1562 2112 1657 2165 τοῦ
1696 2111 1959 2181 λογισμοῦ
1990 2114 2050 2166 τὸ

384 2206 670 2276 κριτήριον
717 2202 1031 2274 ἐρρωμένον
1063 2200 1227 2271 ἐχειν,
1291 2196 1431 2253 κατὰ
1478 2194 1739 2266 κρημνῶν
1789 2193 2050 2265 φέρεσθαι

380 2285 811 2358 παρασκευάζει.
840 2282 937 2336 καὶ
968 2282 1109 2335 κατὰ
1140 2281 1241 2351 τῆς
1293 2279 1497 2341 οἰκείας
1529 2276 1800 2348 σωτηρίας
1838 2276 2052 2329 ᾶπαντα

381 2368 728 2439 ἐργάζεσθαι.
757 2365 849 2436 Μὴ
878 2365 941 2434 δὴ
972 2363 1230 2436 ῥαθύμως
1254 2358 1648 2431 οίκονομῶμεν,
1672 2359 1964 2426 ἀγαπητοὶ.
1985 2358 2054 2409 τὰ

382 2454 526 2510 κατὰ
572 2452 672 2523 τὴν
722 2449 1000 2521 σωτηρίαν
1052 2447 1150 2518 τὴν
1182 2444 1460 2517 ἡμετέραν
1485 2459 1498 2473 ·
1553 2441 1666 2496 ἀλλ’
1721 2442 1923 2504 εἰδότες
1954 2442 2055 2494 ὅσα

381 2539 528 2596 κακὰ
550 2534 805 2590 ἐντεῦθεν
826 2534 1085 2593 τίκτεται,
1113 2530 1404 2598 φεύγωμεν
1429 2526 1528 2598 τὴν
1553 2525 1611 2589 ἐξ
1634 2525 1803 2594 αὐτῆς
1827 2525 2052 2596 βλάϐην.

384 2621 519 2675 Οὐδὲ
547 2619 655 2690 γὰρ
678 2620 734 2671 ἐν
763 2619 830 2686 τῇ
867 2617 1043 2686 Καινῇ
1076 2614 1254 2684 μόνον,
1310 2610 1437 2664 ἔνθα
1472 2610 1671 2663 πλείων
1722 2612 1755 2680 ἡ
1806 2611 2057 2673 ἐπίτασις

385 2704 485 2769 τῆς
509 2700 850 2771 φιλοσοφίας,
889 2696 980 2750 καὶ
1011 2696 1241 2766 μείζονα
1266 2694 1335 2746 τὰ
1362 2693 1685 2761 σκάμματα,
1713 2691 1807 2744 καὶ
1832 2692 2057 2761 μεγάλοι

386 2787 436 2838 οἱ
475 2782 720 2855 ἱδρῶτες,
752 2779 1040 2833 καὶπολλὰ
1063 2777 1130 2829 τὰ
1162 2776 1410 2847 βραϐεῖα,
1444 2776 1539 2827 καὶ
1568 2774 1830 2842 ἄφατοιοὶ
1859 2774 2058 2842 στέφα-

385 2885 490 2926 νοι,
514 2865 585 2919 τά
617 2864 716 2934 τῆς
742 2862 959 2935 τρυφῆς
985 2862 1386 2931 ἀπηγόρευται,
1418 2859 1554 2911 ἀλλὰ
1577 2858 1671 2912 καὶ
1704 2859 1797 2911 ἐπὶ
1816 2858 1914 2929 τῆς
1949 2860 2063 2912 Ha-

385 2950 568 3012 λαιᾶς,
597 2947 764 3019 ἡνίκα
797 2945 877 2997 ἔτι
920 2946 986 3013 τῇ
1018 2945 1149 3013 σκιᾷ
1196 2940 1600 3011 παρεκάθηντο,
1640 2940 1734 2994 καὶ
1764 2939 1843 3009 τῷ
1884 2939 2062 3009 λύχνῳ

388 3028 528 3104 ἦσαν
564 3026 1004 3100 προσηλωμένοι,
1034 3026 1126 3077 καὶ
1158 3023 1411 3093 καθάπερ
1458 3023 1647 3075 παιδία
1693 3021 2061 3093 γαλακτοτρο-

391 3102 655 3185 φούμενα,
677 3110 821 3163 οὕτω
849 3107 991 3161 κατὰ
1025 3106 1222 3177 μικρὸν
1245 3106 1522 3175 ἐνήγοντο,
1553 3104 1673 3156 οὐδέ
1692 3103 1813 3155 τότε
1845 3102 2065 3172 ἠφίεντο

390 3196 619 3267 τρυφᾷν.
654 3191 760 3244 Καὶ
791 3191 876 3243 ἵνα
911 3190 986 3260 μὴ
1007 3188 1268 3258 νομίσητε
1299 3186 1484 3248 ἁπλῶς
1514 3187 1664 3257 ἡμᾶς
1693 3186 2065 3256 κατηγοροῦν-

390 3296 491 3341 τας
524 3279 622 3347 τῆς
658 3274 870 3344 τρυφῆς
890 3272 1067 3325 ταῦτα
1099 3271 1302 3337 λέγειν,
1345 3270 1613 3324 ἀκούσατε
1661 3269 1757 3323 τοῦ
1789 3272 2064 3341 προφήτου

391 3361 676 3428 λέγοντος·
709 3356 851 3409 Οὐαί
883 3357 934 3407 οἱ
984 3354 1296 3423 ἐρχόμενοι
1355 3356 1443 3418 εἰς
1488 3353 1717 3421 ἡμέραν
1765 3352 1981 3417 κακὴν,
2012 3355 2067 3404 οἱ

392 3442 787 3505 καθεύδοντες
813 3438 910 3491 ἐπὶ
939 3437 1164 3491 κλινῶν
1178 3438 1607 3505 ἐλεφαντίνων,
1638 3437 1734 3491 καὶ
1766 3449 2071 3489 κατασπα-

394 3527 695 3590 ταλῶντες
726 3523 823 3576 ἐπὶ
858 3521 989 3585 ταῖς
1029 3521 1367 3589 στρωμναῖς
1409 3521 1607 3574 αὐτῶν
1628 3538 1641 3551 ·
1680 3525 1733 3574 οι
1763 3522 2068 3586 ἐσθίοντες

395 3612 641 3681 ἐρίφους
689 3607 757 3659 ἐκ
784 3604 1094 3674 ποιμνίων,
1133 3604 1232 3656 καί
1264 3603 1570 3672 μοσχάρια
1596 3605 1663 3657 ἐκ
1688 3602 1885 3672 μέσου
1920 3606 2071 3668 ,βου-

398 3693 618 3745 πολίων
674 3684 1018 3757 γαλαθηνάο
1073 3688 1126 3739 οἱ
1189 3686 1471 3751 πίνοντες
1520 3686 1627 3739 τὸν
1678 3686 2072 3754 διυλισμένον

398 3773 567 3830 οἶνον
623 3771 720 3823 καὶ
760 3771 832 3822 τὰ
864 3766 1065 3836 πρῶτα
1090 3768 1249 3837 μύρα
1316 3770 1617 3837 χριόμενοι
1646 3809 1659 3831 ,
1714 3769 1793 3834 ὡς
1846 3768 2073 3823 ἑστῶτα

398 3856 778 3926 ἐλογίσαντο,
804 3852 902 3906 καί
936 3854 1047 3920 οὐχ
1080 3852 1159 3918 ὡς
1187 3852 1506 3921 φεύγοντα.
1529 3852 1711 3906 Είδετε
1738 3854 1911 3924 πόσην
1944 3871 2074 3908 κατ-

399 3939 632 4013 ηγορίαν
671 3936 965 4005 ἐποιήσατο
993 3935 1090 4003 τῆς
1110 3934 1322 4005 τρυφῆς
1353 3936 1382 3985 ὁ
1416 3936 1723 4004 προφήτης,
1756 3935 1852 3987 καὶ
1900 3936 2075 3989 ταῦτα

415 4020 690 4081 Ἰουδαίοις
722 4016 1122 4086 διαλεγόμενος,
1174 4019 1286 4078 τοῖς
1316 4016 1680 4087 ἀναισθήτοις,
1736 4019 1848 4080 τοῖς
1896 4018 2076 4085 ἀγνώ-

404 4120 552 4178 μοσι,
584 4102 697 4162 τοῖς
723 4098 846 4151 καθ’
879 4098 1116 4167 ἑκάστην
1141 4096 1361 4167 ἡμέραν
1410 4097 1883 4167 γαστριζομένοις;
1938 4100 2073 4152 Σκο-

402 4190 555 4242 πεῖτε
576 4184 685 4255 γὰρ
713 4182 821 4235 τῶν
847 4182 1107 4253 ῥημάτων
1127 4180 1227 4250 τὴν
1250 4178 1539 4250 ἀκρίϐειαν
1560 4196 1572 4208 ·
1596 4179 1866 4232 διαϐαλὼν
1896 4182 2075 4235 αὐτῶν

402 4272 503 4340 τὴν
527 4265 832 4337 ἀδηφαγίαν
862 4265 957 4317 καῖ¹
994 4264 1093 4333 τὴν
1122 4261 1325 4332 πολλὴν
1361 4263 1426 4314 ἐκ
1453 4261 1547 4315 τοῦ
1571 4261 1712 4314 οἴνου
1746 4262 1937 4333 μέθην,
1955 4265 2079 4318 τότε

405 4352 708 4421 ἐπήγαγεν,
752 4347 848 4412 Ὠς
884 4344 1115 4399 ἑστῶτα
1137 4345 1517 4413 ἐλογίσαντο,
1550 4343 1647 4396 καὶ
1678 4346 1790 4413 οὐχ
1823 4346 1903 4410 ὼς
1933 4348 2077 4415 φεύ-

406 4452 613 4506 γοντα,
642 4432 927 4502 μονονουχὶ
950 4428 1286 4492 δεικνῦς,ὂτι
1319 4426 1480 4497 μέχρι
1520 4425 1611 4479 τοῦ
1653 4426 1935 4498 φάρυγγος
1985 4431 2081 4483 καὶ

406 4519 516 4573 τῶν
546 4515 770 4589 χειλέων
804 4514 955 4567 ἐστὶν
989 4515 1021 4584 ἡ
1071 4512 1405 4573 ἀπόλαυσις,
1441 4509 1534 4562 καὶ
1591 4510 1899 4582 περαιτέρω
1953 4522 1974 4550 c
2016 4513 2079 4565 οὺ

410 4603 673 4656 πρόεισιν.

456 4621 697 4754 ρῗλλσλῗὴ
720 4682 817 4752 μὲν
836 4677 1000 4750 ἡδονὴ
1024 4677 1255 4748 βραχεῖα
1276 4674 1369 4729 καὶ
1397 4672 1752 4745 πρόσκαιρος,
1783 4675 1815 4743 ἡ
1841 4673 1896 4725 δέ
1922 4675 2079 4745 όδύνη

410 4765 683 4836 διηνεκὴς,
713 4766 806 4818 καὶ
833 4762 1008 4833 πέρας
1042 4762 1143 4813 οὐκ
1170 4759 1385 4828 ἔχουσα.
1423 4758 1533 4810 Καὶ
1566 4757 1758 4813 ταῦτα.
1811 4758 1962 4827 φησὶ,
1998 4760 2084 4811 διὰ

410 4851 512 4918 τῆς
539 4849 738 4918 πείρας
770 4847 1053 4917 μαθόντες,
1091 4844 1187 4908 Ὠς
1217 4840 1448 4895 ἑστῶτα
1482 4839 1596 4892 ὅλα
1624 4840 1936 4907 ἐλογίσαντο
1991 4844 2085 4895 καὶ

419 4934 674 5002 μένοντα,
706 4929 805 4982 καί
833 4930 945 4995 οὐχ
979 4928 1059 4993 ὡς
1085 4926 1403 4995 φεύγοντα,
1452 4922 1594 4975 τοῦτ’
1637 4921 1803 4981 ἔστιν,
1842 4924 2080 4992 ἀφιπτά-

420 5032 578 5086 μενα,
614 5013 710 5066 καὶ
741 5012 861 5065 οὐδὲ
917 5010 978 5063 τὸ
1014 5009 1178 5080 τυχὸν
1211 5008 1621 5078 παραμένοντα.
1686 5007 1922 5059 Τοιαῦτα
1981 5008 2088 5078 γὰρ

419 5099 636 5151 ἅπαντα
663 5096 731 5148 τὰ
753 5092 1071 5167 ἀνθρώπινα
1095 5092 1189 5146 καὶ
1217 5091 1286 5144 τὰ
1316 5090 1556 5161 σαρκικὰ
1577 5107 1590 5120 ο
1644 5089 1796 5142 οῦπω
1848 5089 2089 5160 παρεγέ-

418 5197 592 5244 νοντο,
624 5179 718 5232 καὶ
752 5178 971 5246 ἀπέπτη
993 5194 1005 5207 ·
1043 5175 1285 5228 τοιοῦτον
1311 5175 1345 5245 ἡ
1378 5173 1554 5243 τρυφὴ
1583 5213 1597 5237 ,
1631 5174 1871 5226 τοιοῦτον
1902 5176 1933 5244 ἡ
1964 5171 2090 5237 δόξα

417 5267 452 5333 ἡ
485 5261 799 5333 ἀνθρωπίνη
835 5260 930 5313 καὶ
956 5261 989 5329 ἡ
1018 5257 1323 5319 δυναστεία,
1356 5255 1595 5309 τοιοῦτον
1629 5258 1656 5308 ὁ
1702 5254 1952 5316 πλοῦτος,
1981 5272 2091 5308 τοι·

419 5348 579 5399 οὖτον
606 5349 638 5416 ἡ
662 5344 931 5415 εὐημερία
959 5345 1109 5395 πᾶσα
1132 5342 1225 5395 τοῦ
1251 5340 1515 5411 παρόντος
1540 5339 1677 5409 βίου,
1697 5339 1850 5391 οὐδὲν
1877 5337 2092 5406 βέϐαιον

422 5430 643 5498 ἔχουσα,
679 5428 829 5481 οὐδὲν
880 5426 1163 5496 στάσιμον,
1188 5424 1338 5476 οὐδὲν
1375 5423 1593 5489 πάγιον,
1645 5420 1780 5473 ἀλλὰ
1812 5419 2092 5488 ποταμίων

423 5511 712 5583 ῥευμάτων
748 5508 947 5579 μᾶλλον
975 5508 1332 5579 παρατρέχει,
1358 5505 1452 5558 καὶ
1481 5505 1721 5575 ἐρήμους
1740 5506 1833 5557 καὶ
1854 5504 2091 5572 γυμνοὺς

488 5626 631 5697 figat
650 5626 746 5672 τῶν
763 5625 933 5682 ἡδέων.
970 5624 1085 5695 ψει)
1106 5618 1565 5697 desli‘ntianlislin.
1613 5681 1626 5693 ἱ
1748 5680 1769 5691 υ
1822 5680 1834 5692 ,

485 5687 515 5727 ι
536 5690 754 5746 Quatuor
785 5678 914 5740 tnss,
940 5684 1132 5748 κοῦφον.
1159 5684 1285 5733 Infra
1310 5685 1370 5731 τὰ
1396 5683 1442 5729 ἐν
1464 5682 1561 5737 τοῖς
1579 5680 1792 5741 οὐρανοῖς
1817 5678 2089 5736 ἐπτοῆσθαι.

426 5751 577 5799 Savil.
604 5769 616 5795 ε
643 5768 665 5789 ‹‹
694 5750 968 5805 ἐπτοῆσθαι,
1018 5746 1251 5795 immensa
1293 5741 1552 5805 cupiditate
1596 5755 1713 5805 parte
1749 5744 1813 5788 ad
1845 5747 2093 5805 stuporem

426 5808 580 5873 affici.
609 5803 1033 5873 imperiseLdedilos
1053 5821 1172 5873 esse,
1196 5812 1242 5855 in
1269 5803 1441 5873 bonam
1467 5811 1655 5865 partem
1676 5803 2061 5865 frequens'tlltry
2077 5827 2095 5839 -

427 5868 665 5929 sostnmo,
680 5868 801 5918 licet
823 5868 1130 5929 frequentius
1152 5871 1201 5917 in
1216 5868 1412 5916 malum.
1432 5882 1448 5912 ι

492 5939 514 5964 ο
550 5928 750 5983 Coislin.
772 5928 1060 5992 περαίτερον.
1094 5929 1220 5978 lnl‘ra
1243 5931 1329 5977 ὅλα
1371 5933 1473 5990 post
1502 5929 1687 5975 ἑστῶτα
1710 5928 1921 5976 deestin
1966 5940 2077 5976 mss.

430 5998 617 6058 aliquot
640 6000 693 6044 et
711 5996 760 6043 in
784 5992 983 6043 Coislin.

2130 464 2531 534 καταλιμπάνει
2563 462 2688 523 τοὺς
2717 459 2846 530 περὶ
2878 455 3053 510 ταῦτα
3084 449 3515 524 ἑπτοημένουςά.
3535 451 3692 505 Ἀλλά
3725 452 3789 505 τά

2129 533 2477 614 πνευματικὰ
2523 543 2584 594 οὐ
2614 540 2859 599 τοιαῦτα,
2894 537 3012 589 ἀλλ’
3076 535 3405 597 άπεναντίας
3447 533 3675 597 τούτοις,
3711 534 3793 603 βετ-

2130 613 2381 676 ϐαιακαὶ
2415 621 2668 689 ἀκίνητα,
2703 614 3003 688 μεταϐολὴν
3041 615 3139 665 οὐκ
3188 613 3545 682 ἐπιδεχόμενα
3567 653 3580 675 ,
3634 615 3798 667 παντὶ

2129 704 2209 774 τῷ
2238 704 2395 756 αἰῶνι
2424 699 2891 772 παρεκτεινόμενα
2931 708 2975 749 ε.
3003 695 3181 763 Πόσης
3209 689 3302 746 οὖν
3331 696 3431 747 οὐκ
3475 694 3542 748 ἂν
3583 696 3669 763 εἴη
3700 714 3801 750 πα-

2136 780 2481 852 ραφροσύνης
2521 780 2628 832 τῶν
2657 778 2931 847 ἀκινήτων
2980 774 3049 827 τὰ
3077 774 3412 844 σαλευόμενα
3439 776 3800 829 ἀνταλλάττε-

2136 860 2284 921 σθαι,
2305 859 2412 911 τῶν
2440 857 2853 921 διαιωνιζόντων
2877 856 2943 907 τὰ
2972 854 3304 924 πρόσκαιρα,
3346 855 3454 906 τῶν
3487 856 3802 925 ἁφιπταμέ-

2134 957 2240 992 νων
2269 940 2337 991 τά
2372 937 2639 1009 διηνεκῶς
2688 936 2938 1006 μένοντα,
2986 934 3094 985 τῶν
3126 933 3324 1003 πολλὴν
3358 935 3416 984 ἐν
3449 934 3526 1004 τῷ
3558 935 3804 1005 μέλλοντι

2136 1018 2293 1070 αἰῶνι
2319 1018 2416 1087 τὴν
2448 1016 2745 1069 ἀπόλαυσιν
2781 1013 3184 1083 προξενούντων
3215 1013 3283 1065 τὰ
3334 1012 3412 1086 [7]
3446 1016 3645 1085 πολλὴν
3704 1017 3804 1085 τὴν

2138 1098 2357 1152 κόλασιν
2388 1099 2520 1168 ἡμῖν
2555 1098 2671 1148 ἐκεῖ
2703 1091 3181 1155 κατασκευάζοντα
3212 1092 3231 1130 ί
3257 1109 3270 1157 ;
3317 1094 3503 1148 Ταῦτα
3522 1095 3584 1165 δὴ
3628 1096 3807 1149 πάντα

2140 1178 2467 1239 ἐννοοῦντες,
2503 1175 2797 1244 ἀγαπητοὶ,
2832 1174 2926 1225 καὶ
2959 1172 3125 1226 πολὺν
3162 1172 3264 1241 τῆς
3312 1175 3584 1244 ἡμετέρας
3627 1193 3807 1244 σωτη..

2144 1259 2263 1330 ρίας
2304 1256 2616 1326 ποιούμενοι
2651 1255 2846 1322 λόγον,
2890 1255 3396 1323 καταφρονήσωμεν
3441 1255 3542 1325 τῆς
3598 1258 3810 1327 τρυφῆς

2140 1343 2236 1410 τῆς
2257 1340 2513 1408 ἀνονήτου
2534 1339 2625 1391 καὶ
2644 1334 2970 1397 ἐπιϐλαϐιιῦς
2987 1350 2999 1363 ·
3022 1335 3397 1405 ἀσπασώμεθα
3418 1338 3515 1406 τὴν
3532 1340 3810 1407 νηστείαν,

2141 1424 2235 1476 καὶ
2262 1420 2360 1491 τὴν
2391 1418 2557 1489 ἄλλην
2592 1416 2812 1470 ἅπασαν
2847 1414 3183 1484 φιλοσοφίαν,
3218 1416 3427 1469 καὶτοῦ
3461 1416 3576 1485 βίου
3610 1419 3811 1489 πολλὴν

2141 1507 2239 1572 τὴν
2268 1501 2568 1573 μεταϐολὴν
2603 1498 3017 1568 ἐπιδειξώμεθα,
3042 1500 3135 1551 καὶ
3165 1500 3287 1552 καθ’
3318 1502 3554 1572 ἑκάστην
3600 1503 3812 1573 ἡμέραν

2143 1586 2279 1654 πρὸς
2304 1583 2403 1653 τὴν
2428 1581 2534 1633 τῶν
2564 1579 2783 1648 ἀγαθῶν
2826 1578 3001 1647 ἔργων
3055 1579 3253 1649 πρᾶξιν
3307 1580 3687 1650 ἐπειγώμεθα·
3725 1584 3813 1635 ἵνα

2143 1665 2233 1717 τὸν
2249 1663 2440 1733 καιρὸν
2474 1662 2687 1714 ἅπαντα
2716 1661 2811 1728 τῆς
2843 1658 3003 1724 ἁγίας
3028 1660 3489 1730 τεσσαρακοστῆς,
3520 1662 3617 1732 τὴν
3650 1680 3817 1716 πνευ-

2149 1746 2381 1818 ματικὴν
2413 1743 2681 1815 ἐμπορίαν
2716 1740 3205 1810 ἐμπορευσάμενοι,
3226 1742 3321 1793 καὶ
3349 1742 3514 1796 πολὺν
3538 1745 3627 1797 τὸν
3652 1745 3821 1798 πλοῦ-

2144 1847 2235 1881 τον
2272 1824 2670 1893 συναγαγόντες
2703 1822 2800 1891 τῆς
2824 1821 3044 1889 ἀρετῆς,
3077 1820 3219 1873 οὓτω
3260 1821 3687 1895 καταξιωθῶμεν
3720 1828 3820 1879 καὶ

2148 1913 2228 1973 εἰς
2258 1909 2355 1978 τὴν
2378 1906 2575 1975 κυρίαν
2607 1902 2818 1972 ἡμέραν
2846 1903 2871 1940 ε
2897 1899 3327 1969 παραγενέσθαι,
3364 1902 3457 1954 καὶ
3492 1905 3630 1972 μετὰ
3675 1908 3821 1977 παῤ-

2155 1993 2345 2066 ῥησίας
2371 1992 2437 2059 τῇ
2467 1989 2668 2058 φρικτῇ
2699 1985 2793 2037 καὶ
2828 1987 3169 2066 πνευματικῇ
3195 1987 3449 2066 τραπέζῃ
3476 1989 3819 2060 προσελθεῖν,

2151 2063 2246 2129 καὶ
2270 2071 2380 2123 τῶν
2411 2066 2741 2137 ἀπορρήτων
2776 2063 2999 2116 ἐκείνων
3032 2064 3126 2117 καί
3148 2064 3433 2119 ἀθανάτων
3474 2069 3693 2136 ἀγαθῶν
3722 2088 3823 2139 με-

2150 2155 2370 2223 τασχεῖν
2406 2148 2543 2221 μετὰ
2574 2144 2815 2216 καθαροῦ
2842 2144 2934 2197 τοῦ
2985 2145 3305 2209 συνειδότος,
3346 2148 3441 2201 καὶ
3483 2150 3580 2219 τῆς
3610 2153 3824 2205 ἐκεῖθεν

2152 2232 2505 2305 πληρωθῆναι
2534 2226 2776 2298 χάριτος,
2812 2225 2997 2292 εὐχαῖς
3026 2223 3119 2275 καὶ
3142 2226 3461 2294 πρεσϐείαις
3497 2230 3606 2281 τῶν
3636 2232 3827 2303 εὐαρε-

2155 2317 2470 2388 στησάντων
2526 2308 2675 2379 αὐτῷ
2715 2306 3041 2379 Χριστῷτῷ
3090 2308 3455 2382 φιλανθρώπῳ
3486 2314 3604 2385 Θεῷ
3642 2317 3822 2387 ἡμῶν,

2159 2401 2275 2474 μεθ’
2311 2390 2372 2452 οὐ
2398 2395 2477 2467 τῷ
2500 2393 2675 2463 Πατρὶ
2698 2392 2816 2461 ἅμα
2834 2389 2913 2459 τῷ
2944 2391 3084 2461 ἁγίῳ
3112 2392 3388 2464 Πνεύματι
3412 2396 3560 2463 δόξα,
3596 2401 3825 2470 κράτος,

2156 2485 2309 2555 τιμὴ,
2329 2482 2423 2536 νῦν
2438 2479 2534 2533 καὶ
2549 2478 2656 2539 ἀεὶ,
2676 2477 2769 2529 καὶ
2786 2476 2864 2537 εἰς
2882 2474 3007 2533 τούς
3033 2475 3234 2539 αἰῶνας
3248 2478 3355 2531 τῶν
3378 2480 3608 2537 αἰώνων.
3626 2485 3826 2557 Ἀμήν,

2810 2559 3058 2611 ΟΜΙΛΙΛ
3114 2557 3187 2611 B'.

2161 2656 2266 2718 Εἰς
2287 2649 2402 2717 τὴν
2430 2644 2629 2713 ἀρχὴν
2660 2642 2770 2718 τῆς
2794 2641 3048 2718 ξιτίσαῗως
3075 2658 3087 2670 ·
3108 2660 3133 2718 ι,
3178 2642 3278 2718 Ἐν
3300 2644 3466 2718 ἀρχῇ,
3490 2646 3833 2718 ἐποίησεν-ὀ

2445 2711 2587 2781 Θεὸς
2619 2714 2725 2767 τόν
2753 2711 3012 2779 οὐρανὸν
3041 2711 3138 2764 καὶ
3174 2713 3286 2779 τὴν
3310 2714 3426 2783 γῆν
3454 2715 3535 2772 h_,

2234 2812 2303 2859 ag
2329 2801 2540 2870 Πολλῆς
2568 2799 2806 2869 σήμερον
2832 2794 2937 2864 πλη
2949 2795 3258 2865 ροῦμαιτῆς
3287 2799 3497 2869 ἡδονῆς,
3519 2803 3660 2871 ὁρῶν
3677 2805 3836 2874 ὐμῶν

2161 2889 2232 2943 τά
2256 2885 2478 2940 ποθεινὰ
2500 2883 2784 2953 πρόσωπα.
2815 2880 2924 2932 Καὶ
2961 2880 3070 2949 γὰρ
3100 2881 3195 2948 οὐχ
3228 2880 3369 2934 οὕτω
3416 2886 3652 2955 πατέρες
3681 2889 3839 2956 φιλό-

2166 2988 2382 3042 στοργοι
2405 2968 2676 3039 χαίρουσι,
2706 2964 2799 3015 καὶ
2822 2962 3201 3031 εὐφραίνονται
3260 2964 3367 3017 τῶν
3401 2968 3603 3020 παίδων
3636 2972 3839 3033 αὐτοὺς

2167 3054 2502 3125 πανταχόθεν
2538 3047 2901 3108 κυκλούντων,
2932 3046 3024 3098 καὶ
3054 3046 3140 3098 διά
3165 3047 3262 3116 τῆς
3288 3049 3452 3119 ἄλλης
3484 3052 3780 3121 εὐκοσμίας
3813 3055 3832 3095 i

2167 3139 2262 3192 καὶ
2290 3124 2386 3203 τῆς
2418 3132 2584 3199 ἄλλης
2618 3125 2915 3197 θεραπείας
2962 3124 3162 3194 πολλὴν
3196 3128 3294 3194 τὴν
3334 3128 3527 3199 ἡδονὴν
3563 3135 3841 3203 παρεχόν-

2166 3235 2296 3281 των,
2332 3215 2407 3275 ὼς
2445 3209 2555 3278 ἐγὼ
2598 3208 2693 3260 νῦν
2722 3204 2896 3276 χαίρω
2945 3204 3039 3256 καὶ
3074 3206 3453 3278 εὐφραίνομαι,
3501 3212 3642 3280 ὀρῶν
3681 3214 3843 3283 ίμῶν

2167 3299 2264 3368 τὴν
2294 3311 2424 3348 πνευ
2438 3289 2671 3361 ματικὴν
2709 3286 2914 3354 ταύτην
2950 3285 3165 3339 σύνοδον
3194 3288 3332 3357 μετὰ
3376 3292 3642 3362 τοσαύτης
3683 3295 3843 3347 εὐκο-

2172 3380 2338 3450 σμίας
2368 3372 2603 3428 ἐνταῦθα
2630 3368 3102 3450 παραγενομένην,
3136 3370 3231 3450 καὶ
3263 3371 3578 3450 ακμάζοντα
3621 3376 3712 3427 τὸν
3742 3378 3845 3429 πό-

2170 3448 2261 3514 θον
2291 3457 2518 3528 ἔχουσαν
2549 3451 2675 3521 περὶ⁸
2703 3449 2799 3518 τὴν
2825 3448 3089 3519 ἀκρόασιν
3119 3449 3225 3501 τῶν
3259 3448 3416 3503 θείων
3460 3452 3653 3521 λογίων
3675 3496 3688 3513 ,
3745 3460 3840 3512 καὶ

2171 3545 2269 3614 τῆς
2300 3537 2569 3611 σαρκικῆς
2606 3533 2812 3604 τροφῆς
2842 3531 3216 3614 ὑπεριδόντας,
3247 3535 3343 3614 καὶ
3376 3535 3513 3614 πρὸς
3555 3536 3653 3605 τὴν
3678 3556 3846 3591 πνευ-

2176 3611 2412 3695 ματικὴν
2433 3615 2671 3670 ἑστίασιν
2693 3611 3103 3695 ἐπειγομένους,
3130 3612 3224 3664 καὶ
3241 3611 3307 3663 δι’
3327 3613 3505 3667 αὐτῶν
3528 3616 3635 3668 τῶν
3664 3618 3846 3689 ἔργων

2171 3689 2234 3757 τὸ
2265 3689 2377 3755 τοῦ
2401 3695 2603 3767 Κυρίου
2640 3693 2821 3761 λόγιον
2852 3689 3186 3756 δεικνύντας,
3240 3692 3300 3744 τὸ
3355 3692 3542 3760 λέγον·
3583 3700 3703 3750 Οὐκ
3747 3700 3847 3752 ἐπ’

2173 3785 2329 3852 ἄρτῳ
2346 3779 2513 3849 μόνῳ
2535 3774 2773 3839 ζήσεται
2805 3771 3134 3852 ἄνθρωπος,
3187 3771 3324 3824 ἀλλ’
3363 3773 3460 3827 ἐπὶ
3512 3777 3689 3829 παντί
3735 3780 3849 3847 ῥή-

2169 3850 2311 3934 ματι
2348 3852 2798 3934 ἐκπορευομένῳ
2834 3850 2931 3934 διὰ
2956 3850 3251 3934 στόματος
3270 3853 3438 3934 Θεοῦ.
3473 3857 3606 3925 Φέρε
3633 3856 3724 3913 οὖν
3749 3864 3849 3916 καὶ

2175 3929 2339 4015 ἡμεῖς
2383 3932 2753 4007 μιμησὼμεθα
2786 3929 3246 4015 τούςᾉγηπόνους·
3286 3932 3379 3985 καὶ
3422 3935 3673 4007 καθάπερ
3703 3942 3852 3995 ἐκεῖ·

2175 4011 2277 4089 v'o".
2330 4020 2548 4076 ἐπειδὰν
2600 4016 2751 4069 ῑδωσι
2781 4012 2878 4083 τὴν
2912 4011 3155 4083 ἄρουραν
3208 4016 3712 4092 ἐκκεκαθαρμένην,
3749 4028 3850 4080 καὶ

2175 4110 2276 4179 τῆς
2314 4106 2422 4160 ἀπὸ
2451 4102 2559 4156 τῶν
2596 4096 2832 4169 βοτανῶν
2857 4096 3035 4165 λύμης
3066 4097 3514 4172 ἀπηλλαγμένην,
3550 4107 3689 4173 μετὰ
3716 4110 3852 4162 πολ-

2176 4194 2273 4263 λῆς
2287 4192 2385 4261 τῆς
2410 4186 2690 4256 δαψιλείας
2712 4181 2780 4234 τὰ
2802 4180 3095 4250 σπέρματα
3114 4182 3512 4239 καταϐάλλουσι
3533 4204 3549 4219 ο
3571 4188 3662 4241 τὸν
3680 4192 3851 4247 αὐτὸν

2177 4278 2241 4346 δὴ
2273 4274 2473 4347 τρόπον
2524 4269 2619 4322 καὶ
2653 4268 2835 4337 ἡμεῖς,
2871 4263 3058 4333 ἐπειδὴ
3099 4266 3166 4334 τῇ
3223 4264 3316 4316 τοῦ
3364 4266 3499 4320 Θεοῦ
3531 4270 3713 4342 χάριτι
3752 4276 3852 4329 νῦν

2179 4362 2309 4431 ἡμῖν
2334 4360 2367 4428 ἢ
2403 4356 2610 4425 ἄρουρα
2639 4349 2779 4418 αὕτη
2800 4350 2833 4418 ἡ
2869 4347 3211 4417 πνευματικὴ
3231 4347 3525 4417 καθαρεύει
3552 4355 3661 4407 τῶν
3702 4359 3850 4411 διεν-

2182 4441 2480 4512 οχλούντων
2521 4433 2730 4496 παθῶν,
2790 4433 2891 4502 τῆς
2936 4432 3147 4502 τρυφῆς
3181 4432 3421 4488 ἐκποδὼν
3450 4441 3846 4511 γεγενημένης,

2182 4528 2276 4581 καὶ
2308 4519 2545 4591 οὐδαμοῦ
2573 4517 2708 4586 ζάλη
2743 4515 2864 4568 οὐδὲ
2908 4514 3117 4585 χειμὼν
3151 4516 3209 4567 ἐν
3237 4519 3348 4579 τοῖς
3379 4517 3679 4589 λογισμοῖς,
3713 4524 3852 4578 ἀλλὰ

2181 4609 2389 4680 γαλήνη
2414 4607 2506 4658 καὶ
2527 4600 2694 4671 πολλὴ
2722 4602 2754 4671 ἡ
2784 4600 2985 4670 ἡσυχία
3004 4599 3103 4680 τῆς
3121 4599 3357 4663 διανοίας
3392 4602 3781 4677 ἐπτερωμένης
3800 4608 3814 4657 ί
3833 4650 3853 4671 ,

2183 4679 2277 4742 καὶ
2301 4688 2437 4756 πρὸς
2458 4683 2641 4743 αὐτὸν,
2674 4682 2748 4741 ὡς
2776 4682 2947 4732 εἰπεῖν
2972 4721 2988 4743 ,
3017 4679 3108 4731 τὸν
3141 4680 3367 4749 οὐρανὸν
3395 4685 3723 4755 τεταμένης,
3755 4692 3855 4743 καὶ

2182 4769 2252 4822 τὰ
2277 4784 2409 4819 πνευ
2419 4762 2622 4835 ματικὰ
2639 4760 2745 4829 πρὸ
2767 4758 2876 4811 τῶν
2903 4757 3180 4827 σαρκικῶν
3198 4760 3609 4834 φανταζομένης
3630 4781 3644 4796 .
3679 4769 3857 4838 μικρά

2249 4877 2274 4917 ἆ
2295 4876 2492 4926 Coislin.
2527 4873 2608 4921 καὶ
2639 4870 2841 4932 γυμνοὺς
2871 4871 2996 4929 ἡμᾶς
3034 4868 3428 4932 ἀποκαθίστησιν.

2253 4942 2277 4968 θ
2302 4938 2435 4994 Haec,
2459 4936 2597 4983 παντὶ
2616 4929 2686 4994 τῷ
2704 4929 2849 4979 ἀἰῶνι
2867 4929 3279 4994 παρεκτεινόμενα,
3298 4929 3479 4994 desunt
3500 4932 3549 4977 in
3570 4930 3772 4983 Cbislin.
3803 4942 3857 4983 et

2188 5000 2238 5048 in
2258 4990 2432 5060 Regiis.
2447 4990 2670 5060 όιιοιιυε.⁷
2685 4995 2808 5042 lnl'ra
2829 4990 3274 5060 τῶν-ἀφιπταμένων
3306 4991 3366 5037 τὰ
3389 4992 3614 5060 διηνεκῶς
3635 4995 3852 5054 μένοντα.

2189 5052 2425 5110 83νὶ1.ντὰ
2460 5057 2758 5120 ἀφιπτάμενα
2798 5055 2892 5100 τῶν
2916 5052 3150 5120 διηνεκῶς
3167 5052 3415 5120 μενόντων.
3461 5052 3644 5120 SeruliV
3668 5069 3857 5113 sumus,

2188 5125 2368 5183 inquit,
2391 5111 2730 5183 auctoritatem
2758 5111 3072 5183 manusgn‘pti
3118 5111 3641 5183 Constantinopolitani
3689 5111 3859 5168 conti-{1

2191 5174 2397 5231 caelerds
2421 5194 2594 5229 omnes
2618 5185 2669 5227 et
2714 5181 3058 5237 interpretem,
3082 5174 3169 5237 qui?
3206 5174 3483 5235 legunttan
3523 5176 3861 5237 citptm'lttévmv

2190 5247 2249 5292 τὰ
2261 5246 2485 5301 διηνεκῶς
2508 5244 2721 5304 μένοντα,
2746 5235 3027 5304 ρετιύῲιιιε
3046 5235 3600 5304 ρτςιιίιιηὶςβιπυριιιτξι(ξ
3622 5235 3719 5286 Sed
3746 5254 3860 5288 cum

2192 5308 2296 5354 haec
2329 5297 2536 5354 "insolita
2575 5310 2627 5349 et
2661 5297 2855 5348 inversa
2884 5298 3076 5345 dicendi
3104 5299 3229 5345 ratio
3254 5297 3365 5345 aliis
3404 5298 3528 5358 apud
3568 5299 3859 5359 Chrysomn-

2192 5382 2323 5415 unum
2347 5367 2589 5426 exemplis
2606 5366 2806 5419 nitatur,
2826 5361 3071 5408 noluimus
3090 5371 3199 5407 eam
3223 5366 3392 5407 contra
3415 5366 3557 5406 huem
3587 5368 3659 5407 tet
3685 5375 3860 5411 exem-

2194 5432 2399 5491 plarium
2425 5435 2628 5475 mutare.

2260 5490 2279 5528 τ
2312 5492 2416 5538 Duo
2438 5502 2552 5536 mss.
2580 5494 2633 5534 et
2669 5486 2870 5536 Coislin.
2900 5482 2994 5530 ἐκεῖ
3033 5483 3468 5544 παρασκευάζοντα.
3506 5480 3611 5529 Mox
3658 5485 3859 5536 [ῖοὶείὶη.

2193 5553 2426 5615 ἀγαπητοὶ
2447 5551 2625 5601 πολλὴν
2645 5555 2728 5605 τῆς
2749 5546 2984 5609 σωτηρίας
3005 5543 3276 5604 ποιούμενοι
3296 5543 3513 5604 φροντίδα
3532 5560 3733 5608 καταφρ,

2259 5617 2283 5651 ε
2308 5614 2387 5667 Εἰς
2405 5613 2489 5669 τήν
2512 5611 2674 5669 κυρίαν
2698 5610 2892 5669 ἡμέραν.
2922 5606 3011 5653 Hic
3028 5605 3166 5666 κυρία
3183 5606 3354 5669 ἡμέρα,
3374 5607 3508 5669 quasi
3541 5607 3717 5669 Κυρίου
3741 5610 3833 5669 ἡμέ

2259 5618 2283 5651 ε
2308 5618 2387 5667 Εἰς
2405 5618 2489 5669 τήν
2512 5618 2674 5679 κυρίαν
2698 5618 2892 5670 ἡμέραν.
2922 5618 3011 5653 me
3028 5621 3166 5666 xopta
3183 5618 3354 5666 ημερα,
3374 5618 3508 5664 quam
3541 5618 3717 5714 hustou
3741 5618 3862 5669 ἡμε-

2194 5674 2599 5780 Sabatia
2621 5673 2746 5780 (:Iles,
2771 5672 2859 5717 hoc
2879 5674 2956 5718 est
2972 5677 3194 5715 sanctum
3220 5667 3417 5714 Pascha.
3437 5665 3488 5713 ld
3508 5680 3605 5728 quo
3664 5673 3861 5729 plenius

2194 5737 2469 5798 explicatur
2489 5737 2694 5793 hom.;ll.

2257 5799 2283 5835 ιι
2309 5798 2636 5848 Coislinianus
2656 5792 2789 5842 addit
2808 5794 2838 5847 ἡ
2860 5790 2911 5838 δὲ
2928 5796 2986 5850 γῆ
3007 5788 3065 5847 ἦν
3101 5788 3302 5849 ἀόρατος
3322 5806 3402 5836 και
3422 5789 3860 5847 άκατασκεύαστος.

2260 5860 2276 5899 ί
2309 5859 2506 5909 Coislin.
2538 5857 2617 5904 διὰ
2635 5861 2719 5912 τῆς
2738 5853 3010 5913 εὐκοσμίας,
3034 5860 3189 5898 recte.
3217 5850 3367 5899 Savil.
3394 5851 3475 5898 καὶ
3498 5850 3573 5897 διὰ
3612 5858 3694 5907 τῆς
3716 5852 3862 5911 ἄλλης

2192 5921 2447 5982 εὐκοσμίας
2466 5920 2545 5965 καὶ
2570 5919 2647 5965 διὰ
2666 5916 2823 5982 πάσης
2845 5912 3103 5982 θεραπείας.

2262 5997 2274 6034 l
2315 5973 2558 6032 Duotnss.
2595 5984 2679 6036 τῆς
2704 5973 2912 6029 διανοίας
2934 5973 3259 6037 ἐπαιρομένης.
