4040 6378
267 353 346 406 εδ
1484 356 1549 413 ΙΝ
1585 353 1736 411 CAP.
1782 351 1820 405 1.

1948 345 2110 404 ἰΝΕΞ.
2154 345 2384 402 HOMIL.
2425 344 2489 399 ll.
3488 343 3558 398 εδ

265 464 529 514 quantum
557 471 622 510 ex
653 457 744 511 illo
762 456 1074 526 sitlucrum,
1099 477 1165 516 ne
1185 462 1470 520 utilitatem
1494 477 1718 536 tantam,
1743 487 1865 542 quas

258 562 332 602 ex
361 547 455 601 illo
477 559 718 618 paratur,
741 565 845 619 per
859 551 1119 608 desidiam
1146 556 1442 626 repellatis,
1470 575 1643 630 neque
1661 564 1866 617 contri-

264 641 483 697 stemini
511 653 734 723 propter
760 644 902 700 illius
918 645 1241 716 adventum,
1271 651 1366 705 sed
1388 652 1666 722 gaudeatis
1694 663 1749 710 et
1773 672 1869 712 ex-

265 749 496 814 snltetis,
524 749 818 805 secundum
845 749 1056 803 beatum
1083 746 1326 810 Paulum,
1351 743 1649 798 dicentem:
1678 741 1857 808 Quart-

262 850 313 892 to
338 851 576 896 atomus
600 851 770 895 noster
794 841 942 894 homo
967 838 1324 907 corrumpitur,
1359 845 1498 889 tanto
1522 835 1746 888 internus
1775 847 1857 884 re-

261 944 477 985 novatur
504 934 578 1003 (Ξ.
611 931 728 986 Cor.
754 933 810 987 4.
846 930 956 1002 16).
985 929 1248 999 Jejunium
1270 927 1410 982 enim
1439 924 1630 980 anima:
1659 932 1857 978 nostra:

257 1021 580 1077 alimentum
600 1031 703 1087 est,
728 1032 780 1076 et
801 1022 938 1075 sicut
957 1019 1250 1089 corporalis
1273 1018 1372 1071 iste
1394 1016 1544 1071 cibus
1565 1014 1857 1084 impingunt

260 1129 481 1184 corpus,
516 1115 591 1168 ita
632 1123 684 1168 et
708 1113 970 1183 jejunium
998 1112 1230 1166 animam
1262 1109 1574 1163 habiliorem
1615 1106 1778 1161 efficit
1802 1113 1856 1159 et

261 1207 644 1272 valentiorem,
673 1206 820 1260 leves
845 1205 894 1260 ei
920 1217 1124 1274 pennas
1148 1209 1318 1272 parat,
1352 1191 1408 1254 ut
1435 1199 1486 1253 in
1517 1198 1743 1253 sublime
1772 1196 1854 1252 fe-

253 1309 430 1362 ratur,
457 1306 516 1352 et
541 1313 751 1352 summa
770 1295 1121 1366 contemplari
1146 1303 1337 1365 queat,
1366 1290 1851 1361 voluptatibusque,

250 1403 313 1446 et
341 1390 593 1446 omnibus
616 1405 740 1459 quae
767 1389 818 1444 in
848 1389 950 1442 hoc
981 1388 1179 1443 mundo
1221 1386 1483 1441 habentur
1509 1384 1710 1447 suavia,
1741 1383 1852 1450 ipsa

250 1487 326 1535 sit
353 1481 600 1549 superior
622 1483 662 1533 ί.
694 1481 758 1535 Et
781 1478 1226 1548 quemadmodum
1255 1477 1479 1531 leviores
1505 1491 1667 1528 naves
1688 1473 1851 1527 maria

255 1571 502 1625 velocius
545 1579 856 1631 transeunt,
887 1579 1071 1624 contra
1111 1568 1288 1624 multis
1327 1567 1576 1621 oneribus
1618 1573 1852 1635 gravata:

253 1662 711 1731 submerguntur,
761 1662 832 1714 ita
856 1660 1118 1731 jejunium
1163 1658 1376 1730 quidem
1422 1658 1674 1712 leviorem
1725 1656 1850 1710 red-

255 1753 393 1806 dens
419 1763 677 1816 mentem,
728 1752 892 1808 efﬁcit
936 1761 995 1806 ut
1040 1750 1242 1806 facilius
1275 1749 1430 1819 hujus
1471 1749 1595 1803 vita:
1635 1749 1851 1818 pelagus

257 1846 620 1909 transmittat,
647 1856 700 1900 et
730 1847 782 1900 in
809 1845 998 1900 caelum
1028 1860 1092 1899 ac
1120 1845 1348 1900 caelestia
1378 1843 1650 1912 suspiciat,
1682 1851 1737 1896 et
1767 1841 1849 1894 ni-

254 1937 346 1992 hili
377 1939 536 1992 faciat
559 1939 864 2007 pnesentia,
887 1939 980 1993 sed
1002 1949 1061 1993 ut
1086 1938 1300 1991 umbras
1320 1948 1372 1992 et
1396 1935 1598 1990 somnia
1620 1934 1848 2003 diffuge-

253 2045 314 2084 re
339 2041 581 2086 censeat.
602 2031 799 2086 Verum
817 2031 1048 2085 ebrietas
1069 2040 1122 2084 et
1140 2029 1352 2101 crapula
1374 2028 1673 2097 degravans
1699 2043 1850 2080 men-

254 2130 387 2184 lem,
428 2131 484 2176 et
515 2121 848 2192 impinguans
877 2137 1088 2192 corpus,
1135 2122 1397 2191 captivam
1428 2119 1548 2174 facit
1578 2119 1845 2185 animam,

251 2211 493 2281 undique
526 2212 668 2266 illam
713 2228 1058 2283 oppugnans,
1089 2228 1258 2283 neque
1287 2212 1414 2267 sinit
1452 2210 1672 2266 rationis
1706 2210 1850 2281 judi-
1904 2269 1908 2273 ,

252 2301 396 2356 cium
432 2303 643 2357 firmum
688 2306 1001 2371 consistere,
1035 2304 1128 2360 sed
1176 2304 1398 2374 impellit
1425 2312 1482 2357 ut
1531 2303 1583 2357 in
1610 2316 1847 2372 praeceps

252 2393 479 2458 feratur,
522 2403 578 2448 et
607 2397 782 2450 omnia
812 2405 995 2451 contra
1025 2395 1292 2466 propriam
1321 2395 1546 2450 salutem
1572 2406 1842 2464 operetur.

246 2485 440 2553 igitur,
467 2486 670 2550 dilecti,
704 2503 770 2541 ne
791 2487 1026 2556 segniter
1054 2487 1390 2542 instituamus
1423 2500 1486 2540 ea
1511 2501 1628 2554 quae
1655 2485 1722 2539 ad
1754 2499 1844 2538 sa-

243 2576 417 2632 lutem
460 2590 697 2632 nostram
741 2580 1000 2644 attinent;
1050 2579 1144 2634 sed
1183 2580 1653 2657 scientesquanta
1707 2578 1844 2633 mala

253 2669 381 2725 hinc
406 2671 554 2724 nasci
585 2673 832 2734 soleant,
866 2671 1129 2742 fugiamus
1172 2671 1422 2727 damnum
1465 2672 1606 2743 quod
1645 2687 1713 2728 ex
1753 2672 1843 2728 illa

243 2763 522 2831 sprovenit.
548 2763 731 2834 Neque
757 2766 898 2819 enim
926 2766 980 2820 in
1010 2781 1146 2819 nova
1175 2766 1290 2836 lege
1318 2766 1489 2820 solum
1511 2807 1526 2831 ,
1557 2765 1647 2820 ubi
1673 2766 1844 2835 majus

249 2868 396 2909 vera:
425 2855 779 2925 philosophiae
807 2857 1062 2921 studium,
1099 2858 1303 2928 majora
1331 2858 1635 2921 Certamina,
1666 2859 1844 2929 magni

248 2944 502 3009 sudores,
531 2946 696 3000 multa
738 2947 936 3010 bravia,
970 2959 1022 3002 et
1053 2947 1349 3003 ineffabiles
1378 2963 1610 3014 coronat,
1641 2949 1843 3004 deliciis

249 3037 408 3091 nobis
434 3037 790 3105 interdicitur,
821 3040 915 3094 sed
944 3040 1101 3094 etiam
1134 3040 1186 3094 in
1217 3040 1403 3102 veteri,
1433 3040 1644 3109 quando
1671 3040 1842 3096 Judmi

235 3127 429 3182 adhuc
462 3129 662 3183 umbra:
702 3129 1037 3196 assidebam,
1069 3140 1121 3186 et
1148 3132 1376 3186 lucernre
1403 3142 1554 3186 erant
1576 3130 1720 3186 afﬁxi
1743 3175 1756 3196 ,
1789 3141 1842 3188 ct

247 3220 395 3273 velut
436 3221 587 3288 pueri
616 3222 704 3291 qui
735 3221 873 3276 lacte
899 3223 1223 3289 nutriuntur,
1256 3223 1333 3277 sic
1357 3222 1610 3292 paulatim
1638 3222 1838 3278 educa-

237 3310 466 3374 bantur,
495 3328 668 3383 neque
695 3323 820 3368 tunc
845 3315 1283 3382 permittebantur
1307 3314 1512 3368 deliciis
1532 3330 1742 3370 vacare.
1773 3315 1841 3370 Et

237 3419 318 3459 ne
346 3405 666 3460 existimetis
682 3422 789 3462 nos
814 3415 1016 3463 temere
1042 3407 1259 3462 delicias
1287 3419 1597 3463 accusantes
1626 3410 1724 3464 ista
1755 3410 1839 3464 di-

232 3509 374 3550 cere
397 3536 414 3560 ,
447 3496 630 3552 audite
671 3499 987 3568 prophetam
1028 3500 1106 3554 sic
1145 3500 1448 3570 loquentem
1481 3518 1494 3553 :
1535 3499 1624 3555 Va:
1663 3503 1726 3555 iis
1753 3504 1840 3572 qui

233 3589 451 3641 miunt
481 3589 546 3642 ad
574 3589 708 3644 diem
733 3591 957 3654 malum,
987 3590 1288 3645 dormientes
1316 3592 1368 3645 in
1414 3591 1552 3646 lectis
1584 3592 1833 3658 eburneis,

239 3686 288 3730 et
321 3678 637 3734 lascivienles
659 3679 710 3734 in
741 3682 910 3734 stratis
933 3682 1058 3744 suis,
1089 3681 1402 3736 comedentes
1428 3683 1600 3738 hazdos
1627 3700 1691 3738 ea
1717 3702 1834 3754 gre-

239 3769 410 3836 gibus,
439 3779 488 3824 et
515 3772 696 3825 vitulos
721 3789 786 3826 ea:
809 3773 974 3827 medio
999 3782 1336 3827 armentorum
1377 3774 1632 3842 lactentes,
1661 3775 1834 3830 biben-

239 3871 314 3914 tes
335 3863 638 3932 deftzcatum
666 3863 836 3917 vinum
856 3905 869 3926 ,
897 3875 942 3918 et
969 3865 1201 3934 pretiosis
1224 3867 1486 3937 unguentis
1512 3869 1666 3932 uncti,
1689 3870 1836 3940 quasi

238 3953 432 4005 stantia
459 3953 566 4006 hate
603 3952 835 4008 arbitrati
857 3965 992 4023 sunt,
1019 3965 1066 4010 et
1094 3971 1192 4009 non
1217 3957 1360 4027 quasi
1385 3959 1626 4029 fugientia
1659 3958 1834 4030 (Amos

237 4040 294 4096 6.
327 4043 472 4111 5-5).
501 4042 724 4098 Vidistis
764 4053 1016 4114 quantam
1051 4047 1442 4101 accusationem
1473 4059 1656 4102 contra
1700 4049 1834 4103 deli-

234 4134 357 4188 cias
383 4133 570 4188 aﬂ‘erat
600 4135 859 4205 propheta
879 4178 895 4202 ,
927 4137 1087 4206 idque
1124 4153 1244 4193 cum
1285 4137 1484 4194 Judtris
1517 4139 1788 4195 disserens
1811 4179 1827 4205 ,

237 4224 488 4292 stupidis,
523 4223 765 4295 ingratis,
789 4234 843 4282 et
863 4227 1098 4300 quotidie
1123 4230 1292 4284 ventri
1312 4229 1550 4285 deditis?
1577 4231 1832 4286 Conside-

234 4325 359 4370 rate
384 4317 528 4370 enim
568 4319 852 4374 verborum
891 4319 1218 4391 diligentiam
1254 4340 1267 4375 :
1295 4338 1414 4377 cum
1441 4325 1584 4378 enim
1616 4324 1827 4380 illorum

235 4410 601 4476 vituperasset
637 4411 904 4479 crapulam
948 4424 1000 4467 et
1044 4412 1378 4468 immodicam
1428 4416 1826 4484 temulentiam,

240 4507 371 4553 tunc
389 4500 625 4554 subdidit
656 4520 668 4553 :
696 4501 856 4568 Quasi
880 4505 1065 4556 stantia
1083 4503 1311 4557 arbitrati
1336 4515 1472 4570 sunt,
1493 4495 1542 4560 et
1564 4523 1664 4560 non
1683 4509 1828 4577 quasi

237 4590 488 4661 fugientia
507 4608 526 4646 :
545 4601 744 4646 tantum
768 4610 872 4648 non
907 4595 1215 4660 ostendens,
1240 4595 1463 4668 gutturis
1481 4606 1534 4652 et
1564 4597 1823 4653 labiorum

237 4690 397 4736 tenus
424 4697 545 4738 esse
570 4683 776 4738 fruendi
802 4687 1148 4754 voluptatem,
1172 4697 1226 4742 et
1254 4688 1389 4742 ultra
1422 4703 1524 4742 non
1553 4689 1818 4760 progredi.

306 4772 488 4827 Fluxa
511 4775 848 4828 humanarum
876 4793 1046 4831 rerum
1075 4782 1421 4836 natium—At
1439 4781 1681 4850 voluptas
1704 4782 1823 4852 qui-

231 4865 358 4918 dem
382 4868 561 4921 brevis
582 4877 684 4933 est,
712 4883 774 4922 ac
801 4870 1137 4938 temporaria,
1165 4871 1318 4924 dolor
1341 4881 1515 4926 autem
1540 4884 1824 4942 perpetuus

230 4966 287 5012 et
313 4955 422 5012 (ide
447 4972 656 5013 carens.
689 4958 755 5012 Et
782 4959 927 5026 haec,
961 4959 1149 5030 inquit,
1181 4977 1300 5015 cum
1331 4963 1653 5032 experientia
1681 4965 1821 5019 didi-

230 5051 428 5113 cerint,
466 5049 622 5116 Quasi
651 5051 837 5104 stantia
875 5051 1102 5106 arbitrati
1129 5062 1248 5106 sunt
1275 5055 1448 5107 omnia
1471 5097 1486 5120 ,
1519 5063 1572 5108 et
1596 5071 1818 5110 manen-

233 5143 324 5206 tia,
354 5151 402 5195 et
433 5159 534 5196 non
561 5144 708 5213 quasi
735 5144 997 5214 fugientia,
1026 5144 1127 5200 hoc
1147 5154 1248 5207 est,
1272 5147 1554 5212 avolantia,
1586 5156 1640 5202 et
1665 5165 1731 5204 ne
1751 5149 1817 5204 ad

228 5243 566 5288 momentum
616 5236 830 5304 quidem
880 5240 1262 5306 permanentia.
1317 5238 1458 5292 Talia
1512 5242 1651 5294 enim
1695 5252 1820 5298 sunt

227 5325 406 5378 omnia
459 5326 685 5380 humana
725 5334 781 5382 et
819 5328 1048 5382 carnalia
1083 5347 1094 5380 :
1129 5329 1358 5383 nondum
1403 5342 1548 5386 recte
1589 5332 1818 5388 advene-

227 5424 370 5476 runt,
403 5421 461 5469 et
483 5416 764 5471 avolarunt
793 5436 808 5472 :
839 5419 1135 5473 istiusmodi
1161 5429 1282 5473 sunt
1303 5421 1524 5484 delicize,
1551 5423 1816 5478 istiusmo-

229 5505 279 5559 zli
325 5507 555 5561 humana
604 5509 770 5578 gloria
810 5521 863 5565 et
908 5513 1174 5579 potentia;
1230 5512 1524 5568 istiusmodi
1575 5514 1811 5585 divitim;

227 5595 526 5654 istiusmodi
558 5601 806 5655 universa
839 5602 992 5672 hujus
1033 5605 1153 5657 vitae
1180 5605 1524 5674 prosperitas,
1557 5608 1688 5662 nihil
1719 5608 1811 5663 lir-

223 5731 325 5852 iw'a
337 5730 678 5858 (gitimam
701 5749 898 5787 sensum
917 5738 1061 5789 eﬂ‘ert
1076 5777 1090 5800 ,
1113 5737 1428 5804 voluptatibus
1449 5747 1495 5792 et
1519 5739 1608 5792 hoc
1630 5748 1810 5798 mundo

1969 477 2113 516 mum
2142 459 2361 524 habens,
2396 459 2524 513 nihil
2551 459 2862 520 subsistens,
2897 457 3024 512 nihil
3049 459 3244 522 fixum;
3273 457 3368 513 sed
3389 463 3557 529 magis

1967 571 2123 625 quam
2147 553 2422 607 ﬂuminum
2445 551 2641 606 ﬂuenta
2672 550 3050 620 prmtercurrit,
3079 551 3355 620 nudosque
3381 564 3442 603 ac
3463 565 3556 602 so-

1966 643 2046 698 los
2078 643 2328 713 relinquit
2367 657 2461 697 eos
2486 642 2571 712 qui
2621 641 2722 696 illis
2766 641 3030 695 lnbiant'.
3075 639 3232 710 Atqui
3263 640 3553 709 spiritualia

1966 751 2070 790 non
2102 743 2224 789 sunt
2264 734 2384 787 talia
2408 774 2423 800 ,
2468 732 2562 788 sed
2605 747 2758 787 secus
2787 749 2847 787 ac
2875 733 3085 786 diverso
3115 731 3274 786 modo
3319 732 3551 796 habent,

1964 842 2123 897 quam
2171 826 2253 880 illa
2289 842 2303 880 :
2333 835 2456 879 sunt
2498 825 2639 879 enim
2674 825 2821 878 firma
2842 866 2855 888 ,
2887 824 3204 886 immobilia,
3233 822 3555 877 vicissitudi-

1966 933 2085 969 nem
2121 933 2222 970 non
2254 915 2585 984 accipientia,
2613 915 2678 970 ad
2707 931 2865 969 omne
2889 915 3144 972 sarculum
3169 928 3228 969 se
3261 914 3554 968 extenden-

1965 1008 2058 1061 tia.
2086 1006 2307 1074 Quanta:
2343 1006 2500 1075 igitur
2529 1021 2631 1058 non
2659 1004 2821 1060 fuerit
2847 1004 3132 1059 dementia:
3168 1004 3405 1057 nutantia
3428 1018 3550 1057 cum

1965 1097 2325 1151 immobilibus
2353 1107 2683 1151 commutare
2713 1113 2727 1152 τ
2761 1095 3070 1165 temporalia
3099 1111 3218 1149 cum
3245 1096 3309 1148 iis
3345 1110 3465 1163 qua:
3497 1095 3550 1147 in

1963 1189 2213 1244 sarculum
2241 1189 2492 1244 duratura
2537 1199 2696 1255 sunt;
2741 1199 2998 1260 perpetuo
3039 1189 3306 1242 manentia
3335 1203 3454 1242 cum
3486 1187 3550 1239 iis

1961 1296 2079 1351 quae
2118 1281 2361 1345 avolant;
2392 1292 2446 1336 et
2471 1298 2531 1336 ea
2569 1297 2687 1352 qua:
2729 1281 2881 1335 nobis
2911 1282 3015 1335 illic
3044 1296 3202 1351 grave
3230 1281 3546 1350 supplicium

1964 1373 2194 1443 paritura
2218 1382 2361 1438 sunt,
2387 1389 2506 1427 cum
2537 1374 2599 1426 iis
2619 1389 2736 1443 qum
2760 1374 2808 1426 in
2831 1372 3006 1427 futuro
3027 1373 3225 1427 sarculo
3243 1372 3544 1426 felicitatem

1961 1480 2220 1518 summam
2252 1465 2516 1518 all'crunt?
2549 1465 2691 1527 ihec,
2719 1465 2964 1529 obsecro,
2993 1465 3170 1518 omnia
3198 1465 3548 1519 consideran-

1962 1565 2062 1619 tes,
2092 1556 2288 1618 dilecti,
2324 1572 2674 1625 magnamque
2699 1557 2882 1611 salutis
2913 1568 3110 1612 nostrae
3135 1572 3316 1612 curam
3347 1557 3547 1611 haben-

1959 1654 2075 1710 tes,
2115 1663 2462 1716 aspernemur
2504 1649 2721 1703 delicias
2747 1658 2802 1703 et
2843 1649 3054 1704 inutiles
3099 1657 3153 1704 et
3180 1649 3542 1718 perniciosas;

1957 1737 2613 1808 amplexemurjejunium,
2629 1755 2947 1809 omnemque
2963 1739 3117 1794 aliam
3134 1741 3542 1810 philosophiam,

1958 1838 2012 1884 et
2041 1846 2282 1901 magnam
2305 1833 2426 1886 vitae
2451 1832 2800 1886 eahibeamus
2821 1834 3191 1900 mutationem,
3220 1849 3283 1887 ac
3307 1833 3545 1903 quotidie

1957 1921 2022 1977 ad
2050 1921 2254 1992 agenda
2277 1923 2412 1977 bona
2443 1938 2606 1993 opera
2643 1922 2950 1979 festinemus
2981 1943 2995 1977 :
3023 1933 3082 1978 ut
3109 1939 3229 1979 cum
3262 1940 3358 1994 per
3385 1940 3545 1979 omne

1958 2026 2168 2086 tempus
2193 2027 2391 2071 sancta:
2423 2017 2852 2088 Quadragesimaa
2883 2019 3187 2089 spirituales
3215 2035 3420 2074 merces
3451 2035 3545 2073 nc-

1953 2107 2136 2176 gotiati
2166 2107 2441 2176 fuerimus,
2469 2119 2522 2162 et
2543 2110 2734 2163 nmltas
2755 2109 3003 2163 virtutum
3025 2109 3232 2164 divitias
3261 2125 3545 2179 congesse-

1954 2199 2141 2264 rimus,
2173 2200 2250 2254 sic
2279 2215 2577 2254 mercamur
2606 2209 2660 2254 et
2687 2200 2752 2254 ad
2791 2211 3033 2256 sanctum
3066 2203 3270 2256 Domini
3299 2203 3436 2256 diem
3465 2201 3541 2274 (α)

1954 2291 2250 2360 pervenire,
2283 2299 2475 2347 etcum
2507 2291 2694 2348 ﬁducia
2742 2293 2808 2346 ad
2837 2293 3164 2348 tremendam
3201 2303 3256 2348 et
3291 2293 3541 2362 Spiritua-

1953 2380 2056 2436 lem
2105 2398 2343 2437 mensam
2374 2384 2629 2438 accedere
2654 2425 2669 2450 ,
2700 2385 3088 2454 participesque
3118 2383 3230 2438 ﬁeri
3261 2400 3379 2438 cum
3411 2398 3541 2453 pura

1953 2473 2276 2529 conscientia
2315 2475 2658 2530 ineliabilium
2686 2475 2896 2530 illorum
2939 2485 2995 2531 et
3038 2477 3412 2532 immortalium
3441 2475 3540 2530 bo-

1953 2580 2165 2631 norum,
2194 2580 2257 2620 ac
2285 2565 2492 2636 impleri
2521 2583 2580 2621 ea
2604 2583 2723 2638 quas
2753 2568 2895 2623 illinc
2923 2569 3168 2638 provenit
3195 2569 3385 2639 gratia,
3417 2584 3538 2638 pre-

1951 2656 2102 2711 cibus
2122 2666 2176 2712 et
2197 2655 2576 2714 intercessione
2592 2675 2800 2727 eorum,
2822 2663 2910 2732 qui
2939 2663 3248 2731 placuerurt
3267 2663 3362 2732 ipsi
3384 2662 3540 2718 Chri-

1950 2756 2034 2802 sto
2063 2748 2310 2803 clementi
2348 2750 2456 2804 Deo
2501 2760 2718 2819 nostro,
2747 2768 2866 2807 cum
2906 2767 3013 2824 quo
3052 2754 3194 2809 Patri
3233 2769 3296 2809 ac
3322 2753 3537 2825 Spiritui

1949 2850 2135 2894 sancto
2157 2840 2323 2910 gloria
2350 2881 2365 2906 ,
2395 2843 2674 2912 imperium
2696 2884 2711 2906 ,
2743 2843 2935 2914 honor,
2965 2861 3106 2901 nunc
3131 2853 3187 2901 et
3213 2861 3445 2918 semper,
3483 2856 3538 2906 et

1951 2930 2002 2984 in
2035 2932 2228 2986 saecula
2255 2933 2593 2987 smeulorum.
2625 2935 2816 2989 Amen.

2551 3023 2832 3082 HOMILIA
2869 3025 2934 3082 ll.

2023 3113 2089 3168 In
2111 3116 2380 3170 creationis
2423 3117 2726 3187 principium
2751 3135 2770 3174 :
2801 3117 2856 3173 In
2885 3119 3146 3188 principio
3178 3118 3298 3175 fecit
3326 3119 3465 3176 Deus

2286 3209 2472 3263 ca-lum
2499 3220 2554 3265 et
2576 3220 2770 3265 terram
2791 3213 2810 3243 ¹
2838 3211 2992 3281 (Gen.
3027 3214 3077 3268 l.
3105 3213 3179 3284 l).

2021 3299 2071 3352 l.
2120 3298 2338 3355 Vestros
2380 3317 2481 3370 ego
2509 3301 2666 3357 hodie
2691 3303 2947 3358 amabiles
2979 3305 3189 3359 intuens
3220 3306 3420 3371 vultus,
3449 3305 3532 3358 in-

1946 3391 2089 3458 genti
2119 3391 2391 3461 voluptate
2419 3393 2662 3464 impleor.
2701 3393 2913 3451 Etenim
2938 3411 3006 3452 ne
3036 3406 3213 3465 patres
3237 3397 3450 3468 quidem
3474 3397 3533 3450 li~

1946 3484 2137 3538 liorum
2165 3494 2404 3540 amantes
2431 3494 2636 3539 tantum
2663 3487 2899 3557 gaudent
2927 3502 2989 3540 ac
3018 3476 3266 3541 lattantur
3300 3488 3531 3542 circum-

1945 3576 2208 3630 stantibus
2230 3577 2330 3630 illis
2353 3618 2366 3638 ,
2400 3585 2454 3632 et
2479 3578 2583 3632 alio
2604 3577 2624 3609 ³
2654 3578 2882 3648 quodam
2912 3579 3107 3634 decore
3132 3579 3532 3650 ministerioque

1944 3667 2264 3734 voluptatem
2291 3668 2389 3722 sibi
2436 3668 2778 3724 all'erentibus
2801 3712 2815 3736 ,
2839 3679 3095 3740 quantum
3120 3686 3220 3741 ego
3245 3687 3386 3726 nunc
3405 3687 3533 3740 gau-

1943 3758 2045 3812 dco
2071 3767 2126 3813 et
2171 3759 2344 3824 lmtor,
2372 3761 2496 3826 quia
2540 3759 2696 3814 video
2738 3771 2972 3816 vestrum
3016 3763 3344 3832 spiritualem
3388 3763 3530 3818 hunc

1942 3857 2141 3903 ccetum
2165 3857 2271 3904 tam
2299 3851 2606 3920 compositis
2627 3852 2930 3921 ornatisqne
2954 3852 3188 3906 moribus
3210 3853 3294 3906 hic
3315 3853 3528 3920 adesse,

1940 3953 1994 3999 et
2023 3943 2307 3998 immodico
2334 3944 2580 3998 audiendi
2607 3944 2812 4014 eloquia
2841 3945 3016 3999 divina
3043 3945 3308 4000 desiderio
3339 3947 3528 4016 ﬂagra-

1940 4051 2020 4100 re,
2074 4035 2500 4105 contemptisque
2548 4035 2854 4093 carnalibus
2891 4035 3082 4105 epulis,
3135 4036 3200 4090 ad
3252 4037 3527 4107 spirituale

1938 4127 2236 4181 convivium
2267 4125 2611 4191 contendere,
2645 4136 2699 4181 et
2723 4143 2783 4182 re
2814 4127 2923 4196 ipsa
2949 4129 3298 4196 comprobare
3323 4128 3525 4183 dictum

1941 4215 2070 4272 'llud
2119 4215 2326 4270 Domini
2359 4234 2372 4269 :
2407 4215 2528 4269 Non
2577 4217 2630 4268 in
2661 4232 2791 4286 pane
2817 4216 2926 4269 solo
2965 4217 3089 4270 vivet
3132 4217 3316 4284 homo,
3345 4218 3434 4272 sed
3469 4218 3525 4276 in

1937 4309 2075 4362 omni
2111 4308 2257 4362 verbo
2298 4308 2433 4379 quod
2470 4309 2721 4379 egreditur
2749 4325 2839 4378 per
2866 4324 2922 4362 os
2960 4307 3058 4362 Dei
3099 4307 3314 4381 (Matth.
3351 4311 3406 4364 4.
3439 4309 3521 4380 4).

1936 4399 2178 4468 Agedum
2205 4407 2258 4453 et
2288 4413 2385 4453 nos
2410 4413 2618 4469 quoque
2638 4399 2893 4468 agricolas
2919 4400 3186 4454 imitemur
3209 4418 3222 4454 :
3252 4415 3313 4456 ac
3333 4417 3523 4472 quem-

1936 4489 2223 4544 admodum
2253 4490 2330 4544 illi
2356 4491 2520 4544 sicubi
2552 4506 2736 4560 agrum
2766 4502 3129 4561 repurgatum,
3158 4501 3212 4546 ct
3238 4493 3306 4546 ab
3326 4492 3521 4548 herba-

1936 4599 2052 4636 rum
2083 4581 2419 4636 nocumenlis
2445 4582 2667 4635 liberum
2697 4582 2944 4648 viderint,
2977 4583 3204 4637 ubertim
3232 4587 3514 4640 scminant:

1935 4673 2004 4728 ita
2033 4673 2286 4742 quoniam
2313 4688 2454 4726 nunc
2483 4673 2756 4741 spirituale
2787 4673 2888 4727 hoc
2919 4685 3156 4728 nostrum
3185 4691 3394 4743 arvum,
3425 4677 3517 4732 Dei

1931 4767 2120 4836 gratia,
2151 4781 2340 4836 purum
2385 4775 2467 4820 est
2508 4766 2575 4818 ab
2603 4765 2965 4821 affectionibus
3005 4783 3124 4836 qua:
3165 4769 3518 4826 interturbaro

1932 4860 2193 4923 solebant,
2223 4860 2488 4914 sublatum
2511 4875 2720 4930 quoque
2739 4869 2821 4915 est
2844 4876 2874 4914 e
2899 4860 3072 4914 medio
3093 4861 3376 4930 voluptatis
3403 4872 3516 4916 stu-

1930 4955 2100 5020 dium,
2129 4962 2183 5008 et
2208 4968 2464 5022 nusquam
2494 4954 2742 5023 procella,
2766 4968 3025 5022 nusquam
3055 4962 3339 5022 tempestas
3365 4957 3513 5024 cogi-

1931 5048 2186 5101 tationum
2208 5088 2223 5112 ,
2255 5045 2349 5100 sed
2391 5045 2743 5114 tranquillitas
2771 5057 2824 5099 et
2855 5061 3041 5115 magna
3094 5045 3245 5113 quies
3272 5048 3464 5101 mentis
3490 5088 3508 5113 ,

1928 5155 2045 5209 qnic
2062 5137 2353 5207 spiritualia
2373 5153 2480 5207 pra:
2500 5137 2801 5192 carnalibus
2823 5137 3000 5190 animo
3019 5138 3268 5206 concipit,
3287 5148 3341 5192 et
3358 5140 3509 5208 quasi

1928 5231 2214 5299 assumptis
2237 5229 2334 5284 alis
2363 5244 2530 5298 usque
2566 5230 2617 5283 in
2647 5229 2833 5282 cadum
2870 5227 3040 5296 ipsum
3064 5270 3078 5293 ,
3109 5237 3168 5281 ut
3195 5229 3263 5282 ita
3293 5229 3466 5282 dicam
3486 5270 3504 5297 ,

1925 5323 2209 5383 subvolat;
2241 5321 2421 5392 paucis
2442 5320 2598 5375 hodie
2617 5319 2756 5390 apud
2781 5320 3051 5374 caritatem
3075 5328 3302 5374 vestram
3332 5321 3504 5375 disse-

1948 5559 1959 5570 .
1989 5499 2006 5531 ι
2041 5495 2204 5555 coisl.,
2227 5497 2472 5558 nudosque
2505 5508 2565 5544 ac
2588 5492 2709 5544 solos
2728 5506 2810 5546 nos
2848 5487 3092 5554 relinquit.
3111 5486 3251 5556 Atqui
3263 5483 3498 5549 spiritua-

1923 5559 2004 5653 ha"
2025 5567 2348 5670 ῗὲἷδιίηίειηιιε
2369 5617 2529 5667 addit:
2560 5624 2706 5666 Terra
2743 5623 2902 5667 autem
2931 5615 3180 5669 immitius
3214 5630 3320 5670 erat
3353 5627 3398 5672 et
3431 5621 3506 5672 in.

1921 5682 2192 5746 composita-
2332 5741 2342 5746 _
2391 5741 2419 5746 _,
2507 5736 2536 5746 ..

1984 5748 2005 5776 ³
2027 5739 2225 5791 'coislin.
2251 5741 2446 5798 omittit,
2469 5739 2582 5792 alio,
2606 5746 2764 5789 recte.

1984 5807 2056 5862 (ai
2091 5811 2184 5854 Hoc
2207 5811 2282 5854 est
2298 5809 2513 5852 sanctum
2535 5801 2727 5852 Pascha.
