4040 6378
507 387 573 440 97
1289 377 1350 435 S.
1391 373 1670 434 JOANNIS
1706 371 2179 432 CHRYSOSTOMI
2218 369 2533 429 ARCHIEP.
2573 367 3112 426 CONSTANTINOP.
3721 364 3786 417 ‘28

510 513 729 562 ramus,
760 507 816 555 et
859 494 1115 568 apposit‘m
1155 493 1446 564 Scriptura:
1494 492 1686 547 divina:
1737 490 2094 561 dogmatibus,

506 592 785 648 subtiliora
817 589 975 644 hodie
1016 587 1165 642 adire
1194 601 1349 642 sensa
1382 593 1670 641 tentemus.
1698 583 1832 638 Nam
1870 582 1917 637 si
1952 595 2099 637 nunc

509 682 617 738 hoc
646 698 752 737 non
796 678 1102 744 fecerimus,
1130 692 1253 732 cum
1279 676 1540 746 jejunium
1584 683 1669 729 est
1708 683 1763 729 et
1805 672 1943 743 gulae
1967 687 2099 727 con-

510 782 781 843 temptus,
810 780 866 824 et
906 777 1052 823 tanta
1091 767 1350 823 bonarum
1390 766 1768 837 cogitationum
1794 764 2096 820 serenitas:

516 862 729 934 quando
758 861 885 917 talia
912 868 1106 915 vestrae
1130 857 1336 914 caritati
1362 870 1631 927 apponere
1659 854 1953 925 poterimus
1970 852 1996 905 τ
2018 854 2100 907 An

517 970 638 1011 cum
659 954 887 1009 aderunt
914 952 1121 1008 deliciae
1144 990 1160 1018 ,
1184 948 1601 1005 comessationes
1620 988 1636 1012 ,
1665 956 1720 1001 et
1740 960 1927 1015 magna
1953 943 2100 999 desi-

504 1048 643 1105 dia?
664 1047 803 1114 Quin
823 1054 949 1100 tunc
973 1058 1146 1115 neque
1172 1042 1271 1113 ipsi
1296 1083 1311 1109 ,
1342 1050 1402 1096 ut
1427 1056 1523 1111 par
1555 1050 1658 1106 est,
1686 1039 1789 1094 hoc
1823 1038 2099 1102 faciemus,

518 1153 691 1209 neque
716 1152 816 1191 vos
839 1134 1037 1205 aliquid
1058 1149 1241 1189 eorum
1275 1147 1393 1203 quae
1417 1131 1678 1197 dicentur,
1710 1130 1863 1200 quasi
1889 1145 1920 1183 a
1947 1137 2102 1184 tene-

509 1232 626 1287 bris
650 1228 964 1301 quibusdam
984 1245 1011 1281 a
1039 1226 1414 1297 cogitationum
1444 1224 1675 1297 procella
1704 1222 1987 1290 submersi,
2005 1237 2102 1277 ex-

510 1324 698 1393 cipere
723 1320 985 1392 poteritis.

594 1412 1005 1482 Quadragesimaz
1038 1418 1232 1479 tempus
1266 1416 1439 1479 aptum
1464 1406 1807 1462 conciom'bus.
1845 1435 1918 1445 —
1953 1404 2104 1459 Nunc

522 1513 701 1557 autem
735 1513 945 1570 tempus
984 1500 1119 1567 hoc,
1149 1500 1193 1554 si
1221 1499 1362 1569 quod
1392 1498 1534 1554 aliud
1564 1538 1578 1563 ,
1621 1496 1768 1552 hisce
1808 1495 2104 1564 disciplinis

519 1595 751 1649 maxime
776 1594 1020 1648 idoneum
1047 1602 1164 1649 est:
1197 1591 1410 1662 quando
1430 1591 1705 1660 servajam
1750 1605 1853 1644 non
1881 1589 2107 1657 insurgit

518 1684 774 1739 adversus
803 1683 1073 1737 dominam
1095 1723 1111 1748 ,
1139 1682 1234 1736 sed
1280 1681 1507 1735 libenter
1533 1680 1635 1734 fert
1658 1678 1893 1733 habenas
1912 1720 1927 1742 ,
1955 1678 2107 1732 facile

520 1774 890 1845 persuadetur,
918 1773 1137 1827 multum
1166 1788 1274 1842 prae
1291 1787 1349 1827 se
1370 1772 1475 1827 fert
1508 1770 1885 1833 obedientiam,
1904 1770 2105 1823 incom-

514 1868 723 1937 positos
766 1865 942 1919 carnis
971 1874 1147 1918 motus
1171 1864 1495 1933 compescit,
1522 1871 1578 1916 et
1612 1862 1747 1916 intra
1778 1875 1903 1915 suos
1929 1868 2108 1914 manet

521 1961 795 2015 terminos.
837 1958 1108 2027 Jejunium
1154 1957 1296 2011 enim
1339 1965 1419 2009 est
1460 1956 1756 2009 animarum
1804 1962 2106 2007 nostrarum

518 2052 896 2122 tranquillitas,
926 2064 1111 2105 senum
1138 2048 1320 2114 decor,
1346 2046 1743 2101 adolescentum
1767 2043 2107 2115 paedagogus,

518 2143 908 2199 continentium
973 2141 1259 2211 magister,
1315 2139 1453 2209 quod
1522 2154 1734 2193 omnem
1792 2144 2005 2191 aetatem
2055 2142 2111 2190 et

521 2250 709 2291 sexum
735 2235 885 2303 quasi
910 2232 1208 2287 diademate
1227 2230 1454 2301 quodam
1484 2238 1656 2283 ornat.
1695 2228 1964 2298 Nusquam
2009 2225 2113 2281 ho-

518 2324 614 2379 die
650 2324 934 2388 tumultus,
967 2322 1054 2377 vel
1095 2322 1296 2376 clamor
1319 2362 1332 2384 ,
1363 2321 1445 2374 vel
1471 2319 1710 2375 carnium
1755 2318 2107 2383 concisiones,

526 2415 608 2469 vel
629 2429 918 2485 coquorum
947 2412 1256 2467 discursus:
1289 2410 1383 2465 sed
1416 2410 1592 2464 omnia
1622 2409 1709 2463 illa
1750 2408 1995 2463 abierunt
2015 2446 2031 2470 ,
2056 2415 2113 2460 et

520 2507 645 2563 haec
671 2507 857 2562 civitas
880 2506 1156 2560 honestam
1185 2502 1491 2574 quamdam,
1523 2502 1881 2559 continentem
1901 2542 1916 2564 ,
1943 2507 1998 2555 et
2020 2513 2111 2553 so-

521 2601 697 2656 briam
729 2608 1025 2653 matronam
1069 2598 1323 2651 imitatur.
1368 2594 1515 2651 Unde
1542 2611 1663 2650 cum
1703 2609 1912 2649 mecum
1938 2592 2113 2662 cogito

522 2692 855 2763 repentinam
887 2691 1233 2746 mutationem
1271 2687 1429 2742 hodie
1462 2687 1653 2742 factam
1678 2696 1733 2741 et
1773 2696 1958 2756 repeto
1995 2699 2113 2740 me-

523 2786 697 2841 moria
716 2785 948 2840 hesterni
967 2784 1072 2839 diei
1093 2781 1563 2853 perturbationem,
1587 2779 1841 2844 admiror,
1859 2788 1912 2832 et
1931 2777 2116 2831 obstu-

530 2891 691 2947 pesco
711 2876 897 2947 jejunii
926 2876 1063 2930 vires
1090 2883 1144 2929 et
1171 2873 1482 2943 potentiam,
1516 2868 1783 2941 quomodo
1804 2868 1855 2922 in
1877 2867 2117 2936 singulo-

524 2985 649 3024 rum
678 2967 1028 3023 conscientias
1054 2967 1349 3035 ingressum
1369 3004 1384 3029 ,
1417 2959 1874 3017 transformaverit
1912 2960 2115 3029 cogita-

528 3062 746 3126 tiones,
794 3060 1164 3130 expurgaverit
1217 3066 1488 3118 mentem,
1549 3069 1654 3109 non
1713 3053 2115 3123 magistratuum

525 3161 738 3225 tantum
759 3192 774 3215 ,
798 3151 890 3206 sed
924 3159 980 3204 et
1007 3149 1331 3219 privatorum
1358 3166 1370 3199 :
1402 3162 1507 3200 non
1552 3145 1838 3199 liberorum
1874 3151 2075 3197 tantum
2096 3182 2113 3208 ,

529 3243 629 3296 sed
650 3250 704 3296 et
722 3256 998 3296 servorum
1032 3255 1047 3292 :
1080 3256 1183 3293 nor.
1209 3240 1442 3292 virorum
1470 3245 1694 3301 tantum,
1725 3234 1817 3291 sed
1843 3244 1897 3290 et
1924 3236 2115 3289 mulie-

528 3349 816 3399 rum;non
856 3332 1075 3387 divitum
1122 3340 1363 3397 tantum,
1409 3328 1503 3384 sed
1537 3338 1590 3383 et
1636 3343 1964 3398 pauperum;
2010 3342 2116 3382 non

526 3442 728 3483 eorum
753 3433 956 3481 tantum
984 3425 1073 3495 qui
1095 3423 1334 3480 Grzecam
1360 3422 1590 3491 linguam
1620 3421 1793 3476 edocti
1820 3428 1975 3485 sunt,
2023 3418 2117 3475 sed

533 3527 599 3573 aet
627 3517 995 3572 barbarorum.
1035 3515 1138 3572 Sed
1168 3514 1292 3586 quid
1319 3514 1440 3568 dico
1468 3513 1869 3582 magistratuum
1914 3519 1969 3567 et
2006 3512 2119 3582 pri-

531 3609 817 3667 vatorum?
847 3607 1019 3663 Etiam
1031 3607 1146 3679 ejus
1164 3609 1179 3639 ¹
1202 3607 1291 3677 qui
1314 3603 1559 3661 diadema
1582 3612 1770 3675 gestat,
1791 3603 2036 3657 similiter
2064 3611 2122 3657 ut

526 3700 761 3755 aliorum
783 3742 799 3765 ,
826 3699 1203 3754 conscientiam
1245 3696 1311 3752 ad
1342 3695 1479 3750 hanc
1497 3694 1851 3750 obedientiam
1895 3691 2117 3748 inflexit.

541 3791 652 3846 Nec
689 3789 847 3846 hodie
873 3790 1039 3844 ullum
1068 3787 1354 3843 discrimen
1399 3788 1536 3842 inter
1564 3801 1805 3841 mensam
1855 3784 2031 3840 divitis
2066 3793 2122 3840 et

533 3884 828 3953 pauperis:
862 3882 955 3936 sed
993 3881 1188 3951 ubique
1229 3880 1443 3950 frugalis
1478 3879 1651 3934 victus
1692 3887 1814 3943 est,
1850 3878 2055 3933 alienus
2088 3892 2119 3931 a

534 3973 665 4028 iuxu
691 3982 744 4027 et
764 3981 1040 4042 apparatu,
1072 3972 1366 4042 majoriqne
1400 3971 1558 4025 hodie
1583 3971 1853 4039 voluptate
1875 3968 1941 4023 ad
1968 3985 2121 4024 men-

534 4079 651 4120 sam
676 4073 885 4119 tenuem
906 4064 1098 4134 quique
1113 4062 1389 4125 accedunt,
1416 4077 1570 4132 quam
1601 4060 1806 4131 pridem
1837 4075 1956 4115 cum
1984 4059 2123 4114 mul-

541 4163 591 4208 ta
620 4154 841 4209 delicata
869 4156 1063 4220 edulia,
1084 4154 1414 4222 multumque
1434 4154 1615 4208 vinum
1637 4166 1905 4207 meracum
1922 4166 2122 4223 propo-

539 4247 782 4303 uehatur.

610 4341 665 4394 2.
705 4340 944 4404 Vidistis,
974 4339 1173 4402 dilecti,
1200 4353 1268 4393 ex
1297 4337 1427 4408 ipsis
1452 4336 1720 4406 praeludiis
1734 4334 1919 4405 jejunii
1947 4335 2120 4389 virtu-

539 4443 647 4488 tem
672 4441 728 4489 et
751 4432 1079 4503 potentiam?
1105 4430 1304 4486 Idcirco
1343 4438 1397 4484 et
1440 4430 1553 4498 ipse
1592 4428 1776 4496 majori
1818 4426 1977 4482 hodie
2014 4427 2124 4480 ala-
2171 4454 2177 4460 -

539 4526 747 4591 critate,
776 4539 933 4595 quam
960 4530 1139 4590 antea,
1161 4536 1438 4576 sermones
1475 4518 1753 4590 aggredior
1782 4535 1797 4570 :
1835 4518 2011 4572 sciens
2034 4532 2123 4571 me

538 4616 593 4672 in
622 4618 798 4687 pingui
828 4615 1191 4686 profundoque
1213 4629 1340 4667 arvo
1360 4612 1738 4667 seminaturum
1759 4654 1774 4676 ,
1799 4608 1939 4680 quod
1969 4608 2123 4663 nobis

541 4708 858 4764 nmltifarios
884 4708 1082 4762 fructus
1108 4720 1204 4775 pro
1227 4704 1515 4759 seminibus
1543 4701 1860 4757 concreditis
1879 4700 2121 4769 protinus

539 4800 765 4856 reddere
796 4799 1007 4868 poterit.
1048 4797 1323 4850 Discamus
1354 4795 1530 4864 igitur,
1563 4793 1609 4847 si
1641 4793 1832 4863 placet,
1864 4791 1991 4861 quid
2022 4806 2121 4845 ve-

538 4895 637 4949 lint
664 4892 763 4947 sibi
783 4892 941 4944 verba
973 4889 1109 4943 beati
1130 4888 1290 4943 illusis
1320 4887 1478 4942 hodie
1504 4886 1661 4940 lecta.
1696 4883 1802 4938 Sed
1828 4881 2083 4937 attendite
2103 4921 2119 4944 ,

539 4986 798 5048 obsecro,
837 4982 1120 5051 diligenter
1164 4978 1246 5033 his
1283 4994 1402 5049 qua:
1443 4993 1472 5031 a
1504 4976 1657 5031 nobis
1696 4974 1941 5030 dicuntur
1971 4991 1985 5028 :
2013 4988 2121 5027 non

539 5077 681 5131 enim
714 5084 896 5130 nostra
922 5075 974 5128 in
1002 5071 1237 5128 medium
1264 5070 1569 5135 aﬂ'erimus,
1604 5066 1700 5122 sed
1738 5066 1825 5121 illa
1857 5066 1967 5135 ipsa
2003 5080 2123 5135 qum

540 5170 695 5224 nobis
714 5168 901 5238 divina
930 5166 1097 5237 gratia
1124 5165 1178 5218 in
1206 5172 1438 5217 vestram
1466 5159 1792 5216 concesserit
1818 5158 2120 5212 utilitatem.

538 5263 667 5327 Qua:
694 5270 872 5313 autem
910 5257 1025 5310 haec
1063 5253 1226 5310 sunt?
1283 5251 1349 5305 In
1375 5250 1623 5322 principio
1678 5249 1795 5319 fecit
1848 5245 1990 5301 Deus
2025 5262 2122 5300 ca:-

541 5353 646 5405 lum
676 5361 722 5404 et
752 5359 957 5404 terram.
996 5346 1182 5401 Merito
1204 5344 1288 5398 hic
1311 5342 1601 5405 dubitatur,
1629 5352 1785 5407 quam
1811 5337 1882 5392 ob
1906 5351 2122 5391 causam

542 5443 725 5497 beatus
768 5442 868 5496 iste
912 5439 1202 5509 pr0pheta,
1234 5435 1322 5506 qui
1358 5433 1520 5489 etiam
1552 5433 1667 5501 ipse
1696 5430 1877 5485 multis
1913 5428 2123 5483 saeculis

540 5544 664 5606 post
708 5534 1030 5589 creationem
1075 5529 1257 5585 mundi
1299 5528 1467 5590 vixit,
1516 5524 1632 5579 haec
1671 5522 1825 5577 nobis
1869 5528 2118 5591 exponat.

539 5625 680 5681 Sane
706 5639 811 5680 non
841 5633 1044 5679 temere
1070 5621 1170 5675 hoc
1199 5618 1327 5691 agit,
1357 5631 1460 5673 nec
1487 5614 1702 5669 frustra.
1744 5611 1954 5667 Etenim
1986 5610 2122 5665 Deus

604 5763 622 5793 ι
654 5760 866 5811 υοίειίυ..
890 5756 1009 5806 auid
1044 5752 1154 5804 dico
1173 5752 1540 5817 magistratuum
1560 5755 1606 5803 et
1628 5746 1921 5814 privatorum
1939 5751 1984 5800 et
2004 5743 2123 5805 alio.-

541 5837 650 5875 rum
670 5821 695 5873 Σ)
716 5822 869 5872 Etiam
885 5817 1011 5880 eius,
1039 5824 1133 5868 etc.

2206 488 2424 543 humani
2453 490 2665 559 generis
2703 488 2985 557 conditor,
3010 488 3080 545 ab
3108 487 3261 545 initio
3290 503 3388 560 per
3427 489 3662 559 seipsum
3691 487 3782 542 ho-

2198 580 2434 636 minibus
2458 581 2806 652 loquebatur,
2835 597 2903 638 eo
2922 596 3029 653 quo
3056 581 3302 638 homines
3320 591 3567 653 poterant
3603 580 3789 637 audire

2200 672 2383 729 modo.
2420 673 2515 730 Sic
2536 673 2677 729 enim
2704 674 2772 730 ad
2792 674 2966 730 Adam
2993 676 3166 740 venit;
3192 676 3269 731 sic
3298 674 3429 731 Cain
3460 676 3789 745 increpavit;

2203 765 2280 819 sic
2299 779 2419 819 cum
2441 763 2553 820 Noe
2574 765 2826 833 loquutus
2853 773 2963 831 est;
2988 765 3067 820 sic
3088 764 3228 835 apud
3259 764 3526 819 Abraham
3550 765 3792 835 hospita-

2207 865 2291 912 tus
2306 864 2408 912 est.
2448 857 2520 911 At
2565 854 2655 910 ubi
2683 856 2737 910 in
2760 856 3015 910 malitiam
3044 870 3290 926 magnam
3316 870 3477 911 omne
3508 856 3789 910 hominum

2203 961 2371 1017 genus
2406 947 2689 1016 prorupit,
2725 960 2896 1016 neque
2921 956 3046 1001 tunc
3070 960 3191 1001 sese
3231 955 3397 1001 totum
3424 946 3492 1002 ab
3516 946 3790 1001 hominum

2205 1040 2403 1108 genere
2430 1039 2624 1091 avertit
2648 1036 2836 1106 Opifex
2860 1038 3098 1092 omnium
3133 1058 3146 1093 :
3176 1037 3271 1092 sed
3294 1037 3415 1107 quia
3437 1052 3531 1092 sua
3560 1038 3792 1092 familia-

2208 1129 2367 1184 ritate
2396 1140 2579 1198 postea
2620 1127 2821 1199 indigni
2852 1129 2972 1185 facti
3000 1129 3249 1197 fuerunt,
3270 1131 3461 1191 iterum
3489 1146 3640 1185 suam
3666 1145 3791 1201 erga

2207 1221 2326 1277 illos
2350 1222 2634 1277 amicitiam
2658 1221 2910 1279 imiovare
2938 1224 3143 1287 volens.
3173 1225 3323 1294 quasi
3362 1225 3518 1296 longe
3559 1224 3795 1280 absenti-

2209 1314 2308 1370 bus
2338 1314 2520 1369 literas
2552 1316 2732 1381 mittit,
2764 1316 3140 1371 conciliatum
3155 1317 3256 1371 sibi
3285 1317 3589 1373 universam
3612 1316 3792 1371 homi—

2208 1423 2336 1462 num
2360 1417 2623 1462 naturam.
2650 1406 2717 1463 Et
2742 1407 2838 1461 has
2863 1407 3074 1477 quidem
3104 1408 3283 1463 literas
3307 1407 3454 1463 dedit
3474 1406 3635 1473 Deus,
3654 1416 3794 1461 attu-

2208 1500 2271 1555 lit
2297 1508 2473 1555 autem
2502 1498 2696 1554 Moses.
2736 1498 2874 1567 Quid
2927 1499 3085 1570 igitur
3136 1499 3319 1555 dicunt
3360 1498 3447 1553 ha:
3478 1498 3698 1554 literae?
3725 1497 3793 1552 In

2209 1593 2459 1663 principio
2480 1592 2595 1662 fecit
2624 1589 2762 1645 Deus
2826 1591 3010 1646 caelum
3052 1601 3099 1646 et
3136 1601 3343 1645 terram.
3381 1589 3673 1645 Considera
3727 1589 3780 1645 in

2214 1686 2316 1740 hoc
2338 1728 2352 1748 .
2383 1686 2687 1752 carissime,
2719 1699 2878 1755 quam
2904 1683 3235 1739 admirabilis
3259 1692 3314 1739 et
3348 1682 3573 1737 eximius
3598 1682 3668 1737 sit
3691 1681 3792 1738 iste

2211 1776 2488 1847 propheta.
2532 1775 2633 1829 Alii
2682 1775 2823 1829 enim
2866 1789 3054 1829 omnes
3089 1774 3362 1845 propheta:
3410 1788 3474 1829 ea
3520 1772 3788 1836 dixerunt,

2210 1870 2292 1924 vel
2319 1884 2438 1939 qua:
2467 1868 2647 1922 multis
2678 1875 2865 1937 postea
2914 1865 3243 1935 temporibus
3272 1865 3443 1919 futura
3477 1872 3675 1929 erant,
3709 1862 3792 1918 vel

2212 1977 2328 2032 quae
2353 1961 2531 2015 statim
2553 1968 2807 2015 eventura
2830 1967 3045 2013 essent:
3076 1956 3263 2011 beatus
3286 1965 3460 2011 autem
3488 1956 3609 2022 iste,
3640 1964 3794 2009 natus

2212 2066 2332 2106 cum
2356 2052 2465 2119 jam
2492 2049 2659 2104 multa
2684 2048 2865 2104 mundi
2884 2048 3198 2103 transissent
3221 2047 3435 2113 saecula,
3465 2045 3652 2102 ducem
3678 2059 3795 2099 sor-

2216 2143 2343 2197 titus
2368 2158 2654 2212 supernam
2683 2141 2956 2197 dexteram
2986 2143 3026 2206 ί,
3057 2140 3246 2210 dignus
3274 2149 3357 2196 est
3371 2139 3601 2205 habitus,
3626 2147 3685 2193 ut
3705 2138 3793 2192 illa

2215 2236 2368 2291 nobis
2394 2236 2617 2297 diceret,
2640 2251 2759 2305 qua:
2785 2245 2906 2289 ante
2923 2244 3099 2288 ortum
3114 2247 3269 2288 suum
3290 2232 3524 2287 omnium
3541 2230 3797 2287 Dominus

2214 2329 2554 2385 formaverat.
2596 2328 2800 2383 idcirco
2842 2327 2925 2383 his
2958 2326 3144 2396 incipit
3181 2325 3359 2380 verbis
3389 2346 3404 2381 :
3435 2325 3503 2378 In
3547 2324 3798 2395 principio

2216 2421 2333 2491 fecit
2350 2419 2488 2475 Deus
2505 2419 2685 2474 caelum
2713 2430 2758 2473 et
2785 2428 2969 2473 terram
2995 2433 3015 2471 :
3048 2416 3196 2487 quasi
3226 2416 3291 2471 ad
3318 2431 3505 2471 omnes
3532 2430 3628 2471 nos
3653 2414 3797 2470 clara

2217 2526 2347 2567 voce
2366 2512 2577 2575 clamet,
2609 2519 2663 2566 et
2682 2510 2855 2566 dicat:
2884 2509 3021 2564 Num
3046 2508 3115 2564 ab
3148 2508 3451 2564 hominibus
3475 2507 3671 2562 doceor
3692 2548 3706 2571 ,
3738 2515 3800 2561 ut

2218 2604 2332 2659 haec
2356 2602 2584 2674 loquar?
2612 2601 2661 2656 Is
2686 2603 2799 2672 ipse
2819 2601 2909 2671 qui
2940 2600 3052 2655 haec
3079 2615 3199 2655 cum
3227 2614 3331 2654 non
3356 2606 3555 2665 essent,
3574 2596 3716 2661 fecit,
3738 2603 3801 2649 ut

2218 2706 2419 2759 essent,
2450 2695 2681 2765 linguam
2711 2708 2883 2748 meam
2911 2691 2976 2746 ad
3021 2690 3205 2746 isthzec
3242 2689 3538 2746 enarranda
3571 2687 3799 2757 impulit.

2219 2790 2380 2861 igitur
2404 2790 2645 2853 obsecro,
2675 2787 2746 2842 ita
2775 2786 3157 2850 auscultemus,
3185 2785 3255 2838 ita
3290 2783 3486 2838 nostris
3513 2780 3803 2835 ratiociniis

2220 2886 2435 2955 longum
2460 2882 2576 2937 vale
2596 2882 2856 2947 dicamus,
2886 2879 3037 2950 quasi
3065 2878 3180 2933 btec
3209 2893 3311 2931 non
3327 2882 3436 2946 jam
3456 2890 3485 2929 a
3512 2874 3676 2936 Mose,
3704 2872 3802 2927 sed

2220 2995 2316 3050 per
2344 2978 2575 3049 linguam
2600 2974 2760 3029 Mosis
2790 2973 2856 3028 ab
2885 2973 3001 3043 ipso
3041 2972 3411 3025 universorum
3459 2968 3568 3022 Deo
3611 2963 3802 3020 audia-

2220 3086 2359 3126 mus.
2400 3068 2687 3125 Ratiocinia
2706 3065 2847 3121 enim
2874 3064 3131 3118 hominum
3159 3060 3336 3115 timida
3354 3069 3472 3115 sunt
3492 3101 3509 3124 ,
3537 3058 3725 3127 inquit,
3756 3065 3808 3110 et

2220 3165 2425 3218 incerta:
2450 3159 2775 3231 cogitationes
2801 3171 2974 3210 eorum
3011 3153 3165 3225 (Sap.
3187 3151 3241 3207 9.
3267 3151 3379 3221 14).
3406 3149 3573 3206 Grato
3612 3146 3807 3202 admo-

2220 3256 2347 3311 dum
2375 3253 2555 3309 animo
2583 3251 2905 3321 accipiamus
2929 3262 3047 3317 qua:
3075 3246 3321 3301 dicuntur
3342 3284 3358 3308 ,
3390 3259 3459 3299 ne
3496 3239 3808 3312 progredia—

2223 3362 2343 3404 mur
2374 3346 2511 3399 ultra
2540 3358 2700 3415 quam
2727 3341 2830 3396 fert
2853 3352 3119 3394 mensurae
3148 3344 3344 3390 nostrae
3368 3333 3599 3388 tenuitas
3617 3373 3633 3398 ,
3668 3345 3808 3385 neve

2222 3438 2484 3493 curiosius
2509 3450 2627 3505 quae
2672 3447 2833 3503 supra
2879 3446 2977 3485 nos
3004 3437 3129 3484 sunt
3170 3427 3482 3497 indagemus
3513 3441 3526 3477 :
3560 3423 3613 3478 id
3662 3420 3807 3493 quod

2223 3528 2460 3583 veritatis
2514 3525 2755 3581 hostibus
2790 3522 2989 3585 evenit,
3030 3519 3119 3591 qui
3145 3519 3429 3574 voluerunt
3454 3514 3681 3587 propriis
3712 3528 3808 3569 ra-

2225 3618 2456 3674 tiociniis
2485 3616 2729 3671 universa
2750 3612 3074 3685 expendere,
3105 3626 3211 3665 non
3239 3608 3534 3678 cogitantes
3560 3605 3811 3675 impossi-

2224 3710 2329 3766 bile
2378 3724 2498 3765 esse
2549 3708 2795 3762 humanae
2854 3712 3057 3759 naturae
3106 3700 3203 3756 Dei
3254 3699 3521 3769 upilicium
3597 3696 3811 3767 penitus

2225 3801 2523 3871 explorare.
2564 3798 2723 3866 Quid,
2746 3798 2982 3867 inquam,
3027 3794 3119 3849 Dei
3144 3792 3434 3863 opificium,
3472 3805 3593 3844 cum
3635 3804 3811 3859 neque

2225 3891 2475 3954 hominis,
2498 3891 2586 3960 qui
2613 3888 2766 3943 nobis
2796 3897 2979 3941 natura
3008 3895 3263 3956 cognatus
3289 3892 3403 3951 est,
3431 3890 3574 3937 artes
3596 3881 3811 3949 penitus

2226 3983 2461 4053 indagari
2490 3980 2735 4051 possint?
2784 3979 2877 4033 Dic
2923 3977 3101 4043 enim,
3146 3989 3344 4046 quaeso,
3395 3972 3663 4044 quomodo
3711 3984 3813 4039 per

2225 4074 2543 4131 metallicam
2570 4082 2737 4127 artem
2763 4071 2882 4125 auri
2906 4079 3091 4124 natura
3109 4066 3401 4122 conflatur?
3427 4066 3509 4121 vel
3542 4062 3813 4134 quomodo

2225 4169 2346 4224 vitri
2368 4169 2572 4239 puritas
2586 4182 2651 4221 ex
2681 4180 2841 4220 arena
2869 4160 3134 4219 efﬁcitur?
3158 4162 3356 4215 Verum
3378 4174 3482 4214 non
3508 4157 3671 4212 habes
3690 4171 3812 4227 qua:

2225 4261 2394 4315 dicas.
2434 4259 2490 4313 Si
2522 4259 2682 4329 igitur
2705 4257 2821 4311 haec
2852 4271 2969 4327 qua:
2997 4265 3121 4309 ante
3158 4254 3341 4308 oculos
3366 4261 3488 4305 sunt
3511 4249 3681 4321 posita
3707 4289 3723 4314 ,
3753 4255 3813 4303 et

2227 4369 2345 4423 qua:
2370 4366 2467 4421 per
2493 4350 2586 4405 Dei
2617 4348 2992 4417 benignitatem
3028 4346 3259 4399 humana
3303 4349 3555 4413 operatur
3596 4340 3812 4409 sapien-

2227 4446 2317 4510 tia,
2344 4442 2563 4513 intelligi
2591 4448 2882 4511 nequeu‘nt,
2915 4454 3033 4508 qua:
3051 4453 3081 4491 a
3108 4437 3220 4492 Deo
3242 4437 3356 4507 ipso
3382 4433 3520 4488 facta
3549 4441 3693 4495 sunt,
3714 4446 3813 4485 cu-

2226 4539 2464 4593 riositate
2490 4545 2579 4589 tua
2601 4534 2855 4604 inquires,
2885 4528 3081 4584 homo?

2298 4628 2382 4682 Ea:
2409 4626 2648 4680 creaturis
2677 4633 2871 4677 creator
2893 4621 3287 4690 agnoscitur.—
3309 4617 3479 4683 Quam
3507 4614 3811 4684 assequeris

2227 4717 2479 4775 veniam?
2503 4732 2605 4787 qua
2633 4725 2685 4769 te
2712 4714 2947 4768 tueberis
2974 4711 3309 4773 defensione,
3340 4709 3408 4761 ita
3434 4706 3720 4771 insaniens,
3753 4713 3815 4760 ut

2228 4827 2345 4882 quae
2374 4825 2532 4879 supra
2571 4818 2773 4863 natura;
2800 4816 2902 4860 tuae
2927 4813 3140 4873 captum
3180 4810 3328 4864 sunt,
3361 4798 3690 4882 speculeris?
3717 4797 3806 4851 Di-

2227 4920 2350 4960 cere
2370 4904 2509 4958 enim
2539 4917 2601 4957 ea
2622 4916 2739 4972 quae
2767 4908 2890 4954 sunt
2913 4914 2979 4953 ex
3006 4896 3243 4965 subjecta
3260 4894 3480 4948 materia
3502 4875 3623 4948 esse
3648 4890 3812 4957 facta,

2227 5008 2282 5052 et
2310 5013 2414 5051 non
2442 4994 2703 5060 conﬁteri,
2740 4991 2976 5047 omnium
3010 4989 3263 5059 Opiﬁcem
3310 5002 3373 5042 ea
3402 5002 3469 5042 ex
3493 4984 3661 5039 nihilo
3688 4999 3815 5037 cre-

2228 5090 2422 5154 avisse,
2467 5086 2794 5156 desipientia:
2837 5091 3090 5138 extrema:
3137 5080 3344 5149 signum
3388 5078 3565 5132 fuerit.
3614 5076 3815 5130 Beatus

2230 5181 2406 5251 itaque
2434 5179 2691 5249 propheta
2716 5178 2835 5241 iste,
2865 5172 3163 5229 obturando
3191 5171 3550 5241 insipientium
3577 5184 3692 5231 ora,
3717 5184 3818 5221 au-

2228 5274 2525 5345 Spicaturus
2564 5271 2776 5333 librum,
2803 5267 2880 5322 sic
2905 5266 3100 5335 coepit:
3137 5263 3205 5317 In
3243 5262 3489 5333 principio
3518 5261 3635 5329 fecit
3671 5258 3818 5312 Deus

2230 5366 2409 5420 caelum
2438 5372 2485 5417 et
2509 5372 2713 5417 terram.
2751 5357 2885 5413 Cum
2920 5357 3078 5427 igitur
3114 5354 3283 5420 audis,
3316 5353 3481 5417 Fecit,
3511 5350 3639 5404 nihil
3668 5349 3816 5403 aliud

2229 5458 2365 5512 ultra
2393 5455 2657 5511 curiosius
2695 5465 2873 5523 quaere
2910 5472 2924 5506 :
2967 5449 3061 5505 sed
3090 5447 3309 5502 humum
3352 5453 3618 5515 spectans,
3656 5441 3819 5496 dictis

2230 5550 2390 5605 fidem
2418 5545 2573 5601 habe.
2604 5544 2737 5599 Nam
2764 5544 2905 5599 Deus
2924 5548 3007 5597 est
3023 5541 3113 5612 qui
3133 5539 3311 5594 omnia
3333 5537 3475 5601 facit,
3493 5545 3548 5589 et
3574 5531 3628 5588 in
3651 5532 3817 5587 aliam

2230 5643 2454 5700 formam
2484 5647 2672 5707 mutat,
2699 5651 2761 5692 ac
2785 5635 3076 5693 secundum
3098 5633 3422 5690 voluntatem
3451 5643 3607 5688 suam
3633 5628 3818 5683 omnia

2296 5804 2320 5855 ε
2347 5800 2558 5863 coislin.,
2582 5809 2840 5863 supernam
2856 5793 3129 5872 potentiam.
