4040 6378
343 482 412 538 99
1522 474 1585 531 IN
1623 475 1775 531 CAP.
1818 474 1855 528 l.
1899 470 2145 529 GENES.
2191 475 2490 533 ll()M|L.ll.
3556 487 3622 545 30

337 609 459 667 apte
500 598 779 652 convertit.
829 594 897 650 Et
923 594 1043 648 vide
1072 602 1327 665 quantum
1366 600 1565 644 nostra:
1599 588 1844 659 parvitati
1872 603 1931 641 se

340 699 657 757 attemperat
691 706 705 741 :
737 686 870 741 nihil
899 686 967 741 de
993 684 1346 739 invisibilibus
1380 679 1666 737 virtutibus
1694 678 1927 744 disserit,

339 795 513 848 neque
539 777 689 843 dicit,
722 777 781 833 In
827 777 1089 847 principio
1134 775 1261 831 fecit
1300 775 1440 830 Deus
1475 773 1690 844 angelos
1722 772 1806 828 vel
1835 786 1930 824 ar-

337 869 625 937 eltaugelos
652 887 665 922 :
700 883 804 921 non
825 866 1159 936 simpliciter,
1194 880 1367 934 neque
1385 873 1587 919 temere
1613 862 1750 916 hanc
1773 860 1931 916 nobis

335 960 599 1013 doctrina:
623 957 764 1011 viam
796 958 1017 1026 paravit.
1045 955 1179 1023 Quia
1204 954 1346 1009 enim
1372 952 1569 1008 Judmis
1591 952 1926 1023 loquebatur,

333 1051 419 1119 qui
471 1052 570 1103 toti
616 1050 971 1119 praesentibus
1012 1048 1171 1103 rebus
1210 1046 1513 1111 inhiabant,
1557 1060 1729 1115 neque
1768 1046 1927 1115 spiri-

333 1144 476 1197 tuale
503 1143 791 1212 quidquam
817 1142 997 1196 animo
1022 1141 1306 1209 concipere
1331 1139 1599 1205 valebant,
1630 1154 1723 1194 eos
1749 1154 1779 1193 a
1806 1150 1929 1192 sen-

332 1234 575 1288 sibilibus
606 1234 673 1288 ad
700 1233 1129 1303 cognoscendum
1157 1232 1389 1288 universi
1415 1229 1671 1301 Opiﬁcem
1704 1231 1924 1295 inducit,

331 1338 390 1381 ut
413 1344 482 1382 cx
521 1327 787 1381 creaturis
828 1326 1227 1381 Fabricatorem
1267 1324 1448 1379 mundi
1478 1323 1767 1389 discentes,
1798 1322 1925 1377 ado-

331 1428 515 1472 rarent
540 1417 848 1472 Creatorem
886 1416 1148 1482 omnium,
1186 1425 1241 1470 et
1278 1431 1385 1470 non
1427 1416 1480 1469 in
1507 1415 1763 1470 creaturis
1796 1413 1927 1485 ipsis

330 1520 710 1577 permanerent
738 1519 792 1563 et
817 1509 1177 1579 quiescerent.
1220 1507 1353 1562 Nam
1387 1523 1511 1563 cum
1542 1508 1666 1564 licet
1694 1508 1810 1563 huic
1853 1507 1925 1563 ita

327 1601 467 1655 facta
501 1602 629 1665 sint,
659 1616 763 1655 non
786 1600 1169 1655 intermiserint
1192 1614 1257 1655 ex
1284 1599 1542 1654 creaturis
1570 1599 1701 1655 deos
1722 1599 1920 1666 facere,

329 1702 381 1747 et
409 1693 653 1747 divinum
692 1692 950 1747 honorem
989 1690 1300 1747 fmdissimis
1328 1690 1500 1746 brutis
1527 1690 1781 1747 exhibere
1818 1708 1832 1744 :
1869 1692 1923 1746 in

326 1800 487 1852 qimm
524 1798 630 1837 non
676 1783 964 1837 amentiam
1001 1782 1332 1849 incidissent,
1374 1783 1476 1838 nisi
1505 1792 1649 1839 tanta
1678 1798 1804 1854 erga
1831 1797 1924 1838 eos

326 1875 776 1942 attemperatioue
802 1872 987 1927 fuisset
1013 1872 1177 1929 usus?

396 1966 451 2020 3.
484 1964 598 2020 Nec
623 1964 851 2029 mireris,
879 1964 1093 2031 dilecte,
1121 1964 1261 2035 quod
1290 1965 1466 2022 Moses
1492 1966 1592 2022 hac
1626 1967 1709 2023 via
1744 1968 1920 2023 inces-

325 2058 455 2115 serit
482 2059 523 2123 ¹,
545 2058 636 2128 qui
663 2058 715 2111 in
756 2058 1035 2127 principio,
1066 2066 1122 2113 et
1154 2057 1206 2111 in
1247 2057 1542 2127 praeludiis,
1569 2060 1923 2115 crassiortbus

325 2151 580 2219 loquutus
616 2158 699 2203 est
735 2148 934 2204 Judzeis
977 2166 990 2202 :
1028 2149 1455 2219 quandoquidem
1494 2150 1689 2206 Paulus
1711 2164 1921 2221 quoque

325 2252 577 2309 tempore
600 2239 806 2311 gratiae,
841 2254 962 2293 cum
990 2248 1195 2294 tantum
1241 2239 1633 2309 pmdicationis
1658 2251 1801 2296 esset
1833 2243 1919 2296 in-

321 2341 683 2397 crementum,
713 2330 1077 2400 disputaturos
1114 2345 1236 2387 cum
1267 2331 1702 2397 Atheniensibus,
1730 2349 1761 2388 a
1789 2334 1922 2389 visi-

324 2424 522 2479 bilibns
567 2423 866 2479 doctrinam
916 2424 1080 2493 coepit
1117 2423 1200 2479 his
1244 2425 1423 2479 verbis
1465 2443 1478 2478 :
1519 2423 1656 2478 Deus
1690 2426 1776 2495 qui
1804 2428 1920 2496 fecit

320 2519 594 2579 mundum,
630 2527 678 2571 et
703 2518 874 2571 omnia
911 2533 1026 2588 qua
1061 2518 1114 2570 in
1151 2534 1209 2573 eo
1237 2528 1388 2583 sunt;
1424 2518 1506 2571 hic
1543 2519 1659 2572 ca’li
1693 2529 1740 2573 et
1774 2531 1921 2573 terra:

321 2623 436 2660 cum
466 2609 530 2661 sit
561 2606 842 2675 Dominus,
888 2624 990 2662 non
1028 2608 1082 2663 in
1116 2610 1423 2679 manufactis
1464 2610 1654 2663 habitat
1695 2613 1914 2682 templis,

324 2717 412 2755 nec
442 2701 680 2756 humanis
708 2703 939 2756 manibus
965 2704 1150 2756 colitur
1175 2703 1310 2772 (Act.
1342 2704 1430 2757 17.
1462 2703 1577 2773 24).
1615 2704 1747 2772 Quia
1771 2707 1913 2760 enim

322 2796 483 2847 talem
506 2796 584 2848 eis
610 2804 915 2863 competere
944 2796 1145 2849 sciebat
1180 2795 1497 2860 doctrinam,
1531 2797 1665 2851 hanc
1691 2797 1917 2853 docendi

322 2888 462 2940 viam
485 2888 728 2957 arripuit.
760 2887 840 2940 Ad
869 2902 962 2941 eos
986 2887 1128 2942 enim
1146 2888 1233 2956 qui
1256 2903 1405 2943 suam
1429 2889 1789 2958 suscipiebant
1813 2890 1913 2944 do-

320 2980 571 3043 ctrinam,
601 2995 629 3031 a
660 2978 860 3048 Spiritu
888 2980 954 3032 ita
983 2978 1333 3048 dirigebatur,
1360 2990 1414 3034 et
1441 2995 1534 3035 eos
1561 2982 1630 3034 ita
1668 2980 1912 3036 docebat.

321 3071 385 3125 Et
412 3080 472 3125 ut
490 3071 630 3125 scias
662 3069 817 3139 hujus
842 3070 917 3124 rei
943 3086 1156 3125 causam
1190 3070 1350 3125 fuisse
1378 3086 1720 3140 personarum
1753 3072 1916 3127 varie-

266 3220 279 3232 _
322 3170 511 3225 tatem,
535 3170 589 3215 et
614 3160 918 3215 auditorum
938 3160 1368 3227 crassitudinem,
1388 3161 1508 3214 audi
1532 3161 1681 3218 illum
1702 3162 1871 3234 ipsum
1897 3179 1911 3216 :

318 3254 384 3308 ad
428 3253 781 3309 Colossenses
828 3253 970 3308 enim
1017 3252 1295 3324 epistolam
1354 3254 1633 3317 scribens,
1671 3269 1777 3308 non
1817 3254 1915 3308 hac

317 3344 560 3399 ambulat
602 3344 706 3409 via,
748 3342 843 3397 sed
881 3343 1036 3397 aliter
1076 3359 1195 3398 cum
1231 3344 1308 3397 eis
1348 3343 1615 3413 loquitur,
1654 3353 1709 3398 et
1746 3344 1910 3400 dicit:

322 3439 458 3506 Quia
488 3439 542 3491 in
572 3439 683 3506 ipso
708 3446 877 3491 creata
903 3445 1020 3490 sunt
1048 3437 1218 3490 omnia
1236 3478 1250 3499 ,
1299 3453 1411 3506 qua:
1436 3438 1488 3489 in
1517 3437 1653 3491 caelis
1692 3447 1827 3500 sunt,
1866 3445 1916 3491 et

316 3545 433 3597 quae
450 3530 503 3582 in
531 3540 686 3596 terra,
718 3528 933 3582 visibilia
961 3537 1007 3582 et
1028 3527 1316 3593 invisibilia,
1344 3530 1447 3580 sive
1473 3529 1662 3593 throni,
1695 3529 1795 3583 sive
1815 3528 1913 3581 do-

320 3623 646 3686 minationes,
686 3623 788 3676 sive
816 3623 1149 3691 principatus,
1182 3623 1283 3676 sive
1308 3631 1590 3690 potestates,
1627 3622 1797 3675 omnia
1827 3638 1915 3690 per

316 3715 489 3778 illum,
517 3716 639 3769 etin
676 3715 823 3768 illum
858 3724 1027 3767 creata
1052 3723 1166 3767 sunt
1205 3712 1420 3783 (Coloss.
1454 3715 1502 3766 1.
1538 3712 1648 3783 lli).
1680 3712 1913 3768 Joannes

316 3815 500 3861 autem
532 3806 750 3859 tonitrui
776 3805 916 3859 ﬁlius
941 3805 1224 3870 clamabat,
1251 3805 1469 3859 dicens:
1507 3804 1691 3859 Omnia
1720 3823 1807 3874 per
1833 3807 1915 3876 ip-

316 3916 431 3953 sum
458 3899 595 3966 facta
624 3907 760 3961 sunt,
795 3909 839 3950 et
872 3898 980 3950 sine
1002 3898 1113 3965 ipso
1141 3900 1331 3968 factum
1368 3906 1442 3950 cst
1484 3897 1612 3951 nihil
1645 3896 1823 3965 (Joan.
1856 3900 1907 3952 l.

316 3993 396 4060 ὅ).
428 3994 499 4045 At
522 4004 633 4045 non
665 3992 743 4045 sic
771 3990 975 4055 Moses;
1004 4000 1059 4045 et
1084 3991 1276 4045 merito
1300 4008 1311 4044 :
1346 4006 1443 4044 nec
1463 3992 1605 4044 enim
1636 4000 1751 4045 erat
1778 4006 1909 4045 con-

316 4096 659 4143 sentaneum,
691 4092 744 4136 ut
781 4082 950 4136 solido
980 4091 1324 4150 pascerentur
1359 4083 1481 4137 cibo
1520 4082 1713 4153 quibus
1738 4081 1910 4138 adhuc

318 4176 473 4229 lactis
493 4174 739 4227 alimonia
775 4188 909 4242 opus
942 4182 1075 4226 erat.
1107 4172 1238 4226 Nam
1282 4171 1729 4243 quemadmodum
1774 4172 1912 4227 ludi-

316 4265 558 4335 magistri
580 4265 777 4332 pueris,
801 4265 935 4333 quia
954 4264 1258 4332 parentibus
1280 4266 1299 4295 '
1322 4264 1449 4333 ipsis
1468 4265 1912 4321 commendantur

314 4357 617 4421 erudiendi,
646 4358 815 4426 prima
856 4357 1072 4411 tradunt
1098 4358 1360 4411 elementa
1387 4399 1403 4421 ,
1435 4373 1569 4427 quos
1598 4372 1795 4427 pueros
1818 4359 1908 4428 qui

315 4452 385 4505 ab
415 4450 522 4505 illis
548 4458 731 4518 postea
764 4448 1078 4517 suscipiunt,
1108 4447 1504 4502 sublimioribus
1532 4460 1586 4503 et
1624 4448 1905 4518 perfectio-

316 4542 468 4595 ribus
495 4539 753 4593 doctrinis
790 4538 1032 4592 imbuunt
1064 4555 1076 4591 :
1110 4538 1179 4591 ita
1204 4547 1259 4592 et
1296 4538 1478 4593 beatus
1503 4539 1696 4604 Moses,
1724 4549 1779 4594 et
1810 4539 1906 4594 do-

314 4643 433 4687 ctor
459 4632 718 4701 gentium,
749 4644 812 4684 ac
836 4629 978 4683 ﬁlius
1007 4629 1222 4683 tonitrui
1265 4628 1523 4684 fecerunt.
1569 4629 1699 4684 Nam
1734 4630 1909 4686 Moses

314 4726 535 4796 quidem
567 4740 690 4779 cum
722 4724 924 4793 primus
951 4723 1189 4777 omnium
1220 4723 1599 4778 instituendam
1637 4724 1904 4792 suscepiso

313 4828 397 4873 set
428 4817 717 4871 humanam
759 4824 1023 4880 naturam,
1065 4815 1247 4870 docuit
1288 4815 1557 4870 auditores
1594 4816 1761 4885 prima
1792 4817 1904 4871 ele-

314 4918 495 4963 menta
528 4926 541 4961 :
572 4908 809 4961 Joannes
850 4916 1028 4960 autem
1058 4916 1113 4960 ct
1157 4905 1350 4960 Paulus
1403 4907 1467 4959 iis
1499 4923 1633 4975 quos
1679 4923 1709 4963 a
1760 4908 1908 4964 Mose

313 5010 656 5072 acceperant,
698 5009 881 5069 postea
923 5000 1235 5069 perfectiora
1280 4999 1566 5055 tradidere.
1614 5000 1774 5071 Igitur
1795 5002 1905 5070 jam

313 5095 623 5158 didicimus,
664 5106 829 5160 quare
873 5092 941 5144 ita
989 5107 1047 5144 se
1089 5094 1523 5160 attemperaverit
1563 5093 1627 5146 ad
1668 5104 1903 5148 nostram

314 5187 654 5249 tenuitatem,
684 5191 739 5238 et
763 5198 885 5238 eum
921 5183 1120 5252 Spiritu
1164 5192 1353 5237 sancto
1392 5182 1715 5253 loquentem,
1750 5195 1908 5254 prout

314 5275 651 5333 auditoribus
676 5274 1022 5344 congruebat,
1048 5274 1224 5328 omnia
1251 5277 1569 5343 exposuisse
1599 5295 1611 5328 :
1644 5278 1907 5347 simulque

317 5372 404 5423 ille
448 5382 637 5421 omnes
687 5365 940 5429 haereses,
986 5382 1103 5434 quae
1146 5367 1283 5421 sicut
1326 5369 1522 5423 zizania
1574 5370 1906 5439 pullulaturm

317 5476 471 5518 erant
509 5465 562 5519 in
610 5467 867 5533 Ecclesia,
898 5468 1131 5522 eradicat
1176 5484 1268 5538 per
1312 5468 1417 5525 hoc
1461 5470 1602 5538 quod
1640 5470 1808 5527 dicit:
1838 5468 1905 5524 In

316 5561 568 5629 principio
596 5563 711 5630 fecit
752 5561 885 5617 Deus
921 5565 1099 5617 cretum
1129 5577 1173 5617 et
1213 5576 1414 5619 terram.
1459 5567 1607 5626 Unde
1651 5569 1697 5623 si
1742 5570 1907 5628 Mani-

320 5652 501 5707 chacus
527 5655 592 5708 ad
622 5665 672 5708 te
699 5652 980 5711 accesserit
1000 5659 1487 5716 dicensmateriam
1504 5662 1902 5733 praeexsistere;

288 5932 293 5939 .
388 5895 402 5924 ι
440 5891 495 5940 in
519 5893 639 5943 edit.
666 5894 850 5953 Μαι-ει..
871 5898 1158 5949 cucurrerit.

386 5956 405 5984 ³
439 5954 578 6023 savjl.
608 5963 657 6004 et
680 5956 817 6008 multi
848 5964 973 6021 Mss,
999 5975 1029 6013 α
1054 5963 1267 6024 putribus
1286 5977 1305 6027 ;
1328 5966 1511 6032 March,
1538 5982 1566 6017 α
1589 5968 1820 6023 matribus

2040 585 2083 639 si
2112 586 2363 653 Marcion,
2391 592 2435 643 si
2470 591 2775 647 Valentinus
2806 594 2905 664 (η),
2931 596 2973 653 si
3001 597 3245 667 gentiles,
3276 599 3359 656 dic
3386 603 3489 657 illis
3516 624 3527 659 :
3558 606 3625 661 In

2038 679 2284 748 principio
2312 681 2428 749 fecit
2451 680 2590 737 Deus
2615 686 2792 738 uelum
2817 697 2864 739 et
2893 696 3096 742 terram.
3133 690 3240 746 Sed
3268 692 3414 762 quid,
3444 696 3489 749 si
3516 711 3623 751 non

2035 770 2203 823 credit
2246 771 2333 826 ille.
2378 774 2700 845 Scriptum?
2740 777 2821 832 Tu
2863 782 3082 849 posthac
3113 796 3288 853 Ipsum
3333 788 3621 853 averseris,

2033 861 2177 916 velut
2204 862 2537 920 furibundum
2564 876 2620 922 et
2644 878 2819 924 mente
2845 882 3076 941 captum.
3107 874 3237 929 Nam
3264 876 3353 946 qui
3385 879 3621 933 omnium

2034 953 2222 1022 Opiiici
2254 972 2357 1011 non
2388 959 2578 1023 credit,
2609 970 2663 1015 et
2690 963 2966 1017 veritatem
2997 965 3256 1022 mendacii
3294 969 3488 1039 arguit,
3517 986 3621 1041 qua

2034 1061 2283 1116 umquam
2314 1048 2612 1119 dignandus
2642 1062 2724 1107 est
2745 1055 2929 1109 venia?
2960 1056 3129 1112 llabet
3158 1059 3247 1114 ille
3274 1060 3505 1117 fucatum
3526 1078 3621 1119 eo-

2034 1135 2201 1191 lorem
2245 1138 2283 1200 ',
2317 1148 2371 1192 et
2406 1151 2801 1197 mansuetorum
2846 1162 3099 1215 personas
3146 1151 3332 1215 induit,
3385 1155 3620 1225 tegitque

2033 1228 2135 1283 sub
2158 1229 2318 1283 ovilla
2350 1231 2486 1299 pelle
2509 1233 2708 1304 lupum.
2741 1235 2847 1292 Sed
2875 1245 2929 1293 tu
2962 1255 3030 1295 ne
3048 1241 3352 1312 decipiaris,
3382 1246 3489 1302 imo
3518 1236 3633 1302 hac'

2032 1321 2143 1390 ipsa
2171 1322 2238 1377 de
2262 1338 2422 1379 causa
2463 1325 2609 1381 illum
2646 1331 2814 1399 magis
2841 1345 3062 1387 exosum
3093 1335 3249 1400 habe,
3286 1338 3427 1406 quod
3465 1355 3619 1395 man-

2030 1414 2366 1471 suetudinem
2394 1417 2606 1488 quidem
2633 1436 2759 1492 erga
2790 1431 2841 1478 te
2868 1438 3189 1481 conservum
3218 1428 3448 1497 simulet,
3482 1448 3616 1487 con-

2031 1512 2113 1561 tra
2143 1506 2420 1562 Dominum
2465 1518 2643 1565 autem
2689 1512 3058 1571 universorum
3101 1517 3264 1573 Deum
3294 1519 3491 1577 bellum
3519 1539 3617 1594 ge-

2029 1605 2132 1661 rat,
2160 1604 2215 1651 et
2238 1613 2410 1668 neque
2431 1600 2667 1670 seipsum
2694 1604 2919 1659 salutem
2944 1621 3094 1661 suam
3129 1609 3354 1677 prodere
3375 1613 3616 1669 animad-

2029 1697 2218 1743 vertat.
2249 1688 2514 1745 Caeterum
2557 1706 2657 1748 nos
2681 1694 2890 1750 ﬁrmam
2917 1706 3189 1753 teneamus
3214 1713 3440 1770 petram,
3465 1714 3515 1759 et
3546 1704 3615 1760 ad

2029 1779 2346 1850 principium
2393 1783 2585 1839 iterum
2634 1788 2999 1857 regrediamur
3045 1808 3058 1844 :
3102 1790 3173 1846 In
3211 1796 3460 1866 principio
3497 1799 3615 1866 fecit

1974 1951 1977 1957 η
2027 1873 2167 1929 Deus
2194 1877 2373 1931 cretum
2411 1890 2458 1932 et
2496 1888 2700 1934 terram.
2747 1882 2977 1939 Attende
3018 1901 3196 1950 nunc,
3237 1891 3505 1957 quomodo
3546 1907 3614 1947 ex

2027 1964 2144 2034 ipso
2169 1966 2364 2036 opiﬁcii
2396 1969 2557 2023 modo
2583 1970 2776 2026 divinae
2824 1984 3024 2028 natura.I
3054 1975 3285 2045 dignitas
3319 1979 3609 2045 enitescat;

2025 2056 2294 2125 quomodo
2322 2058 2463 2114 Deus
2490 2071 2683 2129 praeter
2709 2062 2994 2118 humanmn
3017 2082 3242 2135 morem,
3274 2085 3426 2125 suum
3451 2073 3611 2140 perli-

2025 2148 2172 2203 ciens
2200 2149 2501 2215 aediﬁcium,
2530 2153 2675 2221 prius
2700 2154 2887 2209 czelum
2905 2157 3188 2224 extendat,
3218 2171 3401 2229 postea
3429 2171 3484 2218 et
3505 2173 3611 2219 ter-

2026 2253 2138 2293 ram
2169 2240 2475 2297 substernat
2508 2262 2522 2297 :
2551 2244 2699 2314 prius
2729 2246 2961 2313 culmen,
2998 2260 3051 2303 et
3081 2260 3261 2319 postea
3294 2253 3607 2311 fundamen-

2027 2339 2159 2384 tum.
2188 2330 2318 2398 Quis
2358 2332 2461 2388 tale
2489 2335 2615 2403 quid
2642 2336 2808 2392 vidit?
2832 2340 2955 2408 quis
2983 2341 3214 2396 audivit?
3240 2341 3294 2397 ln
3334 2345 3607 2401 hominum

2021 2433 2154 2476 sane
2178 2423 2428 2490 operibus
2453 2424 2585 2480 nihil
2623 2426 2728 2483 tale
2755 2444 3003 2500 umquam
3035 2430 3191 2486 fuerit
3224 2452 3237 2487 :
3270 2435 3362 2489 sed
3384 2436 3608 2506 jubente

2026 2510 2156 2575 Deo,
2188 2513 2447 2569 voluntati
2467 2515 2583 2585 ejus
2616 2528 2802 2587 parent
2829 2529 2883 2575 et
2903 2521 3098 2577 cedunt
3120 2525 3317 2580 omnia.
3346 2526 3423 2583 Ne
3446 2528 3607 2599 igitur

2024 2602 2266 2659 humanis
2287 2606 2580 2663 rationibus
2596 2609 2771 2664 divina
2791 2627 2950 2681 opera
2972 2616 3234 2671 curiosius
3253 2619 3604 2689 excutiamus,

2021 2696 2115 2750 sed
2164 2712 2229 2752 ex
2272 2700 2521 2767 operibus
2569 2702 2910 2767 manuducti,
2952 2704 3277 2762 admiremur
3321 2710 3601 2767 artiﬁcem.

2024 2786 2163 2839 Nam
2191 2788 2461 2842 invisibilia
2498 2793 2628 2860 ejus,
2662 2793 2850 2863 inquit,
2883 2811 2945 2850 ea:
2979 2799 3227 2852 creatione
3256 2801 3452 2867 mundi,
3482 2802 3604 2856 dum

2021 2897 2110 2949 per
2135 2899 2288 2950 opera
2314 2884 2682 2955 intelliguntur,
2715 2887 3032 2956 pervidentur
3056 2889 3230 2962 (llam.
3265 2893 3316 2946 l.
3344 2892 3459 2964 20).

2089 2974 2144 3028 4.
2177 2974 2364 3028 Contra
2391 2992 2476 3030 eos
2500 2978 2587 3044 qui
2609 2978 2837 3033 dicebant
2856 2991 3040 3035 terram
3054 2999 3117 3037 ea:
3143 2984 3365 3056 subjecta
3393 2990 3602 3044 materia

2019 3064 2244 3134 factum;
2266 3077 2400 3121 terra
2425 3069 2591 3137 patria
2629 3080 2801 3124 nostra
2825 3081 2916 3131 est.
2946 3083 2992 3125 et
3014 3089 3276 3129 commune
3293 3077 3598 3147 sepulcrum.

2021 3154 2234 3211 Muralis
2256 3159 2783 3229 extremum—Quod
2798 3163 2841 3217 si
2862 3164 3099 3220 veritatis
3119 3166 3300 3223 hostes
3324 3169 3499 3226 adhuc
3520 3172 3603 3226 di-

2019 3257 2164 3310 cunt,
2198 3264 2302 3302 non
2335 3266 2488 3318 posse
2523 3267 2587 3306 ex
2619 3252 2787 3309 nihilo
2815 3255 3010 3325 aliquid
3041 3258 3178 3325 ﬁeri,
3213 3259 3600 3332 interrogemus

2019 3353 2111 3393 eos
2142 3356 2156 3393 :
2185 3340 2461 3396 Primusne
2487 3341 2649 3397 homo
2675 3359 2740 3398 ex
2767 3354 2907 3400 terra
2954 3345 3211 3404 formatus
3231 3358 3343 3418 est;
3370 3368 3436 3406 an
3466 3353 3601 3410 forte

2018 3429 2269 3485 aliunde?
2297 3430 2526 3486 Omnino
2546 3433 2724 3489 dicent
2751 3451 2814 3490 ac
2843 3436 3166 3505 fatebuntur,
3183 3441 3323 3511 quod
3343 3458 3408 3498 ex
3436 3452 3596 3499 terra.

1982 3560 1986 3565 -
2023 3520 2211 3575 Dicant
2251 3522 2410 3591 igitur
2437 3524 2609 3587 nobis,
2637 3526 2905 3594 quomodo
2944 3544 3009 3582 ex
3045 3538 3183 3583 terra
3224 3532 3359 3586 facta
3398 3534 3468 3587 sit
3507 3550 3602 3590 na-

2019 3622 2136 3668 tura
2164 3615 2359 3668 carnis.
2392 3615 2468 3670 Ex
2499 3625 2635 3670 terra
2666 3619 2806 3671 enim
2845 3619 3029 3685 lutum,
3063 3631 3118 3675 et
3146 3622 3359 3689 lateres,
3390 3633 3445 3679 et
3466 3626 3600 3696 ligu-

2018 3706 2181 3760 linum
2207 3722 2322 3770 vas,
2364 3716 2417 3759 et
2444 3717 2575 3762 testa
2611 3709 2727 3763 ﬁeri
2757 3709 2894 3764 solet
2922 3727 2934 3762 :
2967 3713 3232 3779 quomodo
3260 3729 3385 3783 ergo
3409 3727 3598 3771 natura

2015 3798 2192 3853 carnis
2217 3799 2350 3853 tacta
2390 3801 2508 3854 est?
2533 3803 2800 3871 quomodo
2822 3818 2964 3868 ossa,
3000 3816 3054 3858 et
3088 3808 3257 3873 nervi,
3286 3817 3340 3862 et
3362 3810 3593 3873 arteriar,

2016 3898 2069 3942 et
2108 3889 2291 3957 adeps,
2334 3898 2386 3945 et
2414 3892 2571 3956 cutis,
2602 3901 2657 3946 et
2703 3909 2926 3963 ungues,
2972 3904 3025 3948 ct
3052 3898 3247 3966 capilli,
3292 3907 3348 3953 et
3380 3916 3446 3955 ex
3490 3917 3594 3956 una

2015 3978 2323 4047 subjacente
2364 3982 2581 4036 materia
2611 3983 2936 4038 diversarum
2980 3987 3394 4045 substantiarum
3426 3993 3597 4061 quali-
3680 4006 3683 4009 λ

2016 4070 2190 4126 tates?
2219 4069 2323 4126 Sed
2349 4070 2413 4124 ad
2448 4071 2561 4126 hmo
2604 4088 2671 4127 ne
2699 4075 2891 4129 mutire
2917 4076 3129 4144 quidem
3167 4088 3433 4146 poterunt.
3456 4082 3593 4148 Quid

2014 4172 2190 4219 autem
2214 4163 2333 4218 dico
2357 4163 2424 4218 de
2448 4179 2672 4235 corpore
2701 4169 2921 4222 nostro?
2949 4169 3135 4224 Dicant
3160 4172 3314 4228 nobis
3341 4173 3408 4228 de
3435 4190 3593 4245 pane,

2012 4269 2119 4323 quo
2143 4254 2379 4324 quotidie
2409 4257 2697 4322 relicimur,
2729 4259 3017 4327 quomodo,
3048 4277 3167 4316 cum
3204 4264 3359 4319 unius
3396 4267 3594 4334 speciei

2014 4346 2102 4409 sit,
2131 4344 2511 4400 transmuta'tur
2532 4346 2582 4400 in
2605 4347 2938 4415 sanguinem,
2965 4360 3019 4404 et
3046 4352 3311 4419 pituitam,
3334 4363 3389 4409 et
3411 4355 3591 4421 bilem,

2013 4445 2067 4490 ct
2096 4437 2145 4509 in
2173 4437 2349 4491 varios
2390 4437 2660 4494 humores.
2704 4439 2772 4494 Et
2822 4443 2972 4510 panis
3006 4443 3217 4512 quidem
3256 4461 3399 4517 saepe
3437 4448 3597 4506 habet

2013 4531 2246 4584 colorem
2271 4530 2541 4589 frumenti:
2561 4534 2775 4601 sanguis
2792 4544 2966 4589 autem
2998 4536 3157 4591 ruber
3176 4539 3256 4592 vel
3282 4540 3429 4610 niger
3453 4542 3590 4596 est’.

2014 4622 2069 4676 Si
2114 4623 2271 4692 igitur
2311 4623 2445 4687 lucc,
2475 4640 2595 4694 quae
2637 4626 2873 4695 quotidie
2915 4636 3039 4683 ante
3075 4631 3261 4684 oculos
3290 4644 3591 4697 versantur,

2015 4731 2302 4784 numquam
2345 4716 2497 4769 nobis
2534 4716 2712 4771 dicere
2752 4727 3015 4786 poterunt,
3059 4720 3323 4777 difﬁcilius
3366 4722 3433 4777 de
3474 4724 3595 4778 aliis

2015 4807 2106 4862 Dei
2151 4806 2374 4877 opiﬁciis
2412 4807 2564 4878 digna
2622 4809 2921 4878 loquentur.
2954 4812 3105 4879 Quod
3156 4815 3199 4868 si
3244 4826 3365 4885 post
3388 4824 3591 4871 tantam

2012 4899 2522 4954 demonstrationum
2551 4902 2755 4970 copiam
2800 4902 2975 4959 adhuc
3020 4920 3167 4959 suam
3198 4909 3591 4963 contentionem

2014 4992 2266 5048 roborare
2301 4993 2501 5057 volunt,
2547 5012 2715 5064 neque
2743 5012 2840 5050 nos
2866 4997 3189 5053 desistemus
3226 5013 3370 5069 stepe
3402 5001 3589 5056 eadem

2014 5082 2143 5151 ipsis
2171 5084 2422 5153 objiccre,
2453 5086 2690 5143 dicentes
2722 5108 2733 5141 :
2759 5086 2823 5141 In
2842 5090 3087 5158 principio
3114 5090 3228 5159 fecit
3258 5088 3391 5144 Deus
3411 5093 3590 5145 (mlum

2013 5185 2058 5227 et
2080 5185 2283 5229 terram.
2314 5177 2424 5231 lloc
2457 5179 2597 5233 enim
2630 5181 2839 5233 unicum
2874 5181 3093 5235 verbum
3121 5181 3314 5236 sufﬁcit
3345 5183 3497 5236 nobis
3521 5182 3589 5238 ad

2014 5267 2393 5324 subvertendas
2421 5284 2608 5325 omnes
2639 5270 3059 5327 adversariorum
3093 5284 3285 5339 turres,
3318 5283 3371 5329 et
3398 5276 3462 5330 ad
3502 5293 3589 5331 re-

2013 5358 2255 5414 vellenda
2300 5359 2368 5413 ab
2411 5361 2541 5431 ipsis
2595 5362 2948 5418 fundamentis
2993 5363 3221 5419 humana
3262 5367 3536 5426 ratiocinia
3572 5384 3588 5399 -

2013 5460 2173 5521 atque
2201 5453 2244 5506 si
2266 5452 2461 5507 vellent
2480 5454 2562 5509 vel
2590 5469 2712 5510 sero
2735 5469 2765 5509 a
2800 5470 2894 5509 sua
2925 5458 3266 5513 contentione
3302 5457 3586 5525 desistam,

2078 5546 2091 5608 ξ
2126 5543 2335 5608 coislin..
2359 5543 2573 5604 fucatam
2588 5558 2779 5608 corpus.

2074 5606 2094 5635 ²
2108 5604 2435 5671 Coislinianus,
2445 5612 2498 5655 Et
2511 5606 2647 5668 panis
2658 5604 2866 5671 quidem,
2880 5612 2931 5656 ut
2941 5608 3216 5671 plurimum,
3228 5611 3366 5662 habet
3382 5611 3589 5663 colorem

2009 5667 2251 5726 frumenti,
2271 5665 2441 5728 pituita
2456 5665 2615 5718 autem
2632 5665 2743 5719 alba
2756 5665 3047 5735 est,
3067 5685 3179 5723 vero
3200 5665 3341 5723 ruber
3364 5674 3437 5724 vel
3451 5675 3589 5736 niger

2011 5736 2145 5843 alia)
2161 5789 2459 5849 Nanlchaeus,
2481 5792 2698 5849 Marcion,
2721 5800 2771 5842 et
2790 5791 3078 5847 Valentinus
3091 5794 3317 5845 dicebant
3338 5799 3586 5850 materiam

1988 5888 1991 5891 .
2014 5863 2129 5916 ante
2149 5856 2369 5916 creatum
2388 5853 2614 5903 mundum
2634 5856 2898 5903 exstitisse.
2918 5862 2987 5904 De
3003 5857 3257 5916 ueniebat,
3277 5862 3518 5912 Marcionis
3534 5869 3579 5904 et

2018 5912 2257 6022 videntin‘i
2278 5915 2505 5973 opinione
2527 5916 2650 5965 circa
2688 5918 2851 5965 mundi
2872 5916 3127 5979 primordia
3147 5912 3253 5969 vide
3265 5918 3587 5982 Epiphanium

2018 5988 2054 6022 It
2093 5987 2235 6022 suum
2255 5988 2324 6022 os.

2010 5987 2070 6025 stt
2093 5987 2324 6038 singulos.
