4040 6378
354 477 415 530 3|

356 595 579 662 possent
605 594 704 653 per
734 578 835 631 hoc
864 573 916 626 in
954 563 1193 622 veritatis
1213 561 1354 613 viam
1376 546 1678 609 manuduci.
1704 543 1760 597 2.
1787 538 1947 595 Terra

1054 661 1060 662 ’
1313 654 1323 662 -
1429 647 1464 662 η
1510 646 1520 656 ·
1551 658 1588 662 Α-
1617 638 1778 662 ---ιερ-
1838 633 1922 662 .t...

361 633 529 737 autem
552 633 814 731 intjisibilis
840 674 944 720 erat
974 670 1018 715 et
1046 654 1396 724 incomposita.
1427 646 1593 713 Cujus
1613 638 1805 710 gratia,
1836 633 1945 695 dic,

361 784 565 843 quaxso,
596 764 787 819 cadum
823 757 1024 811 clarum
1057 758 1112 803 et
1154 742 1447 815 perfectum
1484 731 1713 794 creavit;
1754 737 1950 781 terram

1140 840 1178 843 μ,
1356 833 1369 843 ,
1504 838 1513 843 Α
1733 821 1926 843 nam”

364 821 539 921 autem
569 857 851 913 informem
898 844 1107 901 ellecit?
1139 840 1321 907 Neque
1356 833 1459 888 hoc
1501 838 1702 883 temere
1733 821 1951 881 factum,

365 956 458 1012 sed
493 960 568 1015 ut,
598 962 719 1002 cum
748 940 996 997 didiceris
1026 933 1305 987 meliorem
1333 919 1627 983 creationis
1652 922 1859 983 partem
1890 907 1960 961 ab

366 1064 432 1103 eo
462 1006 743 1099 formatam
768 1042 821 1087 et
856 1026 1176 1084 absolutam,
1223 1018 1355 1072 nihil
1386 1023 1569 1084 postea
1591 1006 1833 1063 dubites:
1863 1015 1959 1054 ne—

368 1152 473 1209 que
523 1138 679 1203 putes
734 1124 789 1180 id
852 1137 917 1176 ex
982 1114 1263 1188 potestatis
1318 1101 1683 1163 imbecillitate
1738 1095 1958 1150 factum.

371 1185 453 1283 Ald
503 1185 617 1279 litae
667 1227 722 1274 et
776 1215 879 1270 alia
916 1185 1124 1266 ratione
1168 1202 1449 1258 informem
1493 1205 1689 1249 terram
1736 1185 1961 1243 ereavit.

374 1319 509 1388 Quia
544 1316 688 1370 enim
735 1309 850 1379 ipsa
880 1311 962 1359 est
1003 1297 1203 1359 nutrix,
1248 1302 1304 1347 et
1352 1298 1524 1344 mater
1558 1292 1761 1346 nostra,
1798 1288 1854 1334 et
1899 1291 1967 1330 ex

377 1428 441 1467 ca
488 1406 612 1463 facti
660 1415 879 1465 sumus,
927 1406 1087 1463 atque
1138 1389 1467 1444 educamur,
1516 1380 1736 1448 ipsaque
1788 1382 1968 1427 nostra

379 1502 550 1574 patria
579 1506 681 1563 est,
704 1504 758 1549 et
784 1503 1069 1547 commune
1100 1480 1435 1551 sepulcrum:
1473 1471 1672 1527 reditus
1699 1466 1841 1523 enim
1870 1480 1970 1519 no-

382 1603 495 1648 ster
522 1590 589 1645 ad
618 1603 735 1643 eam
764 1594 951 1639 rursns
974 1589 1093 1641 est;
1120 1583 1174 1629 et
1200 1570 1323 1642 quia
1356 1564 1521 1621 variis
1546 1576 1642 1632 per
1670 1574 1788 1614 eam
1819 1556 1975 1611 bonis

383 1684 650 1740 fruimur:
684 1676 824 1739 ideo,
853 1680 912 1725 ut
951 1684 1017 1723 ne
1060 1663 1302 1720 homines
1331 1659 1401 1713 ob
1428 1669 1557 1710 usus
1598 1649 1975 1705 necessitatem

387 1776 509 1845 plus
533 1784 690 1842 quam
716 1766 931 1835 dignum
958 1767 1042 1814 est
1063 1771 1181 1811 eam
1205 1753 1463 1813 colerent,
1487 1745 1721 1801 ostendit
1746 1740 1978 1812 primum

390 1831 578 1925 rudem
616 1871 671 1918 et
715 1831 1017 1914 informem.
1074 1860 1130 1903 ut
1176 1862 1243 1902 ne
1289 1842 1543 1898 beneficia
1587 1850 1743 1894 terra:
1779 1831 1982 1890 telluris

394 1968 596 2014 natura:
621 1954 871 2021 imputes,
899 1944 992 2000 scd
1025 1943 1074 1997 ei
1096 1941 1319 2003 tribuas,
1350 1935 1438 2005 qui
1468 1934 1609 1987 illam
1639 1944 1707 1984 ex
1732 1925 1900 1981 nihilo
1928 1932 1985 1977 ut

395 2058 543 2107 esset
568 2044 787 2101 creavit.
837 2040 1058 2106 Propter
1089 2034 1189 2087 hoc
1217 2030 1289 2084 ait
1326 2046 1338 2082 :
1372 2027 1530 2079 Terra
1573 2030 1738 2075 autem
1767 2025 1873 2070 erat
1901 2016 1985 2067 in-

398 2140 606 2195 visibilis
654 2144 701 2189 et
762 2127 1110 2200 incomposita.
1169 2122 1329 2176 Forte
1368 2116 1547 2173 statim
1601 2122 1655 2167 et
1717 2111 1785 2165 ab
1837 2107 1989 2161 initio

402 2240 640 2289 mentem
703 2198 939 2280 vestram
1004 2212 1370 2271 subtilioribus
1421 2202 1701 2261 sententiis
1764 2198 1989 2255 nimium

402 2322 690 2382 torsimus;
722 2314 843 2370 ideo
868 2313 954 2365 hic
977 2320 1280 2363 sermonem
1312 2307 1507 2356 sistere
1533 2312 1627 2368 par
1668 2303 1771 2348 est.
1816 2292 1991 2360 Roga-

408 2431 528 2472 mus
555 2422 732 2468 autem
761 2407 1038 2463 caritatem
1060 2407 1315 2464 vestram,
1348 2403 1405 2448 ut
1431 2391 1696 2446 dictorum
1725 2385 1845 2441 sitis
1876 2396 1995 2438 me-

408 2520 610 2567 mores,
634 2512 689 2557 et
716 2512 930 2567 semper
957 2495 1070 2549 haec
1099 2488 1357 2545 memoria
1389 2482 1613 2539 teneatis
1645 2496 1657 2532 :
1690 2488 1850 2543 atque
1888 2486 1991 2528 una

407 2613 530 2654 cum
553 2590 791 2650 sensibili
822 2600 1028 2651 mensa,
1061 2596 1183 2637 cum
1214 2580 1341 2633 hinc
1365 2573 1604 2629 abieritis
1629 2611 1643 2635 ,
1672 2567 1923 2639 apponite
1943 2573 2000 2620 et

409 2686 743 2762 spiritualem
800 2694 1064 2737 mensam.
1122 2675 1271 2729 Dicat
1298 2670 1379 2725 vir
1427 2667 1600 2736 aliqua
1632 2671 2001 2728 eurum,qu:e

412 2797 556 2839 nunc
584 2781 671 2836 hic
702 2785 825 2833 sunt
851 2774 992 2829 dicta
1024 2790 1038 2825 :
1068 2767 1249 2822 audiat
1297 2762 1489 2819 mulier
1509 2800 1524 2824 ,
1552 2758 1762 2812 discant
1806 2751 2000 2823 pueri,

413 2876 625 2931 discant
649 2881 705 2926 et
728 2864 1008 2923 domestici
1042 2904 1057 2927 ,
1091 2861 1286 2928 fiatque
1320 2855 1510 2909 domus
1536 2847 1763 2905 ecclesia
1789 2886 1803 2909 ,
1837 2852 1895 2897 ut
1920 2840 2003 2895 ef-

416 2944 632 3034 fugetur
660 2958 940 3022 diabolus,
971 2955 1025 3008 in
1066 2951 1241 3020 fugam
1290 2952 1528 2999 vertatur
1570 2939 1741 2993 malus
1769 2936 1855 2990 ille
1896 2934 2006 2988 dte-

418 3072 546 3113 mon
569 3097 586 3120 ,
614 3061 668 3108 et
710 3050 957 3106 inimicus
1000 3045 1185 3099 salutis
1212 3049 1410 3095 nostrae
1440 3054 1453 3089 :
1488 3033 1787 3102 requiescat
1826 3039 2004 3082 autem

424 3148 501 3203 ibi
522 3144 753 3215 Spiritus
776 3138 945 3195 sancti
972 3135 1163 3207 gratia,
1196 3137 1251 3185 et
1288 3127 1463 3183 omnis
1502 3140 1606 3195 pax
1645 3132 1698 3177 et
1722 3118 2007 3175 concordia

423 3210 627 3293 muniat
664 3231 1043 3287 inhabitantes.
1086 3223 1219 3277 Nam
1262 3220 1305 3273 si
1344 3232 1529 3272 eorum
1567 3228 1686 3277 quae
1731 3212 1840 3281 jam
1869 3210 2010 3264 dicta

426 3338 572 3396 sunt,
597 3338 862 3381 memores
891 3318 1119 3383 fueritis,
1139 3324 1194 3370 et
1234 3308 1854 3381 majorestudioea,quag
1866 3315 2015 3377 post-

426 3427 531 3482 hac
571 3414 887 3478 seminaturi
968 3423 1173 3474 sumus,
1220 3401 1601 3471 susceperitis,
1650 3413 1750 3451 nos
1803 3408 2014 3464 quoque

430 3512 619 3581 majori
641 3508 818 3565 studio
843 3513 1003 3574 atque
1028 3501 1267 3555 ubertate
1296 3496 1537 3550 dicemus
1565 3506 1683 3562 quae
1701 3487 1855 3543 nobis
1882 3500 2012 3555 sup-

431 3604 691 3677 peditabit
713 3600 881 3673 gratia
926 3597 1019 3651 Dei
1044 3636 1059 3661 ,
1086 3596 1129 3649 si
1165 3591 1467 3662 germinare
1492 3584 1782 3640 viderimus
1811 3595 1873 3634 ea
1897 3593 2018 3649 qua:

430 3670 577 3755 nunc
604 3711 635 3750 a
684 3670 836 3749 nobis
882 3690 1023 3746 dicta
1069 3693 1212 3742 sunt.
1240 3678 1678 3751 Quandoquidem
1708 3684 1763 3730 et
1787 3670 2018 3744 agricola

432 3807 554 3847 cum
577 3786 769 3843 viderit
787 3783 993 3840 semina
1011 3780 1179 3844 nasci,
1204 3776 1407 3845 majore
1431 3771 1706 3826 alacritate
1734 3781 1860 3821 arva
1887 3779 2019 3819 con-

434 3882 629 3939 siderat
660 3888 714 3935 et
741 3876 958 3939 excolit,
989 3882 1147 3941 atque
1172 3869 1276 3923 alia
1305 3881 1486 3921 serere
1520 3863 1699 3934 gestit.

509 3976 561 4031 5.
602 3972 674 4029 Ut
696 3972 855 4041 igitur
877 3965 1167 4021 alacriores
1203 3976 1301 4015 nos
1324 3957 1559 4013 reddatis
1578 3997 1593 4020 ,
1617 3955 1726 4023 jam
1756 3953 2019 4007 dictorum

436 4076 640 4125 eertam
692 4060 989 4118 custodiam
1020 4057 1402 4116 demonstrate,
1434 4058 1487 4103 et
1535 4062 1656 4101 cum
1702 4055 1862 4100 recta:
1902 4042 2027 4096 fidei

439 4157 774 4231 dogmatibus
805 4154 967 4207 vitam
993 4163 1206 4221 quoque
1238 4154 1470 4199 vestram
1501 4141 1781 4210 diligenter
1821 4146 2027 4191 curate.

439 4229 631 4307 Lucem
659 4248 822 4304 enim.
865 4246 1056 4312 inquit,
1090 4242 1178 4293 tua:
1215 4246 1380 4291 vestra
1411 4250 1583 4288 coram
1628 4229 1933 4294 hominibus,
1976 4237 2031 4281 ut

440 4344 643 4399 videant
663 4355 816 4409 opera
837 4351 998 4390 vestra
1018 4332 1168 4393 bona,
1192 4339 1239 4383 et
1256 4327 1538 4399 glorificent
1554 4322 1761 4377 Patrem
1789 4329 2029 4385 vestrum,

443 4436 530 4506 qui
569 4435 622 4487 in
655 4431 790 4486 castis
823 4437 895 4483 est
932 4424 1146 4496 (Matth.
1178 4423 1231 4477 5.
1266 4420 1354 4491 10)
1391 4436 1402 4472 :
1437 4426 1495 4472 ut
1534 4428 1588 4471 et
1628 4416 1734 4469 vita
1774 4421 2034 4468 consonet

445 4502 569 4581 iidei
596 4518 950 4592 dogmatibus,
981 4525 1036 4571 et
1060 4516 1305 4584 dogmata
1334 4509 1625 4580 prindicent
1653 4507 1835 4560 vitam.
1877 4502 2034 4556 Fides

447 4617 591 4672 enim
618 4614 726 4668 sine
766 4610 999 4681 aperibus
1038 4618 1236 4661 mortua
1264 4613 1338 4658 est
1368 4601 1510 4674 (Jac.
1528 4601 1584 4654 2.
1615 4598 1744 4668 26),
1774 4607 1829 4653 et
1873 4610 2034 4665 opera

448 4710 566 4765 sine
611 4706 716 4761 fide
756 4712 965 4759 mortua
1010 4707 1153 4754 sunt.
1184 4697 1317 4752 Nam
1361 4695 1487 4751 licet
1533 4707 1714 4747 sanam
1758 4700 2039 4745 teneamus

451 4797 773 4855 doctrinam.
822 4794 866 4847 si
896 4792 1056 4845 vitam
1100 4788 1451 4858 negligamus,
1500 4782 1635 4838 nihil
1663 4780 1816 4836 nobis
1842 4778 2038 4850 prode-

447 4891 521 4946 rit
545 4887 784 4943 doctrina
817 4902 829 4937 :
864 4897 1069 4946 rursus,
1091 4882 1135 4933 sl
1162 4879 1286 4933 vita:
1313 4890 1496 4931 curam
1521 4874 1827 4943 diligentem
1856 4884 2041 4942 gesse-

451 4980 640 5041 rimus,
676 4976 729 5031 in
751 4974 871 5029 fidei
903 4980 1079 5029 autem
1112 4968 1318 5040 placitis
1344 4965 1840 5028 claudicaverimus,
1869 4976 2042 5030 neque

452 5072 532 5125 sic
563 5067 719 5122 nobis
751 5063 950 5134 aliquid
978 5061 1108 5117 lucri
1161 5058 1336 5113 fuerit.
1366 5056 1491 5112 Ideo
1516 5053 1764 5109 convenit
1792 5053 2043 5120 utrinque

456 5158 739 5213 mdificium
769 5155 872 5209 hoc
902 5162 1140 5206 nostrum
1172 5149 1446 5220 Spirituale
1474 5143 1792 5201 communiri
1823 5160 1835 5193 :
1862 5141 2043 5195 Omnis

458 5251 623 5315 enim,
647 5248 835 5316 inquit,
862 5246 948 5313 qui
967 5243 1111 5297 audit
1141 5242 1231 5295 Iros
1252 5254 1504 5294 sermones
1529 5252 1686 5301 meos,
1716 5245 1761 5287 et
1787 5234 1911 5304 facit
1934 5249 2040 5298 eos,

458 5337 816 5393 assimilabitur
856 5337 961 5389 viro
991 5334 1225 5403 prudenti
1246 5317 1459 5401 (Μαηή.
1493 5330 1545 5383 7.
1575 5329 1694 5393 at).
1722 5326 1855 5381 Vide
1910 5340 2042 5395 quo-

458 5431 623 5486 modo
664 5444 770 5484 non
800 5429 971 5483 solum
1021 5427 1207 5481 audire
1235 5440 1333 5478 nos
1360 5422 1508 5485 velit,
1550 5420 1642 5477 sed
1676 5420 1835 5475 etiam
1872 5419 2046 5473 facere

462 5534 517 5580 et
541 5523 789 5593 operibus
830 5520 1184 5576 obedientiam
1214 5517 1466 5572 exhibere
1496 5533 1509 5569 :
1545 5513 1688 5568 hunc
1730 5512 2048 5583 prudentem

462 5616 693 5681 vocavit,
722 5615 811 5684 qui
843 5613 1094 5682 operibus
1118 5624 1395 5666 sermones
1422 5605 1866 5675 subsequentibus
1910 5617 2035 5657 eon-

465 5708 689 5777 spicuus
709 5707 779 5761 sit
810 5724 823 5759 :
854 5705 946 5774 qui
973 5717 1102 5758 vero
1132 5711 1335 5755 tantum
1376 5699 1442 5753 ad
1472 5712 1748 5753 sermones
1779 5696 2049 5764 pervenit,

468 5811 523 5854 et
552 5814 659 5853 non
680 5797 747 5852 ad
772 5811 958 5865 opera,
979 5809 1103 5850 eum
1131 5792 1351 5847 stultum
1376 5790 1588 5845 vocavit
1614 5808 1625 5841 ε
1661 5788 1850 5844 merito
1874 5794 2049 5840 certe:

470 5893 596 5965 quia
625 5891 713 5947 ille
740 5891 956 5949 domum
976 5900 1129 5944 suam
1153 5898 1315 5954 super
1342 5897 1560 5938 arenam
1580 5879 1888 5945 aedificavit;
1930 5892 2055 5947 pro-

1140 446 1197 501 S.
1240 433 1518 497 JOANNIS
1556 412 2029 483 CllRYSOSTOMI
2070 404 2385 463 ARClIlEP.
2426 386 2964 455 CONSTANTINOP.
3576 370 3643 425 32

2060 538 2236 597 pterea
2262 536 2435 591 neque
2466 527 2745 572 ventorum
2790 514 2898 565 vim
2942 511 3080 563 ferre
3107 503 3299 575 potuit,
3342 499 3437 555 sed
3467 500 3644 551 Statim

2058 592 2263 675 corruit
2285 619 2300 673 f
2312 615 2503 670 Matth.
2533 614 2586 666 7.
2608 610 2726 677 26).
2756 605 2912 662 Tales
2937 604 3079 657 enim
3109 609 3230 653 sunt
3273 597 3485 651 desides
3530 592 3649 645 ani-

2060 728 2182 774 mae,
2207 724 2312 764 non
2345 706 2589 761 solidatae
2617 714 2780 770 super
2810 700 3017 752 firmam
3050 703 3255 766 petram
3281 686 3646 758 spiritualem:

2064 820 2169 859 non
2194 801 2336 856 enim
2354 798 2424 855 de
2449 794 2675 849 aedificio
2701 801 2754 845 et
2774 790 2842 845 de
2868 789 3029 843 domo
3057 800 3197 839 nunc
3221 792 3304 837 est
3330 792 3528 842 sermo,
3557 773 3649 835 sed

2064 896 2132 951 de
2161 892 2358 954 anima,
2379 902 2499 958 quin
2525 901 2555 941 a
2582 883 2877 941 tentatione
2895 892 3081 948 qnaws
3095 875 3346 945 quatitur.
3370 870 3501 923 Nam
3530 883 3656 920 vcn-

2066 988 2125 1049 ti,
2154 984 2364 1054 pluviae,
2416 987 2470 1033 et
2495 975 2778 1031 ﬂuviorum
2810 969 3113 1026 nominibus
3153 964 3473 1021 tentationes
3504 959 3657 1013 nobis

2069 1052 2441 1134 subindicavit.
2479 1073 2549 1126 At
2575 1069 2720 1125 enim
2756 1064 2847 1136 qui
2877 1071 3156 1124 constans,
3187 1057 3419 1128 vigil,et
3447 1052 3659 1109 sobrius

2070 1182 2176 1237 est,
2207 1171 2305 1224 bac
2336 1168 2541 1223 ratione
2568 1162 2773 1219 ﬁrmior
2798 1157 2999 1222 evadit;
3019 1165 3073 1211 et
3099 1162 3298 1223 quanto
3317 1148 3546 1217 majores
3573 1146 3657 1196 in-

2073 1272 2346 1320 tentantur
2374 1259 2709 1320 afllictiones,
2742 1261 2888 1309 tanto
2915 1251 3031 1320 ejus
3063 1247 3285 1302 virilitas
3310 1251 3366 1297 et
3407 1238 3663 1296 fortitudo

2075 1360 2245 1428 magis
2272 1361 2531 1424 augentur
2573 1368 2586 1404 :
2634 1349 2791 1405 deses
2828 1355 3002 1399 autem
3033 1350 3087 1395 et
3115 1340 3359 1407 supinus,
3392 1334 3436 1388 si
3464 1333 3546 1387 vel
3579 1343 3657 1386 te-

2077 1451 2197 1507 nuis
2237 1447 2480 1519 quaedam
2513 1441 2865 1500 tentationum
2888 1452 3015 1491 aura
3047 1432 3262 1497 afflarit,
3298 1427 3476 1482 statim
3502 1424 3667 1478 vacil-

2080 1544 2169 1608 lat,
2201 1550 2257 1597 et
2288 1540 2467 1594 animo
2492 1534 2745 1597 concidit,
2778 1546 2884 1585 non
2920 1529 2990 1582 ob
3017 1535 3260 1580 naturam
3292 1520 3664 1580 tentatiounm,

2081 1634 2175 1689 sed
2222 1633 2291 1688 ob
2316 1628 2601 1686 voluntatis
2631 1623 3012 1680 infirmitatem.
3036 1616 3296 1685 Quocirca
3323 1618 3537 1681 Oportet
3577 1620 3669 1661 so-

2084 1728 2230 1783 brios
2257 1740 2400 1787 esse,
2426 1732 2481 1777 et
2510 1720 2692 1789 vigiles
2713 1758 2729 1783 ,
2758 1725 2813 1773 et
2837 1713 2902 1769 ad
2936 1712 3113 1767 omnia
3143 1716 3467 1778 prmparalos
3498 1720 3510 1754 :
3540 1710 3599 1756 ut
3620 1708 3675 1754 et

2088 1822 2139 1875 in
2182 1816 2533 1886 prosperitate
2563 1808 2787 1865 modesti
2819 1821 2881 1860 ac
2906 1820 3013 1860 non
3043 1800 3219 1865 elTusi,
3248 1806 3301 1852 et
3341 1797 3393 1850 in
3423 1794 3675 1848 afﬂictio-

2090 1912 2250 1965 nibus
2264 1922 2383 1977 quae
2408 1904 2558 1958 nobis
2585 1899 2914 1968 infliganlur,
2947 1892 3112 1949 sobrii
3138 1899 3193 1945 et
3219 1887 3529 1959 prudentes,
3550 1899 3676 1954 pcr-

2089 2010 2280 2075 petuas
2303 1997 2503 2068 gratias
2532 1994 2823 2049 reteramus
2844 1986 3071 2053 benigno
3100 1984 3227 2036 Deo.
3260 1980 3316 2032 Si
3344 1979 3419 2031 sic
3456 1990 3544 2031 res
3577 1991 3679 2028 nn-

2091 2074 2227 2149 atras
2246 2088 2655 2149 mstituerimus,
2673 2082 2895 2136 multum
2913 2078 3094 2147 gratia
3108 2074 3298 2128 divina:
3312 2082 3678 2140 assequemur:

2097 2183 2492 2253 potet-imusque
2515 2184 2833 2244 prmsentem
2880 2170 3041 2223 vitam
3076 2178 3264 2221 secure
3297 2158 3680 2223 transmittere,

2097 2285 2151 2329 et
2179 2275 2228 2327 in
2258 2272 2435 2327 futura
2458 2270 2566 2323 vita
2594 2280 2799 2334 magna:
2818 2261 3023 2315 fiducia:
3044 2272 3173 2327 opes
3200 2266 3460 2324 reponere
3488 2266 3501 2302 :
3526 2264 3683 2319 quam

2099 2368 2255 2423 nobis
2284 2362 2530 2418 omnibus
2550 2356 2760 2427 assequi
2780 2354 3073 2421 contingat,
3096 2349 3264 2419 gratia
3287 2356 3340 2401 et
3360 2343 3687 2413 benignitate

2104 2457 2315 2514 Domini
2344 2453 2512 2509 nostri
2540 2451 2666 2507 Jesu
2691 2445 2910 2511 Christi,
2954 2459 3075 2497 cum
3125 2455 3231 2510 quo
3261 2433 3409 2491 Patri
3449 2433 3607 2489 simul
3638 2441 3690 2485 ιιι

2102 2560 2288 2608 sancto
2304 2545 2521 2617 Spiritui
2547 2543 2734 2611 gloria,
2762 2537 3066 2608 imperium,
3093 2534 3287 2596 honor,
3311 2544 3452 2584 nunc
3478 2536 3534 2582 et
3553 2541 3691 2580 sem-

2104 2661 2224 2716 per,
2255 2652 2309 2698 et
2335 2642 2389 2697 in
2411 2638 2607 2695 saecula
2635 2634 2975 2689 saeculorum.
3007 2631 3196 2683 Amen.

2692 2763 2975 2822 HOMILIA
3025 2760 3109 2815 Ill.

2111 2892 2190 2947 De
2208 2891 2272 2945 iis
2301 2903 2414 2959 qua:
2435 2891 2704 2956 supersunt
2728 2879 2942 2933 dicenda
2962 2877 3014 2929 in
3042 2872 3195 2937 illud,
3230 2871 3284 2923 ln
3330 2868 3590 2939 principio
3620 2865 3697 2919 fe-

2182 2985 2255 3039 cit
2276 2983 2415 3037 Deus
2444 2978 2632 3032 (mlum
2663 2983 2717 3029 et
2748 2983 2945 3027 terram
2982 2966 3131 3040 (Gen.
3165 2966 3213 3018 1.
3250 2964 3329 3033 1),
3358 2978 3514 3030 usque
3534 2960 3601 3011 ad
3628 2958 3697 3010 it-

2185 3075 2296 3141 lud,
2325 3074 2390 3127 Et
2417 3071 2612 3124 factum
2663 3075 2746 3120 est
2789 3076 3034 3133 vespere,
3083 3066 3137 3111 et
3180 3056 3373 3110 factum
3405 3063 3486 3107 est
3512 3066 3703 3113 mane,

2185 3166 2299 3223 dies
2324 3179 2457 3219 unus
2480 3159 2628 3231 (Gen.
2660 3159 2710 3212 1.
2742 3156 2819 3226 5).

2189 3284 2241 3337 1.
2282 3279 2557 3334 Thesauro
2582 3274 2812 3342 cuipiam
2851 3276 3193 3336 comparatur
3221 3262 3521 3320 divinarum
3561 3259 3708 3313 Scri-

2119 3384 2393 3445 pturarum
2444 3367 2619 3423 lectio.
2648 3365 2779 3419 Nam
2820 3362 2959 3416 sicut
2986 3375 3052 3415 ex
3084 3358 3173 3412 illo
3202 3356 3440 3426 quisquis
3468 3354 3550 3406 vel
3594 3350 3709 3404 fru-

2119 3443 2317 3521 stulum
2348 3475 2567 3529 carpere
2617 3457 2787 3519 valet,
2833 3453 3032 3507 multas
3056 3449 3157 3505 sibi
3185 3456 3336 3517 parat
3363 3444 3573 3499 divitias
3599 3459 3611 3492 :
3636 3443 3710 3494 ita

2122 3567 2177 3611 et
2197 3558 2250 3609 in
2277 3569 2426 3609 sacra
2450 3551 2743 3620 Scriptura,
2774 3546 2935 3601 etiam
2961 3544 3013 3597 in
3043 3541 3189 3596 brevi
3219 3538 3487 3599 dictione,
3517 3535 3708 3604 ingen-

2126 3657 2234 3701 tem
2264 3642 2648 3700 sententiarum
2692 3639 2799 3692 vim
2829 3648 2883 3691 et
2908 3636 3196 3689 immensas
3221 3629 3433 3683 divitias
3474 3625 3714 3681 invenire

2124 3742 2267 3797 licet.
2300 3738 2367 3792 Et
2411 3751 2517 3791 non
2543 3735 2713 3788 solum
2743 3730 2992 3785 thesauro
3022 3724 3214 3781 similia
3250 3731 3374 3777 sunt
3398 3720 3575 3773 divina
3598 3719 3716 3771 elo-

2126 3834 2268 3903 quia,
2286 3828 2381 3884 sed
2403 3827 2535 3882 fonti
2555 3838 2766 3894 quoque
2784 3819 2946 3890 largis
2962 3816 3390 3887 perennibusque
3404 3808 3715 3867 scaturienti

2129 3901 2380 3979 fluentis:
2417 3919 2469 3974 id
2506 3917 2649 3989 quod
2675 3931 2742 3971 ex
2773 3914 2932 3968 rebus
2960 3911 3089 3981 ipsis
3138 3907 3252 3962 heri
3289 3918 3478 3960 omnes
3523 3901 3713 3956 didici-

2131 4032 2269 4071 mus.
2298 4014 2429 4068 Nam
2460 4022 2518 4065 ut
2556 4008 2815 4079 prommia
2839 4004 2960 4059 libri
2986 4002 3258 4057 Geneseos
3284 3997 3600 4064 incepimus,
3658 3993 3712 4045 in

2132 4104 2465 4176 explananda
2496 4102 2598 4156 hoc
2638 4100 2802 4163 dicto,
2852 4094 2919 4149 In
2948 4091 3198 4165 principio
3227 4089 3342 4160 fecit
3372 4088 3511 4140 Deus
3539 4083 3722 4137 cretum

2133 4211 2181 4255 et
2206 4211 2411 4258 terram,
2436 4204 2603 4248 totum
2628 4187 2900 4245 tradendae
2938 4184 3196 4239 doctrina:
3238 4178 3558 4234 destinatmn
3581 4184 3724 4228 tem-

2136 4308 2236 4363 pus
2258 4287 2658 4357 insumpsimus,
2701 4293 2755 4339 et
2777 4295 2948 4351 neque
2976 4278 3055 4332 sic
3080 4285 3246 4331 totum
3273 4270 3527 4341 expedire
3555 4266 3727 4320 valui-

2138 4402 2277 4440 mus.
2317 4382 2503 4453 Magna
2528 4378 2673 4434 enim
2715 4384 2797 4431 est
2825 4372 2982 4441 hujus
3023 4367 3253 4423 thesauri
3285 4361 3627 4425 abundantia,
3670 4367 3726 4409 et

2139 4479 2282 4546 larga
2307 4450 2467 4529 fontis
2486 4469 2644 4539 hujus
2668 4462 2958 4536 spiritualis
2986 4461 3202 4514 fluenta.
3236 4455 3345 4510 Nec
3378 4450 3607 4516 mireris,
3631 4462 3726 4502 ca-

2139 4568 2370 4630 rissime,
2418 4563 2464 4617 si
2504 4558 2790 4618 nobishoc
2820 4552 3076 4610 accidat:
3109 4549 3271 4604 etiam
3318 4545 3408 4612 qui
3459 4551 3583 4597 ante
3627 4556 3727 4594 nos

2142 4663 2290 4717 fuere
2314 4673 2411 4731 pro
2440 4656 2641 4712 viribus
2662 4651 2773 4707 suis
2799 4661 2967 4718 aquas
2994 4644 3117 4699 inde
3140 4642 3451 4702 hauserunt,
3483 4644 3537 4690 et
3574 4633 3727 4697 simi-

2141 4754 2263 4808 liter
2288 4727 2376 4819 q'ui
2426 4755 2547 4818 post
2573 4758 2669 4799 nos
2699 4739 2866 4795 futuri
2888 4744 3013 4792 sunt
3064 4732 3204 4787 idem
3243 4727 3600 4788 attentabunt,
3629 4739 3727 4776 nc-

2142 4859 2246 4915 que
2275 4843 2353 4897 sic
2380 4848 2546 4894 totum
2586 4844 2846 4890 evacuare
2867 4833 3149 4898 p0ternnt;
3185 4819 3276 4874 sed
3309 4818 3476 4887 magis
3516 4811 3728 4868 interim

2146 4905 2436 5007 augescunt
2453 4931 2672 4991 fluenta,
2704 4932 2760 4978 et
2785 4925 3035 4977 crescunt
3071 4912 3229 4968 alvei.
3257 4911 3382 4963 llaec
3406 4907 3546 4961 enim
3576 4905 3735 4972 spiri-

2148 4996 2371 5086 tualium
2398 5023 2678 5082 ﬂuminum
2701 5024 2887 5071 natura
2916 5017 3017 5070 est,
3046 5014 3104 5059 ut
3131 5018 3197 5058 eo
3225 5000 3391 5068 magis
3417 4996 3731 5056 scaturiant,

2150 5136 2207 5180 et
2250 5126 2521 5176 accrescat
2559 5108 2847 5183 spiritualis
2875 5102 3062 5174 gratia,
3120 5112 3227 5167 quo
3255 5094 3376 5164 quis
3409 5089 3573 5157 magis
3609 5084 3735 5138 inde

2154 5216 2370 5273 haurire
2395 5175 2605 5267 studet:
2624 5205 2847 5271 Propter
2874 5197 2975 5250 hoc
3011 5202 3067 5247 et
3107 5189 3353 5244 Christus
3378 5181 3588 5237 dicebat
3624 5195 3637 5230 :
3675 5175 3737 5229 Si

2153 5312 2265 5384 quis
2293 5309 2415 5370 sitit,
2445 5302 2606 5358 oeuiat
2634 5297 2701 5351 ad
2731 5269 2827 5354 ine,
2854 5300 2899 5344 et
2920 5287 3070 5340 bibat.
3103 5282 3200 5347 Qui
3222 5276 3379 5331 credit
3398 5275 3451 5327 in
3481 5288 3580 5338 me,
3607 5269 3737 5321 sicut

2158 5360 2285 5462 dixit
2313 5360 2599 5468 Scriptura,
2621 5388 2835 5463 ﬂumina
2863 5384 2926 5437 de
2960 5387 3127 5433 ventre
3149 5374 3261 5444 ejus
3302 5369 3461 5439 ﬂuent
3483 5376 3630 5431 aqua:
3663 5360 3740 5411 vi-

2157 5455 2521 5567 uentisila'an.
2557 5455 2713 5546 7137,
2734 5480 2843 5546 58}:
2860 5474 3059 5545 quibus
3076 5465 3255 5523 verbis
3291 5464 3480 5516 borum
3507 5455 3736 5508 ﬂuento-

2161 5608 2281 5647 rum
2310 5542 2686 5641 abundantiam
2733 5569 2886 5624 nobis
2916 5563 3130 5619 indicat.
3162 5554 3423 5624 Quoniam
3450 5548 3607 5617 igitur
3631 5542 3743 5611 spi-

2162 5682 2433 5739 ritualium
2464 5673 2783 5727 fluentorum
2819 5670 3006 5715 natura
3036 5653 3158 5707 talis
3183 5658 3293 5713 est,
3326 5659 3424 5714 age
3452 5639 3745 5695 offeramus

2163 5789 2351 5834 omnes
2395 5766 2593 5824 mentis
2633 5767 2832 5816 nostra:
2852 5766 2998 5814 vasa,
3027 5758 3084 5802 ut
3123 5742 3355 5811 impletis
3381 5737 3486 5791 illis
3526 5733 3744 5785 dommn

2166 5824 2467 5927 redeamus.
2519 5854 2652 5913 Nam
2678 5846 2906 5922 quando.
2924 5841 3066 5898 videt
3089 5836 3254 5909 gratia
3281 5829 3510 5900 Spiritus
3537 5824 3750 5878 fervens
