4040 6378
274 315 345 372 ἷδ
1043 310 1101 366 S.
1139 310 1421 369 JOANNIS
1460 308 1942 367 CIIRYSOSTOMI
1980 309 2298 367 ARCHIEP.
2340 312 2887 371 CONSTANTINOP.
3630 318 3698 373 34

271 432 364 486 τοὺ
398 430 710 502 Πνεύματος
745 428 902 500 χάρις
937 428 1098 482 πόθον
1129 428 1339 492 ζέοντα,
1380 430 1474 480 καὶ
1500 424 1944 501 διεγηγερμένην.

271 519 532 579 διάνοιαν,
584 517 846 570 πλουσίαν
894 516 992 584 τὴν
1039 516 1170 585 παρ’
1212 515 1408 584 ἑαυτῆς
1454 515 1704 584 δωρεῖται
1746 513 1926 584 χάριν.

285 606 719 675 Ἀποστήσαντες
744 604 923 657 τοίνυν
959 604 1185 666 ἑαυτοὺς
1211 602 1426 654 πάντων
1472 601 1580 652 τών
1635 600 1929 669 βιωτικῶν,

272 694 367 745 καὶ
396 692 494 755 τὰς
508 691 793 762 φροντίδας
822 690 919 753 τάς
943 688 1193 743 ἀκανθῶν
1216 688 1369 757 δίκην
1412 686 1736 756 συμπνίγειν
1772 685 1932 739 δυνα-

274 781 474 849 μένας,
543 779 631 832 τὸν
678 777 941 849 ἡμέτερον
994 776 1250 845 λογισμὸν
1293 775 1646 843 ἐκτέμνοντες
1687 786 1752 838 ι,
1802 773 1931 842 ὃλην

272 867 479 921 ἑαυτῶν
508 866 608 937 τήν
643 866 877 919 διάνοιαν
909 865 1336 934 μεταστήσωμεν
1372 863 1452 925 εἰς
1498 861 1595 931 τήν
1626 860 1735 913 τῶν
1764 877 1930 913 πνευ-

273 955 517 1025 ματικῶν
543 953 862 1023 ἐπιθυμίαν,
896 953 984 1005 ἶνα
1008 950 1209 1020 πολλὴν
1242 949 1489 1002 ἐντεῦθεν
1520 947 1800 1043 δεξάμενοι
1832 948 1931 1019 τὴν

269 1043 559 1112 ὠφέλειαν,
582 1042 676 1095 καὶ
702 1058 762 1093 κε
772 1039 1059 1112 ρδάναντές
1086 1055 1138 1091 τι
1171 1038 1313 1108 μέγα
1335 1039 1426 1089 καὶ
1458 1034 1721 1103 γενναῖόν,
1758 1034 1931 1098 οὑτως

270 1130 594 1199 ἐξέλθωμεν.
630 1129 770 1182 Ἀλλ’
792 1129 878 1181 ἵνα
898 1128 1231 1197 σαφέστερος
1264 1127 1390 1196 ὑμῖν
1424 1126 1452 1177 ὁ
1493 1124 1648 1190 λόγος
1682 1123 1927 1192 γένηται,

272 1217 443 1288 μικρά
460 1216 569 1269 τῶν
604 1215 730 1286 χθὲς
748 1215 1050 1287 εἰρημένων
1080 1214 1481 1284 ὑπομνήσωμεν
1517 1211 1615 1282 τὴν
1650 1210 1923 1282 ὑμετέραν

269 1304 511 1374 ἀγάπην,
542 1302 775 1363 ἵνὀὑτω,
825 1301 1082 1372 καθάπερ
1127 1300 1284 1370 σῶμα
1322 1300 1402 1365 ἓν,
1452 1299 1547 1351 καὶ
1587 1297 1657 1351 τὰ
1688 1298 1929 1367 σήμερον

272 1391 533 1463 μέλλοντα
569 1388 902 1461 ῥηθήσεσθαι
926 1388 1249 1458 συνάψωμεν
1280 1389 1391 1451 τοῖς
1427 1385 1555 1456 χθὲς
1596 1384 1927 1455 εἰρημένοις.

282 1478 626 1547 Ἐδείκνυμεν
678 1477 786 1547 γὰρ
836 1476 1000 1547 χθὲς,
1068 1476 1316 1545 καθάπερ
1377 1474 1675 1544 μέμνησθε,
1727 1474 1844 1535 πῶς
1902 1475 1931 1525 ὁ

272 1564 540 1634 μακάριος
562 1563 804 1633 Μωῦσῆς
833 1562 1184 1633 διηγούμενος
1216 1563 1348 1631 ⁴ήμῖν
1378 1560 1486 1613 τῶν
1517 1559 1793 1630 στοιχείων
1811 1562 1930 1613 τού-

269 1667 377 1705 των
423 1650 533 1703 τῶν
584 1650 872 1723 ὁρωμένων
906 1649 1005 1721 τήν
1050 1649 1407 1719 δημιουργίαν
1448 1646 1656 1715 ἔλεγεν,
1691 1648 1774 1700 ὅτι
1828 1648 1931 1700 Ἐν

269 1736 426 1806 ἀρχῇ
450 1738 739 1805 ἐποίησεν
758 1740 790 1791 ό
810 1736 951 1803 Θεὸς
980 1737 1085 1789 τὸν
1104 1734 1363 1803 οὐρανὸν
1386 1735 1485 1788 καί
1512 1734 1628 1802 τὴν
1653 1734 1788 1803 γῆνο
1814 1733 1929 1806 [15]

270 1827 310 1893 ἡ
334 1824 402 1878 δὲ
431 1824 507 1895 γῆ
538 1822 618 1896 ἦν
635 1826 887 1894 ἀόρατος
916 1825 1013 1881 καί
1049 1823 1599 1888 ἀκατασκεύαστοςο
1636 1823 1729 1874 καὶ
1758 1822 1931 1875 ἐδιδά-

274 1929 474 1982 σκομεν
502 1913 646 1983 ὑμᾶς
675 1910 703 1951 δ
726 1912 825 1983 τήν
850 1913 1028 1968 αἰτίαν
1061 1912 1204 1975 τίνος
1231 1911 1415 1964 ἕνεκεν
1457 1911 1553 1964 καὶ
1587 1910 1677 1964 διὰ
1703 1910 1756 1963 τί
1789 1908 1931 1963 οὑτω

271 2000 370 2070 τὴν
399 2000 503 2069 γῆν
549 2000 871 2072 παρήγαγεν
902 1999 1228 2069 ἀμόρφωτον
1272 1999 1365 2051 καὶ
1406 1997 1802 2063 ἀδιατύπωτον,
1837 1998 1931 2051 καὶ

270 2084 423 2157 οἶμαι
458 2087 487 2140 ὑ
496 2088 602 2157 μᾶς
632 2088 849 2142 ἅπαντα
865 2086 1004 2157 μετὰ
1024 2086 1307 2158 ἀκριϐείας
1331 2086 1581 2156 κατέχειν
1598 2103 1612 2116 ο
1631 2086 1929 2153 ἀναγκαῖον

268 2171 365 2228 οὖν
430 2177 670 2245 σήμερον
718 2176 831 2238 τοῖς
880 2174 1189 2238 ἀκολούθως
1240 2174 1550 2245 εἰρημένοις
1598 2172 1925 2238 ἐπεξελθεῖν.

286 2261 501 2332 Ἐπειδὴ
528 2262 638 2333 γὰρ
667 2257 841 2323 εἷπεν,
883 2262 945 2317 Ἠ
970 2262 1039 2315 δὲ
1064 2261 1137 2331 γῆ
1172 2258 1251 2331 ἦν
1293 2262 1543 2329 ἀόρατος
1573 2261 1669 2314 καί
1712 2262 1930 2314 ἀκατα-

272 2350 631 2416 σκεύαστος,
669 2349 1080 2419 διδάσκειςήμᾶς
1115 2348 1376 2420 ἀκριϐῶς,
1408 2349 1571 2402 πόθεν
1603 2344 1669 2419 ἦν
1699 2348 1929 2418 ἀόρατος

273 2437 368 2492 καὶ
391 2438 888 2501 ἀκατασκεύαστος,
917 2438 1138 2506 φάσκων
1159 2454 1171 2466 ·
1207 2437 1317 2490 Καὶ
1347 2437 1564 2502 σκότος
1587 2434 1786 2489 ἐπάνω
1820 2434 1930 2501 τῆς

272 2526 570 2591 ἀϐύσσου,
606 2525 705 2579 καί
749 2525 991 2593 Πνεῦμα
1037 2524 1185 2579 Θεοῦ
1212 2523 1535 2592 ἐπεφέρετο
1574 2522 1774 2576 ἐπάνω
1823 2522 1930 2575 τοῦ

276 2622 494 2688 ὕδατος
529 2661 543 2675 .
605 2622 807 2675 Σκόπει
840 2640 930 2693 μοι
956 2620 1192 2675 ἐνταῦθα
1219 2620 1315 2674 τοῦ
1352 2620 1625 2690 μακαρίου
1648 2620 1929 2690 προφήτου

272 2709 332 2764 rb
351 2710 665 2780 ἀπέριττον,
692 2709 787 2762 καὶ
813 2710 960 2772 ὅπως
994 2710 1054 2762 οὑ
1090 2709 1262 2762 πάντα
1298 2707 1442 2762 κατὰ
1469 2707 1636 2778 μέρος
1659 2707 1931 2777 διηγεῖται

274 2797 341 2850 τά
364 2796 861 2869 δημιουργηθέντα,
894 2797 1032 2850 ἀλλά
1070 2796 1139 2849 τά
1173 2795 1612 2849 συνεκτικώτατα
1648 2794 1759 2847 τῶν
1790 2811 1931 2847 στοι-

273 2884 435 2954 χείων
467 2886 614 2955 ἡμᾶς
636 2883 873 2951 διδάξας,
906 2883 999 2936 καὶ
1026 2882 1256 2952 ούρανοῦ
1276 2884 1368 2936 καὶ
1390 2882 1495 2952 γῆς
1528 2881 1928 2953 μνημονεύσας,

273 2972 342 3025 τὰ
368 2972 506 3026 ἀλλα
545 2970 979 3043 παραλιμπάνει.
1020 2969 1271 3041 Οὑδαμοῦ
1308 2970 1416 3041 γάρ
1451 2969 1621 3023 εἰπὼν
1662 2968 1771 3021 τῶν
1800 2968 1929 3020 ὑδά-

272 3076 380 3113 των
405 3060 502 3130 τὴν
529 3057 909 3129 δημιουργίαν,
959 3056 1122 3127 φησί’
1162 3056 1272 3110 Kal
1318 3058 1538 3121 σκότος
1587 3054 1787 3109 ἐπάνω
1820 3054 1929 3122 τῆς

274 3146 567 3203 ἀϐύσσου.
598 3144 694 3199 καὶ
746 3143 989 3213 Πνεῦμα
1047 3142 1195 3197 Θεοῦ
1224 3142 1542 3211 ἐπεφέρετο
1591 3142 1791 3197 ἐπάνω
1823 3142 1930 3196 τοῦ

274 3232 511 3297 ὕδατος.
546 3232 717 3285 Τοῦτο
753 3231 861 3303 γάρ
887 3226 956 3300 ἦν
1003 3229 1064 3281 rb
1105 3229 1377 3283 καλύπτον
1411 3229 1510 3299 τῆς
1544 3229 1644 3297 γῆς
1679 3229 1739 3282 τὸ
1767 3229 1931 3298 πρόσ-

274 3337 443 3381 ωπον,
486 3320 548 3373 rb
600 3320 789 3381 σκότος
842 3316 1023 3383 λέγω,
1065 3318 1159 3370 καὶ
1202 3318 1235 3387 ή
1267 3316 1501 3379 ἄϐυσσος
1540 3316 1646 3369 τῶν
1698 3315 1927 3371 ὑδάτων.

286 3407 594 3477 Ἐμάθομεν
622 3404 887 3469 ἐντεῦθεν,
912 3406 992 3458 ὅτι
1026 3405 1171 3458 ἀπαν
1201 3404 1261 3457 τὸ
1296 3402 1570 3473 ὁρώμενον
1599 3402 1834 3466 ἄϐυσσος
1862 3398 1931 3472 ἦν

274 3497 481 3550 ὑδάτων
534 3494 712 3563 σκότῳ
777 3492 1162 3562 κεκαλυμμένη
1185 3531 1200 3555 ,
1261 3492 1353 3543 καὶ
1394 3491 1564 3543 ἐδεῖτο
1612 3490 1705 3543 τοῦ
1765 3490 1930 3559 σοφοῦ

272 3581 631 3655 δημιουργοῦ,
668 3580 807 3633 ὥστε
839 3581 1018 3633 πᾶσαν
1042 3578 1245 3648 ταύτην
1276 3580 1372 3650 τὴν
1404 3579 1678 3648 ἀμορφίαν
1706 3578 1929 3644 ἐξελεῖν,

275 3671 369 3725 καὶ
399 3672 478 3733 εἰς
503 3668 798 3738 εὐκοσμίαν
823 3666 943 3720 τινὰ
969 3667 1037 3719 τά
1057 3666 1233 3719 πάντα
1261 3667 1505 3733 ἀγαγεῖν.
1541 3666 1647 3719 Kal
1686 3666 1928 3729 σκότος,

274 3759 462 3827 φησὶν,
482 3755 680 3815 ἐπάνω
702 3754 812 3821 τῆς
834 3756 1130 3819 ἀϐύσσου,
1162 3752 1262 3807 καὶ
1287 3752 1527 3821 Πνεῦμα
1555 3752 1701 3805 Θεοῦ
1720 3752 1931 3819 ἐπεφέ-

265 3861 406 3911 ρετο
443 3842 644 3896 ἐπάνω
683 3840 789 3893 τοῦ
835 3839 1072 3905 ὕδατος.
1121 3838 1186 3890 Τί
1220 3837 1467 3907 βούλεται
1496 3836 1655 3889 τοῦτο
1687 3837 1746 3889 rb
1776 3839 1929 3906 εἰρη-

275 3933 433 4003 μένον
474 3949 493 3998 ;
548 3929 809 3998 Πνεῦμα,
843 3929 996 3999 φησὶ,
1036 3927 1183 3981 Θεοῦ
1241 3926 1559 3996 ἐπεφέρετο
1583 3926 1782 3979 ἐπάνω
1824 3926 1930 3979 τοῦ

274 4020 509 4084 ὕδατος.
557 4018 710 4087 Ἐμοὶ
740 4017 887 4071 δοκεῖ
913 4015 1070 4068 τοῦτο
1100 4016 1406 4085 σημαίνειν,
1441 4016 1522 4068 ὅτι
1550 4014 1799 4084 ἐνέργειά
1848 4031 1931 4077 τις

272 4108 476 4176 ζωτική
513 4104 722 4173 προσῆν
758 4105 870 4166 τοῖς
918 4102 1093 4164 ὕδασι,
1131 4102 1223 4159 καὶ
1269 4101 1369 4153 οὑκ
1423 4096 1491 4171 ἦν
1543 4100 1731 4164 ἁπλῶς
1786 4101 1929 4170 ’ύδωρ

272 4192 442 4256 ἑστὼς
475 4192 569 4245 καὶ
598 4192 873 4270 ἀκίνητον,
901 4190 1033 4243 ἀλλά
1056 4188 1390 4260 κινούμενον,
1419 4188 1512 4243 καὶ
1551 4188 1787 4259 ζωτικήν
1809 4206 1929 4241 τινα

272 4280 500 4350 δύναμιν
525 4280 667 4349 ἔχον.
704 4278 777 4329 Τὸ
814 4278 921 4347 γὰρ
949 4276 1202 4346 ἀκίνητον
1232 4278 1406 4347 πάντη
1437 4276 1707 4348 ἄχρηστον
1726 4297 1739 4309 ·
1776 4277 1835 4330 τὸ
1872 4276 1929 4330 δὲ

272 4368 613 4436 κινούμενον,
646 4365 782 4437 πρὸς
811 4364 983 4417 πολλὰ
1010 4365 1331 4434 ἐπιτήδειον.

346 4475 531 4547 β’.’”Ἰν’
548 4471 641 4527 οὑν
660 4473 841 4543 διδάξη
861 4475 1024 4544 ἡμᾶς,
1045 4474 1124 4527 ὅτι
1154 4474 1215 4526 τὸ
1236 4473 1378 4544 ὔδωρ
1403 4473 1579 4535 τοῦτο,
1608 4474 1668 4527 rb
1682 4475 1814 4528 πολὺ
1836 4478 1930 4530 καὶ

269 4567 570 4637 ἀμήχανον,
600 4565 722 4617 τινά
746 4564 975 4634 δύναμιν
1008 4564 1120 4634 ἔχει
1159 4564 1417 4633 ζωτικὴν,
1448 4566 1534 4618 διά
1572 4566 1728 4619 τοῦτό
1758 4584 1923 4637 φησι·

270 4655 380 4707 Kal
418 4652 663 4721 Πνεῦμα
718 4651 866 4705 Θεοῦ
918 4652 1234 4719 ἐπεφέρετο
1289 4652 1489 4705 ἐπάνω
1540 4654 1646 4707 τοῦ
1687 4654 1924 4721 ὕδατος.

273 4736 444 4789 Τοῦτο
467 4735 526 4789 δὲ
567 4735 665 4804 οὐχ
691 4735 878 4797 ἁπλῶς
912 4735 1254 4804 προλαϐοῦσα
1296 4735 1502 4807 λέγειή
1537 4737 1655 4791 θεία
1701 4737 1885 4808 Γραφή
1910 4755 1926 4769 ο

273 4819 390 4873 ἀλλ’
429 4816 616 4888 ἐπειδὴ
659 4817 921 4888 προϊοῦσα
966 4817 1148 4886 μέλλει
1192 4818 1493 4888 διηγεῖσθαι
1537 4822 1687 4889 ἡμῖν,
1722 4822 1803 4873 ὅτι
1834 4822 1927 4876 καὶ

269 4904 383 4966 ζῶα
413 4903 479 4954 ἐκ
510 4901 714 4955 τούτων
750 4900 857 4953 τῶν
892 4900 1100 4953 ὑδάτων
1137 4902 1276 4954 κατά
1327 4903 1652 4973 πρόσταγμα
1692 4906 1785 4958 τοῦ
1818 4907 1926 4959 τῶν

268 4986 520 5039 ἁπάντων
548 4983 877 5054 δημιουργοῦ
915 4983 1192 5053 παρήχθη,
1226 4984 1313 5036 διὰ
1348 4985 1506 5038 τοῦτο
1534 4987 1782 5040 ἐντεῦθεν
1824 4989 1925 5059 ήδη

266 5068 506 5121 διδάσκει
524 5066 615 5119 τὸν
644 5066 939 5136 ἀκροατήν,
973 5066 1052 5118 ὃτι
1074 5067 1171 5136 οὐχ
1195 5066 1379 5127 ἁπλῶς
1403 5068 1546 5138 ὕδωρ
1564 5066 1628 5140 ἦν
1652 5072 1922 5137 συνεστὸς,

266 5145 403 5199 ἀλλά
432 5145 771 5215 κινούμενον,
802 5146 895 5202 καὶ
916 5145 1218 5216 διατρέχον,
1260 5149 1352 5200 καὶ
1384 5149 1451 5202 τὰ
1487 5150 1661 5203 πάντα
1704 5154 1925 5208 ἐπικλύ-

268 5224 421 5289 ζονε.
458 5225 611 5277 Ἐπεὶ
633 5220 725 5277 οὑν
751 5225 917 5295 πολλὴ
946 5228 1273 5296 κατεκέχυτο
1303 5230 1500 5291 παντὸς
1526 5231 1618 5283 τοῦ
1648 5235 1924 5302 ὁρωμένου

268 5310 299 5372 ή
337 5304 603 5385 ἀμορφία,
637 5304 967 5385 προσέταξεν
998 5307 1380 5376 άριστοτέχνης
1416 5308 1568 5371 Θεὸς,
1605 5312 1698 5363 καὶ
1726 5314 1793 5365 τά
1824 5314 1923 5385 τῆς

266 5384 542 5464 ἀμορφίας
572 5382 945 5464 διεσκεδάσθη,
989 5387 1085 5439 καὶ
1128 5387 1189 5439 rb
1217 5388 1410 5450 κάλλος
1442 5389 1599 5442 τοῦτο
1626 5391 1686 5442 rb
1718 5382 1925 5464 ἀμήχα-

264 5478 356 5515 νον
386 5460 477 5513 τοῦ
510 5462 686 5529 φωτὸς
714 5462 807 5515 τοῦ
850 5465 1126 5533 ὁρωμένου
1176 5468 1474 5536 παραχθὲν,
1520 5469 1581 5521 τό
1626 5486 1685 5522 τε
1733 5460 1922 5537 σκότος

329 5562 550 5640 ἣλιοι-οι.
579 5567 636 5640 εξ
648 5564 799 5640 Stal/fil.
822 5565 879 5640 ig!
894 5571 1033 5640 ιεκῐιι
1054 5568 1298 5640 ἐξελόντεςλ
1324 5570 1445 5640 θος.
1464 5578 1515 5619 et
1528 5572 1743 5640 _Sa\_'il._in
1767 5590 1918 5640 marg.

266 5625 803 5704 ςξτέεξνεζεεεροξξιιη.
833 5628 1081 5704 ἐξέχονεες.
1110 5630 1237 5679 Infra
1265 5625 1463 5683 Coiszi'n.
1490 5636 1574 5691 τὴν
1596 5637 1822 5696 ὠφέλειαν
1842 5625 1918 5688 κὲἱ

264 5691 345 5743 (ἧς
363 5686 515 5793 garb;
536 5686 793 5756 σῳτηρίαν,
816 5686 1042 5753 κειιὶ-,ξερες⁸
1538 5686 1544 5691 -
1646 5686 1655 5696 .
1776 5686 1781 5687 κ

413 5757 473 5829 1%
484 5744 1098 5829 ἓένξίζξξέὸξαυὲίὶηὲη
1123 5754 1472 5829 regia-310ml.
1496 5758 1585 5829 καὶ
1597 5750 1815 5829 εξίξασαε
1836 5765 1915 5825 μὲν

264 5810 404 5874 ὒμᾷς,
439 5806 560 5874 H.98-
583 5820 715 5874 F1005
728 5806 871 5870 ἧμᾶξ.
891 5806 1094 5867 (Σοὶεῐὶῑι.⁷
1128 5818 1205 5862 καὶ
1226 5817 1472 5864 ἐδίδασκον
1489 5821 1572 5874 τήν
1595 5806 1763 5869 αἰτίαν.

327 5841 560 5921 Γέἀοῖνοι
587 5841 715 5856 υυυσ
734 5841 871 5870 nugas.
891 5841 1088 5887 uu’ptuu.
1130 5841 1205 5862 un
1226 5841 1472 5864 ωιυεισιον
1489 5841 1572 5874 την
1595 5841 1738 5869 cuum

413 5867 505 5917 'vxl
545 5872 599 5917 et
620 5881 733 5920 mss.
767 5874 959 5933 plurim!
999 5876 1259 5933 επικλύζον.
1284 5877 1454 5931 Morel.
1480 5880 1738 5935 ἐπισλῡζον.

2042 426 2286 496 ἀπήλασε
2320 428 2383 480 τὸ
2423 428 2699 499 αἰσθητὸν,
2739 431 2835 483 καὶ
2858 431 2925 483 τὰ
2950 432 3134 485 πάντα
3162 433 3475 503 κατηύγασε
3506 431 3557 483 ἀ.
3592 431 3697 484 Kal

2040 509 2188 575 εἶπε,
2214 515 2398 584 φησὶν,
2425 518 2457 567 ό
2485 518 2647 581 Θεὸς,
2670 518 2987 583 Γενηθήτω
3011 518 3155 587 φῶς,
3177 521 3271 573 καὶ
3295 520 3528 589 ἐγένετο
3551 517 3694 587 φῶς.

2040 595 2196 661 Εἷπε,
2227 602 2317 653 καὶ
2344 602 2557 669 ἐγένετο
2581 620 2593 631 '
2627 603 2897 664 ἐκέλευσε,
2930 606 3029 657 καὶ·
3051 606 3111 658 τὸ
3141 606 3239 677 μὲν
3273 607 3457 668 σκότος
3496 607 3697 672 ἐφυγα-

2039 680 2223 750 δεύθη,
2248 682 2308 733 rb
2325 682 2380 733 δὲ
2412 683 2525 750 φῶς
2556 683 2829 753 παρήχθη.
2864 681 3012 745 Εἶδες
3036 684 3261 753 δύναμιν
3285 685 3520 753 ἄφατον;
3559 683 3695 735 Ἀλλ’

2042 760 2090 810 οἱ
2116 762 2180 826 τῇ
2210 760 2381 831 πλάνῃ
2419 763 2945 833 προκατειλημμένοι
2973 764 3034 815 οὑ
3066 764 3423 832 προσέχοντες
3464 766 3529 833 τῇ
3566 764 3695 815 ἀκο-

2042 845 2229 916 λουθία
2283 848 2390 900 τῶν
2430 849 2759 918 εἰρημένων,
2795 850 2913 902 οὑδὲ
2946 850 3235 913 ἀκούοντες
3282 849 3376 902 τοῦ
3426 850 3696 920 μακαρίου

2037 925 2316 989 Μωΰσέως
2359 927 2637 993 λέγοντος·
2702 928 2798 979 Ἐν
2834 928 2991 995 ἀρχῇ
3031 929 3316 995 ἐποίησεν
3348 932 3381 981 ό
3423 928 3565 993 Θεὸς
3596 930 3697 981 τὸν

2038 1005 2298 1070 οὐρανὸν
2330 1007 2425 1058 καὶ
2460 1005 2573 1072 τὴν
2600 1004 2747 1074 γῆν·
2780 1008 2873 1060 καὶ
2901 1008 3022 1060 τότε
3056 1008 3383 1071 ἐπάγοντος⁶
3432 1008 3493 1062 Ἡ
3527 1006 3596 1060 δὲ
3618 1006 3696 1076 τῆ

2037 1078 2115 1149 ἦν
2150 1084 2401 1150 ἀόρατος
2434 1084 2531 1137 καὶ
2567 1083 2678 1155 [16]
2708 1085 3260 1151 ἁκατασκεύαστος.
3302 1087 3391 1140 διὰ
3420 1086 3482 1139 τὸ
3522 1087 3698 1154 σκότῳ

2038 1161 2265 1224 καὶτοῖς
2291 1162 2445 1216 ὑδασι
2479 1164 2818 1232 κεκαλύφθαι
2838 1181 2850 1194 ·
2882 1164 3022 1218 οὑτω
3049 1166 3157 1235 γάρ
3180 1166 3323 1232 ἔδοξε
3352 1165 3427 1236 τῷ
3450 1165 3695 1235 Δεσπότῃ

2037 1241 2095 1305 ἐξ
2135 1241 2311 1312 ἀρχῆς
2352 1242 2520 1312 αὑτὴν
2551 1247 2892 1313 παραγαγεῖν
2916 1261 2929 1274 ·
2963 1246 3125 1313 φασὶν
3156 1246 3237 1298 ὅτι
3265 1244 3625 1315 προῦπέκειτο
3663 1246 3696 1312 ή

2038 1319 2164 1389 ὑλη,
2192 1322 2283 1373 καὶ
2314 1322 2374 1374 τὸ
2404 1323 2592 1385 σκότος
2632 1323 2978 1394 προϋπῆρχε.
3019 1324 3084 1375 Τί
3134 1322 3337 1394 ταύτης
3376 1322 3475 1392 τῆς
3514 1324 3697 1381 ἀνοίας

2036 1402 2218 1470 χεῖρον
2264 1401 2459 1469 γένοιτ’
2492 1402 2595 1467 ᾶνς
2643 1402 2885 1464 Ἀκούεις
2929 1403 3010 1455 ὅτι
3056 1403 3145 1455 Ἐν
3195 1403 3335 1471 ἀρχῇ
3386 1400 3637 1469 ἐποίησεν
3670 1400 3698 1451 ό

2036 1479 2170 1541 Θεὸς
2201 1479 2291 1533 τὸν
2320 1480 2545 1548 οὐρανὸν
2575 1482 2667 1534 κα)⁵
2692 1481 2789 1550 τὴν
2813 1481 2937 1549 γῆν,
2958 1482 3051 1535 καὶ
3077 1482 3159 1534 ὅτι
3185 1481 3243 1545 ἐξ
3263 1481 3362 1533 οὑκ
3382 1480 3549 1532 ὄντων
3574 1480 3697 1545 ἐγέ-

2038 1574 2157 1611 νετο
2184 1558 2254 1610 τὰ
2284 1558 2411 1611 ὄντα
2446 1570 2492 1623 ε,
2533 1560 2628 1612 καὶ
2658 1560 2837 1627 λέγεις
2861 1560 2941 1613 ὅτι
2972 1559 3327 1631 προϋπῆρχεν
3362 1561 3395 1627 ή
3423 1557 3556 1626 ὑλη;
3588 1559 3697 1609 Καὶ

2035 1638 2118 1699 τίς
2141 1638 2427 1707 ἀνάσχοιτο
2445 1637 2708 1708 τοσαύτης
2730 1639 3014 1709 παροινίας
3032 1638 3139 1691 τῶν
3162 1637 3285 1691 νοῦν
3314 1636 3543 1706 ἐχόντων
3566 1652 3579 1699 ;
3606 1637 3695 1705 Μή

2036 1716 2145 1788 γὰρ
2171 1716 2453 1787 ἄνθρωπός
2480 1718 2627 1770 ἐστιν
2653 1720 2680 1771 ὁ
2700 1718 3065 1788 δημιουργῶν,
3095 1718 3182 1770 ἵνα
3213 1716 3375 1786 δεηθῇ
3403 1732 3545 1777 τινος
3567 1714 3698 1767 ὑπο-

2037 1796 2312 1867 κειμένου,
2367 1796 2460 1848 καὶ
2504 1796 2645 1849 οὑτω
2689 1796 2759 1849 τά
2804 1796 2905 1865 τῆς
2934 1797 3129 1866 τέχνης
3162 1793 3531 1865 ἐπιδείξηται;
3567 1793 3698 1856 Θεός

2037 1878 2205 1937 ἐστιν,
2234 1869 2277 1942 ᾧ
2310 1875 2487 1928 πάντα
2516 1875 2674 1941 εἴκει,
2708 1875 2850 1941 λόγῳ
2893 1874 2988 1927 καλ⁸
3012 1875 3395 1945 προστάγματι
3434 1873 3697 1941 δημιουρ-

2036 1953 2167 2021 γῶν.
2208 1954 2351 2025 Ὅρα
2389 1954 2518 2023 γάρ,
2554 1950 2675 2006 εἷπε
2724 1954 2903 2023 μόνον,
2941 1954 3033 2005 καὶ
3061 1954 3314 2024 παρήχθη
3345 1953 3407 2005 rb
3442 1952 3578 2020 φῶς,
3603 1952 3697 2004 καὶ

2037 2031 2395 2103 παρεχώρησε
2442 2031 2501 2083 rb
2541 2030 2747 2093 σκότος.
2788 2031 2898 2084 Καὶ
2939 2030 3287 2100 διεχώρισεν
3314 2034 3345 2084 ό
3379 2030 3521 2094 θεὸς
3552 2030 3697 2082 ἁνα-

2030 2112 2226 2179 μέσον
2262 2109 2367 2163 τοῦ
2402 2110 2614 2178 φωτὸς,
2662 2112 2760 2163 καὶ
2792 2110 3103 2177 ἀναμέσον
3154 2109 3259 2164 τοῦ
3293 2110 3573 2173 σκότους.
3631 2106 3698 2159 Τί

2037 2192 2175 2250 ἐστι,
2207 2189 2597 2259 Διεχώρισεν;
2637 2190 2884 2259 Ἐκάστῳ
2914 2190 3051 2243 ἰδίαν
3070 2188 3254 2259 χώραν
3290 2188 3572 2257 ἀπένειμε,
3597 2204 3697 2239 κα-

2034 2267 2296 2337 τάλληλον
2342 2268 2533 2338 καιρὸν
2580 2267 2848 2338 ἀφώρισε.
2893 2269 3001 2322 Καὶ
3049 2269 3236 2338 ἐπειδὴ
3279 2268 3439 2320 τοῦτο
3480 2267 3697 2335 γέγονε,

2034 2346 2153 2398 τότε
2187 2346 2370 2399 λοιπὸν
2399 2346 2614 2415 ἑκάστῳ
2635 2347 2730 2417 τήν
2763 2347 3107 2416 ἁρμόζουσαν
3134 2346 3501 2417 προσηγορίαν
3525 2343 3698 2397 ἐπιτίο

2037 2424 2212 2493 θησιν.
2256 2423 2544 2480 Ἐκάλεσε
2575 2425 2703 2496 γὰρ,
2738 2426 2923 2495 φησὶν,
2960 2428 2993 2479 ό
3025 2424 3167 2490 Θεὸς
3200 2425 3267 2477 τὸ
3295 2424 3416 2493 φῶς
3449 2423 3694 2492 ἡμέραν,

2036 2504 2220 2559 καὶτὸ
2246 2507 2465 2571 σκότος
2491 2505 2747 2559 ἐκάλεσε
2767 2506 2975 2558 νύκτα.
2996 2501 3147 2567 Εἶδες
3164 2505 3427 2573 διαίρεσιν
3445 2504 3694 2574 ἀρίστην,

2036 2585 2130 2637 καὶ
2153 2584 2512 2655 δημιουργίαν
2540 2584 2857 2654 θαυμαστήν
2878 2584 2921 2647 ί,
2943 2585 3035 2637 καὶ
3056 2584 3233 2638 πάντα
3259 2584 3417 2651 λόγον
3438 2582 3699 2649 ὑπερϐαί-

2036 2681 2252 2727 νουσαν,
2298 2664 2441 2735 λόγῳ
2481 2664 2628 2735 μόνῳ
2672 2666 2768 2717 καὶ
2811 2664 3147 2734 ὲπιτάγματι
3182 2664 3510 2733 γινομένην;
3547 2657 3698 2724 Εἶδες

2037 2742 2177 2815 πόσῃ
2226 2747 2291 2814 τῇ
2334 2744 2737 2812 συγκαταϐάσει
2783 2746 2812 2796 ὁ
2864 2745 3130 2814 μακάριος
3194 2738 3349 2806 οὗτος
3414 2745 3696 2813 προφήτης

2038 2824 2333 2892 ἐχρήσατο,
2383 2823 2583 2891 μᾶλλον
2621 2823 2677 2875 δὲ
2723 2825 2750 2875 ὁ
2789 2821 3167 2892 φιλάνθρωπος
3190 2822 3323 2883 Θεὸς
3355 2820 3443 2873 διά
3475 2821 3572 2889 τῆς
3603 2817 3695 2870 τοῦ

2038 2902 2318 2970 προφήτου
2354 2900 2597 2969 γλώττης
2642 2900 2909 2953 παιδεύων
2942 2900 3003 2952 rb
3042 2900 3149 2953 τῶν
3181 2898 3482 2970 ἀνθρώπων
3519 2898 3693 2965 γένος,

2037 2981 2233 3034 εἰδέναι
2262 2980 2368 3033 τῶν
2397 2980 2694 3051 γινομένων
2721 2982 2819 3051 τὴν
2862 2979 3039 3043 τάξιν,
3066 2981 3160 3033 καὶ
3186 2979 3267 3042 τίς
3296 2981 3324 3033 ό
3359 2978 3452 3031 τοῦ
3496 2976 3692 3037 παντὸς

2035 3061 2383 3135 δημιουργὸς,
2414 3062 2505 3114 καὶ
2549 3063 2696 3124 ὅπως
2721 3062 2950 3114 ἕκαστον
2993 3061 3280 3132 παρήχθης
3335 3059 3553 3130 Ἐπειδὴ
3586 3056 3696 3125 γάρ

2036 3142 2118 3195 ἔτι
2150 3141 2498 3210 ἀτελέστερον
2541 3140 2773 3195 διέκειτο
2812 3141 2873 3194 rb
2901 3142 3009 3194 τῶν
3042 3141 3345 3211 ἀνθρώπων
3383 3140 3557 3207 γένος,
3600 3138 3697 3190 καὶ

2036 3229 2135 3281 οὐκ
2156 3227 2387 3296 ήδύνατο
2418 3228 2525 3280 τῶν
2564 3227 2913 3299 τελειοτέρων
2945 3227 3183 3281 συνιέναι
3216 3226 3316 3297 τὴν
3347 3225 3692 3294 κατανόησιν,

2035 3306 2125 3359 διά
2149 3307 2305 3359 τοῦτο
2338 3306 2475 3377 πρὸς
2505 3306 2600 3377 τὴν
2627 3306 2735 3358 τῶν
2765 3307 3069 3359 ἀκουόντων
3099 3305 3379 3358 ἀσθένειαν
3398 3304 3458 3356 rb
3478 3301 3694 3370 Πνεῦμα

2036 3385 2097 3437 rb
2143 3386 2297 3452 ἆγιον
2342 3386 2442 3455 τὴν
2485 3385 2578 3437 τοῦ
2626 3387 2902 3455 προφήτου
2955 3384 3200 3453 γλῶτταν
3250 3384 3476 3452 κινῆσαν
3522 3381 3695 3444 οὕτως

2039 3474 2253 3526 ἅπαντα
2283 3475 2413 3543 ήμῖν
2444 3473 2768 3540 διαλέγεται.
2802 3473 2909 3526 Καὶ
2936 3474 3022 3526 ίνα
3064 3473 3239 3543 μάθῃς
3272 3472 3459 3524 ὅτιδιά
3485 3470 3544 3522 τὸ
3568 3470 3695 3521 ἀτεφ

2038 3553 2125 3616 λὲς
2152 3554 2249 3623 τῆς
2269 3554 2541 3624 ήμετέρας
2568 3552 2805 3615 διανοίας
2827 3553 2996 3624 ταύτῃ
3026 3554 3297 3623 ἐχρήσατο
3321 3555 3386 3623 τῇ
3417 3567 3691 3617 συγκατα-

2038 3632 2192 3684 ϐάσει
2225 3632 2325 3701 τῆς
2372 3631 2691 3700 διηγήσεως,
2746 3632 2846 3701 ὅρα
2880 3631 2970 3683 rbv
3016 3631 3113 3699 τῆς
3159 3630 3385 3700 βροντῆς
3430 3629 3564 3687 ulbv,
3604 3628 3692 3679 ὅτε

2038 3710 2173 3780 πρὸς
2203 3709 2401 3782 ἀρετὴν
2443 3710 2681 3763 ἐπέδωκε
2729 3710 2789 3761 rb
2821 3709 2929 3761 τῶν
2964 3708 3264 3778 ἀνθρώπων
3304 3708 3480 3776 γένος,
3510 3707 3691 3759 οὐκέτι

2035 3790 2238 3860 ταύτην
2272 3790 2563 3860 ἐρχόμενον
2606 3790 2705 3858 τὴν
2733 3789 2872 3851 ὁδὸν,
2914 3789 3027 3840 ἀλλ’
3071 3788 3163 3839 ἐπὶ
3205 3788 3303 3855 τὴν
3356 3786 3693 3856 ὑψηλοτέραν

2034 3869 2380 3922 διδασκαλίαν
2411 3868 2612 3936 ἄγοντα
2635 3869 2760 3931 τοὺς
2784 3868 3183 3938 ἀκροωμένους.
3219 3866 3404 3920 Εἰπὼν
3421 3866 3551 3935 γάρ,
3588 3864 3693 3917 Ἔν

2035 3944 2192 4013 ἀρχῇ
2241 3942 2320 4014 ἦν
2351 3948 2384 3999 ό
2410 3948 2618 4014 Λόγος,
2656 3947 2755 3998 καὶ
2791 3948 2823 3998 ό
2852 3947 3039 4012 Λόγος
3087 3941 3165 4012 ἦν
3194 3946 3345 4012 πρὸς
3383 3945 3490 3997 τὸν
3521 3942 3688 4005 Θεὸν,

2036 4025 2134 4079 καὶ
2166 4026 2309 4090 Θεὸς
2336 4022 2413 4094 ἦν
2437 4028 2470 4078 ό
2496 4027 2702 4093 Λόγος,
2724 4026 3033 4094 ἐπήγαγεν·
3061 4020 3172 4077 Ἦν
3202 4024 3269 4077 τὸ
3298 4023 3423 4093 φῶς
3447 4023 3515 4077 τὸ
3544 4023 3689 4087 άλη-

2035 4103 2225 4167 θινὸν,
2260 4104 2292 4156 ὃ
2320 4102 2547 4171 φωτίζει
2569 4103 2763 4156 πάντα
2788 4103 3100 4167 ἄνθρωπον
3121 4102 3447 4170 ἐρχόμενον
3474 4104 3560 4166 εἰς
3587 4100 3692 4152 τὸν

2036 4183 2287 4252 κόσμον.
2316 4183 2580 4251 Καθάπερ
2610 4181 2718 4252 γάρ
2742 4182 2973 4235 ἐνταῦθα
2994 4182 3054 4233 τὸ
3085 4182 3201 4249 φῶς
3229 4181 3385 4233 τοῦτο
3416 4180 3476 4233 rb
3505 4180 3690 4247 αἰσθη-

2034 4263 2144 4322 τὸν,
2177 4262 2254 4332 τῷ
2286 4262 2663 4332 προστάγματι
2688 4262 2780 4313 τοῦ
2804 4262 3072 4314 Δεσπότου
3105 4261 3401 4330 παραχθὲν,
3423 4260 3483 4311 rb
3503 4260 3689 4320 σκότος

2033 4342 2192 4394 τοῦτο
2217 4343 2277 4393 rb
2305 4340 2580 4411 ὁρώμενον
2610 4340 2927 4409 ἀπέκρυψεν
2948 4356 2961 4369 ⁸
2987 4340 3127 4391 οὑτω
3152 4340 3244 4391 καὶ
3273 4339 3332 4391 rb
3358 4340 3546 4408 νοητὸν
3575 4336 3689 4405 φῶς

2032 4421 2132 4489 τῆς
2160 4420 2366 4490 πλάνης
2395 4418 2456 4471 rb
2488 4419 2675 4480 σκότος
2713 4418 2981 4486 ἀπήλασε,
3019 4418 3111 4470 καὶ
3140 4417 3275 4488 πρὸς
3304 4417 3402 4487 τήν
3434 4417 3689 4486 ἀλήθειαν

2033 4499 2159 4560 τοὺς
2186 4498 2573 4565 πλανωμένους
2607 4496 3033 4567 ἐχειραγώγησε.

2103 4600 2171 4661 γ’.
2198 4592 2489 4661 Δεξώμεθα
2510 4588 2603 4645 οὖν
2623 4594 2755 4663 μετά
2782 4593 2979 4662 πολλῆς
3023 4595 3119 4661 τῆς
3149 4593 3566 4662 εὐγνωμοσύνης
3621 4592 3689 4644 τὰ

2033 4672 2185 4741 παρά
2210 4669 2308 4741 τῆς
2342 4672 2491 4732 θείας
2532 4673 2753 4741 Γραφῆς
2806 4673 3131 4741 διδάγματα,
3195 4674 3289 4725 καὶ
3326 4674 3400 4743 μὴ
3443 4671 3689 4725 ἀντιϐλέ-

2035 4770 2222 4821 πωμεν
2268 4755 2333 4822 τῇ
2386 4752 2614 4821 ἀληθείᾳ
2646 4762 2696 4814 8,
2748 4753 2881 4821 μηδὲ
2913 4753 2989 4821 τῷ
3031 4753 3209 4805 σκότει
3256 4752 3685 4823 παραμένωμεν.

2032 4831 2167 4883 ἀλλά
2194 4832 2327 4899 πρὸς
2356 4830 2417 4882 rb
2446 4830 2558 4898 φῶς
2588 4830 2955 4898 ἐπειγώμεθα,
2984 4830 3075 4883 καὶ
3097 4831 3222 4893 ἀξια
3255 4831 3348 4883 τοῦ
3387 4831 3561 4898 φωτὸς
3594 4830 3688 4881 καὶ

2031 4910 2128 4977 τῆς
2164 4909 2373 4979 ἡμέρας
2399 4910 2854 4979 διαπραττώμεθα
2884 4908 3039 4977 ἔργα,
3072 4909 3323 4979 καθάπερ
3351 4910 3445 4962 καὶ
3477 4909 3685 4969 Παῦλος

2033 4990 2286 5057 παραινεῖ
2305 4987 2476 5053 λέγων
2492 5006 2503 5017 ·
2532 4988 2624 5053 Ὡς
2649 4990 2717 5040 ἑν
2744 4989 2928 5054 ἡμέρᾳ
2953 4990 3343 5055 εὐσχημόνως
3362 4986 3683 5053 περιπατή-

2031 5078 2251 5132 σωμεν,
2290 5067 2381 5117 καὶ
2412 5066 2486 5135 μὴ
2525 5065 2884 5135 ἐργαζώμεθα
2917 5064 2985 5117 τά
3007 5066 3142 5135 ἔργα
3169 5064 3263 5117 τοῦ
3298 5068 3542 5126 σκότους.
3575 5065 3682 5117 Kal

2029 5143 2304 5203 ἐκάλεσε,
2342 5146 2522 5212 φησὶν,
2553 5148 2583 5196 ό
2611 5144 2754 5209 Θεὸς
2787 5143 2851 5195 τὸ
2884 5142 3008 5210 φῶς
3040 5144 3286 5211 ἡμέραν,
3321 5144 3419 5195 καί
3448 5142 3515 5194 τὸ
3540 5145 3684 5196 σκό-

2030 5240 2132 5287 τος
2167 5224 2423 5277 ἐκάλεσε
2453 5224 2659 5276 νύκτα.
2709 5222 2843 5274 Ἀλλ’
2885 5222 2914 5274 ὅ
2949 5221 3146 5291 μικροῦ
3194 5223 3339 5291 ήμᾶς
3387 5220 3500 5292 [17]
3539 5238 3683 5289 παρ-

2028 5301 2285 5371 έδραμεν,
2325 5305 2617 5370 ἀναγκαῖον
2654 5302 2811 5353 τοῦτο
2847 5301 3204 5355 ἐπαναλαϐεῖν
3240 5301 3418 5353 πάλιν.
3466 5300 3682 5369 Ἐπειδὴ

2030 5382 2138 5451 γὰρ
2161 5379 2301 5444 εἷπε,
2325 5381 2642 5448 Γενηθήτω
2667 5381 2813 5449 φῶς,
2844 5381 2941 5435 καὶ
2964 5381 3201 5449 ἐγένετο
3229 5380 3374 5449 φῶς,
3397 5381 3643 5449 ἐπήγαγε
3664 5392 3677 5406 ⁸

2028 5460 2138 5513 Καὶ
2162 5459 2321 5514 εἶδεν
2361 5463 2393 5512 ό
2422 5459 2565 5524 Θεὸς
2603 5462 2669 5512 τὸ
2699 5458 2846 5526 φῶς,
2876 5460 2966 5511 ὅτι
3014 5458 3222 5511 καλόν.
3257 5459 3365 5511 Θέα
3403 5475 3513 5526 μοι,
3546 5458 3681 5523 ἀγα-

2085 5576 2111 5614 ά
2139 5576 2339 5637 Coislin.
2370 5576 2497 5637 male.
2528 5577 2811 5637 παρήγαγεν.

2091 5640 2112 5665 ⁶
2135 5636 2407 5687 Coislimra
2422 5636 2587 5683 πάντα.

2095 5697 2113 5734 f
2142 5695 2339 5747 Coislin.
2366 5697 2670 5758 δημιουργίαν
2693 5695 2959 5755 θαυμάτων,
2985 5697 3128 5745 male.
3154 5696 3440 5753 Paulorpost
3462 5691 3660 5741 Colbert

2025 5760 2152 5819 λόγῳ
2182 5759 2319 5817 μόνον
2346 5759 2424 5805 καὶ
2448 5758 2739 5819 ᾇπιτάγματι.

2089 5813 2329 5870 (Silva:
2377 5838 2400 5859 η
2425 5813 2764 5884 ,Ἄντιϐλέπειν
2805 5830 2900 5867 non
2958 5818 3111 5867 semel
3148 5828 3271 5877 apua
3314 5813 3565 5874 Polybium
3600 5820 3680 5870 ea!

2022 5882 2311 5943 ἀντιστῆναι,
2338 5882 2577 5934 resistere.
2614 5896 2635 5931 ι
