4040 6378
369 306 435 361 S3
1489 304 1553 361 IN
1590 305 1743 363 CAP.
1783 304 1827 362 1.
1867 305 1935 362 Gl

2043 306 2123 362 :s.
2155 305 2382 363 llOMlb.
2427 305 2511 362 Ill.
2914 334 2923 353 η.
3580 321 3676 373 ωι.

363 415 1007 485 desiderium,ctvigilem
1040 424 1294 483 mentem,
1325 425 1448 470 tunc
1476 426 1531 471 et
1553 417 1773 487 gratiam
1797 432 1947 471 suam

359 509 667 576 opulentam
708 506 987 563 liberalius
1013 510 1248 579 largitur.
1282 508 1620 564 Abducamus
1651 511 1811 581 igitur
1851 527 1951 564 nos

357 600 424 653 ab
464 599 717 653 omnibus
749 598 906 668 hujus
928 600 1050 653 vita:
1092 600 1256 663 curis,
1286 607 1341 654 et
1371 601 1589 655 resectis
1628 600 1691 655 iis
1716 616 1835 669 quae
1859 616 1951 655 co-

355 691 644 759 gitationes
686 700 899 744 nostras
926 692 1069 745 velut
1094 692 1260 760 Spiine
1283 691 1578 757 sull'ocant,
1604 692 1671 747 ad
1701 694 1951 762 spiritua-

359 784 485 835 lium
537 782 865 837 desiderium
910 793 1147 837 mentem
1183 791 1621 863 nostranhtotam
1655 786 1949 841 transfera-

355 889 495 939 mus,
552 885 611 928 ut
660 889 853 943 magno
874 873 998 928 inde
1040 873 1511 943 reportatolucro,
1538 883 1593 930 et
1617 875 1819 947 ingenti
1845 878 1950 931 uti-

353 966 502 1020 litate
524 974 796 1035 percepta,
852 966 925 1019 ita
962 964 1087 1019 hinc
1114 965 1447 1021 recedamus.
1477 965 1743 1022 Caeterum
1766 977 1825 1022 ut
1848 983 1948 1023 vo-

353 1056 437 1110 bis
466 1058 804 1111 manifestior
845 1056 916 1111 sit
940 1070 1140 1123 sermo,
1167 1071 1333 1126 pauca
1358 1057 1603 1127 quietiam
1627 1073 1695 1114 ex
1736 1058 1953 1114 hester-

351 1151 436 1203 nis
476 1149 639 1204 dictis
665 1151 717 1203 in
749 1147 1060 1203 memoriam
1095 1148 1305 1204 caritati
1331 1158 1524 1203 vestrm
1542 1150 1857 1215 referemus,
1889 1158 1950 1206 ut

350 1244 429 1297 sic
456 1244 524 1296 iis
551 1258 674 1313 qua
697 1241 815 1296 heri
850 1240 993 1296 dicta
1020 1250 1169 1306 sunt,
1216 1242 1331 1296 haec
1358 1255 1502 1296 nunc
1526 1240 1750 1297 dicenda
1791 1243 1946 1313 quasi

350 1334 406 1388 in
435 1350 601 1387 unum
641 1346 839 1408 cprpus
858 1333 1267 1403 conjungamus.
1285 1331 1629 1388 Ostendimus
1648 1334 1789 1388 enim
1806 1333 1942 1400 beri,

350 1439 407 1481 ut
430 1427 777 1489 meministis,
805 1426 1076 1497 quomodo
1101 1425 1287 1480 beatus
1304 1424 1477 1480 Moses
1503 1440 1762 1480 enarrans
1790 1426 1946 1481 nobis

352 1522 545 1577 borum
595 1518 884 1571 visibilium
938 1517 1323 1571 elementorum
1350 1516 1675 1571 creationem
1711 1525 1767 1571 et
1793 1516 1949 1587 opili-

347 1617 513 1679 cium,
535 1611 733 1667 dixerit
761 1628 775 1665 :
803 1610 869 1664 In
886 1610 1137 1681 principio
1157 1610 1273 1681 fecit
1295 1608 1436 1663 Deus
1455 1609 1637 1663 calum
1653 1619 1700 1664 et
1720 1619 1943 1666 terram:

346 1718 483 1761 terra
510 1716 683 1759 autem
719 1714 825 1758 erat
849 1703 1110 1758 invisibilis
1137 1713 1185 1757 et
1212 1704 1545 1773 incomposita
1565 1721 1584 1758 :
1614 1714 1671 1760 et
1693 1719 1787 1761 vos
1815 1720 1945 1760 cau-

346 1814 463 1855 sam
502 1796 810 1860 docuimus,
833 1810 998 1865 quare
1026 1795 1169 1850 Deus
1194 1803 1389 1850 terram
1414 1794 1718 1862 informem,
1750 1805 1805 1851 et
1824 1796 1947 1850 nul-

346 1891 413 1946 lis
457 1889 646 1960 ﬁguris
666 1888 955 1958 expolitam
992 1888 1291 1954 creaverit;
1334 1904 1476 1958 quin,
1523 1890 1740 1959 opinor,
1761 1889 1940 1945 omnia

345 1990 527 2037 mente
557 1982 757 2035 tenetis
788 1997 803 2033 :
829 1979 1194 2037 necessarium
1223 1988 1308 2035 est
1336 1980 1497 2049 igitur
1518 1995 1617 2035 nos
1639 1980 1706 2034 ad
1737 1994 1799 2035 ea
1819 1995 1941 2050 quin

344 2082 646 2145 sequuntur
668 2072 830 2129 hodie
849 2072 1117 2144 progredi.
1144 2071 1279 2127 Nam
1306 2079 1586 2142 postquam
1607 2071 1760 2138 dixit,
1782 2070 1942 2125 Terra

343 2179 514 2221 autem
553 2176 663 2220 erat
687 2166 952 2220 invisibilis
974 2181 1033 2219 ac
1060 2164 1410 2235 incomposita,
1441 2179 1541 2219 nos
1567 2174 1818 2219 accurate
1841 2162 1941 2217 do-

343 2271 448 2325 cet,
496 2259 642 2315 unde
670 2258 953 2313 invisibilis
989 2265 1136 2313 esset
1162 2265 1220 2311 ct
1245 2257 1466 2320 inculta,
1494 2256 1679 2311 dicens
1707 2272 1723 2307 :
1756 2255 1823 2310 Et
1864 2265 1940 2310 te-

346 2354 514 2408 nebrae
553 2360 699 2407 erant
731 2367 884 2422 super
911 2351 1172 2421 abyssum,
1198 2358 1247 2404 et
1274 2349 1503 2419 Spiritus
1530 2349 1624 2403 Dei
1652 2353 1938 2420 κυρεῖ-[εγε-

346 2448 494 2499 batur
517 2460 671 2514 super
694 2459 899 2513 aquam.
934 2442 1066 2498 Vide
1085 2441 1192 2508 hic,
1237 2457 1395 2512 quam
1413 2442 1545 2497 nihil
1565 2443 1819 2512 superﬂui
1844 2442 1942 2497 ad-

345 2537 571 2590 misceat
609 2535 797 2588 beatus
856 2533 1141 2603 propheta,
1193 2543 1248 2588 et
1290 2532 1560 2603 quomodo
1601 2548 1708 2588 non
1760 2533 1937 2589 omnia

345 2624 702 2693 particulatim
734 2631 935 2686 narret,
963 2638 1083 2692 qua:
1110 2632 1290 2678 creata
1310 2633 1453 2689 sunt,
1477 2621 1572 2677 sed
1591 2637 1715 2677 cum
1735 2622 1937 2677 docue-

345 2718 412 2772 rit
434 2734 537 2772 nos
560 2717 632 2772 de
658 2716 794 2771 caelo
817 2727 867 2771 et
894 2727 1057 2784 terra,
1085 2731 1206 2788 quae
1231 2717 1456 2786 plurima
1487 2716 1540 2770 in
1571 2731 1632 2772 se
1659 2717 1938 2773 continent

343 2808 641 2873 elementa,
675 2807 1049 2876 prietermittat
1087 2807 1213 2862 alia.
1240 2806 1372 2861 Nam
1400 2821 1523 2861 cum
1564 2805 1633 2862 de
1676 2789 1935 2875 aquarum

340 2900 557 2969 Opiﬁcio
583 2898 843 2954 nihildum
865 2898 1110 2962 dixisset,
1130 2899 1209 2953 ait
1232 2916 1247 2952 ε
1275 2898 1344 2952 Et
1373 2899 1590 2953 imm
1611 2881 1755 2953 erant
1783 2914 1938 2969 super

340 2995 604 3063 abyssum,
634 3003 683 3046 et
715 2991 943 3062 Spiritus
975 2991 1073 3047 Dei
1117 2992 1524 3063 superferebatur
1547 3008 1700 3062 super
1726 3008 1929 3059 aquam.

342 3085 466 3139 llaec
492 3084 644 3140 enim
669 3084 919 3155 tegebant
944 3083 1132 3139 faciem
1164 3093 1356 3149 terrae;
1379 3083 1447 3140 de
1476 3084 1714 3140 tenebris
1743 3085 1937 3155 loquor

338 3186 393 3231 et
417 3177 618 3248 abysso
645 3190 930 3247 aquarum.
954 3175 1088 3230 Hinc
1113 3176 1415 3242 didicimus,
1438 3192 1597 3232 omne
1619 3176 1762 3247 quod
1786 3177 1939 3233 vide-

340 3267 499 3321 batur
527 3267 696 3322 fuisse
720 3266 977 3338 abyssum
1012 3282 1270 3337 aquarum
1319 3267 1555 3321 tenebris
1590 3267 1847 3333 velatam,
1880 3277 1936 3323 ct

339 3373 477 3427 opus
516 3358 767 3413 habuisse
787 3358 1029 3427 sapiente
1055 3358 1276 3427 Opifice,
1306 3357 1399 3428 qui
1433 3372 1647 3412 omnem
1674 3358 1812 3413 hanc
1846 3357 1933 3412 in-

341 3450 670 3505 formitatem
698 3448 967 3504 discutere
990 3490 1007 3514 ,
1033 3456 1089 3504 et
1116 3459 1363 3503 ornatum
1394 3449 1624 3519 aliquem
1670 3449 1725 3503 in
1754 3449 1933 3504 omnia

340 3550 523 3608 posset
543 3540 817 3595 inducere.
838 3539 905 3594 Et
935 3540 1167 3601 tenebrat,
1196 3539 1391 3609 inquit,
1420 3556 1572 3608 super
1595 3539 1853 3610 abyssum,
1884 3548 1933 3592 et

342 3633 569 3698 Spiritus
624 3630 722 3685 Dei
763 3631 1167 3701 superferebatur
1200 3646 1352 3700 super
1394 3647 1598 3700 aquam.
1648 3628 1783 3697 Quid
1830 3629 1931 3685 sibi

339 3723 452 3775 vult
488 3720 633 3791 quod
664 3721 831 3776 dicit:
862 3719 933 3774 Et
972 3720 1199 3791 Spiritus
1234 3720 1329 3774 Dei
1349 3719 1759 3791 superferebatur
1780 3735 1933 3790 super

337 3812 558 3881 aquam?
585 3811 711 3866 Mihi
738 3811 949 3867 videtur
979 3812 1080 3866 hoc
1106 3811 1403 3881 significare
1424 3852 1439 3875 ,
1492 3813 1655 3867 fuisse
1685 3809 1738 3864 in
1778 3811 1932 3881 aquis

339 3905 615 3959 cllicacem
632 3903 916 3974 quamdam
942 3913 997 3959 et
1014 3905 1228 3958 vitalem
1245 3905 1630 3973 operationem,
1648 3920 1747 3959 nec
1764 3903 1931 3960 fuisse

339 3997 654 4067 simpliciter
682 4011 875 4066 aquam
903 4005 1134 4051 stantem
1165 4005 1219 4050 et
1251 3996 1601 4061 innnohilcm,
1631 3995 1724 4049 sed
1754 3995 1928 4049 mobi-

340 4089 478 4155 lem,
509 4097 565 4143 et
605 4086 821 4142 vitalem
851 4087 1132 4157 quamdam
1164 4088 1268 4140 vim
1299 4086 1598 4143 habentem.
1624 4086 1756 4141 Nam
1786 4086 1929 4156 quod

338 4181 639 4247 immobile,
664 4181 885 4236 omnino
921 4181 1108 4236 inutile
1135 4192 1245 4246 est;
1295 4182 1435 4252 quod
1486 4197 1613 4236 vero
1654 4190 1926 4247 movetur,

336 4275 405 4329 sd
436 4275 603 4330 multa
631 4275 901 4330 conducit.

406 4366 464 4421 2.
507 4364 578 4422 Ut
606 4365 767 4434 igitur
782 4365 1000 4420 doceret
1026 4380 1125 4419 nos
1139 4365 1324 4421 beatus
1344 4364 1434 4420 ille
1461 4366 1714 4436 propheta
1735 4348 1926 4436 aquam

338 4459 483 4514 illam
519 4472 763 4526 magnam
809 4466 863 4511 et
908 4456 1228 4511 ineﬂ‘abilem
1271 4456 1467 4511 habere
1497 4457 1604 4512 vim
1640 4456 1926 4527 quamdam

333 4548 577 4613 vitalem,
616 4546 788 4602 dicit:
828 4545 892 4600 Et
923 4546 1148 4616 Spiritus
1190 4546 1284 4600 Dei
1318 4548 1727 4617 superferebatur
1770 4563 1927 4617 super

335 4655 543 4709 aquam.
598 4637 765 4707 ldqne
812 4653 918 4691 non
967 4638 1169 4707 absque
1197 4638 1405 4692 ratione
1432 4638 1705 4706 Scriptura
1747 4638 1925 4693 divina

333 4730 719 4804 prmvcniendo
763 4730 929 4797 dicit;
970 4731 1067 4785 sed
1096 4746 1163 4785 eo
1209 4730 1351 4801 quod
1382 4741 1564 4800 postea
1608 4731 1813 4785 dictura
1856 4732 1927 4785 sit

332 4826 491 4880 nobis
540 4824 791 4879 animalia
822 4839 889 4879 ex
915 4823 1068 4894 aquis
1098 4823 1215 4878 istis
1247 4840 1313 4879 ex
1354 4834 1623 4894 praecepto
1670 4824 1763 4878 Dei
1809 4838 1926 4879 om-

332 4917 480 4969 nium
511 4914 809 4970 conditoris
828 4913 1082 4984 producta
1110 4913 1295 4979 fuisse,
1320 4923 1600 4985 propterea
1626 4914 1923 4969 auditorem

330 5006 423 5060 hic
452 5020 595 5061 nunc
623 5006 782 5060 docet
807 5019 912 5059 non
940 5006 1056 5060 sine
1079 5020 1238 5061 causa
1264 5020 1454 5076 aquam
1488 5006 1633 5060 illam
1655 5008 1926 5061 constitis-

329 5112 417 5163 se,
437 5096 536 5151 sed
557 5104 618 5150 ut
642 5106 969 5162 moveretur,
997 5095 1340 5161 discurreret,
1369 5106 1426 5151 et
1471 5098 1650 5152 omnia
1675 5098 1919 5153 allueret.

327 5188 778 5259 Quandoquidem
821 5188 980 5259 igitur
1026 5189 1218 5245 diﬂ‘usa
1283 5199 1400 5246 erat
1450 5206 1639 5262 magna
1685 5193 1921 5252 universi

327 5280 557 5337 visibilis
585 5280 909 5359 informitas,
936 5290 1204 5351 prmeepto
1230 5297 1329 5336 suo
1361 5281 1528 5348 Deus,
1571 5284 1805 5353 optimus
1836 5285 1924 5339 ille

328 5374 543 5439 artifex,
566 5373 961 5429 deformitatem
989 5374 1137 5428 illam
1154 5374 1377 5443 depulit,
1419 5384 1473 5429 et
1498 5376 1756 5431 immensa
1787 5377 1918 5432 lucis

329 5467 558 5522 visibilis
585 5465 925 5535 pulchritudo
958 5466 1212 5535 producta
1242 5466 1489 5522 tenebras
1518 5466 1715 5535 fugavit
1737 5470 1909 5522 sensi-

330 5559 490 5623 biles,
530 5558 920 5628 illustravitque
940 5558 1139 5611 omnia.
1170 5559 1224 5612 5.
1262 5556 1325 5612 Et
1355 5557 1507 5622 dixit,
1538 5560 1726 5628 inquit,
1764 5558 1919 5628 Deus,

338 5654 422 5711 ﬁat
442 5655 570 5717 lux;
600 5662 650 5705 et
684 5656 821 5722 facta
843 5660 916 5705 est
945 5652 1050 5710 tum.
1083 5651 1252 5716 Dixit,
1281 5662 1336 5707 et
1378 5650 1515 5711 facta
1541 5662 1624 5707 est
1656 5668 1668 5705 :
1700 5655 1920 5708 manda-

331 5750 427 5814 vit,
460 5758 513 5801 ot
540 5745 775 5800 tenebrat
803 5742 1237 5815 quideml'ugata:
1287 5750 1431 5811 sunt,
1460 5742 1543 5798 lux
1576 5754 1915 5815 autemspro.

2057 419 2236 473 ducta.
2284 419 2440 474 Vides
2485 418 2810 475 iucll'abilem
2850 423 3181 491 potentiam?
3212 424 3419 481 Verum
3438 430 3527 497 qui
3556 445 3659 484 ρι’--

2056 524 2179 563 rore
2206 510 2561 580 praeoccupati
2580 520 2723 574 sunt,
2745 528 2849 566 non
2868 513 3207 571 attendentes
3226 516 3489 572 dictorum
3517 534 3660 575 com.

2056 602 2414 669 sequentium,
2464 617 2635 671 neque
2661 604 2936 661 audientes
2960 604 3174 660 beatum
3220 608 3421 664 Mosam
3461 611 3660 665 dicem,

2056 699 2164 746 tem
2197 710 2210 745 :
2242 692 2310 747 In
2358 694 2607 764 principio
2659 698 2777 766 fecit
2823 696 2962 753 Deus
3007 700 3191 754 calum
3241 712 3290 755 et
3341 712 3566 765 terram;
3596 717 3667 761 et.

2054 798 2178 838 mox
2204 784 2519 842 subdentem
2544 802 2559 840 :
2592 787 2752 842 Terra
2774 800 2942 844 autem
2962 801 3069 845 erat
3088 794 3353 850 invisibilis
3377 806 3423 851 et
3449 799 3657 851 ineom—.

2055 876 2241 941 posita,
2282 891 2350 933 eo
2390 878 2531 947 quod
2556 880 2790 936 tenebris
2817 891 2873 937 et
2912 886 3064 953 aquis
3098 894 3244 941 esset
3269 888 3515 956 obtecta;
3560 891 3659 945 sic.

2052 966 2194 1020 enim
2224 967 2393 1022 visum
2415 967 2516 1025 fuit
2542 970 2766 1026 Domino
2786 972 2855 1027 ab
2882 973 3032 1029 initio
3047 990 3165 1030 eam
3194 980 3522 1046 producere:
3552 982 3655 1036 diu.

2051 1068 2182 1112 cunt
2219 1067 2374 1115 antea
2400 1061 2563 1117 fuisse
2595 1062 2887 1132 subjectum
2935 1067 3211 1121 materiam
3232 1110 3249 1134 ,
3301 1079 3357 1124 et
3391 1072 3659 1127 tenebras.

2053 1152 2452 1218 prmexstitisse.
2486 1152 2622 1218 Quid
2645 1152 2746 1208 hac
2776 1156 3010 1211 amentia
3039 1157 3232 1226 pejus?
3258 1159 3426 1215 Audis
3474 1162 3659 1217 Deum.

2051 1240 2104 1294 in
2141 1241 2402 1312 principio
2431 1243 2625 1299 fecisse
2656 1245 2846 1301 cadum
2902 1255 2957 1301 et
2985 1255 3218 1315 terram,
3260 1258 3317 1305 et
3352 1265 3422 1306 ex.
3467 1250 3661 1309 nihilo.

2049 1347 2167 1401 quae
2188 1342 2314 1389 sunt
2342 1334 2479 1390 facta
2510 1336 2702 1402 fuisse,
2731 1347 2787 1394 et
2812 1338 2947 1395 dicis
2973 1342 3120 1410 prius
3166 1344 3437 1399 exstitisse
3462 1356 3634 1402 mate-

2049 1425 2222 1479 riam?
2249 1426 2379 1495 Quis
2404 1444 2595 1484 eorum
2621 1431 2711 1500 qui
2763 1442 2998 1487 mentem
3028 1433 3256 1498 habent,
3286 1444 3484 1491 tantam
3526 1438 3665 1493 fer-i.

2049 1525 2132 1572 ret
2154 1517 2447 1573 insaniam?
2467 1522 2745 1597 Numquid
2768 1523 2929 1579 homo
2956 1532 3040 1579 est
3062 1524 3249 1596 Opifex
3273 1526 3387 1593 ille,
3421 1540 3638 1598 utaopus

2050 1606 2243 1663 habeat
2264 1609 2505 1680 subjecto
2546 1614 2727 1681 aliquo
2753 1612 2820 1667 ad
2848 1613 3316 1670 demonstrandam
3359 1634 3509 1672 suam
3550 1635 3638 1673 ar-

2049 1708 2155 1753 tem
2179 1699 2203 1752 ?
2231 1701 2371 1755 Deus
2396 1710 2479 1757 cst
2503 1704 2588 1756 cui
2619 1703 2798 1759 omnia
2827 1705 3044 1768 cedunt,
3072 1708 3161 1776 qui
3190 1709 3355 1762 verbo
3399 1722 3457 1764 et
3498 1728 3637 1780 pra:-

2047 1800 2202 1859 cepto
2226 1806 2326 1846 suo
2349 1795 2526 1847 omnia
2549 1794 2805 1849 condidit.
2832 1796 3064 1852 Attende
3088 1799 3231 1852 enim
3257 1818 3269 1852 :
3298 1799 3661 1870 dicitsolum,.

2046 1890 2101 1935 et
2128 1882 2384 1950 producta
2409 1894 2491 1938 est
2531 1884 2617 1939 lux
2638 1925 2655 1950 ,
2686 1894 2741 1939 et
2770 1886 3151 1942 abscesserunt
3196 1889 3452 1945 tenebrae.
3479 1893 3532 1947 4.
3565 1892 3636 1948 Et

2047 1973 2276 2028 distinxit
2300 1975 2441 2030 Deus
2476 1977 2606 2031 inter
2644 1978 2806 2032 lucem
2834 1988 2880 2033 et
2918 1980 3050 2034 inter
3090 1981 3339 2035 tenebras.
3368 1982 3505 2049 Quid
3532 1996 3680 2054 εει,-

2047 2064 2335 2121 Distinxit?
2360 2068 2655 2140 Unicuique
2682 2070 2856 2126 locum
2883 2074 3155 2143 proprium
3182 2074 3474 2142 distribuit,
3505 2092 3640 2132 con-

2046 2175 2347 2231 grueusque
2374 2170 2586 2232 tempus
2604 2162 2867 2219 detinivit.
2898 2163 2968 2218 Et
2993 2173 3274 2235 postquam
3304 2165 3407 2221 hoc
3437 2166 3634 2223 factum

2046 2260 2149 2317 est,
2182 2262 2306 2306 tunc
2327 2268 2482 2308 suum
2532 2254 2726 2324 cuique
2751 2253 3068 2309 vocabulum
3097 2255 3307 2310 indidit.
3335 2256 3388 2311 5.
3429 2255 3659 2313 Vocavit;

2043 2342 2209 2406 enim,
2240 2342 2447 2411 inquit,
2494 2343 2634 2399 Deus
2677 2346 2840 2399 lucem
2868 2345 3003 2399 diem
3043 2362 3057 2399 :
3095 2356 3143 2400 et
3178 2347 3405 2403 tenebras
3443 2352 3638 2403 vocavit

2043 2445 2256 2488 noctem.
2287 2433 2748 2506 VidistiOptimam
2779 2436 3177 2492 distinctionem
3197 2479 3215 2506 ,
3243 2448 3301 2494 et
3323 2439 3645 2497 admirabile.
3684 2488 3687 2489 ν

2043 2526 2334 2595 opiﬁcium,
2380 2528 2523 2599 quod
2561 2543 2776 2584 omnem
2812 2530 3074 2585 rationem
3118 2533 3484 2600 transcendit,
3525 2550 3683 2588 uno-

2044 2618 2211 2675 verbo
2252 2630 2309 2674 et
2353 2630 2620 2690 prmeepto
2646 2620 2885 2676 factum?
2912 2621 3099 2677 Vidisti
3146 2634 3405 2694 quantum
3443 2642 3501 2680 se
3529 2644 3633 2679 nn-

2042 2718 2277 2765 strorum
2290 2710 2622 2782 ingeniorum
2639 2713 2882 2781 parvitati
2896 2720 3057 2768 attem
3063 2728 3188 2783 pera
3198 2715 3335 2769 verit
3347 2716 3529 2770 beatus
3546 2717 3636 2771 ille

2042 2800 2321 2872 pr0pbeta,
2349 2802 2459 2857 imo
2480 2802 2741 2874 benignus
2790 2804 2931 2859 Deus
2970 2819 3066 2874 per
3091 2806 3364 2875 proyliene
3396 2807 3626 2877 linguam

2040 2892 2336 2948 erudiendo
2361 2908 2521 2950 omne
2545 2894 2821 2949 hominum
2845 2910 3032 2965 genus,
3060 2903 3118 2951 ut
3148 2897 3282 2951 sciat
3304 2914 3490 2953 corum
3512 2915 3681 2970 quae.

2042 2982 2184 3038 facta
2208 2992 2337 3039 sunt
2360 2984 2625 3052 ordinem,
2653 2987 2772 3056 quis
2799 2988 3036 3043 universi
3081 2989 3154 3044 sit
3191 2989 3389 3059 opifex,
3422 3000 3476 3046 et
3500 3008 3634 3062 quo-

2042 3074 2205 3130 modo
2247 3075 2665 3147 unumquodque
2694 3077 3009 3146 productum
3056 3080 3159 3133 sit?
3185 3080 3447 3147 Quoniam
3485 3083 3629 3137 enim

2040 3166 2214 3221 adhuc
2236 3167 2552 3223 imbecillius
2580 3177 2699 3224 erat
2727 3169 3014 3224 humanum
3042 3186 3403 3243 genus,quam
3426 3185 3481 3227 nt
3509 3191 3634 3245 per-
3661 3221 3675 3229 ..

2042 3256 2264 3313 fectiora
2292 3275 2487 3330 capere
2514 3270 2731 3331 posset;
2760 3273 3039 3333 propterea
3071 3279 3168 3332 pro
3194 3267 3497 3321 auditorum
3521 3269 3623 3322 im-

2041 3349 2329 3406 becillitate
2348 3352 2623 3421 propheta:
2650 3353 2882 3423 linguam
2913 3371 3134 3410 movens
3153 3354 3385 3426 Spiritus
3410 3372 3633 3415 sanctus
3659 3406 3667 3413 .

2041 3442 2097 3497 in
2149 3441 2291 3498 hunc
2337 3443 2552 3499 modum
2581 3444 2737 3499 nobis
2764 3446 2942 3501 omnia
2969 3447 3318 3504 edisserebat.
3349 3451 3415 3503 Et
3454 3461 3512 3504 ut
3549 3451 3632 3510 di—.

2038 3548 2158 3589 scas
2186 3534 2330 3588 illum
2360 3534 2430 3590 ob
2450 3536 2642 3590 mentis
2672 3547 2871 3590 nostrie
2900 3538 3312 3593 imbecillitatem
3339 3540 3441 3595 hoc
3466 3557 3622 3597 enar-

2039 3625 2263 3680 rationis
2310 3635 2731 3697 temperamento
2774 3627 2938 3684 fuisse
2984 3644 3163 3696 usum,
3210 3630 3332 3686 vide
3359 3634 3632 3701 quomodo

2039 3716 2258 3773 tonitrui
2286 3717 2449 3785 filius,
2477 3733 2598 3773 cum
2620 3718 2733 3788 jam
2762 3712 3035 3775 hominum
3070 3736 3235 3790 genus
3264 3722 3329 3776 ad
3379 3723 3647 3785 virtutem.

2048 3808 2385 3877 profecisset,
2414 3823 2519 3864 non
2535 3808 2645 3878 jam
2668 3808 2768 3865 hae
2797 3810 2878 3864 via
2908 3810 3251 3880 ingrediatur,
3284 3813 3376 3867 sed
3414 3813 3468 3873 in
3495 3815 3639 3877 sub»

2042 3899 2303 3955 limiorem
2336 3899 2692 3955 eruditionem
2741 3900 3037 3956 auditorem
3081 3903 3369 3961 subducat.
3402 3906 3533 3961 Nam
3573 3916 3632 3962 ut

2036 3992 2171 4047 dixit
2201 4010 2214 4046 :
2251 3992 2318 4046 In
2348 3993 2599 4063 principio
2626 4002 2733 4047 erat
2773 3992 3007 4060 Verbum,
3029 4002 3087 4047 et
3129 3995 3339 4050 Verbum
3365 4008 3470 4051 erat
3490 4000 3633 4069 apud

2038 4083 2223 4149 Deum,
2246 4095 2292 4139 et
2311 4083 2453 4139 Deus
2477 4096 2582 4139 erat
2609 4084 2821 4140 Verbum
2842 4085 3020 4158 (Joan.
3045 4089 3096 4141 l.
3123 4089 3341 4155 l);mox
3371 4089 3586 4159 subiicit
3611 4110 3625 4144 ;

2038 4176 2165 4231 Erat
2189 4180 2280 4233 lua:
2318 4195 2460 4245 vera,
2486 4194 2598 4249 qua:
2622 4177 2880 4232 illuminat
2907 4196 3106 4234 omnem
3140 4182 3393 4238 hominem
3422 4185 3629 4237 venien-

2038 4281 2139 4325 tem
2164 4270 2480 4324 inmundum
2510 4268 2676 4341 (Ibid.
2704 4286 2752 4323 υ.
2781 4270 2861 4339 9).
2891 4270 3022 4327 Nam
3043 4273 3491 4342 quemadmodum
3521 4273 3626 4330 hoc

2038 4362 2156 4417 loco
2197 4363 2284 4417 lux
2316 4362 2416 4416 ista
2461 4360 2731 4416 sensibilis
2773 4370 3045 4430 przecepto
3092 4363 3303 4418 Domini
3344 4366 3625 4434 producta,

2038 4452 2291 4509 tenebras
2320 4453 2441 4508 illas
2468 4452 2701 4507 visibiles
2725 4453 3004 4508 abscondit
3031 4473 3043 4507 :
3066 4454 3144 4509 sic
3169 4465 3222 4509 ct
3260 4456 3345 4509 lux
3384 4459 3629 4513 ineundis

2037 4544 2286 4601 tenebras
2311 4559 2555 4599 errorum
2579 4542 2850 4613 ell‘ugavit,
2883 4554 2938 4600 et
2962 4545 3027 4600 ad
3057 4549 3334 4601 veritatem
3363 4549 3628 4601 errabun.

2033 4638 2132 4693 dos
2158 4638 2491 4693 manuduxit.

2103 4731 2155 4785 5.
2187 4728 2550 4799 Suscipiamus
2577 4744 2703 4799 ergo
2726 4727 3026 4797 gratissimo
3053 4727 3232 4781 animo
3253 4727 3341 4781 illa
3367 4742 3396 4780 a
3424 4727 3628 4784 divinis

2033 4821 2331 4891 Scripturis
2369 4820 2726 4884 documenta,
2773 4826 2926 4873 etne
2976 4818 3325 4872 adversamur
3372 4819 3579 4872 veritati
3608 4860 3647 4883 ,.,

2034 4929 2209 4983 neque
2239 4912 2291 4966 in
2322 4913 2898 4967 tenebrismaneamus
2930 4927 2943 4962 :
2973 4910 3066 4965 sed
3106 4910 3173 4963 ad
3222 4908 3395 4963 lucem
3429 4925 3624 4977 propee

2032 5020 2232 5069 remus,
2260 5017 2650 5073 operemnrque
2675 5001 2829 5071 digna
2853 5000 2971 5056 luce
2985 5009 3039 5054 et
3056 4999 3167 5062 die,
3190 4999 3329 5053 sicut
3356 5008 3410 5053 et
3427 4998 3623 5057 Puttle

2033 5100 2317 5164 adnwnet,
2358 5097 2543 5152 dicens
2594 5112 2607 5148 :
2660 5095 2805 5148 Sicut
2850 5095 2902 5146 iu
2942 5094 3022 5145 die
3063 5093 3269 5146 honeste
3310 5091 3623 5144 ambulemus

2032 5193 2209 5264 (Rom.
2241 5190 2471 5260 £5.13),
2498 5200 2551 5243 ct
2578 5203 2643 5243 ne
2669 5201 2952 5255 operentur
2976 5200 3133 5255 opera
3159 5184 3521 5238 tenebrarum.
3554 5181 3622 5241 Et

2030 5287 2247 5352 vocavit,
2303 5284 2508 5354 inquit,
2552 5280 2688 5334 Deus
2714 5281 2874 5334 lucem
2916 5278 3081 5340 diem,
3111 5287 3156 5330 et
3186 5277 3412 5330 tenebras
3432 5277 3623 5330 vocavit

2030 5388 2247 5432 noctem.
2279 5373 2383 5429 Sed
2409 5370 2553 5443 quod
2576 5369 2742 5424 ferme
2764 5382 2870 5423 nos
2885 5366 3232 5436 praeterierat,
3256 5366 3625 5421 necessarium
3644 5405 3667 5417 η

2030 5469 2190 5524 fuerit
2219 5468 2411 5521 iterum
2445 5472 2708 5531 repetere.
2760 5459 2892 5513 Nam
2921 5467 3197 5527 postquam
3228 5456 3467 5518 dixerat,
3502 5453 3641 5508 Fiat

2030 5562 2120 5615 lux
2144 5568 2189 5611 et
2214 5559 2349 5628 facta
2375 5562 2447 5607 est
2472 5552 2581 5616 lux,
2622 5548 2902 5619 subjunxit
2924 5564 2939 5602 :
2962 5548 3017 5603 4.
3047 5547 3115 5601 Et
3136 5547 3257 5601 uidit
3278 5546 3412 5600 Deus
3433 5545 3616 5612 lucem,

2028 5649 2173 5720 quod,
2186 5647 2312 5705 bona
2343 5652 2489 5698 esset.
2520 5641 2659 5709 Vide.
2682 5655 2863 5709 qu:eso
2892 5637 2999 5704 hic,
3027 5637 3238 5701 dilecte,
3272 5652 3429 5707 quam
3477 5646 3601 5691 tem-

2034 5750 2213 5814 perata
2257 5736 2539 5794 verborum
2585 5733 2742 5789 ratio.
2779 5729 3246 5804 Quid'igituﬂ‘an
3285 5730 3617 5804 priusquam.
