4040 6378
410 294 479 348 55
1154 292 1213 349 S.
1254 289 1531 349 JOANNIS
1567 287 2047 355 CIIRYSOSTOMI
2083 289 2404 347 ARCillEP.
2446 293 2982 354 CONSTANTINOP.
3634 300 3701 357 38

412 414 561 466 fieret
594 410 683 466 lux
706 453 720 478 ,
753 409 1024 467 nesciebat
1053 422 1171 464 eam
1198 407 1391 465 bonam
1425 405 1653 460 futuram
1679 421 1694 469 ;
1724 404 1820 459 sed
1851 414 2000 475 post-

412 521 572 571 quam
615 502 869 574 producta
902 501 1020 567 fuit,
1063 516 1128 555 ex
1169 509 1388 569 aspectu
1417 500 1643 569 primum
1673 497 1861 567 Opifex
1892 498 2009 567 pul-

409 596 768 650 chritudinem
795 603 849 648 et
876 592 1167 647 bonitatem
1195 591 1313 660 ejus
1340 590 1611 661 producta:
1640 588 1915 659 percepit?
1937 589 2006 643 Et

408 688 527 757 quis
550 702 695 741 sana:
716 686 911 739 mentis
935 684 1039 739 tale
1063 682 1333 754 quidpiam
1363 681 1596 737 dixerit?
1617 680 1746 735 Nam
1773 681 1817 735 si
1840 679 2004 734 homo

407 778 497 849 qui
529 777 727 848 aliquid
758 792 853 847 per
878 784 1046 830 artem
1073 785 1344 845 operatur,
1374 774 1682 844 priusquam
1719 773 2005 827 fabricetur

408 870 549 939 quod
584 870 695 924 vult
724 868 898 923 facere
920 909 936 934 ,
967 875 1023 922 et
1054 867 1360 937 priusquam
1401 864 1651 920 eﬁ'ormet
1674 904 1690 930 ,
1722 864 1822 918 scit
1851 878 2003 917 usum

409 963 527 1031 ejus
568 962 709 1033 quod
743 961 1022 1017 elaborare
1051 960 1238 1014 statuit
1268 976 1283 1013 :
1315 967 1516 1028 quanto
1559 958 1729 1027 magis
1762 958 2005 1011 omnium

407 1054 617 1125 Opifex,
648 1055 737 1125 qui
757 1054 919 1110 verbo
947 1053 1126 1108 omnia
1155 1067 1225 1108 ex
1248 1051 1416 1106 nihilo
1439 1060 1496 1105 ut
1528 1059 1712 1106 essent
1734 1049 2001 1120 produxit,

409 1151 615 1205 sciebat
640 1158 923 1218 antequam
971 1149 1144 1202 lucem
1188 1146 1424 1213 faceret,
1469 1158 1588 1199 eam
1617 1158 1739 1199 esse
1763 1144 1999 1199 bonam!

405 1243 584 1308 Quare
625 1256 754 1311 ergo
792 1241 892 1295 hac
932 1238 1165 1294 dictione
1214 1250 1346 1293 usus
1389 1236 1511 1293 est?
1556 1236 1920 1301 Demittitse,
1949 1243 2005 1290 et

404 1330 699 1387 secundum
743 1330 1031 1384 humanam
1062 1326 1507 1384 consuetudinem
1553 1326 1669 1380 base
1708 1326 1888 1380 omnia
1918 1324 2000 1379 lo-

403 1425 586 1492 quitur
610 1422 795 1477 beatus
821 1421 912 1475 ille
939 1420 1216 1490 prepbcta.
1248 1417 1316 1472 Et
1343 1416 1794 1488 quemadmodum
1824 1415 2002 1470 homi-

405 1528 501 1568 nes
529 1529 651 1568 cum
680 1512 875 1582 aliquid
898 1527 1090 1582 magno
1125 1511 1301 1566 studio
1328 1510 1737 1576 elaboraverint,
1766 1518 1820 1565 et
1841 1509 2002 1563 ﬁnem

404 1606 674 1661 laboribus
698 1607 810 1660 suis
859 1605 1243 1675 imposuerint,
1272 1613 1398 1658 tunc
1437 1603 1652 1658 tandem
1696 1618 1792 1672 per
1835 1618 2003 1673 expe~

404 1701 648 1753 rientiam
676 1708 731 1753 et
760 1698 1127 1768 probationem
1157 1712 1291 1767 Opus
1322 1696 1568 1753 laudibus
1587 1697 1849 1753 extollunt
1882 1716 1897 1754 :
1921 1698 1993 1753 ita

403 1799 461 1845 et
488 1792 667 1845 divina
697 1790 969 1859 Scriptura
1002 1805 1167 1857 nunc,
1198 1804 1318 1844 cum
1352 1805 1410 1845 se
1458 1788 1528 1844 ad
1556 1799 1860 1845 nostrarum
1890 1804 1989 1844 au-

404 1885 544 1940 rium
570 1884 935 1939 inﬁrmitatem
986 1882 1237 1948 demisit,
1296 1890 1352 1936 et
1396 1881 1574 1937 dixit:
1604 1882 1675 1937 Et
1708 1881 1832 1936 vidit
1858 1881 1998 1937 Deus

404 1976 605 2039 lucem,
646 1973 780 2043 quod
808 1974 938 2027 bona
964 1982 1125 2039 esset,
1173 1978 1298 2026 tunc
1326 1970 1556 2041 subjecit
1598 1990 1611 2026 :
1658 1970 1726 2025 Et
1771 1972 2003 2026 distinxit

403 2067 546 2121 Deus
571 2069 702 2120 inter
735 2067 897 2121 lucem
922 2108 939 2133 ,
992 2076 1040 2120 et
1080 2067 1213 2121 inter
1240 2064 1465 2119 tenebras
1505 2080 1523 2118 :
1561 2074 1609 2120 et
1639 2066 1830 2119 vocavit
1864 2064 2003 2120 Deus

409 2164 571 2216 lucem
595 2164 749 2224 diem,
775 2172 820 2215 et
851 2162 1075 2217 tenebras
1097 2161 1290 2216 vocavit
1313 2168 1526 2227 noctem,
1556 2170 1610 2215 et
1635 2174 1785 2215 suam
1808 2162 2002 2231 cuique

406 2254 681 2325 regionem
721 2254 990 2308 distribuit
1034 2270 1047 2307 :
1091 2267 1213 2306 nam
1245 2251 1312 2305 ab
1340 2252 1492 2306 initio
1518 2252 1713 2322 cuique
1738 2267 1867 2306 suos
1896 2262 2001 2308 ter.

407 2350 583 2401 minos
612 2348 836 2417 praefixit
860 2388 875 2414 ,
908 2362 1045 2418 quos
1084 2356 1341 2417 perpetuo
1381 2347 1583 2416 absque
1621 2348 2001 2418 impedimento

403 2439 716 2493 custodiret.
745 2438 803 2493 id
832 2438 972 2508 quod
994 2438 1231 2504 cuilibet,
1256 2439 1346 2508 qui
1374 2448 1519 2494 recte
1543 2439 1733 2507 sapiat,
1757 2439 2003 2495 contueri

403 2530 568 2597 licet,
609 2529 880 2601 quomodo
925 2545 996 2585 ex
1044 2544 1112 2585 eo
1159 2538 1400 2600 tempore
1442 2545 1612 2601 usque
1658 2532 1713 2586 in
1761 2544 2000 2601 praesens

408 2636 584 2690 neque
640 2620 728 2675 lux
790 2622 1050 2676 terminos
1108 2634 1237 2676 suos
1292 2630 1623 2691 transgressa
1670 2623 1773 2690 sit,
1826 2639 2001 2695 neque

417 2714 652 2766 tenebrae
679 2728 834 2766 suum
863 2712 1107 2767 ordinem
1150 2714 1548 2782 praeterierint,
1592 2715 1907 2772 confusione
1944 2726 2001 2773 et

406 2803 805 2874 perturbatione
849 2802 1078 2876 quadam
1123 2804 1445 2859 introducta.
1494 2805 1636 2862 Sane
1683 2804 1786 2862 hoc
1831 2822 1998 2864 unum

402 2896 623 2966 ingratis
650 2896 759 2950 illis
788 2897 1036 2951 sufficere
1066 2897 1320 2965 deberet,
1348 2906 1407 2952 ut
1430 2898 1711 2955 crederent
1735 2908 1790 2954 et
1814 2900 1999 2959 obedi-

402 2997 523 3042 rent
578 2988 641 3043 iis
685 3004 803 3057 qua:
846 3004 876 3042 a
916 2988 1091 3042 divina
1133 2988 1405 3059 Scriptura
1454 2990 1592 3047 dicta
1624 3000 1791 3045 sunt:
1826 2992 1898 3047 ita
1942 3000 2000 3049 ut

406 3079 491 3133 vel
556 3079 819 3133 elementa
867 3080 1175 3143 imitantes,
1233 3095 1353 3149 quae
1410 3095 1626 3136 cursum
1679 3082 1997 3138 inoffensum

404 3179 665 3238 perpetuo
719 3178 978 3236 servant,
1034 3170 1309 3229 dimensos
1376 3172 1633 3227 terminos
1699 3187 1826 3229 suos
1889 3190 1997 3230 non

402 3263 941 3331 praetergrediantur,
1004 3264 1096 3319 sed
1154 3275 1445 3335 agnoscant
1509 3268 1783 3337 propriam
1843 3278 1999 3325 natu-

406 3371 543 3408 ram.
596 3354 733 3408 Exin
777 3364 1057 3424 postquam
1107 3356 1316 3425 utrique
1360 3370 1516 3410 suum
1565 3373 1759 3412 nomen
1803 3358 1993 3425 dedit,

404 3458 690 3516 utrumque
733 3446 787 3503 in
826 3462 989 3501 unum
1028 3446 1283 3516 copulatis
1312 3446 1471 3512 dicit,
1514 3450 1571 3504 5.
1604 3447 1672 3501 Et
1699 3456 1889 3519 factum
1924 3459 1995 3504 est

408 3552 628 3607 uespere,
657 3547 703 3591 et
744 3542 936 3611 factum
960 3547 1033 3591 est
1061 3554 1209 3591 mane
1227 3580 1242 3602 ,
1274 3538 1381 3595 dies
1412 3555 1560 3594 unus.
1593 3540 1779 3596 Finem
1807 3543 1912 3597 diei
1942 3553 1996 3598 et

407 3631 569 3684 linem
611 3629 782 3685 noctis
810 3645 974 3684 unum
1006 3644 1259 3699 expresse
1302 3632 1628 3696 nominavit,
1660 3642 1716 3687 ut
1753 3634 1992 3688 ordinem

403 3722 637 3791 aliquem
660 3731 713 3777 et
733 3724 1167 3791 consequentiam
1195 3731 1459 3778 statueret
1482 3726 1786 3791 visibilium,
1812 3728 1983 3781 nulla-

406 3827 512 3881 que
535 3813 684 3867 fieret
708 3812 971 3869 confusio.

467 3903 571 3958 Cur
590 3902 730 3959 Deus
764 3920 867 3959 non
901 3907 1071 3959 omnia
1087 3905 1241 3959 simul
1256 3921 1356 3960 uno
1368 3906 1450 3960 die
1465 3909 1758 3975 produxerit
1774 3924 1793 3973 ;
1808 3920 1991 3966 contra

395 4008 480 4049 eos
503 3997 591 4066 qui
604 3997 774 4051 omnia
791 3996 999 4065 fortuito
1026 3996 1136 4063 ﬁeri
1173 3996 1367 4049 dicunt.
1396 4024 1467 4036 -ο
1502 3998 1695 4052 Verum
1718 3998 1987 4055 discamus

395 4097 609 4158 oportet
632 4104 662 4143 a
690 4088 894 4158 Spiritu
920 4097 1107 4143 sancto
1136 4104 1234 4158 per
1253 4089 1484 4159 linguam
1519 4090 1657 4143 beati
1689 4092 1845 4161 hujus
1867 4108 1992 4161 pro-

397 4181 593 4249 pheta»,
626 4196 745 4250 qua:
759 4179 932 4250 primo
956 4178 1047 4235 die
1069 4179 1282 4233 condita
1313 4187 1456 4244 sunt,
1482 4188 1536 4235 et
1559 4196 1677 4250 qua:
1697 4182 1834 4236 aliis.
1855 4184 1987 4239 Nam

398 4283 455 4330 et
480 4273 624 4330 istud
650 4273 821 4342 ipsum
852 4272 1177 4328 clementem
1200 4272 1366 4326 Deum
1391 4286 1512 4327 sese
1546 4282 1985 4342 attemperanlem

398 4365 634 4420 exhibet.
656 4364 835 4433 Neque
860 4364 1003 4425 enim
1027 4363 1178 4433 ineps
1203 4373 1318 4417 erat
1340 4364 1674 4432 omnipotens
1702 4366 1841 4420 illius
1871 4382 1985 4419 nta-

398 4472 499 4511 nus
525 4466 580 4509 et
608 4454 815 4509 inﬁnita
859 4453 1139 4523 sapientia,
1170 4463 1228 4508 ut
1261 4469 1365 4508 non
1400 4462 1579 4523 posset
1604 4471 1708 4509 uno
1728 4455 1814 4513 die
1861 4470 1987 4526 pro-

396 4548 596 4604 ducere
634 4547 832 4599 omnia.
869 4545 1004 4612 Quid
1045 4545 1186 4611 dico,
1216 4562 1322 4601 uno
1347 4546 1478 4600 die?
1522 4548 1586 4603 Et
1615 4548 1841 4618 simplici
1869 4565 1985 4603 mo-

399 4648 579 4695 mento
609 4647 834 4708 poterat.
870 4636 976 4692 Sed
1014 4638 1444 4709 quandoquidem
1475 4655 1561 4693 res
1591 4654 1696 4693 non
1740 4642 1809 4696 ob
1834 4654 1986 4696 suam

396 4731 685 4785 utilitatem
724 4727 973 4797 produxit
995 4742 1015 4792 ς⁴
1039 4743 1210 4798 neque
1232 4730 1374 4783 enim
1403 4730 1507 4784 ulla
1537 4744 1594 4784 re
1623 4744 1757 4800 Opus
1787 4732 1944 4786 habet
1968 4748 1983 4796 ;

395 4823 489 4878 sed
521 4822 589 4875 ob
616 4834 765 4876 suam
795 4819 1174 4889 benignitatem
1203 4829 1259 4875 et
1286 4820 1575 4876 benitatem
1607 4820 1846 4876 condidit
1866 4838 1982 4876 om-

395 4914 482 4968 nia
527 4932 539 4967 :
582 4912 779 4970 idcirco
808 4912 1143 4967 successione
1171 4912 1397 4981 quadam
1429 4920 1482 4967 et
1527 4926 1624 4981 per
1652 4922 1830 4982 partes
1853 4929 1981 4969 con-

395 5007 549 5075 didit,
573 5014 629 5061 ct
655 5006 950 5059 doctrinam
992 5004 1147 5059 nobis
1188 5003 1525 5066 manifestam
1568 5004 1636 5058 de
1665 5004 1825 5060 rebus
1849 5019 1983 5059 con-

395 5101 524 5154 ditis
554 5115 652 5169 per
698 5099 933 5168 linguam
964 5096 1106 5153 beati
1130 5096 1290 5166 hujus
1335 5096 1611 5167 prephetae
1654 5096 1893 5162 tradidit,
1926 5106 1985 5152 ut

399 5191 512 5246 lucc
540 5200 787 5247 accurate
813 5189 975 5252 docti,
1006 5204 1111 5242 non
1154 5188 1447 5244 incidamus
1469 5188 1521 5242 in
1551 5203 1736 5242 eorum
1765 5196 1983 5243 senten-

399 5284 523 5336 tiam
550 5283 639 5353 qui
666 5281 913 5336 humanis
960 5280 1252 5339 ratiociniis
1293 5287 1593 5334 moventur.
1623 5279 1679 5333 Si
1730 5295 1981 5349 namque,

400 5373 483 5428 bis
516 5374 605 5429 illo
642 5373 803 5427 modo
840 5373 1093 5442 peractis,
1138 5388 1247 5427 non
1292 5372 1486 5426 desunt
1513 5372 1604 5442 qui
1631 5370 1848 5426 fortuito
1894 5387 1983 5428 res

400 5480 588 5519 omnes
618 5464 785 5520 factas
813 5479 932 5520 esse
961 5472 1207 5519 asseraut
1238 5482 1252 5516 :
1286 5464 1330 5518 si
1361 5479 1466 5518 non
1497 5473 1599 5517 tam
1633 5472 1980 5532 attemperata

402 5557 623 5610 docendi
654 5557 860 5610 ratione
891 5570 988 5611 nos
1014 5555 1261 5625 dignatus
1275 5566 1440 5622 esset,
1474 5556 1600 5626 quid
1622 5570 1727 5610 non
1756 5555 1982 5611 fuissent

406 5645 544 5705 ausi.
595 5645 687 5712 qui
709 5646 926 5701 adersus
950 5645 1175 5712 salutem
1212 5661 1361 5707 suam
1384 5660 1608 5725 quaeque
1632 5655 1686 5703 et
1718 5646 1897 5705 dicere
1926 5656 1981 5706 et

397 5732 569 5794 facere
598 5735 813 5801 student
841 5740 864 5793 ?

2186 406 2242 460 4.
2283 405 2421 472 Quid
2447 408 2591 463 enim
2620 411 2868 466 miserius
2903 422 2957 468 et
2984 414 3317 484 insipientius
3336 417 3415 480 iis,
3449 418 3537 488 qui
3578 422 3699 476 talia

2110 496 2289 553 dicere
2328 508 2612 567 attentant,
2641 512 2695 558 et
2724 504 2994 560 affirmant
3030 522 3116 561 res
3145 508 3361 563 fortuito
3397 511 3529 575 ﬁeri,
3558 511 3701 569 frau-

2110 588 2342 660 dantque
2383 607 2597 648 onmem
2617 598 2943 657 creationem
2973 599 3150 653 divina
3174 602 3504 670 providentia
3531 605 3554 658 ?
3582 605 3698 671 Quo

2112 692 2268 751 pacto
2307 685 2449 738 enim
2495 688 2687 742 rationi
2729 701 3148 747 consentaneum
3188 693 3364 761 fuerit,
3414 696 3521 763 dic,
3576 714 3694 765 om,

2113 784 2257 829 tanta
2304 776 2589 845 elementa,
2632 791 2689 861 et
2735 791 2941 837 tantum
2972 795 3217 841 ornatqu
3271 788 3473 859 absque
3519 791 3698 861 aliquo

2111 869 2449 926 moderatore
2476 881 2532 928 et
2558 860 2735 928 omnia
2761 889 3113 933 eonservante
3143 881 3427 949 gubernari
3456 882 3480 935 ἶ)
3508 882 3573 937 Ει
3603 860 3696 937 na-

2110 961 2191 1016 vis
2214 979 2499 1035 numquam
2522 968 2716 1035 poterit
2743 968 2948 1040 absque
2988 973 3343 1041 gubernatore
3385 975 3547 1029 maris
3595 974 3695 1030 ﬁu-

2109 1064 2227 1110 ctus
2263 1071 2559 1126 permeare,
2588 1060 2845 1131 milesque
2883 1063 3015 1118 nihil
3040 1074 3316 1120 strenuum
3343 1076 3397 1121 et
3423 1071 3695 1139 egregitmt

2108 1146 2311 1217 absque
2359 1154 2602 1219 pratoris
2650 1151 2813 1207 ductu
2856 1165 2909 1209 et
2938 1157 3189 1225 auspiciis
3231 1159 3387 1228 gerit,
3418 1168 3473 1213 et
3501 1159 3695 1215 donius

2108 1249 2357 1296 constare
2412 1244 2597 1312 nequit
2626 1283 2643 1309 ,
2684 1245 2785 1299 nisi
2839 1246 2979 1303 adsit
3007 1246 3094 1318 qui
3123 1263 3239 1302 eam
3267 1249 3601 1304 administret
3630 1252 3646 1281 ¹
3676 1269 3691 1304 :

2108 1334 2340 1389 mundus
2383 1345 2561 1391 autem
2593 1337 2680 1393 hic
2710 1339 3024 1405 immensus,
3058 1350 3113 1397 et
3152 1343 3541 1419 elementorum
3571 1344 3693 1398 illo-

2107 1440 2225 1479 rum
2271 1437 2510 1495 ornatus,
2542 1427 2760 1485 fortuito
2787 1442 2841 1486 et
2882 1444 3082 1487 temere
3112 1433 3231 1488 ferri
3279 1434 3507 1503 poterit,
3548 1435 3693 1489 nullo

2107 1518 2400 1575 exsistente
2446 1522 2534 1590 qui
2575 1524 2752 1577 omnia
2806 1526 2975 1593 possit
3026 1526 3314 1592 moderari,
3359 1537 3414 1582 et
3461 1528 3553 1596 qui
3597 1539 3695 1594 per

2107 1626 2256 1664 suam
2300 1612 2613 1681 sapientiam
2643 1629 2706 1670 ea
2745 1617 3016 1671 contineat
3044 1627 3098 1673 et
3120 1619 3451 1674 conservet?
3496 1620 3689 1674 Verum

2103 1704 2233 1773 quid
2263 1705 2484 1760 ulterius
2524 1707 2898 1762 contendimus
2938 1709 3040 1765 illis
3076 1711 3300 1779 probare
3347 1727 3433 1778 ea,
3484 1728 3601 1781 qua:
3640 1719 3697 1767 et

2108 1795 2285 1863 amcis,
2330 1807 2387 1851 ut
2429 1797 2482 1853 in
2514 1799 2797 1868 proverbio
2821 1810 2922 1864 est,
2948 1803 3223 1870 perSpicua
3250 1803 3415 1857 sunt?
3443 1804 3694 1858 Attamen

2108 1902 2175 1941 ne
2197 1888 2505 1945 omittamus
2525 1906 2825 1961 preponcrc
2854 1895 2932 1947 eis
2960 1893 3254 1949 doctrinam
3274 1896 3691 1965 Scriptttrarum,

2106 1977 2202 2032 sed
2232 1994 2392 2033 omne
2428 1979 2799 2049 impendamus
2847 1986 3103 2051 studium,
3151 1996 3208 2041 ut
3248 1988 3317 2043 ab
3337 2005 3520 2045 errore
3558 1991 3695 2046 libe-

2107 2069 2231 2136 rati,
2253 2068 2322 2125 ad
2343 2072 2618 2126 veritatem
2635 2074 2979 2132 reducantur.
3003 2077 3131 2132 Nam
3154 2079 3461 2135 licetadhuc
3487 2096 3691 2150 praeoc-

2106 2164 2285 2232 cupati
2313 2166 2589 2220 erroribus
2616 2166 2744 2233 sint,
2774 2169 3012 2239 ejusdem
3041 2180 3239 2236 tamen,
3271 2174 3424 2242 cujus
3451 2191 3568 2241 nos,
3593 2192 3691 2246 ge-

2107 2255 2251 2309 neris
2280 2265 2405 2310 sunt
2447 2274 2460 2310 :
2490 2267 2545 2313 et
2574 2273 2669 2328 par
2694 2270 2774 2315 est
2805 2274 2863 2315 ut
2892 2278 3137 2333 magnam
3168 2278 3354 2320 eorum
3384 2283 3564 2322 curam
3594 2268 3693 2323 ba-

2106 2345 2344 2411 beamus,
2376 2364 2663 2419 numquam
2679 2360 3059 2423 torpescentes,
3076 2356 3168 2410 sed
3187 2358 3457 2428 diligentia
3483 2374 3690 2415 summa

2106 2437 2362 2496 facientes
2383 2457 2447 2497 ea
2471 2458 2591 2513 qua}
2607 2443 2659 2499 in
2688 2445 2841 2500 nobis
2866 2458 3014 2513 sunt,
3047 2449 3230 2504 utilem
3250 2451 3352 2504 illis
3374 2453 3694 2509 medicinam

2106 2531 2476 2600 adhibeamus,
2528 2545 2585 2590 ut
2629 2538 2817 2592 saltem
2862 2541 3074 2596 tandem
3105 2544 3391 2613 aliquando
3418 2546 3483 2598 ad
3509 2562 3691 2600 veram

2104 2625 2386 2681 sanitatem
2415 2628 2656 2684 redeant.
2686 2631 2828 2686 Nihil
2855 2634 2996 2687 enim
3024 2634 3094 2689 ita
3125 2646 3277 2690 curat
3302 2638 3462 2700 Deus,
3489 2648 3545 2691 ut
3569 2639 3691 2692 ani-

2105 2728 2313 2773 marum
2356 2721 2606 2776 salutem.
2640 2723 2693 2777 Id
2734 2725 2928 2780 clamat
2953 2726 3166 2795 Paulus,
3199 2728 3386 2785 dicens
3420 2749 3432 2782 :
3460 2731 3560 2798 Qui
3584 2733 3692 2785 vult

2104 2827 2277 2867 omnes
2320 2814 2544 2869 homines
2576 2818 2743 2872 salvos
2775 2820 2906 2887 ﬁeri,
2952 2830 3000 2874 et
3025 2822 3094 2875 ad
3121 2824 3427 2893 agnitionem
3469 2826 3692 2881 ueritatis

2104 2903 2271 2957 venire
2302 2906 2376 2976 (l.
2412 2904 2542 2960 Tim.
2582 2907 2635 2960 2.
2665 2910 2745 2978 4).
2780 2911 2844 2965 Ει
2872 2912 3063 2967 iterum
3095 2914 3235 2969 Deus
3262 2916 3374 2984 ipse
3401 2917 3475 2971 ait
3504 2936 3517 2972 :
3549 2916 3691 2971 Nola

2104 3004 2315 3048 mortem
2346 3001 2641 3066 peccatoris,
2680 3003 2768 3055 sed
2796 3017 2848 3055 ut
2876 3015 3211 3071 convertatur,
3247 3018 3292 3061 et
3316 3009 3446 3062 vivat
3472 3010 3688 3080 (Eucti.

2104 3087 2191 3142 18.
2215 3088 2331 3161 23).
2360 3090 2585 3160 Pr0pter
2605 3095 2704 3148 hoc
2729 3095 2887 3150 etiam
2910 3108 3152 3153 naturam
3182 3099 3319 3155 hanc
3333 3117 3547 3157 omnem
3567 3120 3690 3173 pro-

2102 3178 2274 3245 duxit,
2307 3191 2363 3237 et
2393 3198 2490 3236 nos
2517 3184 2791 3251 formavit,
2812 3203 2917 3241 non
2945 3198 3002 3242 ut
3027 3204 3330 3259 pereamus,
3364 3209 3536 3263 neque
3562 3196 3691 3251 utin

2101 3274 2415 3341 supplicium
2444 3290 2542 3329 nos
2568 3278 2774 3343 mittat;
2802 3280 2897 3333 sed
2926 3290 2983 3333 ut
3012 3281 3187 3335 salvos
3216 3282 3394 3347 faciat,
3427 3294 3482 3339 et
3506 3287 3574 3341 ab
3594 3303 3687 3341 er-

2101 3378 2224 3418 rore
2246 3365 2503 3432 liberatis,
2556 3384 2721 3439 regno
2759 3371 2859 3425 frui
2910 3374 3064 3428 nobis
3092 3377 3371 3432 concedat.
3404 3378 3515 3434 Hoc
3541 3380 3687 3437 enim

2102 3456 2257 3509 nobis
2282 3460 2616 3525 praeparavit,
2650 3477 2757 3514 non
2802 3478 2945 3519 nunc
2981 3478 3258 3536 postquam
3299 3468 3424 3524 facti
3476 3488 3684 3537 sumus,

2100 3549 2195 3603 sed
2233 3559 2357 3604 ante
2392 3549 2534 3618 jacta
2581 3551 2925 3609 fundamenta
2970 3558 3173 3623 mundi,
3204 3561 3341 3614 sicut
3363 3561 3479 3631 ipse
3509 3564 3680 3617 dicit:

2111 3640 2301 3709 Venite,
2351 3642 2595 3698 benedicti
2636 3644 2810 3701 Patris
2852 3649 2970 3714 mei,
3012 3650 3065 3703 in
3094 3651 3434 3706 haereditatem
3473 3655 3687 3724 accipito

2102 3743 2443 3801 praeparatum
2474 3736 2610 3790 vobis
2652 3752 2862 3805 regnum
2904 3748 3023 3793 ante
3058 3742 3466 3796 constitutionem
3508 3745 3686 3797 mundi

2102 3825 2313 3895 (Matth.
2341 3829 2431 3885 25.
2457 3830 2568 3908 ξι).
2597 3829 2728 3885 Vide
2754 3831 3133 3903 benignitatem
3157 3836 3386 3903 Domini,
3412 3840 3685 3908 quomodo

2096 3928 2380 3987 antequam
2402 3897 2722 3975 foi'maretur
2742 3924 2992 3989 mundus,
3017 3935 3071 3980 et
3093 3926 3475 3995 produceretur
3498 3930 3679 3997 homo,

2097 4009 2303 4063 infinita
2336 4011 2433 4079 ipsi
2477 4012 2614 4066 bona
2644 4016 3025 4082 praeparaverit
3060 4033 3074 4069 :
3106 4019 3397 4073 ostendens
3425 4033 3683 4091 quautam

2096 4104 2262 4156 nostri
2292 4105 2505 4173 generis
2533 4106 2918 4175 providentiam
2940 4119 3112 4178 gerat,
3145 4121 3199 4165 et
3226 4125 3285 4166 se
3308 4115 3546 4169 omnium
3590 4131 3681 4171 sa-

2098 4200 2262 4255 lutem
2285 4200 2441 4256 velle.

2174 4291 2293 4346 Non
2323 4304 2547 4346 nostram
2589 4293 2773 4358 solum,
2806 4294 2896 4348 sed
2926 4304 2972 4347 et
3010 4295 3231 4349 aliorum
3267 4298 3482 4351 salutem
3502 4314 3685 4356 curato

2096 4384 2348 4438 debemus.
2376 4384 2653 4437 —-Talcm
2695 4385 2853 4453 igitur
2901 4385 3158 4441 habentes
3213 4388 3515 4459 Dominum,
3572 4401 3682 4452 tam

2094 4476 2513 4540 misericordem,
2547 4486 2653 4530 tam
2683 4478 2988 4546 benignum,
3020 4487 3124 4531 tam
3157 4490 3516 4549 mansuetum,
3558 4496 3683 4543 cum

2092 4578 2311 4630 nostrm,
2345 4576 2453 4621 tum
2490 4568 2709 4622 fratrum
2740 4578 3043 4623 nostrorum
3072 4572 3257 4625 Salutis
3301 4586 3483 4627 curam
3522 4589 3676 4646 gera~

2093 4670 2231 4715 tuus.
2262 4661 2392 4715 Nam
2425 4670 2477 4717 et
2504 4661 2605 4717 hoc
2641 4671 2838 4717 nostrai
2883 4664 3069 4716 salutis
3096 4676 3467 4733 argumentum
3498 4671 3599 4723 erit
3627 4684 3678 4726 et

2093 4754 2323 4819 occasio,
2356 4753 2399 4806 si
2442 4766 2549 4808 non
2576 4755 2746 4808 solum
2773 4770 2869 4823 pro
2896 4755 3048 4809 nobis
3076 4755 3205 4824 ipsis
3232 4757 3468 4824 solliciti,
3504 4762 3597 4816 sed
3625 4771 3676 4817 et

2092 4847 2336 4917 proximo
2378 4846 2535 4901 utiles
2574 4847 2850 4910 fuerimus,
2891 4856 2944 4901 et
2972 4847 3142 4915 ipsum
3167 4847 3235 4901 ad
3263 4849 3402 4903 viam
3434 4853 3676 4909 veritatis
3770 4921 3781 4927 _

2090 4938 2433 4993 deducamus.
2490 4937 2558 4992 Et
2606 4947 2664 4993 ut
2702 4938 2877 4993 discas
2916 4947 3172 5008 quantum
3219 4940 3417 4996 bonum
3448 4944 3516 4996 sit
3555 4961 3677 4998 cum

2092 5040 2275 5086 nostra
2303 5030 2525 5085 aliorum
2548 5030 2707 5085 etiam
2729 5032 2955 5099 salutem
2981 5030 3197 5095 lucrari,
3216 5033 3337 5086 audi
3364 5035 3678 5103 prophetam

2090 5136 2160 5183 ex
2189 5139 2413 5193 persona
2443 5124 2534 5177 Dei
2562 5122 2825 5178 dicentem
2862 5141 2875 5175 :
2905 5122 3007 5190 Qui
3031 5122 3196 5175 educit
3222 5126 3494 5194 pretiosum
3518 5143 3550 5179 a
3570 5128 3675 5195 vili,

2089 5219 2231 5288 quasi
2258 5234 2314 5271 os
2355 5235 2520 5271 meum
2570 5220 2660 5272 erit
2704 5216 2835 5288 (Jer.
2866 5217 2953 5271 15.
2985 5216 3094 5287 19).
3124 5218 3261 5284 Quid
3289 5218 3393 5273 hoc
3419 5229 3502 5274 est
3530 5220 3673 5288 YQui

2152 5379 2167 5409 ¹
2204 5383 2331 5426 Unus
2352 5374 2653 5425 Colbertinus
2675 5374 2835 5423 Codex
2866 5374 3016 5422 habet
3036 5386 3220 5431 vocem,
3246 5373 3568 5424 administret.
3590 5376 3672 5427 alii

2087 5453 2259 5488 omnes
2280 5451 2387 5487 cum
2412 5438 2527 5486 Editi
2546 5444 2647 5484 tum
2672 5443 2777 5484 Mss.
2799 5435 2978 5492 ferunt.
3003 5430 3229 5497 aediﬁcet.
3257 5435 3347 5483 Sed
3372 5448 3537 5484 veram
3563 5450 3677 5487 esse

2087 5500 2347 5549 lectionem
2361 5498 2621 5547 Colbertini
2640 5498 2822 5545 Codicis
2844 5498 3088 5546 existimo.
3104 5497 3372 5544 secundum
3396 5498 3535 5545 aliam
3558 5512 3678 5546 vero

2086 5561 2348 5611 lectionem
2371 5574 2467 5609 non
2490 5566 2651 5621 potest
2670 5561 2914 5609 sententia
2937 5558 3189 5621 Quadrare,
3236 5567 3351 5606 eum
3374 5561 3559 5621 dicatur
3578 5571 3681 5613 non

2086 5636 2232 5689 posse
2252 5622 2448 5689 domum
2471 5617 2757 5689 consistere,
2779 5617 3113 5689 iiisi_atlsit.gtii
3140 5617 3267 5689 illam
3288 5620 3569 5689 construxit?
3588 5625 3680 5689 Hic

2086 5679 2151 5732 de
2172 5684 2313 5732 domo
2323 5684 2421 5746 jam
2444 5691 2623 5734 structa
2646 5685 2823 5746 agitur,
2843 5683 2927 5732 ubi
2952 5679 3114 5731 nullus
3134 5679 3257 5731 ultra
3269 5679 3569 5733 architecms
3588 5688 3676 5734 dc-

2088 5746 2348 5799 sideratur.
