  <div class='ocr_page' id='page_1' title='image "/cluster/home/n/w/nwhite01/storage/ocr_20150623/53/nnc1.0046978453/035.png"; bbox 0 0 4040 6378; ppageno 0'>
   <div class='ocr_carea' id='block_1_1' title="bbox 399 338 2063 407">
    <p class='ocr_par' dir='ltr' id='par_1_1' title="bbox 399 338 2063 407">
     <span class='ocr_line' id='line_1_1' title="bbox 399 338 2063 407; baseline -0.008 -1"><span class='ocrx_word' id='word_1_1' title='bbox 399 351 467 407; x_wconf 73' lang='lat'>37</span> <span class='ocrx_word' id='word_1_2' title='bbox 1220 346 1278 404; x_wconf 89' lang='lat' dir='ltr'>S.</span> <span class='ocrx_word' id='word_1_3' title='bbox 1314 344 1600 401; x_wconf 65' lang='lat' dir='ltr'>JOANNIS</span> <span class='ocrx_word' id='word_1_4' title='bbox 1636 338 2063 399; x_wconf 64' lang='lat' dir='ltr'>CllllYSOSTO]</span> 
     </span>
    </p>
   </div>
   <div class='ocr_carea' id='block_1_2' title="bbox 2174 338 3841 407">
    <p class='ocr_par' dir='ltr' id='par_1_2' title="bbox 2174 338 3841 401">
     <span class='ocr_line' id='line_1_2' title="bbox 2174 338 3841 401; baseline 0.002 -8"><span class='ocrx_word' id='word_1_5' title='bbox 2174 338 2486 399; x_wconf 68' lang='lat' dir='ltr'>ARCHIEP.</span> <span class='ocrx_word' id='word_1_6' title='bbox 2526 344 3074 401; x_wconf 77' lang='lat' dir='ltr'>CONSTANTINUP.</span> <span class='ocrx_word' id='word_1_7' title='bbox 3770 340 3841 396; x_wconf 83' lang='grc'>’58</span> 
     </span>
    </p>
   </div>
   <div class='ocr_carea' id='block_1_3' title="bbox 398 457 2063 537">
    <p class='ocr_par' dir='ltr' id='par_1_3' title="bbox 398 457 2063 537">
     <span class='ocr_line' id='line_1_3' title="bbox 398 457 2063 537; baseline -0.006 -18"><span class='ocrx_word' id='word_1_8' title='bbox 398 467 556 537; x_wconf 77' lang='grc' dir='ltr'>φησὶ,</span> <span class='ocrx_word' id='word_1_9' title='bbox 585 461 958 536; x_wconf 75' lang='grc' dir='ltr'>χειραγωγῶν,</span> <span class='ocrx_word' id='word_1_10' title='bbox 994 463 1028 533; x_wconf 78' lang='grc' dir='ltr'><strong>ἢ</strong></span> <span class='ocrx_word' id='word_1_11' title='bbox 1063 462 1169 516; x_wconf 84' lang='grc' dir='ltr'>ἀπὸ</span> <span class='ocrx_word' id='word_1_12' title='bbox 1197 463 1294 532; x_wconf 81' lang='grc' dir='ltr'>τῆς</span> <span class='ocrx_word' id='word_1_13' title='bbox 1321 461 1515 523; x_wconf 78' lang='grc' dir='ltr'>κακίας</span> <span class='ocrx_word' id='word_1_14' title='bbox 1546 460 1679 530; x_wconf 84' lang='grc' dir='ltr'>πρὸς</span> <span class='ocrx_word' id='word_1_15' title='bbox 1717 458 1918 529; x_wconf 81' lang='grc' dir='ltr'>ἀρετὴν</span> <span class='ocrx_word' id='word_1_16' title='bbox 1944 457 2063 526; x_wconf 86' lang='grc' dir='ltr'>ὁδη-</span> 
     </span>
    </p>
   </div>
   <div class='ocr_carea' id='block_1_4' title="bbox 410 546 2065 622">
    <p class='ocr_par' dir='ltr' id='par_1_4' title="bbox 410 546 2065 622">
     <span class='ocr_line' id='line_1_4' title="bbox 410 546 2065 622; baseline -0.007 -15"><span class='ocrx_word' id='word_1_17' title='bbox 410 554 513 622; x_wconf 71' lang='grc' dir='ltr'>γῶν</span> <span class='ocrx_word' id='word_1_18' title='bbox 541 553 631 607; x_wconf 84' lang='grc' dir='ltr'>τὸν</span> <span class='ocrx_word' id='word_1_19' title='bbox 671 551 916 622; x_wconf 91' lang='grc' dir='ltr'>πλησίον,</span> <span class='ocrx_word' id='word_1_20' title='bbox 954 550 1093 603; x_wconf 87' lang='grc' dir='ltr'>κατά</span> <span class='ocrx_word' id='word_1_21' title='bbox 1118 549 1346 619; x_wconf 75' lang='grc' dir='ltr'>δύναμιν</span> <span class='ocrx_word' id='word_1_22' title='bbox 1374 547 1720 618; x_wconf 83' lang='grc' dir='ltr'>ἀνθρωπίνην</span> <span class='ocrx_word' id='word_1_23' title='bbox 1753 546 1851 615; x_wconf 82' lang='grc' dir='ltr'>ἐμὲ</span> <span class='ocrx_word' id='word_1_24' title='bbox 1880 547 2065 614; x_wconf 82' lang='grc' dir='ltr'>μιμεῖο</span> 
     </span>
    </p>
   </div>
   <div class='ocr_carea' id='block_1_5' title="bbox 398 630 2066 708">
    <p class='ocr_par' dir='ltr' id='par_1_5' title="bbox 398 630 2066 708">
     <span class='ocr_line' id='line_1_5' title="bbox 398 630 2066 708; baseline -0.005 -17"><span class='ocrx_word' id='word_1_25' title='bbox 398 656 505 693; x_wconf 81' lang='grc' dir='ltr'>ται.</span> <span class='ocrx_word' id='word_1_26' title='bbox 546 641 656 692; x_wconf 99' lang='lat' dir='ltr'>Kal</span> <span class='ocrx_word' id='word_1_27' title='bbox 692 639 797 708; x_wconf 80' lang='grc' dir='ltr'>γάρ</span> <span class='ocrx_word' id='word_1_28' title='bbox 829 640 919 690; x_wconf 71' lang='grc' dir='ltr'>καὶ</span> <span class='ocrx_word' id='word_1_29' title='bbox 949 637 1110 699; x_wconf 87' lang='grc' dir='ltr'>αὑτὸς</span> <span class='ocrx_word' id='word_1_30' title='bbox 1147 636 1213 688; x_wconf 85' lang='grc' dir='ltr'>δι’</span> <span class='ocrx_word' id='word_1_31' title='bbox 1246 636 1396 689; x_wconf 83' lang='grc' dir='ltr'>οὑδέν</span> <span class='ocrx_word' id='word_1_32' title='bbox 1428 636 1634 705; x_wconf 74' lang='grc' dir='ltr'>ἕτερον,</span> <span class='ocrx_word' id='word_1_33' title='bbox 1666 632 1797 695; x_wconf 78' lang='grc' dir='ltr'>Θεὸς</span> <span class='ocrx_word' id='word_1_34' title='bbox 1837 630 1933 693; x_wconf 84' lang='grc' dir='ltr'>ῶν,</span> <span class='ocrx_word' id='word_1_35' title='bbox 1967 631 2066 701; x_wconf 81' lang='grc' dir='ltr'>τὴν</span> 
     </span>
    </p>
   </div>
   <div class='ocr_carea' id='block_1_6' title="bbox 397 718 2066 797">
    <p class='ocr_par' dir='ltr' id='par_1_6' title="bbox 397 718 2066 797">
     <span class='ocr_line' id='line_1_6' title="bbox 397 718 2066 797; baseline -0.007 -17"><span class='ocrx_word' id='word_1_36' title='bbox 397 727 673 797; x_wconf 74' lang='grc' dir='ltr'>ἡμετέραν</span> <span class='ocrx_word' id='word_1_37' title='bbox 702 726 867 778; x_wconf 82' lang='grc' dir='ltr'>ὑπέδυ</span> <span class='ocrx_word' id='word_1_38' title='bbox 903 725 1104 795; x_wconf 82' lang='grc' dir='ltr'>σάρκα,</span> <span class='ocrx_word' id='word_1_39' title='bbox 1148 725 1240 776; x_wconf 72' lang='grc' dir='ltr'>καὶ</span> <span class='ocrx_word' id='word_1_40' title='bbox 1267 722 1353 775; x_wconf 88' lang='grc' dir='ltr'>διά</span> <span class='ocrx_word' id='word_1_41' title='bbox 1380 722 1477 791; x_wconf 83' lang='grc' dir='ltr'>τὴν</span> <span class='ocrx_word' id='word_1_42' title='bbox 1523 719 1793 790; x_wconf 78' lang='grc' dir='ltr'>σωτηρίαν</span> <span class='ocrx_word' id='word_1_43' title='bbox 1821 718 1915 771; x_wconf 87' lang='grc' dir='ltr'>τοῦ</span> <span class='ocrx_word' id='word_1_44' title='bbox 1958 718 2066 770; x_wconf 85' lang='grc' dir='ltr'>τῶν</span> 
     </span>
    </p>
   </div>
   <div class='ocr_carea' id='block_1_7' title="bbox 398 804 2066 882">
    <p class='ocr_par' dir='ltr' id='par_1_7' title="bbox 398 804 2066 882">
     <span class='ocr_line' id='line_1_7' title="bbox 398 804 2066 882; baseline -0.006 -16"><span class='ocrx_word' id='word_1_45' title='bbox 398 813 700 882; x_wconf 85' lang='grc' dir='ltr'>ἀνθρώπων</span> <span class='ocrx_word' id='word_1_46' title='bbox 731 813 917 879; x_wconf 86' lang='grc' dir='ltr'>γένους</span> <span class='ocrx_word' id='word_1_47' title='bbox 956 811 1175 881; x_wconf 91' lang='grc' dir='ltr'>γέγονεν</span> <span class='ocrx_word' id='word_1_48' title='bbox 1200 810 1503 880; x_wconf 81' lang='grc' dir='ltr'>ἄνθρωπος.</span> <span class='ocrx_word' id='word_1_49' title='bbox 1536 807 1646 861; x_wconf 83' lang='lat' dir='ltr'>Kal</span> <span class='ocrx_word' id='word_1_50' title='bbox 1680 806 1733 859; x_wconf 88' lang='grc' dir='ltr'>τί</span> <span class='ocrx_word' id='word_1_51' title='bbox 1778 805 1940 873; x_wconf 90' lang='grc' dir='ltr'>λέγω,</span> <span class='ocrx_word' id='word_1_52' title='bbox 1968 804 2066 874; x_wconf 73' lang='grc' dir='ltr'>τὴν</span> 
     </span>
    </p>
   </div>
   <div class='ocr_carea' id='block_1_8' title="bbox 399 892 2067 972">
    <p class='ocr_par' dir='ltr' id='par_1_8' title="bbox 399 892 2067 972">
     <span class='ocr_line' id='line_1_8' title="bbox 399 892 2067 972; baseline -0.005 -19"><span class='ocrx_word' id='word_1_53' title='bbox 399 901 675 970; x_wconf 77' lang='grc' dir='ltr'>ἡμετέραν</span> <span class='ocrx_word' id='word_1_54' title='bbox 717 900 882 953; x_wconf 84' lang='grc' dir='ltr'><strong>ὑπέδυ</strong></span> <span class='ocrx_word' id='word_1_55' title='bbox 913 900 1111 972; x_wconf 87' lang='grc' dir='ltr'>σάρκα,</span> <span class='ocrx_word' id='word_1_56' title='bbox 1156 898 1250 951; x_wconf 74' lang='grc' dir='ltr'>καὶ</span> <span class='ocrx_word' id='word_1_57' title='bbox 1274 897 1344 951; x_wconf 83' lang='grc' dir='ltr'>τὰ</span> <span class='ocrx_word' id='word_1_58' title='bbox 1372 897 1506 950; x_wconf 77' lang='grc' dir='ltr'>ἄλλα</span> <span class='ocrx_word' id='word_1_59' title='bbox 1534 897 1712 950; x_wconf 84' lang='grc' dir='ltr'>πάντα</span> <span class='ocrx_word' id='word_1_60' title='bbox 1755 895 1823 948; x_wconf 84' lang='grc' dir='ltr'>τά</span> <span class='ocrx_word' id='word_1_61' title='bbox 1852 892 2067 965; x_wconf 86' lang='grc' dir='ltr'>ἀνθρώ-</span> 
     </span>
    </p>
   </div>
   <div class='ocr_carea' id='block_1_9' title="bbox 402 980 2065 1058">
    <p class='ocr_par' dir='ltr' id='par_1_9' title="bbox 402 980 2065 1058">
     <span class='ocr_line' id='line_1_9' title="bbox 402 980 2065 1058; baseline -0.002 -21"><span class='ocrx_word' id='word_1_62' title='bbox 402 1004 532 1041; x_wconf 87' lang='grc' dir='ltr'>πινα</span> <span class='ocrx_word' id='word_1_63' title='bbox 565 988 876 1058; x_wconf 80' lang='grc' dir='ltr'>ὑπέμεινεν,</span> <span class='ocrx_word' id='word_1_64' title='bbox 908 988 1040 1041; x_wconf 83' lang='grc' dir='ltr'>ὅπου</span> <span class='ocrx_word' id='word_1_65' title='bbox 1079 1002 1144 1054; x_wconf 92' lang='grc' dir='ltr'>γε</span> <span class='ocrx_word' id='word_1_66' title='bbox 1188 985 1283 1038; x_wconf 74' lang='grc' dir='ltr'>καὶ</span> <span class='ocrx_word' id='word_1_67' title='bbox 1325 983 1417 1036; x_wconf 81' lang='grc' dir='ltr'>τὸν</span> <span class='ocrx_word' id='word_1_68' title='bbox 1458 982 1689 1053; x_wconf 84' lang='grc' dir='ltr'>σταυρὸν</span> <span class='ocrx_word' id='word_1_69' title='bbox 1723 980 2065 1046; x_wconf 78' lang='grc' dir='ltr'>κατεδέξατο,</span> 
     </span>
    </p>
   </div>
   <div class='ocr_carea' id='block_1_10' title="bbox 401 1067 2067 1144">
    <p class='ocr_par' dir='ltr' id='par_1_10' title="bbox 401 1067 2067 1144">
     <span class='ocr_line' id='line_1_10' title="bbox 401 1067 2067 1144; baseline -0.003 -20"><span class='ocrx_word' id='word_1_70' title='bbox 401 1075 488 1127; x_wconf 88' lang='grc' dir='ltr'>ἴνα</span> <span class='ocrx_word' id='word_1_71' title='bbox 522 1076 667 1144; x_wconf 80' lang='grc' dir='ltr'>ἡμᾶς</span> <span class='ocrx_word' id='word_1_72' title='bbox 691 1076 818 1139; x_wconf 74' lang='grc' dir='ltr'>τοὺς</span> <span class='ocrx_word' id='word_1_73' title='bbox 850 1074 956 1128; x_wconf 77' lang='grc' dir='ltr'>ὑπὸ</span> <span class='ocrx_word' id='word_1_74' title='bbox 996 1072 1279 1144; x_wconf 87' lang='grc' dir='ltr'>ἀμαρτιῶν</span> <span class='ocrx_word' id='word_1_75' title='bbox 1307 1070 1728 1141; x_wconf 75' lang='grc' dir='ltr'>προδεδομένους</span> <span class='ocrx_word' id='word_1_76' title='bbox 1768 1068 1868 1137; x_wconf 76' lang='grc' dir='ltr'>τῆς</span> <span class='ocrx_word' id='word_1_77' title='bbox 1900 1067 2067 1120; x_wconf 86' lang='grc' dir='ltr'>κατά-</span> 
     </span>
    </p>
   </div>
   <div class='ocr_carea' id='block_1_11' title="bbox 403 1156 2066 1236">
    <p class='ocr_par' dir='ltr' id='par_1_11' title="bbox 403 1156 2066 1236">
     <span class='ocr_line' id='line_1_11' title="bbox 403 1156 2066 1236; baseline -0.004 -23"><span class='ocrx_word' id='word_1_78' title='bbox 403 1178 499 1229; x_wconf 86' lang='grc' dir='ltr'>ρας</span> <span class='ocrx_word' id='word_1_79' title='bbox 525 1160 866 1236; x_wconf 81' lang='grc' dir='ltr'>ἐλευθερώσῃ</span> <span class='ocrx_word' id='word_1_80' title='bbox 885 1179 899 1227; x_wconf 89' lang='lat'><strong>;</strong></span> <span class='ocrx_word' id='word_1_81' title='bbox 925 1162 1034 1215; x_wconf 87' lang='lat' dir='ltr'>Kal</span> <span class='ocrx_word' id='word_1_82' title='bbox 1055 1161 1152 1230; x_wconf 80' lang='grc' dir='ltr'>βοᾷ</span> <span class='ocrx_word' id='word_1_83' title='bbox 1174 1159 1333 1213; x_wconf 90' lang='grc' dir='ltr'>τοῦτο</span> <span class='ocrx_word' id='word_1_84' title='bbox 1356 1158 1563 1221; x_wconf 81' lang='grc' dir='ltr'>Παῦλος</span> <span class='ocrx_word' id='word_1_85' title='bbox 1583 1157 1755 1225; x_wconf 89' lang='grc' dir='ltr'>λέγων</span> <span class='ocrx_word' id='word_1_86' title='bbox 1774 1173 1789 1186; x_wconf 87' lang='grc'><strong>·</strong></span> <span class='ocrx_word' id='word_1_87' title='bbox 1813 1156 2066 1223; x_wconf 82' lang='grc' dir='ltr'>Χριστὸς</span> 
     </span>
    </p>
   </div>
   <div class='ocr_carea' id='block_1_12' title="bbox 400 1239 2067 1316">
    <p class='ocr_par' dir='ltr' id='par_1_12' title="bbox 400 1239 2067 1316">
     <span class='ocr_line' id='line_1_12' title="bbox 400 1239 2067 1316; baseline -0.005 -15"><span class='ocrx_word' id='word_1_88' title='bbox 400 1244 557 1315; x_wconf 68' lang='grc' dir='ltr'>ἡμᾶς</span> <span class='ocrx_word' id='word_1_89' title='bbox 586 1247 962 1316; x_wconf 79' lang='grc' dir='ltr'>ἐξηγόρασεν</span> <span class='ocrx_word' id='word_1_90' title='bbox 1001 1246 1069 1300; x_wconf 75' lang='grc' dir='ltr'>ἐκ</span> <span class='ocrx_word' id='word_1_91' title='bbox 1099 1244 1209 1313; x_wconf 84' lang='grc' dir='ltr'>τῆς</span> <span class='ocrx_word' id='word_1_92' title='bbox 1240 1243 1500 1312; x_wconf 82' lang='grc' dir='ltr'>κατάρας</span> <span class='ocrx_word' id='word_1_93' title='bbox 1527 1239 1632 1297; x_wconf 84' lang='grc' dir='ltr'>τοῦ</span> <span class='ocrx_word' id='word_1_94' title='bbox 1662 1243 1870 1311; x_wconf 87' lang='grc' dir='ltr'>νόμου,</span> <span class='ocrx_word' id='word_1_95' title='bbox 1899 1244 2067 1309; x_wconf 77' lang='grc' dir='ltr'>γενό-</span> 
     </span>
    </p>
   </div>
   <div class='ocr_carea' id='block_1_13' title="bbox 394 1327 2069 1404">
    <p class='ocr_par' dir='ltr' id='par_1_13' title="bbox 394 1327 2069 1404">
     <span class='ocr_line' id='line_1_13' title="bbox 394 1327 2069 1404; baseline -0.004 -17"><span class='ocrx_word' id='word_1_96' title='bbox 394 1351 578 1403; x_wconf 86' lang='grc' dir='ltr'>μενος</span> <span class='ocrx_word' id='word_1_97' title='bbox 607 1336 759 1403; x_wconf 79' lang='grc' dir='ltr'>ὑπὲρ</span> <span class='ocrx_word' id='word_1_98' title='bbox 804 1333 975 1404; x_wconf 75' lang='grc' dir='ltr'>ἡμῶν</span> <span class='ocrx_word' id='word_1_99' title='bbox 1000 1334 1247 1402; x_wconf 81' lang='grc' dir='ltr'>κατάρα.</span> <span class='ocrx_word' id='word_1_100' title='bbox 1290 1334 1354 1386; x_wconf 87' lang='grc' dir='ltr'><strong>Εἰ</strong></span> <span class='ocrx_word' id='word_1_101' title='bbox 1394 1332 1573 1384; x_wconf 86' lang='grc' dir='ltr'>τοίνυν</span> <span class='ocrx_word' id='word_1_102' title='bbox 1612 1330 1794 1393; x_wconf 79' lang='grc' dir='ltr'>αὑτὸς,</span> <span class='ocrx_word' id='word_1_103' title='bbox 1825 1329 1957 1391; x_wconf 77' lang='grc' dir='ltr'>Θεὸς</span> <span class='ocrx_word' id='word_1_104' title='bbox 1992 1327 2069 1381; x_wconf 84' lang='grc' dir='ltr'>ῶν</span> 
     </span>
    </p>
   </div>
   <div class='ocr_carea' id='block_1_14' title="bbox 402 1415 2069 1492">
    <p class='ocr_par' dir='ltr' id='par_1_14' title="bbox 402 1415 2069 1492">
     <span class='ocr_line' id='line_1_14' title="bbox 402 1415 2069 1492; baseline -0.005 -17"><span class='ocrx_word' id='word_1_105' title='bbox 402 1423 495 1475; x_wconf 80' lang='grc' dir='ltr'>καὶ</span> <span class='ocrx_word' id='word_1_106' title='bbox 520 1422 620 1491; x_wconf 81' lang='grc' dir='ltr'>τῆς</span> <span class='ocrx_word' id='word_1_107' title='bbox 664 1422 851 1485; x_wconf 75' lang='grc' dir='ltr'>οὐσίας</span> <span class='ocrx_word' id='word_1_108' title='bbox 888 1423 1102 1492; x_wconf 78' lang='grc' dir='ltr'>ἐκείνης</span> <span class='ocrx_word' id='word_1_109' title='bbox 1134 1422 1234 1491; x_wconf 84' lang='grc' dir='ltr'>τῆς</span> <span class='ocrx_word' id='word_1_110' title='bbox 1276 1422 1588 1492; x_wconf 68' lang='grc' dir='ltr'>ἀπορρήτου</span> <span class='ocrx_word' id='word_1_111' title='bbox 1632 1418 1935 1488; x_wconf 86' lang='grc' dir='ltr'>τυγχάνων,</span> <span class='ocrx_word' id='word_1_112' title='bbox 1980 1415 2069 1470; x_wconf 85' lang='grc' dir='ltr'>διά</span> 
     </span>
    </p>
   </div>
   <div class='ocr_carea' id='block_1_15' title="bbox 404 1506 2067 1583">
    <p class='ocr_par' dir='ltr' id='par_1_15' title="bbox 404 1506 2067 1583">
     <span class='ocr_line' id='line_1_15' title="bbox 404 1506 2067 1583; baseline -0.003 -21"><span class='ocrx_word' id='word_1_113' title='bbox 404 1510 812 1583; x_wconf 84' lang='grc' dir='ltr'>φιλανθρωπίαν</span> <span class='ocrx_word' id='word_1_114' title='bbox 834 1510 1041 1579; x_wconf 83' lang='grc' dir='ltr'>ἀφατον</span> <span class='ocrx_word' id='word_1_115' title='bbox 1058 1509 1229 1564; x_wconf 83' lang='grc' dir='ltr'>ταῦτα</span> <span class='ocrx_word' id='word_1_116' title='bbox 1250 1510 1466 1564; x_wconf 76' lang='grc' dir='ltr'>ἅπαντα</span> <span class='ocrx_word' id='word_1_117' title='bbox 1489 1506 1812 1570; x_wconf 80' lang='grc' dir='ltr'>κατεδέξατο</span> <span class='ocrx_word' id='word_1_118' title='bbox 1833 1506 1900 1558; x_wconf 85' lang='grc' dir='ltr'>δι’</span> <span class='ocrx_word' id='word_1_119' title='bbox 1920 1506 2067 1575; x_wconf 83' lang='grc' dir='ltr'>ἡμᾶς</span> 
     </span>
    </p>
   </div>
   <div class='ocr_carea' id='block_1_16' title="bbox 403 1591 2069 1669">
    <p class='ocr_par' dir='ltr' id='par_1_16' title="bbox 403 1591 2069 1669">
     <span class='ocr_line' id='line_1_16' title="bbox 403 1591 2069 1669; baseline -0.004 -20"><span class='ocrx_word' id='word_1_120' title='bbox 403 1598 495 1650; x_wconf 85' lang='grc' dir='ltr'>καὶ</span> <span class='ocrx_word' id='word_1_121' title='bbox 521 1598 619 1668; x_wconf 77' lang='grc' dir='ltr'>τὴν</span> <span class='ocrx_word' id='word_1_122' title='bbox 647 1598 920 1668; x_wconf 82' lang='grc' dir='ltr'>σωτηρίαν</span> <span class='ocrx_word' id='word_1_123' title='bbox 948 1598 1048 1669; x_wconf 82' lang='grc' dir='ltr'>τὴν</span> <span class='ocrx_word' id='word_1_124' title='bbox 1075 1597 1347 1668; x_wconf 79' lang='grc' dir='ltr'>ἡμετέραν</span> <span class='ocrx_word' id='word_1_125' title='bbox 1368 1611 1383 1625; x_wconf 81' lang='grc'><strong><em>⁸</em></strong></span> <span class='ocrx_word' id='word_1_126' title='bbox 1413 1596 1464 1648; x_wconf 87' lang='grc' dir='ltr'>τί</span> <span class='ocrx_word' id='word_1_127' title='bbox 1491 1596 1589 1648; x_wconf 90' lang='grc' dir='ltr'>οὑκ</span> <span class='ocrx_word' id='word_1_128' title='bbox 1608 1595 1674 1648; x_wconf 85' lang='grc' dir='ltr'>ἂν</span> <span class='ocrx_word' id='word_1_129' title='bbox 1706 1594 1896 1663; x_wconf 74' lang='grc' dir='ltr'>εἴημεν</span> <span class='ocrx_word' id='word_1_130' title='bbox 1917 1591 2069 1645; x_wconf 81' lang='grc' dir='ltr'>αὑτοὶ</span> 
     </span>
    </p>
   </div>
   <div class='ocr_carea' id='block_1_17' title="bbox 400 1678 2071 1757">
    <p class='ocr_par' dir='ltr' id='par_1_17' title="bbox 400 1678 2071 1757">
     <span class='ocr_line' id='line_1_17' title="bbox 400 1678 2071 1757; baseline -0.002 -22"><span class='ocrx_word' id='word_1_131' title='bbox 400 1684 599 1737; x_wconf 86' lang='grc' dir='ltr'>δίκαιοι</span> <span class='ocrx_word' id='word_1_132' title='bbox 628 1688 756 1756; x_wconf 80' lang='grc' dir='ltr'>περὶ</span> <span class='ocrx_word' id='word_1_133' title='bbox 782 1688 907 1749; x_wconf 80' lang='grc' dir='ltr'>τοὺς</span> <span class='ocrx_word' id='word_1_134' title='bbox 931 1689 1208 1757; x_wconf 83' lang='grc' dir='ltr'>ὁμογενεῖς</span> <span class='ocrx_word' id='word_1_135' title='bbox 1233 1684 1597 1751; x_wconf 85' lang='grc' dir='ltr'>ἐπιδείξασθαι</span> <span class='ocrx_word' id='word_1_136' title='bbox 1621 1681 1714 1735; x_wconf 74' lang='grc' dir='ltr'>καὶ</span> <span class='ocrx_word' id='word_1_137' title='bbox 1740 1680 1807 1733; x_wconf 84' lang='grc' dir='ltr'>τὰ</span> <span class='ocrx_word' id='word_1_138' title='bbox 1837 1678 1973 1749; x_wconf 84' lang='grc' dir='ltr'>μέλη</span> <span class='ocrx_word' id='word_1_139' title='bbox 1999 1679 2071 1731; x_wconf 74' lang='grc' dir='ltr'>τὰ</span> 
     </span>
    </p>
   </div>
   <div class='ocr_carea' id='block_1_18' title="bbox 402 1766 2067 1843">
    <p class='ocr_par' dir='ltr' id='par_1_18' title="bbox 402 1766 2067 1843">
     <span class='ocr_line' id='line_1_18' title="bbox 402 1766 2067 1843; baseline -0.013 -4"><span class='ocrx_word' id='word_1_140' title='bbox 402 1771 666 1841; x_wconf 74' lang='grc' dir='ltr'>ἡμέτερα.</span> <span class='ocrx_word' id='word_1_141' title='bbox 701 1771 840 1825; x_wconf 82' lang='grc' dir='ltr'>ὥστε</span> <span class='ocrx_word' id='word_1_142' title='bbox 892 1774 986 1826; x_wconf 79' lang='grc' dir='ltr'>καὶ</span> <span class='ocrx_word' id='word_1_143' title='bbox 1025 1776 1125 1843; x_wconf 82' lang='grc' dir='ltr'>τῆς</span> <span class='ocrx_word' id='word_1_144' title='bbox 1166 1773 1444 1842; x_wconf 84' lang='grc' dir='ltr'>φάρυγγος</span> <span class='ocrx_word' id='word_1_145' title='bbox 1474 1769 1670 1832; x_wconf 80' lang='grc' dir='ltr'>αὑτοὺς</span> <span class='ocrx_word' id='word_1_146' title='bbox 1705 1779 1731 1807; x_wconf 74' lang='grc' dir='ltr'>ι</span> <span class='ocrx_word' id='word_1_147' title='bbox 1762 1766 2067 1837; x_wconf 77' lang='grc' dir='ltr'>ἐξαρπάσαι</span> 
     </span>
    </p>
   </div>
   <div class='ocr_carea' id='block_1_19' title="bbox 401 1855 2067 1930">
    <p class='ocr_par' dir='ltr' id='par_1_19' title="bbox 401 1855 2067 1930">
     <span class='ocr_line' id='line_1_19' title="bbox 401 1855 2067 1930; baseline 0.008 -22"><span class='ocrx_word' id='word_1_148' title='bbox 401 1856 495 1909; x_wconf 91' lang='grc' dir='ltr'>τοῦ</span> <span class='ocrx_word' id='word_1_149' title='bbox 524 1858 791 1923; x_wconf 89' lang='grc' dir='ltr'>διαϐόλου,</span> <span class='ocrx_word' id='word_1_150' title='bbox 824 1861 918 1913; x_wconf 80' lang='lat' dir='ltr'><strong><em>xal</em></strong></span> <span class='ocrx_word' id='word_1_151' title='bbox 948 1861 1083 1929; x_wconf 77' lang='grc' dir='ltr'>πρὸς</span> <span class='ocrx_word' id='word_1_152' title='bbox 1125 1859 1222 1930; x_wconf 80' lang='grc' dir='ltr'>τὴν</span> <span class='ocrx_word' id='word_1_153' title='bbox 1268 1859 1365 1928; x_wconf 81' lang='grc' dir='ltr'>τῆς</span> <span class='ocrx_word' id='word_1_154' title='bbox 1400 1856 1601 1928; x_wconf 82' lang='grc' dir='ltr'>ἀρετῆς</span> <span class='ocrx_word' id='word_1_155' title='bbox 1647 1855 1765 1909; x_wconf 71' lang='grc' dir='ltr'>ὁδὸν</span> <span class='ocrx_word' id='word_1_156' title='bbox 1796 1869 2067 1924; x_wconf 81' lang='grc' dir='ltr'>χειραγω-</span> 
     </span>
    </p>
   </div>
   <div class='ocr_carea' id='block_1_20' title="bbox 401 1940 2067 2017">
    <p class='ocr_par' dir='ltr' id='par_1_20' title="bbox 401 1940 2067 2017">
     <span class='ocr_line' id='line_1_20' title="bbox 401 1940 2067 2017; baseline -0.011 -6"><span class='ocrx_word' id='word_1_157' title='bbox 401 1944 603 2013; x_wconf 78' lang='grc' dir='ltr'>γῆσαιῖ</span> <span class='ocrx_word' id='word_1_158' title='bbox 633 1942 785 2015; x_wconf 86' lang='grc' dir='ltr'>Ὂσῳ</span> <span class='ocrx_word' id='word_1_159' title='bbox 829 1946 937 2017; x_wconf 84' lang='grc' dir='ltr'>γὰρ</span> <span class='ocrx_word' id='word_1_160' title='bbox 985 1946 1131 2017; x_wconf 79' lang='grc' dir='ltr'>ψυχὴ</span> <span class='ocrx_word' id='word_1_161' title='bbox 1179 1946 1427 2016; x_wconf 89' lang='grc' dir='ltr'>σώματος</span> <span class='ocrx_word' id='word_1_162' title='bbox 1476 1944 1779 2015; x_wconf 87' lang='grc' dir='ltr'>κρείσσων,</span> <span class='ocrx_word' id='word_1_163' title='bbox 1828 1940 2067 2010; x_wconf 88' lang='grc' dir='ltr'>τοσούτῳ</span> 
     </span>
    </p>
   </div>
   <div class='ocr_carea' id='block_1_21' title="bbox 400 2025 2070 2103">
    <p class='ocr_par' dir='ltr' id='par_1_21' title="bbox 400 2025 2070 2103">
     <span class='ocr_line' id='line_1_21' title="bbox 400 2025 2070 2103; baseline -0.001 -21"><span class='ocrx_word' id='word_1_164' title='bbox 400 2031 510 2084; x_wconf 87' lang='grc' dir='ltr'>τῶν</span> <span class='ocrx_word' id='word_1_165' title='bbox 548 2034 791 2103; x_wconf 86' lang='grc' dir='ltr'>χρήμασι</span> <span class='ocrx_word' id='word_1_166' title='bbox 824 2032 1158 2103; x_wconf 82' lang='grc' dir='ltr'>βοηθούντων</span> <span class='ocrx_word' id='word_1_167' title='bbox 1186 2036 1295 2096; x_wconf 83' lang='grc' dir='ltr'>τοῖς</span> <span class='ocrx_word' id='word_1_168' title='bbox 1331 2032 1602 2102; x_wconf 83' lang='grc' dir='ltr'>δεομένοις</span> <span class='ocrx_word' id='word_1_169' title='bbox 1635 2025 1778 2084; x_wconf 78' lang='grc' dir='ltr'>οῦτοι</span> <span class='ocrx_word' id='word_1_170' title='bbox 1804 2026 2070 2098; x_wconf 75' lang='grc' dir='ltr'>μειζόνων</span> 
     </span>
    </p>
   </div>
   <div class='ocr_carea' id='block_1_22' title="bbox 402 2116 2068 2190">
    <p class='ocr_par' dir='ltr' id='par_1_22' title="bbox 402 2116 2068 2190">
     <span class='ocr_line' id='line_1_22' title="bbox 402 2116 2068 2190; baseline -0.002 -19"><span class='ocrx_word' id='word_1_171' title='bbox 402 2118 677 2182; x_wconf 81' lang='grc' dir='ltr'>ἀξιοῦνται</span> <span class='ocrx_word' id='word_1_172' title='bbox 705 2119 816 2173; x_wconf 91' lang='grc' dir='ltr'>τῶν</span> <span class='ocrx_word' id='word_1_173' title='bbox 844 2121 1089 2190; x_wconf 89' lang='grc' dir='ltr'>ἀμοιϐῶν</span> <span class='ocrx_word' id='word_1_174' title='bbox 1123 2122 1173 2173; x_wconf 90' lang='grc' dir='ltr'>οί</span> <span class='ocrx_word' id='word_1_175' title='bbox 1206 2120 1295 2173; x_wconf 88' lang='grc' dir='ltr'>διά</span> <span class='ocrx_word' id='word_1_176' title='bbox 1322 2121 1421 2189; x_wconf 82' lang='grc' dir='ltr'>τῆς</span> <span class='ocrx_word' id='word_1_177' title='bbox 1448 2118 1822 2190; x_wconf 86' lang='grc' dir='ltr'>παραινέσεως</span> <span class='ocrx_word' id='word_1_178' title='bbox 1850 2116 1942 2169; x_wconf 77' lang='grc' dir='ltr'>καὶ</span> <span class='ocrx_word' id='word_1_179' title='bbox 1969 2116 2068 2185; x_wconf 87' lang='grc' dir='ltr'>τῆς</span> 
     </span>
    </p>
   </div>
   <div class='ocr_carea' id='block_1_23' title="bbox 404 2203 2069 2281">
    <p class='ocr_par' dir='ltr' id='par_1_23' title="bbox 404 2203 2069 2281">
     <span class='ocr_line' id='line_1_23' title="bbox 404 2203 2069 2281; baseline -0.001 -23"><span class='ocrx_word' id='word_1_180' title='bbox 404 2209 659 2278; x_wconf 84' lang='grc' dir='ltr'>συνεχοῦς</span> <span class='ocrx_word' id='word_1_181' title='bbox 678 2208 1022 2272; x_wconf 87' lang='grc' dir='ltr'>διδασκαλίας</span> <span class='ocrx_word' id='word_1_182' title='bbox 1042 2211 1165 2273; x_wconf 82' lang='grc' dir='ltr'>τοὺς</span> <span class='ocrx_word' id='word_1_183' title='bbox 1201 2208 1476 2281; x_wconf 80' lang='grc' dir='ltr'>ῥᾳθύμους</span> <span class='ocrx_word' id='word_1_184' title='bbox 1495 2210 1588 2261; x_wconf 72' lang='grc' dir='ltr'>καὶ</span> <span class='ocrx_word' id='word_1_185' title='bbox 1608 2203 2069 2266; x_wconf 86' lang='grc' dir='ltr'>άναπεπτωκότας</span> 
     </span>
    </p>
   </div>
   <div class='ocr_carea' id='block_1_24' title="bbox 401 2291 2067 2366">
    <p class='ocr_par' dir='ltr' id='par_1_24' title="bbox 401 2291 2067 2366">
     <span class='ocr_line' id='line_1_24' title="bbox 401 2291 2067 2366; baseline -0.004 -19"><span class='ocrx_word' id='word_1_186' title='bbox 401 2295 691 2361; x_wconf 83' lang='grc' dir='ltr'>ἀνάγοντες</span> <span class='ocrx_word' id='word_1_187' title='bbox 719 2296 812 2348; x_wconf 80' lang='grc' dir='ltr'>ἐπὶ</span> <span class='ocrx_word' id='word_1_188' title='bbox 837 2296 935 2366; x_wconf 81' lang='grc' dir='ltr'>τὴν</span> <span class='ocrx_word' id='word_1_189' title='bbox 964 2296 1177 2349; x_wconf 81' lang='grc' dir='ltr'>εὐθεῖαν</span> <span class='ocrx_word' id='word_1_190' title='bbox 1209 2297 1348 2359; x_wconf 77' lang='grc' dir='ltr'>ὁδὸν,</span> <span class='ocrx_word' id='word_1_191' title='bbox 1373 2296 1467 2348; x_wconf 78' lang='grc' dir='ltr'>καὶ</span> <span class='ocrx_word' id='word_1_192' title='bbox 1501 2294 1808 2355; x_wconf 86' lang='grc' dir='ltr'>δεικνύντες</span> <span class='ocrx_word' id='word_1_193' title='bbox 1834 2292 1934 2361; x_wconf 81' lang='grc' dir='ltr'>τῆς</span> <span class='ocrx_word' id='word_1_194' title='bbox 1969 2291 2067 2360; x_wconf 81' lang='grc' dir='ltr'>μὲν</span> 
     </span>
    </p>
   </div>
   <div class='ocr_carea' id='block_1_25' title="bbox 402 2378 2067 2455">
    <p class='ocr_par' dir='ltr' id='par_1_25' title="bbox 402 2378 2067 2455">
     <span class='ocr_line' id='line_1_25' title="bbox 402 2378 2067 2455; baseline 0.01 -23"><span class='ocrx_word' id='word_1_195' title='bbox 402 2383 599 2445; x_wconf 76' lang='grc' dir='ltr'>κακίας</span> <span class='ocrx_word' id='word_1_196' title='bbox 628 2383 687 2436; x_wconf 86' lang='grc' dir='ltr'>τὸ</span> <span class='ocrx_word' id='word_1_197' title='bbox 710 2384 963 2450; x_wconf 86' lang='grc' dir='ltr'>δυσειδὲς,</span> <span class='ocrx_word' id='word_1_198' title='bbox 993 2385 1092 2455; x_wconf 83' lang='grc' dir='ltr'>τῆς</span> <span class='ocrx_word' id='word_1_199' title='bbox 1113 2384 1170 2438; x_wconf 83' lang='grc' dir='ltr'>δὲ</span> <span class='ocrx_word' id='word_1_200' title='bbox 1196 2384 1336 2439; x_wconf 89' lang='grc' dir='ltr'>κατά</span> <span class='ocrx_word' id='word_1_201' title='bbox 1361 2384 1493 2438; x_wconf 80' lang='grc' dir='ltr'>Θεὸν</span> <span class='ocrx_word' id='word_1_202' title='bbox 1516 2383 1716 2455; x_wconf 82' lang='grc' dir='ltr'>ἀρετῆς</span> <span class='ocrx_word' id='word_1_203' title='bbox 1743 2380 1840 2451; x_wconf 80' lang='grc' dir='ltr'>τὴν</span> <span class='ocrx_word' id='word_1_204' title='bbox 1867 2378 2067 2450; x_wconf 72' lang='grc' dir='ltr'>πολλὴν</span> 
     </span>
    </p>
   </div>
   <div class='ocr_carea' id='block_1_26' title="bbox 400 2470 774 2539">
    <p class='ocr_par' dir='ltr' id='par_1_26' title="bbox 400 2470 774 2539">
     <span class='ocr_line' id='line_1_26' title="bbox 400 2470 774 2539; baseline 0.016 -18"><span class='ocrx_word' id='word_1_205' title='bbox 400 2470 702 2539; x_wconf 75' lang='grc' dir='ltr'>εὐμορφίαν</span> <span class='ocrx_word' id='word_1_206' title='bbox 727 2472 774 2527; x_wconf 68' lang='grc' dir='ltr'>δ.</span> 
     </span>
    </p>
   </div>
   <div class='ocr_carea' id='block_1_27' title="bbox 439 2573 2068 2648">
    <p class='ocr_par' dir='ltr' id='par_1_27' title="bbox 439 2573 2068 2648">
     <span class='ocr_line' id='line_1_27' title="bbox 439 2573 2068 2648; baseline 0.001 -23"><span class='ocrx_word' id='word_1_207' title='bbox 439 2580 500 2626; x_wconf 86' lang='grc' dir='ltr'>ε’.</span> <span class='ocrx_word' id='word_1_208' title='bbox 516 2574 699 2628; x_wconf 89' lang='grc' dir='ltr'>Ταῦτα</span> <span class='ocrx_word' id='word_1_209' title='bbox 714 2576 893 2630; x_wconf 91' lang='grc' dir='ltr'>τοίνυν</span> <span class='ocrx_word' id='word_1_210' title='bbox 913 2577 1127 2631; x_wconf 78' lang='grc' dir='ltr'>ἅπαντα</span> <span class='ocrx_word' id='word_1_211' title='bbox 1144 2577 1364 2642; x_wconf 76' lang='grc' dir='ltr'>ειδότες,</span> <span class='ocrx_word' id='word_1_212' title='bbox 1383 2577 1489 2648; x_wconf 81' lang='grc' dir='ltr'>πρὸ</span> <span class='ocrx_word' id='word_1_213' title='bbox 1506 2575 1615 2628; x_wconf 89' lang='grc' dir='ltr'>τῶν</span> <span class='ocrx_word' id='word_1_214' title='bbox 1625 2575 1798 2630; x_wconf 84' lang='grc' dir='ltr'>ἀλλων</span> <span class='ocrx_word' id='word_1_215' title='bbox 1814 2573 2068 2627; x_wconf 88' lang='grc' dir='ltr'>ἀπάντων</span> 
     </span>
    </p>
   </div>
   <div class='ocr_carea' id='block_1_28' title="bbox 399 2671 2066 2746">
    <p class='ocr_par' dir='ltr' id='par_1_28' title="bbox 399 2671 2066 2746">
     <span class='ocr_line' id='line_1_28' title="bbox 399 2671 2066 2746; baseline 0.001 -23"><span class='ocrx_word' id='word_1_216' title='bbox 399 2672 507 2724; x_wconf 88' lang='grc' dir='ltr'>τῶν</span> <span class='ocrx_word' id='word_1_217' title='bbox 536 2673 805 2741; x_wconf 84' lang='grc' dir='ltr'>βιωτικῶν</span> <span class='ocrx_word' id='word_1_218' title='bbox 834 2674 963 2745; x_wconf 77' lang='grc' dir='ltr'>περὶ</span> <span class='ocrx_word' id='word_1_219' title='bbox 992 2675 1092 2745; x_wconf 85' lang='grc' dir='ltr'>τῆς</span> <span class='ocrx_word' id='word_1_220' title='bbox 1124 2676 1264 2730; x_wconf 82' lang='grc' dir='ltr'>κατὰ</span> <span class='ocrx_word' id='word_1_221' title='bbox 1295 2676 1472 2745; x_wconf 84' lang='grc' dir='ltr'>ψυχὴν</span> <span class='ocrx_word' id='word_1_222' title='bbox 1502 2673 1774 2746; x_wconf 88' lang='grc' dir='ltr'>σωτηρίας</span> <span class='ocrx_word' id='word_1_223' title='bbox 1807 2671 2066 2739; x_wconf 86' lang='grc' dir='ltr'>διαλεγώ-</span> 
     </span>
    </p>
   </div>
   <div class='ocr_carea' id='block_1_29' title="bbox 403 2764 2066 2838">
    <p class='ocr_par' dir='ltr' id='par_1_29' title="bbox 403 2764 2066 2838">
     <span class='ocr_line' id='line_1_29' title="bbox 403 2764 2066 2838; baseline -0.001 -19"><span class='ocrx_word' id='word_1_224' title='bbox 403 2766 541 2835; x_wconf 85' lang='grc' dir='ltr'>μεθα</span> <span class='ocrx_word' id='word_1_225' title='bbox 579 2767 693 2831; x_wconf 84' lang='grc' dir='ltr'>τοῖς</span> <span class='ocrx_word' id='word_1_226' title='bbox 729 2766 991 2838; x_wconf 88' lang='grc' dir='ltr'>πλησίον,</span> <span class='ocrx_word' id='word_1_227' title='bbox 1040 2769 1120 2831; x_wconf 87' lang='grc' dir='ltr'>είς</span> <span class='ocrx_word' id='word_1_228' title='bbox 1162 2767 1367 2837; x_wconf 86' lang='grc' dir='ltr'>ταύτην</span> <span class='ocrx_word' id='word_1_229' title='bbox 1402 2768 1598 2830; x_wconf 83' lang='grc' dir='ltr'>αὑτοὺς</span> <span class='ocrx_word' id='word_1_230' title='bbox 1642 2766 1923 2834; x_wconf 90' lang='grc' dir='ltr'>ἐνάγοντες</span> <span class='ocrx_word' id='word_1_231' title='bbox 1967 2764 2066 2831; x_wconf 77' lang='grc' dir='ltr'>τὴν</span> 
     </span>
    </p>
   </div>
   <div class='ocr_carea' id='block_1_30' title="bbox 402 2862 2066 2935">
    <p class='ocr_par' dir='ltr' id='par_1_30' title="bbox 402 2862 2066 2935">
     <span class='ocr_line' id='line_1_30' title="bbox 402 2862 2066 2935; baseline -0.001 -19"><span class='ocrx_word' id='word_1_232' title='bbox 402 2865 689 2935; x_wconf 87' lang='grc' dir='ltr'>μέριμναν.</span> <span class='ocrx_word' id='word_1_233' title='bbox 736 2865 1044 2935; x_wconf 82' lang='grc' dir='ltr'>Ἀγαπητὸν</span> <span class='ocrx_word' id='word_1_234' title='bbox 1097 2865 1235 2935; x_wconf 82' lang='grc' dir='ltr'>γὰρ,</span> <span class='ocrx_word' id='word_1_235' title='bbox 1268 2865 1584 2935; x_wconf 83' lang='grc' dir='ltr'>ἀγαπητὸν,</span> <span class='ocrx_word' id='word_1_236' title='bbox 1623 2863 1864 2932; x_wconf 89' lang='grc' dir='ltr'>συνεχῶς</span> <span class='ocrx_word' id='word_1_237' title='bbox 1896 2862 2066 2915; x_wconf 78' lang='grc' dir='ltr'>ταῦτα</span> 
     </span>
    </p>
   </div>
   <div class='ocr_carea' id='block_1_31' title="bbox 400 2958 2066 3033">
    <p class='ocr_par' dir='ltr' id='par_1_31' title="bbox 400 2958 2066 3033">
     <span class='ocr_line' id='line_1_31' title="bbox 400 2958 2066 3033; baseline 0.019 -44"><span class='ocrx_word' id='word_1_238' title='bbox 400 2959 768 3031; x_wconf 62' lang='grc' dir='ltr'>ενηχουμένην</span> <span class='ocrx_word' id='word_1_239' title='bbox 804 2960 902 3032; x_wconf 69' lang='grc' dir='ltr'>τὴν</span> <span class='ocrx_word' id='word_1_240' title='bbox 949 2960 1127 3033; x_wconf 76' lang='grc' dir='ltr'>ψυχὴν</span> <span class='ocrx_word' id='word_1_241' title='bbox 1173 2959 1469 3029; x_wconf 84' lang='grc' dir='ltr'>δυνηθῆναι</span> <span class='ocrx_word' id='word_1_242' title='bbox 1511 2960 1826 3026; x_wconf 82' lang='grc' dir='ltr'>ἀνενεγκεῖν</span> <span class='ocrx_word' id='word_1_243' title='bbox 1859 2960 1925 3011; x_wconf 82' lang='grc' dir='ltr'>ἐκ</span> <span class='ocrx_word' id='word_1_244' title='bbox 1966 2958 2066 3027; x_wconf 77' lang='grc' dir='ltr'>τῆς</span> 
     </span>
    </p>
   </div>
   <div class='ocr_carea' id='block_1_32' title="bbox 398 3048 2067 3122">
    <p class='ocr_par' dir='ltr' id='par_1_32' title="bbox 398 3048 2067 3122">
     <span class='ocr_line' id='line_1_32' title="bbox 398 3048 2067 3122; baseline -0.002 -19"><span class='ocrx_word' id='word_1_245' title='bbox 398 3050 637 3105; x_wconf 88' lang='grc' dir='ltr'>ἀϐύσσου</span> <span class='ocrx_word' id='word_1_246' title='bbox 666 3050 776 3104; x_wconf 92' lang='grc' dir='ltr'>τῶν</span> <span class='ocrx_word' id='word_1_247' title='bbox 812 3052 999 3105; x_wconf 84' lang='grc' dir='ltr'>κακῶν</span> <span class='ocrx_word' id='word_1_248' title='bbox 1025 3052 1136 3105; x_wconf 91' lang='grc' dir='ltr'>τῶν</span> <span class='ocrx_word' id='word_1_249' title='bbox 1170 3053 1227 3105; x_wconf 85' lang='grc' dir='ltr'>ἐν</span> <span class='ocrx_word' id='word_1_250' title='bbox 1253 3050 1332 3122; x_wconf 85' lang='grc' dir='ltr'><strong>τῷ</strong></span> <span class='ocrx_word' id='word_1_251' title='bbox 1362 3050 1513 3121; x_wconf 86' lang='grc' dir='ltr'>μέσῳ</span> <span class='ocrx_word' id='word_1_252' title='bbox 1547 3049 1947 3120; x_wconf 84' lang='grc' dir='ltr'>στρεφομένων,</span> <span class='ocrx_word' id='word_1_253' title='bbox 1972 3048 2067 3100; x_wconf 77' lang='grc' dir='ltr'>καὶ</span> 
     </span>
    </p>
   </div>
   <div class='ocr_carea' id='block_1_33' title="bbox 400 3136 2068 3210">
    <p class='ocr_par' dir='ltr' id='par_1_33' title="bbox 400 3136 2068 3210">
     <span class='ocr_line' id='line_1_33' title="bbox 400 3136 2068 3210; baseline -0.002 -19"><span class='ocrx_word' id='word_1_254' title='bbox 400 3138 785 3210; x_wconf 82' lang='grc' dir='ltr'>περιγενέσθαι</span> <span class='ocrx_word' id='word_1_255' title='bbox 816 3139 915 3210; x_wconf 79' lang='grc' dir='ltr'>τῆς</span> <span class='ocrx_word' id='word_1_256' title='bbox 952 3140 1061 3193; x_wconf 85' lang='grc' dir='ltr'>τῶν</span> <span class='ocrx_word' id='word_1_257' title='bbox 1096 3139 1282 3194; x_wconf 88' lang='grc' dir='ltr'>παθῶν</span> <span class='ocrx_word' id='word_1_258' title='bbox 1311 3138 1762 3203; x_wconf 86' lang='grc' dir='ltr'>ἐπαναστάσεως,</span> <span class='ocrx_word' id='word_1_259' title='bbox 1809 3137 1950 3207; x_wconf 76' lang='grc' dir='ltr'>άπερ</span> <span class='ocrx_word' id='word_1_260' title='bbox 1989 3136 2068 3189; x_wconf 86' lang='grc' dir='ltr'>δι-</span> 
     </span>
    </p>
   </div>
   <div class='ocr_carea' id='block_1_34' title="bbox 399 3224 2067 3301">
    <p class='ocr_par' dir='ltr' id='par_1_34' title="bbox 399 3224 2067 3301">
     <span class='ocr_line' id='line_1_34' title="bbox 399 3224 2067 3301; baseline -0.003 -20"><span class='ocrx_word' id='word_1_261' title='bbox 399 3229 611 3299; x_wconf 85' lang='grc' dir='ltr'>ηνεκῶς</span> <span class='ocrx_word' id='word_1_262' title='bbox 643 3228 921 3301; x_wconf 79' lang='grc' dir='ltr'>πολιορκεῖ</span> <span class='ocrx_word' id='word_1_263' title='bbox 967 3230 1066 3299; x_wconf 84' lang='grc' dir='ltr'>τὴν</span> <span class='ocrx_word' id='word_1_264' title='bbox 1106 3229 1378 3300; x_wconf 84' lang='grc' dir='ltr'>ἡμετέραν</span> <span class='ocrx_word' id='word_1_265' title='bbox 1424 3228 1624 3298; x_wconf 78' lang='grc' dir='ltr'>ψυχήν.</span> <span class='ocrx_word' id='word_1_266' title='bbox 1645 3227 1755 3280; x_wconf 88' lang='lat' dir='ltr'>Kal</span> <span class='ocrx_word' id='word_1_267' title='bbox 1789 3225 1878 3280; x_wconf 90' lang='grc' dir='ltr'>διά</span> <span class='ocrx_word' id='word_1_268' title='bbox 1907 3224 2067 3278; x_wconf 80' lang='grc' dir='ltr'>τοῦτο</span> 
     </span>
    </p>
   </div>
   <div class='ocr_carea' id='block_1_35' title="bbox 402 3313 2065 3387">
    <p class='ocr_par' dir='ltr' id='par_1_35' title="bbox 402 3313 2065 3387">
     <span class='ocr_line' id='line_1_35' title="bbox 402 3313 2065 3387; baseline -0.002 -20"><span class='ocrx_word' id='word_1_269' title='bbox 402 3316 558 3385; x_wconf 82' lang='grc' dir='ltr'>χρεία</span> <span class='ocrx_word' id='word_1_270' title='bbox 579 3317 710 3386; x_wconf 87' lang='grc' dir='ltr'>ἡμῖν</span> <span class='ocrx_word' id='word_1_271' title='bbox 754 3317 952 3387; x_wconf 82' lang='grc' dir='ltr'>πολλῆς</span> <span class='ocrx_word' id='word_1_272' title='bbox 977 3317 1076 3386; x_wconf 77' lang='grc' dir='ltr'>τῆς</span> <span class='ocrx_word' id='word_1_273' title='bbox 1105 3318 1430 3386; x_wconf 84' lang='grc' dir='ltr'>ἀγρυπνίας,</span> <span class='ocrx_word' id='word_1_274' title='bbox 1470 3315 1657 3385; x_wconf 82' lang='grc' dir='ltr'>ἐπειδὴ</span> <span class='ocrx_word' id='word_1_275' title='bbox 1688 3316 1781 3369; x_wconf 76' lang='grc' dir='ltr'>καὶ</span> <span class='ocrx_word' id='word_1_276' title='bbox 1814 3313 2065 3383; x_wconf 75' lang='grc' dir='ltr'>διηνεκὴς</span> 
     </span>
    </p>
   </div>
   <div class='ocr_carea' id='block_1_36' title="bbox 400 3400 2067 3475">
    <p class='ocr_par' dir='ltr' id='par_1_36' title="bbox 400 3400 2067 3475">
     <span class='ocr_line' id='line_1_36' title="bbox 400 3400 2067 3475; baseline -0.003 -18"><span class='ocrx_word' id='word_1_277' title='bbox 400 3406 533 3473; x_wconf 84' lang='grc' dir='ltr'>ἡμῖν</span> <span class='ocrx_word' id='word_1_278' title='bbox 564 3405 710 3457; x_wconf 85' lang='grc' dir='ltr'>ἐστιν</span> <span class='ocrx_word' id='word_1_279' title='bbox 735 3406 769 3457; x_wconf 79' lang='grc' dir='ltr'><strong><em>ὁ</em></strong></span> <span class='ocrx_word' id='word_1_280' title='bbox 790 3404 1043 3474; x_wconf 87' lang='grc' dir='ltr'>πόλεμος.</span> <span class='ocrx_word' id='word_1_281' title='bbox 1076 3405 1168 3457; x_wconf 74' lang='grc' dir='ltr'>καὶ</span> <span class='ocrx_word' id='word_1_282' title='bbox 1197 3404 1487 3475; x_wconf 84' lang='grc' dir='ltr'>ἀνακωχὴν</span> <span class='ocrx_word' id='word_1_283' title='bbox 1509 3402 1760 3456; x_wconf 81' lang='grc' dir='ltr'>οὐδέποτε</span> <span class='ocrx_word' id='word_1_284' title='bbox 1789 3401 1929 3471; x_wconf 76' lang='grc' dir='ltr'>ἔχων</span> <span class='ocrx_word' id='word_1_285' title='bbox 1947 3418 1961 3430; x_wconf 81' lang='grc'><strong>’</strong></span> <span class='ocrx_word' id='word_1_286' title='bbox 1985 3400 2067 3453; x_wconf 90' lang='grc' dir='ltr'>διὸ</span> 
     </span>
    </p>
   </div>
   <div class='ocr_carea' id='block_1_37' title="bbox 401 3487 2067 3561">
    <p class='ocr_par' dir='ltr' id='par_1_37' title="bbox 401 3487 2067 3561">
     <span class='ocr_line' id='line_1_37' title="bbox 401 3487 2067 3561; baseline -0.002 -18"><span class='ocrx_word' id='word_1_287' title='bbox 401 3491 497 3543; x_wconf 80' lang='grc' dir='ltr'>καὶ</span> <span class='ocrx_word' id='word_1_288' title='bbox 536 3490 744 3555; x_wconf 88' lang='grc' dir='ltr'>Παῦλος</span> <span class='ocrx_word' id='word_1_289' title='bbox 769 3490 953 3559; x_wconf 73' lang='grc' dir='ltr'>ἔλεγεν</span> <span class='ocrx_word' id='word_1_290' title='bbox 991 3491 1254 3559; x_wconf 84' lang='grc' dir='ltr'>Ἐφεσίοις</span> <span class='ocrx_word' id='word_1_291' title='bbox 1283 3490 1509 3561; x_wconf 89' lang='grc' dir='ltr'>γράφων</span> <span class='ocrx_word' id='word_1_292' title='bbox 1527 3507 1542 3521; x_wconf 77' lang='grc' dir='ltr'><strong>ο</strong></span> <span class='ocrx_word' id='word_1_293' title='bbox 1574 3492 1695 3543; x_wconf 81' lang='grc' dir='ltr'>υὺκ</span> <span class='ocrx_word' id='word_1_294' title='bbox 1724 3491 1895 3542; x_wconf 80' lang='grc' dir='ltr'>ἐστιν</span> <span class='ocrx_word' id='word_1_295' title='bbox 1919 3487 2067 3557; x_wconf 73' lang='grc' dir='ltr'>ἡμῖν</span> 
     </span>
    </p>
   </div>
   <div class='ocr_carea' id='block_1_38' title="bbox 402 3575 2063 3648">
    <p class='ocr_par' dir='ltr' id='par_1_38' title="bbox 402 3575 2063 3648">
     <span class='ocr_line' id='line_1_38' title="bbox 402 3575 2063 3648; baseline -0.002 -17"><span class='ocrx_word' id='word_1_296' title='bbox 402 3580 441 3645; x_wconf 77' lang='grc' dir='ltr'>η</span> <span class='ocrx_word' id='word_1_297' title='bbox 464 3579 627 3647; x_wconf 86' lang='grc' dir='ltr'>πάλη</span> <span class='ocrx_word' id='word_1_298' title='bbox 658 3578 808 3646; x_wconf 85' lang='grc' dir='ltr'>πρὸς</span> <span class='ocrx_word' id='word_1_299' title='bbox 829 3575 973 3648; x_wconf 83' lang='grc' dir='ltr'>αἷμα</span> <span class='ocrx_word' id='word_1_300' title='bbox 996 3579 1093 3631; x_wconf 80' lang='grc' dir='ltr'>καὶ</span> <span class='ocrx_word' id='word_1_301' title='bbox 1125 3579 1341 3647; x_wconf 80' lang='grc' dir='ltr'>σάρκα,</span> <span class='ocrx_word' id='word_1_302' title='bbox 1369 3578 1530 3632; x_wconf 81' lang='grc' dir='ltr'>ἀλλὰ</span> <span class='ocrx_word' id='word_1_303' title='bbox 1550 3576 1699 3644; x_wconf 82' lang='grc' dir='ltr'>πρὸς</span> <span class='ocrx_word' id='word_1_304' title='bbox 1726 3576 1831 3641; x_wconf 88' lang='grc' dir='ltr'>τὰς</span> <span class='ocrx_word' id='word_1_305' title='bbox 1854 3576 2063 3644; x_wconf 80' lang='grc' dir='ltr'>ἀρχὰς,</span> 
     </span>
    </p>
   </div>
   <div class='ocr_carea' id='block_1_39' title="bbox 403 3662 2065 3737">
    <p class='ocr_par' dir='ltr' id='par_1_39' title="bbox 403 3662 2065 3737">
     <span class='ocr_line' id='line_1_39' title="bbox 403 3662 2065 3737; baseline -0.002 -19"><span class='ocrx_word' id='word_1_306' title='bbox 403 3666 518 3737; x_wconf 71' lang='lat'><strong>[20]</strong></span> <span class='ocrx_word' id='word_1_307' title='bbox 548 3665 699 3733; x_wconf 88' lang='grc' dir='ltr'>πρὸς</span> <span class='ocrx_word' id='word_1_308' title='bbox 731 3668 837 3732; x_wconf 85' lang='grc' dir='ltr'>τὰς</span> <span class='ocrx_word' id='word_1_309' title='bbox 867 3666 1176 3732; x_wconf 81' lang='grc' dir='ltr'>ἐξουσίας,</span> <span class='ocrx_word' id='word_1_310' title='bbox 1219 3668 1366 3733; x_wconf 79' lang='grc' dir='ltr'>πρὸς</span> <span class='ocrx_word' id='word_1_311' title='bbox 1399 3664 1539 3729; x_wconf 88' lang='grc' dir='ltr'>τοὺς</span> <span class='ocrx_word' id='word_1_312' title='bbox 1580 3662 2065 3731; x_wconf 81' lang='grc' dir='ltr'>κοσμοκράτορας</span> 
     </span>
    </p>
   </div>
   <div class='ocr_carea' id='block_1_40' title="bbox 402 3750 2065 3820">
    <p class='ocr_par' dir='ltr' id='par_1_40' title="bbox 402 3750 2065 3820">
     <span class='ocr_line' id='line_1_40' title="bbox 402 3750 2065 3820; baseline -0.002 -14"><span class='ocrx_word' id='word_1_313' title='bbox 402 3754 507 3807; x_wconf 85' lang='grc' dir='ltr'>τοῦ</span> <span class='ocrx_word' id='word_1_314' title='bbox 545 3754 809 3820; x_wconf 85' lang='grc' dir='ltr'>σκότους</span> <span class='ocrx_word' id='word_1_315' title='bbox 839 3752 946 3807; x_wconf 87' lang='grc' dir='ltr'>τοῦ</span> <span class='ocrx_word' id='word_1_316' title='bbox 973 3752 1189 3817; x_wconf 74' lang='grc' dir='ltr'>αἰῶνος</span> <span class='ocrx_word' id='word_1_317' title='bbox 1229 3753 1465 3815; x_wconf 84' lang='grc' dir='ltr'>τούτου,</span> <span class='ocrx_word' id='word_1_318' title='bbox 1500 3750 1650 3818; x_wconf 87' lang='grc' dir='ltr'>πρὸς</span> <span class='ocrx_word' id='word_1_319' title='bbox 1699 3750 1770 3803; x_wconf 84' lang='grc' dir='ltr'>τὰ</span> <span class='ocrx_word' id='word_1_320' title='bbox 1804 3766 2065 3820; x_wconf 82' lang='grc' dir='ltr'>πνευμα-</span> 
     </span>
    </p>
   </div>
   <div class='ocr_carea' id='block_1_41' title="bbox 400 3838 2062 3910">
    <p class='ocr_par' dir='ltr' id='par_1_41' title="bbox 400 3838 2062 3910">
     <span class='ocr_line' id='line_1_41' title="bbox 400 3838 2062 3910; baseline -0.002 -18"><span class='ocrx_word' id='word_1_321' title='bbox 400 3840 534 3894; x_wconf 75' lang='grc' dir='ltr'>τικὰ</span> <span class='ocrx_word' id='word_1_322' title='bbox 556 3838 667 3909; x_wconf 82' lang='grc' dir='ltr'>τῆς</span> <span class='ocrx_word' id='word_1_323' title='bbox 690 3842 981 3910; x_wconf 79' lang='grc' dir='ltr'>πονηρίας</span> <span class='ocrx_word' id='word_1_324' title='bbox 1001 3840 1072 3893; x_wconf 80' lang='grc' dir='ltr'>ἐν</span> <span class='ocrx_word' id='word_1_325' title='bbox 1096 3840 1218 3905; x_wconf 85' lang='grc' dir='ltr'>τοῖς</span> <span class='ocrx_word' id='word_1_326' title='bbox 1239 3840 1638 3907; x_wconf 80' lang='grc' dir='ltr'>ἐπουρανίοις.</span> <span class='ocrx_word' id='word_1_327' title='bbox 1670 3838 1760 3909; x_wconf 83' lang='grc' dir='ltr'>Μὴ</span> <span class='ocrx_word' id='word_1_328' title='bbox 1783 3839 2062 3908; x_wconf 89' lang='grc' dir='ltr'>νομίσητε,</span> 
     </span>
    </p>
   </div>
   <div class='ocr_carea' id='block_1_42' title="bbox 400 3925 2065 3999">
    <p class='ocr_par' dir='ltr' id='par_1_42' title="bbox 400 3925 2065 3999">
     <span class='ocr_line' id='line_1_42' title="bbox 400 3925 2065 3999; baseline -0.001 -20"><span class='ocrx_word' id='word_1_329' title='bbox 400 3927 556 3995; x_wconf 78' lang='grc' dir='ltr'>φησὶ,</span> <span class='ocrx_word' id='word_1_330' title='bbox 578 3928 668 3981; x_wconf 78' lang='grc' dir='ltr'>τὸν</span> <span class='ocrx_word' id='word_1_331' title='bbox 692 3928 921 3999; x_wconf 87' lang='grc' dir='ltr'>τυχόντα</span> <span class='ocrx_word' id='word_1_332' title='bbox 940 3928 1074 3999; x_wconf 84' lang='grc' dir='ltr'>ἡμῖν</span> <span class='ocrx_word' id='word_1_333' title='bbox 1105 3927 1423 3999; x_wconf 88' lang='grc' dir='ltr'>προκεῖσθαι</span> <span class='ocrx_word' id='word_1_334' title='bbox 1452 3925 1637 3994; x_wconf 85' lang='grc' dir='ltr'>ἀγῶνα</span> <span class='ocrx_word' id='word_1_335' title='bbox 1660 3942 1673 3956; x_wconf 88' lang='grc'><strong>·</strong></span> <span class='ocrx_word' id='word_1_336' title='bbox 1692 3927 1753 3979; x_wconf 92' lang='grc' dir='ltr'>οὑ</span> <span class='ocrx_word' id='word_1_337' title='bbox 1776 3925 1910 3995; x_wconf 81' lang='grc' dir='ltr'>πρὸς</span> <span class='ocrx_word' id='word_1_338' title='bbox 1934 3928 2065 3996; x_wconf 88' lang='grc' dir='ltr'>ὁμο-</span> 
     </span>
    </p>
   </div>
   <div class='ocr_carea' id='block_1_43' title="bbox 399 4014 2065 4087">
    <p class='ocr_par' dir='ltr' id='par_1_43' title="bbox 399 4014 2065 4087">
     <span class='ocr_line' id='line_1_43' title="bbox 399 4014 2065 4087; baseline 0.001 -21"><span class='ocrx_word' id='word_1_339' title='bbox 399 4018 576 4082; x_wconf 86' lang='grc' dir='ltr'>γενεῖς</span> <span class='ocrx_word' id='word_1_340' title='bbox 599 4017 728 4086; x_wconf 83' lang='grc' dir='ltr'>ἡμῖν</span> <span class='ocrx_word' id='word_1_341' title='bbox 758 4018 906 4069; x_wconf 72' lang='grc' dir='ltr'>ἐστιν</span> <span class='ocrx_word' id='word_1_342' title='bbox 943 4018 977 4087; x_wconf 82' lang='grc' dir='ltr'>ἡ</span> <span class='ocrx_word' id='word_1_343' title='bbox 1008 4017 1175 4086; x_wconf 85' lang='grc' dir='ltr'>πάλη,</span> <span class='ocrx_word' id='word_1_344' title='bbox 1199 4017 1319 4069; x_wconf 79' lang='grc' dir='ltr'>οὑδὲ</span> <span class='ocrx_word' id='word_1_345' title='bbox 1347 4016 1529 4087; x_wconf 64' lang='grc' dir='ltr'>ἐξίστις</span> <span class='ocrx_word' id='word_1_346' title='bbox 1558 4017 1690 4085; x_wconf 88' lang='grc' dir='ltr'>ἡμῖν</span> <span class='ocrx_word' id='word_1_347' title='bbox 1722 4017 1837 4067; x_wconf 89' lang='grc' dir='ltr'>ἐστι</span> <span class='ocrx_word' id='word_1_348' title='bbox 1866 4014 1933 4067; x_wconf 85' lang='grc' dir='ltr'>τά</span> <span class='ocrx_word' id='word_1_349' title='bbox 1962 4015 2065 4084; x_wconf 84' lang='grc' dir='ltr'>τῆς</span> 
     </span>
    </p>
   </div>
   <div class='ocr_carea' id='block_1_44' title="bbox 402 4102 2063 4175">
    <p class='ocr_par' dir='ltr' id='par_1_44' title="bbox 402 4102 2063 4175">
     <span class='ocr_line' id='line_1_44' title="bbox 402 4102 2063 4175; baseline -0.001 -19"><span class='ocrx_word' id='word_1_350' title='bbox 402 4105 773 4175; x_wconf 82' lang='grc' dir='ltr'>παρατάξεως.</span> <span class='ocrx_word' id='word_1_351' title='bbox 827 4104 937 4157; x_wconf 87' lang='lat' dir='ltr'>Kal</span> <span class='ocrx_word' id='word_1_352' title='bbox 966 4105 1075 4175; x_wconf 84' lang='grc' dir='ltr'>γὰρ</span> <span class='ocrx_word' id='word_1_353' title='bbox 1124 4104 1333 4175; x_wconf 89' lang='grc' dir='ltr'>σώματι</span> <span class='ocrx_word' id='word_1_354' title='bbox 1393 4102 1895 4174; x_wconf 85' lang='grc' dir='ltr'>συμπεπλεγμένοι,</span> <span class='ocrx_word' id='word_1_355' title='bbox 1943 4106 2063 4166; x_wconf 82' lang='grc' dir='ltr'>ταῖς</span> 
     </span>
    </p>
   </div>
   <div class='ocr_carea' id='block_1_45' title="bbox 397 4189 2061 4263">
    <p class='ocr_par' dir='ltr' id='par_1_45' title="bbox 397 4189 2061 4263">
     <span class='ocr_line' id='line_1_45' title="bbox 397 4189 2061 4263; baseline 0 -21"><span class='ocrx_word' id='word_1_356' title='bbox 397 4191 709 4261; x_wconf 88' lang='grc' dir='ltr'>ἀσωμάτοις</span> <span class='ocrx_word' id='word_1_357' title='bbox 742 4191 992 4245; x_wconf 84' lang='grc' dir='ltr'>παλαίειν</span> <span class='ocrx_word' id='word_1_358' title='bbox 1022 4192 1282 4262; x_wconf 87' lang='grc' dir='ltr'>δυνάμεσι</span> <span class='ocrx_word' id='word_1_359' title='bbox 1308 4190 1786 4263; x_wconf 85' lang='grc' dir='ltr'>προστετάγμεθα’</span> <span class='ocrx_word' id='word_1_360' title='bbox 1821 4189 1957 4243; x_wconf 84' lang='grc' dir='ltr'>ἀλλὰ</span> <span class='ocrx_word' id='word_1_361' title='bbox 1986 4191 2061 4261; x_wconf 79' lang='grc' dir='ltr'>μὴ</span> 
     </span>
    </p>
   </div>
   <div class='ocr_carea' id='block_1_46' title="bbox 396 4276 2060 4349">
    <p class='ocr_par' dir='ltr' id='par_1_46' title="bbox 396 4276 2060 4349">
     <span class='ocr_line' id='line_1_46' title="bbox 396 4276 2060 4349; baseline 0 -20"><span class='ocrx_word' id='word_1_362' title='bbox 396 4277 641 4348; x_wconf 75' lang='grc' dir='ltr'>δείσητεο</span> <span class='ocrx_word' id='word_1_363' title='bbox 678 4280 727 4331; x_wconf 88' lang='grc' dir='ltr'>εί</span> <span class='ocrx_word' id='word_1_364' title='bbox 755 4278 864 4349; x_wconf 87' lang='grc' dir='ltr'>γάρ</span> <span class='ocrx_word' id='word_1_365' title='bbox 896 4279 990 4332; x_wconf 74' lang='grc' dir='ltr'>καὶ</span> <span class='ocrx_word' id='word_1_366' title='bbox 1040 4278 1327 4349; x_wconf 89' lang='grc' dir='ltr'>ἀνώμαλος</span> <span class='ocrx_word' id='word_1_367' title='bbox 1369 4282 1402 4349; x_wconf 83' lang='grc' dir='ltr'>ἡ</span> <span class='ocrx_word' id='word_1_368' title='bbox 1446 4280 1628 4349; x_wconf 87' lang='grc' dir='ltr'>μάχη,</span> <span class='ocrx_word' id='word_1_369' title='bbox 1675 4276 1811 4330; x_wconf 89' lang='grc' dir='ltr'>ἀλλά</span> <span class='ocrx_word' id='word_1_370' title='bbox 1851 4278 2060 4349; x_wconf 88' lang='grc' dir='ltr'>μεγάλη</span> 
     </span>
    </p>
   </div>
   <div class='ocr_carea' id='block_1_47' title="bbox 368 4360 2061 4437">
    <p class='ocr_par' dir='ltr' id='par_1_47' title="bbox 368 4360 2061 4437">
     <span class='ocr_line' id='line_1_47' title="bbox 368 4360 2061 4437; baseline 0.001 -20"><span class='ocrx_word' id='word_1_371' title='bbox 368 4360 505 4419; x_wconf 69' lang='grc' dir='ltr'>’τῶν</span> <span class='ocrx_word' id='word_1_372' title='bbox 549 4366 727 4419; x_wconf 86' lang='grc' dir='ltr'>ὃπλων</span> <span class='ocrx_word' id='word_1_373' title='bbox 773 4366 880 4419; x_wconf 85' lang='grc' dir='ltr'>τῶν</span> <span class='ocrx_word' id='word_1_374' title='bbox 922 4365 1206 4436; x_wconf 81' lang='grc' dir='ltr'>ἡμετέρων</span> <span class='ocrx_word' id='word_1_375' title='bbox 1256 4370 1289 4437; x_wconf 84' lang='grc' dir='ltr'>ἡ</span> <span class='ocrx_word' id='word_1_376' title='bbox 1326 4365 1573 4437; x_wconf 89' lang='grc' dir='ltr'>δύναμις.</span> <span class='ocrx_word' id='word_1_377' title='bbox 1629 4366 1908 4436; x_wconf 87' lang='grc' dir='ltr'>Ἐπήγαγε</span> <span class='ocrx_word' id='word_1_378' title='bbox 1953 4365 2061 4437; x_wconf 83' lang='grc' dir='ltr'>γὰρ</span> 
     </span>
    </p>
   </div>
   <div class='ocr_carea' id='block_1_48' title="bbox 400 4452 2060 4523">
    <p class='ocr_par' dir='ltr' id='par_1_48' title="bbox 400 4452 2060 4523">
     <span class='ocr_line' id='line_1_48' title="bbox 400 4452 2060 4523; baseline 0.001 -18"><span class='ocrx_word' id='word_1_379' title='bbox 400 4453 678 4523; x_wconf 74' lang='grc' dir='ltr'>μονονουχὶ</span> <span class='ocrx_word' id='word_1_380' title='bbox 708 4452 901 4522; x_wconf 89' lang='grc' dir='ltr'>λέγων,</span> <span class='ocrx_word' id='word_1_381' title='bbox 932 4453 1121 4523; x_wconf 83' lang='grc' dir='ltr'>ἐπειδὴ</span> <span class='ocrx_word' id='word_1_382' title='bbox 1149 4452 1350 4522; x_wconf 80' lang='grc' dir='ltr'>ἔγνωτε</span> <span class='ocrx_word' id='word_1_383' title='bbox 1383 4454 1492 4506; x_wconf 92' lang='grc' dir='ltr'>τῶν</span> <span class='ocrx_word' id='word_1_384' title='bbox 1532 4452 1805 4523; x_wconf 90' lang='grc' dir='ltr'>πολεμίων</span> <span class='ocrx_word' id='word_1_385' title='bbox 1835 4452 1932 4523; x_wconf 84' lang='grc' dir='ltr'>τὴν</span> <span class='ocrx_word' id='word_1_386' title='bbox 1957 4453 2060 4523; x_wconf 85' lang='grc' dir='ltr'>φύ-</span> 
     </span>
    </p>
   </div>
   <div class='ocr_carea' id='block_1_49' title="bbox 400 4540 2055 4614">
    <p class='ocr_par' dir='ltr' id='par_1_49' title="bbox 400 4540 2055 4614">
     <span class='ocr_line' id='line_1_49' title="bbox 400 4540 2055 4614; baseline 0.001 -21"><span class='ocrx_word' id='word_1_387' title='bbox 400 4559 503 4606; x_wconf 93' lang='grc' dir='ltr'>σιν,</span> <span class='ocrx_word' id='word_1_388' title='bbox 530 4540 604 4613; x_wconf 80' lang='grc' dir='ltr'>μὴ</span> <span class='ocrx_word' id='word_1_389' title='bbox 635 4542 1001 4612; x_wconf 87' lang='grc' dir='ltr'>καταπέσητε,</span> <span class='ocrx_word' id='word_1_390' title='bbox 1034 4542 1169 4613; x_wconf 87' lang='grc' dir='ltr'>μηδὲ</span> <span class='ocrx_word' id='word_1_391' title='bbox 1196 4542 1508 4614; x_wconf 82' lang='grc' dir='ltr'>ναρκὴσητε</span> <span class='ocrx_word' id='word_1_392' title='bbox 1546 4541 1681 4613; x_wconf 77' lang='grc' dir='ltr'>πρὸς</span> <span class='ocrx_word' id='word_1_393' title='bbox 1714 4541 1811 4611; x_wconf 83' lang='grc' dir='ltr'>τὴν</span> <span class='ocrx_word' id='word_1_394' title='bbox 1845 4542 2055 4608; x_wconf 87' lang='grc' dir='ltr'>πάλην·</span> 
     </span>
    </p>
   </div>
   <div class='ocr_carea' id='block_1_50' title="bbox 397 4629 2057 4698">
    <p class='ocr_par' dir='ltr' id='par_1_50' title="bbox 397 4629 2057 4698">
     <span class='ocr_line' id='line_1_50' title="bbox 397 4629 2057 4698; baseline 0 -14"><span class='ocrx_word' id='word_1_395' title='bbox 397 4629 535 4684; x_wconf 89' lang='grc' dir='ltr'>ἀλλά</span> <span class='ocrx_word' id='word_1_396' title='bbox 564 4631 665 4683; x_wconf 86' lang='grc' dir='ltr'>Διά</span> <span class='ocrx_word' id='word_1_397' title='bbox 692 4630 867 4684; x_wconf 87' lang='grc' dir='ltr'>τοῦτο</span> <span class='ocrx_word' id='word_1_398' title='bbox 898 4632 1226 4685; x_wconf 78' lang='grc' dir='ltr'>ἀναλάϐετε</span> <span class='ocrx_word' id='word_1_399' title='bbox 1248 4630 1361 4698; x_wconf 80' lang='grc' dir='ltr'>τὴν</span> <span class='ocrx_word' id='word_1_400' title='bbox 1386 4630 1731 4685; x_wconf 80' lang='grc' dir='ltr'>πανοπλίαν</span> <span class='ocrx_word' id='word_1_401' title='bbox 1750 4629 1856 4684; x_wconf 89' lang='grc' dir='ltr'>τοῦ</span> <span class='ocrx_word' id='word_1_402' title='bbox 1888 4629 2057 4697; x_wconf 85' lang='grc' dir='ltr'>Θεοῦ,</span> 
     </span>
    </p>
   </div>
   <div class='ocr_carea' id='block_1_51' title="bbox 395 4716 2050 4787">
    <p class='ocr_par' dir='ltr' id='par_1_51' title="bbox 395 4716 2050 4787">
     <span class='ocr_line' id='line_1_51' title="bbox 395 4716 2050 4787; baseline 0.001 -18"><span class='ocrx_word' id='word_1_403' title='bbox 395 4716 545 4784; x_wconf 80' lang='grc' dir='ltr'>πρὸς</span> <span class='ocrx_word' id='word_1_404' title='bbox 576 4716 644 4770; x_wconf 85' lang='grc' dir='ltr'>τὸ</span> <span class='ocrx_word' id='word_1_405' title='bbox 681 4716 977 4771; x_wconf 85' lang='grc' dir='ltr'>δύνασθαι</span> <span class='ocrx_word' id='word_1_406' title='bbox 1004 4716 1159 4787; x_wconf 86' lang='grc' dir='ltr'>ὑμᾶς</span> <span class='ocrx_word' id='word_1_407' title='bbox 1189 4718 1409 4787; x_wconf 78' lang='grc' dir='ltr'>στῆναι</span> <span class='ocrx_word' id='word_1_408' title='bbox 1437 4720 1585 4785; x_wconf 87' lang='grc' dir='ltr'>πρὸς</span> <span class='ocrx_word' id='word_1_409' title='bbox 1620 4718 1723 4783; x_wconf 86' lang='grc' dir='ltr'>τὰς</span> <span class='ocrx_word' id='word_1_410' title='bbox 1746 4717 2050 4786; x_wconf 82' lang='grc' dir='ltr'>μεθοδείας</span> 
     </span>
    </p>
   </div>
   <div class='ocr_carea' id='block_1_52' title="bbox 396 4802 2057 4875">
    <p class='ocr_par' dir='ltr' id='par_1_52' title="bbox 396 4802 2057 4875">
     <span class='ocr_line' id='line_1_52' title="bbox 396 4802 2057 4875; baseline 0 -20"><span class='ocrx_word' id='word_1_411' title='bbox 396 4804 501 4857; x_wconf 80' lang='grc' dir='ltr'>τοῦ</span> <span class='ocrx_word' id='word_1_412' title='bbox 531 4802 831 4857; x_wconf 80' lang='grc' dir='ltr'>διαϐόλου.</span> <span class='ocrx_word' id='word_1_413' title='bbox 860 4802 1058 4856; x_wconf 80' lang='grc' dir='ltr'>Πολλαὶ</span> <span class='ocrx_word' id='word_1_414' title='bbox 1091 4804 1200 4875; x_wconf 82' lang='grc' dir='ltr'>γὰρ</span> <span class='ocrx_word' id='word_1_415' title='bbox 1227 4815 1248 4843; x_wconf 76' lang='grc' dir='ltr'><strong>ο</strong></span> <span class='ocrx_word' id='word_1_416' title='bbox 1280 4809 1334 4857; x_wconf 81' lang='grc' dir='ltr'>αἱ</span> <span class='ocrx_word' id='word_1_417' title='bbox 1367 4804 1553 4857; x_wconf 87' lang='grc' dir='ltr'>τούτου</span> <span class='ocrx_word' id='word_1_418' title='bbox 1589 4804 1881 4873; x_wconf 87' lang='grc' dir='ltr'>μεθοδεῖαι,</span> <span class='ocrx_word' id='word_1_419' title='bbox 1912 4803 2057 4856; x_wconf 77' lang='grc' dir='ltr'>τοῦτ’</span> 
     </span>
    </p>
   </div>
   <div class='ocr_carea' id='block_1_53' title="bbox 395 4885 2060 4961">
    <p class='ocr_par' dir='ltr' id='par_1_53' title="bbox 395 4885 2060 4961">
     <span class='ocr_line' id='line_1_53' title="bbox 395 4885 2060 4961; baseline 0.001 -17"><span class='ocrx_word' id='word_1_420' title='bbox 395 4891 542 4944; x_wconf 73' lang='grc' dir='ltr'>ἑστιν</span> <span class='ocrx_word' id='word_1_421' title='bbox 567 4890 695 4954; x_wconf 82' lang='grc' dir='ltr'>ὁδοὶ,</span> <span class='ocrx_word' id='word_1_422' title='bbox 715 4891 782 4944; x_wconf 81' lang='grc' dir='ltr'>δι’</span> <span class='ocrx_word' id='word_1_423' title='bbox 802 4885 878 4944; x_wconf 84' lang='grc' dir='ltr'>ὦν</span> <span class='ocrx_word' id='word_1_424' title='bbox 905 4890 1278 4955; x_wconf 80' lang='grc' dir='ltr'>ὑποσκελίζειν</span> <span class='ocrx_word' id='word_1_425' title='bbox 1300 4890 1572 4961; x_wconf 83' lang='grc' dir='ltr'>ἐπιχειρεῖ</span> <span class='ocrx_word' id='word_1_426' title='bbox 1606 4890 1732 4953; x_wconf 79' lang='grc' dir='ltr'>τοὺς</span> <span class='ocrx_word' id='word_1_427' title='bbox 1756 4889 2060 4961; x_wconf 79' lang='grc' dir='ltr'>ῥᾳθυμοτέ-</span> 
     </span>
    </p>
   </div>
   <div class='ocr_carea' id='block_1_54' title="bbox 397 4976 2055 5050">
    <p class='ocr_par' dir='ltr' id='par_1_54' title="bbox 397 4976 2055 5050">
     <span class='ocr_line' id='line_1_54' title="bbox 397 4976 2055 5050; baseline 0 -21"><span class='ocrx_word' id='word_1_428' title='bbox 397 4994 548 5049; x_wconf 90' lang='grc' dir='ltr'>ρους,</span> <span class='ocrx_word' id='word_1_429' title='bbox 580 4977 674 5031; x_wconf 78' lang='grc' dir='ltr'>καὶ</span> <span class='ocrx_word' id='word_1_430' title='bbox 695 4977 777 5031; x_wconf 84' lang='grc' dir='ltr'>δεῖ</span> <span class='ocrx_word' id='word_1_431' title='bbox 802 4977 1005 5041; x_wconf 87' lang='grc' dir='ltr'>ταύτας</span> <span class='ocrx_word' id='word_1_432' title='bbox 1032 4976 1277 5050; x_wconf 88' lang='grc' dir='ltr'>ἀκριϐῶς</span> <span class='ocrx_word' id='word_1_433' title='bbox 1306 4977 1651 5041; x_wconf 88' lang='grc' dir='ltr'>ἐπίστασθαι,</span> <span class='ocrx_word' id='word_1_434' title='bbox 1686 4976 1828 5031; x_wconf 81' lang='grc' dir='ltr'>ὥστε</span> <span class='ocrx_word' id='word_1_435' title='bbox 1861 4977 2055 5046; x_wconf 87' lang='grc' dir='ltr'>διαφυ-</span> 
     </span>
    </p>
   </div>
   <div class='ocr_carea' id='block_1_55' title="bbox 394 5063 2056 5136">
    <p class='ocr_par' dir='ltr' id='par_1_55' title="bbox 394 5063 2056 5136">
     <span class='ocr_line' id='line_1_55' title="bbox 394 5063 2056 5136; baseline 0 -18"><span class='ocrx_word' id='word_1_436' title='bbox 394 5068 513 5134; x_wconf 83' lang='grc' dir='ltr'>γεῖν</span> <span class='ocrx_word' id='word_1_437' title='bbox 541 5064 705 5119; x_wconf 89' lang='grc' dir='ltr'>αὑτοῦ</span> <span class='ocrx_word' id='word_1_438' title='bbox 745 5064 846 5129; x_wconf 81' lang='grc' dir='ltr'>τὰς</span> <span class='ocrx_word' id='word_1_439' title='bbox 873 5066 1064 5130; x_wconf 80' lang='grc' dir='ltr'>λαϐάς,</span> <span class='ocrx_word' id='word_1_440' title='bbox 1099 5067 1193 5119; x_wconf 68' lang='grc' dir='ltr'>καὶ</span> <span class='ocrx_word' id='word_1_441' title='bbox 1224 5065 1495 5136; x_wconf 89' lang='grc' dir='ltr'>μηδεμίαν</span> <span class='ocrx_word' id='word_1_442' title='bbox 1522 5063 1671 5134; x_wconf 86' lang='grc' dir='ltr'>αὑτῷ</span> <span class='ocrx_word' id='word_1_443' title='bbox 1706 5065 2056 5136; x_wconf 87' lang='grc' dir='ltr'>παρείσδυσιν</span> 
     </span>
    </p>
   </div>
   <div class='ocr_carea' id='block_1_56' title="bbox 393 5150 2057 5223">
    <p class='ocr_par' dir='ltr' id='par_1_56' title="bbox 393 5150 2057 5223">
     <span class='ocr_line' id='line_1_56' title="bbox 393 5150 2057 5223; baseline -0.001 -18"><span class='ocrx_word' id='word_1_444' title='bbox 393 5150 634 5220; x_wconf 76' lang='grc' dir='ltr'>ἀφιέναι,</span> <span class='ocrx_word' id='word_1_445' title='bbox 660 5150 798 5207; x_wconf 85' lang='grc' dir='ltr'>ἀλλά</span> <span class='ocrx_word' id='word_1_446' title='bbox 823 5153 918 5206; x_wconf 80' lang='grc' dir='ltr'>καὶ</span> <span class='ocrx_word' id='word_1_447' title='bbox 941 5152 1186 5223; x_wconf 85' lang='grc' dir='ltr'>γλώττης</span> <span class='ocrx_word' id='word_1_448' title='bbox 1215 5151 1498 5222; x_wconf 89' lang='grc' dir='ltr'>ἀκρίϐειαν</span> <span class='ocrx_word' id='word_1_449' title='bbox 1521 5150 1938 5215; x_wconf 84' lang='grc' dir='ltr'>ἐπιδείκνυσθαι,</span> <span class='ocrx_word' id='word_1_450' title='bbox 1961 5152 2057 5205; x_wconf 84' lang='grc' dir='ltr'>καὶ</span> 
     </span>
    </p>
   </div>
   <div class='ocr_carea' id='block_1_57' title="bbox 394 5236 2057 5308">
    <p class='ocr_par' dir='ltr' id='par_1_57' title="bbox 394 5236 2057 5308">
     <span class='ocr_line' id='line_1_57' title="bbox 394 5236 2057 5308; baseline 0 -19"><span class='ocrx_word' id='word_1_451' title='bbox 394 5236 685 5308; x_wconf 81' lang='grc' dir='ltr'>ὀφθαλμῶν</span> <span class='ocrx_word' id='word_1_452' title='bbox 740 5240 1076 5308; x_wconf 88' lang='grc' dir='ltr'>ἀσφάλειαν,</span> <span class='ocrx_word' id='word_1_453' title='bbox 1123 5239 1217 5292; x_wconf 76' lang='grc' dir='ltr'>καὶ</span> <span class='ocrx_word' id='word_1_454' title='bbox 1249 5238 1485 5301; x_wconf 87' lang='grc' dir='ltr'>διανοίας</span> <span class='ocrx_word' id='word_1_455' title='bbox 1535 5237 1918 5308; x_wconf 87' lang='grc' dir='ltr'>καθαρότητα,</span> <span class='ocrx_word' id='word_1_456' title='bbox 1964 5238 2057 5290; x_wconf 79' lang='grc' dir='ltr'>καὶ</span> 
     </span>
    </p>
   </div>
   <div class='ocr_carea' id='block_1_58' title="bbox 392 5322 2057 5395">
    <p class='ocr_par' dir='ltr' id='par_1_58' title="bbox 392 5322 2057 5395">
     <span class='ocr_line' id='line_1_58' title="bbox 392 5322 2057 5395; baseline 0.001 -20"><span class='ocrx_word' id='word_1_457' title='bbox 392 5322 655 5393; x_wconf 86' lang='grc' dir='ltr'>διηνεκῶς</span> <span class='ocrx_word' id='word_1_458' title='bbox 688 5325 978 5394; x_wconf 79' lang='grc' dir='ltr'>ἐναγώνιον</span> <span class='ocrx_word' id='word_1_459' title='bbox 1001 5322 1160 5390; x_wconf 84' lang='grc' dir='ltr'>εἶναι,</span> <span class='ocrx_word' id='word_1_460' title='bbox 1201 5326 1452 5395; x_wconf 88' lang='grc' dir='ltr'>καθάπερ</span> <span class='ocrx_word' id='word_1_461' title='bbox 1485 5324 1674 5395; x_wconf 89' lang='grc' dir='ltr'>θηρίου</span> <span class='ocrx_word' id='word_1_462' title='bbox 1702 5324 1845 5386; x_wconf 84' lang='grc' dir='ltr'>τινὸς</span> <span class='ocrx_word' id='word_1_463' title='bbox 1878 5325 2057 5378; x_wconf 84' lang='grc' dir='ltr'>ἐπιόν-</span> 
     </span>
    </p>
   </div>
   <div class='ocr_carea' id='block_1_59' title="bbox 392 5411 2055 5484">
    <p class='ocr_par' dir='ltr' id='par_1_59' title="bbox 392 5411 2055 5484">
     <span class='ocr_line' id='line_1_59' title="bbox 392 5411 2055 5484; baseline 0.001 -21"><span class='ocrx_word' id='word_1_464' title='bbox 392 5428 505 5475; x_wconf 88' lang='grc' dir='ltr'>τος,</span> <span class='ocrx_word' id='word_1_465' title='bbox 544 5413 637 5465; x_wconf 75' lang='lat' dir='ltr'><strong><em>xal</em></strong></span> <span class='ocrx_word' id='word_1_466' title='bbox 657 5412 998 5483; x_wconf 82' lang='grc' dir='ltr'>λυμήνασθαι</span> <span class='ocrx_word' id='word_1_467' title='bbox 1032 5415 1161 5483; x_wconf 82' lang='grc' dir='ltr'>ἡμῖν</span> <span class='ocrx_word' id='word_1_468' title='bbox 1185 5412 1610 5484; x_wconf 85' lang='grc' dir='ltr'>ἐπεχειροῦντος.</span> <span class='ocrx_word' id='word_1_469' title='bbox 1646 5411 1745 5464; x_wconf 88' lang='grc' dir='ltr'>Διά</span> <span class='ocrx_word' id='word_1_470' title='bbox 1772 5412 1878 5482; x_wconf 86' lang='grc' dir='ltr'>γὰρ</span> <span class='ocrx_word' id='word_1_471' title='bbox 1898 5413 2055 5466; x_wconf 92' lang='grc' dir='ltr'>τοῦτο</span> 
     </span>
    </p>
   </div>
   <div class='ocr_carea' id='block_1_60' title="bbox 394 5498 2053 5572">
    <p class='ocr_par' dir='ltr' id='par_1_60' title="bbox 394 5498 2053 5572">
     <span class='ocr_line' id='line_1_60' title="bbox 394 5498 2053 5572; baseline 0.001 -21"><span class='ocrx_word' id='word_1_472' title='bbox 394 5498 488 5551; x_wconf 76' lang='grc' dir='ltr'>καὶ</span> <span class='ocrx_word' id='word_1_473' title='bbox 512 5500 545 5568; x_wconf 87' lang='grc' dir='ltr'>ἡ</span> <span class='ocrx_word' id='word_1_474' title='bbox 579 5499 961 5571; x_wconf 82' lang='grc' dir='ltr'>οὐρανομήκης</span> <span class='ocrx_word' id='word_1_475' title='bbox 990 5502 1171 5571; x_wconf 91' lang='grc' dir='ltr'>ἐκείνη</span> <span class='ocrx_word' id='word_1_476' title='bbox 1200 5500 1365 5572; x_wconf 75' lang='grc' dir='ltr'>ψυχὴ,</span> <span class='ocrx_word' id='word_1_477' title='bbox 1403 5503 1431 5553; x_wconf 89' lang='grc' dir='ltr'>ὁ</span> <span class='ocrx_word' id='word_1_478' title='bbox 1466 5500 1571 5552; x_wconf 90' lang='grc' dir='ltr'>τῶν</span> <span class='ocrx_word' id='word_1_479' title='bbox 1601 5499 1770 5553; x_wconf 84' lang='grc' dir='ltr'>ἐθνῶν</span> <span class='ocrx_word' id='word_1_480' title='bbox 1805 5498 2053 5553; x_wconf 84' lang='grc' dir='ltr'>διδάσκα-</span> 
     </span>
    </p>
   </div>
   <div class='ocr_carea' id='block_1_61' title="bbox 392 5583 2049 5658">
    <p class='ocr_par' dir='ltr' id='par_1_61' title="bbox 392 5583 2049 5658">
     <span class='ocr_line' id='line_1_61' title="bbox 392 5583 2049 5658; baseline 0.001 -23"><span class='ocrx_word' id='word_1_481' title='bbox 392 5583 504 5646; x_wconf 86' lang='grc' dir='ltr'>λος,</span> <span class='ocrx_word' id='word_1_482' title='bbox 537 5586 569 5653; x_wconf 84' lang='grc' dir='ltr'>ἡ</span> <span class='ocrx_word' id='word_1_483' title='bbox 604 5584 818 5651; x_wconf 88' lang='grc' dir='ltr'>γλῶττα</span> <span class='ocrx_word' id='word_1_484' title='bbox 850 5586 944 5655; x_wconf 80' lang='grc' dir='ltr'>τῆς</span> <span class='ocrx_word' id='word_1_485' title='bbox 974 5588 1323 5656; x_wconf 77' lang='grc' dir='ltr'>οἰκουμένης,</span> <span class='ocrx_word' id='word_1_486' title='bbox 1360 5590 1388 5639; x_wconf 84' lang='grc' dir='ltr'>ὁ</span> <span class='ocrx_word' id='word_1_487' title='bbox 1422 5588 1560 5658; x_wconf 75' lang='grc' dir='ltr'>ὑπὲρ</span> <span class='ocrx_word' id='word_1_488' title='bbox 1598 5586 1697 5657; x_wconf 83' lang='grc' dir='ltr'>τῆς</span> <span class='ocrx_word' id='word_1_489' title='bbox 1735 5585 1843 5637; x_wconf 88' lang='grc' dir='ltr'>τῶν</span> <span class='ocrx_word' id='word_1_490' title='bbox 1876 5585 2049 5654; x_wconf 84' lang='grc' dir='ltr'>μαθη-</span> 
     </span>
    </p>
   </div>
   <div class='ocr_carea' id='block_1_62' title="bbox 456 5739 1617 5800">
    <p class='ocr_par' dir='ltr' id='par_1_62' title="bbox 456 5739 1617 5800">
     <span class='ocr_line' id='line_1_62' title="bbox 456 5739 1617 5800; baseline 0.004 -14"><span class='ocrx_word' id='word_1_491' title='bbox 456 5739 481 5768; x_wconf 81' lang='grc'><strong><em>³</em></strong></span> <span class='ocrx_word' id='word_1_492' title='bbox 504 5740 583 5786; x_wconf 85' lang='lat' dir='ltr'>Sic</span> <span class='ocrx_word' id='word_1_493' title='bbox 605 5739 753 5789; x_wconf 67' lang='lat' dir='ltr'>Savil.</span> <span class='ocrx_word' id='word_1_494' title='bbox 781 5741 901 5800; x_wconf 69' lang='lat' dir='ltr'>Reg.</span> <span class='ocrx_word' id='word_1_495' title='bbox 926 5749 973 5789; x_wconf 77' lang='lat' dir='ltr'>et</span> <span class='ocrx_word' id='word_1_496' title='bbox 996 5742 1228 5797; x_wconf 70' lang='lat' dir='ltr'>Cois!in.;</span> <span class='ocrx_word' id='word_1_497' title='bbox 1260 5743 1433 5791; x_wconf 74' lang='lat' dir='ltr'>Morel.</span> <span class='ocrx_word' id='word_1_498' title='bbox 1456 5744 1617 5791; x_wconf 75' lang='grc' dir='ltr'>αὑτοῦ.</span> 
     </span>
    </p>
   </div>
   <div class='ocr_carea' id='block_1_63' title="bbox 456 5803 2050 5907">
    <p class='ocr_par' dir='ltr' id='par_1_63' title="bbox 456 5803 2050 5907">
     <span class='ocr_line' id='line_1_63' title="bbox 456 5803 2050 5907; baseline 0.01 -70"><span class='ocrx_word' id='word_1_499' title='bbox 456 5806 482 5837; x_wconf 81' lang='lat' dir='ltr'><strong>h</strong></span> <span class='ocrx_word' id='word_1_500' title='bbox 502 5803 727 5907; x_wconf 39' lang='lat' dir='ltr'>‘Qu‘inqtlée</span> <span class='ocrx_word' id='word_1_501' title='bbox 755 5815 865 5850; x_wconf 68' lang='lat' dir='ltr'>mss.</span> <span class='ocrx_word' id='word_1_502' title='bbox 893 5805 975 5848; x_wconf 71' lang='grc' dir='ltr'>τήν</span> <span class='ocrx_word' id='word_1_503' title='bbox 1002 5806 1177 5860; x_wconf 72' lang='grc' dir='ltr'>πολλὴν</span> <span class='ocrx_word' id='word_1_504' title='bbox 1205 5805 1417 5854; x_wconf 72' lang='grc' dir='ltr'>εὐωδίαν.</span> <span class='ocrx_word' id='word_1_505' title='bbox 1446 5805 1572 5857; x_wconf 70' lang='lat' dir='ltr'><strong><em>lnl&#39;ra</em></strong></span> <span class='ocrx_word' id='word_1_506' title='bbox 1605 5805 1803 5857; x_wconf 69' lang='lat' dir='ltr'>COibUD.</span> <span class='ocrx_word' id='word_1_507' title='bbox 1829 5810 1909 5862; x_wconf 81' lang='grc' dir='ltr'>τῆς</span> <span class='ocrx_word' id='word_1_508' title='bbox 1929 5821 2050 5853; x_wconf 73' lang='grc' dir='ltr'>κατα</span> 
     </span>
     <span class='ocr_line' id='line_1_64' title="bbox 461 5877 741 5907; baseline 0 0"><span class='ocrx_word' id='word_1_509' title='bbox 461 5878 546 5907; x_wconf 71' lang='grc' dir='ltr'>νην</span> <span class='ocrx_word' id='word_1_510' title='bbox 565 5877 645 5907; x_wconf 73' lang='lat' dir='ltr'>ao:</span> <span class='ocrx_word' id='word_1_511' title='bbox 695 5880 741 5907; x_wconf 72' lang='lat' dir='ltr'>.c.</span> 
     </span>
    </p>
   </div>
   <div class='ocr_carea' id='block_1_64' title="bbox 444 5878 741 5909">
    <p class='ocr_par' dir='ltr' id='par_1_64' title="bbox 444 5878 741 5909">
     <span class='ocr_line' id='line_1_65' title="bbox 444 5878 741 5909; baseline 0 0"><span class='ocrx_word' id='word_1_512' title='bbox 444 5878 546 5909; x_wconf 67' lang='grc' dir='ltr'>λγην</span> <span class='ocrx_word' id='word_1_513' title='bbox 565 5878 741 5909; x_wconf 73' lang='grc' dir='ltr'>αοετης.</span> 
     </span>
    </p>
   </div>
   <div class='ocr_carea' id='block_1_65' title="bbox 393 5862 1017 5984">
    <p class='ocr_par' dir='ltr' id='par_1_65' title="bbox 393 5862 1017 5984">
     <span class='ocr_line' id='line_1_66' title="bbox 393 5862 741 5921; baseline 0.017 -18"><span class='ocrx_word' id='word_1_514' title='bbox 393 5862 546 5921; x_wconf 63' lang='grc' dir='ltr'>ψλχήν</span> <span class='ocrx_word' id='word_1_515' title='bbox 565 5862 741 5921; x_wconf 77' lang='grc' dir='ltr'>ἀρετῆς.</span> 
     </span>
     <span class='ocr_line' id='line_1_67' title="bbox 460 5921 1017 5984; baseline -0.002 -11"><span class='ocrx_word' id='word_1_516' title='bbox 460 5926 479 5951; x_wconf 64' lang='grc' dir='ltr'><strong>τ</strong></span> <span class='ocrx_word' id='word_1_517' title='bbox 506 5921 705 5973; x_wconf 70' lang='lat' dir='ltr'>Coislin.</span> <span class='ocrx_word' id='word_1_518' title='bbox 735 5924 876 5971; x_wconf 72' lang='grc' dir='ltr'>πόσαι</span> <span class='ocrx_word' id='word_1_519' title='bbox 912 5922 1017 5984; x_wconf 69' lang='grc' dir='ltr'>γάρ.</span> 
     </span>
    </p>
   </div>
   <div class='ocr_carea' id='block_1_66' title="bbox 2174 456 3839 531">
    <p class='ocr_par' dir='ltr' id='par_1_66' title="bbox 2174 456 3839 531">
     <span class='ocr_line' id='line_1_68' title="bbox 2174 456 3839 531; baseline 0.001 -24"><span class='ocrx_word' id='word_1_520' title='bbox 2174 457 2478 526; x_wconf 89' lang='grc' dir='ltr'>τευομένων</span> <span class='ocrx_word' id='word_1_521' title='bbox 2512 460 2785 531; x_wconf 86' lang='grc' dir='ltr'>σωτηρίας</span> <span class='ocrx_word' id='word_1_522' title='bbox 2824 461 3036 515; x_wconf 81' lang='grc' dir='ltr'>ᾶπαντα</span> <span class='ocrx_word' id='word_1_523' title='bbox 3070 462 3608 531; x_wconf 82' lang='grc' dir='ltr'>πραγματευόμενος,</span> <span class='ocrx_word' id='word_1_524' title='bbox 3646 456 3839 519; x_wconf 70' lang='grc' dir='ltr'>εἰπὼν,</span> 
     </span>
    </p>
   </div>
   <div class='ocr_carea' id='block_1_67' title="bbox 2185 543 3843 617">
    <p class='ocr_par' dir='ltr' id='par_1_67' title="bbox 2185 543 3843 617">
     <span class='ocr_line' id='line_1_69' title="bbox 2185 543 3843 617; baseline 0.002 -22"><span class='ocrx_word' id='word_1_525' title='bbox 2185 543 2538 599; x_wconf 77' lang='grc' dir='ltr'>Ἀναλάϐετε</span> <span class='ocrx_word' id='word_1_526' title='bbox 2567 547 2680 615; x_wconf 81' lang='grc' dir='ltr'>τὴν</span> <span class='ocrx_word' id='word_1_527' title='bbox 2698 552 3043 602; x_wconf 73' lang='grc' dir='ltr'>πανοπλίαν</span> <span class='ocrx_word' id='word_1_528' title='bbox 3058 549 3160 604; x_wconf 82' lang='grc' dir='ltr'>τοῦ</span> <span class='ocrx_word' id='word_1_529' title='bbox 3185 548 3354 613; x_wconf 86' lang='grc' dir='ltr'>Θεοῦ,</span> <span class='ocrx_word' id='word_1_530' title='bbox 3384 548 3543 601; x_wconf 90' lang='grc' dir='ltr'>πάλιν</span> <span class='ocrx_word' id='word_1_531' title='bbox 3567 550 3671 617; x_wconf 80' lang='grc' dir='ltr'>ὲπή</span> <span class='ocrx_word' id='word_1_532' title='bbox 3681 564 3843 615; x_wconf 84' lang='grc' dir='ltr'>γαγε,</span> 
     </span>
    </p>
   </div>
   <div class='ocr_carea' id='block_1_68' title="bbox 2172 629 3844 707">
    <p class='ocr_par' dir='ltr' id='par_1_68' title="bbox 2172 629 3844 707">
     <span class='ocr_line' id='line_1_70' title="bbox 2172 629 3844 707; baseline 0.004 -26"><span class='ocrx_word' id='word_1_533' title='bbox 2172 629 2438 684; x_wconf 89' lang='grc' dir='ltr'>πάντοθεν</span> <span class='ocrx_word' id='word_1_534' title='bbox 2474 635 2622 703; x_wconf 82' lang='grc' dir='ltr'>ἡμᾶς</span> <span class='ocrx_word' id='word_1_535' title='bbox 2660 636 3042 707; x_wconf 73' lang='grc' dir='ltr'>περιφράττων</span> <span class='ocrx_word' id='word_1_536' title='bbox 3065 675 3080 699; x_wconf 92' lang='grc'>,</span> <span class='ocrx_word' id='word_1_537' title='bbox 3116 636 3210 689; x_wconf 79' lang='grc' dir='ltr'>καὶ</span> <span class='ocrx_word' id='word_1_538' title='bbox 3240 634 3574 705; x_wconf 84' lang='grc' dir='ltr'>ἀχειρώτους</span> <span class='ocrx_word' id='word_1_539' title='bbox 3612 634 3844 706; x_wconf 72' lang='grc' dir='ltr'>ἐργαζό-</span> 
     </span>
    </p>
   </div>
   <div class='ocr_carea' id='block_1_69' title="bbox 2176 716 3846 791">
    <p class='ocr_par' dir='ltr' id='par_1_69' title="bbox 2176 716 3846 791">
     <span class='ocr_line' id='line_1_71' title="bbox 2176 716 3846 791; baseline 0.005 -22"><span class='ocrx_word' id='word_1_540' title='bbox 2176 734 2355 786; x_wconf 90' lang='grc' dir='ltr'>μενος,</span> <span class='ocrx_word' id='word_1_541' title='bbox 2407 720 2549 773; x_wconf 86' lang='grc' dir='ltr'>οὖτω</span> <span class='ocrx_word' id='word_1_542' title='bbox 2594 721 2800 791; x_wconf 87' lang='grc' dir='ltr'>λέγων·</span> <span class='ocrx_word' id='word_1_543' title='bbox 2854 723 3041 791; x_wconf 85' lang='grc' dir='ltr'>Στῆτε</span> <span class='ocrx_word' id='word_1_544' title='bbox 3089 719 3203 777; x_wconf 85' lang='grc' dir='ltr'>οὖν</span> <span class='ocrx_word' id='word_1_545' title='bbox 3242 719 3691 790; x_wconf 77' lang='grc' dir='ltr'>περιεζωσμένοι</span> <span class='ocrx_word' id='word_1_546' title='bbox 3722 716 3846 785; x_wconf 65' lang='grc' dir='ltr'>τὴν</span> 
     </span>
    </p>
   </div>
   <div class='ocr_carea' id='block_1_70' title="bbox 2173 806 3844 880">
    <p class='ocr_par' dir='ltr' id='par_1_70' title="bbox 2173 806 3844 880">
     <span class='ocr_line' id='line_1_72' title="bbox 2173 806 3844 880; baseline -0.011 -4"><span class='ocrx_word' id='word_1_547' title='bbox 2173 806 2376 875; x_wconf 58' lang='grc' dir='ltr'><em>ὀσφὺν</em></span> <span class='ocrx_word' id='word_1_548' title='bbox 2410 808 2580 878; x_wconf 81' lang='grc' dir='ltr'>ὑμῶν</span> <span class='ocrx_word' id='word_1_549' title='bbox 2607 809 2677 863; x_wconf 82' lang='grc' dir='ltr'>ἐν</span> <span class='ocrx_word' id='word_1_550' title='bbox 2707 811 2975 878; x_wconf 81' lang='grc' dir='ltr'>ἀληθείᾳ,</span> <span class='ocrx_word' id='word_1_551' title='bbox 3016 812 3115 867; x_wconf 78' lang='grc' dir='ltr'>καὶ</span> <span class='ocrx_word' id='word_1_552' title='bbox 3148 808 3546 880; x_wconf 83' lang='grc' dir='ltr'>ἐνδυσάμενοι</span> <span class='ocrx_word' id='word_1_553' title='bbox 3588 808 3695 861; x_wconf 80' lang='grc' dir='ltr'>τὸν</span> <span class='ocrx_word' id='word_1_554' title='bbox 3732 808 3844 860; x_wconf 81' lang='grc' dir='ltr'>ϐώ-</span> 
     </span>
    </p>
   </div>
   <div class='ocr_carea' id='block_1_71' title="bbox 2164 893 3845 967">
    <p class='ocr_par' dir='ltr' id='par_1_71' title="bbox 2164 893 3845 967">
     <span class='ocr_line' id='line_1_73' title="bbox 2164 893 3845 967; baseline 0.001 -21"><span class='ocrx_word' id='word_1_555' title='bbox 2164 910 2325 960; x_wconf 84' lang='grc' dir='ltr'>ρακα</span> <span class='ocrx_word' id='word_1_556' title='bbox 2355 893 2465 963; x_wconf 83' lang='grc' dir='ltr'>τῆς</span> <span class='ocrx_word' id='word_1_557' title='bbox 2493 896 2751 963; x_wconf 82' lang='grc' dir='ltr'>πίστεως</span> <span class='ocrx_word' id='word_1_558' title='bbox 2773 894 2822 964; x_wconf 70' lang='grc' dir='ltr'>ἀ,</span> <span class='ocrx_word' id='word_1_559' title='bbox 2863 899 2959 952; x_wconf 76' lang='grc' dir='ltr'>καί</span> <span class='ocrx_word' id='word_1_560' title='bbox 2993 898 3443 967; x_wconf 80' lang='grc' dir='ltr'>ὑποδησάμενοι</span> <span class='ocrx_word' id='word_1_561' title='bbox 3470 897 3609 961; x_wconf 86' lang='grc' dir='ltr'>τοὺς</span> <span class='ocrx_word' id='word_1_562' title='bbox 3647 894 3845 959; x_wconf 85' lang='grc' dir='ltr'>πόδας</span> 
     </span>
    </p>
   </div>
   <div class='ocr_carea' id='block_1_72' title="bbox 2171 974 3844 1055">
    <p class='ocr_par' dir='ltr' id='par_1_72' title="bbox 2171 974 3844 1055">
     <span class='ocr_line' id='line_1_74' title="bbox 2171 974 3844 1055; baseline 0 -22"><span class='ocrx_word' id='word_1_563' title='bbox 2171 981 2241 1033; x_wconf 84' lang='grc' dir='ltr'>ὲν</span> <span class='ocrx_word' id='word_1_564' title='bbox 2260 981 2571 1051; x_wconf 80' lang='grc' dir='ltr'>ἑτοιμασίᾳ</span> <span class='ocrx_word' id='word_1_565' title='bbox 2590 985 2698 1037; x_wconf 91' lang='grc' dir='ltr'>τοῦ</span> <span class='ocrx_word' id='word_1_566' title='bbox 2726 987 3077 1055; x_wconf 75' lang='grc' dir='ltr'>εὐαγγελίου</span> <span class='ocrx_word' id='word_1_567' title='bbox 3106 986 3217 1054; x_wconf 84' lang='grc' dir='ltr'>τῆς</span> <span class='ocrx_word' id='word_1_568' title='bbox 3236 974 3499 1053; x_wconf 72' lang='grc' dir='ltr'>εἰρήνης,</span> <span class='ocrx_word' id='word_1_569' title='bbox 3525 984 3621 1036; x_wconf 81' lang='grc' dir='ltr'>ἐπὶ</span> <span class='ocrx_word' id='word_1_570' title='bbox 3648 980 3844 1035; x_wconf 77' lang='grc' dir='ltr'>πᾶσιν</span> 
     </span>
    </p>
   </div>
   <div class='ocr_carea' id='block_1_73' title="bbox 2173 1064 3845 1141">
    <p class='ocr_par' dir='ltr' id='par_1_73' title="bbox 2173 1064 3845 1141">
     <span class='ocr_line' id='line_1_75' title="bbox 2173 1064 3845 1141; baseline 0 -20"><span class='ocrx_word' id='word_1_571' title='bbox 2173 1069 2578 1139; x_wconf 68' lang='grc' dir='ltr'>ἀναλαϐόντες</span> <span class='ocrx_word' id='word_1_572' title='bbox 2602 1073 2712 1125; x_wconf 86' lang='grc' dir='ltr'>τὸν</span> <span class='ocrx_word' id='word_1_573' title='bbox 2755 1075 2970 1141; x_wconf 85' lang='grc' dir='ltr'>θυρεὸν</span> <span class='ocrx_word' id='word_1_574' title='bbox 3005 1073 3116 1141; x_wconf 82' lang='grc' dir='ltr'>τῆς</span> <span class='ocrx_word' id='word_1_575' title='bbox 3148 1074 3424 1138; x_wconf 85' lang='grc' dir='ltr'>πίστεως.</span> <span class='ocrx_word' id='word_1_576' title='bbox 3462 1073 3532 1125; x_wconf 85' lang='grc' dir='ltr'>ὲν</span> <span class='ocrx_word' id='word_1_577' title='bbox 3568 1064 3615 1136; x_wconf 84' lang='grc' dir='ltr'><strong>ᾧ</strong></span> <span class='ocrx_word' id='word_1_578' title='bbox 3658 1069 3845 1134; x_wconf 82' lang='grc' dir='ltr'>δυνή-</span> 
     </span>
    </p>
   </div>
   <div class='ocr_carea' id='block_1_74' title="bbox 2171 1157 3843 1230">
    <p class='ocr_par' dir='ltr' id='par_1_74' title="bbox 2171 1157 3843 1230">
     <span class='ocr_line' id='line_1_76' title="bbox 2171 1157 3843 1230; baseline 0 -21"><span class='ocrx_word' id='word_1_579' title='bbox 2171 1162 2357 1212; x_wconf 89' lang='grc' dir='ltr'>σεσθε</span> <span class='ocrx_word' id='word_1_580' title='bbox 2388 1158 2587 1214; x_wconf 88' lang='grc' dir='ltr'>πάντα</span> <span class='ocrx_word' id='word_1_581' title='bbox 2620 1163 2689 1215; x_wconf 87' lang='grc' dir='ltr'>τὰ</span> <span class='ocrx_word' id='word_1_582' title='bbox 2712 1162 2870 1229; x_wconf 83' lang='grc' dir='ltr'>,ϐέλη</span> <span class='ocrx_word' id='word_1_583' title='bbox 2898 1162 3005 1216; x_wconf 81' lang='grc' dir='ltr'>τοῦ</span> <span class='ocrx_word' id='word_1_584' title='bbox 3033 1163 3300 1230; x_wconf 84' lang='grc' dir='ltr'>πονηροῦ</span> <span class='ocrx_word' id='word_1_585' title='bbox 3337 1159 3409 1213; x_wconf 81' lang='grc' dir='ltr'>τὰ</span> <span class='ocrx_word' id='word_1_586' title='bbox 3443 1157 3843 1226; x_wconf 80' lang='grc' dir='ltr'>πεπυρωμένα</span> 
     </span>
    </p>
   </div>
   <div class='ocr_carea' id='block_1_75' title="bbox 2170 1245 3839 1317">
    <p class='ocr_par' dir='ltr' id='par_1_75' title="bbox 2170 1245 3839 1317">
     <span class='ocr_line' id='line_1_77' title="bbox 2170 1245 3839 1317; baseline -0.001 -20"><span class='ocrx_word' id='word_1_587' title='bbox 2170 1246 2407 1309; x_wconf 80' lang='grc' dir='ltr'>σϐέσαι,</span> <span class='ocrx_word' id='word_1_588' title='bbox 2435 1246 2531 1299; x_wconf 78' lang='grc' dir='ltr'>καὶ</span> <span class='ocrx_word' id='word_1_589' title='bbox 2568 1246 2683 1315; x_wconf 77' lang='grc' dir='ltr'>τὴν</span> <span class='ocrx_word' id='word_1_590' title='bbox 2713 1250 3182 1317; x_wconf 66' lang='grc' dir='ltr'>περικεφαλαίαν</span> <span class='ocrx_word' id='word_1_591' title='bbox 3200 1248 3307 1301; x_wconf 91' lang='grc' dir='ltr'>τοῦ</span> <span class='ocrx_word' id='word_1_592' title='bbox 3339 1246 3634 1315; x_wconf 83' lang='grc' dir='ltr'>σωτηρίου</span> <span class='ocrx_word' id='word_1_593' title='bbox 3661 1245 3839 1309; x_wconf 77' lang='grc' dir='ltr'>δέξα-</span> 
     </span>
    </p>
   </div>
   <div class='ocr_carea' id='block_1_76' title="bbox 2170 1332 3842 1405">
    <p class='ocr_par' dir='ltr' id='par_1_76' title="bbox 2170 1332 3842 1405">
     <span class='ocr_line' id='line_1_78' title="bbox 2170 1332 3842 1405; baseline 0.004 -21"><span class='ocrx_word' id='word_1_594' title='bbox 2170 1335 2301 1395; x_wconf 87' lang='grc' dir='ltr'>σθε,</span> <span class='ocrx_word' id='word_1_595' title='bbox 2337 1334 2435 1386; x_wconf 76' lang='grc' dir='ltr'>καὶ</span> <span class='ocrx_word' id='word_1_596' title='bbox 2465 1333 2580 1402; x_wconf 82' lang='grc' dir='ltr'>τὴν</span> <span class='ocrx_word' id='word_1_597' title='bbox 2598 1336 2900 1404; x_wconf 83' lang='grc' dir='ltr'>μάχαιραν</span> <span class='ocrx_word' id='word_1_598' title='bbox 2921 1336 3027 1389; x_wconf 91' lang='grc' dir='ltr'>τοῦ</span> <span class='ocrx_word' id='word_1_599' title='bbox 3062 1339 3421 1405; x_wconf 85' lang='grc' dir='ltr'>Πνεύματος,</span> <span class='ocrx_word' id='word_1_600' title='bbox 3462 1336 3495 1387; x_wconf 86' lang='grc' dir='ltr'><em>ὅ</em></span> <span class='ocrx_word' id='word_1_601' title='bbox 3520 1335 3649 1387; x_wconf 87' lang='grc' dir='ltr'>ἐστι</span> <span class='ocrx_word' id='word_1_602' title='bbox 3671 1332 3842 1401; x_wconf 69' lang='grc' dir='ltr'>,ῥῆμα</span> 
     </span>
    </p>
   </div>
   <div class='ocr_carea' id='block_1_77' title="bbox 2173 1417 3841 1494">
    <p class='ocr_par' dir='ltr' id='par_1_77' title="bbox 2173 1417 3841 1494">
     <span class='ocr_line' id='line_1_79' title="bbox 2173 1417 3841 1494; baseline 0 -23"><span class='ocrx_word' id='word_1_603' title='bbox 2173 1420 2341 1473; x_wconf 86' lang='grc' dir='ltr'>Θεοῦ.</span> <span class='ocrx_word' id='word_1_604' title='bbox 2361 1417 2514 1485; x_wconf 78' lang='grc' dir='ltr'>Εἶδες</span> <span class='ocrx_word' id='word_1_605' title='bbox 2544 1423 2719 1475; x_wconf 91' lang='grc' dir='ltr'>πάντα</span> <span class='ocrx_word' id='word_1_606' title='bbox 2738 1424 2806 1476; x_wconf 85' lang='grc' dir='ltr'>τά</span> <span class='ocrx_word' id='word_1_607' title='bbox 2838 1423 2971 1494; x_wconf 86' lang='grc' dir='ltr'>μέλη</span> <span class='ocrx_word' id='word_1_608' title='bbox 3001 1424 3146 1487; x_wconf 83' lang='grc' dir='ltr'>ὅπως</span> <span class='ocrx_word' id='word_1_609' title='bbox 3176 1420 3528 1493; x_wconf 82' lang='grc' dir='ltr'>περιέφραξε,</span> <span class='ocrx_word' id='word_1_610' title='bbox 3549 1419 3841 1474; x_wconf 69' lang='grc' dir='ltr'>καὶ-καθά-</span> 
     </span>
    </p>
   </div>
   <div class='ocr_carea' id='block_1_78' title="bbox 2173 1508 3839 1579">
    <p class='ocr_par' dir='ltr' id='par_1_78' title="bbox 2173 1508 3839 1579">
     <span class='ocr_line' id='line_1_80' title="bbox 2173 1508 3839 1579; baseline -0.001 -20"><span class='ocrx_word' id='word_1_611' title='bbox 2173 1524 2279 1577; x_wconf 90' lang='grc' dir='ltr'>περ</span> <span class='ocrx_word' id='word_1_612' title='bbox 2309 1525 2394 1571; x_wconf 76' lang='grc' dir='ltr'>τις</span> <span class='ocrx_word' id='word_1_613' title='bbox 2423 1509 2504 1570; x_wconf 82' lang='grc' dir='ltr'>εἰς</span> <span class='ocrx_word' id='word_1_614' title='bbox 2532 1509 2766 1579; x_wconf 85' lang='grc' dir='ltr'>πόλεμόν</span> <span class='ocrx_word' id='word_1_615' title='bbox 2794 1526 2913 1562; x_wconf 89' lang='grc' dir='ltr'>τινα</span> <span class='ocrx_word' id='word_1_616' title='bbox 2944 1510 3154 1579; x_wconf 90' lang='grc' dir='ltr'>μέλλων</span> <span class='ocrx_word' id='word_1_617' title='bbox 3179 1510 3489 1578; x_wconf 84' lang='grc' dir='ltr'>ἐξαγαγεῖν,</span> <span class='ocrx_word' id='word_1_618' title='bbox 3516 1508 3658 1561; x_wconf 77' lang='grc' dir='ltr'>οὑτω</span> <span class='ocrx_word' id='word_1_619' title='bbox 3689 1508 3839 1577; x_wconf 82' lang='grc' dir='ltr'>πρῶ-</span> 
     </span>
    </p>
   </div>
   <div class='ocr_carea' id='block_1_79' title="bbox 2170 1591 3842 1666">
    <p class='ocr_par' dir='ltr' id='par_1_79' title="bbox 2170 1591 3842 1666">
     <span class='ocr_line' id='line_1_81' title="bbox 2170 1591 3842 1666; baseline -0.001 -20"><span class='ocrx_word' id='word_1_620' title='bbox 2170 1611 2263 1647; x_wconf 86' lang='grc' dir='ltr'>τον</span> <span class='ocrx_word' id='word_1_621' title='bbox 2296 1596 2393 1664; x_wconf 81' lang='grc' dir='ltr'>μὲν</span> <span class='ocrx_word' id='word_1_622' title='bbox 2421 1598 2487 1666; x_wconf 82' lang='grc' dir='ltr'>τῇ</span> <span class='ocrx_word' id='word_1_623' title='bbox 2518 1594 2662 1666; x_wconf 80' lang='grc' dir='ltr'>ζώνῃ</span> <span class='ocrx_word' id='word_1_624' title='bbox 2706 1597 3063 1665; x_wconf 76' lang='grc' dir='ltr'>ἠσφαλίσατο,</span> <span class='ocrx_word' id='word_1_625' title='bbox 3096 1595 3237 1649; x_wconf 77' lang='grc' dir='ltr'>ὥστε</span> <span class='ocrx_word' id='word_1_626' title='bbox 3265 1596 3484 1649; x_wconf 75' lang='grc' dir='ltr'>εὑκολον</span> <span class='ocrx_word' id='word_1_627' title='bbox 3527 1591 3664 1649; x_wconf 74' lang='grc' dir='ltr'>εἶναι</span> <span class='ocrx_word' id='word_1_628' title='bbox 3706 1596 3842 1664; x_wconf 66' lang='grc' dir='ltr'>ἡμῖν</span> 
     </span>
    </p>
   </div>
   <div class='ocr_carea' id='block_1_80' title="bbox 2171 1681 3843 1755">
    <p class='ocr_par' dir='ltr' id='par_1_80' title="bbox 2171 1681 3843 1755">
     <span class='ocr_line' id='line_1_82' title="bbox 2171 1681 3843 1755; baseline 0 -22"><span class='ocrx_word' id='word_1_629' title='bbox 2171 1681 2263 1734; x_wconf 83' lang='grc' dir='ltr'>τὸν</span> <span class='ocrx_word' id='word_1_630' title='bbox 2291 1681 2509 1753; x_wconf 85' lang='grc' dir='ltr'>δρόμον,</span> <span class='ocrx_word' id='word_1_631' title='bbox 2544 1682 2731 1735; x_wconf 72' lang='grc' dir='ltr'>ἔπειτα</span> <span class='ocrx_word' id='word_1_632' title='bbox 2781 1684 2872 1736; x_wconf 80' lang='grc' dir='ltr'>τὸν</span> <span class='ocrx_word' id='word_1_633' title='bbox 2901 1682 3126 1755; x_wconf 85' lang='grc' dir='ltr'>θώρακα</span> <span class='ocrx_word' id='word_1_634' title='bbox 3156 1683 3401 1737; x_wconf 85' lang='grc' dir='ltr'>ἐνέδυσεν</span> <span class='ocrx_word' id='word_1_635' title='bbox 3422 1724 3436 1749; x_wconf 96' lang='grc'>,</span> <span class='ocrx_word' id='word_1_636' title='bbox 3483 1683 3572 1736; x_wconf 81' lang='grc' dir='ltr'>ῖνα</span> <span class='ocrx_word' id='word_1_637' title='bbox 3614 1683 3689 1753; x_wconf 79' lang='grc' dir='ltr'>μὴ</span> <span class='ocrx_word' id='word_1_638' title='bbox 3732 1682 3843 1734; x_wconf 76' lang='grc' dir='ltr'>ὑτοὺ</span> 
     </span>
    </p>
   </div>
   <div class='ocr_carea' id='block_1_81' title="bbox 2171 1769 3839 1842">
    <p class='ocr_par' dir='ltr' id='par_1_81' title="bbox 2171 1769 3839 1842">
     <span class='ocr_line' id='line_1_83' title="bbox 2171 1769 3839 1842; baseline 0 -21"><span class='ocrx_word' id='word_1_639' title='bbox 2171 1769 2281 1822; x_wconf 91' lang='grc' dir='ltr'>τῶν</span> <span class='ocrx_word' id='word_1_640' title='bbox 2327 1769 2496 1839; x_wconf 84' lang='grc' dir='ltr'>βελῶν</span> <span class='ocrx_word' id='word_1_641' title='bbox 2523 1770 2909 1842; x_wconf 85' lang='grc' dir='ltr'>πληττώμεθα,</span> <span class='ocrx_word' id='word_1_642' title='bbox 2953 1772 3049 1826; x_wconf 76' lang='grc' dir='ltr'>καὶ</span> <span class='ocrx_word' id='word_1_643' title='bbox 3094 1772 3222 1836; x_wconf 82' lang='grc' dir='ltr'>τοὺς</span> <span class='ocrx_word' id='word_1_644' title='bbox 3265 1772 3429 1835; x_wconf 81' lang='grc' dir='ltr'>πόδας</span> <span class='ocrx_word' id='word_1_645' title='bbox 3479 1771 3839 1840; x_wconf 74' lang='grc' dir='ltr'>ἠσφαλίσατο,</span> 
     </span>
    </p>
   </div>
   <div class='ocr_carea' id='block_1_82' title="bbox 2172 1856 3842 1931">
    <p class='ocr_par' dir='ltr' id='par_1_82' title="bbox 2172 1856 3842 1931">
     <span class='ocr_line' id='line_1_84' title="bbox 2172 1856 3842 1931; baseline 0.006 -23"><span class='ocrx_word' id='word_1_646' title='bbox 2172 1856 2268 1909; x_wconf 81' lang='grc' dir='ltr'>καὶ</span> <span class='ocrx_word' id='word_1_647' title='bbox 2296 1858 2629 1928; x_wconf 84' lang='grc' dir='ltr'>πανταχόθεν</span> <span class='ocrx_word' id='word_1_648' title='bbox 2651 1861 2717 1928; x_wconf 80' lang='grc' dir='ltr'>τῇ</span> <span class='ocrx_word' id='word_1_649' title='bbox 2739 1858 2918 1911; x_wconf 83' lang='grc' dir='ltr'>πίστει</span> <span class='ocrx_word' id='word_1_650' title='bbox 2938 1860 3330 1931; x_wconf 83' lang='grc' dir='ltr'>περιέφραξεν;</span> <span class='ocrx_word' id='word_1_651' title='bbox 3356 1860 3503 1930; x_wconf 77' lang='grc' dir='ltr'>Αὕτη</span> <span class='ocrx_word' id='word_1_652' title='bbox 3524 1860 3653 1929; x_wconf 81' lang='grc' dir='ltr'>γὰρ.</span> <span class='ocrx_word' id='word_1_653' title='bbox 3672 1858 3842 1927; x_wconf 76' lang='grc' dir='ltr'>αῦτη.</span> 
     </span>
    </p>
   </div>
   <div class='ocr_carea' id='block_1_83' title="bbox 2174 1944 3843 2019">
    <p class='ocr_par' dir='ltr' id='par_1_83' title="bbox 2174 1944 3843 2019">
     <span class='ocr_line' id='line_1_85' title="bbox 2174 1944 3843 2019; baseline 0.001 -23"><span class='ocrx_word' id='word_1_654' title='bbox 2174 1944 2327 2014; x_wconf 81' lang='grc' dir='ltr'>φησὶ,</span> <span class='ocrx_word' id='word_1_655' title='bbox 2357 1944 2551 1999; x_wconf 59' lang='lat' dir='ltr'>una:</span> <span class='ocrx_word' id='word_1_656' title='bbox 2580 1944 2706 2015; x_wconf 89' lang='grc' dir='ltr'>βέλη</span> <span class='ocrx_word' id='word_1_657' title='bbox 2735 1945 2828 1999; x_wconf 88' lang='grc' dir='ltr'>τοῦ</span> <span class='ocrx_word' id='word_1_658' title='bbox 2865 1947 3103 2017; x_wconf 90' lang='grc' dir='ltr'>πονηροῦ</span> <span class='ocrx_word' id='word_1_659' title='bbox 3137 1947 3206 1999; x_wconf 81' lang='grc' dir='ltr'>τά</span> <span class='ocrx_word' id='word_1_660' title='bbox 3238 1946 3611 2019; x_wconf 85' lang='grc' dir='ltr'>πεπυρωμένα</span> <span class='ocrx_word' id='word_1_661' title='bbox 3646 1947 3843 1998; x_wconf 69' lang='grc' dir='ltr'>σϐέσαι</span> 
     </span>
    </p>
   </div>
   <div class='ocr_carea' id='block_1_84' title="bbox 2171 2031 3843 2104">
    <p class='ocr_par' dir='ltr' id='par_1_84' title="bbox 2171 2031 3843 2104">
     <span class='ocr_line' id='line_1_86' title="bbox 2171 2031 3843 2104; baseline -0.001 -20"><span class='ocrx_word' id='word_1_662' title='bbox 2171 2031 2477 2102; x_wconf 88' lang='grc' dir='ltr'>δυνήσεται.</span> <span class='ocrx_word' id='word_1_663' title='bbox 2507 2032 2642 2086; x_wconf 87' lang='grc' dir='ltr'>Τίνα</span> <span class='ocrx_word' id='word_1_664' title='bbox 2688 2033 2746 2086; x_wconf 88' lang='grc' dir='ltr'>δέ</span> <span class='ocrx_word' id='word_1_665' title='bbox 2779 2034 2894 2086; x_wconf 82' lang='grc' dir='ltr'>ἐστι</span> <span class='ocrx_word' id='word_1_666' title='bbox 2935 2034 3029 2087; x_wconf 90' lang='grc' dir='ltr'>τοῦ</span> <span class='ocrx_word' id='word_1_667' title='bbox 3062 2034 3308 2088; x_wconf 78' lang='grc' dir='ltr'>διαϐόλου</span> <span class='ocrx_word' id='word_1_668' title='bbox 3354 2034 3424 2087; x_wconf 88' lang='grc' dir='ltr'>τά</span> <span class='ocrx_word' id='word_1_669' title='bbox 3456 2034 3617 2104; x_wconf 79' lang='grc' dir='ltr'>βέλης</span> <span class='ocrx_word' id='word_1_670' title='bbox 3646 2034 3713 2084; x_wconf 79' lang='grc' dir='ltr'>Δί</span> <span class='ocrx_word' id='word_1_671' title='bbox 3744 2048 3843 2084; x_wconf 83' lang='grc' dir='ltr'>πο-</span> 
     </span>
    </p>
   </div>
   <div class='ocr_carea' id='block_1_85' title="bbox 2171 2118 3844 2191">
    <p class='ocr_par' dir='ltr' id='par_1_85' title="bbox 2171 2118 3844 2191">
     <span class='ocr_line' id='line_1_87' title="bbox 2171 2118 3844 2191; baseline 0 -21"><span class='ocrx_word' id='word_1_672' title='bbox 2171 2118 2334 2189; x_wconf 81' lang='grc' dir='ltr'>νηραὶ</span> <span class='ocrx_word' id='word_1_673' title='bbox 2377 2120 2684 2189; x_wconf 84' lang='grc' dir='ltr'>ἐπιθυμίαι,</span> <span class='ocrx_word' id='word_1_674' title='bbox 2716 2122 2765 2173; x_wconf 89' lang='grc' dir='ltr'>οί</span> <span class='ocrx_word' id='word_1_675' title='bbox 2810 2120 3111 2191; x_wconf 86' lang='grc' dir='ltr'>ἀκάθαρτοι</span> <span class='ocrx_word' id='word_1_676' title='bbox 3155 2122 3424 2191; x_wconf 77' lang='grc' dir='ltr'>λογισμοὶ,</span> <span class='ocrx_word' id='word_1_677' title='bbox 3456 2120 3527 2174; x_wconf 82' lang='grc' dir='ltr'>τὰ</span> <span class='ocrx_word' id='word_1_678' title='bbox 3572 2119 3720 2187; x_wconf 88' lang='grc' dir='ltr'>πάθη</span> <span class='ocrx_word' id='word_1_679' title='bbox 3771 2119 3844 2171; x_wconf 79' lang='grc' dir='ltr'>τὰ</span> 
     </span>
    </p>
   </div>
   <div class='ocr_carea' id='block_1_86' title="bbox 2171 2204 3841 2280">
    <p class='ocr_par' dir='ltr' id='par_1_86' title="bbox 2171 2204 3841 2280">
     <span class='ocr_line' id='line_1_88' title="bbox 2171 2204 3841 2280; baseline 0.011 -23"><span class='ocrx_word' id='word_1_680' title='bbox 2171 2204 2415 2276; x_wconf 82' lang='grc' dir='ltr'>ὀλέθρια.</span> <span class='ocrx_word' id='word_1_681' title='bbox 2455 2206 2646 2277; x_wconf 85' lang='grc' dir='ltr'>θυμὸς,</span> <span class='ocrx_word' id='word_1_682' title='bbox 2681 2207 2981 2276; x_wconf 83' lang='grc' dir='ltr'>βασκανία,</span> <span class='ocrx_word' id='word_1_683' title='bbox 3010 2208 3230 2277; x_wconf 86' lang='grc' dir='ltr'>φθόνος,</span> <span class='ocrx_word' id='word_1_684' title='bbox 3272 2209 3442 2280; x_wconf 84' lang='grc' dir='ltr'>ὀργὴ,</span> <span class='ocrx_word' id='word_1_685' title='bbox 3480 2210 3664 2278; x_wconf 81' lang='grc' dir='ltr'>μῖσος.</span> <span class='ocrx_word' id='word_1_686' title='bbox 3698 2223 3841 2275; x_wconf 80' lang='grc' dir='ltr'>χρηο</span> 
     </span>
    </p>
   </div>
   <div class='ocr_carea' id='block_1_87' title="bbox 2176 2292 3840 2366">
    <p class='ocr_par' dir='ltr' id='par_1_87' title="bbox 2176 2292 3840 2366">
     <span class='ocr_line' id='line_1_89' title="bbox 2176 2292 3840 2366; baseline 0 -21"><span class='ocrx_word' id='word_1_687' title='bbox 2176 2292 2361 2363; x_wconf 89' lang='grc' dir='ltr'>μάτων</span> <span class='ocrx_word' id='word_1_688' title='bbox 2404 2294 2668 2363; x_wconf 88' lang='grc' dir='ltr'>ἐπιθυμία</span> <span class='ocrx_word' id='word_1_689' title='bbox 2715 2296 2807 2347; x_wconf 78' lang='grc' dir='ltr'>καὶ</span> <span class='ocrx_word' id='word_1_690' title='bbox 2853 2298 2885 2364; x_wconf 85' lang='grc' dir='ltr'>ἡ</span> <span class='ocrx_word' id='word_1_691' title='bbox 2927 2296 3059 2366; x_wconf 85' lang='grc' dir='ltr'>άλλη</span> <span class='ocrx_word' id='word_1_692' title='bbox 3091 2296 3279 2350; x_wconf 85' lang='grc' dir='ltr'>ἆπασα</span> <span class='ocrx_word' id='word_1_693' title='bbox 3313 2295 3574 2366; x_wconf 70' lang='grc' dir='ltr'>ῥᾳθυμία.</span> <span class='ocrx_word' id='word_1_694' title='bbox 3615 2293 3840 2353; x_wconf 85' lang='grc' dir='ltr'>Ταῦτα,</span> 
     </span>
    </p>
   </div>
   <div class='ocr_carea' id='block_1_88' title="bbox 2174 2379 3844 2453">
    <p class='ocr_par' dir='ltr' id='par_1_88' title="bbox 2174 2379 3844 2453">
     <span class='ocr_line' id='line_1_90' title="bbox 2174 2379 3844 2453; baseline -0.002 -20"><span class='ocrx_word' id='word_1_695' title='bbox 2174 2380 2358 2450; x_wconf 76' lang='grc' dir='ltr'>φησὶν,</span> <span class='ocrx_word' id='word_1_696' title='bbox 2395 2382 2610 2434; x_wconf 83' lang='grc' dir='ltr'>ἀπάντα</span> <span class='ocrx_word' id='word_1_697' title='bbox 2640 2381 2832 2435; x_wconf 87' lang='grc' dir='ltr'>σϐέσαι</span> <span class='ocrx_word' id='word_1_698' title='bbox 2862 2382 3152 2453; x_wconf 89' lang='grc' dir='ltr'>δυνήσεται</span> <span class='ocrx_word' id='word_1_699' title='bbox 3176 2385 3209 2452; x_wconf 83' lang='grc' dir='ltr'>ἡ</span> <span class='ocrx_word' id='word_1_700' title='bbox 3258 2384 3503 2453; x_wconf 88' lang='grc' dir='ltr'>μάχαιρα</span> <span class='ocrx_word' id='word_1_701' title='bbox 3537 2380 3633 2433; x_wconf 88' lang='grc' dir='ltr'>τοῦ</span> <span class='ocrx_word' id='word_1_702' title='bbox 3668 2379 3844 2433; x_wconf 84' lang='grc' dir='ltr'>Πνεύ-</span> 
     </span>
    </p>
   </div>
   <div class='ocr_carea' id='block_1_89' title="bbox 2175 2466 3845 2539">
    <p class='ocr_par' dir='ltr' id='par_1_89' title="bbox 2175 2466 3845 2539">
     <span class='ocr_line' id='line_1_91' title="bbox 2175 2466 3845 2539; baseline -0.004 -17"><span class='ocrx_word' id='word_1_703' title='bbox 2175 2485 2365 2537; x_wconf 86' lang='grc' dir='ltr'>ματος.</span> <span class='ocrx_word' id='word_1_704' title='bbox 2404 2469 2516 2522; x_wconf 87' lang='lat' dir='ltr'>Kal</span> <span class='ocrx_word' id='word_1_705' title='bbox 2556 2470 2610 2523; x_wconf 86' lang='grc' dir='ltr'>τί</span> <span class='ocrx_word' id='word_1_706' title='bbox 2652 2469 2795 2537; x_wconf 91' lang='grc' dir='ltr'>λέγω</span> <span class='ocrx_word' id='word_1_707' title='bbox 2838 2469 3062 2537; x_wconf 89' lang='grc' dir='ltr'>σϐέσαι;</span> <span class='ocrx_word' id='word_1_708' title='bbox 3112 2470 3221 2523; x_wconf 84' lang='lat' dir='ltr'>Kal</span> <span class='ocrx_word' id='word_1_709' title='bbox 3253 2469 3350 2539; x_wconf 83' lang='grc' dir='ltr'>τὴν</span> <span class='ocrx_word' id='word_1_710' title='bbox 3392 2467 3631 2538; x_wconf 82' lang='grc' dir='ltr'>κεφαλὴν</span> <span class='ocrx_word' id='word_1_711' title='bbox 3669 2466 3845 2533; x_wconf 80' lang='grc' dir='ltr'>αὑτὴν</span> 
     </span>
    </p>
   </div>
   <div class='ocr_carea' id='block_1_90' title="bbox 2171 2553 3843 2628">
    <p class='ocr_par' dir='ltr' id='par_1_90' title="bbox 2171 2553 3843 2628">
     <span class='ocr_line' id='line_1_92' title="bbox 2171 2553 3843 2628; baseline -0.001 -22"><span class='ocrx_word' id='word_1_712' title='bbox 2171 2556 2265 2607; x_wconf 87' lang='grc' dir='ltr'>τοῦ</span> <span class='ocrx_word' id='word_1_713' title='bbox 2292 2556 2549 2626; x_wconf 80' lang='grc' dir='ltr'>πολεμίου</span> <span class='ocrx_word' id='word_1_714' title='bbox 2576 2557 2871 2627; x_wconf 84' lang='grc' dir='ltr'>ἀποτεμεῖν</span> <span class='ocrx_word' id='word_1_715' title='bbox 2898 2556 3206 2628; x_wconf 83' lang='grc' dir='ltr'>δυνήσεται.</span> <span class='ocrx_word' id='word_1_716' title='bbox 3238 2553 3389 2620; x_wconf 74' lang='grc' dir='ltr'>Εἶδες</span> <span class='ocrx_word' id='word_1_717' title='bbox 3421 2555 3535 2618; x_wconf 88' lang='grc' dir='ltr'>πῶς</span> <span class='ocrx_word' id='word_1_718' title='bbox 3566 2554 3843 2622; x_wconf 86' lang='grc' dir='ltr'>ἐνεύρωσε</span> 
     </span>
    </p>
   </div>
   <div class='ocr_carea' id='block_1_91' title="bbox 2170 2640 3843 2714">
    <p class='ocr_par' dir='ltr' id='par_1_91' title="bbox 2170 2640 3843 2714">
     <span class='ocr_line' id='line_1_93' title="bbox 2170 2640 3843 2714; baseline -0.002 -20"><span class='ocrx_word' id='word_1_719' title='bbox 2170 2642 2296 2704; x_wconf 83' lang='grc' dir='ltr'>τοὺς</span> <span class='ocrx_word' id='word_1_720' title='bbox 2328 2642 2834 2714; x_wconf 85' lang='grc' dir='ltr'>μαθητευομένους;</span> <span class='ocrx_word' id='word_1_721' title='bbox 2874 2644 2992 2707; x_wconf 87' lang='grc' dir='ltr'>πῶς</span> <span class='ocrx_word' id='word_1_722' title='bbox 3031 2644 3203 2714; x_wconf 81' lang='grc' dir='ltr'>κηροῦ</span> <span class='ocrx_word' id='word_1_723' title='bbox 3234 2643 3651 2714; x_wconf 87' lang='grc' dir='ltr'>μαλακωτέρους</span> <span class='ocrx_word' id='word_1_724' title='bbox 3680 2640 3843 2703; x_wconf 84' lang='grc' dir='ltr'>δντας</span> 
     </span>
    </p>
   </div>
   <div class='ocr_carea' id='block_1_92' title="bbox 2172 2728 3844 2804">
    <p class='ocr_par' dir='ltr' id='par_1_92' title="bbox 2172 2728 3844 2804">
     <span class='ocr_line' id='line_1_94' title="bbox 2172 2728 3844 2804; baseline -0.001 -23"><span class='ocrx_word' id='word_1_725' title='bbox 2172 2728 2389 2800; x_wconf 82' lang='grc' dir='ltr'>σιδήρου</span> <span class='ocrx_word' id='word_1_726' title='bbox 2424 2731 2810 2803; x_wconf 74' lang='grc' dir='ltr'>στερροτέρους</span> <span class='ocrx_word' id='word_1_727' title='bbox 2848 2734 3174 2804; x_wconf 81' lang='grc' dir='ltr'>είργάσατο;</span> <span class='ocrx_word' id='word_1_728' title='bbox 3226 2732 3440 2801; x_wconf 83' lang='grc' dir='ltr'>Ἐπειδὴ</span> <span class='ocrx_word' id='word_1_729' title='bbox 3474 2729 3584 2800; x_wconf 85' lang='grc' dir='ltr'>γὰρ</span> <span class='ocrx_word' id='word_1_730' title='bbox 3610 2730 3745 2799; x_wconf 76' lang='grc' dir='ltr'>ἡμῖν</span> <span class='ocrx_word' id='word_1_731' title='bbox 3778 2730 3844 2780; x_wconf 87' lang='grc' dir='ltr'>οὑ</span> 
     </span>
    </p>
   </div>
   <div class='ocr_carea' id='block_1_93' title="bbox 2172 2812 3846 2890">
    <p class='ocr_par' dir='ltr' id='par_1_93' title="bbox 2172 2812 3846 2890">
     <span class='ocr_line' id='line_1_95' title="bbox 2172 2812 3846 2890; baseline 0.001 -22"><span class='ocrx_word' id='word_1_732' title='bbox 2172 2816 2307 2887; x_wconf 85' lang='grc' dir='ltr'>πρὸς</span> <span class='ocrx_word' id='word_1_733' title='bbox 2336 2812 2473 2888; x_wconf 80' lang='grc' dir='ltr'>αἷμα</span> <span class='ocrx_word' id='word_1_734' title='bbox 2498 2819 2592 2871; x_wconf 78' lang='grc' dir='ltr'>καὶ</span> <span class='ocrx_word' id='word_1_735' title='bbox 2622 2819 2799 2890; x_wconf 87' lang='grc' dir='ltr'>σάρκα</span> <span class='ocrx_word' id='word_1_736' title='bbox 2823 2820 2853 2872; x_wconf 85' lang='grc' dir='ltr'>ὁ</span> <span class='ocrx_word' id='word_1_737' title='bbox 2880 2819 3130 2888; x_wconf 84' lang='grc' dir='ltr'>πόλεμος,</span> <span class='ocrx_word' id='word_1_738' title='bbox 3161 2819 3297 2871; x_wconf 83' lang='grc' dir='ltr'>ἀλλὰ</span> <span class='ocrx_word' id='word_1_739' title='bbox 3332 2818 3466 2889; x_wconf 82' lang='grc' dir='ltr'>πρὸς</span> <span class='ocrx_word' id='word_1_740' title='bbox 3494 2816 3593 2880; x_wconf 83' lang='grc' dir='ltr'>τὰς</span> <span class='ocrx_word' id='word_1_741' title='bbox 3615 2816 3846 2885; x_wconf 85' lang='grc' dir='ltr'>ἀσωμά-</span> 
     </span>
    </p>
   </div>
   <div class='ocr_carea' id='block_1_94' title="bbox 2169 2903 3845 2977">
    <p class='ocr_par' dir='ltr' id='par_1_94' title="bbox 2169 2903 3845 2977">
     <span class='ocr_line' id='line_1_96' title="bbox 2169 2903 3845 2977; baseline 0.001 -22"><span class='ocrx_word' id='word_1_742' title='bbox 2169 2920 2297 2967; x_wconf 91' lang='grc' dir='ltr'>τους</span> <span class='ocrx_word' id='word_1_743' title='bbox 2328 2903 2606 2974; x_wconf 87' lang='grc' dir='ltr'>δυνάμεις,</span> <span class='ocrx_word' id='word_1_744' title='bbox 2654 2906 2741 2959; x_wconf 86' lang='grc' dir='ltr'>διά</span> <span class='ocrx_word' id='word_1_745' title='bbox 2773 2906 2932 2960; x_wconf 92' lang='grc' dir='ltr'>τοῦτο</span> <span class='ocrx_word' id='word_1_746' title='bbox 2968 2906 3089 2959; x_wconf 84' lang='grc' dir='ltr'>οὑδὲ</span> <span class='ocrx_word' id='word_1_747' title='bbox 3132 2906 3202 2959; x_wconf 83' lang='grc' dir='ltr'>τά</span> <span class='ocrx_word' id='word_1_748' title='bbox 3252 2903 3391 2959; x_wconf 77' lang='grc' dir='ltr'>ὅπλα</span> <span class='ocrx_word' id='word_1_749' title='bbox 3437 2908 3568 2977; x_wconf 77' lang='grc' dir='ltr'>ἡμῖν</span> <span class='ocrx_word' id='word_1_750' title='bbox 3599 2904 3845 2975; x_wconf 81' lang='grc' dir='ltr'>σαρκικὰ</span> 
     </span>
    </p>
   </div>
   <div class='ocr_carea' id='block_1_95' title="bbox 2171 2991 3845 3065">
    <p class='ocr_par' dir='ltr' id='par_1_95' title="bbox 2171 2991 3845 3065">
     <span class='ocr_line' id='line_1_97' title="bbox 2171 2991 3845 3065; baseline 0.001 -22"><span class='ocrx_word' id='word_1_751' title='bbox 2171 2991 2515 3063; x_wconf 85' lang='grc' dir='ltr'>περιέθηκεν,</span> <span class='ocrx_word' id='word_1_752' title='bbox 2545 2992 2682 3047; x_wconf 87' lang='grc' dir='ltr'>ἀλλά</span> <span class='ocrx_word' id='word_1_753' title='bbox 2724 2993 2902 3046; x_wconf 88' lang='grc' dir='ltr'>πάντα</span> <span class='ocrx_word' id='word_1_754' title='bbox 2950 2994 3331 3065; x_wconf 82' lang='grc' dir='ltr'>πνευματικὰ,</span> <span class='ocrx_word' id='word_1_755' title='bbox 3364 2994 3456 3046; x_wconf 72' lang='grc' dir='ltr'>καὶ</span> <span class='ocrx_word' id='word_1_756' title='bbox 3492 2992 3667 3055; x_wconf 69' lang='grc' dir='ltr'>οὕτως</span> <span class='ocrx_word' id='word_1_757' title='bbox 3703 2993 3845 3045; x_wconf 81' lang='grc' dir='ltr'>ἀπο-</span> 
     </span>
    </p>
   </div>
   <div class='ocr_carea' id='block_1_96' title="bbox 2172 3078 3845 3153">
    <p class='ocr_par' dir='ltr' id='par_1_96' title="bbox 2172 3078 3845 3153">
     <span class='ocr_line' id='line_1_98' title="bbox 2172 3078 3845 3153; baseline 0 -22"><span class='ocrx_word' id='word_1_758' title='bbox 2172 3078 2475 3145; x_wconf 72' lang='grc' dir='ltr'>στίλϐοντα,</span> <span class='ocrx_word' id='word_1_759' title='bbox 2521 3078 2661 3133; x_wconf 82' lang='grc' dir='ltr'>ὥστε</span> <span class='ocrx_word' id='word_1_760' title='bbox 2695 3081 2828 3153; x_wconf 87' lang='grc' dir='ltr'>μηδὲ</span> <span class='ocrx_word' id='word_1_761' title='bbox 2857 3081 2956 3152; x_wconf 84' lang='grc' dir='ltr'>τὴν</span> <span class='ocrx_word' id='word_1_762' title='bbox 2996 3081 3060 3134; x_wconf 84' lang='grc' dir='ltr'>ἐκ</span> <span class='ocrx_word' id='word_1_763' title='bbox 3111 3080 3316 3134; x_wconf 89' lang='grc' dir='ltr'>τούτων</span> <span class='ocrx_word' id='word_1_764' title='bbox 3348 3081 3541 3151; x_wconf 79' lang='grc' dir='ltr'>αἴγλην</span> <span class='ocrx_word' id='word_1_765' title='bbox 3590 3082 3845 3147; x_wconf 84' lang='grc' dir='ltr'>ἐνεγκεῖν</span> 
     </span>
    </p>
   </div>
   <div class='ocr_carea' id='block_1_97' title="bbox 2169 3164 3345 3237">
    <p class='ocr_par' dir='ltr' id='par_1_97' title="bbox 2169 3164 3345 3237">
     <span class='ocr_line' id='line_1_99' title="bbox 2169 3164 3345 3237; baseline 0.003 -18"><span class='ocrx_word' id='word_1_766' title='bbox 2169 3164 2429 3219; x_wconf 83' lang='grc' dir='ltr'>δύνασθαι</span> <span class='ocrx_word' id='word_1_767' title='bbox 2460 3165 2553 3218; x_wconf 81' lang='grc' dir='ltr'>τὸν</span> <span class='ocrx_word' id='word_1_768' title='bbox 2590 3166 2824 3236; x_wconf 82' lang='grc' dir='ltr'>πονηρὸν</span> <span class='ocrx_word' id='word_1_769' title='bbox 2858 3168 3063 3221; x_wconf 81' lang='grc' dir='ltr'>ἐκεῖνον</span> <span class='ocrx_word' id='word_1_770' title='bbox 3099 3168 3345 3237; x_wconf 90' lang='grc' dir='ltr'>δαίμονα.</span> 
     </span>
    </p>
   </div>
   <div class='ocr_carea' id='block_1_98' title="bbox 2243 3269 3845 3344">
    <p class='ocr_par' dir='ltr' id='par_1_98' title="bbox 2243 3269 3845 3344">
     <span class='ocr_line' id='line_1_100' title="bbox 2243 3269 3845 3344; baseline 0 -21"><span class='ocrx_word' id='word_1_771' title='bbox 2243 3269 2356 3342; x_wconf 76' lang='grc' dir='ltr'>[ει]</span> <span class='ocrx_word' id='word_1_772' title='bbox 2377 3277 2436 3332; x_wconf 86' lang='grc' dir='ltr'>ς’.</span> <span class='ocrx_word' id='word_1_773' title='bbox 2458 3270 2693 3325; x_wconf 89' lang='grc' dir='ltr'>Τοιαῦτα</span> <span class='ocrx_word' id='word_1_774' title='bbox 2710 3272 2888 3325; x_wconf 89' lang='grc' dir='ltr'>τοίνυν</span> <span class='ocrx_word' id='word_1_775' title='bbox 2904 3272 3042 3326; x_wconf 84' lang='grc' dir='ltr'>ὅπλα</span> <span class='ocrx_word' id='word_1_776' title='bbox 3058 3272 3396 3343; x_wconf 82' lang='grc' dir='ltr'>ἐνδεδυμένοι</span> <span class='ocrx_word' id='word_1_777' title='bbox 3426 3272 3501 3344; x_wconf 80' lang='grc' dir='ltr'>μὴ</span> <span class='ocrx_word' id='word_1_778' title='bbox 3522 3272 3845 3344; x_wconf 86' lang='grc' dir='ltr'>φρίττωμεν</span> 
     </span>
    </p>
   </div>
   <div class='ocr_carea' id='block_1_99' title="bbox 2169 3367 3844 3442">
    <p class='ocr_par' dir='ltr' id='par_1_99' title="bbox 2169 3367 3844 3442">
     <span class='ocr_line' id='line_1_101' title="bbox 2169 3367 3844 3442; baseline 0.005 -24"><span class='ocrx_word' id='word_1_779' title='bbox 2169 3368 2267 3434; x_wconf 82' lang='grc' dir='ltr'>τὴν</span> <span class='ocrx_word' id='word_1_780' title='bbox 2296 3367 2493 3438; x_wconf 89' lang='grc' dir='ltr'>πάλην,</span> <span class='ocrx_word' id='word_1_781' title='bbox 2526 3368 2660 3439; x_wconf 86' lang='grc' dir='ltr'>μηδὲ</span> <span class='ocrx_word' id='word_1_782' title='bbox 2700 3370 2799 3439; x_wconf 77' lang='grc' dir='ltr'>τὴν</span> <span class='ocrx_word' id='word_1_783' title='bbox 2830 3369 3145 3441; x_wconf 75' lang='grc' dir='ltr'>συμπλοκὴν</span> <span class='ocrx_word' id='word_1_784' title='bbox 3185 3370 3494 3441; x_wconf 76' lang='grc' dir='ltr'>φεύγωμεν,</span> <span class='ocrx_word' id='word_1_785' title='bbox 3534 3371 3669 3424; x_wconf 86' lang='grc' dir='ltr'>ἀλλά</span> <span class='ocrx_word' id='word_1_786' title='bbox 3703 3374 3844 3442; x_wconf 81' lang='grc' dir='ltr'>μηδέ</span> 
     </span>
    </p>
   </div>
   <div class='ocr_carea' id='block_1_100' title="bbox 2172 3466 3844 3541">
    <p class='ocr_par' dir='ltr' id='par_1_100' title="bbox 2172 3466 3844 3541">
     <span class='ocr_line' id='line_1_102' title="bbox 2172 3466 3844 3541; baseline 0.002 -22"><span class='ocrx_word' id='word_1_787' title='bbox 2172 3466 2522 3537; x_wconf 79' lang='grc' dir='ltr'>ρᾳθυμῶμεν.</span> <span class='ocrx_word' id='word_1_788' title='bbox 2573 3468 2782 3539; x_wconf 83' lang='grc' dir='ltr'>’Ὠσπερ</span> <span class='ocrx_word' id='word_1_789' title='bbox 2820 3468 2926 3541; x_wconf 85' lang='grc' dir='ltr'>γὰρ</span> <span class='ocrx_word' id='word_1_790' title='bbox 2966 3469 3243 3539; x_wconf 87' lang='grc' dir='ltr'>νηφόντων</span> <span class='ocrx_word' id='word_1_791' title='bbox 3275 3469 3431 3540; x_wconf 80' lang='grc' dir='ltr'>ἡμῶν</span> <span class='ocrx_word' id='word_1_792' title='bbox 3461 3470 3561 3522; x_wconf 88' lang='grc' dir='ltr'>οὑκ</span> <span class='ocrx_word' id='word_1_793' title='bbox 3600 3470 3667 3523; x_wconf 84' lang='grc' dir='ltr'>ἄν</span> <span class='ocrx_word' id='word_1_794' title='bbox 3709 3488 3844 3523; x_wconf 90' lang='grc' dir='ltr'>ποτε</span> 
     </span>
    </p>
   </div>
   <div class='ocr_carea' id='block_1_101' title="bbox 2171 3563 3848 3638">
    <p class='ocr_par' dir='ltr' id='par_1_101' title="bbox 2171 3563 3848 3638">
     <span class='ocr_line' id='line_1_103' title="bbox 2171 3563 3848 3638; baseline 0.002 -22"><span class='ocrx_word' id='word_1_795' title='bbox 2171 3563 2505 3634; x_wconf 88' lang='grc' dir='ltr'>περιγένοιτο</span> <span class='ocrx_word' id='word_1_796' title='bbox 2541 3567 2570 3619; x_wconf 86' lang='grc' dir='ltr'>ὁ</span> <span class='ocrx_word' id='word_1_797' title='bbox 2604 3565 2837 3637; x_wconf 81' lang='grc' dir='ltr'>πονηρὸς</span> <span class='ocrx_word' id='word_1_798' title='bbox 2876 3566 3084 3637; x_wconf 89' lang='grc' dir='ltr'>δαίμων</span> <span class='ocrx_word' id='word_1_799' title='bbox 3127 3567 3331 3627; x_wconf 81' lang='grc' dir='ltr'>ἐκεῖνος</span> <span class='ocrx_word' id='word_1_800' title='bbox 3371 3567 3467 3638; x_wconf 84' lang='grc' dir='ltr'>τῆς</span> <span class='ocrx_word' id='word_1_801' title='bbox 3502 3567 3612 3620; x_wconf 90' lang='grc' dir='ltr'>τῶν</span> <span class='ocrx_word' id='word_1_802' title='bbox 3659 3567 3848 3623; x_wconf 86' lang='grc' dir='ltr'>ὃπλων</span> 
     </span>
    </p>
   </div>
   <div class='ocr_carea' id='block_1_102' title="bbox 2168 3660 3842 3738">
    <p class='ocr_par' dir='ltr' id='par_1_102' title="bbox 2168 3660 3842 3738">
     <span class='ocr_line' id='line_1_104' title="bbox 2168 3660 3842 3738; baseline 0.004 -25"><span class='ocrx_word' id='word_1_803' title='bbox 2168 3660 2470 3729; x_wconf 85' lang='grc' dir='ltr'>δυνάμεως,</span> <span class='ocrx_word' id='word_1_804' title='bbox 2512 3662 2608 3715; x_wconf 83' lang='grc' dir='ltr'>ἐὰν</span> <span class='ocrx_word' id='word_1_805' title='bbox 2654 3661 2967 3733; x_wconf 88' lang='grc' dir='ltr'>βουλώμεθα</span> <span class='ocrx_word' id='word_1_806' title='bbox 3013 3662 3191 3734; x_wconf 82' lang='grc' dir='ltr'>ἄκυρα</span> <span class='ocrx_word' id='word_1_807' title='bbox 3236 3664 3402 3717; x_wconf 86' lang='grc' dir='ltr'>αὑτοῦ</span> <span class='ocrx_word' id='word_1_808' title='bbox 3453 3666 3677 3738; x_wconf 85' lang='grc' dir='ltr'>ποιῆσαι</span> <span class='ocrx_word' id='word_1_809' title='bbox 3724 3667 3842 3721; x_wconf 75' lang='grc' dir='ltr'>τάο</span> 
     </span>
    </p>
   </div>
   <div class='ocr_carea' id='block_1_103' title="bbox 2171 3756 3843 3832">
    <p class='ocr_par' dir='ltr' id='par_1_103' title="bbox 2171 3756 3843 3832">
     <span class='ocr_line' id='line_1_105' title="bbox 2171 3756 3843 3832; baseline 0.003 -22"><span class='ocrx_word' id='word_1_810' title='bbox 2171 3758 2537 3827; x_wconf 83' lang='grc' dir='ltr'>μηχανήματα</span> <span class='ocrx_word' id='word_1_811' title='bbox 2558 3772 2569 3784; x_wconf 86' lang='lat'>&#39;</span> <span class='ocrx_word' id='word_1_812' title='bbox 2599 3756 2770 3821; x_wconf 85' lang='grc' dir='ltr'>οὑτως</span> <span class='ocrx_word' id='word_1_813' title='bbox 2795 3757 2889 3812; x_wconf 84' lang='grc' dir='ltr'>ἐὰν</span> <span class='ocrx_word' id='word_1_814' title='bbox 2916 3759 3269 3829; x_wconf 67' lang='grc' dir='ltr'>ρᾳθυμῶμεν,</span> <span class='ocrx_word' id='word_1_815' title='bbox 3293 3761 3444 3814; x_wconf 80' lang='grc' dir='ltr'>οὐδὲν</span> <span class='ocrx_word' id='word_1_816' title='bbox 3474 3762 3607 3832; x_wconf 84' lang='grc' dir='ltr'>ἡμῖν</span> <span class='ocrx_word' id='word_1_817' title='bbox 3643 3762 3843 3831; x_wconf 74' lang='grc' dir='ltr'>ὄφελος</span> 
     </span>
    </p>
   </div>
   <div class='ocr_carea' id='block_1_104' title="bbox 2169 3851 3845 3929">
    <p class='ocr_par' dir='ltr' id='par_1_104' title="bbox 2169 3851 3845 3929">
     <span class='ocr_line' id='line_1_106' title="bbox 2169 3851 3845 3929; baseline 0.005 -26"><span class='ocrx_word' id='word_1_818' title='bbox 2169 3852 2345 3916; x_wconf 77' lang='grc' dir='ltr'>ἔσται,</span> <span class='ocrx_word' id='word_1_819' title='bbox 2373 3851 2469 3906; x_wconf 90' lang='grc' dir='ltr'>τοῦ</span> <span class='ocrx_word' id='word_1_820' title='bbox 2519 3853 2776 3923; x_wconf 85' lang='grc' dir='ltr'>πολεμίου</span> <span class='ocrx_word' id='word_1_821' title='bbox 2812 3854 2912 3924; x_wconf 83' lang='grc' dir='ltr'>τῆς</span> <span class='ocrx_word' id='word_1_822' title='bbox 2957 3856 3231 3927; x_wconf 81' lang='grc' dir='ltr'>ἡμετέρας</span> <span class='ocrx_word' id='word_1_823' title='bbox 3262 3859 3536 3929; x_wconf 89' lang='grc' dir='ltr'>σωτηρίας</span> <span class='ocrx_word' id='word_1_824' title='bbox 3572 3860 3845 3929; x_wconf 80' lang='grc' dir='ltr'>διηνεκῶς</span> 
     </span>
    </p>
   </div>
   <div class='ocr_carea' id='block_1_105' title="bbox 2169 3950 3836 4024">
    <p class='ocr_par' dir='ltr' id='par_1_105' title="bbox 2169 3950 3836 4024">
     <span class='ocr_line' id='line_1_107' title="bbox 2169 3950 3836 4024; baseline 0.005 -23"><span class='ocrx_word' id='word_1_825' title='bbox 2169 3950 2551 4019; x_wconf 88' lang='grc' dir='ltr'>ἐγρηγορότος,</span> <span class='ocrx_word' id='word_1_826' title='bbox 2585 3950 2680 4003; x_wconf 81' lang='grc' dir='ltr'>καὶ</span> <span class='ocrx_word' id='word_1_827' title='bbox 2710 3950 2887 4002; x_wconf 89' lang='grc' dir='ltr'>πάντα</span> <span class='ocrx_word' id='word_1_828' title='bbox 2917 3951 3056 4003; x_wconf 85' lang='grc' dir='ltr'>κατά</span> <span class='ocrx_word' id='word_1_829' title='bbox 3089 3953 3186 4022; x_wconf 87' lang='grc' dir='ltr'>τῆς</span> <span class='ocrx_word' id='word_1_830' title='bbox 3222 3955 3494 4024; x_wconf 86' lang='grc' dir='ltr'>σωτηρίας</span> <span class='ocrx_word' id='word_1_831' title='bbox 3524 3956 3685 4024; x_wconf 84' lang='grc' dir='ltr'>ἡμῶν</span> <span class='ocrx_word' id='word_1_832' title='bbox 3720 3956 3836 4009; x_wconf 81' lang='grc' dir='ltr'>διαο</span> 
     </span>
    </p>
   </div>
   <div class='ocr_carea' id='block_1_106' title="bbox 2167 4038 3840 4111">
    <p class='ocr_par' dir='ltr' id='par_1_106' title="bbox 2167 4038 3840 4111">
     <span class='ocr_line' id='line_1_108' title="bbox 2167 4038 3840 4111; baseline 0.005 -23"><span class='ocrx_word' id='word_1_833' title='bbox 2167 4038 2568 4106; x_wconf 88' lang='grc' dir='ltr'>πραττομένου.</span> <span class='ocrx_word' id='word_1_834' title='bbox 2618 4038 2955 4108; x_wconf 85' lang='grc' dir='ltr'>Πανταχόθεν</span> <span class='ocrx_word' id='word_1_835' title='bbox 2991 4039 3168 4092; x_wconf 83' lang='grc' dir='ltr'>τοίνυν</span> <span class='ocrx_word' id='word_1_836' title='bbox 3211 4040 3524 4111; x_wconf 69' lang='grc' dir='ltr'>ὁπλίζωμεν</span> <span class='ocrx_word' id='word_1_837' title='bbox 3567 4044 3840 4105; x_wconf 77' lang='grc' dir='ltr'>ἑαυτοὺς.</span> 
     </span>
    </p>
   </div>
   <div class='ocr_carea' id='block_1_107' title="bbox 2170 4124 3844 4200">
    <p class='ocr_par' dir='ltr' id='par_1_107' title="bbox 2170 4124 3844 4200">
     <span class='ocr_line' id='line_1_109' title="bbox 2170 4124 3844 4200; baseline 0.007 -24"><span class='ocrx_word' id='word_1_838' title='bbox 2170 4126 2260 4177; x_wconf 82' lang='grc' dir='ltr'>καὶ</span> <span class='ocrx_word' id='word_1_839' title='bbox 2306 4126 2569 4198; x_wconf 75' lang='grc' dir='ltr'>ῥημάτων</span> <span class='ocrx_word' id='word_1_840' title='bbox 2620 4124 2944 4195; x_wconf 85' lang='grc' dir='ltr'>φειδόμενοι,</span> <span class='ocrx_word' id='word_1_841' title='bbox 2988 4126 3083 4179; x_wconf 78' lang='grc' dir='ltr'>καὶ</span> <span class='ocrx_word' id='word_1_842' title='bbox 3121 4128 3461 4199; x_wconf 88' lang='grc' dir='ltr'>πραγμάτων</span> <span class='ocrx_word' id='word_1_843' title='bbox 3503 4130 3844 4200; x_wconf 74' lang='grc' dir='ltr'>ἀπεχόμενοι</span> 
     </span>
    </p>
   </div>
   <div class='ocr_carea' id='block_1_108' title="bbox 2164 4221 3844 4297">
    <p class='ocr_par' dir='ltr' id='par_1_108' title="bbox 2164 4221 3844 4297">
     <span class='ocr_line' id='line_1_110' title="bbox 2164 4221 3844 4297; baseline 0.005 -24"><span class='ocrx_word' id='word_1_844' title='bbox 2164 4221 2274 4273; x_wconf 88' lang='grc' dir='ltr'>τῶν</span> <span class='ocrx_word' id='word_1_845' title='bbox 2309 4221 2563 4291; x_wconf 87' lang='grc' dir='ltr'>βλάπτειν</span> <span class='ocrx_word' id='word_1_846' title='bbox 2615 4222 2760 4291; x_wconf 84' lang='grc' dir='ltr'>ἡμᾶς</span> <span class='ocrx_word' id='word_1_847' title='bbox 2796 4221 3142 4291; x_wconf 89' lang='grc' dir='ltr'>δυναμένων,</span> <span class='ocrx_word' id='word_1_848' title='bbox 3178 4224 3272 4276; x_wconf 75' lang='grc' dir='ltr'>καὶ</span> <span class='ocrx_word' id='word_1_849' title='bbox 3308 4225 3447 4294; x_wconf 85' lang='grc' dir='ltr'>μετά</span> <span class='ocrx_word' id='word_1_850' title='bbox 3478 4226 3579 4295; x_wconf 83' lang='grc' dir='ltr'>τῆς</span> <span class='ocrx_word' id='word_1_851' title='bbox 3620 4228 3844 4297; x_wconf 73' lang='grc' dir='ltr'>ἀποχῆς</span> 
     </span>
    </p>
   </div>
   <div class='ocr_carea' id='block_1_109' title="bbox 2165 4306 3842 4384">
    <p class='ocr_par' dir='ltr' id='par_1_109' title="bbox 2165 4306 3842 4384">
     <span class='ocr_line' id='line_1_111' title="bbox 2165 4306 3842 4384; baseline 0.004 -23"><span class='ocrx_word' id='word_1_852' title='bbox 2165 4306 2275 4361; x_wconf 87' lang='grc' dir='ltr'>τῶν</span> <span class='ocrx_word' id='word_1_853' title='bbox 2300 4308 2623 4379; x_wconf 87' lang='grc' dir='ltr'>βρωμάτων,</span> <span class='ocrx_word' id='word_1_854' title='bbox 2647 4309 2741 4361; x_wconf 78' lang='grc' dir='ltr'>καὶ</span> <span class='ocrx_word' id='word_1_855' title='bbox 2767 4311 2865 4378; x_wconf 83' lang='grc' dir='ltr'>τῆς</span> <span class='ocrx_word' id='word_1_856' title='bbox 2890 4308 3052 4379; x_wconf 81' lang='grc' dir='ltr'>ἄλλης</span> <span class='ocrx_word' id='word_1_857' title='bbox 3077 4310 3296 4380; x_wconf 87' lang='grc' dir='ltr'>ἀρετῆς,</span> <span class='ocrx_word' id='word_1_858' title='bbox 3316 4312 3411 4364; x_wconf 79' lang='grc' dir='ltr'>καὶ</span> <span class='ocrx_word' id='word_1_859' title='bbox 3430 4312 3529 4382; x_wconf 80' lang='grc' dir='ltr'>τὴν</span> <span class='ocrx_word' id='word_1_860' title='bbox 3554 4315 3685 4384; x_wconf 77' lang='grc' dir='ltr'>περὶ</span> <span class='ocrx_word' id='word_1_861' title='bbox 3711 4318 3842 4379; x_wconf 81' lang='grc' dir='ltr'>τοὺς</span> 
     </span>
    </p>
   </div>
   <div class='ocr_carea' id='block_1_110' title="bbox 2166 4396 3843 4472">
    <p class='ocr_par' dir='ltr' id='par_1_110' title="bbox 2166 4396 3843 4472">
     <span class='ocr_line' id='line_1_112' title="bbox 2166 4396 3843 4472; baseline 0.004 -24"><span class='ocrx_word' id='word_1_862' title='bbox 2166 4396 2404 4466; x_wconf 86' lang='grc' dir='ltr'>πένητας</span> <span class='ocrx_word' id='word_1_863' title='bbox 2437 4396 2715 4465; x_wconf 76' lang='grc' dir='ltr'>δαψίλειαν</span> <span class='ocrx_word' id='word_1_864' title='bbox 2754 4396 3219 4467; x_wconf 82' lang='grc' dir='ltr'>ἐπιδεικνυώμεθα</span> <span class='ocrx_word' id='word_1_865' title='bbox 3251 4397 3296 4463; x_wconf 73' lang='grc' dir='ltr'>ί,</span> <span class='ocrx_word' id='word_1_866' title='bbox 3339 4400 3540 4465; x_wconf 77' lang='grc' dir='ltr'>εἰδότες</span> <span class='ocrx_word' id='word_1_867' title='bbox 3587 4402 3687 4472; x_wconf 83' lang='grc' dir='ltr'>ὅση</span> <span class='ocrx_word' id='word_1_868' title='bbox 3735 4403 3843 4472; x_wconf 71' lang='grc' dir='ltr'>τῆς</span> 
     </span>
    </p>
   </div>
   <div class='ocr_carea' id='block_1_111' title="bbox 2166 4482 3840 4556">
    <p class='ocr_par' dir='ltr' id='par_1_111' title="bbox 2166 4482 3840 4556">
     <span class='ocr_line' id='line_1_113' title="bbox 2166 4482 3840 4556; baseline 0.005 -21"><span class='ocrx_word' id='word_1_869' title='bbox 2166 4483 2296 4554; x_wconf 75' lang='grc' dir='ltr'>περὶ</span> <span class='ocrx_word' id='word_1_870' title='bbox 2334 4482 2554 4545; x_wconf 86' lang='grc' dir='ltr'>τούτους</span> <span class='ocrx_word' id='word_1_871' title='bbox 2593 4483 2886 4553; x_wconf 89' lang='grc' dir='ltr'>θεραπείας</span> <span class='ocrx_word' id='word_1_872' title='bbox 2935 4484 3067 4552; x_wconf 86' lang='grc' dir='ltr'>ἡμῖν</span> <span class='ocrx_word' id='word_1_873' title='bbox 3111 4484 3351 4538; x_wconf 85' lang='grc' dir='ltr'>κείσεται</span> <span class='ocrx_word' id='word_1_874' title='bbox 3390 4488 3424 4556; x_wconf 86' lang='grc' dir='ltr'>ἡ</span> <span class='ocrx_word' id='word_1_875' title='bbox 3456 4487 3840 4554; x_wconf 85' lang='grc' dir='ltr'>ἀνταπόδοσις.</span> 
     </span>
    </p>
   </div>
   <div class='ocr_carea' id='block_1_112' title="bbox 2175 4568 3843 4647">
    <p class='ocr_par' dir='ltr' id='par_1_112' title="bbox 2175 4568 3843 4647">
     <span class='ocr_line' id='line_1_114' title="bbox 2175 4568 3843 4647; baseline 0.006 -26"><span class='ocrx_word' id='word_1_876' title='bbox 2175 4571 2240 4622; x_wconf 84' lang='lat'>&#39;0</span> <span class='ocrx_word' id='word_1_877' title='bbox 2281 4570 2390 4639; x_wconf 76' lang='grc' dir='ltr'>γὰρ</span> <span class='ocrx_word' id='word_1_878' title='bbox 2433 4568 2654 4634; x_wconf 86' lang='grc' dir='ltr'>ἐλεῶν,</span> <span class='ocrx_word' id='word_1_879' title='bbox 2693 4574 2859 4638; x_wconf 73' lang='grc' dir='ltr'>φησὶ,</span> <span class='ocrx_word' id='word_1_880' title='bbox 2902 4570 3168 4639; x_wconf 82' lang='grc' dir='ltr'>πτωχὸν,</span> <span class='ocrx_word' id='word_1_881' title='bbox 3209 4570 3460 4633; x_wconf 67' lang='grc' dir='ltr'>δανείζει</span> <span class='ocrx_word' id='word_1_882' title='bbox 3502 4573 3645 4640; x_wconf 86' lang='grc' dir='ltr'>Θεῷ.</span> <span class='ocrx_word' id='word_1_883' title='bbox 3692 4577 3843 4647; x_wconf 86' lang='grc' dir='ltr'>Ὅρα</span> 
     </span>
    </p>
   </div>
   <div class='ocr_carea' id='block_1_113' title="bbox 2162 4656 3844 4731">
    <p class='ocr_par' dir='ltr' id='par_1_113' title="bbox 2162 4656 3844 4731">
     <span class='ocr_line' id='line_1_115' title="bbox 2162 4656 3844 4731; baseline 0.003 -19"><span class='ocrx_word' id='word_1_884' title='bbox 2162 4657 2374 4712; x_wconf 91' lang='grc' dir='ltr'>δανείου</span> <span class='ocrx_word' id='word_1_885' title='bbox 2425 4658 2585 4727; x_wconf 81' lang='grc' dir='ltr'>φύσιν</span> <span class='ocrx_word' id='word_1_886' title='bbox 2638 4657 2792 4725; x_wconf 86' lang='grc' dir='ltr'>ξένην</span> <span class='ocrx_word' id='word_1_887' title='bbox 2848 4658 2938 4709; x_wconf 80' lang='grc' dir='ltr'>καὶ</span> <span class='ocrx_word' id='word_1_888' title='bbox 2988 4656 3304 4727; x_wconf 86' lang='grc' dir='ltr'>παράδοξον.</span> <span class='ocrx_word' id='word_1_889' title='bbox 3335 4661 3563 4731; x_wconf 86' lang='grc' dir='ltr'>’Ἐτερός</span> <span class='ocrx_word' id='word_1_890' title='bbox 3613 4665 3766 4717; x_wconf 82' lang='grc' dir='ltr'>ἐστιν</span> <span class='ocrx_word' id='word_1_891' title='bbox 3812 4668 3844 4719; x_wconf 87' lang='grc' dir='ltr'><strong>ὁ</strong></span> 
     </span>
    </p>
   </div>
   <div class='ocr_carea' id='block_1_114' title="bbox 2164 4744 3843 4818">
    <p class='ocr_par' dir='ltr' id='par_1_114' title="bbox 2164 4744 3843 4818">
     <span class='ocr_line' id='line_1_116' title="bbox 2164 4744 3843 4818; baseline 0.004 -20"><span class='ocrx_word' id='word_1_892' title='bbox 2164 4747 2473 4818; x_wconf 84' lang='grc' dir='ltr'>λαμϐάνων,</span> <span class='ocrx_word' id='word_1_893' title='bbox 2521 4747 2616 4798; x_wconf 75' lang='grc' dir='ltr'>καὶ</span> <span class='ocrx_word' id='word_1_894' title='bbox 2660 4745 2843 4815; x_wconf 83' lang='grc' dir='ltr'>’έτερος</span> <span class='ocrx_word' id='word_1_895' title='bbox 2883 4747 2911 4797; x_wconf 85' lang='grc' dir='ltr'><strong>ὁ</strong></span> <span class='ocrx_word' id='word_1_896' title='bbox 2946 4745 3023 4814; x_wconf 84' lang='grc' dir='ltr'>τῷ</span> <span class='ocrx_word' id='word_1_897' title='bbox 3070 4744 3263 4816; x_wconf 82' lang='grc' dir='ltr'>δανείῳ</span> <span class='ocrx_word' id='word_1_898' title='bbox 3296 4748 3490 4801; x_wconf 80' lang='grc' dir='ltr'>ἑαυτὸν</span> <span class='ocrx_word' id='word_1_899' title='bbox 3530 4751 3843 4805; x_wconf 85' lang='grc' dir='ltr'>ὑπεύθυνον</span> 
     </span>
    </p>
   </div>
   <div class='ocr_carea' id='block_1_115' title="bbox 2163 4831 3843 4901">
    <p class='ocr_par' dir='ltr' id='par_1_115' title="bbox 2163 4831 3843 4901">
     <span class='ocr_line' id='line_1_117' title="bbox 2163 4831 3843 4901; baseline 0.004 -15"><span class='ocrx_word' id='word_1_900' title='bbox 2163 4834 2455 4895; x_wconf 88' lang='grc' dir='ltr'>καθιστάς·</span> <span class='ocrx_word' id='word_1_901' title='bbox 2491 4832 2583 4884; x_wconf 80' lang='grc' dir='ltr'>καὶ</span> <span class='ocrx_word' id='word_1_902' title='bbox 2608 4832 2668 4884; x_wconf 94' lang='grc' dir='ltr'>οὑ</span> <span class='ocrx_word' id='word_1_903' title='bbox 2718 4832 2875 4884; x_wconf 89' lang='grc' dir='ltr'>τοῦτο</span> <span class='ocrx_word' id='word_1_904' title='bbox 2904 4831 3081 4901; x_wconf 90' lang='grc' dir='ltr'>μόνον,</span> <span class='ocrx_word' id='word_1_905' title='bbox 3122 4831 3235 4884; x_wconf 80' lang='grc' dir='ltr'>ἀλλ’</span> <span class='ocrx_word' id='word_1_906' title='bbox 3276 4834 3356 4886; x_wconf 85' lang='grc' dir='ltr'>ὅτι</span> <span class='ocrx_word' id='word_1_907' title='bbox 3388 4836 3482 4888; x_wconf 76' lang='grc' dir='ltr'>ἐπὶ</span> <span class='ocrx_word' id='word_1_908' title='bbox 3506 4838 3700 4891; x_wconf 86' lang='grc' dir='ltr'>τούτου</span> <span class='ocrx_word' id='word_1_909' title='bbox 3739 4840 3843 4892; x_wconf 88' lang='grc' dir='ltr'>τοῦ</span> 
     </span>
    </p>
   </div>
   <div class='ocr_carea' id='block_1_116' title="bbox 2161 4917 3842 4997">
    <p class='ocr_par' dir='ltr' id='par_1_116' title="bbox 2161 4917 3842 4997">
     <span class='ocr_line' id='line_1_118' title="bbox 2161 4917 3842 4997; baseline 0.004 -23"><span class='ocrx_word' id='word_1_910' title='bbox 2161 4921 2371 4975; x_wconf 78' lang='grc' dir='ltr'>δανείου</span> <span class='ocrx_word' id='word_1_911' title='bbox 2402 4920 2502 4973; x_wconf 89' lang='grc' dir='ltr'>οὑκ</span> <span class='ocrx_word' id='word_1_912' title='bbox 2531 4919 2676 4971; x_wconf 75' lang='grc' dir='ltr'>ἔστιν</span> <span class='ocrx_word' id='word_1_913' title='bbox 2710 4917 3100 4988; x_wconf 86' lang='grc' dir='ltr'>ἀγνωμοσύνην</span> <span class='ocrx_word' id='word_1_914' title='bbox 3129 4919 3449 4991; x_wconf 84' lang='grc' dir='ltr'>ὑποστῆναι,</span> <span class='ocrx_word' id='word_1_915' title='bbox 3479 4924 3599 4977; x_wconf 84' lang='grc' dir='ltr'>οὑδὲ</span> <span class='ocrx_word' id='word_1_916' title='bbox 3640 4926 3842 4997; x_wconf 79' lang='grc' dir='ltr'>ἑτέραν</span> 
     </span>
    </p>
   </div>
   <div class='ocr_carea' id='block_1_117' title="bbox 2161 5002 3841 5085">
    <p class='ocr_par' dir='ltr' id='par_1_117' title="bbox 2161 5002 3841 5085">
     <span class='ocr_line' id='line_1_119' title="bbox 2161 5002 3841 5085; baseline 0.003 -24"><span class='ocrx_word' id='word_1_917' title='bbox 2161 5007 2283 5061; x_wconf 84' lang='grc' dir='ltr'>τινὰ</span> <span class='ocrx_word' id='word_1_918' title='bbox 2325 5005 2546 5077; x_wconf 78' lang='grc' dir='ltr'>ζημίαν.</span> <span class='ocrx_word' id='word_1_919' title='bbox 2579 5005 2713 5058; x_wconf 85' lang='grc' dir='ltr'>Οὑδέ</span> <span class='ocrx_word' id='word_1_920' title='bbox 2763 5002 2901 5074; x_wconf 85' lang='grc' dir='ltr'>γὰρ,</span> <span class='ocrx_word' id='word_1_921' title='bbox 2938 5004 3185 5077; x_wconf 86' lang='grc' dir='ltr'>καθάπερ</span> <span class='ocrx_word' id='word_1_922' title='bbox 3216 5006 3484 5072; x_wconf 87' lang='grc' dir='ltr'>ἐνταῦθα,</span> <span class='ocrx_word' id='word_1_923' title='bbox 3532 5012 3841 5085; x_wconf 74' lang='grc' dir='ltr'>ἑκατοστὴν</span> 
     </span>
    </p>
   </div>
   <div class='ocr_carea' id='block_1_118' title="bbox 2165 5090 3840 5164">
    <p class='ocr_par' dir='ltr' id='par_1_118' title="bbox 2165 5090 3840 5164">
     <span class='ocr_line' id='line_1_120' title="bbox 2165 5090 3840 5164; baseline 0.005 -18"><span class='ocrx_word' id='word_1_924' title='bbox 2165 5094 2324 5164; x_wconf 93' lang='grc' dir='ltr'>μόνον</span> <span class='ocrx_word' id='word_1_925' title='bbox 2352 5094 2689 5162; x_wconf 84' lang='grc' dir='ltr'>ὑπισχνεῖται</span> <span class='ocrx_word' id='word_1_926' title='bbox 2715 5090 2904 5143; x_wconf 90' lang='grc' dir='ltr'>δώσειν</span> <span class='ocrx_word' id='word_1_927' title='bbox 2926 5092 2971 5156; x_wconf 72' lang='grc'>⁸,</span> <span class='ocrx_word' id='word_1_928' title='bbox 2997 5090 3133 5144; x_wconf 86' lang='grc' dir='ltr'>ἀλλὰ</span> <span class='ocrx_word' id='word_1_929' title='bbox 3162 5093 3698 5151; x_wconf 78' lang='grc' dir='ltr'>ἑκατονταπλασίονα</span> <span class='ocrx_word' id='word_1_930' title='bbox 3724 5101 3840 5156; x_wconf 88' lang='grc' dir='ltr'>τῶν</span> 
     </span>
    </p>
   </div>
   <div class='ocr_carea' id='block_1_119' title="bbox 2160 5177 3841 5251">
    <p class='ocr_par' dir='ltr' id='par_1_119' title="bbox 2160 5177 3841 5251">
     <span class='ocr_line' id='line_1_121' title="bbox 2160 5177 3841 5251; baseline 0.005 -17"><span class='ocrx_word' id='word_1_931' title='bbox 2160 5182 2472 5251; x_wconf 81' lang='grc' dir='ltr'>διδομένων,</span> <span class='ocrx_word' id='word_1_932' title='bbox 2512 5180 2604 5231; x_wconf 78' lang='grc' dir='ltr'>καὶ</span> <span class='ocrx_word' id='word_1_933' title='bbox 2634 5178 2754 5231; x_wconf 76' lang='grc' dir='ltr'>οὐδὲ</span> <span class='ocrx_word' id='word_1_934' title='bbox 2785 5178 2945 5247; x_wconf 90' lang='grc' dir='ltr'>μέχρι</span> <span class='ocrx_word' id='word_1_935' title='bbox 2977 5177 3168 5232; x_wconf 88' lang='grc' dir='ltr'>τούτου</span> <span class='ocrx_word' id='word_1_936' title='bbox 3209 5180 3445 5249; x_wconf 78' lang='grc' dir='ltr'>ἵσταται,</span> <span class='ocrx_word' id='word_1_937' title='bbox 3478 5184 3615 5238; x_wconf 88' lang='grc' dir='ltr'>ἀλλά</span> <span class='ocrx_word' id='word_1_938' title='bbox 3658 5188 3841 5243; x_wconf 86' lang='grc' dir='ltr'>ταῦτα</span> 
     </span>
    </p>
   </div>
   <div class='ocr_carea' id='block_1_120' title="bbox 2164 5263 3837 5342">
    <p class='ocr_par' dir='ltr' id='par_1_120' title="bbox 2164 5263 3837 5342">
     <span class='ocr_line' id='line_1_122' title="bbox 2164 5263 3837 5342; baseline 0.005 -22"><span class='ocrx_word' id='word_1_939' title='bbox 2164 5270 2260 5338; x_wconf 89' lang='grc' dir='ltr'>μὲν</span> <span class='ocrx_word' id='word_1_940' title='bbox 2283 5270 2340 5320; x_wconf 85' lang='grc' dir='ltr'>ἐν</span> <span class='ocrx_word' id='word_1_941' title='bbox 2374 5266 2450 5336; x_wconf 83' lang='grc' dir='ltr'>τῷ</span> <span class='ocrx_word' id='word_1_942' title='bbox 2473 5266 2720 5336; x_wconf 88' lang='grc' dir='ltr'>παρόντι,</span> <span class='ocrx_word' id='word_1_943' title='bbox 2742 5265 2835 5317; x_wconf 78' lang='grc' dir='ltr'>καὶ</span> <span class='ocrx_word' id='word_1_944' title='bbox 2872 5268 2929 5316; x_wconf 85' lang='grc' dir='ltr'>ὲν</span> <span class='ocrx_word' id='word_1_945' title='bbox 2954 5263 3031 5334; x_wconf 83' lang='grc' dir='ltr'>τῷ</span> <span class='ocrx_word' id='word_1_946' title='bbox 3062 5265 3308 5334; x_wconf 89' lang='grc' dir='ltr'>μέλλοντι</span> <span class='ocrx_word' id='word_1_947' title='bbox 3335 5268 3391 5321; x_wconf 85' lang='grc' dir='ltr'>δὲ</span> <span class='ocrx_word' id='word_1_948' title='bbox 3421 5269 3566 5342; x_wconf 77' lang='grc' dir='ltr'>ζωὴν</span> <span class='ocrx_word' id='word_1_949' title='bbox 3589 5275 3837 5331; x_wconf 86' lang='grc' dir='ltr'>αἰώνιον.</span> 
     </span>
    </p>
   </div>
   <div class='ocr_carea' id='block_1_121' title="bbox 2161 5350 3843 5431">
    <p class='ocr_par' dir='ltr' id='par_1_121' title="bbox 2161 5350 3843 5431">
     <span class='ocr_line' id='line_1_123' title="bbox 2161 5350 3843 5431; baseline 0.002 -23"><span class='ocrx_word' id='word_1_950' title='bbox 2161 5356 2269 5408; x_wconf 89' lang='lat' dir='ltr'>Kal</span> <span class='ocrx_word' id='word_1_951' title='bbox 2298 5353 2390 5407; x_wconf 79' lang='grc' dir='ltr'>ἐπὶ</span> <span class='ocrx_word' id='word_1_952' title='bbox 2446 5353 2546 5423; x_wconf 86' lang='grc' dir='ltr'>μὲν</span> <span class='ocrx_word' id='word_1_953' title='bbox 2576 5350 2670 5404; x_wconf 91' lang='grc' dir='ltr'>τοῦ</span> <span class='ocrx_word' id='word_1_954' title='bbox 2721 5353 2982 5423; x_wconf 87' lang='grc' dir='ltr'>παρόντος</span> <span class='ocrx_word' id='word_1_955' title='bbox 3015 5352 3129 5421; x_wconf 90' lang='grc' dir='ltr'>βίου</span> <span class='ocrx_word' id='word_1_956' title='bbox 3177 5357 3228 5407; x_wconf 87' lang='grc' dir='ltr'>εῖ</span> <span class='ocrx_word' id='word_1_957' title='bbox 3264 5373 3346 5418; x_wconf 90' lang='grc' dir='ltr'>τις</span> <span class='ocrx_word' id='word_1_958' title='bbox 3394 5359 3526 5427; x_wconf 80' lang='grc' dir='ltr'>ἡμῖν</span> <span class='ocrx_word' id='word_1_959' title='bbox 3562 5360 3843 5431; x_wconf 81' lang='grc' dir='ltr'>ὑπέσχετο</span> 
     </span>
    </p>
   </div>
   <div class='ocr_carea' id='block_1_122' title="bbox 2159 5440 3837 5520">
    <p class='ocr_par' dir='ltr' id='par_1_122' title="bbox 2159 5440 3837 5520">
     <span class='ocr_line' id='line_1_124' title="bbox 2159 5440 3837 5520; baseline 0.004 -22"><span class='ocrx_word' id='word_1_960' title='bbox 2159 5444 2475 5498; x_wconf 90' lang='grc' dir='ltr'>διπλασίονα</span> <span class='ocrx_word' id='word_1_961' title='bbox 2509 5442 2667 5512; x_wconf 90' lang='grc' dir='ltr'>μόνον</span> <span class='ocrx_word' id='word_1_962' title='bbox 2698 5440 2808 5493; x_wconf 89' lang='grc' dir='ltr'>τῶν</span> <span class='ocrx_word' id='word_1_963' title='bbox 2854 5441 3142 5512; x_wconf 89' lang='grc' dir='ltr'>διδομένων</span> <span class='ocrx_word' id='word_1_964' title='bbox 3176 5444 3264 5512; x_wconf 84' lang='grc' dir='ltr'>ὑφ’</span> <span class='ocrx_word' id='word_1_965' title='bbox 3308 5445 3467 5514; x_wconf 82' lang='grc' dir='ltr'>ἡμῶν</span> <span class='ocrx_word' id='word_1_966' title='bbox 3500 5455 3837 5520; x_wconf 82' lang='grc' dir='ltr'>παρασχεῖν,</span> 
     </span>
    </p>
   </div>
   <div class='ocr_carea' id='block_1_123' title="bbox 2162 5530 3840 5612">
    <p class='ocr_par' dir='ltr' id='par_1_123' title="bbox 2162 5530 3840 5612">
     <span class='ocr_line' id='line_1_125' title="bbox 2162 5530 3840 5612; baseline 0.018 -27"><span class='ocrx_word' id='word_1_967' title='bbox 2162 5534 2453 5605; x_wconf 82' lang='grc' dir='ltr'>προθύμως</span> <span class='ocrx_word' id='word_1_968' title='bbox 2490 5531 2556 5585; x_wconf 78' lang='grc' dir='ltr'>ἂν</span> <span class='ocrx_word' id='word_1_969' title='bbox 2581 5530 2797 5591; x_wconf 73' lang='grc' dir='ltr'>ἃπασαν</span> <span class='ocrx_word' id='word_1_970' title='bbox 2824 5530 2981 5601; x_wconf 82' lang='grc' dir='ltr'>ἡμῶν</span> <span class='ocrx_word' id='word_1_971' title='bbox 3013 5532 3108 5603; x_wconf 78' lang='grc' dir='ltr'>τὴν</span> <span class='ocrx_word' id='word_1_972' title='bbox 3142 5534 3373 5604; x_wconf 77' lang='grc' dir='ltr'>ὓπαρξιν</span> <span class='ocrx_word' id='word_1_973' title='bbox 3403 5541 3840 5612; x_wconf 70' lang='grc' dir='ltr'>προσηκάμεθα»</span> 
     </span>
    </p>
   </div>
   <div class='ocr_carea' id='block_1_124' title="bbox 2223 5673 3231 5735">
    <p class='ocr_par' dir='ltr' id='par_1_124' title="bbox 2223 5673 3231 5735">
     <span class='ocr_line' id='line_1_126' title="bbox 2223 5673 3231 5735; baseline 0 -12"><span class='ocrx_word' id='word_1_974' title='bbox 2223 5674 2247 5713; x_wconf 72' lang='grc' dir='ltr'>ἀ</span> <span class='ocrx_word' id='word_1_975' title='bbox 2270 5674 2466 5723; x_wconf 73' lang='lat' dir='ltr'>Coislin.</span> <span class='ocrx_word' id='word_1_976' title='bbox 2491 5673 2571 5719; x_wconf 85' lang='grc' dir='ltr'>τὸν</span> <span class='ocrx_word' id='word_1_977' title='bbox 2597 5674 2789 5735; x_wconf 86' lang='grc' dir='ltr'>θώρακα</span> <span class='ocrx_word' id='word_1_978' title='bbox 2810 5680 2893 5732; x_wconf 80' lang='grc' dir='ltr'>τῆς</span> <span class='ocrx_word' id='word_1_979' title='bbox 2918 5676 3231 5733; x_wconf 76' lang='grc' dir='ltr'>δικαιοσύνης.</span> 
     </span>
    </p>
   </div>
   <div class='ocr_carea' id='block_1_125' title="bbox 2229 5736 3839 5798">
    <p class='ocr_par' dir='ltr' id='par_1_125' title="bbox 2229 5736 3839 5798">
     <span class='ocr_line' id='line_1_127' title="bbox 2229 5736 3839 5798; baseline 0.005 -16"><span class='ocrx_word' id='word_1_980' title='bbox 2229 5752 2237 5773; x_wconf 77' lang='grc' dir='ltr'>ι</span> <span class='ocrx_word' id='word_1_981' title='bbox 2272 5736 2351 5798; x_wconf 69' lang='lat' dir='ltr'>Sic</span> <span class='ocrx_word' id='word_1_982' title='bbox 2371 5738 2588 5795; x_wconf 78' lang='lat' dir='ltr'>quinque</span> <span class='ocrx_word' id='word_1_983' title='bbox 2628 5750 2743 5785; x_wconf 85' lang='lat' dir='ltr'>mss.</span> <span class='ocrx_word' id='word_1_984' title='bbox 2770 5742 2822 5783; x_wconf 68' lang='lat' dir='ltr'>et</span> <span class='ocrx_word' id='word_1_985' title='bbox 2852 5738 3001 5798; x_wconf 58' lang='grc' dir='ltr'>εει-ιι.</span> <span class='ocrx_word' id='word_1_986' title='bbox 3032 5737 3197 5784; x_wconf 80' lang='lat' dir='ltr'>Morel.</span> <span class='ocrx_word' id='word_1_987' title='bbox 3240 5759 3251 5785; x_wconf 84' lang='grc'><strong>;</strong></span> <span class='ocrx_word' id='word_1_988' title='bbox 3299 5739 3559 5798; x_wconf 73' lang='grc' dir='ltr'>δυνάμεως,</span> <span class='ocrx_word' id='word_1_989' title='bbox 3602 5744 3709 5790; x_wconf 57' lang='grc' dir='ltr'>ἀλλ’</span> <span class='ocrx_word' id='word_1_990' title='bbox 3753 5745 3839 5795; x_wconf 70' lang='grc' dir='ltr'>ἐὰν</span> 
     </span>
    </p>
   </div>
   <div class='ocr_carea' id='block_1_126' title="bbox 2165 5797 3271 5859">
    <p class='ocr_par' dir='ltr' id='par_1_126' title="bbox 2165 5797 3271 5859">
     <span class='ocr_line' id='line_1_128' title="bbox 2165 5797 3271 5859; baseline 0.001 -15"><span class='ocrx_word' id='word_1_991' title='bbox 2165 5797 2545 5859; x_wconf 76' lang='grc' dir='ltr'>βουλώμεθα,καὶ</span> <span class='ocrx_word' id='word_1_992' title='bbox 2574 5798 2723 5859; x_wconf 75' lang='grc' dir='ltr'>ἄκυρα</span> <span class='ocrx_word' id='word_1_993' title='bbox 2743 5797 2887 5845; x_wconf 78' lang='grc' dir='ltr'>αὑτοῦ</span> <span class='ocrx_word' id='word_1_994' title='bbox 2915 5798 3171 5857; x_wconf 79' lang='grc' dir='ltr'>ποιήσομεν</span> <span class='ocrx_word' id='word_1_995' title='bbox 3194 5801 3271 5845; x_wconf 86' lang='grc' dir='ltr'>τά.</span> 
     </span>
    </p>
   </div>
   <div class='ocr_carea' id='block_1_127' title="bbox 2234 5857 3172 5919">
    <p class='ocr_par' dir='ltr' id='par_1_127' title="bbox 2234 5857 3172 5919">
     <span class='ocr_line' id='line_1_129' title="bbox 2234 5857 3172 5919; baseline -0.001 -15"><span class='ocrx_word' id='word_1_996' title='bbox 2234 5859 2247 5895; x_wconf 75' lang='lat' dir='ltr'><strong>f</strong></span> <span class='ocrx_word' id='word_1_997' title='bbox 2275 5857 2486 5905; x_wconf 61' lang='lat' dir='ltr'>(IolberL</span> <span class='ocrx_word' id='word_1_998' title='bbox 2513 5864 2561 5903; x_wconf 69' lang='grc' dir='ltr'>οι</span> <span class='ocrx_word' id='word_1_999' title='bbox 2589 5857 2784 5908; x_wconf 62' lang='grc' dir='ltr'>(ξηιδιὶη.</span> <span class='ocrx_word' id='word_1_1000' title='bbox 2808 5860 3172 5919; x_wconf 81' lang='grc' dir='ltr'>ἐπιδεικνύμεθα.</span> 
     </span>
    </p>
   </div>
   <div class='ocr_carea' id='block_1_128' title="bbox 2229 5920 3543 5982">
    <p class='ocr_par' dir='ltr' id='par_1_128' title="bbox 2229 5920 3543 5982">
     <span class='ocr_line' id='line_1_130' title="bbox 2229 5920 3543 5982; baseline 0.001 -14"><span class='ocrx_word' id='word_1_1001' title='bbox 2229 5921 2254 5959; x_wconf 68' lang='grc' dir='ltr'><em>ε</em></span> <span class='ocrx_word' id='word_1_1002' title='bbox 2276 5920 2395 5981; x_wconf 76' lang='lat' dir='ltr'>Reg.</span> <span class='ocrx_word' id='word_1_1003' title='bbox 2427 5926 2479 5970; x_wconf 84' lang='lat' dir='ltr'><strong><em>el</em></strong></span> <span class='ocrx_word' id='word_1_1004' title='bbox 2502 5922 2698 5971; x_wconf 65' lang='lat' dir='ltr'>Coislin.</span> <span class='ocrx_word' id='word_1_1005' title='bbox 2723 5922 3013 5982; x_wconf 70' lang='grc' dir='ltr'>ὑπισχνεῖται</span> <span class='ocrx_word' id='word_1_1006' title='bbox 3048 5921 3196 5968; x_wconf 76' lang='grc' dir='ltr'>δοσιν.</span> <span class='ocrx_word' id='word_1_1007' title='bbox 3230 5922 3326 5972; x_wconf 74' lang='lat' dir='ltr'>Alii</span> <span class='ocrx_word' id='word_1_1008' title='bbox 3352 5923 3543 5975; x_wconf 79' lang='grc' dir='ltr'>δώσειν,</span> 
     </span>
    </p>
   </div>
  </div>
