4040 6378
179 389 246 446 37
1326 382 1390 438 IN
1427 382 1580 438 CAP.
1623 380 1663 437 l.
1703 381 1948 438 GENES.
1993 381 2221 438 IIOMIL.
2265 382 2350 440 Ill.
3399 393 3466 450 53

181 499 248 554 ab
271 512 460 554 errore
478 494 546 550 ad
560 495 860 556 veritatem,
877 493 970 556 ait,
993 493 1386 557 niauuduxerit,
1406 495 1486 548 vel
1507 509 1535 547 a
1555 502 1776 564 peccato

181 593 246 646 ad
277 601 534 646 virtutem
563 591 864 658 proximum
894 586 1181 648 induxerit,
1213 601 1309 655 pro
1338 587 1474 639 virili
1506 595 1656 654 parte
1677 585 1774 638 liti-

181 700 336 740 mana
366 699 456 738 me
481 681 744 737 imitatur.
774 682 984 736 Etenim
1005 679 1120 750 ipse
1144 694 1264 734 cum
1289 680 1428 733 Deus
1447 679 1534 741 sit,
1557 687 1778 748 propter

181 775 311 830 nihil
333 775 480 828 aliud
511 783 748 827 nostram
773 772 1210 835 induitcarnem,
1233 780 1290 824 et
1316 781 1533 840 propter
1557 770 1775 824 humani

178 867 392 936 generis
432 866 666 919 salutem
708 862 881 918 factus
907 873 989 917 est
1027 863 1208 917 homo.
1240 861 1347 917 Sed
1386 861 1511 930 quid
1553 876 1654 932 ego
1679 875 1777 914 no-

180 969 344 1010 stram
386 956 538 1010 illum
567 955 806 1010 induisse
847 969 1063 1009 carnem
1091 954 1234 1019 dico,
1273 963 1571 1022 cmteraque
1596 953 1776 1007 omnia

177 1048 507 1103 sustinuisse
552 1048 805 1112 humana,
837 1044 1051 1116 quando
1085 1045 1246 1098 etiam
1273 1058 1492 1098 crucem
1521 1043 1774 1114 suscepit,

178 1152 234 1193 ut
251 1156 350 1194 nos
371 1148 598 1210 peccato
624 1139 884 1194 obnoxios
905 1154 935 1192 a
963 1137 1244 1193 maledicto
1270 1137 1560 1192 liberaret?
1589 1137 1655 1190 Et
1675 1136 1777 1190 hoc

177 1248 389 1302 quoque
436 1231 636 1286 Paulus
685 1230 899 1296 clamat,
944 1230 1172 1285 dicens:
1224 1227 1450 1283 Christus
1497 1244 1588 1281 nos
1630 1227 1778 1281 rede-

179 1327 269 1378 mit
314 1342 350 1378 a
398 1325 673 1378 maledicto
720 1325 864 1394 legis,
908 1327 1072 1394 factus
1122 1339 1214 1392 pro
1266 1321 1408 1375 nobis
1454 1320 1778 1375 maledictum

181 1417 319 1490 (Gal.
355 1418 411 1472 5.
441 1419 558 1487 15).
587 1416 641 1472 Si
673 1417 833 1488 igitur
862 1416 995 1484 ipse,
1018 1415 1107 1485 qui
1139 1415 1278 1470 Deus
1306 1425 1466 1470 estet
1495 1413 1778 1470 inell'abilis

179 1510 467 1574 essentia,
515 1511 586 1564 ob
639 1509 1024 1579 benignitatem
1067 1508 1386 1564 ineﬂ‘abilem
1439 1509 1553 1566 haec
1599 1508 1778 1565 omnia

179 1611 401 1670 propter
447 1616 550 1656 nos
592 1611 646 1655 et
685 1611 903 1670 propter
945 1601 1171 1656 salutem
1212 1610 1450 1656 nostram
1493 1602 1774 1671 suscepit:

179 1693 306 1762 quid
335 1708 450 1747 non
499 1708 532 1750 a
583 1693 739 1748 nobis
765 1708 978 1764 :equum
1005 1701 1087 1748 est
1112 1702 1368 1763 prrestare
1393 1707 1517 1764 erga
1543 1707 1657 1757 eos,
1689 1694 1778 1764 qui

179 1787 390 1856 cognati
417 1794 548 1840 sunt
571 1799 636 1842 ac
657 1785 894 1842 membra
925 1797 1128 1848 nostra,
1152 1796 1210 1839 ut
1234 1797 1450 1855 ereptos
1466 1800 1560 1840 eos
1583 1801 1648 1840 ex
1668 1785 1782 1840 dia-

183 1876 283 1930 boli
330 1875 604 1943 faucibus,
635 1877 690 1930 in
719 1875 857 1930 viam
899 1876 1116 1930 virtutis
1144 1875 1505 1931 inducamus?
1547 1875 1679 1930 Nam
1724 1885 1782 1931 ut

181 1968 358 2022 anima
399 1981 636 2038 corpore
664 1967 1001 2036 praestantior
1028 1976 1129 2032 est,
1165 1967 1234 2022 ita
1265 1968 1348 2032 iis,
1374 1967 1465 2036 qui
1493 1967 1778 2038 indigenti-

182 2063 278 2116 hns
322 2062 596 2132 pecunias
641 2070 698 2117 et
739 2061 1017 2116 facultates
1067 2061 1436 2131 suppeditant,
1489 2061 1782 2130 majoribus

182 2169 418 2222 praemiis
467 2151 617 2224 digni
663 2163 788 2209 sunt
828 2153 888 2219 ii,
931 2153 1022 2224 qui
1066 2153 1408 2208 admonendo
1441 2161 1498 2208 et
1526 2152 1779 2208 continue

181 2247 429 2303 docendo
455 2249 512 2302 in
539 2248 682 2302 viam
711 2256 914 2302 rectam
943 2246 1164 2316 supinos
1187 2255 1242 2301 et
1257 2245 1473 2301 desides
1501 2245 1779 2312 inducunt,

183 2337 542 2393 monstrando
568 2338 648 2393 eis
681 2348 738 2393 et
757 2337 1008 2392 vitiorum
1036 2335 1432 2392 deformitatem
1462 2376 1478 2403 ,
1509 2345 1564 2392 et
1584 2336 1780 2394 divina:

185 2431 397 2484 virtutis
423 2445 676 2502 magnam
704 2428 1150 2501 pulchritudinem
1173 2428 1214 2482 ⁸.

249 2525 302 2580 5.
335 2523 564 2578 Moralis
615 2524 919 2578 exhortatio.
963 2551 1036 2562 ——
1079 2523 1206 2577 Haec
1244 2521 1403 2591 igitur
1433 2522 1611 2576 omnia
1649 2536 1772 2576 cum

181 2618 436 2683 sciamus,
464 2633 578 2685 pra:
602 2617 850 2671 omnibus
875 2616 997 2671 aliis
1015 2615 1170 2685 hujus
1197 2615 1316 2670 vita:
1337 2617 1481 2670 curis
1510 2615 1578 2670 de
1605 2613 1778 2670 Salute

182 2712 371 2764 anima:
403 2710 683 2780 proximos
723 2709 1076 2779 alloquamur,
1108 2707 1354 2763 eamdem
1383 2708 1487 2763 illis
1526 2707 1780 2762 sollicitu-

183 2804 358 2858 dinem
387 2803 717 2872 ingerentes.
749 2801 993 2871 Optabile
1021 2801 1163 2856 enim
1192 2840 1210 2866 ,
1241 2800 1472 2869 optabile
1503 2799 1678 2869 plane,
1723 2807 1784 2853 ut

184 2894 380 2957 anima,
415 2893 505 2947 cui
555 2891 670 2946 haec
708 2892 964 2947 continuo
1012 2890 1367 2954 inculcantur,
1400 2890 1570 2960 possit
1597 2889 1784 2945 reduci

182 2999 248 3037 ex
285 2984 492 3054 abysso
519 2982 808 3048 malorum,
839 2981 891 3036 in
924 2997 1148 3052 quorum
1183 2981 1363 3036 medio
1407 2995 1704 3047 versamur,
1731 2990 1788 3036 et

181 3091 535 3145 compescere
578 3074 863 3130 affectuum
890 3113 907 3140 ,
953 3075 1042 3144 qui
1095 3082 1357 3143 perpetuo
1403 3073 1636 3127 animam
1690 3087 1788 3128 no-

183 3180 350 3222 stram
394 3165 676 3228 infestant,
721 3165 1087 3221 rebellionem.
1118 3163 1323 3219 Idcirco
1367 3164 1521 3219 nobis
1545 3179 1680 3234 opus
1705 3171 1789 3220 est

181 3274 375 3328 magna
419 3257 721 3328 vigilantia,
758 3257 1010 3327 quoniam
1048 3265 1103 3311 et
1142 3256 1457 3311 continuum
1501 3255 1658 3310 nobis
1703 3264 1788 3310 est

185 3352 411 3414 bellum,
461 3359 520 3405 et
567 3349 795 3404 inducite
834 3349 997 3403 nulla:
1029 3366 1042 3402 :
1073 3348 1300 3418 ideoque
1339 3346 1535 3402 Paulus
1575 3347 1788 3402 dicebat

183 3447 438 3517 Ephesiis
480 3445 726 3501 scribens
767 3463 780 3499 :
813 3443 934 3498 Non
961 3452 1031 3499 est
1065 3443 1208 3499 nobis
1237 3443 1527 3498 colluctatio
1547 3443 1788 3499 adversus

180 3542 488 3610 sanguinem
517 3549 562 3594 et
606 3555 832 3606 carnem,
859 3538 949 3592 sed
975 3537 1213 3592 adversus
1238 3538 1572 3608 principatus,
1601 3536 1784 3591 adver-

180 3652 265 3688 sus
286 3643 585 3703 potestates,
613 3632 855 3686 adversus
897 3630 1074 3684 mundi
1101 3631 1355 3693 dominos,
1386 3640 1600 3684 rectores
1647 3639 1786 3683 tene-

178 3727 390 3778 brarum
429 3726 604 3778 steculi
635 3724 809 3795 hujus,
840 3723 1086 3776 adversus
1113 3721 1403 3793 spirituales
1446 3722 1690 3788 nequitias
1734 3722 1804 3775 int

179 3816 468 3869 ca'lestibus
495 3813 714 3884 (Ep/tes.
749 3813 802 3868 6.
835 3813 948 3882 12).
981 3812 1058 3867 Ne
1083 3813 1423 3879 exisﬁmetis,
1453 3813 1548 3876 ait,
1571 3811 1789 3882 vulgare

181 3907 340 3961 nobis
366 3914 645 3961 certamen
676 3906 896 3974 proponi
931 3921 944 3958 :
976 3919 1082 3958 non
1113 3902 1373 3958 adversus
1419 3901 1661 3973 ejusdem
1689 3917 1788 3973 ge-

183 4000 330 4055 neris
357 3998 706 4054 adversarios
734 3997 887 4052 nobis
912 4004 998 4052 est
1020 4004 1316 4060 certamen,
1348 4010 1522 4066 neque
1547 4011 1612 4050 ex
1635 4009 1790 4065 aequo

186 4092 465 4147 exercitus
490 4099 678 4145 noster
707 4090 998 4144 instructus
1028 4097 1132 4143 est.
1163 4088 1271 4143 Nos
1298 4088 1440 4143 enim
1476 4089 1566 4158 qui
1597 4102 1791 4157 corpo-

189 4186 336 4240 'Ibus
359 4199 555 4240 sumus
581 4183 805 4249 annexi,
838 4184 887 4236 in
925 4196 1040 4238 acie
1068 4181 1316 4237 collocati
1349 4195 1554 4244 sumus,
1585 4190 1643 4234 ut
1666 4195 1789 4236 cum

190 4275 534 4346 incorporeis
559 4273 846 4328 virtutibus
875 4273 1226 4343 conﬂigamus
1256 4289 1270 4325 :
1296 4271 1392 4328 sed
1419 4287 1487 4327 ne
1519 4271 1788 4326 timeatis:

186 4385 314 4424 nam
341 4368 472 4422 licet
500 4365 783 4436 inthualis
827 4363 897 4420 sit
936 4378 1134 4435 pugna,
1179 4378 1370 4432 magna
1402 4371 1580 4418 tamen
1608 4377 1792 4416 armo-

188 4477 314 4515 rum
343 4469 654 4513 nostrorum
676 4459 846 4511 virtus
869 4466 971 4511 est.
1003 4455 1287 4526 Subjungit
1312 4454 1454 4509 enim
1483 4455 1619 4520 hazc,
1642 4455 1791 4522 quasi

186 4552 397 4608 diceret
420 4568 436 4604 :
461 4551 724 4619 Quoniam
741 4551 964 4603 novistis
989 4548 1220 4603 hostium
1247 4558 1510 4611 naturam,
1534 4565 1602 4602 ne
1619 4549 1796 4602 animo

187 4645 511 4708 concidatis,
540 4658 607 4697 ne
633 4643 946 4713 torpescatis
961 4641 1026 4696 ad
1047 4657 1300 4711 pugnam;
1323 4641 1439 4704 sed,
1470 4639 1685 4710 Propter
1704 4641 1798 4694 hoc

188 4739 434 4805 suscipite
442 4747 754 4790 armaturam
770 4734 945 4801 Dei,ut
957 4734 1154 4802 possitis
1169 4734 1393 4787 resistere
1407 4734 1601 4787 insidiis
1613 4732 1800 4786 diaboli

191 4831 418 4902 (Epltes.
462 4831 516 4884 6.
549 4828 660 4898 il).
691 4828 869 4882 Multa:
921 4827 1064 4881 enim
1105 4825 1222 4896 ejus
1269 4835 1394 4879 sunt
1428 4824 1654 4888 insidi-.e,
1690 4823 1793 4880 hoc

191 4933 279 4976 est
310 4923 436 4987 via),
468 4936 564 4990 per
600 4936 733 4990 quas
757 4918 1173 4988 negligentiores
1202 4917 1540 4987 supplantare
1567 4915 1753 4969 nititur
1780 4933 1796 4971 :

191 5029 333 5087 quas
373 5011 662 5082 diligenter
691 5023 1021 5081 cognoscere
1045 5022 1221 5076 Opera:
1247 5007 1473 5076 pretium
1502 5015 1602 5070 est,
1636 5006 1702 5059 ita
1738 5015 1806 5060 ut»

193 5105 518 5174 elfugiamus
539 5101 653 5172 ejus
671 5109 914 5165 conatus,
936 5109 992 5155 et
1012 5099 1216 5154 nullum
1241 5099 1340 5168 ipsi
1364 5099 1660 5169 ingressum
1681 5112 1804 5168 per-

196 5199 497 5251 mittamus.
513 5193 652 5262 Quin
669 5204 722 5248 et
737 5194 931 5262 lingua:
948 5191 1174 5261 diligens
1186 5189 1430 5245 habenda
1442 5198 1522 5244 cst
1539 5188 1802 5254 custodia,

197 5302 251 5345 et
271 5289 414 5343 oculi
441 5286 719 5342 muniendi
745 5295 888 5351 sunt,
913 5294 966 5339 et
991 5299 1142 5338 mens
1157 5281 1450 5352 purganda,
1475 5291 1527 5337 et
1544 5289 1803 5351 perpetuo

203 5383 270 5436 ad
304 5394 536 5450 pugnam
579 5387 798 5450 paratos
828 5391 948 5430 esse
994 5373 1269 5436 convenit,
1310 5373 1462 5443 quasi
1488 5371 1595 5426 fera
1625 5371 1802 5438 aliqua

205 5488 308 5528 nos
336 5470 557 5526 invadat
578 5511 594 5533 ,
625 5478 680 5524 et
704 5467 901 5523 laedere
925 5475 1168 5521 conetur.
1207 5463 1433 5533 Propter
1460 5461 1602 5532 quod
1644 5460 1803 5514 caele-

205 5567 308 5622 sris
335 5566 424 5620 illa
441 5565 642 5628 anima,
668 5562 858 5616 doctor
878 5559 1135 5631 gentium,
1163 5559 1337 5630 lingua
1355 5556 1520 5619 orbis,
1549 5554 1678 5609 nihil
1701 5568 1801 5606 nor

211 5670 377 5729 agens
404 5671 503 5726 pro
529 5655 703 5710 salute
733 5652 1138 5724 discipulorum,
1171 5659 1450 5720 postquam
1483 5648 1634 5710 dixit,
1669 5645 1788 5699 Acci

277 5835 295 5868 ι
327 5838 548 5901 Quinque
572 5841 700 5892 1155.,
727 5831 897 5883 bonum
916 5830 1129 5889 odorem,
1156 5839 1259 5890 pro,
1284 5818 1710 5890 pulchritudinem.

1888 503 1994 562 pue
2011 505 2328 550 armaturam
2371 494 2463 551 Dei
2487 513 2506 560 ;
2535 497 2726 553 iterum
2755 496 2992 570 subjicit,
3020 511 3075 557 ct
3103 518 3202 559 nos
3230 505 3464 577 undique

1882 585 2150 650 mimiens,
2203 597 2254 642 et
2304 589 2528 643 invictos
2575 589 2796 654 faciens,
2830 593 2908 649 sic
2930 593 3059 650 dtcit
3097 614 3112 651 :
3150 596 3293 652 State
3312 600 3464 670 igitur

1881 677 2091 731 accincti
2140 680 2323 734 lumbis
2363 683 2536 736 vestris
2573 684 2626 736 in
2669 685 2904 752 veritate,
2933 697 2979 739 et
3005 688 3171 742 induti
3211 693 3466 747 thoracem

1882 768 2002 838 ﬁdei
2030 771 2069 834 ³,
2097 779 2144 824 et
2171 773 2379 826 calceoli
2418 774 2567 843 pedes
2605 785 2790 830 vestros
2813 777 2866 830 in
2898 782 3266 849 praeparatione
3307 799 3464 837 evan-

1880 861 1999 931 gelii
2042 863 2200 931 pacis.
2248 862 2315 917 In
2361 865 2588 920 omnibus
2631 869 2869 922 assumite
2892 878 3088 923 scutum
3123 872 3262 935 ﬁdei,
3289 874 3342 926 in
3370 891 3469 943 quo

1883 954 2084 1022 possitis
2119 955 2290 1008 omnia
2322 957 2422 1010 tela
2465 958 2605 1012 illius
2647 960 2807 1030 ignita
2832 963 3164 1034 exstinguere,
3193 976 3243 1020 et
3264 969 3466 1037 galeam

1881 1044 2122 1098 salutaris
2150 1045 2379 1114 accipite,
2402 1055 2448 1100 et
2474 1047 2701 1116 gladium
2731 1050 2974 1118 Spiritus,
3006 1053 3140 1122 quod
3163 1065 3236 1109 est
3263 1057 3466 1111 verbum

1883 1134 1979 1190 Dei
2025 1134 2242 1207 (Ephes.
2281 1138 2334 1192 6.
2383 1138 2616 1210 14-17).
2666 1140 2857 1196 Vidisti
2909 1145 3178 1212 quomodo
3226 1148 3464 1203 omnium

1885 1228 2124 1282 membra
2169 1229 2487 1294 muniverit,
2517 1241 2572 1286 et
2595 1232 2744 1301 quasi
2785 1233 2836 1286 in
2869 1235 3108 1302 praelium
3157 1254 3465 1309 egressurus

1885 1318 2114 1386 primum
2141 1335 2274 1375 zona
2301 1321 2498 1391 cingat,
2525 1337 2633 1391 quo
2663 1324 3029 1393 expeditiores
3052 1328 3219 1384 simus
3259 1331 3323 1384 ad
3344 1347 3465 1387 cur-

1883 1423 2037 1475 sum;
2070 1409 2191 1464 dein
2232 1410 2417 1465 induat
2442 1427 2540 1467 nos
2581 1411 2820 1480 thorace,
2849 1431 2916 1471 ne
2942 1433 2972 1470 a
2997 1416 3188 1487 jaculis
3217 1421 3467 1477 vulnere-

1885 1517 2022 1566 ntur,
2057 1501 2150 1556 sed
2174 1513 2228 1557 et
2255 1501 2416 1572 pedes
2444 1505 2688 1568 munivit,
2719 1514 2774 1560 et
2798 1507 3035 1578 undique
3061 1512 3290 1565 armavit
3317 1512 3420 1568 [ide
3438 1515 3463 1567 ἲ

1885 1591 2032 1658 Haec,
2067 1593 2162 1658 ait,
2211 1593 2326 1648 haec
2352 1593 2513 1663 ignita
2540 1595 2642 1650 tela
2673 1595 2843 1650 hostis
2878 1600 3217 1670 exstinguere
3249 1605 3464 1672 poterit.

1883 1683 2137 1751 Quanam
2161 1694 2338 1739 autem
2358 1695 2484 1740 sunt
2513 1685 2617 1742 tela
2643 1686 2880 1742 diaboli?
2907 1689 3056 1744 Malia
3081 1695 3468 1762 concupiscen-

1887 1774 1994 1840 tize,
2024 1775 2308 1831 immundae
2327 1779 2698 1847 cogitationes,
2721 1782 3008 1851 perniciosi
3031 1783 3272 1848 allectus,
3298 1785 3465 1854 furor,

1886 1866 2200 1931 invidentia,
2231 1868 2449 1936 invidia,
2473 1870 2573 1938 ira,
2597 1869 2801 1937 odium,
2824 1875 3065 1942 pecuniae
3085 1879 3469 1947 concupiscen-

1888 1961 1979 2028 tia,
2007 1970 2064 2016 et
2097 1971 2291 2017 caetera
2317 1963 2492 2018 omnis
2520 1963 2747 2034 ignavia.
2778 1965 2922 2030 llmc,
2949 1967 3043 2032 ait,
3071 1970 3249 2024 omnia
3273 1973 3472 2026 exstino

1883 2067 2050 2122 gnere
2087 2053 2280 2122 poterit
2321 2053 2531 2123 gladius
2570 2054 2816 2126 Spiritus.
2847 2055 2916 2111 Et
2939 2057 3067 2128 quid
3095 2060 3235 2127 dico,
3261 2064 3469 2116 exstin-

1885 2142 2087 2212 guere?
2133 2141 2307 2197 Etiam
2346 2143 2518 2213 ipsum
2564 2143 2732 2200 hostis
2772 2157 2931 2217 caput
2951 2158 3228 2218 amputare
3251 2151 3469 2207 valebit.

1892 2235 2077 2290 Vidisti
2119 2236 2390 2306 quomodo
2420 2237 2688 2292 roboravit
2719 2239 3006 2309 discipulos
3032 2243 3056 2296 ?
3083 2244 3352 2312 quomodo
3378 2261 3474 2301 eos

1886 2338 2041 2382 antea
2065 2343 2188 2383 cera
2211 2329 2508 2394 molliores,
2537 2330 2678 2385 ferro
2700 2329 2948 2387 fortiores
2969 2332 3140 2388 eﬂ'ecit
3162 2334 3186 2387 ?
3208 2336 3470 2401 Quoniam

1887 2421 2029 2476 enim
2055 2421 2211 2476 nobis
2234 2421 2429 2476 bellum
2445 2431 2547 2485 est,
2578 2438 2684 2478 non
2705 2421 2961 2479 adversus
3007 2440 3223 2482 carnem
3249 2436 3304 2482 et
3343 2442 3472 2482 sau-

1887 2512 2120 2583 guinem,
2140 2511 2233 2567 sed
2249 2512 2504 2568 adversus
2523 2513 2862 2582 incorporeas
2884 2515 3106 2572 virtutes
3125 2535 3138 2569 :
3168 2517 3288 2572 ideo
3305 2533 3481 2586 neque

1888 2603 2189 2658 carnalibus
2210 2617 2309 2658 nos
2335 2603 2501 2659 armis
2517 2606 2760 2672 munivit,
2792 2605 2884 2660 sed
2911 2622 3058 2662 arma
3088 2618 3265 2663 nostra
3297 2612 3476 2666 omnia

1891 2697 2188 2766 Spiritualia
2235 2706 2378 2763 sunt,
2427 2698 2506 2752 sic
2548 2697 2828 2765 radiantia,
2879 2711 2936 2755 ut
2981 2716 3167 2756 eorum
3209 2702 3470 2774 fulgorem

1890 2789 2102 2846 daemon
2134 2791 2221 2846 ille
2245 2791 2416 2846 malus
2441 2790 2581 2847 ferre
2609 2801 2857 2862 nequeat.

1961 2886 2018 2940 6.
2050 2885 2271 2941 Talibus
2304 2885 2464 2955 igitur
2498 2885 2664 2940 armis
2690 2885 2856 2940 induti
2883 2928 2896 2947 ,
2925 2901 2994 2942 ne
3033 2887 3345 2944 horreamus
3373 2905 3474 2959 pu-

1892 2993 2074 3047 gnam,
2123 2993 2190 3032 ne
2234 2978 2495 3048 fugiamus
2531 2991 2918 3048 congressum;
2963 2980 3056 3033 sed
3101 2995 3274 3048 neque
3305 2981 3480 3050 ignavi

1897 3069 2088 3123 simus.
2119 3067 2252 3123 Nam
2305 3067 2462 3134 sicut,
2493 3067 2647 3122 nobis
2680 3068 3036 3138 vigilantibus,
3084 3070 3348 3140 malignus
3373 3071 3481 3126 dte-

1892 3175 2018 3215 mon
2049 3174 2339 3231 numquam
2365 3173 2635 3216 armorum
2667 3169 2971 3214 nostrorum
3011 3161 3188 3215 virtuti
3221 3162 3479 3232 praevaleo

1895 3251 1994 3316 bit,
2021 3250 2068 3306 si
2100 3251 2424 3306 voluerimus
2452 3251 2630 3306 irritas
2653 3249 2831 3308 facere
2858 3252 2973 3322 ejus
3002 3253 3480 3310 machinationes‘:

1892 3337 1970 3391 sic
2022 3335 2068 3390 si
2113 3334 2330 3391 desides
2372 3335 2646 3400 fuerimus,
2703 3335 2849 3390 nulla
2888 3336 3044 3390 nobis
3091 3338 3289 3393 utilitas
3341 3339 3482 3406 erit;

1893 3427 2321 3499 quandoquidem
2344 3426 2589 3482 inimicus
2609 3427 2794 3482 salutis
2820 3436 3018 3482 nostra;
3049 3444 3336 3499 numquam
3358 3429 3484 3484 dor-

1894 3519 2064 3584 mitat,
2087 3529 2143 3574 et
2162 3518 2364 3587 omnia,
2392 3533 2512 3588 quae.
2539 3518 2698 3574 saluti
2730 3528 2926 3574 nostra:
2961 3519 3176 3586 obsunt,
3205 3531 3477 3591 operatur.

1896 3610 2142 3681 Undique
2188 3609 2350 3680 igitur
2399 3624 2670 3666 armemus
2731 3624 2829 3665 nos
2875 3609 3021 3679 ipsos
3057 3653 3074 3678 ,
3123 3619 3181 3668 et
3222 3629 3251 3666 a
3303 3614 3488 3678 verbis

1897 3711 2279 3770 temperemus,
2309 3708 2366 3756 et
2402 3700 2471 3755 ab
2516 3701 2769 3769 operibus
2813 3701 3192 3766 abstineamus,
3243 3719 3362 3774 quae
3388 3719 3488 3760 nos

1896 3791 2093 3847 lzedere
2139 3800 2396 3861 possunt;
2448 3800 2503 3846 et
2548 3806 2672 3845 cum
2723 3790 3044 3846 abstinentia
3083 3807 3114 3846 a
3163 3793 3317 3857 cibis,
3375 3803 3485 3848 tum

1893 3882 2118 3937 aliarum
2146 3881 2400 3936 virtutum
2425 3920 2445 3950 ,
2491 3890 2600 3936 tum
2631 3881 2963 3936 liberalitatis
2992 3883 3043 3936 in
3077 3899 3333 3954 pauperes
3361 3901 3486 3955 spe-

1894 3974 2068 4030 cimen
2095 3973 2442 4029 exhibeamus
2473 3989 2486 4027 :
2513 3972 2743 4028 scientes
2780 3983 2976 4042 quanta
3009 3975 3162 4029 nobis
3191 3991 3398 4031 merces
3417 3976 3489 4032 ob

1895 4079 2079 4121 curam
2108 4065 2213 4119 illis
2229 4063 2518 4118 exhibitam
2549 4064 2777 4132 reposita
2803 4065 2889 4117 sit.
2909 4062 3061 4126 Nam,
3086 4063 3188 4131 Qui
3207 4066 3486 4131 miseretur,

1897 4157 2008 4222 ait,
2053 4155 2296 4227 pauperi,
2347 4157 2622 4227 [tenentur
2664 4153 2772 4209 Deo
2827 4153 3022 4223 (Prov.
3055 4156 3298 4226 19.17).
3358 4158 3492 4214 Vide

1899 4263 2077 4302 usura:
2102 4261 2279 4302 raram
2306 4255 2548 4300 naturam
2570 4286 2586 4310 ,
2617 4254 2674 4300 et
2699 4245 3088 4301 admirabilem.
3118 4248 3268 4303 Alius
3294 4259 3376 4304 est
3401 4251 3492 4321 qui

1898 4340 2111 4407 accipit,
2143 4348 2198 4396 et
2223 4339 2357 4394 alius
2377 4339 2466 4408 qui
2497 4353 2558 4394 se
2586 4337 2765 4392 dando
2793 4337 2983 4393 faenori
3010 4339 3298 4395 obnoxium
3327 4342 3451 4398 facit
3475 4359 3492 4407 ;

1901 4449 2075 4503 neque
2118 4433 2221 4486 hoc
2264 4431 2436 4486 solum
2473 4429 2843 4500 spectandum,
2891 4431 2984 4486 sed
3034 4433 3195 4486 etiam
3245 4434 3386 4503 quod
3441 4435 3493 4490 in

1904 4525 2008 4580 hoc
2054 4539 2229 4577 usura:
2266 4538 2464 4593 genere
2509 4537 2685 4591 neque
2714 4521 2976 4592 ingratum
3005 4523 3275 4589 animum,
3321 4540 3496 4594 neque

1905 4617 2070 4670 ullum
2092 4614 2232 4669 aliud
2257 4614 2508 4668 damnum
2525 4613 2884 4683 experiamur.
2910 4614 3092 4684 Neque
3117 4615 3280 4679 enim,
3305 4631 3495 4685 quent-

1904 4707 2190 4762 admodum
2221 4705 2329 4771 hic,
2371 4707 2714 4761 centesimam
2762 4705 2837 4778 (a)
2889 4707 3062 4762 solum
3095 4709 3374 4778 promittit,
3401 4709 3496 4763 sed

1905 4799 2156 4870 ceutuplo
2195 4799 2344 4870 plura
2375 4799 2538 4864 datis,
2572 4813 2671 4854 nec
2697 4797 2870 4852 solum
2901 4799 3154 4868 centuplo
3181 4800 3350 4868 plura,
3399 4800 3494 4855 sed

1907 4894 2024 4949 haec
2051 4893 2245 4948 dantur
2275 4892 2326 4946 in
2353 4891 2603 4962 prazsenti
2645 4891 2771 4956 vita,
2825 4891 2879 4946 in
2925 4891 3103 4945 futuro
3154 4902 3331 4947 autem
3388 4893 3495 4947 vita

1908 4999 2129 5042 aeterna.
2186 4985 2252 5039 Et
2290 4985 2342 5039 in
2392 4985 2638 5054 praesenti
2688 4983 2901 5053 quidem
2930 4983 3054 5048 vita,
3099 4985 3144 5039 si
3180 4984 3300 5053 quis
3343 4985 3499 5040 nobis

1910 5080 2080 5134 solum
2109 5077 2336 5147 duplicia
2381 5075 2721 5145 polliceretur
2751 5090 2849 5143 pro
2885 5074 2948 5128 iis
2985 5089 3105 5143 quae
3131 5090 3162 5128 a
3190 5075 3342 5130 nobis
3367 5075 3500 5130 dan-

1911 5184 2019 5240 tur,
2053 5169 2221 5242 parati
2259 5185 2500 5225 essemus
2530 5167 2603 5222 illi
2632 5181 2844 5222 omnem
2876 5175 3110 5222 nostram
3148 5167 3498 5225 substantiam

1978 5376 1995 5408 ι
2031 5363 2482 5434 οοὶειίηηίυδιὶιὶων
2509 5361 2772 5434 ire/5.48?-
2827 5431 2863 5434 __
2958 5422 2970 5434 .
3078 5431 3085 5434 .
3200 5425 3210 5434 .

1979 5439 2000 5469 ¹
2033 5422 2344 5496 εἱοᾲιιιιὶῐῄίῂυθ
2366 5422 2549 5496 διεξέιρι
2573 5422 2714 5496 δρψ.
2739 5432 2791 5494 _ln
2827 5422 2990 5496 aiore].
3011 5425 3261 5496 autemhita
3283 5422 3498 5496 legeba-

1914 5509 1996 5553 tur
2021 5511 2032 5546 :
2069 5485 2240 5555 νίν-ἐαιὶ
2263 5485 2554 5555 'prwvolebit,
2578 5486 2684 5544 sed,
2708 5485 2751 5536 si
2772 5486 3075 5544 voluerimus,
3095 5485 3259 5535 irritas
3273 5485 3503 5548 faciemus

1914 5554 2509 5623 ejwmﬂCbWW-_g
2574 5621 2582 5623 ξ
2786 5616 2843 5623 -.
3209 5614 3218 5623 .
3333 5614 3342 5623 .

1983 5626 2054 5680 (a)
2083 5615 2398 5673 Centcsimom
2430 5619 2532 5681 (Gr.
2566 5616 2870 5681 ἑκατοστήν).
2907 5629 2930 5666 ι
2964 5615 3182 5681 Alludit,
3207 5615 3488 5681 inquitSs-

1922 5677 2110 5744 vil‘.,'ad
2137 5697 2297 5732 usurae
2329 5677 2490 5744 genus
2533 5678 2906 5744 usitatissimum
2948 5679 3124 5739 priscis
3162 5677 3468 5744 temporibus

1920 5739 2052 5808 quod
2075 5739 2625 5808 centesimadicebatur,
2655 5740 2784 5808 quod
2809 5747 3007 5808 centum
3033 5739 3282 5788 mensibus
3305 5749 3484 5789 sortem

1923 5801 2155 5872 équaret.
2187 5822 2204 5854 )
2235 5804 2357 5871 Vide
2381 5805 2518 5854 Tomi
2545 5804 2691 5867 hujus
2715 5802 2855 5852 Praef.
2881 5802 2910 5865 §
2933 5801 2988 5849 γ.
