4040 6378
542 388 611 441 39
1305 371 1363 427 S.
1394 371 1510 426 ,1οᾹ
1520 364 1672 425 NNIS
1708 364 2161 422 CilllYSOSTO.“

2276 364 2542 420 RCIIIEP.
2572 366 3109 425 CONSTANTINOP.

544 499 775 561 offerre,
826 489 1037 547 tametsi
1079 500 1223 555 sazpe
1268 485 1417 539 multi
1450 483 1642 553 ingrati
1669 482 1798 546 sint,
1844 479 2136 547 multaeque

547 593 657 645 sint
679 599 962 641 avarorum
993 580 1227 635 fraudes.
1253 578 1462 632 Etenim
1496 574 1710 646 plurimi
1740 572 1829 641 qui
1860 568 2012 640 probi
2042 568 2139 622 ha-

549 683 760 745 bentur,
809 675 1045 743 debitum
1092 688 1201 726 non
1238 671 1471 732 solvunt,
1502 666 1585 721 vel
1616 664 1757 735 quod
1788 663 1978 734 Ingrati
2008 661 2137 725 sint,

550 776 630 831 tel
676 787 820 841 sa-pe
861 769 1038 836 inopia
1084 764 1419 835 prohibente.
1468 760 1620 814 Circa
1656 758 1932 813 Dominum
1962 764 2137 809 autem

543 865 785 921 omnium
813 862 942 915 nihil
977 856 1281 929 hujusmudi
1305 852 1708 925 suspicandum,
1755 850 1848 905 sed
1891 858 1945 903 et
1988 848 2137 917 capi-

545 960 666 1013 talis
696 972 903 1012 summa
935 954 985 1007 in
1016 962 1128 1007 tuto
1152 957 1255 1016 est,
1301 958 1355 1003 et
1378 945 1681 1015 centuplum
1710 944 1795 997 hic
1820 939 2143 1011 promittitur

544 1052 819 1116 dantibus,
858 1059 915 1103 et
943 1049 996 1103 in
1046 1045 1281 1100 futurum
1326 1042 1434 1095 vita
1479 1050 1679 1094 aiterua
1710 1036 1863 1091 nobis
1893 1048 2141 1089 reserva-

548 1162 657 1205 tur.
706 1146 837 1212 Qua:
882 1143 1041 1212 igitur
1086 1139 1240 1192 nobis
1284 1134 1527 1190 defensio
1569 1133 1692 1194 erit,
1727 1131 1785 1184 si
1811 1128 2143 1198 negligentes

548 1239 823 1298 fut-rimus,
857 1243 1043 1290 etnon
1076 1226 1501 1284 festinaverimus
1539 1222 1787 1293 centupla
1828 1235 1923 1290 pro
1962 1218 2143 1288 paucis

550 1333 816 1400 accipere,
860 1337 915 1382 et
945 1342 1040 1395 pro
1068 1319 1418 1391 prrsentibus
1447 1318 1642 1381 futura,
1671 1326 1723 1369 et
1749 1330 1845 1384 pro
1876 1322 2144 1380 tempora-

550 1423 690 1480 libus
715 1430 913 1475 alterna
938 1434 953 1483 ;
984 1415 1077 1470 sed
1104 1412 1312 1484 placide
1343 1409 1594 1480 pecunias
1621 1406 1795 1476 januis
1823 1413 1878 1459 et
1909 1404 2147 1456 vectibus

552 1514 949 1572 iucluserimus,
992 1519 1046 1564 et
1072 1504 1429 1575 indigentibus
1476 1517 1581 1556 non
1625 1498 2039 1569 expeudcrimus
2084 1510 2148 1549 ea

552 1622 673 1679 quin
712 1605 784 1660 ibi
835 1603 979 1657 nullo
1038 1614 1137 1653 usu
1185 1606 1238 1652 et
1287 1606 1489 1650 temere
1528 1594 1729 1663 jacent,
1783 1601 1839 1644 ttt
1890 1591 1941 1643 in
1972 1588 2148 1641 futuro

555 1698 754 1754 Stl‘CUIO
792 1710 979 1751 eorum
1018 1690 1256 1746 subsidia
1293 1685 1671 1742 inveniamus?
1725 1683 1923 1747 Facite,
1958 1682 2146 1753 inquit,

555 1789 694 1844 vobis
739 1787 927 1841 amicos
974 1799 1036 1838 ea:
1076 1794 1365 1835 mammona
1404 1777 1682 1848 iniquitatis
1712 1791 1730 1829 :
1759 1784 1812 1828 ut
1858 1790 1973 1829 cum
2013 1775 2149 1842 defe-

555 1881 747 1944 ceritis,
788 1876 1033 1945 recipiant
1061 1890 1145 1928 vos
1178 1873 1228 1925 in
1255 1882 1442 1925 (eterna
1474 1868 1801 1922 tabernacula
1852 1864 2022 1935 (Luc.
2063 1863 2149 1917 16.

558 1972 639 2045 9).
686 1971 831 2033 Scin,
880 1969 1077 2022 multos
1107 1980 1214 2018 non
1250 1962 1410 2017 modo
1437 1976 1541 2015 non
1567 1958 1879 2027 adstipulari
1910 1956 1993 2015 iis.
2036 1970 2154 2025 qua:

558 2082 588 2118 tt
620 2063 773 2118 nobis
798 2073 939 2115 nunc
966 2068 1093 2112 sunt.
1120 2055 1288 2117 dicta,
1325 2053 1417 2107 sed
1457 2053 1619 2107 etiam
1648 2066 1710 2105 ea
1739 2058 1794 2103 ut
1826 2048 2071 2103 delirium
2102 2056 2157 2101 et

558 2154 788 2209 fabulam
837 2149 1138 2213 audientes,
1186 2145 1365 2199 verbis
1412 2143 1607 2197 nostris
1652 2142 1869 2194 minime
1914 2154 2035 2193 esse
2078 2149 2158 2192 at-

563 2257 761 2304 tentos.
789 2245 939 2301 Unde
967 2258 1068 2313 ego
1086 2240 1298 2296 crucior
1325 2248 1379 2293 et
1404 2237 1585 2302 doleo,
1610 2234 1750 2305 quod
1780 2250 1951 2304 neque
1979 2247 2157 2287 rerum

560 2337 916 2409 experientia,
972 2348 1145 2403 neque
1183 2341 1346 2385 tantae
1383 2329 1477 2383 Dei
1524 2327 1926 2396 promisstoncs,
1985 2338 2161 2392 neque

558 2436 724 2488 timor
779 2433 1077 2484 futurorum
1104 2467 1119 2491 ,
1185 2439 1359 2493 neque
1405 2421 1729 2491 quotidianae
1771 2418 2161 2472 admonitiones

565 2534 761 2579 nostra!
802 2520 943 2591 apud
989 2517 1123 2573 tales
1152 2515 1438 2586 quidquam
1468 2513 1766 2583 proficiant.
1817 2508 1934 2565 Non
1984 2519 2159 2564 tamen

564 2614 809 2677 cessabo,
860 2612 1021 2667 etiam
1074 2608 1173 2671 sic,
1223 2607 1290 2661 ab
1338 2605 1442 2659 hoc
1482 2603 1659 2657 dando
1701 2601 1949 2665 consilio,
1992 2600 2164 2655 donec

562 2723 662 2764 eos
708 2704 1003 2773 frequentia
1047 2699 1368 2754 monitorum
1416 2706 1733 2766 superatos,
1799 2704 2032 2747 attentos
2079 2704 2135 2747 at

566 2815 672 2869 que
699 2797 980 2866 vigilantes
1010 2789 1328 2853 reddidero,
1374 2798 1534 2857 atque
1579 2803 1641 2841 es
1684 2786 1902 2855 crapula
1932 2796 1986 2839 et
2015 2783 2161 2838 ebri-

568 2901 732 2955 etate,
761 2902 918 2958 quam
951 2885 1003 2938 in
1031 2882 1434 2937 obtencbratatn
1473 2879 1687 2933 illorunt
1729 2885 1963 2932 mentem
1994 2876 2164 2929 avidi-

572 2994 654 3038 tas
693 2981 1036 3052 pecuniarum
1082 2974 1301 3039 invexit,
1346 2987 1537 3027 eruere
1565 2971 1801 3023 valuere.
1844 2968 1970 3024 Scio
1989 2970 2165 3032 enim,

572 3077 685 3131 scio
729 3072 842 3126 fore
892 3078 949 3123 ut
989 3084 1085 3138 per
1127 3066 1351 3136 gratiam
1386 3064 1477 3117 Dei
1516 3077 1821 3117 sermonum
1864 3070 2169 3116 nostrorum

574 3163 893 3235 frequentia,
943 3168 999 3215 et
1044 3158 1234 3228 jejunii
1283 3156 1519 3211 studium
1570 3155 1715 3225 ipsos
1753 3154 1832 3207 vel
1863 3167 1985 3208 sero
2010 3168 2039 3206 a
2066 3152 2169 3205 dif-

576 3259 699 3313 ficili
729 3258 829 3310 hoc
857 3256 1044 3308 morbo
1067 3250 1295 3305 liberare
1319 3290 1334 3317 ,
1384 3248 1739 3317 perfectaeque
1773 3248 1984 3301 sanitati
2016 3247 2170 3301 resti-

579 3359 727 3404 tuere
780 3346 977 3417 possit,
1010 3352 1069 3398 ut
1095 3351 1151 3398 et
1176 3342 1271 3411 ipsi
1302 3354 1332 3395 a
1359 3340 1666 3409 suppliciis,
1722 3356 1841 3409 qurc
1890 3340 1952 3392 iis
1993 3348 2170 3408 parata

578 3451 723 3504 sunt,
762 3440 1073 3503 liberentur,
1104 3445 1159 3491 et
1188 3451 1287 3489 nos
1319 3449 1348 3488 a
1378 3435 1591 3488 tristitia
1630 3450 1914 3499 eruantur,
1969 3444 2023 3487 et
2079 3448 2176 3503 pro

577 3531 825 3586 omnibus
862 3527 1087 3597 gloriam
1136 3524 1430 3580 referamus
1487 3526 1594 3578 Deo
1624 3525 1790 3589 Patri,
1844 3533 1899 3579 et
1928 3524 2087 3590 Filio,
2119 3535 2176 3578 et

579 3622 801 3694 Spiritui
842 3630 1047 3685 sancto,
1081 3633 1223 3674 nunc
1252 3627 1307 3673 et
1350 3632 1584 3687 semper,
1631 3628 1686 3673 et
1734 3619 1787 3672 in
1833 3619 2027 3673 saecula
2075 3634 2178 3675 sa:-

578 3719 838 3772 culorum.
882 3716 1070 3768 Amen.

1173 3823 1454 3879 IIOMILIA
1502 3821 1590 3877 IV.

583 3940 725 3996 Dixit
745 3954 937 4009 quoque
964 3935 1098 3991 Deus
1131 3951 1149 3989 :
1176 3935 1293 3989 Fiat
1316 3934 1708 3989 firmamentum
1728 3935 1779 3989 in
1805 3936 1980 3990 medio
2001 3953 2177 4005 aquae,

654 4044 710 4089 et
733 4032 933 4088 dividat
961 4032 1099 4085 inter
1124 4044 1315 4099 aquam
1341 4037 1395 4083 et
1423 4043 1616 4097 aquam
1649 4046 1661 4081 :
1693 4037 1750 4083 et
1773 4027 1970 4083 factum
1994 4038 2079 4084 est
2108 4031 2181 4083 ita

655 4123 822 4194 (Gen.
859 4124 911 4177 1.
939 4119 1036 4193 6).

660 4262 712 4315 1.
757 4255 958 4312 Videtis
998 4266 1120 4327 ego,
1172 4254 1525 4322 dilectissimi,
1573 4256 1805 4313 alacrem
1834 4267 1888 4313 et
1917 4259 2181 4329 quotidia-

590 4368 718 4407 num
746 4344 983 4406 vestrum
1013 4358 1358 4415 conventum,
1406 4364 1651 4421 magnam
1684 4352 1918 4420 percipio
1940 4357 2183 4424 volupta-

591 4456 720 4506 tem,
759 4451 814 4496 et
852 4440 1104 4495 clementi
1134 4440 1242 4495 Deo
1270 4439 1495 4510 gloriam
1519 4440 1588 4496 de
1619 4441 1856 4509 profectu
1884 4455 2066 4498 Vestro
2095 4462 2185 4499 re—

593 4534 793 4590 ferendi
834 4532 998 4587 finem
1040 4547 1144 4587 non
1191 4530 1347 4587 facio.
1404 4532 1537 4588 Nam
1582 4533 1721 4589 sicut
1758 4536 1961 4590 esurire
1990 4552 2185 4606 corpo-

591 4626 718 4681 ralis
748 4625 990 4678 sanitatis
1015 4623 1263 4679 indicium
1292 4632 1396 4689 est,
1417 4625 1485 4678 ita
1513 4633 1567 4680 et
1594 4624 1769 4680 studio
1795 4641 1987 4697 magno
2002 4629 2187 4684 audire

591 4718 776 4773 divina
821 4716 1033 4786 eloquia
1080 4716 1235 4770 boum
1277 4716 1441 4771 animi
1486 4717 1805 4771 valetudinis
1833 4719 2185 4775 certissimum

593 4819 674 4863 est
703 4815 1103 4877 argumentum.
1129 4806 1253 4861 ldeo
1280 4814 1336 4861 et
1363 4808 1617 4863 Dominus
1645 4820 1826 4864 noster
1846 4809 2003 4865 Jesus
2027 4810 2190 4867 Chria

594 4912 711 4957 stus
769 4902 822 4954 in
862 4900 975 4953 suis
1022 4899 1458 4964 beatitudinibtts,
1490 4916 1624 4970 quas
1658 4902 1708 4954 in
1738 4912 1920 4957 monte
1947 4906 2186 4973 protulit,

593 4994 805 5049 dicebat
832 5011 845 5045 :
873 4991 1019 5046 Beati
1046 4991 1130 5061 qui
1155 4993 1380 5046 esuriam
1405 5000 1451 5046 et
1470 4992 1646 5046 sitiunt
1664 4994 1936 5061 justitiam,
1954 4999 2191 5067 quoniam

597 5087 698 5155 ipsi
725 5084 1089 5139 aaturabuntur
1113 5083 1329 5153 (Matth.
1352 5085 1408 5141 5.
1440 5084 1516 5155 6).
1548 5085 1678 5153 Quis
1712 5086 1870 5156 igitur
1902 5088 2062 5158 digne
2097 5106 2193 5146 vos

599 5178 821 5235 laudare
844 5176 1041 5242 valeat,
1081 5176 1174 5245 qui
1218 5177 1387 5232 semel
1426 5176 1494 5231 ab
1541 5178 1777 5232 omnium
1810 5179 2033 5234 Domino
2063 5181 2193 5236 bea-

600 5268 879 5322 titudinem
908 5267 1209 5336 accepistis,
1258 5276 1314 5321 et
1350 5268 1419 5322 ab
1464 5283 1533 5322 eo
1580 5268 1782 5323 infinita
1826 5269 1964 5324 bona
2004 5287 2193 5341 empe-

601 5358 809 5413 etatis?
844 5357 892 5411 ls
920 5358 1064 5412 enim
1112 5357 1322 5413 Domini
1366 5359 1535 5413 nostri
1576 5375 1694 5413 mos
1730 5370 1832 5426 est,
1880 5371 1939 5415 ut
1985 5365 2196 5433 quoties

604 5446 750 5503 videt
792 5449 1022 5502 animam
1076 5448 1307 5518 aliquam
1360 5449 1529 5504 multo
1589 5450 1856 5506 desiderio
1913 5455 2195 5527 studioque

607 5541 844 5596 maximo
910 5542 1280 5611 spiritualibus
1338 5542 1673 5612 inhiantem,
1720 5546 2008 5603 liberaliter
2053 5550 2196 5605 illam

610 5634 780 5704 gratia
819 5643 875 5689 et
924 5636 1190 5703 opulentis
1241 5634 1396 5691 donis
1444 5637 1558 5691 suis
1611 5639 1919 5709 locupletet.
1970 5641 2121 5698 Unde
2148 5655 2203 5699 et

612 5740 713 5792 ego
743 5725 793 5779 in
824 5734 1057 5779 vestram
1084 5726 1363 5780 utilitatem
1389 5736 1444 5782 et
1484 5728 1891 5788 :edilicationem
1921 5744 2200 5803 exspecto,

614 5825 671 5870 ut
715 5815 929 5873 uberior
979 5827 1033 5873 et
1093 5818 1248 5875 nobis
1300 5818 1558 5876 doctrina:
1608 5836 1789 5880 seruio
1857 5827 2197 5884 concedatur.

3766 390 3845 444 ιθ

2250 479 2473 549 Pmpter
2522 497 2617 535 vos
2663 483 2827 544 enim,
2884 494 2939 538 et
2988 495 3203 553 propter
3234 492 3469 541 vestrum
3519 489 3844 556 profectum.

2246 586 2457 625 omnem
2503 570 2644 627 hunc
2686 574 2923 628 laborem
2968 577 3280 638 tuleramus,
3330 586 3389 630 ut
3436 587 3491 633 et
3541 594 3638 633 vos
3678 579 3851 636 citius

2244 664 2311 717 ad
2354 664 2528 732 ipsum
2567 666 2777 720 virtutis
2820 666 3087 737 fastigium
3140 668 3461 735 ascendatis,
3504 669 3668 725 futuri
3716 673 3851 726 vita:

2245 756 2438 809 divinze
2475 758 2712 828 magistri
2761 760 3011 813 omnibus
3049 760 3139 830 qui
3169 776 3265 814 vos
3300 762 3613 828 respiciunt,
3645 772 3701 817 et
3743 778 3851 816 no-

2246 848 2328 903 bis
2372 849 2543 920 major
2578 850 2791 905 dicendi
2839 851 3031 906 fiducia
3074 853 3314 919 accedat,
3344 854 3431 923 qui
3461 853 3703 909 videmus
3735 870 3855 909 non

2247 941 2303 997 in
2346 957 2562 1007 vanum,
2615 958 2715 998 nec
2758 942 2953 998 frustra
3002 960 3101 998 nos
3149 944 3431 1008 laborare;
3481 944 3579 1000 sed
3602 946 3851 1015 quotidie

2246 1049 2431 1090 semen
2465 1032 2567 1088 hoc
2592 1034 2867 1103 spirituale
2896 1035 2945 1088 in
2975 1035 3128 1089 vobis
3165 1051 3433 1101 crescere,
3488 1052 3663 1106 neque
3705 1038 3853 1091 sicut

2250 1128 2303 1183 in
2350 1129 2632 1199 evangelio
2677 1129 2960 1183 seminanti
3006 1129 3207 1195 evenit,
3282 1128 3353 1182 ita
3398 1138 3455 1183 et
3499 1130 3656 1184 nobis
3706 1142 3848 1183 con-

2248 1224 2473 1290 tingere.
2522 1219 2597 1273 lbi
2648 1220 2792 1274 enim
2831 1235 2936 1274 una
2982 1230 3184 1274 tantum
3239 1234 3359 1289 pars
3386 1220 3531 1274 salva
3582 1220 3701 1286 fuit,
3736 1231 3859 1275 tres

2253 1314 2544 1381 perierunt.
2593 1312 2728 1379 Quia
2773 1326 2981 1378 semen,
3049 1312 3194 1382 quod
3244 1326 3400 1367 secus
3449 1313 3589 1366 viam
3629 1311 3853 1378 cecidit,

2251 1406 2369 1457 sine
2422 1401 2598 1456 fructu
2653 1403 2871 1468 mansit,
2925 1412 2980 1457 et
3025 1402 3168 1472 quod
3215 1400 3355 1457 inter
3409 1402 3624 1472 spinas,
3674 1402 3851 1458 suﬂ'ov

2251 1505 2429 1548 catum
2478 1504 2593 1559 est;
2634 1493 2778 1563 quod
2830 1502 3009 1547 autem
3067 1494 3120 1547 in
3172 1503 3408 1562 petram,
3460 1493 3515 1546 in
3564 1494 3865 1562 superficie

2253 1603 2497 1654 manens,
2543 1588 2774 1643 fructum
2824 1588 3018 1643 afferre
3062 1587 3531 1661 nequivit(Mutth.
3557 1589 3646 1642 15.
3673 1588 3802 1654 4-7)
3836 1604 3853 1639 :

2256 1682 2343 1736 hic
2386 1681 2439 1735 in
2491 1682 2661 1750 gratia
2715 1682 2808 1736 Dei
2852 1696 2976 1751 spes
3031 1692 3147 1746 est,
3208 1682 3360 1747 fore,
3421 1692 3479 1735 ut
3522 1697 3643 1736 cum
3689 1695 3868 1735 omne

2258 1775 2309 1829 in
2362 1784 2559 1829 terram
2628 1775 2821 1829 bonam
2863 1774 3153 1839 ceciderit,
3207 1775 3298 1828 alii
3340 1774 3567 1829 reddant
3622 1774 3858 1828 fructum

2256 1867 2586 1936 centuplum,
2616 1866 2704 1921 alii
2748 1864 3158 1935 sexagesimum,
3201 1867 3291 1919 alli
3344 1865 3697 1935 trigesimum.
3742 1864 3870 1918 Hoc

2259 1969 2497 2014 nostram
2544 1960 2874 2013 alacritatem
2927 1958 3111 2021 fovet,
3168 1958 3270 2011 hoc
3318 1967 3555 2012 mentem
3615 1957 3861 2023 excitat,

2260 2054 2401 2124 quod
2447 2056 2679 2108 sciamus
2724 2067 2831 2107 non
2881 2053 2934 2106 in
2979 2068 3209 2115 vanum,
3256 2062 3356 2107 nec
3408 2052 3605 2105 frustra
3653 2064 3869 2104 sermo-

2260 2160 2358 2199 nes
2388 2160 2484 2199 nos
2518 2143 2709 2209 facere,
2743 2143 2839 2198 sed
2885 2145 3109 2198 arrectis
3137 2144 3355 2197 auribus
3379 2152 3432 2197 ct
3457 2143 3658 2197 intenta
3680 2151 3875 2196 mente

2264 2236 2407 2290 dicta
2443 2244 2624 2289 nostra
2652 2235 2841 2306 accipi.
2881 2236 3053 2304 Atque
3082 2234 3199 2289 haec
3224 2250 3329 2288 non
3357 2234 3625 2289 adulando
3648 2234 3869 2287 caritati

2270 2338 2462 2381 vestra:
2485 2327 2626 2389 dico,
2667 2327 2761 2381 sed
2790 2326 3036 2395 conjecto
3060 2327 3389 2381 alacritatem
3409 2342 3476 2382 ex
3500 2325 3566 2380 iis
3592 2340 3712 2395 quae
3746 2325 3873 2380 heri

2265 2435 2294 2473 a
2326 2420 2481 2473 nobis
2508 2418 2649 2473 dicta
2680 2430 2820 2473 sunt.
2870 2418 3126 2473 Videbam
3158 2418 3301 2473 enim
3330 2432 3426 2473 vos
3453 2433 3643 2473 omnes
3680 2419 3879 2473 avidos

2266 2515 2524 2572 doctrina:
2551 2515 2619 2568 ab
2649 2529 2743 2569 ore
2772 2529 2894 2567 meo
2925 2514 3241 2583 pendentes.
3291 2523 3347 2568 et
3374 2512 3551 2567 omnia
3584 2514 3872 2579 facientes,

2269 2624 2337 2663 ne
2365 2608 2491 2678 quid
2518 2622 2614 2661 vos
2642 2607 2904 2661 dictorum
2944 2606 3274 2675 praiteriret;
3325 2616 3583 2674 praiterea
3628 2604 3877 2659 continui

2271 2703 2484 2771 plausus
2523 2701 2762 2755 maxime
2790 2699 3145 2764 testabantur,
3190 2713 3287 2752 vos
3324 2699 3462 2751 dicta
3494 2713 3684 2766 magna
3714 2698 3877 2751 volu-

2272 2804 2414 2865 ptate
2457 2792 2748 2861 suscipere.
2826 2791 2926 2858 Qui
2975 2800 3153 2844 autem
3191 2789 3390 2859 aliquid
3443 2789 3638 2857 volupe
3682 2790 3879 2853 audit,

2271 2897 2474 2943 certum
2505 2895 2588 2941 est
2629 2885 2756 2939 illud
2798 2884 3059 2955 profunde
3106 2884 3159 2937 in
3205 2883 3385 2936 animo
3429 2882 3637 2951 ﬁgere:
3670 2882 3877 2952 ubique

2273 2980 2429 3033 altius
2474 2991 2761 3046 reponens,
2814 2976 2939 3029 facit
2983 2991 3052 3029 ne
3097 2974 3505 3031 eradidelerive
3526 2984 3706 3043 queat.
3741 2974 3882 3040 Quis

2275 3071 2436 3139 igitur
2479 3069 2637 3139 digne
2679 3083 2775 3120 vos
2812 3066 3066 3129 laudare,
3116 3076 3169 3120 et
3209 3080 3307 3119 nes
3354 3065 3542 3119 beatos
3581 3063 3889 3132 prmdieare

2277 3172 2478 3233 posset,
2526 3163 2614 3231 qui
2664 3161 2716 3213 in
2765 3175 2923 3214 aures
2962 3159 3230 3229 loquimur
3276 3157 3646 3212 audientium?
3686 3156 3887 3210 Beatus

2277 3256 2442 3315 enim,
2473 3257 2566 3317 ait,
2604 3254 2691 3324 qui
2718 3253 2943 3321 loquitur
2964 3252 3019 3304 in
3046 3266 3195 3305 aures
3224 3250 3539 3304 audientium
3571 3248 3758 3321 (Eccli.
3786 3250 3883 3303 25.

2279 3346 2389 3409 12).
2421 3345 2531 3399 Hoc
2572 3345 2881 3414 prmclarum
2922 3357 3058 3411 Opus
3092 3342 3297 3412 jejunio
3340 3351 3618 3410 acceptum
3660 3342 3892 3408 refero,

2281 3439 2382 3493 hoc
2430 3436 2721 3492 remedium
2766 3436 2989 3489 salutem
3032 3416 3311 3504 operatum
3338 3442 3422 3489 est
3446 3435 3749 3489 animarum
3784 3451 3890 3487 no-

2281 3540 2531 3583 strarum.
2557 3528 2709 3595 Quod
2742 3528 2784 3580 si
2814 3527 2882 3580 ab
2911 3528 3063 3580 initio
3088 3528 3266 3580 statim
3298 3536 3501 3580 tantum
3532 3528 3688 3581 nobis
3717 3527 3892 3581 robur

2281 3622 2536 3687 ostendit,
2583 3620 2994 3687 procedentibus
3037 3619 3228 3673 diebus
3272 3628 3469 3686 quanta
3518 3621 3888 3688 exspectanda

2284 3717 2485 3770 utilitas
2513 3713 2784 3769 affutura?
2820 3712 2991 3768 Unum
3017 3712 3117 3766 hoc
3144 3727 3239 3766 vos
3266 3711 3511 3777 obsecro,
3545 3712 3609 3765 1η
3632 3715 3817 3767 timore
3839 3723 3892 3766 et

2284 3820 2497 3864 tremore
2538 3808 2752 3861 salutem
2794 3814 3008 3860 vestram
3049 3804 3321 3875 operemini
3376 3803 3546 3876 (Phil.
3575 3805 3632 3859 2.
3666 3806 3785 3871 12),
3836 3816 3895 3859 et

2284 3901 2487 3955 nullum
2514 3898 2712 3953 aditum
2744 3896 3020 3951 concedite
3050 3897 3266 3951 inimico
3291 3896 3478 3951 salutis
3507 3907 3724 3951 vestrm.
3750 3898 3893 3952 Nam

2285 3995 2473 4049 videns
2517 4007 2657 4046 nunc
2706 3990 3009 4060 spirituales
3058 3999 3265 4044 vestras
3311 3988 3543 4053 divitias,
3585 3990 3786 4043 insanit
3836 4001 3895 4044 et

2287 4088 2509 4151 ferocil,
2583 4097 2639 4139 et
2683 4085 2819 4138 sicut
2878 4084 2963 4137 leo
3015 4082 3232 4151 rugiens
3292 4082 3581 4145 circumit,
3634 4098 3897 4151 quaerens

2286 4193 2444 4249 quem
2485 4177 2710 4230 devoret
2731 4177 2809 4245 (1.
2842 4172 2954 4227 Pet.
2984 4173 3038 4227 5.
3068 4174 3145 4238 8).
3204 4170 3403 4226 Verum
3437 4174 3482 4227 si
3518 4173 3685 4227 sobrii
3718 4174 3893 4229 fueri-

2288 4283 2428 4333 mus,
2458 4267 2584 4320 nulli
2616 4265 2926 4336 przevalebit
2964 4280 3058 4333 per
3081 4264 3305 4332 gratiam
3335 4263 3449 4317 Dei.

2357 4360 2413 4413 2.
2464 4358 2612 4411 Talia
2639 4357 2780 4411 enim
2811 4366 2935 4409 sunt
2958 4369 3105 4408 arma
3132 4362 3311 4408 nostra
3338 4355 3658 4423 spiritualia,
3697 4355 3903 4423 quibus

2292 4466 2390 4504 nos
2436 4448 2605 4503 induit
2645 4446 2875 4516 Spiritus
2902 4445 3089 4511 gratia,
3130 4446 3269 4499 sicut
3314 4443 3430 4500 lteri
3473 4447 3753 4501 caritatem
3796 4462 3900 4501 ve-

2293 4549 2458 4594 stram
2502 4538 2799 4592 docuimus.
2850 4534 2906 4590 Si
2934 4536 3091 4604 igitur
3122 4534 3204 4589 his
3232 4536 3490 4590 continuo
3517 4536 3759 4591 membra
3793 4552 3901 4591 no—

2296 4642 2404 4685 stra
2446 4629 2813 4690 munierimus,
2864 4627 3005 4681 nulla
3056 4627 3157 4680 tela
3203 4627 3273 4681 ab
3311 4628 3403 4682 lllo
3445 4629 3641 4683 emissa
3683 4630 3750 4684 ad
3797 4644 3903 4684 nos

2293 4722 2599 4793 pertingere
2644 4727 2911 4788 poterunt,
2964 4716 3058 4770 sed
3109 4716 3258 4770 irrita
3313 4716 3380 4770 ad
3430 4717 3605 4787 ipsum
3656 4719 3904 4775 reditura

2294 4822 2420 4869 sunt
2447 4830 2463 4867 :
2493 4815 2773 4865 adamante
2801 4811 2943 4865 enim
2966 4806 3247 4863 solidiores
3274 4809 3365 4864 Dei
3388 4810 3559 4879 gratia
3580 4826 3679 4864 nos
3708 4813 3910 4877 efficit,

2295 4915 2351 4960 et
2376 4905 2422 4959 si
2451 4904 2715 4968 volumus,
2762 4901 2980 4957 omnino
3010 4901 3255 4955 invictos.
3302 4901 3487 4972 Itaque
3515 4903 3655 4958 sicut
3682 4903 3776 4973 qui
3807 4905 3909 4957 ad-

2297 5006 2566 5053 amantem
2610 4995 2801 5061 tundit,
2844 4973 2975 5048 nihil
3014 4992 3282 5045 adamanti
3325 5003 3507 5060 nocet,
3536 4994 3633 5049 sed
3661 4995 3909 5065 seipsum

2298 5091 2506 5162 fatigat,
2550 5098 2604 5143 et
2645 5087 2810 5141 robur
2839 5099 2992 5138 suum
3023 5083 3323 5149 imminuit;
3366 5093 3421 5138 ct
3460 5085 3549 5155 qui
3590 5097 3778 5140 contra
3808 5087 3912 5139 sti-

2299 5184 2473 5237 mulos
2497 5179 2755 5243 calcitrat,
2787 5190 2913 5230 suos
2938 5174 3102 5245 pedes
3124 5185 3369 5230 cruentat
3394 5194 3407 5231 :
3431 5176 3485 5231 in
3511 5176 3654 5231 hunc
3682 5179 3913 5231 modum

2300 5288 2389 5329 res
2432 5289 2490 5326 se
2517 5271 2715 5325 habent
2740 5277 2936 5321 nostra:
2961 5281 3082 5321 cum
3108 5267 3294 5322 salutis
3322 5278 3521 5323 nostra:
3564 5270 3913 5337 adversario,

2304 5367 2348 5421 si
2374 5364 2557 5429 armis,
2609 5376 2729 5431 quat
2768 5359 2923 5414 nobis
2953 5358 3183 5428 Spiritus
3222 5359 3394 5414 sancti
3442 5362 3613 5429 gratia
3657 5361 3910 5426 exhibet,

2304 5460 2558 5513 continuo
2585 5469 2681 5509 nos
2711 5453 3031 5508 muniamus.
3080 5451 3248 5507 Tanta
3291 5454 3435 5508 enim
3478 5453 3694 5507 illorum
3740 5455 3920 5509 virtus

2306 5561 2407 5614 est,
2451 5560 2512 5605 ut
2548 5548 2726 5601 radios
2752 5546 2877 5600 inde
2912 5546 3238 5615 fulgurantes
3264 5544 3607 5599 adversarius
3633 5546 3922 5602 sustinere

2308 5659 2413 5696 non
2457 5640 2643 5711 possit,
2687 5636 2779 5692 sed
2831 5637 2935 5691 illis
2988 5636 3128 5691 oculi
3167 5636 3285 5704 ejus
3330 5647 3696 5691 excatccntur.
3778 5638 3922 5705 His,

2308 5748 2511 5804 quaeso,
2558 5731 2723 5786 armis
2760 5744 2972 5798 semper
3017 5743 3115 5782 nos
3160 5727 3488 5792 muniamus,
3517 5740 3573 5781 et
3600 5732 3681 5783 sic
3723 5732 3921 5784 muniti

2311 5827 2373 5884 in
2396 5822 2567 5882 forum
2594 5836 2693 5879 nos
2735 5821 3106 5877 conferamus:
3155 5819 3233 5875 sit:
3280 5816 3423 5890 apud
3459 5832 3667 5877 amicos
3709 5824 3922 5880 simus.
