4040 6378
457 335 518 393 41
1245 343 1304 401 S.
1344 344 1630 402 JOANNIS
1668 347 2112 404 CllliYSOSTOE

2216 349 2516 404 ARCIIIEP.
2559 349 3103 412 CONSTANTINOP.
3403 364 3412 373 '
3821 357 3892 412 42

457 450 522 504 ἐκ
558 452 656 524 τῆς
698 453 871 526 αύγῆς
913 455 1008 526 τῆς
1064 457 1276 512 ἐκεῖθεν
1307 473 1334 500 α
1380 463 1824 534 ἔκπιμπομένης.
1871 465 2113 525 Τούτοις,

459 541 778 611 παρακαλῶ.
821 545 929 606 τοῖς
969 545 1152 608 ὅπλοις
1200 546 1488 611 διαπαντὸς
1519 552 1746 614 ἑαυτοὺς
1770 552 2114 623 τειχίζοντες,

464 626 607 678 οὕτω
637 630 730 680 καὶ
763 630 844 693 είς
871 630 1078 703 ἀγοράν
1106 633 1480 706 ἐμϐάλλωμεν,
1510 638 1604 690 καὶ
1635 639 1808 706 φίλοις
1847 639 2124 708 συγγινό-

463 712 620 780 μεθα,
656 716 749 769 καὶ
779 717 1077 788 πράγματα
1113 721 1599 792 μεταχειρίζωμεν.
1633 726 1742 779 Καὶ
1781 725 1835 778 τί
1871 726 2012 795 λέγω
2039 728 2121 788 εἰς

461 801 703 870 ἀγοράν;
739 804 850 857 Καὶ
901 807 981 869 εἰς
1013 807 1308 878 ἐκκλησίαν
1337 810 1684 875 ἀπαντῶντες
1711 812 1882 867 ταῦτα
1907 814 2118 884 ἑχωμεν

459 887 589 955 ἡμῖν
621 887 736 962 [24]
766 893 1144 962 περικείμενα,
1184 897 1279 948 καὶ
1313 896 1495 951 οἴκαδε
1531 901 1841 964 ἐπανιόντες
1867 902 1960 954 καί
1987 901 2118 955 καθ-

459 971 719 1040 εύδοντες,
759 978 853 1030 καί
887 979 1317 1052 διανιστάμενοι,
1361 985 1455 1037 καὶ
1501 986 1768 1056 μηδέποτε
1806 988 1945 1042 αὑτά
1979 989 2118 1042 ἀπο-

462 1058 685 1130 θώμεθα
708 1066 858 1136 παρὰ
887 1068 1064 1121 πᾶσαν
1100 1069 1258 1139 ήμῶν
1286 1070 1385 1138 τὴν
1412 1069 1557 1142 ζωήν
1577 1088 1589 1101 ·
1622 1072 1807 1126 ἀπεισι
1843 1075 1953 1146 γάρ
1991 1076 2116 1146 μεθ’

457 1147 489 1216 ή
499 1146 640 1215 μῶν,
665 1151 757 1202 καὶ
791 1151 893 1220 τῆς
917 1153 1034 1206 ἐκεί
1056 1156 1367 1226 παρρησίας
1389 1156 1417 1196 ὺ
1445 1150 1701 1222 ὑπόθεσις
1728 1162 1860 1231 ἡμῖν
1885 1161 2117 1233 μεγίστη

457 1233 686 1319 γίνεται.
713 1237 846 1290 Οὐδὲ
875 1239 984 1310 γάρ
1010 1241 1210 1310 ὁμοίως
1247 1245 1358 1305 τοῖς
1387 1243 1665 1314 αἰσθητοῖς
1687 1246 1872 1310 ὅπλοις
1896 1247 2116 1319 βαρύνει

457 1317 518 1368 τὸ
550 1319 730 1390 σῶμα,
759 1323 895 1378 ἀλλά
951 1325 1150 1395 μᾶλλον
1185 1327 1451 1397 κουφίζει,
1491 1331 1584 1383 καὶ
1618 1317 1906 1403 μετάρσιον
1947 1317 2118 1408 ἐργά-

458 1405 755 1469 ζεται,·καὶ
801 1410 899 1480 τήν
936 1414 1088 1482 ἰσχὺν
1135 1415 1424 1468 ἐπιτείνει’
1463 1417 1623 1486 μόνον
1672 1418 1767 1473 ἐὰν
1813 1421 1952 1475 αύτά
1980 1405 2116 1476 καθ’

457 1489 696 1562 ἑκάστην
745 1495 964 1565 ἡμέραν
1010 1499 1439 1570 ἀποσμήχωμεν,
1484 1501 1625 1554 ὥστε
1673 1501 1901 1576 λαμπρά
1929 1508 2116 1575 φαινό-

461 1593 598 1645 μενα
636 1580 723 1634 διὰ
755 1581 856 1651 τῆς
901 1583 1105 1648 οἰκείας
1145 1587 1430 1657 ἀστραπῆς
1468 1590 1675 1660 πηροῦν
1706 1592 1805 1656 τάς
1835 1593 1984 1662 ὑψεις
2023 1593 2115 1647 τοῦ

459 1665 694 1752 πονηροῦ
722 1667 992 1739 δαίμονος,
1027 1673 1202 1724 πάντα
1235 1674 1377 1726 κατά
1411 1674 1510 1745 τῆς
1547 1677 1820 1748 σωτηρίας
1850 1679 1951 1748 τῆς
1989 1681 2118 1752 ήμεο

458 1750 625 1820 τέρας
679 1757 1094 1826 μηχανωμένου.
1137 1758 1272 1828 Φέρε
1317 1759 1381 1830 δὴ
1424 1761 1628 1826 λοιπὸν,
1677 1764 1866 1836 ἐπειδὴ
1919 1750 2117 1831 ίκανῶς

459 1837 602 1924 ὑμεῖς
662 1841 1102 1912 καθωπλίσαμεν,
1157 1845 1256 1915 τὴν
1323 1849 1526 1917 συνήθη
1588 1851 1924 1922 παραϐῶμεν
1986 1854 2115 1924 ὑμῖν

455 1923 755 2011 τράπεζαν,
799 1928 891 1983 καὶ
932 1930 1000 1982 τὰ
1031 1931 1300 1986 ἀκόλουθα
1347 1935 1456 1988 τῶν
1484 1936 1608 2005 χθὲς
1637 1939 1769 2008 ἡμῖν
1811 1923 2115 2011 εἰρημένων

456 2010 744 2082 προθῶμεν
775 2016 867 2068 ἐπὶ
910 2016 1011 2086 τῆς
1057 2018 1328 2091 ὑμετέρας
1357 2022 1598 2092 ἀγάπης,
1646 2025 1807 2079 πάλιν
1838 2010 1949 2079 τδνί
1982 2027 2114 2082 θαυ-

460 2097 652 2166 μάσιον
689 2101 978 2173 ἑστιάτορα
1029 2105 1121 2157 τὸν
1161 2107 1427 2178 μακάριον
1485 2111 1741 2172 Μωῦσέα,
1795 2112 1886 2166 τὸν
1943 2115 2114 2184 μέγαν

456 2187 741 2256 προφήτην
766 2189 864 2258 τῆς
888 2189 1060 2260 καλῆς
1084 2191 1286 2262 ταύτης
1306 2195 1653 2260 διδασκαλίας
1674 2198 1916 2268 ἡγεμόνα
1955 2217 2115 2270 ποιη-

456 2273 699 2342 σάμενοι.
733 2274 958 2345 Ἷδωμεν
990 2273 1082 2330 οὖν
1127 2281 1250 2332 τίνα
1285 2281 1454 2347 ἐστὶν,
1505 2284 1542 2338 ἀ
1569 2287 1664 2338 καί
1701 2288 1938 2357 σήμερον
1970 2290 2113 2358 ἡμᾶς

455 2360 660 2427 διδάξαι
698 2361 962 2431 βούλεται,
1003 2367 1099 2418 καὶ
1147 2367 1500 2439 προσέχωμεν
1547 2371 1791 2442 ἀκριϐῶς
1832 2377 1942 2437 τοῖς
1983 2378 2112 2447 παρ’

457 2447 623 2500 αὐτοῦ
653 2448 988 2519 λεγομένοις.
1019 2452 1154 2506 Ούδὲ
1196 2453 1305 2524 γάρ
1332 2456 1509 2526 οἰκείᾳ
1537 2456 1759 2527 δυνάμει
1793 2459 2110 2530 φθέγγεται,

455 2533 570 2586 ἀλλ’
612 2535 754 2605 άπερ
794 2536 860 2591 ἂν
890 2540 924 2608 ή
959 2537 1053 2591 τοῦ
1088 2541 1404 2611 Πνεύματος
1435 2545 1594 2612 χάρις
1637 2547 1897 2620 ἐνηχήσῃ,
1945 2549 2114 2603 ταῦτα

456 2620 545 2672 διὰ
575 2621 671 2690 τῆς
703 2623 905 2686 οἰκείας
951 2625 1215 2696 προφέρει
1260 2627 1524 2699 γλώττης,
1567 2630 1830 2685 διδάσκων
1867 2633 1966 2705 τὴν
2003 2636 2114 2688 τῶν

457 2705 762 2776 ἀνθρώπων
824 2709 1005 2778 φύσιν.
1062 2712 1392 2784 Ἀπαρτίσας
1449 2717 1628 2770 τοίνυν
1682 2719 1773 2771 τὸν
1824 2722 1953 2790 περὶ
2013 2721 2113 2790 τῆς

460 2793 678 2865 πρώτης
708 2795 917 2868 ήμέρας
951 2798 1127 2866 λόγον,
1162 2802 1256 2853 καὶ
1298 2802 1468 2854 εἰπὼν
1503 2804 1771 2874 μετά.τὴν
1806 2807 1898 2858 τοῦ
1936 2809 2113 2875 φωτὸς

457 2881 836 2953 δημιουργίαν,
891 2886 1151 2955 Ἐγένετο
1205 2889 1469 2958 ἑσπέρα,
1523 2893 1620 2945 καί
1669 2893 1905 2963 ἐγένετο
1942 2897 2111 2964 πρωῒ,

456 2969 643 3037 ἡμέρα
667 2972 795 3038 μία,
829 2972 990 3026 πάλιν
1013 2975 1145 3044 φησί
1165 2992 1178 3006 ο
1207 2977 1315 3031 Καὶ
1343 2975 1513 3031 εἶπεν
1538 2983 1571 3033 o'
1598 2982 1768 3046 Θεός·
1799 2983 2112 3051 Γενηθήτω

455 3057 756 3126 στερέωμα
785 3059 854 3112 έν
894 3060 1062 3128 μέσῳ
1111 3063 1218 3118 τοῦ
1272 3064 1483 3132 ὓδατος
1509 3106 1524 3130 ,
1569 3067 1665 3120 καί
1703 3068 1859 3122 ἔστω
1902 3069 2112 3140 διαχω-

451 3142 612 3208 ρίζων
641 3145 946 3214 ἀναμέσων
986 3149 1203 3216 ὕδατος
1242 3152 1342 3204 καί
1379 3151 1616 3220 ὓδατος.
1653 3155 1849 3208 Σκόπει
1895 3173 1986 3225 μοι
2027 3159 2113 3210 ἐν-

453 3231 650 3291 ταῦθα,
676 3236 942 3306 ἀγαπητὲ,
982 3237 1328 3305 διδασκαλίας
1365 3243 1708 3297 ἀκολουθίαν.
1748 3245 1962 3316 Ἐπειδὴ
2003 3246 2111 3319 γάρ

454 3320 740 3390 προλαϐὼν
771 3325 900 3393 ήμῖν
924 3321 1042 3378 εἷπε
1082 3328 1222 3397 μετά
1249 3329 1348 3400 τὴν
1382 3329 1478 3383 τοῦ
1503 3329 1732 3400 ούρανοῦ
1765 3332 1856 3384 καὶ
1880 3331 1982 3401 τῆς
2009 3334 2112 3404 γῆς

451 3404 829 3486 δημιουργίαν,
871 3411 952 3464 ὅτι
1009 3413 1069 3465 'H
1103 3413 1173 3466 δὲ
1216 3414 1292 3483 γῆ
1344 3412 1420 3486 ἦν
1451 3417 1703 3483 ἀόρατος
1749 3419 1846 3471 καί
1897 3419 2115 3474 ἀκατα-

452 3485 821 3564 σκεύαστως,
867 3490 964 3542 καί
1023 3490 1140 3557 τὴν
1199 3485 1396 3547 αἰτίαν
1459 3496 1850 3564 προσέθηκεν,
1898 3499 1978 3551 δτι
2027 3498 2114 3553 διὰ

451 3563 609 3615 τοῦτο
632 3559 699 3633 ἦν
724 3565 975 3634 ἀόρατος,
999 3569 1086 3621 διά
1120 3569 1181 3622 τὸ
1210 3559 1574 3626 καλύπτεσθαι
1603 3559 1717 3630 ὑπὸ⁷
1734 3574 1828 3628 τοῦ
1869 3577 2110 3642 σκότους,

413 3676 416 3678 ~
453 3645 548 3697 καὶ
573 3643 681 3696 τῶν
718 3646 923 3699 ὑδάτων
943 3665 956 3677 ·
1001 3649 1144 3718 ὓδωρ
1172 3650 1279 3721 γὰρ
1316 3646 1385 3722 ἦν
1413 3653 1474 3704 τὸ
1501 3655 1631 3717 πᾶν,
1656 3655 1750 3708 καὶ
1780 3654 1988 3718 σκότος,
2018 3656 2114 3708 καὶ

451 3723 604 3775 οὐδὲν
636 3722 818 3794 ἕτερον
840 3739 851 3754 ’
887 3722 1003 3780 εἶτα
1042 3729 1136 3781 τοῦ
1169 3730 1438 3782 Δεσπότου
1483 3735 1885 3802 προστάξαντος
1914 3775 1929 3798 ,
1973 3755 2115 3808 παρ’

451 3800 590 3870 ήχθη
631 3802 692 3854 τὸ
737 3804 884 3872 φῶς,
936 3806 1030 3859 καὶ
1083 3806 1450 3879 διαχωρισμὺς
1498 3800 1692 3878 γέγονε
1737 3823 1758 3853 ε
1808 3815 1980 3881 φωτὸς
2021 3800 2113 3872 καὶ

453 3882 707 3964 σκότους,
758 3885 853 3964 καὶ
907 3885 970 3938 τὸ
1029 3887 1127 3955 μὲν
1163 3885 1264 3957 τήν
1326 3889 1424 3957 τῆς
1477 3890 1689 3961 ἡμέρας
1744 3896 2112 3964 προσηγορίαν

450 3960 630 4041 ἐλαϐε,
656 3962 821 4041 τδῌδέ
849 3965 949 4034 τὴν
995 3965 1095 4034 τῆς
1127 3967 1320 4029 νυκτὸς
1347 3966 1562 4034 ἐδέξατο
1583 3960 1602 4001 ον
1644 3969 1802 4023 πάλιν
1850 3960 2004 4041 ἡμᾶς
2033 3975 2112 4028 δι-

449 4036 604 4101 δάξαι
647 4039 923 4120 βούλεται,
971 4042 1052 4095 δτι
1101 4042 1291 4113 ὥσπερ
1334 4043 1395 4096 τὸ
1446 4045 1634 4110 σκότος
1667 4047 1829 4100 διεῖλε
1871 4036 1942 4102 ’τὸ
1999 4053 2112 4120 φῶς

451 4119 808 4187 παραγαγὼν,
848 4122 944 4173 καὶ
991 4123 1205 4191 ἑκάστῳ
1233 4121 1332 4188 τὴν
1361 4123 1706 4191 ἁρμόζουσαν
1743 4119 2110 4197 προσηγορίαν

451 4198 740 4268 ἐπέθηκεν,
765 4198 906 4253 οὕτω
930 4201 1022 4254 καὶ
1045 4201 1106 4254 τὸ
1135 4201 1335 4272 πλῆθος
1358 4202 1464 4254 τῶν
1495 4202 1701 4257 ὑδάτων
1730 4206 2111 4276 προστάγματι

449 4277 666 4331 διαιρεῖ.

520 4295 717 4425 gica
748 4358 849 4430 ὅρα
869 4357 1094 4428 δύναμιν
1110 4358 1335 4428 ἄφατον,
1367 4359 1460 4413 καὶ
1487 4360 1662 4414 πάντα
1678 4361 2011 4432 ἀνθρώπινον
2026 4364 2112 4417 λο-

448 4435 644 4506 γισμὸν
678 4436 1130 4506 ὑπερϐαίνουσαν.
1172 4437 1395 4491 Κελεύει
1437 4438 1545 4508 γὰρ
1585 4440 1764 4510 μόνον,
1798 4443 1887 4494 καὶ
1917 4442 1977 4494 τὸ
2012 4443 2110 4511 μὲν

449 4517 760 4586 παράγεται
795 4514 822 4552 ά
870 4515 980 4567 τῶν
1033 4517 1332 4587 στοιχείων,
1383 4517 1446 4570 τὸ
1497 4517 1555 4570 δὲ
1609 4523 1949 4589 παραχωρεῖ.
2001 4521 2110 4574 Καὶ

449 4591 597 4659 εἷπε,
637 4597 824 4664 φησὶν,
868 4598 900 4648 ό
943 4594 1103 4661 Θεὸς,
1156 4598 1472 4664 Γενηθήτω
1514 4598 1814 4666 στερέωμα
1841 4599 1909 4651 ἐν
1944 4598 2111 4667 μέσῳ

447 4674 556 4726 τοῦ
591 4673 826 4738 ὕδατος,
860 4673 957 4726 καί
996 4672 1150 4728 ἔστω
1176 4674 1524 4744 διαχωρίζων
1557 4675 1865 4744 ἀναμέσων
1893 4677 2110 4742 ὕδατος

449 4751 547 4803 καί
580 4750 817 4816 ὕδατος.
865 4751 929 4803 Τί
977 4753 1121 4816 ἐστι,
1166 4753 1485 4822 Γενηθήτω
1533 4755 1876 4823 στερέωμα;
1913 4754 1998 4817 Ὠς
2043 4755 2109 4808 ἂν

448 4831 590 4882 εἴποι
621 4846 705 4892 τις
733 4829 950 4901 γλώττῃ
983 4830 1318 4903 ἀνθρωπίνῃ.
1348 4833 1548 4902 τειχίον
1580 4850 1632 4885 τι
1660 4833 1753 4885 καὶ
1779 4832 2106 4902 διάφραγμα

446 4910 689 4981 διαιροῦν
725 4913 951 4983 μεταξὺ,
993 4915 1088 4968 καὶ
1116 4914 1392 4984 χωρισμὸν
1429 4913 1822 4984 ἐργαζόμενον.
1870 4917 1977 4968 Καὶ
2021 4916 2108 4968 ἵνα

451 4991 628 5062 μάθῃς
679 4991 777 5062 τὴν
825 4993 1025 5063 πολλὴν
1071 4994 1314 5063 ὑπακοὴν
1353 4995 1460 5045 τῶν
1509 4993 1805 5062 στοιχείων,
1861 4994 1953 5045 καὶ
2009 4994 2106 5064 τὴν

450 5070 890 5140 ὑπερϐάλλουσαν
940 5072 1166 5142 δύναμιν
1222 5071 1316 5124 τοῦ
1365 5071 1730 5142 δημιουργοῦ,
1784 5071 1949 5139 φησί·
1998 5073 2105 5124 Καὶ

449 5149 684 5215 ἐγένετο
714 5150 918 5216 οὕτως.
958 5146 1092 5204 Εἶπε
1130 5150 1308 5220 μόνον,
1348 5150 1438 5203 καὶ
1468 5150 1527 5202 τὸ
1562 5151 1721 5219 ἔργον
1751 5149 2102 5220 ἠκολούθησε.

451 5226 558 5280 Καὶ
592 5227 860 5294 ἐποίησε,
887 5230 1070 5297 φησὶν,
1099 5233 1132 5281 ό
1166 5229 1308 5294 Θεὸς
1342 5228 1404 5280 τὸ
1433 5227 1754 5295 στερέωμα.
1786 5229 1881 5281 καὶ
1910 5229 2107 5296 διεχώ-

444 5320 620 5371 ρνσεν
655 5307 688 5357 ό
717 5305 862 5369 Θεὸς
898 5306 1203 5374 ἀναμέσων
1231 5305 1337 5359 τοῦ
1375 5304 1612 5370 ὕδατος,
1645 5305 1676 5357 ὃ
1710 5300 1788 5374 ἦν
1829 5308 2106 5361 ὑποκάτω

451 5379 556 5435 τοῦ
603 5385 1038 5454 στερεώματως,
1084 5387 1181 5439 καί
1214 5383 1522 5453 ἀναμέσων
1572 5384 1676 5437 τοῦ
1733 5385 1947 5453 ὕδατος
2001 5388 2107 5442 τοῦ

409 5509 414 5515 .
450 5459 649 5513 ἐπάνω
679 5462 786 5516 τοῦ
831 5464 1252 5532 στερεώματως.
1296 5463 1806 5531 Γενομένου,,φησὶ,
1851 5464 1944 5516 τοῦ
1984 5481 2104 5517 στε-

456 5538 754 5607 ρεώματος,
779 5541 846 5594 τά
882 5542 982 5610 μὲν
1009 5540 1117 5595 τῶν
1146 5540 1352 5594 ὑδάτων
1383 5539 1717 5610 προσέταξεν
1744 5541 1845 5594 ὑπὸ
1874 5541 1987 5614 [25]
2012 5542 2106 5596 τοῦ

517 5642 544 5670 ⁸
567 5642 664 5688 Sex
687 5655 803 5691 mss.
828 5647 880 5690 et
903 5643 1052 5692 Savil.
1078 5651 1161 5701 τῆς
1184 5641 1404 5691 ἐντεῦθεν.
1433 5640 1604 5690 Morel.
1631 5634 1714 5699 τῆς
1739 5643 1926 5693 ἐκεῖθεν.
1954 5645 2107 5694 Paulo

453 5707 564 5763 pm!
573 5701 768 5751 Coislin.
781 5704 1093 5766 τάπροίγματα
1104 5703 1569 5766 διαχειριζώμεθαδε
1577 5705 1637 5752 vi]
1648 5707 2085 5767 ,μεταχειριζώμεθα

514 5761 542 5802 1»
569 5764 647 5827 ιω
664 5765 1049 5827 _rec_teSavll._el
1070 5766 1194 5827 Reg.
1219 5766 1271 5812 In
1291 5765 1597 5827 Morelhbmcl
1626 5769 1866 5827 ρει-ηιξκιε
1887 5766 2040 5816 fuere.

411 5879 419 5886 _
517 5827 542 5886 «ί
565 5823 711 5886 ερνὶι.
738 5825 937 5886 ἐγένετο.
964 5825 1087 5875 Octo
1109 5823 1223 5878 m'ss.
1245 5825 1423 5886 γέγονε.
1452 5823 1722 5884 Morel-iv-

519 5881 546 5922 δ
576 5884 708 5934 Unus
725 5881 1042 5944 παραγίνεται.

2221 463 2598 535 στερεώματος
2627 467 2889 538 φέρεσθαι
2928 479 2974 529 ⁸,
3021 473 3087 523 τά
3133 471 3188 525 δὲ
3225 472 3363 542 ὑπὲρ
3394 473 3502 524 τῶν
3532 473 3715 526 νώτων
3749 470 3893 527 εἶναι

2219 540 2313 592 τοῦ
2360 542 2756 614 στερεώματος.
2797 547 2957 600 Ἀλλά
2985 549 3036 600 τί
3079 549 3144 601 ἀν
3179 566 3262 613 τις
3292 540 3434 603 εἴποι
3466 551 3625 604 τοῦτο
3656 547 3795 604 εἶναι
3828 552 3894 604 τὸ

2219 628 2748 714 στερέωμάῙ-’Ϊδωρ
2785 636 3051 706 πεπηγὸς,
3079 637 3194 690 ἀλλ’
3229 639 3366 708 ἀέρα
3403 639 3524 692 τινὰ
3551 658 3898 714 συνεστραμσ

2221 707 2401 784 μνον,
2442 710 2557 762 ἀλλ’
2589 712 2780 784 ἑτέραν
2807 715 2928 767 τινὰ
2955 715 3175 779 οὐσίαν;
3203 707 3317 769 Ούκ
3353 718 3418 771 ἀν
3454 736 3537 782 τις
3561 707 3892 782 ἀπλῶέτῶν

2217 782 2280 839 εὗ
2313 787 2650 858 φραηύντων
2683 782 3096 862 διισχυρίσαιτο.
3135 794 3296 848 Ἀλλά
3323 798 3588 866 προσήκει
3620 798 3790 868 πολλῇ
3819 803 3889 867 τῇ

2218 875 2604 948 εὐγνωμοσύνῃ
2649 879 3018 950 ηρημένους
3049 880 3298 951 δέχεσθαι
3343 883 3413 936 τά
3457 883 3749 954 λεγόμενα,
3792 888 3892 938 καὶ

2219 964 2296 1032 μὴ
2334 965 2641 1037 περαιτέρω
2675 969 2778 1036 τῆς
2815 968 3021 1033 clads;
3068 969 3283 1037 φύσεως
3338 971 3768 1043 ὑπερϐαίνοντας
3808 973 3893 1025 δι-

2217 1043 2538 1110 ερευνᾶσθαι
2581 1045 2648 1098 τά
2692 1045 2832 1115 ὑπὲρ
2875 1047 3058 1116 ἡμᾶς,
3096 1048 3232 1104 ἀλλὰ
3273 1049 3432 1102 τοῦτο
3478 1052 3638 1120 μόνον
3685 1053 3892 1104 εἰδέναι

2216 1120 2310 1200 καὶ
2360 1122 2610 1200 κατέχειν
2647 1123 2776 1192 παρ’
2809 1124 3057 1189 ἑαυτοῖς,
3105 1127 3186 1180 ὄτι
3232 1127 3312 1198 τῷ
3365 1129 3748 1200 προστάγματι
3790 1130 3892 1182 τοῦ

2215 1197 2483 1279 ᾼεσπότου
2534 1201 2789 1279 παρήχθη
2843 1203 2902 1255 τὸ
2951 1204 3239 1274 στερέωμα
3284 1197 3380 1258 τὸν
3413 1197 3714 1279 *χωρισμὸν
3775 1207 3891 1260 τῶν

2215 1276 2422 1356 ὑδάτων
2456 1278 2836 1349 ἐργαζόμενον,
2879 1284 2973 1334 καὶ
3003 1284 3071 1336 τά
3115 1285 3214 1354 μὲν
3258 1285 3409 1338 κάτω
3437 1276 3690 1356 κατέχον,
3721 1286 3793 1340 τὰ
3830 1287 3892 1339 δὲ

2214 1354 2328 1408 ἀνω
2359 1357 2614 1436 μετέωρα
2636 1359 2778 1430 ὑπὲρ
2806 1359 2914 1413 τῶν
2949 1363 3168 1416 οἰκείων
3209 1364 3394 1417 νώτων
3423 1354 3609 1435 φέρειν
3644 1365 3891 1436 δυνάμε-

2215 1450 2324 1486 νον.
2354 1436 2464 1489 Καί
2512 1435 2788 1500 ἐκάλεσε,
2833 1441 3018 1510 φησὶν,
3067 1444 3099 1494 ό
3141 1442 3284 1507 Θεὸς
3325 1443 3394 1496 τὸ
3433 1445 3737 1513 στερέωμα

2207 1512 2418 1594 ρανό-ν.
2443 1513 2581 1594 ’ζορα
2613 1514 2729 1578 πῶς
2761 1519 2826 1587 τῇ
2854 1519 2989 1589 αὑτῇ
3023 1520 3314 1594 ἀκολουθία
3351 1523 3445 1574 καὶ
3477 1521 3574 1575 νῦν
3613 1512 3894 1594 ἐχρήσατο
3939 1547 3943 1549 ·

2215 1592 2250 1660 ή
2287 1589 2408 1670 θεία
2448 1591 2657 1670 Γραφή.
2702 1595 2967 1667 Καθάπερ
3002 1593 3121 1650 εἷπε
3154 1589 3310 1668 χθὲς,
3358 1589 3692 1668 Γενηθήτω
3731 1589 3893 1670 έρῶς,

2215 1668 2311 1721 καὶ
2359 1669 2496 1747 μετά
2526 1671 2586 1722 τὸ
2626 1673 2989 1743 παραχθῆναι,
3041 1675 3161 1728 τότε
3201 1677 3502 1747 ἐπήγαγεν,
3533 1668 3895 1732 Ἕστωήδια-

2215 1744 2459 1814 χωρίζων
2484 1747 2790 1816 ἀναμέσων
2819 1751 2924 1804 τοῦ
2958 1754 3172 1821 φωτὸς,
3201 1744 3304 1806 καί
3322 1755 3592 1825 ἀναμέσον
3624 1756 3720 1808 τοῦ
3759 1757 3894 1811 σκό-

2214 1841 2358 1888 τους,
2405 1827 2498 1878 καὶ
2537 1827 2712 1891 οὕτως
2750 1828 2811 1881 τὸ
2849 1829 2964 1898 φῶς
3009 1831 3224 1902 ἡμέραν
3271 1833 3565 1888 ἐκάλεσεν·
3599 1834 3746 1888 οὕτω
3790 1837 3894 1888 καὶ

2216 1903 2453 1980 σήμερον
2510 1902 2628 1980 εἰπε
2650 1921 2665 1936 ο
2713 1907 3032 1973 Γενηθήτω
3083 1909 3388 1980 στερέωμα
3440 1913 3510 1965 έν
3556 1912 3728 1980 μέσῳ
3775 1914 3892 1967 τοῦ

2214 1979 2450 2048 ὕδατος.
2483 1978 2614 2035 Εἶτα
2661 1983 2913 2054 καθάπερ
2962 1987 3056 2039 ἐπὶ
3081 1988 3198 2041 ’τοῦ
3238 1978 3432 2058 φωτὸς,
3479 1978 3623 2043 οὕτω
3655 1992 3752 2044 καὶ
3799 1993 3892 2045 ἐν-

2213 2067 2388 2148 ταῦθα
2439 2067 2672 2148 ἐδίδαξεν
2716 2073 2865 2148 ήμᾶς
2908 2072 3007 2142 τὴν
3067 2074 3253 2144 χρείαν
3308 2076 3403 2128 τοῦ
3461 2078 3888 2148 στερεώματος,

2217 2143 2398 2198 ⁴¹Ὠστε
2457 2146 2838 2215 ὄιαχωρίζειν,
2881 2143 3426 2221 φησίνξνὰναμέσων
3494 2143 3716 2221 ὕδατός
3783 2158 3892 2210 καί

2214 2223 2452 2304 ὒδατως.
2487 2229 2596 2280 Καὶ
2623 2229 2712 2280 ὅτε
2753 2229 2915 2282 αὑτοῦ
2958 2232 3056 2302 τὴν
3095 2231 3283 2301 χρείαν
3313 2233 3550 2304 φανεράν
3578 2237 3713 2304 ἡμῖν
3747 2253 3890 2288 κατ-

2215 2301 2428 2373 έστησε,
2453 2305 2573 2357 τότε
2605 2306 2855 2376 καθάπερ
2882 2308 2961 2377 τῷ
2990 2301 3127 2376 φωτί
3159 2311 3257 2380 τὴν
3285 2301 3578 2383 ὀνομασίαν
3600 2301 3890 2384 προσέθη-

2215 2397 2328 2444 κεν,
2359 2382 2502 2436 οὕτω
2535 2385 2626 2437 καὶ
2656 2384 2734 2455 τῷ
2772 2385 3109 2456 στερεώματι
3140 2389 3240 2458 τὴν
3281 2382 3657 2461 προσηγορίαν
3686 2382 3892 2462 ἐπέθη-

2215 2476 2329 2514 κεν.
2361 2462 2472 2515 Καὶ
2500 2463 2772 2527 ἐκάλεσε,
2806 2467 2960 2534 φησὶ,
2987 2467 3055 2520 τὸ
3084 2467 3387 2536 στερέωμα
3414 2468 3697 2536 οὐρανὸν,
3723 2470 3893 2524 τοῦτο

2213 2538 2276 2592 τὸ
2315 2539 2610 2612 ὁρώμενον.
2660 2543 2770 2594 Καὶ
2815 2543 2964 2606 πῶς,
3007 2547 3174 2614 φησί,
3210 2550 3353 2609 τινες
3385 2547 3666 2616 βούλονται
3700 2548 3890 2615 λέγειν

2215 2617 2443 2682 πολλοὺς
2495 2621 2755 2690 οὐρανοὺς
2811 2621 3177 2693 γεγενῆσθαις
3230 2625 3344 2678 Οὑκ
3400 2625 3509 2679 ἀπὸ
3565 2626 3669 2694 τῆς
3727 2626 3889 2689 θείας

2215 2697 2436 2768 Γραφῆς
2476 2699 2644 2752 ταῦτα
2678 2699 3069 2771 διδασκόμενοι,
3106 2702 3223 2755 ἀλλ’
3255 2702 3313 2767 ἐξ
3343 2705 3560 2756 οἰκείων
3602 2703 3890 2772 λογισμῶν

2213 2775 2541 2846 ὁρμώμενοι.
2596 2779 2654 2830 Ὀ
2707 2779 2812 2850 γὰρ
2857 2780 3126 2851 μακάριος
3175 2783 3416 2852 Μωῦσῆς
3471 2782 3623 2836 οῦδὲν
3675 2783 3891 2836 τούτων

2215 2855 2375 2906 πλέον
2411 2857 2556 2925 ἡμᾶς
2594 2856 2858 2910 διδάσκει·
2894 2859 3065 2912 εἰπὼν
3097 2859 3227 2931 γάρ,
3264 2861 3359 2913 Ἐν
3389 2861 3547 2930 ἀρχῇ
3587 2862 3892 2928 ἐποίησεν

2215 2933 2425 3011 ωΘεὸς
2465 2935 2568 2986 τὸν
2611 2935 2873 3002 οὐρανὸν
2911 2937 3010 2990 καὶ
3056 2937 3170 3005 τὴν
3208 2937 3356 3008 τῆνο
3397 2936 3516 2992 εἶτα
3548 2940 3647 3011 τὴν
3702 2943 3890 2994 αἰτίαν

2214 3010 2430 3075 διδάξας
2467 3011 2534 3065 δι’
2563 3014 2629 3084 ἢν
2667 3015 2898 3083 ἀόρατος
2938 3016 3234 3086 ἐτύγχανεν
3270 3020 3303 3087 ή
3345 3017 3440 3088 γῆ,
3477 3010 3712 3072 ὑπδτοῦ
3758 3022 3890 3073 σκό-

2212 3105 2339 3170 τους
2367 3092 2598 3170 καὶτῶν
2629 3094 2837 3149 ὑδάτων
2873 3097 2975 3164 τῆς
3012 3097 3250 3150 ἀϐύσσου
3291 3099 3702 3170 καλυπτομένη,
3744 3102 3891 3169 μετά

2211 3169 2315 3250 ﬂ]?
2355 3169 2456 3250 103
2489 3173 2663 3241 φωτδς
2702 3174 3064 3246 δημιουργίαν
3108 3177 3259 3242 τάξει
3306 3179 3414 3230 τινὶ
3447 3169 3548 3231 καί
3577 3180 3890 3250 ἀκολουθία

2212 3247 2490 3318 χρώμενός
2536 3267 2693 3320 φησι·
2740 3252 2850 3306 Καί
2891 3250 3058 3307 εἶπεν
3093 3257 3126 3308 ό
3161 3253 3332 3320 Θεὸς,
3375 3256 3697 3325 Γενηθήτω
3746 3247 3892 3310 στεξ

2204 3326 2423 3396 ρέωμα.
2449 3325 2578 3382 Εἶτα
2600 3330 2697 3400 τὴν
2727 3331 2912 3402 χρείαν
2941 3334 3104 3386 αὑτοῦ
3136 3333 3323 3387 τούτου
3355 3335 3449 3388 τοῦ
3495 3338 3891 3409 στερεώματος

2216 3406 2353 3485 μετά
2383 3408 2664 3485 ἀκριϐείας
2687 3410 2924 3474 διδάξας,
2954 3413 3045 3464 καὶ
3086 3412 3276 3475 εἰπὼν,
3301 3415 3480 3468 Ὥστε
3508 3406 3891 3485 διαχωρίζειν

2212 3483 2520 3552 ἀναμέσων
2575 3487 2790 3552 ὕδατος
2835 3491 2932 3542 καί
2987 3491 3235 3556 ὕδατος,
3281 3489 3412 3545 αύτδ
3456 3494 3616 3546 τοῦτο
3652 3483 3713 3547 τδ
3757 3514 3888 3549 στε-

2217 3561 2403 3632 ρέωμα
2428 3565 2652 3634 οὐρανὸν
2681 3567 2904 3619 ἐκάλεσε
2937 3568 2997 3620 τὸ
3026 3569 3133 3621 τῶν
3167 3570 3371 3624 ὑδάτων
3406 3573 3685 3642 χωρισμὸν
3715 3574 3891 3644 ἐργα-

2215 3644 2467 3713 σάμενον.
2497 3647 2591 3710 Τίς
2617 3647 2681 3700 ἂν
2713 3645 2804 3701 οὗν
2827 3649 3009 3701 λοιπὸν
3047 3651 3183 3720 μετά
3213 3651 3310 3721 τὴν
3336 3652 3606 3722 τοσαύτην
3633 3655 3892 3708 διδασκαο

2216 3722 2336 3802 λίαν
2371 3725 2660 3802 ἀνάσχοιτο
2691 3727 2798 3780 τῶν
2851 3728 3036 3792 ἁπλῶς
3069 3729 3129 3792 ἐξ
3167 3729 3374 3792 οἰκείας
3417 3730 3658 3795 διανοίας
3708 3734 3888 3802 φθέγ-

2209 3799 2407 3883 γεσθαι
2469 3801 2825 3883 βουλομένων,
2880 3807 2974 3859 καὶ
3006 3807 3335 3871 άπεναντίας
3385 3811 3450 3879 τῇ
3504 3809 3626 3878 θεία
3683 3799 3885 3883 Γραφῇ

2213 3876 2439 3941 πολλοὺς
2489 3881 2745 3950 οὐρανοὺς
2802 3882 2979 3950 λέγειν
3029 3876 3484 3956 ἐπιχειρούντων;
3545 3876 3688 3941 Ἀλλ’
3727 3876 3885 3953 ἰδόῷ

2213 3959 2395 4026 φησὶν,
2485 3958 2746 4039 μακάριος
2772 3961 2932 4013 Δαυῒδ
2960 3957 3106 4015 αἶνον
3135 3965 3423 4033 ἀναφέρων
3459 3965 3538 4034 τῷ
3578 3967 3699 4036 Θεῷ
3739 3969 3885 4039 ἔφη-

2214 4035 2608 4118 σενορΑΑίνεῖτε
2649 4039 2833 4118 αὑτὸν
2877 4043 2931 4094 ωἰ
2975 4043 3217 4109 ωὐρανωί
3260 4041 3383 4095 τῶν
3434 4035 3728 4111 οὐρανῶν.
3785 4035 3884 4118 Μὴ

2211 4112 2536 4198 θορυϐηθῇς,
2577 4116 2846 4198 ἀγαπητὲ.
2885 4118 3018 4198 μηδὲ
3058 4121 3287 4198 νομίσῃς
3317 4121 3417 4192 τὴν
3453 4123 3620 4189 ἀγίαν
3653 4112 3886 4198 Γραφὴν

2209 4192 2426 4272 ἐναντία
2455 4195 2620 4263 ἑαυτῇ
2653 4194 2833 4262 λέγειν
2867 4197 3023 4248 ποτέ·
3054 4197 3190 4251 ἀλλά
3219 4199 3454 4267 μάνθανε
3482 4202 3586 4270 τήν
3613 4192 3886 4272 ἀλήθειαν

2210 4270 2315 4323 τῶν
2354 4272 2678 4342 εἰρημένων,
2709 4273 2801 4326 καὶ
2841 4274 3085 4343 κατέχων
3115 4276 3213 4347 τὴν
3247 4279 3452 4348 ἀκριϐῆ
3491 4270 3882 4351 ταύτης-διδα-

2212 4357 2432 4410 σκαλίαν
2460 4359 2479 4397 τ
2491 4398 2506 4420 ,
2533 4359 2846 4430 ἀπόφραξον
2873 4361 2973 4425 τάς
3003 4362 3171 4426 ἀκοάς
3199 4367 3312 4428 τοῖς
3333 4367 3664 4431 ἀπεναντίας
3698 4369 3882 4442 ταύτῃ

2211 4445 2622 4515 φθεγγομένοις.

2280 4533 2320 4585 δ’
2330 4575 2343 4588 .
2365 4535 2428 4587 Τί
2449 4534 2505 4588 δέ
2535 4538 2701 4599 ἐστιν,
2729 4536 2756 4588 ὃ
2790 4535 3047 4606 βούλομαι
3082 4538 3273 4604 εἰπεῖν,
3302 4541 3569 4595 ἀκούσατε
3592 4544 3736 4612 μετά
3751 4547 3882 4598 πολ-

2209 4616 2305 4686 λῆς
2335 4615 2433 4684 τῆς
2462 4619 2749 4689 προσοχῆς,
2777 4619 2862 4670 ἵνα
2895 4619 2969 4689 μὴ
3010 4620 3242 4683 εὐκόλως
3278 4625 3735 4697 παρασαλεύησθε
3771 4631 3882 4683 ὑπὸ

2207 4704 2314 4756 τῶν
2343 4705 2409 4758 τὰ
2441 4707 2818 4776 παριστάμενα
2851 4707 3025 4773 λέγειν
3050 4708 3406 4778 βουλομένων.
3438 4713 3616 4766 Πᾶσαι
3646 4717 3698 4767 αξ
3732 4715 3882 4770 θεῖαι

2211 4784 2379 4866 βίϐλοι
2404 4785 2520 4866 Δτῆς
2551 4785 2789 4848 Παλαιᾶς
2814 4787 3082 4866 ᾼιαθήκης
3114 4789 3178 4856 τῇ
3217 4788 3479 4858 Ἐϐραίων
3504 4793 3721 4865 γλώττῃ
3756 4795 3880 4866 [261

2209 4863 2268 4929 ἑξ
2293 4863 2466 4944 ἀρχῆς
2492 4859 2631 4944 ἦσαν
2661 4864 3203 4944 συντεθειμέναι,μκαὶ
3229 4867 3387 4920 τοῦτο
3420 4870 3620 4934 πάντες
3645 4859 3721 4924 ἄν’
3741 4859 3881 4944 ἧμῖᾴ

2210 4942 2713 5022 συνομολογήσαιεν.
2739 4943 2812 5022 (ξύ
2849 4941 3191 5022 πρδΔπολλῶν
3225 4943 3282 4997 δὲ
3321 4946 3459 4999 ἐτῶν
3485 4949 3586 5017 τῆς
3619 4951 3716 5002 τοῦ
3747 4941 3884 5022 Χρι-

2210 5020 2345 5072 στοῦ
2395 5020 2692 5089 παρουσίας
2759 5019 3010 5102 βασιλεύς
3039 5037 3140 5102 ’τις
3204 5023 3538 5093 Πτολεμαῖος
3591 5030 3726 5098 περὶ
3775 5019 3882 5102 τὴν

2205 5100 2314 5153 τῶν
2356 5098 2572 5168 βιϐλίων
2613 5096 2930 5179 συναγωγὴν
2969 5096 3165 5168 πολλήν
3204 5117 3326 5179 τινα
3368 5103 3604 5172 σπουδὴν
3636 5096 3882 5179 ποιησά-

2212 5195 2389 5246 μενος,
2437 5179 2528 5229 καὶ
2564 5176 2730 5229 πολλὰ
2761 5176 3275 5255 ἕτεραμσυναγαγὼν
3307 5180 3402 5232 καὶ
3435 5179 3695 5254 διάφορα,
3733 5176 3884 5255 ἔγνω

2205 5259 2314 5310 δεῖν
2346 5256 2455 5336 καὶ.
2477 5255 2677 5317 ταύτας
2718 5254 2812 5336 τάς
2852 5252 3064 5336 βίϐλους
3108 5259 3451 5336 συναγαγεῖν.
3486 5252 3878 5336 Μεταπεμᾴιά-

2211 5352 2369 5406 μενος
2399 5330 2491 5388 οὖν
2527 5351 2675 5396 τινας
2711 5332 2815 5384 τῶν
2850 5334 2906 5383 ἐν
2947 5332 3338 5405 Ἱεροσολύμοις
3371 5337 3662 5409 Ἰουδαίων,
3707 5330 3884 5415 μετα-

2208 5415 2390 5468 ϐαλεῖν
2430 5415 2508 5477 είς
2556 5413 2654 5483 τὴν
2689 5412 2910 5501 Ἑλλάδα
2952 5413 3194 5501 γλῶτταν
3237 5417 3540 5501 προσέταξε
3570 5423 3626 5461 ⁸⁸
3676 5412 3774 5478 καὶ
3813 5430 3881 5501 δὴ

2207 5496 2363 5550 τοῦτο
2410 5497 2489 5558 εἰς
2541 5495 2700 5563 ἔργον
2756 5493 2900 5562 αύτῷ
2952 5493 3316 5564 ἐξενήνεκται.
3359 5497 3611 5566 Ἐγένετο
3666 5504 3727 5558 δὲ
3781 5493 3880 5562 καί

2207 5576 2362 5631 τοῦτο
2401 5576 2500 5642 τῆς
2539 5573 2630 5626 τοῦ
2659 5571 2793 5625 Θεοῦ
2835 5573 3142 5643 οἰκονομίας
3177 5573 3357 5644 ἔργον,
3386 5576 3530 5631 ὥστε
3584 5582 3662 5654 μὴ
3710 5586 3880 5654 μόνον

2273 5691 2296 5746 ε
2320 5679 2518 5746 ξερίεπι
2544 5690 2655 5746 mss.
2685 5683 2734 5746 εἰ
2759 5677 3001 5746 δενὶιὺπὸ
3021 5679 3078 5746 τὸ
3101 5681 3348 5746 στερέωμα
3375 5684 3620 5746 φέρεσθαι.

2277 5738 2512 5803 τεοὶβιίη.
2559 5740 2644 5803 τὴν
2683 5740 2918 5803 ἀκρίϐειαν
2956 5741 3126 5797 ταύτης
3166 5738 3616 5803 τῆςκδιδοίσκαλίας.
3661 5748 3794 5800 Infra
3818 5757 3879 5803 τὰ

2213 5802 2551 5864 παριστάμενα,
2568 5799 2809 5864 Quidquid
2830 5799 2879 5849 in
2897 5807 3097 5850 mentem
3115 5801 3307 5852 venerit.
3327 5805 3430 5853 Hoc
3449 5821 3548 5856 non
3571 5799 3872 5863 étiaméiilii:

2185 5895 2189 5900 -
2281 5863 2306 5904 ε
2329 5862 2582 5914 Βίεειινὶι.
2609 5862 2771 5923 recte;
2813 5865 2861 5911 in
2887 5865 2995 5912 edn,
3027 5863 3191 5913 Monu’.
3221 5864 3391 5917 aberat
3419 5872 3702 5930 προσέταξε.
3733 5862 3870 5924 Et)er
