4040 6378
482 364 552 419 43
1325 367 1381 421 S.
1412 365 1688 420 JOANNIS
1729 362 2201 419 CllRYSOSTOMl
2243 362 2555 418 ARCi‘IlEP.
2599 362 3129 420 CONSTANTINOP.
3698 372 3766 425 46

485 479 685 533 litatcm
720 481 1072 548 perciperent.
1115 478 1374 548 Quodque
1414 478 1724 531 admirabile
1750 494 1811 530 ac
1848 487 2059 545 stupen-

481 571 608 625 dum
651 577 749 633 est,
783 572 872 640 qui
920 571 1048 625 illud
1088 572 1217 639 egit,
1268 585 1371 623 non
1407 569 1711 623 Juda-ornm
1759 569 2066 637 religionem

481 660 805 726 sectabatur,
838 659 931 715 sed
960 660 1220 714 idolorum
1259 661 1421 715 cultui
1448 660 1657 713 deditus
1687 668 1823 723 erat,
1854 668 1907 713 et
1940 660 2068 728 ipsis

480 752 746 806 contraria
773 753 1056 806 sentiebat.
1090 754 1203 808 lloc
1221 755 1362 807 enim
1388 754 1548 807 modo
1582 770 1641 806 se
1668 753 1865 807 habent
1891 755 2069 808 omnia
2098 790 2101 797 λ

481 859 599 911 quia:
620 857 651 899 a
684 843 909 899 Domino
937 856 1123 898 nostro
1163 845 1564 914 dispensantur,
1600 855 1657 899 ιιι
1692 861 1785 914 per
1813 846 2069 898 adversa-

480 942 590 991 rios
619 951 833 1006 semper
859 949 1104 991 crescant
1136 938 1375 992 veritatis
1401 948 1688 1006 przccepta.
1732 938 1856 991 lla'e
1891 949 2066 992 autem

479 1044 586 1083 non
616 1038 817 1084 temere
847 1042 1041 1084 vestrae
1082 1030 1289 1083 caritati
1321 1030 1672 1093 narraverim,
1717 1030 1809 1083 sed
1847 1038 1902 1082 ut
1931 1031 2070 1083 scire

481 1119 718 1187 possitis,
768 1133 875 1173 non
909 1120 1009 1173 hac
1056 1120 1255 1189 lingua,
1303 1130 1509 1183 nostra,
1555 1119 1788 1188 inquam,
1841 1120 1933 1172 sed
1966 1120 2069 1172 lle-

479 1209 683 1274 braica,
704 1210 869 1267 fuisse
895 1208 993 1264 hes
1014 1211 1177 1264 libros
1200 1212 1547 1278 compositos.
1574 1210 1763 1264 Dicunt
1790 1211 1951 1279 igitur
1980 1210 2067 1279 qui

481 1300 674 1368 lingua
700 1301 819 1368 ejus
857 1302 1097 1369 apprime
1126 1302 1275 1370 gnari
1307 1310 1449 1365 sunt,
1489 1301 1605 1353 caeli
1647 1316 1843 1355 nomen
1878 1302 2067 1369 plurali

481 1407 706 1446 numero
749 1392 816 1445 ab
857 1392 1093 1446 Ilebrtcis
1123 1392 1324 1457 vocari,
1356 1390 1498 1459 quod
1538 1392 1862 1447 confitentur
1904 1393 2068 1446 etiam

479 1483 566 1550 qui
600 1483 857 1553 Syrorum
888 1483 1119 1552 linguam
1142 1483 1337 1537 sciunt.
1364 1483 1432 1536 Et
1463 1498 1620 1536 nemo
1647 1498 1709 1537 ea
1736 1484 1911 1552 lingua
1938 1483 2070 1537 dicit

478 1571 689 1639 είυιιιηι,
718 1574 809 1627 sed
833 1576 968 1629 cadi.
999 1575 1173 1642 Atque
1201 1574 1399 1627 idcirco
1429 1575 1507 1628 sic
1526 1574 1725 1627 dictum
1759 1583 1842 1629 est
1865 1590 1893 1627 a
1917 1575 2072 1630 beato

483 1665 700 1731 Davide,
744 1663 867 1721 Catii
903 1666 1182 1720 calorum:
1210 1683 1315 1719 non
1362 1666 1505 1734 quod
1550 1666 1695 1719 multi
1751 1667 1860 1720 sint
1902 1667 2065 1722 caeli:

480 1773 585 1811 non
613 1757 756 1810 enim
791 1758 892 1811 hoc
922 1772 1022 1811 nos
1042 1757 1221 1810 docuit
1249 1757 1435 1810 beatus
1454 1756 1662 1816 Moses;
1693 1757 1786 1810 sed
1810 1757 1930 1825 quia
1954 1771 2072 1810 mos

478 1858 559 1905 est
602 1849 792 1917 lingua:
822 1848 1095 1902 ilebraicm
1124 1864 1282 1901 unam
1316 1863 1429 1901 rem
1459 1850 1735 1902 nominare
1762 1848 1949 1917 plurali
1978 1865 2072 1902 nu-

479 1954 628 1993 mero
654 1938 730 2009 (α)
762 1956 774 1991 :
809 1938 928 2007 quia
960 1938 1006 1992 si
1045 1938 1197 1994 multi
1224 1946 1424 2003 essent,
1459 1954 1564 1991 non
1596 1938 1868 1991 omisisset
1893 1938 2064 2007 Spiri-

482 2038 568 2087 tus
607 2040 825 2085 sanctus
852 2046 948 2101 per
987 2031 1217 2100 linguam
1262 2030 1398 2083 beati
1451 2030 1673 2096 hujusce
1700 2029 1976 2099 prophetae
2014 2037 2073 2084 et

479 2123 701 2175 aliorum
734 2121 1102 2177 formationem
1143 2137 1240 2175 nos
1270 2122 1483 2175 docere.
1531 2121 1654 2175 llmc
1675 2121 1957 2189 diligenter
1982 2137 2074 2175 re-

482 2213 668 2279 tinete,
702 2212 947 2279 obsecro,
985 2223 1040 2265 ut
1070 2212 1284 2281 possitis
1328 2212 1609 2264 obstruere
1638 2226 1731 2264 ora
1769 2225 1955 2266 eorum
1981 2211 2074 2281 qui

479 2304 749 2358 contraria
778 2304 1155 2358 ecclesiasticis
1195 2303 1452 2357 doctrinis
1494 2302 1745 2366 afferunt,
1778 2310 1832 2357 et
1870 2302 1923 2355 in
1959 2311 2076 2356 tuto

494 2395 704 2448 'ideatis
731 2396 978 2449 virtutem
1023 2410 1207 2448 eorum
1236 2410 1354 2463 qua:
1404 2394 1455 2447 in
1488 2393 1763 2462 Scriptura
1791 2392 2076 2449 continen-

480 2502 586 2541 tur.
619 2486 751 2541 Nam
795 2487 993 2541 idcirco
1036 2487 1350 2555 frequenter
1381 2487 1467 2541 hic
1514 2485 1832 2550 convenitis,
1881 2494 1936 2540 et
1973 2500 2075 2545 nos

482 2578 782 2632 uberiorem
808 2578 1108 2633 doctrinam
1136 2579 1615 2641 communicamus,
1641 2588 1696 2631 ut
1728 2579 1894 2647 parati
1957 2580 2074 2634 sitis

482 2670 627 2725 omni
651 2672 889 2740 poscenti
923 2686 1017 2727 vos
1046 2672 1310 2726 rati0nem
1343 2669 1571 2726 reddere
1602 2670 1677 2740 (1.
1714 2669 1830 2724 Pet.
1864 2671 1917 2725 ’5.
1958 2671 2071 2739 15).

481 2763 587 2818 Sed
613 2763 678 2818 ad
700 2764 1086 2833 consequentia
1113 2762 1419 2831 redeamus,
1452 2762 1495 2816 si
1526 2761 1717 2830 placet.
1755 2761 1811 2816 8.
1840 2761 1905 2817 Et
1934 2778 2075 2816 voca-

480 2857 568 2917 vit,
610 2857 723 2920 ait,
772 2852 914 2907 Deus
963 2854 1337 2923 ﬁrnmmentum
1385 2852 1588 2909 cwlum.
1626 2850 1695 2905 Et
1742 2852 1867 2905 vidit
1907 2850 2071 2917 Deus,

479 2946 616 3016 quod
640 2956 763 3000 esset
792 2949 997 2999 bonum.
1029 2945 1263 2999 Attende
1281 2954 1539 3013 quantum
1569 2943 1650 2999 his
1678 2944 1855 2999 verbis
1885 2944 2076 2999 huma-

481 3055 566 3093 na:
592 3054 651 3093 se
671 3047 991 3106 attempcret
1012 3037 1326 3091 infirmitati.
1349 3036 1483 3093 Nam
1513 3039 1651 3093 sicut
1675 3036 1741 3090 de
1768 3037 1887 3090 lucc
1908 3037 2069 3092 dixit:

494 3128 630 3184 Vidit
659 3131 794 3201 quod
820 3139 949 3183 esset
974 3128 1106 3183 bona
1135 3144 1154 3181 :
1181 3130 1248 3182 ita
1289 3138 1344 3183 ct
1373 3145 1514 3184 nunc
1542 3128 1610 3184 de
1634 3129 1767 3185 cudo
1789 3129 1941 3196 dicit,
1971 3129 2073 3186 hoc

480 3231 584 3288 est,
613 3221 681 3279 de
704 3221 1037 3275 firmamento
1066 3238 1079 3273 :
1112 3220 1178 3275 Et
1205 3222 1349 3284 vidit,
1384 3222 1576 3290 inquit,
1608 3222 1764 3287 Deus,
1783 3224 1920 3293 quod
1948 3234 2073 3279 esset

480 3316 663 3369 bonum
686 3331 705 3368 :
727 3314 926 3369 docens
945 3329 1044 3367 nos
1077 3330 1169 3382 per
1196 3314 1336 3369 istud
1367 3315 1681 3369 immensam
1716 3316 2073 3384 pulchritudi-

482 3420 603 3459 nem
632 3405 767 3475 ejus.
800 3404 931 3471 Quis
958 3405 1101 3458 eniin
1136 3420 1241 3458 non
1269 3405 1675 3473 obstupesceret
1708 3417 1870 3474 atque
1898 3408 2074 3463 admi-

481 3506 690 3553 raretur
709 3495 851 3565 quod
886 3496 1282 3550 firmamentum
1329 3504 1478 3549 tanto
1520 3505 1763 3566 tempore
1804 3498 2072 3567 vigentem

480 3596 660 3643 servet
687 3586 1159 3656 pulchritudinem,
1201 3595 1256 3639 et
1281 3587 1422 3655 quod
1447 3597 1704 3656 quantum
1734 3590 2075 3659 progreditur

481 3688 714 3750 tempus,
744 3689 950 3734 tantum
976 3688 1235 3749 augeatur
1263 3688 1319 3732 et
1354 3678 1735 3748 pulchritudo?
1765 3682 1903 3748 Quid
1926 3683 2073 3738 enim

480 3772 776 3839 Speciosius
799 3786 885 3835 eo,
909 3771 1052 3842 quod
1079 3771 1285 3825 laudem
1313 3773 1379 3827 ab
1422 3773 1538 3841 ipso
1576 3772 1782 3842 Opifice
1827 3775 2075 3843 accepit?

479 3863 612 3919 Nam
644 3865 686 3918 si
718 3880 820 3919 nos
847 3863 1081 3919 hominis
1108 3878 1245 3933 opus
1271 3863 1517 3918 videntes
1538 3866 1865 3933 absolutum,
1895 3868 2074 3922 admi-

482 3972 663 4011 ramur
680 3959 922 4026 figuram,
945 3955 1128 4018 situm,
1152 3954 1625 4024 pulchritudinem,
1648 3960 2075 4027 prOportioncm,

481 4049 823 4118 elegantiam,
866 4048 1079 4118 aliaque
1108 4048 1288 4103 omnia
1317 4063 1330 4101 :
1361 4048 1505 4116 quod
1544 4048 1743 4103 factum
1786 4059 1871 4105 est
1904 4066 1933 4104 a
1964 4051 2074 4105 Deo

482 4142 602 4209 quis
628 4140 788 4210 digne
818 4138 1066 4204 laudarit,
1102 4139 1400 4208 praesertim
1437 4154 1558 4193 cum
1603 4139 1669 4195 ab
1703 4142 1818 4210 ipso
1848 4142 2075 4198 Domino

485 4232 695 4286 laudem
744 4230 982 4299 accepit?
1020 4230 1146 4285 llazc
1171 4230 1311 4285 enim
1343 4229 1483 4284 dicta
1527 4231 1598 4284 ita
1629 4241 1774 4298 sunt,
1818 4244 1875 4286 ut
1904 4250 1963 4289 se
1988 4247 2073 4289 at-

487 4329 812 4391 temperaret
863 4328 1062 4376 nostra:
1108 4320 1411 4390 fragilitati,
1468 4321 1782 4392 videbisque
1834 4324 1937 4380 hoc
1982 4343 2076 4396 per

485 4412 722 4482 singulas
764 4421 1036 4467 creaturas
1059 4411 1188 4479 dici,
1231 4421 1287 4466 et
1331 4413 1400 4467 ita
1444 4413 1626 4468 multis
1664 4424 1819 4469 antea
1861 4420 2076 4476 sarculis

487 4504 752 4576 profligari
788 4520 976 4560 ausum
1023 4520 1232 4571 eorum,
1277 4506 1365 4575 qui
1398 4505 1627 4575 linguam
1660 4521 1810 4562 suam
1867 4514 2074 4568 acuturi

484 4610 636 4654 erant
665 4609 849 4654 contra
879 4598 1145 4669 opificium
1176 4599 1293 4665 Dei,
1326 4607 1380 4653 et
1405 4599 1597 4655 dicturi
1624 4617 1637 4653 :
1672 4600 1848 4667 Quare
1892 4604 1993 4659 hoc
2021 4616 2075 4660 ri.

485 4694 587 4749 hoc
611 4693 802 4748 factum
831 4693 948 4749 est?
973 4691 1120 4746 Talia
1154 4692 1315 4761 igitur
1332 4691 1569 4746 dicturos
1595 4701 1720 4747 ante
1744 4698 2069 4763 comprimit,

481 4787 704 4842 dicens:
729 4783 795 4840 Et
820 4784 946 4838 vidit
978 4783 1118 4838 Deus
1141 4782 1277 4853 quod
1300 4792 1427 4837 esset
1468 4784 1673 4838 bonum.
1705 4785 1928 4851 Quando
1972 4805 2072 4843 au-

485 4889 592 4933 tem
630 4876 805 4945 audis,
837 4876 981 4932 Vidit
1008 4876 1149 4931 Deus
1187 4883 1243 4930 et
1282 4873 1537 4937 laudavit,
1579 4875 1816 4944 intellige
1843 4878 2069 4944 dictum,

486 4977 645 5038 prout
669 4968 886 5038 dignum
927 4974 1011 5022 est
1037 4966 1105 5022 de
1154 4965 1264 5021 Deo
1299 4964 1464 5033 loqui.
1498 4964 1631 5019 Nam
1674 4969 1764 5035 qui
1803 4969 2071 5036 produxit,

484 5061 646 5115 etiam
671 5059 981 5130 priusquam
1010 5056 1288 5121 formaret,
1312 5054 1515 5110 sciebat
1535 5053 1831 5112 formandae
1856 5059 1930 5115 rei
1961 5062 2074 5129 pul-

484 5151 884 5217 chritudinem;
934 5149 1027 5205 sed
1076 5148 1199 5219 quia
1250 5162 1350 5201 nos
1393 5145 1637 5203 homines
1673 5148 1843 5218 (tanta
1890 5165 2073 5208 sumus

486 5241 852 5298 imbecillitate
883 5238 1225 5308 circumdati)
1273 5238 1430 5293 aliter
1468 5237 1570 5293 hoc
1616 5238 1918 5311 intelligere
1962 5260 2070 5300 non

486 5336 777 5407 potuimus,
821 5334 942 5389 idco
987 5334 1071 5387 sic
1100 5330 1299 5387 direxit
1337 5330 1476 5385 beati
1506 5333 1784 5400 propheta;
1812 5334 2070 5405 linguam,

487 5434 544 5479 ut
584 5426 652 5480 ad
681 5425 1029 5481 erudiendum
1059 5424 1351 5478 humanum
1395 5436 1562 5493 genus
1604 5432 1745 5477 tanta
1786 5427 2073 5485 verborum

489 5528 727 5574 uteretur
753 5518 1125 5573 crassitudine.

550 5636 625 5693 (α)
657 5631 887 5695 caelorum
932 5645 1113 5682 nomen
1157 5631 1389 5682 bebraice
1426 5632 1612 5684 επεν.
1659 5634 1854 5682 Unicum
1901 5633 2072 5684 delum

486 5693 689 5758 admittit
710 5693 1085 5758 tltrystistomus.
1115 5702 1165 5743 et
1182 5697 1443 5758 respondet
1472 5709 1765 5757 argumento
1788 5710 1848 5743 ex
1880 5697 2073 5746 Psalmis

485 5756 710 5818 deducto,
732 5756 832 5817 quo
855 5757 1022 5818 plures
1061 5757 1359 5815 compmtmri
1404 5756 1626 5809 videntur
1664 5757 1787 5814 ca-li;
1815 5759 1903 5808 sed
1944 5769 2073 5810 tace:

478 5816 686 5870 Paulum
704 5816 887 5879 rapum
910 5830 1065 5881 usque
1090 5822 1149 5869 ad
1171 5830 1368 5869 tertium
1401 5826 1588 5872 caelum.

2248 478 2301 529 5.
2344 476 2568 540 Quando
2616 477 2772 545 igitur
2801 478 3050 531 sublevas
3084 478 3291 544 oculos,
3324 490 3379 535 et
3407 494 3618 549 spectas
3647 486 3764 539 muli

2174 567 2649 636 pulchritudinem,
2683 569 3121 637 magnitudinem,
3154 571 3455 636 utilitatem,
3487 584 3612 630 tunc
3641 576 3765 631 inde

2173 663 2238 712 ad
2285 659 2543 729 Opificem
2590 663 2861 727 ascende,
2904 665 3046 718 sicut
3092 674 3147 719 et
3181 666 3392 733 sapiens
3418 669 3633 736 quidam
3683 671 3766 725 dio

2173 751 2327 803 cubat
2379 768 2392 802 :
2441 749 2523 803 Ea:
2584 753 2931 820 magnitudine
2986 762 3033 807 et
3090 756 3465 824 pulchritudine
3513 772 3766 815 creatum.

2173 857 2289 894 rum
2332 843 2551 895 universi
2593 842 2837 897 Conditor
2873 860 2962 914 per
3000 848 3377 914 proportionem
3413 851 3767 906 consideretur

2178 932 2332 1003 (Sup.
2368 935 2454 987 15.
2486 935 2561 1005 5).
2594 934 2662 988 Et
2702 936 2823 991 vide
2850 938 3009 990 etiam
3038 954 3100 992 ex
3144 938 3330 994 horum
3374 944 3763 1001 elementorum

2175 1024 2513 1089 formatione,
2559 1038 2755 1096 quanta
2797 1028 2867 1083 sit
2911 1029 3120 1084 Domini
3164 1033 3237 1085 tui
3267 1035 3453 1087 virtus.
3497 1035 3627 1090 Nam
3678 1042 3764 1092 cui

2176 1130 2337 1183 Sagax
2360 1126 2415 1171 ct
2444 1117 2642 1186 probus
2687 1132 2770 1173 est
2798 1121 3029 1189 animus,
3076 1122 3122 1176 si
3147 1123 3377 1179 voluerit
3404 1127 3605 1196 singula
3637 1130 3767 1182 visi-

2177 1206 2299 1260 bilia
2329 1210 2551 1262 scrutari
2578 1224 2592 1272 ;
2623 1217 2679 1265 et
2716 1210 2841 1279 quid
2883 1212 3025 1276 dico,
3057 1214 3261 1284 singula
3290 1230 3407 1285 qua
3436 1217 3569 1271 facta
3600 1220 3769 1274 sunt?

2177 1314 2326 1353 suam
2362 1301 2527 1355 solam
2557 1300 2929 1358 formationem
2977 1306 3020 1359 si
3053 1316 3303 1364 accurate
3331 1310 3557 1365 voluerit
3583 1315 3764 1367 censi-

2178 1389 2388 1457 derare,
2422 1392 2618 1447 videbit
2643 1410 2704 1447 ex
2737 1396 2911 1463 parvis
2952 1396 3060 1450 illis
3089 1398 3402 1453 immensam
3435 1410 3489 1455 et
3520 1402 3765 1458 inell‘abi-

2177 1480 2279 1534 lem
2316 1482 2407 1535 Dei
2458 1486 2766 1553 potentiam.
2795 1487 2947 1552 Quod
2993 1489 3036 1543 si
3067 1490 3292 1543 visibilia
3337 1493 3448 1546 sola
3495 1494 3771 1549 sufficiunt

2177 1573 2330 1627 nobis
2367 1574 2430 1628 ad
2474 1576 2767 1631 docendam
2808 1581 3060 1649 potentiae
3099 1581 3403 1638 Conditoris
3446 1587 3771 1655 magnitudin-

2179 1678 2324 1727 nem,
2366 1665 2409 1718 si
2449 1674 2500 1719 et
2528 1667 2593 1719 ad
2623 1668 2914 1723 invisibiles
2945 1673 3153 1725 veneris
3181 1674 3424 1739 virtutes,
3454 1686 3507 1729 et
3535 1689 3767 1733 mentem

2177 1758 2482 1813 cxtenderis
2512 1759 2578 1813 ad
2621 1761 2930 1831 angelorum
2974 1765 3260 1831 exercitus,
3304 1766 3765 1838 archangelorum,

2179 1865 2529 1917 supernarum
2583 1852 2860 1917 virtutum,
2925 1854 3264 1924 tlironornm,
3321 1858 3765 1927 dominationum,

2178 1941 2589 2009 principatuum,
2612 1951 2950 2010 potestatum,
2977 1945 3289 2012 Cherubim,
3322 1948 3599 2020 Scraphim
3623 1968 3770 2023 :quaa

2180 2049 2353 2099 mens,
2377 2035 2465 2103 qui
2488 2049 2666 2089 sermo
2687 2038 2879 2105 poterit
2900 2052 3153 2093 enarrare
3181 2044 3623 2110 magnificentiam
3651 2047 3769 2115 ejus

2179 2123 2538 2179 ineffabilem?
2585 2126 2715 2180 Nam
2764 2129 2806 2181 si
2863 2129 3049 2184 beatus
3105 2134 3362 2200 proliheta
3410 2134 3594 2201 David,
3644 2153 3768 2193 cum

2178 2216 2581 2286 dispositionem
2628 2220 2913 2275 visibilium
2953 2223 3367 2291 considerasset,
3413 2228 3769 2296 exclamabat,

2180 2307 2403 2363 dicens:
2440 2308 2607 2374 Quam
2648 2312 2976 2379 magniﬁcam
3014 2324 3131 2366 sunt
3180 2330 3333 2384 apem
3375 2328 3483 2381 tua,
3518 2317 3774 2374 Domine!

2180 2400 2350 2452 omnia
2375 2400 2428 2453 in
2454 2402 2703 2469 sapientia
2732 2403 2897 2471 fecisti
2918 2402 3087 2471 (Psal.
3114 2405 3234 2459 105.
3261 2406 3357 2477 Si)
3388 2426 3402 2464 :
3434 2410 3500 2472 si,
3531 2410 3767 2481 inquam,

2181 2492 2262 2544 vir
2291 2498 2437 2543 tanto
2465 2493 2660 2560 Spiritu
2694 2495 2963 2562 prsiditus,
2993 2506 3047 2549 et
3087 2498 3275 2566 dignus
3306 2498 3538 2566 habitus,
3579 2504 3663 2557 cui
3692 2505 3773 2557 in—

2179 2594 2324 2636 certa
2351 2594 2405 2637 ct
2428 2587 2632 2639 occulta
2660 2587 2937 2655 sapientia:
2957 2589 3149 2643 divinae
3172 2590 3658 2660 manifestarentur,
3690 2598 3771 2651 sic

2180 2674 2512 2729 exclamabat
2544 2693 2558 2731 :
2591 2677 2717 2746 quid
2760 2679 3060 2734 diceremus
3100 2697 3198 2735 nos
3240 2683 3330 2753 qui
3359 2693 3500 2739 terra
3549 2697 3604 2740 ct
3637 2688 3773 2741 cinis

2180 2783 2386 2833 sumus,
2432 2780 2488 2825 et
2512 2769 2770 2826 debemus
2799 2774 3056 2828 continuo
3085 2776 3289 2831 vultum
3337 2778 3675 2845 submittere,
3718 2792 3775 2836 et

2179 2862 2562 2932 obstupescere
2597 2864 2969 2920 universorum
3021 2867 3228 2921 Domini
3269 2870 3591 2927 ineffabilem
3619 2872 3774 2929 beni-

2179 2954 2478 3023 gnitatem?
2549 2955 2617 3009 Et
2651 2957 2778 3025 quid
2823 2958 2943 3012 dico
3010 2959 3361 3029 prophetam?
3408 2963 3603 3020 Beatus
3659 2965 3776 3032 ipse

2181 3045 2396 3111 Paulus,
2419 3048 2593 3101 :mima
2621 3048 2707 3103 illa
2754 3049 2820 3102 ad
2856 3051 3017 3104 caelos
3048 3066 3214 3121 usque
3241 3052 3507 3119 sublimis,
3547 3071 3777 3125 corpore

2179 3143 2559 3210 circumdatus,
2593 3153 2649 3199 et
2677 3160 2798 3199 cum
2850 3146 3178 3215 incorporeis
3205 3150 3490 3204 virtutibus
3535 3162 3773 3218 ccrtans,

2182 3235 2233 3288 in
2263 3242 2404 3289 terra
2436 3237 2735 3303 ambulans,
2768 3250 2820 3293 et
2852 3242 3013 3295 animi
3042 3242 3219 3295 studio
3248 3244 3434 3296 cmlum
3465 3259 3774 3313 peragrans,

2178 3343 2298 3382 cum
2342 3330 2394 3383 in
2444 3346 2602 3384 unam
2633 3340 2835 3401 partem
2868 3333 3323 3403 diSpensationum
3374 3336 3467 3389 Dei
3515 3337 3775 3393 incideret

2184 3418 2273 3487 (de
2318 3418 2520 3476 Judmis
2558 3430 2615 3476 et
2660 3424 2950 3492 gentilibus
2989 3425 3203 3495 loquor,
3251 3428 3392 3496 quod
3438 3428 3511 3481 illi
3557 3429 3773 3497 quidem

2179 3511 2359 3579 ejecti,
2390 3513 2441 3565 hi
2465 3523 2640 3567 autem
2672 3516 2721 3568 in
2747 3515 2919 3570 locum
2948 3517 3160 3572 illorum
3192 3519 3475 3574 introducti
3498 3520 3773 3590 fuissent),

2179 3613 2232 3655 et
2263 3617 2445 3657 secum
2488 3605 2771 3670 dubitaret,
2818 3616 2874 3662 et
2918 3610 3246 3664 internorum
3291 3612 3566 3665 oculorum
3602 3602 3773 3665 verti-

2178 3696 2303 3762 gine
2334 3695 2618 3765 laboraret,
2668 3700 3003 3766 exclamavit,
3048 3702 3272 3758 dicens:
3310 3702 3355 3758 0
3395 3684 3613 3760 altitudo
3644 3706 3775 3758 divi-

2182 3787 2366 3840 tiarum
2393 3796 2439 3840 et
2464 3790 2746 3857 sapientiw,
2775 3801 2821 3842 et
2849 3792 3073 3846 scientiae
3101 3792 3217 3858 Dei,
3246 3812 3398 3863 quam
3429 3796 3777 3849 inscrutabilia

2180 3889 2297 3932 sunt
2327 3881 2523 3945 iudicia
2547 3883 2677 3951 ejus,
2710 3893 2758 3936 et
2798 3884 3167 3955 investigabiles
3204 3888 3299 3940 viae
3327 3889 3437 3958 ejus
3467 3888 3646 3957 (Rom.
3682 3888 3770 3941 11.

2180 3970 2309 4037 53)!
2343 3971 2447 4025 Sed
2500 3971 2585 4026 hic
2626 3973 2857 4028 libenter
2885 3978 3117 4044 rogarim
3170 3992 3285 4042 eos,
3319 3979 3407 4047 qui
3440 3978 3508 4033 de
3545 3994 3773 4047 genera-

2183 4064 2326 4117 tione
2362 4064 2479 4117 Filii
2511 4064 2601 4119 Dei
2632 4068 2895 4120 curiosius
2925 4068 3230 4138 qunirunt,
3259 4080 3313 4122 ct
3340 4069 3511 4123 sancti
3541 4070 3773 4139 Spiritus

2180 4156 2492 4224 dignitatem
2545 4156 2757 4211 auferre
2798 4165 3004 4212 tentant
3047 4177 3061 4213 :
3105 4158 3259 4214 Unde
3298 4160 3469 4225 vobis,
3525 4161 3773 4223 obsecro.

2182 4254 2347 4300 tanta:
2377 4248 2617 4303 audacia
2647 4249 2957 4305 temeritas?
2977 4265 3007 4304 a
3033 4265 3136 4320 qua
3165 4250 3463 4305 temeritate
3492 4251 3545 4305 in
3575 4260 3773 4305 tantam

2182 4340 2363 4393 ruistis
2404 4340 2704 4395 insaniam?
2746 4341 2878 4395 Nam
2908 4342 2951 4395 si
2983 4341 3180 4396 Paulus
3226 4342 3315 4396 ille
3364 4352 3544 4396 tantus
3573 4351 3628 4395 et
3652 4343 3775 4399 talis

2176 4429 2374 4496 judicia
2397 4431 2530 4499 ejus,
2565 4431 2667 4487 hoc
2691 4444 2793 4496 est,
2816 4432 3242 4502 dispensationes
3261 4442 3316 4489 et
3335 4434 3770 4503 gubernationes,

2184 4522 2547 4577 inscrutabilia
2574 4538 2695 4578 esse
2719 4523 2849 4577 dicit
2878 4541 2889 4575 :
2920 4533 2976 4577 et
3000 4538 3107 4578 non
3145 4524 3277 4578 dicit
3305 4523 3771 4593 incomprehensi-

2180 4612 2327 4679 bilia,
2366 4614 2461 4668 sed
2492 4614 2875 4680 inscrutabilia,
2920 4616 2990 4670 ita
3019 4624 3077 4669 ut
3114 4616 3341 4670 scrutari
3370 4630 3431 4669 ea
3461 4630 3621 4670 nemo
3652 4628 3776 4683 pos-

2180 4705 2284 4770 sit;
2325 4714 2382 4760 et
2425 4705 2821 4776 investigabiles
2870 4707 3000 4762 dicit
3042 4707 3157 4761 vias
3199 4707 3348 4776 ejus;
3393 4706 3589 4761 iterum
3631 4707 3771 4761 idem

2181 4797 2384 4862 dicens,
2414 4799 2526 4853 vias
2566 4800 2813 4855 mandata
2842 4816 3042 4855 vocans
3070 4809 3125 4855 et
3164 4809 3426 4870 praecepta
3456 4819 3470 4856 :
3500 4801 3771 4870 quomodo

2180 4908 2276 4946 vos
2305 4894 2653 4948 substantiam
2683 4895 2850 4963 ipsam
2876 4894 3144 4965 Uuigeniti
3168 4895 3431 4949 curiosius
3466 4895 3768 4963 explorare,

2181 4996 2235 5040 et
2267 4986 2501 5057 Spiritus
2527 4987 2698 5041 sancti
2728 4988 3060 5057 dignitatem,
3108 4996 3366 5057 quantum
3410 4990 3462 5041 in
3490 4988 3641 5041 vobis
3664 4998 3771 5053 est,

2182 5081 2499 5135 imminuere
2523 5080 2728 5134 audetis
2754 5079 2866 5151 (a)?
2894 5079 3094 5144 Videte,
3126 5079 3480 5142 dilectissimi,
3509 5090 3773 5149 quantum

2183 5173 2379 5225 malum
2418 5173 2489 5225 sit
2517 5188 2623 5226 non
2650 5172 2934 5241 diligenter
2963 5170 3240 5227 attendere
3273 5172 3338 5225 ad
3365 5186 3425 5225 ca
3457 5187 3575 5242 quae
3602 5172 3652 5226 in
3682 5172 3770 5225 di-

2182 5265 2318 5317 vinis
2341 5264 2630 5334 Scripturis
2660 5273 2785 5317 sunt
2803 5271 3072 5318 contenta.
3106 5262 3168 5317 lli
3196 5263 3337 5317 enim
3365 5263 3408 5318 si
3440 5278 3561 5316 cum
3592 5264 3771 5334 sagaci

2179 5368 2235 5413 et
2265 5359 2427 5429 proba
2458 5367 2635 5412 mente
2665 5356 2961 5410 doctrinam
2991 5355 3183 5409 divina:
3208 5352 3499 5425 Scriptum
3525 5355 3771 5422 accepis-

2180 5462 2317 5515 sent,
2356 5460 2410 5505 et
2452 5466 2555 5503 non
2584 5463 2678 5503 sua
2710 5463 2774 5503 ex
2805 5448 3019 5517 proprio
3045 5447 3326 5501 ratiocinio
3353 5447 3767 5517 excogitasscnt,

2241 5628 2315 5690 (α)
2345 5628 2569 5677 “(cretici
2603 5627 2686 5691 qui
2714 5626 3029 5691 substantiam
3053 5626 3298 5691 Unigenm
3335 5624 3574 5691 curiosius
3597 5621 3771 5690 explo-

2178 5685 2367 5747 rabant,
2392 5698 2444 5740 et
2466 5685 2666 5751 spiritus
2685 5689 2837 5739 sancti
2864 5685 3160 5752 dignitatem
3194 5685 3496 5752 minuebant,
3540 5685 3761 5752 Attenuat

2181 5762 2319 5802 erant
2360 5760 2411 5800 et
2449 5749 2784 5801 Macedoniam.
2810 5749 2981 5814 (iutilia
3007 5751 3267 5797 Anommos
3311 5749 3765 5814 multasset-auena

2182 5815 2348 5863 habuit
2368 5814 2727 5877 chrysostonius
2744 5812 3010 5863 Antiochite
3031 5819 3083 5860 et
3103 5812 3525 5869 consulatuum“.
