4040 6378
277 325 338 378 Β
1469 329 1536 388 ΙΝ
1576 329 1731 394 CAP.
1767 337 1787 392 l
1824 338 2072 397 CENES.
2119 341 2356 400 IIOMIL.
2399 345 2490 402 IV.
3645 365 3712 419 H

275 441 393 504 τοὺς
433 441 536 511 τὴν
585 441 853 512 Ἐϐραίων
899 445 1144 512 γλῶτταν
1194 449 1538 520 ἠσκημένους
1561 465 1618 514 τι,
1661 453 1796 507 ἀλλά
1849 456 1940 508 καὶ

273 528 478 588 πάντας
525 529 652 590 τοὺς
685 528 780 598 τὴν
827 531 1151 604 οἰκουμένην
1199 535 1482 600 οἰκοῦντας
1529 541 1630 606 τὴν
1666 541 1725 606 ἐξ
1766 543 1943 596 αὐτῶν

271 611 536 678 ὠφέλειαν
575 615 992 684 καρπώσασθαι.
1031 621 1138 672 Καὶ
1175 622 1236 673 τὸ
1273 621 1336 692 δὴ
1368 622 1678 693 θαυμαστὸν
1706 628 1795 680 καὶ
1840 645 1944 681 πα-

271 700 510 770 ράδοξον,
541 701 625 753 ὅτι
666 703 726 755 ού
765 703 875 756 τῶν
907 707 978 758 τὰ
1017 708 1278 761 Ἰουδαῖκά
1329 713 1671 778 φρονούντων
1717 732 1801 778 τις
1845 716 1942 787 τὴν

269 787 502 857 σπουδὴν
554 790 760 860 ταύτην
811 794 1135 864 ἐποιήσατο,
1178 796 1295 850 ἀλλ’
1333 799 1474 870 ἀνὴρ
1522 806 1636 865 τοῖς
1707 803 1944 868 εἰδώλοις

267 876 674 944 προστετηκὼς,
707 879 799 930 καὶ
833 881 1160 945 ἀπεναντίας
1183 886 1248 954 τῇ
1285 885 1550 958 θρησκεία
1579 888 1936 960 διακείμενος.

267 960 502 1014 Τοιαῦτα
529 964 642 1034 γάρ
693 966 838 1018 ἐστιν
889 968 1107 1021 ἅπαντα
1139 971 1206 1023 τά
1248 971 1353 1024 ὑπὸ
1399 974 1494 1025 τοῦ
1546 977 1816 1029 Δεσπότου
1848 979 1940 1032 τοῦ

262 1048 536 1118 ἡμετέρου
585 1053 1042 1122 οἰκονομούμενα·
1080 1055 1169 1107 ἀεὶ
1211 1056 1298 1110 διὰ
1341 1057 1450 1112 τῶν
1496 1062 1752 1114 ἐναντίων
1789 1063 1940 1129 αῦξει

263 1136 328 1186 τά
371 1137 470 1205 τῆς
501 1137 760 1204 ἀληθείας
804 1143 1218 1212 προστάγματα.
1266 1145 1452 1198 Ταῦτα
1501 1148 1558 1200 δὲ
1602 1151 1700 1219 οὐχ
1753 1151 1940 1217 ἁπλῶς

263 1220 613 1292 διηγησάμην
636 1227 728 1277 ἐπὶ
765 1227 864 1296 τῆς
899 1229 1172 1298 ὑμετέρας
1199 1231 1438 1302 ἀγάπης,
1484 1235 1598 1286 ἀλλ’
1626 1237 1713 1290 ἵνα
1741 1239 1940 1292 εἰδέναι

259 1307 440 1377 ἔχητε,
466 1311 548 1362 δτι
576 1313 636 1364 οὐ
663 1313 838 1385 ταύτῃ
877 1317 943 1384 τῇ
977 1315 1212 1386 γλώττῃ,
1243 1321 1310 1388 τῇ
1345 1320 1780 1390 ἡμετέρᾳ-λέγω,
1807 1325 1941 1378 ἀλλά

259 1397 320 1464 τῇ
356 1395 604 1466 Ἐϐραΐδι
636 1394 774 1468 ἦσαν
805 1402 1231 1472 συντεθειμέναι.
1261 1406 1495 1472 Λέγουσι
1527 1409 1706 1460 τοίνυν
1747 1412 1796 1462 οἰ
1841 1410 1940 1482 τὴν

259 1484 506 1550 γλῶτταν
537 1488 754 1558 ἐκείνην
795 1489 1037 1560 ἀκριϐῶς
1069 1493 1368 1562 ἠσκημένοι
1391 1495 1440 1556 ι),
1475 1496 1538 1547 τὸ
1581 1496 1676 1548 τοῦ
1708 1497 1938 1568 ούρανοῦ

259 1569 428 1638 ὄνομα
463 1572 845 1642 πληθυντικῶς
873 1577 1156 1630 καλεῖσθαι
1186 1579 1336 1650 παρά
1359 1583 1471 1643 τοῖς
1511 1581 1804 1653 Ἑϐραίοις.
1841 1587 1937 1638 καὶ

257 1657 408 1708 τοῦτο
443 1658 538 1712 καὶ
571 1661 620 1712 οί
663 1661 760 1731 τὴν
801 1661 988 1732 Σύρων
1028 1663 1274 1730 γλῶτταν
1306 1668 1660 1736 ἐπιστάμενοι
1709 1686 1938 1740 συνομο-

255 1740 494 1808 λογοῦσι.
533 1747 644 1800 Καὶ
683 1748 783 1800 ούκ
827 1749 892 1801 ἄν
945 1766 1027 1812 τις
1081 1750 1255 1817 εἴποι,
1292 1755 1360 1823 τῇ
1414 1753 1650 1826 γλώττῃ,
1687 1759 1838 1826 φησί,
1869 1759 1934 1827 τῇ

253 1832 380 1902 παρ’
433 1833 656 1899 αὐτοῖς,
698 1837 725 1888 ὁ
781 1837 1040 1906 οὐρανὸς,
1088 1838 1199 1892 ἀλλ’
1255 1842 1303 1892 οί
1351 1842 1584 1911 οὐρανοί.
1622 1844 1719 1896 Διά
1777 1845 1937 1898 τοῦτο

255 1918 430 1970 τοίνυν
495 1919 672 1984 οὕτως
732 1923 948 1994 εἴρηται
1010 1926 1072 1976 τὸ
1123 1925 1225 1978 ὑπὸ
1283 1927 1376 1979 τοῦ
1445 1931 1715 1998 μακαρίου
1776 1932 1938 1984 Δαυῒδ

253 2005 570 2075 εἰρημένον,
607 2011 672 2062 Οἱ
704 2011 946 2076 οὐρανοὶ
981 2010 1098 2064 τῶν
1126 2012 1419 2082 οὐρανῶν,
1457 2017 1556 2070 οὐκ
1588 2017 1774 2089 ἐπειδὴ
1809 2020 1936 2072 πολ-

253 2089 332 2143 λοί
359 2095 502 2144 εἰσιν
539 2094 588 2144 οἱ
637 2095 888 2166 οὐρανοί·
929 2097 1050 2149 οὐδὲ
1096 2098 1205 2169 γὰρ
1249 2097 1409 2152 τοῦτο
1452 2102 1599 2172 ἡμᾶς
1646 2103 1881 2169 ἐδίδαξεν
1907 2109 1936 2159 ὁ

257 2180 526 2248 μακάριος
557 2181 796 2252 Μωῦσῆς
815 2199 828 2212 ·
863 2181 978 2236 ἀλλ’
1009 2186 1198 2257 ἐπειδὴ
1231 2187 1457 2258 σύνηθες
1492 2192 1558 2259 τῇ
1589 2189 1801 2262 γλώττῃ
1830 2192 1935 2244 τῶν

265 2265 538 2334 Ἐϐραίων
577 2267 748 2331 οὕτως
796 2269 1088 2340 ὀνομάζειν
1121 2273 1214 2326 τοῦ
1249 2275 1348 2344 τὴν
1397 2276 1515 2338 ἑνὸς
1565 2281 1934 2350 προσηγορίαν

251 2352 667 2421 πληθυντικῶς·
713 2357 834 2408 ἐπεὶ
885 2359 932 2410 εἰ
968 2359 1152 2412 σιτολλοί¹
1193 2356 1353 2432 ἦσαν,
1397 2364 1498 2415 ούκ
1538 2363 1604 2416 ἂν
1637 2366 1932 2436 παρέλειπε

249 2436 336 2486 τὸν
369 2436 600 2508 Πνεῦμα
628 2439 688 2491 τὸ
715 2439 870 2508 ἅγιον
909 2444 982 2512 μὴ
1009 2442 1098 2495 διά
1127 2445 1226 2514 τῆς
1255 2444 1502 2515 γλώττης
1531 2445 1624 2498 τοῦ
1659 2449 1931 2520 μακαρίου

249 2523 436 2576 τούτου
484 2527 767 2595 προφήτου
801 2528 1008 2592 διδάξαι
1039 2532 1188 2601 ἡμᾶς
1217 2533 1312 2584 καὶ
1343 2532 1452 2586 τῶν
1480 2535 1656 2587 ἄλλων
1703 2539 1798 2606 τὴν
1837 2537 1930 2608 δη-

251 2612 560 2682 μιουργίαν.
612 2613 796 2668 Ταῦτα
839 2617 1084 2687 ἀκριϐῶς
1134 2619 1430 2689 κατέχετε,
1476 2623 1801 2694 παρακαλῶ,
1845 2625 1932 2678 ἵνα

249 2699 476 2768 δύνησθε
527 2702 900 2772 ἐπιστομίζειν
940 2706 1066 2769 τοὺς
1113 2707 1332 2759 ἐναντία
1373 2711 1440 2778 τῇ
1497 2710 1800 2781 Ἐκκλησία
1843 2711 1929 2765 δό-

254 2803 428 2855 γματα
489 2789 842 2859 ἐπεισφέρειν
885 2801 908 2828 ο
964 2791 1354 2863 βουλομένους,
1409 2795 1504 2847 καὶ
1557 2797 1732 2864 εἰδῆτε
1793 2799 1930 2867 μετὰ

247 2874 550 2941 ἀσφαλείας
588 2876 698 2928 τῶν
731 2877 789 2928 ἐν
829 2881 952 2942 ταῖς
999 2879 1172 2944 θείαις
1218 2883 1463 2953 Γραφαῖς
1511 2885 1786 2954 κειμένων
1832 2887 1930 2958 τὴν

248 2957 494 3029 δύναμιν.
521 2961 622 3016 Διά
659 2963 767 3034 γάρ
809 2964 968 3018 τοῦτο
1000 2967 1094 3019 καὶ
1135 2969 1370 3038 συνεχῶς
1417 2971 1652 3024 ἐνταῦθα
1693 2975 1930 3044 παραγί-

251 3050 424 3116 νεσθε,
470 3052 567 3104 καὶ
605 3054 766 3123 ἡμεῖς
808 3055 1139 3127 πυκνότερον
1181 3059 1282 3126 τὴν
1321 3059 1456 3128 πρὸς
1488 3060 1632 3130 ὑμᾶς
1673 3061 1928 3116 διδασκα-

245 3137 362 3188 λίαν
414 3138 752 3209 ποιούμεθα,
797 3141 882 3194 ἵνα
941 3145 1450 3214 παρεσκευασμένοι
1495 3143 1595 3216 ἦτε
1637 3150 1802 3202 παντὶ
1852 3152 1928 3220 τῷ

245 3223 484 3276 αἰτοῦντι
533 3227 681 3295 ὑμᾶς
725 3227 926 3281 διδόναι
965 3229 1203 3298 λόγον’(ι.
1241 3233 1386 3284 Ἀλλ’
1416 3235 1510 3285 ἐπὶ
1557 3236 1655 3304 τὴν
1699 3237 1927 3289 ἀκολου·-

245 3310 368 3362 θίαν
392 3311 807 3384 ἐπανέλθωμεν,
827 3317 875 3368 εἰ
896 3315 1062 3369 δοκεῖ.
1086 3319 1194 3370 Καὶ
1216 3318 1510 3373 ἐκάλεσεν
1525 3324 1556 3374 ό
1582 3322 1744 3388 Θεὸς,
1773 3325 1923 3392 φησί,

245 3397 310 3450 τὸ
341 3399 648 3468 στερέωμα
687 3403 969 3469 οὐρανόν.
1002 3406 1112 3458 Καὶ
1162 3401 1321 3459 εἶδεν
1349 3410 1381 3460 ό
1423 3408 1565 3473 Θεὸς
1589 3408 1678 3462 ὅτι
1713 3413 1922 3466 καλόν.

242 3485 446 3538 Σκόπει
495 3488 639 3559 πόση
687 3489 797 3542 τῶν
843 3491 1105 3562 ῥημάτων
1151 3495 1182 3562 ή
1237 3496 1642 3562 συγκατάὸασις
1693 3497 1782 3551 διὰ
1828 3499 1926 3570 τὴν

241 3575 528 3629 ἀσθένειαν
567 3576 664 3648 τὴν
692 3579 1059 3650 ἀνθρωπίνην.
1085 3581 1352 3654 Καθάπερ
1407 3585 1516 3655 γάρ
1548 3585 1640 3636 ἐπὶ
1681 3585 1776 3638 τοῦ
1815 3604 1926 3654 φω-

238 3663 336 3724 τὸς
371 3659 550 3726 εἶπεν,
585 3661 762 3717 Εἷὸεν
794 3665 886 3719 ὅτι
915 3667 1128 3732 καλὸν,
1157 3667 1298 3722 οὕτω
1331 3671 1424 3722 καὶ
1455 3671 1547 3723 νῦν
1583 3675 1674 3724 ἐπὶ
1707 3673 1800 3725 τοῦ
1837 3674 1925 3725 ού-

243 3750 434 3822 ρανοῦ,
485 3754 602 3821 ἦτοι
651 3753 744 3805 τοῦ
798 3754 1213 3826 στερεώματος,
1257 3757 1365 3810 Καὶ
1406 3755 1592 3823 εἶδεν,
1651 3761 1842 3829 φησὶν,
1891 3765 1924 3814 ό

241 3838 392 3904 Θεὺς
435 3837 526 3891 ὅτι
576 3842 804 3894 καλόν·
837 3841 1105 3896 διδάσκων
1139 3845 1284 3914 ἡμᾶς
1319 3843 1407 3896 διὰ
1453 3845 1643 3897 τούτου
1683 3847 1743 3898 τὸ
1789 3845 1922 3900 κάλ--

239 3925 334 3988 λος
359 3926 524 3978 αὐτοῦ
569 3927 628 3978 τὸ
658 3929 956 3997 ἀμήχανον.
989 3929 1086 3992 Τίς
1119 3932 1227 3999 γὰρ
1261 3931 1358 3983 οὐκ
1385 3929 1450 3984 ἂν
1495 3932 1796 4003 ἐκπλαγείη
1831 3935 1924 3987 καὶ

239 4013 600 4082 θαυμάσειεν,
649 4015 732 4066 ὅτι
767 4017 824 4068 ἐν
861 4015 1104 4086 τοσούτῳ
1145 4017 1321 4088 χρόνῳ
1362 4019 1596 4088 ἀκμαῖον
1638 4020 1922 4092 διετήρησε

235 4101 304 4151 τὸ
337 4100 552 4164 κάλλος,
593 4101 687 4154 καὶ
717 4103 830 4173 δσῳ
860 4104 1106 4173 πρόεισιν
1138 4106 1166 4156 ὁ
1203 4106 1413 4176 χρόνος,
1449 4106 1688 4177 τοσούτῳ
1719 4109 1813 4161 καὶ
1861 4109 1922 4162 τὸ

239 4186 440 4249 κάλλος
470 4187 829 4254 ἐπιτείνεται;
863 4190 928 4243 Τί
963 4193 1074 4262 γὰρ
1113 4191 1441 4263 ώραιότερον
1469 4191 1586 4264 [‘27]
1621 4194 1820 4262 γένοιτ’
1856 4195 1922 4248 ἂν

235 4275 336 4326 τοῦ
359 4278 512 4346 παρά
535 4277 628 4329 τοῦ
650 4277 982 4351 δημιουργοῦ
1009 4281 1101 4334 τὸν
1129 4280 1347 4334 ἔπαινον
1367 4281 1658 4351 δεξαμένου
1681 4301 1694 4347 ;
1730 4285 1791 4336 Εἰ
1813 4284 1922 4354 γὰρ

235 4365 404 4433 ἡμεῖς
438 4364 730 4436 ἀνθρώπου
763 4365 922 4436 ἔργον
955 4367 1190 4438 δρῶντες
1243 4369 1676 4440 ἀπηρτισμένον,
1713 4373 1921 4442 θαυμά-

236 4454 410 4523 ζομεν
441 4453 500 4506 τὸ
542 4451 752 4524 σχῆμα,
784 4453 884 4523 τὴν
923 4454 1091 4516 θέσιν,
1133 4454 1192 4507 τὸ
1225 4455 1440 4519 κάλλος,
1477 4456 1574 4527 τὴν
1609 4456 1918 4526 ἀναλογίαν,

232 4541 334 4594 τὸν
361 4541 594 4612 ῥυθμὸν,
627 4541 696 4594 τά
725 4541 859 4595 ἄλλα
889 4542 1124 4607 ἅπαντα,
1153 4542 1214 4596 τὸ
1249 4543 1354 4595 ὑπὸ
1377 4543 1470 4596 τοῦ
1501 4543 1636 4598 Θεοῦ
1659 4545 1922 4618 δημιουρ-

232 4628 410 4698 γηθὲν
457 4629 576 4692 πῶς
631 4629 698 4682 ἀν
729 4646 813 4692 τις
839 4629 961 4684 κατ’
987 4628 1148 4694 ἀξίαν
1176 4631 1503 4692 ἐπαινέσειε,
1548 4633 1644 4684 καὶ
1687 4633 1920 4701 μάλιστα

233 4717 370 4768 ὅταν
427 4715 522 4768 καὶ
569 4715 736 4768 αὑτοῦ
791 4715 886 4769 τοῦ
932 4718 1201 4770 Δεσπότου
1246 4716 1340 4770 τὸν
1391 4718 1610 4770 ἔπαινον
1659 4719 1916 4790 δέξηται;

235 4803 416 4856 Τοῦτο
441 4803 549 4874 γὰρ
575 4803 662 4856 διὰ
685 4804 786 4873 τὴν
815 4803 1092 4874 ἡμετέραν
1121 4804 1528 4873 συγκατάδασιν
1555 4806 1794 4877 εἴρηται,
1825 4809 1920 4862 καὶ

233 4891 362 4958 ὄψει
392 4891 558 4945 αὐτὸν
592 4893 678 4960 ἐφ’
720 4891 953 4944 ἑκάστου
983 4890 1094 4944 τῶν
1133 4893 1430 4962 γινομένων
1473 4893 1633 4946 τοῦτο
1670 4894 1915 4964 λέγοντα,

233 4979 334 5030 καὶ
373 4978 809 5050 προαναιροῦντα
853 4979 952 5049 τὴν
981 4978 1184 5048 τόλμαν
1229 4978 1340 5032 τῶν
1397 4981 1536 5050 μετά
1574 4979 1746 5034 ταῦτα
1793 4983 1919 5053 μελ-

231 5065 445 5118 λόντων
483 5065 582 5138 τὴν
605 5065 811 5118 οἰκείαν
836 5064 1089 5134 γλῶσσαν
1115 5066 1318 5136 ἁκονᾷν
1357 5065 1502 5120 κατὰ
1529 5069 1628 5138 τῆς
1661 5068 1754 5122 106
1781 5069 1915 5124 Θεοῦ

233 5154 626 5224 δημιουργίας,
661 5154 754 5206 καὶ
796 5153 1083 5222 λεγόντων,
1123 5154 1210 5206 διά
1247 5155 1300 5207 τί
1337 5155 1398 5206 τὸ
1429 5156 1521 5208 καὶ
1579 5156 1640 5209 τὸ
1692 5158 1914 5226 γέγονε;

237 5243 379 5304 Τοὺς
403 5241 578 5294 ταῦτα
609 5240 787 5293 τοίνυν
820 5241 1230 5312 ἐπιχειροῦντας
1260 5241 1436 5309 λέγειν
1473 5245 1915 5313 προαναστέλλων

239 5330 408 5400 φησί’
447 5329 558 5384 Καὶ
594 5325 756 5383 εἶδεν
801 5331 834 5383 ὀ
881 5329 1026 5396 Θεὸς
1069 5331 1160 5383 ὅτι
1199 5331 1411 5384 καλόν.
1443 5329 1612 5384 Ὅταν
1654 5331 1711 5386 δὲ
1748 5331 1914 5385 ἀκού-

239 5433 343 5490 σῃς
363 5429 410 5484 ε,
432 5419 514 5470 ὅτι
553 5413 692 5469 εἶδεν
721 5418 750 5470 ὁ
775 5415 926 5480 Θὲδς,
948 5417 1040 5470 καὶ
1069 5416 1318 5488 ἐπῄνεσε,
1360 5415 1678 5487 θεοπρεπῶς
1711 5419 1819 5473 νόει
1855 5421 1914 5474 τὸ

306 5559 432 5628 fit;
449 5559 564 5628 οεῑρ
585 5571 716 5628 ωδε..
731 5563 786 5606 et
803 5557 952 5628 S_a_vil.
975 5565 1028 5628 εἰ
1055 5557 1235 5628 Μαι-ει..
1255 5571 1372 5628 νει-ρ
1394 5559 1728 5628 κεκτημένους.
1761 5619 1789 5628 _
1863 5623 1868 5628 Α

299 5617 328 5656 δ
349 5619 506 5668 Iidem
525 5619 1004 5692 alorci.
1026 5621 1324 5680 κεκτημένοι.
1347 5619 1478 5670 Infra
1495 5617 1592 5668 ddo
1615 5633 1732 5670 mss.
1760 5619 1908 5670 Savil.

235 5684 292 5732 in
313 5695 468 5744 marg.
492 5697 580 5739 την
606 5683 757 5744 Σύραν
780 5683 1008 5744 γλῶτταν.

303 5748 324 5807 (ξ
351 5741 556 5807 ᾼὶἱῗιυοί,
571 5741 698 5807 mss;_
715 5741 1018 5807 ἐπεισφέρειν.
1034 5741 1188 5807 83)·ἱίἰ
1201 5743 1464 5807 ἐπιφέρειν.
1475 5741 1646 5807 Μονρι.
1663 5744 1906 5807 εἰσφέρειν.

299 5803 322 5840 (1
348 5805 500 5854 Savil.
525 5805 649 5865 ὑμᾶς
679 5803 869 5852 διδόναι
898 5803 1050 5865 λόγον.
1095 5805 1146 5852 In
1175 5803 1543 5854 Μοτεὲίίδιδόναι
1564 5805 1744 5858 deest,

309 5869 333 5897 ο
360 5867 486 5915 Tres
523 5879 638 5914 mss.
687 5865 957 5930 elfloislip.
985 5868 1094 5930 106;
1116 5865 1267 5912 ταῦτα
1306 5865 1386 5914 νῦν
1424 5867 1675 5930 ἐπιχειρεῖν
1691 5866 1914 5928 λέγοντας

241 5929 650 5993 προαναστέλλων.
659 5964 674 5976 .
683 5966 691 5974 .
701 5965 712 5975 .
723 5965 734 5976 .
749 5926 858 5974 ὅταν
875 5927 952 5974 οῦν
973 5929 1198 5988 ἀκούσῃς.

667 6037 934 6100 ΡΑτιιοι..
980 6035 1094 6097 Gn.
1142 6034 1302 6098 LIII.

2045 459 2228 530 ῥηθὲν.
2261 463 2356 514 καὶ
2381 467 2456 526 ὠς
2491 461 2638 526 εἰκὸς
2667 464 2759 518 ἐπὶ
2793 465 2948 519 Θεοῦ.
2987 467 3044 520 '0
3071 470 3186 540 γάρ
3229 475 3590 544 παραγαγὼν,
3623 479 3718 532 καὶ

2044 547 2241 619 πρίνῆ
2297 549 2711 622 δημιουργήσῃ,
2765 555 3033 622 ἠπίστατο
3071 556 3165 609 τοῦ
3216 559 3716 634 δημιουργουμένου

2040 634 2102 686 τὸ
2145 635 2370 699 κάλλοςο
2420 638 2535 691 ἀλλ’
2583 642 2771 711 ἐπειδὴ
2814 642 3133 714 ἀνθρώπους
3188 647 3335 717 ἡμᾶς
3382 649 3574 714 ὄντας,
3623 655 3718 706 καὶ

2040 724 2278 796 τοσαύτῃ
2322 727 2576 800 ἀσθενείᾳ
2625 731 3122 802 περιόεϐλημένους
3177 736 3277 789 οὐκ
3327 739 3447 808 ἐνῆν
3513 740 3716 812 ἑτέρως

2039 810 2286 876 ἀκοῦσαι,
2337 813 2424 867 διά
2460 815 2616 870 τοῦτο
2651 819 3028 888 παρεσκεύασε
3059 822 3152 874 τοῦ
3190 825 3463 894 μακαρίου
3499 831 3714 898 προφή-

2037 913 2132 950 του
2175 901 2274 971 τὴν
2314 901 2578 968 γλῶτταν,
2619 908 2685 976 τῇ
2727 905 2996 977 παχύτητι
3029 908 3234 962 τούτων
3267 913 3574 982 χρήσασθαι
3604 915 3713 968 τῶν

2042 985 2302 1056 ῥημάτων
2347 989 2482 1060 πρὸς
2506 991 2855 1045 διδασκαλίαν
2878 996 2976 1064 τῆς
3005 995 3112 1049 τῶν
3139 997 3443 1067 ἀνθρώπων
3477 1000 3714 1068 φύσεως.

2113 1079 2173 1129 ε’.
2204 1075 2376 1129 Ὅταν
2407 1079 2588 1131 τοίνυν
2605 1080 2889 1151 ἀνατείνῃς
2921 1081 2982 1133 τὸ
2999 1081 3175 1152 ὖμμα,
3206 1085 3299 1137 καὶ
3324 1085 3490 1156 θεάσῃ
3507 1086 3601 1138 τοῦ
3624 1089 3718 1141 οὗ-

2042 1161 2204 1228 ρανοῦ
2238 1161 2298 1213 τὸ
2322 1163 2535 1228 κάλλος,
2561 1163 2624 1217 τὸ
2665 1166 2912 1234 μέγεθος,
2945 1168 3042 1238 τὴν
3073 1169 3281 1240 χρείαν,
3311 1171 3433 1224 τότε
3467 1173 3716 1227 ἐντεῦθεν

2041 1247 2135 1298 ἐπὶ
2170 1247 2261 1300 τὸν
2292 1249 2624 1322 δημιουργὸν
2661 1253 2962 1325 ἀνάδραμε,
3007 1257 3259 1328 καθάπερ
3299 1261 3460 1329 σοφός
3491 1279 3575 1324 τις
3601 1261 3716 1314 ἕλε-

2039 1351 2134 1400 γεν
2159 1352 2172 1366 ·
2225 1337 2322 1388 Ἐκ
2372 1339 2484 1406 γὰρ
2535 1341 2826 1409 μεγέθους
2870 1343 2965 1395 καί
3020 1341 3326 1412 καλλονῆς
3375 1349 3718 1415 κτισμάτων

2038 1421 2360 1492 ἀναλόγως
2389 1427 2420 1478 ὁ
2455 1430 2879 1498 γενεσιουργὸς
2907 1431 3221 1497 θεωρεῖται.
3251 1433 3362 1485 Kal
3401 1435 3590 1488 σκόπει
3619 1435 3715 1490 τοῦ

2037 1512 2440 1588 Δεσπότουσσου
2475 1513 2575 1584 τὴν
2619 1515 2869 1586 δύναμιν,
2913 1519 3012 1586 ὅση
3050 1535 3135 1580 τις
3176 1521 3315 1581 ἐστὶ,
3367 1524 3458 1574 καὶ
3503 1524 3567 1576 ἐκ
3615 1526 3716 1594 τῆς

2035 1597 2146 1649 τῶν
2181 1601 2462 1668 στοιχείων
2493 1602 2698 1656 τούτων
2729 1605 3108 1675 δημιουργίας.
3148 1608 3206 1660 ’0
3251 1608 3356 1678 γάρ
3395 1610 3714 1680 εὐγνώμονα

2035 1684 2212 1756 ψυχὴν
2239 1686 2398 1757 έχων,
2431 1691 2480 1741 εἰ
2525 1689 2812 1760 βουληθείη
2855 1693 2978 1745 καθ’
3006 1694 3238 1746 ἕκαστον
3274 1696 3384 1748 τῶν
3419 1698 3714 1768 ὁρωμένων

2035 1773 2442 1843 διερευνᾶσθαιο
2481 1777 2574 1828 καὶ
2605 1776 2660 1828 τί
2691 1777 2834 1846 λέγω
2865 1780 2986 1832 καθ’
3049 1781 3282 1834 ἕκαστον
3347 1784 3458 1836 τῶν
3502 1787 3714 1856 γινομέ-

2036 1877 2142 1913 νων
2167 1861 2208 1925 r;
2243 1863 2342 1934 τὴν
2373 1865 2582 1918 οἰκείαν
2599 1865 2758 1935 μόνον
2783 1867 3066 1922 διάπλασιν
3085 1871 3178 1922 ἐὰν
3201 1872 3444 1940 ἀκριϐῶς
3477 1873 3710 1946 βουληθῇ

2033 1948 2447 2017 διασκέψασθαι,
2473 1952 2664 2021 ὄψεται
2693 1955 2788 2008 καὶ
2831 1954 2922 2008 διὰ
2965 1957 3074 2009 τῶν
3119 1959 3332 2028 μικρῶν
3367 1959 3570 2012 τούτων
3611 1963 3712 2032 τὴν

2035 2037 2241 2104 ἄφατον
2280 2040 2373 2091 καὶ
2405 2041 2796 2112 ἀνεκδιήγητον
2828 2043 2924 2094 τοῦ
2981 2043 3115 2098 Θεοῦ
3154 2045 3404 2116 δύναμιν.
3447 2049 3508 2100 Εἰ
3541 2048 3598 2100 δὲ
3642 2051 3712 2104 τὰ

2034 2123 2284 2194 ὁρώμενα
2312 2126 2472 2180 ἰκανά
2501 2129 2710 2192 διδάξαι
2747 2130 2807 2182 τὸ
2845 2131 3074 2199 μέγεθος
3103 2132 3205 2202 τῆς
3245 2133 3340 2186 τοῦ
3377 2134 3710 2206 δημιουργοῦ

2033 2211 2332 2280 δυνάμεως,
2380 2215 2475 2268 ἐὰν
2507 2218 2601 2269 καὶ
2649 2218 2743 2270 ἐπὶ
2787 2217 2888 2280 τὰς
2937 2219 3201 2286 ἁοράτους
3240 2221 3496 2291 δυνάμεις
3527 2223 3708 2294 ἔλθῃς,

2035 2300 2129 2352 καὶ
2159 2300 2248 2353 τὸν
2281 2300 2541 2372 λογισμὸν
2571 2303 2860 2376 ἀνατείνῃς
2893 2306 2988 2357 ἐπὶ
3019 2307 3117 2372 τάς
3143 2307 3253 2360 τῶν
3278 2308 3524 2376 ἀγγέλων
3553 2327 3713 2380 στρα-

2032 2387 2170 2450 τιάς,
2215 2383 2320 2438 τῶν
2354 2389 2730 2457 ἀρχαγγέλων,
2770 2390 2876 2444 τῶν
2915 2391 3028 2446 ἄνω
3067 2393 3377 2464 δυνάμεων,
3423 2395 3536 2448 τῶν
3585 2397 3712 2467 θρό-

2033 2492 2157 2536 νων,
2189 2473 2296 2526 τῶν
2337 2478 2692 2547 κυριοτήτων,
2726 2477 2834 2532 τῶν
2877 2480 3084 2551 ἀρχῶν,
3131 2482 3237 2534 τῶν
3283 2483 3559 2548 ἐξουσιῶν,
3600 2485 3710 2538 τῶν

2031 2561 2330 2631 Χερουϋίμ,
2361 2563 2466 2614 τῶν
2504 2565 2773 2634 Σεραφὶμ,
2811 2565 2937 2620 ποία
2965 2567 3194 2630 διάνοια,
3237 2573 3388 2634 ποῖος
3421 2571 3577 2638 λόγος
3611 2573 3713 2642 ἀρ-

2031 2651 2118 2700 κεῖ
2167 2647 2400 2712 ἐξειπεῖν
2448 2649 2548 2721 τὴν
2599 2653 2989 2725 μεγαλωσύνην
3041 2657 3204 2708 αὑτοῦ
3234 2657 3334 2727 τὴν
3375 2659 3708 2730 ἀνεκδιήγη-

2030 2754 2124 2789 τον
2161 2755 2172 2802 ;
2235 2739 2296 2790 Εἰ
2333 2739 2442 2810 γὰρ
2481 2739 2642 2793 Δαυῖδ
2668 2741 2695 2792 ὁ
2733 2743 3003 2814 μακάριος
3036 2747 3320 2816 προφήτης
3349 2745 3458 2800 τῶν
3497 2749 3710 2817 ὀρομέ-

2031 2843 2138 2878 νων
2164 2825 2261 2896 τὴν
2297 2827 2657 2898 διακόσμησιν
2700 2831 3033 2900 καταμαθὼν
3063 2831 3190 2884 ἐϐόα
3227 2833 3417 2902 λέγων,
3463 2835 3560 2900 Ὠς
3585 2836 3708 2904 ἐμε-

2029 2915 2296 2983 γαλύνθη
2334 2915 2406 2968 τὰ
2428 2917 2570 2983 ἔργα
2598 2931 2734 2978 σου,
2769 2921 2962 2985 Κύριε·
2991 2920 3184 2974 πάντα
3205 2923 3276 2975 ἐν
3302 2925 3488 2992 σοφίᾳ
3512 2925 3708 2991 ἐποίη-

2028 3019 2178 3069 σας’
2235 3003 2370 3075 ἀνὴρ
2427 3007 2680 3060 τοσούτου
2745 3008 3064 3078 Πνεύματος
3127 3012 3458 3082 ἠξιωμένος,
3507 3016 3598 3066 καὶ
3638 3015 3706 3066 τὰ

2028 3091 2196 3160 ἄδηλα
2257 3093 2351 3145 καὶ
2391 3091 2459 3145 τὰ
2493 3093 2701 3164 κρύφια
2737 3096 2836 3164 τῆς
2873 3097 3065 3166 σοφίας
3111 3099 3274 3151 αὐτοῦ
3327 3099 3518 3169 μαθεῖν
3571 3118 3704 3152 κατ-

2027 3179 2299 3247 αξιωθείς,
2329 3182 2380 3234 τί
2420 3182 2485 3236 ἂν
2515 3185 2762 3254 εἴποιμεν
2784 3187 2967 3255 ἡμεῖς,
2993 3191 3039 3240 υί
3070 3189 3140 3254 γῆ
3179 3191 3272 3242 καὶ
3297 3189 3488 3253 σποδὸς
3529 3191 3702 3256 ὄντες,

2027 3269 2120 3321 καὶ
2167 3269 2427 3340 διηνεκῶς
2474 3271 2782 3340 ὀφείλοντες
2829 3275 2980 3328 κάτω
3022 3278 3271 3338 κύπτειν,
3319 3279 3412 3330 καὶ
3463 3281 3706 3350 ἐκπλήτ-

2025 3353 2212 3405 τεσθαι
2247 3355 2342 3406 τοῦ
2381 3355 2490 3408 τῶν
2534 3357 2791 3410 ἁπάντων
2822 3360 3092 3412 Δεσπότου
3136 3362 3236 3432 τὴν
3271 3363 3473 3428 ἄφατον
3519 3365 3708 3428 φιλανο

2027 3440 2299 3510 θρωπίαν;
2343 3443 2454 3496 Καὶ
2499 3445 2552 3497 τί
2581 3445 2725 3512 λέγω
2755 3447 2848 3499 τὸν
2901 3449 3222 3519 προφήτην;
3265 3449 3322 3500 ὐ
3369 3450 3478 3519 γαρ
3527 3453 3711 3518 μακάη-

2030 3544 2140 3598 ριος
2175 3529 2406 3594 Παῦλος,
2443 3533 2475 3600 ή
2515 3533 2900 3604 οὐρανομήκης
2931 3536 3115 3604 ἐκείνη
3149 3535 3318 3606 ψυχὴ,
3345 3537 3374 3588 ὁ
3411 3536 3572 3605 σῶμα
3603 3554 3703 3589 πε-

2029 3617 2355 3686 ρικείμενος,
2389 3621 2484 3673 καὶ
2513 3623 2636 3683 ταῖς
2667 3621 3296 3692 ἀσωμάτοιςοδυνάμεσιν
3319 3623 3702 3694 άμιλλώμενε-

2026 3713 2136 3759 νος,
2163 3699 2191 3748 ὁ
2217 3698 2274 3748 ἐν
2303 3700 2372 3768 γῇ
2409 3698 2664 3768 βαδίζων,
2693 3701 2786 3753 καὶ
2811 3699 2928 3771 [28]
2951 3703 3017 3770 τῇ
3052 3700 3331 3772 προθυμία
3362 3701 3454 3754 τὸν
3476 3703 3702 3774 οὐρανὸν

2029 3783 2356 3853 περιπολῶν,
2397 3787 2476 3848 εἰς
2527 3785 2692 3855 μέρος
2730 3785 2788 3837 ’έν
2817 3803 2870 3838 τι
2901 3785 3008 3838 τῶν
3057 3784 3380 3855 οἰκονομιῶν
3419 3785 3512 3838 τοῦ
3565 3786 3699 3839 Θεοῦ

2027 3861 2281 3930 ἐμπεσὼν
2320 3863 2400 3930 (τὸ
2447 3863 2589 3918 κατὰ
2625 3863 2908 3926 Ἰουδαίους
2953 3864 3048 3916 καὶ
3075 3863 3344 3932 ’Έλληνας
3393 3862 3557 3931 λέγω,
3607 3867 3704 3919 καὶ

2026 3939 2143 4002 πῶς
2170 3941 2217 3993 οἱ
2257 3941 2354 4010 μὲν
2385 3941 2773 4012 ἐξεϐλήθησαν,
2803 3943 2850 3994 οἱ
2875 3942 2930 3994 δέ
2959 3941 3441 4012 ἀντεισήχθησαν),
3466 3944 3560 3995 καὶ
3585 3943 3700 3996 δια-

2027 4026 2270 4095 πορήσας
2295 4027 2388 4082 καὶ
2415 4027 2718 4096 ἰλιγγιάσας
2741 4027 3005 4099 ἀνέκραξε
3039 4028 3179 4098 μέγα
3203 4027 3360 4098 βοῶν,
3381 4029 3474 4082 καὶ
3499 4029 3696 4096 λέγων,

2025 4103 2085 4154 Ὢ
2111 4104 2302 4171 βάθος
2337 4108 2604 4160 πλούτου
2629 4107 2723 4158 κ(ιί
2759 4107 2982 4176 σοφίας
3003 4107 3098 4160 καί
3128 4109 3404 4176 γνώσεως
3425 4110 3594 4172 Θεοῦ,
3618 4111 3698 4174 ὡς

2023 4183 2461 4252 ἀνεξερεύνητα
2491 4185 2562 4240 τὰ
2599 4187 2850 4255 κρίματα
2881 4187 3087 4248 αὑτοῦ,
3117 4187 3214 4240 καὶ
3251 4187 3698 4257 ἀνεξιχνίαστοι

2023 4265 2082 4314 αἰ
2121 4263 2248 4316 ὁδοί
2287 4266 2493 4330 αὑτοῦ.
2541 4266 2677 4318 Ἀλλ’
2709 4267 2943 4319 ἐνταῦθα
2974 4267 3144 4338 ἡδέως
3173 4267 3402 4338 ἐροίμην
3443 4269 3568 4331 τοὺς
3597 4269 3697 4338 τὴν

2022 4340 2116 4394 τοῦ
2161 4341 2290 4396 Υίοῦ
2323 4343 2418 4396 τοῦ
2461 4344 2598 4398 Θεοῦ
2652 4345 2904 4416 γέννησιν
2945 4345 3408 4416 περιεργάζεσθαι
3457 4347 3696 4418 τολμῶν·-

2021 4448 2141 4496 τας,
2177 4433 2272 4488 καὶ
2297 4433 2390 4485 τοῦ
2423 4435 2581 4501 ἀγίου
2615 4435 2932 4506 Πνεύματος
2955 4437 3052 4506 τήν
3080 4436 3236 4500 ἀξίαν
3267 4435 3548 4506 καθαιρεῖν
3571 4439 3692 4490 ἐπι-

2023 4521 2338 4592 χειροῦντας
2358 4539 2370 4551 ·
2407 4523 2572 4575 πόθεν
2597 4525 2746 4593 ὑμῖν,
2776 4524 2898 4576 εἰπέ
2933 4541 3041 4594 μοι,
3069 4525 3166 4594 τῆς
3198 4526 3465 4594 τοσαύτης
3489 4526 3693 4596 τόλμης

2020 4604 2052 4670 ὴ
2083 4601 2417 4674 προπέτεια;
2455 4603 2564 4655 ἀπὸ
2607 4605 2764 4666 ποίας
2805 4603 3085 4674 παροινίας
3108 4606 3131 4643 ε
3166 4605 3246 4665 εἰς
3286 4605 3540 4658 τοσοῦτον
3587 4623 3692 4674 μα·

2021 4683 2140 4746 νίας
2171 4683 2520 4750 ἰξωκείλατες
2559 4686 2622 4738 Εἰ
2670 4687 2778 4756 γὰρ
2809 4686 3020 4750 Παῦλος
3054 4689 3082 4739 ὁ
3111 4687 3384 4750 τοσοῦτος,
3419 4689 3512 4740 καὶ
3539 4687 3692 4758 τηλι-

2020 4771 2235 4835 κοῦτος,
2277 4771 2344 4824 τά
2381 4774 2626 4844 κρίματα
2657 4773 2846 4840 αὐτοῦ,
2881 4775 3024 4827 τοῦτ’
3045 4774 3181 4832 ἔστι,
3211 4775 3311 4838 τάς
3351 4776 3690 4846 οἰκονομίας,

2018 4850 2116 4913 τὰς
2141 4849 2454 4921 διοικήσεις,
2489 4852 2887 4924 ἀνεξερεύνητά
2921 4869 3083 4921 φησιν
3115 4851 3274 4917 εἶναι,
3301 4855 3394 4906 καὶ
3416 4855 3514 4907 ούκ
3537 4851 3691 4908 εἶπεν

2019 4931 2400 5000 ἀκατάληπτα,
2456 4933 2569 4986 ἀλλ’
2618 4933 3037 5003 ἀνεξερεύνητα,
3089 4933 3228 4986 ὥστε
3289 4933 3426 5002 μηδὲ
3463 4935 3691 5005 ἔρευναν

2021 5009 2408 5074 ἐπιδέξασθαι11
2429 5053 2442 5072 ,
2473 5013 2568 5064 καὶ
2605 5012 3022 5082 ἀνεξιχνίαστοι,
3054 5013 3236 5082 φησὶν,
3271 5015 3327 5066 αἰ
3355 5013 3464 5068 ὁδοὶ
3498 5014 3685 5075 αὐτοῦ.

2019 5089 2184 5142 πάλιν
2209 5090 2274 5143 τὸ
2299 5089 2434 5143 αὐτὸ
2461 5091 2654 5159 λέγων,
2685 5093 2838 5155 ὀδοὺς
2869 5092 2938 5144 τά
2965 5092 3362 5163 προστάγματα
3388 5091 3568 5146 καλῶν
3594 5094 3689 5146 καὶ

2013 5178 2114 5241 τάς
2143 5179 2382 5242 ἐντολάς,
2415 5179 2534 5241 πῶς
2561 5180 2720 5249 ὑμεῖς
2755 5179 2923 5248 αὐτὴν
2958 5178 3054 5248 τὴν
3097 5180 3286 5232 οὐσίαν
3323 5178 3418 5234 τοῦ
3449 5180 3686 5246 Μονογε-

2015 5257 2140 5322 νοῦς
2171 5259 2628 5328 περιεργάζεσθαι
2649 5258 2903 5328 τολμᾶτε,
2945 5259 3039 5312 καὶ
3061 5257 3154 5310 τοῦ
3189 5257 3343 5322 ἁγίου
3368 5257 3686 5327 Πνεύματος

2015 5336 2111 5408 τήν
2143 5337 2300 5403 ἀξίαν
2347 5337 2603 5392 ἐλαττοῦν
2640 5338 2699 5392 τό
2739 5355 2802 5405 γε
2843 5337 2964 5392 καθ’
2995 5338 3172 5406 ὑμᾶςς
3213 5337 3424 5410 Ὁρᾶτε,
3461 5338 3682 5408 ἀγαπη-

2014 5417 2115 5480 10".,
2149 5417 2272 5470 ὅσον
2305 5418 2421 5470 ἐστὶ
2451 5417 2620 5470 κακὸν
2652 5417 2714 5470 τὸ
2752 5417 2825 5486 μὴ
2872 5417 3160 5488 προσέχειν
3211 5416 3348 5484 μετά
3398 5415 3683 5485 ἀκριϐείας

2012 5499 2124 5558 τοῖς
2155 5497 2213 5548 ἐν
2245 5499 2310 5566 τῇ
2343 5496 2462 5568 θεία
2491 5497 2679 5566 Γραφῇ
2702 5497 2997 5565 κειμένοις.
3042 5491 3198 5550 Οὗτοι
3243 5495 3350 5565 γάρ
3383 5495 3433 5547 εἰ
3473 5493 3541 5548 τά
3571 5495 3682 5548 ἀπὸ

2011 5576 2111 5640 τῆς
2151 5573 2302 5637 θείας
2334 5575 2556 5646 Γραφῆς
2602 5575 2908 5646 διδάγματα
2955 5577 3073 5645 μετ’
3111 5574 3530 5646 εὐγνωμοσύνης
3561 5575 3678 5627 ὲδέο

2011 5679 2188 5732 χοντο,
2223 5664 2316 5716 καὶ
2349 5664 2422 5734 μὴ
2453 5662 2522 5715 τά
2553 5662 2662 5715 ἀπὸ
2689 5661 2796 5715 τῶν
2826 5663 3041 5716 οἰκείων
3067 5662 3344 5736 λογισμῶν
3373 5662 3674 5734 εἰσέφερον,

2079 5799 2097 5838 f
2131 5800 2256 5864 Reg.
2280 5814 2406 5850 unus
2427 5803 2524 5856 τῶν
2541 5801 2807 5864 ὁρωμένων.

2085 5864 2108 5927 ξς
2131 5863 2326 5913 Cnislin.
2351 5863 2608 5927 παροινζαὲςς
2630 5865 2725 5912 Alii
2749 5865 3020 5927 παρανοίας.

2082 5923 2108 5961 ιι
2136 5927 2257 5984 Reg.
2290 5923 2489 5973 unus'ct
2509 5925 2724 5974 Comen.
2751 5923 2875 5976 unus
2902 5929 3234 5983 ἐπιδείξασθαι.

3199 6038 3238 6098 3
