4040 6378
309 301 375 357 ιδ
1100 296 1157 352 S.
1197 294 1480 352 JOANNIS
1517 293 1963 378 Cil-ﬂYSOSTON

2066 293 2365 351 iRClllEP.
2409 295 2957 354 CONSTANTINOP.
3685 295 3754 351 ιθ

305 419 404 468 οὐκ
453 414 515 467 ἂν
547 413 625 475 εἰς
674 410 941 480 τοσαύτην
975 410 1161 464 ἄνοιαν
1228 412 1551 483 ἐτράπησαν
1577 453 1591 467 .
1638 411 1776 464 Ἀλλ’
1817 415 1976 481 ἡμεῖς

304 504 425 557 οὐδέ
453 496 596 554 οὑτω
639 498 974 568 παυσώμεθα
1003 498 1071 550 τά
1102 498 1211 550 ἀπὸ
1243 500 1341 569 τῆς
1371 499 1522 563 θείας
1545 499 1763 571 [ραφῆς
1795 501 1977 562 αὐτοῖς

305 588 644 660 ἐνηχοῦντες,
676 587 770 639 καὶ
800 586 896 647 τὰς
942 585 1148 636 ἑαυτῶν
1181 587 1350 650 ἀκοὰς
1382 567 1814 658 ἀποτείχίζοντες
1861 589 1974 651 τοῖς

302 676 564 747 ὀλεθρίοις
591 673 767 727 αὐτῶν
788 672 1127 741 διδάγμασιν.

371 772 437 827 ς’.
480 762 620 814 Ἀλλ’
648 761 749 812 οὐκ
768 755 888 812 οἴδα
911 759 1026 822 πῶς
1054 760 1216 812 πάλιν
1243 760 1348 813 ὑπὸ
1375 761 1474 830 τῆς
1503 761 1684 833 ῥύμης
1705 761 1974 830 τοῦλόγου

303 854 383 915 εἰς
423 850 596 904 ταῦτα
645 846 1037 918 ἐξενεχθέν-τες,
1080 847 1180 918 τῆς
1234 849 1556 911 ἀκολουθίας
1596 849 1964 920 ἐξεπέσαμεν·

300 948 380 999 διὸ
419 945 580 998 πάλιν
623 945 1037 1011 ἐπαναγαγεῖνα
1071 942 1151 995 δεῖ
1177 943 1268 996 τὸν
1299 943 1457 1010 λόγον
1489 945 1580 995 ἐπὶ
1607 943 1675 998 τὰ
1704 943 1965 1017 πρότερα.

301 1033 410 1086 Καὶ
438 1031 712 1091 ἐκάλεσε,
762 1029 949 1099 φησὶν,
990 1032 1021 1082 ό
1063 1029 1208 1095 Θεὸς
1249 1030 1317 1083 τὸ
1354 1030 1656 1100 στερέωμα
1689 1033 1969 1100 οὐρανὸν,

300 1122 398 1176 καὶ
451 1117 613 1174 εἶδεν
645 1122 677 1173 ὀ
713 1119 858 1184 Θεὸς
895 1118 984 1172 ὅτι
1027 1119 1238 1172 καλόν.
1286 1120 1396 1172 Καὶ
1451 1119 1689 1189 ἐγένετο
1723 1119 1972 1189 ἑσπέρα,

299 1209 396 1263 καὶ
431 1207 668 1277 ἐγένετο
700 1207 869 1274 πρωῒ,
898 1205 1088 1275 ἡμέρα
1117 1206 1384 1274 δευτέρα.
1427 1207 1664 1271 Ἐπιθεὶς
1691 1207 1790 1278 τὴν
1809 1224 1975 1278 προσ-

297 1297 526 1367 ηγορίαν
584 1293 664 1365 τῷ
728 1291 1091 1364 στερεῶματι,
1141 1296 1236 1347 καὶ
1287 1295 1579 1358 ἐπαινέσας
1623 1295 1685 1348 τὸ
1729 1297 1971 1364 γεγονὸς,

295 1385 450 1447 τέλος
495 1382 732 1454 ἐπέθηκε
780 1384 849 1452 τῇ
885 1380 1114 1452 δευτέρᾳ.
1149 1381 1353 1453 ἡμέρᾳ,
1390 1384 1485 1437 καί
1512 1400 1682 1453 φησι·
1716 1383 1824 1437 Καὶ
1849 1383 1975 1453 ἑτέ-

296 1490 435 1526 rato
480 1471 728 1539 ἑσπέρα,
761 1469 861 1522 καὶ
887 1466 1125 1537 ἐγένετο
1158 1469 1328 1536 πρωῒ,
1357 1469 1548 1540 ἡμέρα
1579 1469 1848 1540 δευτέρα.
1878 1468 1971 1525 Εἷ-

296 1561 386 1624 δες
413 1559 532 1622 πῶς
565 1556 701 1628 μετά
729 1555 1014 1627 ἀκριδείας
1042 1557 1193 1626 ἡμᾶς
1218 1556 1459 1610 διδάσκει
1489 1557 1550 1610 τὸ
1575 1557 1676 1628 μὲν
1702 1557 1854 1618 τέλος
1874 1556 1968 1611 τοῦ

297 1649 476 1720 φωτὸς
510 1646 754 1717 ἑσπέραν
787 1643 990 1706 καλῶν,
1017 1644 1080 1696 τὺ
1108 1644 1165 1697 δέ
1191 1643 1346 1709 τέλος
1369 1646 1468 1716 τῆς
1499 1645 1693 1709 νυκτὸς
1733 1646 1968 1717 πρωῖαν,

297 1738 390 1791 καὶ
422 1735 636 1807 ἡμέραν
665 1733 727 1785 τὸ
765 1733 871 1785 πᾶν
902 1730 1342 1802 προσαγορεύων,
1379 1731 1519 1785 ὥστε
1551 1733 1627 1805 μή
1664 1731 1968 1786 πλανᾶσθαι

293 1824 464 1895 ἡμᾶς,
495 1821 628 1892 μηδέ
648 1819 889 1890 νομίζειν
921 1818 1018 1888 τὴν
1056 1818 1296 1888 ἑσπέραν
1321 1819 1474 1883 τέλος
1520 1815 1658 1874 εἶναι
1691 1821 1791 1891 τῆς
1831 1821 1969 1892 ἡμέ-

300 1928 419 1983 ρας,
447 1909 561 1962 ἀλλ’
594 1907 792 1960 εἰδέναι
833 1904 1022 1975 σαφῶς
1063 1907 1145 1959 δτι
1175 1907 1504 1977 ἀμφοτέρων
1539 1907 1600 1960 τὸ
1631 1908 1804 1978 μῆκος
1837 1907 1966 1978 μίαν

297 2000 510 2071 ἡμέραν
540 1998 769 2068 πληροῖς
803 1995 916 2048 Καὶ
940 1996 974 2065 ἡ
1017 1995 1116 2060 μὲν
1146 1994 1356 2066 ἐσπέρα
1387 1995 1538 2058 τέλος
1569 1995 1662 2048 τοῦ
1690 1997 1868 2064 φωτὸς
1902 1997 1967 2050 ἂν

294 2087 517 2149 δικαίως
557 2085 789 2154 λέγοιτο,
832 2085 860 2137 ὁ
898 2083 956 2135 δέ
1008 2081 1225 2155 ὄρθρος,
1262 2082 1405 2136 τοῦτ’
1435 2083 1650 2149 ἕστι,τὸ
1682 2084 1836 2147 τέλος
1861 2085 1960 2154 τῆς

294 2175 512 2237 νυκτὸς,
545 2173 820 2242 πλήρωμα
853 2170 1206 2241 τῆςὴμέρας.
1241 2169 1412 2223 Τοῦτο
1449 2171 1556 2242 γὰρ
1591 2170 1842 2241 βούλεται
1870 2171 1967 2241 δη-

295 2262 421 2315 λοῦν
469 2264 502 2332 ἡ
546 2259 664 2312 θεία
712 2257 902 2329 Γραφὴ
957 2258 1261 2325 φάσκουσα,
1306 2255 1415 2311 Καὶ
1453 2259 1688 2326 ἐγένετο
1719 2258 1967 2326 ἑσπέρα,

296 2352 394 2405 καὶ
430 2349 666 2418 ἐγένετο
694 2349 865 2414 πρωῒ,
892 2345 1079 2414 ἡμέρα
1106 2345 1372 2413 δευτέρα.
1410 2345 1562 2416 Τάχα
1597 2347 1677 2408 εἰς
1704 2344 1837 2400 πολύ
1867 2349 1970 2418 μῆο

295 2455 390 2500 κος
412 2437 504 2490 τὸν
537 2435 694 2503 λόγον
723 2433 1091 2502 ἐξετείναμεν,
1119 2432 1218 2502 οὐχ
1249 2432 1488 2497 ἑκόντες,
1519 2431 1634 2484 ἀλλ’
1661 2434 1750 2486 ὑπ’
1775 2433 1965 2504 αὐτῆς,

293 2526 370 2588 ὡς
401 2524 465 2578 ἂν
494 2523 634 2576 εῐποι
651 2539 754 2585 τις,
775 2521 872 2590 τῆς
895 2520 1003 2572 τῶν
1026 2518 1198 2588 λόγων
1215 2519 1555 2583 ἀκολουθίας,
1580 2519 1829 2592 καθάπερ
1864 2521 1969 2574 ὑπὸ

293 2612 598 2684 χειμάρρου
633 2613 776 2672 τινὸς
798 2608 1158 2678 σφοδροτάτου
1194 2608 1602 2678 παρασυρέντες
1620 2608 1671 2661 ι).
1712 2609 1822 2662 Καὶ⁵
1844 2608 1966 2662 τού-

292 2719 387 2754 του
422 2701 477 2753 δέ
510 2699 669 2770 ὑμεῖς
690 2697 884 2754 ἀίτιοι,
917 2699 964 2749 οἱ
998 2695 1118 2766 μεθ’
1145 2695 1342 2766 ἡδονῆς
1375 2695 1668 2759 ἀκούοντες
1696 2695 1803 2748 τῶν
1835 2697 1965 2768 παρ’

293 2789 448 2858 ἡμῶν
491 2786 820 2856 λεγομένων.
853 2783 1018 2836 Οὐδὲν
1063 2783 1172 2853 γὰρ
1215 2782 1358 2836 οὑτω
1415 2782 1700 2853 διεγείρειν
1744 2782 1967 2836 δύναται

292 2878 384 2928 τὸν
413 2875 662 2942 λέγοντα,
699 2873 796 2926 καὶ
828 2874 908 2935 είς
952 2870 1174 2924 πλείονα
1203 2871 1462 2940 εὐπορίαν
1494 2872 1724 2938 ἀγαγεῖν
1765 2873 1968 2942 νοημά-

291 2982 425 3028 των,
461 2961 575 3034 [29]
602 2962 678 3024 ὼς
707 2963 740 3031 ἡ
771 2959 880 3014 τῶν
909 2957 1196 3028 ἀκροατῶν
1229 2957 1528 3028 προθυμία.
1555 2959 1665 3011 Καὶ
1695 2957 1886 3030 ὥσπερ
1917 2963 1965 3014 οἱ

293 3049 750 3110 ἀναπεπτωκότες
795 3047 892 3100 καὶ
943 3045 1178 3117 ῥάθυμοι
1216 3046 1480 3116 ἀκροαταὶ
1527 3046 1616 3098 καὶ
1657 3045 1748 3098 τὸν
1787 3045 1967 3115 λέγειν

291 3140 591 3209 δυνάμενον
679 3134 1042 3203 ὀκνηρότερον
1097 3132 1537 3202 ἀπεργάζονται·
1587 3131 1759 3195 οὕτως
1810 3133 1968 3202 ὑμεῖς

289 3227 380 3281 διά
421 3227 521 3297 τὴν
571 3222 664 3277 τοῦ
715 3220 851 3274 Θεοῦ
900 3219 1079 3292 χάριν,
1116 3218 1220 3272 κάν
1269 3220 1448 3272 αὐτῶν
1478 3219 1586 3272 τῶν
1627 3220 1791 3274 λίθων
1816 3215 1966 3291 ὦμεν

291 3314 626 3384 ἀφωνότεροι
646 3322 694 3374 ε,
721 3309 898 3363 ἱκανοὶ
927 3307 1226 3376 τυγχάνετε
1280 3308 1382 3378 τὴν
1410 3308 1686 3378 ἡμετέραν
1735 3309 1966 3363 νωθείαν

289 3403 574 3472 διεγεῖραι,
591 3396 788 3451 καὶτὸν
806 3395 972 3448 ὑπνον
995 3395 1335 3458 ἀποτινάξαι,
1353 3396 1446 3447 καὶ
1466 3393 1760 3464 βιάσασθαι
1787 3395 1964 3448 εἰπεῖν

290 3509 344 3544 τι
377 3490 485 3543 τῶν
519 3489 646 3558 ὑμῖν
675 3485 962 3556 χρησίμων
1009 3484 1104 3537 καὶ
1131 3487 1210 3546 εἰς
1240 3484 1337 3553 τὴν
1365 3483 1640 3553 ὑμετέραν
1672 3483 1963 3555 οἰκοδομὴν

294 3576 704 3631 συντεινόντων.
758 3573 915 3626 Ἐπεὶ
961 3568 1054 3625 οὖν
1098 3571 1330 3624 τοιοῦτοι
1365 3571 1664 3641 τυγχάνετε
1720 3571 1964 3626 θεοδίδα-

291 3684 411 3721 κτοι
436 3667 608 3727 ὄντες,
641 3661 952 3732 δυνάμενοι,
1001 3659 1141 3714 κατά
1167 3659 1260 3712 τὸν
1296 3661 1566 3731 μακάριον
1610 3660 1841 3725 Παῦλον,
1870 3663 1962 3716 καὶ

291 3755 482 3816 ἄλλους
529 3750 818 3812 νουθετεῖν,
856 3751 988 3820 φέρε
1042 3747 1525 3819 παρακαλέσωμεν
1576 3749 1742 3818 ὑμᾶς,
1771 3750 1818 3801 εἰ
1868 3749 1961 3803 καί

291 3859 424 3895 ποτε
457 3839 668 3901 ἄλλοτε,
696 3835 839 3888 κατά
865 3835 955 3888 τὸν
989 3834 1089 3904 τῆς
1115 3833 1366 3905 νηστείας
1393 3833 1604 3904 καιρὸν,
1628 3834 1827 3906 πολλὴν
1863 3839 1962 3907 τῆς

291 3927 498 4000 ἀρετῆς
542 3925 640 3994 τὴν
692 3921 834 3976 κατά
882 3920 1015 3973 Θεὸν
1062 3921 1324 3992 πρόνοιαν
1381 3921 1732 3991 ποιήσασθαι,
1756 3924 1850 3976 καὶ
1885 3924 1960 3993 μὴ

294 4012 604 4088 προσκορὴς
630 4012 758 4082 ὑμῖν
783 4012 811 4063 ό
843 4009 1002 4077 λόγος
1035 4009 1284 4077 γένηται,
1309 4009 1358 4060 εί
1392 4007 1512 4062 καθ’
1535 4009 1774 4080 ἑκάστην
1819 4012 1852 4082 ἡ
1863 4010 1962 4082 μέ-

295 4121 396 4176 ραν
424 4103 551 4172 ὑμῖν
607 4096 734 4169 περὶ
773 4099 881 4150 τῶν
920 4096 1099 4149 αὐτῶν
1133 4094 1530 4165 διαλεγόμεθα·
1583 4095 1653 4148 τά
1686 4096 1824 4150 αὐτά
1853 4098 1958 4169 γάρ

290 4191 470 4258 λέγειν
501 4188 624 4258 ἐμοὶ
652 4185 748 4256 μέν
793 4184 893 4236 οὐκ
930 4181 1183 4253 ὀκνηρὸν,
1214 4181 1356 4234 κατά
1389 4181 1480 4234 τὸν
1511 4182 1779 4254 μακάριον
1812 4183 1960 4237 Παῦ-

289 4278 402 4341 λον,
434 4276 564 4344 ὐμῖν
607 4272 666 4326 δὲ
714 4268 975 4338 ἀσφαλές.
1004 4270 1184 4321 Δεῖται
1225 4268 1333 4339 γάρ
1367 4269 1523 4338 ἡμῶν
1546 4270 1580 4339 ή
1615 4269 1762 4340 ψυχὴ
1800 4270 1960 4342 ρᾴθυ.

293 4381 392 4435 μος
411 4360 544 4416 οὖσα
576 4356 832 4429 συνεχοῦς
862 4360 960 4427 τῆς
1007 4355 1388 4426 ὑπομνήσεως.
1447 4355 1558 4409 Καὶ
1605 4357 1856 4430 καθάπερ
1897 4361 1960 4412 τὸ

291 4453 449 4523 σῶμα
480 4447 638 4503 τοῦτο
663 4447 781 4500 καθ’
815 4445 1050 4514 ἑκάστην
1069 4443 1282 4514 ἡμέραν
1309 4443 1478 4497 δεῖται
1509 4445 1608 4514 τῆς
1643 4447 1960 4517 σωματικῆς

288 4539 517 4611 τροφῆς,
559 4535 700 4589 ὥστε
732 4533 806 4604 μὴ
833 4535 910 4595 εἰς
936 4530 1134 4602 πολλὴν
1156 4532 1442 4584 ἀσθένειαν
1480 4532 1718 4600 ἐμπεσὸν
1745 4533 1961 4604 ἀνενέρ-

288 4645 453 4698 γητον
483 4623 701 4679 κεῖσθαι
731 4637 746 4651 ·
801 4618 945 4672 οὑτω
971 4620 1034 4690 δὴ
1067 4619 1161 4672 καὶ
1185 4622 1217 4690 ἡ
1244 4618 1390 4689 ψυχὴ
1445 4619 1637 4691 χρῄζει
1665 4621 1765 4690 τῆς
1794 4637 1958 4674 πνευ-

292 4713 530 4787 ματικῆς
545 4710 752 4782 τροφῆς
775 4708 869 4762 καὶ
897 4707 998 4776 τῆς
1017 4707 1248 4777 ἀρίστης
1276 4707 1566 4771 πολιτείας,
1584 4707 1722 4761 ῶστε
1747 4703 1806 4760 ἐν
1829 4725 1957 4762 συν-

288 4801 448 4872 ηθείᾳ
501 4799 608 4852 τινὶ
639 4795 746 4848 τῶν
788 4794 967 4848 καλῶν
992 4793 1286 4864 γινομένην
1307 4793 1499 4863 αὐτὴν,
1521 4794 1819 4864 ἀχείρωτον
1850 4795 1958 4850 λοι-

287 4889 389 4942 πὸν
425 4884 759 4953 καταστῆναι
796 4884 916 4944 ταῖς
944 4879 1256 4944 ἐπιϐουλαῖς
1278 4878 1373 4933 τοῦ
1397 4880 1658 4951 πονηροῦ.

359 4975 426 5038 ζ..
453 4973 588 5026 Καθ’
615 4972 853 5040 ἑκάστην
873 4969 1052 5022 τοίνυν
1079 4967 1178 5038 τὴν
1200 4968 1415 5039 ἡμέραν
1443 4968 1649 5038 ταύτης
1675 4969 1776 5039 τὴν
1807 4972 1957 5039 ἰσχὺν

288 5056 806 5133 περιεργαζώμεθα,
839 5056 935 5109 καὶ
980 5056 1208 5118 ἑαυτοὺς
1233 5055 1647 5126 διερευνώμενοι
1682 5057 1952 5127 μηδέποτε

287 5149 680 5216 διαλείπωμεν·
715 5145 810 5198 καὶ
838 5143 1145 5211 λογοθέσιον
1178 5143 1388 5205 ἑαυτοῖς
1412 5142 1678 5212 ποιῶμεν,
1718 5145 1812 5197 καὶ
1844 5145 1952 5202 τῶν

288 5233 678 5303 εἰσαγομένων,
713 5232 810 5285 καὶ
853 5230 960 5283 τῶν
1009 5228 1375 5298 ἐξαγομένων,
1412 5228 1465 5280 τί
1517 5230 1614 5299 μὲν
1666 5231 1954 5302 χρησίμως

288 5319 689 5392 ἐφθεγξάμεθα,
721 5319 774 5371 τί
805 5318 860 5371 δέ
885 5317 1055 5388 ἀργὸν
1077 5317 1227 5387 ῥῆμα
1254 5316 1696 5387 προηνέγκαμεν,
1732 5319 1826 5371 καὶ
1850 5322 1954 5373 πά-

286 5410 392 5470 λιν,
427 5409 481 5461 τί
511 5408 607 5477 μὲν
655 5405 764 5458 τῶν
793 5403 1093 5473 ἐπωφελῶν
1113 5403 1200 5456 διά
1217 5403 1314 5468 τῆς
1343 5403 1513 5473 ἀκοῆς
1539 5406 1616 5466 εἰς
1641 5405 1740 5473 τὴν
1777 5405 1954 5475 ψυχὴν

287 5494 678 5565 είσηγάγομεν,
717 5493 769 5544 τί
808 5493 864 5545 δέ
891 5491 1000 5544 τῶν
1042 5491 1298 5560 βλάπτειν
1347 5491 1658 5561 δυναμένων
1689 5493 1851 5546 πάλιν
1877 5497 1954 5558 εἰς

285 5582 489 5651 ταύτην
517 5581 941 5650 εἰσηνέγκαμεν.
976 5580 1086 5632 Καὶ
1113 5581 1177 5649 τῇ
1221 5579 1319 5649 μὲν
1354 5578 1566 5651 γλώττῃ
1613 5580 1838 5644 κανόνας
1875 5599 1954 5634 τι-

285 5672 381 5732 νὰς
417 5669 511 5721 καὶ
564 5669 723 5738 ὅρους
761 5667 1064 5738 ἐπιθῶμεν,
1092 5666 1233 5718 ὥστε
1291 5666 1558 5738 πρότερον
1609 5667 1952 5737 διαμαρυκᾶο

347 5772 374 5800 ⁸⁸
395 5768 595 5818 Coisiin.
621 5774 673 5816 et
696 5768 832 5818 Colb.
861 5781 988 5815 unus
1012 5766 1273 5826 ἐπανάγειν.
1295 5767 1467 5816 Morel.
1492 5767 1697 5828 ἐπάγειν.

343 5832 374 5906 ξ
401 5832 627 5906 Quin-que-
651 5844 765 5878 mss.
791 5831 914 5884 τινὸς
941 5829 1122 5906 σφόδρα
1141 5843 1376 5902 παρασυρ.

347 5895 371 5925 ε
407 5890 558 5944 Sari];
582 5898 862 5951 elquatuor
903 5903 1020 5938 mss.
1051 5890 1178 5950 ὦμεν
1198 5890 1532 5951 ταπεινότεροι,
1576 5891 1774 5952 rmvet,

2087 407 2258 464 σθαι(1
2295 412 2362 466 τὰ
2396 413 2638 483 ῥήματα.
2691 416 2784 468 καὶ
2825 416 2969 470 οὑτω
3025 416 3323 488 προφέρειν
3361 418 3488 480 τούς
3526 416 3753 484 λόγους·

2081 499 2181 569 τὴν
2228 499 2284 552 δὲ
2317 499 2558 554 διάνοιαν
2596 503 2943 572 παιδεύωμεν
2974 505 3140 574 μηδὲν
3168 504 3451 575 προΐεσθαι
3485 504 3593 556 τῶν
3627 504 3756 574 βλαι

2082 585 2278 656 δερῶν,
2307 587 2444 640 άλλά
2469 587 2572 642 κᾶν
2605 587 2803 652 ἔξωθέν
2830 607 2883 642 τι
2918 591 3311 662 ἐπεισφέρηται
3339 590 3599 655 τοιοῦτον,
3627 589 3758 644 τοῦ·

2081 689 2142 723 το
2175 673 2250 736 ὼς
2289 675 2549 744 περιττὸν
2589 676 2683 728 καὶ
2723 675 2983 745 βλάπτειν
3035 677 3332 749 δυνάμενον
3379 677 3754 739 ἀποσείεσθαι,

2081 759 2186 811 κᾶν
2216 759 2426 812 ἔνδοθεν
2458 759 2735 832 τίκτηται,
2767 763 2980 832 ταχέως
3019 763 3152 816 αὐτὸ
3185 763 3510 832 φυγαδεύειν
3559 761 3638 833 τῷ
3663 763 3753 816 εὑ-

2081 847 2231 900 σεδεῖ
2269 848 2536 920 λογισμῷ,
2579 850 2674 903 καὶ
2717 850 2792 920 μὴ
2826 850 3140 922 νομίζωμεν
3172 851 3274 923 τὴν
3315 851 3531 906 ἀσιτίαν
3580 851 3748 922 μόνον

2077 934 2177 1007 τὴν
2209 936 2371 1008 μέχρι
2399 939 2498 1008 τῆς
2525 939 2763 1010 ἑσπέρας
2807 940 2998 1009 ἀρκεῖν
3021 941 3153 1009 ἡμῖν
3195 939 3332 1010 πρὸς
3364 940 3659 1011 σωτηρίαν.
3687 941 3752 994 Εἰ

2077 1026 2187 1096 γὰρ
2227 1025 2503 1090 Ἰουδαίοις
2548 1031 2662 1090 τοῖς
2710 1029 3023 1098 ἀγνώμοσιν
3062 1028 3250 1097 ἔλεγεν
3303 1029 3331 1080 6
3369 1029 3752 1102 φιλάνθρωπος

2075 1113 2354 1184 Δεσπότης
2389 1113 2476 1167 διὰ
2506 1115 2600 1168 τοῦ
2633 1116 2916 1186 προφήτου
2940 1130 2956 1146 ·
2999 1115 3144 1194 Ἰδοὺ
3167 1117 3270 1182 ἔτη
3303 1115 3748 1185 ἐϐδομήκοντα·

2070 1199 2156 1269 μὴ
2186 1202 2479 1268 νηστείαν
2496 1201 2940 1270 νενηστεύκατέ
2969 1220 3097 1272 μοις
3135 1203 3247 1257 Καὶ
3271 1203 3380 1256 ἐὰν
3405 1203 3632 1272 φάγητε
3649 1205 3750 1257 καί

2074 1289 2308 1357 πίνητε,
2345 1291 2460 1360 οὐχ
2504 1291 2674 1360 ὑμεῖς
2711 1291 2946 1344 ἐσθίετε
2996 1291 3094 1345 καὶ
3138 1292 3379 1356 ali-ste;
3409 1291 3555 1345 Τάδε
3582 1291 3748 1360 λέγει

2073 1378 2291 1446 Κύριος
2326 1379 2782 1449 παντοκράτωρ·
2835 1379 3018 1449 κρῖμα
3067 1379 3300 1432 δίκαιον
3347 1381 3605 1448 κρίνατε,
3646 1379 3750 1432 καὶ

2071 1467 2255 1520 ἔλεον
2283 1468 2381 1520 καὶ
2417 1469 2718 1537 οὶκτιρμόν
2745 1468 2964 1522 ποιεῖτε
2994 1468 3252 1533 ἕκαστος
3276 1469 3427 1536 μετὰ
3460 1467 3567 1521 τοῦ
3593 1470 3750 1535 πλη-

2071 1556 2212 1609 σιόν
2238 1554 2447 1622 αὑτοῦ,
2481 1557 2576 1610 καὶ
2610 1555 2823 1624 χήραν,
2857 1556 2956 1609 καὶ
2989 1555 3274 1624 ὀρφανὸν,
3303 1553 3401 1608 καί
3431 1553 3746 1623 προσήλυ-

2071 1663 2198 1712 τον,
2227 1645 2326 1700 καὶ
2365 1646 2597 1715 πένητα
2619 1645 2706 1716 μὴ
2739 1645 3294 1700 κατώυναστεὺετε
3314 1655 3359 1704 ο,
3387 1643 3486 1697 καὶ
3528 1645 3748 1698 κακίαν

2069 1734 2330 1801 ἕκαστος
2353 1734 2506 1804 μετὰ
2533 1735 2640 1788 τοῦ
2669 1733 2939 1803 ἀδελφοῦ
2971 1733 3159 1788 αὑτοῦ
3179 1733 3268 1802 μὴ
3301 1733 3748 1802 μνησικακείτω

2069 1821 2139 1874 ἐν
2175 1821 2303 1888 ταῖς
2331 1821 2603 1890 καρδίαις
2631 1819 2816 1890 ὑμῶν.
2847 1820 2910 1874 Εἰ
2938 1821 3118 1874 τοίνυν
3143 1820 3376 1882 ἐκείνοις
3407 1823 3520 1882 τοῖς
3547 1821 3641 1872 ἐπὶ
3673 1823 3744 1892 τῇ

2071 1911 2199 1982 σκιᾷ
2229 1909 2736 1982 παρακαθημένοις,
2772 1911 2868 1963 καὶ
2890 1908 2969 1980 τῷ
3001 1911 3176 1980 σκότῳ
3202 1909 3301 1978 τῆς
3330 1907 3539 1978 πλάνης
3565 1925 3742 1978 προσ-

2068 1997 2386 2068 ηλωμένοις,
2419 1995 2572 2050 οὐδὲν
2603 1996 2795 2066 ὄφελος
2832 1996 2942 2051 ἀπὸ
2986 1997 3086 2067 τῆς
3135 1995 3390 2068 νηστείας
3426 1996 3595 2067 μόνης
3628 1996 3744 2064 ἐγί-

2068 2102 2209 2148 νετο,
2253 2085 2327 2155 μὴ
2358 2084 2532 2138 ταῦτα
2558 2083 2972 2156 κατωρθωκόσι,
3003 2087 3097 2138 καὶ
3131 2085 3231 2155 τὴν
3255 2085 3452 2138 κακίαν
3469 2083 3568 2154 τήν
3601 2084 3743 2155 πρὸς

2067 2167 2158 2220 τὸν
2200 2167 2428 2236 πλησίον
2477 2168 2541 2220 ἐκ
2584 2167 2684 2237 τῆς
2739 2167 2967 2239 καρδίας
2997 2166 3296 2237 ἐξορίσασι,
3342 2169 3501 2218 ποίαν
3544 2164 3742 2236 ἕξομεν

2068 2251 2230 2319 ἡμεῖς
2280 2250 2576 2319 ἀπολογίαν
2624 2251 2674 2302 οἱ
2714 2249 2784 2304 τά
2840 2251 3063 2320 μείζονα
3109 2248 3520 2320 ἀπαιτούμενοι,
3552 2249 3740 2302 καὶού

2075 2328 2247 2380 ταῦτα
2288 2329 2451 2399 μόνον
2477 2331 2655 2382 ποιεῖν
2683 2329 3051 2398 κελευόμενοι,
3076 2325 3211 2381 ἀλλά
3244 2327 3360 2399 [50]
3385 2329 3480 2381 καὶ
3509 2329 3740 2399 ἐχθροὺς

2069 2407 2316 2478 ἀγαπᾷν,
2361 2409 2457 2461 καὶ
2483 2409 2792 2481 εὐεργετεῖν
2826 2407 3322 2478 προσταττόμενοι;
3357 2409 3451 2460 καὶ
3488 2408 3541 2461 τί
3573 2407 3736 2476 λέγω,

2067 2487 2411 2558 εὐεργετεῖν;
2468 2487 2726 2558 εὐχεσθαι
2780 2488 2879 2558 μὲν
2916 2483 3010 2541 οὖν
3053 2487 3194 2558 ὑπὲρ
3236 2487 3438 2552 αὐτῶν,
3489 2489 3584 2540 καὶ
3645 2489 3740 2541 τὶν

2065 2568 2343 2638 Δεσπότην
2379 2567 2736 2639 παρακαλεῖν,
2769 2568 2864 2620 καὶ
2907 2566 3171 2620 ἱκετεύειν
3200 2568 3280 2628 εἰς
3310 2568 3409 2637 τὴν
3449 2567 3589 2638 ὑπὲρ
3611 2568 3738 2619 τού-

2065 2664 2174 2699 των
2209 2647 2574 2718 κηδεμονίαν;
2613 2647 2786 2700 Τοῦτο
2830 2647 2939 2716 γὰρ
2989 2649 3122 2717 ἡμῖν
3152 2645 3389 2716 μάλιστα
3427 2646 3644 2698 πάντων
3679 2648 3739 2699 ἐν

2067 2728 2253 2799 ἐκείνῃ
2287 2731 2352 2798 τῇ
2380 2727 2585 2798 φοεερᾷ
2620 2728 2986 2798 προστήσεται
3021 2726 3227 2798 ἡμέρᾳ,
3264 2726 3360 2779 καὶ
3389 2725 3600 2796 δαπάνη
3641 2743 3739 2797 με-

2065 2807 2225 2876 γίστη
2270 2807 2419 2859 ἔσται
2464 2808 2571 2860 τῶν
2615 2807 2745 2877 ἡμῖν
2791 2807 3218 2877 ἡμαρτημένων,
3253 2807 3346 2859 ἐὰν
3397 2801 3541 2858 οὕτω
3598 2805 3739 2877 πρὸς

2064 2897 2191 2959 τοὺς
2228 2895 2512 2966 ἐχθρωδῶς
2549 2893 2683 2966 πρὸς
2725 2897 2873 2966 ἡμᾶς
2901 2895 3122 2965 ἔχοντας
3153 2894 3497 2965 διακείμεθα.
3527 2893 3591 2948 Εί
3625 2894 3737 2964 γάρ

2069 2975 2166 3027 καὶ
2210 2976 2354 3045 μέγα
2395 2975 2514 3028 ἐστὶ
2555 2976 2760 3046 σφόδρα
2800 2975 2860 3027 τὸ
2909 2972 3208 3044 ἐπίταγμα,
3249 2972 3362 3027 ἀλλ’
3395 2974 3489 3026 ἐάν
3531 2973 3592 3026 τὸ
3633 2973 3737 3024 ἔπ-

2064 3054 2224 3106 αθλον
2241 3055 2497 3124 ἐννοήσῃς
2519 3054 2578 3106 τὸ
2596 3054 2843 3124 κείμενον
2864 3052 2974 3116 τοῖς
3000 3052 3158 3104 τοῦτο
3181 3052 3552 3124 κατορθοῦσιν,
3581 3053 3737 3104 οὐδὲν

2062 3133 2199 3194 δλως
2228 3134 2499 3202 φανεῖται,
2538 3131 2638 3186 κᾶν
2676 3132 2882 3203 σφόδρα
2933 3132 3075 3202 μέγα
3193 3132 3336 3184 Τίδέ
3361 3131 3517 3184 τοῦτό
3547 3133 3731 3196 ἐστιν;

2077 3211 2217 3264 Ἐὰν
2227 3211 2402 3265 τοῦτο
2419 3211 2733 3277 ποιήσητε,
2749 3229 2821 3282 φη
2830 3213 2932 3272 σὶν,
2948 3211 3134 3279 ὅμοιοι
3151 3212 3370 3264 ἔσεσθε
3385 3211 3491 3265 τοῦ
3505 3212 3736 3279 Πατρός

2063 3287 2248 3356 ὑμῶν.
2272 3290 2377 3342 τοῦ
2409 3290 2479 3343 ἑν
2507 3291 2629 3354 τοῖς
2657 3289 2952 3356 οὐρανοῖς.
2987 3289 3093 3342 Καὶ
3123 3290 3208 3342 ἴνα
3242 3291 3575 3361 σαφέστερον
3600 3293 3735 3360 ἡμῖν

2063 3369 2154 3420 τὸν
2199 3368 2356 3436 λόγον
2391 3371 2616 3439 ποιήσῃ,
2658 3370 2955 3438 ἐπήγαγεν,
2998 3369 3118 3423 Ὅτι
3162 3369 3271 3421 τὸν
3320 3369 3499 3436 ἥλιον
3544 3368 3733 3422 αὐτοῦ

2063 3447 2385 3502 ἀνατέλλει
2415 3449 2515 3500 ἐπὶ
2561 3449 2864 3516 πονηροὺς
2913 3449 3009 3501 καὶ
3039 3449 3324 3518 ἀγαθοὺς,
3368 3448 3470 3505 καὶ
3517 3449 3732 3518 βρέχει

2062 3537 2160 3589 ἐπὶ
2196 3537 2468 3603 δικαίους
2494 3537 2591 3590 καὶ
2618 3537 2890 3602 ἀδίκους.
2927 3539 3082 3607 Μιμῇ
3115 3537 3243 3605 γὰρ,
3277 3537 3432 3604 φησὶ,
3465 3539 3606 3589 κατὰ
3635 3537 3732 3588 δύο

2063 3633 2226 3687 ναμιν
2261 3615 2612 3688 ἀνθρωπίνην
2639 3616 2729 3668 τὸν
2755 3616 2912 3668 Θεόν.
2953 3615 3220 3686 Καθάπερ
3257 3616 3365 3686 γάρ
3413 3616 3620 3678 ἐκεῖνος
3668 3617 3730 3668 οὐ

2059 3694 2290 3758 δικαίοις
2330 3696 2490 3767 μόνον
2524 3695 2614 3747 τὸν
2653 3694 2804 3765 ἥλιον
2849 3695 3150 3757 ἀνατέλλει,
3203 3694 3340 3748 ἀλλά
3381 3697 3620 3758 καὶτοῖς
3660 3696 3732 3747 τά

2060 3775 2276 3845 πονηρά
2305 3773 2716 3846 ἐργαζομένοις,
2743 3775 2838 3827 καὶ
2865 3774 2956 3826 τὸν
3003 3774 3156 3827 ὑετὸν
3205 3775 3299 3828 καὶ
3327 3776 3455 3838 τούς
3481 3776 3729 3843 ἐτησίους

2059 3855 2297 3925 δμδρους
2327 3854 2388 3906 οὐ
2421 3857 2534 3917 τοῖς
2585 3855 2807 3922 ἀγαθοῖς
2843 3854 3003 3924 μόνον
3032 3856 3276 3925 χορηγεῖ,
3310 3853 3444 3906 ἀλλά
3485 3855 3578 3906 καὶ
3614 3857 3732 3918 τοῖς

2061 3945 2352 4014 πονηροῖς·
2384 3941 2525 3994 οὕτω
2553 3943 2647 3994 καὶ
2677 3942 2763 4004 σύ,
2795 3942 2889 3994 ἐάν
2929 3940 3002 4012 μὴ
3035 3942 3194 4013 μόνον
3227 3943 3354 4004 τοὺς
3394 3943 3730 4010 ἀγαπῶντας

2059 4022 2300 4091 ἀγαπᾷς,
2324 4020 2460 4074 ἀλλά
2495 4022 2732 4084 καὶτοὺς
2762 4020 3048 4089 ἐχθρωδῶς
3079 4021 3215 4091 πρὸς
3241 4021 3300 4075 σὲ
3324 4020 3727 4090 διακειμένους,

2060 4111 2202 4165 κατά
2229 4110 2328 4179 τὴν
2365 4109 2592 4179 δύναμιν
2623 4110 2724 4179 τὴν
2764 4111 2862 4180 σὴν
2892 4109 2980 4162 τὸν
3002 4110 3282 4180 Δεσπότην
3313 4113 3453 4180 μιμῇ
3482 4110 3576 4163 τὸν
3611 4111 3726 4164 σόν.

2059 4187 2211 4253 Εἶδες
2244 4189 2360 4251 πῶς
2390 4190 2470 4252 εἰς
2504 4189 2601 4259 τὴν
2627 4189 2888 4242 ἀνωτάτω
2930 4189 3172 4260 κορυφὴν
3203 4191 3445 4259 ἀνήγαγε
3476 4189 3566 4242 τὸν
3597 4189 3731 4243 ταύ-

2056 4296 2158 4349 την
2192 4275 2489 4345 κατορθοῦν
2519 4275 2809 4346 δυνάμενον
2838 4277 2938 4348 τὴν
2961 4277 3189 4348 ἀρετὴνς
3227 4276 3388 4330 Ἀλλά
3413 4277 3490 4348 μὴ
3519 4277 3578 4331 τὸ
3597 4277 3728 4330 δυσ-

2058 4367 2218 4438 χερὲς
2285 4365 2446 4435 μόνον
2493 4365 2662 4417 ἐννόει
2709 4364 2803 4418 τοῦ
2851 4365 3171 4436 πράγματος
3199 4365 3243 4429 ί,
3279 4367 3555 4434 ἀγαπητὲ.
3590 4368 3729 4423 ἀλλά

2059 4447 2326 4516 πρότερον
2365 4441 2686 4511 ἀναλογίζου
2717 4444 2861 4497 κατά
2894 4444 3108 4506 σαυτὸν,
3129 4444 3260 4513 δσης
3296 4444 3510 4514 μέλλεις
3542 4445 3729 4510 ἀξιοῦ-

2061 4524 2186 4577 σθαι
2218 4521 2320 4591 τῆς
2349 4523 2514 4591 τιμῆς
2536 4539 2550 4551 ·
2576 4523 2666 4574 καὶ
2695 4524 2727 4591 ἡ
2764 4523 2862 4592 τῆς
2886 4523 3052 4593 τιμῆς
3078 4523 3332 4587 ὑπόθεσις
3365 4524 3427 4576 τὸ
3458 4523 3598 4594 βαρύ
3635 4529 3729 4580 καὶ

2058 4603 2318 4673 φορτικὸν
2359 4601 2561 4669 κοῦφόν
2603 4619 2684 4652 σοι
2721 4601 3197 4666 κατασκευαζέτω.
3227 4602 3302 4655 Οὐ
3342 4602 3453 4674 γάρ
3485 4604 3728 4672 ὀφείλεις

2055 4687 2220 4756 χάριν
2250 4681 2472 4744 εἰδέναι,
2514 4681 2596 4734 δτι
2644 4681 2900 4750 ἀφορμὴν
2953 4680 3228 4751 εὑρίσκεις
3268 4680 3359 4734 διά
3392 4682 3494 4753 τῆς
3522 4686 3604 4747 είς
3634 4686 3728 4739 τὸν

2056 4761 2249 4832 ἐχθρὸν
2289 4759 2612 4830 εὐεργεσίας
2657 4759 2939 4828 ἀνοιγῆναί
2989 4776 3070 4812 σοι
3134 4760 3234 4828 τῆς
3275 4760 3413 4830 πρὸς
3456 4761 3550 4814 τὸν
3591 4763 3727 4815 Θεὸν

2057 4839 2373 4912 παρρησίας
2417 4837 2513 4899 τάς
2559 4837 2750 4909 θύρας,
2790 4840 2885 4890 καὶ
2930 4838 3036 4891 τῶν
3081 4840 3485 4910 ἡμαρτημένων
3517 4859 3600 4894 σοι
3624 4845 3728 4913 τὴν

2054 4920 2300 4988 δαπάνην
2334 4916 2704 4988 ἐργάσασθαι;
2753 4917 2890 4970 Ἀλλ’
2922 4917 3050 4979 ἴσως
3087 4919 3374 4988 ἐπιθυμεῖς
3409 4919 3728 4990 ἀμύνασθαι

2055 5003 2147 5054 τὸν
2201 4999 2418 5070 ἐχθρὸν,
2469 5000 2562 5052 καὶ
2607 4999 2696 5051 τὸν
2737 5000 2926 5062 κακῶς
2983 5015 3040 5051 σε
3090 4999 3400 5055 διατιθέντα
3429 5005 3544 5066 τοῖς
3585 5004 3724 5069 ῐσοις

2058 5081 2446 5155 περιϐαλεῖνῆ
2499 5082 2592 5134 καὶ¹
2648 5081 2892 5151 μείζοσις
2938 5083 3046 5135 Καὶ
3105 5081 3158 5134 τί
3198 5084 3360 5137 πλέον
3408 5087 3471 5136 ὲκ
3529 5087 3724 5139 τούτου

2055 5164 2229 5226 ἔσται,
2261 5163 2390 5214 ὅταν
2423 5159 2560 5230 μετά
2609 5159 2701 5212 τοῦ
2751 5158 2884 5228 μηδὲ
2929 5159 3113 5230 ὄνησίν
3157 5162 3238 5214 σοί
3274 5181 3396 5214 τινα
3449 5164 3720 5230 γίνεσθαι,

2053 5244 2149 5297 καὶ
2181 5241 2409 5301 εὐθύνας
2442 5238 2652 5308 μέλλεις
2669 5237 2808 5308 ὑπὲρ
2835 5237 3024 5290 τούτου
3058 5239 3277 5309 ὑπέχειν
3309 5243 3366 5294 ἐν
3390 5242 3468 5312 τῷ
3503 5244 3724 5315 φοὸερῷ

2055 5322 2248 5387 ἐκείνῳ
2276 5318 2633 5386 δικαστηρίῳ,
2669 5317 2744 5378 ὼς
2763 5317 2891 5378 τούς
2918 5317 3008 5368 ὑπ’
3038 5318 3202 5370 αὐτοῦ
3237 5319 3494 5384 τεθέντας
3520 5323 3726 5391 νόμους

2055 5403 2483 5475 παραχαράξας;
2524 5401 2656 5452 Εἰπέ
2694 5401 2801 5470 γάρ
2848 5417 2960 5469 μοι,
2995 5401 3043 5452 εί
3075 5400 3329 5470 βασιλεύς
3362 5418 3448 5466 τις
3483 5405 3595 5456 τῶν
3629 5408 3726 5460 ἐπὶ⁵

2113 5523 2142 5600 ‘d
2167 5524 2314 5600 Snvii.
2345 5518 3376 5600 διαμηρυηᾶσὲαι..ρρίειὶη.Δδιαμαρυκάσθαι
3415 5524 3721 5600 ςτὸνῂλόγον..ἶ

2052 5588 2160 5642 τούς
2185 5581 2454 5646 λογισμούς.
2483 5581 2602 5630 Ibid.
2645 5581 2792 5628 Savil.
2819 5581 3090 5640 legendum
3116 5581 3250 5643 pulal
3285 5581 3596 5646 προσίεσθαι(
3627 5592 3721 5638 sed

2054 5650 2316 5711 reclamanl
2343 5646 2502 5711 omnia
2527 5643 2843 5711 Qemplarig.
2876 5643 3004 5711 Μοχ,
3025 5643 3166 5690 τοῦτο
3189 5647 3608 5711 ᾠςπεριττὸν,ριο.
3625 5650 3721 5697 Sa—

2057 5707 2225 5756 vilium
2250 5707 2516 5764 sequimur.
2543 5704 2711 5750 Morel.
2737 5704 2887 5750 ταῦτα
2925 5706 2987 5757 ὡς
3021 5706 3229 5760 περιττά,
3259 5704 3355 5752 etc.

2120 5771 2240 5815 ‘Sic
2287 5766 2454 5815 Biblia.
2504 5765 2752 5813 lidebalur
2793 5766 3232 5822 καταδυναστεύητε
3275 5774 3327 5814 et
3370 5776 3720 5829 pmamaxﬁta.

2052 5829 2223 5883 Morel.
2242 5829 2604 5890 pmoixaxsi’tf.

2123 5891 2141 5929 ί
2172 5886 2352 5940 Οῐῐιήθδ
2375 5889 2477 5938 fere
2497 5886 2580 5936 τοῦ
2604 5889 2887 5950 πράγματος.
2913 5887 3010 5937 Alii
3041 5887 3125 5937 τοῦ
3147 5890 3522 5952 προστάγματος.
