4040 6378
382 453 451 508 ιε
1525 451 1590 511 1x
1624 452 1781 512 uir.
1822 452 1865 509 ι.
1902 453 1987 507 "cr.

2098 453 2151 506 S.
2196 446 2423 508 llOMIL.
2467 448 2552 513 IV,
2955 480 2959 485 ι
3608 460 3633 512 ,4
3648 457 3676 505 (ῐ

379 566 690 635 neutiquam
741 566 793 620 in
832 576 1039 622 tantam
1090 569 1367 622 venissent
1414 570 1725 622 amentiam.
1768 570 1835 621 At
1876 581 1978 621 nos

380 672 555 725 neque
580 659 658 711 sic
686 672 960 714 cessemus
990 660 1184 713 divina:
1204 659 1493 729 Scriptura:
1523 661 1823 714 testimonia
1851 659 1983 728 ipsis

377 748 639 818 objicere,
682 760 737 804 et
773 767 932 806 aures
981 764 1191 807 nostras
1219 753 1287 806 ad
1311 753 1629 823 pestilentes
1659 768 1845 807 eorum
1886 752 1980 807 doc

377 848 579 901 ctrinas
610 848 881 918 obsepire.

449 939 504 992 (Ξ.
536 938 642 993 Sed
680 942 863 995 nescio
901 941 1170 1010 quomodo
1200 942 1395 995 iterum
1421 940 1490 995 ab
1526 940 1731 1010 impetu
1778 953 1985 994 oratio-

382 1031 465 1083 uis
498 1032 550 1085 in
580 1032 696 1086 haec
741 1034 916 1088 evecti
961 1050 1147 1087 smnus
1170 1074 1185 1097 ,
1220 1044 1271 1088 et
1307 1050 1335 1086 a
1363 1042 1616 1088 contextu
1640 1032 1932 1087 excidimus
1964 1049 1978 1085 :

387 1122 509 1176 ideo
540 1124 733 1182 iterum
761 1126 827 1180 ad
866 1128 1040 1196 priora
1066 1128 1249 1182 redeat
1274 1142 1471 1182 sermo.
1512 1126 1579 1179 Et
1609 1127 1832 1189 vocavit,
1872 1126 1979 1189 ait,

383 1214 525 1270 Deus
562 1218 939 1286 ﬁrmamentum
999 1220 1213 1283 coelum,
1259 1230 1305 1273 et
1335 1220 1459 1274 vidit
1500 1218 1640 1273 Deus
1686 1219 1822 1290 quod
1856 1228 1983 1272 esset

384 1308 589 1361 bonum.
634 1307 702 1361 Et
730 1313 921 1380 {actum
947 1325 1019 1365 est
1049 1327 1269 1381 uespere,
1296 1321 1341 1364 et
1372 1311 1563 1382 factum
1584 1321 1655 1364 est
1680 1326 1852 1374 mane,
1878 1310 1984 1363 dies

386 1399 660 1452 secundus.
684 1401 1061 1469 Appellatione
1088 1403 1254 1456 indita
1295 1404 1631 1457 ﬁrmamento
1653 1444 1666 1466 ,
1697 1411 1751 1456 et
1772 1396 1985 1455 laudato

385 1506 574 1559 opere,
604 1492 765 1547 ﬁnem
798 1494 1052 1564 imposuit
1093 1495 1199 1549 diei
1234 1494 1506 1561 secundo,
1534 1503 1589 1549 et
1610 1493 1779 1549 dixit:
1811 1492 1877 1545 Et
1904 1489 1985 1561 fa-

385 1594 523 1635 ctum
550 1592 622 1637 est
668 1600 875 1652 vespere
894 1628 909 1650 ,
936 1597 980 1640 et
1016 1590 1223 1658 factum.
1254 1598 1328 1641 est
1356 1604 1505 1641 mane
1526 1629 1539 1652 ,
1567 1588 1674 1641 dies
1715 1588 1985 1642 secundus.

392 1674 580 1729 Vidisti
604 1688 800 1746 quanta
821 1678 1092 1747 diligentia
1118 1694 1216 1733 nos
1235 1678 1413 1743 docet,
1449 1680 1609 1734 ﬁnem
1638 1680 1772 1733 lucis
1796 1693 1986 1748 vespe-

388 1772 504 1820 ram
550 1782 776 1833 vocans,
806 1778 860 1823 et
898 1770 1058 1824 ﬁnem
1102 1770 1276 1825 noctis
1326 1758 1519 1836 mane,
1560 1780 1616 1825 et
1645 1780 1813 1825 totum
1859 1770 1987 1824 illud

388 1858 532 1911 diem
557 1900 572 1922 ,
606 1869 665 1914 ut
703 1875 772 1915 ne
797 1876 1041 1917 erremus
1067 1878 1167 1918 nos
1185 1904 1200 1927 ,
1228 1878 1403 1934 neque
1435 1872 1681 1934 putemus
1707 1879 1986 1933 vesperam

392 1950 552 2002 linem
594 1965 716 2006 esse
763 1951 911 2018 diei,
958 1953 1055 2008 sed
1102 1955 1383 2010 manifeste
1433 1956 1666 2010 sciatmls
1714 1956 1990 2026 utriusque

392 2042 625 2109 spatium
656 2060 821 2103 unum
865 2045 1009 2101 diem
1040 2046 1300 2118 implere?
1328 2047 1398 2103 Et
1421 2063 1645 2119 vespere
1667 2048 1826 2105 ﬁnem
1856 2049 1989 2103 lucis

392 2139 542 2185 recte
580 2134 703 2202 quis
748 2133 980 2202 dixerit,
1046 2150 1205 2192 mane
1248 2146 1466 2205 autem,
1522 2137 1625 2193 hoc
1678 2148 1792 2203 est,
1826 2137 1989 2194 ﬁnem

392 2222 600 2288 noctis,
642 2225 1094 2293 complementum
1144 2227 1272 2283 diei.
1317 2228 1430 2283 Hoc
1474 2230 1617 2283 enim
1660 2230 1773 2283 vult
1811 2228 1989 2284 divina

392 2315 671 2385 Scriptura
702 2317 1069 2385 manifestare,
1101 2320 1288 2376 dicens
1314 2339 1327 2375 :
1358 2320 1425 2375 Et
1451 2323 1640 2393 factum
1664 2332 1737 2375 est
1766 2338 1986 2393 vespere,

392 2417 440 2458 et
493 2408 687 2475 {artant
714 2418 786 2461 est
830 2426 1014 2475 mane,
1055 2410 1163 2465 dies
1202 2412 1473 2467 secundus.
1519 2412 1684 2468 Forte
1729 2413 1991 2481 prolixius

392 2512 702 2553 sermonem
725 2502 1086 2571 extendimus,
1119 2520 1224 2559 non
1250 2505 1372 2559 data
1398 2520 1593 2575 opera,
1626 2506 1719 2559 sed
1748 2506 1815 2560 ab
1839 2507 1953 2575 ipsa
1971 2550 1989 2570 ,

396 2600 456 2643 ut
501 2592 708 2647 dixerit
740 2595 1004 2666 quispiam
1025 2637 1043 2663 ,
1071 2597 1355 2652 verborum
1397 2598 1777 2667 consequentia
1801 2640 1816 2665 ,
1844 2599 1989 2668 quasi

393 2683 584 2753 rapido
623 2685 855 2755 quodam
883 2703 1043 2744 amne
1083 2689 1132 2743 vi
1162 2688 1440 2744 abstracti.
1480 2688 1697 2760 Vosque
1727 2690 1886 2759 hujus
1910 2690 1989 2744 rei

396 2792 558 2831 causa
599 2779 760 2845 estis,
788 2781 879 2850 qui
923 2797 1116 2851 magna
1158 2797 1281 2837 cum
1310 2783 1585 2853 voluptate
1629 2782 1770 2838 dicta
1806 2794 1991 2838 nostra

394 2869 612 2923 auditis.
657 2870 800 2926 Nihil
831 2873 975 2928 enim
1013 2878 1092 2929 sie
1134 2875 1372 2930 excitare
1400 2884 1577 2945 potest
1602 2875 1909 2943 dicentem,
1938 2886 2013 2932 ct.

394 2960 783 3027 sententiarum
828 2979 1077 3033 magnam
1124 2966 1337 3035 copiam
1388 2965 1468 3019 illi
1506 2966 1737 3033 all‘erre,
1787 2976 1847 3021 ut
1892 2983 1993 3021 aua-

395 3050 632 3105 ditorum
660 3052 929 3107 alacritas.
954 3056 1022 3110 Et
1046 3056 1184 3110 sicut
1210 3056 1385 3126 supini
1406 3066 1463 3111 et
1489 3056 1703 3112 desides
1722 3057 1993 3113 auditores

394 3142 561 3196 etiam
590 3144 815 3199 multum
848 3147 1062 3216 eloquio
1089 3147 1354 3222 valentem
1385 3148 1614 3203 reddunt
1643 3150 1947 3220 segniorem
1974 3167 1989 3205 :

397 3233 473 3287 ita
498 3250 595 3288 vos
622 3251 715 3304 per
758 3237 851 3291 Dei
891 3240 1159 3307 gratiam,
1191 3239 1399 3293 etiamsi
1427 3240 1555 3293 muti
1602 3255 1844 3295 essemus
1874 3240 1995 3309 plus

394 3341 558 3394 quam
578 3327 780 3397 lapides
804 3330 843 3396 ί,
868 3331 1098 3398 possetis
1126 3340 1364 3385 nostrum
1386 3339 1659 3399 stuporem
1680 3331 1990 3398 emendare,

396 3430 454 3473 et
476 3421 890 3476 somnolentiam
922 3422 1191 3478 discutere
1210 3465 1224 3488 ,
1257 3439 1557 3494 cogereque
1576 3432 1635 3478 ut
1665 3424 1907 3479 dicamus
1930 3441 1993 3479 ea

398 3529 520 3582 qua:
550 3515 703 3569 vobis
744 3516 1087 3582 conducunt,
1119 3527 1174 3571 et
1215 3515 1284 3570 ad
1325 3525 1560 3571 vestram
1604 3516 1993 3571 institutionem

400 3607 692 3676 pertinent.
735 3609 997 3677 Quoniam
1030 3610 1187 3679 igitur
1218 3609 1351 3663 tales
1394 3608 1558 3676 estis,
1594 3618 1779 3678 utpote
1807 3625 1837 3663 a
1886 3608 1994 3663 Deo

396 3703 544 3756 docti
570 3744 585 3766 ,
612 3716 668 3759 et
709 3704 1001 3760 secundum
1047 3703 1261 3758 beatum
1308 3703 1565 3770 Paulum,
1594 3703 1820 3774 potestis
1858 3702 1993 3757 alios

398 3802 701 3856 admonere
728 3799 907 3870 (Rom.
934 3800 1021 3854 15.
1047 3800 1139 3868 li)
1164 3818 1179 3855 :
1200 3815 1317 3872 age,
1340 3802 1699 3860 obsecramus
1719 3820 1837 3873 vos,
1860 3815 1918 3861 ut
1939 3808 1984 3863 si

404 3909 502 3962 per
539 3892 686 3963 quod
726 3892 901 3957 aliud,
943 3892 1181 3948 maxime
1230 3908 1329 3962 per
1357 3892 1556 3963 jejunii
1598 3902 1836 3965 tempus.
1870 3914 1986 3952 ma-

402 3998 568 4054 gnam
596 3983 735 4036 bene
782 3982 997 4037 vivendi
1050 3997 1238 4035 curam
1280 3984 1519 4053 geratis,
1576 4000 1679 4039 nec
1712 3985 1805 4040 ﬁat
1830 3988 1985 4044 vobis

401 4089 591 4131 sermo
620 4073 965 4137 fastidiosus.
1001 4073 1046 4128 si
1069 4073 1317 4143 quotidie
1331 4074 1400 4129 de
1422 4075 1626 4132 eisdem
1661 4078 1980 4148 loquamur:

397 4168 590 4221 eadem
618 4168 763 4222 enim
800 4166 980 4221 dicere
1024 4166 1154 4220 mihi
1190 4166 1405 4235 quidem
1430 4181 1536 4222 non
1561 4180 1724 4236 grave
1747 4208 1761 4231 ,
1794 4182 1992 4223 secun-

394 4258 527 4311 dum
561 4257 771 4311 beatum
795 4256 1041 4322 Paulum,
1070 4257 1225 4311 vobis
1253 4267 1433 4312 autem
1455 4267 1625 4312 tutum
1650 4257 1907 4330 (Philipp.
1934 4260 1988 4314 3.

398 4354 479 4418 1).
507 4351 657 4419 Opus
678 4350 821 4405 enim
861 4349 1025 4404 habet
1064 4349 1238 4403 anima
1265 4360 1444 4404 nostra
1467 4390 1484 4415 ,
1514 4350 1696 4421 segnis
1738 4366 1859 4405 cum
1891 4352 1988 4417 sit,

393 4441 651 4497 continua
693 4441 1079 4496 admonitione.
1125 4440 1193 4495 Et
1231 4442 1368 4495 sicut
1407 4456 1600 4510 corpus
1630 4441 1734 4497 hoc
1752 4442 1992 4513 quotidie

396 4548 535 4603 opus
561 4533 720 4587 habet
737 4533 1000 4603 corporali
1023 4533 1299 4597 alimento,
1323 4541 1382 4587 ut
1408 4550 1476 4588 ne
1494 4534 1545 4587 in
1573 4550 1815 4604 magnam
1832 4536 1989 4605 mgri-

397 4625 640 4679 Iudinem
661 4624 920 4691 incidens,
938 4623 1263 4680 nihilfacere
1284 4624 1449 4694 possit
1470 4648 1483 4681 :
1505 4627 1572 4679 ita
1590 4636 1645 4681 et
1660 4627 1837 4681 anima
1858 4642 1992 4697 opus

397 4718 562 4773 habet
596 4718 860 4787 Spirituali
889 4719 1047 4785 cibo,
1074 4727 1129 4773 et
1168 4719 1368 4788 optima
1394 4720 1516 4773 vita:
1554 4721 1761 4775 ratione
1783 4760 1799 4787 ,
1833 4730 1891 4774 ut
1936 4722 1988 4775 in

394 4811 843 4867 consuetudinem
872 4811 1103 4881 aliquam
1123 4811 1386 4866 bonorum
1417 4813 1731 4882 perveniens
1751 4853 1767 4878 ,
1796 4813 1989 4869 invicta

392 4905 499 4968 sit,
527 4912 583 4957 et
607 4902 860 4959 resistere
888 4902 1055 4973 possit
1080 4902 1297 4972 maligni
1326 4902 1494 4957 hostis
1542 4903 1767 4959 insidiis.

468 4996 522 5048 7.
552 4993 767 5049 Moralis
790 4995 1095 5059 exhortatio;
1114 4993 1313 5048 Iudaeis
1325 4995 1582 5064 jejunium
1610 5011 1712 5050 non
1731 4996 1989 5066 proderat;

392 5098 645 5159 quantum
659 5089 845 5142 bonum
859 5089 925 5143 sit
938 5089 1260 5142 inimicorum
1279 5087 1819 5156 dilectio.—Quotidie
1832 5090 1990 5161 igitur

393 5183 511 5251 ejus
533 5183 781 5237 virtutem
798 5198 1024 5252 operose
1038 5196 1308 5246 curemus,
1329 5190 1387 5236 et
1403 5196 1500 5236 nos
1516 5182 1659 5250 ipsos
1675 5184 1987 5237 examinan-

395 5284 477 5327 ινδ
498 5315 511 5335 ,
548 5288 836 5342 numquam
858 5272 1202 5339 deﬁciamus;
1228 5272 1573 5326 rationarium
1597 5289 1805 5343 quoque
1833 5274 1989 5328 nobis

392 5368 747 5421 conﬁciamus
768 5382 952 5421 eorum
974 5382 1091 5436 quze
1125 5365 1440 5435 accipimus,
1461 5373 1514 5419 et
1534 5380 1717 5419 eorum
1747 5382 1865 5435 qua:
1891 5383 1987 5420 es-

396 5460 714 5530 pendimus,
740 5458 995 5529 quidnam
1026 5457 1229 5513 utiliter
1244 5468 1298 5512 et
1319 5457 1456 5513 bene
1476 5457 1675 5528 loquuti
1704 5458 1900 5521 simus,
1933 5467 1987 5511 et

394 5552 538 5624 quod
562 5554 791 5608 otiosum
817 5550 1043 5606 verbum
1072 5550 1475 5620 protulerimus,
1505 5559 1560 5604 et
1591 5550 1809 5614 iterum,
1852 5548 1981 5619 quid

394 5646 527 5700 utile
566 5660 664 5714 per
686 5658 850 5699 aures
878 5644 933 5698 in
977 5643 1210 5697 animam
1236 5640 1719 5706 intromiserimus,
1747 5650 1802 5695 et
1827 5640 1984 5711 quid,

392 5738 537 5810 quod
561 5738 943 5795 detrimentum
971 5737 1169 5793 afferre
1198 5735 1384 5807 possit.
1415 5734 1681 5791 Praeterea
1707 5741 1763 5788 et
1790 5731 1985 5803 lingua:

458 5869 476 5890 ι
512 5857 649 5905 savii.
680 5869 733 5905 et
754 5866 959 5918 quatuor
982 5863 1087 5907 Mss.
1129 5853 1330 5910 habent.
1368 5852 1555 5904 etiamsi
1593 5850 1845 5914 inferiae:
1865 5864 1991 5905 esse-

390 5934 499 5970 nuis
518 5919 773 5983 Ιαρὶςιὲοαδ.

2091 568 2302 637 regulas
2327 568 2531 638 aliquas
2561 580 2615 624 et
2640 584 2873 625 canones
2898 586 3162 642 ponamus
3185 615 3197 639 ,
3226 573 3294 627 ita
3322 586 3380 629 ut
3412 575 3556 645 prius
3588 593 3672 629 ru-

2089 662 2359 716 minentur
2384 674 2442 717 et
2470 662 2835 732 ponderentur
2861 666 3021 720 verba
3045 705 3063 731 ,
3093 674 3148 721 et
3186 676 3366 736 postea
3395 671 3671 737 proferan-

2088 761 2173 805 tur
2216 767 2527 818 sermones;
2557 764 2788 809 meutem
2831 770 2963 811 vero
3013 757 3084 811 ita
3112 760 3485 822 Iustituamus.
3521 772 3579 814 ut
3607 776 3675 815 ne

2087 844 2212 914 quid
2240 844 2555 900 damnosum
2586 857 2813 916 promat,
2841 850 2957 903 etsi
2988 849 3122 903 forte
3148 850 3345 921 aliquid
3369 852 3474 906 tale
3503 850 3673 906 forin-

2087 951 2242 991 secus
2272 936 2547 1006 inferatur,
2582 938 2632 993 id
2662 940 2839 993 statim
2880 953 2939 995 ut
2977 942 3301 1011 superﬂuum
3325 952 3381 998 ct
3409 945 3677 1014 pernicio-

2089 1045 2205 1082 sum
2235 1045 2576 1085 amoveamus
2596 1074 2611 1097 ,
2641 1042 2697 1087 et
2738 1033 2783 1086 si
2827 1034 3148 1090 intrinsecus
3200 1045 3467 1102 nascatur,
3497 1038 3675 1091 statim

2090 1119 2173 1189 pia
2198 1121 2518 1190 cogitatione
2546 1122 2671 1177 illud
2703 1125 2965 1194 fugemus,
2994 1136 3140 1181 etne
3167 1128 3537 1184 existimemus
3569 1130 3679 1182 ine.

2089 1209 2231 1264 diam
2263 1226 2431 1282 usque
2459 1213 2524 1267 ad
2552 1229 2827 1283 vesperam
2854 1215 2919 1269 ad
2961 1217 3183 1272 salutem
3214 1219 3366 1273 nobis
3407 1219 3678 1275 sufficere.

2090 1300 2222 1356 Nam
2244 1302 2288 1357 si
2330 1304 2597 1373 perversis
2639 1305 2841 1362 ludatis
2871 1308 3083 1364 diccbat
3119 1310 3380 1381 benignus
3424 1312 3678 1367 Dominus

2092 1408 2187 1461 per
2213 1395 2526 1463 prophetam
2559 1415 2572 1451 :
2606 1397 2735 1451 Ecce
2774 1400 2896 1453 anni
2944 1402 3268 1472 septuaginta
3289 1418 3308 1456 :
3332 1404 3571 1472 numquid
3589 1405 3676 1473 je-

2091 1484 2357 1550 iunavistis
2403 1487 2526 1539 mihi
2560 1488 2863 1557 jejunium?
2889 1489 2953 1543 Et
3002 1493 3047 1545 si
3071 1493 3384 1547 comederitis
3411 1504 3459 1547 et
3495 1495 3677 1547 biberi-

2092 1580 2173 1643 tis,
2204 1596 2369 1633 nonne
2390 1596 2475 1636 vos
2504 1582 2765 1636 comeditis
2791 1594 2836 1637 et
2866 1582 3080 1639 bibitis!
3110 1584 3237 1639 llwc
3280 1586 3402 1640 dicit
3431 1587 3680 1641 Dominus

2092 1674 2409 1742 omnipotens
2430 1690 2449 1725 :
2474 1673 2738 1728 Judicium
2752 1676 2951 1745 justum
2983 1677 3218 1747 judicate
3238 1718 3253 1742 ,
3284 1679 3679 1733 misericordiam

2093 1774 2137 1817 et
2166 1766 2536 1820 miserationem
2567 1767 2721 1835 faciat
2763 1768 3104 1837 unusquisque
3140 1782 3254 1822 cum
3287 1770 3517 1838 proximo
3542 1788 3633 1823 suo
3662 1786 3681 1823 :

2092 1862 2147 1909 et'
2176 1856 2399 1921 viduam,
2430 1867 2476 1910 et
2502 1858 2789 1929 orphanqu
2813 1899 2827 1921 ,
2850 1871 2895 1912 et
2923 1860 3185 1923 advenam,
3214 1871 3260 1914 et
3289 1878 3557 1933 pauperem
3579 1881 3681 1916 non

2093 1948 2393 2017 opprimatis
2424 1964 2443 2002 :
2472 1960 2519 2002 et
2558 1952 2751 2003 malum
2787 1952 3129 2021 unusquisque
3168 1964 3386 2006 vestrum
3417 1970 3536 2022 erga
3574 1957 3682 2025 [ra-

2095 2049 2220 2092 trem
2244 2056 2393 2094 suum
2430 2056 2530 2094 non
2558 2042 2740 2112 cogitet
2762 2042 2816 2095 in
2854 2042 3088 2097 cordibus
3108 2044 3214 2097 suis
3245 2043 3427 2116 (Zach.
3457 2046 3510 2099 7.
3544 2046 3596 2101 5.
3626 2046 3679 2100 6.

2094 2130 2149 2184 9.
2180 2130 2293 2200 10).
2326 2132 2382 2186 Si
2410 2131 2567 2202 igitur
2595 2134 2699 2188 illis
2725 2133 2815 2204 qui
2844 2133 2897 2187 in
2930 2134 3113 2189 mnbra
3154 2136 3411 2191 sedebant
3451 2146 3507 2192 ct
3534 2147 3682 2192 tene-

2096 2223 2204 2277 hris
2228 2239 2471 2279 errorum
2514 2224 2657 2279 affixi
2685 2236 2837 2281 erant
2860 2268 2877 2293 ,
2910 2226 3039 2280 nihil
3065 2228 3319 2297 proderat
3348 2230 3520 2284 solum
3538 2230 3682 2301 jeju-

2096 2316 2262 2381 nium,
2292 2331 2415 2371 cum
2443 2316 2557 2371 haec
2595 2318 2731 2373 bona
2759 2333 2920 2388 opera
2958 2334 3062 2373 non
3085 2320 3353 2387 facerent,
3382 2329 3438 2376 et
3465 2338 3495 2375 e
3522 2321 3683 2376 corde

2097 2408 2294 2462 nralum
2321 2423 2445 2477 erga
2475 2410 2773 2477 proximum
2816 2425 2922 2464 non
2945 2410 3321 2478 eliminarent,
3353 2412 3561 2481 qualem
3589 2412 3682 2467 ha-

2098 2501 2256 2555 bituri
2281 2516 2378 2554 nos
2405 2516 2589 2555 sumus
2614 2501 2980 2558 defensionem
3012 2545 3027 2570 ,
3056 2519 3085 2556 a
3116 2505 3308 2574 quibus
3336 2505 3538 2575 majora
3566 2508 3683 2561 exi-

2097 2604 2311 2663 guntur,
2341 2604 2395 2651 et
2422 2612 2528 2651 non
2551 2597 2723 2651 solum
2756 2595 3063 2652 hachacerc
3086 2598 3354 2667 jubemur,
3384 2599 3477 2653 sed
3505 2608 3559 2654 et
3588 2600 3683 2653 ini~

2099 2690 2263 2743 micos
2306 2689 2529 2759 diligere
2553 2731 2568 2754 ,
2599 2700 2651 2743 et
2680 2705 2773 2745 eos
2820 2690 3124 2745 demereri?
3153 2691 3279 2762 quid
3319 2691 3472 2757 dico,
3501 2693 3685 2747 deme-

2099 2782 2201 2835 reri
2232 2780 2381 2849 (Luc.
2403 2781 2457 2836 6.
2490 2780 2625 2853 27)?
2657 2782 2763 2837 imo
2784 2783 2945 2837 etiam
2970 2798 3066 2854 pro
3094 2784 3222 2854 ipsis
3248 2784 3527 2838 Dominum
3560 2800 3684 2854 pre-

2097 2873 2236 2938 cari,
2272 2883 2325 2928 et
2364 2889 2520 2929 orare
2544 2884 2601 2929 ut
2644 2875 2832 2929 salutis
2882 2875 3095 2931 illorum
3139 2890 3321 2930 curam
3356 2876 3547 2944 gerat?
3577 2876 3687 2931 lloc

2097 2966 2241 3020 enim
2274 2965 2429 3019 nobis
2462 2966 2796 3035 potissimum
2830 2966 2881 3020 in
2930 2966 3021 3021 die
3044 2965 3141 3021 illo
3180 2966 3407 3022 terribili
3457 2967 3687 3036 palmei-

2099 3055 2331 3123 nabitur,
2364 3064 2420 3111 et
2447 3057 2745 3127 redemptio
2786 3058 3015 3111 maxima
3058 3058 3162 3113 erit
3210 3067 3549 3128 peccatorum
3590 3072 3687 3111 no-

2099 3160 2329 3204 strorum
2357 3189 2371 3213 ,
2404 3149 2450 3204 si
2498 3149 2576 3204 sic
2621 3148 2797 3204 affecti
2847 3148 3107 3204 fuerimus
3154 3149 3411 3205 adversus
3440 3150 3687 3203 inimicos

2100 3252 2333 3297 nostros.
2375 3241 2526 3297 Licet
2554 3242 2698 3297 enim
2727 3256 2976 3311 magnum
3036 3241 3108 3295 sit
3145 3249 3200 3296 et
3226 3240 3450 3295 arduum
3489 3255 3687 3309 prs-ce-

2100 3346 2247 3407 ptum
2271 3378 2286 3400 ,
2318 3336 2363 3390 si
2394 3345 2569 3390 tamen
2595 3336 2874 3405 prmmium
2904 3334 3106 3405 cogites
3133 3334 3427 3404 repositum
3470 3343 3688 3387 strenue

2101 3431 2150 3482 id
2196 3428 2646 3498 exsequentibus,
2678 3423 2812 3480 nihil
2863 3427 3084 3480 omnino
3126 3425 3425 3489 videbitur,
3471 3424 3680 3478 etiamsi

2100 3522 2253 3577 valde
2269 3520 2490 3575 arduum
2508 3520 2596 3575 sit.
2609 3518 2888 3585 Quodnam
2907 3516 3141 3573 esthoc?
3156 3516 3216 3572 Si
3232 3520 3325 3571 hoc
3338 3516 3572 3586 feceritis,
3593 3517 3657 3567 ait
3670 3555 3686 3579 ,

2098 3616 2285 3671 similes
2313 3615 2451 3669 eritis
2480 3613 2628 3668 Patri
2654 3622 2814 3667 vestro
2835 3653 2851 3677 ,
2893 3611 2980 3682 qui
3023 3613 3076 3664 in
3104 3611 3242 3665 cretis
3286 3620 3358 3664 est
3385 3608 3598 3680 (Matth.
3631 3608 3685 3661 5.

2098 3707 2191 3775 45)
2243 3705 2312 3760 Ει
2355 3715 2413 3759 ιιι
2443 3704 2774 3758 manifestius
2814 3702 2956 3756 hunc
2984 3716 3289 3756 sermonem
3322 3700 3475 3755 nobis
3503 3699 3687 3754 decla-

2100 3808 2180 3852 ret
2198 3838 2214 3863 ,
2237 3795 2473 3852 subdidit
2499 3837 2514 3861 ,
2546 3795 2679 3863 Quia
2699 3793 2857 3849 solent
2882 3810 3031 3848 suum
3054 3794 3176 3846 oriri
3203 3794 3325 3864 facit
3353 3808 3505 3863 super
3527 3792 3690 3845 nicius

2097 3900 2144 3942 et
2197 3888 2387 3954 bonos,
2430 3896 2478 3941 et
2523 3887 2651 3959 pluit
2698 3903 2849 3957 super
2890 3887 3050 3952 iustos
3093 3894 3140 3938 et
3178 3884 3414 3955 injustas.
3458 3882 3688 3936 lutitaris

2096 3981 2262 4047 enim,
2291 3980 2483 4051 inquit,
2514 3995 2611 4051 pro
2653 3979 2901 4033 humanis
2926 3976 3130 4032 viribus
3173 3977 3361 4031 Deum.
3389 3975 3522 4031 Nam
3550 3976 3689 4028 sicut

2099 4074 2188 4127 ille
2236 4089 2341 4127 non
2374 4071 2545 4125 solum
2572 4070 2729 4139 justis
2754 4110 2769 4134 ,
2810 4068 2904 4123 sed
2927 4067 3067 4124 etiis
3094 4068 3182 4137 qui
3211 4067 3349 4121 mala
3392 4076 3685 4136 operantur

2095 4167 2264 4223 solem
2294 4165 2426 4219 oriri
2476 4164 2634 4227 facit,
2665 4172 2718 4217 et
2745 4161 2972 4232 pluviam
3012 4169 3066 4215 et
3112 4159 3310 4214 imbres
3348 4172 3557 4212 annuos
3579 4173 3686 4210 non

2099 4259 2253 4315 houis
2294 4258 2468 4313 solum
2505 4257 2838 4326 suppeditat,
2868 4254 2961 4309 sed
2988 4261 3043 4309 et
3071 4252 3328 4322 improbis
3361 4268 3376 4307 :
3404 4250 3481 4306 sic
3506 4261 3560 4305 et
3589 4260 3643 4304 tu
3668 4292 3684 4315 ,

2096 4354 2138 4408 si
2170 4368 2278 4408 non
2309 4352 2482 4406 solum
2508 4349 2791 4419 diligentes
2818 4358 2870 4403 te
2886 4347 3078 4417 diligis,
3102 4345 3194 4401 sed
3222 4346 3382 4400 etiam
3412 4343 3678 4407 inimicos,

2098 4462 2194 4516 pro
2220 4444 2359 4499 virili
2398 4443 2682 4498 Dominum
2715 4452 2861 4495 tuum
2903 4439 3150 4495 imitaris.
3187 4438 3373 4493 Vidisti
3415 4437 3684 4507 quomodo

2097 4539 2151 4593 in
2199 4551 2512 4607 supremum
2544 4534 2755 4589 eulmcu
2787 4532 2971 4588 eduxit
2994 4547 3117 4587 eum
3162 4532 3251 4602 qui
3294 4530 3430 4584 hanc
3472 4528 3682 4598 operari

2096 4630 2237 4685 valet
2280 4627 2578 4684 virtutem?
2604 4625 2984 4681 Verumtamen
3028 4638 3097 4679 ne
3141 4622 3507 4677 difficultatem
3552 4620 3626 4674 rei
3664 4620 3681 4649 ¹

2094 4727 2266 4782 solum
2321 4721 2803 4796 cogites,dilecte.
2838 4720 2933 4774 sed
2986 4718 3131 4790 prius
3186 4725 3411 4786 supputa
3467 4726 3678 4774 tecum,

2094 4828 2293 4891 quanto
2339 4818 2545 4873 honore
2584 4813 2883 4885 dignandus
2927 4812 3045 4868 sis:
3077 4820 3133 4865 et
3160 4809 3275 4864 ha:c
3325 4806 3542 4862 honoris
3585 4820 3701 4860 oc--

2094 4912 2240 4968 casio
2270 4912 2388 4967 leve
2437 4910 2533 4967 tibi
2582 4909 2742 4963 faciat
2766 4904 3021 4978 quidquid
3057 4917 3223 4972 grave
3269 4910 3353 4957 est
3380 4909 3435 4955 et
3480 4912 3679 4953 onero-

2093 5022 2236 5060 sum.
2260 5005 2453 5058 Annon
2499 5014 2596 5071 pro
2622 4997 2881 5055 beneﬁcio
2924 4993 3224 5049 habemlum
3248 5033 3261 5056 ,
3290 4990 3431 5062 quod
3470 4987 3681 5044 occasio

2095 5098 2189 5152 tibi
2215 5096 2517 5167 prabeatur
2532 5092 2660 5147 dum
2706 5089 2921 5144 inimico
2950 5084 3220 5141 benefacis
3240 5125 3255 5149 ,
3287 5092 3343 5137 ut
3372 5082 3681 5153 aperiantur

2096 5190 2189 5246 tibi
2211 5191 2388 5259 janua:
2428 5184 2638 5240 ﬁducia:
2666 5180 2913 5237 veniendi
2954 5178 3022 5232 ad
3056 5178 3258 5241 Deum,
3290 5185 3344 5228 et
3385 5171 3677 5229 redimendi

2096 5292 2310 5355 peccata
2360 5291 2447 5335 tua
2470 5281 2495 5333 Υ
2527 5280 2596 5333 At
2624 5277 2761 5331 forte
2790 5274 3061 5327 inimicum
3107 5269 3289 5323 ulcisci
3313 5308 3328 5333 ,
3356 5277 3411 5322 et
3438 5280 3560 5320 eum
3586 5264 3675 5355 qui

2095 5354 2249 5431 malis
2293 5382 2344 5428 te
2367 5370 2535 5425 afﬁcit
2571 5366 2786 5439 paribus
2813 5365 2896 5419 vel
2939 5362 3229 5431 majoribus
3275 5359 3429 5426 plecti
3461 5355 3579 5411 vis?
3612 5354 3678 5408 Et

2095 5465 2221 5537 quid
2252 5464 2375 5518 inde
2401 5458 2689 5524 commodi,
2718 5472 2840 5511 cum
2871 5469 3043 5524 neque
3074 5461 3128 5506 tu
3150 5450 3347 5519 aliquid
3378 5448 3500 5503 inde
3528 5446 3675 5502 utili-

2096 5562 2222 5615 tatis
2252 5558 2528 5612 habiturus
2572 5553 2647 5607 sis
2671 5593 2683 5614 ,
2706 5548 2799 5604 sed
2829 5557 3043 5618 propter
3064 5546 3166 5599 hoc
3212 5546 3287 5599 sis
3312 5557 3501 5614 pinnas
3524 5542 3675 5595 datu-

2097 5669 2187 5709 rus
2241 5649 2380 5722 apud
2433 5644 2763 5702 horrendum
2804 5639 2931 5696 illud
2976 5637 3237 5701 tribunal,
3283 5642 3342 5689 ut
3394 5633 3484 5704 qui
3532 5633 3677 5700 leges

2097 5744 2227 5801 tanti
2258 5741 2449 5812 iudicis
2480 5733 2844 5793 obliteraveris
2871 5741 2923 5786 ct
2951 5726 3275 5798 iufregcris?
3307 5726 3399 5779 Dic
3422 5767 3434 5791 ,
3464 5736 3562 5778 oro
3584 5763 3598 5787 ,
3632 5725 3677 5781 si

2163 5906 2181 5941 ι
2214 5904 2286 5955 sic
2307 5900 2413 5954 fere
2436 5909 2621 5952 omnes.
2651 5892 2749 5960 Alii,
2774 5887 3014 5951 mandati,
3029 5900 3133 5951 pro,
3158 5883 3247 5936 rei.
