4040 6378
294 419 356 471 ιτ
1000 420 1055 472 S.
1099 418 1377 474 JO.\N.\'IS
1417 420 1894 478 CHRYSOSTOMI
1937 424 2259 480 ARCHIEP.
2300 428 2841 485 CONSTANTINOP.
3526 431 3597 487 ιδ

292 568 383 609 rex
416 552 607 623 aliquis
653 563 896 607 terrenus
944 553 1117 624 legem
1159 557 1457 624 pes-uisset,
1494 567 1550 611 ut
1575 558 1657 612 vel
1706 558 1883 611 inimi-

294 661 479 700 corum
504 659 811 703 nostrorum
841 661 1027 702 curam
1070 663 1317 717 geramus
1343 689 1359 712 ,
1387 650 1467 703 vel
1498 662 1673 704 morte
1698 653 1888 719 punia-

294 755 433 804 mur,
465 754 644 793 annon
696 748 837 793 metu
885 739 1073 794 mortis
1102 743 1395 810 corporalis
1422 757 1611 797 omnes
1637 758 1885 799 accurre-

290 843 410 885 rent
438 832 505 887 ad
535 831 858 901 implendam
890 833 1086 903 legem?
1110 833 1316 901 Quanta
1342 836 1500 906 igitur
1516 838 1889 894 criminatione

291 925 482 995 dignus
515 924 673 979 fuerit
701 925 746 979 is
769 967 782 991 ,
814 926 903 997 qui
932 926 1003 981 ob
1050 930 1384 997 corporalem
1434 940 1660 985 mortem
1689 973 1702 995 ,
1729 947 1889 1001 quam

292 1018 492 1088 alioqui
524 1028 727 1073 naturae
755 1020 1049 1075 necessitas
1075 1020 1279 1084 afferet,
1312 1024 1490 1075 omnia
1512 1024 1763 1091 amplecti
1788 1039 1886 1094 pa-

292 1117 462 1175 ratus,
482 1111 752 1179 proposita
782 1121 960 1165 autem
990 1126 1145 1183 paena
1170 1115 1358 1167 mortis
1378 1154 1393 1177 ,
1428 1129 1546 1181 quae
1578 1115 1775 1168 nullam
1805 1116 1905 1168 in-.

292 1200 500 1252 venerit
543 1201 1003 1265 consolationem,
1039 1203 1215 1256 minus
1261 1212 1412 1257 curat
1459 1204 1629 1274 legem
1659 1205 1726 1259 ab
1774 1206 1890 1258 uni-

297 1306 572 1345 versorum
604 1292 827 1345 Domino
857 1292 1058 1346 latam?

363 1380 416 1437 8.
446 1381 552 1436 Sed
583 1383 685 1437 mei
727 1382 923 1438 oblitus
961 1399 1080 1437 sum
1110 1427 1124 1447 ,
1151 1384 1276 1438 dum
1301 1383 1417 1439 haec
1444 1385 1635 1456 loquor
1665 1386 1729 1440 iis
1752 1428 1767 1453 ,
1799 1388 1888 1456 qtti

292 1487 391 1525 nec
432 1472 887 1529 benefacientibus
928 1491 1109 1545 parem
1145 1476 1368 1545 gratiam
1414 1477 1735 1545 rependunt.
1761 1478 1891 1546 Quis

292 1561 451 1630 igitur
475 1563 699 1633 posthac
721 1582 751 1619 e
773 1566 1039 1635 supplicio
1062 1567 1152 1620 illo
1178 1583 1275 1621 nos
1306 1568 1517 1637 eripiet,
1543 1571 1758 1638 quando
1782 1587 1887 1625 non

290 1655 463 1708 solum
486 1656 553 1709 ab
576 1656 675 1711 hoc
708 1658 960 1712 mandato
984 1660 1138 1729 longe
1179 1660 1442 1714 distamus
1461 1702 1475 1723 ,
1505 1661 1599 1715 sed
1627 1678 1798 1732 neque
1826 1680 1889 1717 ea

291 1747 514 1800 l'aeimus
567 1764 685 1818 qua:
734 1751 1042 1820 publicani?
1099 1751 1158 1805 Si
1203 1753 1335 1805 enim
1376 1753 1589 1822 diligitis
1627 1754 1890 1826 diligentes

294 1856 413 1903 ros,
436 1839 511 1893 ait
537 1882 551 1900 ,
585 1841 707 1911 quid
748 1843 922 1913 magni
951 1843 1161 1912 facitis?
1201 1861 1369 1897 nonne
1394 1854 1441 1898 et
1487 1845 1749 1917 publicani
1794 1847 1892 1900 hoc

294 1932 426 1987 idem
455 1934 650 2004 faciunt
683 1934 891 2008 (Matth.
917 1938 970 1991 5.
1012 1938 1151 2007 46)?
1199 1936 1331 1993 Cum
1371 1939 1530 2008 igitur
1572 1956 1745 2010 neque
1792 1941 1893 1994 hoc

295 2039 323 2075 a
354 2023 508 2078 nobis
540 2026 658 2090 tiat,
690 2042 809 2096 quae
850 2030 1038 2082 salutis
1082 2039 1278 2085 nostra:
1320 2030 1485 2100 spes?
1529 2032 1655 2087 Ideo
1683 2048 1798 2097 oro,
1826 2049 1893 2088 ne

294 2116 462 2169 simus
480 2116 823 2173 immisericoi
836 2118 931 2176 des
950 2121 987 2184 ‘,
1004 2120 1095 2174 sed
1120 2131 1332 2175 nostras
1348 2123 1698 2191 cogitationes
1716 2124 1892 2178 dome-

298 2223 417 2263 mus
442 2250 455 2272 ,
486 2219 539 2265 et
560 2212 787 2280 primum
814 2212 1026 2278 quidem
1053 2213 1323 2268 discamus
1344 2215 1557 2269 vincere
1584 2216 1889 2286 proximum

294 2301 514 2355 caritate
534 2344 547 2365 ,
572 2314 625 2357 et
652 2304 945 2358 secundum
976 2304 1190 2359 beatum
1218 2307 1515 2376 apostolum
1540 2350 1551 2371 ,
1595 2310 1754 2361 alium
1780 2309 1893 2363 sin—

293 2392 401 2459 guli
433 2407 492 2448 se
533 2393 735 2450 honore
767 2398 1193 2465 prmstantiorem
1235 2398 1556 2453 arbitrantes
1581 2398 1802 2470 (Philip.
1834 2402 1889 2455 Ξ.

298 2483 378 2552 5),
413 2485 463 2538 in
488 2484 591 2540 hoc
620 2486 758 2540 vinci
787 2504 892 2542 non
922 2488 1175 2556 feramus,
1206 2490 1299 2543 sed
1327 2490 1603 2545 vincamus
1642 2499 1694 2545 ct
1736 2508 1894 2561 supe-

298 2590 499 2643 remus,
524 2578 619 2633 sed
636 2590 689 2634 et
712 2581 968 2649 majorem
995 2591 1048 2635 et
1065 2580 1442 2637 l'erventiorem
1466 2597 1588 2652 erga
1612 2583 1892 2654 diligentes

296 2670 541 2727 affectum
570 2673 1023 2730 demonstremus.
1055 2675 1166 2731 Hoc
1215 2677 1357 2730 enim
1391 2676 1622 2731 maxime
1653 2677 1891 2729 omnium

298 2766 458 2816 vitam
492 2776 728 2820 nostram
756 2767 996 2822 continet
1020 2778 1075 2822 et
1097 2776 1416 2834 conservat,
1449 2778 1503 2822 et
1534 2769 1633 2823 hoc
1660 2784 1691 2822 a
1722 2768 1891 2823 brutis

299 2856 530 2927 ferisque
580 2859 840 2915 distamus
864 2903 877 2925 ,
902 2861 1042 2931 quod
1094 2866 1359 2932 possimus
1380 2903 1395 2930 ,
1446 2864 1491 2918 si
1524 2864 1849 2918 voluerimus
1876 2907 1890 2929 ,

303 2960 685 3019 congruentem
712 2954 870 3007 nobis
897 2968 1218 3009 conservare
1243 2954 1489 3009 ordinem
1512 2995 1528 3021 ,
1556 2964 1610 3009 et
1648 2970 1892 3025 magnam

302 3056 423 3094 cum
459 3043 715 3109 proximis
739 3044 1078 3098 concordiam
1101 3043 1356 3100 exhibere
1381 3062 1395 3097 :
1427 3045 1620 3099 deinde
1651 3060 1779 3100 vero
1806 3061 1897 3099 co-

301 3134 611 3201 gitationem
654 3142 891 3190 nostram
937 3151 1218 3201 coercere,
1262 3152 1324 3191 ac
1352 3138 1704 3191 truculentam
1753 3137 1894 3191 illam

303 3227 466 3277 teram
497 3267 510 3287 ,
546 3226 677 3279 iram
707 3226 826 3280 dico
846 3268 861 3292 ,
900 3227 1173 3282 laneinare
1199 3269 1212 3293 ,
1242 3244 1303 3282 ae
1334 3229 1593 3283 tremendi
1625 3229 1767 3285 illius
1799 3231 1862 3283 tri
1880 3262 1893 3269 η-

306 3314 514 3368 bunalis
538 3315 819 3370 horrorem
847 3317 944 3385 ipsi
971 3329 1378 3388 repraesentare,
1405 3319 1653 3389 illamque
1677 3321 1895 3381 dOCere,

310 3407 353 3458 si
382 3407 572 3461 adduci
608 3409 776 3477 possit
802 3419 861 3463 ut
886 3409 1113 3464 inimicis
1142 3412 1517 3465 reconcilietur
1536 3453 1549 3477 ,
1581 3411 1694 3466 fore
1719 3421 1777 3466 ut
1805 3412 1904 3466 bo-

312 3498 394 3549 nis
426 3498 730 3567 ingentibus
758 3501 1080 3566 cutnuletur;
1114 3502 1195 3555 sin
1237 3512 1415 3556 autem
1458 3503 1509 3555 in
1555 3504 1900 3558 contentione

310 3600 616 3655 perseveret
635 3631 648 3649 ,
672 3591 818 3657 gravi
849 3592 1111 3662 supplicio
1144 3592 1408 3661 fundatur.
1444 3593 1626 3663 Neque
1652 3596 1792 3648 enim
1818 3605 1899 3648 te-

310 3694 457 3733 mere
483 3690 535 3733 et
561 3679 823 3736 inutiliter
852 3690 1061 3752 tempus
1085 3685 1390 3751 expendere
1417 3700 1515 3739 nos
1543 3696 1774 3755 Oportet,
1807 3686 1900 3741 sed

306 3771 527 3840 singulis
554 3773 743 3829 diebus
771 3785 825 3829 et
877 3776 1023 3830 horis
1056 3787 1182 3831 ante
1224 3778 1412 3831 oculos
1443 3789 1654 3833 nostros
1702 3795 1900 3849 prepo-

311 3876 441 3915 nere
472 3862 684 3918 Domini
718 3865 975 3935 judicium
1002 3884 1017 3930 ;
1049 3876 1102 3921 et
1124 3884 1242 3938 quae
1269 3869 1376 3923 sint
1419 3885 1479 3923 ea
1510 3886 1629 3940 qua:
1656 3886 1900 3941 magnam

311 3956 462 4008 nobis
495 3956 737 4011 tiduciam
759 3958 951 4013 afferre
976 3971 1189 4029 queant,
1216 3976 1458 4030 quamam
1488 3962 1611 4016 item
1638 3979 1756 4032 qua:
1786 3978 1901 4032 pae—

313 4059 434 4097 nam
463 4046 712 4101 inferant.
742 4052 915 4118 Atque
937 4052 1050 4106 haec
1094 4053 1163 4105 ita
1195 4062 1467 4108 versantes
1497 4054 1551 4107 in
1593 4059 1789 4109 nostris
1813 4072 1905 4109 co-

310 4135 658 4204 gitationibus
684 4181 698 4206 ,
727 4155 1039 4209 superemus
1067 4142 1289 4197 aﬂ‘ectus
1309 4183 1326 4208 ,
1354 4160 1761 4215 compescamus
1780 4161 1902 4201 car-

315 4226 397 4279 nis
419 4227 684 4295 lascivias,
704 4240 759 4285 ct
781 4234 1185 4299 mortiﬁcemns,
1210 4237 1501 4290 secundum
1530 4238 1743 4292 beatum
1768 4238 1902 4294 Pau-

315 4318 445 4383 lum,
476 4318 707 4375 Membra
749 4333 921 4378 nostra
945 4342 1057 4395 qua:
1083 4338 1199 4381 sunt
1244 4345 1394 4399 super
1423 4338 1647 4396 terram,
1677 4332 1902 4401 fornica-

313 4412 545 4478 tionem,
608 4414 1027 4484 immunditiam,
1082 4419 1385 4486 mollitiem,
1448 4424 1904 4491 concupiscentiam

313 4504 499 4557 malam
524 4502 703 4573 (Co/os
726 4528 862 4565 sens.
879 4511 930 4563 5.
956 4508 1031 4574 5),
1066 4509 1301 4565 furorem
1328 4554 1343 4579 ,
1373 4513 1641 4566 avaritiam
1662 4555 1677 4580 ,
1709 4529 1901 4568 vanam

309 4596 555 4666 gloriam,
568 4599 1091 4670 invidentiam.Quod
1108 4605 1149 4658 si
1171 4604 1252 4659 his
1266 4607 1634 4662 affectionibus
1648 4622 1745 4662 nos
1758 4624 1904 4662 mor-

313 4702 432 4745 tuos
464 4692 874 4763 reddiderimus,
912 4697 981 4750 ita
1027 4708 1083 4752 ut
1129 4700 1178 4752 in
1211 4700 1365 4754 nobis
1404 4702 1535 4756 nihil
1560 4704 1768 4773 operari
1810 4718 1899 4756 va-

313 4782 471 4848 leant,
492 4788 781 4854 peterimus
799 4792 907 4843 acci
915 4806 1039 4859 pere
1056 4792 1076 4841 f
1076 4802 1255 4847 ructus
1270 4792 1615 4866 Spiritus,qui
1631 4806 1754 4849 sunt
1768 4795 1906 4851 Cari-

313 4886 408 4942 tas,
432 4879 695 4946 gaudium,
715 4898 837 4947 pax,
862 4884 1237 4953 longanimitas,
1261 4885 1559 4957 benignitas,
1592 4887 1807 4952 bonitas,
1838 4890 1906 4955 ﬁ-

312 4969 418 5032 des,
438 4974 789 5031 mansuetudo.
805 4977 1108 5029 continentia
1127 4977 1268 5047 (Gal.
1289 4980 1340 5033 5.
1355 4978 1473 5050 22).
1492 4979 1604 5036 Hoc
1619 4979 1904 5035 Christiani

311 5059 379 5113 ab
406 5060 607 5118 inﬁdeli
638 5063 922 5121 discrimen
965 5068 1034 5121 sit
1070 5087 1081 5121 :
1114 5068 1196 5123 his
1238 5071 1526 5140 signaculis
1567 5071 1901 5128 internosca-

313 5165 452 5217 mur,
487 5168 553 5206 ne
575 5155 685 5208 sola
716 5158 1072 5227 appellatione
1096 5174 1374 5227 ornemur,
1399 5178 1571 5233 neque
1599 5163 1781 5217 habitu
1812 5180 1907 5218 ex-

316 5251 469 5296 terno
509 5243 755 5301 inﬂentur
789 5259 843 5303 et
869 5251 1247 5319 superbiamus
1271 5296 1284 5316 ,
1315 5254 1424 5308 imo
1451 5254 1574 5310 licet
1602 5256 1904 5324 possidere-

316 5349 433 5387 inus
462 5337 638 5391 omnia
663 5379 678 5405 ,
709 5355 827 5407 qua:
871 5356 1013 5395 nunc
1052 5345 1400 5411 enumeravi,
1434 5361 1503 5401 ne
1532 5346 1905 5415 superbiamus

314 5440 595 5495 mnquam,
634 5430 741 5483 imo
786 5433 953 5502 magis
1005 5449 1103 5489 nos
1154 5434 1513 5491 humilienms.
1562 5436 1730 5503 Nam,
1780 5439 1904 5490 Cum

313 5521 483 5573 omnia
513 5524 751 5591 feceritis,
782 5525 876 5591 ait,
908 5526 1061 5581 dicite
1093 5544 1109 5581 .'
1137 5528 1286 5584 Servi
1314 5529 1518 5584 inutiles
1543 5546 1719 5585 sumus
1749 5530 1905 5603 (Luc.

314 5612 401 5665 17.
438 5614 549 5685 10).
580 5613 635 5671 Si
664 5616 735 5671 ita
756 5618 969 5673 solliciti
993 5630 1231 5675 nostram
1258 5622 1482 5678 salutem
1512 5622 1900 5688 curaverimus,

377 5771 390 5801 ³
424 5769 514 5838 ttic
530 5768 735 5839 multum
752 5774 943 5839 variant
956 5774 1273 5837 exemplaria.
1293 5776 1442 5839 Savil._
1457 5784 1507 5827 et
1529 5778 1739 5828 Colbert.
1760 5791 1903 5839 unus,

311 5841 369 5877 ne
392 5830 540 5899 simus
562 5831 721 5899 ignari
742 5833 876 5899 circa
898 5830 1268 5899 observationem
1291 5834 1645 5889 mandatorwn.
1691 5840 1861 5889 (:oislin
1886 5830 1900 5899 ξ

312 5903 369 5941 ne
386 5892 652 5956 publicanis
668 5896 817 5949 simus
833 5897 1031 5950 similes.
1052 5899 1233 5963 March,
1244 5914 1303 5952 ne
1319 5901 1468 5953 simus
1485 5892 1903 5954 inunisericordesl

2008 542 2303 609 poterimus
2326 553 2381 595 et
2407 543 2559 597 nobis
2587 545 2716 613 ipsis
2751 544 3006 614 prodesse
3037 547 3347 616 plurimum,
3374 559 3427 605 et
3452 566 3482 604 ι
3514 551 3591 605 fu-

2004 642 2122 686 turo
2147 635 2406 703 supplicio
2435 636 2566 705 eripi
2592 676 2607 701 ,
2631 646 2686 691 et
2708 638 2773 691 iis
2809 638 2896 707 qui
2927 653 3026 692 nos
3052 640 3319 704 viderint,
3354 644 3592 712 magistri

1999 742 2120 781 esse
2160 742 2339 781 rerum
2373 728 2581 782 utilium
2616 749 2627 782 :
2658 740 2714 783 ut
2758 730 3045 800 diligenter
3074 743 3262 787 exacta
3315 734 3414 790 hac
3438 737 3547 789 vita
3573 778 3589 802 ,

1999 831 2349 887 assequamur
2376 834 2517 883 eam,
2548 836 2665 888 qua)
2699 820 2749 875 in
2775 820 2952 875 futuro
2982 824 3180 877 Saeculo
3202 826 3325 892 erit,
3349 826 3590 896 benigni-

2002 916 2189 975 tatem,
2216 927 2373 979 quam
2391 912 2543 965 nobis
2569 914 2816 967 omnibus
2840 915 3098 970 concedat
3115 918 3279 985 gratia
3306 927 3365 973 et
3382 921 3592 974 miseri-

1999 1002 2182 1056 eordia
2208 1004 2414 1057 Domini
2445 1006 2612 1059 nostri
2637 1005 2759 1059 Jesu
2789 1006 3008 1073 Christi,
3031 1024 3153 1063 cum
3175 1024 3283 1079 quo
3313 1010 3453 1064 Patri
3471 1012 3595 1081 glo-

2000 1095 2098 1158 ria,
2130 1096 2433 1165 imperium,
2460 1096 2702 1151 lionorin
2734 1100 2923 1154 sa-cula
2942 1102 3468 1160 saeculorum.Amen
3489 1104 3591 1174 (a).

2569 1209 2847 1264 IIOMILIA
2890 1211 2953 1266 γ.

2003 1333 2066 1387 Et
2102 1335 2230 1388 dixit
2256 1334 2395 1390 Deus
2425 1353 2438 1390 :
2468 1336 2835 1407 Congregetur
2871 1354 3005 1408 aqua
3033 1354 3155 1411 qua:
3186 1339 3286 1395 sub
3310 1342 3443 1395 ctrlo
3470 1350 3551 1395 est
3578 1384 3596 1408 ,

2001 1427 2050 1480 in
2077 1429 2539 1497 congregationem
2560 1444 2737 1494 unam,
2760 1440 3082 1500 etappareat
3099 1430 3241 1485 arida
3266 1431 3420 1504 (Gen.
3447 1434 3495 1488 1.
3516 1434 3600 1503 9).

2073 1560 2122 1613 1.
2149 1559 2417 1629 Scriptura
2440 1561 2746 1630 aurifodmis
2772 1574 3119 1632 comparatur.
3142 1592 3213 1605 -—
3232 1565 3343 1634 Age
3365 1573 3417 1618 et
3439 1564 3597 1619 hodie

1998 1668 2063 1705 ex
2095 1653 2235 1706 beati
2264 1653 2471 1708 Moseos
2505 1656 2685 1710 verbis
2707 1657 3009 1711 convivium
3040 1658 3366 1713 instruamus
3404 1671 3597 1713 vestne

1999 1747 2241 1811 caritati,
2272 1756 2326 1801 et
2350 1763 2470 1816 qua:
2504 1764 2533 1801 a
2564 1747 2794 1803 Domino
2829 1749 2916 1803 die
2949 1750 3106 1804 tertio
3134 1750 3269 1804 facta
3299 1752 3405 1804 sint
3425 1794 3440 1817 ,
3471 1751 3599 1805 dili-

1998 1844 2186 1904 genter
2200 1837 2623 1892 consideremus.
2648 1838 2779 1893 Nam
2806 1840 2850 1893 si
2879 1840 2911 1893 ii
2929 1841 3016 1910 qui
3036 1841 3086 1894 in
3105 1840 3423 1895 aurifodinis
3446 1842 3598 1896 labo-

1999 1938 2117 1980 rant
2143 1926 2217 2000 (ὁ)
2238 1970 2251 1993 ,
2282 1929 2367 1983 ubi
2400 1944 2561 1984 venas
2587 1932 2843 1999 quasdam
2876 1943 3115 1988 ramenta
3149 1949 3256 2002 prae
3287 1950 3346 1989 se
3364 1934 3599 1989 ferentes

1998 2022 2292 2091 conspicati
2335 2023 2524 2078 fuerint
2551 2066 2564 2087 ,
2599 2040 2626 2077 a
2662 2026 2915 2081 fodiendo
2946 2042 3050 2081 non
3083 2028 3347 2083 desistunt
3370 2070 3387 2097 ,
3429 2031 3598 2085 donec

1998 2128 2117 2183 qua:
2135 2114 2350 2169 obstant
2364 2118 2683 2183 amoverim,
2705 2127 2758 2173 et
2777 2119 2827 2171 in
2851 2118 3170 2188 profundum
3189 2121 3597 2185 descendentes,

2000 2220 2129 2275 opes
2153 2206 2274 2261 inde
2301 2223 2519 2278 magnas
2556 2211 2891 2279 perceperint
2918 2230 2931 2264 :
2960 2212 3128 2265 mtilto
3168 2214 3336 2283 magis
3371 2227 3468 2267 nos
3492 2229 3597 2268 non

2000 2297 2112 2349 auri
2132 2307 2369 2352 ramenta
2388 2300 2735 2370 inquirentes,
2756 2303 2848 2356 sed
2869 2303 3272 2359 inenarrabilem
3292 2306 3599 2360 thesaurum

2001 2391 2313 2446 inventuros
2334 2404 2634 2463 sperantes,
2654 2395 2812 2449 decet
2832 2397 3068 2466 quotidie
3093 2398 3239 2450 illum
3259 2398 3599 2468 investigare,

2011 2496 2068 2539 ut
2097 2486 2275 2539 multis
2306 2487 2669 2556 spiritualilms
2695 2488 2893 2543 divitiis
2928 2487 3050 2543 inde
3077 2491 3341 2556 collectis,
3381 2491 3600 2546 domum

2003 2577 2305 2632 redeamus.
2326 2578 2454 2633 Nam
2476 2579 2581 2633 illic
2609 2580 2822 2649 quidem
2840 2580 3038 2635 divitia:
3065 2583 3346 2637 sensibiles
3371 2582 3603 2638 dominis

2000 2670 2110 2722 suis
2141 2670 2452 2739 frequenter
2474 2672 2763 2726 multorum
2795 2674 3153 2742 periculorum
3181 2689 3340 2728 causa
3364 2674 3599 2736 fuerunt,

2003 2768 2057 2814 et
2098 2769 2223 2815 ante
2252 2762 2488 2830 pericula
2520 2763 2735 2817 brevem
2770 2765 3095 2832 voluptatem
3132 2765 3435 2833 przebentes
3462 2765 3599 2829 illis,

2002 2852 2185 2906 statim
2231 2853 2551 2918 avolarunt,
2579 2853 2662 2907 vel
2691 2854 3039 2923 schpltantis
3081 2853 3453 2910 insidiantibus
3474 2896 3487 2919 ,
3518 2855 3602 2909 vel

2002 2943 2225 3004 furibus,
2257 2944 2342 2998 vel
2373 2944 2669 2999 latronibus
2696 2945 2925 3015 parietes
2945 2945 3365 3014 cll‘ringentibns,
3396 2948 3479 3001 vel
3507 2964 3604 3001 cu-

2005 3034 2250 3088 stodihus
2277 3035 2486 3089 famulis
2512 3036 2925 3105 surripientibus
2953 3077 2966 3100 ,
3007 3047 3061 3091 et
3090 3038 3211 3107 fuga
3249 3039 3602 3095 elabentibus.

2006 3127 2105 3182 Hic
2148 3137 2327 3181 autem
2356 3128 2484 3183 nihil
2515 3129 2619 3183 tale
2658 3131 2914 3200 suspicari
2948 3131 3105 3186 licet:
3139 3132 3295 3201 diripi
3324 3133 3466 3187 enim
3492 3133 3605 3202 spi-

2008 3221 2219 3274 ritualis
2247 3220 2345 3275 iste
2372 3221 2653 3275 thesaurus
2697 3222 2908 3292 nequit,
2942 3232 2995 3277 et
3031 3223 3115 3277 ubi
3146 3223 3198 3277 in
3231 3226 3604 3294 promptuariis

2007 3314 2202 3367 mentis
2225 3322 2421 3367 nostra:
2455 3312 2769 3368 reconditus
2811 3313 2998 3379 fuerit,
3029 3315 3096 3369 ab
3126 3316 3375 3370 omnibus
3401 3313 3605 3371 insidiis

2005 3416 2087 3461 est
2116 3407 2561 3462 securuszmodo
2609 3422 2715 3461 non
2763 3423 2859 3478 per
2887 3406 3152 3476 ignaviam
3195 3408 3370 3463 locum
3418 3409 3604 3463 demus

2008 3498 2057 3552 ei
2087 3499 2177 3568 qui
2223 3499 2375 3552 illum
2406 3497 2561 3552 nobis
2594 3499 2806 3553 auferre
2840 3500 3010 3569 cupit.
3041 3499 3476 3571 Quandoquidem
3505 3501 3608 3554 ini-

2008 3590 2179 3645 micus
2210 3600 2411 3653 noster,
2443 3591 2729 3661 malignus,
2759 3593 2973 3662 inquam
3000 3634 3014 3658 ,
3046 3593 3286 3657 dmmon,
3314 3610 3432 3648 cum
3463 3595 3606 3648 videt

2008 3684 2306 3754 quempiam
2357 3684 2661 3752 spirituales
2713 3684 2992 3753 collegisse
3047 3684 3259 3739 divitias
3290 3726 3306 3753 ,
3364 3684 3493 3739 furit
3547 3696 3601 3739 et

2007 3776 2253 3831 dentibus
2284 3774 2498 3839 fremit,
2526 3777 2856 3846 multumque
2898 3776 3115 3847 vigilat,
3144 3787 3201 3830 ut
3241 3786 3597 3846 opportunum

2009 3878 2218 3939 tetnpus
2245 3879 2456 3938 captet,
2486 3884 2593 3939 quo
2629 3869 2792 3923 furari
2824 3878 2984 3940 queat
3013 3870 3212 3941 aliquid
3250 3885 3314 3925 ex
3343 3871 3485 3925 intus
3514 3886 3603 3925 re-

2012 3962 2264 4014 conditis.
2293 3960 2508 4014 Nullum
2551 3971 2731 4013 autem
2758 3960 3097 4014 commodum
3130 3960 3205 4014 illi
3235 3970 3441 4030 tempus
3480 3973 3563 4016 est
3584 4002 3600 4025 ,

2011 4062 2366 4122 prazterqnam
2395 4052 2521 4104 dum
2551 4051 2723 4121 ignavi
2755 4065 2938 4105 sumus
2972 4069 2984 4104 :
3020 4052 3140 4106 ideo
3168 4062 3421 4123 perpetua
3451 4052 3606 4108 nobis

2009 4146 2277 4215 vigilantia
2307 4159 2441 4212 opus
2476 4152 2558 4198 est
2597 4143 2663 4197 ad
2695 4142 3054 4198 excludendas
3076 4143 3216 4198 illius
3246 4143 3601 4198 incursiones.

2010 4237 2141 4292 Nam
2182 4252 2278 4291 eos
2319 4250 2457 4306 quos
2502 4235 2694 4289 viderit
2726 4234 3017 4289 admodum
3059 4235 3269 4290 sobrios
3299 4236 3562 4306 etvigilcs
3587 4279 3603 4302 ,

2009 4344 2130 4381 cum
2159 4327 2327 4382 semel
2353 4336 2513 4396 atque
2539 4325 2732 4381 iterum
2777 4340 3059 4396 aggressus
3083 4366 3097 4389 ,
3120 4326 3327 4380 irritum
3357 4336 3605 4380 conatum

2008 4419 2186 4485 videt,
2229 4418 2485 4488 relinquit
2530 4418 2741 4471 tandem
2775 4417 2979 4486 pudore
3019 4416 3276 4477 affectus,
3308 4431 3503 4486 gnarus
3546 4432 3607 4472 se

2014 4512 2143 4566 nihil
2174 4510 2437 4580 proﬁcere
2457 4551 2472 4576 ,
2503 4510 2547 4563 si
2579 4510 2631 4563 in
2660 4510 2900 4563 custodia
2929 4508 3338 4578 perstiterimns.
3378 4508 3606 4563 Proinde

2011 4619 2130 4658 eum
2161 4603 2395 4657 sciamus
2425 4617 2520 4671 per
2552 4609 2715 4655 totam
2748 4600 2885 4654 hanc
2924 4601 3087 4654 vitam
3120 4601 3273 4655 nobis
3292 4601 3603 4655 certandum

2013 4709 2154 4760 esse,
2191 4696 2269 4749 sic
2292 4708 2393 4749 nos
2416 4708 2686 4747 armemus
2707 4731 2721 4757 ,
2752 4693 2902 4762 quasi
2931 4701 3247 4761 praesentem
3274 4706 3487 4761 semper
3514 4692 3606 4746 ba-

2012 4789 2230 4843 beamus
2257 4788 2551 4851 inimicum,
2580 4786 2667 4855 qui
2694 4785 2895 4855 absque
2918 4786 3314 4841 intermissione
3332 4786 3603 4851 observet,

2013 4894 2138 4933 num
2186 4879 2471 4948 aliquando
2514 4877 2596 4931 vel
2642 4891 2827 4946 parum
2880 4876 3270 4941 dormitantes,
3321 4876 3602 4931 insidiandi

2011 4973 2345 5028 occasionem
2371 4973 2420 5027 ei
2450 4971 2809 5042 przebeamus.

2094 5068 2343 5121 Viaticum
2369 5066 2437 5119 ad
2459 5066 2612 5118 vitam
2641 5066 2870 5132 futuram
2896 5064 3037 5116 nobis
3072 5064 3470 5134 comparandum
3493 5071 3564 5116 est
3582 5103 3601 5127 ,

2059 5171 2131 5233 (a)
2165 5170 2414 5221 Conclusio
2435 5170 2645 5221 homilize
2684 5174 2733 5221 in
2766 5177 2873 5235 Mss.
2901 5179 2952 5220 et
2974 5172 3116 5221 Savil.
3141 5174 3295 5223 variat
3316 5186 3403 5235 pro
3425 5187 3582 5224 more.

1996 5242 2104 5282 Haec
2127 5243 2293 5296 autem
2317 5236 2539 5296 apposite
2562 5243 2697 5282 notat
2731 5232 2965 5296 Savilius:
3011 5252 3033 5278 ι
3058 5235 3166 5296 Mira
3208 5242 3286 5284 est
3309 5232 3492 5296 ubique
3530 5237 3580 5286 lu

1994 5295 2224 5346 clausulis
2258 5294 2564 5361 houijliarmn
2588 5294 2912 5361 inconstantia
2953 5297 3001 5343 in
3025 5295 3169 5361 Codd.
3208 5303 3335 5361 Mss,
3370 5294 3583 5361 ideoque

1997 5372 2082 5407 eas
2105 5371 2201 5406 non
2224 5357 2381 5405 semel
2406 5370 2431 5403 a
2455 5358 2629 5406 scribis
2649 5358 2825 5418 potius,
2852 5369 2995 5418 quam
3036 5358 3098 5405 ab
3129 5360 3339 5409 auctoris
3375 5357 3585 5408 cerebro

1998 5428 2165 5469 enatas
2187 5421 2349 5479 putari
2374 5434 2386 5468 :
2416 5427 2469 5467 ut
2491 5433 2585 5467 non
2611 5420 2781 5468 iusette
2803 5417 2916 5467 mihi
2941 5417 3118 5468 fecisse
3140 5421 3394 5470 videantur
3424 5420 3582 5471 Vero-

1995 5494 2136 5530 neus.
2162 5483 2278 5529 Edit.
2305 5481 2621 5543 Chrysostomi
2647 5480 2697 5527 in
2722 5481 2863 5542 Epist.
2879 5479 3097 5530 Paulinas
3109 5490 3350 5542 auctores,
3374 5484 3457 5544 qui
3474 5495 3584 5532 eum

1998 5556 2198 5617 ventum
2224 5554 2303 5617 est
2324 5548 2384 5596 ad
2416 5546 2556 5617 illud,
2586 5546 2749 5617 gratia
2787 5556 2833 5598 et
2855 5548 3217 5617 misericordia
3239 5590 3251 5613 ,
3292 5555 3447 5617 χάριτι
3489 5558 3571 5602 καὶ

1996 5610 2334 5678 φιλανθρωπίᾳ,
2361 5609 2551 5670 reliqua
2574 5609 2663 5671 pro
2692 5613 2892 5662 lectoris
2916 5613 3122 5664 arbitrio
3145 5609 3391 5678 explenda
3415 5618 3571 5665 relin-

1996 5677 2173 5733 quunL
2215 5686 2237 5718 ›

2059 5740 2128 5814 (ὁ)
2162 5741 2604 5814 ttincdesumptum
2629 5750 2705 5792 est
2728 5744 2915 5814 initium
2931 5747 3143 5814 ttomiliae
3166 5746 3294 5797 illius
3313 5764 3424 5811 qure
3457 5754 3585 5801 inter

1993 5805 2157 5873 spuria
2187 5809 2230 5851 S.
2271 5803 2508 5873 A_thanasii
2543 5806 2774 5873 Opusc_ula
2795 5810 3149 5873 circumfertur,
3176 5820 3227 5859 et
3261 5803 3405 5873 quam
3428 5814 3583 5863 edidi-

1997 5878 2104 5939 mus
2124 5872 2270 5913 Temo
2296 5863 2343 5913 II
2377 5863 2589 5927 Operuni
2624 5867 2872 5918 Athanasii
2911 5884 2959 5932 p.
2983 5871 3096 5922 404.
3126 5863 3233 5934 Ejus
3258 5863 3446 5924 initium
3483 5887 3583 5939 est,

2002 5928 2120 5989 ἀσπιρ
2143 5939 2177 5976 ει
2197 5940 2261 5987 τήν
2283 5942 2440 5989 χρυσῖτιν
2462 5945 2524 5992 τῆν
2543 5941 2783 5991 ptumi».
