4040 6378
340 412 408 468 ιο
1491 385 1556 440 ιΝ
1593 382 1744 439 CAP.
1788 382 1829 437 ι.
1870 382 1944 439 GE

2050 381 2111 438 LS.
2154 380 2385 437 HOMIL.
2429 379 2493 437 ν.
3556 391 3623 446 30

316 522 696 573 exercitatione
721 515 960 569 inrtutum
989 519 1035 565 et
1061 508 1269 565 assidua
1291 519 1609 579 peccatorum
1640 504 1919 575 confessio—

329 606 610 659 ne—l‘ton
630 604 779 659 vides
806 603 1123 674 pecuniosos
1141 601 1277 666 illos,
1301 615 1421 653 cum
1444 598 1671 652 hostium
1691 603 1933 651 metuunt

333 699 727 763 incursionem,
749 705 947 768 quanta
975 694 1180 751 scilicet
1202 708 1331 748 cura
1358 706 1445 747 res
1467 705 1590 745 suas
1611 686 1933 744 custodiant?

333 789 466 842 Nam
496 788 589 841 alii
617 789 758 843 seris
788 796 840 842 et
867 786 1140 857 repagulis
1163 776 1356 854 januas
1383 782 1647 845 muniunt,
1679 789 1738 833 ut
1761 793 1853 833 eas
1880 778 1932 831 in

317 894 448 935 :luto
471 881 744 936 collucent
764 897 779 935 :
803 880 889 935 alii
917 881 970 934 in
992 888 1189 935 terram
1214 875 1567 940 abscondunt,
1597 874 1667 928 ita
1692 881 1747 926 ut
1774 886 1935 926 nemo

332 975 473 1027 scire
501 975 672 1043 possit
710 973 799 1027 ubi
828 974 1050 1028 lateant.
1079 970 1278 1026 Eadem
1309 969 1582 1039 diligentia
1607 977 1662 1023 et
1694 981 1794 1022 nos
1820 963 1934 1018 col-

335 1065 535 1118 lectam
565 1065 824 1121 virtutum
850 1079 1035 1134 gazam
1057 1061 1329 1118 custodire
1356 1077 1451 1131 par
1470 1068 1571 1124 est,
1597 1068 1652 1115 et
1676 1073 1783 1113 non
1811 1065 1936 1110 ante

333 1157 585 1211 omnium
612 1158 800 1211 oculos
849 1170 1151 1226 proponere
1176 1196 1191 1220 ,
1219 1153 1315 1207 sed
1352 1152 1404 1206 in
1434 1151 1698 1206 tutissimo
1740 1147 1936 1203 mentis

338 1253 711 1322 promptuario
740 1266 1000 1321 reponere
1024 1290 1040 1315 ,
1071 1259 1125 1303 et
1146 1263 1336 1303 omnes
1365 1260 1554 1316 rapere
1584 1243 1815 1299 volentis
1852 1242 1934 1294 in-

336 1344 509 1398 sidias
538 1343 857 1407 excludere,
888 1351 948 1396 ut
974 1357 1096 1396 cum
1127 1356 1158 1394 a
1188 1338 1438 1410 prmdone
1464 1345 1632 1391 tutam
1658 1350 1775 1390 eam
1819 1348 1939 1388 ser-

342 1435 651 1489 vaverimus
674 1474 691 1500 ,
719 1435 787 1488 sit
813 1432 968 1488 nobis
996 1432 1243 1485 viaticum
1273 1429 1339 1484 ad
1370 1428 1597 1483 futuram
1623 1427 1787 1481 vitam
1814 1424 1940 1479 hine

341 1524 719 1594 migrantibus.
764 1523 976 1578 Etenim
1002 1522 1138 1576 sicut
1165 1521 1200 1575 ii
1228 1520 1318 1590 qui
1348 1519 1400 1574 in
1426 1527 1567 1574 terra
1592 1516 1764 1572 aliena
1792 1524 1937 1581 sunt,

338 1616 563 1685 quando
592 1618 643 1671 in
672 1617 900 1687 patriam
932 1629 1083 1669 suam
1114 1612 1292 1670 redire
1325 1610 1585 1682 cupiunt,
1612 1610 1781 1665 multo
1806 1617 1944 1663 tem-

343 1724 481 1779 pore
525 1710 779 1780 paulatim
827 1708 1043 1763 student
1071 1716 1125 1762 et
1168 1714 1357 1761 curant
1403 1714 1609 1759 tantum
1654 1701 1941 1756 corradere

342 1802 567 1869 viatici,
612 1810 868 1872 quantum
912 1799 981 1855 ad
1010 1800 1110 1854 via:
1155 1797 1537 1869 longitudinem
1578 1796 1658 1851 eis
1698 1795 1941 1851 sufficere

340 1905 555 1966 queat,
586 1904 643 1949 ut
674 1910 741 1950 ne
772 1893 978 1949 incuria
1003 1891 1145 1947 fame
1187 1892 1393 1961 seipsos
1417 1889 1642 1961 perdant
1671 1907 1684 1944 :
1715 1889 1785 1944 ita
1810 1904 1941 1944 sane

342 1992 527 2044 facere
569 1998 624 2044 et.
660 2002 761 2042 nos
803 1995 1058 2055 oportet,
1097 1984 1219 2055 quia
1249 1983 1513 2053 peregrini
1552 1982 1638 2037 hic
1679 1998 1861 2037 sumus
1888 1990 1944 2037 et

339 2081 570 2135 advena:
595 2122 610 2145 ,
656 2088 714 2134 ut
737 2078 1110 2149 provideamus
1136 2087 1185 2132 et
1232 2089 1555 2146 reponamus
1593 2073 1747 2129 nobis
1788 2073 1944 2142 spiri-

344 2171 569 2225 ttmlium
599 2170 852 2224 virtutum
879 2170 1066 2223 viatica
1095 2186 1108 2223 :
1139 2177 1195 2221 ut
1214 2166 1427 2238 quando
1445 2165 1761 2238 praeceperit
1780 2166 1937 2219 nobis

346 2264 609 2319 Dominus
630 2263 683 2318 in
710 2274 947 2317 nostram
974 2260 1157 2316 redire
1185 2261 1429 2330 patriam,
1463 2260 1630 2329 parati
1671 2258 1860 2324 simus,
1888 2265 1945 2311 et

340 2356 449 2410 alia
473 2356 686 2426 quidem
708 2355 983 2410 nobiscum
1008 2354 1312 2418 afl'eramus,
1345 2352 1447 2407 alia
1469 2360 1647 2407 autem
1670 2350 1780 2422 jam
1803 2365 1943 2421 pra:-

345 2447 511 2500 missa
542 2445 857 2501 habeamus.
892 2444 1092 2498 Horum
1114 2443 1256 2497 enim
1278 2443 1590 2497 viaticorum
1618 2442 1738 2496 talis
1758 2450 1944 2496 natura

341 2548 449 2602 est,
480 2548 539 2592 ut
564 2553 627 2593 ea
658 2554 777 2608 quae
806 2553 902 2607 per
931 2538 1192 2592 bonorum
1224 2535 1591 2602 operationem
1613 2534 1942 2589 voluerimus

343 2639 472 2684 ante
512 2643 615 2683 nos
662 2629 988 2698 praemittere
1014 2669 1031 2694 ,
1078 2642 1201 2682 cum
1249 2626 1374 2681 illuc
1417 2641 1516 2680 nos
1545 2626 1899 2695 prmvenerint
1924 2666 1941 2691 ,

341 2721 535 2789 januas
563 2720 717 2775 nobis
745 2720 990 2790 aperiant
1034 2717 1241 2773 fiduciae
1267 2716 1335 2773 ad
1362 2717 1643 2772 Dominum
1671 2727 1727 2773 et
1756 2718 1946 2771 introi-

347 2822 461 2864 tum
487 2811 716 2877 facilem,
747 2819 801 2865 et
828 2810 1029 2880 absque
1058 2824 1259 2880 pavore
1277 2851 1291 2875 ,
1318 2817 1375 2864 et
1403 2825 1648 2881 magnam
1677 2810 1817 2879 apud
1846 2808 1944 2865 Ju-

344 2902 520 2957 dieem
552 2901 971 2956 benevolentiam
1000 2900 1303 2955 concilient.

416 2993 474 3046 2.
507 2993 573 3046 Ει
615 3002 674 3047 ιιι
701 2992 879 3047 discas
905 3032 920 3056 ,
948 2990 1145 3046 dilecte
1167 3032 1182 3057 ,
1215 2990 1330 3047 hmc
1360 2992 1412 3045 in
1444 2992 1588 3046 hunc
1629 3006 1690 3045 se
1729 2990 1944 3045 modum

347 3084 567 3146 habere,
590 3083 779 3152 collige
806 3081 950 3149 hinc,
968 3081 1108 3152 quod
1133 3083 1218 3151 qui
1237 3082 1531 3138 liberaliter
1550 3082 1943 3154 eleemosyuam

348 3176 621 3243 impertit,
654 3183 708 3228 et
737 3174 823 3227 hic
854 3189 975 3228 cum
1008 3173 1146 3227 bona
1191 3173 1825 3239 conscientiaversatur,
1857 3174 1945 3227 ubi

344 3267 472 3321 hinc
499 3265 782 3341 translatus
814 3265 992 3332 fuerit,
1025 3280 1271 3335 magnam
1299 3265 1438 3334 apud
1466 3265 1707 3321 Judieem
1738 3267 1949 3321 miseri-

344 3357 586 3412 cordiam
615 3357 884 3423 inveniat,
915 3366 1078 3427 atque
1105 3357 1259 3412 beata
1285 3359 1372 3412 illa
1402 3358 1563 3413 verba
1588 3374 1709 3413 cum
1739 3363 1947 3417 emteris

343 3450 529 3504 audiat
555 3467 569 3503 :
610 3448 805 3516 Venite,
834 3450 1080 3504 benedicti
1111 3449 1284 3506 Patris
1323 3451 1420 3505 mei
1439 3494 1453 3518 ,
1483 3452 1696 3522 accipite
1715 3453 1768 3507 in
1790 3458 1949 3509 haere-

344 3545 557 3597 ditatem
584 3561 814 3615 regnum,
844 3545 980 3615 quod
1002 3544 1135 3600 vobis
1161 3556 1507 3615 prmparatum
1536 3556 1608 3600 est
1644 3563 1675 3599 a
1710 3549 1947 3601 constitu-

344 3638 483 3691 tione
510 3637 862 3704 mundi:quia
898 3637 1116 3703 esurivi,
1167 3645 1212 3690 et
1239 3637 1451 3692 dedistis
1485 3638 1609 3692 mihi
1641 3640 1946 3694 manducare

343 3729 575 3800 (Matth.
600 3729 690 3783 25.
717 3729 807 3783 δι.
840 3729 967 3799 55).
998 3729 1230 3799 ldipsum
1259 3738 1407 3784 certe
1448 3739 1501 3783 et
1527 3729 1579 3783 in
1622 3729 1742 3784 aliis
1771 3729 1942 3784 virtu-

346 3821 492 3876 tibus
518 3821 830 3891 contingere
858 3820 1118 3874 invenias.
1149 3820 1238 3875 Sic
1267 3829 1322 3875 et
1357 3821 1411 3875 in
1455 3820 1795 3876 confessione
1823 3836 1948 3891 pec-

341 3922 631 3977 catorum,
662 3921 718 3965 et
761 3912 812 3965 in
856 3912 1170 3967 assiduitate
1213 3911 1533 3981 fervoreqne
1579 3915 1944 3981 preeatiomnu

347 4013 671 4058 eventurum
719 4012 821 4058 est.
868 4002 1094 4071 Quando
1135 4004 1277 4058 enim
1323 4004 1374 4057 in
1425 4004 1672 4073 praesenti
1702 4005 1805 4058 vita
1855 4020 1950 4073 per

340 4095 740 4150 confessionem
773 4105 985 4164 peccata
1015 4096 1261 4160 abluere,
1297 4106 1351 4150 et
1380 4097 1747 4151 remiSsionem
1779 4113 1809 4151 a
1839 4098 1948 4151 Do-

352 4193 505 4243 mino
533 4189 745 4258 assequi
787 4188 1116 4258 potuerimus
1139 4228 1155 4253 ,
1200 4189 1461 4243 abibimus
1491 4189 1616 4243 illuc
1660 4206 1688 4241 a
1718 4189 1950 4257 peccatis

345 4279 488 4349 puri,
519 4288 575 4335 et
597 4295 864 4349 magnam,
891 4296 1009 4350 quae
1036 4289 1161 4335 tunc
1185 4279 1341 4335 nobis
1364 4279 1669 4347 donabitur,
1702 4280 1947 4335 fiduciam

345 4371 707 4426 inveniemus.
733 4370 917 4440 Neque
933 4371 1073 4426 enim
1090 4371 1203 4425 ﬁeri
1231 4380 1405 4440 potest
1426 4378 1484 4425 ut
1512 4371 1592 4436 iis,
1622 4371 1711 4441 qui
1740 4371 1790 4425 in
1814 4387 1949 4442 pra:-

342 4466 483 4521 senti
510 4467 616 4518 vita
646 4473 861 4533 peccata
889 4480 993 4519 non
1022 4464 1252 4519 abluerit
1270 4507 1283 4527 ,
1318 4472 1498 4533 postea
1527 4465 1947 4520 consolationem

341 4558 577 4627 aliquam
610 4556 717 4611 illic
747 4556 1059 4611 inventurus
1083 4557 1173 4610 sit.
1204 4554 1270 4609 In
1298 4555 1496 4625 inferno
1523 4557 1687 4621 enim,
1716 4556 1811 4621 ait,
1839 4557 1949 4624 quis

342 4648 667 4717 conﬁtebitur
689 4648 777 4701 tibi
802 4648 821 4721 (
842 4648 990 4703 Psal.
1018 4648 1125 4704 6.6
1151 4649 1206 4718 )?
1236 4649 1303 4702 Et
1333 4648 1522 4702 merito
1546 4665 1559 4702 :
1587 4646 1690 4703 hoc
1709 4648 1851 4702 enim
1869 4657 1951 4703 est

342 4743 641 4797 stadiorum
671 4749 899 4811 tempus,
934 4751 989 4797 et
1016 4740 1377 4807 conflictuum,
1406 4749 1460 4795 et
1478 4741 1861 4795 certaminum:
1886 4740 1954 4795 il-

345 4837 435 4892 Iud
466 4851 595 4891 vero
615 4850 954 4898 coronarum,
971 4833 1254 4896 mercedis,
1271 4842 1325 4889 et
1342 4834 1703 4903 prmmiorum.
1723 4833 1951 4890 Proinde

343 4936 615 4981 certemus
640 4925 766 4979 dum
797 4924 969 4978 adhuc
993 4925 1045 4978 in
1068 4924 1238 4979 stadio
1256 4939 1551 4990 versamur,
1582 4939 1648 4979 ne
1673 4934 1942 4994 tempore,

342 5034 453 5089 quo
469 5033 689 5073 coronae
716 5028 770 5073 et
807 5017 1047 5071 laborum
1079 5018 1295 5087 praemia
1333 5028 1651 5083 sumuntur,
1681 5018 1821 5072 inter
1857 5033 1952 5072 eos

345 5113 538 5176 simus,
569 5111 660 5179 qui
693 5109 897 5179 pudore
925 5108 1266 5173 afficientur;
1298 5109 1392 5165 sed
1424 5108 1567 5165 inter
1595 5124 1689 5164 eos
1715 5110 1803 5178 qui
1829 5125 1950 5164 eum

348 5201 538 5256 fiducia
557 5202 820 5270 capitibus
842 5215 1070 5257 coronas
1090 5201 1374 5272 excipient.
1398 5202 1509 5257 lioc
1526 5202 1786 5271 promntio
1810 5201 1952 5272 apud

346 5293 625 5347 caritatem
645 5301 872 5347 vestram
889 5308 997 5348 non
1022 5302 1244 5359 temere,
1264 5308 1435 5363 neque
1452 5293 1506 5348 in
1522 5310 1714 5348 vanum
1733 5294 1949 5349 utimur:

346 5383 443 5439 sed
463 5382 706 5454 quotidie
727 5382 795 5438 de
815 5383 968 5439 bonis
990 5384 1238 5453 operibus
1258 5399 1355 5440 vos
1371 5386 1663 5440 admonere
1683 5386 1949 5454 cupimus,

349 5485 406 5529 ut
433 5474 659 5546 perfecti
685 5516 699 5537 ,
727 5475 1083 5530 consummati
1109 5518 1122 5538 ,
1165 5476 1557 5547 virtutibusque
1585 5476 1808 5547 prtedita
1845 5476 1953 5533 vita

349 5568 675 5637 spectabiles
706 5567 988 5635 facti,sitis
1009 5567 1502 5639 irreprehensibiles
1528 5579 1581 5625 et
1612 5570 1826 5636 sinceri,
1848 5571 1953 5626 im-

350 5661 605 5716 maculati
639 5660 729 5714 filii
761 5661 851 5715 Dei
886 5677 901 5715 :
931 5671 985 5715 et
1011 5660 1231 5716 luceatis
1252 5662 1390 5717 sicut
1412 5662 1691 5716 luminaria
1722 5663 1773 5716 in
1796 5678 1953 5717 mun-

349 5755 419 5809 do
448 5797 461 5815 .
508 5769 813 5808 sermonem
851 5754 973 5809 vita:
1004 5753 1264 5809 habentes
1293 5756 1343 5809 in
1386 5756 1555 5809 nostri
1583 5754 1950 5823 gloriatiouetn

352 5847 405 5902 iu
427 5845 516 5904 die
535 5844 755 5911 Christi,
790 5854 846 5901 ut
866 5846 948 5901 vel
979 5846 1095 5903 solo
1120 5856 1335 5917 aspectu
1365 5848 1428 5903 iis
1458 5845 1711 5919 prodesse
1737 5845 1950 5916 possitis

2039 503 2130 574 qui
2152 503 2424 560 vobiscum
2451 516 2749 576 versantur,
2782 517 2837 564 ut
2858 518 3048 565 vestrm
3069 511 3355 582 spiritualis
3386 509 3625 581 fragran-

2039 597 2125 650 tia:
2148 638 2164 661 ,
2198 606 2493 668 vestraeque
2518 600 2733 667 optimm
2760 600 2879 655 vita:
2908 603 3126 657 rationis
3150 619 3216 659 ex
3244 604 3435 658 vestris
3461 603 3629 661 collo-

2038 688 2178 758 quiis
2203 688 2331 743 fiant
2359 690 2661 760 participes.
2691 693 2899 749 Etenim
2925 695 3061 749 sicut
3105 695 3467 767 improborum
3500 711 3628 749 eon-

2045 782 2273 838 suetudo
2300 782 2652 841 familiaribus
2682 787 2794 842 suis
2824 789 3045 842 multum
3073 798 3248 857 nocet,
3278 789 3629 859 quemadmo-

2039 873 2165 928 dum
2207 875 2392 931 beatus
2426 877 2620 933 Paulus
2650 878 2857 949 inquit:
2888 879 3232 949 Corrumpunt
3274 881 3428 935 bonos
3466 898 3629 933 mores

2040 965 2293 1036 colloquia
2319 984 2475 1037 prava
2500 969 2519 1040 (
2542 971 2592 1024 i.
2626 970 2743 1024 Cor.
2777 972 2863 1027 15.
2895 972 2966 1027 55
2990 974 3007 1042 )
3033 989 3045 1026 :
3072 972 3150 1027 sic
3173 982 3228 1027 et
3254 971 3518 1027 bonorum
3549 970 3631 1023 fa-

2042 1059 2323 1117 miliarilas
2359 1078 2462 1117 una
2491 1065 2829 1120 versantibus
2856 1066 3088 1120 maxima
3132 1065 3411 1121 commoda
3451 1065 3628 1119 affert.

2042 1154 2400 1219 Quamobrem
2447 1157 2708 1227 benignus
2757 1157 3010 1213 Dominus
3049 1166 3230 1213 noster
3273 1157 3412 1213 inter
3460 1158 3631 1211 malos

2044 1246 2286 1313 permisit
2329 1248 2499 1303 bonos
2540 1250 2722 1304 vivere
2748 1290 2762 1314 ,
2800 1258 2856 1304 ut
2902 1250 3128 1319 improbi
3172 1250 3375 1304 lucrum
3417 1249 3627 1319 aliquod

2043 1335 2275 1391 habeant
2298 1353 2363 1392 ex
2392 1353 2453 1393 ea
2480 1340 2865 1395 consuetudine
2884 1380 2900 1407 ,
2933 1356 3032 1396 nec
3069 1357 3283 1411 semper
3309 1342 3359 1395 in
3388 1356 3481 1396 sua
3510 1357 3632 1411 per-

2044 1438 2294 1483 maneant
2337 1430 2535 1486 malitia
2578 1449 2592 1485 :
2636 1431 2733 1487 sed
2780 1431 2953 1488 bonos
2993 1433 3246 1487 continuo
3283 1446 3406 1488 ante
3445 1434 3633 1487 oculos

2043 1530 2367 1588 spectantes,
2395 1522 2593 1592 aliquid
2622 1524 2861 1580 utilitatis
2880 1540 2947 1580 ex
2967 1541 3152 1581 eorum
3173 1527 3379 1595 capiant
3410 1525 3634 1580 familia-

2045 1610 2221 1665 ritate.
2252 1610 2418 1666 Tanta
2449 1614 2589 1667 enim
2617 1614 2825 1669 virtutis
2852 1617 3086 1686 potentia
3112 1625 3193 1672 est
3213 1658 3227 1680 ,
3261 1626 3315 1670 ut
3352 1631 3635 1671 reverenti-

2047 1712 2132 1757 tur
2172 1714 2226 1758 et
2268 1706 2489 1758 multum
2516 1706 2732 1762 laudent
2774 1724 2892 1763 eam
2917 1750 2932 1773 ,
2983 1709 3142 1763 etiam
3172 1708 3260 1779 qui
3293 1708 3380 1762 illa
3428 1717 3630 1761 carent.

2045 1794 2195 1850 Sicut
2234 1806 2290 1850 et
2316 1797 2497 1851 vitium
2535 1799 2697 1853 etiam
2734 1799 2801 1853 ab
2829 1801 2890 1853 iis
2910 1843 2924 1864 ,
2950 1800 3039 1870 qui
3071 1801 3193 1855 mali
3220 1808 3378 1865 sunt,
3406 1798 3635 1854 subinde

2046 1896 2323 1942 accusatur
2349 1896 2407 1943 et
2433 1888 2669 1957 carpitur
2689 1908 2702 1943 :
2721 1890 2856 1945 adeo
2877 1892 3061 1946 vitium
3083 1891 3332 1947 omnibus
3353 1898 3437 1946 est
3466 1891 3637 1944 mani-

2048 1977 2238 2033 festum
2268 1988 2323 2034 ct
2363 1982 2699 2050 perspicuum
2728 2025 2741 2045 .
2771 1999 2941 2053 neque
2970 1984 3135 2038 ullum
3184 1999 3433 2053 umquam
3484 1984 3637 2038 facile

2047 2071 2282 2139 reperias
2325 2072 2415 2141 qui
2456 2072 2619 2128 libere
2662 2076 2857 2128 malum
2903 2091 2962 2130 se
3002 2090 3123 2131 esse
3162 2075 3512 2146 profiteatur:
3542 2077 3634 2129 Sed

2048 2163 2187 2232 quod
2216 2164 2407 2217 mirum
2457 2173 2578 2231 est,
2625 2166 2837 2234 ipsimet
2876 2182 2936 2221 ea
2963 2209 2978 2232 ,
3005 2183 3124 2237 qua:
3166 2167 3416 2237 operibus
3464 2167 3636 2223 facere

2051 2263 2330 2317 attentam,
2363 2257 2543 2310 verbis
2568 2257 2704 2310 mala
2728 2273 2848 2313 esse
2875 2257 3130 2323 fatentur,
3158 2274 3223 2313 ac
3247 2258 3515 2329 plerisque
3541 2274 3627 2311 oc-

2048 2348 2188 2405 culta
2204 2364 2326 2404 esse
2347 2350 2565 2405 vellent.
2592 2350 2743 2417 Quod
2769 2361 2823 2406 et
2847 2352 3018 2421 ipsum
3043 2353 3235 2407 divinre
3257 2353 3637 2408 misericordiae

2048 2450 2149 2504 est,
2179 2457 2298 2511 qum
2328 2440 2602 2495 hominum
2632 2443 2812 2513 generi
2838 2444 3126 2509 Concessit,
3159 2453 3217 2498 ιιι
3237 2443 3519 2515 unicuique
3547 2460 3640 2497 no-

2049 2541 2218 2587 strum
2247 2533 2464 2587 insitum
2490 2533 2559 2587 sit
2579 2534 2941 2605 incorruptum
2966 2534 3224 2603 judicium
3255 2536 3599 2591 conscientiae
3621 2578 3634 2599 .

2049 2624 2189 2694 quod
2210 2633 2455 2678 accurate
2480 2633 2655 2694 potest
2677 2640 2704 2678 a
2728 2626 2869 2679 malo
2892 2626 3086 2680 bonum
3111 2627 3419 2681 discernere
3444 2644 3457 2693 ;
3483 2628 3640 2696 idque

2051 2714 2386 2783 potissimum
2430 2731 2642 2770 omnem
2685 2716 2838 2771 nobis
2879 2716 3246 2772 defensionem
3277 2719 3451 2785 tollit,
3496 2721 3636 2789 quod

2051 2822 2156 2859 non
2188 2821 2281 2875 per
2311 2806 2660 2875 ignorantiam
2704 2807 2753 2860 in
2787 2817 2999 2877 peccata
3043 2807 3337 2863 incidamus
3361 2849 3376 2875 ,
3424 2810 3518 2864 sed
3544 2826 3639 2878 per

2049 2900 2241 2953 animm
2267 2898 2524 2955 desidiam
2550 2910 2603 2955 et
2631 2900 2839 2955 virtutis
2865 2909 3247 2972 contemptum.

2120 2994 2175 3048 5.
2217 2992 2343 3048 Haec
2371 2994 2593 3064 singulis
2620 2993 2764 3049 horis
2790 3006 2974 3049 nos1ro
2995 3010 3267 3051 versemus
3292 2996 3490 3062 animo,
3524 3013 3636 3050 ma-

2050 3102 2206 3157 gnam
2256 3086 2441 3142 salutis
2486 3097 2683 3141 uestra:
2734 3087 2988 3142 habentes
3035 3088 3484 3154 sollicitudinem,
3535 3106 3636 3155 ne,

2052 3187 2405 3249 prmtereunte
2443 3188 2703 3249 tempore,
2750 3179 3075 3251 ignorantes,
3121 3181 3275 3235 nobis
3318 3181 3447 3250 ipsis
3476 3184 3639 3235 maxi-

2052 3286 2195 3324 mum
2240 3268 2530 3325 inferamus
2574 3269 2849 3324 damnum.
2895 3269 2998 3325 Sed
3044 3272 3423 3340 prooemiorum
3469 3273 3636 3326 satis:

2049 3361 2326 3415 audiamus
2351 3368 2527 3416 autem
2549 3403 2564 3426 ,
2598 3360 2642 3415 si
2672 3361 2863 3431 placet,
2895 3377 3015 3431 qua:
3043 3372 3097 3417 et
3121 3362 3280 3417 hodie
3318 3380 3414 3417 nos
3441 3362 3637 3417 docere

2051 3454 2164 3507 vult
2189 3454 2417 3523 Spiritus
2442 3454 2608 3508 sancti
2636 3454 2803 3524 gratia
2833 3470 2928 3524 per
2956 3455 3093 3509 beati
3122 3455 3285 3510 Mosis
3306 3456 3557 3526 linguam.
3580 3458 3634 3512 9.

2051 3545 2119 3599 Et
2149 3548 2297 3609 dixit,
2324 3546 2513 3614 inquit,
2548 3545 2683 3600 Deus
2705 3562 2723 3600 :
2748 3546 3089 3617 Congregetur
3111 3564 3242 3615 aqua
3267 3564 3378 3616 quo:
3405 3548 3494 3600 sub
3516 3549 3640 3602 carlo

2051 3649 2152 3705 est,
2187 3639 2238 3693 in
2280 3640 2715 3709 congregationem
2762 3656 2936 3705 unam,
2985 3648 3031 3693 et
3072 3651 3316 3709 appareat
3361 3642 3527 3695 arida.
3578 3641 3639 3696 Et

2052 3734 2243 3801 factum
2266 3739 2337 3783 est
2358 3731 2448 3784 ita.
2480 3728 2610 3784 Vide
2635 3728 2751 3795 hic,
2782 3730 3004 3785 obsecro
3022 3770 3037 3793 ,
3064 3730 3289 3790 dilecte.
3315 3731 3555 3786 ordinem
3585 3744 3639 3786 et

2051 3822 2484 3891 consequentiam
2525 3820 2801 3889 optimam.
2834 3820 2966 3888 Quia
3008 3820 3215 3876 dixerat
3253 3821 3304 3876 in
3344 3823 3636 3892 principio:

2053 3913 2210 3967 Terra
2238 3928 2346 3967 erat
2369 3913 2631 3966 invisibilis
2661 3923 2706 3965 et
2744 3913 3101 3983 incomposita,
3132 3929 3197 3967 eo
3237 3915 3377 3983 quod
3408 3916 3640 3969 tenebris

2052 4013 2108 4058 et
2134 4005 2285 4074 aquis
2304 4004 2647 4074 obtegeretur
2672 4022 2684 4057 :
2711 4012 2766 4059 et
2789 4004 2981 4059 deinde
3004 4006 3260 4074 prmcepit
3280 4005 3367 4061 die
3383 4008 3636 4071 secundo,

2054 4107 2111 4149 ut
2156 4104 2300 4150 esset
2352 4096 2785 4161 firmamentum,
2843 4103 2897 4148 et
2940 4110 3200 4164 aquarum
3248 4098 3637 4165 separatione":

2055 4187 2197 4250 fecit,
2226 4189 2537 4257 vocavitque
2580 4187 2971 4242 firmamentum
3008 4188 3194 4242 cmlum
3225 4206 3237 4242 :
3268 4205 3406 4244 nunc
3448 4191 3638 4244 iterum

2052 4280 2206 4335 docet
2235 4295 2331 4334 nos
2351 4320 2367 4345 ,
2406 4294 2465 4333 se
2501 4279 2589 4333 die
2620 4279 2777 4333 tertio
2806 4279 3121 4348 prtecepisse
3161 4295 3314 4350 aqum
3335 4323 3350 4347 ,
3378 4298 3499 4351 qum
3543 4285 3640 4336 sub

2052 4372 2215 4439 caelo,
2244 4370 2346 4425 hoe
2382 4377 2494 4437 est,
2524 4372 2881 4436 firmamento,
2915 4380 2971 4424 ut
3001 4370 3052 4424 in
3077 4387 3231 4425 unam
3274 4375 3640 4444 congregatio-

2053 4480 2176 4520 nem
2218 4464 2560 4529 conveniret,
2604 4473 2659 4518 et
2702 4463 2875 4517 locum
2918 4463 3105 4527 daret,
3152 4474 3311 4534 atque
3361 4478 3642 4535 appareret

2053 4555 2238 4611 arida:
2283 4564 2339 4611 et
2378 4555 2577 4610 factum
2603 4562 2686 4609 est
2723 4554 2815 4608 ita.
2842 4554 2976 4622 Quia
3010 4555 3156 4609 enim
3202 4556 3379 4611 omnia
3425 4558 3638 4626 impleta

2054 4654 2209 4702 erant
2240 4647 2393 4716 aquis
2415 4688 2431 4712 ,
2449 4646 2607 4717 jussit
2631 4646 2683 4700 in
2711 4661 2869 4701 unam
2894 4649 3358 4716 congregationem
3382 4664 3638 4718 aquarum

2055 4736 2450 4791 multitudinem
2478 4736 2792 4799 concedere,
2817 4745 2874 4791 ut
2898 4737 2977 4791 sic
3004 4749 3284 4807 appareret
3310 4738 3477 4793 arida.
3508 4738 3640 4792 Vide

2053 4827 2324 4897 quomodo
2373 4828 2626 4899 paulatim
2686 4828 2825 4882 illius
2877 4828 3033 4883 nobis
3086 4828 3530 4897 pulchritudinem
3587 4841 3643 4883 et

2054 4930 2299 4975 ornatum
2326 4919 2576 5001 ostendit.
2608 4919 2673 4974 Et
2715 4924 2905 4990 factum
2937 4928 3039 4983 est,
3066 4919 3173 4984 ait,
3204 4920 3294 4972 ita.
3320 4918 3599 4986 Quomodo
3620 4924 3644 4973 ?

2054 5014 2201 5070 Sicut
2253 5022 2576 5084 praeceperat
2628 5013 2898 5066 Dominus.
2960 5011 3100 5066 Dixit
3142 5010 3355 5078 solum,
3402 5018 3460 5067 et
3508 5029 3643 5081 opus

2056 5105 2436 5174 subsequutum
2483 5112 2587 5159 est.
2633 5103 2746 5158 Hoc
2779 5103 2919 5158 enim
2964 5101 3229 5171 peculiare
3277 5102 3369 5157 Dei
3427 5111 3527 5165 est,
3576 5112 3635 5156 ut

2056 5196 2347 5253 secundum
2377 5196 2703 5251 voluntatem
2734 5209 2881 5248 suam
2917 5203 3188 5248 creaturas
3217 5192 3540 5249 moderetur.
3575 5190 3643 5246 Et

2056 5299 2361 5360 congregata
2397 5296 2467 5341 est
2484 5327 2499 5351 ,
2529 5286 2727 5355 inquit,
2760 5301 2890 5352 aqua
2913 5299 3026 5353 qua:
3048 5284 3138 5337 sub
3162 5285 3287 5338 ctelo
3304 5324 3318 5345 ,
3348 5284 3401 5337 in
3425 5300 3640 5355 congre-

2057 5381 2279 5449 qationes
2309 5395 2449 5443 suas,
2495 5386 2543 5431 et
2589 5376 2828 5446 apparuit
2873 5374 3041 5427 arida.
3085 5374 3540 5439 Quemadmodum
3571 5375 3642 5430 de

2054 5475 2174 5527 luce
2202 5471 2398 5525 dictum
2429 5478 2548 5534 est,
2579 5467 2719 5537 quod
2748 5482 2867 5522 eum
2908 5474 3089 5520 essent
3124 5464 3322 5536 ubique
3369 5467 3603 5521 tenebrae
3624 5507 3641 5528 .

2054 5562 2270 5635 jusserit
2299 5561 2514 5632 produci
2544 5562 2714 5615 lucem
2736 5601 2752 5625 ,
2783 5567 2837 5614 et
2864 5558 3253 5627 separationem
3286 5557 3469 5614 fecerit
3510 5561 3642 5614 lueis

2056 5671 2119 5712 ac
2140 5656 2496 5717 tenebrarum,
2521 5662 2574 5707 et
2596 5653 2731 5706 hanc
2757 5651 3000 5706 tribuerit
3020 5650 3144 5717 diei,
3160 5647 3297 5703 istas
3314 5660 3444 5700 vero
3465 5649 3609 5705 nocti
3633 5665 3645 5710 ;

2056 5749 2298 5804 similiter
2328 5747 2524 5801 dictum
2554 5753 2668 5810 est,
2697 5744 2836 5814 quod
2880 5758 3011 5797 cum,
3042 5742 3294 5811 pnoduxit
3329 5742 3637 5797 firmamen-

2058 5854 2189 5911 tum,
2218 5856 2470 5913 aquaruin
2499 5840 2628 5895 alias
2654 5836 2981 5909 superiorem
3004 5835 3184 5892 locum
3200 5850 3486 5905 occupare,
3510 5841 3641 5894 alia:
