  <div class='ocr_page' id='page_1' title='image "/cluster/home/n/w/nwhite01/storage/ocr_20150623/53/nnc1.0046978453/049.png"; bbox 0 0 4040 6378; ppageno 0'>
   <div class='ocr_carea' id='block_1_1' title="bbox 422 356 3700 425">
    <p class='ocr_par' dir='ltr' id='par_1_1' title="bbox 422 356 3700 425">
     <span class='ocr_line' id='line_1_1' title="bbox 422 356 3700 425; baseline 0.004 -13"><span class='ocrx_word' id='word_1_1' title='bbox 422 356 483 412; x_wconf 72' lang='lat' dir='ltr'><strong>Si</strong></span> <span class='ocrx_word' id='word_1_2' title='bbox 1080 361 1135 416; x_wconf 91' lang='lat' dir='ltr'><strong>S.</strong></span> <span class='ocrx_word' id='word_1_3' title='bbox 1176 359 1453 417; x_wconf 72' lang='lat' dir='ltr'><strong>JOANNIS</strong></span> <span class='ocrx_word' id='word_1_4' title='bbox 1489 357 1962 415; x_wconf 71' lang='lat' dir='ltr'><strong>CHRYSOSTOMI</strong></span> <span class='ocrx_word' id='word_1_5' title='bbox 2009 358 2325 416; x_wconf 73' lang='lat' dir='ltr'><strong>ARCIHEP.</strong></span> <span class='ocrx_word' id='word_1_6' title='bbox 2367 366 2901 424; x_wconf 72' lang='lat' dir='ltr'><strong>CONSTANTINOP.</strong></span> <span class='ocrx_word' id='word_1_7' title='bbox 3629 363 3700 425; x_wconf 62' lang='grc'><strong>59</strong></span> 
     </span>
    </p>
   </div>
   <div class='ocr_carea' id='block_1_2' title="bbox 423 473 2012 544">
    <p class='ocr_par' dir='ltr' id='par_1_2' title="bbox 423 473 2012 544">
     <span class='ocr_line' id='line_1_2' title="bbox 423 473 2012 544; baseline 0.006 -23"><span class='ocrx_word' id='word_1_8' title='bbox 423 483 601 527; x_wconf 85' lang='lat' dir='ltr'><strong>autem</strong></span> <span class='ocrx_word' id='word_1_9' title='bbox 627 473 726 527; x_wconf 90' lang='lat' dir='ltr'><strong>sub</strong></span> <span class='ocrx_word' id='word_1_10' title='bbox 753 474 1087 528; x_wconf 86' lang='lat' dir='ltr'><strong>firmamento</strong></span> <span class='ocrx_word' id='word_1_11' title='bbox 1119 491 1239 530; x_wconf 90' lang='lat' dir='ltr'><strong>esse</strong></span> <span class='ocrx_word' id='word_1_12' title='bbox 1265 475 1517 544; x_wconf 89' lang='lat' dir='ltr'><strong>jusserit:</strong></span> <span class='ocrx_word' id='word_1_13' title='bbox 1543 477 1620 532; x_wconf 89' lang='lat' dir='ltr'><strong>sic</strong></span> <span class='ocrx_word' id='word_1_14' title='bbox 1644 485 1699 532; x_wconf 91' lang='lat' dir='ltr'><strong>et</strong></span> <span class='ocrx_word' id='word_1_15' title='bbox 1724 493 1863 530; x_wconf 90' lang='lat' dir='ltr'><strong>nunc</strong></span> <span class='ocrx_word' id='word_1_16' title='bbox 1891 476 2012 530; x_wconf 86' lang='lat' dir='ltr'><strong>illas</strong></span> 
     </span>
    </p>
   </div>
   <div class='ocr_carea' id='block_1_3' title="bbox 428 566 2008 634">
    <p class='ocr_par' dir='ltr' id='par_1_3' title="bbox 428 566 2008 634">
     <span class='ocr_line' id='line_1_3' title="bbox 428 566 2008 634; baseline 0.003 -18"><span class='ocrx_word' id='word_1_17' title='bbox 428 566 569 632; x_wconf 84' lang='lat' dir='ltr'><strong>ipsas</strong></span> <span class='ocrx_word' id='word_1_18' title='bbox 610 580 805 634; x_wconf 81' lang='lat' dir='ltr'><strong>aquas.</strong></span> <span class='ocrx_word' id='word_1_19' title='bbox 835 580 952 634; x_wconf 67' lang='lat' dir='ltr'><strong>qua:</strong></span> <span class='ocrx_word' id='word_1_20' title='bbox 998 567 1099 620; x_wconf 91' lang='lat' dir='ltr'><strong>sub</strong></span> <span class='ocrx_word' id='word_1_21' title='bbox 1140 566 1478 622; x_wconf 81' lang='lat' dir='ltr'><strong>ﬁrmamento</strong></span> <span class='ocrx_word' id='word_1_22' title='bbox 1523 578 1712 632; x_wconf 90' lang='lat' dir='ltr'><strong>erant,</strong></span> <span class='ocrx_word' id='word_1_23' title='bbox 1767 569 1819 623; x_wconf 94' lang='lat' dir='ltr'><strong>in</strong></span> <span class='ocrx_word' id='word_1_24' title='bbox 1849 583 2008 623; x_wconf 87' lang='lat' dir='ltr'><strong>unam</strong></span> 
     </span>
    </p>
   </div>
   <div class='ocr_carea' id='block_1_4' title="bbox 425 658 2012 730">
    <p class='ocr_par' dir='ltr' id='par_1_4' title="bbox 425 658 2012 730">
     <span class='ocr_line' id='line_1_4' title="bbox 425 658 2012 730; baseline 0.005 -20"><span class='ocrx_word' id='word_1_25' title='bbox 425 661 888 726; x_wconf 66' lang='lat' dir='ltr'><strong>congregationem</strong></span> <span class='ocrx_word' id='word_1_26' title='bbox 906 658 1058 728; x_wconf 88' lang='lat' dir='ltr'><strong>jubet</strong></span> <span class='ocrx_word' id='word_1_27' title='bbox 1083 660 1246 724; x_wconf 84' lang='lat' dir='ltr'><strong>coire,</strong></span> <span class='ocrx_word' id='word_1_28' title='bbox 1271 672 1325 716; x_wconf 90' lang='lat' dir='ltr'><strong>ut</strong></span> <span class='ocrx_word' id='word_1_29' title='bbox 1349 671 1601 730; x_wconf 88' lang='lat' dir='ltr'><strong>appareat</strong></span> <span class='ocrx_word' id='word_1_30' title='bbox 1619 661 1786 725; x_wconf 85' lang='lat' dir='ltr'><strong>arida,</strong></span> <span class='ocrx_word' id='word_1_31' title='bbox 1811 673 1863 717; x_wconf 90' lang='lat' dir='ltr'><strong>et</strong></span> <span class='ocrx_word' id='word_1_32' title='bbox 1888 672 2012 718; x_wconf 89' lang='lat' dir='ltr'><strong>tunc</strong></span> 
     </span>
    </p>
   </div>
   <div class='ocr_carea' id='block_1_5' title="bbox 431 748 2014 822">
    <p class='ocr_par' dir='ltr' id='par_1_5' title="bbox 431 748 2014 822">
     <span class='ocr_line' id='line_1_5' title="bbox 431 748 2014 822; baseline 0.007 -25"><span class='ocrx_word' id='word_1_33' title='bbox 431 748 553 800; x_wconf 89' lang='lat' dir='ltr'><strong>huic</strong></span> <span class='ocrx_word' id='word_1_34' title='bbox 581 751 740 802; x_wconf 91' lang='lat' dir='ltr'><strong>etiam</strong></span> <span class='ocrx_word' id='word_1_35' title='bbox 771 763 924 803; x_wconf 91' lang='lat' dir='ltr'><strong>suum</strong></span> <span class='ocrx_word' id='word_1_36' title='bbox 968 765 1160 805; x_wconf 86' lang='lat' dir='ltr'><strong>nomen</strong></span> <span class='ocrx_word' id='word_1_37' title='bbox 1199 754 1473 822; x_wconf 86' lang='lat' dir='ltr'><strong>imponat;</strong></span> <span class='ocrx_word' id='word_1_38' title='bbox 1515 756 1652 808; x_wconf 87' lang='lat' dir='ltr'><strong>sicut</strong></span> <span class='ocrx_word' id='word_1_39' title='bbox 1687 753 1756 808; x_wconf 92' lang='lat' dir='ltr'><strong>de</strong></span> <span class='ocrx_word' id='word_1_40' title='bbox 1799 754 1915 808; x_wconf 89' lang='lat' dir='ltr'><strong>luce</strong></span> <span class='ocrx_word' id='word_1_41' title='bbox 1960 765 2014 808; x_wconf 88' lang='lat' dir='ltr'><strong>et</strong></span> 
     </span>
    </p>
   </div>
   <div class='ocr_carea' id='block_1_6' title="bbox 429 838 2014 919">
    <p class='ocr_par' dir='ltr' id='par_1_6' title="bbox 429 838 2014 919">
     <span class='ocr_line' id='line_1_6' title="bbox 429 838 2014 919; baseline 0.007 -28"><span class='ocrx_word' id='word_1_42' title='bbox 429 838 666 893; x_wconf 81' lang='lat' dir='ltr'><strong>tenebris</strong></span> <span class='ocrx_word' id='word_1_43' title='bbox 694 840 891 895; x_wconf 89' lang='lat' dir='ltr'><strong>dictum</strong></span> <span class='ocrx_word' id='word_1_44' title='bbox 919 854 1017 897; x_wconf 89' lang='lat' dir='ltr'><strong>est.</strong></span> <span class='ocrx_word' id='word_1_45' title='bbox 1048 844 1376 916; x_wconf 75' lang='lat' dir='ltr'><strong>Congregatc</strong></span> <span class='ocrx_word' id='word_1_46' title='bbox 1397 847 1527 900; x_wconf 87' lang='lat' dir='ltr'><strong>enim</strong></span> <span class='ocrx_word' id='word_1_47' title='bbox 1551 857 1694 912; x_wconf 85' lang='lat' dir='ltr'><strong>sunt,</strong></span> <span class='ocrx_word' id='word_1_48' title='bbox 1722 849 1795 903; x_wconf 90' lang='lat' dir='ltr'><strong>ait</strong></span> <span class='ocrx_word' id='word_1_49' title='bbox 1817 890 1830 910; x_wconf 88' lang='lat'><strong>,</strong></span> <span class='ocrx_word' id='word_1_50' title='bbox 1868 866 2014 919; x_wconf 83' lang='lat' dir='ltr'><strong>aqme</strong></span> 
     </span>
    </p>
   </div>
   <div class='ocr_carea' id='block_1_7' title="bbox 429 934 2017 1011">
    <p class='ocr_par' dir='ltr' id='par_1_7' title="bbox 429 934 2017 1011">
     <span class='ocr_line' id='line_1_7' title="bbox 429 934 2017 1011; baseline 0.01 -31"><span class='ocrx_word' id='word_1_51' title='bbox 429 948 541 999; x_wconf 77' lang='lat' dir='ltr'><strong>qme</strong></span> <span class='ocrx_word' id='word_1_52' title='bbox 565 934 657 986; x_wconf 85' lang='lat' dir='ltr'><strong>sub</strong></span> <span class='ocrx_word' id='word_1_53' title='bbox 685 937 810 988; x_wconf 68' lang='lat' dir='ltr'><strong>ra&#39;lo</strong></span> <span class='ocrx_word' id='word_1_54' title='bbox 834 947 998 1002; x_wconf 83' lang='lat' dir='ltr'><strong>erant,</strong></span> <span class='ocrx_word' id='word_1_55' title='bbox 1026 939 1079 991; x_wconf 81' lang='lat' dir='ltr'><strong>in</strong></span> <span class='ocrx_word' id='word_1_56' title='bbox 1110 941 1516 1010; x_wconf 81' lang='lat' dir='ltr'><strong>congregationes</strong></span> <span class='ocrx_word' id='word_1_57' title='bbox 1540 958 1678 1005; x_wconf 87' lang='lat' dir='ltr'><strong>suas,</strong></span> <span class='ocrx_word' id='word_1_58' title='bbox 1704 952 1749 996; x_wconf 88' lang='lat' dir='ltr'><strong>et</strong></span> <span class='ocrx_word' id='word_1_59' title='bbox 1777 945 2017 1011; x_wconf 79' lang='lat' dir='ltr'><strong>apparuit</strong></span> 
     </span>
    </p>
   </div>
   <div class='ocr_carea' id='block_1_8' title="bbox 429 1026 2013 1099">
    <p class='ocr_par' dir='ltr' id='par_1_8' title="bbox 429 1026 2013 1099">
     <span class='ocr_line' id='line_1_8' title="bbox 429 1026 2013 1099; baseline 0.008 -23"><span class='ocrx_word' id='word_1_60' title='bbox 429 1026 618 1080; x_wconf 82' lang='lat' dir='ltr'><strong>arida:</strong></span> <span class='ocrx_word' id='word_1_61' title='bbox 673 1027 758 1082; x_wconf 84' lang='grc'><strong>10.</strong></span> <span class='ocrx_word' id='word_1_62' title='bbox 805 1039 852 1081; x_wconf 91' lang='lat' dir='ltr'><strong>et</strong></span> <span class='ocrx_word' id='word_1_63' title='bbox 895 1032 1084 1084; x_wconf 85' lang='lat' dir='ltr'><strong>vocavit</strong></span> <span class='ocrx_word' id='word_1_64' title='bbox 1125 1029 1264 1086; x_wconf 86' lang='lat' dir='ltr'><strong>Deus</strong></span> <span class='ocrx_word' id='word_1_65' title='bbox 1305 1033 1502 1087; x_wconf 85' lang='lat' dir='ltr'><strong>aridam</strong></span> <span class='ocrx_word' id='word_1_66' title='bbox 1549 1044 1752 1088; x_wconf 87' lang='lat' dir='ltr'><strong>terram.</strong></span> <span class='ocrx_word' id='word_1_67' title='bbox 1784 1035 2013 1099; x_wconf 87' lang='lat' dir='ltr'><strong>Vidisti,</strong></span> 
     </span>
    </p>
   </div>
   <div class='ocr_carea' id='block_1_9' title="bbox 432 1115 2018 1195">
    <p class='ocr_par' dir='ltr' id='par_1_9' title="bbox 432 1115 2018 1195">
     <span class='ocr_line' id='line_1_9' title="bbox 432 1115 2018 1195; baseline 0.01 -30"><span class='ocrx_word' id='word_1_68' title='bbox 432 1115 643 1178; x_wconf 89' lang='lat' dir='ltr'><strong>dilecte,</strong></span> <span class='ocrx_word' id='word_1_69' title='bbox 668 1119 936 1186; x_wconf 90' lang='lat' dir='ltr'><strong>quomodo</strong></span> <span class='ocrx_word' id='word_1_70' title='bbox 969 1121 1106 1176; x_wconf 91' lang='lat' dir='ltr'><strong>Deus</strong></span> <span class='ocrx_word' id='word_1_71' title='bbox 1129 1133 1342 1190; x_wconf 87' lang='lat' dir='ltr'><strong>terram,</strong></span> <span class='ocrx_word' id='word_1_72' title='bbox 1371 1141 1491 1195; x_wconf 71' lang='lat' dir='ltr'><strong>quae</strong></span> <span class='ocrx_word' id='word_1_73' title='bbox 1523 1127 1797 1181; x_wconf 77' lang='lat' dir='ltr'><strong>invisibilis</strong></span> <span class='ocrx_word' id='word_1_74' title='bbox 1827 1138 1938 1180; x_wconf 88' lang='lat' dir='ltr'><strong>erat</strong></span> <span class='ocrx_word' id='word_1_75' title='bbox 1963 1139 2018 1182; x_wconf 91' lang='lat' dir='ltr'><strong>et</strong></span> 
     </span>
    </p>
   </div>
   <div class='ocr_carea' id='block_1_10' title="bbox 434 1207 2016 1287">
    <p class='ocr_par' dir='ltr' id='par_1_10' title="bbox 434 1207 2016 1287">
     <span class='ocr_line' id='line_1_10' title="bbox 434 1207 2016 1287; baseline 0.01 -29"><span class='ocrx_word' id='word_1_76' title='bbox 434 1207 801 1278; x_wconf 89' lang='lat' dir='ltr'><strong>incomposita,</strong></span> <span class='ocrx_word' id='word_1_77' title='bbox 835 1218 890 1264; x_wconf 91' lang='lat' dir='ltr'><strong>et</strong></span> <span class='ocrx_word' id='word_1_78' title='bbox 927 1212 1075 1280; x_wconf 85' lang='lat' dir='ltr'><strong>aquis</strong></span> <span class='ocrx_word' id='word_1_79' title='bbox 1114 1215 1264 1282; x_wconf 89' lang='lat' dir='ltr'><strong>quasi</strong></span> <span class='ocrx_word' id='word_1_80' title='bbox 1316 1217 1662 1271; x_wconf 87' lang='lat' dir='ltr'><strong>velaminibns</strong></span> <span class='ocrx_word' id='word_1_81' title='bbox 1701 1218 2016 1287; x_wconf 85' lang='lat' dir='ltr'><strong>quihusdam</strong></span> 
     </span>
    </p>
   </div>
   <div class='ocr_carea' id='block_1_11' title="bbox 434 1298 2021 1370">
    <p class='ocr_par' dir='ltr' id='par_1_11' title="bbox 434 1298 2021 1370">
     <span class='ocr_line' id='line_1_11' title="bbox 434 1298 2021 1370; baseline 0.009 -25"><span class='ocrx_word' id='word_1_82' title='bbox 434 1298 800 1367; x_wconf 81' lang='lat' dir='ltr'><strong>obtegebatur,</strong></span> <span class='ocrx_word' id='word_1_83' title='bbox 826 1301 1159 1370; x_wconf 79' lang='lat' dir='ltr'><strong>despoliavit,</strong></span> <span class='ocrx_word' id='word_1_84' title='bbox 1185 1312 1241 1357; x_wconf 92' lang='lat' dir='ltr'><strong>ut</strong></span> <span class='ocrx_word' id='word_1_85' title='bbox 1265 1306 1341 1359; x_wconf 93' lang='lat' dir='ltr'><strong>sic</strong></span> <span class='ocrx_word' id='word_1_86' title='bbox 1365 1306 1560 1370; x_wconf 90' lang='lat' dir='ltr'><strong>dicam,</strong></span> <span class='ocrx_word' id='word_1_87' title='bbox 1589 1317 1643 1362; x_wconf 91' lang='lat' dir='ltr'><strong>et</strong></span> <span class='ocrx_word' id='word_1_88' title='bbox 1668 1307 1854 1364; x_wconf 89' lang='lat' dir='ltr'><strong>faciem</strong></span> <span class='ocrx_word' id='word_1_89' title='bbox 1881 1310 2021 1363; x_wconf 70' lang='lat' dir='ltr'><strong>illius</strong></span> 
     </span>
    </p>
   </div>
   <div class='ocr_carea' id='block_1_12' title="bbox 437 1389 2022 1468">
    <p class='ocr_par' dir='ltr' id='par_1_12' title="bbox 437 1389 2022 1468">
     <span class='ocr_line' id='line_1_12' title="bbox 437 1389 2022 1468; baseline 0.009 -26"><span class='ocrx_word' id='word_1_90' title='bbox 437 1389 590 1444; x_wconf 89' lang='lat' dir='ltr'><strong>nobis</strong></span> <span class='ocrx_word' id='word_1_91' title='bbox 622 1395 957 1458; x_wconf 77' lang='lat' dir='ltr'><strong>monstravit,</strong></span> <span class='ocrx_word' id='word_1_92' title='bbox 982 1397 1196 1464; x_wconf 90' lang='lat' dir='ltr'><strong>pr0prio</strong></span> <span class='ocrx_word' id='word_1_93' title='bbox 1218 1398 1376 1451; x_wconf 90' lang='lat' dir='ltr'><strong>etiam</strong></span> <span class='ocrx_word' id='word_1_94' title='bbox 1407 1399 1621 1452; x_wconf 84' lang='lat' dir='ltr'><strong>nomine</strong></span> <span class='ocrx_word' id='word_1_95' title='bbox 1645 1401 1930 1468; x_wconf 88' lang='lat' dir='ltr'><strong>imposito?</strong></span> <span class='ocrx_word' id='word_1_96' title='bbox 1954 1400 2022 1456; x_wconf 63' lang='grc' dir='ltr'><strong>ἢ)</strong></span> 
     </span>
    </p>
   </div>
   <div class='ocr_carea' id='block_1_13' title="bbox 435 1486 2023 1558">
    <p class='ocr_par' dir='ltr' id='par_1_13' title="bbox 435 1486 2023 1558">
     <span class='ocr_line' id='line_1_13' title="bbox 435 1486 2023 1558; baseline 0.005 -20"><span class='ocrx_word' id='word_1_97' title='bbox 435 1486 865 1554; x_wconf 78' lang='lat' dir='ltr'><strong>congregationes,</strong></span> <span class='ocrx_word' id='word_1_98' title='bbox 896 1489 1003 1552; x_wconf 88' lang='lat' dir='ltr'><strong>ait,</strong></span> <span class='ocrx_word' id='word_1_99' title='bbox 1049 1505 1293 1558; x_wconf 82' lang='lat' dir='ltr'><strong>aquarum</strong></span> <span class='ocrx_word' id='word_1_100' title='bbox 1332 1491 1523 1543; x_wconf 74' lang='lat' dir='ltr'><strong>vocavit</strong></span> <span class='ocrx_word' id='word_1_101' title='bbox 1570 1492 1752 1544; x_wconf 89' lang='lat' dir='ltr'><strong>maria.</strong></span> <span class='ocrx_word' id='word_1_102' title='bbox 1803 1491 1942 1546; x_wconf 86' lang='lat' dir='ltr'><strong>Ecce</strong></span> <span class='ocrx_word' id='word_1_103' title='bbox 1968 1504 2023 1546; x_wconf 84' lang='lat' dir='ltr'><strong>et</strong></span> 
     </span>
    </p>
   </div>
   <div class='ocr_carea' id='block_1_14' title="bbox 437 1581 2020 1651">
    <p class='ocr_par' dir='ltr' id='par_1_14' title="bbox 437 1581 2020 1651">
     <span class='ocr_line' id='line_1_14' title="bbox 437 1581 2020 1651; baseline 0.006 -23"><span class='ocrx_word' id='word_1_104' title='bbox 437 1591 589 1646; x_wconf 74' lang='lat' dir='ltr'><strong>aqua:</strong></span> <span class='ocrx_word' id='word_1_105' title='bbox 619 1593 810 1632; x_wconf 88' lang='lat' dir='ltr'><strong>nomen</strong></span> <span class='ocrx_word' id='word_1_106' title='bbox 841 1595 996 1633; x_wconf 93' lang='lat' dir='ltr'><strong>suum</strong></span> <span class='ocrx_word' id='word_1_107' title='bbox 1023 1581 1223 1634; x_wconf 55' lang='lat' dir='ltr'><strong>sortitas</strong></span> <span class='ocrx_word' id='word_1_108' title='bbox 1252 1591 1393 1634; x_wconf 90' lang='lat' dir='ltr'><strong>sunt.</strong></span> <span class='ocrx_word' id='word_1_109' title='bbox 1419 1582 1546 1636; x_wconf 88' lang='lat' dir='ltr'><strong>Nam</strong></span> <span class='ocrx_word' id='word_1_110' title='bbox 1577 1583 2020 1651; x_wconf 85' lang='lat' dir='ltr'><strong>quemadmodum</strong></span> 
     </span>
    </p>
   </div>
   <div class='ocr_carea' id='block_1_15' title="bbox 438 1669 2020 1743">
    <p class='ocr_par' dir='ltr' id='par_1_15' title="bbox 438 1669 2020 1743">
     <span class='ocr_line' id='line_1_15' title="bbox 438 1669 2020 1743; baseline 0.003 -22"><span class='ocrx_word' id='word_1_111' title='bbox 438 1669 672 1738; x_wconf 88' lang='lat' dir='ltr'><strong>optimus</strong></span> <span class='ocrx_word' id='word_1_112' title='bbox 707 1671 893 1726; x_wconf 81' lang='lat' dir='ltr'><strong>artifex</strong></span> <span class='ocrx_word' id='word_1_113' title='bbox 932 1681 1046 1726; x_wconf 89' lang='lat' dir='ltr'><strong>arte</strong></span> <span class='ocrx_word' id='word_1_114' title='bbox 1085 1687 1177 1727; x_wconf 91' lang='lat' dir='ltr'><strong>sua</strong></span> <span class='ocrx_word' id='word_1_115' title='bbox 1221 1688 1313 1727; x_wconf 88' lang='lat' dir='ltr'><strong>vas</strong></span> <span class='ocrx_word' id='word_1_116' title='bbox 1354 1675 1566 1743; x_wconf 81' lang='lat' dir='ltr'><strong>aliquod</strong></span> <span class='ocrx_word' id='word_1_117' title='bbox 1609 1673 1864 1739; x_wconf 83' lang='lat' dir='ltr'><strong>facturus,</strong></span> <span class='ocrx_word' id='word_1_118' title='bbox 1916 1692 2020 1728; x_wconf 80' lang='lat' dir='ltr'><strong>non</strong></span> 
     </span>
    </p>
   </div>
   <div class='ocr_carea' id='block_1_16' title="bbox 441 1762 2023 1834">
    <p class='ocr_par' dir='ltr' id='par_1_16' title="bbox 441 1762 2023 1834">
     <span class='ocr_line' id='line_1_16' title="bbox 441 1762 2023 1834; baseline 0.003 -20"><span class='ocrx_word' id='word_1_119' title='bbox 441 1772 592 1816; x_wconf 92' lang='lat' dir='ltr'><strong>antea</strong></span> <span class='ocrx_word' id='word_1_120' title='bbox 618 1762 689 1816; x_wconf 93' lang='lat' dir='ltr'><strong>illi</strong></span> <span class='ocrx_word' id='word_1_121' title='bbox 717 1779 908 1818; x_wconf 84' lang='lat' dir='ltr'><strong>nomen</strong></span> <span class='ocrx_word' id='word_1_122' title='bbox 941 1765 1183 1834; x_wconf 90' lang='lat' dir='ltr'><strong>imponit,</strong></span> <span class='ocrx_word' id='word_1_123' title='bbox 1206 1767 1375 1820; x_wconf 92' lang='lat' dir='ltr'><strong>donec</strong></span> <span class='ocrx_word' id='word_1_124' title='bbox 1399 1767 1669 1821; x_wconf 82' lang='lat' dir='ltr'><strong>absolvat:</strong></span> <span class='ocrx_word' id='word_1_125' title='bbox 1698 1767 1766 1820; x_wconf 94' lang='lat' dir='ltr'><strong>ita</strong></span> <span class='ocrx_word' id='word_1_126' title='bbox 1793 1777 1845 1821; x_wconf 92' lang='lat' dir='ltr'><strong>et</strong></span> <span class='ocrx_word' id='word_1_127' title='bbox 1877 1767 2023 1822; x_wconf 86' lang='lat' dir='ltr'><strong>beni-</strong></span> 
     </span>
    </p>
   </div>
   <div class='ocr_carea' id='block_1_17' title="bbox 439 1853 2024 1926">
    <p class='ocr_par' dir='ltr' id='par_1_17' title="bbox 439 1853 2024 1926">
     <span class='ocr_line' id='line_1_17' title="bbox 439 1853 2024 1926; baseline 0.004 -22"><span class='ocrx_word' id='word_1_128' title='bbox 439 1866 574 1920; x_wconf 84' lang='lat' dir='ltr'><strong>gnus</strong></span> <span class='ocrx_word' id='word_1_129' title='bbox 620 1853 869 1907; x_wconf 88' lang='lat' dir='ltr'><strong>Dominus</strong></span> <span class='ocrx_word' id='word_1_130' title='bbox 897 1856 1108 1910; x_wconf 90' lang='lat' dir='ltr'><strong>nomina</strong></span> <span class='ocrx_word' id='word_1_131' title='bbox 1139 1858 1417 1911; x_wconf 85' lang='lat' dir='ltr'><strong>elementis</strong></span> <span class='ocrx_word' id='word_1_132' title='bbox 1453 1871 1558 1910; x_wconf 90' lang='lat' dir='ltr'><strong>non</strong></span> <span class='ocrx_word' id='word_1_133' title='bbox 1589 1867 1740 1923; x_wconf 86' lang='lat' dir='ltr'><strong>antea</strong></span> <span class='ocrx_word' id='word_1_134' title='bbox 1779 1858 2024 1926; x_wconf 80' lang='lat' dir='ltr'><strong>imponit,</strong></span> 
     </span>
    </p>
   </div>
   <div class='ocr_carea' id='block_1_18' title="bbox 441 1946 2024 2020">
    <p class='ocr_par' dir='ltr' id='par_1_18' title="bbox 441 1946 2024 2020">
     <span class='ocr_line' id='line_1_18' title="bbox 441 1946 2024 2020; baseline 0.004 -23"><span class='ocrx_word' id='word_1_135' title='bbox 441 1946 612 2000; x_wconf 79' lang='lat' dir='ltr'><strong>donec</strong></span> <span class='ocrx_word' id='word_1_136' title='bbox 647 1961 707 1998; x_wconf 90' lang='lat' dir='ltr'><strong>ea</strong></span> <span class='ocrx_word' id='word_1_137' title='bbox 745 1948 794 1998; x_wconf 95' lang='lat' dir='ltr'><strong>in</strong></span> <span class='ocrx_word' id='word_1_138' title='bbox 834 1948 1056 2016; x_wconf 85' lang='lat' dir='ltr'><strong>propriis</strong></span> <span class='ocrx_word' id='word_1_139' title='bbox 1085 1949 1216 2003; x_wconf 90' lang='lat' dir='ltr'><strong>locis</strong></span> <span class='ocrx_word' id='word_1_140' title='bbox 1243 1964 1341 2002; x_wconf 90' lang='lat' dir='ltr'><strong>suo</strong></span> <span class='ocrx_word' id='word_1_141' title='bbox 1368 1959 1630 2020; x_wconf 69' lang='lat' dir='ltr'><strong>princepto</strong></span> <span class='ocrx_word' id='word_1_142' title='bbox 1657 1961 1834 2019; x_wconf 87' lang='lat' dir='ltr'><strong>ponat.</strong></span> <span class='ocrx_word' id='word_1_143' title='bbox 1867 1951 2024 2020; x_wconf 91' lang='lat' dir='ltr'><strong>Igitur</strong></span> 
     </span>
    </p>
   </div>
   <div class='ocr_carea' id='block_1_19' title="bbox 443 2043 2022 2112">
    <p class='ocr_par' dir='ltr' id='par_1_19' title="bbox 443 2043 2022 2112">
     <span class='ocr_line' id='line_1_19' title="bbox 443 2043 2022 2112; baseline 0.006 -25"><span class='ocrx_word' id='word_1_144' title='bbox 443 2047 719 2107; x_wconf 85' lang='lat' dir='ltr'><strong>postquam</strong></span> <span class='ocrx_word' id='word_1_145' title='bbox 747 2047 886 2093; x_wconf 90' lang='lat' dir='ltr'><strong>terra</strong></span> <span class='ocrx_word' id='word_1_146' title='bbox 914 2055 1105 2094; x_wconf 84' lang='lat' dir='ltr'><strong>nomen</strong></span> <span class='ocrx_word' id='word_1_147' title='bbox 1145 2057 1296 2096; x_wconf 82' lang='lat' dir='ltr'><strong>suum</strong></span> <span class='ocrx_word' id='word_1_148' title='bbox 1325 2044 1546 2112; x_wconf 87' lang='lat' dir='ltr'><strong>accepit,</strong></span> <span class='ocrx_word' id='word_1_149' title='bbox 1580 2052 1634 2098; x_wconf 91' lang='lat' dir='ltr'><strong>et</strong></span> <span class='ocrx_word' id='word_1_150' title='bbox 1659 2043 1722 2096; x_wconf 91' lang='lat' dir='ltr'><strong>ad</strong></span> <span class='ocrx_word' id='word_1_151' title='bbox 1756 2044 2022 2112; x_wconf 79' lang='lat' dir='ltr'><strong>propriam</strong></span> 
     </span>
    </p>
   </div>
   <div class='ocr_carea' id='block_1_20' title="bbox 442 2128 2026 2204">
    <p class='ocr_par' dir='ltr' id='par_1_20' title="bbox 442 2128 2026 2204">
     <span class='ocr_line' id='line_1_20' title="bbox 442 2128 2026 2204; baseline 0.004 -25"><span class='ocrx_word' id='word_1_152' title='bbox 442 2128 666 2181; x_wconf 88' lang='lat' dir='ltr'><strong>formam</strong></span> <span class='ocrx_word' id='word_1_153' title='bbox 715 2131 993 2198; x_wconf 85' lang='lat' dir='ltr'><strong>pervenit,</strong></span> <span class='ocrx_word' id='word_1_154' title='bbox 1030 2132 1188 2185; x_wconf 89' lang='lat' dir='ltr'><strong>etiam</strong></span> <span class='ocrx_word' id='word_1_155' title='bbox 1230 2148 1382 2202; x_wconf 73' lang='lat' dir='ltr'><strong>aqua:</strong></span> <span class='ocrx_word' id='word_1_156' title='bbox 1426 2143 1757 2204; x_wconf 69' lang='lat' dir='ltr'><strong>congregata:</strong></span> <span class='ocrx_word' id='word_1_157' title='bbox 1811 2135 2026 2203; x_wconf 72' lang='lat' dir='ltr'><strong>preprio</strong></span> 
     </span>
    </p>
   </div>
   <div class='ocr_carea' id='block_1_21' title="bbox 441 2219 2028 2294">
    <p class='ocr_par' dir='ltr' id='par_1_21' title="bbox 441 2219 2028 2294">
     <span class='ocr_line' id='line_1_21' title="bbox 441 2219 2028 2294; baseline 0.005 -26"><span class='ocrx_word' id='word_1_158' title='bbox 441 2219 698 2273; x_wconf 87' lang='lat' dir='ltr'><strong>vocabulo</strong></span> <span class='ocrx_word' id='word_1_159' title='bbox 737 2221 1019 2275; x_wconf 63' lang='lat' dir='ltr'><strong>nominata:</strong></span> <span class='ocrx_word' id='word_1_160' title='bbox 1063 2232 1205 2276; x_wconf 88' lang='lat' dir='ltr'><strong>sunt.</strong></span> <span class='ocrx_word' id='word_1_161' title='bbox 1251 2222 1450 2277; x_wconf 78' lang='lat' dir='ltr'><strong>Vocavit</strong></span> <span class='ocrx_word' id='word_1_162' title='bbox 1479 2223 1650 2290; x_wconf 87' lang='lat' dir='ltr'><strong>enim,</strong></span> <span class='ocrx_word' id='word_1_163' title='bbox 1685 2225 1794 2294; x_wconf 90' lang='lat' dir='ltr'><strong>ait,</strong></span> <span class='ocrx_word' id='word_1_164' title='bbox 1819 2241 2028 2294; x_wconf 77' lang='lat' dir='ltr'><strong>congre-</strong></span> 
     </span>
    </p>
   </div>
   <div class='ocr_carea' id='block_1_22' title="bbox 443 2311 2027 2378">
    <p class='ocr_par' dir='ltr' id='par_1_22' title="bbox 443 2311 2027 2378">
     <span class='ocr_line' id='line_1_22' title="bbox 443 2311 2027 2378; baseline 0.006 -19"><span class='ocrx_word' id='word_1_165' title='bbox 443 2311 666 2378; x_wconf 82' lang='lat' dir='ltr'><strong>gutiones</strong></span> <span class='ocrx_word' id='word_1_166' title='bbox 711 2328 956 2378; x_wconf 83' lang='lat' dir='ltr'><strong>aquarum</strong></span> <span class='ocrx_word' id='word_1_167' title='bbox 998 2315 1178 2366; x_wconf 82' lang='lat' dir='ltr'><strong>maria.</strong></span> <span class='ocrx_word' id='word_1_168' title='bbox 1222 2314 1472 2370; x_wconf 86' lang='lat' dir='ltr'><strong>Subdidit</strong></span> <span class='ocrx_word' id='word_1_169' title='bbox 1523 2317 1752 2370; x_wconf 90' lang='lat' dir='ltr'><strong>iterum:</strong></span> <span class='ocrx_word' id='word_1_170' title='bbox 1802 2316 1865 2369; x_wconf 78' lang='lat' dir='ltr'><strong>Et</strong></span> <span class='ocrx_word' id='word_1_171' title='bbox 1906 2319 2027 2370; x_wconf 82' lang='lat' dir='ltr'><strong>vidit</strong></span> 
     </span>
    </p>
   </div>
   <div class='ocr_carea' id='block_1_23' title="bbox 446 2402 2029 2478">
    <p class='ocr_par' dir='ltr' id='par_1_23' title="bbox 446 2402 2029 2478">
     <span class='ocr_line' id='line_1_23' title="bbox 446 2402 2029 2478; baseline 0.006 -24"><span class='ocrx_word' id='word_1_172' title='bbox 446 2402 582 2458; x_wconf 84' lang='lat' dir='ltr'><strong>Deus</strong></span> <span class='ocrx_word' id='word_1_173' title='bbox 606 2406 738 2472; x_wconf 86' lang='lat' dir='ltr'><strong>quod</strong></span> <span class='ocrx_word' id='word_1_174' title='bbox 769 2407 974 2458; x_wconf 88' lang='lat' dir='ltr'><strong>bonum.</strong></span> <span class='ocrx_word' id='word_1_175' title='bbox 1003 2407 1131 2460; x_wconf 87' lang='lat' dir='ltr'><strong>Nam</strong></span> <span class='ocrx_word' id='word_1_176' title='bbox 1157 2408 1278 2478; x_wconf 87' lang='lat' dir='ltr'><strong>quia</strong></span> <span class='ocrx_word' id='word_1_177' title='bbox 1307 2408 1536 2463; x_wconf 89' lang='lat' dir='ltr'><strong>humana</strong></span> <span class='ocrx_word' id='word_1_178' title='bbox 1573 2419 1758 2464; x_wconf 91' lang='lat' dir='ltr'><strong>natura</strong></span> <span class='ocrx_word' id='word_1_179' title='bbox 1789 2411 2029 2465; x_wconf 83' lang='lat' dir='ltr'><strong>imbecil—</strong></span> 
     </span>
    </p>
   </div>
   <div class='ocr_carea' id='block_1_24' title="bbox 445 2494 2026 2570">
    <p class='ocr_par' dir='ltr' id='par_1_24' title="bbox 445 2494 2026 2570">
     <span class='ocr_line' id='line_1_24' title="bbox 445 2494 2026 2570; baseline 0.004 -24"><span class='ocrx_word' id='word_1_180' title='bbox 445 2494 510 2546; x_wconf 87' lang='lat' dir='ltr'><strong>lis</strong></span> <span class='ocrx_word' id='word_1_181' title='bbox 557 2505 659 2559; x_wconf 88' lang='lat' dir='ltr'><strong>est,</strong></span> <span class='ocrx_word' id='word_1_182' title='bbox 707 2506 762 2550; x_wconf 90' lang='lat' dir='ltr'><strong>et</strong></span> <span class='ocrx_word' id='word_1_183' title='bbox 817 2513 977 2566; x_wconf 86' lang='lat' dir='ltr'><strong>opera</strong></span> <span class='ocrx_word' id='word_1_184' title='bbox 1034 2500 1125 2552; x_wconf 89' lang='lat' dir='ltr'><strong>Dei</strong></span> <span class='ocrx_word' id='word_1_185' title='bbox 1174 2498 1332 2570; x_wconf 84' lang='lat' dir='ltr'><strong>digne</strong></span> <span class='ocrx_word' id='word_1_186' title='bbox 1374 2499 1590 2554; x_wconf 85' lang='lat' dir='ltr'><strong>laudare</strong></span> <span class='ocrx_word' id='word_1_187' title='bbox 1638 2517 1741 2553; x_wconf 93' lang='lat' dir='ltr'><strong>non</strong></span> <span class='ocrx_word' id='word_1_188' title='bbox 1782 2509 2026 2569; x_wconf 86' lang='lat' dir='ltr'><strong>poterat,</strong></span> 
     </span>
    </p>
   </div>
   <div class='ocr_carea' id='block_1_25' title="bbox 447 2589 2029 2662">
    <p class='ocr_par' dir='ltr' id='par_1_25' title="bbox 447 2589 2029 2662">
     <span class='ocr_line' id='line_1_25' title="bbox 447 2589 2029 2662; baseline 0.004 -24"><span class='ocrx_word' id='word_1_189' title='bbox 447 2603 820 2656; x_wconf 71' lang='lat' dir='ltr'><strong>przeoccupans</strong></span> <span class='ocrx_word' id='word_1_190' title='bbox 847 2589 1020 2643; x_wconf 85' lang='lat' dir='ltr'><strong>divina</strong></span> <span class='ocrx_word' id='word_1_191' title='bbox 1053 2590 1324 2660; x_wconf 84' lang='lat' dir='ltr'><strong>Scriptura</strong></span> <span class='ocrx_word' id='word_1_192' title='bbox 1355 2601 1624 2662; x_wconf 85' lang='lat' dir='ltr'><strong>acceptam</strong></span> <span class='ocrx_word' id='word_1_193' title='bbox 1658 2593 1724 2646; x_wconf 89' lang='lat' dir='ltr'><strong>ab</strong></span> <span class='ocrx_word' id='word_1_194' title='bbox 1752 2592 1866 2662; x_wconf 88' lang='lat' dir='ltr'><strong>ipso</strong></span> <span class='ocrx_word' id='word_1_195' title='bbox 1898 2591 2029 2662; x_wconf 87' lang='lat' dir='ltr'><strong>Opi-</strong></span> 
     </span>
    </p>
   </div>
   <div class='ocr_carea' id='block_1_26' title="bbox 447 2679 1094 2736">
    <p class='ocr_par' dir='ltr' id='par_1_26' title="bbox 447 2679 1094 2736">
     <span class='ocr_line' id='line_1_26' title="bbox 447 2679 1094 2736; baseline 0.003 -5"><span class='ocrx_word' id='word_1_196' title='bbox 447 2680 543 2732; x_wconf 89' lang='lat' dir='ltr'><strong>tiee</strong></span> <span class='ocrx_word' id='word_1_197' title='bbox 568 2679 773 2734; x_wconf 88' lang='lat' dir='ltr'><strong>laudem</strong></span> <span class='ocrx_word' id='word_1_198' title='bbox 798 2697 893 2735; x_wconf 90' lang='lat' dir='ltr'><strong>nos</strong></span> <span class='ocrx_word' id='word_1_199' title='bbox 922 2681 1094 2736; x_wconf 85' lang='lat' dir='ltr'><strong>docet.</strong></span> 
     </span>
    </p>
   </div>
   <div class='ocr_carea' id='block_1_27' title="bbox 515 2771 2031 2844">
    <p class='ocr_par' dir='ltr' id='par_1_27' title="bbox 515 2771 2031 2844">
     <span class='ocr_line' id='line_1_27' title="bbox 515 2771 2031 2844; baseline 0.001 -18"><span class='ocrx_word' id='word_1_200' title='bbox 515 2772 568 2826; x_wconf 74' lang='grc'><strong>4.</strong></span> <span class='ocrx_word' id='word_1_201' title='bbox 611 2771 773 2840; x_wconf 85' lang='lat' dir='ltr'><strong>Igitur</strong></span> <span class='ocrx_word' id='word_1_202' title='bbox 808 2773 1020 2842; x_wconf 89' lang='lat' dir='ltr'><strong>quando</strong></span> <span class='ocrx_word' id='word_1_203' title='bbox 1057 2774 1257 2838; x_wconf 88' lang='lat' dir='ltr'><strong>discis,</strong></span> <span class='ocrx_word' id='word_1_204' title='bbox 1310 2774 1406 2844; x_wconf 92' lang='lat' dir='ltr'><strong>ipsi</strong></span> <span class='ocrx_word' id='word_1_205' title='bbox 1445 2773 1720 2829; x_wconf 87' lang='lat' dir='ltr'><strong>Conditori</strong></span> <span class='ocrx_word' id='word_1_206' title='bbox 1761 2785 2031 2830; x_wconf 81' lang='lat' dir='ltr'><strong>creaturas</strong></span> 
     </span>
    </p>
   </div>
   <div class='ocr_carea' id='block_1_28' title="bbox 449 2863 2030 2936">
    <p class='ocr_par' dir='ltr' id='par_1_28' title="bbox 449 2863 2030 2936">
     <span class='ocr_line' id='line_1_28' title="bbox 449 2863 2030 2936; baseline 0.002 -20"><span class='ocrx_word' id='word_1_207' title='bbox 449 2863 614 2918; x_wconf 87' lang='lat' dir='ltr'><strong>bonas</strong></span> <span class='ocrx_word' id='word_1_208' title='bbox 643 2867 781 2920; x_wconf 88' lang='lat' dir='ltr'><strong>visas</strong></span> <span class='ocrx_word' id='word_1_209' title='bbox 810 2880 960 2930; x_wconf 87' lang='lat' dir='ltr'><strong>esse,</strong></span> <span class='ocrx_word' id='word_1_210' title='bbox 1015 2867 1268 2935; x_wconf 82' lang='lat' dir='ltr'><strong>majorem</strong></span> <span class='ocrx_word' id='word_1_211' title='bbox 1299 2867 1511 2936; x_wconf 88' lang='lat' dir='ltr'><strong>quidem</strong></span> <span class='ocrx_word' id='word_1_212' title='bbox 1541 2868 1592 2921; x_wconf 91' lang='lat' dir='ltr'><strong>in</strong></span> <span class='ocrx_word' id='word_1_213' title='bbox 1620 2867 1832 2921; x_wconf 90' lang='lat' dir='ltr'><strong>modum</strong></span> <span class='ocrx_word' id='word_1_214' title='bbox 1857 2869 2030 2921; x_wconf 79' lang='lat' dir='ltr'><strong>admi-</strong></span> 
     </span>
    </p>
   </div>
   <div class='ocr_carea' id='block_1_29' title="bbox 446 2959 2030 3021">
    <p class='ocr_par' dir='ltr' id='par_1_29' title="bbox 446 2959 2030 3021">
     <span class='ocr_line' id='line_1_29' title="bbox 446 2959 2030 3021; baseline 0.003 -12"><span class='ocrx_word' id='word_1_215' title='bbox 446 2959 581 3010; x_wconf 81' lang='lat' dir='ltr'><strong>reris</strong></span> <span class='ocrx_word' id='word_1_216' title='bbox 604 2973 820 3012; x_wconf 88' lang='lat' dir='ltr'><strong>nccessc</strong></span> <span class='ocrx_word' id='word_1_217' title='bbox 838 2969 918 3012; x_wconf 86' lang='lat' dir='ltr'><strong>est</strong></span> <span class='ocrx_word' id='word_1_218' title='bbox 943 2975 956 3021; x_wconf 87' lang='lat'><strong>;</strong></span> <span class='ocrx_word' id='word_1_219' title='bbox 987 2959 1115 3013; x_wconf 91' lang='lat' dir='ltr'><strong>nihil</strong></span> <span class='ocrx_word' id='word_1_220' title='bbox 1139 2970 1312 3014; x_wconf 89' lang='lat' dir='ltr'><strong>tamen</strong></span> <span class='ocrx_word' id='word_1_221' title='bbox 1335 2961 1398 3014; x_wconf 88' lang='lat' dir='ltr'><strong>ad</strong></span> <span class='ocrx_word' id='word_1_222' title='bbox 1423 2960 1630 3016; x_wconf 85' lang='lat' dir='ltr'><strong>laudem</strong></span> <span class='ocrx_word' id='word_1_223' title='bbox 1653 2969 1706 3014; x_wconf 90' lang='lat' dir='ltr'><strong>et</strong></span> <span class='ocrx_word' id='word_1_224' title='bbox 1731 2959 2030 3014; x_wconf 71' lang='lat' dir='ltr'><strong>encouiimu</strong></span> 
     </span>
    </p>
   </div>
   <div class='ocr_carea' id='block_1_30' title="bbox 446 3051 2030 3119">
    <p class='ocr_par' dir='ltr' id='par_1_30' title="bbox 446 3051 2030 3119">
     <span class='ocr_line' id='line_1_30' title="bbox 446 3051 2030 3119; baseline 0.003 -17"><span class='ocrx_word' id='word_1_225' title='bbox 446 3051 672 3119; x_wconf 89' lang='lat' dir='ltr'><strong>amplius</strong></span> <span class='ocrx_word' id='word_1_226' title='bbox 706 3051 894 3106; x_wconf 71' lang='lat' dir='ltr'><strong>alicrre</strong></span> <span class='ocrx_word' id='word_1_227' title='bbox 925 3054 1143 3119; x_wconf 75' lang='lat' dir='ltr'><strong>peloris.</strong></span> <span class='ocrx_word' id='word_1_228' title='bbox 1174 3052 1354 3106; x_wconf 89' lang='lat' dir='ltr'><strong>Talem</strong></span> <span class='ocrx_word' id='word_1_229' title='bbox 1385 3054 1526 3106; x_wconf 89' lang='lat' dir='ltr'><strong>enim</strong></span> <span class='ocrx_word' id='word_1_230' title='bbox 1575 3053 1794 3107; x_wconf 88' lang='lat' dir='ltr'><strong>sortitus</strong></span> <span class='ocrx_word' id='word_1_231' title='bbox 1832 3068 1892 3106; x_wconf 93' lang='lat' dir='ltr'><strong>es</strong></span> <span class='ocrx_word' id='word_1_232' title='bbox 1926 3053 2030 3106; x_wconf 87' lang='lat' dir='ltr'><strong>Do-</strong></span> 
     </span>
    </p>
   </div>
   <div class='ocr_carea' id='block_1_31' title="bbox 449 3141 2031 3212">
    <p class='ocr_par' dir='ltr' id='par_1_31' title="bbox 449 3141 2031 3212">
     <span class='ocr_line' id='line_1_31' title="bbox 449 3141 2031 3212; baseline 0.003 -18"><span class='ocrx_word' id='word_1_233' title='bbox 449 3142 671 3206; x_wconf 91' lang='lat' dir='ltr'><strong>minum,</strong></span> <span class='ocrx_word' id='word_1_234' title='bbox 698 3144 786 3210; x_wconf 88' lang='lat' dir='ltr'><strong>qui</strong></span> <span class='ocrx_word' id='word_1_235' title='bbox 819 3142 1077 3209; x_wconf 78' lang='lat' dir='ltr'><strong>ejusmodi</strong></span> <span class='ocrx_word' id='word_1_236' title='bbox 1107 3158 1266 3211; x_wconf 85' lang='lat' dir='ltr'><strong>opera</strong></span> <span class='ocrx_word' id='word_1_237' title='bbox 1299 3141 1442 3204; x_wconf 84' lang='lat' dir='ltr'><strong>facit,</strong></span> <span class='ocrx_word' id='word_1_238' title='bbox 1471 3159 1590 3212; x_wconf 64' lang='lat' dir='ltr'><strong>quae</strong></span> <span class='ocrx_word' id='word_1_239' title='bbox 1615 3160 1642 3196; x_wconf 90' lang='lat' dir='ltr'><strong>a</strong></span> <span class='ocrx_word' id='word_1_240' title='bbox 1676 3143 1829 3198; x_wconf 89' lang='lat' dir='ltr'><strong>nobis</strong></span> <span class='ocrx_word' id='word_1_241' title='bbox 1859 3160 2031 3212; x_wconf 88' lang='lat' dir='ltr'><strong>neque</strong></span> 
     </span>
    </p>
   </div>
   <div class='ocr_carea' id='block_1_32' title="bbox 447 3231 2034 3304">
    <p class='ocr_par' dir='ltr' id='par_1_32' title="bbox 447 3231 2034 3304">
     <span class='ocr_line' id='line_1_32' title="bbox 447 3231 2034 3304; baseline 0.004 -21"><span class='ocrx_word' id='word_1_242' title='bbox 447 3231 652 3286; x_wconf 85' lang='lat' dir='ltr'><strong>laudari</strong></span> <span class='ocrx_word' id='word_1_243' title='bbox 691 3233 820 3286; x_wconf 90' lang='lat' dir='ltr'><strong>satis</strong></span> <span class='ocrx_word' id='word_1_244' title='bbox 843 3243 1085 3302; x_wconf 77' lang='lat' dir='ltr'><strong>possunt.</strong></span> <span class='ocrx_word' id='word_1_245' title='bbox 1117 3234 1397 3300; x_wconf 82' lang='lat' dir='ltr'><strong>Quomodo</strong></span> <span class='ocrx_word' id='word_1_246' title='bbox 1421 3235 1560 3289; x_wconf 90' lang='lat' dir='ltr'><strong>enim</strong></span> <span class='ocrx_word' id='word_1_247' title='bbox 1607 3251 1854 3304; x_wconf 90' lang='lat' dir='ltr'><strong>umquam</strong></span> <span class='ocrx_word' id='word_1_248' title='bbox 1901 3250 2034 3304; x_wconf 90' lang='lat' dir='ltr'><strong>opus</strong></span> 
     </span>
    </p>
   </div>
   <div class='ocr_carea' id='block_1_33' title="bbox 451 3329 2033 3403">
    <p class='ocr_par' dir='ltr' id='par_1_33' title="bbox 451 3329 2033 3403">
     <span class='ocr_line' id='line_1_33' title="bbox 451 3329 2033 3403; baseline 0.004 -21"><span class='ocrx_word' id='word_1_249' title='bbox 451 3329 541 3382; x_wconf 81' lang='lat' dir='ltr'><strong>Dei</strong></span> <span class='ocrx_word' id='word_1_250' title='bbox 591 3345 688 3398; x_wconf 92' lang='lat' dir='ltr'><strong>pro</strong></span> <span class='ocrx_word' id='word_1_251' title='bbox 728 3330 981 3399; x_wconf 79' lang='lat' dir='ltr'><strong>dignitate</strong></span> <span class='ocrx_word' id='word_1_252' title='bbox 1034 3333 1248 3388; x_wconf 90' lang='lat' dir='ltr'><strong>laudare</strong></span> <span class='ocrx_word' id='word_1_253' title='bbox 1298 3345 1475 3403; x_wconf 72' lang='lat' dir='ltr'><strong>posset</strong></span> <span class='ocrx_word' id='word_1_254' title='bbox 1525 3334 1748 3389; x_wconf 90' lang='lat' dir='ltr'><strong>lmmana</strong></span> <span class='ocrx_word' id='word_1_255' title='bbox 1806 3335 2033 3390; x_wconf 89' lang='lat' dir='ltr'><strong>natura?</strong></span> 
     </span>
    </p>
   </div>
   <div class='ocr_carea' id='block_1_34' title="bbox 451 3421 2033 3492">
    <p class='ocr_par' dir='ltr' id='par_1_34' title="bbox 451 3421 2033 3492">
     <span class='ocr_line' id='line_1_34' title="bbox 451 3421 2033 3492; baseline 0.003 -19"><span class='ocrx_word' id='word_1_256' title='bbox 451 3421 714 3474; x_wconf 63' lang='lat' dir='ltr'><strong>Caeterum</strong></span> <span class='ocrx_word' id='word_1_257' title='bbox 745 3437 838 3490; x_wconf 92' lang='lat' dir='ltr'><strong>per</strong></span> <span class='ocrx_word' id='word_1_258' title='bbox 857 3437 917 3475; x_wconf 91' lang='lat' dir='ltr'><strong>ea</strong></span> <span class='ocrx_word' id='word_1_259' title='bbox 944 3439 1062 3491; x_wconf 72' lang='lat' dir='ltr'><strong>qum</strong></span> <span class='ocrx_word' id='word_1_260' title='bbox 1098 3423 1504 3492; x_wconf 84' lang='lat' dir='ltr'><strong>subjunguntur,</strong></span> <span class='ocrx_word' id='word_1_261' title='bbox 1535 3425 1813 3480; x_wconf 87' lang='lat' dir='ltr'><strong>considera</strong></span> <span class='ocrx_word' id='word_1_262' title='bbox 1845 3426 2033 3480; x_wconf 78' lang='lat' dir='ltr'><strong>ineffa-</strong></span> 
     </span>
    </p>
   </div>
   <div class='ocr_carea' id='block_1_35' title="bbox 450 3512 2031 3586">
    <p class='ocr_par' dir='ltr' id='par_1_35' title="bbox 450 3512 2031 3586">
     <span class='ocr_line' id='line_1_35' title="bbox 450 3512 2031 3586; baseline 0.003 -21"><span class='ocrx_word' id='word_1_263' title='bbox 450 3513 610 3566; x_wconf 90' lang='lat' dir='ltr'><strong>bilem</strong></span> <span class='ocrx_word' id='word_1_264' title='bbox 636 3512 726 3566; x_wconf 84' lang='lat' dir='ltr'><strong>Dei</strong></span> <span class='ocrx_word' id='word_1_265' title='bbox 752 3513 950 3583; x_wconf 80' lang='lat' dir='ltr'><strong>egregii</strong></span> <span class='ocrx_word' id='word_1_266' title='bbox 973 3515 1188 3568; x_wconf 84' lang='lat' dir='ltr'><strong>artiﬁcis</strong></span> <span class='ocrx_word' id='word_1_267' title='bbox 1218 3516 1551 3585; x_wconf 86' lang='lat' dir='ltr'><strong>sapientiam.</strong></span> <span class='ocrx_word' id='word_1_268' title='bbox 1585 3516 1867 3586; x_wconf 84' lang='lat' dir='ltr'><strong>Postquam</strong></span> <span class='ocrx_word' id='word_1_269' title='bbox 1889 3517 2031 3570; x_wconf 90' lang='lat' dir='ltr'><strong>enim</strong></span> 
     </span>
    </p>
   </div>
   <div class='ocr_carea' id='block_1_36' title="bbox 449 3599 2037 3675">
    <p class='ocr_par' dir='ltr' id='par_1_36' title="bbox 449 3599 2037 3675">
     <span class='ocr_line' id='line_1_36' title="bbox 449 3599 2037 3675; baseline 0.003 -17"><span class='ocrx_word' id='word_1_270' title='bbox 449 3606 602 3660; x_wconf 89' lang='lat' dir='ltr'><strong>nobis</strong></span> <span class='ocrx_word' id='word_1_271' title='bbox 627 3599 863 3674; x_wconf 86' lang='lat' dir='ltr'><strong>apertam</strong></span> <span class='ocrx_word' id='word_1_272' title='bbox 890 3617 1042 3660; x_wconf 70' lang='lat' dir='ltr'><strong>terra:</strong></span> <span class='ocrx_word' id='word_1_273' title='bbox 1071 3609 1255 3661; x_wconf 85' lang='lat' dir='ltr'><strong>faciem</strong></span> <span class='ocrx_word' id='word_1_274' title='bbox 1283 3608 1612 3670; x_wconf 84' lang='lat' dir='ltr'><strong>numstravit,</strong></span> <span class='ocrx_word' id='word_1_275' title='bbox 1645 3619 2037 3675; x_wconf 73' lang='lat' dir='ltr'><strong>consequentur</strong></span> 
     </span>
    </p>
   </div>
   <div class='ocr_carea' id='block_1_37' title="bbox 449 3699 2034 3770">
    <p class='ocr_par' dir='ltr' id='par_1_37' title="bbox 449 3699 2034 3770">
     <span class='ocr_line' id='line_1_37' title="bbox 449 3699 2034 3770; baseline 0.002 -19"><span class='ocrx_word' id='word_1_276' title='bbox 449 3713 548 3754; x_wconf 80' lang='lat' dir='ltr'><strong>suo</strong></span> <span class='ocrx_word' id='word_1_277' title='bbox 578 3709 846 3768; x_wconf 69' lang='grc' dir='ltr'><strong>ρηεοῡιιιο</strong></span> <span class='ocrx_word' id='word_1_278' title='bbox 866 3699 1142 3753; x_wconf 88' lang='lat' dir='ltr'><strong>decentem</strong></span> <span class='ocrx_word' id='word_1_279' title='bbox 1171 3700 1218 3752; x_wconf 89' lang='lat' dir='ltr'><strong>ei</strong></span> <span class='ocrx_word' id='word_1_280' title='bbox 1247 3699 1491 3754; x_wconf 80' lang='lat' dir='ltr'><strong>concedit</strong></span> <span class='ocrx_word' id='word_1_281' title='bbox 1511 3701 1767 3770; x_wconf 90' lang='lat' dir='ltr'><strong>speciem,</strong></span> <span class='ocrx_word' id='word_1_282' title='bbox 1795 3712 1848 3756; x_wconf 94' lang='lat' dir='ltr'><strong>ct</strong></span> <span class='ocrx_word' id='word_1_283' title='bbox 1867 3702 2034 3754; x_wconf 87' lang='lat' dir='ltr'><strong>semi-</strong></span> 
     </span>
    </p>
   </div>
   <div class='ocr_carea' id='block_1_38' title="bbox 449 3789 2034 3858">
    <p class='ocr_par' dir='ltr' id='par_1_38' title="bbox 449 3789 2034 3858">
     <span class='ocr_line' id='line_1_38' title="bbox 449 3789 2034 3858; baseline 0.003 -17"><span class='ocrx_word' id='word_1_284' title='bbox 449 3803 575 3841; x_wconf 92' lang='lat' dir='ltr'><strong>num</strong></span> <span class='ocrx_word' id='word_1_285' title='bbox 601 3789 858 3844; x_wconf 77' lang='lat' dir='ltr'><strong>varietate</strong></span> <span class='ocrx_word' id='word_1_286' title='bbox 883 3789 998 3858; x_wconf 85' lang='lat' dir='ltr'><strong>ejus</strong></span> <span class='ocrx_word' id='word_1_287' title='bbox 1023 3790 1248 3844; x_wconf 90' lang='lat' dir='ltr'><strong>adornat</strong></span> <span class='ocrx_word' id='word_1_288' title='bbox 1277 3789 1485 3845; x_wconf 78' lang='lat' dir='ltr'><strong>faciem.</strong></span> <span class='ocrx_word' id='word_1_289' title='bbox 1518 3792 1602 3844; x_wconf 79' lang='lat' dir='ltr'><strong>ll.</strong></span> <span class='ocrx_word' id='word_1_290' title='bbox 1631 3789 1698 3844; x_wconf 87' lang='lat' dir='ltr'><strong>Et</strong></span> <span class='ocrx_word' id='word_1_291' title='bbox 1725 3792 1853 3844; x_wconf 74' lang='lat' dir='ltr'><strong>dixit</strong></span> <span class='ocrx_word' id='word_1_292' title='bbox 1871 3834 1885 3854; x_wconf 85' lang='lat'><strong>,</strong></span> <span class='ocrx_word' id='word_1_293' title='bbox 1919 3793 1991 3845; x_wconf 91' lang='lat' dir='ltr'><strong>ait</strong></span> <span class='ocrx_word' id='word_1_294' title='bbox 2015 3831 2034 3857; x_wconf 94' lang='lat'><strong>,</strong></span> 
     </span>
    </p>
   </div>
   <div class='ocr_carea' id='block_1_39' title="bbox 448 3879 2034 3953">
    <p class='ocr_par' dir='ltr' id='par_1_39' title="bbox 448 3879 2034 3953">
     <span class='ocr_line' id='line_1_39' title="bbox 448 3879 2034 3953; baseline 0.002 -20"><span class='ocrx_word' id='word_1_295' title='bbox 448 3879 588 3934; x_wconf 87' lang='lat' dir='ltr'><strong>Deus</strong></span> <span class='ocrx_word' id='word_1_296' title='bbox 611 3897 630 3935; x_wconf 86' lang='lat'><strong>.&#39;</strong></span> <span class='ocrx_word' id='word_1_297' title='bbox 674 3880 929 3936; x_wconf 76' lang='lat' dir='ltr'><strong>Gerntinet</strong></span> <span class='ocrx_word' id='word_1_298' title='bbox 975 3893 1109 3936; x_wconf 65' lang='lat' dir='ltr'><strong>terra</strong></span> <span class='ocrx_word' id='word_1_299' title='bbox 1159 3882 1362 3936; x_wconf 81' lang='lat' dir='ltr'><strong>herbam</strong></span> <span class='ocrx_word' id='word_1_300' title='bbox 1400 3883 1548 3953; x_wconf 68' lang='lat' dir='ltr'><strong>(triti,</strong></span> <span class='ocrx_word' id='word_1_301' title='bbox 1581 3884 1834 3937; x_wconf 83' lang='lat' dir='ltr'><strong>seminans</strong></span> <span class='ocrx_word' id='word_1_302' title='bbox 1868 3900 2034 3937; x_wconf 88' lang='lat' dir='ltr'><strong>semen</strong></span> 
     </span>
    </p>
   </div>
   <div class='ocr_carea' id='block_1_40' title="bbox 447 3972 2031 4044">
    <p class='ocr_par' dir='ltr' id='par_1_40' title="bbox 447 3972 2031 4044">
     <span class='ocr_line' id='line_1_40' title="bbox 447 3972 2031 4044; baseline 0.001 -20"><span class='ocrx_word' id='word_1_303' title='bbox 447 3972 721 4026; x_wconf 77' lang='lat' dir='ltr'><strong>secundum</strong></span> <span class='ocrx_word' id='word_1_304' title='bbox 741 3990 898 4042; x_wconf 74' lang='lat' dir='ltr'><strong>genus</strong></span> <span class='ocrx_word' id='word_1_305' title='bbox 917 3984 962 4028; x_wconf 91' lang='lat' dir='ltr'><strong>et</strong></span> <span class='ocrx_word' id='word_1_306' title='bbox 985 3974 1400 4028; x_wconf 79' lang='lat' dir='ltr'><strong>similitudinem:</strong></span> <span class='ocrx_word' id='word_1_307' title='bbox 1421 3983 1468 4027; x_wconf 89' lang='lat' dir='ltr'><strong>et</strong></span> <span class='ocrx_word' id='word_1_308' title='bbox 1497 3975 1687 4043; x_wconf 83' lang='lat' dir='ltr'><strong>lignum</strong></span> <span class='ocrx_word' id='word_1_309' title='bbox 1709 3975 2031 4044; x_wconf 78' lang='lat' dir='ltr'><strong>frugiferum,</strong></span> 
     </span>
    </p>
   </div>
   <div class='ocr_carea' id='block_1_41' title="bbox 449 4066 2035 4136">
    <p class='ocr_par' dir='ltr' id='par_1_41' title="bbox 449 4066 2035 4136">
     <span class='ocr_line' id='line_1_41' title="bbox 449 4066 2035 4136; baseline 0.001 -19"><span class='ocrx_word' id='word_1_310' title='bbox 449 4066 640 4134; x_wconf 78' lang='lat' dir='ltr'><strong>faciens</strong></span> <span class='ocrx_word' id='word_1_311' title='bbox 678 4066 898 4134; x_wconf 81' lang='lat' dir='ltr'><strong>fructum</strong></span> <span class='ocrx_word' id='word_1_312' title='bbox 921 4105 935 4129; x_wconf 91' lang='lat'><strong>,</strong></span> <span class='ocrx_word' id='word_1_313' title='bbox 963 4067 1108 4135; x_wconf 75' lang='lat' dir='ltr'><strong>cujus</strong></span> <span class='ocrx_word' id='word_1_314' title='bbox 1150 4083 1319 4120; x_wconf 84' lang='lat' dir='ltr'><strong>semen</strong></span> <span class='ocrx_word' id='word_1_315' title='bbox 1366 4067 1419 4120; x_wconf 84' lang='lat' dir='ltr'><strong>in</strong></span> <span class='ocrx_word' id='word_1_316' title='bbox 1460 4067 1726 4136; x_wconf 85' lang='lat' dir='ltr'><strong>semetipso</strong></span> <span class='ocrx_word' id='word_1_317' title='bbox 1759 4066 2035 4120; x_wconf 82' lang='lat' dir='ltr'><strong>secundum</strong></span> 
     </span>
    </p>
   </div>
   <div class='ocr_carea' id='block_1_42' title="bbox 449 4155 2035 4228">
    <p class='ocr_par' dir='ltr' id='par_1_42' title="bbox 449 4155 2035 4228">
     <span class='ocr_line' id='line_1_42' title="bbox 449 4155 2035 4228; baseline 0 -18"><span class='ocrx_word' id='word_1_318' title='bbox 449 4155 849 4223; x_wconf 79' lang='lat' dir='ltr'><strong>similitudinem,</strong></span> <span class='ocrx_word' id='word_1_319' title='bbox 873 4158 1144 4211; x_wconf 86' lang='lat' dir='ltr'><strong>secundum</strong></span> <span class='ocrx_word' id='word_1_320' title='bbox 1170 4175 1327 4228; x_wconf 88' lang='lat' dir='ltr'><strong>genus</strong></span> <span class='ocrx_word' id='word_1_321' title='bbox 1351 4175 1502 4227; x_wconf 85' lang='lat' dir='ltr'><strong>super</strong></span> <span class='ocrx_word' id='word_1_322' title='bbox 1522 4167 1725 4211; x_wconf 87' lang='lat' dir='ltr'><strong>terram.</strong></span> <span class='ocrx_word' id='word_1_323' title='bbox 1753 4157 1816 4210; x_wconf 86' lang='lat' dir='ltr'><strong>Et</strong></span> <span class='ocrx_word' id='word_1_324' title='bbox 1846 4161 2035 4228; x_wconf 79' lang='lat' dir='ltr'><strong>factum</strong></span> 
     </span>
    </p>
   </div>
   <div class='ocr_carea' id='block_1_43' title="bbox 443 4249 2032 4322">
    <p class='ocr_par' dir='ltr' id='par_1_43' title="bbox 443 4249 2032 4322">
     <span class='ocr_line' id='line_1_43' title="bbox 443 4249 2032 4322; baseline 0 -20"><span class='ocrx_word' id='word_1_325' title='bbox 443 4259 522 4302; x_wconf 80' lang='lat' dir='ltr'><strong>est</strong></span> <span class='ocrx_word' id='word_1_326' title='bbox 545 4251 637 4302; x_wconf 89' lang='lat' dir='ltr'><strong>ita.</strong></span> <span class='ocrx_word' id='word_1_327' title='bbox 667 4250 806 4318; x_wconf 89' lang='lat' dir='ltr'><strong>Quid</strong></span> <span class='ocrx_word' id='word_1_328' title='bbox 844 4261 926 4304; x_wconf 90' lang='lat' dir='ltr'><strong>est</strong></span> <span class='ocrx_word' id='word_1_329' title='bbox 970 4250 1098 4304; x_wconf 91' lang='lat' dir='ltr'><strong>illud</strong></span> <span class='ocrx_word' id='word_1_330' title='bbox 1123 4291 1138 4315; x_wconf 97' lang='lat'><strong>,</strong></span> <span class='ocrx_word' id='word_1_331' title='bbox 1171 4251 1240 4303; x_wconf 83' lang='lat' dir='ltr'><strong>Et</strong></span> <span class='ocrx_word' id='word_1_332' title='bbox 1269 4254 1458 4322; x_wconf 73' lang='lat' dir='ltr'><strong>factum</strong></span> <span class='ocrx_word' id='word_1_333' title='bbox 1487 4259 1558 4303; x_wconf 88' lang='lat' dir='ltr'><strong>est</strong></span> <span class='ocrx_word' id='word_1_334' title='bbox 1593 4251 1707 4303; x_wconf 83' lang='lat' dir='ltr'><strong>ita?</strong></span> <span class='ocrx_word' id='word_1_335' title='bbox 1735 4249 1994 4318; x_wconf 52' lang='lat' dir='ltr'><strong>Praecepit</strong></span> <span class='ocrx_word' id='word_1_336' title='bbox 2017 4291 2032 4313; x_wconf 95' lang='lat'><strong>,</strong></span> 
     </span>
    </p>
   </div>
   <div class='ocr_carea' id='block_1_44' title="bbox 451 4339 2037 4408">
    <p class='ocr_par' dir='ltr' id='par_1_44' title="bbox 451 4339 2037 4408">
     <span class='ocr_line' id='line_1_44' title="bbox 451 4339 2037 4408; baseline -0.003 -14"><span class='ocrx_word' id='word_1_337' title='bbox 451 4339 652 4408; x_wconf 87' lang='lat' dir='ltr'><strong>inquit,</strong></span> <span class='ocrx_word' id='word_1_338' title='bbox 690 4339 976 4403; x_wconf 86' lang='lat' dir='ltr'><strong>Dominus,</strong></span> <span class='ocrx_word' id='word_1_339' title='bbox 1008 4349 1064 4394; x_wconf 90' lang='lat' dir='ltr'><strong>et</strong></span> <span class='ocrx_word' id='word_1_340' title='bbox 1097 4341 1276 4394; x_wconf 87' lang='lat' dir='ltr'><strong>statim</strong></span> <span class='ocrx_word' id='word_1_341' title='bbox 1312 4350 1450 4394; x_wconf 91' lang='lat' dir='ltr'><strong>terra</strong></span> <span class='ocrx_word' id='word_1_342' title='bbox 1486 4353 1612 4394; x_wconf 90' lang='lat' dir='ltr'><strong>suos</strong></span> <span class='ocrx_word' id='word_1_343' title='bbox 1641 4351 1824 4408; x_wconf 90' lang='lat' dir='ltr'><strong>partus</strong></span> <span class='ocrx_word' id='word_1_344' title='bbox 1861 4348 2037 4391; x_wconf 89' lang='lat' dir='ltr'><strong>matu-</strong></span> 
     </span>
    </p>
   </div>
   <div class='ocr_carea' id='block_1_45' title="bbox 451 4428 2032 4502">
    <p class='ocr_par' dir='ltr' id='par_1_45' title="bbox 451 4428 2032 4502">
     <span class='ocr_line' id='line_1_45' title="bbox 451 4428 2032 4502; baseline -0.002 -18"><span class='ocrx_word' id='word_1_345' title='bbox 451 4445 594 4494; x_wconf 88' lang='lat' dir='ltr'><strong>rans,</strong></span> <span class='ocrx_word' id='word_1_346' title='bbox 628 4432 695 4486; x_wconf 87' lang='lat' dir='ltr'><strong>ad</strong></span> <span class='ocrx_word' id='word_1_347' title='bbox 722 4433 983 4486; x_wconf 85' lang='lat' dir='ltr'><strong>seminum</strong></span> <span class='ocrx_word' id='word_1_348' title='bbox 1016 4449 1231 4501; x_wconf 83' lang='lat' dir='ltr'><strong>germen</strong></span> <span class='ocrx_word' id='word_1_349' title='bbox 1259 4432 1488 4502; x_wconf 89' lang='lat' dir='ltr'><strong>seipsam</strong></span> <span class='ocrx_word' id='word_1_350' title='bbox 1519 4432 1816 4486; x_wconf 89' lang='lat' dir='ltr'><strong>adornavit.</strong></span> <span class='ocrx_word' id='word_1_351' title='bbox 1850 4430 1936 4483; x_wconf 74' lang='lat'><strong>1‘2.</strong></span> <span class='ocrx_word' id='word_1_352' title='bbox 1967 4428 2032 4482; x_wconf 86' lang='lat' dir='ltr'><strong>Et</strong></span> 
     </span>
    </p>
   </div>
   <div class='ocr_carea' id='block_1_46' title="bbox 450 4522 2036 4592">
    <p class='ocr_par' dir='ltr' id='par_1_46' title="bbox 450 4522 2036 4592">
     <span class='ocr_line' id='line_1_46' title="bbox 450 4522 2036 4592; baseline -0.001 -19"><span class='ocrx_word' id='word_1_353' title='bbox 450 4522 658 4590; x_wconf 80' lang='lat' dir='ltr'><strong>protulit</strong></span> <span class='ocrx_word' id='word_1_354' title='bbox 707 4533 840 4575; x_wconf 85' lang='lat' dir='ltr'><strong>terra</strong></span> <span class='ocrx_word' id='word_1_355' title='bbox 885 4523 1089 4576; x_wconf 80' lang='lat' dir='ltr'><strong>herbam</strong></span> <span class='ocrx_word' id='word_1_356' title='bbox 1133 4523 1254 4592; x_wconf 74' lang='lat' dir='ltr'><strong>{teni</strong></span> <span class='ocrx_word' id='word_1_357' title='bbox 1277 4563 1292 4587; x_wconf 94' lang='lat'><strong>,</strong></span> <span class='ocrx_word' id='word_1_358' title='bbox 1343 4522 1534 4592; x_wconf 87' lang='lat' dir='ltr'><strong>inquit,</strong></span> <span class='ocrx_word' id='word_1_359' title='bbox 1581 4522 1832 4576; x_wconf 80' lang='lat' dir='ltr'><strong>seminans</strong></span> <span class='ocrx_word' id='word_1_360' title='bbox 1871 4536 2036 4573; x_wconf 85' lang='lat' dir='ltr'><strong>semen</strong></span> 
     </span>
    </p>
   </div>
   <div class='ocr_carea' id='block_1_47' title="bbox 446 4612 2034 4684">
    <p class='ocr_par' dir='ltr' id='par_1_47' title="bbox 446 4612 2034 4684">
     <span class='ocr_line' id='line_1_47' title="bbox 446 4612 2034 4684; baseline -0.004 -17"><span class='ocrx_word' id='word_1_361' title='bbox 446 4615 724 4668; x_wconf 84' lang='lat' dir='ltr'><strong>secundum</strong></span> <span class='ocrx_word' id='word_1_362' title='bbox 746 4630 922 4684; x_wconf 86' lang='lat' dir='ltr'><strong>genus,</strong></span> <span class='ocrx_word' id='word_1_363' title='bbox 950 4625 995 4668; x_wconf 86' lang='lat' dir='ltr'><strong>et</strong></span> <span class='ocrx_word' id='word_1_364' title='bbox 1023 4616 1298 4668; x_wconf 80' lang='lat' dir='ltr'><strong>secundum</strong></span> <span class='ocrx_word' id='word_1_365' title='bbox 1326 4614 1703 4667; x_wconf 71' lang='lat' dir='ltr'><strong>similitudinem</strong></span> <span class='ocrx_word' id='word_1_366' title='bbox 1726 4632 1744 4666; x_wconf 84' lang='lat'><strong><em>:</em></strong></span> <span class='ocrx_word' id='word_1_367' title='bbox 1773 4621 1817 4664; x_wconf 87' lang='lat' dir='ltr'><strong>et</strong></span> <span class='ocrx_word' id='word_1_368' title='bbox 1845 4612 2034 4682; x_wconf 86' lang='lat' dir='ltr'><strong>lignum</strong></span> 
     </span>
    </p>
   </div>
   <div class='ocr_carea' id='block_1_48' title="bbox 448 4703 2036 4777">
    <p class='ocr_par' dir='ltr' id='par_1_48' title="bbox 448 4703 2036 4777">
     <span class='ocr_line' id='line_1_48' title="bbox 448 4703 2036 4777; baseline -0.003 -19"><span class='ocrx_word' id='word_1_369' title='bbox 448 4706 752 4777; x_wconf 79' lang='lat' dir='ltr'><strong>frugiferum</strong></span> <span class='ocrx_word' id='word_1_370' title='bbox 779 4705 970 4775; x_wconf 77' lang='lat' dir='ltr'><strong>faciens</strong></span> <span class='ocrx_word' id='word_1_371' title='bbox 996 4707 1218 4775; x_wconf 75' lang='lat' dir='ltr'><strong>fructum</strong></span> <span class='ocrx_word' id='word_1_372' title='bbox 1241 4747 1254 4767; x_wconf 95' lang='lat'><strong>,</strong></span> <span class='ocrx_word' id='word_1_373' title='bbox 1283 4707 1429 4776; x_wconf 82' lang='lat' dir='ltr'><strong>cujus</strong></span> <span class='ocrx_word' id='word_1_374' title='bbox 1458 4720 1624 4757; x_wconf 88' lang='lat' dir='ltr'><strong>semen</strong></span> <span class='ocrx_word' id='word_1_375' title='bbox 1654 4720 1800 4757; x_wconf 85' lang='lat' dir='ltr'><strong>suum</strong></span> <span class='ocrx_word' id='word_1_376' title='bbox 1827 4703 1879 4755; x_wconf 85' lang='lat' dir='ltr'><strong>in</strong></span> <span class='ocrx_word' id='word_1_377' title='bbox 1925 4703 2036 4769; x_wconf 82' lang='lat' dir='ltr'><strong>ipso</strong></span> 
     </span>
    </p>
   </div>
   <div class='ocr_carea' id='block_1_49' title="bbox 445 4792 2033 4867">
    <p class='ocr_par' dir='ltr' id='par_1_49' title="bbox 445 4792 2033 4867">
     <span class='ocr_line' id='line_1_49' title="bbox 445 4792 2033 4867; baseline -0.004 -17"><span class='ocrx_word' id='word_1_378' title='bbox 445 4796 724 4850; x_wconf 82' lang='lat' dir='ltr'><strong>secundant</strong></span> <span class='ocrx_word' id='word_1_379' title='bbox 764 4813 923 4867; x_wconf 84' lang='lat' dir='ltr'><strong>genus</strong></span> <span class='ocrx_word' id='word_1_380' title='bbox 948 4813 1100 4867; x_wconf 84' lang='lat' dir='ltr'><strong>super</strong></span> <span class='ocrx_word' id='word_1_381' title='bbox 1130 4807 1334 4850; x_wconf 89' lang='lat' dir='ltr'><strong>terram.</strong></span> <span class='ocrx_word' id='word_1_382' title='bbox 1379 4794 1476 4849; x_wconf 85' lang='lat' dir='ltr'><strong>llic</strong></span> <span class='ocrx_word' id='word_1_383' title='bbox 1518 4793 1880 4847; x_wconf 85' lang='lat' dir='ltr'><strong>animadverte</strong></span> <span class='ocrx_word' id='word_1_384' title='bbox 1904 4833 1917 4852; x_wconf 92' lang='lat'><strong>.</strong></span> <span class='ocrx_word' id='word_1_385' title='bbox 1952 4792 2033 4843; x_wconf 92' lang='lat' dir='ltr'><strong>di-</strong></span> 
     </span>
    </p>
   </div>
   <div class='ocr_carea' id='block_1_50' title="bbox 450 4886 2038 4959">
    <p class='ocr_par' dir='ltr' id='par_1_50' title="bbox 450 4886 2038 4959">
     <span class='ocr_line' id='line_1_50' title="bbox 450 4886 2038 4959; baseline -0.004 -17"><span class='ocrx_word' id='word_1_386' title='bbox 450 4887 608 4953; x_wconf 90' lang='lat' dir='ltr'><strong>lecte,</strong></span> <span class='ocrx_word' id='word_1_387' title='bbox 638 4889 907 4959; x_wconf 85' lang='lat' dir='ltr'><strong>quomodo</strong></span> <span class='ocrx_word' id='word_1_388' title='bbox 930 4889 1096 4942; x_wconf 80' lang='lat' dir='ltr'><strong>verbo</strong></span> <span class='ocrx_word' id='word_1_389' title='bbox 1125 4887 1332 4943; x_wconf 90' lang='lat' dir='ltr'><strong>Domini</strong></span> <span class='ocrx_word' id='word_1_390' title='bbox 1357 4887 1534 4941; x_wconf 88' lang='lat' dir='ltr'><strong>omnia</strong></span> <span class='ocrx_word' id='word_1_391' title='bbox 1567 4886 1699 4938; x_wconf 88' lang='lat' dir='ltr'><strong>facta</strong></span> <span class='ocrx_word' id='word_1_392' title='bbox 1728 4893 1851 4936; x_wconf 91' lang='lat' dir='ltr'><strong>sunt</strong></span> <span class='ocrx_word' id='word_1_393' title='bbox 1879 4898 2038 4950; x_wconf 85' lang='lat' dir='ltr'><strong>super</strong></span> 
     </span>
    </p>
   </div>
   <div class='ocr_carea' id='block_1_51' title="bbox 448 4977 2037 5048">
    <p class='ocr_par' dir='ltr' id='par_1_51' title="bbox 448 4977 2037 5048">
     <span class='ocr_line' id='line_1_51' title="bbox 448 4977 2037 5048; baseline -0.003 -16"><span class='ocrx_word' id='word_1_394' title='bbox 448 4988 666 5034; x_wconf 82' lang='lat' dir='ltr'><strong>terram.</strong></span> <span class='ocrx_word' id='word_1_395' title='bbox 699 4978 814 5034; x_wconf 88' lang='lat' dir='ltr'><strong>Non</strong></span> <span class='ocrx_word' id='word_1_396' title='bbox 870 4980 1016 5034; x_wconf 89' lang='lat' dir='ltr'><strong>enim</strong></span> <span class='ocrx_word' id='word_1_397' title='bbox 1058 4989 1171 5034; x_wconf 84' lang='lat' dir='ltr'><strong>erat</strong></span> <span class='ocrx_word' id='word_1_398' title='bbox 1218 4979 1378 5032; x_wconf 86' lang='lat' dir='ltr'><strong>homo</strong></span> <span class='ocrx_word' id='word_1_399' title='bbox 1406 4977 1496 5048; x_wconf 92' lang='lat' dir='ltr'><strong>qui</strong></span> <span class='ocrx_word' id='word_1_400' title='bbox 1547 4986 1876 5045; x_wconf 87' lang='lat' dir='ltr'><strong>operaretur,</strong></span> <span class='ocrx_word' id='word_1_401' title='bbox 1931 4990 2037 5028; x_wconf 84' lang='lat' dir='ltr'><strong>non</strong></span> 
     </span>
    </p>
   </div>
   <div class='ocr_carea' id='block_1_52' title="bbox 447 5065 2035 5138">
    <p class='ocr_par' dir='ltr' id='par_1_52' title="bbox 447 5065 2035 5138">
     <span class='ocr_line' id='line_1_52' title="bbox 447 5065 2035 5138; baseline -0.002 -16"><span class='ocrx_word' id='word_1_402' title='bbox 447 5079 682 5124; x_wconf 83' lang='lat' dir='ltr'><strong>aratrum</strong></span> <span class='ocrx_word' id='word_1_403' title='bbox 709 5111 725 5136; x_wconf 96' lang='lat'><strong>,</strong></span> <span class='ocrx_word' id='word_1_404' title='bbox 756 5085 862 5124; x_wconf 91' lang='lat' dir='ltr'><strong>non</strong></span> <span class='ocrx_word' id='word_1_405' title='bbox 905 5070 1064 5125; x_wconf 85' lang='lat' dir='ltr'><strong>boum</strong></span> <span class='ocrx_word' id='word_1_406' title='bbox 1091 5069 1399 5138; x_wconf 88' lang='lat' dir='ltr'><strong>cooperatio</strong></span> <span class='ocrx_word' id='word_1_407' title='bbox 1423 5109 1439 5135; x_wconf 92' lang='lat'><strong>,</strong></span> <span class='ocrx_word' id='word_1_408' title='bbox 1467 5082 1571 5121; x_wconf 92' lang='lat' dir='ltr'><strong>non</strong></span> <span class='ocrx_word' id='word_1_409' title='bbox 1611 5065 1750 5120; x_wconf 87' lang='lat' dir='ltr'><strong>aliud</strong></span> <span class='ocrx_word' id='word_1_410' title='bbox 1772 5065 2035 5134; x_wconf 88' lang='lat' dir='ltr'><strong>ejusmodi</strong></span> 
     </span>
    </p>
   </div>
   <div class='ocr_carea' id='block_1_53' title="bbox 447 5160 2036 5230">
    <p class='ocr_par' dir='ltr' id='par_1_53' title="bbox 447 5160 2036 5230">
     <span class='ocr_line' id='line_1_53' title="bbox 447 5160 2036 5230; baseline -0.004 -15"><span class='ocrx_word' id='word_1_411' title='bbox 447 5163 728 5216; x_wconf 84' lang='lat' dir='ltr'><strong>studium:</strong></span> <span class='ocrx_word' id='word_1_412' title='bbox 760 5161 855 5217; x_wconf 86' lang='lat' dir='ltr'><strong>sed</strong></span> <span class='ocrx_word' id='word_1_413' title='bbox 893 5162 1064 5217; x_wconf 90' lang='lat' dir='ltr'><strong>solum</strong></span> <span class='ocrx_word' id='word_1_414' title='bbox 1114 5162 1314 5216; x_wconf 90' lang='lat' dir='ltr'><strong>audivit</strong></span> <span class='ocrx_word' id='word_1_415' title='bbox 1358 5167 1704 5230; x_wconf 63' lang='lat' dir='ltr'><strong>prteceptum,</strong></span> <span class='ocrx_word' id='word_1_416' title='bbox 1751 5167 1806 5210; x_wconf 89' lang='lat' dir='ltr'><strong>et</strong></span> <span class='ocrx_word' id='word_1_417' title='bbox 1858 5160 2036 5210; x_wconf 88' lang='lat' dir='ltr'><strong>statim</strong></span> 
     </span>
    </p>
   </div>
   <div class='ocr_carea' id='block_1_54' title="bbox 448 5247 2037 5320">
    <p class='ocr_par' dir='ltr' id='par_1_54' title="bbox 448 5247 2037 5320">
     <span class='ocr_line' id='line_1_54' title="bbox 448 5247 2037 5320; baseline -0.002 -18"><span class='ocrx_word' id='word_1_418' title='bbox 448 5252 590 5320; x_wconf 87' lang='lat' dir='ltr'><strong>quod</strong></span> <span class='ocrx_word' id='word_1_419' title='bbox 634 5267 788 5306; x_wconf 89' lang='lat' dir='ltr'><strong>suum</strong></span> <span class='ocrx_word' id='word_1_420' title='bbox 819 5261 934 5306; x_wconf 86' lang='lat' dir='ltr'><strong>erat</strong></span> <span class='ocrx_word' id='word_1_421' title='bbox 977 5252 1117 5305; x_wconf 90' lang='lat' dir='ltr'><strong>fecit.</strong></span> <span class='ocrx_word' id='word_1_422' title='bbox 1159 5253 1234 5305; x_wconf 76' lang='lat' dir='ltr'><strong>Ex</strong></span> <span class='ocrx_word' id='word_1_423' title='bbox 1264 5265 1370 5320; x_wconf 91' lang='lat' dir='ltr'><strong>quo</strong></span> <span class='ocrx_word' id='word_1_424' title='bbox 1403 5249 1682 5311; x_wconf 87' lang='lat' dir='ltr'><strong>discimus,</strong></span> <span class='ocrx_word' id='word_1_425' title='bbox 1706 5247 1864 5300; x_wconf 89' lang='lat' dir='ltr'><strong>etiam</strong></span> <span class='ocrx_word' id='word_1_426' title='bbox 1896 5262 2037 5300; x_wconf 89' lang='lat' dir='ltr'><strong>nunc</strong></span> 
     </span>
    </p>
   </div>
   <div class='ocr_carea' id='block_1_55' title="bbox 449 5339 2038 5414">
    <p class='ocr_par' dir='ltr' id='par_1_55' title="bbox 449 5339 2038 5414">
     <span class='ocr_line' id='line_1_55' title="bbox 449 5339 2038 5414; baseline -0.004 -16"><span class='ocrx_word' id='word_1_427' title='bbox 449 5359 623 5412; x_wconf 89' lang='lat' dir='ltr'><strong>neque</strong></span> <span class='ocrx_word' id='word_1_428' title='bbox 667 5359 852 5399; x_wconf 86' lang='lat' dir='ltr'><strong>curam</strong></span> <span class='ocrx_word' id='word_1_429' title='bbox 893 5344 1286 5414; x_wconf 89' lang='lat' dir='ltr'><strong>agricolarum,</strong></span> <span class='ocrx_word' id='word_1_430' title='bbox 1334 5356 1505 5411; x_wconf 90' lang='lat' dir='ltr'><strong>neque</strong></span> <span class='ocrx_word' id='word_1_431' title='bbox 1549 5339 1823 5404; x_wconf 84' lang='lat' dir='ltr'><strong>laborem,</strong></span> <span class='ocrx_word' id='word_1_432' title='bbox 1869 5354 2038 5407; x_wconf 89' lang='lat' dir='ltr'><strong>neque</strong></span> 
     </span>
    </p>
   </div>
   <div class='ocr_carea' id='block_1_56' title="bbox 447 5429 2039 5506">
    <p class='ocr_par' dir='ltr' id='par_1_56' title="bbox 447 5429 2039 5506">
     <span class='ocr_line' id='line_1_56' title="bbox 447 5429 2039 5506; baseline -0.005 -14"><span class='ocrx_word' id='word_1_433' title='bbox 447 5438 583 5493; x_wconf 86' lang='lat' dir='ltr'><strong>alias</strong></span> <span class='ocrx_word' id='word_1_434' title='bbox 624 5436 679 5492; x_wconf 89' lang='lat' dir='ltr'><strong>in</strong></span> <span class='ocrx_word' id='word_1_435' title='bbox 729 5437 974 5492; x_wconf 88' lang='lat' dir='ltr'><strong>colendis</strong></span> <span class='ocrx_word' id='word_1_436' title='bbox 1019 5438 1160 5506; x_wconf 86' lang='lat' dir='ltr'><strong>agris</strong></span> <span class='ocrx_word' id='word_1_437' title='bbox 1205 5449 1512 5494; x_wconf 81' lang='lat' dir='ltr'><strong>:crumnas,</strong></span> <span class='ocrx_word' id='word_1_438' title='bbox 1569 5429 1834 5485; x_wconf 82' lang='lat' dir='ltr'><strong>fructuum</strong></span> <span class='ocrx_word' id='word_1_439' title='bbox 1887 5431 2039 5484; x_wconf 83' lang='lat' dir='ltr'><strong>nobis</strong></span> 
     </span>
    </p>
   </div>
   <div class='ocr_carea' id='block_1_57' title="bbox 449 5522 2038 5600">
    <p class='ocr_par' dir='ltr' id='par_1_57' title="bbox 449 5522 2038 5600">
     <span class='ocr_line' id='line_1_57' title="bbox 449 5522 2038 5600; baseline -0.006 -16"><span class='ocrx_word' id='word_1_440' title='bbox 449 5538 767 5600; x_wconf 81' lang='lat' dir='ltr'><strong>proventum</strong></span> <span class='ocrx_word' id='word_1_441' title='bbox 818 5544 1104 5598; x_wconf 84' lang='lat' dir='ltr'><strong>promere;</strong></span> <span class='ocrx_word' id='word_1_442' title='bbox 1137 5528 1229 5582; x_wconf 88' lang='lat' dir='ltr'><strong>sed</strong></span> <span class='ocrx_word' id='word_1_443' title='bbox 1277 5536 1402 5581; x_wconf 90' lang='lat' dir='ltr'><strong>ante</strong></span> <span class='ocrx_word' id='word_1_444' title='bbox 1434 5526 1546 5579; x_wconf 59' lang='lat' dir='ltr'><strong>hare</strong></span> <span class='ocrx_word' id='word_1_445' title='bbox 1585 5523 1762 5577; x_wconf 88' lang='lat' dir='ltr'><strong>omnia</strong></span> <span class='ocrx_word' id='word_1_446' title='bbox 1815 5522 2038 5577; x_wconf 84' lang='lat' dir='ltr'><strong>verbum</strong></span> 
     </span>
    </p>
   </div>
   <div class='ocr_carea' id='block_1_58' title="bbox 451 5617 2040 5693">
    <p class='ocr_par' dir='ltr' id='par_1_58' title="bbox 451 5617 2040 5693">
     <span class='ocr_line' id='line_1_58' title="bbox 451 5617 2040 5693; baseline -0.004 -17"><span class='ocrx_word' id='word_1_447' title='bbox 451 5623 581 5689; x_wconf 88' lang='lat' dir='ltr'><strong>Dei,</strong></span> <span class='ocrx_word' id='word_1_448' title='bbox 611 5621 755 5693; x_wconf 85' lang='lat' dir='ltr'><strong>quod</strong></span> <span class='ocrx_word' id='word_1_449' title='bbox 792 5622 860 5675; x_wconf 89' lang='lat' dir='ltr'><strong>ab</strong></span> <span class='ocrx_word' id='word_1_450' title='bbox 905 5623 1054 5677; x_wconf 91' lang='lat' dir='ltr'><strong>initio</strong></span> <span class='ocrx_word' id='word_1_451' title='bbox 1097 5621 1162 5675; x_wconf 91' lang='lat' dir='ltr'><strong>ad</strong></span> <span class='ocrx_word' id='word_1_452' title='bbox 1209 5631 1404 5674; x_wconf 91' lang='lat' dir='ltr'><strong>terram</strong></span> <span class='ocrx_word' id='word_1_453' title='bbox 1453 5619 1649 5673; x_wconf 85' lang='lat' dir='ltr'><strong>factum</strong></span> <span class='ocrx_word' id='word_1_454' title='bbox 1691 5627 1790 5670; x_wconf 91' lang='lat' dir='ltr'><strong>est.</strong></span> <span class='ocrx_word' id='word_1_455' title='bbox 1820 5617 1955 5683; x_wconf 86' lang='lat' dir='ltr'><strong>Quin</strong></span> <span class='ocrx_word' id='word_1_456' title='bbox 1987 5625 2040 5669; x_wconf 91' lang='lat' dir='ltr'><strong>et</strong></span> 
     </span>
    </p>
   </div>
   <div class='ocr_carea' id='block_1_59' title="bbox 452 5710 2038 5786">
    <p class='ocr_par' dir='ltr' id='par_1_59' title="bbox 452 5710 2038 5786">
     <span class='ocr_line' id='line_1_59' title="bbox 452 5710 2038 5786; baseline -0.006 -15"><span class='ocrx_word' id='word_1_457' title='bbox 452 5716 685 5771; x_wconf 84' lang='lat' dir='ltr'><strong>futuram</strong></span> <span class='ocrx_word' id='word_1_458' title='bbox 721 5717 978 5786; x_wconf 85' lang='lat' dir='ltr'><strong>ingratam</strong></span> <span class='ocrx_word' id='word_1_459' title='bbox 1031 5715 1302 5769; x_wconf 88' lang='lat' dir='ltr'><strong>hominum</strong></span> <span class='ocrx_word' id='word_1_460' title='bbox 1357 5723 1591 5768; x_wconf 88' lang='lat' dir='ltr'><strong>mentem</strong></span> <span class='ocrx_word' id='word_1_461' title='bbox 1640 5711 1910 5780; x_wconf 87' lang='lat' dir='ltr'><strong>corrigens</strong></span> <span class='ocrx_word' id='word_1_462' title='bbox 1956 5710 2038 5762; x_wconf 89' lang='lat' dir='ltr'><strong>di-</strong></span> 
     </span>
    </p>
   </div>
   <div class='ocr_carea' id='block_1_60' title="bbox 449 5800 2035 5880">
    <p class='ocr_par' dir='ltr' id='par_1_60' title="bbox 449 5800 2035 5880">
     <span class='ocr_line' id='line_1_60' title="bbox 449 5800 2035 5880; baseline -0.006 -16"><span class='ocrx_word' id='word_1_463' title='bbox 449 5814 569 5864; x_wconf 79' lang='lat' dir='ltr'><strong>vina</strong></span> <span class='ocrx_word' id='word_1_464' title='bbox 629 5809 941 5880; x_wconf 87' lang='lat' dir='ltr'><strong>Scriptura,</strong></span> <span class='ocrx_word' id='word_1_465' title='bbox 993 5808 1271 5877; x_wconf 72' lang='lat' dir='ltr'><strong>diligenter</strong></span> <span class='ocrx_word' id='word_1_466' title='bbox 1318 5806 1496 5862; x_wconf 80' lang='lat' dir='ltr'><strong>omnia</strong></span> <span class='ocrx_word' id='word_1_467' title='bbox 1543 5801 1697 5860; x_wconf 83' lang='lat' dir='ltr'><strong>nobis</strong></span> <span class='ocrx_word' id='word_1_468' title='bbox 1747 5800 2035 5859; x_wconf 80' lang='lat' dir='ltr'><strong>secundum</strong></span> 
     </span>
    </p>
   </div>
   <div class='ocr_carea' id='block_1_61' title="bbox 2119 477 3698 551">
    <p class='ocr_par' dir='ltr' id='par_1_61' title="bbox 2119 477 3698 551">
     <span class='ocr_line' id='line_1_61' title="bbox 2119 477 3698 551; baseline 0.007 -22"><span class='ocrx_word' id='word_1_469' title='bbox 2119 477 2360 534; x_wconf 89' lang='lat' dir='ltr'><strong>ordinem</strong></span> <span class='ocrx_word' id='word_1_470' title='bbox 2392 482 2647 536; x_wconf 84' lang='lat' dir='ltr'><strong>factorum</strong></span> <span class='ocrx_word' id='word_1_471' title='bbox 2680 494 2855 536; x_wconf 86' lang='lat' dir='ltr'><strong>narrat</strong></span> <span class='ocrx_word' id='word_1_472' title='bbox 2879 525 2893 545; x_wconf 92' lang='lat'><strong>,</strong></span> <span class='ocrx_word' id='word_1_473' title='bbox 2921 492 2978 536; x_wconf 90' lang='lat' dir='ltr'><strong>ut</strong></span> <span class='ocrx_word' id='word_1_474' title='bbox 3007 493 3305 551; x_wconf 85' lang='lat' dir='ltr'><strong>compescat</strong></span> <span class='ocrx_word' id='word_1_475' title='bbox 3346 485 3698 540; x_wconf 88' lang='lat' dir='ltr'><strong>temeritatem</strong></span> 
     </span>
    </p>
   </div>
   <div class='ocr_carea' id='block_1_62' title="bbox 2117 570 3701 643">
    <p class='ocr_par' dir='ltr' id='par_1_62' title="bbox 2117 570 3701 643">
     <span class='ocr_line' id='line_1_62' title="bbox 2117 570 3701 643; baseline 0.004 -20"><span class='ocrx_word' id='word_1_476' title='bbox 2117 581 2170 623; x_wconf 89' lang='lat' dir='ltr'><strong>et</strong></span> <span class='ocrx_word' id='word_1_477' title='bbox 2208 570 2550 626; x_wconf 86' lang='lat' dir='ltr'><strong>deliramenta</strong></span> <span class='ocrx_word' id='word_1_478' title='bbox 2581 590 2764 626; x_wconf 90' lang='lat' dir='ltr'><strong>eorum</strong></span> <span class='ocrx_word' id='word_1_479' title='bbox 2792 575 2878 643; x_wconf 92' lang='lat' dir='ltr'><strong>qui</strong></span> <span class='ocrx_word' id='word_1_480' title='bbox 2923 572 3165 641; x_wconf 72' lang='lat' dir='ltr'><strong>figmenta</strong></span> <span class='ocrx_word' id='word_1_481' title='bbox 3203 591 3296 628; x_wconf 90' lang='lat' dir='ltr'><strong>sua</strong></span> <span class='ocrx_word' id='word_1_482' title='bbox 3337 575 3610 630; x_wconf 79' lang='lat' dir='ltr'><strong>venditant</strong></span> <span class='ocrx_word' id='word_1_483' title='bbox 3646 585 3701 629; x_wconf 87' lang='lat' dir='ltr'><strong>et</strong></span> 
     </span>
    </p>
   </div>
   <div class='ocr_carea' id='block_1_63' title="bbox 2117 662 3702 734">
    <p class='ocr_par' dir='ltr' id='par_1_63' title="bbox 2117 662 3702 734">
     <span class='ocr_line' id='line_1_63' title="bbox 2117 662 3702 734; baseline 0.003 -19"><span class='ocrx_word' id='word_1_484' title='bbox 2117 662 2296 716; x_wconf 87' lang='lat' dir='ltr'><strong>dicere</strong></span> <span class='ocrx_word' id='word_1_485' title='bbox 2316 663 2534 728; x_wconf 88' lang='lat' dir='ltr'><strong>audent,</strong></span> <span class='ocrx_word' id='word_1_486' title='bbox 2557 664 2684 718; x_wconf 79' lang='lat' dir='ltr'><strong>Solis</strong></span> <span class='ocrx_word' id='word_1_487' title='bbox 2705 665 3076 732; x_wconf 77' lang='lat' dir='ltr'><strong>coeperatione</strong></span> <span class='ocrx_word' id='word_1_488' title='bbox 3097 665 3160 718; x_wconf 89' lang='lat' dir='ltr'><strong>ad</strong></span> <span class='ocrx_word' id='word_1_489' title='bbox 3187 664 3449 720; x_wconf 91' lang='lat' dir='ltr'><strong>fructuum</strong></span> <span class='ocrx_word' id='word_1_490' title='bbox 3473 681 3702 734; x_wconf 89' lang='lat' dir='ltr'><strong>proven-</strong></span> 
     </span>
    </p>
   </div>
   <div class='ocr_carea' id='block_1_64' title="bbox 2120 753 3704 826">
    <p class='ocr_par' dir='ltr' id='par_1_64' title="bbox 2120 753 3704 826">
     <span class='ocr_line' id='line_1_64' title="bbox 2120 753 3704 826; baseline 0.002 -19"><span class='ocrx_word' id='word_1_491' title='bbox 2120 761 2230 807; x_wconf 90' lang='lat' dir='ltr'><strong>tum</strong></span> <span class='ocrx_word' id='word_1_492' title='bbox 2259 769 2393 821; x_wconf 90' lang='lat' dir='ltr'><strong>0pus</strong></span> <span class='ocrx_word' id='word_1_493' title='bbox 2423 769 2560 808; x_wconf 86' lang='lat' dir='ltr'><strong>esse.</strong></span> <span class='ocrx_word' id='word_1_494' title='bbox 2593 753 2727 809; x_wconf 89' lang='lat' dir='ltr'><strong>Sunt.</strong></span> <span class='ocrx_word' id='word_1_495' title='bbox 2757 767 2803 809; x_wconf 88' lang='lat' dir='ltr'><strong>et</strong></span> <span class='ocrx_word' id='word_1_496' title='bbox 2845 755 2955 821; x_wconf 88' lang='lat' dir='ltr'><strong>alii,</strong></span> <span class='ocrx_word' id='word_1_497' title='bbox 2986 757 3074 826; x_wconf 89' lang='lat' dir='ltr'><strong>qui</strong></span> <span class='ocrx_word' id='word_1_498' title='bbox 3104 755 3218 811; x_wconf 68' lang='lat' dir='ltr'><strong>[nec</strong></span> <span class='ocrx_word' id='word_1_499' title='bbox 3255 757 3412 810; x_wconf 87' lang='lat' dir='ltr'><strong>astris</strong></span> <span class='ocrx_word' id='word_1_500' title='bbox 3438 756 3704 826; x_wconf 89' lang='lat' dir='ltr'><strong>aliquibus</strong></span> 
     </span>
    </p>
   </div>
   <div class='ocr_carea' id='block_1_65' title="bbox 2119 843 3704 917">
    <p class='ocr_par' dir='ltr' id='par_1_65' title="bbox 2119 843 3704 917">
     <span class='ocr_line' id='line_1_65' title="bbox 2119 843 3704 917; baseline 0.003 -21"><span class='ocrx_word' id='word_1_501' title='bbox 2119 843 2420 900; x_wconf 85' lang='lat' dir='ltr'><strong>adscribere</strong></span> <span class='ocrx_word' id='word_1_502' title='bbox 2448 847 2684 899; x_wconf 91' lang='lat' dir='ltr'><strong>nituntur</strong></span> <span class='ocrx_word' id='word_1_503' title='bbox 2715 845 2811 917; x_wconf 87' lang='lat' dir='ltr'><strong>(a).</strong></span> <span class='ocrx_word' id='word_1_504' title='bbox 2841 848 3125 914; x_wconf 83' lang='lat' dir='ltr'><strong>Pr0pterea</strong></span> <span class='ocrx_word' id='word_1_505' title='bbox 3154 847 3312 902; x_wconf 90' lang='lat' dir='ltr'><strong>docet</strong></span> <span class='ocrx_word' id='word_1_506' title='bbox 3345 863 3443 902; x_wconf 88' lang='lat' dir='ltr'><strong>nos</strong></span> <span class='ocrx_word' id='word_1_507' title='bbox 3471 847 3704 915; x_wconf 89' lang='lat' dir='ltr'><strong>Spiritus</strong></span> 
     </span>
    </p>
   </div>
   <div class='ocr_carea' id='block_1_66' title="bbox 2119 937 3705 1004">
    <p class='ocr_par' dir='ltr' id='par_1_66' title="bbox 2119 937 3705 1004">
     <span class='ocr_line' id='line_1_66' title="bbox 2119 937 3705 1004; baseline 0.001 -14"><span class='ocrx_word' id='word_1_508' title='bbox 2119 947 2354 1004; x_wconf 89' lang='lat' dir='ltr'><strong>sanctus,</strong></span> <span class='ocrx_word' id='word_1_509' title='bbox 2382 947 2504 992; x_wconf 90' lang='lat' dir='ltr'><strong>ante</strong></span> <span class='ocrx_word' id='word_1_510' title='bbox 2543 937 2908 994; x_wconf 90' lang='lat' dir='ltr'><strong>formationem</strong></span> <span class='ocrx_word' id='word_1_511' title='bbox 2939 939 3124 992; x_wconf 87' lang='lat' dir='ltr'><strong>horum</strong></span> <span class='ocrx_word' id='word_1_512' title='bbox 3166 940 3548 994; x_wconf 88' lang='lat' dir='ltr'><strong>elementorum</strong></span> <span class='ocrx_word' id='word_1_513' title='bbox 3589 954 3705 992; x_wconf 83' lang='lat' dir='ltr'><strong>ser-</strong></span> 
     </span>
    </p>
   </div>
   <div class='ocr_carea' id='block_1_67' title="bbox 2123 1029 3702 1100">
    <p class='ocr_par' dir='ltr' id='par_1_67' title="bbox 2123 1029 3702 1100">
     <span class='ocr_line' id='line_1_67' title="bbox 2123 1029 3702 1100; baseline 0 -18"><span class='ocrx_word' id='word_1_514' title='bbox 2123 1030 2263 1082; x_wconf 87' lang='lat' dir='ltr'><strong>moui</strong></span> <span class='ocrx_word' id='word_1_515' title='bbox 2285 1039 2338 1084; x_wconf 91' lang='lat' dir='ltr'><strong>et</strong></span> <span class='ocrx_word' id='word_1_516' title='bbox 2362 1039 2626 1100; x_wconf 74' lang='lat' dir='ltr'><strong>prazcepto</strong></span> <span class='ocrx_word' id='word_1_517' title='bbox 2651 1030 2739 1086; x_wconf 89' lang='lat' dir='ltr'><strong>Dei</strong></span> <span class='ocrx_word' id='word_1_518' title='bbox 2769 1032 3221 1100; x_wconf 83' lang='lat' dir='ltr'><strong>obtemperantem</strong></span> <span class='ocrx_word' id='word_1_519' title='bbox 3250 1029 3492 1085; x_wconf 89' lang='lat' dir='ltr'><strong>tellurem</strong></span> <span class='ocrx_word' id='word_1_520' title='bbox 3525 1030 3702 1082; x_wconf 83' lang='lat' dir='ltr'><strong>omnia</strong></span> 
     </span>
    </p>
   </div>
   <div class='ocr_carea' id='block_1_68' title="bbox 2121 1121 3705 1191">
    <p class='ocr_par' dir='ltr' id='par_1_68' title="bbox 2121 1121 3705 1191">
     <span class='ocr_line' id='line_1_68' title="bbox 2121 1121 3705 1191; baseline -0.001 -17"><span class='ocrx_word' id='word_1_521' title='bbox 2121 1121 2323 1175; x_wconf 89' lang='lat' dir='ltr'><strong>semina</strong></span> <span class='ocrx_word' id='word_1_522' title='bbox 2362 1121 2612 1186; x_wconf 85' lang='lat' dir='ltr'><strong>edidisse,</strong></span> <span class='ocrx_word' id='word_1_523' title='bbox 2657 1123 2802 1176; x_wconf 92' lang='lat' dir='ltr'><strong>nullo</strong></span> <span class='ocrx_word' id='word_1_524' title='bbox 2848 1124 2951 1176; x_wconf 91' lang='lat' dir='ltr'><strong>alio</strong></span> <span class='ocrx_word' id='word_1_525' title='bbox 2989 1123 3053 1175; x_wconf 88' lang='lat' dir='ltr'><strong>ad</strong></span> <span class='ocrx_word' id='word_1_526' title='bbox 3098 1125 3524 1191; x_wconf 87' lang='lat' dir='ltr'><strong>cooperationem</strong></span> <span class='ocrx_word' id='word_1_527' title='bbox 3570 1136 3705 1189; x_wconf 89' lang='lat' dir='ltr'><strong>opus</strong></span> 
     </span>
    </p>
   </div>
   <div class='ocr_carea' id='block_1_69' title="bbox 2123 1211 3705 1282">
    <p class='ocr_par' dir='ltr' id='par_1_69' title="bbox 2123 1211 3705 1282">
     <span class='ocr_line' id='line_1_69' title="bbox 2123 1211 3705 1282; baseline -0.001 -17"><span class='ocrx_word' id='word_1_528' title='bbox 2123 1211 2424 1267; x_wconf 85' lang='lat' dir='ltr'><strong>habentem.</strong></span> <span class='ocrx_word' id='word_1_529' title='bbox 2453 1213 2760 1268; x_wconf 84' lang='lat' dir='ltr'><strong>Sufficiebat</strong></span> <span class='ocrx_word' id='word_1_530' title='bbox 2795 1215 2935 1268; x_wconf 90' lang='lat' dir='ltr'><strong>enim</strong></span> <span class='ocrx_word' id='word_1_531' title='bbox 2971 1217 3018 1268; x_wconf 91' lang='lat' dir='ltr'><strong>ei</strong></span> <span class='ocrx_word' id='word_1_532' title='bbox 3067 1229 3158 1282; x_wconf 91' lang='lat' dir='ltr'><strong>pro</strong></span> <span class='ocrx_word' id='word_1_533' title='bbox 3200 1212 3448 1267; x_wconf 86' lang='lat' dir='ltr'><strong>omnibus</strong></span> <span class='ocrx_word' id='word_1_534' title='bbox 3484 1213 3705 1265; x_wconf 89' lang='lat' dir='ltr'><strong>verbum</strong></span> 
     </span>
    </p>
   </div>
   <div class='ocr_carea' id='block_1_70' title="bbox 2125 1304 3706 1373">
    <p class='ocr_par' dir='ltr' id='par_1_70' title="bbox 2125 1304 3706 1373">
     <span class='ocr_line' id='line_1_70' title="bbox 2125 1304 3706 1373; baseline 0 -16"><span class='ocrx_word' id='word_1_535' title='bbox 2125 1305 2292 1358; x_wconf 88' lang='lat' dir='ltr'><strong>illud:</strong></span> <span class='ocrx_word' id='word_1_536' title='bbox 2342 1305 2593 1359; x_wconf 79' lang='lat' dir='ltr'><strong>Gcrminet</strong></span> <span class='ocrx_word' id='word_1_537' title='bbox 2634 1316 2766 1360; x_wconf 88' lang='lat' dir='ltr'><strong>terra</strong></span> <span class='ocrx_word' id='word_1_538' title='bbox 2809 1307 3012 1359; x_wconf 86' lang='lat' dir='ltr'><strong>herbam</strong></span> <span class='ocrx_word' id='word_1_539' title='bbox 3041 1306 3180 1373; x_wconf 77' lang='grc' dir='ltr'><strong>Ῑωιιὶ.</strong></span> <span class='ocrx_word' id='word_1_540' title='bbox 3224 1304 3481 1370; x_wconf 86' lang='lat' dir='ltr'><strong>Quocirca</strong></span> <span class='ocrx_word' id='word_1_541' title='bbox 3509 1304 3706 1357; x_wconf 64' lang='lat' dir='ltr'><strong>divinae</strong></span> 
     </span>
    </p>
   </div>
   <div class='ocr_carea' id='block_1_71' title="bbox 2125 1395 3705 1467">
    <p class='ocr_par' dir='ltr' id='par_1_71' title="bbox 2125 1395 3705 1467">
     <span class='ocr_line' id='line_1_71' title="bbox 2125 1395 3705 1467; baseline -0.001 -18"><span class='ocrx_word' id='word_1_542' title='bbox 2125 1399 2409 1466; x_wconf 73' lang='lat' dir='ltr'><strong>Scriptura:</strong></span> <span class='ocrx_word' id='word_1_543' title='bbox 2439 1399 2654 1466; x_wconf 79' lang='lat' dir='ltr'><strong>veStigia</strong></span> <span class='ocrx_word' id='word_1_544' title='bbox 2697 1413 3005 1467; x_wconf 88' lang='lat' dir='ltr'><strong>sequamur,</strong></span> <span class='ocrx_word' id='word_1_545' title='bbox 3041 1413 3208 1466; x_wconf 81' lang='lat' dir='ltr'><strong>neque</strong></span> <span class='ocrx_word' id='word_1_546' title='bbox 3236 1397 3468 1451; x_wconf 85' lang='lat' dir='ltr'><strong>feramus</strong></span> <span class='ocrx_word' id='word_1_547' title='bbox 3496 1409 3590 1449; x_wconf 89' lang='lat' dir='ltr'><strong>eos</strong></span> <span class='ocrx_word' id='word_1_548' title='bbox 3615 1395 3705 1462; x_wconf 90' lang='lat' dir='ltr'><strong>qui</strong></span> 
     </span>
    </p>
   </div>
   <div class='ocr_carea' id='block_1_72' title="bbox 2126 1489 3707 1545">
    <p class='ocr_par' dir='ltr' id='par_1_72' title="bbox 2126 1489 3707 1545">
     <span class='ocr_line' id='line_1_72' title="bbox 2126 1489 3707 1545; baseline 0.001 -7"><span class='ocrx_word' id='word_1_549' title='bbox 2126 1491 2347 1544; x_wconf 76' lang='lat' dir='ltr'><strong>adversa</strong></span> <span class='ocrx_word' id='word_1_550' title='bbox 2387 1491 2491 1544; x_wconf 92' lang='lat' dir='ltr'><strong>illis</strong></span> <span class='ocrx_word' id='word_1_551' title='bbox 2522 1500 2721 1544; x_wconf 90' lang='lat' dir='ltr'><strong>temere</strong></span> <span class='ocrx_word' id='word_1_552' title='bbox 2751 1489 3026 1545; x_wconf 74' lang='lat' dir='ltr'><strong>lﬂaterant.</strong></span> <span class='ocrx_word' id='word_1_553' title='bbox 3059 1490 3188 1544; x_wconf 83' lang='lat' dir='ltr'><strong>Nam</strong></span> <span class='ocrx_word' id='word_1_554' title='bbox 3227 1491 3432 1543; x_wconf 78' lang='lat' dir='ltr'><strong>etiamsi</strong></span> <span class='ocrx_word' id='word_1_555' title='bbox 3464 1490 3707 1542; x_wconf 81' lang='lat' dir='ltr'><strong>homines</strong></span> 
     </span>
    </p>
   </div>
   <div class='ocr_carea' id='block_1_73' title="bbox 2128 1580 3709 1651">
    <p class='ocr_par' dir='ltr' id='par_1_73' title="bbox 2128 1580 3709 1651">
     <span class='ocr_line' id='line_1_73' title="bbox 2128 1580 3709 1651; baseline -0.001 -18"><span class='ocrx_word' id='word_1_556' title='bbox 2128 1589 2321 1635; x_wconf 88' lang='lat' dir='ltr'><strong>terram</strong></span> <span class='ocrx_word' id='word_1_557' title='bbox 2353 1592 2656 1651; x_wconf 78' lang='lat' dir='ltr'><strong>operentur,</strong></span> <span class='ocrx_word' id='word_1_558' title='bbox 2686 1582 3111 1651; x_wconf 88' lang='lat' dir='ltr'><strong>etjumentorum</strong></span> <span class='ocrx_word' id='word_1_559' title='bbox 3141 1581 3336 1636; x_wconf 77' lang='lat' dir='ltr'><strong>auxilio</strong></span> <span class='ocrx_word' id='word_1_560' title='bbox 3361 1580 3619 1640; x_wconf 82' lang='lat' dir='ltr'><strong>fruantur,</strong></span> <span class='ocrx_word' id='word_1_561' title='bbox 3654 1589 3709 1631; x_wconf 77' lang='lat' dir='ltr'><strong>et</strong></span> 
     </span>
    </p>
   </div>
   <div class='ocr_carea' id='block_1_74' title="bbox 2128 1670 3708 1744">
    <p class='ocr_par' dir='ltr' id='par_1_74' title="bbox 2128 1670 3708 1744">
     <span class='ocr_line' id='line_1_74' title="bbox 2128 1670 3708 1744; baseline -0.003 -17"><span class='ocrx_word' id='word_1_562' title='bbox 2128 1690 2368 1744; x_wconf 88' lang='lat' dir='ltr'><strong>magnam</strong></span> <span class='ocrx_word' id='word_1_563' title='bbox 2415 1684 2569 1729; x_wconf 75' lang='lat' dir='ltr'><strong>terra:</strong></span> <span class='ocrx_word' id='word_1_564' title='bbox 2602 1691 2780 1730; x_wconf 90' lang='lat' dir='ltr'><strong>curam</strong></span> <span class='ocrx_word' id='word_1_565' title='bbox 2827 1675 3072 1732; x_wconf 86' lang='lat' dir='ltr'><strong>habeant.</strong></span> <span class='ocrx_word' id='word_1_566' title='bbox 3113 1679 3220 1733; x_wconf 88' lang='lat' dir='ltr'><strong>etsi</strong></span> <span class='ocrx_word' id='word_1_567' title='bbox 3256 1687 3443 1740; x_wconf 81' lang='lat' dir='ltr'><strong>magna</strong></span> <span class='ocrx_word' id='word_1_568' title='bbox 3485 1671 3554 1724; x_wconf 89' lang='lat' dir='ltr'><strong>sit</strong></span> <span class='ocrx_word' id='word_1_569' title='bbox 3590 1670 3708 1723; x_wconf 71' lang='lat' dir='ltr'><strong>caeli</strong></span> 
     </span>
    </p>
   </div>
   <div class='ocr_carea' id='block_1_75' title="bbox 2129 1762 3712 1836">
    <p class='ocr_par' dir='ltr' id='par_1_75' title="bbox 2129 1762 3712 1836">
     <span class='ocr_line' id='line_1_75' title="bbox 2129 1762 3712 1836; baseline -0.006 -15"><span class='ocrx_word' id='word_1_570' title='bbox 2129 1768 2436 1836; x_wconf 89' lang='lat' dir='ltr'><strong>temperies,</strong></span> <span class='ocrx_word' id='word_1_571' title='bbox 2469 1777 2522 1820; x_wconf 92' lang='lat' dir='ltr'><strong>et</strong></span> <span class='ocrx_word' id='word_1_572' title='bbox 2551 1768 2723 1819; x_wconf 88' lang='lat' dir='ltr'><strong>omnia</strong></span> <span class='ocrx_word' id='word_1_573' title='bbox 2768 1767 2870 1820; x_wconf 91' lang='lat' dir='ltr'><strong>alia</strong></span> <span class='ocrx_word' id='word_1_574' title='bbox 2901 1776 3238 1826; x_wconf 89' lang='lat' dir='ltr'><strong>concurrant,</strong></span> <span class='ocrx_word' id='word_1_575' title='bbox 3285 1765 3383 1817; x_wconf 78' lang='lat' dir='ltr'><strong>nisi</strong></span> <span class='ocrx_word' id='word_1_576' title='bbox 3417 1773 3569 1816; x_wconf 78' lang='lat' dir='ltr'><strong>ltllltlS</strong></span> <span class='ocrx_word' id='word_1_577' title='bbox 3603 1762 3712 1814; x_wconf 78' lang='lat' dir='ltr'><strong>Do-</strong></span> 
     </span>
    </p>
   </div>
   <div class='ocr_carea' id='block_1_76' title="bbox 2129 1851 3710 1928">
    <p class='ocr_par' dir='ltr' id='par_1_76' title="bbox 2129 1851 3710 1928">
     <span class='ocr_line' id='line_1_76' title="bbox 2129 1851 3710 1928; baseline -0.006 -16"><span class='ocrx_word' id='word_1_578' title='bbox 2129 1859 2254 1912; x_wconf 90' lang='lat' dir='ltr'><strong>mini</strong></span> <span class='ocrx_word' id='word_1_579' title='bbox 2281 1859 2533 1921; x_wconf 87' lang='lat' dir='ltr'><strong>accedat,</strong></span> <span class='ocrx_word' id='word_1_580' title='bbox 2564 1858 2739 1928; x_wconf 83' lang='lat' dir='ltr'><strong>omnia</strong></span> <span class='ocrx_word' id='word_1_581' title='bbox 2770 1858 2869 1910; x_wconf 90' lang='lat' dir='ltr'><strong>alia</strong></span> <span class='ocrx_word' id='word_1_582' title='bbox 2902 1857 3091 1909; x_wconf 86' lang='lat' dir='ltr'><strong>frustra</strong></span> <span class='ocrx_word' id='word_1_583' title='bbox 3119 1866 3171 1910; x_wconf 89' lang='lat' dir='ltr'><strong>et</strong></span> <span class='ocrx_word' id='word_1_584' title='bbox 3199 1854 3251 1909; x_wconf 91' lang='lat' dir='ltr'><strong>in</strong></span> <span class='ocrx_word' id='word_1_585' title='bbox 3279 1870 3470 1906; x_wconf 85' lang='lat' dir='ltr'><strong>vanum</strong></span> <span class='ocrx_word' id='word_1_586' title='bbox 3496 1851 3710 1917; x_wconf 78' lang='lat' dir='ltr'><strong>cedent,</strong></span> 
     </span>
    </p>
   </div>
   <div class='ocr_carea' id='block_1_77' title="bbox 2129 1947 3716 2020">
    <p class='ocr_par' dir='ltr' id='par_1_77' title="bbox 2129 1947 3716 2020">
     <span class='ocr_line' id='line_1_77' title="bbox 2129 1947 3716 2020; baseline -0.005 -15"><span class='ocrx_word' id='word_1_587' title='bbox 2129 1960 2177 2005; x_wconf 90' lang='lat' dir='ltr'><strong>et</strong></span> <span class='ocrx_word' id='word_1_588' title='bbox 2211 1951 2339 2004; x_wconf 90' lang='lat' dir='ltr'><strong>nihil</strong></span> <span class='ocrx_word' id='word_1_589' title='bbox 2386 1950 2623 2020; x_wconf 84' lang='lat' dir='ltr'><strong>proficiet</strong></span> <span class='ocrx_word' id='word_1_590' title='bbox 2662 1950 2832 2018; x_wconf 88' lang='lat' dir='ltr'><strong>quivis</strong></span> <span class='ocrx_word' id='word_1_591' title='bbox 2882 1949 3029 2002; x_wconf 86' lang='lat' dir='ltr'><strong>labor</strong></span> <span class='ocrx_word' id='word_1_592' title='bbox 3065 1958 3116 2002; x_wconf 90' lang='lat' dir='ltr'><strong>et</strong></span> <span class='ocrx_word' id='word_1_593' title='bbox 3160 1949 3343 2008; x_wconf 87' lang='lat' dir='ltr'><strong>sudor,</strong></span> <span class='ocrx_word' id='word_1_594' title='bbox 3378 1947 3478 2002; x_wconf 80' lang='lat' dir='ltr'><strong>nisi</strong></span> <span class='ocrx_word' id='word_1_595' title='bbox 3523 1959 3716 1998; x_wconf 86' lang='lat' dir='ltr'><strong>manus</strong></span> 
     </span>
    </p>
   </div>
   <div class='ocr_carea' id='block_1_78' title="bbox 2132 2037 3718 2110">
    <p class='ocr_par' dir='ltr' id='par_1_78' title="bbox 2132 2037 3718 2110">
     <span class='ocr_line' id='line_1_78' title="bbox 2132 2037 3718 2110; baseline -0.004 -14"><span class='ocrx_word' id='word_1_596' title='bbox 2132 2043 2337 2096; x_wconf 91' lang='lat' dir='ltr'><strong>Domini</strong></span> <span class='ocrx_word' id='word_1_597' title='bbox 2367 2057 2596 2110; x_wconf 87' lang='lat' dir='ltr'><strong>superne</strong></span> <span class='ocrx_word' id='word_1_598' title='bbox 2639 2043 2868 2108; x_wconf 86' lang='lat' dir='ltr'><strong>adjuvet,</strong></span> <span class='ocrx_word' id='word_1_599' title='bbox 2917 2050 2969 2096; x_wconf 89' lang='lat' dir='ltr'><strong>et</strong></span> <span class='ocrx_word' id='word_1_600' title='bbox 3008 2040 3385 2109; x_wconf 89' lang='lat' dir='ltr'><strong>perfectionem</strong></span> <span class='ocrx_word' id='word_1_601' title='bbox 3433 2039 3515 2091; x_wconf 87' lang='lat' dir='ltr'><strong>his</strong></span> <span class='ocrx_word' id='word_1_602' title='bbox 3557 2037 3718 2090; x_wconf 85' lang='lat' dir='ltr'><strong>rebus</strong></span> 
     </span>
    </p>
   </div>
   <div class='ocr_carea' id='block_1_79' title="bbox 2133 2130 3712 2202">
    <p class='ocr_par' dir='ltr' id='par_1_79' title="bbox 2133 2130 3712 2202">
     <span class='ocr_line' id='line_1_79' title="bbox 2133 2130 3712 2202; baseline -0.004 -15"><span class='ocrx_word' id='word_1_603' title='bbox 2133 2137 2345 2189; x_wconf 89' lang='lat' dir='ltr'><strong>tribuat.</strong></span> <span class='ocrx_word' id='word_1_604' title='bbox 2372 2135 2500 2202; x_wconf 89' lang='lat' dir='ltr'><strong>Quis</strong></span> <span class='ocrx_word' id='word_1_605' title='bbox 2531 2150 2636 2189; x_wconf 91' lang='lat' dir='ltr'><strong>non</strong></span> <span class='ocrx_word' id='word_1_606' title='bbox 2661 2135 3058 2202; x_wconf 62' lang='lat' dir='ltr'><strong>olrtupCsceret</strong></span> <span class='ocrx_word' id='word_1_607' title='bbox 3080 2142 3133 2185; x_wconf 91' lang='lat' dir='ltr'><strong>ct</strong></span> <span class='ocrx_word' id='word_1_608' title='bbox 3157 2132 3509 2184; x_wconf 88' lang='lat' dir='ltr'><strong>admiraretur</strong></span> <span class='ocrx_word' id='word_1_609' title='bbox 3530 2172 3543 2192; x_wconf 92' lang='lat'><strong>,</strong></span> <span class='ocrx_word' id='word_1_610' title='bbox 3567 2130 3712 2198; x_wconf 57' lang='lat' dir='ltr'><strong>cogi-</strong></span> 
     </span>
    </p>
   </div>
   <div class='ocr_carea' id='block_1_80' title="bbox 2133 2222 3721 2295">
    <p class='ocr_par' dir='ltr' id='par_1_80' title="bbox 2133 2222 3721 2295">
     <span class='ocr_line' id='line_1_80' title="bbox 2133 2222 3721 2295; baseline -0.004 -15"><span class='ocrx_word' id='word_1_611' title='bbox 2133 2236 2247 2280; x_wconf 75' lang='lat' dir='ltr'><strong>tam</strong></span> <span class='ocrx_word' id='word_1_612' title='bbox 2277 2227 2542 2295; x_wconf 89' lang='lat' dir='ltr'><strong>quomodo</strong></span> <span class='ocrx_word' id='word_1_613' title='bbox 2573 2227 2791 2280; x_wconf 78' lang='lat' dir='ltr'><strong>verbum</strong></span> <span class='ocrx_word' id='word_1_614' title='bbox 2833 2225 3040 2280; x_wconf 89' lang='lat' dir='ltr'><strong>Domini</strong></span> <span class='ocrx_word' id='word_1_615' title='bbox 3087 2224 3248 2292; x_wconf 88' lang='lat' dir='ltr'><strong>illud,</strong></span> <span class='ocrx_word' id='word_1_616' title='bbox 3295 2222 3547 2276; x_wconf 72' lang='lat' dir='ltr'><strong>(ierminet</strong></span> <span class='ocrx_word' id='word_1_617' title='bbox 3586 2231 3721 2275; x_wconf 84' lang='lat' dir='ltr'><strong>terra</strong></span> 
     </span>
    </p>
   </div>
   <div class='ocr_carea' id='block_1_81' title="bbox 2131 2314 3720 2389">
    <p class='ocr_par' dir='ltr' id='par_1_81' title="bbox 2131 2314 3720 2389">
     <span class='ocr_line' id='line_1_81' title="bbox 2131 2314 3720 2389; baseline -0.002 -20"><span class='ocrx_word' id='word_1_618' title='bbox 2131 2319 2332 2371; x_wconf 75' lang='lat' dir='ltr'><strong>herbam</strong></span> <span class='ocrx_word' id='word_1_619' title='bbox 2363 2321 2504 2389; x_wconf 72' lang='lat' dir='ltr'><strong>fani,</strong></span> <span class='ocrx_word' id='word_1_620' title='bbox 2535 2319 2584 2372; x_wconf 94' lang='lat' dir='ltr'><strong>in</strong></span> <span class='ocrx_word' id='word_1_621' title='bbox 2612 2319 2720 2387; x_wconf 88' lang='lat' dir='ltr'><strong>ipsa</strong></span> <span class='ocrx_word' id='word_1_622' title='bbox 2751 2319 2950 2372; x_wconf 75' lang='lat' dir='ltr'><strong>viscera</strong></span> <span class='ocrx_word' id='word_1_623' title='bbox 2975 2327 3130 2371; x_wconf 72' lang='lat' dir='ltr'><strong>terra:</strong></span> <span class='ocrx_word' id='word_1_624' title='bbox 3150 2315 3458 2380; x_wconf 82' lang='lat' dir='ltr'><strong>descendat,</strong></span> <span class='ocrx_word' id='word_1_625' title='bbox 3484 2323 3536 2368; x_wconf 90' lang='lat' dir='ltr'><strong>et</strong></span> <span class='ocrx_word' id='word_1_626' title='bbox 3566 2314 3720 2380; x_wconf 80' lang='lat' dir='ltr'><strong>quasi</strong></span> 
     </span>
    </p>
   </div>
   <div class='ocr_carea' id='block_1_82' title="bbox 2131 2410 3722 2483">
    <p class='ocr_par' dir='ltr' id='par_1_82' title="bbox 2131 2410 3722 2483">
     <span class='ocr_line' id='line_1_82' title="bbox 2131 2410 3722 2483; baseline -0.003 -19"><span class='ocrx_word' id='word_1_627' title='bbox 2131 2413 2426 2466; x_wconf 87' lang='lat' dir='ltr'><strong>admirabili</strong></span> <span class='ocrx_word' id='word_1_628' title='bbox 2455 2414 2679 2483; x_wconf 88' lang='lat' dir='ltr'><strong>quodam</strong></span> <span class='ocrx_word' id='word_1_629' title='bbox 2712 2413 2886 2482; x_wconf 89' lang='lat' dir='ltr'><strong>peplo,</strong></span> <span class='ocrx_word' id='word_1_630' title='bbox 2910 2423 3065 2469; x_wconf 70' lang='lat' dir='ltr'><strong>terra:</strong></span> <span class='ocrx_word' id='word_1_631' title='bbox 3095 2412 3280 2468; x_wconf 88' lang='lat' dir='ltr'><strong>faciem</strong></span> <span class='ocrx_word' id='word_1_632' title='bbox 3310 2411 3469 2466; x_wconf 85' lang='lat' dir='ltr'><strong>variis</strong></span> <span class='ocrx_word' id='word_1_633' title='bbox 3498 2410 3722 2463; x_wconf 82' lang='lat' dir='ltr'><strong>floribus</strong></span> 
     </span>
    </p>
   </div>
   <div class='ocr_carea' id='block_1_83' title="bbox 2133 2502 3725 2573">
    <p class='ocr_par' dir='ltr' id='par_1_83' title="bbox 2133 2502 3725 2573">
     <span class='ocr_line' id='line_1_83' title="bbox 2133 2502 3725 2573; baseline -0.002 -18"><span class='ocrx_word' id='word_1_634' title='bbox 2133 2503 2396 2559; x_wconf 86' lang='lat' dir='ltr'><strong>adornet?</strong></span> <span class='ocrx_word' id='word_1_635' title='bbox 2419 2505 2710 2573; x_wconf 88' lang='lat' dir='ltr'><strong>Videreque</strong></span> <span class='ocrx_word' id='word_1_636' title='bbox 2735 2515 2848 2558; x_wconf 84' lang='lat' dir='ltr'><strong>erat</strong></span> <span class='ocrx_word' id='word_1_637' title='bbox 2875 2505 3046 2559; x_wconf 89' lang='lat' dir='ltr'><strong>subito</strong></span> <span class='ocrx_word' id='word_1_638' title='bbox 3075 2513 3287 2567; x_wconf 86' lang='lat' dir='ltr'><strong>terram,</strong></span> <span class='ocrx_word' id='word_1_639' title='bbox 3318 2518 3436 2572; x_wconf 74' lang='lat' dir='ltr'><strong>qua:</strong></span> <span class='ocrx_word' id='word_1_640' title='bbox 3463 2511 3616 2556; x_wconf 83' lang='lat' dir='ltr'><strong>antea</strong></span> <span class='ocrx_word' id='word_1_641' title='bbox 3643 2502 3725 2554; x_wconf 84' lang='lat' dir='ltr'><strong>in-</strong></span> 
     </span>
    </p>
   </div>
   <div class='ocr_carea' id='block_1_84' title="bbox 2136 2592 3724 2663">
    <p class='ocr_par' dir='ltr' id='par_1_84' title="bbox 2136 2592 3724 2663">
     <span class='ocr_line' id='line_1_84' title="bbox 2136 2592 3724 2663; baseline -0.003 -17"><span class='ocrx_word' id='word_1_642' title='bbox 2136 2597 2318 2649; x_wconf 87' lang='lat' dir='ltr'><strong>formis</strong></span> <span class='ocrx_word' id='word_1_643' title='bbox 2347 2607 2398 2648; x_wconf 82' lang='lat' dir='ltr'><strong>et</strong></span> <span class='ocrx_word' id='word_1_644' title='bbox 2437 2596 2628 2648; x_wconf 78' lang='lat' dir='ltr'><strong>int-ulta</strong></span> <span class='ocrx_word' id='word_1_645' title='bbox 2658 2607 2770 2648; x_wconf 85' lang='lat' dir='ltr'><strong>erat</strong></span> <span class='ocrx_word' id='word_1_646' title='bbox 2796 2639 2809 2660; x_wconf 94' lang='lat'><strong>,</strong></span> <span class='ocrx_word' id='word_1_647' title='bbox 2839 2608 3038 2649; x_wconf 90' lang='lat' dir='ltr'><strong>tantam</strong></span> <span class='ocrx_word' id='word_1_648' title='bbox 3077 2596 3345 2663; x_wconf 63' lang='lat' dir='ltr'><strong>accitpissc</strong></span> <span class='ocrx_word' id='word_1_649' title='bbox 3373 2592 3724 2662; x_wconf 84' lang='lat' dir='ltr'><strong>pulchritudi-</strong></span> 
     </span>
    </p>
   </div>
   <div class='ocr_carea' id='block_1_85' title="bbox 2133 2683 3722 2754">
    <p class='ocr_par' dir='ltr' id='par_1_85' title="bbox 2133 2683 3722 2754">
     <span class='ocr_line' id='line_1_85' title="bbox 2133 2683 3722 2754; baseline -0.005 -15"><span class='ocrx_word' id='word_1_650' title='bbox 2133 2701 2278 2747; x_wconf 86' lang='lat' dir='ltr'><strong>nem,</strong></span> <span class='ocrx_word' id='word_1_651' title='bbox 2313 2695 2368 2738; x_wconf 90' lang='lat' dir='ltr'><strong>ut</strong></span> <span class='ocrx_word' id='word_1_652' title='bbox 2405 2686 2553 2754; x_wconf 71' lang='lat' dir='ltr'><strong>quasi</strong></span> <span class='ocrx_word' id='word_1_653' title='bbox 2589 2703 2708 2738; x_wconf 89' lang='lat' dir='ltr'><strong>eum</strong></span> <span class='ocrx_word' id='word_1_654' title='bbox 2749 2687 2880 2740; x_wconf 74' lang='lat' dir='ltr'><strong>czrlo</strong></span> <span class='ocrx_word' id='word_1_655' title='bbox 2919 2695 3169 2740; x_wconf 89' lang='lat' dir='ltr'><strong>certaret.</strong></span> <span class='ocrx_word' id='word_1_656' title='bbox 3206 2684 3336 2738; x_wconf 78' lang='lat' dir='ltr'><strong>Nam</strong></span> <span class='ocrx_word' id='word_1_657' title='bbox 3365 2685 3502 2738; x_wconf 92' lang='lat' dir='ltr'><strong>sicut</strong></span> <span class='ocrx_word' id='word_1_658' title='bbox 3528 2683 3722 2736; x_wconf 74' lang='lat' dir='ltr'><strong>czclum</strong></span> 
     </span>
    </p>
   </div>
   <div class='ocr_carea' id='block_1_86' title="bbox 2136 2773 3730 2845">
    <p class='ocr_par' dir='ltr' id='par_1_86' title="bbox 2136 2773 3730 2845">
     <span class='ocr_line' id='line_1_86' title="bbox 2136 2773 3730 2845; baseline -0.003 -17"><span class='ocrx_word' id='word_1_659' title='bbox 2136 2775 2291 2844; x_wconf 89' lang='lat' dir='ltr'><strong>paulo</strong></span> <span class='ocrx_word' id='word_1_660' title='bbox 2317 2786 2437 2845; x_wconf 88' lang='lat' dir='ltr'><strong>post</strong></span> <span class='ocrx_word' id='word_1_661' title='bbox 2479 2777 2770 2830; x_wconf 79' lang='lat' dir='ltr'><strong>ornandum</strong></span> <span class='ocrx_word' id='word_1_662' title='bbox 2802 2787 2914 2830; x_wconf 90' lang='lat' dir='ltr'><strong>erat</strong></span> <span class='ocrx_word' id='word_1_663' title='bbox 2951 2789 3214 2830; x_wconf 79' lang='lat' dir='ltr'><strong>astrorum</strong></span> <span class='ocrx_word' id='word_1_664' title='bbox 3241 2775 3526 2839; x_wconf 86' lang='lat' dir='ltr'><strong>varietate,</strong></span> <span class='ocrx_word' id='word_1_665' title='bbox 3555 2773 3631 2826; x_wconf 92' lang='lat' dir='ltr'><strong>sic</strong></span> <span class='ocrx_word' id='word_1_666' title='bbox 3669 2780 3730 2826; x_wconf 90' lang='lat' dir='ltr'><strong>et</strong></span> 
     </span>
    </p>
   </div>
   <div class='ocr_carea' id='block_1_87' title="bbox 2136 2866 3728 2938">
    <p class='ocr_par' dir='ltr' id='par_1_87' title="bbox 2136 2866 3728 2938">
     <span class='ocr_line' id='line_1_87' title="bbox 2136 2866 3728 2938; baseline -0.003 -18"><span class='ocrx_word' id='word_1_667' title='bbox 2136 2868 2290 2922; x_wconf 90' lang='lat' dir='ltr'><strong>tellus</strong></span> <span class='ocrx_word' id='word_1_668' title='bbox 2315 2869 2502 2922; x_wconf 80' lang='lat' dir='ltr'><strong>florum</strong></span> <span class='ocrx_word' id='word_1_669' title='bbox 2536 2869 2808 2938; x_wconf 90' lang='lat' dir='ltr'><strong>multijuga</strong></span> <span class='ocrx_word' id='word_1_670' title='bbox 2842 2870 3096 2922; x_wconf 85' lang='lat' dir='ltr'><strong>varietate</strong></span> <span class='ocrx_word' id='word_1_671' title='bbox 3121 2869 3441 2926; x_wconf 89' lang='lat' dir='ltr'><strong>ornabatur,</strong></span> <span class='ocrx_word' id='word_1_672' title='bbox 3473 2866 3539 2917; x_wconf 83' lang='lat' dir='ltr'><strong>ita</strong></span> <span class='ocrx_word' id='word_1_673' title='bbox 3574 2872 3631 2916; x_wconf 93' lang='lat' dir='ltr'><strong>ut</strong></span> <span class='ocrx_word' id='word_1_674' title='bbox 3669 2872 3728 2916; x_wconf 90' lang='lat' dir='ltr'><strong>et</strong></span> 
     </span>
    </p>
   </div>
   <div class='ocr_carea' id='block_1_88' title="bbox 2135 2954 3725 3030">
    <p class='ocr_par' dir='ltr' id='par_1_88' title="bbox 2135 2954 3725 3030">
     <span class='ocr_line' id='line_1_88' title="bbox 2135 2954 3725 3030; baseline -0.006 -16"><span class='ocrx_word' id='word_1_675' title='bbox 2135 2959 2320 3028; x_wconf 79' lang='lat' dir='ltr'><strong>Opifex</strong></span> <span class='ocrx_word' id='word_1_676' title='bbox 2368 2960 2418 3012; x_wconf 93' lang='lat' dir='ltr'><strong>in</strong></span> <span class='ocrx_word' id='word_1_677' title='bbox 2464 2959 2669 3014; x_wconf 89' lang='lat' dir='ltr'><strong>laudem</strong></span> <span class='ocrx_word' id='word_1_678' title='bbox 2709 2962 2822 3029; x_wconf 79' lang='lat' dir='ltr'><strong>ejus</strong></span> <span class='ocrx_word' id='word_1_679' title='bbox 2868 2968 3274 3030; x_wconf 87' lang='lat' dir='ltr'><strong>prorumperet:</strong></span> <span class='ocrx_word' id='word_1_680' title='bbox 3322 2957 3518 3012; x_wconf 89' lang='lat' dir='ltr'><strong>etenim</strong></span> <span class='ocrx_word' id='word_1_681' title='bbox 3559 2954 3725 3018; x_wconf 80' lang='lat' dir='ltr'><strong>Vidit,</strong></span> 
     </span>
    </p>
   </div>
   <div class='ocr_carea' id='block_1_89' title="bbox 2136 3050 2970 3120">
    <p class='ocr_par' dir='ltr' id='par_1_89' title="bbox 2136 3050 2970 3120">
     <span class='ocr_line' id='line_1_89' title="bbox 2136 3050 2970 3120; baseline -0.002 -14"><span class='ocrx_word' id='word_1_682' title='bbox 2136 3053 2240 3116; x_wconf 90' lang='lat' dir='ltr'><strong>ait,</strong></span> <span class='ocrx_word' id='word_1_683' title='bbox 2271 3050 2423 3117; x_wconf 77' lang='lat' dir='ltr'><strong>Deus,</strong></span> <span class='ocrx_word' id='word_1_684' title='bbox 2452 3052 2587 3120; x_wconf 84' lang='lat' dir='ltr'><strong>quod</strong></span> <span class='ocrx_word' id='word_1_685' title='bbox 2613 3061 2736 3104; x_wconf 81' lang='lat' dir='ltr'><strong>esset</strong></span> <span class='ocrx_word' id='word_1_686' title='bbox 2767 3051 2970 3104; x_wconf 88' lang='lat' dir='ltr'><strong>bonum.</strong></span> 
     </span>
    </p>
   </div>
   <div class='ocr_carea' id='block_1_90' title="bbox 2209 3142 3728 3214">
    <p class='ocr_par' dir='ltr' id='par_1_90' title="bbox 2209 3142 3728 3214">
     <span class='ocr_line' id='line_1_90' title="bbox 2209 3142 3728 3214; baseline -0.005 -15"><span class='ocrx_word' id='word_1_687' title='bbox 2209 3147 2263 3200; x_wconf 85' lang='lat'><strong>5.</strong></span> <span class='ocrx_word' id='word_1_688' title='bbox 2308 3145 2490 3198; x_wconf 81' lang='lat' dir='ltr'><strong>Vidisti</strong></span> <span class='ocrx_word' id='word_1_689' title='bbox 2535 3144 2800 3214; x_wconf 85' lang='lat' dir='ltr'><strong>quomodo</strong></span> <span class='ocrx_word' id='word_1_690' title='bbox 2841 3160 2932 3211; x_wconf 88' lang='lat' dir='ltr'><strong>per</strong></span> <span class='ocrx_word' id='word_1_691' title='bbox 2977 3143 3180 3211; x_wconf 86' lang='lat' dir='ltr'><strong>singula</strong></span> <span class='ocrx_word' id='word_1_692' title='bbox 3235 3158 3353 3212; x_wconf 73' lang='lat' dir='ltr'><strong>qua:</strong></span> <span class='ocrx_word' id='word_1_693' title='bbox 3399 3142 3532 3195; x_wconf 88' lang='lat' dir='ltr'><strong>facta</strong></span> <span class='ocrx_word' id='word_1_694' title='bbox 3564 3148 3728 3203; x_wconf 85' lang='lat' dir='ltr'><strong>sunt,</strong></span> 
     </span>
    </p>
   </div>
   <div class='ocr_carea' id='block_1_91' title="bbox 2137 3233 3730 3302">
    <p class='ocr_par' dir='ltr' id='par_1_91' title="bbox 2137 3233 3730 3302">
     <span class='ocr_line' id='line_1_91' title="bbox 2137 3233 3730 3302; baseline -0.005 -9"><span class='ocrx_word' id='word_1_695' title='bbox 2137 3237 2381 3293; x_wconf 91' lang='lat' dir='ltr'><strong>ostendat</strong></span> <span class='ocrx_word' id='word_1_696' title='bbox 2405 3236 2703 3290; x_wconf 89' lang='lat' dir='ltr'><strong>laudantem</strong></span> <span class='ocrx_word' id='word_1_697' title='bbox 2725 3235 2998 3302; x_wconf 87' lang='lat' dir='ltr'><strong>Opitieem,</strong></span> <span class='ocrx_word' id='word_1_698' title='bbox 3025 3245 3079 3287; x_wconf 92' lang='lat' dir='ltr'><strong>ut</strong></span> <span class='ocrx_word' id='word_1_699' title='bbox 3101 3235 3344 3287; x_wconf 87' lang='lat' dir='ltr'><strong>homines</strong></span> <span class='ocrx_word' id='word_1_700' title='bbox 3371 3242 3575 3300; x_wconf 89' lang='lat' dir='ltr'><strong>postea,</strong></span> <span class='ocrx_word' id='word_1_701' title='bbox 3609 3233 3730 3285; x_wconf 77' lang='lat' dir='ltr'><strong>lucc</strong></span> 
     </span>
    </p>
   </div>
   <div class='ocr_carea' id='block_1_92' title="bbox 2137 3323 3728 3392">
    <p class='ocr_par' dir='ltr' id='par_1_92' title="bbox 2137 3323 3728 3392">
     <span class='ocr_line' id='line_1_92' title="bbox 2137 3323 3728 3392; baseline -0.006 -8"><span class='ocrx_word' id='word_1_702' title='bbox 2137 3330 2332 3392; x_wconf 88' lang='lat' dir='ltr'><strong>cdocti,</strong></span> <span class='ocrx_word' id='word_1_703' title='bbox 2357 3344 2422 3382; x_wconf 78' lang='lat' dir='ltr'><strong>ex</strong></span> <span class='ocrx_word' id='word_1_704' title='bbox 2449 3327 2704 3381; x_wconf 83' lang='lat' dir='ltr'><strong>creaturis</strong></span> <span class='ocrx_word' id='word_1_705' title='bbox 2731 3326 2794 3379; x_wconf 89' lang='lat' dir='ltr'><strong>ad</strong></span> <span class='ocrx_word' id='word_1_706' title='bbox 2833 3326 3137 3380; x_wconf 76' lang='lat' dir='ltr'><strong>Creatorem</strong></span> <span class='ocrx_word' id='word_1_707' title='bbox 3182 3325 3564 3379; x_wconf 87' lang='lat' dir='ltr'><strong>recurrerent?</strong></span> <span class='ocrx_word' id='word_1_708' title='bbox 3591 3323 3728 3377; x_wconf 78' lang='lat' dir='ltr'><strong>Nam</strong></span> 
     </span>
    </p>
   </div>
   <div class='ocr_carea' id='block_1_93' title="bbox 2137 3415 3736 3488">
    <p class='ocr_par' dir='ltr' id='par_1_93' title="bbox 2137 3415 3736 3488">
     <span class='ocr_line' id='line_1_93' title="bbox 2137 3415 3736 3488; baseline -0.004 -14"><span class='ocrx_word' id='word_1_709' title='bbox 2137 3421 2182 3474; x_wconf 91' lang='lat' dir='ltr'><strong>si</strong></span> <span class='ocrx_word' id='word_1_710' title='bbox 2208 3429 2468 3475; x_wconf 75' lang='lat' dir='ltr'><strong>creatura:</strong></span> <span class='ocrx_word' id='word_1_711' title='bbox 2507 3419 2808 3488; x_wconf 70' lang='lat' dir='ltr'><strong>lmjusmotli</strong></span> <span class='ocrx_word' id='word_1_712' title='bbox 2842 3419 2944 3471; x_wconf 92' lang='lat' dir='ltr'><strong>sint</strong></span> <span class='ocrx_word' id='word_1_713' title='bbox 2967 3460 2982 3477; x_wconf 85' lang='lat'><strong>,</strong></span> <span class='ocrx_word' id='word_1_714' title='bbox 3012 3425 3068 3470; x_wconf 94' lang='lat' dir='ltr'><strong>ut</strong></span> <span class='ocrx_word' id='word_1_715' title='bbox 3091 3417 3156 3469; x_wconf 92' lang='lat' dir='ltr'><strong>ab</strong></span> <span class='ocrx_word' id='word_1_716' title='bbox 3185 3415 3399 3468; x_wconf 88' lang='lat' dir='ltr'><strong>homine</strong></span> <span class='ocrx_word' id='word_1_717' title='bbox 3430 3431 3530 3484; x_wconf 91' lang='lat' dir='ltr'><strong>pro</strong></span> <span class='ocrx_word' id='word_1_718' title='bbox 3555 3415 3736 3481; x_wconf 74' lang='lat' dir='ltr'><strong>digni-</strong></span> 
     </span>
    </p>
   </div>
   <div class='ocr_carea' id='block_1_94' title="bbox 2140 3506 3736 3579">
    <p class='ocr_par' dir='ltr' id='par_1_94' title="bbox 2140 3506 3736 3579">
     <span class='ocr_line' id='line_1_94' title="bbox 2140 3506 3736 3579; baseline -0.004 -13"><span class='ocrx_word' id='word_1_719' title='bbox 2140 3522 2246 3566; x_wconf 86' lang='lat' dir='ltr'><strong>tate</strong></span> <span class='ocrx_word' id='word_1_720' title='bbox 2285 3512 2483 3566; x_wconf 87' lang='lat' dir='ltr'><strong>laudari</strong></span> <span class='ocrx_word' id='word_1_721' title='bbox 2525 3519 2828 3579; x_wconf 88' lang='lat' dir='ltr'><strong>nequeant:</strong></span> <span class='ocrx_word' id='word_1_722' title='bbox 2873 3509 2994 3574; x_wconf 64' lang='lat' dir='ltr'><strong>tguid</strong></span> <span class='ocrx_word' id='word_1_723' title='bbox 3039 3508 3106 3562; x_wconf 90' lang='lat' dir='ltr'><strong>de</strong></span> <span class='ocrx_word' id='word_1_724' title='bbox 3144 3507 3336 3575; x_wconf 87' lang='lat' dir='ltr'><strong>opifice</strong></span> <span class='ocrx_word' id='word_1_725' title='bbox 3386 3507 3503 3576; x_wconf 90' lang='lat' dir='ltr'><strong>ipso</strong></span> <span class='ocrx_word' id='word_1_726' title='bbox 3547 3506 3736 3560; x_wconf 84' lang='lat' dir='ltr'><strong>dicere</strong></span> 
     </span>
    </p>
   </div>
   <div class='ocr_carea' id='block_1_95' title="bbox 2137 3599 3730 3674">
    <p class='ocr_par' dir='ltr' id='par_1_95' title="bbox 2137 3599 3730 3674">
     <span class='ocr_line' id='line_1_95' title="bbox 2137 3599 3730 3674; baseline -0.004 -16"><span class='ocrx_word' id='word_1_727' title='bbox 2137 3607 2259 3674; x_wconf 89' lang='lat' dir='ltr'><strong>quis</strong></span> <span class='ocrx_word' id='word_1_728' title='bbox 2279 3603 2510 3674; x_wconf 86' lang='lat' dir='ltr'><strong>poterit?</strong></span> <span class='ocrx_word' id='word_1_729' title='bbox 2537 3603 2599 3655; x_wconf 85' lang='lat' dir='ltr'><strong>Et</strong></span> <span class='ocrx_word' id='word_1_730' title='bbox 2625 3601 2744 3654; x_wconf 74' lang='lat' dir='ltr'><strong>sidit</strong></span> <span class='ocrx_word' id='word_1_731' title='bbox 2762 3643 2775 3664; x_wconf 92' lang='lat'><strong>,</strong></span> <span class='ocrx_word' id='word_1_732' title='bbox 2808 3603 2908 3662; x_wconf 89' lang='lat' dir='ltr'><strong>ait,</strong></span> <span class='ocrx_word' id='word_1_733' title='bbox 2937 3599 3075 3654; x_wconf 86' lang='lat' dir='ltr'><strong>Deus</strong></span> <span class='ocrx_word' id='word_1_734' title='bbox 3101 3599 3234 3668; x_wconf 81' lang='lat' dir='ltr'><strong>quod</strong></span> <span class='ocrx_word' id='word_1_735' title='bbox 3257 3610 3382 3652; x_wconf 87' lang='lat' dir='ltr'><strong>esset</strong></span> <span class='ocrx_word' id='word_1_736' title='bbox 3404 3599 3609 3652; x_wconf 89' lang='lat' dir='ltr'><strong>bonum.</strong></span> <span class='ocrx_word' id='word_1_737' title='bbox 3639 3599 3730 3651; x_wconf 78' lang='grc'><strong>15.</strong></span> 
     </span>
    </p>
   </div>
   <div class='ocr_carea' id='block_1_96' title="bbox 2139 3691 3732 3767">
    <p class='ocr_par' dir='ltr' id='par_1_96' title="bbox 2139 3691 3732 3767">
     <span class='ocr_line' id='line_1_96' title="bbox 2139 3691 3732 3767; baseline -0.006 -15"><span class='ocrx_word' id='word_1_738' title='bbox 2139 3699 2207 3752; x_wconf 83' lang='lat' dir='ltr'><strong>Et</strong></span> <span class='ocrx_word' id='word_1_739' title='bbox 2237 3703 2423 3767; x_wconf 79' lang='lat' dir='ltr'><strong>factum</strong></span> <span class='ocrx_word' id='word_1_740' title='bbox 2452 3708 2522 3750; x_wconf 85' lang='lat' dir='ltr'><strong>est</strong></span> <span class='ocrx_word' id='word_1_741' title='bbox 2550 3712 2745 3764; x_wconf 70' lang='lat' dir='ltr'><strong>vespere</strong></span> <span class='ocrx_word' id='word_1_742' title='bbox 2768 3736 2781 3756; x_wconf 95' lang='lat'><strong>,</strong></span> <span class='ocrx_word' id='word_1_743' title='bbox 2813 3704 2860 3748; x_wconf 89' lang='lat' dir='ltr'><strong>et</strong></span> <span class='ocrx_word' id='word_1_744' title='bbox 2891 3696 3079 3763; x_wconf 78' lang='lat' dir='ltr'><strong>factum</strong></span> <span class='ocrx_word' id='word_1_745' title='bbox 3109 3703 3180 3746; x_wconf 88' lang='lat' dir='ltr'><strong>est</strong></span> <span class='ocrx_word' id='word_1_746' title='bbox 3201 3709 3370 3753; x_wconf 90' lang='lat' dir='ltr'><strong>mane,</strong></span> <span class='ocrx_word' id='word_1_747' title='bbox 3395 3691 3503 3744; x_wconf 78' lang='lat' dir='ltr'><strong>dies</strong></span> <span class='ocrx_word' id='word_1_748' title='bbox 3531 3693 3732 3744; x_wconf 83' lang='lat' dir='ltr'><strong>tertius.</strong></span> 
     </span>
    </p>
   </div>
   <div class='ocr_carea' id='block_1_97' title="bbox 2138 3783 3734 3860">
    <p class='ocr_par' dir='ltr' id='par_1_97' title="bbox 2138 3783 3734 3860">
     <span class='ocr_line' id='line_1_97' title="bbox 2138 3783 3734 3860; baseline -0.006 -16"><span class='ocrx_word' id='word_1_749' title='bbox 2138 3790 2300 3846; x_wconf 88' lang='lat' dir='ltr'><strong>Vides</strong></span> <span class='ocrx_word' id='word_1_750' title='bbox 2319 3789 2588 3860; x_wconf 87' lang='lat' dir='ltr'><strong>quomodo</strong></span> <span class='ocrx_word' id='word_1_751' title='bbox 2619 3787 2858 3841; x_wconf 89' lang='lat' dir='ltr'><strong>iterando</strong></span> <span class='ocrx_word' id='word_1_752' title='bbox 2887 3787 3191 3855; x_wconf 88' lang='lat' dir='ltr'><strong>frequenter</strong></span> <span class='ocrx_word' id='word_1_753' title='bbox 3212 3784 3533 3847; x_wconf 89' lang='lat' dir='ltr'><strong>doctrinam,</strong></span> <span class='ocrx_word' id='word_1_754' title='bbox 3563 3783 3734 3836; x_wconf 76' lang='lat' dir='ltr'><strong>tuenti</strong></span> 
     </span>
    </p>
   </div>
   <div class='ocr_carea' id='block_1_98' title="bbox 2139 3873 3734 3946">
    <p class='ocr_par' dir='ltr' id='par_1_98' title="bbox 2139 3873 3734 3946">
     <span class='ocr_line' id='line_1_98' title="bbox 2139 3873 3734 3946; baseline -0.008 -10"><span class='ocrx_word' id='word_1_755' title='bbox 2139 3893 2334 3937; x_wconf 65' lang='lat' dir='ltr'><strong>nestrm</strong></span> <span class='ocrx_word' id='word_1_756' title='bbox 2373 3881 2636 3935; x_wconf 87' lang='lat' dir='ltr'><strong>dictorum</strong></span> <span class='ocrx_word' id='word_1_757' title='bbox 2670 3880 2772 3932; x_wconf 87' lang='lat' dir='ltr'><strong>vim</strong></span> <span class='ocrx_word' id='word_1_758' title='bbox 2809 3878 3028 3946; x_wconf 87' lang='lat' dir='ltr'><strong>inligere</strong></span> <span class='ocrx_word' id='word_1_759' title='bbox 3058 3875 3205 3928; x_wconf 90' lang='lat' dir='ltr'><strong>vult?</strong></span> <span class='ocrx_word' id='word_1_760' title='bbox 3249 3873 3546 3943; x_wconf 88' lang='lat' dir='ltr'><strong>Oportebat</strong></span> <span class='ocrx_word' id='word_1_761' title='bbox 3584 3873 3734 3926; x_wconf 86' lang='lat' dir='ltr'><strong>enim</strong></span> 
     </span>
    </p>
   </div>
   <div class='ocr_carea' id='block_1_99' title="bbox 2137 3961 3740 4032">
    <p class='ocr_par' dir='ltr' id='par_1_99' title="bbox 2137 3961 3740 4032">
     <span class='ocr_line' id='line_1_99' title="bbox 2137 3961 3740 4032; baseline -0.01 -3"><span class='ocrx_word' id='word_1_762' title='bbox 2137 3975 2352 4029; x_wconf 81' lang='lat' dir='ltr'><strong>dicere:</strong></span> <span class='ocrx_word' id='word_1_763' title='bbox 2390 3974 2452 4026; x_wconf 83' lang='lat' dir='ltr'><strong>Et</strong></span> <span class='ocrx_word' id='word_1_764' title='bbox 2481 3973 2647 4024; x_wconf 90' lang='lat' dir='ltr'><strong>factus</strong></span> <span class='ocrx_word' id='word_1_765' title='bbox 2673 3979 2754 4023; x_wconf 79' lang='lat' dir='ltr'><strong>est</strong></span> <span class='ocrx_word' id='word_1_766' title='bbox 2786 3967 2901 4022; x_wconf 88' lang='lat' dir='ltr'><strong>dies</strong></span> <span class='ocrx_word' id='word_1_767' title='bbox 2931 3968 3141 4021; x_wconf 90' lang='lat' dir='ltr'><strong>tertius.</strong></span> <span class='ocrx_word' id='word_1_768' title='bbox 3172 3966 3276 4019; x_wconf 88' lang='lat' dir='ltr'><strong>Sed</strong></span> <span class='ocrx_word' id='word_1_769' title='bbox 3303 3963 3424 4018; x_wconf 86' lang='lat' dir='ltr'><strong>vide</strong></span> <span class='ocrx_word' id='word_1_770' title='bbox 3458 3961 3740 4032; x_wconf 84' lang='lat' dir='ltr'><strong>quomodo</strong></span> 
     </span>
    </p>
   </div>
   <div class='ocr_carea' id='block_1_100' title="bbox 2138 4058 3738 4136">
    <p class='ocr_par' dir='ltr' id='par_1_100' title="bbox 2138 4058 3738 4136">
     <span class='ocr_line' id='line_1_100' title="bbox 2138 4058 3738 4136; baseline -0.009 -15"><span class='ocrx_word' id='word_1_771' title='bbox 2138 4067 2206 4121; x_wconf 93' lang='lat' dir='ltr'><strong>dc</strong></span> <span class='ocrx_word' id='word_1_772' title='bbox 2232 4066 2450 4136; x_wconf 87' lang='lat' dir='ltr'><strong>singulis</strong></span> <span class='ocrx_word' id='word_1_773' title='bbox 2478 4064 2666 4118; x_wconf 91' lang='lat' dir='ltr'><strong>diebus</strong></span> <span class='ocrx_word' id='word_1_774' title='bbox 2693 4063 2769 4116; x_wconf 92' lang='lat' dir='ltr'><strong>sic</strong></span> <span class='ocrx_word' id='word_1_775' title='bbox 2795 4061 2936 4115; x_wconf 87' lang='lat' dir='ltr'><strong>dicat</strong></span> <span class='ocrx_word' id='word_1_776' title='bbox 2961 4079 2971 4112; x_wconf 91' lang='lat'>:</span> <span class='ocrx_word' id='word_1_777' title='bbox 3004 4058 3072 4112; x_wconf 86' lang='lat' dir='ltr'><strong>Et</strong></span> <span class='ocrx_word' id='word_1_778' title='bbox 3100 4060 3292 4128; x_wconf 78' lang='lat' dir='ltr'><strong>factum</strong></span> <span class='ocrx_word' id='word_1_779' title='bbox 3317 4066 3391 4110; x_wconf 88' lang='lat' dir='ltr'><strong>est</strong></span> <span class='ocrx_word' id='word_1_780' title='bbox 3415 4072 3620 4125; x_wconf 75' lang='lat' dir='ltr'><strong>vespere</strong></span> <span class='ocrx_word' id='word_1_781' title='bbox 3639 4095 3653 4118; x_wconf 91' lang='lat'><strong>,</strong></span> <span class='ocrx_word' id='word_1_782' title='bbox 3688 4067 3738 4106; x_wconf 86' lang='lat' dir='ltr'><strong>et</strong></span> 
     </span>
    </p>
   </div>
   <div class='ocr_carea' id='block_1_101' title="bbox 2139 4150 3740 4232">
    <p class='ocr_par' dir='ltr' id='par_1_101' title="bbox 2139 4150 3740 4232">
     <span class='ocr_line' id='line_1_101' title="bbox 2139 4150 3740 4232; baseline -0.006 -21"><span class='ocrx_word' id='word_1_783' title='bbox 2139 4165 2328 4232; x_wconf 78' lang='lat' dir='ltr'><strong>factum</strong></span> <span class='ocrx_word' id='word_1_784' title='bbox 2367 4168 2438 4212; x_wconf 89' lang='lat' dir='ltr'><strong>est</strong></span> <span class='ocrx_word' id='word_1_785' title='bbox 2476 4173 2642 4218; x_wconf 85' lang='lat' dir='ltr'><strong>mane,</strong></span> <span class='ocrx_word' id='word_1_786' title='bbox 2690 4156 2794 4209; x_wconf 87' lang='lat' dir='ltr'><strong>dies</strong></span> <span class='ocrx_word' id='word_1_787' title='bbox 2841 4154 3054 4207; x_wconf 86' lang='lat' dir='ltr'><strong>tertius:</strong></span> <span class='ocrx_word' id='word_1_788' title='bbox 3098 4167 3205 4206; x_wconf 89' lang='lat' dir='ltr'><strong>non</strong></span> <span class='ocrx_word' id='word_1_789' title='bbox 3250 4150 3587 4219; x_wconf 87' lang='lat' dir='ltr'><strong>simpliciter,</strong></span> <span class='ocrx_word' id='word_1_790' title='bbox 3633 4164 3740 4203; x_wconf 88' lang='lat' dir='ltr'><strong>nec</strong></span> 
     </span>
    </p>
   </div>
   <div class='ocr_carea' id='block_1_102' title="bbox 2139 4243 3741 4322">
    <p class='ocr_par' dir='ltr' id='par_1_102' title="bbox 2139 4243 3741 4322">
     <span class='ocr_line' id='line_1_102' title="bbox 2139 4243 3741 4322; baseline -0.007 -16"><span class='ocrx_word' id='word_1_791' title='bbox 2139 4252 2340 4322; x_wconf 89' lang='lat' dir='ltr'><strong>absque</strong></span> <span class='ocrx_word' id='word_1_792' title='bbox 2367 4265 2560 4305; x_wconf 88' lang='lat' dir='ltr'><strong>causa:</strong></span> <span class='ocrx_word' id='word_1_793' title='bbox 2593 4248 2687 4303; x_wconf 90' lang='lat' dir='ltr'><strong>sed</strong></span> <span class='ocrx_word' id='word_1_794' title='bbox 2721 4262 2786 4302; x_wconf 91' lang='lat' dir='ltr'><strong>ne</strong></span> <span class='ocrx_word' id='word_1_795' title='bbox 2815 4247 3056 4300; x_wconf 88' lang='lat' dir='ltr'><strong>ordinem</strong></span> <span class='ocrx_word' id='word_1_796' title='bbox 3092 4243 3484 4298; x_wconf 83' lang='lat' dir='ltr'><strong>confundamus</strong></span> <span class='ocrx_word' id='word_1_797' title='bbox 3508 4283 3524 4307; x_wconf 94' lang='lat'><strong>,</strong></span> <span class='ocrx_word' id='word_1_798' title='bbox 3557 4256 3741 4310; x_wconf 83' lang='lat' dir='ltr'><strong>neque</strong></span> 
     </span>
    </p>
   </div>
   <div class='ocr_carea' id='block_1_103' title="bbox 2140 4333 3738 4413">
    <p class='ocr_par' dir='ltr' id='par_1_103' title="bbox 2140 4333 3738 4413">
     <span class='ocr_line' id='line_1_103' title="bbox 2140 4333 3738 4413; baseline -0.009 -16"><span class='ocrx_word' id='word_1_799' title='bbox 2140 4355 2384 4413; x_wconf 90' lang='lat' dir='ltr'><strong>putemus</strong></span> <span class='ocrx_word' id='word_1_800' title='bbox 2429 4357 2649 4412; x_wconf 86' lang='lat' dir='ltr'><strong>vespera</strong></span> <span class='ocrx_word' id='word_1_801' title='bbox 2696 4342 2974 4410; x_wconf 82' lang='lat' dir='ltr'><strong>ingruente</strong></span> <span class='ocrx_word' id='word_1_802' title='bbox 3027 4339 3183 4390; x_wconf 88' lang='lat' dir='ltr'><strong>linem</strong></span> <span class='ocrx_word' id='word_1_803' title='bbox 3225 4336 3497 4404; x_wconf 88' lang='lat' dir='ltr'><strong>accepisse</strong></span> <span class='ocrx_word' id='word_1_804' title='bbox 3547 4333 3738 4397; x_wconf 88' lang='lat' dir='ltr'><strong>diem;</strong></span> 
     </span>
    </p>
   </div>
   <div class='ocr_carea' id='block_1_104' title="bbox 2139 4427 3744 4500">
    <p class='ocr_par' dir='ltr' id='par_1_104' title="bbox 2139 4427 3744 4500">
     <span class='ocr_line' id='line_1_104' title="bbox 2139 4427 3744 4500; baseline -0.008 -8"><span class='ocrx_word' id='word_1_805' title='bbox 2139 4437 2232 4492; x_wconf 87' lang='lat' dir='ltr'><strong>sed</strong></span> <span class='ocrx_word' id='word_1_806' title='bbox 2276 4438 2506 4491; x_wconf 86' lang='lat' dir='ltr'><strong>sciamus</strong></span> <span class='ocrx_word' id='word_1_807' title='bbox 2547 4448 2822 4500; x_wconf 90' lang='lat' dir='ltr'><strong>vesperam</strong></span> <span class='ocrx_word' id='word_1_808' title='bbox 2863 4431 3020 4484; x_wconf 85' lang='lat' dir='ltr'><strong>finem</strong></span> <span class='ocrx_word' id='word_1_809' title='bbox 3065 4445 3185 4484; x_wconf 89' lang='lat' dir='ltr'><strong>esse</strong></span> <span class='ocrx_word' id='word_1_810' title='bbox 3230 4428 3383 4492; x_wconf 90' lang='lat' dir='ltr'><strong>lucis,</strong></span> <span class='ocrx_word' id='word_1_811' title='bbox 3431 4438 3485 4482; x_wconf 91' lang='lat' dir='ltr'><strong>et</strong></span> <span class='ocrx_word' id='word_1_812' title='bbox 3535 4427 3744 4496; x_wconf 75' lang='lat' dir='ltr'><strong>princi~</strong></span> 
     </span>
    </p>
   </div>
   <div class='ocr_carea' id='block_1_105' title="bbox 2138 4518 3743 4600">
    <p class='ocr_par' dir='ltr' id='par_1_105' title="bbox 2138 4518 3743 4600">
     <span class='ocr_line' id='line_1_105' title="bbox 2138 4518 3743 4600; baseline -0.006 -19"><span class='ocrx_word' id='word_1_813' title='bbox 2138 4531 2282 4600; x_wconf 90' lang='lat' dir='ltr'><strong>pium</strong></span> <span class='ocrx_word' id='word_1_814' title='bbox 2310 4528 2520 4582; x_wconf 87' lang='lat' dir='ltr'><strong>noctis:</strong></span> <span class='ocrx_word' id='word_1_815' title='bbox 2554 4541 2709 4579; x_wconf 90' lang='lat' dir='ltr'><strong>mane</strong></span> <span class='ocrx_word' id='word_1_816' title='bbox 2747 4533 2922 4576; x_wconf 86' lang='lat' dir='ltr'><strong>autem</strong></span> <span class='ocrx_word' id='word_1_817' title='bbox 2968 4522 3124 4575; x_wconf 88' lang='lat' dir='ltr'><strong>finem</strong></span> <span class='ocrx_word' id='word_1_818' title='bbox 3168 4521 3373 4585; x_wconf 89' lang='lat' dir='ltr'><strong>noctis,</strong></span> <span class='ocrx_word' id='word_1_819' title='bbox 3411 4527 3466 4573; x_wconf 85' lang='lat' dir='ltr'><strong>et</strong></span> <span class='ocrx_word' id='word_1_820' title='bbox 3492 4518 3743 4588; x_wconf 81' lang='lat' dir='ltr'><strong>comple-</strong></span> 
     </span>
    </p>
   </div>
   <div class='ocr_carea' id='block_1_106' title="bbox 2142 4611 3738 4676">
    <p class='ocr_par' dir='ltr' id='par_1_106' title="bbox 2142 4611 3738 4676">
     <span class='ocr_line' id='line_1_106' title="bbox 2142 4611 3738 4676; baseline -0.008 -1"><span class='ocrx_word' id='word_1_821' title='bbox 2142 4631 2377 4676; x_wconf 89' lang='lat' dir='ltr'><strong>mentum</strong></span> <span class='ocrx_word' id='word_1_822' title='bbox 2403 4618 2529 4672; x_wconf 88' lang='lat' dir='ltr'><strong>diei.</strong></span> <span class='ocrx_word' id='word_1_823' title='bbox 2555 4617 2666 4670; x_wconf 87' lang='lat' dir='ltr'><strong>lloc</strong></span> <span class='ocrx_word' id='word_1_824' title='bbox 2685 4616 2822 4668; x_wconf 86' lang='lat' dir='ltr'><strong>enim</strong></span> <span class='ocrx_word' id='word_1_825' title='bbox 2845 4614 3040 4667; x_wconf 87' lang='lat' dir='ltr'><strong>docere</strong></span> <span class='ocrx_word' id='word_1_826' title='bbox 3063 4626 3159 4665; x_wconf 89' lang='lat' dir='ltr'><strong>nos</strong></span> <span class='ocrx_word' id='word_1_827' title='bbox 3184 4612 3294 4665; x_wconf 90' lang='lat' dir='ltr'><strong>vult</strong></span> <span class='ocrx_word' id='word_1_828' title='bbox 3322 4612 3514 4665; x_wconf 90' lang='lat' dir='ltr'><strong>beatus</strong></span> <span class='ocrx_word' id='word_1_829' title='bbox 3536 4611 3738 4674; x_wconf 80' lang='lat' dir='ltr'><strong>Moses,</strong></span> 
     </span>
    </p>
   </div>
   <div class='ocr_carea' id='block_1_107' title="bbox 2140 4701 3746 4779">
    <p class='ocr_par' dir='ltr' id='par_1_107' title="bbox 2140 4701 3746 4779">
     <span class='ocr_line' id='line_1_107' title="bbox 2140 4701 3746 4779; baseline -0.009 -11"><span class='ocrx_word' id='word_1_830' title='bbox 2140 4714 2322 4768; x_wconf 90' lang='lat' dir='ltr'><strong>dicens</strong></span> <span class='ocrx_word' id='word_1_831' title='bbox 2347 4729 2361 4766; x_wconf 90' lang='lat'><strong>:</strong></span> <span class='ocrx_word' id='word_1_832' title='bbox 2392 4709 2461 4763; x_wconf 87' lang='lat' dir='ltr'><strong>Et</strong></span> <span class='ocrx_word' id='word_1_833' title='bbox 2485 4710 2674 4779; x_wconf 77' lang='lat' dir='ltr'><strong>factum</strong></span> <span class='ocrx_word' id='word_1_834' title='bbox 2695 4717 2766 4760; x_wconf 85' lang='lat' dir='ltr'><strong>est</strong></span> <span class='ocrx_word' id='word_1_835' title='bbox 2793 4721 3013 4774; x_wconf 75' lang='lat' dir='ltr'><strong>vespere,</strong></span> <span class='ocrx_word' id='word_1_836' title='bbox 3047 4713 3092 4756; x_wconf 87' lang='lat' dir='ltr'><strong>et</strong></span> <span class='ocrx_word' id='word_1_837' title='bbox 3122 4706 3313 4772; x_wconf 75' lang='lat' dir='ltr'><strong>factum</strong></span> <span class='ocrx_word' id='word_1_838' title='bbox 3339 4713 3410 4755; x_wconf 90' lang='lat' dir='ltr'><strong>est</strong></span> <span class='ocrx_word' id='word_1_839' title='bbox 3438 4718 3608 4762; x_wconf 86' lang='lat' dir='ltr'><strong>mane,</strong></span> <span class='ocrx_word' id='word_1_840' title='bbox 3629 4701 3746 4754; x_wconf 81' lang='lat' dir='ltr'><strong>dies</strong></span> 
     </span>
    </p>
   </div>
   <div class='ocr_carea' id='block_1_108' title="bbox 2141 4793 3746 4864">
    <p class='ocr_par' dir='ltr' id='par_1_108' title="bbox 2141 4793 3746 4864">
     <span class='ocr_line' id='line_1_108' title="bbox 2141 4793 3746 4864; baseline -0.009 -6"><span class='ocrx_word' id='word_1_841' title='bbox 2141 4806 2332 4859; x_wconf 88' lang='lat' dir='ltr'><strong>tertius.</strong></span> <span class='ocrx_word' id='word_1_842' title='bbox 2363 4803 2428 4856; x_wconf 86' lang='lat' dir='ltr'><strong>Et</strong></span> <span class='ocrx_word' id='word_1_843' title='bbox 2447 4817 2512 4856; x_wconf 89' lang='lat' dir='ltr'><strong>ne</strong></span> <span class='ocrx_word' id='word_1_844' title='bbox 2539 4800 2769 4864; x_wconf 87' lang='lat' dir='ltr'><strong>mireris,</strong></span> <span class='ocrx_word' id='word_1_845' title='bbox 2796 4797 3008 4858; x_wconf 88' lang='lat' dir='ltr'><strong>dilecte,</strong></span> <span class='ocrx_word' id='word_1_846' title='bbox 3035 4794 3080 4847; x_wconf 88' lang='lat' dir='ltr'><strong>si</strong></span> <span class='ocrx_word' id='word_1_847' title='bbox 3103 4793 3217 4848; x_wconf 75' lang='lat' dir='ltr'><strong>hrcc</strong></span> <span class='ocrx_word' id='word_1_848' title='bbox 3243 4809 3384 4862; x_wconf 73' lang='lat' dir='ltr'><strong>szepe</strong></span> <span class='ocrx_word' id='word_1_849' title='bbox 3407 4803 3460 4845; x_wconf 90' lang='lat' dir='ltr'><strong>et</strong></span> <span class='ocrx_word' id='word_1_850' title='bbox 3479 4794 3746 4848; x_wconf 77' lang='lat' dir='ltr'><strong>continuo</strong></span> 
     </span>
    </p>
   </div>
   <div class='ocr_carea' id='block_1_109' title="bbox 2141 4883 3745 4959">
    <p class='ocr_par' dir='ltr' id='par_1_109' title="bbox 2141 4883 3745 4959">
     <span class='ocr_line' id='line_1_109' title="bbox 2141 4883 3745 4959; baseline -0.01 -7"><span class='ocrx_word' id='word_1_851' title='bbox 2141 4897 2282 4952; x_wconf 91' lang='lat' dir='ltr'><strong>dicat</strong></span> <span class='ocrx_word' id='word_1_852' title='bbox 2329 4893 2503 4948; x_wconf 91' lang='lat' dir='ltr'><strong>divina</strong></span> <span class='ocrx_word' id='word_1_853' title='bbox 2553 4891 2845 4959; x_wconf 89' lang='lat' dir='ltr'><strong>Scriptura.</strong></span> <span class='ocrx_word' id='word_1_854' title='bbox 2892 4885 2948 4942; x_wconf 83' lang='lat' dir='ltr'><strong>Si</strong></span> <span class='ocrx_word' id='word_1_855' title='bbox 2997 4886 3138 4939; x_wconf 90' lang='lat' dir='ltr'><strong>enim</strong></span> <span class='ocrx_word' id='word_1_856' title='bbox 3186 4894 3309 4954; x_wconf 92' lang='lat' dir='ltr'><strong>post</strong></span> <span class='ocrx_word' id='word_1_857' title='bbox 3356 4894 3558 4938; x_wconf 89' lang='lat' dir='ltr'><strong>tantam</strong></span> <span class='ocrx_word' id='word_1_858' title='bbox 3609 4883 3745 4938; x_wconf 89' lang='lat' dir='ltr'><strong>dicti</strong></span> 
     </span>
    </p>
   </div>
   <div class='ocr_carea' id='block_1_110' title="bbox 2144 4977 3744 5058">
    <p class='ocr_par' dir='ltr' id='par_1_110' title="bbox 2144 4977 3744 5058">
     <span class='ocr_line' id='line_1_110' title="bbox 2144 4977 3744 5058; baseline -0.009 -14"><span class='ocrx_word' id='word_1_859' title='bbox 2144 4989 2492 5058; x_wconf 88' lang='lat' dir='ltr'><strong>frequentiam</strong></span> <span class='ocrx_word' id='word_1_860' title='bbox 2519 4983 2684 5038; x_wconf 76' lang='lat' dir='ltr'><strong>Judzei</strong></span> <span class='ocrx_word' id='word_1_861' title='bbox 2725 4980 2898 5036; x_wconf 89' lang='lat' dir='ltr'><strong>adhuc</strong></span> <span class='ocrx_word' id='word_1_862' title='bbox 2923 4992 3111 5032; x_wconf 88' lang='lat' dir='ltr'><strong>errore</strong></span> <span class='ocrx_word' id='word_1_863' title='bbox 3139 4977 3498 5046; x_wconf 75' lang='lat' dir='ltr'><strong>praeoccupati</strong></span> <span class='ocrx_word' id='word_1_864' title='bbox 3521 5018 3534 5039; x_wconf 94' lang='lat'><strong>,</strong></span> <span class='ocrx_word' id='word_1_865' title='bbox 3565 4991 3744 5030; x_wconf 68' lang='lat' dir='ltr'><strong>excae-</strong></span> 
     </span>
    </p>
   </div>
   <div class='ocr_carea' id='block_1_111' title="bbox 2141 5069 3748 5138">
    <p class='ocr_par' dir='ltr' id='par_1_111' title="bbox 2141 5069 3748 5138">
     <span class='ocr_line' id='line_1_111' title="bbox 2141 5069 3748 5138; baseline -0.012 -1"><span class='ocrx_word' id='word_1_866' title='bbox 2141 5093 2263 5138; x_wconf 88' lang='lat' dir='ltr'><strong>cato</strong></span> <span class='ocrx_word' id='word_1_867' title='bbox 2283 5080 2446 5136; x_wconf 90' lang='lat' dir='ltr'><strong>corde</strong></span> <span class='ocrx_word' id='word_1_868' title='bbox 2465 5075 2815 5134; x_wconf 90' lang='lat' dir='ltr'><strong>contendunt,</strong></span> <span class='ocrx_word' id='word_1_869' title='bbox 2839 5081 2895 5125; x_wconf 91' lang='lat' dir='ltr'><strong>et</strong></span> <span class='ocrx_word' id='word_1_870' title='bbox 2915 5086 3189 5138; x_wconf 84' lang='lat' dir='ltr'><strong>vesperam</strong></span> <span class='ocrx_word' id='word_1_871' title='bbox 3221 5071 3430 5123; x_wconf 91' lang='lat' dir='ltr'><strong>initium</strong></span> <span class='ocrx_word' id='word_1_872' title='bbox 3462 5069 3748 5135; x_wconf 74' lang='lat' dir='ltr'><strong>sequentis</strong></span> 
     </span>
    </p>
   </div>
   <div class='ocr_carea' id='block_1_112' title="bbox 2142 5160 3750 5239">
    <p class='ocr_par' dir='ltr' id='par_1_112' title="bbox 2142 5160 3750 5239">
     <span class='ocr_line' id='line_1_112' title="bbox 2142 5160 3750 5239; baseline -0.01 -11"><span class='ocrx_word' id='word_1_873' title='bbox 2142 5174 2248 5228; x_wconf 89' lang='lat' dir='ltr'><strong>diei</strong></span> <span class='ocrx_word' id='word_1_874' title='bbox 2292 5187 2412 5227; x_wconf 84' lang='lat' dir='ltr'><strong>esse</strong></span> <span class='ocrx_word' id='word_1_875' title='bbox 2455 5171 2740 5239; x_wconf 79' lang='lat' dir='ltr'><strong>opinantur</strong></span> <span class='ocrx_word' id='word_1_876' title='bbox 2766 5163 2874 5235; x_wconf 64' lang='grc' dir='ltr'><strong>(ὁ),</strong></span> <span class='ocrx_word' id='word_1_877' title='bbox 2915 5162 3246 5230; x_wconf 89' lang='lat' dir='ltr'><strong>decipientes</strong></span> <span class='ocrx_word' id='word_1_878' title='bbox 3293 5160 3640 5228; x_wconf 78' lang='lat' dir='ltr'><strong>semetipsos,</strong></span> <span class='ocrx_word' id='word_1_879' title='bbox 3692 5169 3750 5212; x_wconf 90' lang='lat' dir='ltr'><strong>et</strong></span> 
     </span>
    </p>
   </div>
   <div class='ocr_carea' id='block_1_113' title="bbox 2143 5252 3746 5319">
    <p class='ocr_par' dir='ltr' id='par_1_113' title="bbox 2143 5252 3746 5319">
     <span class='ocr_line' id='line_1_113' title="bbox 2143 5252 3746 5319; baseline -0.011 0"><span class='ocrx_word' id='word_1_880' title='bbox 2143 5266 2320 5319; x_wconf 90' lang='lat' dir='ltr'><strong>adhuc</strong></span> <span class='ocrx_word' id='word_1_881' title='bbox 2348 5263 2400 5318; x_wconf 92' lang='lat' dir='ltr'><strong>in</strong></span> <span class='ocrx_word' id='word_1_882' title='bbox 2432 5260 2618 5315; x_wconf 91' lang='lat' dir='ltr'><strong>umbra</strong></span> <span class='ocrx_word' id='word_1_883' title='bbox 2648 5257 2836 5314; x_wconf 89' lang='lat' dir='ltr'><strong>sedent</strong></span> <span class='ocrx_word' id='word_1_884' title='bbox 2857 5296 2872 5318; x_wconf 95' lang='lat'><strong>,</strong></span> <span class='ocrx_word' id='word_1_885' title='bbox 2906 5254 3128 5309; x_wconf 88' lang='lat' dir='ltr'><strong>veritate</strong></span> <span class='ocrx_word' id='word_1_886' title='bbox 3155 5253 3406 5307; x_wconf 88' lang='lat' dir='ltr'><strong>omnibus</strong></span> <span class='ocrx_word' id='word_1_887' title='bbox 3435 5252 3704 5319; x_wconf 85' lang='lat' dir='ltr'><strong>patefacta</strong></span> <span class='ocrx_word' id='word_1_888' title='bbox 3731 5294 3746 5310; x_wconf 85' lang='lat'><strong>,</strong></span> 
     </span>
    </p>
   </div>
   <div class='ocr_carea' id='block_1_114' title="bbox 2145 5342 3749 5413">
    <p class='ocr_par' dir='ltr' id='par_1_114' title="bbox 2145 5342 3749 5413">
     <span class='ocr_line' id='line_1_114' title="bbox 2145 5342 3749 5413; baseline -0.012 -1"><span class='ocrx_word' id='word_1_889' title='bbox 2145 5367 2196 5412; x_wconf 91' lang='lat' dir='ltr'><strong>et</strong></span> <span class='ocrx_word' id='word_1_890' title='bbox 2225 5356 2291 5409; x_wconf 88' lang='lat' dir='ltr'><strong>ad</strong></span> <span class='ocrx_word' id='word_1_891' title='bbox 2318 5355 2589 5408; x_wconf 85' lang='lat' dir='ltr'><strong>lucernam</strong></span> <span class='ocrx_word' id='word_1_892' title='bbox 2631 5347 2898 5409; x_wconf 91' lang='lat' dir='ltr'><strong>assident,</strong></span> <span class='ocrx_word' id='word_1_893' title='bbox 2926 5346 3041 5398; x_wconf 90' lang='lat' dir='ltr'><strong>sole</strong></span> <span class='ocrx_word' id='word_1_894' title='bbox 3074 5344 3294 5413; x_wconf 74' lang='lat' dir='ltr'><strong>justitirc</strong></span> <span class='ocrx_word' id='word_1_895' title='bbox 3337 5353 3509 5397; x_wconf 92' lang='lat' dir='ltr'><strong>totum</strong></span> <span class='ocrx_word' id='word_1_896' title='bbox 3554 5342 3749 5394; x_wconf 74' lang='lat' dir='ltr'><strong>orbem</strong></span> 
     </span>
    </p>
   </div>
   <div class='ocr_carea' id='block_1_115' title="bbox 2143 5432 3754 5516">
    <p class='ocr_par' dir='ltr' id='par_1_115' title="bbox 2143 5432 3754 5516">
     <span class='ocr_line' id='line_1_115' title="bbox 2143 5432 3754 5516; baseline -0.01 -15"><span class='ocrx_word' id='word_1_897' title='bbox 2143 5447 2376 5516; x_wconf 89' lang='lat' dir='ltr'><strong>undique</strong></span> <span class='ocrx_word' id='word_1_898' title='bbox 2397 5445 2714 5502; x_wconf 88' lang='lat' dir='ltr'><strong>illustrantc,</strong></span> <span class='ocrx_word' id='word_1_899' title='bbox 2738 5437 2839 5492; x_wconf 90' lang='lat' dir='ltr'><strong>nisi</strong></span> <span class='ocrx_word' id='word_1_900' title='bbox 2861 5444 3004 5489; x_wconf 90' lang='lat' dir='ltr'><strong>tanta</strong></span> <span class='ocrx_word' id='word_1_901' title='bbox 3031 5435 3303 5504; x_wconf 86' lang='lat' dir='ltr'><strong>diligentia</strong></span> <span class='ocrx_word' id='word_1_902' title='bbox 3324 5442 3378 5488; x_wconf 88' lang='lat' dir='ltr'><strong>et</strong></span> <span class='ocrx_word' id='word_1_903' title='bbox 3398 5432 3754 5487; x_wconf 82' lang='lat' dir='ltr'><strong>accuratione</strong></span> 
     </span>
    </p>
   </div>
   <div class='ocr_carea' id='block_1_116' title="bbox 2145 5522 3752 5604">
    <p class='ocr_par' dir='ltr' id='par_1_116' title="bbox 2145 5522 3752 5604">
     <span class='ocr_line' id='line_1_116' title="bbox 2145 5522 3752 5604; baseline -0.013 -10"><span class='ocrx_word' id='word_1_904' title='bbox 2145 5539 2436 5603; x_wconf 89' lang='lat' dir='ltr'><strong>docuisset,</strong></span> <span class='ocrx_word' id='word_1_905' title='bbox 2469 5533 2628 5604; x_wconf 88' lang='lat' dir='ltr'><strong>aliqui</strong></span> <span class='ocrx_word' id='word_1_906' title='bbox 2675 5540 2780 5584; x_wconf 90' lang='lat' dir='ltr'><strong>tam</strong></span> <span class='ocrx_word' id='word_1_907' title='bbox 2826 5527 3134 5582; x_wconf 89' lang='lat' dir='ltr'><strong>indocilium</strong></span> <span class='ocrx_word' id='word_1_908' title='bbox 3182 5525 3594 5580; x_wconf 88' lang='lat' dir='ltr'><strong>contentionem</strong></span> <span class='ocrx_word' id='word_1_909' title='bbox 3643 5522 3752 5577; x_wconf 79' lang='lat' dir='ltr'><strong>fcr-</strong></span> 
     </span>
    </p>
   </div>
   <div class='ocr_carea' id='block_1_117' title="bbox 2143 5641 2281 5688">
    <p class='ocr_par' dir='ltr' id='par_1_117' title="bbox 2143 5641 2281 5688">
     <span class='ocr_line' id='line_1_117' title="bbox 2143 5641 2281 5688; baseline -0.043 0"><span class='ocrx_word' id='word_1_910' title='bbox 2143 5641 2281 5688; x_wconf 88' lang='lat' dir='ltr'><strong>rent.</strong></span> 
     </span>
    </p>
   </div>
   <div class='ocr_carea' id='block_1_118' title="bbox 2209 5730 3728 5802">
    <p class='ocr_par' dir='ltr' id='par_1_118' title="bbox 2209 5730 3728 5802">
     <span class='ocr_line' id='line_1_118' title="bbox 2209 5730 3728 5802; baseline 0.005 -32"><span class='ocrx_word' id='word_1_911' title='bbox 2209 5743 2280 5802; x_wconf 70' lang='grc' dir='ltr'><strong>(η)</strong></span> <span class='ocrx_word' id='word_1_912' title='bbox 2313 5749 2454 5788; x_wconf 56' lang='lat' dir='ltr'><strong>nam</strong></span> <span class='ocrx_word' id='word_1_913' title='bbox 2475 5752 2557 5788; x_wconf 71' lang='lat' dir='ltr'><strong>mn</strong></span> <span class='ocrx_word' id='word_1_914' title='bbox 2582 5738 2724 5785; x_wconf 54' lang='lat' dir='ltr'><strong>astris</strong></span> <span class='ocrx_word' id='word_1_915' title='bbox 2748 5742 2894 5782; x_wconf 62' lang='lat' dir='ltr'><strong>terrae</strong></span> <span class='ocrx_word' id='word_1_916' title='bbox 2918 5734 3143 5802; x_wconf 78' lang='lat' dir='ltr'><strong>regimen</strong></span> <span class='ocrx_word' id='word_1_917' title='bbox 3168 5730 3532 5779; x_wconf 83' lang='lat' dir='ltr'><strong>adscriberent.</strong></span> 
     </span>
    </p>
   </div>
   <div class='ocr_carea' id='block_1_119' title="bbox 2211 5786 3749 5867">
    <p class='ocr_par' dir='ltr' id='par_1_119' title="bbox 2211 5786 3749 5867">
     <span class='ocr_line' id='line_1_119' title="bbox 2211 5786 3749 5867; baseline -0.012 -14"><span class='ocrx_word' id='word_1_918' title='bbox 2307 5786 2455 5852; x_wconf 56' lang='lat' dir='ltr'><strong>issi;</strong></span> <span class='ocrx_word' id='word_1_919' title='bbox 2478 5786 2702 5849; x_wconf 74' lang='lat' dir='ltr'><strong>dicebant</strong></span> <span class='ocrx_word' id='word_1_920' title='bbox 2729 5786 3192 5858; x_wconf 64' lang='lat' dir='ltr'><strong>vesperanfinitium</strong></span> <span class='ocrx_word' id='word_1_921' title='bbox 3219 5805 3332 5842; x_wconf 80' lang='lat' dir='ltr'><strong>esse</strong></span> <span class='ocrx_word' id='word_1_922' title='bbox 3357 5786 3749 5854; x_wconf 74' lang='lat' dir='ltr'><strong>sequentisdiei.</strong></span> 
     </span>
    </p>
   </div>
  </div>
