4040 6378
399 325 474 381 65
1183 327 1242 380 ὃ.
1285 328 1568 382 ,ΙΟᾹΝΜΞ
1599 327 2057 386 CIIRYSOSTOM

2164 328 2440 388 RCHIEP.
2477 329 3019 387 CONSTANTINOP.
3753 336 3822 388 '54

481 439 616 493 Ἀλλ’
645 439 838 494 ἐκεῖνοι
865 440 962 512 μὲν
982 441 1078 510 τῆς
1096 441 1300 504 οἰκείας
1330 442 1517 506 ἀνοίας
1542 444 1961 514 ἀναμενέτωσαν
1988 444 2057 497 τὰ

400 525 684 598 ὲπίχειρα·
716 529 874 598 ήμεῖς
913 527 970 580 δὲ
1010 529 1057 579 οί
1084 525 1508 591 καταξιωθέντες
1537 528 1636 592 τάς
1689 531 2059 601 μαρμαρυγὰς

398 613 652 679 δέξασθαι
682 615 772 668 τοῦ
796 614 948 684 ἡλίου
983 617 1078 685 τῆς
1106 614 1472 686 δικαιοσύνης,
1502 616 1818 687 πειθώμεθα
1857 621 1924 687 τῇ
1958 618 2057 687 τῆς

401 700 550 764 θείας
573 701 792 772 Γραφῆς
819 701 1154 772 διδασκαλίᾳ,
1179 703 1273 754 καὶ
1305 701 1382 772 τῷ
1410 703 1594 756 κανόνι
1622 703 1825 774 ταύτης
1872 703 2057 769 ἐξακο-

397 786 731 852 λουθοῦντες,
771 787 912 840 οῦτω
955 788 1026 841 τά
1063 789 1188 858 ὑγιῆ
1222 788 1468 858 δόγματα
1521 789 1909 861 ἐναποθώμεθα
1945 793 2059 854 τοῖς

395 875 639 944 ταμείοις
663 875 760 944 τῆς
787 874 1025 937 διανοίας
1049 875 1147 945 τῆς
1172 875 1463 946 ἡμετέρας,
1492 877 1587 929 καὶ
1624 877 1761 947 μετά
1789 879 1886 948 τῆς
1931 877 2055 931 τού-

395 977 505 1014 των
557 961 805 1032 φυλακῆς
867 961 1068 1032 πολλὴν
1122 963 1379 1034 πρόνοιαν
1407 963 1505 1033 τῆς
1542 963 1748 1017 ἑαυτῶν
1783 966 2057 1036 σωτηρίας

397 1045 698 1116 ποιώμεθα,
733 1050 828 1102 καὶ
871 1048 940 1101 τὰ
980 1048 1348 1119 λυμαινόμενα
1396 1049 1552 1120 ήμῶν
1580 1050 1679 1121 τὴν
1713 1052 1852 1106 κατά
1879 1052 2054 1123 ψυχὴν

397 1134 604 1201 ὑγίειαν
657 1137 945 1206 φεύγωμεν
972 1176 988 1197 ,
1037 1137 1287 1208 καθάπερ
1333 1137 1677 1208 δηλητηρίων
1724 1140 2051 1209 φαρμάκων,

395 1223 613 1276 πάντων
667 1224 773 1277 τῶν
825 1222 1078 1276 τοιούτων
1137 1225 1487 1294 ἀπεχόμενοι.
1524 1225 1665 1278 Πολὺ
1712 1227 1822 1296 γὰρ
1855 1224 2056 1297 μείζων

395 1310 531 1381 αῦτη
556 1313 588 1382 ή
625 1311 819 1382 βλάϐη,
849 1312 942 1364 καὶ
963 1310 1198 1381 τοσούτῳ
1232 1311 1451 1381 μείζων,
1477 1313 1586 1382 ὅσῳ
1617 1313 1762 1382 ψυχὴ
1806 1313 2056 1384 σώματος

397 1399 638 1468 βελτίων.
690 1401 903 1452 Ἐκεῖνα
934 1399 1031 1468 μὲν
1059 1401 1165 1469 γὰρ
1198 1399 1266 1451 τά
1298 1399 1562 1470 φάρμακα
1611 1400 1701 1452 τὸν
1750 1401 2057 1471 σωματικὸν

396 1487 580 1540 τοῦτον
606 1488 831 1540 θάνατον
855 1488 1050 1555 ἐπάγει
1069 1505 1084 1519 ·
1115 1488 1182 1540 τὰ
1210 1488 1266 1540 δέ
1287 1487 1382 1557 τὴν
1421 1487 1632 1554 ὑγίειαν
1663 1500 1688 1528 ⁸
1737 1489 1833 1558 τῆς
1879 1489 2055 1561 ψυχῆς

396 1574 782 1646 λυμαινόμενα,
809 1575 898 1628 τὸν
925 1573 1138 1626 αἰώνιον
1181 1577 1313 1644 ήμῖν
1352 1574 1579 1627 θάνατον
1617 1571 1886 1645 προξενεῖ.
1922 1576 2056 1630 Τίνα

396 1662 451 1715 δέ
482 1665 596 1715 ἐστι
629 1663 695 1715 τά
726 1662 1094 1732 λυμαινόμενα
1120 1662 1265 1732 ἡμᾶς
1290 1679 1303 1725 ;
1335 1660 1508 1722 Πολλά
1545 1661 1643 1731 μὲν
1671 1663 1761 1714 καὶ
1801 1662 2052 1732 διάφορα,

400 1750 633 1820 μάλιστα
667 1749 723 1802 δὲ
764 1749 823 1802 τὸ
852 1749 984 1820 πρὸς
1025 1748 1124 1820 τήν
1173 1747 1328 1812 δόξαν
1356 1748 1648 1818 ἐπτοῆσθαι
1679 1747 1793 1822 [58]
1828 1749 1926 1820 τήν
1957 1751 2055 1803 ἀν-

398 1838 694 1907 θρωπίνην,
728 1838 820 1890 καὶ
849 1835 921 1906 μὴ
950 1835 1142 1888 εἰδέναι
1164 1835 1364 1905 ταύτης
1396 1835 1692 1906 ύπερορᾷν.
1738 1835 1908 1890 Τοῦτο
1946 1838 2056 1908 γὰρ

399 1927 528 1996 ήμῖν
555 1925 724 1978 αἴτιον
763 1923 970 1977 πολλῶν
993 1923 1200 1992 γίνεται
1251 1921 1457 1984 κακῶν,
1512 1925 1603 1976 καὶ
1631 1925 1682 1976 εῐ
1711 1941 1832 1976 τινα
1858 1924 2056 1994 ἔχομεν

397 2012 624 2066 πλοῦτον
653 2011 1037 2081 πνευματικὸν,
1079 2008 1265 2062 τοῦτον
1291 2013 1454 2070 κενοῖ,
1488 2011 1580 2062 καὶ
1625 2011 1864 2080 ἐρήμους
1913 2012 2059 2082 ἡμᾶς

399 2100 688 2170 καθίστησι
741 2100 840 2168 τῆς
875 2098 1121 2151 ἐντεῦθεν
1149 2096 1431 2166 ὡφελείας.
1485 2095 1549 2150 Τί
1600 2094 1694 2150 οὖν
1731 2097 1798 2151 ἀν
1848 2099 2058 2166 γένοιτο

397 2187 600 2260 ταύτης
630 2187 728 2256 τῆς
761 2186 939 2257 λύμης
991 2185 1396 2257 δλεθριώτερον,
1426 2185 1554 2237 ὅταν
1595 2187 1687 2238 καὶ
1712 2185 1748 2239 a
1793 2186 2058 2257 δοκοῦμεν

397 2277 562 2344 ἔχειν,
597 2275 932 2343 ἀφίπτασθαι
954 2273 1108 2344 ήμῶν
1146 2271 1590 2342 παρασκευάζει;
1623 2272 1809 2336 Οὕτως
1837 2276 1864 2327 6
1890 2276 2057 2346 Φαριο

400 2365 548 2425 σαῖος
575 2364 778 2424 ἐκεῖνος
804 2360 894 2414 τοῦ
923 2360 1151 2414 τελώνου
1180 2361 1398 2430 γέγονεν
1426 2359 1681 2425 ἐλάττων,
1710 2361 1770 2414 ού
1805 2360 2057 2433 δυνηθεὶς

399 2448 666 2520 κρατῆσαι
695 2449 794 2517 τῆς
821 2448 1026 2510 οἰκείας
1054 2448 1321 2518 γλώττης,
1365 2446 1502 2500 ἀλλὰ
1529 2447 1593 2499 δι’
1621 2447 1855 2518 ἐκείνης.
1887 2449 2055 2502 καθά·-

399 2553 504 2606 περ
537 2537 624 2589 διὰ
653 2536 864 2606 θυρίδος
892 2535 1032 2598 τινὸς
1061 2535 1254 2606 ἐκχέας
1279 2534 1453 2588 πάντα
1473 2534 1638 2587 αὑτοῦ
1680 2537 1770 2588 τὸν
1807 2535 2055 2591 πλοῦτον.

397 2624 660 2676 Τοσοῦτόν
687 2625 803 2674 ἐστι
836 2622 1108 2688 κενοδοξία
1147 2621 1338 2676 κακόν.

470 2716 542 2774 ς’.
569 2710 701 2762 Εἰπὲ
721 2711 829 2781 γάρ
852 2725 961 2779 μοι,
983 2708 1128 2770 τίνος
1146 2709 1330 2763 ἐνεκεν
1353 2709 1447 2762 καὶ
1465 2709 1554 2763 διὰ
1577 2709 1629 2762 τί
1651 2709 1912 2780 ὲπτόησαι
1931 2709 2058 2781 περὶ

397 2798 486 2850 τὸν
527 2797 633 2849 τῶν
666 2797 970 2868 ἀνθρώπων
1015 2795 1266 2863 ἐπαινον;
1303 2798 1416 2850 Ούκ
1462 2793 1638 2861 οἶσθα,
1685 2799 1767 2851 δτι
1805 2797 2058 2868 καθάπερ

398 2885 547 2946 σκιά,
579 2886 672 2938 καὶ
693 2886 745 2937 εί
771 2902 824 2937 τι
850 2883 1053 2955 ταύτης
1082 2883 1475 2955 εὐτελέστερον,
1502 2884 1674 2947 οὔτως
1695 2885 1724 2936 6
1757 2885 1904 2955 παρά
1932 2885 2058 2938 τού·-

397 2990 506 3026 των
547 2973 574 3012 δ
607 2972 826 3035 ἔπαινος
855 2973 934 3034 εἰς
973 2971 1063 3024 τόν
1085 2969 1220 3041 ἀέρα
1240 2969 1512 3041 διαχυθεὶς
1541 2969 1893 3039 ἀφανίζεταις
1929 2971 2058 3023 Ἀλ-

397 3061 504 3123 λως
547 3078 604 3113 τε
637 3061 730 3112 καί
765 3059 1190 3130 εύπερίτρεπτος
1239 3060 1332 3111 καὶ
1378 3057 1776 3129 εύμετάϐλητός
1823 3059 1968 3111 ἐστιν
2023 3061 2055 3130 ή

398 3151 505 3200 τῶν
534 3145 832 3217 ἀνθρώπων
864 3145 1045 3214 φύσις,
1076 3145 1169 3198 καὶ
1200 3145 1249 3197 οἱ
1291 3144 1444 3198 αὐτοὶ
1479 3143 1572 3197 νῦν
1620 3145 1717 3214 μὲν
1753 3144 2051 3209 ἐπαινοῦσι,

399 3234 494 3288 νῦν
526 3235 582 3287 δὲ
611 3233 893 3296 κακίζουσι
915 3233 1004 3285 τὸν
1033 3233 1194 3286 αὐτόν
1220 3248 1232 3262 ⁸
1262 3233 1352 3286 ἐπὶ
1381 3232 1437 3286 δὲ
1465 3231 1564 3302 τῆς
1593 3231 1685 3285 τοῦ
1711 3231 1845 3284 Θεοῦ
1876 3234 2055 3302 ψήφου

399 3324 497 3376 οῦκ
524 3323 589 3376 ἀν
617 3338 745 3374 ποτε
793 3320 950 3373 τοῦτο
995 3319 1223 3388 γένοιτο.
1268 3321 1360 3390 Μὴ
1391 3319 1568 3372 τοίνυν
1619 3319 1836 3390 ἀνόητοι
1885 3314 2054 3390 ὦμεν,

403 3411 534 3482 μηδὲ
562 3409 684 3480 εἰκῆ
709 3408 802 3462 καὶ
833 3408 1006 3479 μάτην
1040 3409 1262 3472 ἐαυτοῦς
1283 3408 1596 3478 ἀπατῶμεν.
1614 3408 1730 3462 Κάν
1760 3409 1868 3476 γάρ
1893 3408 2060 3460 ποιῶ-

403 3500 503 3570 μέν
540 3515 592 3550 τι
636 3496 860 3566 ἀγαθὸν,
893 3496 967 3567 μὴ
1020 3496 1108 3550 διὰ
1137 3495 1296 3548 τοῦτο
1325 3495 1382 3549 δέ
1423 3496 1581 3566 μόνον
1624 3496 1758 3549 αὐτὸ
1784 3496 2062 3567 μετερχώο-

403 3586 562 3656 μεθα,
606 3585 691 3637 ἵνα
721 3584 821 3654 τὴν
849 3583 1063 3653 ἐντολὴν
1094 3581 1470 3653 πληρώσωμεν
1507 3581 1601 3636 τοῦ
1651 3583 1920 3655 ἡμετέρου
1967 3587 2062 3636 Δε-

403 3675 618 3737 σπότου,
639 3671 876 3741 κάκείνῳ
905 3671 1052 3742 μόνῳ
1071 3670 1335 3742 γνώριμοι
1361 3670 1668 3741 γενώμεθα,
1700 3672 1821 3742 εἰκῆ
1848 3671 1939 3725 τὸν
1962 3671 2062 3724 πό-

400 3779 488 3813 νον
521 3760 884 3830 ύπομένομεν,
913 3759 1006 3811 τοῦ
1031 3759 1280 3811 ἐντεῦθεν
1317 3757 1528 3829 καρποῦ
1562 3759 1786 3821 ἑαυτοὺς
1824 3759 2058 3812 ἀποστε-

403 3845 638 3917 ροῦντες.
678 3847 736 3899 ’0
767 3847 874 3916 γάρ
909 3846 995 3899 δια
1024 3846 1084 3898 τὸ
1116 3845 1384 3916 θηρᾶσθαι
1407 3845 1504 3915 τήν
1539 3844 1688 3916 παρά
1716 3845 1823 3897 τῶν
1853 3845 2061 3914 ἀνθρώ-

404 3953 519 3987 πων
551 3934 707 3997 δόξαν
737 3951 788 3987 τι
825 3933 933 3986 τῶν
961 3933 1178 3998 ἀγαθῶν
1223 3933 1607 4003 ἐργαζόμενος,
1639 3931 1740 3986 κάν
1773 3949 1832 3984 τε
1858 3931 2060 4002 ταύτης

400 4020 702 4074 ἀπολαῦσαι
740 4019 962 4091 δυνηθῇ,
1011 4020 1114 4088 κάν
1140 4036 1198 4072 τε
1231 4021 1302 4090 μή
1331 4037 1345 4050 ·
1385 4019 1640 4082 πολλάκις
1690 4019 1798 4090 γάρ
1847 4020 1939 4073 καὶ
1971 4019 2062 4073 διά

406 4109 558 4161 τοῦτο
581 4108 754 4161 πάντα
789 4111 1042 4178 πράττων
1071 4106 1190 4159 οὐδὲ
1221 4108 1498 4176 ἐπιτυχεῖν
1525 4105 1726 4176 ταύτης
1751 4106 2056 4178 δυνήσεταιο

402 4197 502 4250 κάν
527 4213 586 4248 τε
606 4193 698 4248 οῦν
733 4194 984 4264 ἐπιτύχῃ,
1009 4194 1109 4248 κάν
1135 4210 1194 4246 τε
1233 4193 1501 4266 ἀποτύχῃ,
1534 4193 1808 4263 ἀρκοῦσαν
1839 4195 2059 4264 εἴληφεν

401 4281 636 4336 ἐνταῦθα
663 4282 762 4352 τὴν
789 4281 1042 4350 ἀμοιϐὴν,
1070 4280 1162 4333 καὶ
1192 4279 1446 4348 οὐδεμίαν
1487 4279 1715 4350 λήψεται
1768 4281 1884 4332 ἐκεῖ
1918 4281 2060 4351 ὑπὲρ

400 4370 590 4423 τούτου
621 4368 972 4421 ἀνταπόδοσιν
1005 4379 1053 4422 ο.
1089 4365 1186 4419 Διά
1209 4367 1290 4432 τί;
1323 4366 1537 4435 Ἐπειδὴ
1556 4365 1838 4438 προλαϐὼν
1864 4367 2056 4420 ἐαυτὸν

401 4459 738 4528 ἀπεστέρησε
760 4457 856 4524 τῆς
881 4474 952 4508 πα
962 4456 1027 4527 pi
1051 4456 1143 4508 τοῦ
1162 4455 1347 4527 κριτοῦ
1365 4455 1692 4526 φιλοτιμίας,
1716 4456 2061 4526 προτιμήσας

401 4548 470 4601 τὰ
494 4547 732 4620 παρόντα
748 4547 852 4599 τῶν
878 4545 1175 4617 μελλόντων
1197 4585 1210 4608 ,
1237 4547 1330 4598 καὶ
1343 4545 1440 4615 τὴν
1465 4544 1613 4615 παρά
1625 4546 1732 4597 τῶν
1757 4543 2059 4614 ἀνθρώπων

401 4636 557 4702 δόξαν
581 4636 678 4706 τῆς
709 4634 885 4704 ψήφου
925 4633 1018 4685 τοῦ
1046 4632 1253 4685 δικαίου
1284 4631 1489 4703 κριτοῦ.
1526 4632 1693 4686 Πάλιν
1720 4631 1786 4686 ἂν
1825 4632 1895 4686 δι’
1929 4632 2059 4686 αὐτὸ

401 4725 559 4776 τοῦτο
592 4723 748 4792 μόνον
792 4719 1152 4792 ἐργαζώμεθά
1201 4737 1250 4772 τι
1299 4720 1406 4772 τῶν
1455 4720 1860 4789 πνευματικῶν,
1915 4719 2056 4772 ὥστε

403 4811 595 4879 ἐκείνῳ
631 4809 788 4879 μόνον
816 4808 1008 4881 ἀρέσαι
1039 4805 1115 4876 τῷ
1147 4808 1428 4877 ἀκοιμήτῳ
1457 4805 1740 4877 ὀφθαλμῷ,
1792 4799 1836 4873 ᾧ
1883 4806 2060 4860 πάντα

403 4898 586 4969 γυμνά
611 4899 726 4949 ἐστι
767 4898 860 4949 καί¹
894 4893 1378 4966 τετραχηλισμένα,
1421 4895 1516 4947 καὶ
1561 4897 1589 4946 6
1618 4893 1885 4965 θησαυρὸς
1927 4896 2061 4964 ήμῖν

404 4987 674 5048 ἀνάλωτος
715 4984 897 5055 μένει,
935 4983 1030 5035 καὶ
1076 4982 1144 5034 τά
1182 4983 1280 5050 τῆς
1323 4980 1556 5052 ἀμοιϐῆς
1591 4981 1846 5052 ἀκέραια,
1884 4983 1979 5034 καὶ
2025 4983 2057 5051 ἡ

406 5075 616 5147 χρηστὴ
674 5072 966 5143 προσδοκία
1020 5071 1265 5124 ἐντεῦθεν
1315 5073 1445 5140 ἡμῖν
1475 5070 1575 5140 ήδη
1605 5070 1803 5141 πολλὴν
1833 5070 2062 5140 παρέχει

404 5164 503 5235 τὴν
536 5161 906 5231 παραμυθίαν,
936 5161 1029 5213 καί⁵
1055 5158 1192 5228 μετά
1219 5157 1312 5210 τοῦ
1346 5161 1404 5210 ἐν
1432 5156 1614 5227 ἀσύλῳ
1650 5157 1880 5227 ταμιείῳ
1918 5159 2063 5210 ἐκεί-

406 5269 505 5321 νην
529 5252 659 5320 ἡμῖν
683 5244 1134 5314 διαφυλάττεσθαι
1158 5245 1256 5314 τὴν
1282 5244 1538 5314 ἀμοιϐὴν,
1573 5245 1667 5296 καὶ
1695 5245 1728 5314 ή
1779 5243 1930 5314 παρὰ
1955 5244 2062 5296 τῶν

407 5337 707 5408 ἀνθρώπων
727 5334 1110 5403 ἀκολουθήσειε
1141 5331 1287 5398 δόξα.
1338 5331 1470 5383 Τότε
1495 5330 1604 5399 γάρ
1641 5330 1813 5399 αὐτῆς
1862 5330 2062 5400 μᾶλλον

411 5426 550 5497 μετὰ
575 5422 850 5492 δαψιλείας
897 5418 1263 5488 ἀπολαύομεν,
1297 5418 1426 5472 ὃταν
1456 5418 1626 5487 αὐτῆς
1679 5417 2060 5488 ὑπερορῶμεν,

406 5516 534 5565 ὅταν
564 5510 732 5580 αὐτὴν
767 5508 841 5579 μὴ
869 5506 1142 5577 ζητῶμεν,
1170 5506 1297 5557 ὅταν
1324 5504 1490 5575 αὐτὴν
1519 5504 1591 5575 μὴ
1623 5503 1925 5573 διώκωμεν.
1955 5505 2066 5558 Καὶ

407 5603 458 5654 τί
494 5597 811 5669 θαυμάζεις,
842 5598 891 5649 εἰ
945 5596 1039 5648 ἐπὶ
1068 5593 1174 5646 τῶν
1205 5593 1303 5664 τήν
1333 5593 1707 5663 πνευματικὴν
1740 5591 2060 5661 φιλοσοφίαν

469 5725 495 5752 ⁸
532 5720 874 5785 Οιιίιίιιιηηιβξ.
899 5723 951 5785 e_l
976 5716 1121 5785 Safil.
1147 5720 1203 5776 τῇ
1237 5715 1411 5785 ⁹ῦγιεία.
1449 5713 1623 5763 Morel.
1648 5716 1732 5770 τήν
1767 5715 1964 5775 ὑγιείαν,
2009 5721 2061 5763 cl

408 5785 527 5838 infra
553 5779 638 5830 ille
662 5782 787 5840 ὑμῖν,
808 5781 887 5827 hic
905 5782 1030 5839 ἡμᾶς
1051 5779 1384 5840 λυμαινόμενα.

469 5848 493 5885 b
530 5848 607 5891 sic
629 5837 782 5889 Sag—Vili
804 5849 855 5886 (τι
876 5837 987 5886 mss.
1009 5856 1020 5891 ς
1051 5837 1225 5884 ΜΟΙΨΙ-
1247 5839 1272 5882 ὁ
1295 5838 1456 5897 παρὼν
1474 5837 1668 5883 τούτων.

474 5917 496 5946 ιι
523 5905 720 5956 ['.uriml
749 5905 829 5960 τὴν
859 5902 1103 5949 ἀντίδοσιν.
1136 5897 1241 5945 Mox
1273 5897 1442 5944 Mm'cl.
1474 5898 1565 5945 ἀπὸ
1597 5897 1678 5945 τοῦ
1703 5897 1876 5962 κριτοῦ.

2161 446 2454 514 μετιόντων
2503 446 2662 501 τοῦτο
2687 445 2916 514 γίνεται,
2946 447 3078 498 ὅπου
3109 462 3172 514 γε
3226 445 3320 500 καὶ
3340 447 3432 500 ἐπὶ
3456 447 3561 501 τῶν
3592 451 3720 520 περὶ
3751 451 3823 503 τά

2156 523 2250 576 τοῦ
2277 524 2481 593 κόσμου
2515 526 2809 596 πράγματα
2837 524 3219 593 ἐπτοημένων,
3265 525 3469 578 τούτων
3503 527 3739 594 μάλιστα
3767 530 3820 581 οἱ

2159 600 2376 665 πλείους
2423 602 2843 674 καταφρονοῦσι,
2878 603 2972 654 καί
3019 601 3323 674 ὑπερορῶσι
3381 603 3488 656 τῶν
3540 605 3820 674 ἐπιζητεῖν

2160 677 2498 748 βουλομένων
2515 683 2614 748 τὴν
2644 680 2795 752 παρὰ
2828 680 2935 732 τῶν
2965 679 3264 752 ἀνθρώπων
3287 683 3582 753 εὐφημίαν,
3609 686 3704 737 καὶ
3729 686 3822 737 εὑ-

2159 759 2348 828 ρήσεις
2377 761 2524 831 παρά
2551 763 2766 815 πάντων
2804 763 2998 837 αὐτοῦς
3031 764 3447 832 σκωπτομένους
3479 765 3570 817 ἐπὶ
3611 766 3690 837 τῷ
3717 767 3826 835 τῆς,

2158 838 2460 903 κενοδοξίας
2487 840 2774 908 ἐφίεσθαι;
2803 840 2868 892 Τί
2911 836 3002 893 οῦν
3049 839 3372 909 ἀθλιώτερον
3423 843 3632 910 γένοιτο
3659 836 3822 915 ήμῶν

2156 917 2265 969 τῶν
2314 918 2383 971 τά
2430 917 2775 983 πνευματικά
2825 918 3138 988 μετιόντων,
3184 920 3232 971 εί
3279 919 3568 991 μέλλοιμεν
3615 924 3822 992 ὁμοίως

2157 997 2383 1059 ἐκείνοις
2419 996 2544 1068 περί
2576 997 2672 1060 τὰς
2705 997 2812 1050 τῶν
2849 996 3148 1066 ἀνθρώπων
3196 1000 3479 1068 κεχηνέναι
3520 999 3822 1071 εὐφημίας,

2158 1076 2251 1129 καὶ
2285 1076 2360 1147 μή
2383 1076 2668 1148 ἀρκεῖσθαι
2710 1077 2788 1148 τῷ
2812 1077 3014 1147 ἐπαίνῳ
3046 1075 3123 1146 τῷ
3147 1078 3297 1148 παρά
3319 1078 3408 1131 τοῦ
3443 1079 3613 1145 Θεοῦ;
3647 1081 3822 1134 καθά-

2159 1171 2263 1226 περ
2287 1156 2378 1207 καὶ
2405 1158 2432 1208 6
2464 1155 2670 1219 Παῦλός
2714 1173 2901 1226 φησιν,
2947 1152 3032 1211 Οὖ
3080 1160 3113 1211 ὀ
3154 1155 3266 1227 [⁸511]
3298 1159 3540 1223 ἔπαινος
3576 1161 3687 1213 οὐκ
3748 1159 3823 1224 ἐξ

2157 1233 2498 1300 ἀνθρώπων,
2521 1235 2658 1288 ἀλλ’
2689 1235 2756 1288 ἐκ
2779 1234 2883 1288 τοῦ
2913 1235 3079 1288 Θεοῦ.
3105 1237 3216 1304 Ούχ
3242 1237 3396 1306 ὁρᾷς.
3427 1237 3701 1306 ἀγαπητέ,
3725 1239 3822 1290 καὶ

2159 1315 2215 1364 ἐν
2251 1315 2367 1374 ταῖς
2400 1313 2778 1383 ἱπποδρομίαις
2803 1357 2816 1378 ,
2850 1315 2995 1376 ὅπως
3028 1313 3076 1365 οἰ
3096 1315 3218 1375 τοὺς
3254 1315 3453 1374 ἵππους
3480 1314 3822 1379 ἐλαύνοντες,

2159 1391 2358 1453 παντὸς
2387 1391 2479 1444 τοῦ
2504 1391 2678 1461 δήμου
2707 1393 3036 1464 καθημένου,
3068 1393 3159 1444 καὶ
3193 1393 3390 1463 μυρίας
3418 1393 3689 1463 εὐφημίας
3707 1405 3824 1446 ’κα⁴

2157 1469 2442 1540 ταχέοντος
2467 1471 2568 1523 ούκ
2594 1473 3033 1544 ἐπιστρέφονται.
3064 1471 3186 1524 οὐδὲ
3239 1473 3429 1543 ἡδονὴν
3465 1475 3562 1542 τήν
3605 1475 3669 1526 ἐκ
3718 1475 3824 1544 τῆς

2158 1549 2381 1602 ἐκείνων
2435 1549 2709 1620 εὐφημίας
2758 1551 3113 1620 καρποῦνται,
3166 1549 3302 1602 ἀλλά
3359 1550 3490 1620 πρὸς
3527 1553 3621 1603 ἕνα
3657 1552 3823 1620 μόνον

2157 1629 2322 1698 ὁρῶσι
2358 1627 2447 1680 τὸν
2477 1627 2698 1697 βασιλέα
2722 1629 2810 1682 τὸν
2843 1633 2900 1683 ἐν
2927 1630 3076 1699 μέσῳ
3117 1628 3441 1698 καθήμενον,
3470 1631 3563 1682 καὶ
3587 1630 3664 1698 τῷ
3689 1630 3820 1683 νεύ-

2161 1725 2291 1776 ματι
2321 1710 2529 1763 ἐκείνου
2565 1711 2924 1783 προσέχοντες
2951 1711 3151 1775 παντὸς
3191 1710 3497 1783 ὑπερορῶσι
3546 1713 3638 1766 τοῦ
3674 1714 3818 1784 πλή-

2159 1787 2304 1851 θους,
2354 1789 2450 1842 καὶ
2495 1790 2616 1842 τότε
2649 1789 2806 1860 μόνον
2839 1791 2975 1859 μέγα
3005 1789 3312 1861 φρονοῦσιν,
3359 1791 3576 1845 ἐπειδὰν
3609 1795 3822 1858 ἐκεῖνος

2156 1867 2353 1930 αὐτοὺς
2378 1867 2404 1907 ά
2437 1869 2788 1941 στεφανώσῃς
2815 1869 3048 1933 Τούτους
3100 1869 3164 1940 δή
3213 1870 3306 1924 καὶ
3339 1869 3404 1922 σὺ
3459 1871 3818 1942 μιμούμενος,

2160 1947 2234 2016 μὴ
2293 1946 2458 2001 πολὺν
2497 1948 2652 2016 λόγον
2701 1947 2855 2000 ποιοῦ
2895 1949 2991 2019 τῆς
3021 1947 3129 2001 τῶν
3175 1946 3473 2019 ἀνθρώπων
3521 1949 3818 2020 εὐφημίας.

2160 2027 2293 2096 μηδὲ
2321 2026 2412 2080 διὰ
2436 2025 2593 2080 τοῦτο
2615 2026 2713 2096 τήν
2733 2026 2932 2098 ἀρετὴν
2961 2027 3248 2098 μετέρχου,
3267 2027 3404 2080 ἀλλά
3423 2027 3522 2098 τὴν
3545 2030 3694 2098 παρά
3719 2031 3823 2082 τοῦ

2154 2107 2365 2161 δικαίου
2399 2106 2586 2179 κριτοῦ
2617 2107 2796 2176 ψῆφον
2824 2107 3080 2175 ἀνάμενε,
3113 2107 3208 2159 καὶ
3239 2106 3316 2177 τῷ
3348 2107 3558 2160 ἐκείνου
3585 2108 3820 2178 νεύματι

2156 2187 2460 2258 προσέχων,
2494 2186 2663 2248 οὕτως
2714 2202 2808 2238 σου
2842 2185 2932 2238 τὸν
2963 2185 3074 2254 βίον
3115 2185 3326 2238 ἅπαντα
3374 2186 3667 2255 οἰκονόμει,
3731 2189 3822 2241 ἵνα

2156 2271 2248 2320 καὶ
2271 2266 2504 2320 ἐνταῦθα
2527 2265 2786 2334 διηνεκῶς
2811 2262 2874 2338 ᾖς
2903 2267 3021 2326 ταῖς
3041 2267 3302 2334 χρησταῖς
3324 2265 3503 2318 ἐλπίσι
3539 2267 3819 2338 τρεφόμε-

2155 2363 2262 2409 νος,
2293 2347 2455 2398 κάκεῖ
2480 2344 2586 2397 τῶν
2612 2337 2844 2397 αἰωνίων
2871 2343 3181 2413 ἀπολαύσῃς
3231 2343 3470 2411 ἀγαθῶν,
3507 2337 3581 2398 ὧν
3605 2345 3822 2412 γένοιτο

2157 2425 2365 2488 πάντας
2395 2425 2540 2494 ἡμᾶς
2575 2427 2870 2492 ἐπιτυχεῖν,
2921 2424 3102 2492 χάριτι
3145 2421 3238 2475 καὶ
3291 2423 3670 2496 φιλανθρωπίᾳ
3719 2427 3827 2477 τοῦ

2155 2503 2358 2574 Κυρίου
2389 2503 2544 2573 ήμῶν
2580 2502 2755 2572 Ἰησοῦ
2783 2500 3040 2572 Χριστοῦ,
3064 2501 3181 2569 μεθ’
3200 2496 3260 2555 οῦ
3281 2502 3358 2570 τῷ
3385 2503 3579 2574 Πατρὶ,
3602 2504 3716 2573 ἅμα
3737 2505 3823 2573 τῷ

2155 2585 2294 2654 ἁγίῳ
2322 2583 2617 2650 Πνεύματι.
2647 2580 2793 2645 δόξα,
2818 2581 3036 2652 κράτος,
3064 2579 3218 2650 τιμή,
3249 2581 3344 2634 νῦν
3366 2585 3457 2636 καὶ
3479 2584 3587 2650 ἀεὶ,
3619 2587 3713 2639 καὶ
3735 2588 3822 2648 εἰς

2157 2664 2287 2726 τοῦς
2315 2661 2517 2724 αἰῶνας
2544 2661 2652 2714 τῶν
2674 2659 2905 2716 αἰώνων.
2941 2661 3134 2732 Ἀμήν.

2824 2783 3066 2837 OMIMA
3093 2786 3182 2850 ς’.

2158 2889 2263 2944 Καὶ
2307 2883 2476 2941 εἶπεν
2531 2890 2564 2941 ό
2597 2887 2739 2959 Θεός
2763 2903 2777 2918 ·
2815 2887 2866 2939 Γ
2864 2886 3250 2959 ενηᾷήτωσαν
3295 2889 3608 2959 φωστῆρες
3640 2891 3709 2944 ἐν
3737 2891 3823 2957 τῷ

2224 2957 2718 3030 στερεὼματι--ῖοῦ
2755 2957 3014 3030 οὐραγοῦ
3049 2960 3141 3030 εἰς
3159 2957 3386 3030 φαῦσζιν
3410 2957 3516 3012 ἐπί
3545 2959 3650 3027 τῆς
3678 2961 3816 3030 γῆς,

2225 3029 2330 3082 τοῦ
2352 3025 2714 3099 διίέχωρίζεικ
2743 3025 3050 3099 ἀναμέσρν
3073 3025 3182 3095 τῆς·
3210 3027 3428 3096 ἡμέρας
3461 3031 3556 3084 καὶ
3596 3025 3822 3099 ardua-5.

2225 3115 2340 3151 σον
2387 3097 2497 3163 τῆς
2531 3097 2791 3168 νυκτός,
2839 3096 2936 3168 καί
2964 3096 3251 3168 Δἔστωσαν·
3295 3103 3380 3165 εἰς
3419 3100 3659 3168 σημεῖα,
3709 3096 3824 3156 καί.

2224 3171 2311 3235 εἰς
2350 3166 2591 3237 καιροὺς
2625 3166 2722 3220 καί
2749 3168 2834 3231 εὶς
2861 3166 3103 3236 ἡμέρας,
3132 3167 3229 3221 καί
3262 3171 3348 3235 εἰς
3376 3166 3703 3237 ἐνιαυτούς.

2227 3291 2296 3346 α’.
2333 3289 2597 3358 Βούλομαι
2628 3289 2723 3356 τῆς
2759 3287 3020 3358 συνήθους
3053 3289 3290 3359 ἅψασθαι
3320 3290 3685 3355 διδασκαλίας,
3719 3295 3819 3348 καὶ

2155 3369 2319 3432 ὀκνῶ,
2352 3370 2446 3421 καὶ
2472 3367 2796 3436 ἀναδύομαιο
2837 3369 2997 3436 νέφος
3033 3369 3141 3440 γὰρ
3175 3361 3410 3437 ἀθυμίας
3444 3370 3665 3424 ἐπελθὸν
3696 3387 3827 3424 συν-

2159 3454 2278 3520 έχεε
2301 3449 2392 3501 καὶ
2425 3445 2750 3515 συνετάραξέ
2784 3463 2883 3516 μου
2929 3447 3020 3500 τὸν
3065 3449 3350 3518 λογισμόνο
3383 3451 3580 3518 μᾶλλον
3610 3449 3668 3504 δὲ
3717 3452 3822 3505 οὐκ

2158 3529 2394 3598 ἀθυμίας
2424 3527 2603 3597 μόνον,
2625 3526 2758 3578 ἀλλά
2790 3528 2883 3579 καὶ
2911 3527 3105 3597 θυμοῦ,
3131 3529 3224 3582 καὶ
3239 3529 3338 3581 οὑκ
3357 3526 3454 3582 οἷδ’
3477 3531 3504 3583 ὅ
3529 3547 3581 3583 τι
3604 3531 3817 3603 πράξω·

2157 3607 2361 3677 ἀπορία
2387 3605 2493 3674 γὰρ
2522 3605 2741 3674 κατέχει
2783 3604 2880 3676 τήν
2915 3605 3170 3660 διάνοιαν.
3207 3607 3372 3660 Ὅταν
3405 3607 3516 3678 γάρ
3555 3611 3819 3679 ἐννοήσω,

2157 3688 2240 3740 ὅτι
2274 3685 2470 3757 μικρὸν
2503 3684 2832 3747 πνεύσαντος
2869 3685 2963 3738 τοῦ
2991 3686 3258 3745 διαϐόλου.
3289 3688 3468 3740 πᾶσαν
3490 3687 3644 3756 ήμῶν
3673 3689 3823 3742 ἐκεί-

2159 3785 2256 3837 νην
2272 3765 2366 3835 τήν
2391 3765 2584 3834 συνεχὶ
2607 3764 2976 3828 διδασκαλίαν,
3001 3765 3202 3834 καὶτὴν
3226 3765 3600 3837 καθημερινὴν
3626 3769 3827 3838 παραί-

2157 3862 2303 3898 νεσιν
2333 3843 2468 3914 λήθῃ
2501 3842 2852 3913 παραδόντες,
2881 3845 2960 3905 εἰς
2985 3843 3084 3915 τήν
3106 3844 3397 3915 σατανικὴν
3421 3847 3644 3916 πομπήν
3675 3847 3822 3898 ὲκεί-

2158 3942 2255 3996 νην
2287 3925 2523 3984 ἅπαντες
2551 3921 2948 3993 δεδραμήκατε,
2982 3923 3079 3992 τὴν
3106 3925 3462 3994 ἱπποδρομίαν
3493 3925 3823 3977 καταλαϐόν-

2157 4021 2271 4066 τες,
2301 4001 2428 4071 ποίᾳ
2486 3999 2765 4070 προθυμία
2809 3999 3104 4070 δυνήσομαι
3147 4001 3306 4054 πάλιν
3337 4000 3434 4071 τὴν
3489 4000 3624 4071 πρὸς
3674 4003 3822 4071 ὑμᾶς

2160 4080 2489 4152 ποιήσασθαι
2519 4077 2884 4140 διδασκαλίαν,
2922 4079 3031 4131 τῶν
3075 4079 3354 4149 προτέρων
3407 4077 3581 4142 οὕτως
3623 4079 3821 4150 ἀθρόου

2156 4159 2517 4230 διαρρυέντων
2538 4174 2552 4222 ;
2571 4157 2644 4208 Τὸ
2659 4157 2768 4228 γάρ
2787 4155 3019 4226 μάλιστα
3040 4157 3302 4210 ἐπιτεῖνόν
3326 4175 3414 4227 μοι
3435 4157 3532 4228 τὴν
3550 4157 3789 4227 ἀθυμίαν
3803 4196 3820 4219 ,

2158 4239 2252 4292 καὶ
2282 4235 2641 4308 σφοδρότερόν
2664 4252 2752 4306 μοι
2769 4235 2860 4288 τὸν
2887 4235 3056 4305 θυμὸν
3076 4235 3438 4306 ἐργαζόμενον
3470 4235 3628 4290 τοῦτό
3648 4238 3821 4297 ἐστιν,

2157 4317 2238 4370 δτι
2274 4315 2412 4386 μετά
2443 4314 2546 4384 τῆς
2580 4314 2953 4384 παραινέσεως
2983 4313 3082 4382 τῆς
3111 4315 3402 4386 ἡμετέρας,
3428 4315 3521 4368 καὶ
3558 4315 3658 4385 τήν
3685 4315 3823 4367 αἰδῶ

2157 4399 2256 4466 τῆς
2282 4394 2441 4462 ἁγίας
2469 4391 2914 4462 τεσσαρακοστῆς
2941 4391 3220 4456 ἐξεϐάλετε
3249 4393 3350 4460 τῆς
3383 4392 3590 4446 ἑαυτῶν
3619 4392 3818 4464 ψυχῆς,

2160 4478 2252 4530 καί
2275 4475 2414 4528 οὕτω
2437 4476 2549 4536 τοῖς
2571 4472 2663 4524 τοῦ
2687 4471 2932 4525 διαϐόλου
2964 4472 3198 4535 δικτύοις
3216 4473 3441 4534 ἐαυτοὺς
3462 4470 3817 4525 ἐκδεδώκατε.

2159 4555 2282 4618 Πῶς
2315 4554 2379 4608 ἄν
2420 4569 2504 4615 τις
2535 4550 2810 4622 δυνηθείη,
2857 4551 2960 4604 κάν
3009 4550 3212 4620 λιθίνην
3254 4550 3352 4622 ἔχῃ
3387 4551 3583 4621 ψυχὴν,
3633 4551 3822 4620 πράως

2159 4634 2400 4702 ἐνεγκεῖν
2421 4630 2518 4700 τὴν
2534 4628 2799 4696 τοσαύτην
2830 4628 2983 4698 ὑμῶν
3005 4629 3324 4699 δλιγωρίαν;
3354 4629 3705 4698 Αἰσχύνομαι,
3732 4645 3821 4680 πι-

2160 4714 2440 4775 στεύσατε,
2455 4711 2549 4763 καὶ
2561 4708 2815 4780 ἐρυθριῶ,
2827 4710 2955 4761 ὅταν
2973 4709 3064 4762 ἴδω
3082 4709 3257 4778 μάτην
3272 4709 3418 4778 ἡμᾶς
3437 4708 3818 4777 πονουμένους,

2160 4793 2253 4846 καὶ
2293 4793 2372 4850 εἰς
2412 4791 2616 4858 πέτρας
2651 4787 2742 4840 τὸν
2790 4787 2988 4857 σπόρον
3033 4787 3485 4850 καταϐάλλοντας.
3523 4785 3661 4838 Ἀλλ’
3695 4787 3822 4855 ἐμοὶ

2163 4875 2263 4941 μὲν
2319 4872 2420 4925 κάν
2477 4887 2537 4923 τε
2599 4869 2835 4938 ἀκούητε
2887 4870 2994 4922 τῶν
3048 4869 3354 4938 λεγομένων
3378 4909 3392 4930 ,
3425 4869 3524 4921 κάν
3553 4886 3609 4921 τε
3641 4885 3820 4938 παραν-

2161 4958 2377 5029 κούητε,
2410 4955 2480 5008 τά
2515 4954 2622 5007 τῶν
2652 4953 2856 5023 μισθῶν
2881 4951 3264 5022 ἀπηρτισμένα
3285 4951 3562 5020 τυγχάνει.
3610 4952 3652 5002 Τ
3653 4950 3682 5002 6
3713 4951 3824 5021 γὰρ

2162 5037 2397 5111 ἐμαυτοῦ
2428 5040 2534 5090 πᾶν
2563 5036 2731 5090 ποιῶν
2754 5035 3027 5089 διετέλεσα
3046 5073 3060 5095 ,
3089 5035 3182 5086 καὶ
3211 5033 3273 5085 τὸ
3297 5032 3557 5103 ἀργύριον
3587 5032 3825 5084 κατέϐα-

2160 5120 2271 5186 λον,
2323 5122 2414 5174 καὶ
2469 5120 2569 5190 τὴν
2623 5118 2901 5171 νουθεσίαν
2947 5115 3328 5188 ἐποιησάμηνς
3363 5116 3574 5168 δέδοικα
3623 5115 3680 5167 δὲ
3720 5117 3819 5172 καὶ.

2162 5202 2378 5272 ἀγωνιῶ
2407 5201 2480 5272 μὴ
2509 5201 2681 5271 τούτῳ
2706 5199 2853 5270 αὐτῷ
2887 5211 2911 5237 ο
2954 5198 3192 5261 πλείονος
3229 5200 3358 5268 ἡμῖν
3404 5197 3518 5270 [40]
3577 5214 3817 5265 κατηγο-

2167 5290 2375 5358 ρήσεως
2403 5287 2574 5348 αἴτιος
2605 5285 2869 5354 γένωμαι.
2887 5283 2948 5334 '0
2971 5283 3078 5352 γὰρ
3103 5280 3344 5347 δοῦλος,
3375 5281 3558 5350 φησὶν,
3586 5281 3821 5346 ἐκεῖνος

2164 5372 2196 5422 ὀ
2210 5367 2380 5433 εἰδὼς
2392 5368 2454 5420 τὸ
2473 5365 2698 5433 θέλημα
2717 5365 2820 5417 τοῦ
2850 5365 3058 5430 κηρίον
3083 5361 3288 5425 αὑτοῦ,
3307 5361 3404 5415 καί
3422 5361 3507 5429 μὴ
3540 5359 3824 5432 ποιήσας,

2163 5450 2488 5519 δαρήσεται
2509 5447 2762 5513 πολλάς.
2789 5447 2923 5500 Οὑδέ
2943 5445 3048 5515 γάρ
3066 5447 3144 5508 είς
3170 5445 3390 5513 ἄγνοιαν
3417 5444 3569 5513 ὑμῶν
3597 5460 3679 5506 τις
3711 5445 3830 5512 ἔχει,

2165 5533 2520 5600 καταφυγεῖν,
2547 5528 2718 5592 οὕτως
2744 5527 2900 5597 ἡμῶν
2927 5527 3050 5580 καθ’
3083 5527 3320 5598 ἑκάστην
3347 5527 3562 5597 ἡμέραν
3589 5526 3658 5578 τὰ
3687 5524 3829 5581 αῦτά

2164 5612 2498 5683 ἐνηχούντων
2511 5613 2605 5664 καὶ
2626 5609 3054 5663 ὑποδεικνύντων
3070 5610 3162 5662 καὶ
3177 5609 3275 5672 τὰς
3291 5607 3598 5670 διαϐολικάς
3619 5607 3826 5674 πάγας,

2229 5769 2255 5808 d
2281 5771 2399 5830 Reg.
2441 5783 2566 5816 unus
2598 5774 2651 5816 ct
2680 5769 2761 5816 (fui
2792 5766 2878 5816 lin.
2921 5769 3076 5815 αὐτὸν.
3119 5768 3240 5816 Infra
3279 5768 3448 5817 Morel.
3483 5768 3564 5824 τήν
3593 5764 3718 5828 παρὰ
3739 5761 3829 5814 τοῦ

2159 5833 2401 5883 ,δεσπότου
2426 5833 2595 5891 ψῆφον.

2239 5897 2260 5924 ⁸
2293 5889 2446 5942 δεινίιζ
2469 5889 2521 5943 εἰ
2545 5891 2664 5954 Reg.
2692 5905 2815 5941 unus
2840 5891 2900 5952 μή
2926 5889 3062 5940 τοῦτο
3084 5891 3214 5939 αὐτὸ.
