4040 6378
169 354 248 411 33

254 470 563 524 Adhortatio
588 471 657 522 ad
679 468 1127 540 obtemperantium
1151 468 1451 537 Scripturis,
1481 478 1527 522 et
1565 466 1633 520 ad
1663 467 1775 535 glo—

172 565 311 615 riam
337 563 766 616 contemnendam
791 579 811 626 ;
839 562 1005 632 gloria
1030 563 1254 616 humana
1281 563 1507 616 uirtutem
1535 561 1783 630 sequitur.

169 683 250 696 --
273 657 344 708 At
378 654 455 708 illi
498 654 714 725 quidem
751 656 1000 710 amentia:
1037 672 1150 711 sua:
1185 655 1400 726 praemia
1435 662 1783 724 eXSpectent:

172 761 277 798 nos
302 754 516 808 autem,
560 746 755 815 quibus
795 745 1050 800 donatum
1093 756 1176 801 est
1207 746 1336 801 solis
1365 745 1585 814 justitiae
1622 743 1788 800 radiis

174 839 462 906 illustrari,
490 838 794 893 divinarum
817 838 1210 908 Scripturarum
1235 839 1494 894 doctrinae
1513 838 1786 907 obtempe-

172 935 360 987 rea'ms
384 950 400 986 :
431 933 659 988 ethunc
683 948 943 988 canouem
970 944 1275 1003 sequentes,
1299 948 1425 987 sana
1455 931 1701 1002 dogmata
1733 931 1784 985 in

175 1024 377 1078 mentis
404 1033 608 1079 nostra?
637 1025 1002 1094 promptuario
1033 1039 1371 1094 reponamus,
1395 1032 1450 1078 et
1473 1039 1575 1078 una
1600 1037 1784 1076 eorum

175 1131 366 1168 curam
387 1156 403 1178 ,
434 1125 493 1170 et
531 1127 732 1170 nostra:
759 1115 945 1170 salutis
975 1131 1218 1186 magnam
1250 1114 1658 1170 sollicitudinem
1696 1128 1790 1183 ge-

178 1218 365 1262 rentes
389 1249 406 1272 ,
432 1223 504 1264 ea
532 1223 651 1278 quze
675 1209 869 1263 anima:
907 1217 1103 1262 nostra»
1139 1209 1417 1263 sanitatem
1460 1207 1674 1269 laedunt,
1709 1205 1788 1259 fu-

178 1298 412 1366 giamus,
456 1298 530 1352 ab
570 1298 874 1368 hujusmodi
913 1299 1165 1353 omnibus
1213 1299 1363 1369 quasi
1408 1314 1439 1352 a
1476 1297 1786 1369 petniciosis

179 1389 462 1444 veneficiis
481 1389 834 1458 abstinentes.
860 1389 1023 1444 Multo
1044 1390 1215 1459 majus
1243 1389 1382 1444 enim
1405 1388 1509 1444 hoc
1529 1388 1783 1443 damnum

175 1492 284 1542 est,
328 1490 391 1535 et
435 1489 587 1535 tanto
623 1481 818 1551 majus,
850 1492 1050 1551 quanto
1082 1481 1257 1536 anima
1305 1495 1533 1550 corpore
1573 1479 1783 1534 melior.

181 1571 272 1626 Illa
301 1575 454 1628 enim
485 1589 690 1628 venena
716 1574 1046 1644 corporalem
1079 1574 1217 1628 hanc
1243 1583 1468 1628 mortem
1494 1571 1783 1627 inducunt:

179 1669 296 1722 haec
341 1676 529 1722 autem
575 1668 856 1722 sanitatem
899 1669 1092 1723 anima:
1137 1667 1477 1732 offendentis,
1527 1675 1784 1722 aeternam

177 1758 339 1812 nobis
397 1767 627 1812 mortem
681 1759 928 1814 afferunt.
982 1757 1237 1826 Quaenam
1292 1766 1470 1812 autem
1517 1766 1644 1811 sunt
1695 1756 1784 1811 illa

179 1848 340 1902 nobis
370 1849 386 1880 ¹
417 1848 756 1918 perniciosa?
783 1849 938 1904 Multa
978 1860 1032 1904 et
1061 1851 1227 1915 varia,
1259 1849 1488 1904 maxime
1512 1857 1690 1904 autem
1716 1847 1784 1904 ad

179 1943 480 1998 humanam
538 1943 762 2012 gloriam
819 1952 1062 2012 spectare
1113 1953 1168 1999 et
1218 1943 1428 1999 nescire
1483 1958 1604 1998 eam
1655 1957 1787 1997 con-

179 2042 450 2089 temnere.
483 2034 593 2089 lloc
617 2036 760 2089 enim
799 2036 1088 2092 multorum
1125 2033 1280 2089 nobis
1321 2033 1581 2089 malorum
1622 2047 1784 2090 causa

173 2137 260 2181 est
291 2145 308 2179 :
338 2134 399 2180 et
419 2127 464 2180 si
491 2143 626 2197 quas
655 2128 960 2197 spirituales
991 2127 1251 2183 habemus
1274 2126 1507 2194 divitias,
1537 2141 1630 2182 eas
1653 2141 1782 2181 eva-

175 2227 329 2283 cuat,
359 2227 416 2273 et
442 2219 673 2273 utilitate
696 2260 711 2282 ,
743 2235 864 2290 qua:
887 2235 952 2273 ex
979 2220 1060 2274 eis
1093 2219 1210 2289 capi
1245 2226 1450 2288 potest,
1481 2233 1577 2272 nos
1611 2217 1782 2272 desti-

181 2311 302 2363 tuit.
361 2309 502 2378 Quid
555 2311 717 2382 igitur
761 2311 922 2366 fuerit
975 2311 1172 2366 damno
1228 2311 1332 2366 hoc
1387 2309 1782 2382 perniciosius?

177 2403 627 2474 Quandoquidem
673 2404 723 2458 id
753 2413 995 2474 praestat,
1041 2413 1097 2459 ut
1136 2419 1168 2460 a
1202 2404 1358 2459 nobis
1385 2405 1596 2459 avoleut
1620 2403 1781 2459 etiam

177 2511 241 2549 ea
272 2511 400 2564 qua:
444 2510 544 2549 nos
584 2495 779 2550 habere
805 2503 1071 2566 putamus.
1104 2495 1195 2551 Sic
1237 2495 1538 2550 Phariszeus
1567 2496 1652 2550 ille
1681 2511 1782 2565 pu-

180 2585 403 2640 blicano
426 2587 605 2639 minor
637 2585 808 2640 factus
833 2595 947 2653 est,
979 2602 1044 2642 eo
1068 2586 1210 2656 quod
1239 2586 1433 2656 linguae
1466 2601 1580 2641 sua:
1615 2585 1784 2655 impe-

179 2694 303 2733 rane
339 2693 450 2732 non
492 2679 660 2748 potuit
688 2677 836 2749 (Luc.
878 2680 1010 2750 18):
1056 2679 1150 2734 sed
1193 2694 1290 2750 per
1328 2678 1472 2733 illam
1511 2678 1650 2733 sicut
1689 2693 1784 2747 per

183 2769 479 2826 fenestram
509 2771 738 2840 aliquam
768 2787 955 2826 omnes
988 2770 1201 2826 divitias
1242 2786 1366 2827 suas
1399 2771 1606 2826 ell'udit.
1636 2770 1781 2824 Tan-

180 2875 293 2916 tum
326 2872 414 2917 est
443 2863 617 2918 inanis
638 2864 820 2933 gloria:
847 2865 1069 2922 malum.

248 2954 306 3008 6.
356 2954 450 3008 Dic
474 2995 489 3016 ,
520 2954 786 3022 obsecro,
826 2955 997 3022 mihi,
1027 2969 1123 3010 cur
1163 2963 1219 3011 et
1259 2969 1360 3025 qua
1404 2955 1472 3011 de
1516 2971 1672 3011 causa
1710 2955 1780 3010 ita

180 3043 465 3124 hominum
499 3045 654 3100 laude
696 3046 932 3100 teneris?
955 3045 1141 3100 Nescis
1164 3086 1182 3112 ,
1219 3045 1360 3116 quod
1390 3045 1525 3100 sicut
1553 3045 1736 3100 umbra
1761 3087 1777 3110 ,

179 3147 233 3192 et
259 3139 306 3191 si
335 3138 464 3208 quid
494 3139 580 3192 illa
614 3137 792 3203 vilius,
822 3138 890 3192 ita
917 3137 1127 3192 illorum
1156 3137 1269 3192 laus
1299 3137 1352 3192 in
1381 3153 1558 3193 aerem
1589 3136 1778 3192 dill'usa

178 3229 512 3283 evanescat?
541 3229 788 3296 Alioquin
815 3229 1122 3284 inconstans
1147 3237 1201 3284 et
1226 3228 1482 3283 mutabile
1503 3239 1584 3283 est
1609 3228 1781 3282 homi-

181 3335 310 3372 num
341 3335 534 3389 genus,
582 3330 635 3374 et
665 3319 738 3373 illi
770 3320 867 3389 ipsi
893 3319 1164 3386 eumdem,
1191 3336 1349 3390 quem
1376 3336 1517 3375 nunc
1543 3319 1780 3385 laudant,

181 3428 290 3466 non
337 3412 511 3466 multo
550 3422 667 3480 post
709 3413 1057 3480 vituperant:
1097 3412 1240 3482 quod
1281 3412 1332 3466 in
1378 3414 1643 3468 sententia
1689 3413 1779 3468 Dei

180 3520 486 3574 numquam
531 3506 803 3560 usuvenit.
837 3504 914 3560 Ne
942 3506 1100 3575 igitur
1130 3506 1200 3559 ita
1228 3505 1573 3575 desipiamus,
1604 3521 1674 3560 ne
1698 3515 1780 3560 tc-

180 3614 337 3653 mere
374 3607 432 3653 et
470 3598 672 3667 absque
713 3596 883 3653 fructu
912 3597 1157 3653 fallamus
1183 3613 1287 3653 nos
1313 3597 1476 3666 ipsos.
1519 3597 1651 3653 Nam
1680 3599 1782 3655 etsi

182 3689 385 3743 bonum
413 3687 668 3758 quiddam
699 3690 948 3755 facimus,
975 3704 1080 3744 non
1105 3697 1285 3744 autem
1315 3699 1533 3760 propter
1562 3689 1662 3744 hoc
1687 3705 1779 3745 so-

182 3780 294 3833 lum
321 3780 551 3850 agimus,
583 3789 640 3834 ut
664 3779 971 3835 mandatum
1003 3781 1213 3836 Domini
1241 3782 1409 3836 nostri
1440 3782 1777 3852 impleamus,

181 3875 344 3942 eique
379 3873 482 3927 soli
526 3874 720 3944 cogniti
753 3875 918 3928 simus
942 3916 958 3941 ,
987 3875 1220 3930 laborem
1261 3875 1402 3931 hunc
1431 3875 1624 3932 frustra
1655 3893 1780 3933 sus-

179 3966 454 4034 cipimus,
487 3981 694 4036 nosque
722 3967 991 4037 privamus
1044 3965 1216 4022 fructu
1240 4008 1256 4034 ,
1286 3983 1441 4038 quem
1479 3967 1604 4024 inde
1629 3983 1779 4024 asse-

181 4059 273 4127 qui
323 4058 533 4114 liceret.
585 4059 714 4114 Nam
766 4061 811 4116 is
857 4061 945 4131 qui
991 4069 1052 4116 ut
1092 4060 1162 4114 ab
1205 4061 1508 4117 hominibus
1553 4062 1778 4132 gloriam

182 4161 432 4216 veuelur,
457 4153 585 4224 quid
614 4153 738 4208 boni
765 4164 1034 4222 operatur,
1063 4154 1178 4210 sive
1203 4169 1266 4210 ea
1297 4155 1397 4208 frui
1426 4155 1642 4224 poterit,
1667 4155 1781 4212 sive

183 4261 328 4308 ium;
356 4259 504 4312 szepe
532 4245 672 4298 enim
695 4255 750 4298 et
768 4245 856 4316 qui
881 4254 1097 4315 propter
1119 4244 1331 4302 inanem
1355 4246 1580 4316 gloriam
1599 4247 1777 4302 omnia

182 4335 313 4389 facit
335 4377 350 4400 ,
377 4335 542 4390 etiam
583 4336 695 4404 ipsa
726 4336 1043 4402 frustratur;
1088 4337 1203 4393 sive
1229 4338 1388 4409 igitur
1412 4353 1474 4394 ea
1507 4340 1774 4410 potiatur,

177 4427 297 4480 sive
328 4441 434 4478 non
457 4465 472 4490 ,
499 4427 633 4479 satis
679 4426 766 4481 hic
794 4427 1161 4484 retributionis
1194 4430 1397 4500 accepit
1416 4470 1433 4495 ,
1461 4439 1517 4486 et
1550 4431 1620 4486 ibi
1648 4431 1778 4486 nihil

181 4517 415 4584 accipiet
443 4518 805 4586 pranniorum.
835 4519 1010 4586 Quare
1041 4519 1183 4576 hoc?
1209 4520 1341 4588 Quia
1374 4522 1662 4591 praeferens
1690 4521 1777 4576 fu-

180 4607 320 4660 turis
370 4607 693 4675 prtesentia,
737 4617 790 4662 et
823 4609 951 4676 justi
996 4609 1196 4664 Judicis
1240 4612 1447 4666 ca!culo
1491 4612 1774 4668 humanam

176 4696 436 4765 gloriam,
462 4696 734 4768 indignum
766 4713 825 4753 se
866 4699 1038 4754 reddit
1071 4702 1216 4770 quia
1240 4702 1425 4759 Judice
1461 4703 1769 4760 honoretur.

176 4787 381 4840 Contra
409 4786 457 4841 si
486 4797 702 4856 propter
728 4787 830 4842 hoc
856 4790 1028 4844 solum
1059 4805 1344 4860 operemur
1371 4794 1647 4862 spirituale
1673 4796 1774 4849 ali-

175 4877 322 4946 quod
355 4877 556 4932 bonum
582 4917 597 4941 ,
627 4889 686 4932 ut
721 4879 1022 4964 placeamus
1047 4882 1200 4937 oculo
1227 4884 1300 4938 illi
1327 4887 1426 4939 soli
1451 4927 1466 4950 ,
1494 4889 1582 4957 qui
1611 4889 1774 4958 sopiri

177 4972 377 5032 nescit,
407 4977 462 5023 et
486 4969 574 5022 cui
603 4969 741 5024 nuda
771 4980 825 5024 et
851 4982 1032 5039 aperta
1059 4983 1182 5028 sunt
1206 4976 1384 5029 omnia
1429 4995 1444 5031 :
1476 4987 1528 5032 et
1558 4978 1773 5034 thesau-

177 5076 270 5114 rus
305 5069 491 5114 noster
516 5061 569 5114 in
596 5070 711 5115 tuto
736 5063 856 5124 erit,
878 5072 932 5117 et
959 5064 1278 5136 incorrupta:
1309 5083 1406 5122 nos
1434 5085 1640 5126 merces
1662 5087 1775 5125 ma-

177 5152 417 5214 nebunt,
448 5161 502 5206 et
540 5169 606 5206 ex
651 5153 763 5222 ipsa
804 5169 986 5208 earum
1021 5157 1168 5210 suavi
1197 5160 1592 5228 exspectatione
1621 5163 1774 5218 nobis

176 5243 343 5295 tnttlta
369 5245 672 5298 consolatio
691 5246 812 5306 erit,
831 5245 956 5300 dum
981 5247 1031 5300 iu
1055 5252 1438 5318 promptuario,
1458 5253 1597 5322 quod
1615 5271 1774 5310 nemo

173 5335 414 5403 diripere
441 5337 670 5403 poterit,
707 5337 794 5390 illa
824 5337 979 5392 nobis
1014 5341 1160 5393 salva
1192 5343 1489 5398 custoditur
1513 5361 1722 5402 merces
1754 5367 1768 5404 :

175 5426 288 5478 imo
334 5427 576 5492 sequitur
618 5427 780 5480 etiam
822 5428 988 5497 gloria
1031 5429 1282 5486 humana.
1331 5433 1481 5489 Tunc
1509 5438 1650 5492 enim
1683 5439 1770 5494 illa

174 5515 348 5571 multo
373 5515 588 5570 uberius
611 5518 853 5580 fruimur,
876 5519 1089 5587 quando
1108 5537 1224 5576 eam
1243 5523 1586 5594 despicimus,
1604 5544 1772 5600 quau-

171 5611 246 5674 do
289 5625 415 5666 eam
456 5625 561 5664 non
591 5612 876 5679 qumritttus
901 5654 916 5675 ,
947 5615 1161 5683 quando
1189 5632 1306 5672 eam
1345 5634 1449 5674 non
1481 5630 1765 5678 sectamur.

246 5793 264 5823 ⁸
299 5792 446 5842 savii.
472 5800 524 5842 et
541 5791 733 5863 quidam
753 5798 844 5845 Mss
870 5833 880 5848 .
905 5792 1049 5852 vobis.

1349 355 1412 414 ΙΝ
1447 355 1601 412 CAP.
1642 353 1683 408 ι.
1725 350 1779 409 Gl

1887 351 1966 407 ES.
2009 351 2237 412 liOMIL.
2277 353 2366 414 Vl.
3421 361 3487 419 34

1897 461 1966 518 Et
2006 466 2132 536 quid
2173 468 2423 533 miraris,
2452 468 2498 524 si
2541 468 2643 526 hoc
2682 469 2898 527 eveniat
2945 471 3010 527 iis
3053 473 3140 543 qui
3183 474 3484 544 spirituales

1893 556 2242 629 ohilosophos
2284 570 2483 630 agunt,
2513 558 2634 616 cuni
2673 571 2730 618 et
2771 565 2922 617 multi
2965 578 3154 619 eorum
3194 565 3283 634 qui
3328 565 3484 636 hujus

1893 647 2077 704 mundi
2117 649 2293 704 studia
2329 661 2618 716 sectantur,
2645 667 2744 708 eos
2783 654 3014 710 maxime
3051 665 3398 712 contemnant
3426 670 3482 712 et

1892 739 2208 811 despiciant,
2237 745 2326 813 qui
2356 743 2424 799 ab
2447 743 2750 800 hominibus
2773 745 2996 816 gloriam
3019 759 3263 818 quaerunt
3285 791 3298 812 ,
3330 750 3481 804 inve-

1893 837 2114 903 niesque
2138 834 2206 890 ab
2232 837 2478 892 omnibus
2501 836 2739 893 dicteriis
2768 838 2960 894 incessi
2995 854 3091 895 eos
3117 840 3208 912 qui
3237 840 3482 895 humanm

1891 928 2076 998 gloria:
2105 928 2350 984 inhiant?
2375 931 2512 1000 Quid
2542 931 2700 1002 igitur
2729 932 2974 987 miserius
3000 933 3173 1000 nobis,
3201 935 3288 1004 qui
3318 934 3480 1003 spiri-

1894 1020 2052 1074 tualia
2081 1030 2348 1076 sectamur
2367 1063 2382 1088 ,
2409 1024 2451 1076 si
2479 1023 2683 1078 similes
2713 1023 2816 1079 illis
2836 1065 2851 1088 ,
2877 1025 3132 1081 celebrari
3160 1027 3228 1081 ab
3255 1026 3483 1080 homini-

1893 1109 1992 1166 bus
2011 1111 2310 1181 cupiamus,
2332 1123 2386 1168 et
2409 1114 2452 1167 si
2478 1130 2583 1168 non
2608 1123 2690 1169 sat
2710 1114 2864 1170 fuerit
2887 1117 3040 1171 nobis
3056 1131 3087 1170 a
3112 1117 3221 1172 Deo
3242 1117 3481 1172 laudari?

1891 1201 2031 1258 sicut
2051 1212 2105 1257 et
2132 1203 2327 1258 Paulus
2353 1204 2481 1260 dicit
2513 1222 2528 1258 :
2557 1205 2714 1275 Cujus
2746 1206 2908 1278 gloria
2938 1223 3038 1262 non
3063 1224 3130 1263 ea:
3155 1209 3437 1262 hominibus
3458 1250 3477 1274 ,

1891 1294 1980 1348 sed
2021 1311 2085 1350 ea:
2127 1294 2235 1350 Deo
2265 1296 2459 1366 (Rom.
2496 1297 2550 1351 2.
2589 1297 2725 1369 29).
2767 1298 2882 1354 Non
2925 1299 3075 1354 vides
3099 1341 3116 1364 ,
3153 1299 3382 1365 dilecte,
3425 1301 3478 1356 in

1891 1383 2232 1443 Circensibus
2257 1387 2416 1457 ludis,
2445 1388 2715 1460 quomodo
2745 1389 2780 1444 ii
2807 1390 2896 1460 qui
2923 1405 3090 1460 equos
3119 1392 3338 1460 agitant,
3370 1407 3478 1447 non

1891 1475 2178 1534 advertunt
2227 1481 2469 1551 plausum
2513 1490 2568 1536 et
2614 1480 2849 1537 favorem
2891 1483 3072 1553 populi
3113 1484 3398 1540 assidentis
3425 1495 3479 1539 et

1890 1571 2256 1640 acclamantis,
2282 1590 2455 1646 neque
2478 1590 2546 1630 ex
2569 1589 2635 1630 eo
2661 1576 2845 1646 plausu
2874 1576 3196 1646 voluptatem
3222 1576 3437 1646 capiunt
3459 1595 3474 1631 :

1889 1663 1984 1718 sed
2012 1664 2080 1719 ad
2111 1679 2274 1720 unum
2314 1665 2486 1720 solum
2513 1675 2756 1736 spectant
2793 1664 3172 1736 Imperatorem
3199 1667 3256 1722 in
3301 1665 3479 1722 medio

1889 1754 2188 1822 sedentem,
2213 1763 2268 1810 et
2289 1755 2358 1810 ad
2385 1765 2572 1812 nutum
2601 1758 2745 1813 illius
2769 1760 3124 1826 attendentes,
3149 1767 3312 1814 totam
3340 1759 3478 1814 mulo

1891 1847 2168 1904 titudinem
2198 1848 2535 1919 despiciunt,
2569 1858 2625 1904 et
2652 1859 2777 1906 tunc
2801 1852 2976 1906 solum
3001 1851 3182 1904 animo
3207 1852 3477 1907 extollun-

1891 1947 1996 2004 tur,
2015 1955 2133 1995 cum
2151 1939 2243 1996 ille
2259 1955 2353 1996 eos
2370 1943 2743 1998 coronaverit?
2765 1942 2875 1996 llos
2896 1943 3054 2013 igitur
3073 1952 3128 1998 et
3147 1952 3201 1998 tu
3219 1943 3473 2011 imitatus,

1889 2048 1993 2088 non
2035 2034 2208 2106 magni
2239 2035 2493 2091 momenti
2538 2033 2699 2090 facito
2730 2036 3002 2090 hominum
3043 2036 3236 2091 famam
3257 2078 3273 2100 ,
3304 2053 3475 2106 neque

1891 2135 2110 2196 propter
2151 2141 2268 2180 eam
2310 2127 2558 2182 virtutem
2596 2143 2853 2183 exerceas
2878 2170 2893 2195 ,
2926 2128 3019 2182 sed
3049 2144 3078 2182 a
3115 2129 3260 2198 justo
3289 2128 3475 2185 Judice

1887 2217 2203 2274 sententiam
2228 2227 2497 2288 exspecta,
2523 2228 2578 2275 et
2601 2219 2666 2274 ad
2697 2221 2838 2274 illius
2863 2230 3047 2274 nuttun
3079 2221 3312 2276 intentus
3333 2232 3472 2276 esto.

1885 2308 1976 2366 Sic
2001 2326 2212 2366 omuetn
2246 2311 2408 2365 vitam
2441 2319 2583 2366 tuam
2611 2311 2892 2382 dispensa,
2922 2321 2977 2366 ut
2999 2323 3053 2366 et
3079 2311 3165 2368 hic
3191 2312 3474 2367 continen-

1889 2411 1970 2457 ter
1997 2403 2136 2458 bona
2175 2417 2272 2472 spe
2312 2403 2545 2473 pascaris
2568 2443 2585 2470 ,
2616 2413 2671 2458 et
2711 2405 2814 2458 illic
2841 2404 3056 2460 mtcrnis
3085 2404 3260 2459 fruare
3287 2405 3436 2459 bonis
3455 2443 3472 2472 ,

1883 2508 2005 2564 qua:
2045 2501 2102 2546 ut
2129 2508 2226 2546 nos
2255 2507 2444 2548 omnes
2469 2507 2850 2562 assequamur,
2879 2492 3010 2548 faxit
3038 2495 3204 2565 gratia
3229 2505 3284 2549 et
3311 2496 3472 2550 mise-

1883 2585 2114 2641 ricordia
2156 2585 2364 2640 Domini
2403 2585 2571 2640 nostri
2611 2585 2735 2641 Jcsu
2766 2586 3003 2654 Christi,
3033 2603 3157 2642 cum
3189 2602 3296 2658 quo
3329 2588 3471 2642 Patri

1884 2689 1940 2734 et
1967 2677 2188 2748 Spiritui
2223 2686 2410 2734 sancto
2434 2679 2504 2733 sit
2527 2679 2694 2751 gloria
2721 2720 2735 2742 ,
2765 2689 2820 2734 et
2849 2679 3131 2750 imperium
3167 2689 3222 2735 et
3263 2679 3429 2734 honor
3453 2720 3470 2748 ,

1883 2784 2028 2824 nunc
2048 2778 2103 2824 et
2129 2783 2372 2840 semper,
2400 2778 2454 2825 et
2479 2769 2535 2824 in
2565 2770 2758 2825 saecula
2787 2771 3125 2826 saeculorum.
3158 2773 3348 2826 Amen.

2468 2884 2753 2941 HOMILIA
2790 2885 2882 2942 Vl.

1887 2999 1952 3054 Et
1975 2998 2108 3054 dixit
2132 2997 2279 3054 Deus
2307 3016 2322 3054 :
2353 2997 2509 3052 Fiant
2534 2999 2811 3053 luminaria
2838 3000 2893 3052 in
2919 2999 3236 3068 ﬁrmamento
3268 2997 3379 3053 cali
3403 3001 3469 3052 ad

1953 3091 2377 3146 illuminationem
2402 3107 2554 3159 super
2578 3101 2763 3145 terram
2805 3132 2823 3158 ,
2847 3100 2902 3146 ut
2931 3090 3156 3165 diuidunt
3181 3091 3311 3144 inter
3338 3089 3471 3144 dicm

1955 3196 2000 3239 et
2029 3187 2160 3238 inter
2181 3194 2398 3250 noctem,
2425 3193 2472 3238 et
2499 3184 2598 3237 sint
2623 3183 2675 3237 in
2698 3183 2844 3253 signa
2867 3225 2883 3252 ,
2911 3195 2957 3238 et
2982 3184 3036 3237 in
3065 3192 3290 3253 tempora
3311 3223 3327 3249 ,
3351 3183 3470 3237 etin

1956 3278 2082 3344 dies,
2113 3285 2161 3331 et
2185 3278 2240 3331 in
2266 3293 2425 3330 annos
2446 3273 2599 3349 (Gen.
2634 3275 2684 3329 l.
2719 3275 2830 3345 14).

1957 3413 2009 3467 1.
2053 3412 2187 3467 Volo
2225 3411 2435 3467 solitam
2475 3419 2703 3466 tractare
2741 3409 3037 3465 doctrinam
3061 3449 3076 3472 ,
3103 3417 3161 3464 et
3199 3419 3384 3478 torpeo
3410 3425 3471 3465 ac

1884 3505 2167 3558 detrecto:
2197 3510 2430 3558 mentem
2475 3501 2617 3557 enim
2661 3515 2833 3555 meam
2877 3499 3116 3556 confudit
3157 3509 3213 3555 et
3252 3509 3470 3555 contur-

1884 3596 2031 3651 bavit
2070 3594 2451 3665 superveniens
2494 3593 2725 3647 tristitiae
2765 3591 2934 3648 nubes
2969 3609 2982 3646 :
3013 3591 3121 3646 imo
3159 3607 3264 3646 neu
3299 3591 3468 3645 solum

1885 3685 2145 3752 tristitiaz,
2175 3684 2268 3740 sed
2295 3695 2349 3738 et
2373 3684 2465 3738 irae
2485 3725 2500 3747 ,
2529 3683 2597 3736 ita
2628 3691 2686 3736 ut
2714 3681 2944 3737 nesciam
2975 3680 3099 3751 quid
3127 3679 3421 3735 faciendum
3453 3697 3468 3734 :

1885 3788 2118 3835 mentem
2159 3779 2301 3834 enim
2331 3785 2556 3845 occupat
2586 3775 2872 3829 hresitatio.
2923 3774 3055 3829 Cum
3083 3773 3224 3828 enim
3254 3773 3430 3842 cogito
3451 3812 3470 3839 ,

1884 3885 1980 3925 vos
2007 3885 2220 3924 omnem
2253 3868 2396 3922 illam
2425 3876 2661 3922 nostram
2691 3864 3009 3931 doctrinam,
3033 3873 3087 3918 et
3110 3863 3468 3934 quotidianam

1881 3962 2300 4018 admonitionem
2340 3959 2409 4015 ad
2451 3958 2717 4013 modicum
2763 3956 2958 4012 diaboli
3001 3957 3182 4010 flatum
3212 3955 3467 4011 oblivioni

1885 4055 2165 4110 tradidisse
2189 4097 2206 4122 ,
2231 4063 2286 4108 et
2330 4053 2395 4107 ad
2427 4053 2719 4106 satanicum
2761 4050 2909 4104 illum
2949 4057 3250 4120 equestrem
3286 4047 3466 4102 lttdutu

1877 4159 2071 4201 .omnes
2098 4144 2459 4211 concurrisse,
2491 4159 2593 4214 qua
2623 4141 2896 4196 alacritate
2935 4151 3123 4210 potero
3151 4139 3339 4194 iterum
3367 4139 3467 4193 do-

1883 4239 2106 4292 ctrinam
2139 4236 2348 4292 tradere
2373 4277 2387 4300 ,
2414 4251 2532 4290 cum
2571 4233 2747 4304 priora
2777 4241 2881 4286 tam
2913 4233 3021 4286 cito
3049 4231 3228 4285 animo
3251 4229 3467 4285 excide-

1883 4329 2025 4384 rint?
2068 4329 2178 4382 Hoc
2205 4327 2345 4382 enim
2373 4335 2454 4380 est
2481 4323 2623 4395 quod
2654 4323 2986 4394 potissimum
3025 4337 3109 4375 me
3137 4328 3386 4391 torquet,
3415 4330 3467 4374 et

1881 4421 1946 4474 ad
1991 4421 2121 4475 iram
2165 4429 2506 4481 commovet,
2547 4415 2690 4486 quod
2718 4430 2840 4470 cum
2883 4423 3064 4468 nostra
3107 4411 3467 4467 admonitione

1881 4513 2233 4568 reverentiam
2261 4511 2418 4566 etiam
2437 4552 2452 4575 ,
2475 4525 2633 4580 quam
2655 4523 2822 4562 sacra:
2846 4504 3275 4576 Quadragesimre
3301 4503 3466 4558 debe-

1882 4603 1966 4668 tis,
2000 4619 2066 4657 ex
2094 4603 2273 4655 animo
2295 4609 2476 4656 vestro
2503 4599 2660 4654 simul
2688 4598 2952 4666 ejeceritis
2974 4637 2992 4663 ,
3021 4612 3220 4666 vosque
3248 4596 3324 4650 sic
3349 4594 3465 4649 diu-

1880 4692 1985 4748 boli
2019 4693 2218 4747 retibus
2245 4689 2590 4746 involveritis.
2619 4688 2897 4756 Quomodo
2917 4688 3035 4757 quis
3062 4687 3276 4757 poterit,
3305 4685 3462 4740 etiam

1878 4785 1962 4838 cui
1990 4800 2182 4839 saxeus
2201 4784 2409 4838 animus
2425 4825 2438 4846 ,
2466 4790 2672 4836 tantum
2697 4789 3057 4849 contemptum
3083 4795 3185 4833 non
3207 4780 3461 4850 gravatim

1879 4876 2057 4932 ferre?
2087 4877 2293 4932 Pudore
2320 4876 2547 4942 afficior,
2574 4877 2810 4940 credite;
2839 4885 2895 4929 et
2919 4875 3198 4939 erubesco,
3230 4889 3350 4926 cttm
3381 4872 3460 4924 vi-

1877 4968 1979 5024 deo
2003 4985 2100 5023 nos
2123 4972 2313 5022 frustra
2337 4968 2601 5031 laborare,
2623 4978 2677 5023 et
2699 4968 2748 5020 iu
2777 4979 2923 5035 petra
2945 4974 3237 5019 sementem
3255 4962 3460 5032 jacere.

1878 5064 1947 5117 At
1977 5062 2104 5116 mihi
2134 5061 2344 5132 quidem
2377 5062 2489 5116 sive
2516 5061 2652 5116 dicta
2701 5075 2818 5114 mea
2844 5057 3068 5113 audiatis
3093 5097 3108 5122 ,
3138 5056 3249 5110 sive
3277 5054 3462 5110 audire

1877 5158 2269 5221 contcnmatis,
2314 5170 2522 5211 merces
2569 5169 2682 5208 mea
2727 5154 2927 5222 integra
2973 5152 3092 5206 erit.
3135 5151 3266 5204 Nam
3303 5164 3461 5204 oume

1875 5247 2016 5317 quod
2043 5262 2219 5302 meum
2245 5257 2380 5312 erat,
2413 5247 2512 5302 feci
2543 5265 2556 5301 :
2584 5245 2860 5316 pecuniam
2890 5242 3242 5303 dinumeravi,
3270 5241 3459 5295 admo-

1878 5341 2110 5395 nitiones
2135 5339 2349 5394 adhibui
2377 5359 2388 5394 :
2413 5341 2576 5394 timeo
2599 5348 2796 5402 autem,
2819 5345 2872 5391 et
2892 5336 3082 5389 anxius
3107 5348 3248 5398 sum,
3272 5349 3336 5388 ne
3359 5332 3460 5387 hoc

1878 5433 2031 5488 vobis
2066 5431 2132 5485 ad
2168 5431 2424 5500 majorem
2468 5429 2857 5485 accusationem
2899 5425 3071 5481 cedat.
3107 5424 3296 5480 Seruus
3327 5423 3458 5476 enim

1875 5525 1992 5589 ille,
2019 5524 2114 5587 ait,
2144 5524 2230 5583 qui
2257 5524 2350 5576 scit
2393 5522 2696 5577 voluntatem
2735 5519 2924 5574 domini
2962 5518 3063 5581 sui,
3096 5526 3142 5571 et
3167 5534 3268 5570 non
3299 5517 3456 5586 (acu,

1875 5613 2130 5684 vapulabit
2156 5614 2324 5667 multis
2357 5613 2506 5682 (Luc.
2539 5612 2625 5667 12.
2657 5612 2769 5682 47).
2803 5610 3014 5665 Nullum
3039 5609 3179 5662 enim
3207 5607 3452 5674 cuiquam

1875 5718 2107 5762 vestrum
2137 5706 2200 5759 ad
2245 5706 2594 5775 ignorantiam
2621 5705 2722 5759 erit
2751 5703 3009 5774 refugium
3038 5743 3052 5767 ,
3085 5717 3205 5757 cum
3238 5715 3335 5754 nos
3362 5715 3454 5754 ca-

1877 5800 1996 5862 Jem
2037 5797 2270 5876 quotidie
2311 5799 2651 5867 insonetuus,
2691 5807 2744 5853 et
2783 5795 3124 5854 ostendamus
3165 5791 3458 5869 diabolioos
