4040 6378
579 371 648 426 55
1345 374 1401 428 S.
1443 371 1720 431 JOANNIS
1757 373 2236 433 CHRYSOSTOMI
2277 377 2601 437 ARCHIEP.
2637 380 3178 441 CONSTANTINOP.
3442 386 3500 404 "
3816 381 3888 437 56

583 488 821 557 laqueos.
852 498 905 543 et
932 504 1172 558 magnam
1204 489 1413 544 virtutis
1444 488 1773 556 facilitatem,
1806 492 1850 545 si
1882 501 2057 545 tamen
2088 491 2170 544 vi-

580 582 713 650 giles
750 594 871 635 esse
906 581 1247 634 voluerimus.
1297 583 1377 635 An
1425 582 1638 636 nescitis
1662 596 1756 636 eos
1797 584 1884 652 qui
1916 583 1995 637 sic
2021 597 2171 636 suam

583 677 806 725 salutem
838 672 1130 742 negligunt,
1163 681 1217 726 et
1236 672 1521 742 aliquando
1552 674 1654 728 huc
1681 673 1917 738 veniunt,
1941 674 2175 744 aliquan-

589 764 660 814 do
685 774 863 819 autem
897 764 947 818 in
976 764 1279 820 da-monum
1305 766 1437 820 retia
1465 781 1522 820 se
1553 766 1813 836 injiciunt,
1843 783 1873 821 a
1901 767 2174 838 Scriptura

582 856 757 909 divina
790 856 1012 911 canibus
1054 858 1391 927 comparari?
1435 857 1604 912 Homo
1638 859 1779 913 enim
1806 899 1822 923 ,
1851 860 2058 930 inquit,
2091 860 2175 927 qui

580 948 884 1001 convertitur
911 965 941 1001 α
971 959 1174 1019 peccato
1199 966 1321 1013 suo,
1350 960 1394 1003 et
1436 952 1616 1004 iterum
1644 952 1694 1003 in
1737 952 1959 1021 idipsum
2001 953 2132 1005 redit
2158 993 2173 1018 ,

581 1039 763 1093 similis
801 1049 873 1093 est
910 1042 1025 1093 cani
1068 1041 1135 1093 nd
1175 1042 1415 1095 vomitum
1448 1059 1595 1096 suum
1632 1042 2059 1115 redeuuti(Prov.
2084 1043 2173 1097 26.

584 1129 696 1199 ιι).
726 1129 889 1184 Vides
915 1133 997 1184 eui
1026 1132 1227 1186 similes
1257 1132 1379 1187 faeti
1420 1142 1546 1187 sunt
1568 1135 1656 1203 qui
1698 1135 1762 1188 ad
1805 1135 2044 1189 illicitum
2078 1135 2179 1191 hoc

584 1222 948 1293 spectaculum
996 1225 1384 1279 occurrerunt?
1429 1225 1541 1279 Non
1589 1226 1815 1281 audistis
1862 1226 2131 1280 Christum
2159 1268 2174 1291 ,

585 1315 852 1369 dicentem
887 1333 899 1369 :
934 1316 1110 1369 Omnis
1142 1318 1225 1388 qui
1251 1318 1391 1369 audit
1421 1318 1513 1371 Iros
1541 1335 1794 1371 sermones
1822 1336 1979 1383 meos,
2003 1330 2049 1371 et
2079 1335 2179 1373 non

586 1406 712 1475 facit
738 1422 823 1460 eos
842 1448 856 1471 ,
885 1408 1063 1461 similis
1096 1411 1190 1461 erit
1216 1410 1321 1463 viro
1347 1409 1501 1463 stulto
1521 1450 1536 1474 ,
1566 1411 1651 1479 qui
1674 1411 1945 1480 wdiﬁcuuit
1971 1411 2181 1465 domum

586 1516 730 1553 suam
758 1516 911 1569 super
940 1516 1185 1565 arenam;
1226 1517 1271 1555 et
1312 1512 1549 1555 venerunt
1576 1505 1792 1573 ﬂumina
1816 1543 1829 1567 ,
1859 1513 1906 1557 et
1934 1505 2181 1571 [laverunt

586 1595 719 1649 venti
742 1634 759 1659 ,
797 1604 843 1647 et
871 1595 1126 1648 irruerunt
1163 1597 1214 1648 in
1248 1597 1453 1649 domum
1480 1597 1653 1661 illam,
1688 1608 1735 1650 et
1772 1597 1983 1663 cecidit,
2013 1608 2059 1652 et
2085 1597 2182 1668 fuit

587 1690 738 1740 ruina
775 1688 912 1741 illius
941 1704 1124 1758 magna
1154 1688 1364 1758 (.lfetth.
1396 1690 1447 1742 7.
1475 1689 1565 1744 36.
1595 1689 1735 1761 27)?
1766 1692 1834 1744 At
1858 1692 1948 1761 qui
1980 1691 2045 1744 ad
2072 1694 2182 1744 cir-

588 1793 778 1832 censes
819 1778 972 1833 ludos
1002 1779 1208 1842 ierunt,
1241 1780 1330 1833 illo
1372 1781 1526 1851 longe
1549 1780 1845 1837 deteriores
1872 1781 1992 1837 facti
2034 1794 2176 1839 sunt.

592 1868 735 1923 Illius
774 1872 917 1925 enim
944 1871 1134 1925 domus
1162 1872 1365 1942 dcjecta
1391 1882 1510 1939 est,
1543 1872 1637 1928 sed
1668 1883 1788 1944 post
1818 1874 2046 1928 validam
2080 1876 2182 1929 itu-

590 1962 935 2031 pnlsionem:
982 1964 1198 2019 ﬂumina
1239 1967 1382 2020 enim
1431 1977 1485 2021 et
1531 1977 1717 2021 ventos
1756 1967 1928 2035 dixit,
1975 1984 2080 2023 non
2129 1976 2185 2023 ut

589 2064 870 2110 ventorum
913 2057 1143 2126 impetus
1171 2069 1223 2112 et
1251 2075 1507 2129 aquarum
1540 2060 1905 2116 multitudines
1944 2060 2170 2128 indicet,

591 2148 685 2204 sed
731 2160 787 2203 ut
832 2152 1179 2205 tentationum
1223 2151 1530 2207 violentiam
1573 2155 1838 2219 insinuet;
1879 2164 1932 2207 et
1973 2156 2183 2209 ruinam

590 2241 782 2295 domus
808 2284 821 2305 ,
855 2257 962 2296 non
1006 2252 1062 2296 nt
1094 2245 1397 2297 seusibilem
1437 2244 1653 2298 domum
1686 2246 2037 2316 imaginentur
2068 2264 2081 2299 :
2118 2247 2184 2301 de

590 2334 766 2387 anima
799 2335 941 2389 enim
988 2350 1166 2389 set-mo
1206 2344 1327 2402 est,
1359 2351 1477 2406 qua:
1521 2337 1771 2405 gravibus
1808 2336 2184 2392 afllictionibus

591 2429 841 2498 dejit-itur
866 2471 881 2496 ,
914 2447 1084 2502 neque
1111 2432 1213 2487 illis
1250 2433 1501 2488 resistere
1538 2441 1749 2502 potest;
1797 2433 1849 2487 in
1879 2447 1975 2487 vos
2005 2445 2183 2488 autem

596 2538 769 2592 neque
816 2533 1004 2578 ventus
1047 2523 1284 2590 afﬂavit,
1329 2540 1501 2595 neque
1540 2526 1686 2579 ﬂuvii
1732 2524 2041 2589 irruerunt;
2091 2525 2184 2579 sed

594 2615 872 2670 dumtaxat
911 2618 1084 2672 tenuis
1124 2619 1366 2687 qumdam
1394 2634 1524 2673 aura
1555 2618 1817 2675 diabolica
1848 2620 2104 2688 spiravit,
2131 2630 2187 2675 et

592 2725 783 2764 omnes
820 2726 915 2765 vos
954 2712 1233 2767 subvertit.
1281 2711 1418 2780 Quid
1462 2713 1563 2769 hac
1606 2713 1907 2784 insipientia
1951 2713 2186 2768 deterius

593 2800 787 2855 fuerit?
817 2818 932 2871 qua:
954 2802 1142 2872 jejunii
1173 2803 1409 2858 utilitas?
1431 2803 1536 2869 dic,
1564 2819 1692 2870 oro;
1724 2804 1864 2874 quod
1895 2804 2095 2857 lucrum
2119 2819 2185 2858 ex

597 2893 694 2946 hac
737 2895 1187 2964 congregatione?
1231 2895 1360 2961 Quis
1390 2912 1495 2951 non
1538 2905 1595 2951 et
1632 2911 1727 2950 vos
1751 2896 2091 2966 deploraret,
2132 2906 2187 2950 et

593 3000 694 3038 nos
724 2985 949 3039 miseros
975 2986 1217 3041 diceret?
1248 2986 1357 3043 Vos
1379 3028 1396 3053 ,
1430 2988 1643 3057 inquam
1669 3028 1684 3055 ,
1717 2988 1836 3057 quia
1863 2989 2038 3041 omnia
2065 3004 2185 3057 qua:

590 3076 917 3145 collegistis,
947 3079 1103 3133 simul
1129 3079 1389 3135 eﬂ'udistis
1410 3122 1425 3147 ,
1454 3090 1508 3135 et
1530 3081 1724 3151 januas
1758 3082 1953 3135 mentis
1990 3091 2184 3137 vestra:

592 3184 758 3239 pravo
782 3168 1013 3225 diemoni
1038 3174 1322 3240 aperuistis
1341 3214 1358 3240 ,
1388 3184 1443 3229 ut
1474 3175 1642 3229 facilis
1669 3175 1716 3230 ei
1746 3175 1920 3230 aditus
1946 3184 2090 3232 esset
2117 3176 2184 3230 ad

594 3260 893 3316 eﬂ‘erendas
922 3277 1109 3317 omnes
1139 3276 1344 3320 vestras
1370 3267 1674 3335 spirituales
1698 3266 1942 3334 divitias;
1974 3284 2070 3323 nos
2092 3285 2186 3324 ve-

597 3368 656 3405 ro
682 3352 907 3407 miseros
934 3355 1053 3423 quis
1074 3356 1196 3423 jure
1222 3357 1435 3425 dixerit,
1462 3359 1601 3428 quod
1628 3361 1695 3413 ita
1723 3359 1945 3416 mortuis
1967 3361 2183 3416 auribus

593 3445 978 3501 concionemnr
1000 3489 1014 3514 ,
1046 3464 1109 3503 ac
1136 3460 1332 3504 tantam
1359 3450 1618 3520 jacturam
1648 3451 1904 3507 faciamus
1924 3495 1937 3515 ,
1968 3464 2022 3508 et
2050 3471 2184 3523 quo-

594 3537 719 3591 tidie
740 3538 1083 3600 seminantcs,
1109 3541 1311 3593 nullum
1338 3543 1615 3612 percipere
1641 3544 1867 3597 fructum
1895 3544 2180 3611 possimus.

591 3627 726 3682 Num
748 3628 848 3684 hac
869 3629 979 3684 sola
1002 3632 1067 3685 de
1089 3648 1244 3686 causa
1272 3642 1376 3687 tam
1404 3634 1625 3688 studiosi
1651 3635 1701 3689 in
1725 3636 1953 3691 dicendo
1973 3652 2179 3704 sumus,

590 3733 647 3773 ut
676 3737 832 3777 aures
864 3733 1071 3777 vestras
1097 3725 1450 3793 oblectemus,
1478 3729 1559 3782 vel
1584 3728 1727 3799 quod
1752 3728 1950 3783 laudari
1976 3745 2004 3784 a
2033 3731 2182 3786 vobis

586 3815 901 3883 enpiamus?
928 3815 1036 3869 Nisi
1082 3816 1284 3871 lucrum
1315 3818 1466 3873 vobis
1504 3820 1573 3874 sit
1607 3836 1671 3874 ex
1710 3821 2046 3876 sermonibus
2086 3836 2183 3875 no-

590 3906 715 3961 stris
742 3946 755 3968 ,
788 3907 954 3961 satius
983 3908 1137 3962 fuerit
1177 3924 1273 3963 nos
1314 3909 1535 3979 posthac
1565 3910 1739 3966 silere.
1791 3910 1994 3966 Nollem
2036 3913 2179 3966 enim

590 3996 740 4052 vobis
764 3999 979 4067 majoris
1004 3999 1360 4055 damnationis
1381 4017 1539 4056 causa
1568 4002 1700 4057 ﬂeri.
1728 4003 2014 4058 Enimvero
2043 4005 2181 4059 sicut

587 4090 922 4158 negotiator,
954 4092 1041 4162 qui
1084 4109 1203 4147 cum
1233 4094 1411 4148 multis
1446 4094 1715 4149 mercibus
1752 4103 1807 4149 et
1830 4095 2019 4164 opibus
2044 4110 2176 4149 con-

588 4182 820 4251 gregatis
852 4199 1040 4238 navem
1070 4185 1389 4253 impleverit,
1423 4186 1599 4241 subito
1623 4197 1738 4241 orta
1764 4196 2099 4257 tempestate,
2124 4196 2179 4243 et

588 4273 909 4340 pra:valentc
935 4283 1208 4344 ventorum
1232 4277 1480 4331 violentia
1496 4319 1513 4339 ,
1539 4293 1713 4332 mersa
1736 4293 1856 4333 cum
1877 4278 2177 4334 vectoribus

587 4378 743 4427 nave,
773 4366 829 4417 lit
858 4365 1105 4420 omnibus
1132 4367 1435 4422 miserabile
1471 4370 1859 4438 spectaculum,
1886 4370 2059 4425 nudus
2084 4386 2174 4427 rc-

588 4464 747 4523 peute
776 4470 1038 4524 apparens
1062 4498 1077 4521 .
1107 4469 1160 4513 et
1188 4468 1308 4529 post
1337 4461 1592 4529 plurimas
1620 4461 2008 4532 immensasque
2035 4464 2174 4518 divi-

587 4545 689 4599 tias
712 4545 763 4600 in
786 4556 1081 4602 extremam
1108 4550 1354 4607 redactus
1381 4563 1691 4622 egestatem,
1722 4554 1790 4609 ita
1820 4565 1873 4610 et
1901 4556 2172 4612 vobiscum

583 4638 827 4694 diabolus
858 4658 996 4697 nunc
1022 4643 1149 4714 egit.
1180 4644 1311 4699 Nam
1339 4647 1461 4716 quia
1495 4647 1699 4701 invenit
1724 4662 1908 4703 navem
1937 4658 2169 4703 vestram

584 4730 913 4799 spiritualem
943 4734 1122 4788 multis
1146 4734 1346 4791 divitiis
1373 4746 1667 4805 oneratam,
1694 4746 1748 4793 et
1768 4740 1894 4793 vidit
1918 4740 2171 4809 grandem

589 4824 919 4891 thesaurum,
950 4843 1106 4896 quem
1150 4844 1216 4883 ex
1255 4829 1474 4898 jejuniis
1511 4840 1566 4885 et
1609 4832 1878 4885 continuis
1914 4832 2172 4888 doctrinis

580 4916 831 4987 colligere
861 4919 1102 4986 potuistis
1133 4937 1145 4972 :
1173 4921 1322 4990 quasi
1352 4930 1668 4991 tempesmte
1696 4923 1940 4992 quapiam
1972 4924 2172 4977 immis-

584 5024 642 5062 sa
671 5049 688 5075 ,
719 5007 904 5064 inutile
948 5020 1001 5065 et
1049 5011 1405 5081 perniciosum
1450 5014 1580 5068 illud
1626 5024 1872 5085 equestre
1898 5024 2167 5071 certamen

581 5101 743 5167 dico,
779 5119 874 5172 per
912 5104 1037 5158 illud
1085 5106 1256 5176 ipsum
1299 5108 1547 5162 omnibus
1574 5123 1668 5163 vos
1707 5108 1902 5163 divitiis
1930 5108 2172 5165 destituit

581 5205 630 5249 et
657 5196 923 5266 Spoliavit.

648 5288 704 5342 2.
764 5287 889 5344 Scio
936 5306 1022 5345 me
1071 5289 1467 5347 vehementiore
1508 5292 1868 5362 increpatione
1907 5294 2021 5361 uti,
2072 5295 2165 5351 sed

574 5387 887 5457 ignoscatis,
914 5400 1010 5439 oro
1034 5402 1047 5438 :
1075 5387 1144 5440 ita
1172 5388 1369 5456 quippe
1388 5386 1573 5441 dolens
1603 5388 1779 5441 anima
1805 5388 1958 5443 solet.
1984 5389 2166 5460 Neque

581 5479 717 5532 enim
747 5492 815 5533 ex
844 5478 1057 5532 mimico
1089 5488 1304 5547 pectore
1331 5479 1445 5533 haec
1474 5479 1662 5548 loquor
1681 5522 1696 5545 ,
1727 5480 1820 5534 sed
1850 5496 1913 5535 ex
1941 5481 2164 5538 sollicita

579 5568 846 5640 vestrique
866 5570 1225 5624 amantissima
1249 5569 1420 5623 anima
1448 5587 1460 5621 :
1488 5580 1769 5639 propterea
1794 5588 1857 5625 ex
1884 5576 2165 5629 severitate

577 5662 773 5735 aliquid
805 5662 1019 5717 remitto
1040 5703 1055 5727 ,
1084 5671 1138 5716 et
1162 5663 1284 5732 quia
1311 5662 1459 5717 ulcus
1489 5679 1712 5733 serpens
1739 5663 1950 5720 cobibui
1976 5707 1989 5731 ,
2022 5667 2163 5720 cari-

577 5765 734 5810 tatem
760 5766 990 5811 vestram
1021 5756 1210 5808 iterum
1236 5755 1370 5808 bona
1396 5771 1492 5824 spe
1520 5756 1758 5811 animare
1784 5757 1909 5810 volo
1928 5798 1943 5822 ,
1974 5772 2040 5812 ne
2062 5759 2159 5812 dc-

591 5843 843 5909 soeretis,
879 5857 981 5897 nec
1006 5843 1246 5898 animum
1280 5842 1677 5910 despondeatis.
1711 5848 1827 5905 Non
1859 5850 1997 5905 enim
2028 5850 2163 5906 sicut

2282 493 2336 547 in
2362 494 2707 551 sensibilihus
2737 496 2913 562 rebus.
2945 498 3097 555 itaet
3123 500 3209 555 hic
3234 500 3570 564 usu‘evenit;
3596 498 3705 554 illic
3733 514 3888 553 nam-

2280 601 2385 654 que
2427 587 2472 642 is
2517 589 2608 658 qui
2656 606 2721 644 ex
2767 589 2967 645 divitiis
3004 592 3055 645 in
3086 604 3382 645 extremam
3424 592 3675 646 redactus
3722 590 3893 645 fuerit

2282 676 2513 747 inopiam
2540 720 2554 744 ,
2582 680 2729 735 brevi
2771 697 2862 736 eas
2896 698 3145 752 reparare
3177 684 3398 752 nequit;
3450 684 3537 737 hic
3573 691 3754 736 autem
3787 698 3889 751 per

2284 771 2702 828 misericordiam
2732 775 2849 840 Dei,
2879 778 2921 830 si
2950 775 3106 831 modo
3125 776 3483 831 condemnare
3508 775 3646 830 facta
3668 785 3885 839 nostra,

2284 872 2339 916 et
2362 864 2471 931 jam
2501 866 2691 921 sistere
2714 866 2974 935 ignaviam
3002 868 3348 926 voluerimus.
3376 867 3670 936 poterimus
3699 866 3888 921 statim

2283 954 2348 1008 ad
2375 956 2652 1027 pristinam
2683 958 3061 1014 abundantiam
3092 962 3286 1015 redire.
3317 960 3463 1015 Talis
3491 960 3636 1014 enim
3665 968 3750 1013 est
3776 958 3890 1012 Do-

2284 1047 2462 1102 minus
2503 1058 2687 1104 noster
2711 1092 2725 1117 ,
2760 1060 2972 1121 tamque
3003 1052 3313 1123 magnificus
3342 1062 3396 1106 et
3428 1052 3663 1105 liberalis
3698 1068 3711 1103 :
3743 1049 3892 1102 unde

2283 1147 2338 1191 et
2383 1140 2576 1194 clamat
2617 1156 2713 1211 per
2759 1143 3111 1212 prophetam,
3158 1142 3342 1198 dicens
3385 1160 3399 1197 :
3452 1140 3725 1195 Voluntate
3767 1140 3891 1193 nolo

2284 1240 2496 1283 mortem
2522 1234 2799 1301 peccatoris
2818 1275 2834 1301 ,
2861 1234 2949 1287 sed
2976 1244 3032 1286 ut
3060 1244 3395 1295 convertatur,
3426 1244 3474 1289 et
3501 1234 3634 1287 vivat
3666 1233 3886 1305 (Ezeclt.

2286 1322 2373 1376 18.
2416 1323 2487 1377 23
2508 1323 2546 1393 ).
2577 1324 2698 1380 Scio
2726 1341 2820 1379 vos
2846 1326 2981 1396 frugi
3010 1326 3254 1381 homines
3278 1341 3399 1381 esse
3423 1367 3437 1392 ,
3470 1337 3524 1380 ct
3552 1326 3761 1395 lapsum
3791 1340 3891 1377 ve-

2286 1424 2453 1467 strum
2482 1417 2892 1486 persentiscere.
2923 1416 3041 1473 Non
3069 1426 3247 1472 autem
3276 1433 3436 1487 parva
3462 1417 3528 1470 ad
3561 1418 3776 1471 virtutis
3806 1432 3893 1468 re—

2284 1503 2453 1560 ditum
2494 1506 2579 1561 via
2605 1516 2716 1571 est,
2748 1509 2888 1564 scire
2919 1519 3258 1578 peccatorum
3286 1508 3732 1579 magnitudinem.
3767 1506 3890 1563 ιλιι..

2286 1614 2355 1653 ne
2381 1600 2501 1670 quis
2540 1600 2669 1655 mihi
2712 1603 2901 1657 iterum
2928 1602 3176 1658 diabolici
3210 1603 3352 1657 illius
3380 1604 3581 1657 erroris
3610 1600 3777 1656 verba
3806 1601 3890 1653 af-

2287 1690 2458 1759 ferat,
2484 1691 2666 1747 dicens
2707 1713 2718 1748 :
2749 1694 2915 1760 Quale
2944 1706 3216 1764 peccatum
3244 1708 3359 1759 est,
3393 1695 3575 1749 videre
3605 1702 3894 1747 currentes

2286 1786 2493 1853 equos?
2519 1785 2574 1840 Si
2604 1785 2836 1840 volueris
2878 1787 3167 1856 prudenter
3205 1788 3385 1843 omnia
3416 1787 3626 1843 discere
3660 1802 3786 1857 quae
3821 1785 3894 1839 ibi

2288 1873 2443 1941 fiunt,
2482 1874 2722 1931 invenies
2758 1878 2938 1931 omnia
2972 1893 3039 1933 ex
3078 1878 3313 1933 satanica
3353 1878 3670 1948 operatione
3703 1876 3898 1947 prodi-

2286 1980 2347 2019 re
2374 1965 2469 2036 (η).
2501 1964 2617 2021 Non
2647 1968 2788 2022 enim
2813 1968 3059 2023 videntur
3085 1969 3184 2025 soli
3213 1970 3337 2040 equi
3363 1980 3680 2036 currentes,
3708 1969 3809 2024 sed
3843 1980 3900 2023 et

2287 2058 2551 2114 clamores
2576 2102 2589 2125 ,
2620 2070 2672 2115 et
2703 2061 3045 2132 blasphemia
3070 2102 3086 2129 ,
3114 2071 3169 2119 et
3193 2063 3345 2117 multi
3385 2062 3750 2131 intempestivi
3778 2077 3902 2116 ser-

2288 2165 2476 2205 mones
2501 2151 2787 2207 audiuntur
2809 2194 2825 2217 ,
2856 2164 2911 2209 et
2940 2154 3192 2210 mulieres
3217 2155 3523 2224 prostituta:
3564 2155 3616 2207 in
3650 2153 3903 2208 medium

2288 2244 2588 2312 prodeunt,
2620 2255 2673 2299 et
2713 2256 3020 2315 spectantur
3058 2246 3250 2302 molles
3287 2257 3340 2301 et
3379 2245 3673 2301 effeminati
3715 2246 3902 2315 pueri.

2289 2333 2421 2387 Num
2453 2350 2612 2404 parva
2645 2336 2737 2391 tibi
2770 2337 2882 2392 haec
2913 2338 3180 2405 videntur,
3209 2348 3408 2408 etquae
3438 2337 3502 2392 ad
3531 2339 3779 2407 captivas
3802 2339 3907 2391 ab-

2289 2424 2561 2480 ducendas
2585 2428 2790 2483 animas
2818 2444 3004 2499 parum
3034 2429 3269 2485 faciant?
3296 2429 3427 2483 Nam
3451 2431 3493 2484 si
3525 2430 3732 2484 fortuiti
3762 2445 3907 2485 con-

2289 2526 2480 2569 ventus
2508 2517 2748 2573 incautos
2776 2533 2919 2589 sa-pe
2947 2521 3376 2590 supplantarunt,
3404 2531 3459 2576 et
3489 2520 3542 2574 in
3572 2521 3908 2590 perditionis

2290 2608 2607 2679 profundum
2625 2627 2766 2682 stupe
2788 2622 3088 2680 traxerunt,
3104 2614 3229 2683 quid
3251 2613 3540 2670 verisimile
3551 2614 3909 2670 cstacciderc

2291 2700 2416 2766 illis,
2450 2703 2537 2772 qui
2568 2703 2694 2759 illuc
2715 2719 2777 2759 ca
2807 2704 2875 2759 de
2904 2719 3064 2759 causa
3094 2705 3334 2768 veniunt,
3363 2715 3416 2759 ct
3445 2706 3633 2760 oculos
3665 2716 3907 2775 pascunt

2289 2791 2483 2847 illicitis
2511 2794 2655 2850 hisce
2681 2796 3087 2864 spectaculis,et
3112 2797 3235 2851 inde
3262 2796 3480 2865 perfecti
3510 2797 3739 2851 adulteri
3771 2796 3906 2850 dis-

2288 2888 2525 2942 cedunt?
2569 2888 2838 2959 Benignns
2877 2890 3021 2944 enim
3070 2890 3325 2944 Dominus
3375 2900 3559 2944 noster
3581 2890 3767 2943 sciens
3795 2905 3905 2942 na-

2290 2991 2461 3035 turam
2493 2990 2726 3035 nostram
2746 2982 3019 3035 tentationi
3050 2983 3368 3051 expositam,
3392 2990 3445 3035 ct
3473 2980 3742 3034 da-tuonis
3765 2996 3901 3032 ver-

2289 3082 2461 3126 sutam
2509 3081 2562 3126 et
2608 3073 2805 3126 variam
2855 3072 3150 3138 malitiam,
3205 3071 3341 3126 bene
3391 3086 3492 3126 nos
3544 3072 3820 3149 muniens.
3849 3070 3901 3124 et

2291 3162 2726 3234 inexpugnabiles
2764 3164 2986 3218 reddere
3025 3162 3213 3217 volens
3236 3203 3251 3229 ,
3286 3162 3458 3233 legem
3504 3165 3641 3217 hanc
3670 3164 3861 3234 posuit
3887 3206 3900 3226 ,

2287 3258 2470 3311 dicens
2504 3274 2516 3310 :
2553 3256 2651 3322 Qui
2679 3257 2878 3326 inspicit
2906 3258 3164 3311 mulierem
3192 3267 3244 3310 ut
3266 3257 3588 3327 concupiscat
3618 3273 3758 3324 eant,
3777 3258 3899 3326 jam

2287 3350 2602 3402 adulteratus
2628 3359 2698 3403 est
2726 3366 2835 3403 eam
2861 3350 2910 3403 in
2942 3350 3092 3403 corde
3120 3366 3212 3404 suo
3233 3349 3452 3419 (.lIattIt.
3481 3351 3534 3405 5.
3563 3349 3659 3420 28)
3679 3392 3695 3417 ,
3731 3352 3896 3404 adul-

2290 3444 2477 3496 terium
2510 3452 2936 3497 consummatum
2967 3441 3209 3497 vocando
3238 3451 3519 3511 aspectum
3549 3458 3674 3498 cum
3703 3444 3898 3499 curio-

2287 3535 2442 3587 sitate
2489 3533 2704 3587 factum.
2753 3533 2829 3588 Ne
2860 3533 3016 3604 igitur
3043 3533 3130 3588 dic
3160 3534 3296 3588 ultra
3329 3552 3341 3587 :
3372 3534 3510 3601 Quid
3539 3535 3666 3589 mali
3696 3551 3767 3590 ex
3801 3537 3894 3590 illa

2289 3623 2769 3693 frequentatione?-
2795 3623 2936 3677 Istud
2982 3624 3153 3692 ipsum
3201 3626 3345 3679 enim
3390 3625 3576 3681 videre
3619 3642 3897 3697 equorum

2286 3722 2559 3767 certamen
2584 3755 2598 3777 ,
2625 3712 2821 3767 sufficit
2846 3712 2909 3766 ad
2939 3714 3160 3767 multam
3189 3714 3484 3783 perniciem
3511 3717 3709 3771 anima:
3752 3717 3899 3771 infe-

2287 3803 2527 3859 rendam.
2552 3804 2684 3859 Nam
2714 3820 2835 3859 cum
2868 3805 2918 3859 in
2948 3804 3150 3859 inutilia
3169 3846 3183 3871 ,
3213 3815 3268 3861 et
3291 3821 3355 3861 ea
3381 3823 3506 3876 qua:
3530 3809 3729 3862 animm
3758 3809 3900 3866 nihil

2284 3898 2605 3963 conducunt,
2630 3898 2724 3953 sed
2750 3907 2805 3953 et
2829 3898 3086 3952 damnosa
3114 3912 3267 3966 sunt,
3293 3911 3505 3971 tempus
3527 3904 3863 3959 insumimus
3880 3946 3899 3970 ,

2282 3993 2637 4057 altercamur,
2669 4002 2724 4047 et
2766 3993 3045 4048 innumera
3091 3995 3249 4047 verba
3275 4036 3291 4061 ,
3323 4005 3380 4051 et
3421 4012 3541 4065 quae
3586 3996 3735 4067 loqui
3780 4014 3898 4053 non

2281 4092 2531 4153 Oportet,
2563 4083 2832 4152 loquimur
2859 4102 2871 4137 :
2901 4100 3062 4154 quam
3091 4084 3409 4141 habebimus
3437 4087 3699 4141 veniam?
3726 4102 3898 4158 quam

2281 4173 2677 4230 excusationem
2701 4174 2724 4227 ’ἒ
2774 4174 2842 4228 Ει
2871 4174 2958 4229 hic
2981 4176 3194 4245 quidem
3224 4176 3270 4229 si
3306 4177 3465 4244 paulo
3496 4178 3763 4247 prolixius
3789 4180 3899 4233 do-

2280 4282 2488 4334 cemus,
2516 4268 2669 4323 multi
2700 4277 3014 4322 succensent
3041 4278 3094 4323 et
3123 4284 3264 4338 :cgre
3291 4269 3490 4333 ferunt,
3518 4279 3575 4325 et
3604 4271 3901 4327 infirmita-

2280 4371 2386 4417 tem
2425 4362 2669 4432 corporis
2705 4369 2759 4416 et
2788 4361 2996 4416 labores
3026 4369 3367 4431 praetexunt,
3402 4362 3528 4417 licet
3566 4363 3901 4421 admirabile

2279 4451 2438 4522 hujus
2464 4453 2645 4523 templi
2678 4461 2874 4509 tectum
2906 4452 3125 4506 multum
3158 4454 3399 4519 soletur;
3432 4454 3563 4508 nihil
3596 4458 3743 4510 enim
3776 4474 3901 4511 mo-

2280 4548 2446 4603 lestize
2465 4547 2605 4616 parit
2626 4545 2815 4616 frigus,
2834 4544 2921 4600 vel
2941 4545 3138 4615 pluvia,
3161 4555 3254 4600 aut
3277 4555 3561 4601 ventorum
3583 4551 3896 4618 asperitas;

2278 4640 2385 4694 illic
2412 4653 2565 4703 vero,
2594 4638 2717 4693 licet
2742 4637 2965 4692 multum
2996 4638 3391 4707 compluantur,
3424 4653 3456 4693 a
3484 4641 3666 4695 ventis
3691 4641 3900 4697 validis

2278 4740 2555 4792 vexentur,
2576 4738 2631 4785 et
2650 4730 2830 4784 calore
2846 4729 2975 4783 solis
2991 4729 3271 4799 aliquando
3288 4740 3541 4797 mstuent,
3561 4746 3674 4787 non
3698 4749 3894 4801 unam,

2276 4837 2451 4892 neque
2489 4822 2624 4876 duas
2665 4830 2868 4875 tantum
2912 4822 3108 4884 horas,
3142 4821 3237 4876 sed
3284 4822 3480 4876 bonam
3521 4823 3629 4878 diei
3677 4837 3894 4894 partem

2276 4924 2573 4979 versantur,
2593 4923 2646 4967 et
2668 4929 2838 4983 neque
2860 4928 3021 4967 senex
3045 4928 3209 4968 canos
3234 4929 3361 4968 SUOS
3382 4926 3685 4979 I'CVBI‘BIUI',
3708 4933 3902 4987 neque

2271 5005 2523 5074 juvenem
2555 5007 2713 5075 pudet
2737 5006 2803 5059 ad
2829 5021 3081 5060 canorum
3111 5005 3441 5060 irritamenta
3471 5009 3550 5062 ire
3575 5026 3589 5061 :
3615 5009 3715 5064 sed
3741 5021 3893 5066 tanta

2274 5109 2356 5153 est
2391 5099 2503 5152 hcce
2532 5098 2774 5166 deceptio
2798 5139 2813 5164 ,
2846 5106 2903 5151 ut
2927 5113 3046 5151 cum
3076 5098 3347 5167 voluptate
3378 5098 3497 5154 haec
3522 5116 3646 5156 esca
3676 5104 3895 5157 anima-

2278 5204 2392 5243 rum
2422 5188 2749 5254 admittatur,
2778 5203 2876 5242 nec
2900 5189 3185 5257 cogitetur,
3210 5188 3529 5247 damnosam
3560 5191 3705 5247 hanc
3732 5194 3896 5248 volu-

2276 5292 2473 5353 ptatem
2513 5282 2727 5335 brevem
2766 5294 2888 5334 esse
2922 5289 2976 5334 et
3016 5280 3394 5351 temporariam
3420 5322 3436 5349 ,
3469 5281 3718 5339 dolorem
3755 5302 3893 5341 vero

2273 5384 2587 5444 perpetuum
2610 5413 2625 5437 ,
2675 5381 2729 5425 et
2769 5372 3004 5441 graviter
3043 5380 3415 5427 accusaturam
3458 5377 3891 5431 conscientiam.

2276 5464 2443 5520 Video
2470 5464 2611 5518 enim
2639 5477 2778 5516 nunc
2805 5462 3105 5531 aliquorum
3134 5462 3320 5529 facies,
3348 5473 3403 5519 et
3430 5465 3684 5534 conjecto
3706 5470 3892 5537 qualis

2273 5559 2463 5612 anima:
2491 5572 2674 5611 eorum
2703 5565 2871 5609 status
2890 5597 2905 5619 ,
2937 5565 3242 5625 quantaque
3272 5571 3414 5611 nunc
3441 5559 3767 5629 paenitentia
3802 5570 3892 5614 te-

2274 5660 2517 5707 neantur.
2551 5648 2747 5703 Verum
2782 5663 2847 5703 ne
2879 5649 3066 5702 iterum
3098 5650 3148 5703 in
3177 5650 3367 5705 eadem
3395 5653 3679 5719 recidat'is,
3706 5669 3892 5723 neque

2332 5857 2404 5910 (al
2439 5854 2493 5905 In
2516 5854 2647 5903 circo
2673 5851 2827 5914 turpia
2850 5848 3125 5913 spectacula
3150 5848 3508 5901 eliciebantur.
