4040 6378
62 377 124 435 55
1289 373 1354 428 IN
1389 371 1546 428 CAP.
1588 371 1605 425 1
1648 369 1765 425 GEI‘

1888 409 1893 424 .
1931 369 2181 428 IIOMIL;
2211 373 2300 426 VI.
2741 375 2750 388 "
3448 365 3518 420 56

60 513 140 548 και
159 493 259 562 τῆς
285 492 496 563 ἀρετῆς
525 493 623 563 τὴν
655 491 854 562 πολλὴν
882 490 1154 554 εὐκολίαν,
1183 489 1277 543 ἐάν
1301 493 1493 561 νήφειν
1526 488 1732 560 βουλοί-

62 582 206 650 μεθα.
239 580 312 632 Ίί
343 580 448 632 οὐκ
482 580 596 632 ίστε
626 579 711 632 ὅτι
738 580 868 642 τοὺς
895 578 1038 632 οὕτω
1076 578 1175 648 τῆς
1207 577 1416 631 ἑαυτῶν
1459 575 1734 646 σωτηρίας

59 667 434 739 ἀμελοῦντας,
483 666 579 721 καί
619 683 752 719 ποτε
805 667 904 736 μὲν
949 664 1186 719 ἐνταῦθα
1225 665 1732 736 παραγινομένους,

60 755 235 810 ἀλλοτε
267 755 330 806 δὲ
353 756 436 816 εἰς
468 752 534 805 τὰ
566 751 661 805 τοῦ
687 751 934 806 διαϐόλου
955 751 1146 804 δίκτυα
1177 752 1403 813 ἐαυτοὺς
1429 749 1736 811 ἐκδιδόντας

63 845 159 901 τάς
189 841 322 894 κυσὶ
356 839 700 910 παραϐάλλει
733 843 767 910 ἡ
803 839 921 892 θεία
959 839 1149 910 Γραφή
1179 855 1194 903 ;
1223 840 1571 905 Ἀνθρωπος
1603 835 1732 906 γὰρ,

66 930 235 999 φησιν,
248 925 660 996 ἀποστρέφων
671 927 788 981 ἀπὸ
807 925 916 994 τῆς
927 925 1217 995 ἁμαρτίας
1234 925 1420 980 αὐτοῦ
1435 925 1534 977 καὶ
1549 923 1739 977 πάλιν

65 1017 138 1077 εἰς
156 1010 356 1079 αὐτὴν
378 1010 664 1073 ἐπανιὼν,
684 1009 887 1077 ὅμοιός
906 1009 1036 1061 ἐστι
1051 1007 1190 1061 κυνί
1203 1006 1619 1076 ἐπιστρέφοντι
1639 1005 1734 1058 ἐπὶ

67 1100 161 1151 τὸν·
175 1098 334 1152 ἰδιον
350 1097 590 1168 ἔμετον.
629 1097 792 1167 Ὁρᾷς
815 1095 922 1148 τίνι
944 1093 1186 1147 ἐοίκασιν
1227 1095 1275 1147 οἰ
1323 1095 1459 1164 πρὸς
1489 1093 1584 1163 τὴν
1615 1091 1739 1148 θέαν

69 1188 266 1258 ἐκείνην
293 1186 397 1257 τὴν
433 1185 751 1256 παράνομον
778 1182 1182 1254 δεδραμηκότες
1208 1195 1272 1248 ις
1315 1183 1430 1235 Οὐκ
1471 1182 1740 1252 ἡκούσατε

71 1275 148 1328 τοῦ
171 1273 413 1345 Χριστοῦ
431 1274 705 1342 λέγοντος,
721 1269 844 1338 Πᾶς
876 1274 909 1324 ὀ
942 1271 1181 1325 ἀκούων
1201 1288 1320 1340 μου
1354 1271 1496 1336 τοὺς
1519 1271 1742 1340 λόγους

72 1365 328 1428 τούτους,
370 1361 474 1414 καὶ
494 1360 582 1430 μὴ
605 1357 792 1413 ποιῶν
810 1357 1061 1424 αὐτοὺς,
1100 1357 1526 1426 ὁμοιωθήσεται
1571 1357 1744 1427 ἀνδρί

68 1451 244 1521 μωρῷ,
264 1452 442 1516 ὅστις
467 1448 814 1519 ᾠκοδόμησε
826 1448 939 1517 τὴν
956 1449 1154 1500 οἰκίαν
1166 1447 1356 1502 αὐτοῦ
1383 1448 1482 1501 ἐπὶ
1506 1446 1622 1514 τὴν
1637 1447 1744 1516 ἅμα

72 1557 192 1608 μεν,
205 1539 304 1592 καὶ
320 1535 583 1608 ἦλθον-οἰ
594 1535 869 1606 ποταμοί,
888 1533 990 1589 καὶ
1003 1533 1316 1588 ἔπνευσαν
1332 1538 1384 1588 οἱ
1401 1534 1628 1604 ἄνεμοι,
1645 1535 1744 1587 καὶ

75 1626 488 1695 προσέρῤηξαν
498 1623 571 1692 τῇ
589 1625 745 1691 οἰκίᾳ
764 1623 989 1693 ἐκείνῃ,
1004 1622 1102 1677 καί
1117 1622 1323 1689 ἔπεσε,
1345 1621 1439 1676 καί
1460 1619 1536 1693 ἦν
1547 1624 1584 1690 ἡ
1603 1619 1748 1674 πτῶο

76 1733 158 1781 σις
171 1717 278 1768 αὐτ
291 1713 366 1780 ῆς
377 1713 640 1783 μεγάλης
664 1713 725 1766 Oi
753 1711 810 1764 δὲ
825 1713 904 1775 εἰς
927 1711 1026 1782 τὴν
1042 1709 1403 1781 ἱπποδρομίαν
1419 1708 1750 1781 δεδραμηκό⁴

77 1821 152 1865 τες
165 1803 258 1855 καί
280 1800 482 1854 τούτου
501 1800 717 1870 χείρους
731 1799 1038 1866 γεγόνασιν.
1054 1795 1295 1852 Ἐκείνου
1311 1798 1420 1868 γὰρ
1437 1798 1468 1868 ἡ
1485 1797 1628 1850 οἰκία
1649 1797 1749 1850 κᾶν

83 1890 200 1960 μετά
236 1889 340 1959 τὴν
366 1886 682 1959 προσϐολὴν
702 1885 801 1957 τὴν
831 1885 1185 1939 κατάπτωσιν
1224 1885 1485 1956 ὑπέμεινε
1523 1901 1538 1915 ο
1579 1901 1748 1937 ποτα-

85 1979 201 2047 μοὺς
242 1976 359 2047 γὰρ
415 1976 513 2028 καὶ
555 1974 795 2044 ἀνέμους
837 1969 990 2025 εἶπεν
1014 2016 1028 2038 ,
1060 1973 1160 2042 οὐχ
1201 1972 1287 2024 ἵνα
1313 1970 1520 2024 ὑδάτων
1549 1971 1752 2042 πλῆθος

85 2062 339 2133 αἰνίξηται
372 2061 402 2100 1³
435 2065 571 2132 ἡμῖν
627 2061 723 2114 καὶ
777 2061 993 2130 ἀνέμων
1044 2059 1416 2131 σφοδρότητα,
1461 2057 1596 2112 ἀλλά
1644 2057 1752 2110 τῶν

83 2150 392 2224 πειρασμῶν
419 2149 524 2222 τὴν
547 2148 845 2219 ἐπαγωγὴν
865 2149 964 2219 τὴν
994 2147 1229 2218 σφοδράν
1269 2164 1283 2178 ’
1331 2149 1426 2199 καὶ
1457 2146 1556 2216 τὴν
1581 2147 1753 2200 κατάο

83 2256 276 2293 πτωσιν
310 2239 414 2310 τῆς
445 2237 645 2300 οἰκίας,
677 2237 774 2306 οὐχ
803 2237 890 2290 ἵνα
920 2236 1052 2307 περὶ
1072 2234 1341 2305 αἰσθητῆς
1385 2234 1562 2298 οἰκίας
1605 2234 1758 2304 νομί-

86 2345 254 2398 σωμεν
301 2344 316 2358 ο
371 2326 505 2397 περὶ
558 2325 669 2397 γὰρ
721 2324 900 2396 ψυχῆς
947 2323 978 2375 ὁ
1033 2323 1191 2393 λόγος
1235 2324 1335 2394 τῆς
1361 2322 1472 2376 ἀπὸ
1513 2323 1616 2393 τῆς
1648 2321 1757 2374 τῶν

86 2414 261 2467 δεινῶν
307 2412 624 2484 προσϐολῆς
673 2410 1133 2480 καταπιπτούσης
1154 2451 1170 2475 ,
1200 2411 1297 2464 καὶ
1325 2410 1400 2481 μὴ
1433 2408 1758 2480 δυνηθείσης

88 2503 353 2570 ἀντισχεῖν
381 2517 397 2530 ι
429 2499 516 2568 ἐφ’
573 2497 731 2566 ὑμῶν
781 2499 839 2552 δὲ
879 2497 1006 2552 οὔτε
1066 2497 1267 2568 ἄνεμος
1313 2497 1579 2568 ἐκινήθη,
1635 2494 1760 2549 οὕτε

90 2588 314 2658 ποταμοὶ
367 2585 778 2659 προσέρρηξαν,
834 2585 949 2640 ἀλλ’
1008 2585 1197 2646 ἁπλῶς
1247 2582 1389 2655 αὖρα
1436 2601 1520 2647 τις
1586 2584 1762 2655 μικρά

90 2674 360 2744 διαδολικὴ
402 2674 660 2740 ἔπνευσε,
711 2673 807 2727 καὶ
855 2672 1068 2736 πάντας
1113 2673 1258 2744 ὑμᾶς
1309 2670 1651 2744 ἀνεβρίπισε.
1695 2671 1761 2723 Τί

92 2765 280 2834 ταύτης
326 2764 429 2834 τῆς
468 2763 657 2826 ἀνοίας
695 2764 879 2834 χεῖρον
923 2761 1124 2831 γένοιτ’
1153 2762 1254 2827 ἄν;
1296 2761 1350 2814 τί
1379 2761 1480 2830 τῆς
1509 2760 1765 2830 νηστείας

95 2851 289 2918 δφελος,
327 2850 452 2903 εἰπέ
479 2867 599 2921 μοι;
627 2850 680 2903 τί
698 2851 796 2920 τῆς
820 2848 1056 2903 ἐνταῦθα
1081 2847 1444 2912 συνελεύσεως
1470 2847 1530 2902 τὸ
1555 2847 1763 2920 κέρδος;

96 2939 177 3003 Τίς
203 2940 304 2992 οὐκ
330 2937 396 2991 ἂν
424 2940 521 2991 καὶ
545 2938 689 3008 ὑπὲρ
718 2937 871 3008 ὑμῶν
902 2938 1174 3002 στενάξειε
1197 2979 1213 3005 ,
1244 2937 1340 2991 καὶ
1375 2938 1520 3008 ἡμᾶς
1550 2936 1768 2990 ταλανί-

99 3043 262 3092 suav;
301 3025 478 3096 ’Υπὲρ
506 3023 663 3096 ὑμῶν
692 3025 789 3095 μὲν
809 3066 825 3092 ,
856 3025 937 3078 ὅτι
966 3025 1184 3080 ἅπαντα
1203 3064 1218 3087 ,
1262 3024 1362 3078 ὅσα
1391 3025 1726 3094 συνηγάγετε
1752 3063 1766 3085 ,

205 3114 262 3166 ἐν
297 3112 554 3183 ἐξεχέατε
581 3154 594 3174 ,
630 3114 724 3165 καὶ
758 3112 858 3176 τὰς
887 3111 1058 3186 θύρας
1084 3111 1188 3182 τῆς
1210 3112 1451 3178 διανοίας
1489 3111 1643 3182 ὑμῶν
1672 3112 1768 3164 άν-

99 3201 392 3253 ετπτάσατε
424 3199 503 3269 τῷ
529 3199 754 3270 πονηρῷ
779 3199 994 3270 δαίμονι
1011 3241 1026 3263 ,
1053 3199 1194 3253 ὥστε
1220 3199 1316 3252 καὶ
1346 3198 1606 3252 εἰσελθεῖν
1624 3240 1639 3265 ,
1675 3200 1770 3252 καὶ

102 3290 226 3358 μετά
267 3287 479 3358 πολλῆς
505 3287 607 3358 τῆς
628 3287 879 3352 εὐκολίας
919 3287 1100 3342 πάντα
1139 3288 1293 3359 ὑμῶν
1337 3288 1642 3359 ἐκφορῆσαι
1679 3288 1772 3341 τὸν

100 3376 316 3429 πλοῦτον
354 3375 448 3428 τὸν
479 3375 867 3446 πνευματικόψ
899 3377 1048 3447 ἡμᾶς
1071 3375 1128 3429 δέ
1155 3375 1493 3429 ταλανίσειεν
1525 3373 1769 3438 εἰκότως,

99 3466 170 3515 ὅτι
209 3465 291 3526 εἰς
342 3463 548 3535 νεκρὰς
590 3463 763 3527 οὕτως
809 3463 1109 3536 ἐνηχοῦμεν
1146 3463 1315 3528 ἀκοάς
1338 3502 1353 3526 ,
1383 3465 1476 3516 καὶ
1503 3462 1773 3532 τοσαύτην

103 3546 292 3617 ζημίαν
340 3546 693 3617 ὑπομένομεν
743 3545 862 3600 καθ’
915 3546 1153 3618 ἑκάστην
1203 3547 1418 3618 ἡμέραν
1462 3545 1775 3617 σπείροντες

104 3636 228 3701 μὲν,
291 3633 467 3705 μηδὲν
512 3633 569 3686 δὲ
628 3632 975 3704 καρποῦσθαι
1037 3634 1350 3705 δυνάμενοι.
1406 3635 1498 3705 Μὴ
1541 3635 1650 3704 γὰρ
1689 3631 1777 3685 διὰ

101 3722 242 3776 τοῦτο
271 3722 460 3790 λέγειν
491 3722 869 3794 σπουδάζομεν
890 3765 906 3788 ,
954 3723 1096 3776 ὥστε
1145 3722 1335 3786 ἁπλῶς
1381 3722 1578 3793 τέριῖιαι
1620 3720 1776 3792 ὑμῶν

103 3813 186 3880 τὴν
215 3810 411 3882 ἀκοὴν,
447 3809 480 3881 ἡ
517 3810 594 3872 ὼς
621 3809 716 3864 τοῦ
753 3813 885 3881 παρ’
914 3811 1070 3881 ὑμῶν
1108 3811 1329 3864 ἐπαίνου
1373 3810 1682 3881 ἐφιέμενοι;
1715 3810 1777 3864 Εἰ

107 3899 170 3968 μὴ
193 3898 448 3967 μέλλοιτέ
467 3915 520 3950 τι
541 3899 847 3969 κερδαίνειν
879 3901 944 3952 ἐκ
963 3899 1072 3952 τῶν
1099 3899 1230 3971 παρ’
1259 3899 1416 3971 ἡμῶν
1444 3899 1776 3970 λεγομένων,

107 3984 302 4052 βέλτιον
333 3986 484 4056 ἡμᾶς
517 3986 743 4056 σιγῆσαι
771 3987 976 4040 λοιπόν.
1021 3987 1156 4040 Οὐδὲ
1195 3987 1304 4060 γὰρ
1347 3986 1608 4057 βούλομαι
1651 3986 1780 4057 ὑμῖν

107 4071 319 4127 πλείονα
371 4071 475 4142 τὴν
521 4073 849 4143 κατάκρισιν
905 4074 1254 4144 ἐργάζεσθαι.
1332 4072 1600 4146 Καθάπερ
1669 4072 1779 4144 γὰρ

107 4154 356 4228 ἔμπορος,
412 4157 635 4212 ἐπειδάν
680 4160 846 4214 πολύν
897 4163 991 4214 τὸν
1033 4161 1230 4232 φόρτον
1279 4160 1558 4232 συναγάγῃ
1585 4170 1634 4224 ο,
1687 4159 1782 4212 καί

108 4245 544 4318 πεπληρωμένην
587 4247 686 4317 τὴν
732 4247 933 4302 ὁλκάδα
967 4248 1108 4319 ἔχων
1141 4247 1338 4301 πολλοῦ
1375 4246 1471 4301 τοῦ
1506 4246 1740 4302 πλούτου
1764 4288 1778 4310 ,

111 4331 301 4403 ἀθρόας
326 4334 643 4404 καταιγίδος
679 4336 1116 4408 προσπεσούσης,
1149 4336 1244 4390 καὶ
1272 4337 1371 4408 τῆς
1398 4336 1508 4389 τῶν
1539 4335 1784 4406 πνευμά-

112 4435 204 4471 των
236 4421 359 4491 βίας
400 4426 838 4495 περιγενομένης
863 4424 1157 4496 αὔτανδρον
1183 4424 1460 4498 καταδύσῃ
1475 4425 1537 4479 τὸ
1553 4424 1781 4492 σκάφος,

113 4508 332 4563 ἐλεεινὸν
363 4510 542 4564 ἆπασι
575 4511 756 4584 θέαμα
780 4511 1014 4582 γίνεται,
1045 4514 1251 4584 γυμνὸς
1276 4512 1534 4585 ἐξαίφνης
1569 4513 1781 4583 φανεὶς.

116 4597 198 4648 καὶ
233 4597 374 4668 μετά
418 4599 589 4652 πολὺν
633 4601 726 4654 καί⁸
768 4601 974 4670 ἄφατον
1017 4600 1248 4655 πλοῦτον
1290 4602 1350 4655 ἐν
1387 4602 1592 4672 ἐσχάτῃ
1622 4599 1785 4672 πενίᾳ

117 4685 380 4749 καταστάς
410 4684 553 4759 [41],
582 4687 675 4739 τὸν
704 4688 866 4741 αὐτὸν
917 4687 981 4759 δὴ
1023 4689 1224 4759 τρόπον
1269 4689 1365 4744 καί
1416 4690 1558 4760 ὑμᾶς
1605 4687 1702 4742 νῦν
1753 4690 1782 4740 ὁ

116 4773 343 4836 διάϐολος
371 4776 646 4846 διέθηκεν.
679 4778 867 4849 Εύρὼν
893 4780 1001 4850 γὰρ
1029 4779 1182 4850 ὑμῶν
1213 4779 1651 4851 πεπληρωμένην
1680 4779 1782 4849 τὴν

117 4859 304 4914 ὁλκάδα
340 4863 442 4934 τὴν
489 4865 865 4937 πνευματικὴν
917 4865 1113 4919 πολλοῦ
1163 4865 1394 4920 πλούτου
1413 4907 1429 4931 ,
1460 4865 1553 4920 καὶ
1577 4865 1784 4935 ἄφατον

123 4947 232 5000 ἰδὼν
254 4950 348 5003 τὸν
375 4950 676 5023 θησαυρὸν,
700 4953 760 5007 ὃν
785 4954 894 5007 ἀπό
926 4971 984 5008 τε
1017 4956 1116 5026 τῆς
1146 4955 1397 5025 νηστείας
1416 4994 1432 5019 ,
1459 4955 1569 5008 ἀπό
1590 4970 1648 5007 τε
1683 4952 1784 5024 τῆς

121 5037 364 5106 συνεχοῦς
395 5039 750 5105 διδασκαλίας
785 5045 1110 5111 συναγαγεῖν
1151 5042 1488 5114 ἠδυνήθητε,
1533 5041 1785 5113 καθάπερ

123 5126 399 5194 καταιγίδα
427 5128 552 5182 τινὰ
578 5130 808 5198 ἐπαφεὶς
850 5129 951 5202 τὴν
983 5130 1241 5201 ἀνόνητον
1280 5130 1496 5200 ἐκείνην
1534 5131 1628 5184 καὶ
1660 5131 1784 5184 ἐπι-

125 5211 287 5284 ϐλαϐῆ
332 5214 444 5268 τῶν
485 5216 670 5271 ἵππων
715 5217 972 5289 ἅμιλλαν,
1023 5218 1092 5272 δι’
1139 5219 1356 5290 ἐκείνης
1404 5220 1642 5290 ἐρήμους
1694 5220 1788 5273 καὶ

126 5304 352 5371 Τυμνοὺς
383 5305 567 5375 πάσης
601 5305 699 5377 τῆς
725 5307 988 5378 εὐπορίας
1015 5308 1373 5379 κατέστησεν.

189 5392 253 5461 β’.
304 5388 437 5448 υίδα
478 5396 562 5448 ὅτι
609 5396 816 5468 σφοδρᾷ
854 5400 920 5469 τῇ
969 5399 1285 5471 ἐπιτιμήσει
1323 5399 1622 5471 κέχρημαι,
1653 5398 1791 5453 ἀλλὰ

131 5477 414 5549 σύγγνωτε,
441 5483 767 5555 παρακαλῶο
793 5487 1036 5541 τοιοῦτον
1072 5487 1182 5560 γὰρ
1210 5489 1244 5559 ἡ
1282 5487 1589 5559 δδυνωμένη
1623 5489 1788 5560 ψυχή-

135 5567 250 5621 038k
279 5569 388 5640 γὰρ
411 5571 471 5638 ἐξ
502 5573 801 5644 ἀπεχθείας
827 5575 1002 5629 ταῦτα
1032 5576 1363 5647 φθέγγομαι,
1395 5576 1511 5632 ἀλλ’
1550 5577 1660 5631 ἀπὸ
1692 5593 1793 5647 κη-

136 5651 363 5722 δεμονίας
394 5659 492 5712 καὶ
527 5660 884 5735 φιλοστόργου
923 5663 1107 5736 ψυχῆς
1130 5681 1145 5696 ο
1197 5664 1278 5719 διδ
1300 5665 1396 5736 τῆς
1430 5663 1792 5736 σφοδρότητος

144 5745 312 5811 μικρὸν
351 5747 649 5819 καθυφεὶς,
698 5750 890 5822 ἐπειδὴ¹
918 5751 1088 5824 αὐτῆς
1128 5752 1229 5827 τῆς
1261 5752 1431 5823 νομῆς
1469 5752 1560 5806 τοῦ
1601 5752 1793 5816 ἕλκους

194 5871 216 5944 ξ
235 5873 376 5944 sufﬁt
390 5883 446 5927 et
464 5877 667 5944 Cpiglin.
692 5882 1140 5944 συνδεδραμηκότες.

193 5932 217 6002 {-
240 5934 432 6002 gojsliu.
457 5941 636 5998 πλῆθος
651 5942 765 6002 ἡμῖν
785 5932 1055 6001 ινδὲίξὴέαι.

194 5996 214 6023 ⁸
235 5996 426 6051 Coislln.
451 5996 600 6052 πολὺν
622 5996 827 6054 iri-951m

1837 487 2188 558 περιγέγονα,
2236 487 2495 558 βούλομαι
2528 487 2622 540 καὶ
2653 486 2732 549 εἰς
2761 485 2986 548 ἐλπίδας
3017 484 3260 556 χρηστάς
3290 484 3519 553 ἀγαγεῖν

1836 570 1934 642 τὴν
1966 572 2237 644 ὑμετέραν
2255 570 2493 641 ἀγάπην,
2513 571 2652 624 ὥστε
2683 569 2755 640 μὴ
2781 568 3114 637 ἀπογνῶναι,
3145 569 3278 639 μηδὲ
3308 569 3518 636 ἀπαγο-

1841 653 2051 725 ρεῦσαι.
2106 654 2242 708 Οὐδὲ
2285 654 2396 725 γάρ
2438 653 2690 724 καθάπερ
2726 652 2954 706 ἐπὶτῶν
2997 650 3270 719 αἰσθητῶν
3311 652 3522 719 γίνεται

1838 735 2207 809 πραγμάτων,
2234 734 2379 789 οὑτω
2410 736 2504 788 καὶ
2537 734 2772 788 ἐνταῦθα
2795 733 3116 804 συμϐαίνει·
3147 734 3266 787 ἐκεῖ
3293 733 3519 804 μὲνγὰρ

1839 819 1939 872 οὐκ
1968 818 2046 871 ἐνι
2084 817 2176 871 τὸν
2220 816 2332 870 ἀπὺ
2365 816 2461 870 τοῦ
2510 816 2743 870 πλούτου
2787 815 2997 868 ἐκείνου
3039 816 3122 877 εἰς
3147 814 3247 885 τὴν
3285 813 3522 884 ἐσχάτην

1844 902 2033 954 πενίαν
2063 901 2458 972 κατενεχθέντα
2476 899 2680 962 εὐθέως
2708 900 3023 966 ἀνενεγκεῖν
3045 913 3061 929 ο
3089 898 3323 952 ἐνταῦθα
3349 898 3406 951 δέ
3433 896 3524 950 διὰ

1841 983 1940 1056 τὴν
1961 984 2057 1036 τοῦ
2092 984 2228 1037 Θεοῦ
2257 983 2688 1054 φιλανθρωπίαν,
2727 983 2822 1036 ἐὰν
2865 980 3182 1052 βουλώμεθα
3235 981 3396 1053 μόνον
3427 997 3526 1033 κα-

1844 1066 2115 1136 ταγνῶναι
2145 1066 2252 1119 τῶν
2279 1067 2378 1137 ἤδη
2420 1065 2797 1138 εἰργασμένων
2827 1067 2979 1136 ἡμῖν,
3009 1066 3103 1118 καὶ
3135 1065 3298 1136 μέχρι
3328 1064 3523 1118 τούτου

1847 1151 2040 1219 στῆσαι
2069 1152 2136 1204 τὰ
2157 1151 2258 1222 τῆς
2286 1149 2578 1221 ῥᾳθυμίας,
2613 1148 2889 1218 δυνάμεθα
2919 1149 3124 1220 ταχέως
3156 1151 3248 1202 ἐπὶ
3266 1149 3364 1220 τὴν
3393 1163 3526 1220 προ-

1846 1234 2010 1306 τέραν
2042 1234 2304 1304 εὐπορίαν
2333 1233 2670 1287 ἐπανελθεῖν.
2705 1231 2958 1296 Τοιοῦτος
2986 1234 3094 1302 γὰρ
3126 1234 3154 1280 δ
3187 1233 3463 1302 Δεσπότης
3499 1234 3528 1286 ὁ

1846 1316 2136 1388 ἡμέτερος,
2180 1315 2324 1368 οὕτω
2361 1316 2643 1387 φιλότιμος
2688 1317 2782 1368 καὶ
2823 1316 3202 1386 μεγαλόδωρος
3228 1331 3242 1344 ⁶
3295 1316 3391 1369 καὶ
3426 1315 3528 1386 βοᾷ

1846 1399 1932 1452 διὰ
1954 1399 2048 1453 τοῦ
2084 1401 2391 1472 προφήτου,
2440 1400 2618 1468 λέγων
2643 1416 2658 1430 '
2710 1401 2792 1453 Οὐ
2826 1399 3073 1466 θελήσει
3103 1399 3257 1454 θέλω
3287 1400 3397 1454 τὸν
3422 1398 3527 1454 θάη-

1846 1500 2034 1538 νατον
2079 1481 2186 1536 τοῦ
2225 1483 2604 1552 ἀμαρτωλοῦ,
2650 1483 2732 1550 ὡς
2770 1482 2838 1537 τὸ
2881 1482 3242 1551 ἐπιστρέψαι
3283 1481 3383 1538 καί
3422 1480 3531 1549 ζῆν

1847 1569 2054 1622 αὐτόν.
2136 1563 2268 1622 Οἶδα
2335 1569 2417 1621 ὅτι
2461 1565 2812 1637 εὐγνώμονες
2847 1566 3000 1630 ὄντες
3049 1564 3372 1620 αἰσθάνεσθε
3419 1565 3530 1619 τῶν

1849 1651 2228 1723 ἐπταισμένων
2257 1651 2406 1722 ὑμῖν.
2439 1651 2514 1704 Οὐ
2548 1650 2720 1722 μικρά
2749 1651 2806 1704 δέ
2834 1651 2951 1714 ὁδὸς
2974 1653 3112 1724 πρὸς
3141 1651 3241 1722 τὴν
3270 1649 3532 1704 ἐπάνοδον

1849 1734 1950 1804 τῆς
1986 1733 2188 1805 ἀρετῆς
2229 1733 2291 1786 τὸ
2335 1733 2534 1786 εἰδέναι
2577 1732 2686 1784 τῶν
2728 1733 3134 1806 ἡμαρτημένων
3183 1734 3244 1786 τὸ
3279 1732 3534 1804 μέγεθος.

1866 1817 2027 1872 Ἀλλά
2061 1821 2133 1890 μή
2165 1835 2256 1888 μοι
2279 1817 2440 1870 πάλιν
2472 1816 2573 1883 τῆς
2601 1815 2914 1887 διασολικῆς
2950 1817 3165 1888 ἐκείνης
3193 1818 3410 1890 ἀπάτης
3433 1819 3533 1888 ῥή-

1861 1903 2006 1974 ματά
2035 1921 2115 1967 τις
2143 1901 2458 1973 παραγέτω,
2482 1901 2655 1969 λέγων
2677 1917 2689 1930 ⁸
2734 1904 2885 1954 ποῖον
2910 1901 3019 1974 γὰρ
3045 1902 3370 1974 ἁμάρτημα,
3406 1903 3535 1956 ἰδεῖν

1858 1986 2055 2048 ἵππους
2089 1986 2415 2056 τρέχοντας;
2457 1984 2583 2036 Ἐὰν
2605 1983 2716 2054 γὰρ
2745 1982 3012 2055 βουληθῇς
3040 1986 3401 2056 εὐγνωμόνως
3434 2002 3538 2039 κα·

1857 2068 2123 2138 ταμαθεῖν
2177 2068 2390 2122 ἅπαντα
2438 2067 2508 2120 τὰ
2550 2067 2666 2120 ἐκεῖ
2707 2068 2992 2138 γινόμενα,
3051 2069 3306 2139 εὑρήσεις
3359 2068 3537 2122 πάντα

1863 2151 2037 2222 μεστά
2075 2151 2372 2221 σατανικῆς
2402 2150 2707 2221 ἐνεργείας.
2750 2149 2825 2204 Οὐ
2861 2150 3022 2219 μόνον
3047 2150 3157 2220 γάρ
3191 2151 3390 2214 ἵππους
3423 2150 3541 2220 τρέ-

1861 2253 2056 2307 χοντας
2087 2234 2236 2288 ἐστιν
2257 2234 2404 2297 ἰδεῖν,
2426 2233 2562 2287 ἀλλά
2593 2234 2688 2287 καὶ
2715 2236 2994 2304 κραυγῶν,
3028 2236 3122 2288 καὶ
3156 2234 3538 2306 βλασφημιῶν,

1862 2320 1956 2373 καὶ
1994 2318 2204 2389 μυρίων
2236 2317 2483 2387 ἀκαίρων
2513 2315 2660 2369 ἐστιν
2683 2317 2915 2370 ἀκοῦσαι
2937 2317 3132 2386 λόγων,
3157 2319 3252 2371 καὶ
3276 2320 3540 2386 γυναῖκας

1863 2399 2228 2472 ἡταιρηκυίας
2276 2400 2356 2462 εἰς
2387 2399 2448 2452 τὸ
2495 2398 2659 2468 μέσον
2706 2398 3012 2468 παριούσας
3063 2399 3212 2462 ἰδεῖν,
3264 2399 3360 2452 καὶ
3388 2400 3542 2463 νέους

1864 2483 2002 2555 πρὸς
2028 2483 2128 2554 τὴν
2152 2481 2261 2534 τῶν
2291 2480 2565 2550 γυναικῶν
2598 2481 2917 2552 ἁπαλότητα
2962 2482 3188 2544 ἐαυτοὺς
3215 2483 3543 2545 ἐκδιδόντας.

1867 2569 1937 2620 Ἢ
1981 2567 2154 2638 μικρά
2204 2581 2286 2618 σοι
2341 2563 2514 2618 ταῦτα
2557 2564 2705 2618 δοκεῖ
2749 2561 2888 2618 εἶναι
2937 2565 3076 2637 πρὸς
3122 2565 3185 2618 τὸ
3237 2569 3337 2637 τὴν
3366 2565 3547 2636 ψυχὴν

1867 2651 2211 2723 αἰχμάλωτον
2240 2648 2575 2720 ἐργάσασθαι
2599 2666 2613 2714 ;
2651 2649 2714 2702 Εἰ
2738 2649 2846 2720 γάρ
2875 2649 3048 2704 καὶάἰ
3071 2649 3178 2702 ἀπὸ
3205 2651 3546 2720 ταύτομάτου

1870 2733 2158 2803 συντυχίαι
2185 2731 2446 2793 πολλάκις
2471 2731 2836 2786 ὑπεσκέλισαν
2865 2733 2960 2785 καὶ
2988 2732 3304 2798 κατέϐαλον,
3345 2732 3437 2785 καὶ
3469 2735 3548 2796 εἰς

1871 2816 2002 2872 αὐτὸ
2050 2815 2150 2886 τῆς
2199 2811 2474 2876 ἀπωλείας
2530 2813 2592 2866 τὸ
2641 2813 2917 2884 βάραθρον
2959 2817 3301 2885 κατήνεγκαν
3339 2815 3430 2866 τὸν
3474 2815 3550 2884 μὴ

1871 2897 2227 2972 προσέχοντα,
2258 2895 2311 2948 τί
2349 2895 2495 2959 εἰκὸς
2534 2894 2727 2949 παθεῖν
2769 2895 2898 2958 τοὺς
2946 2894 3034 2947 ἐπ’
3063 2895 3195 2948 αὐτὸ
3239 2893 3396 2948 τοῦτο
3436 2897 3550 2947 ἐκεί

1874 2980 2368 3050 παραγινομένους,
2419 2979 2676 3042 καὶτοὺς
2725 2978 3040 3049 ὀφθαλμοὺς
3091 2978 3386 3042 ἑστιῶντας
3429 2982 3550 3043 ταῖς

1875 3063 2214 3135 παρανόμοις
2242 3062 2480 3125 ἐκείναις
2512 3061 2683 3126 θέαις,
2719 3063 2814 3115 καὶ
2851 3062 3298 3134 ἀπηρτισμένους
3332 3065 3551 3134 μοιχοὺς

1874 3145 2086 3199 ἐκεῖθεν
2133 3146 2457 3209 κατιόντας;
2519 3144 2688 3208 Εἰδὼς
2735 3146 2844 3216 γὰρ
2895 3147 2922 3197 ὁ
2970 3144 3352 3217 φιλάνθρωπος
3397 3145 3552 3218 ἡμῶν

1878 3227 2156 3296 Δεσπότης
2201 3226 2302 3296 τῆς
2341 3225 2554 3294 φύσεως
2591 3227 2690 3296 τῆς
2721 3225 2997 3296 ἡμετέρας
3025 3225 3085 3278 τὸ
3124 3226 3552 3296 εὐεπηρέαστον,

1879 3309 1974 3359 καὶ
2002 3306 2104 3376 τῆς
2136 3304 2231 3359 τοῦ
2266 3305 2511 3358 διαϐόλου
2544 3304 2882 3374 κακουργίας
2914 3305 2974 3357 τὸ
3003 3304 3309 3375 πανοῦργον
3329 3306 3423 3358 καὶ
3457 3323 3554 3358 πο-

1879 3386 2168 3451 λύπλοκον,
2201 3388 2266 3439 ἐκ
2305 3384 2501 3437 πολλοῦ
2534 3383 2630 3437 τοῦ
2661 3385 2946 3456 περιόντος
2975 3385 3227 3455 τειχίζων
3259 3387 3425 3456 ἡμᾶς,
3464 3387 3554 3440 καὶ

1883 3466 2208 3539 βουλόμενος
2249 3463 2560 3527 ἀναλώτους
2594 3463 2934 3534 ἐργάσασθαι
2970 3467 3091 3527 ταῖς
3119 3463 3309 3517 τούτου
3341 3467 3556 3533 παγίσι,

1879 3547 1970 3599 τὸν
2028 3544 2192 3616 νόμον
2260 3543 2452 3597 τοῦτον
2513 3543 2790 3609 τέθεικεν,
2861 3541 3053 3610 λέγων’
3131 3543 3183 3594 '0
3251 3543 3554 3613 ἐμϐλέψας

1881 3623 2124 3696 γυναικί
2157 3622 2308 3691 πρὸς
2353 3622 2418 3676 τὸ
2453 3621 2822 3692 ἐπιθυμῆσαι
2855 3621 3082 3689 αὐτῆς,
3126 3621 3242 3690 ἤδη
3284 3624 3558 3693 ἐμοίχευ-

1883 3721 1998 3759 σεν
2025 3703 2223 3771 αὐτὴν
2253 3703 2324 3755 ἐν
2349 3701 2425 3771 τῇ
2445 3701 2656 3770 καρδίᾳ
2687 3703 2896 3765 αὐτοῦ,
2930 3701 3180 3773 μοιχείαν
3203 3703 3559 3775 ἀπηρτισμέ-

1883 3801 1981 3855 νην
2010 3782 2193 3836 καλῶν
2225 3780 2321 3852 τὴν
2360 3781 2498 3851 μετὰ
2534 3782 2857 3852 περιεργίας
2890 3779 3126 3852 θεωρίαν
3155 3781 3558 3855 γεγενημένην.

1885 3864 1977 3935 Μὴ
2013 3864 2193 3916 τοίνυν
2235 3879 2325 3932 μοι
2362 3861 2490 3930 λέγε
2528 3861 2715 3915 λοιπόν
2741 3881 2755 3893 ο
2808 3862 2862 3915 τὶ
2898 3864 3009 3934 γὰρ
3035 3862 3149 3935 [42]
3202 3863 3400 3934 βλάϐος
3452 3865 3560 3919 ἀπὸ

1884 3944 1983 4014 τῆς
2027 3945 2207 3996 ἐκεῖσε
2236 3941 2556 4013 διατριϐῆςς
2597 3943 2706 3996 Καὶ
2743 3943 2876 3998 αὐτὸ
2915 3944 3024 4015 γάρ
3060 3945 3220 4014 μόνον
3241 3946 3302 3999 τὸ
3324 3947 3423 4018 τῆς
3451 3945 3562 4000 τῶν

1887 4023 2070 4077 ἵππων
2115 4022 2350 4093 άμίλλης
2378 4021 2562 4076 ἰκανὸν
2596 4021 2764 4076 πολὺν
2813 4026 2878 4095 τῇ
2910 4023 3055 4095 ψυχῇ
3084 4025 3175 4078 τὸν
3212 4025 3432 4097 ὄλεθρον
3459 4029 3561 4080 ἐπ-

1886 4105 2134 4171 αγαγεῖν.
2162 4103 2332 4155 Ὅταν
2355 4101 2463 4172 γὰρ
2481 4103 2620 4173 ὑπὲρ
2649 4102 2945 4174 ἀνονήτων,
2976 4105 3073 4156 καὶ
3096 4105 3170 4176 μὴ
3199 4105 3357 4176 μόνον
3393 4106 3562 4177 μηδὲν

1885 4185 1952 4252 τῇ
1985 4181 2130 4251 ψυχῇ
2178 4181 2659 4259 συμϐαλλομένων,
2691 4180 2827 4234 ἀλλά
2856 4183 2952 4235 καὶ
2973 4182 3384 4254 λυμαινομένων
3423 4186 3560 4259 αὐτῇ

1887 4261 1979 4314 τὸν
2007 4259 2197 4330 καιρὸν
2229 4258 2741 4329 καταναλίσκωμεν,
2781 4259 2876 4312 καὶ
2906 4259 3447 4334 διαπληκτιξώμεθα,
3471 4258 3565 4319 καὶ

1893 4338 2062 4409 μυρία
2097 4338 2238 4409 ρητά
2295 4338 2388 4392 καὶ
2415 4338 2630 4410 άρῤητα
2663 4337 3059 4408 φθεγγώμεθα,
3107 4339 3188 4404 τίς
3231 4343 3363 4411 ἡμῖν
3410 4343 3566 4398 ἐσται

1892 4415 2222 4488 συγγνώμης
2288 4418 2420 4470 ποία
2458 4417 2514 4470 δέ
2548 4417 2850 4486 ἀπολογία;
2896 4418 3007 4472 Καὶ
3050 4419 3285 4473 ἐνταῦθα
3335 4421 3435 4491 μὲν
3467 4422 3564 4476 ἐὰν

1892 4495 2088 4568 μικρὸν
2111 4496 2530 4568 παρατείνωμεν
2553 4497 2650 4568 τὴν
2680 4497 3048 4562 διδασκαλίαν,
3079 4499 3263 4553 πολλοὶ
3282 4499 3566 4573 δυσχεραί-

1887 4591 2038 4628 νουσι
2068 4575 2162 4628 καὶ
2186 4575 2469 4640 ἀλύουσισί,
2496 4578 2590 4629 καὶ
2619 4577 2778 4630 πόνον
2806 4578 2899 4631 τοῦ
2933 4577 3184 4649 σώματος
3205 4582 3298 4634 καὶ
3321 4582 3565 4653 κάματον

1890 4653 2316 4734 προϐάλλονται,
2341 4656 2434 4708 καὶ
2464 4656 2635 4710 ταῦτα
2677 4655 2771 4709 τοῦ
2805 4656 3118 4728 θαυμαστοῦ
3144 4658 3334 4713 τούτου
3363 4661 3563 4734 ὀρόφου

1893 4732 2077 4786 ἱκανοῦ
2124 4734 2275 4812 ὄντος
2298 4735 2804 4812 παραμυθήσασθαι
2831 4753 2844 4767 ο
2902 4735 3026 4790 οὐτε
3064 4738 3172 4811 γάρ
3217 4739 3322 4792 ὑπὸ
3348 4732 3565 4812 κρυμοῦ

1890 4812 2037 4892 ἔστιν
2061 4811 2438 4883 ἐνοχληθῆναι,
2483 4813 2607 4867 οὔτε
2644 4814 2750 4869 ὑπὸ
2792 4815 2971 4880 ὑετοῦ,
2999 4816 3032 4888 ἢ
3065 4817 3163 4888 τῆς
3190 4818 3300 4871 τῶν
3346 4811 3564 4892 ἀνέμων

1893 4891 2254 4962 σφοδρότητος
2298 4908 2312 4922 ο
2347 4893 2463 4946 ἐκεῖ
2493 4893 2550 4946 δὲ
2575 4895 2670 4952 καὶ
2700 4894 2856 4948 ὑετοῦ
2881 4895 3082 4966 λάϐρου
3108 4899 3567 4969 καταρῤηγνυμέυ

1890 4989 2004 5035 νου,
2023 4972 2118 5026 καὶ
2139 4972 2358 5044 ἀνέμων
2381 4973 2624 5046 σφοδρῶν
2653 4975 2946 5040 πνεόντων,
2961 4977 3056 5030 καὶ
3078 4977 3263 5032 ἄλλοτε
3292 4977 3388 5031 τοῦ
3409 4980 3563 5050 ἡλίου

1893 5053 2102 5126 θερμὴν
2144 5053 2242 5126 τὴν
2280 5056 2471 5110 ἀκτῖνα
2510 5057 2790 5126 ἀφιέντος,
2839 5059 2899 5112 οὐ
2955 5059 3084 5129 μίαν
3114 5058 3236 5113 οὐδὲ
3269 5059 3362 5112 δύο
3393 5059 3563 5132 ὥρας.

1893 5133 2028 5186 ἀλλά
2069 5132 2129 5186 τὸ
2163 5133 2324 5188 πλέον
2369 5133 2469 5204 τῆς
2520 5137 2732 5207 ἡμέρας
2783 5136 3191 5208 διημερεύουσι,
3239 5139 3334 5192 καὶ
3379 5139 3502 5194 οὐτε
3537 5143 3566 5193 ό

1892 5216 2070 5286 γέρων
2103 5215 2329 5270 αἰδεῖται
2359 5217 2458 5288 τὴν
2489 5217 2700 5281 πολιὰν,
2725 5216 2847 5272 οὔτε
2873 5219 2902 5270 ό
2936 5217 3054 5282 νέος
3082 5217 3395 5289 αἰσχύνεται
3429 5221 3567 5292 πρὸς

1893 5297 1962 5349 τά
1990 5296 2089 5364 τῆς
2119 5294 2312 5358 πολιᾶς
2338 5296 2744 5367 ὑπεκκαύματα
2775 5296 3006 5366 βαδίζων
3032 5314 3044 5327 ·
3095 5297 3232 5351 ἀλλά
3267 5299 3500 5371 τοσαύτη
3531 5303 3565 5370 ἡ

1896 5375 2102 5445 ἀπάτη,
2132 5373 2208 5436 ὡς
2231 5375 2332 5427 ’καὶ
2364 5375 2484 5445 μεθ’
2509 5375 2704 5447 ἡδονῆς
2736 5376 2796 5428 τὸ
2828 5375 3019 5446 δέλεαρ
3045 5376 3222 5429 ἐκεῖνο
3249 5376 3356 5430 τῶν
3380 5376 3568 5447 ψυχῶν

1898 5453 2243 5527 προσίεσθαι,
2279 5455 2375 5507 καὶ
2430 5455 2506 5526 μὴ
2545 5456 2744 5508 ἐννοεῖν
2782 5458 2880 5526 τῆς
2920 5455 3116 5526 ἡδονῆς
3155 5455 3254 5526 μὲν
3301 5457 3401 5527 τῆς
3449 5460 3569 5509 ἐπι-

1897 5533 2130 5599 ϐλαϐοῦς
2173 5535 2236 5588 τὸ
2283 5533 2460 5606 βραχύ
2508 5536 2602 5588 καὶ
2642 5535 3010 5607 πρόσκαιρον,
3052 5535 3154 5606 τῆς
3196 5535 3252 5588 δὲ
3285 5536 3476 5606 ὀδύνης
3508 5538 3570 5590 τὸ

1897 5614 2166 5686 διηνεκὲς,
2192 5614 2286 5668 καὶ
2316 5613 2411 5667 τοῦ
2445 5613 2742 5678 συνειδότος
2774 5615 2872 5685 τὴν
2900 5615 3256 5686 κατηγορίαν.
3297 5612 3438 5686 Ὀρῶ
3460 5615 3570 5686 γὰρ

1896 5693 2057 5748 ἐνίων
2083 5694 2177 5748 καὶ
2205 5693 2300 5748 νῦν
2337 5693 2408 5748 τὰ
2439 5694 2725 5765 πρόσωπα,
2763 5697 2858 5749 καὶ
2909 5693 3238 5765 στοχάζομαι
3267 5697 3364 5763 τῆς
3389 5693 3570 5764 ψυχῆς

1897 5775 1998 5846 τὴν
2032 5774 2389 5838 κατάστασιν,
2427 5774 2524 5828 καὶ
2575 5776 2674 5845 ὅση
2719 5775 2813 5828 νῦν
2851 5776 3034 5838 αὐτοῖς
3067 5776 3100 5844 ἡ
3156 5775 3410 5844 μετάνοια
3456 5777 3573 5829 είσο

1902 5854 2141 5925 έρχεται.
2189 5854 2327 5907 Ἀλλ’
2363 5856 2513 5918 ὅπως
2559 5856 2634 5926 μὴ
2682 5855 2844 5909 πάλιν
2872 5857 2983 5917 τοῖς
3006 5855 3188 5918 αὐτοῖς
3217 5855 3486 5926 περιπέσῃ
3491 5872 3572 5922 τε,

1965 6001 1991 6046 ἀ
2019 6007 2071 6058 In
2093 6003 2291 6061 Coislin.
2323 6004 2401 6061 καὶ
2425 6013 2620 6063 ἀλύουσι
2647 6003 2810 6064 (ἰθύει.
