4040 6378
211 374 280 432 st
1056 423 1061 427 _
1407 369 1470 425 lN
1507 365 1660 424 CAP.
1693 365 1734 420 ι.
1775 361 2020 422 GENES.
2065 362 2296 418 nontL.
2341 362 2428 417 γι.
3447 368 3514 423 53

211 506 331 567 post
365 503 568 550 tantam
593 502 836 549 nostram
860 490 1278 546 admonitionem
1309 488 1502 543 iterum
1528 485 1594 540 ad
1621 483 1809 540 diabo-

213 589 309 642 lica
339 586 433 640 illa
460 585 698 641 concilia.
728 595 786 640 et
818 581 1122 654 spectacula
1149 580 1378 634 curratis
1400 619 1418 645 ,
1451 575 1814 632 necessarium

208 687 289 731 est
318 690 419 731 vos
454 675 738 731 obtestari.
788 673 972 744 Neque
998 673 1141 728 enim
1169 684 1383 740 semper
1410 667 1626 738 expedit
1652 665 1815 736 phar-

211 784 361 824 maca
402 769 544 824 lenia
568 767 829 822 adhibere
859 785 873 821 :
900 764 994 820 sed
1017 763 1232 834 quando
1258 762 1410 817 ulcus
1436 759 1695 816 curationi
1725 773 1812 813 re-

209 861 346 914 sistit
369 895 388 925 ,
434 868 654 930 oportet
680 858 915 912 violenta
953 866 1008 912 et
1047 854 1319 909 mordacia
1355 853 1641 908 admovere
1667 891 1684 919 ,
1707 863 1815 920 quo

209 953 401 1006 inorbo
423 959 747 1006 occurratur
772 949 951 1003 citius.

272 1044 332 1097 ὅ.
367 1043 591 1097 Discant
626 1041 784 1111 igitur
810 1053 998 1095 omnes
1022 1036 1107 1116 bis
1134 1035 1447 1091 criminibus
1471 1032 1686 1089 obnoxii
1718 1073 1734 1098 ,
1766 1031 1813 1086 si

211 1145 330 1204 post
369 1133 514 1189 hanc
555 1143 795 1188 nostram
823 1129 1244 1186 admonitionem
1285 1127 1339 1182 in
1386 1141 1448 1182 ea
1493 1124 1812 1196 negligentia

211 1227 532 1288 manserint,
561 1241 670 1280 non
700 1224 1020 1279 toleraturos
1050 1235 1149 1275 nos
1166 1259 1182 1286 ,
1209 1219 1308 1274 sed
1335 1217 1534 1289 legibus
1559 1217 1814 1272 ecclesia-

211 1318 361 1373 sdcis
381 1331 605 1381 usuros,
629 1323 688 1370 et
713 1329 903 1385 magna
929 1311 1264 1368 vehementia
1289 1310 1562 1375 docturos,
1595 1323 1663 1364 ne
1690 1309 1814 1363 talia

211 1409 439 1480 posthac
486 1408 860 1471 committant,
911 1421 1046 1461 neve
1089 1413 1238 1458 tanto
1280 1412 1589 1472 contemptu
1632 1400 1811 1455 divina

209 1501 433 1556 audiant
455 1501 687 1570 eloquia.
721 1498 847 1553 Hrec
874 1507 1052 1552 autem
1080 1512 1184 1550 non
1210 1495 1279 1550 de
1304 1493 1552 1548 omnibus
1580 1493 1664 1548 hic
1683 1508 1814 1546 eon-

209 1594 450 1664 gregatis
486 1593 640 1659 dico,
673 1591 766 1646 sed
804 1591 873 1646 de
900 1589 1025 1644 huic
1051 1587 1224 1659 culpae
1250 1585 1516 1642 obnoxiis.
1555 1583 1814 1639 Omnibus

207 1688 431 1757 quidem
461 1685 764 1755 loquimur;
805 1682 900 1738 sed
934 1696 1091 1737 suum
1119 1679 1390 1735 auditores
1413 1677 1614 1748 quique
1639 1691 1813 1741 reme-

205 1780 360 1833 dium
388 1778 604 1848 capiant
630 1794 644 1829 :
672 1791 799 1832 reus
826 1775 1042 1846 quidem
1087 1781 1146 1827 ut
1180 1788 1212 1828 a
1250 1771 1445 1826 delicto
1473 1770 1728 1836 desistat,
1760 1777 1815 1823 et

209 1888 318 1926 non
349 1873 491 1927 ultra
515 1861 916 1942 progrediatur,
941 1866 1039 1922 sed
1067 1865 1246 1921 studio
1269 1879 1370 1920 suo
1389 1863 1624 1933 seipsum
1659 1877 1815 1918 revo-

209 1977 318 2029 cet,
342 1975 400 2020 et
423 1973 602 2020 errata
629 1963 892 2032 corrigat;
921 1960 1170 2014 innoxius
1188 1972 1317 2011 vero
1335 1956 1539 2010 cautior
1557 1955 1646 2008 fiat
1668 1963 1725 2008 ut
1746 1969 1814 2006 ne

207 2037 479 2126 capiatur,
508 2069 641 2109 neve
666 2050 951 2121 aliquando
980 2065 1104 2106 reus
1129 2049 1237 2103 liat.
1266 2045 1531 2103 Caeterum
1555 2055 1609 2099 ut
1631 2060 1698 2098 ex
1730 2059 1814 2097 re-

199 2151 313 2203 bus
336 2149 468 2219 ipsis
490 2159 683 2202 vestrae
705 2145 910 2201 caritati
939 2143 1372 2214 persuadeamus,
1396 2156 1460 2195 ex
1492 2153 1676 2193 amore
1700 2147 1816 2192 stu-

209 2241 413 2312 dieque
440 2240 606 2295 vestri
634 2239 777 2294 hunc
802 2247 1041 2293 nostrum
1068 2234 1231 2290 animi
1255 2233 1503 2289 dolorem.
1517 2231 1811 2303 profectum

212 2347 354 2396 esse,
381 2345 437 2386 et
463 2346 562 2386 nos
585 2331 652 2386 ad
679 2330 798 2384 hmo
823 2328 1046 2384 dicenda
1075 2327 1333 2398 impulsos
1358 2340 1479 2381 esse
1506 2323 1647 2395 quod
1677 2323 1815 2378 mul-

213 2435 326 2478 tum
357 2424 519 2478 saluti
546 2433 738 2478 vestra:
767 2423 1076 2477 timeremus
1106 2437 1124 2475 :
1151 2435 1250 2491 age
1294 2419 1485 2475 iterum
1531 2433 1630 2474 nos
1669 2418 1813 2488 ipsos

215 2515 359 2569 bona
395 2529 497 2584 spe
525 2513 792 2578 foventes,
819 2523 1130 2568 consuetam
1161 2511 1313 2568 vobis
1351 2506 1680 2581 apponanius
1709 2508 1811 2564 do-

212 2609 469 2673 ctrinam,
501 2606 838 2663 declarantes
879 2615 1177 2676 paternam,
1205 2619 1364 2675 quam
1391 2619 1516 2672 erga
1546 2616 1642 2656 vos
1667 2601 1811 2672 geri-

213 2717 358 2768 mus,
386 2701 813 2756 benevolentiam
843 2717 857 2754 :
887 2697 982 2754 sed
1002 2740 1018 2764 ,
1059 2713 1177 2764 oro,
1221 2697 1504 2767 diligenter
1538 2695 1692 2750 dictis
1719 2709 1814 2747 au-

214 2793 468 2858 scultate,
497 2801 556 2846 ut
592 2791 795 2861 majore
826 2805 945 2844 cum
975 2789 1149 2844 fructu
1173 2789 1390 2844 domum
1429 2787 1605 2842 redire
1632 2785 1808 2841 liceat.

214 2885 406 2954 Opera:
436 2883 664 2954 pretium
711 2890 890 2937 autem
924 2890 1028 2948 est,
1075 2895 1138 2936 ea
1176 2895 1296 2950 quae
1333 2893 1475 2934 nunc
1516 2879 1650 2936 lecta
1687 2885 1812 2932 sunt

212 2977 423 3029 caritati
479 2985 671 3029 vestrae
721 2973 918 3028 dicere.
961 2973 1050 3028 14.
1101 2970 1170 3026 Et
1205 2972 1356 3039 dixit,
1399 2973 1588 3043 inquit,
1623 2972 1766 3030 Deus
1791 2995 1811 3031 :

217 3068 376 3121 Fiant
402 3067 679 3122 luminaria
721 3067 773 3119 in
812 3065 1132 3134 ﬁrmamento
1158 3063 1270 3118 cwli
1296 3065 1364 3117 ad
1389 3064 1810 3122 illuminationem

213 3175 371 3226 super
392 3169 600 3222 terram,
623 3168 680 3211 ut
699 3157 926 3211 dividant
952 3159 1081 3210 inter
1101 3157 1236 3210 diem
1263 3165 1311 3209 et
1337 3158 1469 3210 inter
1498 3167 1711 3212 noctem.
1745 3159 1809 3214 Et

212 3251 314 3302 sint
341 3249 396 3302 in
422 3249 591 3320 signa,
618 3249 743 3307 etin
769 3259 1016 3318 tempora,
1047 3256 1095 3300 et
1118 3247 1172 3300 in
1197 3246 1324 3313 dies,
1353 3256 1400 3300 et
1429 3248 1481 3301 in
1506 3264 1690 3303 annos.
1719 3251 1806 3306 15.

213 3341 282 3394 Et
321 3342 425 3394 sint
467 3341 534 3394 ad
573 3340 994 3394 illuminationem
1032 3339 1085 3392 in
1127 3339 1444 3407 firmamento
1472 3340 1584 3394 creti
1612 3356 1632 3394 :
1655 3342 1726 3394 ita
1753 3353 1809 3396 ut

212 3433 415 3485 luceant
435 3447 589 3501 super
606 3439 812 3483 terram.
840 3427 911 3482 Et
932 3433 1122 3501 factum
1143 3440 1216 3482 est
1237 3430 1330 3482 ita.
1357 3429 1646 3500 Postquam
1665 3433 1807 3486 enim

213 3523 329 3575 heri
374 3537 478 3576 nos
514 3521 697 3575 docuit
737 3520 926 3575 beatus
971 3518 1165 3584 Moses,
1212 3519 1482 3588 quomodo
1525 3520 1804 3576 informem

211 3622 414 3668 terram
441 3612 714 3666 ornaverit
744 3597 977 3666 universi
1008 3611 1262 3666 Conditor
1289 3609 1501 3675 herbis,
1533 3620 1588 3665 et
1614 3613 1804 3667 ﬂorum

208 3705 472 3758 varietate
491 3743 507 3768 ,
543 3712 597 3757 et
632 3703 895 3757 seminum
923 3702 1185 3772 germine,
1220 3701 1377 3757 hodie
1405 3717 1708 3758 sermonem
1736 3703 1803 3758 ad

205 3806 462 3848 ornatum
508 3794 624 3849 (κιεΙί
670 3795 849 3849 vertit.
898 3793 1032 3847 Nam
1079 3793 1214 3847 sicut
1263 3803 1402 3848 terra
1446 3804 1668 3848 ornatur
1710 3810 1806 3864 per

205 3902 267 3940 ea
311 3901 434 3957 quae
468 3900 535 3939 ex
581 3884 691 3955 ipsa
734 3887 1081 3954 proveniunt,
1109 3885 1186 3938 sic
1223 3884 1412 3940 cazlum
1453 3884 1555 3940 hoc
1597 3885 1800 3942 visibile

202 3980 407 4034 clarius
434 3988 492 4034 et
516 3977 765 4049 fulgidius
787 3977 932 4044 fecit,
955 3988 1222 4032 astrorum
1245 3979 1500 4034 varietate
1523 3979 1654 4034 illud
1676 3979 1800 4035 hinc

205 4071 335 4126 inde
360 4072 729 4141 distinguens,
769 4071 1063 4140 prwsertim
1088 4067 1406 4127 formatione
1428 4070 1657 4127 duorum
1689 4088 1802 4125 Illa-

203 4181 435 4234 gnorum
465 4165 825 4231 luminarium,
850 4164 1000 4230 solis,
1028 4165 1241 4235 inquam
1267 4206 1281 4229 ,
1313 4174 1369 4220 et
1406 4165 1567 4220 lunai.
1601 4165 1688 4221 16.
1731 4162 1802 4220 Et

205 4261 324 4328 fecit
354 4258 513 4326 Deus,
539 4259 633 4325 ait,
652 4260 754 4313 duo
775 4259 1048 4314 luminaria
1067 4275 1273 4330 magna,
1293 4259 1542 4314 luminare
1559 4276 1800 4330 magnum

202 4360 259 4403 ut
286 4359 524 4419 praeesset
553 4351 674 4418 diei,
696 4363 742 4405 et
768 4351 1019 4405 luminare
1043 4351 1212 4404 minus
1232 4360 1288 4403 ut
1310 4361 1540 4419 prwesset
1567 4353 1722 4416 nocti,
1751 4359 1799 4405 et

205 4441 397 4494 stellas.
449 4440 636 4495 Vidisti
675 4441 988 4510 sapientiam
1031 4439 1286 4510 Opilieis?
1335 4440 1476 4495 Dixit
1521 4442 1713 4505 solum,
1744 4450 1800 4496 et

204 4531 526 4601 productum
576 4540 660 4587 est
708 4530 810 4588 hoc
861 4531 1177 4588 admirabile
1224 4532 1588 4599 elementum,
1629 4532 1794 4586 solem

202 4625 346 4679 dico.
397 4622 553 4679 Hunc
597 4623 740 4679 enim
774 4634 931 4679 vocat
973 4623 1234 4678 luminare
1275 4639 1558 4694 magnum,
1586 4632 1638 4678 et
1668 4623 1798 4679 dicit

203 4717 378 4784 ipsum
400 4714 600 4770 factum
626 4729 769 4782 esse,
788 4724 848 4770 ut
874 4716 1056 4786 praesit
1074 4715 1201 4770 diei.
1229 4715 1323 4771 Sol
1343 4717 1486 4770 enim
1512 4715 1795 4770 clariorem

199 4806 344 4860 diem
390 4805 580 4873 efﬁcit,
624 4805 851 4861 rutilans
896 4821 1062 4862 aureo
1103 4821 1202 4861 suo
1232 4805 1421 4877 iubare
1448 4816 1503 4862 et
1529 4806 1712 4872 radiis,
1740 4816 1796 4861 et

199 4898 440 4967 quotidie
468 4898 702 4968 speciem
731 4912 880 4951 suam
909 4898 1265 4967 vigcseeutem
1290 4897 1598 4964 ostendens,
1629 4905 1684 4952 et
1712 4898 1787 4952 si-

199 4989 314 5044 mul
348 4997 510 5059 atque
549 5003 707 5043 mane
742 4997 962 5044 exortus
1002 4987 1182 5056 fuerit,
1211 5005 1370 5044 onme
1393 4989 1666 5044 hominum
1695 5005 1790 5059 ge-

197 5096 303 5136 nus
326 5082 394 5136 ad
420 5097 641 5136 suorum
664 5096 886 5151 cperum
907 5081 1080 5135 studia
1103 5083 1361 5136 excitans.
1395 5081 1562 5149 Hujus
1591 5079 1794 5136 formo-

198 5175 411 5227 sitatem
438 5173 719 5228 declarans
752 5172 939 5228 beatus
966 5172 1159 5239 David,
1190 5172 1360 5241 inquit
1391 5191 1404 5226 :
1436 5169 1505 5225 Et
1527 5173 1634 5241 ipse
1659 5183 1790 5226 tam-

194 5282 352 5324 quam
386 5281 604 5336 sponsus
647 5265 904 5337 egrediens
945 5265 1008 5319 de
1047 5265 1268 5318 thalamo
1297 5281 1411 5330 suo,
1439 5264 1706 5319 exsultabit
1732 5273 1790 5318 ut

196 5361 345 5428 gigas
373 5357 441 5409 ad
461 5358 764 5410 currendum
787 5356 956 5420 viam;
983 5373 1013 5410 a
1041 5372 1236 5410 summa
1255 5356 1378 5410 ca'lo
1401 5372 1627 5425 egressus
1656 5356 1786 5425 ejus,

197 5459 242 5500 et
272 5465 507 5502 occursus
551 5451 665 5520 ejus
701 5463 858 5517 usque
891 5447 958 5502 ad
993 5463 1240 5500 sumntum
1266 5447 1376 5501 creti
1405 5446 1578 5516 (Psal.
1611 5446 1699 5500 18.
1731 5447 1787 5524 6.

306 5536 466 5593 Vides
495 5537 766 5607 quomodo
805 5538 921 5607 ejus
963 5537 1430 5607 pulchritudinem,
1462 5548 1515 5592 et
1560 5538 1614 5592 in
1659 5552 1787 5606 ope-

199 5630 367 5684 rando
394 5629 732 5684 velocitatem
758 5629 1082 5685 declaravit?
1113 5629 1346 5685 Dicendo
1373 5629 1537 5695 enim,
1568 5627 1613 5681 A
1638 5645 1779 5683 sum-

199 5737 282 5773 mo
305 5708 424 5774 caelo
449 5736 679 5792 egressus
705 5721 834 5790 ejus,
862 5729 908 5773 et
933 5737 1170 5775 occursus
1208 5721 1320 5789 ejus
1357 5735 1516 5790 usque
1551 5719 1616 5772 ad
1649 5735 1787 5773 sum-

202 5828 336 5866 mum
355 5813 483 5881 cati,
510 5812 828 5884 signiﬁcavit
852 5811 1028 5879 nobis,
1054 5811 1324 5884 quomodo
1353 5811 1407 5867 in
1435 5825 1542 5869 uno
1571 5821 1781 5882 tempo-

1923 482 2000 535 ris
2030 487 2302 534 momento
2342 494 2440 550 per
2476 487 2642 534 totum
2677 479 2860 534 orbem
2890 479 3163 547 discurrit,
3185 490 3238 534 et
3266 495 3295 533 a
3325 481 3516 537 linibns

1922 575 1977 631 in
2002 576 2135 630 lines
2157 574 2337 630 radios
2363 574 2542 639 mittit,
2563 573 2788 628 multum
2812 575 3052 629 utilitatis
3075 584 3350 645 prmstans.
3381 574 3515 629 Nam

1921 682 2027 722 non
2069 666 2241 722 solum
2280 666 2540 732 calefacit,
2578 666 2674 723 sed
2714 676 2767 721 et
2804 667 3050 731 arefacit;
3094 674 3150 722 et
3195 683 3300 722 non
3343 668 3515 721 solum

1923 760 2162 823 arefacit,
2185 759 2277 814 sed
2305 767 2360 813 et
2388 758 2585 824 adurit,
2607 759 2910 829 multosque
2930 760 3062 813 alios
3086 769 3140 813 et
3161 759 3338 813 varios
3361 759 3516 812 nobis

1920 866 2049 906 usus
2072 850 2295 920 praebet,
2321 859 2480 919 atque
2505 849 2639 904 adeo
2663 865 2912 919 magnum
2943 859 3027 904 est
3051 849 3366 904 miraculum
3392 850 3513 904 ele-

1917 954 2155 999 mentum
2183 943 2286 998 lioc
2305 985 2318 1007 ,
2346 958 2521 1014 neque
2545 945 2739 1015 estqui
2766 944 2950 998 laudes
2978 943 3094 1014 ejus
3123 959 3220 1014 pro
3247 944 3511 1016 dignitate

1919 1036 2308 1107 prmdicaverit.
2337 1035 2462 1090 Haac
2477 1045 2654 1092 autem
2675 1036 2813 1101 dico,
2836 1045 2890 1092 et
2911 1051 3159 1093 sermone
3179 1038 3502 1093 elementum

1917 1127 2136 1193 extollo,
2168 1141 2276 1181 non
2320 1135 2381 1182 ut
2425 1127 2478 1182 in
2521 1141 2590 1182 eo
2633 1128 2913 1193 subsistas,
2942 1127 3152 1194 dilecte,
3182 1127 3277 1183 sed
3309 1138 3366 1184 ut
3390 1129 3515 1186 inde

1917 1219 2196 1285 ascendas,
2216 1229 2273 1273 et
2297 1219 2348 1272 in
2371 1217 2620 1274 elementi
2642 1217 2895 1289 Opificem
2918 1219 3321 1274 admirationem
3341 1229 3514 1274 trans-

1917 1310 2082 1366 feras.
2111 1309 2243 1364 Nam
2266 1319 2465 1381 quanto
2484 1311 2657 1380 majus
2676 1310 2975 1365 ostenditur
2994 1309 3340 1374 elementum.
3361 1319 3512 1364 tanto

1916 1401 2091 1472 majus
2116 1409 2444 1456 monstratur
2464 1399 2683 1473 Opificis
2713 1401 3047 1456 miraculum.
3249 1465 3251 1467 ι

1988 1496 2046 1550 4.
2075 1493 2310 1549 Stultitia
2329 1494 2651 1548 adorantium
2677 1497 2868 1558 solem;
2891 1509 2982 1547 cur
3007 1503 3119 1564 post
3144 1493 3347 1548 tertium
3372 1492 3506 1547 diem

1916 1587 1994 1642 sol
2027 1586 2277 1642 conditus.
2298 1611 2370 1626 -—
2394 1586 2589 1642 Verum
2629 1586 2855 1657 gentiles
2892 1585 3217 1642 admirantes
3244 1597 3298 1642 et
3322 1587 3510 1643 obstu-

1920 1687 2196 1747 pescentes
2223 1687 2425 1733 tantum
2453 1679 2796 1744 elementum,
2828 1679 3048 1733 ulterius
3076 1680 3377 1750 perspicere
3403 1695 3509 1734 non

1918 1780 2222 1842 potuerunt,
2263 1787 2437 1842 neque
2483 1772 2600 1841 ejus
2645 1771 2986 1826 Conditorem
3019 1773 3384 1836 laudaverunt,
3414 1773 3508 1828 sed

1919 1864 1973 1918 in
2003 1863 2274 1918 elemento
2309 1864 2774 1934 conquiescentes,
2807 1864 2978 1933 ipsum
3021 1879 3119 1933 pro
3165 1863 3269 1918 deo
3307 1863 3507 1919 habue-

1917 1963 2380 2025 runtzpropterea
2421 1963 2476 2009 et
2523 1955 2709 2010 beatus
2750 1955 2944 2009 Paulus
2984 1951 3115 2009 dicit
3145 1973 3157 2009 :
3183 1954 3252 2010 Et
3289 1956 3509 2009 venerati

1916 2056 2054 2112 sunt,
2086 2046 2444 2117 colueruntque
2483 2055 2764 2101 creaturam
2803 2047 2996 2117 magis,
3031 2063 3183 2117 quam
3220 2045 3508 2102 Creatorem

1917 2138 2093 2206 (Rom.
2125 2139 2178 2192 1.
2203 2137 2319 2210 25).
2364 2137 2503 2204 Quid
2541 2138 2683 2193 enim
2738 2138 3072 2208 iusipientius
3110 2138 3231 2206 illis,
3266 2139 3355 2209 qui
3399 2154 3506 2194 non

1917 2237 2205 2297 potuerunt
2245 2244 2314 2284 ex
2354 2228 2614 2284 creaturis
2640 2243 2930 2298 agnoscere
2969 2229 3297 2297 Creatorem,
3329 2230 3422 2286 sed
3454 2231 3506 2286 in

1917 2329 2122 2374 tantum
2152 2329 2511 2390 pervenerunt
2535 2336 2807 2386 errorem,
2839 2331 2898 2375 υι
2933 2331 3232 2377 creaturam
3262 2333 3316 2377 et
3341 2325 3507 2378 factu-

1916 2428 2031 2468 ram
2071 2413 2124 2467 in
2153 2413 2398 2468 ordinem
2424 2411 2695 2468 Creatoris
2721 2413 3020 2469 referrent?
3062 2415 3396 2485 Quapmpter
3419 2417 3504 2470 di-

1915 2505 2036 2558 vina
2065 2503 2338 2575 Scriptura
2360 2504 2659 2575 praevidens
2686 2520 2979 2578 propensos
2999 2506 3064 2561 ad
3085 2521 3327 2562 errorem
3357 2508 3505 2578 igua-

1913 2612 2030 2664 vos,
2070 2605 2226 2652 docet
2268 2612 2385 2664 nos,
2427 2607 2548 2668 post
2587 2600 2801 2654 tertium
2842 2600 2983 2654 diem
3033 2599 3135 2655 hoc
3179 2601 3502 2656 elementum

1914 2703 2036 2746 esse
2081 2689 2354 2744 conditum
2380 2732 2396 2757 ,
2445 2698 2728 2761 postquam
2778 2699 2919 2746 terra
2967 2692 3253 2763 omnigena
3296 2694 3501 2748 semina

1918 2783 2157 2854 protulit,
2188 2793 2243 2840 et
2270 2800 2426 2840 suum
2457 2785 2665 2854 accepit
2691 2795 2938 2839 ornatum
2966 2802 2979 2840 :
3012 2793 3072 2839 ut
3113 2785 3242 2839 nulli
3283 2785 3503 2854 posthac

1913 2875 2091 2931 dicere
2112 2875 2287 2940 liceat,
2317 2875 2433 2931 sine
2456 2875 2585 2931 solis
2610 2877 2984 2946 cooperatione
3010 2891 3116 2931 non
3143 2883 3503 2932 maturescere

1914 2969 2091 3040 fruges
2121 2979 2174 3024 et
2206 2979 2493 3039 proventus
2522 2978 2699 3025 terrae.
2746 2967 2948 3024 Idcirco
2973 2968 3210 3025 declarat
3234 2968 3325 3024 tibi
3351 2978 3502 3023 antc-

1913 3077 2070 3131 quam
2093 3060 2174 3116 sol
2203 3062 2544 3130 formaretur,
2574 3062 2754 3115 omnia
2784 3060 2946 3116 fuisse
2966 3060 3201 3130 impleta,
3231 3069 3379 3115 utne
3402 3061 3500 3116 soli

1914 3154 2176 3208 fruetumn
2220 3163 2508 3224 proventus
2547 3153 2853 3218 adscribas,
2899 3151 2992 3206 sed
3040 3153 3275 3208 omnium
3323 3151 3498 3223 opiﬁci

1913 3245 2047 3312 Deo,
2073 3247 2161 3316 qui
2191 3246 2319 3300 dixit
2351 3245 2417 3301 ab
2443 3245 2595 3300 initio
2626 3263 2640 3300 :
2674 3243 2929 3299 Germinet
2965 3254 3099 3299 terra
3123 3245 3329 3299 herbam
3357 3245 3499 3315 freni.

1911 3338 2064 3403 Quod
2086 3340 2131 3393 si
2159 3338 2408 3404 dixerint,
2438 3339 2568 3393 solis
2601 3337 2926 3393 iunctionem
2965 3339 3124 3392 etiam
3150 3337 3350 3409 aliquid
3373 3354 3500 3408 ope-

1912 3432 2040 3495 rari,
2077 3439 2135 3486 ut
2173 3430 2374 3486 fructus
2409 3439 2791 3493 maturescunt.
2824 3444 2998 3500 neque
3033 3445 3132 3500 ego
3168 3429 3498 3483 contradico.

1910 3524 2042 3578 Nam
2073 3525 2210 3578 sicut
2233 3524 2277 3578 si
2304 3523 2590 3593 agricolam
2611 3523 2782 3577 dicam
2806 3522 3083 3591 cooperari
3110 3520 3177 3576 ad
3207 3532 3364 3575 terra:
3388 3522 3499 3574 cul-

1912 3626 2043 3678 tum,
2073 3631 2178 3670 non
2202 3615 2322 3670 ideo
2352 3616 2656 3671 universum
2680 3615 2853 3670 tribuo
2872 3614 3138 3685 agricoltc,
3166 3614 3262 3669 sed
3288 3615 3496 3670 etiamsi

1911 3709 1954 3761 is
1983 3709 2284 3763 sexcenties
2307 3723 2460 3762 suum
2487 3717 2608 3778 agat
2633 3704 2888 3769 officium,
2909 3705 3008 3760 nisi
3039 3706 3084 3760 is
3109 3705 3198 3775 qui
3228 3718 3326 3759 suo
3355 3721 3497 3758 man-

1907 3803 2034 3858 dato
2070 3802 2138 3857 ab
2177 3801 2328 3857 initio
2374 3809 2571 3856 terram
2616 3799 2683 3854 ad
2731 3798 2999 3854 faciendos
3025 3799 3224 3853 fructus
3250 3797 3494 3852 idoneam

1909 3894 2051 3960 fecit,
2084 3892 2151 3948 ad
2177 3893 2278 3948 hoc
2306 3907 2423 3947 eam
2450 3907 2662 3962 quoque
2683 3905 2900 3945 movere
2915 3891 3068 3955 .vrlit,
3103 3889 3230 3944 nihil
3258 3888 3496 3957 proficiet

1907 3986 2089 4041 multis
2126 3983 2400 4039 laboribus
2431 4000 2446 4038 :
2474 3981 2723 4038 similiter
2757 3981 2898 4046 dico,
2928 3981 3136 4036 etiamsi
3165 3995 3284 4034 cum
3312 3979 3496 4034 labore

1905 4079 2089 4134 rustici
2128 4078 2399 4148 conspiret
2437 4075 2565 4132 solis
2591 4085 2645 4130 et
2669 4075 2809 4130 luna:
2833 4075 3072 4145 operatio
3092 4115 3107 4138 ,
3134 4080 3190 4127 et
3217 4072 3330 4127 cat-li
3355 4081 3494 4127 tem-

1905 4171 2101 4243 peries,
2124 4185 2298 4240 neque
2317 4169 2395 4223 sic
2416 4169 2695 4224 utilitatem
2717 4167 2947 4237 aliquam
2969 4165 3106 4230 fore,
3131 4166 3232 4220 nisi
3258 4179 3491 4235 superne

1905 4264 2023 4318 illos
2051 4261 2270 4318 dextera
2297 4259 2506 4317 Domini
2531 4258 2799 4328 adjuverit
2832 4276 2846 4314 :
2876 4258 2973 4311 hac
2997 4263 3173 4311 autem
3211 4271 3370 4310 manu
3397 4271 3492 4309 ra-

1903 4354 2009 4408 lida
2032 4353 2250 4423 jnrante
2270 4353 2429 4407 etiam
2446 4348 2713 4408 elementa
2738 4349 3024 4419 plurimunt
3045 4349 3344 4403 conferunt.
3370 4347 3494 4403 llasc

1903 4447 2067 4516 probe
2097 4445 2354 4500 memoria
2384 4453 2648 4510 tenentes,
2691 4442 3017 4513 compescite
3053 4454 3150 4496 eos
3190 4441 3278 4510 qui
3321 4440 3495 4494 adlmc

1901 4551 2082 4592 errare
2109 4536 2309 4600 volunt,
2341 4543 2395 4590 et
2430 4550 2537 4589 non
2578 4534 2876 4598 concedite,
2911 4543 2970 4590 ut
3012 4531 3282 4590 Creatoris
3323 4531 3494 4587 honor

1901 4638 2160 4686 creatura:
2188 4629 2531 4684 concedatur.
2579 4629 2875 4698 EaprOpter
2908 4637 2962 4684 et
2999 4627 3183 4683 divina
3219 4624 3492 4698 Scriptura

1900 4737 2006 4775 non
2033 4721 2205 4775 solum
2236 4718 2822 4791 pulchritudinenrejns
2844 4759 2860 4784 ,
2892 4727 2947 4772 et
2971 4717 3409 4788 magnitudinem,
3438 4725 3491 4770 et

1901 4811 2182 4866 utilitatem
2226 4811 2486 4878 ostendit,
2517 4809 2744 4865 dicendo
2775 4828 2788 4864 :
2823 4808 2969 4865 Sicut
3012 4825 3246 4880 sponsus,
3275 4818 3350 4875 et,
3382 4806 3492 4862 Ez-

1899 4905 2106 4960 sultabit
2129 4904 2258 4958 sicut
2285 4905 2428 4976 gigas
2470 4903 2538 4957 ad
2576 4902 2879 4956 currendum
2913 4903 3080 4966 viam;
3107 4901 3200 4956 sed
3230 4910 3284 4955 et
3319 4899 3485 4954 imbe-

1899 4997 2173 5052 cillitatem
2201 4995 2634 5062 debilitatentqne
2658 4996 2696 5048 ι.
2740 4993 2879 5049 Audi
2913 4993 3055 5048 enim
3091 4991 3216 5062 quid
3253 4991 3377 5045 alibi
3410 4991 3491 5045 di-

1898 5099 1985 5142 cat
2017 5105 2030 5142 :
2063 5089 2198 5153 Quid
2223 5089 2328 5141 sole
2349 5086 2606 5140 lucidius?
2633 5087 2797 5140 ethoc
2825 5084 2994 5153 deﬁcit
3036 5081 3223 5152 (Eccli.
3253 5083 3340 5138 17.
3372 5083 3485 5151 50).

1897 5179 1975 5236 Ne
2002 5189 2053 5235 te
2077 5179 2306 5249 decipiat
2331 5219 2347 5244 ,
2388 5179 2578 5247 inquit,
2603 5176 2965 5248 spectaculum
2993 5191 3010 5227 :
3038 5189 3158 5228 nam
3189 5175 3233 5228 si
3261 5173 3488 5228 voluerit

1895 5274 2154 5331 Conditor
2183 5275 2467 5343 imperare,
2496 5273 2646 5342 quasi
2683 5285 2967 5340 tuirnqnam
2999 5268 3174 5331 fuerit,
3204 5268 3276 5321 ita
3305 5267 3486 5337 dispa-

1898 5369 2056 5424 rebit.
2101 5368 2227 5423 llaec
2265 5369 2308 5420 si
2357 5365 2744 5420 intellexissent
2779 5361 3388 5433 gentiles,’neutiquam
3430 5360 3484 5414 in

1900 5472 2104 5517 tantum
2145 5459 2455 5514 incidissent
2491 5472 2759 5520 errorem,
2798 5454 2892 5509 sed
2925 5463 3072 5508 recte
3095 5451 3387 5517 vidissent,
3415 5465 3481 5505 ex

1892 5564 2261 5611 creaturarum
2302 5549 2751 5620 contemplatione
2787 5563 2883 5616 par
2918 5561 3037 5602 esse
3071 5546 3137 5599 ad
3173 5545 3481 5600 Creatorem

1894 5644 2208 5700 ascendere.
2253 5642 2477 5710 Propter
2513 5639 2615 5693 hoc
2651 5647 2842 5709 quarto
2879 5637 2967 5691 die
3006 5637 3171 5690 Solem
3211 5633 3370 5698 fecit,
3411 5647 3483 5689 ne

1957 5760 1975 5790 ι
2011 5766 2137 5816 ttazc,
2154 5755 2298 5806 sedet
2319 5751 2689 5804 imbecillitatem
2706 5749 3224 5814 debilitatemque,quze
3251 5749 3300 5798 in
3317 5747 3478 5798 Morel.

1897 5821 2120 5884 deerant,
2143 5821 2193 5871 in
2216 5818 2407 5869 caeteris
2426 5816 2686 5865 habentur.
