4040 6378
494 354 565 412 59
1204 350 1258 404 S.
1301 346 1575 401 JO.\.\'l\'IS
1612 338 2086 400 CllRYSOSTOMl
2127 336 2446 394 AﬁClllEP.
2486 342 3025 401 CUNSTANTINOP.
3711 344 3779 397 fit)

498 478 650 535 putes
678 466 825 520 illum
855 464 959 518 diei
987 471 1280 517 auctorem.
1313 460 1442 514 Nam
1472 457 1610 528 quod
1639 457 1705 512 de
1728 454 2021 511 seminibus
2051 467 2079 508 a

501 559 653 612 nobis
684 556 884 611 dictum
916 564 1018 619 est,
1047 562 1101 607 et
1125 553 1193 607 de
1217 552 1305 606 die
1335 552 1455 605 licet
1480 551 1678 615 dicere,
1704 562 1895 616 nempe
1926 545 2087 600 fuisse

501 660 609 705 tres
637 650 750 704 dies
776 655 900 702 ante
928 647 1055 701 Solis
1081 642 1474 699 formationem.
1505 641 1677 695 Voluit
1704 650 1884 693 autem
1914 635 2092 690 Domi-

503 759 601 795 nus
629 750 682 793 et
710 756 802 809 per
833 739 934 793 hoc
962 738 1284 793 elementum
1316 735 1597 790 clariorem
1624 732 1729 786 diei
1759 733 1932 785 lucem
1961 727 2090 782 red-

503 833 630 887 dere
654 850 666 884 :
690 832 739 884 id
767 830 906 900 quod
931 839 985 883 et
1012 829 1080 884 de
1104 828 1296 883 minori
1326 826 1595 890 luminari,
1623 826 1721 879 hoc
1747 831 1847 887 est,
1877 822 1945 876 de
1972 822 2093 874 luna

505 926 843 980 dixerimus:
879 921 1031 978 facta:
1084 922 1225 977 enim
1268 928 1394 976 sunt
1440 929 1548 974 tres
1588 927 1771 972 noctes
1813 924 1935 969 ante
1981 913 2096 981 ejus

508 1015 901 1070 formationem.
946 1016 1194 1068 Attamen
1238 1021 1289 1065 et
1334 1011 1449 1065 hanc
1486 1008 1739 1079 producta
1767 1021 1915 1061 suam
1945 1003 2099 1057 affert

508 1109 789 1163 utilitatem
824 1109 1083 1175 :dissipat
1121 1106 1263 1161 enim
1306 1104 1477 1158 noctis
1517 1101 1784 1166 tenebras,
1809 1108 1866 1152 et
1896 1097 2097 1157 ferme,

509 1211 568 1256 ut
596 1202 662 1254 ita
693 1201 888 1265 dicam,
916 1199 1102 1254 eadem
1127 1214 1242 1266 qum
1255 1197 1339 1251 sol
1357 1197 1470 1264 ipse
1491 1193 1611 1247 facit
1632 1206 1755 1261 erga
1778 1190 1879 1243 alia
1899 1187 2097 1242 omnia.

514 1292 605 1347 Sol
635 1291 776 1346 enim
805 1290 1084 1344 ordinatus
1107 1296 1189 1343 est
1215 1286 1280 1341 ad
1312 1286 1413 1341 hoc
1448 1284 1516 1339 Ut
1543 1290 1777 1353 prwesset
1806 1279 1905 1333 diei
1930 1320 1945 1343 ,
1978 1277 2101 1331 luna

516 1391 719 1448 autem,
750 1380 817 1435 Ut
840 1388 1071 1452 praeesset
1092 1378 1245 1432 nocti.
1276 1376 1410 1444 Quid
1441 1385 1523 1429 est
1553 1372 1621 1427 Ut
1648 1381 1877 1443 praeesset
1902 1369 2019 1432 diei,
2052 1375 2107 1420 et

518 1472 587 1527 Ut
635 1482 867 1542 praesset
908 1472 1081 1525 nocti?
1126 1470 1481 1531 Potestatem,
1517 1466 1722 1535 inquit,
1754 1462 1984 1531 accepit,
2017 1460 2105 1513 ille

516 1563 728 1631 quidem
758 1561 885 1626 diei,
915 1560 1029 1615 haec
1056 1574 1183 1613 vero
1209 1559 1379 1613 noctis
1401 1598 1413 1622 ,
1448 1566 1505 1610 ut
1531 1556 1608 1610 sol
1637 1554 1776 1609 diem
1807 1553 1918 1606 suis
1948 1550 2108 1605 radiis

519 1655 799 1710 clariorem
823 1653 1046 1717 reddat;
1078 1652 1199 1706 luna
1225 1661 1402 1705 autem
1435 1660 1490 1703 ut
1516 1648 1759 1718 dispellat
1791 1646 2035 1701 tenebras
2055 1654 2110 1698 et

522 1748 796 1802 hominum
826 1746 1007 1817 generi
1038 1745 1235 1798 lumine
1268 1758 1365 1797 suo
1396 1740 1698 1796 facultatem
1728 1737 1965 1809 prwbcat
2000 1735 2111 1788 suis

525 1840 748 1907 negotiis
767 1836 1005 1891 vacandi.
1039 1836 1186 1889 Tunc
1214 1835 1355 1888 enim
1375 1835 1544 1886 viator
1565 1832 1810 1885 fidentius
1835 1829 1936 1883 iter
1965 1826 2107 1889 facit,

523 1939 577 1981 et
621 1937 780 1983 nauta
824 1928 998 1981 navim
1027 1926 1181 1995 regit,
1205 1934 1259 1979 et
1285 1924 1450 1979 maria
1480 1922 1694 1991 trajicit,
1718 1930 1773 1976 et
1796 1936 1892 1974 sua
1923 1921 2115 1989 cuique

526 2019 724 2083 studia,
747 2034 975 2090 suasque
1004 2030 1149 2073 artes
1185 2026 1328 2072 metu
1373 2016 1545 2087 posito
1578 2014 1975 2085 aggrediuntur.
2010 2012 2112 2066 De-

529 2111 653 2166 inde
693 2121 972 2181 postquam
1005 2125 1103 2163 nos
1134 2109 1312 2164 docuit
1343 2109 1566 2163 istorum
1604 2107 1941 2160 luminarium
1976 2104 2118 2158 utili-

530 2213 715 2266 tatem,
744 2202 913 2272 inquit
943 2220 956 2256 :
991 2202 1075 2256 l7.
1112 2199 1177 2253 Et
1204 2200 1393 2254 stellas.
1436 2199 1503 2253 Et
1532 2199 1697 2269 posuit
1734 2196 1872 2252 Deus
1912 2197 2029 2251 illas
2065 2196 2116 2249 in

530 2296 847 2363 [irritamento
888 2296 1033 2356 caeli,
1072 2296 1141 2347 ita
1186 2304 1237 2346 ut
1285 2292 1485 2347 luceant
1525 2308 1677 2363 super
1718 2301 1919 2356 terram,
1953 2289 2038 2343 i8.
2073 2298 2119 2341 et

530 2388 734 2457 praesint
756 2387 855 2441 diei
879 2403 939 2440 ac
959 2386 1111 2448 nocti,
1131 2397 1177 2439 et
1200 2394 1430 2456 separent
1454 2383 1584 2437 inter
1608 2383 1773 2436 lucem
1802 2391 1849 2434 et
1870 2380 2116 2434 tenebras.

602 2481 655 2534 5.
693 2479 1025 2532 Pulcliritudo
1056 2491 1101 2532 ct
1127 2479 1317 2531 utilitas
1337 2477 1448 2530 ειειί
1465 2493 1485 2542 ;
1523 2475 1693 2529 omnia
1728 2484 1931 2544 propter
1960 2473 2125 2525 Itami-

533 2588 642 2624 nem
668 2579 835 2624 creata
858 2580 993 2623 sunt.
1012 2597 1083 2608 -—
1112 2567 1487 2622 Animadverte
1519 2564 1604 2619 hic
1624 2573 1879 2636 quantum
1911 2572 1966 2617 et
1996 2563 2122 2616 isla-

538 2678 652 2716 rum
684 2677 837 2715 nsum
871 2660 1022 2713 nobis
1048 2659 1355 2714 declaravit.
1392 2655 1572 2711 Posuit
1594 2656 1731 2721 illas,
1752 2654 1940 2725 inquit,
1960 2654 2010 2707 in
2032 2654 2124 2723 [ir-

535 2765 782 2807 mamento
800 2755 928 2807 τίειὶ.
954 2753 1091 2820 Quid
1108 2763 1210 2819 est,
1235 2750 1449 2805 Posuit?
1470 2749 1732 2819 Numquid
1754 2748 1900 2818 quasi
1924 2747 2127 2801 diceret

537 2845 746 2914 aliquis,
776 2844 952 2898 Fixit?
982 2845 1170 2897 Absit:
1199 2842 1439 2897 videmus
1465 2841 1605 2895 enim
1638 2840 1781 2910 ipsas
1807 2853 1949 2908 smpe
1972 2838 2126 2892 unico

541 2938 800 3005 temporis
857 2945 1129 2990 momento
1184 2949 1433 3003 magnum
1483 2935 1712 2987 transire
1762 2933 2025 3002 Spatium,
2075 2941 2129 2985 et

537 3043 824 3098 numquam
875 3028 924 3080 in
968 3042 1075 3080 uno
1119 3026 1237 3080 loco
1284 3035 1447 3092 stare,
1493 3025 1586 3079 sed
1624 3040 1800 3088 suum,
1839 3039 1995 3093 quem
2027 3022 2128 3075 illis

540 3117 796 3171 Dominus
824 3116 1098 3186 prieccpit,
1126 3130 1340 3169 cursum
1371 3114 1645 3184 perlicere.
1677 3113 1811 3181 Quid
1840 3114 1997 3181 igitur
2024 3122 2125 3177 est,

543 3206 763 3261 Posuit?
804 3207 860 3260 ld
896 3217 993 3271 est,
1026 3205 1305 3275 imperavit
1330 3215 1388 3259 ut
1412 3205 1540 3275 ipsae
1562 3213 1744 3259 essent
1769 3204 1818 3256 in
1849 3204 1999 3256 caelo.
2033 3202 2126 3256 Et-

542 3301 684 3353 enim
732 3300 831 3354 hoc
874 3314 939 3354 cx
979 3299 1206 3353 decursu
1241 3298 1535 3368 Scriptura:
1562 3297 1741 3352 licebit
1768 3297 1975 3359 videre,
2010 3297 2129 3365 quia

541 3393 664 3444 alibi
694 3392 821 3446 dicit
852 3410 865 3442 :
901 3389 1077 3445 Posuit
1099 3391 1234 3445 Deus
1261 3391 1425 3445 Adam
1446 3392 1495 3444 in
1518 3391 1755 3461 paradiso
1784 3388 1931 3455 (Gen.
1969 3388 2023 3441 2.
2049 3388 2129 3458 8),

544 3500 648 3537 non
676 3484 816 3552 quod
850 3483 1082 3537 infixerit
1100 3498 1221 3536 eum
1252 3483 1519 3552 paradiso,
1542 3482 1635 3536 sed
1658 3481 1797 3551 quod
1822 3481 2135 3550 przeccperit

544 3586 602 3629 ttt
626 3586 767 3630 esset
796 3576 847 3629 in
883 3577 1144 3645 paradiso.
1179 3574 1439 3630 Similiter
1458 3584 1511 3629 et
1535 3575 1602 3629 de
1626 3574 1795 3629 stellis
1819 3575 2131 3641 dixerimus,

548 3668 838 3735 imperasse
868 3681 1060 3735 nempe
1087 3666 1165 3720 eis
1198 3674 1253 3720 ut
1278 3676 1459 3721 essent
1484 3666 1538 3719 in
1564 3664 1899 3719 firmamento
1924 3665 2060 3730 czeli,
2085 3674 2138 3719 et

548 3773 702 3809 suum
736 3758 912 3811 lumen
944 3772 1103 3827 super
1138 3768 1331 3811 terram
1364 3758 1688 3811 emitterent.
1720 3757 2099 3811 Animadverte
2119 3797 2134 3822 ,

546 3850 792 3910 obsecro,
816 3847 1030 3915 dilecte,
1062 3848 1376 3918 quibusnam
1404 3849 1568 3917 pratis
1584 3858 1639 3903 et
1659 3847 1827 3901 hortis
1852 3848 2139 3917 jucundius

556 3959 661 3995 non
703 3943 860 3997 fuerit
888 3951 1132 4013 spectare
1161 3942 1212 3996 in
1245 3941 1417 3996 media
1446 3951 1600 3997 nocte
1629 3941 1815 3995 caelum
1848 3940 2017 3995 stellis
2051 3939 2139 3994 di-

551 4036 894 4097 stinctuin,et
919 4034 1191 4089 stellarum
1220 4033 1477 4088 varietate
1500 4034 1652 4105 quasi
1680 4033 1899 4088 floribus
1925 4033 2142 4104 quibus-

554 4129 674 4180 dam
696 4142 1044 4196 conspersum
1067 4136 1122 4181 et
1140 4136 1409 4193 ornatum,
1440 4127 1665 4181 multum
1694 4126 1825 4181 lucis
1849 4140 2011 4195 super
2037 4135 2143 4181 ter-

556 4238 667 4274 ram
713 4220 1026 4283 effundere?
1068 4220 1201 4274 Nam
1242 4228 1297 4275 et
1340 4220 1393 4273 in
1440 4218 1543 4274 hoc
1586 4218 1845 4273 ordinata:
1888 4228 2046 4283 sunt,
2089 4227 2147 4272 ut

558 4316 768 4368 luceant
794 4328 954 4383 super
980 4322 1173 4366 terram
1197 4354 1209 4374 ,
1240 4322 1292 4366 et
1322 4311 1539 4381 priesint
1564 4311 1670 4365 diei
1703 4325 1766 4365 ac
1794 4310 1967 4374 nocti,
1999 4309 2141 4379 quod

555 4404 877 4474 generaliter
896 4413 949 4458 et
974 4403 1042 4458 de
1064 4402 1269 4473 magnis
1292 4402 1640 4457 luminaribus
1661 4402 1860 4456 dictum
1881 4410 1981 4456 est.
2012 4401 2143 4455 Nam

560 4506 839 4567 postquam
865 4496 1046 4551 docuit
1085 4511 1183 4550 nos
1207 4537 1222 4563 ,
1263 4494 1530 4565 quomodo
1563 4496 1786 4549 formata
1814 4494 2013 4549 fuerint
2042 4494 2148 4548 duo

564 4591 841 4646 luminaria
875 4605 1086 4661 magna,
1124 4598 1180 4645 et
1216 4590 1426 4644 stellae:
1455 4589 1522 4644 de
1566 4589 1816 4644 omnibus
1858 4589 1910 4643 in
1950 4603 2149 4659 genere

560 4684 707 4748 dicit,
742 4682 804 4734 Et
831 4682 1035 4751 prtesint
1056 4682 1154 4735 diei
1180 4697 1239 4734 ac
1264 4680 1418 4745 nocti,
1437 4690 1483 4733 et
1507 4689 1739 4751 separent
1765 4680 1894 4733 inter
1922 4681 2083 4733 lucem
2104 4689 2148 4733 et

565 4776 810 4830 tenebras.
854 4774 1142 4829 Enimvero
1181 4773 1316 4828 sicut
1346 4772 1574 4827 interdiu
1605 4771 1774 4827 stella:
1799 4771 1851 4827 in
1881 4772 2013 4826 casio
2043 4786 2149 4825 non

562 4870 809 4924 videntur
852 4867 1152 4922 discurrere
1188 4865 1433 4930 (illarum
1461 4865 1603 4919 enim
1632 4879 1784 4919 usum
1816 4864 1993 4918 lumen
2024 4862 2152 4917 solis

564 4963 727 5018 multa
756 4961 998 5017 claritate
1025 4958 1270 5030 obtegit),
1305 4960 1373 5012 ita
1402 4973 1574 5030 neque
1604 4967 1763 5014 noctu
1792 4958 1873 5014 sol
1900 4970 2150 5028 apparet,

563 5056 863 5111 sufficiente
889 5056 1010 5109 luna
1037 5068 1133 5109 suo
1163 5053 1365 5108 lumine
1403 5052 1470 5107 ad
1508 5051 1851 5107 illustrandas
1874 5052 2049 5106 noctis
2074 5060 2149 5104 te-

568 5150 761 5204 nebras
792 5166 806 5202 :
832 5164 1017 5204 verum
1045 5146 1309 5203 elementa
1331 5160 1555 5218 quaeque
1580 5146 1717 5201 intra
1744 5160 1870 5201 suos
1896 5145 2154 5200 terminos

573 5249 809 5309 uitanent,
836 5250 892 5296 et
918 5254 1204 5311 numquam
1232 5255 1384 5295 suam
1416 5253 1720 5295 mensuram
1746 5238 2153 5308 transgrediun-

518 5364 521 5374 ι
569 5346 655 5389 tur
678 5353 693 5391 :
716 5336 813 5392 sed
836 5334 1238 5407 dispositionem
1261 5344 1315 5390 et
1334 5333 1575 5389 ordinem
1601 5332 1807 5389 Domini
1830 5331 2153 5396 custodiunt,

571 5442 836 5498 suumque
859 5443 994 5499 opus
1024 5428 1241 5483 faciunt.
1286 5426 1415 5495 Quis
1454 5435 1632 5482 autem
1668 5425 1772 5480 alia
1797 5429 1973 5479 omnia
2000 5440 2159 5480 enar-

573 5525 789 5587 ravcrit,
832 5538 952 5593 qua:
993 5524 1181 5577 horum
1227 5522 1564 5577 luminarium
1611 5530 1667 5576 et
1711 5520 1986 5575 stellarum
2031 5534 2158 5573 usus

575 5618 810 5673 huiusne
838 5621 1019 5691 generi
1049 5619 1297 5673 confert?
1342 5619 1456 5671 Sint
1491 5618 1654 5682 enim,
1688 5616 1875 5686 inquit,
1903 5615 1957 5667 in
1990 5615 2156 5685 signa,

566 5722 613 5764 et
650 5712 700 5765 in
733 5723 978 5781 tempora,
1006 5723 1050 5765 et
1077 5712 1126 5764 in
1149 5712 1275 5775 dies,
1304 5722 1350 5763 et
1380 5712 1430 5762 in
1460 5727 1638 5763 annos.
1680 5708 1814 5774 Quid
1843 5708 1959 5762 est?
1990 5705 2054 5761 In
2086 5708 2157 5760 si-

581 5820 681 5873 gna
712 5816 758 5858 et
785 5807 834 5859 in
866 5817 1108 5876 tempora,
1139 5816 1185 5858 et
1220 5807 1268 5857 in
1297 5804 1420 5869 dies,
1449 5814 1492 5857 et
1521 5806 1571 5857 in
1600 5801 1800 5857 annos?
1828 5801 2029 5857 Docere
2057 5816 2155 5857 nos

2198 454 2307 509 vult
2335 454 2511 509 divina
2539 455 2808 524 Scriptura
2829 495 2845 519 ,
2875 452 3063 507 horum
3090 466 3303 507 cursum
3334 450 3606 506 scientiam
3630 451 3788 506 nobis

2197 557 2493 617 temporum
2524 546 2789 614 c0nferrc,
2819 544 3210 600 vicissitudines
3236 545 3667 607 conversionutn,
3697 561 3788 597 nu-

2199 656 2405 695 merum
2435 640 2663 701 dierum,
2686 639 2809 694 anni
2831 640 3151 694 curriculum
3182 649 3273 694 :et
3298 654 3362 693 ex
3398 637 3476 691 liis
3506 653 3790 706 possumus

2199 732 2513 801 dignoscere
2539 733 2735 785 omnia.
2784 729 2989 785 Etenim
3021 730 3344 800 gubernator
3364 729 3429 783 aii
3453 730 3641 782 borum
3668 744 3794 780 cur-

2201 840 2319 877 sum
2362 833 2629 893 spectans,
2680 833 2733 876 et
2774 821 2825 876 in
2870 822 3057 876 caelum
3106 822 3361 883 intentus,
3404 818 3795 890 diiigenterque

2202 915 2413 969 discens
2457 916 2656 979 omnia,
2686 915 2933 982 navigare
2972 913 3176 982 incipit,
3211 913 3374 966 maria
3406 913 3612 977 tmnsit,
3645 921 3698 966 et
3739 911 3795 964 in

2204 1007 2523 1061 densissima
2558 1017 2735 1071 nocte,
2766 1007 2893 1060 visis
2916 1006 3089 1059 stellis
3108 1006 3123 1037 ³
3159 1006 3333 1058 navim
3363 1006 3591 1075 dirigere
3618 1014 3671 1058 et
3696 1019 3800 1059 sua

2206 1110 2321 1154 arte
2363 1100 2589 1153 salutem
2624 1099 2992 1167 navigantibus
3020 1098 3147 1152 dare
3174 1098 3331 1152 solet.
3364 1097 3452 1153 Sic
3479 1107 3533 1152 et
3555 1097 3792 1167 agricola

2208 1206 2271 1246 ex
2304 1190 2407 1245 illis
2434 1190 2593 1244 discit
2622 1190 2835 1259 quando
2861 1198 3102 1258 oporteat
3130 1190 3333 1243 semina
3366 1198 3521 1241 terra:
3547 1188 3805 1242 commit—

2210 1293 2341 1347 tere,
2374 1282 2587 1353 quando
2619 1292 2813 1336 terram
2839 1283 3129 1351 pastinare,
3156 1290 3209 1335 et
3237 1296 3414 1341 arare,
3448 1280 3660 1349 quando
3695 1277 3802 1332 fal—

2211 1393 2325 1431 cem
2353 1391 2549 1431 acuere
2576 1384 2630 1429 ιιι
2659 1375 2836 1444 fruges
2863 1374 3118 1429 demetat.
3152 1373 3267 1427 Non
3300 1388 3463 1442 pauca
3490 1373 3611 1426 vitae
3641 1372 3804 1441 hujus

2212 1469 2489 1524 commoda
2539 1480 2832 1538 temporum
2877 1467 3125 1530 scientia,
3169 1465 3373 1518 dierum
3418 1477 3702 1526 numerus,
3748 1471 3808 1516 et

2213 1563 2339 1618 anni
2370 1562 2599 1617 circulus
2637 1561 2865 1615 afferunt
2898 1578 2910 1613 :
2946 1558 3213 1627 multaque
3259 1558 3311 1610 in
3362 1557 3425 1610 iis
3472 1555 3805 1626 deprehendi

2217 1666 2435 1726 possent
2473 1655 2538 1709 ad
2583 1654 2861 1709 fovendam
2904 1652 3189 1707 lnunanam
3217 1652 3378 1705 vitam
3419 1650 3590 1716 utilia,
3632 1663 3809 1716 neque

2216 1757 2299 1804 est
2345 1748 2435 1818 qui
2476 1757 2663 1801 exacte
2711 1760 2993 1801 recensere
3032 1743 3236 1813 singula
3285 1742 3493 1812 possit:
3524 1755 3588 1795 ex
3622 1740 3811 1810 paucis

2220 1851 2398 1895 tamen
2426 1849 2654 1909 quantus
2693 1854 2881 1892 eorum
2918 1837 2989 1891 sit
3024 1851 3152 1891 usus
3185 1832 3591 1903 conjectandtnn
3622 1840 3725 1895 est,
3754 1840 3817 1884 et

2220 1950 2342 1990 cum
2370 1934 2611 1988 admirati
2639 1933 2896 1986 fuerimus
2920 1938 3213 1994 creaturas,
3251 1943 3435 1982 earum
3464 1925 3652 1994 Opifex
3674 1940 3813 1993 quo-

2220 2043 2323 2097 que
2351 2025 2653 2080 adorandus
2696 2036 2750 2079 et
2792 2022 3145 2079 celebrandus
3168 2030 3249 2075 est
3276 2038 3289 2075 :
3322 2018 3655 2088 suspicienda
3681 2019 3815 2072 item

2226 2119 2507 2174 ineffahilis
2537 2119 2674 2172 illius
2702 2117 3020 2187 benignitas,
3051 2131 3208 2186 quam
3239 2129 3365 2184 erga
3398 2113 3682 2166 humanum
3714 2127 3816 2181 ge-

2226 2228 2325 2266 nus
2369 2211 2479 2266 exh
2505 2211 2616 2264 ltuit
2646 2229 2659 2264 :
2687 2211 2882 2279 quippe
2921 2218 3139 2278 propter
3184 2206 3254 2260 nil
3294 2205 3436 2259 aliud
3478 2204 3592 2259 hmo
3635 2206 3819 2257 omnia

2226 2306 2492 2376 produxit,
2520 2320 2679 2373 quam
2720 2316 2934 2372 propter
2984 2302 3252 2357 hominem
3297 2316 3455 2370 quem
3499 2314 3604 2353 non
3645 2298 3821 2352 multo

2228 2408 2348 2468 post
2374 2399 2521 2467 quasi
2550 2412 2727 2467 regem
2755 2406 2810 2450 et
2839 2397 3129 2466 principem
3161 2394 3407 2448 omnibus
3435 2408 3466 2447 a
3499 2408 3559 2447 se
3586 2392 3823 2446 conditis

2229 2492 2576 2562 prsefecturus
2602 2502 2740 2544 erat.
2765 2489 2830 2542 Et
2853 2490 2994 2555 vidit,
3023 2489 3119 2554 ait,
3147 2487 3278 2541 Deus
3298 2486 3431 2556 quod
3452 2494 3578 2539 esset
3607 2488 3817 2539 bonum.

2232 2585 2390 2638 Vides
2419 2583 2641 2652 singulis
2667 2581 2853 2635 diebus
2883 2580 3165 2635 ostendere
3189 2578 3420 2633 divinam
3451 2578 3779 2647 Scriptorum
3802 2617 3819 2639 ,

2231 2676 2342 2731 Deo
2380 2677 2591 2745 placere
2633 2683 2927 2737 creaturas,
2970 2681 3025 2727 ut
3062 2688 3276 2725 onmem
3310 2680 3549 2740 amputet
3576 2670 3824 2723 occasio-

2232 2786 2353 2826 nem
2384 2786 2568 2825 eorum
2591 2813 2606 2837 ,
2634 2772 2721 2841 qui
2752 2767 3147 2837 reprehendere
3175 2766 3372 2820 audent
3396 2781 3455 2819 ea
3490 2780 3607 2834 qua:
3636 2764 3701 2817 ab
3732 2762 3827 2841 illo

2232 2875 2354 2920 sunt
2388 2865 2563 2919 facta?
2607 2838 2757 2929 Quod
2796 2863 2937 2916 enim
2980 2861 3135 2930 hujus
3174 2860 3251 2913 rei
3291 2859 3462 2929 gratia
3500 2838 3829 2926 unoquoque

2232 2961 2320 3015 die
2359 2960 2630 3028 Scriptura
2672 2956 2848 3011 divina
2892 2956 2993 3009 hoc
3041 2954 3321 3025 significet,
3350 2968 3415 3007 ex
3442 2950 3827 3020 consequentia

2236 3050 2574 3105 manifestum
2605 3061 2705 3103 est.
2741 3048 3049 3104 Suflieichat
3075 3048 3215 3101 euitn
3246 3046 3313 3100 de
3340 3044 3588 3099 omnibus
3611 3052 3826 3097 creatu-

2236 3144 2306 3196 ris
2334 3143 2501 3196 semel
2529 3141 2707 3195 dicere
2727 3182 2741 3207 ,
2772 3141 2948 3193 omnia
2976 3151 3324 3208 quaecumque.
3348 3136 3472 3191 fecit
3493 3177 3506 3199 ,
3537 3149 3655 3189 esse
3685 3134 3829 3187 bona

2236 3237 2390 3290 valde
2420 3254 2433 3288 :
2468 3236 2561 3290 sed
2593 3236 2769 3290 sciens
2798 3244 2990 3305 quanta
3020 3234 3089 3287 sit
3114 3233 3369 3287 mentium
3396 3240 3695 3285 nostrarum
3738 3229 3829 3282 in-

2238 3331 2480 3393 firmitas,
2505 3328 2810 3399 singillatim
2841 3327 2942 3381 hoc
2968 3325 3109 3387 facit,
3132 3333 3189 3378 ut
3208 3323 3384 3378 discas
3409 3322 3668 3391 sapientia
3696 3336 3832 3389 qua-

2236 3425 2359 3478 dam
2414 3424 2640 3486 solerti,
2690 3431 2745 3475 et
2801 3420 3123 3489 benignitate
3177 3417 3513 3473 inenarrabili
3567 3414 3830 3485 producta

2240 3515 2402 3571 fuisse
2424 3516 2622 3568 (nntiia.
2657 3513 2740 3568 l9.
2776 3512 2836 3565 Et
2867 3514 3057 3581 factum
3082 3518 3172 3576 est,
3202 3509 3389 3578 inquit,
3415 3523 3636 3576 vespere,
3664 3515 3710 3560 et
3742 3509 3833 3575 fa-

2240 3622 2372 3663 ctum
2404 3618 2476 3663 est
2501 3624 2680 3674 mane,
2718 3606 2823 3659 dies
2853 3615 3083 3677 quartus.
3119 3603 3405 3672 Postquam
3432 3601 3572 3654 enim
3601 3597 3838 3653 absoivit

2241 3711 2488 3756 ornatum
2520 3700 2659 3765 caali,
2691 3708 2744 3754 et
2769 3698 2937 3751 stellis
2966 3694 3093 3751 illud
3123 3694 3413 3756 decoravit,
3437 3692 3649 3762 duoque
3676 3691 3802 3744 lmni
3821 3720 3839 3730 -

2242 3794 2390 3849 naria
2422 3807 2612 3862 magna
2636 3790 2905 3861 produitit,
2939 3788 3100 3842 finem
3130 3785 3236 3841 dici
3268 3784 3552 3854 imposuit;
3579 3793 3630 3837 et
3655 3781 3835 3835 dixit:

2246 3886 2315 3941 Et
2342 3889 2529 3956 factum
2552 3896 2623 3939 est
2652 3900 2873 3955 uespere,
2904 3891 2949 3936 et
2976 3882 3167 3952 factum
3185 3890 3257 3934 est
3277 3895 3443 3942 mane,
3469 3879 3577 3930 dies
3600 3886 3836 3946 quartus.

2245 3979 2380 4033 Vide
2406 3993 2512 4049 quo
2540 3987 2692 4047 pacto
2717 3976 2894 4030 ethoc
2922 3990 3018 4045 per
3035 3973 3270 4043 singulos
3291 3971 3405 4025 dies
3424 3976 3836 4032 commemorat,

2247 4072 2422 4127 divina
2454 4071 2699 4140 dogmata
2740 4067 3005 4139 frequenti
3039 4064 3407 4140 admonitione
3446 4071 3641 4116 nostra:
3670 4062 3838 4115 menti

2249 4167 2467 4236 infigere
2496 4164 2701 4217 volens.

2321 4260 2372 4315 6.
2418 4257 2632 4312 Muralis
2648 4256 2951 4311 exhortatio.
2986 4283 3059 4294 —
3100 4252 3225 4307 Hzec
3266 4250 3424 4321 igitur
3467 4247 3643 4302 omnia
3688 4246 3842 4316 quasi

2253 4353 2514 4422 insculpta
2546 4351 2839 4405 retinentes
2875 4347 2928 4401 iu
2960 4344 3241 4400 latitudine
3271 4342 3480 4408 cordis,
3536 4354 3642 4410 quo
3666 4338 3846 4408 negli-

2252 4448 2727 4519 gentiam,omnem
2754 4441 3105 4501 excutiamus,
3124 4453 3252 4492 sana
3281 4442 3531 4489 accurate
3563 4441 3844 4487 teneamus

2253 4541 2519 4610 dogmata,
2554 4548 2713 4607 atque
2734 4551 2827 4591 eos
2849 4535 2937 4604 qui
2965 4530 3146 4602 gentili
3167 4542 3351 4584 errore
3379 4533 3841 4596 prmoccupantur,

2254 4634 2398 4686 ontui
2432 4628 2842 4685 mansuetudine
2868 4625 3176 4687 doceamus,
3229 4635 3297 4673 ne
3340 4616 3585 4671 ordinem
3613 4613 3848 4670 confun-

2255 4724 2404 4783 dant,
2430 4738 2604 4791 neque
2633 4720 2818 4775 relicto
2843 4716 3099 4771 Creatore
3132 4722 3409 4767 creaturas
3434 4707 3695 4768 adorent,
3724 4721 3849 4774 qua:
3902 4710 3915 4733 ‘

2256 4816 2325 4869 ob
2352 4824 2588 4868 nostram
2617 4811 2842 4865 salutem
2886 4814 2942 4863 et
2986 4804 3265 4860 utilitatem
3319 4802 3473 4855 factze
3519 4805 3662 4853 sunt.
3709 4796 3848 4851 Nam

2258 4908 2358 4963 etsi
2387 4906 2581 4960 millies
2601 4902 2974 4971 dirumpantur
3001 4887 3268 4967 gentiles,
3319 4903 3495 4946 tamen
3533 4890 3673 4945 clara
3716 4902 3852 4942 voce

2258 5000 2455 5065 clamo,
2509 5004 2728 5066 propter
2783 4993 3071 5045 humanum
3104 5001 3272 5056 genus
3331 4984 3445 5039 lure
3486 4980 3663 5035 omnia
3706 4978 3848 5033 facta

2259 5106 2413 5156 csse;
2449 5088 2547 5144 sibi
2574 5087 2716 5142 enim
2744 5082 3017 5138 sufficiens
3056 5079 3236 5148 opifex
3274 5077 3422 5131 nullo
3446 5076 3669 5127 istorum
3713 5084 3853 5141 opus

2261 5182 2490 5238 habebat
2519 5198 2532 5234 :
2562 5179 2656 5234 sed
2683 5186 2743 5231 ut
2762 5190 2887 5245 erga
2914 5188 3012 5227 nos
3038 5185 3186 5226 suam
3236 5167 3617 5237 benignitatem
3658 5172 3849 5216 aSIen-

2260 5276 2430 5339 deret,
2464 5275 2577 5327 hazc
2598 5270 2776 5326 omnia
2806 5264 3076 5337 produxit,
3096 5262 3471 5319 demonstrans
3523 5264 3723 5326 quanto
3753 5253 3853 5307 lio-

2262 5384 2391 5423 nore
2416 5370 2768 5437 prosequatur
2796 5359 3088 5414 humanum
3117 5368 3305 5426 genus,
3335 5360 3392 5407 ut
3417 5350 3500 5404 his
3538 5346 3849 5403 manuducti

2262 5460 2499 5517 debitam
2529 5456 2628 5528 ipsi
2656 5453 3023 5510 adorationem
3052 5447 3365 5505 referamus.
3423 5442 3649 5510 Quantze
3704 5440 3850 5495 enim

2262 5552 2499 5608 stultitia!
2527 5559 2609 5604 est
2633 5557 2757 5602 ante
2780 5544 3028 5616 pulchras
3051 5552 3325 5598 creaturas
3350 5535 3700 5610 procumbere
3718 5542 3769 5588 et
3797 5536 3852 5589 in

2265 5649 2369 5703 illis
2395 5644 2710 5705 consistere,
2741 5653 2839 5693 nec
2868 5638 3110 5692 attollere
3140 5634 3332 5689 utentis
3360 5630 3542 5687 oculos
3589 5628 3653 5683 ad
3700 5626 3855 5684 illum

2333 5809 2348 5838 ¹
2383 5803 2592 5865 Coislin.,
2607 5803 2756 5866 juxta
2778 5797 3023 5853 stellarum
3046 5791 3335 5859 positionem.
