4040 6378
301 413 366 468 st
1458 400 1525 461 tu
1563 403 1719 460 CAP.
1750 401 1790 456 ι.
1833 392 2080 456 GENES.
2125 401 2347 459 noun.
2400 404 2511 460 vn.
3105 416 3110 421 -
3525 419 3596 475 ω

301 527 388 597 qni
406 541 499 581 eas
512 522 783 595 produxit,
803 536 974 592 neque
994 518 1156 575 Paulo
1173 517 1392 575 credere
1409 518 1606 574 dicenti
1624 533 1636 570 :
1658 515 1900 570 Invisibi-

301 622 370 673 liu
389 619 531 672 illius
545 633 611 672 ex
621 615 873 670 creatione
886 613 1061 667 mundi
1083 629 1169 681 per
1185 629 1242 666 ea
1251 627 1366 683 qua:
1377 612 1513 680 facta
1531 607 1904 665 suntintellecta

302 710 629 776 pernidentur
639 707 657 778 (
669 708 822 762 Rom.
843 710 894 763 1.
912 705 1026 778 20)!
1043 705 1177 773 Quid
1190 705 1343 769 dicis,
1356 703 1542 759 homo?
1555 703 1690 759 Cum
1709 702 1904 757 videris

302 800 518 866 uelum,
547 798 834 854 admiraris
859 798 975 868 ejus
1000 797 1412 862 formositatem,
1439 805 1704 850 astrorum
1732 794 1904 848 varie-

305 904 496 958 tatem,
522 890 789 946 claritatis
810 889 1196 944 eminentiam?
1223 888 1300 944 Ne
1317 887 1388 942 ibi
1410 886 1690 950 subsistas,
1712 885 1806 940 sed
1834 884 1901 939 ad

301 983 565 1053 Opiﬁcem
597 983 772 1052 ipsum
803 992 943 1036 tuam
973 979 1202 1036 extende
1231 989 1464 1034 mentem
1496 996 1509 1033 :
1545 979 1597 1032 iu
1627 985 1899 1047 stuporem

308 1087 360 1132 te
383 1091 580 1132 rursus
600 1075 819 1146 conjicit
840 1076 929 1130 lux
965 1075 1115 1140 solis,
1148 1081 1202 1128 et
1216 1072 1500 1127 admiraris
1521 1069 1896 1140 cjusmultipliv

305 1183 420 1224 cem
452 1182 646 1222 usum:
681 1177 736 1222 et
759 1169 884 1238 quia
912 1166 1062 1221 vides
1112 1165 1290 1220 radios
1336 1165 1667 1224 illustrantes
1716 1163 1904 1218 oculos

306 1268 452 1323 tuos,
481 1257 766 1314 admiraris
787 1257 1040 1314 elementi
1076 1255 1566 1328 pulchritudinem?
1593 1255 1696 1311 Sed
1730 1271 1903 1324 neque

305 1347 394 1406 hic
420 1350 724 1416 subsistas;
755 1349 864 1404 imo
885 1348 986 1405 hoc
1013 1349 1209 1420 cogita,
1240 1349 1284 1403 si
1310 1357 1556 1404 creatura
1579 1356 1686 1400 tam
1735 1346 1902 1400 admi-

305 1440 494 1495 rabilis
511 1448 614 1506 est,
637 1448 692 1494 et
707 1454 865 1510 supra
883 1440 1122 1495 omnium
1143 1439 1446 1510 Opinionem
1472 1449 1527 1495 et
1546 1439 1896 1506 intellectum,

306 1541 545 1601 quantus
567 1542 652 1588 est
679 1533 770 1604 qui
798 1533 968 1602 ipsam
996 1534 1112 1588 solo
1137 1532 1303 1588 verbo
1327 1543 1382 1587 et
1411 1541 1679 1603 praecepto
1706 1532 1903 1602 produ-

304 1624 418 1678 xit?
447 1624 686 1694 ldipsunt
713 1634 770 1680 et
797 1624 865 1681 de
920 1633 1062 1680 terra
1111 1635 1288 1680 tecum
1333 1624 1613 1681 considera
1643 1641 1658 1680 :
1687 1625 1903 1696 quando

303 1716 506 1772 videris
532 1733 653 1772 eam
680 1716 900 1772 floribus
916 1717 1118 1779 ornari.
1151 1717 1289 1773 sicut
1314 1719 1691 1772 vestimentum
1719 1715 1898 1772 multis

303 1808 581 1863 coloribus
607 1807 941 1874 distinctum,
963 1809 1108 1863 varia
1133 1808 1419 1863 herbarum
1461 1817 1641 1878 segete
1671 1807 1903 1878 undique

305 1900 413 1968 tegi
443 1914 458 1950 :
493 1914 561 1953 ne
578 1900 757 1954 virtuti
774 1909 928 1954 terra:
944 1898 1288 1954 adscribasca
1305 1914 1422 1970 qua:
1445 1914 1510 1954 ex
1529 1900 1640 1970 ipsa
1670 1913 1904 1954 nascun-

306 2002 414 2056 tur,
443 2005 622 2062 neque
643 1991 774 2046 solis
796 1992 878 2046 vel
909 1992 1048 2047 lunze
1067 1992 1466 2061 cooperationi;
1499 1992 1594 2046 sed
1618 1991 1785 2061 probe
1805 2005 1902 2045 co-

303 2085 412 2153 gita
443 2085 611 2138 Deum
638 2093 764 2138 ante
792 2083 1002 2138 illorum
1031 2086 1356 2140 creationem
1378 2084 1577 2140 dixisse
1603 2084 1900 2154 dumtaxat,

308 2174 576 2229 I’roducat
604 2187 737 2229 terra
763 2177 969 2230 herbam
989 2176 1132 2242 freni,
1163 2187 1217 2230 et
1245 2193 1370 2230 mox
1399 2191 1614 2232 omnem
1644 2186 1802 2232 terra:
1828 2177 1904 2232 fa-

307 2271 446 2324 ciem
464 2280 709 2324 ornatam
725 2269 907 2324 fuisse.
930 2268 984 2324 Si
1003 2268 1119 2324 lucc
1147 2270 1366 2338 singulis
1395 2270 1585 2326 diebus
1625 2271 1903 2327 nobiscum

306 2377 612 2429 versemus,
628 2363 726 2432 ipsi
741 2362 878 2433 grati
894 2366 1117 2428 erimus,
1137 2372 1190 2416 et
1207 2361 1433 2417 Domino
1446 2373 1501 2417 ut
1515 2361 1690 2430 decet,
1709 2363 1819 2418 imo
1847 2374 1906 2418 ut

309 2466 510 2510 nostra:
527 2455 673 2510 vires
687 2455 884 2521 ferunt,
917 2453 1136 2522 gloriam
1163 2453 1428 2509 dabimus.
1463 2454 1698 2510 Gloriam
1724 2462 1905 2511 autem

308 2549 408 2618 ipsi
428 2550 747 2613 tribuemus,
768 2563 872 2602 non
889 2563 985 2617 per
1001 2547 1102 2602 hoc
1115 2549 1308 2614 solum,
1344 2548 1437 2603 sed
1464 2556 1520 2606 et
1539 2562 1632 2619 per
1649 2548 1904 2617 optimam

308 2640 498 2704 vitam,
523 2639 570 2693 si
593 2639 767 2694 nonin
793 2639 978 2694 eadem
1006 2647 1220 2709 peccata
1238 2638 1556 2704 recidamus,
1580 2639 1671 2694 sed
1691 2640 1905 2710 longum

310 2734 429 2786 vale
455 2733 698 2787 dicentes
723 2730 1004 2785 diabolicis
1032 2731 1387 2797 illusionibus,
1419 2732 1656 2802 diligenti
1686 2733 1907 2802 posthac

311 2823 643 2889 attentione,
677 2823 953 2894 multoque
981 2823 1184 2889 studio,
1216 2833 1270 2879 ct
1289 2824 1537 2878 continua
1568 2825 1905 2880 confessione

310 2932 605 2988 supernam
634 2916 1065 2971 benevolentiam
1093 2917 1250 2971 nobis
1273 2917 1643 2972 conciliemus.
1700 2917 1908 2972 Sufficit

311 3014 458 3064 enim
489 3009 566 3062 illi
594 3008 666 3062 ob
694 3023 942 3077 magnam
973 3022 1124 3062 suam
1170 3008 1616 3074 misericordiam,
1653 3019 1710 3062 ut
1753 3009 1903 3063 desi-

312 3111 521 3156 st:-mus
546 3115 576 3153 a
600 3102 852 3171 peccatis.
883 3100 939 3156 Si
966 3101 1108 3155 enim
1138 3101 1241 3156 hoc
1268 3101 1636 3168 statuerimus,
1665 3102 1817 3157 facile
1854 3111 1909 3157 et

315 3194 380 3244 ad
416 3193 678 3246 bonorum
718 3207 943 3261 operum
970 3192 1235 3246 actionem
1280 3191 1637 3261 impellemur.
1668 3193 1746 3248 Nc
1765 3196 1906 3263 quis,

316 3287 568 3351 obsecro,
603 3284 823 3354 posthac
845 3285 896 3338 in
925 3285 1256 3340 circensibus
1308 3285 1445 3340 ludis
1493 3297 1782 3356 appareat,
1843 3305 1911 3343 ne

317 3376 440 3445 quis
466 3377 519 3430 in
541 3376 1344 3446 conventiculisintempestivis
1387 3377 1490 3432 diei
1533 3389 1735 3447 partem
1776 3379 1910 3434 dila-

320 3469 502 3539 pidct;
532 3483 598 3522 ne
618 3469 738 3538 quis
767 3469 996 3523 talorum
1024 3468 1172 3533 ludo,
1207 3477 1261 3524 et
1284 3468 1505 3523 clamori
1531 3469 1622 3539 qui
1650 3470 1773 3525 inde
1803 3471 1912 3524 ori-

319 3570 406 3612 tur
433 3573 498 3614 ac
518 3560 736 3628 reliquae
765 3559 1020 3628 perniciei
1049 3560 1270 3629 posthac
1321 3574 1380 3616 se
1426 3561 1737 3616 admisceat.
1781 3562 1912 3628 Quae

319 3651 465 3704 enim
499 3650 702 3704 utilitas
726 3650 937 3719 jejunii,
969 3651 1077 3718 dic,
1100 3651 1325 3707 obsecro
1350 3694 1365 3717 ,
1414 3653 1458 3706 si
1491 3661 1602 3708 toto
1648 3653 1735 3708 die
1778 3653 1912 3708 nihil

315 3742 583 3808 comedis,
612 3741 752 3797 ludis
780 3752 958 3797 autem
987 3743 1227 3808 tesseris,
1256 3746 1561 3815 etnugaris,
1589 3760 1732 3814 saepe
1750 3747 1910 3801 etiam

321 3834 533 3904 pejeras
563 3843 617 3888 et
638 3833 1004 3905 blasphemas,
1033 3844 1088 3891 et
1116 3836 1190 3891 ita
1236 3845 1408 3892 totum
1455 3838 1678 3892 insumis
1718 3837 1860 3893 diem
1888 3840 1912 3893 ?

319 3924 418 3992 Ne,
447 3925 701 3994 obsecro,
733 3941 803 3982 ne
832 3927 903 3982 ita
934 3927 1266 3997 negligentes
1295 3928 1464 3984 simus
1491 3930 1543 3983 in
1567 3939 1746 3984 nostra
1764 3929 1913 4000 ipso-

319 4034 440 4073 rum
472 4019 676 4084 salute;
712 4020 839 4090 quin
871 4021 1050 4090 potius
1074 4035 1253 4077 sermo
1290 4030 1474 4077 noster
1526 4024 1596 4077 sit
1644 4023 1712 4077 de
1752 4025 1913 4093 spiri-

319 4110 581 4177 tualibus,
611 4120 669 4165 et
691 4111 884 4167 librum
917 4113 1158 4168 divinum
1187 4113 1417 4184 accipiat
1445 4114 1636 4184 aliquis
1667 4115 1719 4169 in
1743 4116 1916 4170 mani-

321 4201 446 4268 bus,
468 4203 887 4274 convocatisque
924 4205 1204 4274 proximis,
1231 4221 1327 4276 per
1351 4206 1527 4261 divina
1569 4207 1784 4278 eloquia
1839 4209 1915 4263 ri-

320 4305 412 4362 get
434 4302 489 4347 et
503 4309 659 4348 suam
688 4302 744 4349 et
765 4296 1108 4363 praesentium
1139 4306 1374 4352 mentem
1400 4315 1413 4351 z
1439 4307 1494 4352 ut
1521 4297 1598 4354 sic
1626 4298 1917 4355 diabolicae

328 4387 558 4442 insidias
586 4387 826 4459 effugere
853 4389 1147 4458 valeamus,
1177 4405 1399 4462 magnos
1422 4393 1703 4463 percipere
1728 4393 1916 4463 jejunii

319 4479 556 4546 fructus,
576 4491 632 4537 et
659 4481 758 4536 frui
785 4482 1113 4553 benignitate
1135 4484 1250 4550 Dei,
1279 4484 1450 4554 gratia
1474 4495 1529 4540 et
1557 4487 1916 4542 miserationi-

321 4575 428 4628 bus
452 4575 712 4644 nnigeniti
743 4575 860 4631 Filii
883 4577 1020 4646 ejus,
1073 4593 1194 4632 cum
1239 4593 1348 4648 quo
1402 4578 1546 4634 Patri
1595 4589 1650 4635 et
1695 4579 1917 4650 Spiritui

320 4677 514 4720 sancto
534 4668 606 4721 sit
629 4667 818 4738 gloria,
845 4669 1150 4739 imperium,
1169 4669 1360 4737 honor,
1389 4687 1530 4728 nunc
1556 4679 1613 4728 et
1661 4686 1876 4744 semper
1898 4715 1915 4742 ,

321 4768 380 4814 et
410 4759 464 4813 in
495 4759 689 4814 saecula
717 4763 1057 4817 saeculorum.
1083 4765 1278 4819 Amen.

915 4875 1192 4932 HOMILIA
1217 4877 1329 4932 VII.

325 4964 390 5019 Et
422 4964 558 5019 dixit
577 4965 720 5021 Deus
744 4988 756 5023 :
791 4965 1027 5022 Educant
1051 4986 1196 5038 aqua:
1219 4971 1421 5042 reptilt'a
1444 4974 1729 5028 animarum
1749 4976 1917 5029 viven-

400 5058 548 5123 tium,
575 5068 624 5111 et
652 5058 878 5112 volatilia
896 5059 1120 5114 volantia
1143 5078 1295 5130 super
1318 5073 1504 5117 terram
1530 5065 1806 5119 secundum
1833 5067 1922 5136 ﬁr-

400 5159 711 5201 mamentum
737 5150 870 5216 cwli,
899 5161 945 5204 et
971 5151 1162 5220 factum
1191 5164 1263 5207 est
1289 5153 1397 5225 sic(
1425 5154 1552 5209 Gen.
1599 5157 1652 5211 1.
1682 5156 1797 5229 20).
1853 5157 1920 5212 Et

403 5239 524 5307 fecit
549 5237 686 5292 Deus
709 5248 814 5293 cete
834 5257 1041 5312 magna,
1077 5252 1124 5296 et
1152 5260 1348 5297 omnem
1365 5246 1586 5299 animant
1622 5247 1922 5302 animalium

403 5331 684 5400 reptilium,
729 5347 845 5401 qua:
892 5335 1238 5402 produxerunt
1265 5352 1409 5404 aqua:
1435 5339 1708 5393 secundum
1738 5357 1922 5412 genera

403 5438 495 5474 sua
521 5422 539 5492 (
566 5420 704 5475 Ibid.
735 5421 800 5477 21
836 5421 878 5494 ).

407 5553 457 5605 l.
481 5553 628 5606 Dicta
647 5554 699 5607 in
727 5555 1028 5624 pracedenti
1045 5555 1271 5612 Homilia
1287 5560 1482 5631 mitigat
1504 5577 1524 5628 ;
1548 5575 1722 5619 avocat
1747 5583 1778 5618 a
1793 5568 1925 5623 ludis

332 5647 680 5699 (.irccnsibus.
711 5675 782 5686 -—
806 5647 930 5704 Heri
956 5665 1050 5703 eos
1076 5651 1166 5719 qui
1193 5651 1259 5706 ad
1287 5657 1550 5722 equestris
1581 5656 1689 5712 ludi
1717 5670 1926 5728 specta-

333 5739 512 5790 culum
536 5737 799 5802 abierant,
832 5740 961 5794 satis
992 5741 1420 5808 perstrinximus,
1450 5745 1812 5805 demonstrata
1845 5769 1926 5810 eis

334 5829 558 5902 jactura:
613 5847 774 5902 quam
816 5831 1058 5891 fecerunt
1101 5837 1509 5909 magnitudine:
1541 5858 1733 5916 nempe
1786 5850 1926 5920 quod

2011 515 2342 583 spiritualem
2368 519 2676 577 thesaurum
2703 535 2766 577 ex
2789 523 2996 594 jejunio
3023 528 3307 585 collectum
3329 532 3488 590 simul
3515 537 3598 593 elo

2011 606 2264 673 fuderint,
2292 619 2345 665 et
2369 627 2435 666 ex
2477 628 2666 684 magna
2693 616 3017 673 abundantia
3048 619 3102 676 in
3129 632 3429 680 extremam
3479 628 3600 683 ino-

2010 698 2149 767 piam
2171 700 2347 756 subito
2394 704 2600 774 seipsos
2641 709 3001 776 conjeeerint.
3046 715 3180 783 Age,
3215 714 3420 773 leniore
3441 716 3604 776 hodie

2011 799 2222 844 utamur
2239 792 2498 862 remedio,
2528 804 2583 850 et
2605 794 2817 852 illorum
2849 801 3140 870 spiritualia
3173 806 3415 875 vulnera,
3445 816 3598 880 quasi

2009 882 2250 938 membra
2274 895 2453 940 nostra
2485 899 2686 954 essent,
2711 891 3007 955 obligemus
3033 909 3047 948 :
3079 900 3202 966 quia
3229 909 3284 954 et
3304 899 3418 956 heri
3443 916 3600 972 aspe-

2010 973 2150 1027 riora
2178 974 2534 1033 medicamina
2566 978 2941 1050 imposuimus,
2968 999 3072 1039 non
3105 997 3160 1040 ut
3184 1003 3399 1058 quoquo
3437 993 3600 1048 modo

2010 1067 2320 1123 mtestitiam
2349 1068 2691 1137 inferremus,
2719 1089 2785 1128 ac
2810 1074 3049 1130 dolorem
3098 1091 3414 1149 augeremus
3435 1125 3451 1150 ,
3506 1085 3602 1140 sed

2011 1164 2068 1210 ut
2094 1157 2430 1214 vehementia
2461 1160 2555 1216 illa
2585 1162 2736 1217 ulcus
2781 1164 2952 1233 ipsum
2983 1169 3244 1238 attingere
3293 1186 3599 1241 possemus.

2011 1247 2222 1302 Etenim
2247 1250 2460 1315 medici,
2490 1260 2545 1307 et
2587 1263 2764 1324 patres
2809 1256 2887 1311 sic
2930 1258 3107 1314 facere
3154 1275 3597 1322 consueverunt:

2010 1342 2203 1397 medici
2229 1344 2372 1399 enim
2416 1347 2645 1416 primum
2690 1362 2972 1420 apponunt
3015 1357 3394 1426 cataplasmata
3433 1364 3604 1432 magis

2009 1431 2267 1500 efficacia,
2318 1444 2373 1490 et
2398 1435 2519 1492 dein
2547 1448 2702 1508 rupto
2724 1442 2904 1498 ulcere
2929 1443 3132 1500 leuiora
3159 1448 3444 1506 admovent
3468 1470 3481 1507 :
3504 1431 3604 1523 pa-

2012 1530 2121 1578 tres
2150 1540 2362 1596 quoque
2385 1543 2505 1583 eum
2537 1530 2764 1586 viderint
2791 1533 2929 1590 filios
2949 1551 3076 1592 suos
3094 1538 3461 1611 incompositis
3481 1560 3601 1601 mo-

2011 1614 2179 1683 ribus,
2216 1618 2364 1687 prius
2404 1622 2637 1691 graviter
2685 1625 3000 1682 verberibus
3043 1631 3355 1702 corripiunt,
3388 1644 3444 1691 et
3477 1637 3602 1693 dein

2012 1707 2303 1764 admonent
2325 1720 2380 1766 et
2401 1712 2700 1770 hortantur.
2725 1716 2840 1773 Hoc
2864 1721 3024 1776 modo
3079 1732 3135 1778 et
3190 1740 3309 1792 nos,
3360 1730 3604 1798 quamvis

2015 1797 2130 1854 heri
2161 1803 2551 1862 vehementiori
2574 1824 2823 1866 sermone
2853 1813 2930 1868 usi
2949 1813 3224 1886 fuerimus,
3247 1797 3407 1878 hodie
3424 1831 3604 1880 tamen

2011 1890 2262 1949 blandius
2291 1897 2446 1953 vobis
2467 1899 2807 1970 loquemur‘,
2865 1913 2922 1960 et
2960 1907 3101 1962 sicut
3147 1921 3328 1965 nostra
3357 1915 3601 1971 membra

2011 1986 2338 2043 curabimus.
2360 1988 2492 2044 Nam
2512 1999 2569 2046 ut
2589 1994 2859 2062 profectus
2872 2007 3051 2053 vester
3070 1999 3328 2069 majorem
3351 2002 3604 2074 loquendi

2013 2079 2259 2134 ﬁduciam
2282 2081 2438 2136 nobis
2461 2084 2734 2154 conciliat,
2781 2097 2835 2142 et
2859 2090 3153 2160 spiritualis
3183 2105 3366 2150 noster
3386 2096 3603 2152 thesau-

2012 2186 2104 2226 rus
2131 2181 2233 2238 est,
2253 2174 2296 2227 si
2330 2189 2424 2228 vos
2449 2190 2734 2232 cernamus
2759 2180 2811 2234 in
2854 2183 3222 2251 spiritualibus
3275 2188 3605 2246 incrementa

2011 2275 2226 2330 capere,
2253 2272 2306 2318 et
2330 2265 2614 2322 virtutibus
2666 2285 2788 2326 esse
2843 2275 3185 2344 conspicuos,
3227 2288 3387 2349 atque
3427 2281 3495 2336 ab
3541 2283 3606 2337 iis

2013 2369 2135 2424 quae
2164 2370 2361 2412 nocere
2391 2358 2592 2426 valent,
2623 2361 2773 2418 vobis
2813 2378 3042 2422 cavere:
3072 2369 3152 2423 sic
3193 2370 3408 2440 quando
3453 2373 3607 2428 vide-

2015 2461 2133 2500 mus
2161 2461 2254 2502 vos
2274 2449 2629 2520 supplantari,
2658 2463 2714 2509 et
2738 2453 3018 2514 diabolicis
3047 2459 3383 2518 illusionibns
3411 2465 3596 2522 seduci

2015 2545 2069 2590 et
2094 2535 2308 2606 subjici,
2331 2541 2584 2595 maestitia
2609 2543 2914 2615 implemur,
2931 2556 2984 2602 et
3001 2550 3172 2619 pudor
3199 2554 3433 2623 quidam,
3458 2559 3608 2614 utsic

2021 2624 2217 2691 dicam,
2267 2630 2500 2686 animam
2539 2646 2777 2690 nostram
2827 2651 3073 2711 occupat.
3126 2643 3259 2699 Nam
3311 2649 3606 2706 secundum

2015 2717 2230 2775 beatum
2253 2721 2496 2787 Paulum,
2526 2724 2668 2780 Tunc
2697 2745 2789 2783 nos
2816 2731 3045 2802 vivimus,
3072 2735 3117 2789 si
3137 2751 3222 2792 vos
3244 2739 3389 2793 statis
3411 2740 3466 2794 in
3497 2740 3606 2797 Do-

2016 2811 2154 2864 mino
2182 2810 2270 2882 (1.
2302 2811 2477 2868 Thess.
2511 2817 2565 2871 '5.
2589 2814 2678 2890 8).

2091 2900 2253 2971 Igitur
2277 2911 2335 2958 ut
2361 2904 2600 2974 perfecti,
2627 2918 2682 2963 et
2710 2911 2900 2980 repleti
2926 2912 3200 2972 intellectu
3225 2959 3242 2984 ,
3292 2918 3370 2975 sic
3414 2935 3602 2977 eorum

2017 3006 2136 3059 qua:
2161 3001 2305 3048 retro
2331 3004 2455 3050 sunt
2483 2997 2896 3070 obliviscamini,
2934 3013 2991 3060 ut
3015 3006 3080 3060 ad
3107 3022 3169 3061 ea
3197 3024 3316 3078 quae
3345 3023 3471 3067 ante
3511 3029 3608 3069 vos

2019 3089 2143 3135 Sttnl
2167 3084 2441 3141 enitamiui
2465 3105 2478 3140 :
2517 3096 2572 3144 et
2597 3087 2798 3145 foedera
2823 3109 2940 3162 quae
2965 3109 3085 3149 cum
3111 3096 3322 3154 Christo
3366 3102 3558 3158 iniistis
3590 3147 3607 3171 ,

2020 3183 2295 3241 renovata,
2318 3177 2533 3233 stabilia
2558 3190 2614 3234 et
2644 3182 2894 3238 inviolata
2926 3187 3148 3254 posthac
3195 3194 3462 3250 custodite
3497 3212 3510 3248 :
3541 3211 3604 3252 ac

2023 3265 2624 3348 prudenterqintercluso
2642 3271 2920 3331 diabolicis
2938 3281 3418 3340 machinationibus
3437 3287 3607 3352 aditu,

2021 3355 2380 3426 subsequente
2401 3362 2576 3419 studio
2608 3363 2920 3434 inscriptam
2951 3369 3104 3425 vobis
3157 3371 3377 3427 desndiu:
3424 3392 3609 3432 macu-

2023 3444 2127 3498 lant
2158 3449 2469 3519 abstergite,
2499 3451 2706 3508 devicta
2724 3456 3097 3528 intempestiva
3126 3463 3212 3516 illa
3234 3475 3287 3518 et
3311 3468 3608 3534 perniciosa

2022 3543 2411 3597 consuetudine
2441 3560 2454 3594 :
2483 3553 2539 3599 et
2563 3548 2814 3616 cogitate,
2843 3565 2949 3605 non
2975 3550 3077 3607 ltoe
3093 3555 3264 3608 solum
3286 3572 3448 3624 grave
3465 3575 3607 3626 esse,

2022 3632 2162 3700 quod
2189 3632 2275 3701 qui
2304 3633 2396 3688 illo
2415 3635 2691 3691 conlinunt
2723 3679 2738 3704 ,
2780 3656 3030 3710 magnum
3055 3645 3153 3700 sibi
3186 3646 3436 3702 damnum
3463 3652 3606 3705 asci-

2028 3732 2202 3788 scant,
2222 3723 2317 3779 sed
2339 3734 2391 3780 et
2409 3727 2551 3797 quod
2570 3730 2751 3784 multis
2772 3732 2890 3786 altis
2909 3733 3230 3792 offendicula
3250 3739 3377 3793 sint.
3397 3741 3606 3812 Quippe

2023 3814 2252 3883 gentiles
2277 3825 2332 3870 et
2353 3816 2524 3872 Judaei
2547 3819 2787 3875 videntes
2813 3837 2906 3877 eos
2927 3825 3017 3893 qui
3040 3827 3276 3894 quotidie
3304 3830 3356 3884 in
3379 3833 3607 3889 ecclesia

2025 3915 2328 3976 versantur,
2359 3919 2416 3964 et
2454 3908 2720 3982 frequenti
2765 3913 3010 3971 doctrina
3066 3918 3397 3990 imbuuntur,
3449 3927 3609 3982 simul

2025 4000 2096 4054 ibi
2127 4017 2457 4072 comparere,
2489 4015 2542 4060 et
2569 4006 2671 4061 sibi
2691 4011 3024 4067 commisceri
3045 4055 3058 4078 ,
3085 4020 3354 4085 quomodo
3393 4037 3478 4076 res
3509 4040 3608 4077 no-

2025 4103 2163 4148 stras
2178 4110 2277 4165 pro
2299 4095 2702 4168 deceptionibus
2726 4117 2834 4156 non
2863 4102 3152 4174 habebunt,
3171 4118 3226 4164 et
3253 4126 3358 4166 non
3383 4113 3520 4168 idem
3544 4116 3610 4171 de

2027 4187 2274 4242 omnibus
2303 4188 2458 4244 nobis
2481 4191 2931 4260 suspicabuntur?
2960 4198 3150 4254 Annon
3189 4202 3341 4258 audis
3396 4205 3609 4263 beatum

2027 4276 2247 4333 Paulum
2289 4280 2686 4351 admonentem,
2721 4295 2786 4340 et
2831 4290 3197 4345 consulentem
3248 4296 3390 4351 clara
3440 4314 3608 4355 voce:

2028 4373 2538 4442 Absqueo/fendiculo
2562 4378 2751 4449 estote(
2772 4381 2825 4434 l.
2850 4381 2968 4435 Cor.
2991 4383 3076 4438 lO.
3101 4387 3172 4440 5‘2
3197 4385 3258 4459 )?
3289 4389 3509 4458 Deinde,
3543 4410 3612 4450 ne

2029 4475 2182 4533 putes
2228 4463 2298 4520 de
2338 4467 2538 4521 nostris
2568 4476 2772 4522 tantum
2794 4470 3104 4541 admonere,
3127 4476 3300 4548 deque
3330 4480 3394 4535 iis
3419 4482 3510 4551 qui
3558 4483 3612 4538 itt

2028 4554 2216 4608 eodem
2247 4554 2437 4610 ordine
2457 4557 2615 4625 positi
2650 4570 2794 4626 sunt,
2846 4562 3082 4620 subdidit
3111 4583 3126 4620 :
3154 4567 3223 4622 Et
3271 4568 3470 4626 Judwis
3491 4613 3506 4638 ,
3567 4585 3616 4628 et

2028 4645 2292 4716 gentibus;
2320 4656 2375 4700 et
2404 4647 2616 4702 tandem
2641 4650 2869 4720 adjecit:
2902 4652 2968 4708 Et
3015 4655 3257 4713 Ecclesia:
3302 4659 3415 4715 Dei.
3470 4661 3616 4719 Nihil

2030 4737 2172 4790 enim
2201 4736 2271 4791 ita
2296 4737 2452 4794 obest
2479 4749 2533 4794 et
2562 4750 2719 4796 nocet
2745 4743 2984 4814 religioni
3017 4757 3237 4816 nostras,
3295 4761 3351 4806 ut
3387 4752 3618 4810 olfendi-

2031 4830 2344 4886 culiansam
2372 4833 2957 4902 praebereinlidelibus.
3004 4839 3136 4894 Nam
3175 4843 3388 4912 quando
3435 4845 3618 4902 vident

2032 4922 2240 4990 aliquos
2281 4937 2313 4978 e
2341 4924 2541 4979 nostris
2561 4926 2752 4982 virtute
2771 4929 3107 4999 conspicuos,
3138 4931 3297 5003 hujus
3318 4937 3438 4990 vitae
3463 4954 3620 5008 nego-

2033 5013 2104 5065 tia
2126 5021 2181 5066 et
2203 5027 2406 5070 curase
2426 5016 2638 5071 sublimi
2665 5029 3013 5075 contemnere
3037 5063 3052 5089 ,
3100 5039 3164 5078 ex
3218 5025 3283 5080 iis
3326 5027 3416 5082 alii
3466 5033 3618 5096 quasi

2036 5107 2290 5174 pratfoca:
2305 5116 2412 5174 tur,
2460 5109 2548 5164 alii
2571 5111 2902 5168 admirantur
2931 5123 2986 5169 et
3021 5116 3433 5188 obstupescunt,
3477 5125 3619 5193 quod

2036 5213 2155 5252 cum
2196 5199 2436 5269 ejusdem
2463 5211 2624 5273 atque
2657 5205 2734 5260 illi
2765 5217 2967 5262 natura:
3013 5210 3141 5275 sint,
3172 5227 3278 5266 non
3307 5215 3494 5269 eadem
3537 5227 3619 5270 ta-

2037 5303 2158 5342 men
2190 5291 2288 5360 ipsi
2303 5293 2703 5364 aggrediantur.
2727 5295 2924 5352 Verum
2956 5301 3170 5368 quando
3196 5304 3278 5357 vel
3307 5305 3611 5376 aliquantu-

2037 5381 2145 5436 lum
2172 5383 2391 5439 desidiae
2429 5394 2484 5440 et
2531 5388 2866 5458 negligentia:
2891 5392 3107 5461 vident,
3164 5394 3341 5450 statim
3389 5399 3622 5469 linguam

2038 5485 2305 5532 cxacmmt
2330 5478 2486 5532 simul
2515 5490 2698 5534 contra
2729 5497 2828 5536 nos
2851 5498 3060 5553 omnes,
3114 5498 3167 5542 et
3196 5503 3260 5542 cx
3317 5492 3476 5547 unius
3524 5494 3624 5549 de-

2042 5569 2168 5622 licto
2202 5577 2364 5624 totam
2394 5570 2820 5628 Christianorum
2848 5586 3062 5645 gentem
3105 5582 3391 5638 atstimant.
3439 5585 3622 5658 Neque
3683 5635 3689 5640 .

2041 5656 2128 5713 hic
2155 5659 2378 5729 gradum
2400 5657 2616 5730 Sistunt,
2638 5663 2731 5719 sed
2760 5668 2941 5721 statim
2973 5669 3232 5728 adversus
3259 5687 3420 5745 caput
3463 5656 3620 5734 suum

2104 5800 2120 5830 ί
2158 5805 2273 5878 neg.
2290 5811 2427 5878 unus
2441 5801 2748 5878 etuc‘oislinq
2775 5803 3044 5874 loquamur,
3067 5826 3171 5876 pro,
3211 5814 3497 5878 loquentur;
3539 5833 3625 5872 cu.

2041 5876 2216 5926 remus,
2243 5877 2350 5927 pro,
2372 5860 2665 5914 curabimus.
