4040 6378
422 420 494 478 93
1164 422 1220 475 S.
1249 421 1525 477 JOANNIS
1553 418 2021 476 CllRYSOSTOMl
2058 420 2375 478 ARClllEP.
2404 423 2933 485 CONSTANTINOP.
3635 434 3703 488 σι

425 534 719 605 loquentes,
748 534 819 588 ob
839 549 1113 589 servorum
1148 531 1406 589 desidiam
1448 535 1608 587 etiam
1658 546 2001 586 communem

425 626 705 680 Dominum
731 627 1099 695 blasphemare
1129 627 1348 690 audent,
1400 635 1454 681 et
1480 632 1667 695 putant
1714 624 2006 678 velamenta

421 732 663 773 errorum
686 734 903 773 suorum
931 736 1049 774 esse
1072 721 1298 773 aliorum
1326 720 1592 773 inertiam.

498 811 555 867 2.
587 812 740 880 Quod
762 822 937 866 autem
973 813 1073 867 hnc
1096 814 1325 867 maxime
1354 813 1707 881 periculosum
1736 811 1803 864 sit
1830 810 1894 864 iis
1917 810 2005 880 qui

422 902 770 973 blasphemia:
789 904 1125 958 occasionem
1153 904 1409 972 praebent,
1440 903 1716 956 audiamus
1775 901 2007 971 prophe-

420 1007 528 1049 tam
568 994 908 1059 clamantem,
969 1004 1021 1050 et
1062 1010 1133 1049 ex
1185 1010 1409 1063 persona
1442 994 1533 1047 Dei
1564 992 1827 1048 dicentem
1861 1008 1875 1045 :
1922 990 2008 1046 γω

420 1088 576 1153 vobis,
601 1088 719 1157 quia
749 1096 952 1158 propter
978 1102 1063 1140 vos
1093 1102 1273 1139 nomen
1318 1101 1482 1137 meum
1528 1084 1903 1153 blasphematur
1953 1082 2006 1135 in

421 1179 649 1248 gentibus
675 1177 810 1249 (lsai
830 1218 842 1230 .
866 1178 957 1233 52.
986 1179 1019 1233 5
1047 1176 1087 1246 ).
1117 1176 1377 1231 Terribile
1406 1176 1507 1229 hoc
1536 1178 1754 1229 verbum
1783 1185 1861 1228 est
1887 1216 1902 1239 ,
1952 1181 2008 1227 et

425 1270 649 1323 horrore
680 1268 917 1338 plenum.
958 1266 1046 1321 Vae
1074 1267 1214 1321 enim
1241 1267 1366 1321 illud
1393 1275 1476 1321 est
1503 1266 1651 1334 quasi
1678 1264 2006 1334 deplorantis

425 1376 540 1425 eos,
566 1361 652 1430 qui
681 1360 998 1430 supplicium
1049 1358 1179 1413 illud
1226 1357 1534 1412 inevitabile
1572 1355 1800 1411 subituri
1858 1364 2003 1410 sunt.

424 1454 590 1509 Porro
613 1454 750 1509 sicut
773 1468 865 1506 eos
892 1453 980 1523 qui
1028 1468 1123 1522 per
1164 1468 1314 1505 suam
1364 1450 1741 1521 negligentiam
1788 1463 2003 1503 causam

421 1546 525 1600 illis
556 1546 794 1614 prrebent
824 1542 1225 1613 blaSphemandi
1275 1542 1462 1611 ingens
1508 1556 1661 1610 paena
1716 1549 1895 1594 manet
1943 1554 2005 1591 ac

423 1636 838 1690 condemnatio:
871 1635 941 1688 ita
970 1650 1000 1688 e
1021 1634 1236 1687 diverso
1272 1639 1526 1685 virtutum
1567 1630 1817 1685 studiosis
1858 1629 2005 1683 mille

429 1744 747 1783 coronarum
766 1728 982 1781 materia
1005 1736 1242 1797 paratur.
1270 1725 1411 1780 Istud
1434 1725 1604 1792 ipsum
1628 1723 1827 1777 docens
1845 1720 2003 1775 Chri-

419 1831 554 1885 stus,
586 1819 834 1874 dicebat:
868 1818 1054 1872 Luceat
1076 1819 1166 1871 lux
1184 1826 1346 1871 vestra
1386 1832 1558 1869 coram
1611 1814 1913 1877 hominibus,
1948 1823 2001 1865 ut

420 1912 619 1964 uideant
648 1926 802 1978 opera
832 1919 993 1963 vestra
1019 1908 1165 1974 bona,
1190 1915 1235 1962 et
1264 1908 1551 1978 gloriﬁcent
1574 1905 2004 1960 Patremvestrum

419 2004 501 2071 qui
554 2003 605 2055 in
636 2002 771 2054 cadis
796 2010 867 2055 est
899 2000 1110 2070 (Matth.
1144 2000 1195 2054 5.
1230 2000 1297 2055 16
1326 2000 1366 2070 ).
1395 1998 1525 2052 Nam
1557 1997 2001 2067 quemadmodum

422 2093 493 2146 illi
517 2094 813 2162 aliquorum
847 2092 1032 2144 inertia
1065 2090 1274 2156 offensi,
1306 2091 1539 2159 linguam
1570 2099 1767 2143 acuunt
1814 2100 2000 2143 contra

420 2184 699 2238 Duminum
724 2191 963 2238 nostrum
993 2198 1005 2235 :
1038 2182 1136 2246 sic,
1168 2182 1356 2252 inquit,
1385 2183 1430 2236 si
1458 2183 1707 2236 virtutem
1748 2196 2004 2238 exercue-

417 2276 551 2341 ritis,
584 2275 672 2344 qui
708 2274 937 2328 viderint
963 2289 1057 2330 vos
1082 2274 1343 2339 homines,
1377 2288 1482 2330 non
1517 2288 1607 2329 vos
1634 2280 1839 2329 tantum
1886 2275 2001 2328 lau-

420 2366 644 2431 dabunt,
674 2364 765 2420 sed
795 2379 915 2419 eum
957 2369 1336 2437 conspexerint
1358 2382 1519 2437 opera
1546 2375 1719 2420 vestra
1751 2366 1998 2430 lucentia,

416 2467 469 2510 et
501 2457 664 2513 facies
693 2466 895 2515 vestros
927 2457 1278 2524 illustrantia,
1332 2459 1398 2513 ad
1448 2459 1619 2529 gloria
1664 2458 2000 2513 afﬁciendum

419 2548 632 2605 Patrem
655 2561 891 2605 vestrum
925 2552 1012 2621 qui
1037 2551 1090 2603 in
1113 2551 1258 2605 caelis
1278 2561 1379 2614 est,
1409 2559 1795 2619 prorumpent;
1846 2564 1999 2603 cum-

415 2656 517 2710 que
550 2641 651 2697 hoc
675 2642 743 2696 ab
774 2643 877 2695 illis
908 2641 1017 2705 fiet,
1041 2657 1255 2696 rursum
1277 2649 1459 2695 nostra
1484 2640 1700 2710 praemia
1726 2640 1993 2710 augebun-

416 2744 522 2799 tur,
545 2744 600 2789 et
625 2735 791 2788 multa
823 2734 977 2789 nobis
1000 2734 1136 2787 bona
1157 2732 1419 2787 concedet
1449 2733 1588 2787 Deus
1612 2773 1629 2800 ,
1670 2746 1738 2787 eo
1762 2731 1903 2801 quod
1933 2731 2001 2785 ab

416 2823 524 2877 illis
552 2824 815 2878 laudetur.
868 2823 970 2877 Eos
998 2824 1140 2878 enim
1180 2824 1265 2890 qui
1295 2839 1372 2876 me
1395 2823 1706 2893 gloriﬁcent,
1739 2823 1834 2890 ait,
1884 2823 1999 2894 glo-

414 2918 620 2985 riﬁcabo
648 2916 664 2988 (
689 2918 738 2971 l.
772 2917 897 2988 Reg.
927 2917 980 2971 2.
1013 2916 1080 2971 50
1112 2915 1151 2986 ).
1193 2914 1333 2969 Nihil
1366 2916 1524 2985 igitur
1578 2930 1686 2969 non
1733 2929 1952 2985 agamus
1979 2955 1997 2982 ,

412 3012 615 3078 dilecti,
649 3019 708 3065 ut
736 3010 1067 3080 glorificetur
1093 3009 1350 3064 Dominus
1379 3018 1580 3076 noster,
1605 3019 1657 3063 et
1684 3009 1997 3063 nullisimus

413 3101 713 3156 offendiculi
747 3102 978 3156 occasio.
1012 3102 1063 3155 Id
1091 3102 1230 3171 quod
1260 3112 1520 3172 perpetuo
1566 3116 1663 3156 nos
1699 3101 1860 3156 docet
1887 3117 1999 3155 ma-

419 3194 588 3261 gister
613 3192 759 3244 orbis
784 3193 970 3245 beatus
995 3191 1208 3256 Paulus,
1234 3192 1359 3246 dum
1390 3193 1466 3245 sic
1491 3194 1565 3244 ait
1594 3210 1606 3245 :
1641 3190 1701 3246 Si
1730 3192 1870 3245 cibus
1918 3194 1997 3262 of-

415 3284 578 3356 fendit
606 3287 812 3352 fratrem
855 3300 1037 3347 meum,
1090 3300 1363 3353 numquam
1410 3285 1462 3336 in
1507 3292 1751 3337 aeternum
1795 3297 1998 3335 carnem

409 3374 670 3427 comedam
700 3374 773 3445 (l.
804 3371 920 3427 Cor.
948 3374 1003 3428 8.
1036 3374 1106 3430 15
1137 3376 1176 3445 ).
1207 3375 1273 3428 Et
1303 3375 1493 3428 iterum
1537 3376 1587 3428 in
1617 3374 1722 3427 alio
1746 3374 1863 3426 loco
1910 3374 1995 3428 in-

407 3465 558 3534 quit:
591 3463 681 3519 Sic
728 3476 892 3518 autem
941 3477 1205 3534 peccantes
1232 3467 1287 3518 in
1318 3469 1521 3535 fratres,
1573 3475 1620 3518 et
1666 3465 1994 3533 percutientes

407 3559 666 3627 inﬁrmam
687 3575 857 3613 eorum
879 3561 1252 3627 conscientiam,
1283 3562 1335 3613 in
1356 3559 1612 3615 Christum
1636 3562 1848 3629 peccatis
1868 3561 1888 3632 (
1910 3561 1991 3616 Ib.

408 3667 455 3704 υ.
484 3652 550 3705 12
576 3651 619 3721 ).
640 3652 796 3707 Minas
822 3652 925 3707 illa;
946 3652 1291 3707 vehementes
1316 3661 1459 3717 sunt,
1481 3662 1535 3707 et
1553 3667 1797 3722 magnam
1813 3668 1994 3708 secum

407 3742 913 3798 condemnationem
935 3742 1185 3799 afferunt.
1232 3743 1310 3798 Ne
1336 3743 1595 3813 opineris,
1662 3744 1867 3813 inquit,
1901 3745 1995 3799 da-

409 3849 593 3889 mnum
629 3835 728 3889 hoc
755 3836 820 3888 ad
850 3835 1000 3889 illum
1053 3836 1140 3905 qui
1167 3834 1454 3889 offenditur
1483 3836 1656 3890 solum
1689 3837 1989 3905 pertinere;

409 3925 597 3978 transit
622 3924 778 3978 etiam
809 3924 875 3979 ad
931 3926 1202 3980 Christum
1234 3927 1426 3995 ipsum,
1458 3927 1548 3996 qui
1580 3935 1796 3996 pr0pter
1846 3927 1993 3982 illum

407 4014 692 4069 crucifixus
711 4025 811 4069 est.
850 4014 1011 4085 Igitur
1039 4018 1080 4070 si
1110 4018 1363 4070 Dominus
1402 4024 1522 4071 tuus
1578 4026 1795 4086 propter
1842 4018 1993 4071 illum

410 4106 649 4175 crucifigi
682 4122 786 4161 non
819 4108 1122 4173 recusavit;
1152 4124 1257 4162 non
1287 4119 1340 4163 tu
1368 4111 1547 4162 omnia
1575 4109 1717 4163 feres
1745 4124 1811 4163 ne
1836 4124 1993 4178 quam

410 4196 648 4250 seandali
681 4200 1021 4253 occasionem
1050 4200 1125 4252 illi
1158 4199 1439 4266 prmbeas?
1473 4200 1584 4254 lloe
1612 4200 1809 4269 ubique
1848 4202 1998 4256 inve-

408 4287 524 4341 nies
543 4287 687 4340 illum
705 4286 978 4357 discipulis
995 4290 1274 4343 consilium
1293 4290 1419 4343 dare
1443 4311 1456 4345 :
1478 4290 1578 4345 hoc
1593 4292 1734 4344 enim
1756 4299 1838 4345 est
1853 4292 1993 4360 quod

407 4379 570 4432 vitam
592 4388 829 4434 nostram
846 4392 1149 4435 conservat.
1180 4382 1471 4451 Propterea
1493 4392 1546 4438 et
1578 4383 1707 4439 alibi
1753 4384 1995 4439 scribens

407 4468 640 4536 dicebat,
665 4469 748 4523 Ne
775 4488 888 4541 qua:
928 4482 1091 4525 vestra
1126 4484 1242 4526 sunt
1285 4475 1598 4528 considerate
1647 4475 1860 4545 singuli,
1907 4476 1996 4529 sed

406 4578 520 4631 quae
539 4564 756 4616 aliorum
786 4563 1021 4636 (Philip.
1047 4564 1103 4619 2.
1128 4567 1158 4621 4
1190 4564 1235 4639 );
1255 4576 1308 4621 et
1338 4568 1528 4622 iterum
1557 4569 1662 4622 alio
1681 4570 1797 4623 loco
1824 4588 1835 4623 :
1873 4569 1996 4623 0m-

407 4654 494 4705 nia
523 4653 645 4705 mihi
672 4654 837 4719 licent,
871 4656 960 4708 sed
976 4672 1075 4709 non
1104 4658 1272 4710 omnia
1292 4659 1549 4727 wdiﬁcant
1593 4660 1610 4729 (
1634 4661 1681 4713 l.
1734 4660 1853 4714 Cor.
1904 4661 1990 4715 10.

404 4745 475 4800 25
503 4746 544 4816 ).
572 4746 735 4802 Vides
756 4747 1102 4816 apostolicam
1120 4751 1472 4821 sapientiam?
1526 4752 1750 4807 Etiamsi
1796 4753 1953 4808 liceat
1977 4794 1991 4817 ,

406 4838 598 4909 inquit,
627 4838 754 4892 mihi
779 4839 983 4909 aliquid
1006 4839 1205 4906 facere,
1230 4842 1471 4913 nihilque
1495 4843 1620 4897 hinc
1662 4844 1791 4897 mihi
1813 4844 1992 4898 damni

403 4930 668 4985 accedat:
701 4929 798 4985 sed
829 4932 953 5000 quia
987 4932 1089 4987 hoc
1116 4948 1223 4987 non
1252 4933 1404 5002 juvat
1433 4935 1500 4989 ad
1546 4936 1774 5004 proximi
1830 4936 1995 4988 mlifi-

404 5020 694 5086 eationem,
725 5035 1067 5091 nequaquam
1098 5023 1201 5078 hoc
1221 5024 1401 5079 facere
1427 5025 1800 5080 sustinuerim.
1830 5025 1994 5081 Vides

404 5112 636 5166 animam
664 5127 762 5166 nos
784 5122 1073 5180 amantem,
1098 5117 1366 5185 quomodo
1384 5132 1641 5188 nusquam
1669 5118 1810 5188 quod
1837 5134 1991 5172 suum

404 5212 488 5258 est
517 5204 724 5273 quaerit,
755 5203 851 5259 sed
894 5206 1140 5261 omnibus
1185 5210 1359 5263 modis
1410 5210 1686 5275 ostendit,
1737 5212 1990 5265 virtutem

406 5295 566 5364 longe
614 5296 900 5351 maximam
940 5297 1084 5352 illam
1116 5314 1256 5364 esse,
1289 5314 1535 5368 magnam
1569 5315 1750 5354 curam
1797 5316 1988 5371 gerere

407 5395 466 5441 ut
493 5387 768 5457 proximus
788 5389 1119 5444 aedificetur?
1148 5390 1294 5457 llaac,
1323 5391 1571 5457 obsecro,
1605 5393 1786 5445 omnia
1815 5392 1992 5446 scien-

408 5490 488 5534 tes
515 5483 880 5547 observemus,
904 5497 1292 5552 eaveamusque
1317 5483 1385 5538 ab
1429 5484 1494 5538 iis
1518 5499 1637 5553 quae
1664 5483 1993 5553 spiritualem

405 5571 662 5624 virtutum
686 5579 987 5625 nostrarum
1012 5571 1320 5626 thesaurum
1348 5572 1695 5641 pessumdare
1726 5580 1950 5641 possunt
1974 5587 1988 5624 :

405 5671 462 5716 et
487 5662 617 5715 nihil
644 5676 896 5731 umquam
941 5660 1217 5724 faciamus,
1267 5678 1377 5733 quo
1414 5664 1667 5717 damnum
1720 5663 1993 5732 quodlibet

406 5753 652 5824 proximo
680 5753 957 5809 inferatur.
993 5755 1106 5809 lloc
1133 5755 1275 5809 enim
1302 5765 1362 5811 et
1402 5765 1677 5826 peccatum
1706 5764 1885 5824 auget,
1938 5764 1993 5811 et

407 5846 624 5918 gravius
647 5845 797 5903 nobis
820 5845 1032 5901 adducit
1056 5847 1395 5917 supplicium.
1422 5847 1604 5921 Neque
1622 5848 1990 5919 velvulgarem

2116 531 2348 601 aliquem
2379 548 2803 600 contemnamus.
2858 543 3042 613 frigida
3091 543 3204 598 ἢπερ
3235 545 3395 599 verba
3429 544 3699 602 dicentes:

2124 622 2259 689 Quid
2294 641 2408 679 mea
2442 628 2622 696 refert,
2653 632 2695 685 si
2719 631 3016 689 offendatur
3044 635 3133 690 ille
3165 636 3321 689 talis?
3356 636 3491 705 Quid
3518 636 3651 691 dicis
3684 680 3701 705 ,

2111 730 2294 785 quaeso
2312 719 2390 772 te?
2402 721 2537 786 Quid
2554 732 2640 775 tua
2658 724 2844 779 refert?
2859 725 2944 781 Sic
2965 736 3103 781 tuam
3119 727 3315 798 fulgere
3335 730 3492 785 vitam
3511 745 3703 799 przece.

2111 808 2188 876 pit
2206 807 2466 873 Christus,
2486 820 2543 865 ut
2559 827 2665 867 non
2684 817 2853 869 solum
2868 818 3168 873 videntibus
3187 828 3238 873 te
3254 819 3327 872 sis
3342 821 3703 885 admirationi,

2111 897 2205 953 sed
2236 910 2290 953 ut
2314 901 2569 958 Dominus
2598 914 2719 959 tuus
2760 907 3088 977 glorificetur
3111 910 3331 980 (Matth.
3369 912 3423 967 5.
3456 913 3521 968 l6
3552 915 3608 984 ):
3644 924 3701 970 tu

2111 1005 2240 1044 vero
2268 993 2487 1048 omnino
2508 998 2832 1051 contrarium
2863 1000 2996 1067 agis,
3030 1010 3083 1054 et
3129 1015 3226 1069 pro
3250 1001 3415 1071 gloria
3441 1003 3700 1058 Deiblas-

2123 1078 2369 1147 phemias
2388 1080 2653 1138 introduci
2682 1102 2864 1147 curas,
2892 1098 2945 1143 et
2975 1091 3075 1144 hoc
3099 1092 3430 1146 contemnis?
3456 1092 3690 1148 Hoccine

2115 1167 2276 1224 fuerit
2302 1172 2495 1227 animae
2512 1175 2633 1245 piae,
2659 1176 2907 1248 legesque
2932 1179 3139 1236 divinas
3165 1192 3311 1237 recte
3337 1182 3590 1238 scientis?

2182 1262 2237 1318 5.
2263 1262 2529 1319 Caeterum
2569 1267 2614 1321 si
2652 1268 2771 1336 quis
2799 1272 2945 1337 prius
2964 1270 3087 1327 haec
3135 1288 3199 1326 ex
3242 1274 3376 1327 mala
3407 1282 3699 1328 consuetu-

2114 1350 2240 1407 dine
2264 1352 2447 1409 dicere
2471 1356 2658 1411 solitus
2686 1357 2863 1422 fuerit,
2892 1371 3133 1429 suscepta
3166 1360 3305 1417 nunc
3333 1364 3699 1419 admonitione

2112 1454 2312 1507 nostra,
2338 1444 2581 1514 desistat,
2601 1463 2718 1511 oro,
2742 1450 2808 1505 ab
2825 1450 3019 1506 illicitis
3040 1453 3401 1523 hujuscemodi
3431 1457 3692 1511 sermoni-

2109 1532 2229 1595 bus,
2256 1545 2311 1589 et
2347 1536 2425 1590 sie
2449 1539 2626 1592 omnia
2668 1539 2847 1595 facere
2877 1542 3118 1605 studeat,
3148 1552 3203 1597 ut
3233 1550 3403 1615 neque
3428 1549 3496 1601 ab
3538 1547 3693 1601 oculo

2110 1626 2200 1678 illo
2243 1627 2333 1696 qui
2373 1644 2657 1699 numquam
2685 1633 2890 1700 sopitur
2924 1634 3005 1687 vel
3041 1636 3267 1699 caccutit,
3300 1652 3473 1706 neque
3507 1652 3538 1691 a
3564 1653 3697 1692 con-

2108 1716 2326 1771 scientia
2355 1733 2448 1772 sua
2474 1720 2873 1787 condemnetur,
2907 1740 3079 1795 neque
3106 1742 3198 1781 eos
3218 1767 3233 1791 ,
3275 1729 3363 1798 qui
3394 1743 3453 1783 se
3481 1731 3693 1797 vident,

2109 1806 2161 1861 in
2193 1807 2548 1879 blasphemias
2580 1812 2835 1868 adversus
2865 1816 3144 1869 Dominum
3189 1818 3421 1873 inducat.
3464 1820 3613 1891 Quod
3646 1826 3692 1879 si

2108 1906 2249 1951 tanta
2276 1900 2509 1954 adhibita
2548 1904 2792 1960 cautione
2832 1906 3203 1974 dispensemus
3245 1929 3307 1967 ea
3350 1930 3467 1983 quae
3513 1928 3693 1971 nostra

2110 2002 2253 2049 sunt.
2283 1995 2447 2047 multa
2474 1994 2712 2053 fruemur
2745 1998 2949 2056 Domini
2975 2004 3269 2068 clementia,
3304 2015 3358 2059 et
3383 2005 3576 2061 diaboli
3608 2009 3693 2060 in-

2107 2084 2268 2141 sidias
2297 2086 2630 2159 effugiemus.
2674 2091 2802 2145 Cum
2835 2093 3026 2146 viderit
3068 2096 3209 2147 enim
3250 2110 3347 2149 nos
3386 2097 3456 2149 ita
3486 2096 3693 2152 sobrios

2107 2187 2163 2231 et
2190 2180 2390 2248 vigiles,
2420 2191 2474 2235 et
2502 2184 2811 2252 cogitaverit
2840 2199 2897 2237 se
2926 2200 3140 2253 cperant
3171 2184 3415 2253 perdere,
3444 2186 3694 2241 abscedet

2106 2279 2160 2322 et
2190 2270 2561 2325 nceultabitur.
2592 2272 2698 2337 Sed
2732 2284 2813 2327 sat
2844 2273 3002 2327 fuerit
3024 2277 3399 2341 prommiorum
3434 2294 3445 2328 :
3478 2291 3573 2345 age
3596 2292 3690 2330 ca-

2106 2363 2247 2415 ritati
2276 2372 2463 2417 vestrae
2490 2365 2772 2434 pr0positis
2816 2366 2879 2418 iis
2903 2380 3021 2434 quae
3060 2366 3192 2420 lecta
3223 2375 3382 2433 sunt,
3422 2367 3694 2436 spirituale

2104 2455 2405 2509 convivium
2434 2471 2782 2525 apparemus:
2812 2468 2866 2511 et
2896 2458 3051 2512 hodie
3080 2458 3375 2526 videamus,
3409 2460 3534 2530 quid
3561 2461 3689 2514 bea—

2107 2555 2190 2600 tus
2235 2545 2442 2611 Moses,
2488 2548 2594 2600 imo
2629 2547 2858 2616 Spiritus
2900 2559 3117 2603 sanctus
3164 2565 3257 2618 per
3299 2551 3413 2619 ejus
3458 2551 3692 2620 linguam

2105 2634 2297 2691 docere
2322 2651 2419 2690 nos
2454 2637 2600 2692 velit.
2633 2638 2765 2706 Quid
2798 2639 2973 2709 itaque
2998 2640 3111 2694 ait?
3144 2640 3234 2695 20.
3271 2639 3338 2693 Et
3366 2641 3493 2694 dixit
3516 2640 3652 2694 Deus
3672 2657 3697 2696 .-

2105 2725 2339 2780 Educant
2368 2742 2511 2796 aqua
2538 2729 2737 2799 reptilia
2762 2731 3045 2783 animarum
3066 2730 3362 2795 viventium,
3394 2739 3439 2784 et
3470 2731 3695 2785 volatilia

2103 2819 2323 2871 volantia
2334 2835 2483 2887 super
2495 2827 2681 2873 terram
2694 2821 2969 2874 secundum
2982 2822 3348 2889 ﬁrmamentum
3360 2822 3491 2875 caeli.
3509 2820 3572 2874 Et
3589 2822 3693 2889 fac-

2104 2920 2209 2965 tum
2226 2921 2298 2964 est
2315 2913 2404 2964 ita.
2424 2909 2556 2965 Vide
2572 2913 2951 2984 benignitatem
2977 2914 3202 2977 Domini,
3220 2914 3487 2983 quomodo
3502 2913 3693 2968 ordine

2102 3004 2333 3072 quodam
2375 3016 2428 3059 et
2469 3006 2846 3075 consequentia
2886 3019 3045 3059 omne
3081 3006 3350 3074 opificium
3395 3020 3548 3059 suum
3594 3020 3693 3059 nos

2102 3095 2308 3150 doceat.
2338 3096 2491 3151 Prius
2516 3099 2695 3152 docuit
2725 3113 2842 3163 nos,
2869 3096 3137 3166 quomodo
3166 3097 3231 3149 ad
3266 3096 3528 3151 fructuum
3560 3112 3688 3166 pro-

2103 3200 2292 3241 ventus
2332 3204 2429 3241 suo
2469 3188 2717 3242 mandato
2746 3199 2939 3243 terram
2965 3190 3276 3242 excitaverit
3304 3206 3316 3238 τ
3363 3198 3566 3258 postea,
3600 3189 3689 3241 ubi

2104 3277 2287 3333 docuit
2313 3279 2536 3333 duorum
2569 3280 2904 3335 luminarium
2932 3279 3325 3346 formationem,
3358 3282 3602 3349 apposuit
3636 3289 3691 3334 et

2103 3370 2380 3425 stellarum
2448 3372 2773 3435 varietatem,
2839 3386 2935 3441 per
2985 3386 3118 3440 quas
3181 3372 3296 3425 etcli
3353 3372 3691 3441 pulchritudo

2102 3459 2239 3516 facta
2283 3471 2365 3516 est
2390 3462 2620 3518 clarior:
2668 3463 2825 3519 hodie
2863 3466 3196 3519 continenter
3224 3464 3289 3518 ad
3315 3479 3479 3534 aquas
3514 3474 3690 3519 trans-

2102 3551 2176 3615 it,
2229 3560 2284 3607 et
2332 3555 2564 3608 ostendit
2608 3554 2797 3621 nobis,
2856 3570 3106 3610 sermone
3168 3565 3222 3610 et
3276 3566 3542 3626 praecepto
3590 3572 3690 3611 suo

2101 3657 2167 3699 ex
2220 3644 2371 3714 aquis
2426 3645 2556 3714 ipsis
2610 3646 2835 3700 viventia
2890 3647 3138 3700 animalia
3205 3647 3484 3717 prodiisse.
3542 3647 3685 3702 Edu-

2100 3747 2215 3790 cant
2253 3739 2395 3791 enim
2416 3777 2431 3803 ,
2459 3740 2565 3804 ait,
2592 3756 2737 3808 aqua:
2774 3742 2974 3811 reptilia
3003 3743 3284 3795 animarum
3312 3743 3577 3797 viventium
3597 3784 3610 3804 ,
3641 3753 3691 3798 et

2100 3830 2326 3884 volatilia
2356 3833 2574 3885 volantia
2602 3849 2752 3901 super
2790 3843 2976 3887 terram
3004 3835 3277 3888 secundum
3318 3836 3689 3902 ﬁrmamentum

2099 3924 2230 3977 caeli.
2270 3923 2400 3992 Quis
2425 3939 2621 3989 sermo,
2653 3941 2855 3995 quteso,
2881 3927 3120 3980 miraculi
3163 3926 3470 3996 dignitatem
3513 3937 3689 3996 potest

2100 4014 2345 4083 assequi?
2386 4030 2504 4084 qua:
2546 4015 2719 4083 lingua
2761 4016 2824 4069 ad
2863 4015 3079 4085 Opificis
3116 4019 3377 4085 prreconia
3422 4017 3689 4073 sufficiet?

2103 4104 2245 4158 Dixit
2270 4115 2472 4159 tantum
2494 4148 2508 4173 ,
2539 4105 2792 4159 Germinet
2819 4118 2951 4160 terra
2973 4124 2991 4161 :
3020 4117 3073 4161 et
3098 4110 3271 4161 statim
3301 4110 3440 4162 illam
3472 4110 3535 4163 ad
3568 4125 3690 4178 par-

2102 4206 2211 4250 tum
2239 4197 2523 4251 excitavit:
2558 4214 2695 4253 nunc
2717 4199 2845 4253 dicit
2869 4218 2882 4254 :
2913 4198 3145 4252 Educant
3171 4216 3334 4271 aquas.
3366 4200 3499 4255 Vide
3527 4216 3685 4271 quam

2099 4297 2395 4341 consonant
2444 4298 2743 4358 prazcepta:
2796 4290 2920 4357 illic,
2959 4289 3251 4357 Germinet;
3288 4292 3401 4356 hic,
3459 4292 3689 4347 Educant

2101 4394 2266 4449 aqua},
2309 4381 2507 4448 inquit,
2542 4383 2741 4452 reptilia
2768 4384 3050 4437 animarum
3079 4386 3363 4437 viventium.
3396 4385 3525 4439 Nam
3554 4388 3692 4440 sicut

2100 4469 2168 4524 de
2197 4478 2335 4525 terra
2362 4471 2495 4525 dixit
2522 4474 2714 4538 solum,
2748 4472 2999 4527 Germinet
3020 4490 3038 4527 :
3065 4485 3118 4529 et
3146 4477 3287 4529 varia
3314 4491 3434 4528 mox
3466 4491 3529 4529 ac
3553 4477 3693 4529 mul-

2102 4561 2266 4629 tiplex
2295 4562 2505 4622 florum.
2535 4564 2840 4632 herbarum,
2864 4575 2918 4619 et
2945 4566 3210 4619 seminum
3237 4568 3483 4635 apparuit
3510 4569 3684 4635 copia,

2102 4668 2311 4723 unoque
2338 4654 2501 4709 verbo
2531 4656 2784 4724 producta
2809 4666 2934 4719 sunt
2956 4659 3133 4712 omnia
3163 4674 3176 4711 :
3206 4660 3283 4712 sic
3308 4668 3361 4712 et
3392 4660 3475 4713 hic
3510 4660 3645 4713 dixit
3672 4678 3689 4714 :

2103 4742 2336 4797 Educant
2360 4760 2505 4812 aqua:
2526 4747 2728 4815 reptilia
2753 4748 3036 4800 animarum
3065 4748 3331 4802 viventium
3350 4792 3363 4813 ,
3391 4759 3438 4802 et
3464 4750 3691 4804 volatilia

2100 4837 2322 4889 volantia
2346 4853 2498 4906 super
2538 4847 2722 4891 terram
2747 4839 3021 4892 secundum
3050 4840 3418 4907 ﬁrmamentum
3452 4840 3564 4894 σιεΙὶ
3592 4856 3614 4897 :
3636 4851 3692 4895 et

2100 4928 2357 4981 continuo
2402 4935 2479 4982 tot
2508 4929 2774 4999 reptilium
2812 4930 3212 5000 volatiliumque
3244 4945 3440 5001 genera
3471 4932 3692 4987 condita

2100 5031 2243 5087 sunt,
2270 5028 2400 5089 quot
2428 5036 2599 5090 neque
2628 5037 2876 5077 sermone
2903 5022 3168 5077 reeenseri
3200 5035 3438 5092 possunt.
3471 5023 3536 5077 Et
3564 5038 3690 5077 ver-

2101 5114 2225 5169 bum
2253 5115 2465 5185 quidem
2498 5116 2661 5171 breve
2688 5123 2788 5178 est,
2816 5117 3142 5186 verbumque
3171 5132 3354 5181 unum,
3378 5132 3572 5186 genera
3598 5132 3689 5170 au-

2103 5216 2207 5260 tem
2229 5208 2534 5261 animalium
2559 5207 2770 5263 diversa
2800 5215 2855 5263 et
2879 5210 3043 5263 varia.
3069 5208 3173 5263 Sed
3198 5209 3343 5263 nullo
3365 5218 3584 5278 stupore
3614 5218 3697 5263 te-

2101 5299 2298 5365 nearis,
2327 5299 2557 5355 dilecte:
2588 5300 2809 5355 verbum
2840 5301 2980 5354 enim
3008 5312 3123 5355 erat
3154 5302 3281 5365 Dei,
3311 5311 3364 5356 et
3391 5316 3570 5355 sermo
3606 5301 3692 5371 ip-

2105 5391 2216 5443 sius
2244 5390 2306 5445 iis
2336 5405 2453 5460 quae
2477 5389 2675 5445 ﬁebant
2712 5391 3110 5446 subsistentiam
3139 5392 3356 5461 largitus
3392 5401 3492 5447 est.
3527 5391 3694 5447 Vides

2101 5484 2369 5553 quomodo
2396 5485 2571 5537 omnia
2601 5499 2667 5539 ex
2709 5485 2874 5540 nihilo
2905 5497 2960 5539 ut
3003 5497 3182 5541 essent
3223 5486 3480 5557 producta
3530 5486 3696 5542 sunt‘l

2100 5575 2249 5629 vides
2277 5590 2434 5643 quam
2463 5575 2743 5645 diligenter
2767 5576 2993 5631 doceat?
3023 5577 3172 5631 vides
3197 5589 3388 5647 quanta
3414 5593 3472 5632 se
3494 5588 3693 5632 attem-

2102 5664 2375 5733 peratione
2403 5664 2467 5717 ad
2492 5666 2658 5718 nostri
2687 5668 2899 5734 generis
2929 5668 3279 5720 humilitatem
3298 5666 3569 5722 Dominus
3594 5668 3692 5721 dc-

2103 5758 2312 5811 mittat?
2336 5757 2485 5813 Unde
2512 5759 2652 5813 enim
2676 5774 2776 5813 nos
2802 5761 2914 5813 hzec
2948 5770 3052 5813 tam
3094 5772 3338 5814 accurate
3365 5761 3571 5815 discere
3598 5776 3692 5828 po-

2106 5852 2413 5918 tuissemus,
2434 5850 2531 5905 nisi
2558 5853 2668 5922 ipse
2694 5866 2883 5921 magna
2902 5859 2955 5905 et
2978 5851 3227 5906 ineffabili
3254 5851 3576 5923 benignitate
3595 5868 3695 5912 sua
