4040 6378
228 375 304 430 σε
1444 387 1510 442 IN
1541 389 1692 446 CAP.
1738 391 1758 444 ι
1798 389 2041 450 cauas.
2087 361 2322 452 ιιοιιίι.
2367 397 2475 454 vn.
3605 395 3674 452 64

225 492 326 545 καὶ
349 492 446 546 τὸν
471 493 651 550 κοινὸν
675 495 948 566 Δεσπότην
975 497 1312 568 βλασφημεῖν
1337 503 1596 573 τολμῶσι,
1628 504 1724 558 καὶ
1753 505 1907 574 νομί-

225 579 389 638 ζουσι
413 581 513 652 τῆς
536 583 742 645 οἰκείας
767 583 974 657 πλάνης
1009 589 1420 660 παραπέτασμα
1456 593 1636 656 αὐτοῖς
1666 593 1908 660 γίνεσθαι.

221 665 328 736 τήν
357 666 564 738 ἑτέρων
595 668 888 738 ρᾳθυμίαν.

297 751 506 820 β⁹.Ὂτι
535 753 592 808 δὲ
615 755 870 824 μέγιστον
904 757 1056 827 φέρει
1087 758 1242 814 τοῦτο
1260 761 1500 817 κίνδυνον
1520 765 1633 827 τοῖς
1657 763 1910 836 ἀφορμὴν

217 839 418 902 αὐτοῖς
443 841 546 909 τῆς
575 841 922 913 βλασφημίας
939 846 1634 922 παρέχουσιν,-ἀκούσωμεν
1661 851 1752 905 τοῦ
1782 870 1911 924 προ⁴

221 927 405 996 φὴτου
425 927 676 997 βοῶντος,
709 933 799 984 καὶ
828 931 1072 1000 λέγοντος
1093 936 1156 988 ὲκ
1179 936 1465 1006 προσώπου
1481 939 1574 992 τοῦ
1589 939 1745 1004 Θεοῦ,
1767 940 1911 995 οὐαὶ

221 1012 396 1080 ὑμῖν,
417 1013 510 1066 ὅτι
525 1015 599 1068 δι’
618 1015 774 1084 ὑμᾶς
794 1019 859 1070 τὸ
883 1019 1070 1088 ὄνομά
1083 1038 1202 1089 μου
1219 1024 1669 1094 βλασφημεῖται
1689 1027 1758 1080 ἐν
1786 1025 1911 1095 τοῖς

221 1099 458 1154 ἔθνεσι.
477 1103 712 1174 Φοὸερὸν
727 1105 788 1158 τὸ
821 1107 974 1176 ῥῆμα
997 1109 1090 1161 καὶ
1113 1110 1312 1181 φρίκης
1341 1113 1529 1182 γέμον.
1551 1113 1624 1167 Τὺ
1639 1113 1744 1184 γὰρ
1766 1115 1909 1168 οὐαὶ

221 1185 394 1241 τοῦτο
422 1189 626 1244 ὡσανεὶ
656 1192 978 1262 θρηνοῦντός
1183 1199 1299 1250 ἐστι
1327 1201 1451 1264 τούς
1485 1203 1774 1270 μέλλοντας
1808 1203 1912 1256 ὐπὸ

221 1275 326 1344 τὴν
345 1277 724 1349 ἀπαραίτητον
741 1281 954 1351 ἐκείνην
972 1283 1188 1338 κόλασιν
1202 1286 1642 1352 γίνεσθαι.”Ωσπε
1650 1307 1684 1361 ρ
1697 1287 1787 1343 οῦν
1801 1294 1911 1354 τοίς

222 1360 316 1414 δια
345 1365 446 1432 τῆς
477 1367 686 1429 οἰκείας
712 1367 972 1435 ἀμελείας
1002 1371 1180 1424 αἰτίαν
1227 1372 1450 1438 ἐκείνοις
1492 1360 1787 1448 παρέχουσι
1815 1379 1912 1447 τῆς

228 1448 591 1520 βλασφημίας
607 1455 842 1526 τοσαύτη
861 1459 1036 1510 κεῖται
1060 1463 1320 1530 τιμωρία,
1341 1462 1480 1516 οὕτω
1505 1465 1668 1518 πάλιν
1687 1468 1797 1528 τοῖς
1815 1466 1914 1535 τῆς

227 1537 440 1606 ἀρετῆς
465 1540 916 1610 ἐπιμελουμένοις
937 1546 1146 1616 μυρίων
1168 1550 1446 1616 στεφάνων
1479 1552 1733 1614 ὑπόθεσις
1765 1553 1907 1620 γίνε-

226 1637 342 1676 ται.
367 1623 441 1676 Τὸ
470 1626 602 1678 αὐτὸ
615 1627 772 1680 τοῦτο
794 1627 1058 1683 διδάσκων
1089 1635 1118 1686 ό
1151 1633 1383 1704 Χριστὸς
1415 1637 1588 1705 ἔλεγε·
1615 1639 1914 1705 Λαμψιίτω

227 1710 298 1761 τὸ
319 1710 455 1778 53:5;-
483 1713 650 1782 ὑμῶν
672 1715 1018 1783 ἔμπροσθεν
1038 1717 1158 1774 τῶν
1181 1721 1530 1791 ἀνθρώπων,
1559 1725 1719 1792 ὅπως
1742 1728 1913 1781 ἴδωσι

227 1799 304 1851 τὰ
349 1799 512 1856 καλὰ
565 1801 710 1871 ἔργα
755 1803 922 1872 ὑμῶν
945 1845 960 1867 ,
1022 1806 1122 1861 καὶ
1172 1807 1478 1872 δοξάσωσι
1528 1814 1634 1866 τὸν
1685 1815 1914 1884 Πατέρα

223 1885 406 1954 ὑμῶν
445 1887 558 1941 τὸν
587 1890 658 1942 ἐν
698 1891 824 1956 τοῖς
857 1893 1154 1960 οἰφανοῖς.
1207 1897 1301 1951 Ὃν
1333 1897 1442 1968 γὰρ
1481 1901 1678 1970 τρόπον
1718 1905 1913 1956 ἐκεῖνοι

227 1971 323 2024 διὰ
357 1973 463 2042 τήν
506 1991 666 2028 τινων
704 1977 976 2048 ῥαθυμίαν
1013 1981 1495 2054 σκανδαλιζὸμενοι
1531 1987 1629 2058 τὴν
1671 1989 1914 2056 γλῶτταν

228 2059 498 2113 άκσνοῦσι
530 2063 674 2115 κατὰ
701 2063 796 2116 τοῦ
829 2066 1100 2119 Δεσπότου
1137 2068 1232 2121 τοῦ
1267 2071 1570 2143 ἡμετέρου·
1602 2073 1776 2141 οὓτω,
1814 2095 1916 2147 φη-

231 2151 347 2212 σὶν,
379 2149 604 2204 ἐπειδὰν
629 2150 730 2222 τὴν
764 2153 964 2224 ἀρετὴν
997 2155 1217 2228 μετίητε
1240 2199 1255 2223 ,
1295 2159 1531 2230 ὁρῶντες
1561 2163 1705 2232 ὑμᾶς
1733 2166 1784 2217 οἱ
1823 2166 1915 2219 άν-

231 2233 486 2304 θρωποι,
533 2236 594 2290 οὐ
647 2238 810 2311 μέχρι
855 2242 952 2313 τῆς
998 2244 1273 2316 ὑμετέρας
1323 2247 1600 2318 εὐφημίας
1652 2252 1914 2319 ἵστανται,

232 2321 356 2375 ἀλλ’
383 2323 514 2376 ὅταν
543 2323 726 2378 ἴδωσιν
757 2327 1015 2396 ὐμῶν-τά
1047 2331 1228 2402 ἐργαι
1279 2333 1561 2405 λάμποντα
1587 2340 1680 2392 καὶ¹
1709 2357 1915 2394 natau-

233 2409 484 2476 γάζοντα
513 2412 667 2482 ὐμιῖν
695 2413 794 2478 τὰς
836 2415 1022 2485 ὄψεις,
1063 2422 1142 2483 εἰς
1173 2420 1478 2490 δοξολογίαν
1512 2426 1780 2481 κινοῦνται
1821 2429 1914 2482 τοῦ

235 2497 458 2568 [ἰατρὸς
505 2499 658 2570 ὐμῶν
701 2503 796 2555 τοῦ
841 2503 897 2556 ὲν
926 2507 1177 2576 οὐρανοῖς
1201 2525 1214 2539 ·
1247 2510 1435 2564 τούτου
1471 2511 1526 2564 δὲ
1558 2513 1648 2564 ὐπ’
1691 2515 1915 2571 ἐκείνων

233 2585 550 2654 γινομένου,
575 2588 736 2642 πάλιν
767 2591 897 2660 ἡμῖν
923 2593 992 2646 τά
1008 2595 1109 2664 τῆς
1136 2597 1371 2668 ἀμοιϐῆς
1393 2600 1913 2667 πολυπλασιάζεται,

233 2672 338 2724 καὶ
370 2672 516 2742 ὑπὲρ
548 2675 646 2744 τῆς
686 2676 909 2732 ἐκείνων
955 2681 1231 2752 εὐφημίας
1267 2684 1334 2738 τά
1364 2686 1533 2756 μυρία
1561 2690 1694 2759 ἡμῖν
1738 2691 1916 2759 ἀγαθὰ

233 2759 864 2847 χαρίζεταιόΔεσπότης
885 2782 898 2794 ·
937 2767 1082 2834 Τοὺς
1112 2769 1470 2838 δοξάζοντάς
1497 2791 1574 2842 με
1597 2776 1728 2845 γὰρ,
1760 2779 1913 2847 φησὶ,

231 2842 506 2910 δοξάσω.
537 2850 724 2903 Πάντα
751 2853 932 2907 τοίνυν
965 2856 1228 2926 ποιῶμεν,
1262 2861 1558 2932 ἀγαπητοὶ,
1591 2842 1731 2916 ὥστε
1764 2842 1918 2930 δοξά-

233 2932 436 2996 ζεσθαι
462 2933 554 2986 τὸν
597 2935 866 3006 ἡμέτερον
909 2941 1206 3014 Δεσπότην,
1251 2945 1343 2997 καὶ
1393 2947 1580 3016 μηδενὶ
1621 2950 1918 3004 σκανδάλου

233 3018 424 3072 αἰτίαν
453 3021 806 3092 παρέχωμεν.
846 3025 1014 3079 Τοῦτο
1059 3028 1168 3100 γὰρ
1213 3030 1476 3100 διηνεκῶς
1506 3035 1652 3104 ἡμᾶς
1681 3035 1917 3092 διδάσκει

233 3107 266 3156 ό
289 3105 394 3174 τῆς
421 3108 748 3180 οἰκουμένης
777 3111 1098 3176 διδάσκαλος
1133 3117 1160 3168 6
1191 3119 1462 3188 μακάριος
1509 3121 1717 3186 Παῦλος
1738 3165 1752 3188 ,
1789 3127 1918 3180 ποτὲ

237 3191 346 3261 μὲν
377 3191 555 3280 λέγων
575 3211 589 3225 ·
617 3197 689 3248 El
711 3195 924 3265 βρῶμα
948 3199 1331 3262 σκανδαλίζει
1359 3205 1467 3258 τὸν
1487 3206 1756 3278 ἀδελφόν
1774 3229 1916 3280 μου,

237 3281 318 3334 οὐ
336 3279 426 3371 μὴ
457 3281 627 3371 φάγω
658 3285 802 3371 κρέα
837 3287 923 3352 είς
959 3290 1064 3341 τὸν
1095 3292 1310 3344 αἰῶνα·
1357 3293 1450 3346 καὶ
1475 3295 1635 3352 πάλιν
1664 3299 1722 3350 ὲν
1749 3300 1920 3371 ἑτέρῳ

238 3367 446 3437 φησίν·
487 3369 656 3423 Οὕτω
681 3370 750 3424 δὲ
777 3374 1217 3442 ἁμαρτάνοντες
1264 3381 1351 3445 εἰς
1391 3381 1532 3447 τοὺς
1574 3367 1917 3454 ἀδελφοὺς,

237 3455 342 3508 καί
379 3460 713 3523 τύπτοντες
745 3458 944 3513 αὐτῶν
981 3462 1096 3529 τὴν
1127 3466 1488 3533 συνείδησιν
1511 3471 1918 3542 ἀσθενοῦσαν,

235 3542 333 3630 εις
377 3542 642 3630 Χριστὸν
677 3546 1058 3613 ἁμαρτάνετε.
1095 3551 1306 3622 Σφοδρά
1339 3555 1372 3624 ή
1401 3555 1596 3628 ἀπειλὴ
1629 3560 1723 3613 καὶ
1755 3563 1924 3630 μεγά-

237 3627 344 3697 λην
376 3628 581 3698 έχουσα
621 3630 722 3702 τὴν
765 3635 1106 3706 κατάκρισιν.
1163 3639 1254 3709 Μὴ
1295 3641 1404 3711 γάρ
1446 3627 1701 3717 νομίσῃς,
1737 3627 1920 3718 φησὶν,

241 3718 330 3780 εἰς
357 3719 572 3770 ἐκεῖνον
603 3719 763 3787 μόνον
793 3725 1213 3793 περιστήσεσθαι
1244 3727 1344 3799 τήν
1381 3728 1584 3802 βλάϐην
1603 3749 1614 3761 ·
1649 3735 1730 3796 είς
1763 3737 1922 3788 αὐτὸν

239 3803 514 3856 διαϐαίνει
559 3805 650 3858 τὸν
693 3807 927 3878 Χριστὸν
970 3812 1059 3862 τὸν
1092 3811 1158 3863 δι’
1186 3815 1390 3868 ἐκεῖνον
1421 3819 1820 3890 σταυρωθέντα.
1862 3824 1924 3876 El

240 3890 429 3943 τοίνυν
465 3893 494 3943 ό
521 3893 798 3963 Δεσπότης
827 3913 920 3948 σου
963 3899 1342 3971 σταυρωθῆναι
1375 3903 1441 3956 δι’
1480 3907 1642 3959 αὐτὸν
1683 3910 1741 3960 οὐ
1793 3929 1926 3981 παρ-

241 3979 514 4051 ῃτήσατο,
553 3982 615 4033 σὺ
649 3979 748 4034 οὐκ
777 3983 944 4055 ἀνέχῃ
989 3985 1165 4040 πάντα
1200 3990 1445 4060 ποιῆσαι,
1480 3991 1618 4047 ὥστε
1657 3979 1925 4067 μηδεμίαν

243 4065 402 4136 αὐτῴ
452 4067 746 4120 σκανδάλου
812 4071 1062 4142 ἀφορμὴν
1126 4076 1416 4147 παρέχειν;
1485 4082 1594 4134 Καὶ
1653 4065 1924 4154 πανταχοῦ

245 4155 510 4225 εὑρήσεις
543 4155 707 4207 αὐτὸν
737 4157 906 4210 ταῦτα
935 4160 1370 4229 συμϐουλεύοντα
1395 4169 1506 4230 τοῖς
1549 4169 1926 4242 μαθητευομέ-

246 4258 399 4304 νοις·
433 4242 596 4296 τοῦτο
629 4243 738 4314 γάρ
778 4247 946 4309 ἐστιν,
979 4247 1007 4299 ὃ
1039 4250 1252 4320 συνέχει
1295 4252 1393 4324 τὴν
1422 4253 1566 4326 ζωὴν
1594 4257 1692 4327 τὴν
1725 4259 1924 4328 ἡμετέ-

251 4347 380 4400 ραν,
413 4327 516 4380 Διά
541 4329 700 4382 τοῦτο
728 4331 823 4383 καὶ
845 4331 1080 4402 ἀλλαχοῦ
1113 4336 1342 4406 γράφων
1375 4339 1526 4408 ἔλεγε
1549 4341 1670 4410 ’Μὴ
1693 4327 1762 4397 τὰ
1791 4347 1930 4400 ἑαυ-

249 4417 376 4471 τῶν
417 4416 680 4482 ἕκαστος
715 4419 994 4474 σκοπεῖτε
1014 4460 1029 4484 ,
1079 4424 1241 4478 ἀλλὰ
1287 4426 1388 4479 καὶ
1421 4427 1494 4482 τὰ
1531 4429 1748 4498 ἐτέρων
1794 4433 1929 4488 ἕκα-

249 4520 406 4570 στος
433 4521 446 4534 ·
475 4505 572 4557 καὶ
606 4504 767 4557 πάλιν
810 4507 1070 4578 ἑτέρωθι·
1111 4510 1314 4565 Πάντα
1347 4531 1450 4582 μοι
1491 4515 1752 4583 ἔξεστιν,
1789 4521 1928 4576 ἀλλ’

251 4595 327 4646 οὐ
368 4591 572 4645 πάντα
609 4592 927 4662 οἰκοδομεῖ.
971 4592 1124 4660 Εἶδες
1175 4598 1390 4653 σύνεσιν
1427 4601 1818 4677 ἀποστολικήν;
1868 4609 1928 4663 Εἰ

251 4681 352 4736 καὶ
397 4679 579 4745 ἒξεστί
615 4697 726 4750 μοι,
764 4681 920 4750 φησὶ,
951 4683 1006 4736 τὶ
1035 4685 1456 4756 διαπράξασθαι,
1489 4691 1582 4744 καὶ
1632 4693 1796 4764 μηδέν
1839 4714 1930 4766 μοι

251 4768 416 4822 τοῦτο
444 4767 782 4836 λυμαίνεται,
809 4769 946 4824 άλλά
974 4770 1062 4825 διὰ
1087 4772 1146 4825 τὸ
1174 4773 1248 4845 μὴ
1279 4775 1507 4830 ἕπεσθαι
1533 4779 1632 4848 τὴν
1662 4779 1754 4834 τοῦ
1789 4783 1926 4852 πλη-

255 4857 372 4911 σίον
399 4855 724 4926 οἰκοδομὴν,
754 4857 856 4910 οὐκ
884 4858 952 4912 ἂν
981 4861 1322 4932 ἀνασχοίμην
1346 4863 1480 4917 αὐτὸ
1518 4866 1742 4937 πρᾶξαι.
1777 4868 1931 4935 Εἶδες

251 4944 438 5014 ψυχὴν
471 4943 847 5014 φιλόστοργον,
875 4947 970 4999 καὶ
999 4945 1116 5010 πῶς
1151 4949 1390 5018 οὐδαμοῦ
1411 4951 1472 5004 τὸ
1501 4954 1692 5006 ἑαυτοῦ
1717 4961 1930 5024 σκοπεῖ,

254 5031 397 5085 ἀλλά
417 5031 510 5084 διὰ
545 5031 762 5084 πάντων
803 5033 1044 5088 δείκνυσι
1081 5036 1343 5106 μεγίστην
1374 5039 1573 5110 ἀρετὴν
1606 5042 1810 5114 ταύτην
1843 5041 1933 5099 οὖ-

259 5137 382 5184 σαν,
413 5118 476 5172 τὺ
519 5120 616 5188 τῆς
662 5119 772 5172 τῶν
815 5119 1040 5191 πλησίον
1085 5123 1373 5194 οἰκοδομῆς
1430 5127 1629 5198 πολλὴν
1663 5134 1932 5188 ποιεῖσθαι

255 5210 359 5279 τὴν
391 5208 684 5279 πρόνοιαν;
725 5207 910 5260 Ταῦτα
953 5209 1016 5279 δὴ
1056 5211 1231 5264 πάντα
1260 5213 1616 5279 γινώσκοντες
1658 5217 1934 5286 φυλαττώ-

263 5297 430 5367 μεθα,
461 5296 788 5366 παρακαλῶ,
818 5297 913 5348 καὶ
949 5298 1279 5369 ἀπεχώμεθα
1309 5299 1417 5352 τῶν
1451 5301 1810 5372 λυμαίνεσθαι
1839 5310 1930 5364 τὸν

257 5383 496 5438 πλοῦτον
519 5383 618 5452 τῆς
646 5384 921 5454 ἡμετέρας
949 5386 1149 5455 ἀρετῆς
1179 5387 1514 5456 δυναμένων,
1545 5391 1636 5444 καὶ
1664 5393 1934 5463 μηδέποτέ

255 5489 312 5525 τι
337 5471 692 5544 πράττωμεν,
719 5470 746 5522 ὃ
772 5471 850 5541 τῷ
873 5471 1094 5541 πλησίον
1125 5475 1350 5546 παρέχει
1373 5477 1492 5529 τινὰ
1519 5479 1739 5550 βλάϐην.
1767 5484 1936 5539 Τοῦτο

257 5559 374 5629 γάρ
405 5559 499 5611 καὶ
533 5559 591 5612 τὸ
631 5558 936 5629 ἁμάρτημα
965 5561 1256 5626 ἐπιτείνει,
1297 5564 1390 5616 καὶ
1421 5563 1517 5634 τὴν
1549 5567 1765 5621 κόλασιν
1802 5573 1934 5642 ἡμῖν

263 5649 632 5718 σφοδροτέραν
665 5647 936 5715 προξενεῖ.
963 5647 1064 5702 Καὶ
1099 5650 1232 5720 μηδὲ
1260 5651 1352 5702 τοῦ
1379 5653 1631 5722 τυχόντος
1662 5673 1936 5728 καταφρο-

263 5733 470 5804 νῶμεν,
503 5733 639 5801 μηδὲ
679 5733 928 5802 λέγωμεν
955 5734 1022 5788 τά
1052 5735 1237 5806 ψυχρά
1284 5739 1468 5792 ἐκεῖνα
1499 5741 1740 5812 ῥήματα,
1791 5745 1842 5797 τί
1879 5747 1936 5800 δέ

271 5837 362 5888 μοι
408 5818 580 5888 μέλει,
626 5819 721 5873 ἐάν
745 5821 773 5872 ὁ
805 5819 950 5874 δεῖνα
980 5821 1434 5892 σκανδαλίζηταις
1466 5825 1529 5880 Τί
1565 5828 1768 5899 λέγεις,
1813 5832 1935 5886 εἰπέ

242 5948 258 5964 ’
333 5957 362 5987 ⁸
390 5955 560 6007 Morel.
589 5957 648 6006 τὰ
667 5958 792 6006 καλά
815 5957 942 6022 ἔργα.
969 5957 1022 6010 In
1046 5958 1153 6011 aliis
1176 5960 1298 6010 καλά
1321 5962 1481 6014 ἀθεεὶ.

2021 523 2144 576 μοι;
2183 510 2297 583 [51]
2323 513 2387 565 Τί
2421 530 2500 566 σοι
2535 513 2711 584 μέλει;
2740 515 3077 586 Προσέταξεν
3101 517 3129 570 ὁ
3161 513 3395 586 Χριστὸς
3416 513 3556 567 οὓτω
3583 531 3677 568 σου

2017 589 2256 660 λάμπειν
2281 595 2370 648 τὸν
2397 596 2531 664 βίον,
2559 597 2634 660 ὼς
2673 597 2744 667 μὴ
2776 597 2936 666 μόνον
2969 615 3027 649 σε
3051 596 3426 667 θαυμάζεσθαι
3447 597 3551 648 ὐπὸ
3571 595 3678 648 τῶν

2017 675 2288 746 ὁρώντων,
2313 679 2448 732 ἀλλά
2483 681 2576 732 καὶ
2605 681 2696 733 τὸν
2722 681 2996 751 Δεσπότην
3028 680 3118 733 τὸν
3147 680 3238 732 σὺν
3262 679 3674 747 δοξολογεῖσθαι,

2017 758 2114 812 καὶ
2163 761 2228 813 σὺ
2273 761 2334 812 τὸ
2376 761 2616 816 ἐναντίον
2650 763 3050 834 ἐργαζόμενος,
3101 763 3193 816 καὶ
3242 763 3679 832 παρασκευάζων

2016 841 2136 892 ἀντὶ
2169 839 2474 910 δοξολογίας
2511 844 2856 915 Βλασφήμίας
2887 845 2964 908 εἰς
2992 846 3152 899 αὐτὸν
3181 844 3461 913 γίνεσθαι,
3489 844 3678 896 οὐδένα

2017 922 2172 990 λόγον
2205 928 2368 996 noni};
2406 928 2516 980 Καὶ
2557 926 2663 980 ποῦ
2696 927 2854 980 τοῦτο
2893 927 3071 998 ψυχῆς
3109 927 3368 991 εὐλαϐοῦς
3388 965 3403 991 ,
3434 927 3679 988 καὶτοὺς

2016 1005 2152 1058 Θεοῦ
2183 1008 2377 1077 νόμους
2414 1010 2656 1080 ἀκριϐῶς
2682 1012 3086 1082 ὲπισταμένης;

2086 1097 2154 1157 γ’.
2176 1093 2314 1145 Ἀλλ’
2341 1095 2389 1146 εἰ
2427 1096 2520 1147 καὶ
2548 1095 2808 1166 πρότερον
2834 1096 3005 1150 ταῦτά
3029 1113 3110 1158 τις
3144 1095 3248 1148 ὑπὸ
3266 1094 3366 1162 τῆς
3397 1093 3682 1162 συνηθείας

2018 1173 2310 1245 ἑλκόμενος
2354 1176 2660 1246 ἀδιαφόρως
2701 1175 3038 1244 ἐφθέγξατο,
3083 1177 3199 1238 νῦν,
3245 1175 3566 1246 παρακαλῶ,
3597 1175 3682 1226 δε-

2021 1256 2249 1328 ξάμενος
2292 1259 2449 1329 ἡμῶν
2497 1259 2591 1329 τὴν
2639 1259 2938 1322 νουθεσίαν,
2976 1260 3229 1312 παυέσθω
3286 1255 3394 1310 τῶν
3440 1255 3680 1326 ἀκαίρων

2018 1342 2220 1394 τούτων
2247 1341 2440 1410 λέγων,
2463 1345 2557 1395 καὶ
2581 1341 2752 1405 οὕτως
2785 1342 2999 1396 ἅπαντα
3033 1344 3288 1412 πράττειν
3313 1337 3680 1402 σπουδαζέτω,

2017 1423 2092 1486 ὡς
2129 1425 2264 1493 μήτε
2309 1423 2412 1476 ὐπὸ
2445 1421 2538 1475 τοῦ
2585 1425 2881 1494 ἀκοιμήτου
2929 1424 3135 1476 ἐκείνου
3177 1422 3455 1494 ὀφθαλμοῦ
3508 1436 3678 1475 κατα-

2021 1505 2344 1576 κρίνεσθαι,
2379 1509 2515 1577 μήτε
2552 1507 2655 1560 ὑπὸ
2680 1507 2772 1560 τοῦ
2810 1509 3110 1574 συνειδότος
3159 1504 3680 1575 καταγινώσκεσθαι,

2024 1591 2156 1659 μήτε
2189 1591 2292 1642 ὐπὸ
2317 1591 2423 1642 τῶν
2453 1593 2532 1654 εἰς
2561 1591 2720 1643 αὐτὸν
2747 1593 2996 1662 ὁρώντων
3034 1591 3379 1661 βλασφημίας
3412 1587 3681 1642 κινεῖσθαι

2021 1672 2161 1724 κατὰ
2201 1671 2293 1724 τοῦ
2338 1674 2627 1726 Δεσπὸτου.
2678 1675 2800 1728 Ἐὰν
2828 1673 2936 1744 γὰρ
2968 1674 3106 1744 μετὰ
3141 1673 3410 1741 τοσαύτης
3440 1672 3682 1740 φυλακῆς

2019 1755 2087 1808 τὰ
2127 1755 2250 1809 καθ’
2298 1757 2525 1818 ἑαυτοὺς
2573 1759 2966 1829 οἰκονομῶμεν,
3022 1759 3222 1829 πολλῆς
3265 1758 3686 1828 ἀπολαυσόμεθα

2021 1841 2114 1894 καὶ
2142 1840 2242 1909 τῆς
2269 1841 2419 1912 παρά
2443 1841 2536 1894 τοῦ
2568 1843 2838 1894 Δεσπότου
2875 1843 3304 1914 φιλανθρωπίας,
3345 1843 3437 1896 καὶ
3466 1843 3686 1910 διαφευ-
3755 1903 3762 1909 _

2023 1921 2225 1992 ξόμεθα
2253 1923 2348 1975 τοῦ
2379 1925 2626 1978 διαϐόλου
2661 1925 2758 1988 τὰς
2789 1927 3052 1997 μηχανάς.
3091 1928 3258 1979 Ὅταν
3291 1925 3398 1997 γάρ
3433 1926 3514 1996 ἴδῃ
3538 1925 3688 1993 ἡμᾶς

2020 2005 2162 2058 οὕτω
2205 2008 2473 2076 νήφοντας
2516 2010 2610 2062 καὶ
2643 2009 3032 2078 ἐγρηγορότας,
3069 2009 3264 2062 ἐννοῶν
3293 2008 3368 2072 ὡς
3408 2009 3686 2078 ἀνονήτοις

2022 2088 2386 2158 ἐπιχειρήσειε
2411 2090 2460 2154 b,
2503 2090 2884 2161 καλυψάμενος
2933 2092 3319 2161 ἀποστήσεται.
3367 2089 3526 2142 Ἀλλά
3579 2089 3687 2141 τῶν

2025 2169 2122 2240 μὲν
2157 2171 2456 2242 προοιμίων
2489 2173 2639 2236 ἃλις·
2680 2175 2812 2244 φέρε
2849 2173 2912 2245 δὴ
2955 2173 3136 2226 λοιπὸν
3170 2173 3237 2226 τὰ
3275 2171 3688 2240 ἀναγνωσθέντα

2025 2251 2317 2321 προθέντες
2359 2253 2450 2305 ἐπὶ
2477 2253 2576 2320 τῆς
2620 2255 2892 2325 ὑμετέρας
2919 2255 3160 2322 ἀγάπης,
3189 2252 3286 2322 τὴν
3319 2250 3688 2321 πνευματικὴν

2025 2334 2152 2403 ὐμῖν
2185 2335 2521 2407 παραθῶμεν
2550 2337 2812 2402 ἑστίασιν,
2861 2337 2956 2390 καὶ
2989 2337 3186 2407 ῐδωμεν
3219 2336 3481 2406 μαθόντες
3505 2333 3560 2386 τί
3598 2335 3690 2386 καὶ

2026 2419 2314 2488 σήμερονε
2347 2419 2375 2470 ό
2412 2421 2682 2490 μακάριος
2728 2419 2988 2490 Μωύσῆς,
3025 2419 3223 2490 μᾶλλον
3260 2418 3318 2472 δὲ
3363 2418 3422 2472 τὸ
3465 2416 3690 2486 Πνεῦμα

2023 2499 2081 2551 τὸ
2106 2501 2258 2566 ἆγιον
2285 2499 2372 2553 διά
2400 2501 2499 2570 τῆς
2525 2501 2712 2554 τούτου
2738 2501 2984 2571 γλώττης
3009 2502 3156 2570 ἡμᾶς
3183 2499 3388 2564 διδάξαι
3419 2498 3686 2568 βούλεται.

2023 2581 2088 2632 Τί
2113 2579 2207 2634 οῦν
2239 2599 2370 2650 φησι
2397 2600 2410 2647 ;
2435 2583 2542 2636 Καὶ
2575 2580 2744 2638 εἶπεν
2771 2587 2802 2637 d
2829 2584 2992 2648 Θεός·
3011 2582 3365 2651 Ἑξαγιιγέτω
3397 2581 3468 2634 τὰ
3501 2579 3690 2634 ὕδατα

2024 2665 2240 2732 ἑρπετὰ
2275 2664 2488 2733 ψυχῶν
2516 2662 2734 2727 ζωσῶν,
2755 2665 2854 2718 καὶ
2877 2665 3117 2719 πετεινὰ
3143 2667 3437 2733 πετόμενα
3459 2662 3556 2716 ἐπὶ
3581 2661 3690 2730 τῆς

2025 2747 2138 2816 γῆς
2170 2747 2319 2800 κατὰ
2363 2748 2426 2800 τὸ
2469 2747 2771 2816 στερέωμα
2807 2748 2912 2802 τοῦ
2960 2747 3238 2816 οίιοανοῦ.
3293 2747 3404 2800 Καὶ
3455 2745 3690 2814 ἐγένετο

2027 2825 2230 2888 οὕτως.
2272 2826 2414 2896 Ὅρα
2454 2825 2862 2897 φιλανθρωπίαν
2909 2828 3199 2890 Δεσπότου,
3249 2825 3366 2889 πῶς
3407 2827 3555 2890 τάξει
3584 2828 3692 2880 τινὶ

2028 2903 2120 2956 καὶ¹
2165 2902 2453 2973 ἀκολουθίᾳ
2499 2907 2678 2956 πᾶσαν
2723 2904 2820 2976 τὴν
2854 2904 3213 2976 δημιουργίαν
3255 2905 3402 2973 ἡμᾶς
3428 2905 3690 2957 διδάσκει.

2027 2983 2298 3054 Πρότερον
2336 2981 2568 3047 ἐδίδαξεν
2593 2985 2741 3053 ἡμᾶς
2771 2984 2886 3046 πῶς
2920 2984 3017 3053 τὴν
3044 2985 3147 3054 γῆν
3187 2984 3266 3046 εἰς
3291 2983 3388 3054 τὴν
3415 2983 3520 3035 τῶν
3553 2999 3691 3052 καρ-

2027 3063 2143 3115 πῶν
2172 3063 2382 3130 γένεσιν
2423 3063 2500 3132 τῷ
2541 3062 2705 3116 αὐτοῦ
2749 3063 3079 3133 ἐπιτάγματι
3121 3062 3420 3134 διήγειρεν’
3449 3057 3567 3112 εἷτα
3594 3063 3694 3131 τὴν

2025 3141 2383 3212 δημιουργίαν
2430 3141 2539 3194 τῶν
2583 3141 2676 3194 δύο
2709 3144 3010 3212 φωστήρων
3057 3140 3270 3204 διδάξας
3297 3179 3312 3204 ,
3354 3139 3692 3211 προσέθηκεν

2028 3222 2122 3272 καὶ
2170 3221 2269 3292 τὴν
2313 3218 2422 3272 τῶν
2453 3219 2698 3290 ἀστέρων
2749 3221 3054 3282 ποικιλίαν,
3105 3221 3173 3272 δι’
3217 3217 3290 3277 ὧν
3337 3219 3430 3274 τοῦ
3465 3219 3693 3291 οὐρανοῦ

2029 3299 2378 3370 φαιδρότερον
2403 3299 2460 3352 τὺ
2483 3295 2677 3362 κάλλος
2705 3300 3002 3370 εἰργάσατο
3021 3318 3034 3332 ·
3059 3303 3299 3372 σήμερον
3325 3300 3507 3354 λοιπὸν
3530 3317 3694 3370 μετα-

2029 3379 2203 3432 ϐαίνει
2235 3380 2326 3432 ἐπὶ
2349 3378 2420 3432 τά
2445 3379 2634 3440 ὕδατα,
2665 3380 2757 3432 καὶ
2781 3379 3054 3433 δείκνυσιν
3073 3383 3226 3450 ἡμῖν,
3249 3379 3328 3450 τῷ
3358 3379 3499 3449 λόγῳ
3525 3378 3692 3433 αὐτοῦ

2029 3461 2123 3514 καὶ
2155 3460 2232 3531 τῷ
2263 3461 2596 3529 έπιτάγματι
2621 3459 2736 3524 ζῶα
2773 3460 2990 3530 ἔμψυχα
3019 3461 3078 3525 ἐξ
3107 3461 3285 3514 αὐτῶν
3314 3459 3692 3528 ἀναδιδόμενα.

2043 3539 2409 3608 Ἐξαγαγέτω
2441 3541 2583 3608 γάρ,
2629 3538 2798 3608 φησὶ,
2847 3540 2918 3592 τὰ
2968 3539 3155 3592 ὕδατα
3211 3539 3427 3606 ἑρπετὰ
3479 3537 3697 3607 ψυχῶν

2029 3617 2252 3682 ζωσῶν,
2287 3618 2384 3671 καὶ
2435 3617 2674 3671 πετεινὰ
2707 3619 3000 3685 πετόμενα
3035 3619 3130 3670 ἐπὶ
3165 3617 3273 3684 τῆς
3301 3617 3413 3686 γῆς
3453 3619 3600 3669 κατὰ
3627 3615 3694 3669 τὸ

2029 3697 2332 3764 στερέωμα
2359 3695 2464 3749 τοῦ
2496 3695 2773 3763 οὐρανοῦ.
2805 3697 2962 3759 Ποίος
2987 3697 3162 3764 λόγος,
3199 3697 3318 3750 εἰπέ
3355 3713 3465 3766 μοι,
3503 3696 3691 3762 ἐφικέ-

2033 3777 2154 3830 σθαι
2203 3776 2489 3845 δυνήσεται
2529 3775 2622 3827 τοῦ
2670 3775 2980 3846 θαύματος;
3035 3778 3166 3828 ποία
3211 3777 3432 3844 ἀρκέσει
3479 3775 3696 3843 γλῶττα

2035 3858 2168 3928 πρὸς
2201 3855 2474 3924 εὐφημίαν
2503 3854 2594 3908 τοῦ
2635 3855 3000 3926 δημιουργοῦ;
3037 3851 3170 3908 Εἶπε
3204 3855 3384 3924 μόνον,
3421 3858 3694 3920 Bluem-

2031 3934 2193 3990 σάτω
2223 3936 2261 4002 ἡ
2290 3933 2387 4002 γῆ,
2409 3934 2500 3987 καὶ
2523 3933 2725 3998 εὐθέως
2753 3935 2886 4005 πρὸς
2904 3933 3001 3997 τὰς
3032 3933 3222 3997 ὠδῖνας
3244 3933 3409 4004 αὐτὴν
3429 3933 3692 4002 διήγειρε·

2031 4013 2126 4066 νῦν
2155 4012 2320 4079 λέγει,
2353 4011 2717 4080 Ἑξαγαγέτω
2744 4011 2814 4064 τὰ
2841 4010 3046 4066 ὕδατα.
3077 4012 3214 4080 Ὅρα
3242 4011 3358 4073 πῶς
3387 4009 3698 4079 κατάλληλα

2033 4089 2196 4143 αὐτοῦ
2213 4089 2280 4142 τὰ
2295 4091 2704 4160 προστάγματα·
2721 4092 2850 4146 ἐκεῖ,
2864 4089 3288 4155 Βλαστησάτω,
3309 4088 3698 4152 ὲνταῦθα,Ἐξ-

2033 4171 2295 4241 αγαγέτω
2309 4169 2379 4224 τὰ
2393 4169 2598 4232 ὕδατα,
2617 4169 2769 4238 φησὶ,
2791 4170 3002 4236 ἑρπετὰ
3022 4169 3237 4238 ψυχῶν
3265 4168 3484 4230 ζωσῶν.
3509 4168 3698 4222 Καθά-

2036 4267 2100 4302 πε
2111 4267 2140 4319 ρ
2164 4249 2271 4318 γάρ
2287 4247 2376 4299 ἐπὶ
2392 4248 2489 4316 τῆς
2507 4247 2608 4316 γῆς
2622 4242 2740 4300 εἷπε
2757 4247 3427 4315 μόνον,Βλαστ-ησάτω,καὶ
3442 4247 3698 4318 διάφορος

2035 4332 2126 4384 καὶ
2159 4327 2373 4398 ποικίλη
2403 4327 2511 4378 τῶν
2538 4327 2712 4378 ἀνθῶν
2733 4327 2766 4395 ἡ
2787 4325 3048 4390 ποικιλία,
3079 4326 3296 4378 καὶτῶν
3331 4324 3587 4393 βοτανῶν,
3605 4327 3699 4378 καὶ

2033 4407 2143 4461 τῶν
2163 4405 2492 4476 σπερμάτων
2511 4403 2664 4472 ἐδόθη
2681 4403 2730 4468 ά,
2746 4404 2839 4456 καὶ
2871 4403 2949 4454 ἐνὶ
2971 4402 3112 4472 λόγῳ
3136 4403 3202 4457 τά
3224 4404 3400 4456 πάντα
3419 4403 3694 4474 παρήχθη·

2034 4486 2176 4540 οὕτω
2197 4485 2291 4538 καὶ
2319 4482 2548 4538 ἐνταῦθα
2583 4479 2734 4535 εἶπεν
2755 4521 2769 4544 ,
2786 4482 3152 4550 Ἐξαγαιγιέτω
3174 4481 3244 4535 τὰ
3271 4483 3456 4536 ὕδατα
3482 4482 3698 4549 ἑρπετὰ

2033 4563 2252 4634 ⁴ψυχῶν
2279 4561 2498 4626 ζωσῶν,
2534 4562 2626 4616 καὶ
2649 4559 2870 4612 πετεινά
2899 4561 3170 4629 πετόμενα
3197 4563 3288 4614 ἐπὶ
3309 4563 3406 4631 τῆς
3428 4563 3528 4630 γῆς
3557 4562 3698 4614 κατά

2035 4643 2094 4695 τὸ
2147 4641 2432 4712 στερέωμα
2477 4639 2570 4692 τοῦ
2622 4638 2872 4708 οὐρανοῦ,
2921 4639 3014 4691 καὶ
3058 4639 3250 4708 ἀθρόον
3283 4640 3516 4692 τοσαῦτα
3565 4644 3696 4710 γένη

2036 4721 2301 4792 ἑρπετῶν,
2360 4717 2593 4788 τοσαύτη
2653 4717 2884 4788 διαιρορά
2945 4717 3207 4770 πετεινῶν
3267 4719 3694 4787 ἐδημιουργεῖτο,

2035 4801 2169 4870 ὅσην
2216 4798 2336 4851 οὐδὲ
2380 4797 2457 4868 τῷ
2494 4797 2635 4866 λόγῳ
2680 4795 3168 4866 ἀπαριθμήσασθαι
3204 4797 3444 4849 δυνατόν.
3495 4798 3604 4850 Καὶ
3637 4797 3699 4850 τὸ

2040 4880 2140 4950 μὲν
2172 4879 2321 4948 ῥῆμα
2357 4877 2552 4948 βραχὺ,
2585 4875 2680 4929 καὶ
2713 4876 2862 4945 ῥῆμα
2897 4874 2974 4940 ἓν,
3025 4875 3094 4926 τὰ
3137 4875 3193 4927 δὲ
3237 4875 3366 4945 γένη
3403 4875 3510 4927 τῶν
3545 4873 3698 4938 ζώων

2037 4957 2268 5027 διάφορα
2295 4956 2389 5010 καὶ
2414 4955 2648 5008 ποικίλα.
2687 4953 2848 5007 Ἀλλὰ
2873 4955 2944 5024 μὴ
2977 4952 3092 5024 [52]
3114 4953 3381 5022 ξενισθῇς,
3411 4952 3695 5022 ἀγαπητέο

2041 5037 2192 5108 ῥῆμα
2225 5035 2334 5102 γάρ
2358 5047 2380 5073 ι’
2419 5031 2486 5104 ἦν
2517 5032 2672 5096 Θεοῦ,
2720 5033 2815 5086 καὶ
2847 5035 2875 5086 ὁ
2904 5031 3059 5099 λόγος
3099 5031 3263 5084 αὐτοῦ
3307 5031 3405 5102 τήν
3437 5032 3693 5108 σύστασιν

2038 5107 2147 5178 τοῖς
2191 5115 2493 5185 γινομένοις
2530 5113 2840 5184 ἐχαρίσατο.
2883 5111 3042 5182 Ὁρᾷς
3087 5109 3200 5173 πῶς
3253 5111 3466 5163 ἅπαντα
3505 5113 3569 5163 ὲκ
3607 5107 3697 5162 τοῦ

2043 5195 2116 5264 μὴ
2150 5194 2299 5257 ὄντος
2329 5196 2410 5257 εἰς
2437 5193 2498 5246 τὸ
2525 5191 2666 5245 εἶναι
2694 5192 2961 5260 παράγει;
2998 5185 3135 5252 εἶδες
3166 5188 3510 5251 διδασκαλίας
3536 5189 3698 5258 ἀκρί-

2041 5273 2226 5338 6ειαν;
2253 5270 2389 5336 εἶδες
2423 5270 2829 5339 συγκατάόασιν
2862 5267 3152 5330 Δεσπότου,
3175 5269 3304 5337 ὅσην
3335 5267 3700 5320 ἐπιδείκνυται

2041 5353 2168 5422 περὶ
2192 5352 2253 5404 τὸ
2273 5351 2426 5418 γνέος
2454 5350 2514 5402 τὸ
2540 5349 2806 5420 ἡμέτερον
2826 5365 2840 5412 ;
2858 5345 3028 5399 Πόθεν
3057 5347 3165 5415 γὰρ
3185 5347 3356 5400 ταῦτα
3379 5349 3536 5416 ἡμεῖς
3557 5345 3700 5398 οὕτω

2045 5431 2179 5502 μετά
2210 5428 2494 5500 ἀκριϐείας
2546 5425 2737 5496 μαθεῖν
2764 5424 2829 5477 ἂν
2851 5423 3216 5493 ἠδυνήθημεν,
3247 5425 3293 5476 εἰ
3323 5423 3395 5492 μὴ
3427 5424 3584 5484 αὐτὸς
3611 5423 3701 5474 διὰ

2043 5509 2242 5581 πολλὴν
2285 5507 2378 5560 καὶ
2423 5508 2625 5574 ἄφατον
2669 5503 3079 5575 φιλανθρωπίαν
3115 5503 3421 5574 κατηξίωσε
3467 5503 3554 5556 διά
3605 5503 3701 5573 τῆς

2100 5661 2129 5701 ι)
2169 5659 2317 5710 Savnl.
2339 5657 2578 5717 ἀνηνύτοις
2598 5659 2653 5720 ἂν
2676 5659 2797 5720 ἐπιχ.

2105 5728 2125 5752 "
2149 5723 2271 5780 Reg.
2295 5713 2489 5768 unus—et
2511 5713 2705 5768 Cdisiin.
2731 5713 2958 5774 ἑστίασιν,
2981 5718 3197 5780 μαθόντες
3217 5715 3262 5763 τί
3281 5717 3359 5763 καὶ
3379 5717 3598 5780 σήμερον.
3621 5713 3704 5765 Sl-

2043 5785 2126 5834 viL
2146 5781 2375 5840 ἑστίασιν,
2396 5781 2476 5828 καὶ
2497 5782 2672 5842 ῑδωμεν
2690 5781 2735 5828 τί
2765 5781 2845 5828 καὶ
2870 5781 2982 5837 σήμ.

2109 5845 2136 5886 d
2155 5843 2288 5894 Colb.
2313 5839 2441 5890 unus
2467 5848 2518 5890 et
2542 5839 2690 5891 Sévil.
2713 5842 2924 5898 ἀνεδόθη.
2954 5841 3034 5888 am
3064 5839 3218 5894 ἐδόθη.

2118 5919 2141 5947 ι
2163 5913 2174 5951 ι
2187 5905 2360 5969 ,oislin.
2387 5907 2514 5969 ῥῆμα
2531 5905 2619 5965 γὰρ
2642 5903 2748 5951 ἒν...
2774 5903 3004 5969 ἀγαπητε,
3029 5901 3224 5969 ιιὶ-ῥῆμιαΔ
3242 5901 3371 5948 εἶπον
3395 5899 3560 5964 βραχὺ,
3582 5901 3704 5964 όῆμσ

2053 5968 2160 6034 γάρ.
2185 5967 2335 6018 Paulo
2357 5961 2467 6028 pbsl
2484 5961 2605 6030 Βόας
2631 5977 2758 6016 unus
2776 5961 2828 6015 et
2849 5961 3046 6016 Coislin.
3068 5961 3321 6025 ἐχαρίζετο.
