4040 6378
298 325 376 381 65
843 334 884 367 Γ

301 436 602 491 humanum
631 449 800 505 genus
821 448 917 505 per
941 433 1215 506 propheta:
1242 433 1472 504 linguam
1498 431 1694 488 docere
1718 430 1904 502 digna-

300 536 391 580 tus
417 536 584 593 esset,
613 537 673 581 ut
696 527 835 582 scire
860 528 1128 599 possimus
1155 535 1209 582 et
1229 541 1407 581 rerum
1431 534 1728 581 creaturam
1759 523 1906 579 ordi-

300 630 454 682 nem,
477 627 534 672 et
562 615 835 672 Creatoris
868 619 1179 688 potentiam,
1210 628 1264 672 et
1291 617 1560 687 quomodo
1588 630 1768 672 sermo
1789 615 1907 685 ejus

297 705 355 758 in
387 721 526 775 Opus
565 708 778 775 exierit,
824 718 879 764 et
907 710 1130 765 verbum
1171 709 1287 779 ejus
1321 709 1716 764 subsistentiam
1757 718 1813 763 et
1837 706 1906 763 ad

295 795 679 852 exsistentiam
706 798 984 853 transitum
1015 800 1275 854 creaturis
1301 799 1621 869 praebuerit?

375 887 434 939 4.
462 885 570 941 Cur
611 897 808 942 tantum
851 890 1080 944 ordinem
1106 891 1158 944 in
1184 891 1453 944 creationis
1487 890 1773 943 narratione
1796 905 1905 943 ser-

299 976 685 1033 vet—Verum
703 989 828 1035 sunt
844 981 1099 1035 insensati
1118 980 1378 1049 nonnulli,
1398 982 1486 1052 qui
1506 989 1690 1052 etpoSt
1705 989 1906 1036 tantam

298 1064 609 1123 doctrinam
633 1070 892 1126 increduli
911 1087 1029 1127 esse
1055 1073 1272 1139 audent,
1296 1073 1555 1145 faterique
1575 1075 1762 1129 nolunt
1785 1089 1907 1130 esse

299 1159 541 1231 aliquem
569 1162 793 1220 istorum
831 1165 1116 1220 visibilium
1146 1166 1387 1236 opiﬁcem
1414 1183 1427 1220 :
1454 1166 1546 1222 sed
1572 1167 1660 1222 alii
1684 1166 1897 1238 quidem

300 1252 531 1308 fortuito
555 1254 642 1310 illa
666 1270 730 1312 ac
766 1270 862 1326 per
890 1272 952 1312 se
979 1273 1099 1313 esse
1123 1259 1336 1325 dicunt,
1366 1259 1452 1314 alii
1479 1271 1606 1315 vero
1631 1275 1696 1315 ex
1721 1260 1904 1330 subjao

300 1352 464 1399 cente
489 1345 717 1415 quadam
759 1350 983 1403 materia
1007 1363 1130 1404 esse
1173 1349 1312 1405 facta
1340 1351 1688 1406 contendunt.
1713 1352 1907 1406 Consi-

300 1435 438 1492 dera
465 1446 658 1507 quanta
687 1438 885 1494 diaboli
914 1441 1110 1506 illusio,
1135 1442 1403 1512 quomodo
1422 1441 1622 1497 abusus
1652 1453 1734 1498 est
1763 1441 1904 1498 facili

299 1527 583 1583 erroribus
629 1530 982 1585 servientium
1025 1530 1358 1588 credulitate.
1399 1532 1694 1602 Eapropter
1720 1533 1906 1588 beatus

299 1615 505 1683 Moses,
546 1618 746 1689 Spiritu
788 1621 970 1676 divino
1005 1620 1254 1689 amatus,
1300 1631 1444 1678 tanta
1490 1622 1764 1693 diligentia
1807 1638 1907 1679 nos

303 1707 492 1775 docet,
524 1725 590 1765 ne
618 1710 758 1766 idem
787 1722 843 1766 et
878 1712 1033 1767 nobis
1064 1714 1308 1780 eveniat;
1340 1713 1436 1769 sed
1471 1716 1702 1770 sciamus
1731 1716 1907 1770 mani-

301 1799 446 1855 feste
487 1810 548 1856 et
583 1813 950 1858 creaturarum
996 1805 1270 1870 ordinem,
1294 1813 1349 1861 et
1381 1806 1650 1876 quomodo
1683 1822 1908 1877 quasque

301 1902 509 1946 creatze
534 1893 658 1946 sint.
688 1893 801 1948 Nisi
827 1894 971 1949 enim
998 1905 1197 1950 nostra!
1225 1897 1412 1951 salutis
1427 1911 1607 1952 curam
1637 1896 1911 1953 habuisset

306 1981 478 2049 Deus,
520 1992 571 2038 et
603 1984 674 2038 ita
717 1985 999 2040 direxisset
1030 1985 1302 2056 prophetae
1341 1987 1606 2058 linguam,
1635 1989 1764 2042 satis
1793 1997 1911 2043 erat

303 2072 516 2130 dixisse
555 2092 569 2128 :
617 2075 764 2130 Fecit
793 2077 936 2132 Deus
975 2078 1162 2132 cazlum
1201 2086 1256 2132 et
1290 2087 1507 2146 terram,
1551 2088 1605 2134 et
1646 2094 1827 2144 mare,
1856 2089 1911 2134 et

303 2167 643 2224 animantia:
691 2184 866 2240 neque
907 2185 1127 2226 necesse
1151 2183 1268 2226 erat
1305 2180 1362 2226 ut
1403 2182 1626 2242 poneret
1665 2172 1909 2228 ordinem

305 2257 546 2325 dierum,
578 2274 750 2328 neque
780 2261 908 2330 quid
951 2263 1150 2331 primo,
1197 2273 1250 2318 et
1288 2263 1413 2333 quid
1451 2264 1686 2318 secundo
1714 2265 1910 2319 factum

305 2349 496 2404 fuerit.
526 2351 632 2406 Sed
673 2360 730 2406 ut
767 2353 988 2422 ingratis
1029 2367 1084 2408 et
1111 2355 1250 2411 male
1276 2356 1625 2411 sentientibus
1655 2356 1794 2411 nulla
1825 2372 1912 2412 re-

306 2443 645 2513 linqueretur
673 2447 947 2501 excusatio
965 2488 980 2514 ,
1030 2448 1101 2502 ita
1142 2448 1418 2519 distinguit
1441 2448 1723 2504 manifeste
1751 2459 1805 2504 et
1831 2449 1910 2503 fa-

306 2546 522 2591 ctorum
552 2537 819 2606 ordinem,
842 2548 898 2594 et
923 2539 1128 2594 dierum
1163 2556 1466 2605 numerum,
1501 2550 1555 2597 et
1593 2542 1772 2596 omnia
1814 2557 1912 2596 nos

304 2628 477 2684 docet
514 2644 635 2684 cum
683 2646 872 2700 magna
915 2633 1385 2701 attemperatione,
1417 2640 1475 2688 ut
1514 2633 1724 2703 cognita
1765 2634 1912 2688 omni

305 2722 571 2788 veritate,
603 2737 709 2776 non
742 2723 880 2778 ultra
907 2738 1090 2779 eorum
1128 2724 1401 2779 erroribus
1429 2724 1791 2792 attendamus,
1822 2725 1911 2794 qui

307 2813 497 2867 omnia
524 2813 593 2867 ab
619 2829 678 2869 se
706 2815 998 2883 excogitata
1030 2815 1319 2886 loquuntur
1337 2857 1353 2883 ,
1385 2815 1479 2870 sed
1509 2817 1737 2870 sciamus
1767 2814 1910 2869 Con-

307 2904 507 2960 ditoris
530 2907 699 2962 nostri
725 2907 1132 2963 inenarrabilem
1161 2909 1475 2978 potentiam.
1507 2908 1572 2962 Et
1601 2909 1792 2978 factum
1812 2918 1908 2973 est,

309 2995 507 3066 inquit,
538 2998 630 3052 ita.
661 2998 802 3054 Dixit
825 3017 839 3052 :
865 2999 1105 3053 Educant
1132 3016 1278 3070 aqute
1301 3001 1501 3072 reptilia
1521 3001 1809 3054 animarum
1837 3001 1912 3054 vi-
1957 3031 1962 3035 -

307 3090 536 3144 vcntium
556 3133 572 3157 ,
601 3101 650 3144 et
695 3091 920 3146 volatilia
957 3091 1181 3146 volantia
1221 3109 1376 3159 super
1413 3101 1600 3150 terram
1637 3093 1912 3146 secundum

309 3183 691 3252 ﬁrmamentum
711 3185 842 3252 ca'li,
869 3194 923 3240 et
949 3184 1337 3255 obtemperavit
1359 3185 1704 3251 elementum,
1732 3194 1788 3240 et
1809 3185 1912 3240 im-

310 3273 478 3344 plevit
503 3285 847 3345 pmceptum.
881 3275 947 3330 Et
971 3280 1164 3348 factum
1193 3287 1286 3344 est,
1324 3278 1512 3346 inquit,
1533 3278 1664 3331 sicut
1692 3277 1914 3346 impera-

308 3366 382 3419 vit
419 3364 691 3420 Dominus.
732 3367 825 3422 ‘21.
853 3365 921 3420 Et
947 3368 1065 3438 fecit
1095 3366 1235 3421 Deus
1276 3377 1380 3422 cete
1404 3383 1609 3438 magna,
1640 3377 1686 3422 et
1714 3384 1913 3422 omnem

307 3459 542 3513 animam
569 3459 866 3513 animalium
907 3459 1192 3529 reptilium,
1234 3475 1348 3530 qua:
1389 3460 1735 3528 produxerunt
1769 3475 1914 3530 aqua:

307 3551 590 3604 secundum
614 3567 797 3621 genera
824 3568 938 3619 sua,
960 3561 1006 3605 et
1031 3567 1177 3604 omne
1204 3551 1404 3606 volatile
1433 3561 1702 3620 pennatam
1731 3567 1908 3606 secun-

309 3641 439 3695 dum
474 3658 648 3708 genus.
676 3641 744 3696 Et
774 3642 895 3696 vidit
923 3640 1064 3697 Deus
1090 3643 1226 3712 quod
1258 3653 1420 3698 essent
1446 3642 1596 3698 bona.
1625 3643 1718 3699 22.
1747 3642 1912 3697 Bene-

307 3733 542 3804 disitque
563 3749 624 3786 ea
659 3731 820 3800 Deus,
852 3733 1058 3789 dicens:
1085 3734 1305 3789 Crescite
1331 3743 1377 3789 et
1401 3735 1837 3806 multiplicamini,
1868 3743 1914 3789 et

307 3823 521 3894 implete
543 3841 700 3894 aquas
728 3842 965 3892 manum,
993 3836 1040 3880 et
1067 3827 1300 3881 volatilia
1335 3827 1734 3897 multiplicemur
1762 3844 1915 3898 super

314 3927 532 3971 terram.
561 3915 758 3972 lterum
795 3917 904 3986 hic,
935 3934 1139 3989 (ιιιαξεο,
1167 3920 1468 3987 considera,
1501 3929 1696 3990 quanta
1726 3921 1796 3976 sit
1822 3936 1912 3976 sa-

312 4007 514 4076 pientia
543 4007 790 4077 Spiritus.
820 4009 952 4064 Nam
973 4024 1092 4064 cum
1120 4010 1254 4065 dixit
1281 4012 1469 4066 beatus
1503 4011 1694 4075 Moses,
1729 4009 1795 4064 Et
1832 4014 1912 4083 fa-

312 4109 455 4151 ctum
481 4109 558 4152 est
581 4099 672 4162 ita,
705 4099 859 4156 docet
900 4116 1000 4155 nos
1025 4103 1321 4158 minutatim
1366 4102 1568 4158 addens
1608 4112 1663 4159 et
1685 4103 1910 4159 dicens:

312 4188 382 4244 Et
410 4192 531 4261 fecit
559 4190 695 4246 Deus
720 4203 824 4247 cete
849 4210 1055 4264 magna,
1080 4204 1126 4249 et
1154 4211 1350 4249 omnem
1372 4197 1594 4250 animam
1617 4196 1914 4250 animalium

307 4281 572 4351 reptilium
594 4299 707 4353 quin
727 4285 1076 4354 produxerunt
1103 4300 1251 4354 aqua:
1274 4287 1553 4341 secundum
1580 4304 1764 4358 genera
1789 4304 1906 4354 sua,

311 4385 360 4428 et
407 4389 559 4428 omne
600 4375 803 4429 volatile
847 4385 1120 4445 pennatum
1163 4378 1440 4432 secundum
1466 4395 1644 4450 genus.
1683 4379 1754 4433 Et
1791 4380 1915 4434 vidit

310 4463 458 4518 Deus
481 4464 614 4533 quod
643 4475 803 4519 essent
823 4465 974 4520 bona.
1007 4467 1105 4522 Hic
1131 4467 1308 4523 denuo
1333 4472 1690 4525 temeritatem
1733 4471 1912 4525 omnia

309 4558 519 4626 absque
561 4557 769 4614 ratione
811 4558 1253 4614 deblaterantinm
1299 4563 1625 4632 comprimit.
1670 4561 1804 4617 Nam
1855 4571 1915 4617 ut

310 4649 496 4704 nullus
543 4648 725 4705 dicere
771 4651 956 4719 possit.
1000 4651 1168 4720 Cujus
1211 4653 1377 4721 gratia
1404 4663 1521 4709 cete
1570 4652 1704 4707 facta
1747 4655 1914 4708 sunt?

306 4756 473 4811 quam
505 4742 660 4795 nobis
696 4742 973 4797 utilitatem
1004 4743 1328 4798 conferunt?
1368 4745 1492 4815 quid
1535 4746 1800 4800 commodi
1845 4761 1910 4801 ex

305 4847 506 4888 eorum
535 4834 848 4890 creatione?
877 4835 1074 4890 idcirco
1099 4845 1378 4907 postquam
1405 4838 1536 4892 dixit
1559 4855 1572 4892 :
1603 4837 1748 4893 Fecit
1776 4838 1912 4893 Deus

304 4935 415 4978 cete
456 4941 664 4996 magna,
709 4935 754 4980 et
792 4943 992 4980 onmem
1033 4928 1252 4980 animam
1292 4929 1588 4981 animalium
1631 4930 1907 4999 reptilium,

305 5026 353 5070 et
385 5017 616 5072 volatilia
635 5032 656 5070 :
682 5019 858 5072 statim
891 5018 1129 5073 addidit:
1158 5018 1222 5072 Et
1253 5019 1373 5073 vidit
1412 5019 1552 5074 Deus
1587 5021 1722 5090 quod
1747 5031 1910 5076 essent

309 5111 464 5163 bona.
492 5110 657 5177 Quasi
677 5109 913 5165 diceret:
943 5110 1021 5167 Ne
1047 5112 1169 5182 quia
1199 5121 1253 5167 tu
1279 5112 1538 5168 rationem
1581 5114 1791 5183 ignoras
1835 5113 1914 5169 fa-

308 5211 545 5269 ctorum,
567 5203 779 5274 opiﬁcis
799 5204 1100 5274 vituperare
1124 5205 1466 5276 aggrediaris.
1496 5206 1700 5261 Audisti
1730 5207 1912 5262 Domi-

310 5309 441 5348 num
469 5295 924 5364 pronuntiantem,
971 5305 1026 5351 et
1068 5295 1333 5351 dicentem
1362 5295 1450 5350 illa
1492 5311 1611 5352 esse
1651 5297 1788 5352 bona
1816 5316 1830 5352 :
1857 5305 1912 5353 et

305 5385 584 5456 quomodo
605 5395 662 5439 tu
682 5386 955 5441 insaniens
969 5387 1146 5442 dicere
1173 5385 1360 5454 audes,
1381 5387 1559 5455 Quare
1579 5388 1716 5442 facta
1748 5389 1910 5443 sunt?

307 5477 465 5548 quasi
504 5477 832 5547 superﬂuum
871 5478 1106 5548 ipsarum
1133 5492 1388 5535 accusans
1422 5479 1735 5549 opiﬁcium?
1777 5479 1910 5536 Nam

310 5569 357 5623 si
381 5568 634 5625 cordatus
656 5585 827 5638 esses,
851 5585 1035 5640 posses
1057 5572 1216 5626 etiam
1247 5586 1313 5627 ex
1345 5571 1531 5626 harum
1561 5572 1833 5627 creatione
1856 5582 1912 5628 et

309 5660 608 5730 potentiam
652 5661 860 5716 Domini
904 5669 958 5716 et
984 5661 1303 5718 inell'abilem
1347 5662 1726 5732 benignitatem
1755 5663 1910 5718 addi-

309 5761 467 5803 scere
499 5770 512 5806 :
543 5754 832 5824 potentiam
865 5754 1101 5826 quidem,
1133 5754 1252 5828 quia
1275 5769 1523 5813 sermone
1561 5763 1615 5812 ct
1639 5765 1906 5827 praecepto

1524 319 1589 375 IN
1626 317 1776 376 CAP.
1819 314 1862 371 l.
1902 322 1910 366 ι

2020 313 2147 374 lES.
2190 315 2420 372 llOMlL.
2458 317 2566 376 VII.
3529 336 3599 394 66

2015 443 2079 483 ex
2116 431 2265 502 aquis
2295 434 2417 488 talia
2447 435 2735 493 animantia
2772 437 3060 509 produxit;
3099 442 3478 517 benignitatem
3509 467 3602 506 au-

2014 529 2142 588 tem,
2172 523 2293 592 quia
2319 533 2376 578 ut
2401 541 2463 580 ea
2501 527 2769 596 produxit,
2802 533 3067 601 propriam
3095 535 3173 591 eis
3199 539 3475 608 regionem
3517 555 3598 598 at-

2013 612 2218 681 tribuit,
2249 613 2562 670 immensam
2601 619 2764 674 maris
2790 630 2992 690 partem
3019 623 3126 679 illis
3161 625 3493 698 decernens,
3533 636 3600 689 ita

2013 711 2071 759 ut
2095 703 2295 760 nemini
2325 715 2543 774 possent
2571 723 2799 776 nocere;
2827 713 2918 768 sed
2945 725 3225 772 versentur
3249 720 3302 774 in
3348 725 3518 789 mari,
3551 738 3604 780 ct

2012 793 2093 847 sui
2121 796 2426 863 spectaculo
2450 801 2932 868 supereminentem
2953 804 3169 875 Opiﬁcis
3190 813 3480 880 potentiam
3507 816 3604 872 do-

2011 894 2199 954 ceant,
2241 887 2550 958 nullumque
2575 889 2806 947 humano
2831 899 3013 964 generi
3054 899 3303 957 damnum
3348 904 3600 963 inferant.

2011 977 2093 1030 An
2130 992 2346 1046 parvam
2386 990 2538 1048 putas
2564 983 2904 1054 benignitatis
2943 999 3168 1059 partem,
3200 997 3463 1064 geminam
3507 1002 3598 1055 tibi

2012 1071 2292 1127 utilitatem
2334 1072 2460 1128 hinc
2499 1077 2736 1132 exoriri?
2770 1079 2982 1136 Etenim
3025 1099 3214 1154 sapere
3256 1089 3498 1146 volentes
3535 1094 3605 1149 ad

2017 1161 2114 1217 Dei
2146 1164 2384 1218 notitiam
2413 1166 2775 1236 introducunt,
2804 1182 2858 1227 et
2887 1177 3202 1243 stupendum
3228 1181 3480 1237 exhibent
3511 1183 3603 1238 be-

2013 1254 2288 1325 nignitatis
2326 1260 2442 1328 ejus
2467 1263 2908 1332 magnitudinem,
2938 1269 3078 1337 quod
3110 1271 3178 1326 ab
3202 1287 3387 1328 eorum
3431 1293 3598 1333 nocu-

2012 1349 2208 1404 mentis
2249 1351 2536 1408 humanum
2575 1370 2744 1426 genus
2790 1358 3113 1418 liberaverit.
3147 1364 3330 1436 Neque
3355 1371 3496 1426 enim
3533 1375 3603 1428 ob

2012 1452 2249 1498 nostram
2276 1444 2552 1503 dumtaxat
2579 1450 2857 1507 utilitatem
2886 1469 2948 1508 ea
2970 1457 3146 1512 omnia
3173 1458 3311 1516 facta
3338 1475 3483 1530 sunt,
3505 1469 3603 1523 sed

2011 1544 2066 1592 et
2111 1536 2180 1592 ob
2221 1539 2534 1596 immensam
2579 1543 2744 1614 ipsius
2791 1548 3275 1616 magniﬁcentiam:
3315 1555 3417 1612 alia
3460 1561 3604 1616 enim

2013 1639 2231 1699 propter
2273 1641 2507 1688 nostram
2538 1636 2816 1693 utilitatem
2847 1639 3006 1708 fecit,
3050 1643 3150 1698 alia
3196 1657 3417 1717 propter
3453 1664 3603 1706 suam

2013 1722 2482 1793 magnificentiam,
2514 1734 2570 1781 ut
2597 1729 2765 1798 magis
2791 1729 3033 1788 Factoris
3065 1736 3386 1804 przedicetur
3413 1751 3600 1809 poten-

2014 1817 2086 1872 tia
2116 1817 2158 1873 ί.
2185 1817 2316 1873 Cum
2339 1819 2491 1874 audis
2514 1820 2715 1892 itaque,
2755 1821 2892 1878 Vidit
2919 1823 3062 1882 Deus
3085 1830 3221 1898 quod
3248 1843 3409 1886 essent
3435 1833 3605 1890 bona:

2013 1923 2083 1964 ne
2107 1908 2251 1964 ausis
2291 1911 2426 1965 ultra
2455 1911 2649 1968 divina:
2673 1914 2958 1984 Scripturae
2995 1921 3380 1990 contradicere,
3417 1940 3480 1980 ac
3507 1941 3603 1981 cu-

2013 2001 2206 2056 riosius
2232 2003 2515 2074 inquirere,
2541 2005 2823 2078 dicereque
2847 2027 2860 2064 :
2893 2010 3068 2079 Quare
3086 2013 3224 2070 Deus
3247 2016 3347 2072 hoc
3371 2019 3453 2074 vel
3477 2020 3602 2075 illud

2013 2091 2138 2147 fecit
2156 2093 2180 2147 ?
2201 2092 2268 2148 Et
2298 2095 2550 2150 benedixit
2573 2098 2664 2151 illa
2689 2097 2848 2167 Deus,
2883 2102 3073 2171 inquit,
3104 2115 3150 2158 et
3188 2107 3318 2160 dixit
3339 2125 3359 2163 .'
3387 2109 3606 2165 Crescite

2014 2191 2060 2237 et
2085 2185 2517 2257 multiplicamini,
2546 2199 2592 2242 et
2622 2189 2824 2261 implete
2851 2208 3008 2262 aquas
3030 2197 3246 2252 marium
3267 2214 3286 2252 :
3312 2211 3355 2254 et
3381 2203 3604 2256 volatilia

2013 2275 2411 2345 multiplicentur
2437 2295 2588 2348 super
2606 2289 2811 2336 terram.

2083 2370 2139 2424 5.
2178 2368 2303 2424 Haec
2329 2381 2410 2425 est
2449 2371 2559 2441 ipsa
2596 2371 2929 2442 benedictio,
2957 2385 3012 2432 ut
3042 2393 3233 2449 magno
3263 2397 3486 2438 numero
3517 2385 3602 2440 illa

2015 2470 2327 2531 augeantur.
2362 2462 2493 2518 Nam
2519 2464 2642 2534 quia
2672 2466 2912 2521 viventes
2938 2479 3197 2525 creatura:
3224 2484 3377 2527 erant
3403 2476 3606 2530 aninm-

2017 2553 2115 2619 lia,
2147 2556 2461 2626 volebatque
2490 2557 2578 2612 illa
2607 2569 2864 2629 perpetuo
2893 2577 3143 2628 manere,
3176 2565 3297 2620 ideo
3325 2568 3560 2624 subdidit
3591 2589 3604 2626 :

2015 2643 2085 2698 Et
2115 2645 2364 2701 benedixit
2388 2647 2480 2701 illa
2507 2648 2641 2703 Deus
2660 2691 2674 2714 ,
2707 2660 2752 2703 et
2778 2652 2908 2706 dixit
2933 2668 2952 2706 :
2981 2652 3196 2709 Crescite
3221 2666 3268 2709 et
3299 2659 3606 2729 multiplica-

2015 2739 2162 2793 mini.
2204 2739 2438 2795 Verbum
2468 2741 2611 2795 enim
2652 2741 2781 2796 illud
2817 2759 2987 2814 usque
3027 2745 3081 2800 in
3118 2756 3436 2817 praesentem
3466 2751 3605 2805 diem

2017 2830 2106 2886 illa
2149 2840 2463 2900 conservat,
2503 2841 2558 2887 et
2598 2841 2804 2888 tantum
2851 2837 3105 2904 praeteriit
3149 2848 3392 2910 tempus,
3434 2857 3608 2911 neque

2019 2940 2179 2980 unum
2209 2925 2397 2980 horum
2425 2941 2594 2996 genus
2634 2927 2968 2984 imminutum
2999 2940 3100 2988 est.
3138 2933 3268 2987 Nam
3310 2934 3608 2991 benedictio

2018 3017 2148 3084 Dei,
2175 3024 2231 3071 et
2271 3018 2493 3072 verbum
2535 3018 2665 3073 illud
2696 3036 2709 3074 :
2743 3019 2958 3076 Crescite
2997 3033 3044 3076 et
3085 3025 3520 3094 multiplicamini,
3553 3040 3608 3082 ut

2017 3107 2372 3164 subsisterent
2399 3118 2454 3165 et
2482 3109 2739 3167 durarent
2781 3112 2888 3167 illis
2926 3115 3170 3170 contulit.
3201 3117 3295 3173 25.
3324 3117 3390 3172 Et
3419 3120 3604 3189 factum

2016 3212 2117 3267 est,
2151 3203 2354 3274 inquit,
2381 3219 2614 3274 vespere,
2645 3215 2694 3259 et
2721 3209 2914 3277 factum
2938 3217 3009 3261 est
3035 3225 3214 3276 mane,
3243 3211 3350 3265 dies
3385 3211 3605 3280 quintus.

2022 3293 2180 3349 Vides
2205 3294 2472 3364 quomodo
2499 3295 2675 3350 divina
2705 3296 2978 3367 Scriptura
3007 3299 3186 3355 docuit
3211 3316 3309 3358 nos
3328 3343 3342 3365 ,
3373 3317 3493 3374 quae
3521 3305 3606 3359 die

2017 3387 2204 3457 quinto
2223 3397 2400 3443 creata
2426 3389 2533 3443 sint
2553 3391 2879 3445 animantia?
2903 3391 3007 3448 Sed
3033 3408 3318 3465 parumper
3337 3407 3603 3466 exspecta,

2017 3490 2072 3536 et
2115 3481 2305 3536 iterum
2356 3483 2558 3537 videbis
2607 3484 2814 3538 Domini
2860 3485 2933 3540 tui
2981 3487 3379 3559 benignitatem.
3426 3491 3608 3562 Neque

2017 3575 2158 3631 enim
2199 3590 2364 3645 aquas
2401 3575 2573 3631 solum
2616 3578 2922 3633 animalium
2969 3581 3316 3649 productione
3359 3583 3610 3640 fecundas

2021 3669 2164 3732 fecit,
2193 3669 2286 3724 sed
2317 3668 2494 3724 denuo
2523 3671 2784 3739 prtecipit,
2816 3680 2873 3725 ut
2902 3687 2968 3725 ex
2996 3681 3136 3727 terra
3169 3675 3440 3728 terrestria
3480 3692 3604 3746 pro-

2017 3759 2281 3814 ducantur
2320 3761 2590 3814 animalia.
2628 3760 2741 3814 Non
2773 3761 2868 3816 abs
2898 3776 2957 3817 re
2984 3763 3181 3833 quippe
3208 3763 3311 3819 erit
3337 3763 3496 3820 hodie
3524 3777 3606 3820 at-

2019 3853 2222 3923 tingere
2265 3867 2326 3907 ea
2370 3869 2488 3921 quae
2529 3852 2616 3908 die
2655 3863 2808 3908 sexto
2853 3863 2978 3908 sunt
3019 3856 3174 3910 facta.
3214 3856 3304 3911 24.
3341 3855 3410 3910 Et
3447 3857 3605 3921 dixit,

2019 3944 2222 4016 inquit,
2251 3943 2390 3998 Deus
2419 3961 2438 3999 :
2465 3944 2725 3999 Producat
2750 3954 2883 4000 terra
2915 3948 3138 4002 animam
3165 3949 3404 4004 viventem
3434 3967 3609 4005 secun-

2018 4037 2138 4091 dum
2182 4054 2338 4108 genus
2357 4079 2371 4103 ,
2399 4039 2750 4108 quadrupedes
2773 4081 2788 4106 ,
2816 4048 2864 4094 et
2902 4041 3105 4109 reptilia
3123 4081 3138 4109 ,
3169 4051 3218 4095 et
3252 4042 3432 4096 bestias
3459 4060 3607 4110 super

2019 4140 2208 4185 terram
2236 4148 2256 4185 :
2281 4140 2329 4184 et
2359 4148 2539 4201 pecora
2557 4173 2570 4195 ,
2603 4141 2650 4186 et
2677 4133 2849 4186 omnia
2884 4133 3087 4202 reptilia
3125 4143 3273 4190 teme
3291 4176 3305 4200 ,
3335 4138 3618 4190 secundum.

2016 4241 2190 4295 genus.
2223 4222 2290 4276 Et
2320 4227 2509 4294 factum
2538 4234 2608 4280 est
2644 4225 2738 4280 sic.
2780 4224 2916 4281 Vide
2954 4227 3220 4297 quomodo
3250 4236 3388 4283 terra
3419 4229 3608 4286 iterum

2019 4316 2286 4386 duplicem
2315 4316 2470 4372 nobis
2497 4316 2684 4372 alierat
2709 4315 2960 4386 fructum,
2987 4330 3041 4375 et
3066 4320 3314 4376 mandato
3342 4321 3611 4377 dominico

2018 4405 2306 4462 ministret.
2354 4407 2503 4461 Tunc
2542 4406 2760 4477 quidem
2811 4414 3074 4463 seminum
3121 4410 3287 4466 edidit
3331 4413 3607 4482 germina,

2017 4515 2158 4554 nunc
2183 4509 2359 4554 autem
2378 4501 2399 4532 ⁸
2429 4500 2658 4555 viventia
2684 4501 2952 4566 animalia,
2979 4503 3348 4574 quadrupedes
3373 4515 3426 4561 et
3450 4508 3611 4577 repti-

2017 4591 2107 4657 lia,
2137 4606 2331 4661 pecora
2358 4600 2413 4647 et
2439 4592 2596 4647 feras.
2630 4593 2766 4648 Ecce
2794 4593 2935 4664 quod
2966 4609 3124 4665 supra
3150 4596 3257 4651 dixi
3299 4597 3488 4652 iterum
3517 4599 3605 4653 dc-

2016 4685 2284 4752 claratur;
2318 4701 2512 4756 nempe
2551 4687 2713 4741 Deum
2743 4702 2849 4742 non
2876 4689 3054 4743 omnia
3083 4688 3148 4744 ad
3184 4701 3422 4745 nostrum
3455 4707 3607 4746 usum

2016 4779 2333 4850 produxisse
2356 4820 2371 4840 ,
2403 4779 2496 4834 sed
2537 4789 2713 4834 tamen
2755 4779 2822 4833 ad
2859 4780 3142 4850 quamdam
3177 4780 3459 4836 utilitatem
3477 4781 3518 4847 ³,
3554 4795 3618 4839 ut,

2015 4871 2259 4928 videntes
2296 4870 2504 4941 copiam
2541 4880 2594 4926 et
2630 4871 3018 4928 multitudinem
3056 4874 3173 4942 ejus
3202 4882 3608 4940 creaturarum,

2017 4964 2235 5037 Opiﬁcis
2258 4964 2502 5020 virtutem
2530 4965 2991 5037 obstupescamus,
3013 4977 3068 5021 et
3093 4967 3324 5022 sciamus
3349 4969 3615 5038 sapientia-

2017 5058 2244 5127 quadam
2285 5065 2341 5112 et
2386 5057 2734 5113 beneficentia
2788 5056 3132 5112 inenarrabili
3181 5067 3395 5128 propter
3442 5059 3606 5114 futuii

2019 5149 2251 5205 hominis
2279 5150 2538 5205 honorem
2561 5147 2583 5181 ‘
2612 5149 2787 5203 omnia
2821 5164 2942 5204 esse
2971 5149 3246 5218 producta.

2079 5269 2098 5301 ί
2132 5269 2207 5318 sic
2227 5267 2366 5317 savii.
2393 5273 2453 5329 et,
2467 5265 2660 5329 quidam
2683 5272 2818 5326 Mss;
2841 5262 3005 5314 Morel.
3022 5277 3156 5325 vero,
3181 5269 3232 5314 ut
3253 5264 3518 5328 prtediccut
3539 5266 3618 5327 fa-

2017 5328 2551 5396 αριτδξιιὲνοιεηιὶαθη-
2763 5392 2772 5396 -
2864 5387 2895 5396 ..
3283 5393 3291 5396 _
3483 5386 3494 5396 .

2080 5395 2100 5423 ³
2126 5387 2466 5454 coislin.,__....
2513 5401 2623 5454 qua:
2666 5392 2803 5439 sexto
2841 5387 2922 5438 die
2959 5393 3066 5438 sunt
3088 5388 3251 5454 facta;
3275 5393 3387 5437 tunc
3411 5387 3606 5454 quidem

2015 5452 2252 5506 seminum
2274 5449 2407 5514 dedit
2425 5449 2662 5514 germina,
2685 5462 2812 5514 mare
2833 5455 3011 5514 autem,
3035 5449 3223 5514 omissis
3239 5449 3552 5511 interpositis.

2079 5517 2100 5549 ³
2132 5509 2493 5571 Verisimilitér,
2519 5511 2653 5562 locus
2696 5510 2781 5560 ille
2816 5512 3043 5573 superius
3071 5509 3316 5573 dictorum
3339 5509 3604 5573 resumptis

2017 5585 2110 5634 est,
2138 5586 2191 5627 et
2214 5577 2290 5625 hic
2314 5575 2539 5625 eumdem
2556 5587 2755 5642 sensum
2777 5585 2833 5622 ac
2854 5571 2999 5642 supra
3027 5571 3207 5642 enfl'erre
3229 5573 3398 5642 debet,
3424 5571 3602 5642 nempe

2019 5633 2144 5704 hunc
2169 5652 2180 5687 :
2214 5645 2363 5688 Deum
2385 5649 2477 5704 non
2493 5633 2658 5704 immiti
2677 5633 2982 5704 adlnostijam
2997 5633 3244 5684 utilitatem
3277 5633 3595 5698 produxisse,

2016 5703 2104 5753 sed
2125 5706 2168 5750 ct
2191 5706 2387 5763 propter
2409 5697 2558 5757 ipsius
2580 5697 3002 5763 magniﬁcentiam.

2080 5763 2105 5796 δ
2135 5757 2345 5821 coislin.,
2366 5767 2562 5823 propter
2584 5757 2786 5823 gloriam
2811 5757 2923 5809 inde
2955 5763 3221 5808 venturam.
