4040 6378
457 328 519 382 67
1161 322 1217 376 S.
1256 319 1532 375 JOANNlS
1567 312 2040 375 CilllYSOSTOHI
2076 310 2395 369 ARCHIEP.
2434 314 2962 371 CONSTANTINOP.
3657 327 3721 382 63

523 443 607 498 Ea:
629 447 851 513 ferarum
872 449 915 494 et
934 441 1236 508 serpentium
1255 437 1545 507 corporibus
1564 452 1675 507 quia
1697 437 1886 490 utilitas
1905 435 2034 487 oria-

454 533 750 587 τμη-25(
766 530 831 585 Et
852 532 990 602 fecit,
1018 527 1206 599 inquit,
1230 527 1370 581 Deus
1392 526 1573 582 bestias
1600 538 1746 582 terra:
1764 524 2038 581 secundum

451 640 605 694 genus
636 640 802 689 suum,
831 632 878 676 et
906 638 1089 690 pecora
1117 620 1390 675 secundum
1415 635 1572 689 genus
1601 635 1770 685 suum,
1798 626 1845 672 et
1869 618 2037 672 omnia

450 716 651 786 reptilia
672 722 818 766 terra:
841 712 1113 767 secundum
1135 728 1288 782 genus
1311 728 1476 765 suum.
1505 710 1570 765 Et
1595 710 1717 764 vidit
1743 710 1878 763 Deus
1902 710 2036 779 quod

450 813 612 858 essent
638 802 786 858 bona.
818 822 836 854 ι
865 802 966 859 Ubi
992 818 1131 857 nunc
1151 811 1274 857 sunt
1297 803 1384 873 qui
1407 802 1584 856 dicere
1603 800 1800 857 audent
1825 818 1837 853 :
1862 801 2035 868 Quare

450 894 611 959 ferae,
658 884 820 964 quare
870 895 1076 963 reptilia
1120 904 1297 949 creata
1339 893 1500 947 sunt?
1538 892 1766 946 Audiam
1802 892 2033 945 divinam

450 986 775 1055 Scripturam
801 985 1064 1040 dicentem
1092 1004 1104 1040 :
1135 984 1200 1037 Et
1227 984 1347 1038 vidit
1372 984 1507 1038 Deus
1535 984 1670 1055 quod
1697 994 1857 1038 essent
1881 981 2029 1035 bona.

451 1080 572 1143 hic,
605 1080 830 1133 obsecro
849 1120 862 1142 ,
898 1080 1011 1147 ipse
1038 1078 1126 1153 qui
1156 1078 1353 1131 creavit
1378 1075 1556 1130 laudat
1581 1075 1746 1141 facta,
1776 1085 1828 1129 et
1858 1084 1911 1129 tu
1941 1089 2035 1128 au-

450 1172 542 1239 des
586 1170 1016 1239 reprehendere?
1046 1171 1265 1238 Quanta:
1304 1185 1407 1223 non
1449 1168 1550 1222 hoc
1591 1168 1747 1222 fuerit
1776 1167 2033 1222 insaniae?

447 1265 578 1332 Quia
609 1274 665 1319 et
690 1266 739 1317 in
768 1265 1062 1319 seminibus
1088 1275 1141 1318 et
1168 1265 1219 1318 in
1247 1263 1439 1332 plantis
1465 1277 1569 1316 non
1599 1260 1769 1314 solum
1799 1260 2033 1314 fructuo-

445 1372 532 1411 sas
559 1358 798 1424 arbores,
827 1356 920 1411 sed
946 1366 1000 1411 et
1036 1356 1342 1427 sylvestres,
1369 1363 1424 1408 et
1447 1353 1653 1408 steriles
1677 1369 1691 1418 ;
1725 1362 1778 1406 et
1807 1368 1910 1405 non
1941 1366 2030 1405 so-

449 1455 554 1507 lum
591 1453 803 1509 inutiles
834 1453 1058 1515 herbas,
1090 1451 1182 1506 sed
1213 1459 1267 1505 et
1306 1449 1601 1519 incognitas
1642 1447 1794 1502 nobis
1835 1444 2033 1513 profert

444 1556 586 1599 terra
612 1586 626 1610 ,
668 1559 811 1613 saepe
845 1545 1004 1599 etiam
1049 1542 1234 1597 noxias
1266 1559 1278 1595 :
1313 1540 1407 1596 sed
1447 1548 1724 1609 propterea
1766 1554 1870 1591 non
1908 1544 2033 1591 sunt

442 1636 805 1704 vituperandae
833 1642 1092 1689 creatura:
1121 1651 1134 1687 :
1162 1632 1292 1687 nihil
1317 1631 1457 1684 enim
1490 1638 1689 1684 temere
1716 1636 1807 1682 aut
1836 1628 2030 1681 frustra

444 1724 727 1779 formatum
757 1734 855 1779 est.
885 1723 1025 1781 Sane
1064 1738 1237 1793 neque
1274 1722 1483 1777 laudem
1523 1721 1662 1791 apud
1687 1719 2029 1775 Conditorem

442 1817 785 1881 invenissent,
812 1817 910 1870 nisi
935 1814 1002 1871 ad
1024 1816 1303 1871 utilitatem
1325 1814 1555 1885 aliquam
1577 1812 1805 1869 condita:
1830 1820 2027 1868 essent.

442 1908 622 1978 Itaque
653 1909 787 1962 sicut
829 1910 879 1963 in
918 1908 1197 1963 arboribus
1224 1923 1332 1962 non
1362 1921 1549 1962 omnes
1583 1905 1903 1971 fructuosae,
1934 1904 2028 1959 sed

439 2008 493 2051 ot
529 1997 870 2053 infructuosa:
912 1999 1090 2053 multm
1119 2015 1132 2051 :
1165 2007 1396 2051 attamen
1428 1996 1532 2051 ille
1562 1996 1690 2066 ipsa:
1716 2011 1822 2050 non
1851 1996 2027 2049 mino-

441 2104 553 2141 rcm
582 2088 755 2155 nobis,
782 2105 938 2157 quam
968 2089 1249 2143 fructuosa:
1276 2088 1573 2153 utilitatem,
1607 2101 1829 2155 eamque
1853 2084 2027 2139 admi-

439 2178 661 2231 rabilem
689 2221 701 2241 ,
735 2190 786 2232 et
818 2180 979 2248 quieti
1010 2190 1206 2233 nostra:
1247 2179 1568 2234 servientem
1594 2177 1873 2233 conferunt
1902 2195 1913 2230 :
1942 2185 2024 2231 et-

438 2270 579 2321 enim
630 2285 694 2322 ex
744 2270 870 2338 ipsis
919 2270 1181 2336 aediﬁcia,
1221 2278 1274 2324 et
1322 2270 1482 2323 multa
1522 2269 1624 2324 alia
1675 2268 1742 2323 ad
1792 2268 2023 2337 quietem

439 2374 675 2415 nostram
720 2363 1035 2430 pertinentia
1069 2362 1385 2416 fabricamus
1414 2379 1427 2413 :
1460 2370 1514 2415 et
1539 2361 1756 2416 omnino
1786 2360 1915 2414 nihil
1942 2372 2028 2414 est

436 2454 575 2522 quod
620 2471 723 2508 non
767 2455 971 2509 ratione
1009 2455 1182 2524 aliqua
1229 2453 1512 2508 formatum
1552 2454 1647 2518 sit,
1679 2454 1887 2509 etiamsi
1927 2452 2023 2507 hu-

436 2564 590 2600 mana
638 2559 820 2601 natura
866 2549 1041 2602 omnia
1084 2549 1171 2603 illa
1211 2558 1456 2603 accurate
1491 2549 1627 2603 scire
1663 2564 1767 2603 non
1808 2548 1975 2617 possit
2009 2565 2021 2603 :

436 2638 658 2707 proinde
695 2639 831 2693 sicut
864 2640 913 2693 in
945 2640 1226 2694 arboribus
1249 2682 1263 2706 ,
1298 2640 1367 2693 ita
1398 2650 1452 2695 et
1481 2639 1533 2693 in
1565 2639 1881 2693 animalibus
1918 2639 2021 2693 alia

435 2729 647 2796 quidem
680 2730 744 2784 ad
774 2731 948 2784 cihmn
982 2741 1217 2785 nostrum
1247 2731 1532 2800 pertinent,
1565 2732 1663 2784 alia
1690 2731 1757 2786 ad
1785 2731 2023 2786 ministe—

435 2821 591 2873 rium.
622 2821 874 2874 Ferarum
906 2821 1030 2875 item
1062 2831 1115 2876 et
1148 2822 1413 2891 reptilium
1443 2837 1637 2891 genera
1669 2838 1771 2876 non
1805 2838 2020 2893 parvam

432 2913 585 2966 tubis
616 2923 867 2982 pra‘stant
898 2914 1196 2979 utilitatem,
1224 2924 1277 2969 et
1302 2915 1346 2968 si
1377 2915 1494 2981 quis
1519 2915 1639 2968 velit
1666 2930 1818 2984 :equo
1840 2915 2021 2969 animo

432 3005 725 3074 intelligi-re
745 3048 758 3072 ,
794 3007 1031 3061 inveniet
1054 3006 1214 3061 etiam
1245 3022 1415 3070 nunc,
1447 3021 1567 3060 cum
1602 3006 1894 3076 principatu
1922 3021 2019 3059 co-

431 3112 548 3149 rum
575 3096 644 3150 ob
669 3097 822 3165 primi
854 3098 1088 3166 pereuntis
1113 3096 1526 3151 inobedientiam
1550 3096 1782 3150 destituti
1810 3111 2013 3161 sumus,

430 3202 675 3256 magnam
718 3204 783 3241 ex
830 3188 932 3241 illis
977 3187 1131 3243 nobis
1184 3189 1462 3243 utilitatem
1506 3189 1803 3256 provenire.
1852 3188 2011 3242 Multa

429 3277 571 3330 t'nitn
615 3278 736 3332 inde
778 3278 1031 3347 colligunt
1070 3277 1291 3343 medici,
1321 3294 1439 3349 quin
1468 3278 1533 3332 ad
1566 3288 1865 3333 nostrorum
1893 3294 2015 3333 cor-

430 3384 616 3436 porum
649 3370 963 3422 medicinam
994 3380 1047 3425 et
1085 3370 1364 3425 sanitatem
1402 3372 1719 3426 conducant.
1767 3372 2013 3441 Alioquin

430 3460 589 3514 etiam
620 3461 738 3529 quid
770 3446 1073 3514 n'ocumenti
1102 3476 1165 3516 ex
1198 3460 1425 3515 ferarum
1456 3463 1819 3531 productione,
1848 3479 2015 3532 quan-

427 3553 495 3603 do
525 3553 661 3605 sicut
685 3552 975 3606 domestica
1003 3553 1249 3607 animalia
1271 3596 1283 3617 ,
1316 3555 1391 3608 sic
1418 3564 1471 3609 et
1505 3554 1595 3608 illa
1630 3556 1727 3609 sub
1755 3563 2013 3624 potestate

433 3643 603 3696 futura
635 3652 788 3697 erant
818 3643 1067 3709 hominis,
1096 3658 1201 3698 non
1231 3644 1395 3698 multo
1424 3654 1541 3713 post
1570 3644 1873 3701 formandi?
1901 3645 2013 3702 [loc

426 3736 567 3788 enim
601 3751 739 3789 nunc
765 3735 903 3789 dico.
1738 3734 1739 3739 “

497 3828 550 3881 6.
581 3827 642 3881 Ut
675 3838 849 3881 autem
880 3827 1054 3883 discas
1085 3829 1321 3883 omnium
1360 3830 1567 3883 Domini
1607 3834 2011 3895 supereminen-

426 3928 533 3973 tcm
562 3919 1001 3983 beneficentiam,
1034 3936 1193 3989 quam
1219 3938 1340 3991 erga
1372 3933 1609 3977 nostrum
1638 3940 1803 3992 genus
1832 3924 2012 3979 deela-

423 4019 545 4076 rat,
600 4021 880 4079 postquam
929 4013 1181 4081 expandit
1228 4014 1452 4076 caelum,
1497 4016 1733 4070 extendit
1774 4026 2009 4085 terram,

422 4100 662 4155 condidit
687 4101 1113 4171 firmamentum,
1148 4114 1203 4159 ut
1230 4105 1378 4175 quasi
1408 4115 1616 4175 septum
1644 4107 1852 4177 aliquod
1878 4108 2013 4162 divi-

421 4192 627 4245 sionem
657 4191 795 4246 inter
827 4207 992 4261 aquas
1017 4203 1070 4248 et
1097 4209 1260 4264 aquas
1292 4194 1489 4250 faceret
1516 4213 1529 4248 :
1557 4196 1749 4253 deinde
1779 4209 1834 4252 ut
1855 4199 2015 4267 jussit

425 4296 681 4350 aquarum
713 4282 827 4337 fieri
862 4286 1329 4355 congregationes.
1360 4302 1451 4342 eas
1493 4290 1655 4343 maria
1698 4292 2007 4360 appellavit,

420 4372 623 4427 aridam
661 4382 835 4428 autem
868 4383 1063 4429 terram
1084 4418 1099 4442 ,
1129 4391 1285 4447 quam
1317 4388 1497 4448 postea
1525 4382 1785 4436 seminum
1816 4383 2010 4438 herba-

421 4478 645 4533 rumque
671 4474 926 4533 proventu
954 4468 1179 4522 ornavit.
1206 4469 1435 4539 Indeque
1463 4473 1671 4527 transiit
1693 4474 1758 4527 ad
1783 4474 2008 4531 duorum

422 4568 736 4623 magnorum
764 4554 1101 4611 luminarium
1139 4556 1531 4624 formationem,
1562 4572 1616 4615 et
1642 4563 1706 4617 ad
1736 4565 2009 4622 stellarum

420 4650 766 4713 varietatem,
804 4652 998 4721 quibus
1042 4652 1485 4720 pulchritudinem
1532 4656 1647 4710 Cal!“
1686 4660 2008 4715 ornatiorem

420 4741 689 4808 reddidit;
741 4752 923 4812 postea
971 4754 1147 4798 autem
1196 4760 1315 4800 cum
1365 4763 1427 4801 ex
1478 4749 1627 4817 aquis
1678 4749 2012 4818 produxisset

417 4834 667 4900 aquatilia
707 4834 994 4888 animantia
1034 4844 1087 4890 et
1122 4838 1386 4903 volatilia,
1415 4854 1532 4907 quae
1567 4840 1810 4895 volarent
1848 4856 2009 4911 super

423 4934 616 4978 terram
649 4926 939 4980 secundum
965 4927 1353 4983 firmamentum
1381 4931 1517 4997 cadi,
1544 4930 1760 5002 impleto
1780 4940 2010 5007 quinque

419 5017 622 5070 dierum
659 5035 901 5084 numero,
932 5022 1183 5090 quoniam
1214 5023 1489 5091 oportebat
1519 5034 1573 5079 et
1600 5028 1871 5081 terrestria
1897 5032 2012 5082 ani-

419 5108 577 5161 malia
623 5109 839 5163 formari
872 5129 885 5165 :
916 5112 1190 5181 imperavit
1221 5122 1279 5167 ut
1315 5122 1369 5168 et
1407 5115 1518 5183 ipsa
1554 5116 1856 5182 ederentur,
1888 5136 2008 5174 cum

419 5214 481 5251 ea
508 5214 626 5268 qua:
653 5200 719 5254 ad
749 5202 948 5265 cibum,
978 5212 1087 5256 tum
1113 5218 1174 5257 ea
1204 5219 1320 5272 quae
1342 5204 1406 5259 ad
1435 5205 1783 5261 ministerium
1810 5210 2010 5264 condu-

418 5290 595 5345 cibilia
617 5331 632 5356 ,
660 5307 759 5347 nec
789 5308 894 5347 non
929 5293 1055 5348 ferae
1098 5304 1152 5349 et
1190 5296 1394 5364 reptilia
1418 5338 1431 5360 ,
1460 5296 1687 5367 denique
1715 5300 1800 5354 ubi
1832 5302 2009 5357 omnia

418 5395 516 5433 suo
562 5391 751 5436 ornatu
790 5385 1051 5449 excoluit,
1085 5393 1139 5439 et
1176 5388 1511 5442 convenienti
1554 5389 1740 5445 ordine
1782 5393 2008 5448 visibilia

417 5471 704 5540 disposuit,
735 5482 788 5527 et
819 5490 1055 5530 mensam
1087 5475 1287 5546 largam
1328 5479 1598 5548 instruxit,
1627 5483 1787 5536 variis
1815 5495 1867 5538 et
1895 5500 2011 5539 om-

420 5562 625 5630 nigenis
651 5564 902 5620 refertam
933 5566 1123 5623 eduliis
1146 5608 1161 5633 ,
1190 5569 1504 5640 copiamque
1540 5582 1595 5626 et
1631 5589 1761 5641 opes
1804 5574 2007 5630 haben-

420 5663 529 5705 tem
554 5694 568 5716 ,
598 5663 651 5708 et
677 5654 825 5724 quasi
851 5657 970 5726 quis
994 5658 1135 5713 dicat
1165 5661 1363 5730 regiam
1391 5704 1404 5727 ,
1433 5662 1665 5733 undique
1703 5679 1933 5735 superne
1956 5677 2011 5723 et

420 5734 631 5801 inferne
668 5746 828 5801 variis
865 5748 1035 5805 modis
1066 5751 1433 5822 splendidam,
1463 5763 1585 5810 tunc
1619 5754 1829 5812 tandem
1860 5758 2005 5816 ﬂiam

2146 423 2338 484 fumat
2358 430 2447 500 qui
2475 430 2557 487 his
2581 432 2825 489 omnibus
2855 434 3110 492 fruiturus
3134 448 3295 504 esset.
3324 441 3411 498 cui
3434 444 3727 506 visibilium

2141 521 2376 576 omnium
2408 532 2720 592 potestatem
2750 526 2941 587 tradat.
2964 537 3018 583 et
3039 531 3270 586 ostendit
3290 542 3489 603 quanto
3513 535 3723 606 όιςιιίιιυ

2140 612 2349 669 caeteris
2367 614 2613 671 omnibus
2638 618 2833 673 animal
2858 617 3070 689 formet,
3097 623 3523 694 quandoquidem
3544 629 3723 697 prteei-

2141 705 2251 773 pit,
2282 708 2459 760 omnia
2484 722 2605 779 qua:
2633 710 2768 764 facta
2794 720 2946 767 erant
2973 713 3073 769 sub
3105 714 3246 771 illius
3279 732 3398 774 esse
3423 719 3646 790 imperio
3668 733 3724 778 et

2140 805 2421 866 potestate.

2212 889 2427 945 Moralis
2455 892 2767 960 exhortatio;
2796 895 3071 952 Gentilium
3097 902 3317 957 antentia
3339 903 3393 958 in
3421 905 3718 961 animalium

2138 999 2401 1052 rerumque
2427 985 2598 1038 vilium
2625 988 2782 1040 cultu.
2811 1020 2881 1029 —
2910 990 3103 1046 Verum
3132 1008 3201 1049 ne
3241 995 3446 1065 longius
3474 1010 3720 1054 excurrat

2138 1075 2337 1142 oratio,
2365 1077 2449 1131 his
2473 1080 2708 1133 contenti
2739 1080 2923 1143 dictis.
2956 1083 3007 1137 in
3035 1097 3343 1155 sequentem
3375 1089 3515 1145 diem
3556 1108 3717 1162 repo-

2138 1181 2325 1221 namus
2352 1182 2413 1220 ea
2440 1184 2558 1238 quae
2586 1172 2855 1239 pertinent
2890 1173 2957 1227 ad
2996 1175 3364 1233 formationem
3391 1181 3718 1239 admirabilis

2138 1256 2295 1327 hujus
2339 1261 2583 1317 animalis
2603 1263 2874 1319 rationalis
2893 1275 2946 1321 et
2970 1269 3207 1337 animati,
3232 1272 3461 1329 hominis
3481 1277 3714 1347 inquam,

2137 1365 2278 1405 nunc
2314 1363 2619 1408 consuetam
2649 1356 3060 1413 admonitionem
3088 1361 3399 1419 adhibentes
3418 1408 3431 1430 ,
3463 1366 3533 1420 ita
3566 1378 3621 1421 ut
3651 1387 3719 1425 ne

2135 1441 2398 1497 dictorum
2430 1448 2683 1501 memoria
2710 1448 2952 1504 elabatur
2981 1469 2995 1505 :
3029 1454 3122 1507 sed
3160 1470 3222 1508 ex
3260 1457 3506 1511 omnibus
3534 1461 3716 1515 visibi-

2136 1531 2274 1587 libus
2302 1534 2367 1588 ad
2397 1536 2774 1594 celebrandum
2805 1541 3087 1598 Dominum
3118 1561 3216 1599 nos
3250 1547 3394 1616 ipsos
3426 1550 3714 1620 erigamus.

2134 1623 2286 1691 Quod
2325 1636 2500 1682 autem
2538 1633 2780 1700 assequi,
2815 1644 2870 1688 et
2894 1646 3257 1692 creaturarum
3288 1640 3521 1695 omnium
3550 1644 3715 1697 ratio-

2135 1729 2255 1769 nem
2291 1722 2746 1787 comprehendere
2790 1740 2898 1780 non
2944 1728 3244 1796 possimus,
3276 1730 3328 1785 id
3357 1747 3425 1788 ne
3462 1735 3531 1788 sit
3563 1735 3719 1792 nobis

2136 1807 2523 1868 incredulitatis
2548 1817 2790 1883 occasio,
2822 1819 2916 1875 sed
2944 1821 3120 1889 potius
3144 1822 3212 1877 ad
3246 1824 3575 1881 referendam
3606 1828 3718 1883 Deo

2133 1901 2357 1971 gloriam
2389 1905 2807 1963 incitamentum.
2839 1912 3061 1978 Quando
3089 1916 3231 1971 enim
3263 1917 3442 1972 deficit
3467 1921 3602 1974 ratio
3620 1963 3635 1987 ,
3662 1931 3719 1977 et

2132 2006 2288 2046 mens
2328 2010 2432 2048 non
2467 2006 2549 2051 est
2573 2013 2735 2067 capax
2758 2041 2773 2065 ,
2802 2003 2972 2071 cogita
3000 2020 3157 2073 quam
3185 2022 3407 2077 magnus
3429 2019 3513 2063 est
3541 2011 3720 2065 Domi—

2132 2100 2231 2138 nus
2258 2094 2381 2141 tuus
2405 2130 2419 2150 ,
2450 2098 2503 2142 et
2530 2105 2595 2143 ex
2628 2090 2726 2146 hoc
2756 2092 2905 2163 ipso,
2932 2095 3073 2163 quod
3105 2107 3245 2152 tanta
3272 2101 3343 2153 sit
3369 2101 3483 2171 ejus
3513 2103 3677 2157 virtus
3696 2145 3714 2170 ,

2134 2185 2188 2231 ut
2214 2191 2385 2246 neque
2412 2179 2668 2235 rationem
2695 2200 2876 2237 eoruut
2904 2202 3021 2255 qua:
3049 2187 3116 2242 ab
3141 2188 3237 2243 illo
3265 2190 3400 2245 facta
3432 2203 3553 2247 sunt
3575 2197 3718 2252 seire

2130 2283 2407 2334 queamus.
2438 2269 2551 2325 Hoc
2577 2272 2734 2327 fuerit
2760 2277 2894 2344 grati
2922 2278 3119 2344 animi,
3150 2282 3249 2335 hoe
3279 2284 3469 2338 sobria:
3500 2289 3710 2342 mentis.

2135 2358 2393 2423 Quoniam
2429 2372 2482 2415 et
2514 2364 2737 2432 gentiles
2766 2367 2843 2421 sic
2866 2382 3211 2438 erraverunt,
3242 2376 3350 2427 suis
3379 2378 3712 2446 cegitationi-

2132 2448 2230 2501 bus
2260 2450 2436 2504 omnia
2468 2455 2863 2521 permittentes,
2897 2470 2947 2512 et
2975 2460 3040 2513 ad
3069 2462 3483 2520 imbecillitatem
3512 2478 3713 2523 naturae

2130 2553 2240 2593 sum
2283 2557 2389 2595 non
2429 2544 2809 2613 respicientes,
2855 2550 2946 2604 sed
2986 2568 3104 2621 qum
3140 2554 3273 2608 ultra
3310 2570 3518 2627 captum
3555 2576 3709 2616 suum

2129 2644 2282 2688 erant
2312 2636 2662 2706 ituaginantes
2687 2682 2699 2704 ,
2732 2653 2784 2696 et
2812 2643 3035 2698 limitum
3067 2662 3283 2702 suorum
3311 2650 3442 2705 fines
3470 2657 3666 2723 egressi
3690 2697 3705 2718 ,

2128 2727 2287 2780 etiam
2326 2742 2354 2779 a
2398 2744 2489 2783 sua
2535 2730 2791 2801 dignitate
2826 2736 3155 2792 exciderunt.
3202 2740 3333 2795 Nam
3372 2745 3459 2812 qui
3506 2747 3712 2801 ratione

2130 2817 2361 2888 insigniti
2388 2820 2689 2890 hujusmodi
2729 2826 3007 2895 primatum
3039 2844 3355 2901 acceperant
3382 2852 3411 2889 a
3434 2836 3707 2906 Creatore,

2131 2920 2313 2978 utpote
2341 2914 2585 2969 omnibus
2616 2932 2734 2986 quae
2772 2919 2871 2972 sub
2909 2921 3092 2975 oculos
3120 2922 3315 2979 cadunt
3342 2933 3595 2983 creaturis
3623 2931 3708 2985 di-

2125 3002 2337 3071 gniores
2361 3045 2375 3069 ,
2405 3003 2459 3059 hi
2496 3008 2547 3061 in
2575 3018 2771 3063 tantam
2808 3011 3185 3069 absurditatem
3213 3017 3423 3075 deducti
3454 3032 3613 3088 sunt,
3649 3035 3708 3080 ut

2125 3107 2305 3157 canes,
2333 3095 2534 3162 simias,
2562 3109 2617 3152 et
2635 3100 2952 3169 Cl'OCOdliOS,
2976 3114 3032 3159 et
3058 3104 3139 3161 his
3164 3106 3386 3164 ftediora
3415 3112 3702 3169 adorarint.

2127 3184 2190 3239 Et
2218 3185 2344 3255 quid
2372 3188 2491 3243 dico
2520 3190 2672 3244 bruta
2704 3194 2994 3250 animalia?
3023 3197 3167 3253 Multi
3206 3216 3388 3256 eorum
3420 3205 3471 3259 itt
3503 3214 3703 3261 tantum

2124 3285 2398 3345 stuporem
2426 3288 2480 3334 et
2509 3284 2792 3337 amentiam
2823 3286 3157 3356 inciderunt,
3189 3299 3247 3344 ut
3270 3304 3325 3345 et
3353 3292 3472 3347 allia
3493 3336 3509 3361 ,
3541 3307 3593 3351 et
3624 3298 3705 3352 his

2127 3366 2309 3421 viliora
2336 3370 2533 3424 colant.
2568 3374 2849 3442 Propterea
2883 3378 3137 3447 propheta
3182 3381 3301 3436 illos
3331 3386 3664 3442 subindieans
3685 3431 3701 3454 ,

2127 3461 2294 3530 inquit
2318 3480 2331 3516 :
2357 3462 2688 3532 Contparulus
2710 3479 2778 3520 est
2799 3471 3041 3536 jumeutis
3064 3473 3427 3543 insipientibus,
3458 3490 3503 3531 et
3528 3482 3704 3536 similis

2123 3556 2287 3621 factus
2316 3566 2386 3607 est
2427 3556 2529 3609 illis
2562 3557 2727 3625 (l’sal.
2757 3560 2843 3613 48.
2876 3562 2988 3631 ⁸21).
3018 3564 3114 3629 Qui
3149 3566 3371 3633 ratione,
3405 3569 3591 3640 inquit,
3627 3575 3705 3625 in-

2124 3645 2346 3715 signitus
2374 3657 2491 3702 erat
2516 3660 2567 3703 et
2598 3660 2738 3703 tanta
2768 3653 3023 3721 sapientia
3061 3658 3330 3724 prteditus,
3366 3662 3408 3714 is
3438 3665 3601 3717 brutis
3630 3668 3702 3719 fa-

2120 3751 2239 3794 ctus
2268 3751 2349 3793 est
2380 3742 2568 3795 similis
2593 3784 2606 3805 ,
2642 3742 2775 3799 forte
2803 3756 2857 3800 et
2893 3746 3142 3802 deterior.
3178 3751 3267 3804 Illa
3307 3755 3447 3807 enim
3474 3796 3487 3820 ,
3523 3768 3703 3825 utpote

2122 3830 2518 3895 irrationabilia,
2549 3835 2705 3889 nullis
2736 3839 2904 3903 poenis
2933 3839 3158 3896 obnoxia
3190 3856 3373 3908 erunt;
3406 3848 3493 3916 qui
3523 3861 3697 3904 autem

2121 3922 2323 3975 ratione
2368 3923 2528 3991 pollet
2555 3966 2568 3986 ,
2598 3926 2640 3978 si
2671 3928 2721 3980 in
2754 3927 2962 3982 illorum
3005 3931 3249 3987 inciderit
3280 3935 3655 3993 absurditatem
3681 3983 3697 4006 ,

2122 4014 2309 4066 merito
2338 4030 2521 4083 poenas
2551 4017 2689 4081 luet,
2724 4020 2957 4090 ingratus
2984 4039 3102 4077 cum
3133 4027 3202 4080 sit
3243 4039 3363 4095 post
3391 4039 3466 4083 tot
3497 4032 3698 4087 benefi-

2117 4104 2219 4161 cia.
2248 4104 2382 4162 Hinc
2404 4106 2633 4177 denique
2657 4120 2710 4165 et
2736 4112 2935 4181 lapides
2956 4126 3007 4168 et
3034 4115 3173 4187 ligna
3194 4119 3323 4173 deos
3346 4125 3697 4194 appellarunt,

2116 4206 2173 4251 et
2211 4197 2326 4252 haec
2368 4196 2597 4254 visibilia'
2631 4203 2888 4259 elementa
2936 4206 3068 4263 deos
3110 4209 3400 4268 effecerunt
3437 4219 3600 4287 :quia
3642 4230 3699 4273 ut

2117 4289 2283 4343 semel
2312 4304 2341 4342 a
2370 4300 2513 4345 recta
2542 4293 2624 4347 via
2650 4296 2985 4366 aberrarunt,
3018 4299 3072 4354 in
3106 4317 3343 4375 przecepS
3376 4306 3580 4365 iverunt
3599 4353 3613 4378 ,
3645 4320 3701 4367 et

2120 4379 2171 4434 in
2201 4381 2415 4437 malitia:
2443 4383 2760 4451 profundum
2788 4388 3108 4447 inciderunt.

2189 4472 2240 4526 7.
2270 4472 2649 4531 Verumtamen
2682 4493 2777 4533 nos
2804 4494 2975 4550 neque
2993 4483 3071 4538 sic
3090 4484 3159 4540 de
3183 4486 3352 4542 salute
3377 4488 3583 4547 illorum
3606 4494 3701 4549 de-

2116 4580 2411 4633 speremus,
2445 4569 2538 4623 sed
2567 4570 2849 4629 afferentes
2879 4575 2929 4629 id
2958 4576 3097 4645 quod
3128 4595 3291 4648 penes
3319 4598 3416 4639 nos
3443 4597 3545 4654 est,
3575 4603 3696 4644 cum

2117 4659 2260 4712 oumi
2287 4660 2559 4716 alacritate
2585 4673 2639 4717 et
2662 4666 2907 4732 patientia
2935 4669 3036 4724 illis
3059 4671 3340 4742 loquamur
3363 4696 3377 4731 :
3400 4690 3701 4736 monstran-

2119 4758 2197 4803 tes
2225 4760 2333 4804 tum
2364 4752 2439 4805 rei
2466 4754 2844 4811 ahsurditatem
2863 4801 2877 4823 ,
2910 4767 3019 4813 tum
3045 4766 3224 4817 damni
3262 4768 3573 4835 gravitatem
3601 4815 3616 4838 ,
3646 4784 3699 4828 et

2118 4858 2403 4913 numquam
2431 4845 2499 4899 de
2538 4846 2747 4902 illorum
2788 4852 2959 4906 salute
2988 4852 3411 4924 despondeamus
3439 4878 3694 4923 animum.

2122 4934 2395 4990 Probabile
2425 4938 2566 4991 enim
2599 4951 2700 5005 est,
2734 4941 2866 5004 fore,
2899 4954 2956 4998 ut
2983 4950 3234 5017 temporis
3264 4968 3540 5022 progressu
3575 4975 3697 5026 per-

2118 5025 2469 5092 suadeantnr,
2499 5031 2728 5086 maxime
2770 5034 2812 5085 si
2857 5049 2952 5088 nos
2997 5036 3063 5091 ita
3101 5039 3371 5107 vivamus,
3402 5057 3458 5099 ut
3498 5025 3696 5105 nullam

2119 5116 2246 5185 ipsis
2276 5118 2604 5186 praebeamus
2638 5126 2966 5193 repugnandi
2996 5142 3201 5183 ansam.
3230 5132 3377 5188 Multi
3406 5139 3545 5192 enim
3576 5141 3696 5194 illo-

2117 5224 2235 5261 rum
2275 5224 2393 5262 eum
2440 5210 2665 5266 viderint
2713 5224 3011 5272 nostrorum
3049 5221 3253 5291 aliquos
3292 5229 3454 5282 verbo
3482 5232 3697 5298 quidem

2116 5306 2171 5352 et
2194 5301 2447 5354 vocabulo
2466 5300 2794 5359 Christianos
2818 5310 3091 5377 appellari,
3116 5324 3367 5371 Caeterum
3392 5320 3526 5374 sicut
3555 5324 3699 5391 ipsos

2118 5408 2338 5460 rapere,
2382 5396 2618 5461 pecuniae
2657 5398 2874 5467 cupidos
2915 5416 3068 5465 esse,
3107 5405 3348 5465 invidere
3372 5454 3385 5473 ,
3425 5413 3694 5482 insidiari,

2116 5482 2268 5538 dolos
2308 5495 2551 5548 nectere,
2581 5487 2788 5558 aliaque
2823 5495 2999 5546 omnia
3037 5495 3212 5553 facere
3236 5540 3250 5565 ,
3282 5505 3515 5571 crapulae
3543 5508 3699 5561 volu-

2120 5577 2353 5645 ptatique
2378 5591 2563 5631 vacare
2584 5618 2598 5643 ,
2631 5581 2829 5635 monita
2863 5596 3039 5639 nostra
3071 5603 3174 5642 non
3207 5590 3340 5645 ultra
3376 5594 3695 5664 admittunt,

2118 5668 2211 5723 sed
2239 5670 2414 5723 omnia
2446 5681 2620 5725 nostra
2655 5672 2914 5729 fallaciam
2942 5679 3262 5745 existimant,
3297 5694 3348 5739 et
3382 5685 3565 5740 iisdem
3594 5690 3699 5743 crio

2121 5762 2495 5819 minutioribus
2523 5780 2707 5821 ontnes
2735 5782 2853 5824 esse
2880 5770 3153 5828 obnoxios.
3186 5775 3366 5847 Cogita
3393 5780 3572 5849 igitur,
3598 5779 3695 5835 ob-

3758 5881 3782 5899 δυ
