4040 6378
427 303 497 359 69
1239 318 1296 375 S.
1337 319 1625 378 JOANNIS
1661 320 2156 378 CHRYSOSTOMI
2197 323 2518 382 ARCHIEP.
2559 327 3105 387 CONSTANTINOP.
3783 345 3856 400 70

423 421 517 476 καὶ
547 425 659 489 τοῖς
693 429 871 494 αὐτοῖς
901 428 1140 496 ἅπαντας
1183 435 1518 501 ὑπευθύνους
1565 434 1724 492 εἶναι.
1776 440 1975 492 Ἐννόει
2001 455 2092 508 μοι

422 507 602 562 τοίνυν
631 512 813 568 πόσων
859 515 925 569 ἃν
956 519 1006 570 οἱ
1047 520 1279 574 τοιοῦτοι
1333 523 1573 591 γένοιντο
1608 525 1880 578 κολάσειαν
1921 525 2088 588 ἄξιοι,

421 595 550 650 ὃταν
578 599 652 671 μὴ
685 601 845 671 μόνον
871 605 1083 670 ἑαυτοῖς
1101 610 1478 682 ἐπισωρεύωσι
1505 614 1564 665 τὸ
1583 613 1693 684 πῦρ
1721 614 1780 666 τὸ
1807 615 2088 676 ἄσϐεστον,

424 684 560 738 ἀλλά
588 689 681 740 καὶ
730 690 937 760 ἐτέροις
989 696 1151 748 αίτιοι
1187 697 1452 764 γένωνται
1486 700 1576 754 τοῦ
1611 705 1675 771 τῇ
1716 703 1888 772 πλάνῃ
1925 719 2090 771 προσ-

425 771 688 859 ηλῶσθαιρ
712 777 806 830 καὶ
833 779 968 848 πρὸς
986 781 1083 854 τὴν
1108 783 1207 853 τῆς
1229 786 1432 856 ἀρετῆς
1447 788 1791 841 διδασκαλίαν
1811 771 2090 859 ἀποφράτ-

420 875 535 913 τειν
560 861 626 914 τά
653 857 788 925 ὦτα,
821 868 914 919 καὶ
938 869 1074 937 μετὰ
1107 871 1296 924 τούτου
1326 874 1416 926 καὶ
1446 878 1554 938 τοῖς
1591 876 1687 945 τὴν
1715 877 1914 946 ἀρετὴν
1958 893 2088 945 μετ-

424 946 564 999 ιοῦσι
610 948 864 1021 διαϐολῆς
900 955 1156 1028 ἀφορμὴν
1201 959 1527 1029 παρέχουσι,
1563 963 1657 1014 καὶ
1685 963 1744 1014 τὸ
1775 963 1837 1032 δὴ
1873 964 2089 1016 πάντων

423 1035 826 1108 χαλεπώτερον,
861 1042 989 1094 ὅταν
1017 1044 1083 1097 δι’
1107 1047 1286 1100 αὑτῶν
1321 1051 1348 1101 ὁ
1373 1051 1652 1117 Δεσπότης
1678 1051 2086 1121 βλασφημῆται.

434 1121 598 1193 Ὁρᾷς
627 1126 723 1190 ὂση
756 1127 856 1198 τῆς
877 1131 1124 1202 κακίαςὴ
1165 1133 1340 1204 λύμη;
1380 1138 1512 1206 ὁρᾷς
1546 1138 1621 1201 ὡς
1646 1139 1706 1190 οὑ
1737 1142 1802 1209 τῇ
1847 1140 2086 1212 τυχούσῃ

423 1211 641 1264 κολάσει
695 1214 1024 1281 ὑπευθύνους
1077 1221 1304 1286 ἑαυτοὺς
1361 1224 1691 1279 καθιστῶσιν
1737 1228 1786 1280 οἱ
1844 1229 1941 1297 τὴν
1987 1246 2088 1280 κα-

423 1297 548 1352 κίαν
601 1302 897 1370 μετιόντες,
931 1305 1067 1360 ἀλλὰ
1102 1309 1197 1361 καὶ
1233 1311 1439 1381 σφόδρα
1487 1313 1784 1388 βαρυτάτῃ,
1822 1316 1933 1384 είγε
1959 1317 2089 1387 μέλ-

421 1384 565 1439 λοιεν
597 1389 738 1461 ὑπὲρ
771 1391 1029 1449 ἀπάντων
1087 1397 1319 1460 εὐθύνας
1364 1400 1605 1470 ὑπέχειν,
1651 1403 1712 1455 οὑ
1761 1404 1920 1473 μόνον
1950 1406 2089 1476 ὑπὲρ

420 1473 522 1542 τῆς
559 1476 770 1529 ἑαυτῶν
800 1479 1094 1546 ἀπωλείας,
1142 1483 1280 1537 ἀλλά
1329 1487 1422 1539 καὶ
1450 1488 1591 1558 ὑπὲρ
1615 1488 1707 1542 τοῦ
1743 1491 1852 1542 τῶν
1888 1473 2091 1545 πεπλα-

421 1561 670 1630 νημένων
707 1566 1026 1632 σκανδάλου,
1058 1571 1153 1622 καί
1181 1571 1320 1642 ὑπὲρ
1361 1573 1459 1644 τῆς
1489 1576 1824 1646 κατηγορίας
1859 1577 1965 1631 τῶν
1989 1579 2090 1649 τὴν

421 1647 624 1719 ἀρετὴν
651 1653 966 1720 μετιόντων,
998 1656 1095 1708 καὶ
1122 1657 1262 1729 ὑπὲρ
1308 1659 1408 1730 τῆς
1436 1663 1514 1724 εἰς
1541 1661 1633 1715 τὸν
1681 1664 1814 1718 Θεὸν
1844 1647 2087 1736 βλασφη-

425 1733 584 1804 μίας;
635 1736 818 1790 Ταῦτα
861 1739 926 1810 δὴ
981 1737 1158 1794 πάντα
1191 1745 1499 1810 ἐννοοῦντες
1540 1747 1614 1818 μὴ
1666 1733 1957 1822 ἀμελῶμεν

421 1820 631 1874 ἑαυτῶν
662 1825 953 1895 σωτηρίας,
1160 1830 1254 1882 καὶ
1299 1831 1400 1902 τῆς
1449 1834 1592 1887 κατά
1641 1836 1772 1890 Θεὸν
1815 1820 2088 1902 πολιτείοις

425 1907 624 1978 πολλὴν
653 1909 936 1980 ποιώμεθα
981 1916 1080 1987 τὴν
1131 1918 1412 1987 φροντίδα,
1464 1920 1666 1985 εἰδότες
1711 1925 1792 1978 ὅτι
1837 1927 2090 1981 ἐντεῦθεν

426 1997 661 2066 μάλιστα
693 1999 1206 2072 ἢκατακρινόμεθα,
1252 2005 1284 2075 ἢ
1318 2007 1413 2077 τῆς
1437 2011 1567 2079 παρ’
1589 2009 1754 2064 αὑτοῦ
1787 2013 2090 2084 φιλανθρω-

423 2085 554 2148 πίας
588 2084 905 2154 ἀξιούμεθα.
941 2089 1097 2142 Οῦτω
1144 2091 1318 2144 τοίνυν
1363 2096 1539 2148 πάντα
1576 2098 1922 2169 πράττωμεν,
1947 2100 2087 2154 ὥστε

423 2173 518 2223 καὶ
557 2173 703 2242 ἡμᾶς
737 2175 926 2245 ἀγαθῷ
965 2179 1224 2232 συνειδότι
1258 2180 1445 2251 συζῇν,
1479 2185 1571 2236 καὶ
1600 2185 1725 2248 τοὺς
1764 2187 1842 2239 ἔτι
1873 2189 2088 2242 πλανω-

425 2259 623 2328 μένους
656 2261 743 2313 διά
795 2263 894 2333 τῆς
949 2265 1222 2336 ἡμετέρας
1257 2269 1394 2320 κατά
1442 2269 1573 2321 Θεὸν
1623 2272 1968 2344 ἀναστροφῆς
1997 2276 2088 2328 ἐπὶ

421 2347 521 2416 τὴν
545 2347 800 2417 ἀλήθειαν
831 2356 1216 2420 χειραγωγεῖν,
1239 2355 1334 2407 καὶ
1360 2355 1427 2408 δι’
1458 2359 1490 2426 ἡ
1499 2357 1612 2426 μῶν
1632 2360 1724 2412 καὶ
1753 2362 1876 2424 τοὺς
1896 2361 2087 2427 ἄλλους

423 2433 667 2498 ἅπαντας
693 2437 817 2500 τοὺς
837 2438 954 2507 μεθ’
977 2439 1134 2510 ἡμῶν
1159 2443 1525 2512 τεταγμένους
1550 2448 1790 2518 χρηστῆς
1814 2449 2088 2521 εὐφημίας

421 2521 735 2586 ἀπολαύειν,
799 2526 893 2579 καὶ
947 2527 1053 2597 πρὸ
1098 2528 1304 2582 τούτων
1351 2531 1602 2586 ἁπάντων
1652 2535 1966 2601 δοξάζεσθαι
1996 2539 2086 2592 τὸν

422 2609 689 2681 ἡμέτερον
721 2613 1015 2684 Δεσπότην,
1050 2616 1142 2668 καὶ
1181 2617 1397 2672 πλείονα
1431 2619 1529 2690 τὴν
1561 2623 1688 2693 περὶ
1714 2625 1860 2694 ἡμᾶς
1885 2626 2086 2680 ἐπιδεί-

422 2697 1015 2769 κνυσθαικηδεμονίαν.
1069 2703 1234 2755 Ὅταν
1284 2706 1391 2776 γὰρ
1430 2709 1508 2770 εἰς
1552 2710 1702 2779 ἡμᾶς
1751 2711 1986 2783 ὁρῶντες
2034 2715 2083 2767 οί

420 2781 700 2854 ἄνθρωποι
741 2786 1068 2857 κερδαίνωσι
1099 2829 1113 2854 ,
1165 2793 1258 2843 καὶ
1299 2792 1395 2862 τὴν
1419 2796 1497 2856 εἰς
1527 2795 1616 2848 τὸν
1650 2781 2086 2870 Θεὸνήεὺφημίαν

420 2870 759 2942 ἀναφέρωσι,
797 2874 1039 2939 πλείονος
1065 2878 1160 2930 καὶ
1196 2881 1356 2950 ἡμεῖς
1389 2883 1806 2954 ἀπολαυσόμεθα
1834 2887 1934 2957 τῆς
1955 2889 2084 2959 παρ’

420 2955 586 3009 αὑτοῦ
619 2959 811 3030 ῥοπῆς.
853 2961 917 3013 Τί
949 2963 1057 3031 γάρ
1099 2964 1164 3016 ἂν
1201 2965 1284 3036 εἴη
1326 2969 1737 3040 μακαριώτερον
1775 2955 2082 3042 ἀνθρώπου,

417 3043 549 3096 ὅταν
574 3044 715 3098 οὕτω
757 3046 1117 3119 πολιτεύηται,
1157 3050 1299 3104 ὥστε
1335 3053 1460 3117 τοὺς
1499 3055 1740 3127 δρῶντας
1785 3061 2085 3131 ἐκπλήττε-

425 3129 570 3191 σθαι,
615 3132 710 3184 καὶ
735 3133 935 3201 λέγειν,
981 3136 1116 3200 Δόξα
1156 3155 1260 3199 σοι,
1304 3134 1349 3192 ὦ
1390 3142 1522 3205 (θεός
1550 3161 1564 3174 ·
1602 3147 1834 3200 ποταποί
1865 3129 2003 3203 εἰσιν
2035 3153 2084 3203 οἰ

421 3217 760 3287 Χριστιανοί;
785 3221 955 3292 πόσην
973 3224 1370 3280 ἐπιδείκνυνται
1401 3229 1716 3300 φιλοσοφίαν
1736 3249 1748 3294 ;
1769 3233 1886 3298 πῶς
1918 3237 2086 3307 ὑπερ-

325 3368 329 3373 ,
419 3304 586 3374 ορῶσι
633 3305 741 3358 τῶν
790 3309 1109 3379 παρόντωνς
1167 3313 1282 3377 πῶς
1329 3315 1541 3370 ἅπαντα
1598 3319 1724 3372 σκιά
1765 3323 1946 3387 αὑτοῖς
1993 3327 2086 3379 καὶ

418 3392 553 3463 ὗναρ
585 3394 917 3462 νενόμισται,
947 3399 1037 3450 καὶ
1069 3400 1243 3454 οὐδενὶ
1293 3403 1400 3457 τῶν
1441 3406 1731 3476 ὁρωμένων
1777 3415 2082 3483 προστετή-

423 3497 604 3546 κατιν,
665 3482 799 3534 ἀλλά
854 3484 1104 3557 καθάπερ
1146 3490 1204 3540 ἐν
1261 3489 1386 3562 ξένῃ
1445 3492 1869 3565 πολιτευόμενοι,
1913 3482 2086 3564 οὕτως

424 3567 640 3622 ἅπαντα
672 3569 1113 3641 διαπράττονται,
1160 3575 1279 3628 καθ’
1327 3577 1561 3648 ἑκάστην
1591 3581 1803 3652 ἡμέραν
1828 3585 1962 3654 πρὸς
1987 3588 2086 3656 τὴν

422 3654 671 3709 ἐντεῦθεν
695 3658 1000 3729 ἀποδημίαν
1031 3661 1406 3732 ἐπειγόμενοι;
1442 3666 1620 3737 Πόσην
1640 3669 1742 3721 οίει
1771 3670 1839 3723 τά
1866 3654 2085 3742 ῥήματα

421 3744 596 3797 ταῦτα
633 3745 879 3815 κομίζειν
910 3751 1022 3812 τοῖς
1061 3749 1203 3803 οὕτω
1243 3751 1678 3824 πολιτευομένοις
1715 3756 1964 3813 ἐντεῦθεν
1985 3763 2083 3832 ήδη

422 3831 520 3902 τὴν
549 3834 697 3903 παρὰ
726 3833 820 3886 τοῦ
853 3834 988 3888 Θεοῦ
1021 3837 1278 3908 ἀμοιϐήν;
1311 3841 1419 3893 Καὶ
1451 3841 1512 3894 τὸ
1550 3841 1614 3913 δὴ
1650 3843 1962 3915 θαυμαστὸν
1992 3831 2087 3902 καὶ

423 3922 748 3991 παράδοξον,
780 3925 864 3977 ὅτι
900 3926 993 3978 καὶ
1022 3926 1176 3979 αὑτοὶ
1215 3929 1264 3981 οί
1305 3929 1480 3984 ταῦτα
1519 3933 1647 4002 περὶ
1673 3935 1829 4004 ἡμῶν
1856 3935 2087 4006 ψηφιζόα

427 4026 575 4078 μενοι
604 4010 811 4081 ταχέως
836 4013 934 4081 τῆς
962 4013 1170 4084 πλάνης
1217 4017 1654 4088 ἀποστήσονται,
1698 4024 1792 4076 καὶ
1827 4025 1962 4094 πρὸς
1988 4027 2087 4096 τὴν

421 4095 682 4167 ἀλήθειαν
704 4100 1053 4170 ἐπανήξουσι.
1090 4103 1258 4156 Τοῦτο
1295 4105 1350 4157 δὲ
1386 4107 1518 4177 ὅσην
1543 4111 1654 4172 τοῖς
1681 4111 1942 4174 τοιούτοις
1972 4115 2087 4168 ἐκεῖ

422 4183 520 4253 τὴν
549 4187 857 4257 παρρησίαν
885 4188 1134 4260 προξενεῖ
1170 4193 1330 4245 παντί
1358 4210 1458 4246 που
1488 4194 1644 4266 δῆλόν
1685 4199 1850 4253 ἐστιν.
1873 4201 2086 4266 Εἰδότες

422 4272 619 4337 τοίνυν,
631 4275 705 4337 ὡς
721 4276 1010 4331 ὑπεύθυνοι
1028 4281 1119 4332 καὶ
1136 4281 1233 4351 τῆς
1250 4282 1513 4349 ὡφελείας
1531 4287 1623 4339 καὶ
1640 4287 1736 4358 τῆς
1757 4289 1958 4361 βλάϐης
1978 4293 2086 4346 τῶν

425 4359 651 4432 πλησίον
677 4363 864 4432 ἐσμὲν,
895 4364 1037 4418 οὕτω
1057 4366 1148 4419 τὸν
1170 4369 1378 4422 ἑαυτῶν
1419 4373 1792 4444 οίκονομῶμεν
1833 4377 1967 4446 βίον,
2011 4379 2086 4442 ὡς

424 4447 504 4518 μὴ
540 4449 698 4518 μόνον
719 4451 931 4515 ἑαυτοῖς
965 4455 1176 4524 ἀρκεῖν,
1201 4455 1336 4509 ἀλλὰ
1365 4459 1588 4524 καὶτοῖς
1617 4459 1793 4525 ἄλλοις
1830 4463 2084 4518 διδασκα-

425 4535 546 4600 λίας
579 4537 834 4624 ὑπόθεσις
877 4540 1146 4606 γίνεσθαι,
1197 4545 1283 4598 ἵνα
1331 4545 1423 4598 καὶ
1456 4548 1689 4602 ἐνταῦθα
1744 4551 1944 4622 πολλὴν
1987 4554 2084 4624 τὴν

423 4622 576 4694 παρά
597 4612 694 4676 τοῦ
739 4625 874 4678 Θεοῦ
922 4628 1094 4698 ῥοπὴν
1135 4631 1589 4702 ἐπισπασώμεθα,
1632 4636 1725 4688 καὶ
1754 4639 1811 4690 ἐν
1856 4638 1934 4709 τῷ
1960 4641 2078 4708 μέλ-

422 4709 568 4764 λοντι
591 4712 828 4782 δαψιλῶς
858 4715 1258 4787 ἀπολαύσωμεν
1292 4721 1391 4789 τῆς
1419 4722 1570 4792 παρά
1603 4723 1696 4776 τοῦ
1737 4725 1869 4778 Θεοῦ
1899 4727 2086 4796 φιλαν-

421 4797 689 4870 θρωπίας,
737 4802 920 4872 χάριτι.
975 4804 1069 4856 καὶ
1119 4808 1425 4877 οίκτιρμοῖς
1475 4809 1567 4860 τοῦ
1606 4811 1926 4879 μονογενοῦς
1953 4815 2082 4868 Υἰοῦ

421 4886 610 4950 αὑτοῦ,
648 4888 767 4958 μεθ’
800 4883 861 4944 οῦ
887 4891 966 4962 τῷ
989 4893 1161 4962 Πατρὶ
1201 4892 1318 4963 ἅμα
1347 4894 1424 4966 τῷ
1458 4896 1595 4966 ἁγίῳ
1631 4897 1906 4967 11νεύματι
1933 4900 2079 4967 δόξα,

421 4975 642 5044 κράτος,
675 4976 832 5048 τιμὴ,
868 4977 962 5032 νῦν
1021 4980 1117 5034 καὶ¹
1172 4981 1292 5047 ἀεὶ,
1339 4983 1435 5036 καὶ
1467 4985 1546 5047 εἰς
1591 4986 1716 5049 τοὺς
1747 4986 1948 5052 αἰῶνας
1973 4989 2083 5044 τῶν

419 5059 653 5119 αἰώνων.
699 5064 894 5138 Ἀμήν.

1069 5165 1312 5220 ΟΜΙΛΙΑ
1350 5169 1434 5222 Η’.

423 5280 532 5354 Καί
555 5276 726 5336 εἶπεν
755 5286 788 5339 ὁ
819 5285 986 5350 Θεός’
1025 5285 1375 5354 Ποιήσωμεν
1397 5285 1710 5353 ἄνθρωπον
1731 5274 2088 5346 κατέὶκόνίι

490 5350 808 5434 ῄμετέραν,
835 5354 934 5434 καὶ
957 5357 1094 5434 Δκαθ’
1119 5350 1434 5434 ὁμοίωᾳιζ·
1464 5350 1564 5409 καὶ
1582 5357 1930 5434 ἀρχρτωσᾳν
1960 5361 2085 5434 τῶν

493 5423 713 5494 ἰχθύων
734 5424 847 5494 τῆς
863 5423 1202 5494 θαλάσσης,
1224 5427 1456 5478 καὶτῶν
1471 5423 1756 5479 πετειιλῶεν
1782 5430 1888 5482 τοῦ
1909 5433 2084 5494 οὐρα-

492 5492 624 5566 νιέῦ,
655 5493 753 5566 κέιί
777 5492 895 5566 τῶν
932 5493 1186 5566 κτηνῶν,
1225 5497 1322 5566 καὶ
1355 5495 1472 5548 τῶν
1497 5497 1730 5566 θηρίων,
1757 5499 1853 5551 καὶ
1877 5492 2079 5566 πάσης

491 5561 604 5634 τῆς
633 5562 766 5634 γῇς,
805 5563 902 5634 καί
939 5563 1180 5618 πάντων
1210 5564 1325 5619 τῶν
1353 5561 1615 5634 ἑρπετῶν
1635 5561 1753 5620 τῶν
1779 5561 2084 5632 ἑρπόντωὶσ

490 5633 591 5686 ἐπὶ
620 5633 728 5701 τῆς
753 5633 890 5703 γῆς.

492 5751 561 5800 α’.
581 5745 719 5815 Φέρε
749 5747 844 5798 καὶ
871 5745 1131 5815 σήμερον.
1151 5745 1337 5816 ἐπειδὴ
1376 5747 1512 5816 μετά
1535 5746 1730 5818 πολλῆς
1751 5752 1849 5818 τῆς
1881 5750 2081 5819 προθυ-

426 5830 553 5903 μίας
597 5831 865 5900 ἡκούσατε
912 5832 1037 5902 χθὲς
1087 5832 1193 5886 τῶν
1244 5833 1371 5903 παρ’
1412 5835 1568 5903 ἡμῶν
1623 5835 1957 5906 λεγομένων,
2015 5838 2082 5890 τὰ

423 5919 732 5991 πρόσφατον
781 5920 1190 5988 ἀναγνωσθέντα
1223 5920 1511 5990 προθῶμεν
1545 5923 1635 5975 ἐπὶ
1676 5926 1771 5993 τῆς
1819 5923 2088 5995 ὑμετέρας

2201 438 2447 525 ἀγάπης,
2480 444 2744 514 πρότερον
2791 448 2967 501 ἐκεῖνο
3009 451 3486 520 παρακαλέσαντες
3518 453 3682 524 ὑμᾶς,
3715 458 3858 525 μετά

2198 519 2485 609 ἀκριϐείας
2517 525 2802 609 προσέχειν
2840 532 2952 609 τοῖς
3001 519 3330 600 λεγομένοις,
3381 533 3474 586 καὶ
3520 519 3586 588 τά
3615 519 3858 609 πρότερα

2199 597 2614 654 ἐναποτίθεσθαι
2643 605 2795 674 ὑμῶν
2826 610 2890 677 τῇ
2919 597 3147 680 διανοίᾳ,
3180 611 3266 664 ἵνα
3303 612 3376 682 μὴ
3405 615 3581 684 μάτην
3614 597 3706 667 κάὶ
3734 597 3856 686 εἰκῇ

2196 678 2450 764 τοσοῦτον
2504 682 2664 764 πόνον
2715 678 3111 764 ὑπομένωμεν.-
3138 689 3210 742 Τὸ
3261 678 3376 761 γάρ’
3406 678 3858 764 σπουδαζόμενον

2197 755 2376 844 ἡμῖν,
2395 759 2534 826 μετὰ
2563 755 2846 844 ἀκριϐείας
2881 755 3024 835 ὑμᾶς
3073 755 3282 820 εἰδέναι*
3309 755 3418 822 τῶν
3457 755 3858 844 γεγραμμένων

2196 833 2293 922 τῂν
2318 835 2566 922 δύναμιν,
2597 841 2739 922 ὥστε
2781 843 2854 914 μὴ
2896 833 3054 914 μόνον
3082 848 3225 915 ὑμᾶς
3265 848 3436 901 ταῦτα
3633 833 3859 905 ἐπίστα-

2199 914 2341 1002 σθαι,
2384 917 2522 1002 ἀλλά
2547 921 2648 1002 ,καὶ
2686 923 2892 991 ἑτέροις
2919 914 3268 1002 διδασκάλους
3293 914 3556 996 γίνεσθαι,
3574 914 3670 984 ’ἵνα
3697 933 3859 1002 δύνη-

2197 994 2322 1080 ρ-θε,
2349 997 2495 1080 κατὰ,
2511 999 2600 1052 τὸν
2632 1002 2899 1070 μακάριον
2928 1004 3157 1070 Παῦλον,
3189 1001 3269 1070 εἷς
3290 994 3379 1060 τὸν
3407 1008 3500 1062 ἐνα
3531 994 3855 1080 οἰκοδομεῖν.

2196 1072 2324 1127 Ἐὰν
2345 1078 2454 1148 γάρ
2475 1078 2633 1160 ὑμεῖς
2652 1082 2996 1160 προκόπτητε
3026 1087 3084 1136 ἐν
3112 1086 3321 1157 Κυρίῳ,
3355 1087 3446 1140 καὶ
3469 1090 3596 1160 περὶ
3617 1072 3724 1158 τὴν
3746 1089 3857 1141 τῶν

2195 1159 2579 1224 πνευματικῶν
2606 1159 2955 1215 διδασκαλίαν
3002 1164 3242 1218 ἐπίδοσιν
3286 1183 3404 1218 τινα
3444 1159 3852 1233 ἐπιδείκνυσθε,

2197 1234 2398 1316 πολλὴν
2427 1239 2521 1290 καὶ
2549 1239 2680 1309 ἡμῖν
2720 1242 2986 1312 παρέξετε
3017 1243 3113 1313 τὴν
3141 1245 3496 1316 εὐφροσύνην.
3547 1247 3717 1300 Τοῦτο
3745 1249 3858 1316 γάρ

2197 1315 2537 1398 ἡμῶν-ἐστιν
2557 1320 2620 1398 ’ἡ
2670 1321 2822 1398 πάσα
2849 1324 3137 1395 εὑημερία,
3178 1315 3273 1378 καὶ
3317 1315 3626 1397 ἡμεγίστη
3666 1315 3854 1398 ἑορτή.

2202 1391 2296 1456 Τίς
2319 1393 2427 1475 γάρ
2461 1393 2629 1462 ἡμῶν
2661 1397 2704 1475 νή
2741 1391 3007 1468 ἐλπίς·ξῆ
3028 1391 3218 1469 χαρὰ,
3253 1403 3291 1470 ἢ
3339 1391 3663 1473 στέφανος,
3697 1391 3857 1475 ιρήσί.

2195 1471 2587 1555 καρχήσεωςη
2637 1474 2676 1543 ἢ
2705 1477 2840 1555 οὐχὶ
2877 1479 2972 1531 καὶ
3002 1480 3188 1548 ὑμεῖς,
3216 1482 3309 1533 καί¹
3356 1485 3388 1552 ἡ
3436 1471 3672 1555 ὑμετέρα
3709 1471 3859 1538 κατά

2195 1547 2327 1600 Θεὸν
2377 1551 2648 1618 ἐπίδοσις;
2717 1554 2867 1606 Ἑπεί
2918 1547 3160 1610 καὶτῶν
3210 1547 3543 1615 διδασκάλων
3593 1547 3868 1627 ἕκαστος,

2197 1627 2415 1712 ἐπειδὰν
2445 1629 2527 1700 ίδῃ
2565 1633 2656 1685 τὸν
2693 1633 3130 1707 μαθητευόμενον
3157 1639 3268 1692 τῶν
3301 1641 3575 1712 προτέρων
3602 1642 3862 1712 διδαγμά-

2193 1723 2302 1793 των
2349 1707 2446 1779 τὴν
2471 1713 2700 1793 Δμνὴμην
2733 1713 2977 1784 ἀκριϐῶς
3019 1707 3438 1790 ἐμπήξανταπῇ
3470 1707 3861 1793 ⁷διανοίιμ-Ξιαί,

2193 1786 2284 1840 τὸν
2316 1790 2525 1860 καρπὸν
2547 1791 2634 1844 διὰ
2666 1793 2774 1845 τῶν
2797 1794 2971 1864 ἔργων
3007 1786 3464 1868 ἐπιδεικνύμενον,
3504 1803 3640 1870 μετὰ
3679 1802 3856 1856 πλείο-

2193 1883 2283 1928 νος
2313 1867 2411 1938 τῆς
2436 1869 2743 1940 προθυμίας
2777 1873 2871 1925 καὶ
2905 1873 3012 1926 τῶν
3042 1876 3168 1946 ἑξῆς
3201 1867 3299 1947 τὴν
3341 1867 3539 1947 γνῶσιν
3572 1880 3720 1950 αύτῷ
3751 1899 3861 1934 πα-

2195 1946 2637 2028 ρακατατίθεται.
2669 1950 2775 2001 Καὶ
2809 1952 2966 2020 ἡμεῖς
3019 1954 3196 2006 τοίνυν
3230 1946 3339 2026 ὅσῳ
3374 1955 3439 2008 ἂν
3467 1957 3661 2026 ἴδωμεν
3691 1946 3862 2028 ⁷ὑμῶν

2193 2024 2293 2092 τὴν
2325 2023 2562 2105 διάνοιαν
2601 2027 3055 2101 διεγηγερμένην,
3087 2033 3181 2086 καὶ
3218 2023 3321 2086 τὸν-
3352 2034 3512 2088 πόθον
3552 2023 3859 2105 αὐξανόμε-

2193 2118 2302 2166 νον,
2335 2103 2429 2156 καὶ
2457 2103 2713 2174 λογισμὸν
2751 2109 3150 2181 ἐπτερωμένον,
3195 2113 3433 2182 τοσούτῳ
3466 2114 3625 2168 πλέον
3658 2117 3860 2184 προθυ-

2199 2181 2418 2264 μότεροι
2447 2185 2710 2255 γινόμεθα
2735 2189 2871 2258 πρὸς
2899 2190 2958 2241 τὸ
2982 2189 3369 2262 δαψιλεστέραν
3393 2181 3521 2262 ὑμῖν
3543 2181 3862 2264 προτιθέναι

2193 2259 2292 2341 τὴν
2315 2261 2682 2318 διδασκαλίαν.
2719 2267 2867 2337 ’Ὀσῳ
2895 2268 3002 2339 γάρ
3029 2269 3092 2322 ἂν
3129 2259 3346 2322 πλείονα
3388 2259 3704 2341 προχέωμεν
3726 2273 3861 2341 ὑμῖν

2193 2339 2262 2392 τά
2286 2341 2500 2410 νάματα
2529 2343 2701 2396 ταῦτα
2726 2345 2795 2397 τά
2823 2348 3182 2416 πνευματικά.
3214 2339 3448 2420 τοσούτω
3477 2339 3567 2402 καὶ
3598 2339 3729 2420 ἡμῖν
3759 2347 3862 2401 αῦ-

2196 2418 2341 2482 ξεται
2372 2433 2396 2460 τι
2428 2422 2495 2474 τά
2528 2423 2920 2496 τῆς,ἐπιρροῆς
2952 2425 3036 2478 διὰ
3084 2427 3181 2496 τὴν
3219 2418 3500 2496 οἰκοδομὴν
3536 2418 3631 2497 τὴν
3662 2428 3862 2497 ὑμετέ-

2198 2517 2315 2568 ραν,
2343 2501 2430 2553 διά
2459 2502 2556 2572 τὴν
2585 2503 2848 2570 ὠφέλειαν
2886 2506 2994 2557 τῶν
3023 2507 3302 2578 ὑμετέρων
3322 2508 3507 2577 ψυχῶν
3527 2525 3540 2538 ο
3574 2509 3694 2560 ούδέ
3746 2509 3862 2579 γάρ

2193 2579 2340 2634 ἐστιν
2381 2582 2613 2635 ἐνταῦθα
2644 2586 2936 2655 συμϐῆναι,
2981 2586 3118 2655 ὅπερ
3161 2587 3249 2639 ἐπὶ
3291 2588 3397 2639 τῶν
3445 2588 3738 2658 χρημάτων
3770 2589 3862 2655 γί-

2192 2659 2376 2711 νεσθαι
2408 2661 2571 2726 εἰκός.
2611 2664 2759 2715 Ἐκεῖ
2787 2664 2886 2733 μὲν
2919 2665 3028 2735 γάρ
3078 2664 3106 2715 6
3156 2665 3473 2719 καταϐαλὼν
3508 2667 3584 2736 τῷ
3629 2666 3860 2737 πλησίον

2192 2737 2252 2789 τὸ
2303 2739 2586 2809 ἀργύριον,
2633 2741 2910 2811 ἠλάττωσε
2966 2744 3064 2810 τὴν
3115 2743 3320 2796 οἰκείαν
3359 2744 3707 2816 περιουσίαν,
3758 2744 3864 2799 καὶ

2192 2816 2301 2886 ὅσῳ
2327 2816 2393 2870 ἂν
2423 2817 2644 2873 πλείονα
2693 2821 2998 2893 καταϐάλῃ,
3027 2821 3265 2893 τοσούτῳ
3292 2823 3385 2875 καὶ
3433 2823 3502 2876 τά
3528 2823 3627 2892 τῆς
3668 2824 3861 2887 οὐσίας

2192 2895 2342 2966 αὑτῷ
2392 2898 2668 2965 μειοῦται·
2717 2900 2947 2954 ἐνταῦθα
2978 2901 3034 2954 δέ
3086 2903 3430 2965 ἀπεναντίας.
3476 2903 3607 2955 Τότε
3655 2902 3862 2972 μᾶλλον

2191 2975 2323 3042 ἡμῖν
2365 2973 2584 3039 αὔξεται
2617 2977 2683 3030 τὰ
2728 2979 2828 3048 τῆς
2867 2980 3200 3048 περιουσίας,
3230 2979 3347 3033 τότε
3390 2979 3548 3032 πλέον
3580 2981 3862 3032 ἐπιδίδωσι

2190 3052 2259 3105 τά
2295 3052 2390 3105 τοῦ
2414 3054 2644 3109 πλούτου
2669 3056 2858 3109 τούτου
2890 3057 2983 3110 τοῦ
3012 3058 3398 3128 πνευματικοῦ,
3425 3060 3550 3112 ὃταν
3583 3060 3719 3128 μετά
3757 3059 3863 3111 δα-

2190 3130 2404 3200 ψιλείας
2435 3133 2758 3206 προχέωμεν
2808 3136 2878 3189 τὰ
2926 3137 3023 3205 τῆς
3058 3136 3406 3200 διδασκαλίας
3450 3139 3561 3200 τοῖς
3594 3137 3863 3208 ἀρύεσθαι

2194 3208 2552 3280 βουλομένοις.
2595 3213 2745 3266 Ἐπεὶ
2777 3209 2868 3268 οῦν
2895 3214 3050 3269 τοῦτο
3075 3216 3167 3269 καὶ
3193 3218 3323 3286 ἡμῖν
3356 3218 3595 3280 πλείονος
3624 3217 3863 3269 πλούτου

2193 3289 2286 3341 καὶ
2319 3290 2634 3360 περιουσίας
2679 3292 2932 3357 ὑπόθεσις
2971 3295 3198 3361 γίνεται,
3233 3296 3326 3348 καὶ
3360 3297 3516 3365 ὑμεῖς
3548 3296 3864 3365 ἀκορέστως

2193 3367 2342 3436 ἔχετε
2375 3370 2502 3440 περὶ
2527 3371 2626 3440 τὴν
2646 3374 3018 3443 πνευματικὴν
3037 3373 3239 3442 ταύτην
3261 3374 3484 3444 τροφὴν,
3509 3374 3636 3445 φέρε
3661 3375 3863 3444 ἴδωμεν

2191 3446 2242 3498 τί
2267 3447 2361 3499 καὶ
2399 3449 2635 3519 σήμερον
2674 3451 2702 3502 6
2751 3448 3017 3522 μακάριος
3046 3454 3283 3523 Μωῦσῆς
3315 3454 3554 3507 διδάσκει
3594 3456 3738 3523 ἡμᾶς
3765 3454 3864 3507 διὰ

2192 3526 2300 3578 τῶν
2338 3527 2809 3594 ἀναγνωσθέντων,
2848 3531 3044 3600 μᾶλλον
3064 3531 3121 3582 δὲ
3145 3533 3197 3583 τί
3226 3535 3258 3601 ἡ
3282 3531 3374 3584 τοῦ
3412 3531 3719 3600 Πνεύματος
3755 3532 3862 3600 χά-

2196 3623 2279 3675 ρις
2312 3605 2399 3658 διὰ
2417 3607 2514 3675 τῆς
2539 3606 2730 3660 τούτου
2762 3608 3008 3680 γλώττης
3041 3611 3205 3663 πᾶσιν
3242 3612 3376 3682 ἡμῖν
3396 3610 3718 3678 διαλέγεται.
3749 3611 3865 3664 Καὶ

2192 3682 2342 3746 εἷπε,
2378 3687 2563 3756 φησὶν,
2601 3689 2636 3740 ὁ
2675 3688 2851 3753 Θεός·
2892 3688 3238 3758 Ποιήσωμεν
3275 3689 3586 3756 ἄνθρωπον
3623 3693 3748 3743 κατ’
3773 3693 3864 3744 ει-

2194 3763 2341 3816 κόνα
2366 3763 2679 3831 ἡμετέραν,
2706 3765 2806 3818 καί
2833 3769 2961 3821 καθ’
2995 3769 3297 3836 ὁμοίωσιν.
3342 3769 3434 3840 Μὴ
3466 3769 3648 3833 άπλῶς
3677 3787 3868 3840 παρα-

2191 3842 2518 3921 δράμωμεν,
2555 3845 2858 3915 ἀγαπητοὶ,
2888 3847 2957 3899 τὰ
3005 3849 3302 3920 εἰρημένα,
3339 3848 3474 3902 ἀλλά
3501 3849 3866 3921 διερευνησῑῦ-

2196 3920 2334 3990 μεθα
2371 3923 2605 3993 ἑκάστην
2631 3924 2808 3989 λέξιν,
2858 3926 2952 3978 καὶ
3002 3927 3138 3998 πρὸς
3190 3929 3251 3980 τὸ
3300 3927 3461 3998 βάθος
3509 3920 3865 3993 κατελθόντες

2193 3999 2596 4070 ἀνιχνεύσωμεν
2632 4003 2730 4073 τὴν
2755 4004 3205 4075 ἐγκεκρυμμένην
3233 4006 3460 4076 δύναμιν
3482 4010 3594 4070 τοῖς
3630 4007 3864 4078 βραχέσι

2192 4078 2400 4142 τούτοις
2436 4082 2694 4150 ῥήμασιν.
2736 4083 2799 4134 Εἰ
2844 4083 2951 4152 γὰρ
2989 4085 3084 4136 καὶ
3123 4084 3278 4154 ὀλίγα
3321 4085 3388 4138 τὰ
3421 4087 3671 4156 ῥήματα,
3720 4088 3864 4141 ἀλλά

2194 4159 2359 4222 πολὺς
2393 4161 2420 4211 6
2455 4159 2900 4230 ἐγκεκρυμμένος
2943 4161 3249 4232 θησαυρὸς,
3284 4164 3379 4216 καὶ
3429 4167 3693 4235 προσήκει
3730 4167 3866 4230 τοὺς

2192 4237 2461 4306 νήφοντας
2513 4239 2607 4291 καὶ
2652 4239 3019 4310 ἐγρηγορότας
3059 4240 3135 4311 μὴ
3187 4243 3348 4313 μέχρι
3385 4243 3486 4311 τῆς
3534 4244 3864 4312 ἐπιφανείας

2195 4317 2464 4369 ἵστασθαι.
2522 4317 2675 4369 Ἐπεὶ
2723 4317 2817 4370 καὶ⁸
2863 4319 2910 4369 οἰ
2942 4319 3032 4372 τὸν
3061 4319 3317 4389 αἰσθητὸν
3358 4321 3542 4374 τοῦτον
3584 4322 3864 4392 θησαυρὸν

2193 4393 2506 4464 ἀνορύττειν
2549 4395 2990 4465 ἐπιχειροῦντες,
3031 4397 3131 4449 οὑκ
3182 4397 3501 4468 ἐξεπιπολῆς
3550 4400 3708 4470 μόνον
3737 4400 3863 4452 δια-

2194 4473 2564 4535 σκάπτουσιν,
2619 4473 2738 4526 οὑδέ
2769 4472 2866 4543 τὴν
2916 4475 3232 4542 ἐπιφάνειαν
3278 4475 3688 4544 διερευνῶνται,
3739 4478 3862 4532 ἀλλ’

2191 4550 2410 4604 ἐπειδάν
2446 4551 2526 4614 εἰς
2562 4549 2695 4603 πολὺ
2728 4550 2888 4620 βάθος
2909 4552 2937 4590 ι)
2963 4553 3279 4618 κατέλθωσι,
3315 4554 3436 4607 τότε
3465 4556 3592 4618 τοὺς
3622 4555 3862 4620 κόλπους

2189 4629 2288 4698 τῆς
2314 4629 2418 4699 γῆς
2432 4629 2790 4699 ἀνιχνεύουσι,
2817 4631 2909 4683 καί⁵
2935 4631 3076 4684 οὕτω
3097 4631 3185 4684 διὰ
3206 4633 3301 4702 τῆς
3324 4634 3525 4696 οἰκείας
3549 4635 3862 4705 ἐπιστήμης

2190 4708 2480 4778 χωρίζουσι
2503 4710 2601 4779 τῆς
2622 4709 2726 4778 γῆς
2749 4709 2809 4762 τὸ
2834 4711 3074 4780 χρυσίον,
3093 4711 3185 4764 καὶ
3218 4713 3355 4781 μετὰ
3381 4711 3472 4765 τὸν
3503 4713 3668 4766 πολὺν
3693 4714 3864 4767 πόνον

2191 4789 2284 4840 καὶ
2313 4788 2508 4858 ἱδρῶτα
2546 4789 2802 4853 πολλάκις
2838 4791 2994 4857 ὀλίγα
3022 4791 3471 4862 ψήγματαμόγις
3505 4793 3683 4862 εὑρεῖν
3729 4793 3863 4861 ἡδυ-

2191 4866 2450 4937 νήθησαν.
2485 4867 2749 4920 Ἐνταῦθα
2775 4869 2830 4920 δέ
2863 4869 3012 4921 οὐδὲν
3040 4869 3277 4922 τοιοῦτόν
3317 4872 3462 4923 ἐστιν
3482 4911 3494 4930 ,
3537 4871 3671 4924 ἀλλὰ
3701 4873 3796 4924 καὶ
3832 4875 3864 4926 6

2190 4946 2350 5008 πόνος
2387 4945 2652 5011 ἐλάττων,
2691 4948 2782 4999 καὶ
2811 4949 2844 5017 ἡ
2891 4947 3176 5019 περιουσία
3226 4947 3449 5017 ἄφατος.
3478 4949 3714 5002 Τοιαῦτα
3745 4950 3864 5021 γὰρ

2190 5024 2402 5077 ἅπαντα
2433 5026 2500 5078 τά
2538 5025 2901 5094 πνευματικά.

2262 5101 2373 5174 [59]
2405 5102 2468 5172 β’.
2498 5103 2588 5174 Μὴ
2609 5103 2783 5156 τοίνυν
2803 5103 3086 5173 γενώμεθα
3109 5105 3323 5175 χείρους
3359 5107 3468 5158 τῶν
3511 5106 3636 5176 περὶ
3661 5107 3731 5160 τά
3767 5112 3844 5161 αἰ-

2191 5181 2364 5250 σθητά
2390 5183 2552 5252 ἐπτοη
2563 5182 2755 5251 μένων,
2779 5183 2912 5236 ἀλλά
2950 5183 3376 5255 διερευνήσωμεν
3400 5197 3422 5224 ⁶
3453 5185 3544 5238 καὶ
3577 5187 3736 5256 ἡμεῖς
3763 5187 3864 5242 τὸν

2190 5261 2457 5332 θησαυρὸν
2476 5260 2660 5313 τοῦτον
2678 5260 2767 5330 τὸν
2789 5262 3152 5331 πνευματικὸν
3174 5263 3263 5316 τὸν
3285 5265 3396 5325 τοῖς
3416 5265 3618 5334 ῥήμασι
3646 5263 3860 5329 τούτοις

2189 5339 2630 5408 ἐναποκείμενον,
2665 5339 2756 5391 καὶ
2785 5339 2998 5410 πρῶτον
3025 5341 3220 5414 ἰδωμεν
3248 5341 3300 5392 τί
3325 5341 3384 5394 τὸ
3415 5343 3596 5395 καινὸν
3625 5343 3718 5395 καὶ
3751 5361 3862 5397 πα-

2191 5419 2410 5490 ράδοξον
2437 5420 2544 5471 τῶν
2587 5418 2909 5488 εἰρημένων,
2958 5421 3050 5472 καὶ
3092 5418 3233 5482 τίνος
3265 5420 3448 5472 ἕνεκεν
3504 5420 3741 5493 τοσαύτῃ
3784 5425 3857 5493 τῇ

2190 5499 2455 5569 ἐναλλαγῇ
2478 5499 2585 5553 τῶν
2607 5499 2866 5568 ῥημάτων
2892 5501 3163 5568 ἐχρήσατο
3195 5501 3222 5552 6
3249 5500 3514 5570 μακάριος
3542 5495 3692 5564 οὗτος
3723 5518 3862 5572 προ-

2189 5580 2384 5649 φήτης,
2422 5578 2617 5648 μᾶλλον
2642 5578 2700 5630 δὲ
2723 5579 2750 5629 6
2776 5578 3152 5648 φιλάνθρωπος
3179 5577 3309 5640 Θεὸς
3335 5578 3421 5630 διὰ
3447 5578 3538 5630 τοῦ
3573 5581 3858 5650 προφήτου

2187 5657 2574 5727 φθεγγόμενος.
2615 5657 2727 5709 Καί
2771 5672 2935 5726 φησι-
2980 5657 3329 5725 Ποιήσωμεν
3377 5654 3690 5726 ἄνθρωπον
3723 5661 3859 5714 κατ’

2252 5804 2277 5831 ⁸
2297 5801 2497 5851 Coislin.
2519 5800 2626 5859 ὑμῖν
2647 5799 2903 5854 αὐξάνεται.

2255 5865 2283 5902 h
2312 5863 2459 5910 δίει-ιι.
2485 5867 2536 5909 el
2559 5863 2743 5922 aliquot
2764 5875 2877 5907 mss.
2902 5860 3087 5908 ἐπειδὰν
3109 5861 3227 5906 πολὺ
3250 5860 3304 5907 τὸ
3326 5860 3479 5922 βάθος.

2264 5929 2284 5955 ε
2314 5923 2513 5986 Aliquot
2534 5937 2645 5972 mss.
2670 5931 2724 5972 el
2743 5923 2893 5972 Sani].
2918 5923 3268 5983 διεῖλεν-θώμεθα.
