4040 6378
201 366 277 425 69
1322 373 1390 431 ΙΝ
1425 375 1577 434 CAP.
1618 375 1658 432 l.
1699 375 1943 436 GENES.
1988 378 2217 440 lllllllL.
2261 385 2395 444 Vlll.
3437 403 3502 458 70

199 496 388 549 seem,
410 484 628 555 quantis
653 483 730 541 illi
749 483 895 557 digni
921 485 1030 542 sint
1053 486 1351 558 suppliciis,
1379 491 1809 562 quandoquidem

200 591 320 631 non
351 578 526 633 solum
565 578 665 634 sibi
695 579 824 650 ipsis
853 579 1338 651 inexstinguibilem
1376 582 1550 653 ignem
1589 600 1809 641 coacer-

200 681 372 739 vant,
406 672 503 727 sed
529 681 585 728 et
614 673 733 727 aliis
761 683 1006 729 auctores
1032 683 1155 728 sunt
1183 684 1238 729 ut
1267 674 1320 729 in
1348 691 1532 733 errore
1557 691 1810 746 perseve-

204 773 353 829 rent,
381 772 440 819 et
467 780 534 820 ne
560 763 811 820 virtutem
841 765 1136 831 addiseant,
1169 766 1419 823 obturent
1453 784 1633 837 aures,
1662 780 1716 826 et
1742 771 1810 826 ad

205 855 329 910 haec
355 856 409 909 in
449 870 612 911 causa
646 866 802 922 sunt,
838 867 896 911 ut
921 859 1080 914 etiam
1112 860 1362 916 virtutum
1393 863 1617 918 studiosi
1648 879 1809 920 accu-

204 958 420 1016 sentur,
448 957 505 1004 et
529 949 1010 1018 reprehendantur,
1042 961 1096 1005 et
1123 952 1264 1022 quod
1291 955 1526 1007 omnium
1556 955 1806 1024 gravissi-

206 1055 378 1102 mum,
404 1056 505 1112 per
531 1041 678 1110 ipsos
705 1042 962 1095 Dominus
987 1042 1402 1112 blasphematur.
1434 1044 1590 1100 Vides
1614 1056 1809 1116 quanta

207 1133 430 1187 malitiae
462 1135 760 1203 pernicies?
790 1135 936 1190 vides
966 1136 1234 1206 quomodo
1262 1151 1367 1191 non
1398 1138 1601 1208 vulgari
1638 1155 1809 1208 poena:

208 1224 477 1280 obnoxios
505 1240 567 1280 se
594 1226 941 1288 constituant.
971 1227 1058 1297 qui
1092 1228 1286 1282 malum
1317 1237 1608 1296 sectantur,
1636 1231 1729 1285 sed
1756 1239 1810 1286 ct

210 1315 379 1371 rutilto
423 1317 788 1386 gravissima},
821 1317 865 1371 si
900 1318 1157 1388 supplicia
1204 1334 1300 1386 pro
1340 1319 1585 1375 omnibus
1627 1321 1808 1376 luituri

207 1420 353 1472 sunt,
382 1426 492 1464 non
519 1411 692 1464 solum
723 1425 817 1479 pro
841 1425 935 1464 sua
962 1411 1279 1478 perditione,
1306 1411 1399 1466 sed
1425 1421 1480 1468 et
1503 1428 1600 1484 pro
1624 1428 1806 1468 erran-

210 1503 339 1555 tium
371 1501 631 1557 scandalo
652 1544 665 1565 ,
695 1515 749 1557 et
777 1519 874 1572 pro
903 1504 1275 1558 criminatione
1312 1505 1599 1574 proborum
1634 1506 1807 1561 homi-

206 1610 358 1656 num,
389 1604 450 1649 et
479 1609 577 1663 pro
615 1595 941 1664 blasphemia
974 1597 1023 1649 in
1057 1597 1262 1651 Deum?
1293 1597 1418 1651 Han
1447 1596 1605 1668 igitur
1629 1599 1805 1653 omnia

205 1687 548 1757 cogitemus,
595 1701 695 1741 nec
738 1697 976 1742 nostram
1027 1687 1253 1742 salutem
1303 1689 1630 1759 negligamus
1665 1707 1678 1744 :
1711 1689 1806 1745 sed

206 1794 400 1850 magna
442 1779 598 1833 nobis
625 1779 694 1832 sit
723 1793 847 1832 cura
885 1790 941 1834 ut
984 1781 1277 1836 secundum
1319 1781 1484 1836 Deum
1507 1783 1764 1836 .vivamns
1787 1823 1804 1848 ,

206 1871 444 1924 scientes
491 1885 592 1923 nos
636 1869 758 1924 inde
804 1869 1034 1924 maxime
1080 1871 1163 1926 vel
1208 1872 1676 1939 condemnandos,
1723 1873 1806 1928 vel

207 1961 346 2014 illius
373 1960 735 2015 beneﬁcentia
763 1960 1078 2030 dignandos.
1125 1962 1215 2016 Sic
1251 1963 1408 2033 igitur
1435 1964 1613 2018 omnia
1644 1963 1804 2019 Lacia-

206 2067 324 2107 mus
347 2092 362 2114 ,
393 2060 456 2104 ut
491 2058 545 2104 et
573 2066 673 2106 nos
699 2051 750 2104 in
781 2067 912 2122 pura
940 2054 1266 2108 conscientia
1295 2069 1600 2120 versemur,
1631 2064 1686 2109 et
1712 2069 1808 2110 eos

207 2145 292 2211 qui
323 2143 505 2197 adhuc
529 2151 746 2204 errant,
773 2151 958 2196 nostro
986 2143 1276 2198 secundum
1308 2145 1472 2198 Deum
1498 2145 1623 2199 vita:
1649 2144 1805 2198 insti-

211 2243 321 2288 tuto
357 2233 429 2288 ad
463 2235 744 2289 veritatem
790 2235 1241 2300 manuducamus,
1284 2245 1340 2290 ut
1375 2251 1472 2306 per
1509 2251 1607 2290 nos
1633 2244 1687 2290 et
1714 2235 1804 2290 alii

209 2339 395 2380 ornnes
421 2325 511 2395 qui
540 2324 693 2379 nobis
714 2336 1186 2392 connumerantur,
1211 2325 1348 2380 bona
1375 2327 1510 2380 fama
1537 2325 1798 2392 fruantur,

207 2429 260 2473 et
282 2428 411 2474 ante
446 2419 627 2473 omnia
663 2418 991 2488 gloriﬁcetur
1017 2419 1273 2474 Dominus
1301 2430 1517 2486 noster,
1549 2427 1603 2474 et
1631 2419 1804 2488 majo-

206 2527 316 2565 rem
344 2511 516 2566 nostri
539 2526 722 2566 curam
747 2520 915 2581 gerat.
949 2512 1079 2566 Nam
1105 2528 1226 2568 cum
1250 2513 1304 2567 in
1333 2527 1431 2567 nos
1457 2514 1806 2583 respicientes

206 2602 453 2658 homines
475 2603 683 2657 lucrum
711 2603 1058 2673 reportabant
1076 2647 1090 2669 ,
1119 2613 1173 2659 et
1197 2604 1407 2659 laudem
1439 2605 1492 2659 in
1525 2605 1691 2660 Deum
1720 2621 1805 2660 re-

208 2693 414 2758 ferent,
445 2693 572 2748 inde
610 2702 666 2750 et
702 2710 802 2749 nos
842 2695 961 2764 plus
996 2695 1190 2750 divina:
1226 2697 1411 2767 gratiae
1436 2712 1802 2767 assequemur.

204 2787 338 2855 Quid
365 2786 513 2842 enim
545 2787 754 2843 beatius
783 2789 998 2844 homine
1021 2790 1111 2859 qui
1151 2791 1228 2845 sic
1255 2791 1416 2855 vivit,
1447 2799 1504 2844 ut
1527 2801 1579 2844 et
1607 2792 1694 2861 qui
1726 2791 1804 2846 vi-

203 2881 331 2936 dent
349 2881 756 2951 obstupeseant,
779 2889 833 2936 et
853 2882 1049 2948 dicant,
1075 2883 1254 2939 Gloria
1276 2884 1396 2950 tibi,
1422 2883 1594 2949 Deus;
1617 2884 1803 2955 quales

203 2985 324 3029 sunt
344 2971 640 3034 Christiani
662 2973 676 3027 l
699 2982 949 3044 quantam
974 2989 1084 3046 pra:
1104 2990 1163 3030 se
1182 2975 1355 3029 ferunt
1377 2975 1762 3046 pltilOSOphiam
1784 2975 1799 3030 l

203 3064 479 3134 quomodo
502 3064 801 3134 despiciunt
831 3066 1146 3134 prmsentia!
1178 3066 1446 3136 quomodo
1471 3067 1649 3122 omnia
1673 3067 1802 3136 ipsis

201 3156 392 3210 umbra
415 3162 470 3208 et
495 3155 762 3209 somnium
787 3163 1116 3225 reputantur,
1137 3165 1191 3211 et
1211 3157 1344 3211 nulli
1365 3156 1651 3211 visibilium
1676 3165 1801 3212 sunt

200 3245 379 3311 afﬁxi;
411 3244 506 3300 sed
535 3245 713 3300 omnia
741 3246 1058 3316 transigunt,
1087 3247 1226 3302 sicut
1249 3247 1282 3302 ii
1308 3249 1396 3318 qui
1419 3249 1470 3303 in
1499 3259 1640 3304 terra
1665 3248 1798 3304 alie-

200 3352 268 3392 na
313 3346 476 3406 agunt
511 3337 813 3408 peregrini,
842 3347 897 3394 et
922 3338 1157 3408 quotidie
1185 3341 1415 3411 migrare
1450 3357 1514 3396 ex
1556 3341 1656 3399 hac
1689 3341 1798 3398 vita

202 3431 424 3499 cupiunt
464 3440 520 3484 et
560 3430 854 3486 anhelant!
893 3431 1155 3499 Quantam
1201 3445 1354 3502 putas
1381 3435 1542 3490 verba
1583 3435 1698 3491 hate
1731 3436 1799 3491 iis

201 3523 284 3591 qui
314 3523 396 3576 sic
421 3522 630 3587 vivunt,
657 3523 818 3576 etiam
846 3521 930 3578 hic
954 3539 985 3577 a
1014 3523 1122 3578 Deo
1152 3525 1452 3580 mercedem
1476 3525 1705 3582 afferre?
1731 3527 1798 3582 Et

141 3674 147 3678 ,
202 3613 337 3680 quod
366 3612 528 3667 valde
555 3611 869 3668 admirabile
897 3629 958 3669 ac
985 3615 1325 3684 stupendum,
1355 3617 1515 3672 etiam
1544 3618 1579 3673 ii
1605 3619 1694 3688 qui
1719 3627 1798 3673 ta-

201 3705 264 3758 lia
290 3704 362 3760 de
388 3703 546 3759 nobis
569 3703 829 3774 judicant,
857 3704 1003 3761 brevi
1032 3706 1100 3761 ab
1132 3722 1317 3763 errore
1341 3707 1621 3774 desistent,
1648 3719 1703 3765 et
1725 3711 1794 3765 ad

198 3798 478 3850 veritatem
509 3795 776 3850 redibunt.
808 3796 918 3852 Hoc
953 3813 1081 3853 vero
1119 3808 1369 3870 quautam
1401 3800 1508 3855 illic
1545 3800 1791 3856 ﬁduciam

198 3886 424 3951 afferat,
454 3885 590 3941 nulli
631 3901 736 3942 non
779 3887 1116 3944 manifestum
1153 3901 1253 3945 est.
1296 3890 1525 3946 Proinde
1563 3893 1793 3948 scientes

198 3993 292 4032 nos
320 3988 381 4034 et
409 3977 480 4034 de
521 3977 669 4034 lucro
706 3987 762 4034 et
797 3979 866 4034 de
902 3980 1099 4035 damno
1133 3981 1502 4051 proximorum
1532 3985 1790 4039 rationem

195 4068 417 4122 daturos
442 4082 567 4124 esse
585 4110 601 4134 ,
628 4069 706 4124 sic
732 4070 892 4124 vitam
924 4079 1160 4126 nostram
1191 4071 1529 4129 instituamus
1553 4115 1568 4138 ,
1599 4083 1656 4129 ut
1685 4091 1794 4131 non

197 4159 371 4214 solum
416 4159 575 4215 nobis
613 4159 878 4228 sufﬁciat,
908 4162 1001 4217 sed
1031 4173 1084 4218 et
1113 4163 1233 4218 aliis
1263 4164 1386 4219 inde
1413 4165 1668 4220 doctrinae
1697 4182 1792 4222 oc-

198 4254 340 4308 casio
379 4253 643 4319 accedat,
677 4263 736 4308 ut
763 4263 817 4309 et
849 4254 935 4310 hic
965 4271 1209 4328 magnam
1240 4257 1331 4311 Dei
1373 4258 1598 4328 gratiam
1639 4259 1793 4314 nobis

199 4346 584 4413 conciliemus,
613 4357 668 4403 et
697 4349 748 4402 in
779 4347 958 4403 futuro
989 4349 1080 4404 Dei
1118 4349 1442 4420 benignitate
1473 4351 1615 4419 large
1641 4352 1790 4406 frua-

198 4454 336 4506 mur,
359 4440 531 4509 gratia
557 4448 616 4494 et
637 4439 1066 4495 miserationibus
1090 4443 1344 4512 unigeniti
1369 4444 1485 4510 ejus
1510 4443 1650 4510 Filii,
1674 4444 1792 4513 qui-

198 4545 316 4584 cum
347 4530 501 4586 Patri
530 4531 689 4586 simul
717 4541 1008 4602 sanctoque
1035 4533 1255 4603 Spiritui
1283 4534 1353 4588 sit
1378 4534 1546 4604 gloria
1569 4576 1583 4600 ,
1616 4535 1788 4604 impe-

201 4622 356 4689 rium,
381 4623 575 4691 honor,
599 4639 740 4678 nunc
757 4632 813 4679 et
831 4639 1062 4694 semper,
1086 4625 1210 4679 etin
1233 4626 1427 4681 sarcula
1449 4627 1786 4682 szeculorum.

198 4711 390 4770 Amen.

769 4826 1046 4882 llOMlLlA
1091 4827 1222 4883 Vlll.

199 4940 263 4994 Et
284 4939 421 4994 dixit
442 4939 586 4994 Deus
612 4960 625 4995 :
654 4939 928 4996 Faciamus
949 4943 1198 4996 hominem
1218 4944 1492 4998 secundum
1516 4945 1789 5017 imaginem

265 5043 498 5086 nostram
536 5043 582 5086 et
623 5035 896 5088 secundum
940 5037 1320 5090 similitudinem
1347 5053 1365 5090 :
1394 5047 1439 5091 et
1467 5037 1788 5094 dominentur

273 5125 500 5195 piscibus
527 5126 682 5179 maris
701 5168 716 5192 ,
743 5135 790 5179 et
818 5127 1101 5181 volatilibus
1129 5129 1242 5182 ειτιί
1263 5169 1278 5192 ,
1307 5137 1354 5182 et
1400 5129 1660 5198 pecoribus
1678 5169 1694 5196 ,
1737 5140 1786 5185 et

265 5218 438 5270 bestiis
459 5257 474 5279 ,
521 5226 567 5270 et
599 5218 840 5271 universa:
865 5227 1012 5272 terra:
1034 5259 1049 5282 ,
1090 5229 1136 5271 et
1160 5220 1388 5273 omnibus
1416 5223 1676 5292 reptilibus
1699 5239 1786 5277 re-

270 5307 503 5377 pentibus
529 5325 684 5378 super
710 5319 893 5362 terram
920 5309 1080 5382 (Gen.
1109 5313 1160 5366 1.
1191 5311 1261 5367 26

269 5442 321 5495 l.
362 5442 478 5511 Age
514 5449 570 5496 et
613 5441 804 5509 hodie,
834 5445 958 5514 quia
999 5444 1202 5501 alacres
1240 5446 1356 5502 heri
1401 5464 1522 5518 quae
1552 5448 1784 5506 diximus

199 5532 419 5586 audistis
438 5573 456 5597 ,
487 5548 607 5602 quae
634 5549 823 5590 recens
850 5536 985 5591 lecta
1013 5547 1172 5603 sunt,
1200 5541 1407 5595 caritati
1439 5552 1627 5596 vestrae
1657 5559 1782 5612 pro-

198 5639 482 5691 ponamus,
512 5625 659 5694 prius
687 5634 865 5683 tamen
889 5643 986 5684 vos
1013 5632 1354 5688 cohortantes
1376 5673 1392 5701 ,
1420 5643 1479 5688 ut
1503 5635 1784 5704 diligenter

197 5715 510 5770 auscultetis
537 5732 598 5771 ea
626 5733 745 5787 qua:
773 5719 1041 5786 dicuntur,
1073 5731 1130 5776 et
1152 5738 1270 5792 quae
1295 5724 1441 5793 prius
1470 5724 1606 5780 dicta
1636 5736 1778 5794 sunt,

199 5806 333 5866 bene
348 5811 414 5892 _in
444 5821 624 5867 mente
650 5822 824 5869 vestra
868 5817 1136 5889 reponatis
1155 5858 1169 5885 ,
1199 5827 1255 5873 ut
1287 5833 1352 5874 ne
1391 5817 1586 5875 frustra
1615 5830 1669 5876 et
1696 5821 1780 5876 iu-

1915 511 2126 554 eassum
2163 499 2400 559 laborem
2444 512 2650 564 tantum
2680 509 2930 568 feramus.
2964 514 3075 570 lluc
3103 519 3242 573 enim
3271 521 3503 580 studium

1914 597 2156 646 nostrum
2185 603 2300 660 est,
2333 604 2391 651 ut
2416 598 2520 653 vim
2562 616 2624 655 ac
2667 618 2883 660 sensum
2915 622 3100 664 eorum
3149 627 3266 680 qua:
3307 617 3504 684 scripta

1913 680 2022 735 sint
2045 695 2288 759 accurata
2319 687 2500 744 sciatis
2525 708 2538 745 :
2565 700 2726 761 atque
2749 695 2819 750 ita
2845 707 2903 751 ut
2925 713 3029 752 non
3057 701 3227 755 solum
3257 680 3502 770 teneatis,

1915 771 2011 826 sed
2037 783 2093 828 et
2120 774 2350 832 aliorum
2393 782 2628 850 magistri
2661 785 2811 852 sitis,
2843 798 2902 842 ut
2931 790 3178 858 possitis,
3209 796 3502 851 secundum

1917 860 2131 918 beatum
2176 865 2430 934 Paulum,
2463 886 2600 926 unus
2641 875 2864 931 alterum
2909 879 3171 936 :ediﬁcare
3201 882 3220 953 (
3245 885 3294 938 l.
3322 884 3480 940 Thess

1914 950 1968 1006 5.
2002 953 2122 1023 ll).
2150 954 2281 1009 Nam
2312 959 2355 1011 si
2385 974 2478 1015 vos
2504 963 2834 1031 proieceritis
2860 966 2912 1021 iu
2943 969 3186 1036 Domino,
3212 950 3275 1028 et
3315 976 3365 1030 in
3395 978 3500 1046 Spi-

1919 1043 2186 1100 ritualium
2236 1047 2480 1105 doctrina
2529 1054 2759 1124 aliquem
2805 1059 3098 1127 profectum
3142 1043 3502 1137 ostenderitis,

1916 1133 2077 1188 etiam
2108 1153 2206 1191 nos
2237 1138 2434 1209 ingenti
2465 1142 2708 1202 afﬁcietis
2748 1149 2948 1204 hetitia.
2988 1153 3113 1208 Haec
3138 1158 3278 1211 enim
3320 1133 3499 1216 nostra

1914 1225 2075 1282 fuerit
2101 1236 2208 1284 tota
2240 1235 2562 1302 prosperitas
2583 1279 2598 1300 ,
2627 1247 2681 1293 et
2706 1255 2912 1296 summa
2952 1242 3231 1302 festivitas.
3265 1249 3390 1316 Qua:
3414 1269 3505 1305 no-

1912 1325 2020 1370 stra
2047 1335 2182 1387 spes,
2214 1321 2292 1376 vel
2319 1324 2589 1392 gaudium.
2619 1328 2695 1380 vel
2719 1345 2926 1398 corona,
2961 1333 3163 1403 inquit,
3191 1339 3505 1408 gloriationis

1919 1407 1996 1478 (l.
2023 1409 2198 1467 Thess.
2223 1412 2277 1466 2.
2304 1414 2392 1484 19)
2417 1417 2440 1470 ?
2469 1433 2638 1472 annon
2659 1430 2705 1473 et
2732 1439 2836 1488 vos,
2869 1433 2924 1478 et
2943 1436 3177 1482 vestrum
3196 1407 3501 1487 secundum

1913 1683 2049 1738 bene
2081 1693 2298 1754 tenere,
2331 1690 2686 1762 operibusque
2717 1695 2844 1764 ipsis
2887 1696 3114 1753 fructum
3145 1701 3377 1771 aliquem
3409 1720 3503 1759 ex-

1914 1773 2136 1844 hibere,
2170 1780 2373 1847 majore
2400 1781 2672 1839 alacritate
2697 1796 2750 1841 et
2779 1791 3111 1858 sequentium
3144 1796 3500 1863 cognitionem

1913 1867 2172 1936 przebent.
2218 1871 2284 1926 Et
2313 1888 2412 1928 nos
2461 1890 2673 1944 quoque
2701 1891 2898 1948 quanto
2935 1885 3104 1954 magis
3143 1899 3374 1942 mentem
3405 1907 3500 1944 ve-

1913 1965 2078 2012 stram
2121 1961 2290 2032 erigi,
2342 1973 2397 2018 et
2439 1965 2762 2024 desiderium
2813 1987 3089 2042 crescere,
3137 1981 3504 2052 rationemque

1909 2048 2022 2104 alas
2057 2065 2331 2109 assumere
2375 2055 2653 2126 videmus,
2687 2069 2835 2116 tanto
2873 2065 3161 2124 alacriores
3204 2048 3499 2141 reddinmr,

1911 2148 1969 2194 ut
2013 2141 2317 2200 uberiorem
2361 2144 2655 2204 doctrinam
2687 2168 3067 2223 proponamus.
3113 2161 3322 2229 Quanto
3361 2168 3502 2221 enim

1912 2231 2033 2300 plus
2060 2234 2212 2291 vobis
2256 2239 2624 2307 profundimus
2656 2245 2974 2324 fluentorum
3021 2250 3209 2308 horum
3253 2257 3502 2326 spiritua-

1911 2323 2039 2378 lium
2061 2367 2076 2393 ,
2109 2335 2256 2385 tanto
2287 2331 2440 2387 nobis
2469 2345 2523 2389 et
2568 2336 2761 2392 ﬂuenta
2789 2350 2916 2396 sunt
2954 2323 3222 2413 auctiora,
3252 2351 3500 2406 nimirum

1909 2425 2131 2488 prOpter
2158 2421 2566 2480 :ediﬁeationem
2594 2438 2842 2498 vestram,
2877 2443 2929 2489 et
2960 2447 3178 2507 propter
3204 2451 3500 2499 vestrarum

1908 2510 2210 2566 animarum
2243 2516 2522 2571 utilitatem
2554 2537 2568 2572 :
2598 2535 2703 2575 non
2734 2524 2876 2578 enim
2899 2525 2949 2579 in
2980 2527 3080 2583 hac
3107 2545 3265 2586 causa
3293 2538 3501 2590 contiu-

1906 2601 2084 2697 git_id
2134 2607 2274 2674 quod
2323 2608 2374 2662 in
2432 2613 2690 2679 pecuniis.
2742 2615 2852 2671 Illic
2895 2621 3036 2674 enim
3086 2625 3172 2692 qui
3222 2639 3498 2697 argentum

1909 2694 2082 2750 vicino
2109 2697 2499 2768 dinumeravit,
2544 2705 2808 2761 imminuit
2837 2725 2984 2764 suam
3021 2694 3404 2785 substantiam,
3449 2732 3500 2778 et

1907 2798 2104 2858 quanto
2130 2791 2247 2860 plus
2275 2805 2538 2864 numerat,
2570 2806 2717 2852 tanto
2749 2801 2923 2856 minus
2953 2807 3188 2872 possidet
3219 2815 3493 2879 pecuniam

1908 2876 1995 2933 hic
2016 2888 2196 2936 autem
2246 2883 2402 2952 plane
2431 2899 2587 2943 secus
2625 2891 2817 2960 agitur.
2867 2893 3012 2950 Tunc
3047 2899 3190 2954 enim
3219 2876 3499 2959 facultates

1907 2981 2107 3028 nostra:
2152 2975 2269 3044 plus
2311 2991 2659 3048 accrescunt,
2712 2993 2834 3038 tunc
2877 2988 3187 3055 spirituales
3237 2992 3319 3047 hae
3366 3012 3494 3065 opes

1906 3063 2075 3133 magis
2095 3077 2374 3136 augentur,
2399 3072 2612 3140 quando
2640 3073 2856 3132 haurire
2876 3079 3178 3137 volentibus
3199 3063 3494 3143 doctrinam

1909 3152 2200 3247 liberaliter
2226 3159 2616 3226 profundimus.
2648 3164 2812 3234 igitur
2849 3171 2968 3238 quia
3015 3171 3116 3226 hoc
3145 3175 3298 3231 nobis
3327 3179 3497 3247 majo-

1907 3257 2027 3298 rum
2059 3244 2360 3304 divitiarum
2405 3266 2565 3308 causa
2606 3265 2729 3320 est,
2777 3267 2832 3312 et
2861 3275 2955 3315 vos
2999 3262 3357 3332 spiritualibus
3398 3244 3498 3322 ali-

1908 3338 2106 3393 mentis
2150 3342 2332 3397 satiari
2385 3360 2490 3400 non
2534 3349 2791 3418 potestis,
2840 3368 2938 3423 age
2970 3355 3242 3414 videamus
3280 3363 3404 3430 quid
3446 3375 3496 3420 et

1906 3427 2062 3484 hodie
2092 3429 2280 3487 beatus
2305 3433 2482 3491 Moses
2511 3438 2562 3492 in
2593 3439 2674 3494 his
2699 3456 2817 3510 qua:
2847 3443 2982 3499 lecta
3011 3456 3136 3502 sunt
3162 3466 3257 3506 nos
3286 3427 3494 3522 doceat,

1903 3520 2012 3575 imo
2040 3521 2166 3592 quid
2195 3525 2362 3593 gratia
2393 3527 2620 3596 Spiritus
2649 3546 2743 3599 per
2769 3532 2887 3601 ejus
2926 3535 3156 3606 linguam
3203 3543 3353 3597 nobis
3382 3520 3496 3598 om.

1902 3611 2058 3668 nibus
2085 3612 2248 3669 dicat.
2276 3615 2369 3671 26.
2397 3615 2468 3671 Et
2491 3618 2639 3685 dixit,
2671 3621 2870 3692 inquit,
2901 3624 3039 3680 Deus
3061 3644 3080 3681 :
3101 3627 3376 3688 Faciamus
3403 3636 3496 3688 lio-

1902 3704 2089 3758 minem
2113 3706 2392 3762 secundum
2416 3709 2685 3781 imaginem
2711 3723 2952 3778 nostram,
2983 3727 3029 3771 et
3056 3723 3330 3775 secundum
3355 3727 3493 3778 simi-

1900 3794 2187 3850 litudinem.
2236 3796 2318 3853 Ne
2365 3799 2680 3870 simpliciter
2732 3803 2846 3860 haac
2899 3807 3039 3863 dicta
3090 3821 3490 3883 prretereamus,

1898 3885 2187 3954 carissimi,
2219 3888 2313 3943 sed
2344 3889 2703 3960 disquiramus
2730 3897 2889 3950 verba
2918 3900 3159 3969 singula,
3187 3914 3243 3958 et
3277 3905 3329 3960 in
3361 3924 3485 3976 pro-

1899 3978 2119 4033 fundum
2149 3979 2536 4038 descendentes
2555 4025 2570 4050 ,
2603 3986 2710 4040 vim
2738 3987 2791 4042 in
2817 3988 3106 4048 breviculis
3136 3993 3282 4050 hisce
3312 3999 3488 4055 verbis

1899 4071 2150 4127 latentem
2181 4072 2586 4145 investigemus.
2614 4078 2748 4134 Nam
2796 4081 2918 4137 licet
2960 4099 3124 4154 pauca
3168 4089 3275 4144 sint
3303 4091 3480 4160 verba,

1899 4179 2124 4233 magnus
2153 4173 2328 4221 tamen
2356 4167 2638 4226 thesaurus
2660 4181 2743 4227 est
2770 4174 2821 4228 in
2848 4175 2952 4230 illis
2977 4179 3305 4248 reconditus,
3327 4193 3486 4252 atque

1895 4256 2049 4312 decet
2072 4267 2302 4315 attentos
2331 4270 2385 4316 et
2407 4262 2595 4333 vigiles
2624 4281 2728 4319 non
2759 4266 2812 4320 in
2839 4271 3122 4338 superﬁcie
3151 4284 3312 4330 stare.
3344 4277 3486 4346 Quo-

1897 4349 2039 4403 niam
2070 4358 2126 4404 et
2161 4349 2198 4404 ii
2227 4353 2316 4420 qui
2348 4355 2630 4410 sensibiles
2659 4357 2757 4412 hos
2801 4358 3078 4417 thesauros
3117 4366 3350 4423 effodere
3388 4386 3484 4424 cu-

1897 4451 2123 4510 nantur,
2155 4459 2260 4500 non
2291 4446 2342 4500 in
2375 4447 2532 4516 plano
2557 4458 2612 4503 et
2641 4450 2692 4504 in
2734 4454 3016 4522 superﬁcie
3057 4458 3229 4513 solum
3273 4461 3480 4520 fodiunt

1895 4542 2057 4603 atque
2083 4536 2431 4606 perquirunt,
2461 4539 2554 4594 sed
2584 4541 2635 4594 in
2672 4543 2991 4610 profundum
3030 4547 3396 4620 descendunt,
3427 4567 3482 4612 et

1896 4626 2184 4694 penitiores
2211 4637 2368 4684 terra:
2397 4630 2546 4687 sinus
2569 4643 2877 4691 scrutantur
2905 4654 2920 4692 :
2951 4649 3112 4710 atque
3139 4643 3209 4699 ita
3237 4656 3354 4701 arte
3383 4663 3480 4704 sua

1894 4730 2081 4770 aurum
2109 4733 2138 4771 a
2167 4727 2306 4774 terra
2347 4732 2660 4793 segregant,
2695 4729 2904 4782 tametsi
2941 4745 3085 4799 saepe
3113 4743 3231 4802 post
3270 4737 3478 4794 labores

1893 4807 2221 4877 sudoresque
2245 4812 2440 4866 multos
2465 4814 2550 4868 vix
2591 4830 2754 4885 pauca
2783 4820 3026 4889 quaedam
3067 4836 3307 4882 ramenta
3347 4830 3478 4886 aﬁ'e-

1893 4910 2036 4954 runt.
2068 4902 2165 4956 llic
2189 4915 2366 4958 autem
2399 4906 2468 4960 nil
2502 4908 2604 4960 tale
2640 4919 2755 4977 est,
2784 4914 2874 4966 sed
2903 4913 3056 4968 labor
3083 4918 3255 4972 minor
3275 4961 3288 4982 ,
3318 4931 3372 4974 et
3401 4923 3478 4976 in-

1894 4991 2117 5048 eil'abilis
2144 4993 2379 5051 ubertas.
2407 4997 2541 5052 Nam
2569 5001 2864 5070 spiritualia
2901 5007 3082 5059 omnia
3111 5007 3163 5062 in
3191 5008 3331 5066 hunc
3358 5029 3475 5067 mo-

1891 5084 2018 5139 dum
2049 5102 2106 5140 se
2137 5087 2352 5143 habent.

1961 5176 2018 5230 2.
2057 5175 2135 5233 Ne
2164 5179 2324 5249 igitur
2348 5180 2518 5237 simus
2560 5182 2855 5242 deteriores
2884 5185 2950 5241 iis
2985 5189 3072 5258 qui
3109 5189 3177 5244 ad
3206 5193 3476 5251 sensibilia

1892 5269 2098 5325 inhiant
2129 5289 2141 5326 :
2171 5273 2265 5327 sed
2296 5273 2625 5345 inquiramus
2652 5287 2706 5333 et
2728 5294 2828 5334 nos
2856 5279 3136 5351 diligenter
3165 5283 3471 5342 thesaurum

1892 5359 2035 5417 hunc
2077 5362 2406 5432 Spiritualem
2449 5366 2503 5420 in
2529 5368 2706 5423 verbis
2743 5370 2859 5426 istis
2895 5372 3223 5428 reconditum
3246 5416 3262 5442 ,
3291 5385 3345 5430 et
3373 5379 3478 5444 pri-

1890 5470 2034 5509 mum
2064 5455 2340 5514 videamus
2365 5459 2490 5529 quid
2535 5475 2728 5516 novum
2775 5473 2830 5518 et
2873 5465 3241 5520 admirandum
3285 5468 3470 5526 dicat:

1893 5547 2014 5602 dein
2045 5565 2210 5617 quare
2247 5557 2392 5604 tanta
2418 5551 2700 5608 verborum
2731 5556 3026 5612 variatione
3067 5567 3248 5613 utatur
3290 5560 3476 5616 beatus

1891 5639 1980 5694 hic
2003 5641 2262 5710 prepheta
2282 5681 2298 5709 ,
2331 5643 2438 5696 imo
2464 5643 2725 5715 benignus
2751 5647 2890 5702 Deus
2926 5663 3020 5717 per
3045 5648 3356 5718 prophetam
3393 5648 3474 5704 lo-

1887 5747 2075 5801 quens.
2106 5733 2172 5786 Et
2192 5734 2266 5787 ait
2291 5754 2304 5788 :
2329 5733 2604 5791 Faciamus
2628 5737 2878 5792 hominem
2903 5739 3176 5794 secundum
3200 5741 3468 5810 imaginem

1890 5833 2133 5896 nostram,
2155 5833 2201 5879 et
2221 5827 2496 5903 secundum
2516 5828 2916 5885 similitudinem.
2939 5830 3118 5904 Nuper
3135 5846 3256 5888 cum
3282 5833 3472 5889 cadum
