4040 6378
513 350 571 404 7t
1296 342 1350 398 S.
1391 339 1669 398 JOANNIS
1704 334 2177 394 CIIRYSOSTOHI
2220 336 2535 393 ARCIHEP.
2577 338 3110 403 CQNSTANTINOP.
3738 338 3769 389 Ἰ

515 477 819 534 terramque
870 460 1191 525 formasset,
1236 456 1535 512 audivimus
1582 455 1729 509 illum
1784 451 2047 507 dicentem
2085 468 2097 503 :

519 556 638 611 Fiat
680 558 771 611 tua:
796 569 815 609 :
843 564 897 608 et
921 595 934 614 .
968 550 1088 609 Fiat
1132 551 1504 619 ﬁrmamentum
1544 547 1598 598 in
1627 544 1791 598 medio
1824 557 2007 605 aqum;
2048 550 2102 594 et

518 652 728 714 iterum,
760 645 1134 716 Congregentur
1161 656 1305 711 aqua
1353 640 1407 693 in
1441 636 1879 708 congregationem
1919 650 2096 698 unum,

511 750 558 794 et
584 746 829 809 appareat
868 736 1015 788 arida
1039 748 1059 788 :
1087 742 1171 796 et,
1213 730 1365 785 Fiant
1408 728 1680 783 luminaria
1705 740 1725 780 :
1751 734 1833 791 et,
1867 724 2099 778 Educant

512 845 658 900 aqum
703 826 904 898 reptilia
953 825 1240 878 animarum
1284 821 1570 875 viventium.
1620 817 1807 872 Vidisti
1852 830 2100 870 sermone

513 922 629 973 Sttlti
658 929 709 974 et
760 926 1026 987 pra-cepto
1066 929 1276 967 onmem
1326 921 1621 967 creaturam
1652 909 1883 978 quinque
1910 906 2099 961 diebus

514 1010 777 1063 formari?
825 1006 958 1062 Vide
1010 1004 1166 1059 hodie
1218 1012 1413 1073 quanta
1462 1001 1745 1055 verborum
1793 997 2095 1054 diversitas.

513 1101 627 1157 Non
655 1100 794 1154 enim
819 1099 927 1167 jam
955 1097 1117 1151 dicit:
1144 1095 1260 1149 Fiat
1289 1094 1447 1147 homo
1472 1110 1485 1147 :
1510 1091 1604 1146 sed
1632 1089 1795 1161 quid?
1823 1087 2099 1142 Faciamus

514 1193 763 1245 hominem
794 1187 1070 1242 secundum
1114 1183 1383 1255 imaginem
1433 1191 1689 1246 nostram,
1737 1189 1783 1233 et
1824 1180 2099 1232 secundum

512 1281 908 1336 similitudinem.
942 1276 1077 1345 Quid
1109 1276 1206 1329 hoc
1233 1276 1391 1327 novi?
1421 1273 1546 1342 quid
1577 1272 1817 1325 insoliti?
1843 1272 2095 1337 Quisnam

515 1377 601 1428 ille
628 1374 715 1431 oui
743 1371 1053 1426 formandus
1073 1409 1088 1434 ,
1121 1368 1185 1421 ad
1213 1382 1370 1438 quem
1415 1364 1709 1418 faciendum
1734 1363 1919 1432 Opifici
1952 1371 2096 1415 tanto

514 1465 736 1519 consilio
764 1474 817 1518 et
837 1460 1313 1531 circmnspecdoae
1335 1456 1506 1526 opus?
1532 1456 1607 1510 Ne
1634 1456 1861 1520 mireris,
1884 1454 2093 1508 dilecte.

514 1556 684 1610 lloino
714 1555 855 1608 enim
901 1554 1037 1605 inter
1069 1550 1291 1604 visibilia
1333 1547 1507 1601 omnia
1538 1545 1791 1615 dignitate
1821 1545 2092 1613 princellit,

513 1655 729 1715 propter
756 1658 913 1713 quem
942 1641 1153 1695 condita
1181 1647 1305 1693 sunt
1330 1636 1443 1690 lucc
1469 1637 1667 1699 omnia,
1694 1635 1903 1697 Culum,
1934 1645 2092 1698 terra,

512 1752 677 1798 mare,
710 1734 812 1799 sol,
841 1732 986 1797 luna,
1015 1732 1201 1794 stella),
1234 1728 1440 1799 reptilia
1462 1769 1476 1793 ,
1505 1728 1764 1797 iumenta,
1799 1727 2053 1796 brutaque
2076 1727 2093 1757 ⁸

509 1826 759 1879 animalia
785 1824 983 1876 omnia.

578 1915 684 1971 Cur
725 1916 969 1969 elementa
1006 1923 1123 1966 ante
1164 1912 1414 1964 hominem
1458 1918 1645 1964 creata.
1685 1938 1759 1950 —
1801 1909 1865 1963 Et
1906 1923 2091 1977 quate,

510 2008 737 2077 inquies,
762 2006 965 2061 tardius
992 2020 1202 2060 ert-alus
1222 2013 1303 2058 est
1330 2006 1513 2068 homo,
1538 2004 1582 2056 si
1608 2003 1815 2058 ca‘lcris
1840 2002 2095 2072 dignitate

511 2098 777 2170 pnestat?
810 2099 1015 2153 Merito.
1048 2096 1178 2150 Nam
1207 2105 1261 2149 ut
1290 2096 1596 2166 ingressum
1626 2097 1677 2149 in
1706 2096 1970 2151 civitatem
1998 2097 2094 2149 ali-

508 2208 666 2263 quam
715 2206 870 2261 rege,
921 2205 1098 2259 epene
1146 2188 1373 2259 pretium
1421 2196 1504 2243 est
1550 2188 1797 2258 praemitti
1839 2189 2093 2245 satellites

509 2287 747 2354 aliosque
776 2298 963 2335 omnes
986 2321 1001 2345 ,
1030 2291 1089 2334 ut
1132 2280 1266 2333 bene
1307 2279 1562 2333 adornata
1604 2279 1747 2347 regia
1777 2293 1867 2333 rex
1896 2276 1947 2331 in
1975 2294 2092 2332 eam

507 2376 753 2430 adveniat
783 2392 794 2427 :
824 2373 983 2427 simili
1021 2370 1178 2424 modo
1209 2384 1349 2424 nunc
1388 2369 1537 2438 quasi
1581 2383 1760 2438 regem
1800 2379 1854 2423 et
1898 2368 2093 2437 princi-

507 2484 625 2537 pem
654 2467 882 2534 aliquem
912 2462 1073 2518 rebus
1103 2461 1329 2515 terrenis
1371 2461 1715 2529 praefecturas
1736 2498 1751 2524 ,
1799 2460 1946 2528 prius
1973 2474 2090 2512 om-

507 2575 628 2613 nem
672 2558 810 2611 hunc
841 2564 1083 2609 ornatutn
1115 2551 1419 2615 fabricavit,
1468 2559 1523 2605 et
1564 2550 1774 2604 tandem
1808 2550 1868 2605 iis
1912 2551 2090 2620 praefi-

505 2649 753 2703 ciendum
807 2647 1075 2700 hominem
1123 2643 1408 2713 produxit,
1454 2642 1731 2696 declarans
1777 2642 1930 2697 factis
1974 2642 2090 2696 istis

504 2750 700 2812 quanto
745 2741 946 2793 honore
988 2736 1185 2789 animal
1236 2736 1335 2788 hoc
1397 2744 1766 2803 prosequatur.
1824 2734 2087 2788 Cancrum

505 2847 754 2902 rogemus
780 2831 879 2884 boc
907 2829 1024 2883 loco
1045 2827 1305 2889 Judaeum,
1333 2835 1383 2879 et
1413 2827 1684 2879 videamus
1711 2826 1833 2894 quid
1866 2841 2090 2894 respon-

504 2924 645 2986 deat,
674 2921 740 2975 ad
773 2936 929 2990 quem
955 2919 1087 2973 dixit
1114 2918 1253 2971 Deus
1298 2934 1311 2970 :
1338 2915 1611 2970 Faciamus
1638 2916 1887 2969 hominem
1911 2933 2091 2970 secun-

502 3017 622 3068 dum
666 3014 941 3085 imaginem
983 3012 1252 3066 nostram?
1294 3009 1499 3079 Scripta
1546 3011 1687 3064 enim
1733 3020 1857 3065 sunt
1903 3009 2019 3065 hinc
2054 3026 2088 3066 a

502 3106 669 3172 Mose,
718 3107 803 3161 cui
847 3122 907 3160 se
935 3105 1159 3161 credere
1198 3104 1381 3159 dicunt
1427 3102 1671 3173 quidem,
1718 3117 1823 3157 non
1864 3102 2089 3157 credunt

501 3208 681 3254 autem
714 3217 725 3251 :
756 3199 894 3253 sicut
922 3207 975 3251 et
1004 3196 1246 3252 Christus
1276 3196 1445 3265 inquit
1473 3212 1485 3247 :
1525 3194 1584 3249 Si
1626 3196 1889 3249 crederetis
1933 3195 2084 3261 Mosi,

503 3314 566 3353 cr.
584 3291 767 3344 deretis
793 3290 967 3355 utique
992 3298 1036 3342 et
1064 3288 1189 3341 mihi
1218 3287 1398 3357 (Joan.
1421 3286 1473 3341 5.
1504 3286 1614 3355 46).
1645 3286 1748 3341 Sed
1780 3286 1947 3341 litera:
1973 3288 2088 3356 qui-

504 3410 515 3440 .
540 3400 620 3440 em
649 3382 785 3449 apud
818 3382 938 3434 illos
964 3388 1103 3444 sunt,
1136 3395 1323 3435 sensus
1350 3395 1474 3433 vero
1503 3377 1639 3446 apud
1671 3394 1787 3431 nos.
1821 3379 1900 3431 Ad
1927 3396 2084 3448 quem

499 3470 661 3531 isltur
689 3475 885 3527 dictum
915 3483 993 3526 est
1020 3515 1033 3537 ,
1078 3470 1355 3525 Faciamus
1398 3470 1681 3533 hominem,
1725 3479 1777 3522 et
1816 3485 1935 3522 eum
1980 3485 2086 3537 quo

493 3565 780 3619 consilium
826 3564 924 3617 hoc
970 3563 1151 3616 habuit
1182 3562 1481 3615 Dominus?
1520 3560 1635 3613 Non
1680 3560 1820 3629 quod
1861 3562 2085 3614 consilio

495 3662 550 3704 el
596 3656 1022 3710 Consideratione
1068 3668 1202 3722 opus
1248 3653 1439 3707 habeat
1484 3669 1496 3705 :
1543 3652 1722 3716 absit;
1780 3650 1873 3705 sed
1919 3650 2083 3721 figura

501 3747 782 3799 verborum
814 3746 1084 3799 declarare
1112 3745 1306 3809 voluit,
1352 3758 1507 3811 quam
1536 3742 1881 3797 excellentem
1913 3743 2082 3795 booo-

500 3856 611 3894 rem
643 3840 870 3901 homini,
902 3839 987 3908 qui
1026 3837 1385 3903 formabatur,
1421 3836 1635 3889 tribuat.
1683 3834 1817 3900 Quid
1844 3849 1971 3904 ergo
2000 3835 2081 3888 dl-

498 3939 626 3985 cunt
670 3930 722 3983 bi
768 3930 856 3999 qui
901 3928 1075 3981 adhuc
1106 3929 1301 3981 habent
1329 3927 1567 3980 velamen
1614 3941 1774 3994 super
1801 3927 1960 3980 corda
1990 3940 2081 3979 sua

501 4023 766 4090 positum,
816 4029 870 4075 et
916 4020 1044 4072 nihil
1093 4034 1278 4072 eorum
1328 4033 1445 4087 qua:
1496 4016 1579 4069 hic
1628 4024 1752 4070 sunt
1796 4026 2081 4083 contenta,

501 4113 797 4183 intelligere
845 4112 1069 4165 volunt?
1127 4110 1207 4164 Ad
1258 4110 1501 4179 angelum
1556 4109 1636 4163 vel
1683 4107 2081 4177 archangelum,

502 4209 765 4277 inquiunt,
797 4206 910 4259 bmc
935 4204 1071 4259 dicta
1103 4214 1248 4257 sunt.
1279 4204 1322 4256 Ο
1349 4202 1630 4266 insaniam,
1654 4217 1686 4256 ο
1714 4216 1956 4272 magnam
1985 4201 2083 4255 im-

504 4296 850 4367 pudentiam!
898 4295 964 4349 Et
1006 4293 1271 4364 quomodo
1302 4294 1491 4347 rationi
1534 4302 1947 4347 consentaneum
1978 4303 2080 4357 est,

501 4388 639 4441 boue
669 4387 768 4451 vir,
803 4394 860 4439 ut
889 4385 1059 4455 angeli
1090 4384 1369 4439 consilium
1402 4385 1580 4438 ineant
1607 4399 1727 4437 cum
1757 4385 1999 4450 Domino,
2030 4394 2085 4440 et

497 4488 756 4531 creatur-.e
796 4492 915 4530 cum
948 4476 1244 4531 Creatore?
1292 4475 1405 4529 Non
1455 4475 1595 4529 enim
1646 4485 1728 4529 est
1774 4473 2081 4545 angelorum

498 4569 779 4621 consilium
809 4566 967 4633 dare,
999 4566 1091 4620 sed
1133 4566 1418 4631 assistere,
1451 4573 1506 4620 et
1534 4564 1884 4621 ministerium
1911 4565 2083 4620 adim-

500 4661 665 4730 plere.
701 4659 764 4713 Et
790 4669 846 4711 ut
872 4658 1066 4724 discas,
1092 4657 1213 4711 andi
1242 4658 1633 4712 vocalissimum
1664 4656 1873 4711 Esaiam
1900 4657 2084 4713 dicen-

502 4764 607 4807 tem
650 4751 716 4806 de
757 4751 1001 4820 supernis
1026 4750 1278 4820 angelicis
1304 4750 1583 4805 virtutibus
1615 4767 1628 4803 :
1664 4750 1789 4807 Vidi
1815 4748 2081 4806 Cherubim

498 4844 683 4897 stantia
708 4860 738 4895 a
763 4842 951 4895 dextris
977 4841 1101 4908 Dei,
1130 4853 1175 4895 et
1206 4841 1499 4910 Seraphim,
1531 4852 1576 4893 et
1606 4842 1897 4912 obtegebant
1923 4844 2081 4915 facies

500 4936 748 5004 pedesque
770 4952 888 4989 suos
917 4935 1013 4987 alis
1044 4932 1196 5004 (Isai.
1223 4934 1275 4988 6.
1305 4931 1382 5003 2).
1411 4932 1560 5000 Quod
1593 4933 1709 4985 ideo
1739 4932 1932 4987 factum
1963 4949 2084 4990 esse

489 5028 697 5097 liquet,
724 5028 847 5098 quia
892 5027 1062 5094 fulgur
1110 5025 1401 5094 maiestatis
1434 5025 1625 5078 divina:
1657 5024 1778 5079 inde
1803 5026 2082 5097 caedicus

492 5128 641 5174 terte
661 5136 764 5173 non
789 5126 1024 5187 possent,
1048 5116 1140 5173 sed
1162 5126 1363 5170 starent
1384 5132 1503 5169 cum
1536 5116 1725 5170 timore
1750 5127 1801 5169 et
1828 5126 2078 5172 tremore.

500 5214 709 5268 Etenim
742 5212 999 5264 creaturis
1026 5210 1291 5278 peculiare
1319 5219 1397 5262 est
1429 5210 1651 5262 Domino
1677 5210 1946 5263 assistere.

569 5306 623 5359 ’5.
652 5304 866 5356 Arianos
891 5314 937 5356 et
977 5301 1523 5372 AntIn'opmnorphitas
1562 5302 1833 5353 insectatur
1862 5301 2082 5371 Chryso-

498 5410 710 5454 stomus.
734 5428 803 5438 —-
824 5397 1017 5451 Verum
1048 5397 1118 5450 illi
1149 5396 1277 5449 nihil
1307 5411 1489 5450 eorum
1519 5410 1635 5463 qua:
1656 5394 1940 5464 Scriptura:
1963 5411 2081 5449 ver-

502 5491 582 5545 bis
611 5489 951 5543 contineutur
993 5488 1350 5557 intelligentes
1374 5527 1389 5551 ,
1439 5494 1640 5539 temere
1677 5486 1815 5554 quod
1849 5485 2082 5539 occurrit

500 5584 763 5637 effutiunt.
796 5582 863 5636 Et
894 5582 1015 5636 ideo
1046 5579 1283 5634 refutatis
1313 5577 1523 5631 illorum
1554 5576 1914 5632 deliramentis
1941 5620 1953 5640 ,
1995 5577 2072 5631 di-

568 5718 581 5747 ¹
619 5716 721 5764 Duo
735 5722 862 5769 Uss.
888 5712 1096 5775 reptilia,
1123 5724 1229 5774 ante
1251 5715 1435 5766 natant,
1464 5708 1729 5775 erutaque;
1752 5708 1963 5767 Coislin.,
1998 5724 2077 5762 re-

497 5776 655 5841 ptiiia,
681 5784 722 5827 ct
747 5790 851 5841 qua:
871 5769 1195 5835 mo't'cntur,'et
1221 5784 1328 5837 qua:
1350 5774 1534 5831 natant.
1560 5769 1807 5836 mutaque,
1836 5782 1913 5821 ete

2213 460 2421 519 ciorum
2450 453 2642 505 veritas
2663 452 2915 507 Ecclesiae
2940 453 3061 508 filiis
3084 453 3331 511 discenda
3354 466 3451 512 est.
3482 456 3615 525 Quis
3636 461 3794 530 igtur

2209 540 2317 606 hic,
2344 541 2410 594 ad
2431 556 2587 611 quem
2616 542 2805 612 inquit,
2832 542 3106 596 Faciamus
3134 545 3428 599 hominem?
3456 546 3585 613 Quis
3611 560 3791 623 autem

2206 632 2341 686 alius
2366 674 2381 699 ,
2413 649 2571 703 quam
2603 634 2690 689 ille
2720 634 2896 704 magni
2922 636 3129 690 consilii
3154 639 3373 706 angelus
3397 678 3410 701 ,
3444 640 3532 695 ille
3556 640 3790 697 admira-

2207 722 2329 777 bilis
2354 724 2708 789 consiliarius,
2739 735 2947 794 potens,
2977 726 3219 796 princeps
3249 730 3412 796 pacis,
3445 740 3597 798 pater
3628 732 3790 787 futuri

2210 816 2389 870 saeculi
2423 814 2574 886 (lsai.
2600 816 2655 873 9.
2682 817 2762 889 6),
2792 818 3093 889 unigenitus
3118 819 3209 874 Dei
3236 820 3421 888 Filius,
3449 822 3587 877 Patri
3612 840 3778 892 aequa-

2208 904 2272 958 lis
2297 908 2587 963 secundum
2618 909 2989 975 substantiam,
3018 926 3114 980 per
3142 926 3301 980 quem
3329 914 3506 969 omnia
3533 915 3788 984 producta

2205 1000 2373 1055 sunt?
2411 1000 2544 1056 lluic
2570 1001 2700 1056 dicit
2727 1019 2739 1056 :
2768 1001 3045 1057 Faciamus
3071 1004 3323 1057 hominem
3347 1008 3620 1060 secundum
3658 1009 3790 1059 inm-

2203 1092 2371 1161 ginem
2394 1103 2637 1159 nostram,
2664 1104 2709 1148 et
2734 1096 3006 1149 secundum
3032 1097 3433 1150 similitudinem.
3462 1098 3557 1153 llic
3577 1101 3788 1156 Ariani:

2205 1185 2416 1241 letalem
2447 1189 2653 1256 plagam
2694 1188 2901 1257 infligit.
2946 1188 3061 1243 Non
3106 1190 3247 1243 enim
3294 1191 3601 1260 imperando
3628 1193 3784 1259 dixit,

2206 1275 2328 1341 Fac,
2360 1286 2415 1331 ut
2440 1278 2652 1333 subdito
2681 1288 2731 1334 et
2762 1279 2999 1333 inferiori
3023 1321 3038 1345 ,
3073 1280 3152 1333 vel
3184 1291 3241 1334 ut
3272 1281 3461 1335 minori
3493 1284 3783 1337 secundum

2202 1370 2510 1428 essentiam.
2540 1369 2632 1423 sed
2658 1386 2777 1423 cum
2806 1370 3109 1425 omnimoda
3134 1372 3455 1439 :equalitate,
3482 1371 3787 1429 Faciamus:

2202 1470 2256 1512 et
2299 1460 2439 1527 quod
2491 1443 2731 1529 sequitur
2785 1476 2968 1515 rursus
3021 1462 3416 1516 similitudinem
3476 1464 3787 1517 substantia:

2202 1548 2453 1603 ostendit.
2481 1548 2757 1603 Faciamus
2779 1552 2944 1616 enim,
2970 1552 3061 1616 ait,
3089 1552 3338 1604 hominem
3365 1554 3635 1606 secundum
3657 1556 3788 1607 ima-

2202 1639 2368 1709 ginem
2395 1651 2637 1702 nostram,
2673 1650 2716 1693 et
2742 1641 3015 1693 secundum
3045 1643 3445 1695 similitudinem.
3477 1644 3666 1698 lterum
3699 1646 3787 1699 hic

2203 1730 2481 1799 insurgunt
2512 1730 2745 1784 lneretiei
2776 1732 2885 1795 alii,
2920 1733 3167 1785 [See-Iesus:
3195 1734 3436 1798 dogmala
3466 1735 3783 1803 impugnau-

2203 1830 2281 1875 tes
2304 1862 2320 1887 ,
2350 1836 2400 1875 et
2430 1806 2613 1875 dicunt
2640 1840 2653 1874 :
2687 1822 2825 1875 Ecce
2870 1822 3034 1886 dicit,
3068 1821 3360 1875 Secundum
3390 1824 3656 1894 imaginem
3686 1843 3781 1878 no-

2199 1923 2355 1966 stram
2391 1929 2408 1967 :
2439 1923 2491 1967 et
2535 1914 2657 1969 inde
2704 1913 2885 1967 volunt
2932 1914 3041 1967 Deo
3088 1914 3367 1969 humanam
3414 1914 3635 1969 fortnam
3686 1918 3783 1971 tri-

2201 2003 2366 2059 bucre
2399 2022 2411 2058 :
2446 2004 2495 2058 id
2524 2005 2663 2074 quod
2695 2014 2948 2059 extremae
2978 2003 3137 2058 fuerit
3180 2007 3456 2071 amentiae,
3490 2016 3547 2061 ut
3576 2010 3650 2071 is,
3692 2010 3784 2078 qui

2202 2095 2367 2149 forma
2400 2097 2685 2167 specieque
2728 2106 2912 2159 caret,
2960 2105 3013 2149 et
3042 2095 3173 2149 nulli
3220 2098 3492 2151 mutationi
3522 2098 3784 2155 obnoxius

2200 2196 2282 2241 est
2304 2228 2319 2251 ,
2349 2188 2449 2241 sub
2480 2187 2763 2241 humanam
2795 2187 3064 2256 redigatur
3093 2187 3317 2241 formam
3340 2230 3356 2253 ,
3389 2197 3443 2242 et
3470 2189 3783 2260 incorporeo

2201 2278 2439 2332 membra
2461 2287 2517 2333 et
2545 2279 2860 2333 lineamenta
2882 2278 3255 2333 attribuantur.
3280 2279 3407 2348 Qua:
3429 2279 3553 2336 huic
3579 2282 3780 2336 insania

2200 2384 2296 2438 par
2339 2370 2534 2434 fuerit,
2582 2385 2702 2423 cum
2744 2385 2848 2424 non
2892 2369 3061 2422 solum
3096 2370 3227 2423 nihil
3258 2370 3390 2425 lucri
3435 2386 3462 2423 a
3493 2372 3783 2441 Scripturis

2196 2459 2453 2513 divinitus
2499 2460 2769 2529 inspiratis
2815 2458 3083 2525 referant,
3126 2460 3218 2514 sed
3262 2470 3316 2514 et
3343 2461 3625 2529 plurimum
3657 2463 3782 2519 inde

2197 2550 2581 2605 offenduntur?
2610 2550 2779 2604 Simili
2810 2553 2951 2605 enim
2986 2550 3144 2604 modo
3173 2551 3344 2606 allecti
3373 2564 3522 2619 sunt,
3555 2565 3713 2625 atque
3736 2556 3782 2610 si

2196 2642 2284 2710 qui
2313 2642 2498 2695 morbo
2528 2641 2803 2707 laborant,
2836 2650 2889 2696 et
2916 2642 3281 2710 corporalibus
3310 2644 3476 2699 oculis
3505 2646 3782 2700 infirman—

2198 2742 2301 2788 tur.
2353 2733 2418 2790 Ut
2448 2734 2589 2789 enim
2637 2733 2710 2788 illi
2748 2734 2816 2787 ob
2860 2733 3134 2787 Oculorum
3168 2749 3386 2788 suorum
3418 2735 3781 2792 infirmitatem

2196 2826 2327 2882 solis
2352 2827 2521 2881 lucem
2550 2841 2690 2896 {Dng
2720 2825 2925 2893 ferunt,
2956 2835 3011 2881 et
3040 2827 3166 2896 aegri
3195 2828 3352 2881 etiam
3384 2828 3614 2897 optimos
3640 2831 3782 2884 salu-

2196 2920 2559 2989 berrimosque
2587 2919 2734 2972 cibos
2757 2929 3073 2973 aversantur
3106 2937 3119 2973 :
3154 2920 3223 2973 ita
3250 2929 3302 2974 et
3328 2920 3379 2973 bi
3406 2922 3579 2975 anima
3610 2938 3780 2994 a‘gro-

2196 3021 2406 3076 tantes,
2454 3020 2507 3064 et
2545 3010 2739 3064 mentis
2777 3010 2947 3063 oculis
2989 3008 3167 3079 capti,
3214 3009 3279 3063 ad
3326 3010 3503 3065 lumen
3544 3013 3781 3068 veritatis

2194 3104 2461 3173 respicere
2501 3118 2606 3157 non
2637 3110 2876 3171 possunt.
2912 3100 3115 3158 Idcirco
3142 3113 3325 3156 nostro
3354 3102 3635 3173 fungentes
3663 3119 3782 3159 mu-

2194 3211 2344 3260 nere,
2379 3211 2568 3252 manus
2593 3197 2672 3251 eis
2700 3197 3065 3267 porrigantus,
3097 3212 3391 3267 magnaque
3421 3199 3499 3253 eis
3528 3215 3780 3255 mansue-

2194 3288 2375 3342 tudine
2404 3288 2704 3358 loquamur.
2744 3287 2876 3341 Nam
2904 3298 2958 3343 et
2988 3289 3174 3342 beatus
3202 3289 3396 3345 Paulus
3436 3292 3505 3345 ita
3534 3306 3631 3346 nos
3660 3308 3780 3346 mo-

2194 3380 2305 3433 nuit
2331 3379 2515 3432 diccns
2538 3398 2549 3432 :
2580 3378 2645 3433 Ut
2666 3380 2719 3432 in
2748 3378 3136 3432 mansuetudine
3161 3381 3457 3435 erudiuntur
3478 3384 3776 3450 adversarii,

2193 3471 2234 3522 si
2266 3474 2399 3539 forte
2420 3470 2502 3522 det
2531 3471 2600 3523 eis
2631 3468 2769 3523 Deus
2799 3471 3143 3540 panitentiam
3185 3473 3234 3524 in
3265 3474 3570 3542 agnitionem
3598 3477 3779 3528 verita-

2192 3560 2273 3625 tis,
2304 3570 2353 3614 et
2381 3562 2449 3612 ad
2474 3561 2791 3613 sobrietatem
2820 3563 3000 3614 utentis
3026 3562 3233 3615 redeant
3267 3564 3331 3617 de
3360 3565 3535 3634 laqueo
3564 3567 3774 3634 diaboli,

2191 3669 2221 3704 a
2250 3670 2347 3724 quo
2389 3654 2574 3723 captivi
2620 3663 2881 3717 tenentur,
2926 3652 2994 3705 ad
3022 3654 3160 3706 illius
3194 3655 3496 3709 voluntatem
3526 3659 3542 3724 (
3562 3657 3613 3710 2.
3638 3657 3773 3710 Tim.

2189 3746 2242 3798 '2.
2274 3744 2401 3815 25).
2439 3744 2597 3799 Vides
2625 3745 2895 3813 quomodo
2925 3745 3101 3799 verbis
3130 3745 3417 3799 declaravit
3442 3788 3455 3809 ,
3502 3762 3594 3801 eos
3624 3750 3777 3817 quasi

2190 3836 2448 3891 ebrietate
2494 3836 2741 3904 quapiam
2788 3835 3007 3889 obrutos
3052 3836 3220 3889 esse?
3267 3835 3397 3889 Nam
3443 3837 3583 3906 quod
3626 3839 3775 3902 dicit,

2192 3927 2271 3980 Ad
2299 3928 2615 3981 sobrietatem
2646 3926 2824 3979 mentis
2871 3927 3078 3979 redeant
3107 3967 3120 3990 ,
3154 3927 3387 3981 ostendit
3428 3943 3521 3982 eos
3562 3930 3613 3981 in
3648 3946 3773 3997 pro-

2190 4018 2356 4073 l‘undo
2385 4019 2563 4088 aliquo
2590 4034 2796 4073 mersos
2825 4033 2965 4072 esse.
2995 4019 3060 4072 Et
3090 4020 3280 4073 iterum
3305 4060 3319 4085 ,
3359 4020 3505 4090 Capti
3528 4064 3542 4082 .
3581 4022 3774 4091 inquit,

2190 4125 2219 4164 a
2247 4110 2480 4174 diabolo,
2507 4110 2655 4179 quasi
2683 4109 2901 4173 diceret,
2934 4119 3199 4178 tamquam
3231 4110 3433 4179 laqueis
3455 4113 3774 4181 quibusdam

2191 4202 2379 4256 irretiti
2408 4211 2548 4254 sunt.
2586 4200 2735 4254 Unde
2760 4208 2815 4253 et
2857 4199 3010 4252 nobis
3037 4216 3225 4269 magna
3253 4216 3385 4270 Opus
3412 4212 3493 4255 est
3523 4219 3773 4258 mansuc-

2192 4293 2373 4348 tudine
2398 4302 2452 4347 et
2495 4293 2745 4363 patientia
2772 4334 2785 4355 ,
2817 4300 2875 4344 ut
2913 4293 3180 4361 possimus
3208 4308 3301 4347 cos
3326 4296 3532 4364 eripere
3561 4306 3615 4349 et
3641 4297 3774 4351 edu-

2190 4399 2313 4439 cere
2339 4399 2406 4439 ex
2438 4384 2639 4452 laqueis
2680 4383 2897 4437 diaboli.
2932 4383 3178 4437 Dicamus
3220 4384 3379 4453 igitur
3413 4386 3491 4440 eis
3520 4403 3532 4438 :
3566 4386 3775 4456 Resipi-

2189 4478 2321 4531 scite
2366 4477 2667 4546 paulisper,
2715 4476 2935 4545 aspicite
2985 4476 3160 4530 lumen
3200 4476 3456 4544 justitim,
3489 4478 3774 4548 expendite

2189 4570 2461 4625 vobiscum
2490 4569 2770 4625 verborum
2799 4567 3213 4622 accurationem.
3256 4567 3439 4636 Neque
3479 4573 3621 4624 enim
3650 4586 3772 4626 cum

2188 4662 2318 4717 dicit
2340 4678 2353 4713 :
2371 4659 2643 4713 Faciamus
2666 4658 2914 4712 hominem
2936 4659 3207 4712 secundum
3229 4658 3499 4729 imaginem
3521 4672 3772 4726 nostram,

2190 4762 2236 4807 et
2264 4752 2541 4807 secundum
2570 4751 2989 4816 similitudinem,
3024 4750 3109 4804 hic
3136 4764 3437 4804 sermonem
3469 4750 3645 4816 sistit,
3677 4752 3773 4805 sed

2191 4861 2286 4916 per
2312 4860 2373 4900 ea
2417 4860 2535 4914 quae
2576 4842 2815 4912 adiungit
2855 4841 3028 4911 palam
3060 4841 3211 4895 nobis
3257 4841 3414 4904 facit,
3462 4858 3568 4910 quo
3610 4857 3775 4897 sensu
3854 4848 3872 4866 "

2190 4952 2383 4992 nomen
2416 4935 2661 5005 imaginis
2689 4933 2944 5005 posuerit.
2974 4931 3108 4999 Quid
3137 4932 3277 4986 enim
3320 4932 3485 4985 dicit?
3518 4931 3578 4985 Et
3608 4934 3774 4986 domi-

2194 5039 2376 5083 nentur
2404 5028 2622 5097 piscibus
2650 5026 2804 5079 maris
2828 5066 2843 5091 ,
2890 5035 2936 5077 et
2963 5023 3245 5077 volatilibus
3275 5024 3386 5077 (αειὶ
3407 5065 3422 5088 ,
3468 5035 3513 5076 et
3544 5026 3774 5080 omnibus

2189 5120 2450 5191 reptilibas
2472 5119 2753 5189 repentibus
2776 5134 2927 5186 super
2953 5126 3156 5171 terram.
3185 5113 3463 5187 Imaginem
3491 5131 3618 5185 ergo
3641 5117 3775 5172 dixit

2190 5214 2482 5269 secundum
2516 5211 2868 5280 principatum
2898 5219 2952 5262 et
2979 5208 3269 5262 dominium
3298 5250 3313 5273 ,
3343 5224 3446 5261 non
3477 5209 3773 5263 secundum

2188 5308 2328 5361 aliud
2361 5306 2630 5376 quidpiam
2660 5325 2671 5358 :
2700 5303 2897 5357 etenim
2932 5302 3070 5356 Deus
3116 5300 3236 5355 feeit
3272 5302 3538 5356 hominem
3573 5304 3775 5370 princi-

2191 5415 2309 5469 pem
2340 5388 2575 5452 omuiuui
2606 5410 2722 5465 qure
2755 5402 2876 5446 sunt
2905 5409 3065 5460 super
3097 5404 3290 5447 terram
3313 5433 3328 5459 ,
3370 5408 3422 5446 et
3454 5393 3581 5447 nihil
3612 5410 3777 5461 super

2189 5500 2387 5544 terram
2421 5488 2637 5540 homine
2666 5485 2838 5553 majus
2879 5494 2961 5538 est
2982 5524 2996 5549 ,
3041 5484 3133 5539 sed
3164 5484 3339 5537 omnia
3370 5484 3469 5540 sub
3514 5494 3777 5553 pOIestate

2189 5579 2331 5633 illius
2356 5586 2497 5631 sunt.
3070 5619 3081 5630 .
3238 5624 3241 5627 .

2260 5673 2311 5724 4.
2353 5668 2505 5734 Quod
2555 5667 2598 5721 si
2649 5677 2769 5737 post
2816 5676 3012 5719 tantam
3065 5664 3325 5720 dietornm
3377 5665 3775 5720 accurationem

2190 5760 2362 5817 adhuc
2392 5776 2453 5816 ea
2483 5760 2620 5815 dicta
2649 5775 2769 5815 esse
2812 5758 3138 5813 contendant
3182 5758 3249 5814 de
3294 5756 3479 5813 forma:
3524 5757 3775 5829 imagine.
