4040 6378
141 361 200 416 τι
1355 373 1422 428 IN
1459 374 1614 430 CAP.
1655 375 1674 428 Ι
1713 375 1954 432 GENES.
1999 376 2228 433 IIOHIL
2275 379 2410 436 VIII.
3527 393 3596 450 7?.

133 488 342 542 εἰκόνα
373 487 696 556 ἡμετέραν,
722 487 822 542 καὶ
855 489 983 540 καθ’
1013 490 1320 554 ὀμουωσιν.
1351 489 1548 560 Πρῴην
1582 497 1680 562 μὲν
1715 493 1824 563 γὰρ

135 576 414 644 ἠκούομεν
447 574 614 628 αὑτοῦ
645 575 896 642 λέγοντος
921 573 1062 645 μετὰ
1097 575 1196 644 τὴν
1225 575 1316 627 τοῦ
1344 578 1574 647 ούρανοῦ
1603 579 1700 632 καὶ
1724 579 1825 648 τῆς

135 665 236 732 γῆς
271 663 664 734 δημιουργίαν,
703 663 1020 730 Γενηθήτω
1045 661 1169 730 φῶς
1188 703 1202 724 ,
1227 665 1320 716 καὶ
1345 665 1664 732 Γενηθήτω
1697 683 1828 720 στε-

131 750 334 818 ρέωμα
351 750 609 819 ἐνμέσῳ
634 751 740 804 τοῦ
769 750 988 816 ὕδατος
1007 766 1020 782 ⁸
1050 752 1142 805 xal
1167 752 1348 815 πάλιν,
1367 754 1732 822 Συναχθήτω
1757 754 1830 807 τὸ

137 837 296 904 ὓδωρ
327 839 416 904 εἰς
457 838 825 908 συναγωγὴν
848 840 1014 908 μίαν,
1043 840 1142 892 καί
1171 840 1406 910 ἀρθήτω
1447 841 1485 908 ἡ
1528 841 1699 908 ξηρὰ,
1733 843 1826 894 καὶ

139 926 592 993 Γενηθήτωσαν
623 925 956 996 φωστῆρες,
1003 929 1098 982 καὶ
1139 927 1507 998 Ἐξαγαγέτω
1535 930 1608 982 τὰ
1635 929 1826 982 ὕδατα

139 1013 360 1078 ἑρπετὰ
387 1013 611 1082 ψυχῶν
645 1013 870 1074 ζωσῶν.
921 1011 1077 1078 Εἶδες
1121 1015 1266 1086 λόγῳ
1313 1015 1470 1086 μόνον
1513 1017 1608 1070 καὶ
1654 1034 1824 1088 προσ-

139 1101 380 1170 τάγματι
437 1103 622 1156 πᾶσαν
668 1103 768 1173 τὴν
814 1103 990 1156 κτίσιν
1039 1103 1550 1176 δημιουργουμένην
1597 1107 1655 1158 ἐν
1705 1108 1824 1170 ταῖς

141 1188 302 1240 πέντε
329 1187 608 1260 ήμέραις;
655 1190 856 1244 Σκόπει
891 1192 1128 1262 σήμερον
1174 1191 1315 1263 πόση
1351 1191 1461 1244 τῶν
1495 1192 1756 1262 ῥημάτων
1789 1193 1821 1262 ἡ

139 1275 388 1346 διαφορά.
425 1278 628 1332 Οὐκέτι
677 1279 788 1351 γάρ
814 1295 966 1350 φησι,
1010 1279 1294 1350 γενηθήτω
1339 1279 1646 1350 ἄνθρωπος,
1690 1279 1824 1333 ἀλλά

137 1363 222 1426 τί;
259 1364 623 1435 Ποιήσωμεν
659 1367 979 1436 ἄνθρωπον
1009 1368 1136 1421 κατ’
1156 1369 1363 1422 εἰκόνα
1387 1369 1701 1437 ἡμετέραν,
1724 1367 1823 1421 καί

139 1453 265 1505 καθ’
315 1454 631 1522 ὁμοίωσιν.
676 1455 740 1507 Τί
777 1455 840 1508 τὸ
883 1454 1102 1522 καινόν;
1146 1457 1200 1510 τί
1237 1455 1298 1510 τὸ
1333 1455 1516 1522 ξένον;
1568 1455 1664 1519 Τίς
1712 1451 1822 1526 ἆρα

139 1537 290 1604 οὗτός
319 1545 476 1595 ἐστιν
503 1544 534 1594 6
556 1542 1076 1614 δημιουργούμενος,
1108 1545 1190 1598 ὅτι
1215 1543 1482 1614 τοσαύτης
1508 1543 1702 1615 βουλῆς
1729 1545 1822 1597 καὶ

143 1629 388 1697 σκέψεως
421 1629 611 1699 ἐδέησε
641 1631 719 1701 τῷ
755 1631 1075 1702 δημιουργῷ
1119 1631 1252 1702 πρὸς
1295 1629 1392 1702 τὴν
1431 1631 1620 1684 τούτου
1655 1646 1824 1684 κατα-

143 1721 374 1788 σκευήνς
435 1717 528 1786 Μὴ
567 1719 852 1790 ξενισθῇς,
899 1721 1168 1790 ἀγαπητέ.
1219 1721 1292 1773 T6
1341 1721 1449 1791 γάρ
1497 1718 1822 1789 τιμιὼτερον

139 1809 400 1860 ἁπάντων
436 1808 546 1861 τῶν
575 1809 868 1878 ὁρωμένων
895 1807 1051 1872 ζώων
1084 1809 1228 1860 ἐστὶν
1255 1809 1284 1860 ὁ
1329 1808 1632 1877 ἄνθρωπος,
1667 1806 1732 1858 δι’
1763 1806 1822 1858 ὃν

137 1893 438 1947 καὶταῦτα
485 1897 703 1949 ᾶπαντα
756 1895 1045 1967 παρήχθη,
1089 1894 1348 1966 οὐρανὸς,
1395 1893 1504 1964 γῆ,
1549 1894 1819 1970 Θάλαττα,

137 1984 306 2050 ἣλιος,
335 1982 566 2053 σελήνη,
603 1983 854 2056 ἀστέρες,
886 1985 954 2037 τά
994 1983 1220 2056 ἑρπετά,
1254 1983 1322 2036 τά
1363 1987 1558 2054 κτήνη,
1592 1983 1768 2037 πάντα
1794 1995 1819 2022 α

137 2072 200 2121 τά
231 2071 404 2144 ἄλογα
427 2069 565 2134 ζῶα.
597 2070 708 2124 Kal
741 2071 884 2136 τίνος
908 2072 1113 2134 ἕνεκεν,
1137 2071 1322 2141 φησὶν,
1347 2073 1394 2124 εί
1419 2070 1625 2124 τούτων
1651 2072 1824 2125 ἀπάν-

137 2172 243 2208 των
271 2155 606 2227 τιμιώτερον
644 2161 921 2228 τυγχάνει,
954 2158 1180 2230 ὕστερον
1225 2157 1482 2229 παρήχθη
1511 2176 1527 2223 ;
1559 2158 1818 2222 Εἰκότως.

139 2249 412 2320 Καθάπερ
445 2251 558 2318 γὰρ
583 2249 847 2322 βασιλέως
874 2249 1159 2316 μέλλοντος
1179 2251 1258 2312 εἰς
1291 2249 1444 2302 πόλιν
1473 2247 1820 2315 εἰσελαύνειν,

141 2336 264 2398 τοὺς
299 2336 640 2408 δορυφόρους
674 2337 887 2408 ἀνάγκη
928 2335 1308 2407 προηγεῖσθαι,
1339 2337 1432 2388 καὶ
1473 2336 1599 2398 τοὺς
1632 2335 1823 2398 ἄλλους

142 2426 424 2490 ὃπαντας,
461 2427 549 2479 ἵνα
592 2427 1036 2497 εύτρεπισμένων
1078 2424 1187 2478 τῶν
1230 2423 1546 2494 βασιλείων,
1595 2423 1766 2487 οὕτως
1795 2425 1824 2476 6

145 2511 400 2582 βασιλεὺς
439 2517 520 2578 εἰς
560 2515 627 2568 τά
677 2514 922 2584 βασίλεια
956 2514 1360 2582 παραγίνηται·
1413 2513 1504 2564 τὸν
1542 2511 1706 2564 αὑτὸν
1758 2511 1821 2583 δή

141 2603 340 2672 τρόπον
379 2603 479 2656 καὶ
518 2604 645 2662 νῦν,
694 2601 948 2673 καθάπερ
990 2600 1215 2670 βασιλέα
1267 2599 1389 2654 τινὰ
1445 2599 1536 2652 καὶ
1587 2597 1822 2670 ἄρχοντα

145 2689 353 2760 μέλλων
387 2693 618 2762 ἐφιστᾷν
661 2692 795 2744 πᾶσι
845 2693 956 2754 τοῖς
986 2690 1078 2742 ἐπὶ
1107 2690 1207 2760 τῆς
1247 2688 1369 2758 γῆς,
1406 2689 1587 2740 πᾶσαν
1618 2685 1823 2757 ταύτην

139 2779 236 2850 τὴν
279 2779 648 2850 διακόσμησιν
695 2779 962 2850 πρότερον
1013 2779 1374 2847 ἐτεκτήνατο,
1429 2776 1524 2830 καὶ
1565 2775 1690 2828 τότε
1733 2774 1823 2827 τὸν

145 2867 414 2936 μέλλοντα
443 2867 767 2936 ἐφίστασθαι
797 2869 1109 2940 παρήγαγε,
1135 2865 1350 2928 δεικνὺς
1383 2865 1514 2935 ἡμῖν
1543 2863 1612 2916 δι’
1645 2861 1823 2916 αὐτῶν

142 2955 248 3006 τῶν
297 2956 649 3026 πραγμάτων
699 2957 822 3008 ὅσον
879 2957 1107 3026 τιμᾶται
1152 2953 1303 3006 τουτὶ
1348 2953 1409 3005 τὸ
1465 2950 1621 3017 ζῶον.
1683 2950 1822 3002 Ἀλλ’

143 3043 402 3113 ἐρώμεθα
437 3044 530 3096 τὸν
570 3043 844 3105 Ἰουδαῖον,
893 3044 986 3096 xal
1019 3042 1217 3112 ἴδωμεν
1246 3041 1298 3093 τί
1349 3058 1503 3110 φησι,
1537 3039 1672 3110 πρὸς
1705 3039 1824 3092 τίνα

141 3131 361 3201 εἴρηται
388 3131 469 3194 τὸ,
505 3132 860 3199 Ποιήσωμεν
885 3130 1200 3198 ἄνθρωπον
1229 3129 1356 3181 κατ’
1382 3127 1586 3181 εἰκόνα
1613 3127 1820 3195 ἡμετέ-

135 3234 282 3286 par;
320 3218 604 3281 Μωῡσέως
643 3219 751 3290 γάρ
779 3220 896 3271 ἐστι
931 3219 998 3272 τά
1028 3217 1352 3289 γράμματα,
1384 3210 1426 3283 ᾧ
1468 3215 1686 3283 λέγουσι
1727 3215 1824 3286 μὲν

141 3309 448 3367 πιστεύειν,
477 3310 540 3361 οὐ
577 3308 894 3361 πιστεύουσι
916 3309 974 3362 δέ
997 3326 1010 3338 ·
1047 3305 1230 3368 καθὼς
1255 3307 1350 3359 καὶ
1387 3306 1414 3358 6
1451 3305 1684 3377 Χριστός
1722 3321 1825 3373 φη-

142 3414 244 3461 σιν,
273 3399 344 3450 Εἰ
369 3398 722 3452 ἐπιστεύετε
746 3395 994 3466 Μωῠσῇ,
1015 3395 1360 3450 ἐπιστεύετε
1389 3395 1464 3449 ἂν
1487 3393 1636 3463 ἐμοί.
1665 3392 1824 3446 Ἀλλά

137 3486 204 3538 τά
227 3487 332 3557 μὲν
363 3487 672 3557 γράμματα
694 3487 822 3556 παρ’
842 3487 1046 3548 αὐτοῖς,
1072 3484 1140 3538 τά
1161 3484 1218 3538 δὲ
1244 3485 1487 3555 νοήματα
1510 3483 1639 3553 παρ’
1668 3483 1821 3552 ήμῖν.

139 3575 283 3646 Πρὸς
318 3574 446 3627 τίνα
469 3571 564 3627 οὖν
592 3575 829 3646 εἴρηται,
853 3572 1206 3642 Ποιήσωμεν
1228 3571 1564 3640 ἄνθρωπον,
1599 3569 1693 3624 καὶ
1716 3569 1822 3622 τίνι

135 3668 234 3736 τὴν
257 3665 468 3736 βουλήν
497 3665 701 3736 ταύτην
726 3665 1044 3738 προτίθησιν
1083 3667 1111 3718 ὁ
1149 3663 1461 3734 Δεσπότης;
1503 3662 1616 3716 Οὐκ
1639 3660 1824 3732 ἐπειδὴ

139 3753 344 3825 βουλῆς
385 3754 557 3808 δεῖται
587 3756 682 3808 καὶ
719 3754 993 3824 σκέψεως·
1034 3753 1108 3824 μή
1141 3753 1385 3821 γένοιτο·
1415 3750 1550 3804 ἀλλά
1579 3749 1656 3820 τῷ
1691 3765 1822 3819 προ-

140 3845 390 3914 σχήματι
427 3843 538 3895 τῶν
589 3845 851 3914 ῥημάτων
886 3842 1220 3908 ἐνδείξασθαι
1274 3842 1403 3911 ἡμῖν
1441 3838 1684 3909 βούλεται
1723 3839 1822 3908 τὴν

137 3930 594 4002 ὑπερϐάλλουσαν
636 3933 822 4002 τιμὴν,
857 3932 922 4002 ήν
965 3931 1095 4002 περὶ
1125 3929 1218 3982 τὸν
1263 3929 1548 3999 ἄνθρωπον
1586 3927 1679 3979 τὸν
1725 3925 1820 3994 δη-

139 4021 580 4090 μιουργούμενον
625 4018 1012 4072 ἐπιδείκνυται.
1052 4019 1117 4070 Τί
1145 4014 1236 4071 οὖν
1286 4033 1448 4085 φασιν
1486 4009 1629 4069 οὗτοι
1677 4015 1726 4066 οί
1761 4013 1822 4065 τὸ

137 4107 411 4178 κάλυμμα
431 4106 647 4178 ἔχοντες
667 4107 748 4160 ἔτι
772 4107 1114 4178 ἐπικείμενον
1134 4109 1190 4160 ἐν
1211 4108 1331 4168 ταῖς
1349 4104 1596 4175 καρδίαις
1615 4101 1814 4164 αὐτῶν,

137 4197 230 4248 καὶ
265 4195 444 4266 μηδὲν
484 4195 594 4248 τῶν
637 4195 973 4265 ἐγκειμένων
1015 4194 1250 4247 συνιέναι
1283 4191 1628 4264 βουλόμενοις
1675 4190 1820 4261 Πρὸς

137 4279 396 4348 ἄγγελον,
435 4279 590 4349 φησὶ,
624 4280 796 4334 ταῦτα
823 4281 970 4348 λέγει
1000 4281 1032 4352 ἦ
1081 4277 1440 4350 ἀρχάγγελον.
1478 4278 1540 4329 Ὢ
1571 4277 1670 4346 τῆς
1711 4293 1816 4346 μα-

135 4367 286 4430 νίαςο
328 4367 378 4420 ὣ
407 4369 512 4437 τῆς
540 4368 744 4438 πολλῆς
769 4369 797 4407 ι)
853 4369 1250 4437 ἀναισχυντίας.
1301 4367 1408 4419 Kal
1447 4363 1563 4428 πῶς
1599 4364 1663 4416 ἂν
1706 4363 1817 4434 ἔχοι

137 4453 316 4522 λόγον,
345 4450 392 4509 ὦ
439 4457 720 4527 ἄνθρωπε,
752 4457 982 4526 ἄγγελον
1018 4459 1292 4510 κοινωνεῖν
1331 4453 1553 4526 γνώμης
1583 4452 1697 4526 [60]
1743 4453 1818 4524 τῷ

138 4545 411 4618 Δεσπὸτῃ,
439 4545 537 4597 καὶ
569 4545 1028 4615 δημιουργήματα
1056 4545 1130 4614 τῷ
1155 4543 1505 4615 δημιουργῷ;
1548 4542 1818 4611 Ἀγγέλων

137 4633 233 4684 οὐκ
253 4631 377 4684 ἐστι
399 4633 459 4685 τὺ
487 4632 712 4704 γνώμης
737 4635 1028 4692 κοινωνεῖν,
1056 4631 1189 4685 ἀλλά
1223 4631 1574 4701 παρεστάναι,
1605 4631 1696 4683 καὶ
1723 4629 1818 4698 τὴν

139 4721 486 4790 λειτουργίαν
523 4720 888 4791 ἀναπληροῦν.
924 4721 1034 4772 Kal
1063 4720 1150 4772 ἵνα
1180 4719 1375 4790 μάθῃς,
1404 4719 1564 4772 ἄκουε
1593 4717 1687 4770 τοῦ
1725 4733 1818 4787 με-

139 4809 590 4878 γαλοιρωνοτάτου
618 4809 838 4860 Ἡσαΐου
862 4807 1110 4874 λέγοντος
1141 4825 1206 4859 πε
1217 4807 1268 4878 pl
1293 4805 1400 4859 τῶν
1430 4805 1683 4875 ἀνωτέρω
1712 4805 1818 4857 τῶν

140 4897 392 4964 ἀγγέλων
424 4895 730 4965 δυνάμεων,
761 4896 842 4948 ὅτι
871 4891 1050 4948 Εἶδον
1081 4893 1154 4947 τὰ
1179 4892 1470 4962 Χερουϐὶμ
1495 4891 1720 4945 ἑστῶτα
1747 4891 1816 4944 ἐκ

139 4985 358 5048 δεξιῶν
387 4985 498 5039 τοῦ
526 4984 698 5045 Θεοῦ,
723 4983 818 5037 καί
839 4985 911 5038 τὰ
929 4982 1211 5051 Σεραφίμ,
1235 4982 1335 5035 καί
1361 4981 1818 5035 κατεκάλυπτον

139 5076 208 5128 τὰ
253 5074 556 5142 πρόσωπα
607 5071 837 5125 ἑαυτῶν
865 5071 936 5125 ἐν
987 5069 1119 5136 ταῖς
1158 5069 1404 5138 πτέρυξι
1439 5079 1487 5133 ε,
1525 5069 1626 5122 καί
1675 5069 1817 5134 τοὺς

139 5163 356 5228 πόδας.
387 5162 490 5214 Διά
517 5161 579 5214 τὸ
606 5161 682 5232 μὴ
717 5161 902 5230 φέρειν
929 5158 1170 5230 δηλονότι
1208 5157 1306 5228 τὴν
1335 5158 1542 5210 ἐκεῖθεν
1568 5157 1817 5228 ἐκπηδῶ-

141 5268 236 5304 σαν
265 5248 586 5322 ἀστραπὴν,
617 5247 734 5302 ἀλλ’
757 5248 1102 5319 είστήκεισαν
1138 5245 1275 5316 μετά
1303 5245 1498 5299 πολλοῦ
1533 5247 1626 5301 τοῦ
1649 5249 1816 5318 φόϐου

140 5341 230 5392 καὶ
255 5337 490 5409 τρόμου.
509 5337 620 5390 Kal
650 5335 758 5406 γάρ
779 5334 886 5388 τῶν
916 5335 1220 5405 δημιουργη
1229 5333 1414 5404 μάτων
1439 5333 1566 5390 ίδιον
1588 5335 1649 5390 τὸ
1674 5353 1817 5408 παρ-

141 5429 368 5482 εστάναι
390 5425 466 5495 τῷ
493 5425 758 5494 Δεσπότῃ.

210 5523 284 5582 γ’.
303 5513 448 5566 Ἀλλ’
475 5507 616 5566 οὗτοι
651 5510 816 5581 μηδὲν
833 5509 942 5563 τῶν
967 5507 1301 5579 ἐγκειμένων
1324 5509 1612 5573 συνιέντες,
1634 5509 1817 5574 ἁπλῶς

141 5603 200 5656 τὺ
219 5603 380 5656 ἐπιὸν
402 5601 750 5670 φθέγγονται.
780 5599 980 5668 Διόπερ
1011 5598 1276 5669 προσήκει
1313 5599 1411 5668 τὴν
1439 5598 1665 5652 ἐκείνων
1688 5599 1818 5670 ληρ-

203 5747 228 5774 ⁸
251 5745 431 5798 εωτι..
467 5745 564 5792 duo
591 5755 704 5790 mss.
730 5744 790 5790 τὰ
819 5741 1010 5804 ἑρπετὰ,
1037 5741 1098 5788 τὰ
1117 5741 1284 5800 νηκτὰ,
1307 5741 1476 5789 πάντα.
1507 5741 1709 5792 Coiinn.
1756 5745 1816 5791 τὰ

145 5807 336 5870 ιρπετὰ,
353 5806 625 5870 κινούμενα,
646 5805 706 5870 τά
725 5807 893 5870 νηκτὰ,
917 5804 1083 5870 πάντα,

207 5869 232 5908 δ
257 5868 408 5916 Sam.
435 5869 476 5914 ὦ
495 5864 577 5924 τῆς
600 5865 773 5920 ἀνοίας·
799 5867 840 5912 ὣ
861 5872 947 5922 τῆς
975 5867 1168 5922 πολλῆς.
1195 5865 1376 5915 Coislin
1413 5866 1454 5912 ὢ
1473 5871 1556 5924 τῆς
1579 5864 1738 5919 ἀνοίας
1770 5865 1809 5911 ὢ

146 5925 822 5998 τεςπξιάνοςηῶτῆςέξοᾈλῇς·
869 5987 882 5998 ,
988 5987 1012 5998 ,,
1128 5987 1138 5998 .
1202 5987 1221 5998 .
1326 5987 1338 5998 .
1385 5987 1406 5998 -

207 5996 230 6023 ⁸
265 5992 390 6053 Reg.
417 6003 546 6040 unus
570 5996 621 6038 el
637 5987 837 6039 Coislin.
863 5987 910 6036 ἰν
933 5987 1034 6043 ταῖς
1053 5987 1265 6050 πτέρυξιν
1287 5987 1461 6038 αὐτῶν.

1933 495 2099 547 ωδίαν
2141 499 2590 567 παρωσαμένους.
2621 499 2822 567 διδάξαι
2845 504 2941 572 τῆς
2981 503 3306 577 Ἐκκλησίας
3345 509 3413 563 τὰ
3439 509 3600 566 τέκνα

1927 578 2036 629 τῶν
2076 580 2382 650 εἰρημένων
2415 584 2512 652 τὴν
2539 584 2812 654 ἀλήθειαν.
2838 589 2933 653 Τίς
2955 587 3060 642 ιοῦν
3083 593 3228 644 ἐστιν
3257 585 3430 656 οὗτος,
3467 597 3600 666 πρὸς

1927 661 1985 713 δν
2049 679 2212 732 φησι,
2287 666 2637 734 Ποιήσωμεν
2708 669 3054 737 ἄνθρωπονς
3118 675 3214 737 Τίς
3277 675 3330 728 δὲ
3404 661 3558 740 ἄλλος
3582 721 3596 743 ,

1927 746 2114 830 ἀλλ’νῆ
2141 749 2181 830 6
2215 749 2314 817 τῆς
2365 750 2608 819 μεγάλης
2670 749 2863 820 βουλῆς
2921 756 3178 823 ἄγγελος,
3215 761 3242 810 ὁ
3291 757 3598 830 θαυμαστὸς

1927 828 2258 898 σύμϐουλος,
2315 833 2344 882 6
2397 831 2782 903 ἐξουσιαστὴς,
2831 839 2860 889 ό
2907 838 3088 909 ἄρχων
3131 840 3228 908 τῆς
3269 828 3524 912 εἰρήνης,
3567 843 3600 894 ό

1927 914 2108 983 πατὴρ
2151 913 2244 966 τοῦ
2287 913 2568 984 μέλλοντος
2617 917 2846 982 αἰῶνος,
2903 921 2930 972 6
2981 923 3272 991 μονογενὴς
3317 923 3410 976 τοῦ
3461 923 3597 977 Θεοῦ

1927 996 2084 1060 Παῖς,
2121 999 2150 1049 6
2176 995 2255 1068 τῷ
2305 999 2480 1068 Πατρὶ
2531 1000 2716 1069 ὅμοιος
2745 1001 2886 1055 κατά
2935 1005 3034 1072 τὴν
3075 1006 3289 1071 ούσίαν,
3321 1007 3388 1060 δι’
3429 1004 3488 1062 οὗ
3529 1011 3600 1062 τά

1927 1080 2106 1134 πάντα
2134 1082 2424 1151 παρήχθης
2467 1083 2653 1154 Τούτῳ
2694 1086 2848 1156 φησὶ,
2899 1087 3252 1158 Ποιήσωμεν
3286 1089 3600 1158 ἄνθρωπον

1929 1166 2055 1218 κατ’
2092 1167 2294 1218 εἰκόνα
2323 1166 2637 1236 ἡμετέραν,
2689 1168 2786 1222 καί
2823 1171 2951 1224 καθ’
2987 1174 3290 1241 ὁμοίωσιν.
3335 1175 3598 1230 Ἐνταῦθα

1927 1250 2023 1302 καὶ
2048 1251 2160 1311 τοῖς
2183 1248 2254 1307 τὰ
2281 1249 2488 1320 Ἀρείου
2515 1251 2770 1322 φρονοῦσι
2795 1254 3014 1325 καιρίαν
3031 1255 3213 1310 δίδωσι
3237 1259 3334 1328 τὴν
3360 1258 3595 1329 πληγήν.

1927 1331 2061 1414 Οὐδὲ
2092 1330 2201 1402 γὰρ
2225 1333 2637 1404 προστακτικῶς
2663 1331 2807 1402 εἷπε,
2838 1337 3080 1408 ποίησον,
3101 1340 3177 1402 ὡς
3207 1339 3594 1414 ὑποδεεστέρῳ,

1927 1415 1960 1500 ᾗ
1993 1413 2068 1478 ὼς
2108 1415 2354 1500 ἐλάττονι
2376 1417 2530 1500 ’κατὰ
2557 1416 2655 1489 τὴν
2685 1419 2895 1482 οὐσίαν,
2933 1422 3068 1476 ἀλλά
3102 1425 3241 1494 μετά
3275 1425 3476 1496 πολλῆς
3499 1413 3597 1500 τῆς

1928 1495 2062 1548 ίσοτι
2070 1496 2217 1567 μίας,
2243 1496 2596 1566 Ποιήσωμεν
2611 1516 2624 1530 ·
2647 1502 2822 1555 καὶτὸ
2842 1503 2968 1574 ἐξῆς
2987 1503 3044 1558 δὲ
3065 1505 3263 1578 πολλὴν
3284 1495 3596 1563 δείκνυσινῖ

1925 1581 2056 1648 ἡμῖν
2082 1579 2182 1650 τῆς
2211 1581 2400 1644 οὐσίας
2422 1583 2521 1653 τὴν
2540 1584 2854 1656 ὁμοιότητα.
2882 1588 3234 1658 Ποιήσωμεν
3255 1590 3384 1661 γὰρ,
3409 1591 3595 1662 φησιν,

1925 1663 2240 1730 ἄνθρωπον
2271 1667 2398 1718 κατ’
2431 1669 2638 1720 εἰκόνα
2667 1668 2977 1737 ἡμετέραν,
3003 1674 3102 1726 καί
3137 1675 3266 1728 καθ’
3291 1676 3594 1742 ὁμοίωσιν.

1937 1746 2077 1798 Ἀλλ’
2103 1747 2338 1801 ἐνταῦθα
2374 1749 2538 1802 πάλιν
2573 1751 2892 1818 ἐπιφύονται
2937 1754 3115 1825 ἕτεροι
3163 1758 3461 1827 αίρετικοὶ,
3507 1756 3597 1811 λυ-

1927 1831 2242 1901 μαινόμενοι
2273 1833 2374 1900 τῆς
2407 1833 2732 1902 Ἐκκλησίας
2759 1836 2826 1888 τὰ
2855 1836 3120 1905 δόγματα,
3153 1840 3247 1892 καί
3273 1857 3455 1908 φασιν,
3487 1842 3595 1894 ἰδοὺ

1925 1908 2068 1972 εἷπε,
2116 1915 2253 1968 Κατ’
2301 1918 2507 1968 εἰκόνα
2557 1916 2882 1984 ἡμετέραν,
2915 1922 3010 1972 καὶ
3040 1921 3288 1976 ἐντεῦθεν
3321 1923 3598 1992 βούλονται

1924 1995 2390 2068 ἀνθρωπόμορφον
2449 1998 2628 2067 λέγειν
2665 1999 2726 2052 τὸ
2757 2000 2918 2067 θεῖον,
2963 2005 3100 2074 ὅπερ
3133 2006 3370 2076 ἐσχάτης
3413 2009 3478 2060 ἂν
3510 2009 3595 2079 εἴη

1925 2079 2332 2149 παραπληξίας,
2352 2079 2441 2133 τὸν
2465 2082 2893 2152 ἀσχημάτιστον,
2923 2085 3017 2136 καὶ
3047 2087 3302 2150 ἀνείδεον,
3331 2089 3422 2141 καὶ
3448 2090 3600 2142 ἀναλ-

1905 2163 2142 2234 λοίωτον
2170 2166 2247 2226 είς
2273 2164 2481 2234 μορφὴν
2510 2165 2857 2235 ἀνθρωπίνην
2889 2169 3168 2235 κατάγειν,
3197 2172 3310 2235 καὶ,
3344 2173 3598 2242 σχήματα

1925 2247 2016 2298 καὶ
2046 2247 2179 2315 μέλη
2211 2249 2544 2319 περιτιθέναι
2579 2249 2656 2319 τῷ
2689 2249 2985 2321 ἀσωμάτῳ.
3023 2252 3088 2304 Τί
3125 2254 3223 2322 τῆς
3251 2255 3445 2324 μανίας
3467 2257 3599 2308 ταύ-

1924 2347 2020 2398 της
2051 2329 2163 2384 ῖσον
2190 2332 2387 2400 γένοιτ’
2421 2333 2505 2397 ἂν,
2539 2335 2667 2386 ὅταν
2715 2334 2788 2404 μὴ
2824 2335 2982 2404 μόνον
3029 2337 3329 2406 κερδαίνειν
3370 2339 3444 2408 μὴ
3477 2339 3597 2408 βού-

1924 2409 2120 2465 λωνται
2149 2415 2256 2468 ἀπὸ
2283 2415 2386 2484 τῆς
2415 2417 2527 2468 τῶν
2565 2415 2939 2470 θεοπνεύστων
2967 2419 3198 2489 Γραφῶν
3231 2421 3594 2488 διδασκαλίας,

1923 2493 2058 2548 ἀλλὰ
2093 2499 2184 2550 καὶ
2231 2500 2462 2569 μέγιστα
2505 2501 2756 2553 ἐντεῦθεν
2793 2499 3174 2568 βλάπτωνται;
3207 2502 3461 2558 Τοιοῦτον
3489 2507 3598 2577 γὰρ

1921 2578 1972 2628 οἱ
2005 2579 2308 2644 νοσοῦντες,
2352 2583 2446 2635 καὶ
2477 2584 2528 2635 οἱ
2569 2584 2667 2646 τάς
2701 2583 2852 2653 ὄψεις
2881 2583 3084 2646 ταύτας
3127 2584 3229 2648 τάς
3277 2591 3598 2657 σωματικάς

1923 2659 2166 2726 ἀσθενῶς
2199 2663 2554 2736 διακείμενοι.
2589 2665 2853 2737 Καθάπερ
2891 2666 3002 2738 γὰρ
3039 2661 3182 2722 οὗτοι
3228 2670 3324 2722 καί¹
3355 2670 3491 2739 πρὸς
3536 2671 3597 2724 τδ

1922 2745 2147 2814 ἡλιακὸν
2171 2748 2290 2818 φῶς
2309 2750 2708 2820 ἀπεχθάνονται
2729 2749 2819 2804 διὰ
2839 2753 2936 2821 τὴν
2970 2751 3068 2822 τῆς
3091 2751 3266 2821 ὂψεως
3292 2753 3594 2819 ἀσθένειαν,

1923 2831 2020 2882 καὶ
2053 2833 2102 2884 οἱ
2153 2832 2436 2897 νοσοῦντες
2465 2834 2560 2887 καὶ
2603 2834 2674 2887 τὰ
2706 2835 3040 2905 ὑγιεινότερα
3090 2835 3198 2888 τῶν
3246 2837 3428 2890 σιτίων
3463 2840 3594 2892 ἀπο-

1925 2915 2250 2984 στρέφονται
2267 2933 2282 2950 ·
2311 2915 2457 2971 οὕτω
2485 2917 2548 2987 δὴ
2573 2919 2667 2970 καὶ
2697 2913 2842 2972 οὗτοι
2863 2917 3142 2982 νοσοῦντες
3161 2919 3258 2990 τὴν
3280 2919 3479 2992 ψυχὴν,
3502 2923 3598 2976 ναὶ

1923 2997 1984 3048 τὸ
2014 2997 2112 3066 τῆς
2140 2998 2378 3062 διανοίας
2423 2999 2577 3071 ὄμμα
2615 3000 3036 3073 πεπηρωμένοι,
3089 3002 3225 3073 πρὸς
3251 3003 3312 3054 τὸ
3346 3003 3460 3071 φῶς
3499 3005 3597 3076 τῆς

1925 3080 2182 3149 ἀληθείας
2225 3084 2525 3137 ὲνατενίσαι
2561 3085 2660 3137 οὐκ
2714 3083 2979 3154 ἰσχύουσι.
3035 3085 3127 3136 Διὸ
3164 3085 3232 3138 τὰ
3265 3086 3392 3155 παρ’
3441 3085 3597 3157 ἡμῶν

1925 3165 2104 3218 αὐτῶν
2138 3166 2540 3238 πληρώσωμεν,
2576 3169 2670 3220 καὶ
2713 3170 2870 3238 χεῖρα
2915 3168 3098 3230 αὐτοῖς
3130 3167 3423 3238 ὀρέξωμεν,
3461 3169 3597 3238 μετὰ

1925 3247 2126 3318 πολλῆς
2173 3249 2273 3320 τῆς
2302 3251 2605 3314 ἐπιεικείας
2651 3251 2785 3321 πρὸς
2828 3251 3024 3314 αὐτοὺς
3072 3251 3452 3320 διαλεγόμενοι.
3489 3253 3599 3304 Kal

1925 3331 2030 3402 γάρ
2083 3335 2111 3385 ό
2162 3333 2432 3404 μακάριος
2481 3334 2692 3400 Παῦλος
2740 3333 2883 3387 οὕτω
2933 3335 3205 3405 παρῄνεσε
3248 3335 3455 3402 λέγων,
3497 3335 3599 3390 Ἐν

1925 3417 2212 3482 πραότητι
2236 3417 2543 3470 παιδεύειν
2565 3417 2708 3482 τοὺς
2727 3417 3325 3487 ἀντιδιατιθεμένους,
3347 3418 3430 3486 μή
3455 3435 3602 3474 ποτε

1923 3498 2009 3564 δῷ
2052 3499 2257 3566 αὐτοῖς
2297 3503 2329 3554 ό
2371 3500 2538 3566 Θεὸς,
2589 3501 2746 3569 φησὶ,
2789 3500 3114 3570 μετάνοιαν
3149 3505 3234 3568 εἰς
3272 3503 3598 3571 ἐπίγνωσιν

1921 3581 2249 3650 ἀληθείας,
2295 3583 2392 3635 καὶ
2439 3583 2844 3652 ἀνανήψωσιν
2893 3585 2960 3637 ἐκ
3005 3583 3114 3652 τῆς
3163 3585 3272 3638 τοῦ
3315 3584 3598 3639 διαϐόλου

1924 3665 2194 3736 παγίδος,
2224 3663 2609 3736 ἐζωγρημένοι
2655 3667 2759 3723 ὑπ’
2799 3667 2985 3722 αὐτοῦ
3016 3669 3102 3733 εἰς
3138 3669 3204 3722 τὸ
3235 3669 3470 3720 ἐκείνου
3503 3668 3598 3722 θέ-

1921 3752 2104 3816 λημα.
2132 3749 2295 3821 Ὁρᾷς
2317 3749 2433 3813 πῶς
2457 3750 2684 3821 ἐνέφηνε
2705 3749 2790 3802 διά
2811 3749 2917 3804 τῶν
2941 3749 3218 3820 ῥημάτων,
3243 3751 3325 3804 ὅτι
3347 3750 3596 3804 καθάπεο

1923 3831 2029 3884 ὑπὸ
2058 3831 2228 3903 μέθης
2265 3832 2412 3895 τινός
2455 3834 2563 3885 εἰσι
2603 3835 3118 3905 κατακεχωσμένοις
3160 3834 3232 3886 T6
3260 3833 3360 3904 γάρ
3397 3836 3592 3900 εἰπεῖν,

1937 3915 2389 3984 Ἀνανήψωσιν,
2431 3915 2600 3982 ἔδειξε
2637 3916 2788 3970 κάτω
2831 3934 2932 3968 που
2987 3915 3454 3986 βεϐαπτισμένους
3497 3916 3595 3970 a6-

1921 3999 2065 4063 τούς.
2095 3999 2208 4052 Kal
2254 3998 2437 4059 πάλιν,
2471 3997 2588 4071 [61]
2626 3999 3068 4071 Ἐςωγρημένοι,
3123 4000 3316 4068 φησὶν,
3364 3999 3468 4052 ὑπὸ
3497 3999 3590 4053 τοῦ

1921 4082 2188 4146 διαϐόλου,
2224 4083 2505 4153 μονονουχὶ
2548 4082 2741 4150 λέγων,
2794 4081 3042 4150 καθάπερ
3087 4084 3143 4136 ἐν
3177 4083 3412 4145 δικτύοις
3455 4085 3591 4136 εἰσὶν

1921 4166 2341 4236 ἀπειλημμένοι.
2375 4167 2484 4218 Kal
2534 4167 2615 4218 δεῖ
2655 4165 2854 4236 πολλῆς
2892 4168 3026 4237 ήμῖν
3065 4177 3088 4204 θ
3129 4167 3226 4235 τῆς
3267 4167 3592 4231 ἐπιεικείας,

1921 4251 2014 4301 καὶ
2041 4249 2139 4318 τῆς
2171 4247 2572 4318 μακροθυμίας,
2600 4247 2740 4300 ὥστε
2782 4247 3073 4319 δυνηθῆναι
3116 4249 3314 4312 αὐτοὺς
3347 4247 3592 4319 ἐξαρπά-

1923 4350 2032 4394 σαι,
2064 4323 2159 4383 xal
2187 4329 2474 4398 ἐξαγαγεῖν
2502 4333 2565 4382 ἐκ
2593 4330 2702 4382 τῶν
2734 4330 2978 4398 παγίδων
3001 4330 3094 4383 τοῦ
3117 4331 3381 4385 διαϐόλου.
3411 4333 3590 4384 Εἴπω-

1923 4431 2022 4484 μεν
2044 4414 2222 4466 τοίνυν
2250 4413 2386 4485 πρὸς
2418 4413 2634 4474 αὐτοὺς,
2676 4411 2983 4482 ἀνανήψατε
3020 4413 3234 4484 μικρὸν,
3266 4413 3588 4483 διαϐλέῲατε

1919 4499 2056 4568 πρὸς
2083 4497 2142 4550 τὺ
2172 4497 2288 4566 φῶς
2323 4496 2422 4565 τῆς
2462 4495 2830 4567 δικαιοσύνης,
2867 4499 3156 4566 ἐννοήσατε
3189 4497 3298 4551 τῶν
3328 4499 3590 4568 ῥημάτων

1917 4582 2014 4650 τὴν
2055 4581 2340 4644 ἀκρίϐειαν
2370 4578 2415 4632 τ.
2447 4579 2580 4632 Οὐδὲ
2617 4579 2726 4650 γάρ
2767 4579 2954 4645 εἰπὼν,
2987 4582 3337 4650 Ποιήσωμεν
3367 4581 3588 4649 ἅνθρω-

1919 4678 2037 4716 πον
2061 4665 2187 4716 κατ’
2220 4663 2420 4716 εἰκόνα
2453 4662 2765 4731 ἡμετέραν,
2796 4663 2894 4716 καί
2925 4665 3054 4718 καθ’
3085 4665 3389 4732 ὁμοίωσιν,
3423 4664 3583 4734 μέχρι

1917 4747 2106 4798 τούτου
2135 4746 2284 4810 ἔστη,
2306 4745 2438 4798 ἀλλά
2460 4746 2546 4798 διὰ
2571 4745 2667 4814 τῆς
2691 4748 2982 4818 ἐπαγωγῆς
3000 4747 3154 4818 δῆλον
3183 4749 3312 4818 ἡμῖν
3339 4748 3582 4818 ἐποίησε,

1919 4831 2062 4882 κατὰ
2101 4831 2250 4882 ποῖον
2292 4827 2550 4897 λογισμὸν
2587 4827 2647 4880 τὸ
2684 4828 2852 4898 ὄνομα
2903 4829 3002 4898 τῆς
3049 4829 3253 4890 εἰκόνος
3284 4828 3462 4882 ἔλαϐε.
3518 4829 3584 4882 Τί

1917 4915 2024 4981 γάρ
2071 4927 2238 4980 φησις
2272 4912 2378 4964 Καί
2414 4909 2766 4978 ἀρχέτωσαν
2809 4909 2928 4963 τῶν
2971 4911 3189 4978 ἰχθύων
3219 4909 3327 4976 τῆς
3358 4909 3586 4964 θαλάσ-

1917 5013 2068 5060 σης,
2113 4992 2354 5048 καὶτῶν
2382 4991 2668 5046 πετεινῶν
2711 4993 2817 5046 τοῦ
2862 4991 3154 5060 οὐρανοῦ,
3203 4991 3303 5044 καί
3343 4991 3586 5044 πάντων

1917 5077 2035 5131 τῶν
2057 5073 2320 5144 ἑρπετῶν
2351 5074 2468 5127 τῶν
2491 5074 2796 5142 ἑρπόντων
2829 5073 2929 5126 ἐπὶ
2965 5071 3075 5140 τῆς
3113 5072 3246 5142 γῆς.
3291 5075 3448 5128 Κατά
3483 5073 3581 5144 τὴν

1917 5165 2016 5230 τῆς
2053 5159 2231 5232 ἀρχῆς
2276 5155 2371 5212 οὖν
2419 5159 2640 5212 Εἰκόνα
2675 5157 2858 5228 φησὶν,
2893 5156 2953 5208 o6
2987 5155 3104 5208 καθ’
3137 5156 3323 5227 ἕτερόν
3351 5173 3438 5209 τι·
3485 5159 3581 5212 καὶ

1917 5245 2028 5315 γὰρ
2066 5243 2284 5296 πάντων
2322 5240 2432 5294 τῶν
2466 5240 2556 5293 ἐπὶ
2599 5239 2702 5309 τῆς
2732 5239 2836 5308 γῆς
2883 5239 3119 5309 ἄρχοντα
3161 5239 3254 5291 τὸν
3299 5237 3581 5311 ἄνθρωπον

1922 5323 2352 5397 ἐδημιούργησεν
2391 5322 2420 5374 6
2459 5322 2612 5388 Θεὸς,
2641 5322 2735 5375 καὶ
2760 5320 2912 5374 οὐδὲν
2937 5320 3046 5373 τῶν
3076 5320 3169 5374 ἐπὶ
3195 5321 3294 5392 τῆς
3321 5321 3424 5391 γῆς
3461 5323 3579 5378 ἐστι

1916 5409 2106 5463 τούτου
2139 5407 2342 5478 μεῖζον,
2359 5405 2499 5460 ἀλλά
2530 5406 2706 5461 πάντα
2733 5403 2838 5458 ὑπὸ
2861 5403 2960 5476 τὴν
2985 5403 3232 5470 ἐξουσίαν
3259 5405 3359 5477 τὴν
3387 5407 3578 5463 τούτου

1916 5494 2192 5562 τυγχάνει.

1986 5578 2047 5630 δ’.
2065 5576 2125 5628 Εἰ
2141 5575 2198 5626 δὲ
2216 5573 2294 5626 ἐτι
2311 5573 2403 5625 καὶ
2421 5571 2557 5640 μετὰ
2573 5570 2670 5642 τὴν
2695 5569 2960 5642 τοσαύτην
2981 5569 3088 5624 τῶν
3107 5571 3407 5643 εἰρημένων
3423 5573 3578 5644 ἀκρί-

1917 5663 2066 5714 ϐειαν
2104 5655 2528 5728 φιλονεικοῦντες
2559 5654 2786 5723 λέγοιεν,
2817 5654 2956 5708 κατά
2991 5654 3092 5726 τὴν
3119 5655 3221 5726 τῆς
3261 5655 3470 5728 μορφῆς
3499 5658 3576 5710 εἰ-

1977 5799 2000 5839 d
2027 5800 2108 5848 Sic
2131 5798 2281 5846 Savil.
2309 5803 2362 5846 ει
2381 5809 2553 5846 omnes
2575 5795 2682 5843 fere
2727 5803 2845 5843 mss.
2887 5793 2940 5843 In
2964 5793 3133 5844 Morel.
3165 5796 3214 5848 δὲ
3233 5795 3374 5845 πάλιν
3392 5795 3574 5846 anim-

1915 5881 2008 5919 σιν,
2035 5872 2310 5922 perperam.
2671 5916 2696 5928 ο

1979 5926 2002 5994 ξ
2187 5933 2314 5992 unus:
2330 5919 2412 5994 κςιί
2429 5918 2594 5994 διπλῆς
2607 5920 2736 5994 ἡμινς

1983 5983 2001 6022 ί
2027 5978 2226 6038 ίζοὶἓοίἱιι.
2246 5983 2341 6029 τῶν
2363 5981 2512 6040 λόγων
2533 5980 2618 6036 τὴν
2633 5978 2888 6043 ἀκρίϐειαν.
