4040 6378
474 357 542 414 75
1277 361 1332 418 S.
1373 361 1656 418 JOANNIS
1695 354 2184 416 CHIWSOS'I'OMI
2221 347 2536 415 ARCHIEI’.
2580 360 3116 419 (IONSTANTINOP.
3830 359 3910 414 74

473 473 607 529 κὸνα
639 475 911 546 εἶρῆσθαιν
948 477 1178 548 ἐροῦμεν
1222 479 1356 550 πρὸς
1389 479 1611 543 αὑτούς·
1641 478 1837 532 οὐκοῦν
1881 476 1940 528 οὑ
1981 475 2140 545 μόνον

470 559 500 610 ὀ
533 559 834 630 ἅνθρωπος,
871 561 1004 613 ἀλλά
1034 563 1126 614 καὶ
1157 563 1189 632 ἠ
1231 564 1368 632 γυνὴ
1398 563 1638 632 δηλονότι
1657 580 1670 592 ·
1703 562 1801 632 τὴν
1835 559 2004 628 αὑτὴν
2031 558 2140 628 γὰρ

475 643 690 710 μορφὴν
710 643 960 713 ἑκάτεροι
984 643 1218 712 ἔχουσιν.
1255 647 1393 698 Ἀλλ’
1425 648 1526 699 οὑκ
1549 647 1613 700 ἂν
1641 647 1752 716 ἐχοι
1783 644 1940 697 τοῦτο
1959 643 2136 708 λόγον.

478 725 674 777 Ἄκουε
707 727 812 796 γὰρ
841 727 933 779 τοῦ
976 728 1187 782 Παύλου
1217 729 1493 797 λέγοντος·
1537 731 1710 798 Ἀνὴρ
1745 729 1862 798 μὲν
1889 726 1999 795 γὰρ
2031 729 2140 779 οὐκ

473 807 699 874 ὀφείλει
734 814 1297 864 κατακαλύπτεσθαι
1338 813 1452 879 τὴν
1502 812 1797 882 κεφαλὴν,
1829 810 2006 864 εἰκὼν
2041 809 2140 862 καί

474 888 625 953 δόξα
653 891 799 944 Θεοῦ
819 891 1105 962 ὑπάρχων
1128 912 1139 923 ·
1169 897 1205 961 ἡ
1240 895 1306 947 δὲ
1329 896 1481 964 γυνὴ
1520 897 1669 960 δόξα
1695 895 1912 962 ἀνδρός
1947 895 2137 947 ἐστιν.

487 970 546 1023 Ὀ
577 973 674 1040 μὲν
707 972 814 1044 γάρ
847 974 1024 1045 ἄρχει,
1062 980 1094 1046 ἡ
1129 979 1184 1030 δέ
1213 979 1592 1041 ὑποτέτακται,
1624 977 1805 1039 καθὼς
1835 978 1927 1030 καὶ
1951 977 1978 1028 6
2011 975 2142 1036 Θεὸς

475 1053 534 1118 ἐξ
568 1055 742 1125 ἀρχῆς
781 1057 918 1127 πρὸς
950 1059 1117 1129 αὑτήν
1155 1078 1315 1130 φησι,
1366 1062 1520 1127 Πρὸς
1563 1063 1668 1114 τὸν
1709 1061 1896 1127 ἄνδρα
1941 1077 2057 1112 σου
2099 1057 2136 1123 ἠ

474 1139 827 1207 ἀποστροφή
873 1158 1009 1197 σου.
1047 1143 1143 1195 κίιί
1189 1147 1368 1209 αὑτός
1399 1161 1514 1197 σου
1554 1146 1875 1212 κυριεύσει.
1923 1143 2139 1214 Ἐπειδὴ

476 1220 584 1289 γάρ
611 1223 749 1274 κατὰ
769 1223 859 1275 τὸν
879 1225 976 1291 τῆς
1002 1227 1174 1297 ἀρχῆς
1197 1226 1350 1293 λόγον
1373 1228 1432 1279 τὸ
1456 1228 1554 1296 τῆς
1578 1229 1782 1290 εἰκόνος
1814 1227 2136 1298 παρείληφε.

477 1301 570 1352 καί
597 1303 655 1354 οὑ
691 1304 829 1357 κατὰ
861 1305 957 1376 τὴν
987 1309 1218 1377 μορφὴν,
1249 1311 1276 1361 6
1303 1309 1357 1360 δὲ
1392 1309 1674 1380 ἅνθρωπος
1703 1311 1860 1380 ἄρχει
1900 1310 2135 1371 πάντων,

477 1382 511 1450 ἡ
537 1381 592 1433 δὲ
617 1384 750 1455 γυνὴ
777 1387 1154 1451 ὑποτέτακται,
1190 1390 1276 1442 διά
1307 1390 1466 1444 τοῦτό
1496 1408 1628 1461 φησι
1666 1391 1792 1460 περὶ
1821 1390 1913 1442 τοῦ
1949 1389 2139 1459 ἀνδρὸς

476 1461 506 1510 6
539 1461 766 1526 Παῦλος,
799 1466 880 1519 ὅτι
917 1469 1080 1521 εἰκὼν
1111 1471 1202 1522 καὶ
1234 1471 1360 1537 δόξα
1387 1470 1522 1523 Θεοῦ
1557 1471 1808 1540 ὑπάρχει.
1837 1473 1870 1540 ὴ
1905 1471 1962 1522 δὲ
2000 1469 2138 1541 γυνὴ

476 1541 600 1608 δόξα.
639 1546 831 1616 ἀνδρός
866 1550 1030 1605 ἐστιν.
1067 1554 1126 1605 Εἰ
1157 1554 1212 1606 δὲ
1256 1555 1382 1624 περὶ
1431 1556 1640 1624 μορφῆς
1671 1555 1888 1621 ἔλεγεν,
1921 1554 2020 1606 οὑκ
2073 1553 2139 1606 ἂν

476 1626 701 1682 διεῖλεν·
741 1633 768 1684 6
805 1631 912 1703 γὰρ
949 1634 1110 1697 αὑτὸς
1157 1635 1324 1699 τύπος
1374 1638 1467 1689 καὶ
1495 1636 1687 1706 ἀνδρὸς
1733 1636 1827 1688 καὶ
1857 1636 2133 1704 γυναικός.

480 1707 629 1774 Εἶδες
652 1713 750 1784 τῆς
777 1715 1033 1785 ἀληθείας
1061 1719 1158 1788 τὴν
1186 1721 1520 1789 περιουσίαν,
1547 1720 1661 1784 πῶς
1689 1720 1943 1790 οὐδεμίαν
1969 1736 2136 1772 κατα⁶

479 1791 735 1860 λιμπάνει
777 1798 1068 1866 ἀπολογίας
1106 1802 1372 1872 πρόφασιν
1405 1805 1516 1866 τοῖς
1553 1805 1926 1872 ἀναισχυντεῖν
1958 1802 2141 1872 βουλος

480 1875 691 1940 μένοιςς
728 1879 864 1932 Ἀλλ’
900 1883 1046 1952 ὅμως
1079 1886 1171 1937 καὶ
1199 1885 1399 1938 τούτων
1437 1885 1608 1948 οὑτως
1639 1888 1868 1955 ἐχόντων
1902 1887 1977 1956 μὴ
2003 1905 2140 1940 παυ-

480 1958 701 2027 σώμεθα
735 1963 902 2034 πολλῇ
939 1968 1002 2035 τῇ
1034 1967 1381 2039 μακροθυμία
1405 1968 1536 2040 πρὸς
1558 1969 1752 2032 αὑτοὺς
1785 1970 2134 2040 κεχρημένοι,

478 2041 572 2109 Μή
613 2059 758 2096 ποτε
803 2044 885 2110 δῷ
917 2048 1123 2114 αὐτοῖς
1156 2053 1188 2102 ὀ
1233 2051 1376 2116 Θεὸς
1409 2050 1732 2120 μετάνοιαν
1764 2054 1849 2117 είς
1886 2052 2139 2120 ἐπίγνω-

475 2139 581 2176 σιν
616 2125 918 2194 ἀληθείας.
971 2132 1060 2202 Μὴ
1110 2133 1290 2186 τοίνυν
1337 2135 1695 2203 ναρκήσωμεν
1737 2147 1762 2174 ι
1795 2135 1994 2206 πολλὴν
2041 2135 2138 2205 τὴν

478 2209 774 2262 ἐπιείκειαν
825 2211 1287 2284 ἐπιδεικνύμενοι,
1340 2219 1506 2280 είπως
1548 2218 1902 2288 δυνηθείημεν
1944 2219 2138 2282 αὐτοὺς

478 2289 783 2360 ἐξαρπάσαι
817 2294 916 2362 τῆς
957 2295 1050 2348 τοῦ
1095 2298 1341 2351 διαϐόλου
1397 2300 1648 2368 ἀπάτης·
1684 2301 1812 2359 καὶ.
1861 2303 1908 2354 εἰ
1959 2301 2136 2364 δοκεῖ,

478 2373 639 2426 πάλιν
686 2376 1067 2448 ἐπιστήσωμεν
1106 2382 1289 2445 αὑτοῖς
1325 2383 1417 2436 τὸν
1453 2385 1718 2454 μακάριον
1752 2385 1962 2438 Παῦλον
1998 2384 2138 2438 οὑτω

476 2456 704 2523 λέγοντα
729 2460 864 2530 πρὸς
911 2464 1035 2526 τοὺς
1065 2464 1162 2527 τὰς
1207 2465 1436 2534 Ἀθήνας
1473 2466 1785 2529 οἰκοῦντας·
1827 2470 1948 2521 οὐκ
1980 2469 2138 2536 ὀρεί-

476 2542 662 2607 λομεν
696 2542 951 2611 νομίζειν
989 2546 1214 2614 χρυσῷ,
1245 2549 1282 2616 ἢ
1316 2549 1569 2616 ἀργύρῳ,
1605 2551 1644 2617 ἢ
1687 2552 1854 2617 λίθῳ,
1882 2551 1919 2618 ἢ
1957 2551 2142 2620 χαρά·

475 2643 649 2692 γματι
672 2627 887 2695 τέχνης
908 2630 944 2697 ἣ
969 2632 1354 2701 ἐνθυμήσεως
1375 2634 1688 2700 ἀνθρώπου
1711 2635 1774 2688 τὸ
1798 2636 1968 2689 Θεῖον
1986 2633 2138 2690 εἶναι

477 2706 700 2775 ὅμοιον.
720 2707 869 2774 Εἶδες
895 2713 985 2765 τὸν
1010 2716 1168 2783 σοφὸν
1196 2716 1530 2778 διδάσκαλον,
1555 2717 1672 2787 μεθ’
1695 2720 1826 2788 ὅσης
1854 2719 2138 2790 ἀκριϐείας

477 2790 656 2845 πᾶσαν
687 2794 866 2847 αὑτῶν
891 2796 1111 2866 ἐξέκοψε
1133 2799 1229 2867 τὴν
1257 2800 1471 2868 ἀπάτην
1494 2817 1508 2864 ;
1541 2801 1616 2853 Οὑ
1648 2801 1806 2870 μόνον
1831 2801 1940 2872 γὰρ
1965 2803 2136 2856 τύπου

477 2875 1030 2947 σωματικοῦ.ἐφησεν
1050 2880 1392 2951 ἀπηλλάχθαι
1417 2882 1477 2934 τὸ
1506 2882 1680 2947 Θεῖον,
1713 2884 1849 2937 ἀλλά
1890 2885 2023 2956 μηδὲ
2054 2887 2140 2939 ἐν·

478 2956 716 3028 θύμησιν
741 2960 1029 3030 ἀνθρώπου
1049 2962 1275 3034 δυνατὴν
1302 2960 1440 3016 εἶναι
1463 2965 1768 3020 ἀναπλάσαι
1798 2984 1849 3019 τι
1874 2967 2134 3023 τοιοῦτον.

478 3039 662 3092 Ταῦτα
691 3042 826 3112 πρὸς
847 3045 1042 3107 αὐτοὺς
1069 3047 1305 3116 συνεχῶς
1329 3046 1718 3117 διαλεγόμενοι.
1755 3049 1828 3120 μη
1856 3050 2136 3120 παύσησθε

478 3121 547 3203 τά
583 3125 713 3192 παρ’
747 3125 954 3177 ἑαυτῶν
979 3127 1316 3198 εἰσφέροντες
1335 3168 1348 3190 ,
1383 3128 1448 3182 ἂν
1477 3131 1582 3200 ἄρα
1614 3131 1835 3183 ἐνδῶσιν
1854 3131 1903 3196 δ,
1936 3132 2002 3184 ἂν
2032 3133 2137 3203 ἄρα

481 3202 780 3274 βουληθῶσι
829 3207 1112 3277 διαϐλέψαι
1168 3211 1304 3279 πρὸς
1331 3211 1430 3281 τὴν
1454 3212 1731 3282 ἀληθειαν.
1764 3213 1867 3266 Καὶ
1911 3202 2138 3278 ἐκείνοις

482 3284 582 3349 μὲν
609 3287 748 3355 μετά
777 3288 972 3359 πολλῆς
1003 3291 1300 3354 ἐπιεικείας
1333 3293 1545 3360 καὶτῆς
1574 3294 1871 3359 ἀσφαλείας
1898 3295 2137 3364 διαλεγό-

483 3385 631 3436 μενοι
683 3369 756 3441 μὴ
811 3372 1112 3441 παύσησθε,
1173 3375 1323 3428 αὑτοὶ
1354 3375 1444 3441 δὲ,
1478 3375 1590 3448 [6‘2]
1624 3379 1944 3448 παρακαλῶ,
2001 3380 2137 3450 μετά

480 3451 763 3522 ἀκριϐείας
790 3454 857 3507 τά
905 3455 1148 3526 δόγματα
1197 3457 1295 3527 τῆς
1349 3459 1673 3530 Ἐκκλησίας
1729 3461 2006 3530 κατέχετεν
2064 3465 2136 3535 μὴ

482 3536 800 3604 συγχέοντες
827 3537 934 3590 τῶν
956 3539 1259 3609 εἰρημένων
1307 3541 1407 3610 τὴν
1439 3542 1759 3596 ἀκολουθίαν
1785 3585 1799 3608 ,
1837 3544 1970 3597 ἀλλὰ
2003 3547 2138 3616 πρὸς

484 3617 583 3686 μὲν
607 3618 889 3683 Ἰουδαίους
915 3621 1258 3693 καταλλήλως
1279 3623 1670 3695 διαλεγόμενοι,
1690 3629 1783 3681 καὶ
1811 3628 2135 3693 δεικνύντες,

481 3701 563 3752 ὅτι
591 3701 650 3753 οὑ
692 3703 828 3773 πρός
855 3721 975 3757 τινα
999 3705 1105 3758 τῶν
1150 3706 1534 3778 λειτουργικῶν
1563 3710 1845 3781 δυνάμεων
1875 3713 2044 3766 ταῦτα
2072 3715 2139 3768 τά

482 3785 766 3856 εἰρημένα,
799 3787 935 3840 ἀλλὰ
963 3789 1098 3858 πρὸς
1132 3789 1293 3842 αὑτὸν
1315 3790 1405 3843 τὸν
1425 3793 1687 3862 μονογενῆ
1710 3794 1806 3862 τοῦ
1833 3795 1965 3847 Θεοῦ
1995 3797 2136 3848 Υἰόν·

483 3867 620 3938 πρὸς
649 3868 706 3921 δὲ
731 3870 856 3932 τοὺς
881 3870 948 3923 τά
986 3872 1194 3940 Ἀρείου
1225 3873 1550 3944 φρονοῦντας
1590 3876 1750 3929 πάλιν
1775 3876 2020 3930 ἐντεῦθεν
2041 3880 2139 3950 τὴν

482 3951 774 4020 ὁμοτιμίαν
825 3952 918 4004 τοῦ
967 3953 1094 4006 Υἰοῦ
1132 3955 1266 4024 πρὸς
1301 3956 1389 4008 τὸν
1424 3957 1641 4026 Πατέρα
1687 3959 2098 4023 ἀποδεικνύντες
2123 3979 2138 3993 ο

485 4034 578 4086 καὶ
609 4034 744 4104 πρὸς
772 4035 896 4098 τοὺς
920 4036 1382 4108 ἀνθρωπόμορφον
1416 4038 1507 4091 τὸν
1536 4039 1685 4092 Θεῖον
1710 4036 1849 4094 εἶναι
1879 4042 2141 4109 φανταζο-

489 4118 682 4184 μένους
711 4118 778 4171 τά
807 4119 958 4190 παρά
995 4119 1089 4173 τοῦ
1122 4122 1390 4192 μακαρίου
1425 4121 1637 4176 Παύλου
1659 4124 1924 4194 εἰρημένα
1949 4127 2028 4187 εἰς
2056 4127 2142 4193 μέ·

487 4215 578 4250 σον
623 4202 1056 4271 παραγαγόντες,
1112 4204 1444 4273 ἀνατρέπετε
1477 4205 1574 4273 μὲν
1605 4205 1673 4258 τά
1707 4205 1955 4269 ζιζανίων
1985 4209 2140 4278 δίκην

485 4281 822 4352 ἐπιφυόμενα
855 4285 1070 4355 ὀλέθρια
1104 4287 1383 4356 νοσήματα
1407 4291 1515 4350 τοῖς
1551 4288 1650 4356 τῆς
1697 4290 2020 4360 Ἑκκλησίας
2058 4293 2142 4344 δό-

487 4379 677 4432 γμασι·
710 4364 1032 4430 σπουδάζετε
1067 4378 1088 4405 ε
1112 4367 1167 4420 δὲ
1193 4368 1478 4440 κρατύνειν
1500 4371 1556 4420 ἐν
1587 4370 1797 4434 ἑαυτοῖς
1845 4372 1913 4423 τὰ
1944 4374 2140 4443 εὐσεϐῆ

485 4446 805 4517 διδάγματα.
836 4451 1098 4521 Βούλομαι
1121 4453 1225 4525 γὰρ
1255 4453 1349 4506 καὶ
1383 4453 1610 4523 εὔχομαι
1649 4453 1854 4518 πάντας
1893 4456 2035 4526 ὑμᾶς
2073 4458 2144 4511 δι-

487 4527 770 4581 δασκάλων
793 4529 944 4593 τάξιν
977 4531 1212 4602 ἐπέχειν,
1245 4533 1340 4585 καὶ
1371 4533 1444 4602 μὴ
1497 4535 1652 4605 μόνον
1681 4535 1953 4606 ἀκροατάς
2004 4534 2141 4592 εἶναι

480 4610 596 4662 τῶν
639 4613 766 4682 παρ’
823 4611 977 4683 ἡμῶν
1004 4613 1329 4684 λεγομένων,
1382 4615 1516 4669 ἀλλά
1552 4618 1643 4669 καὶ
1669 4617 1876 4688 ἐτέροις
1923 4619 2142 4692 διαπορ-

489 4692 732 4762 θμεύειν,
764 4695 859 4746 καὶ
880 4695 1194 4766 σαγηνεύειν
1221 4699 1346 4761 τοὺς
1368 4697 1448 4751 ἔτι
1471 4699 1852 4770 πλανωμένους
1877 4702 2012 4772 πρὸς
2043 4705 2142 4776 τὴν

485 4777 587 4846 τῆς
612 4777 866 4847 ἀληθείας
893 4778 1010 4832 ὁδόν
1027 4797 1039 4812 ο
1065 4779 1315 4850 καθάπερ
1335 4784 1427 4834 καὶ
1451 4781 1658 4845 Παῦλός
1688 4801 1870 4854 φησιν,
1904 4782 2006 4853 Εἷς
2039 4789 2144 4842 τὸν

485 4861 594 4915 ἕνα
630 4861 1004 4932 οἰκοδομεῖτε,
1055 4864 1163 4926 καὶ,
1204 4865 1362 4918 Μετὰ
1393 4867 1578 4934 φόϐου
1629 4867 1726 4919 καὶ
1767 4870 1984 4937 τρόμου
2029 4870 2144 4939 τὴν

486 4943 718 4998 ἑαυτῶν
758 4945 1056 5013 σωτηρίαν
1098 4946 1534 5015 κατεργάζεσθε.
1583 4949 1767 5013 Οὑτως
1816 4954 1948 5023 ἡμῖν
1977 4955 2070 5006 καὶ
2110 4957 2141 5026 ἡ

500 5028 793 5098 Ἐκκλησία
842 5031 919 5092 είς
979 5029 1178 5100 πλῆθος
1228 5031 1513 5094 ἐπιδώσει,
1549 5035 1644 5086 καὶ
1694 5034 1848 5103 ὑμεῖς
1901 5036 2143 5103 πλείονος

485 5110 858 5164 ἀπολαύσεσθε
884 5112 983 5182 τῆς
1020 5113 1223 5167 ἄνωθεν
1259 5115 1452 5185 ῥοπῆς,
1484 5115 1682 5186 πολλὴν
1723 5117 1832 5170 τῶν
1866 5120 2142 5188 ὑμετέρων

489 5192 666 5262 μελῶν
700 5194 796 5264 τὴν
819 5195 1072 5265 πρόνοιαν
1101 5197 1433 5266 ποιούμενοι.

555 5275 614 5328 ε’.
653 5275 786 5329 Οὑδέ
813 5278 920 5347 γάρ
946 5277 1123 5348 ἐαυτῷ
1155 5279 1312 5347 μόνον
1353 5283 1539 5350 ἀρκεῖν
1569 5283 1595 5333 ὁ
1626 5283 1754 5345 Θεὸς
1783 5282 2024 5351 βούλεται
2051 5288 2142 5342 τὸν

487 5359 842 5430 Χριστιανὸν,
871 5359 1006 5413 ἀλλὰ
1039 5363 1132 5414 καὶ
1165 5363 1385 5433 ἐτέρους
1413 5363 1712 5434 οἰκοδομεῖν
1736 5366 1796 5418 οὑ
1819 5367 1906 5421 διὰ
1939 5370 2038 5440 τῆς
2062 5371 2142 5424 δι-

486 5443 782 5506 δασκαλίας
814 5444 990 5512 μόνον,
1027 5443 1161 5496 ἀλλά
1201 5445 1295 5497 καὶ
1315 5444 1402 5497 διὰ
1449 5445 1541 5498 τοῦ
1583 5446 1718 5514 βίου,
1751 5450 1843 5502 καὶ
1881 5451 1982 5521 τῆς
2019 5454 2143 5506 ἀνα-

489 5525 724 5597 στροφῆς
745 5543 759 5557 ο
776 5527 925 5579 οὐδὲν
946 5526 1053 5597 γὰρ
1079 5526 1252 5590 οὑτως
1281 5529 1464 5596 ἐνάγει
1491 5529 1626 5600 πρὸς
1653 5531 1750 5600 τὴν
1767 5533 1865 5603 τῆς
1891 5535 2142 5604 ἀληθείας

485 5607 626 5668 ὁδὸν,
653 5608 729 5670 ώς
763 5608 1035 5673 πολιτείας
1064 5609 1321 5679 ἀκρίϐεια
1341 5626 1354 5641 '
1388 5611 1507 5664 οὑδὲ
1550 5613 1658 5683 γάρ
1690 5618 1800 5679 τοῖς
1830 5623 1956 5688 παρ“
1987 5619 2142 5690 ἡμῶν

547 5775 572 5837 f‘
604 5772 708 5837 Duo
733 5786 847 5822 mss.
861 5775 925 5834 μή
961 5775 1112 5822 τοίνυν
1136 5775 1436 5837 ἀρκήσωμεν.

544 5833 578 5873 δ
608 5836 734 5898 ΙνΙωσ.
760 5839 816 5883 ἀν
840 5833 939 5898 ἀρ’,
957 5837 1145 5892 ἐνδὼσι,
1171 5833 1350 5884 desunt
1372 5841 1418 5884 in
1445 5838 1631 5886 duobus
1651 5854 1760 5889 mm.

543 5899 570 5930 ⁶
599 5897 780 5947 Omnes
800 5897 1100 5958 σπουδάζετε,
1125 5905 1305 5960 praeter
1333 5899 1522 5959 ωσι-ιιι,
1545 5902 1627 5962 qui
1652 5901 1801 5952 habet
1822 5906 2135 5958 σπουδάσατε.

2240 471 2557 544 λεγομένοις
2587 479 2729 531 οὑτω
2761 479 3142 550 προσέχουσιν,
3167 479 3244 542 ὡς
3271 479 3384 540 τοῖς
3423 477 3514 547 ὑφ’
3543 475 3700 547 ἡμῶν
3729 493 3909 545 πρατ-

2237 558 2501 626 τομένοις.
2529 561 2634 614 Καὶ
2665 563 2751 614 ἵνα
2785 561 2982 634 μάθῃς,
3015 563 3098 615 ὅτι
3127 561 3284 613 τοῦτο
3313 559 3485 623 οὕτως
3510 559 3622 629 ἔχει
3644 557 3768 628 (κᾶν
3797 558 3912 628 γάρ

2242 641 2498 708 μυριάκις
2528 641 2904 712 φιλοσοφῶμεν
2937 647 3048 706 τοῖς
3071 643 3267 710 λόγοις,
3292 643 3382 694 καὶ
3405 644 3531 711 περί
3556 641 3913 706 ἀνεξικακίας

2238 720 2635 792 διαλεγώμεθα,
2665 725 2854 796 καιροῦ
2872 725 2928 779 δὲ
2953 725 3360 796 παραπεσόντος
3386 724 3458 792 μὴ
3485 723 3575 776 διὰ
3594 723 3704 775 τῶν
3727 722 3914 792 ἔργων

2238 803 2441 872 ταύτην
2485 807 2896 876 ἐπιδειξώμεθα,
2953 809 3015 862 οὑ
3050 807 3305 860 τοσοῦτον
3333 808 3362 858 6
3389 805 3547 872 λόγος
3599 805 3909 874 ὠφέλη³ενν

2237 887 2361 939 ὅσον
2389 888 2420 957 ἡ
2452 890 2650 958 πρᾶξις
2689 890 2920 959 ἔϐλαψεν
2944 907 2958 921 ·
2990 890 3054 943 ἂν
3077 891 3133 942 δὲ
3184 891 3278 942 καὶ
3317 887 3422 959 πρὸ
3465 887 3573 940 τῶν
3609 885 3780 953 λόγων
3811 886 3912 937 καὶ

2242 969 2379 1037 μετά
2403 972 2528 1032 τοὺς
2553 971 2743 1038 λόγους
2763 973 2860 1042 τὴν
2881 973 2968 1026 διὰ
2985 973 3090 1025 τῶν
3111 972 3285 1043 ἔργων
3312 969 3570 1033 ἐπίδειξιν
3593 968 3907 1039 ποιώμεθα,

2240 1051 2538 1114 ἀξιόπιστοι
2567 1056 2799 1126 ἐσόμεθα
2827 1058 3008 1108 ἐκεῖνα
3039 1055 3448 1126 παραινοῦντες,
3474 1053 3510 1106 ἀ
3553 1052 3647 1105 καὶ
3673 1052 3762 1104 διά
3794 1051 3909 1104 τῶν

2239 1133 2414 1202 ἔργων
2441 1136 2772 1207 πληροῦμεν,
2794 1139 2915 1190 ἐπεὶ
2943 1138 3037 1190 καὶ
3057 1139 3085 1190 6
3103 1135 3333 1207 Χριστὸς
3350 1137 3568 1196 τούτους
3596 1133 3907 1202 ἐμακάρισε

2237 1215 2428 1284 λέγων,
2475 1221 2776 1287 Μακάριος
2807 1224 2840 1274 ό
2873 1219 3150 1285 ποιήσας.
3206 1219 3302 1271 καὶ
3355 1217 3657 1285 διδάξας)·
3707 1216 3908 1268 σκόπει

2237 1299 2354 1362 πῶς
2395 1301 2659 1371 πρότερον
2691 1302 2786 1372 τὴν
2817 1302 3030 1372 ποίησιν
3076 1301 3291 1369 ἔθηκεν,
3344 1299 3437 1351 καὶ
3471 1298 3590 1350 τότε
3627 1296 3724 1368 τὴν
3754 1295 3908 1349 διδα-

2238 1383 2484 1436 σκαλίαν.
2518 1384 2628 1452 Τῆς
2655 1385 2904 1452 πράξεως
2924 1384 3034 1454 γὰρ
3068 1382 3506 1454 προηγουμένης,
3532 1380 3635 1433 κᾶν
3667 1380 3739 1451 μὴ
3772 1380 3910 1449 ἐπη-

2235 1482 2324 1516 ται
2369 1468 2400 1534 ἡ
2432 1466 2767 1528 διδασκαλία,
2803 1468 2965 1536 ἀρκεῖ
3020 1465 3085 1518 τά
3119 1466 3254 1535 ἔργα
3301 1463 3485 1532 φωνῆς
3518 1462 3907 1531 λαμπρότερον

2234 1547 2439 1612 διδάξαι
2467 1549 2592 1612 τοὺς
2619 1551 2697 1611 εἰς
2717 1551 2862 1618 ἡμᾶς
2883 1548 3143 1619 ὁρῶντας.
3174 1547 3343 1599 Τοῦτο
3364 1541 3454 1598 οὖν
3472 1544 3744 1612 πανταχοῦ
3772 1561 3907 1595 σκο-

2237 1631 2426 1701 πῶμεν
2471 1633 2734 1703 πρότερον
2761 1635 2874 1695 τοῖς
2926 1633 3106 1701 ἔργοις
3148 1631 3441 1691 διδάσκειν,
3491 1629 3584 1680 καὶ
3628 1629 3747 1680 τότε
3787 1631 3905 1691 τοῖς

2233 1713 2432 1781 λόγοις,
2465 1715 2549 1767 ἵνα
2574 1717 2648 1785 μὴ
2687 1717 2782 1768 καὶ
2809 1716 2972 1785 ἡμεῖς
3001 1714 3324 1782 ἀκούσωμεν
3358 1711 3507 1782 παρά
3538 1709 3630 1762 τοῦ
3660 1710 3902 1770 Παύλου,

2246 1797 2297 1849 Ὀ
2328 1796 2632 1851 διδάσκων
2657 1798 2879 1866 ἕτερον,
2915 1801 3175 1852 σεαυτὸν
3198 1800 3268 1850 οὺ
3290 1795 3594 1857 διδάσκεις
3611 1809 3629 1856 ;
3644 1793 3752 1846 Καὶ
3771 1793 3906 1845 ὅταν

2237 1879 2559 1950 βονλώμεθά
2603 1897 2709 1934 τινι
2764 1881 3114 1952 παραινέσαι,
3143 1881 3285 1934 ὥστε
3317 1878 3659 1952 κατορθῶσαί
3709 1894 3764 1929 τι
3790 1876 3905 1928 τῶν

2235 1962 2568 2030 ἀναγκαίων,
2602 1964 2864 2035 πρότερον
2890 1964 3044 2017 αὐτοὶ
3084 1962 3471 2032 σπουδάζωμεν
3515 1961 3671 2014 τοῦτο
3701 1977 3908 2030 κατορ-

2235 2045 2381 2109 θοῦν,
2407 2047 2492 2098 ῖνα
2527 2046 2666 2116 μετὰ
2703 2047 2945 2109 πλείονος
2962 2046 3063 2115 τῆς
3090 2045 3401 2116 παρρησίας
3432 2043 3529 2114 τὴν
3550 2042 3906 2095 διδασκαλίαν

2233 2127 2535 2197 ποιώμεθα,
2597 2128 2692 2180 καί
2731 2130 2880 2182 πᾶσα
2928 2128 3086 2199 ἡμῶν
3116 2130 3148 2197 ἡ
3177 2127 3395 2198 φροντὶς
3445 2126 3586 2178 ἔστω
3637 2125 3768 2193 περὶ
3800 2125 3904 2193 τῆς

2233 2217 2373 2268 κατὰ
2399 2216 2577 2286 ψυχὴν
2607 2215 2898 2285 σωτηρίας,
2929 2215 3023 2268 καὶ
3055 2215 3202 2277 ὃπως
3242 2212 3598 2283 δυνηθείημεν
3627 2214 3696 2264 τά
3745 2229 3906 2281 σκιρ-

2232 2303 2447 2372 τήματα
2475 2303 2577 2371 τῆς
2631 2303 2832 2372 σαρκὸς
2865 2301 3262 2372 χαλινώσαντες
3293 2302 3391 2370 τὴν
3433 2299 3690 2370 ἀληθινὴν
3734 2297 3764 2338 (ί
3801 2317 3904 2370 νη·

2235 2389 2417 2442 στείαν
2445 2389 2833 2456 ἐπιδείξασθαι,
2881 2389 3024 2456 λέγω
3049 2389 3114 2459 δὴ
3144 2387 3242 2458 τὴν
3282 2387 3390 2439 τῶν
3425 2387 3610 2440 κακῶν
3647 2386 3861 2454 ἀποχήν
3885 2400 3901 2413 ⁸

2231 2475 2389 2529 τοῦτο
2409 2477 2514 2547 γάρ
2540 2478 2782 2547 νηστεία.
2803 2479 2913 2529 Καὶ
2943 2475 3052 2546 γάρ
3075 2478 3106 2547 ἡ
3129 2475 3242 2548 [65]
3263 2475 3369 2528 τῶν
3393 2473 3695 2545 βρωμάτων
3717 2473 3905 2543 ἀποχὴ

2231 2561 2318 2615 διά
2349 2563 2504 2616 τοῦτο
2533 2564 2921 2636 παρείληπται,
2973 2565 3058 2616 ἴνα
3085 2564 3176 2616 τὸν
3203 2563 3355 2615 τόνον
3399 2563 3496 2633 τῆς
3525 2561 3724 2633 σαρκὸς
3753 2561 3908 2630 χαλι-

2234 2650 2400 2722 νώσῃ,
2433 2652 2526 2704 καὶ
2555 2653 2766 2721 εὐήνιον
2788 2654 2922 2722 ἡμῖν
2955 2652 3047 2704 τὸν
3074 2652 3241 2704 ἵππον
3270 2651 3593 2723 ἐργάσηται.
3647 2649 3753 2701 Τὸν
3802 2665 3907 2718 νη-

2235 2738 2490 2790 στεύοντα
2515 2738 2748 2807 μάλιστα
2775 2739 2988 2792 πάντων
3021 2739 3284 2809 προσήκει
3311 2738 3400 2790 τὸν
3425 2737 3594 2808 θυμὸν
3620 2735 3902 2806 χαλινοῦν,

2233 2825 2513 2895 πραότητα
2546 2825 2939 2879 πεπαιδεῦσθαι
2965 2826 3059 2878 καὶ
3078 2825 3398 2888 ἐπιείκειαν,
3429 2823 3905 2894 συντετριμμένην

2233 2912 2376 2981 ἔχειν
2406 2914 2502 2982 τὴν
2539 2915 2783 2986 καρδίαν,
2808 2913 2914 2966 τῶν
2935 2913 3238 2982 ἐπι-θυμιῶν
3253 2913 3361 2964 τῶν
3388 2913 3602 2965 ἀτόπων
3631 2911 3903 2980 ἐξορίζειν

2232 2999 2329 3060 τὰς
2358 2999 2698 3069 ἐνθυμήσεις.
2736 2999 2841 3070 πρὸ
2861 2999 3153 3069 ὀφθαλμῶν
3183 2999 3528 3068 λαμϐάνοντα
3549 2999 3637 3050 τὸν
3661 2999 3902 3069 ἀκοίμη-

2231 3101 2322 3137 τον
2355 3087 2557 3137 ἐκεῖνον
2593 3085 2890 3156 ὀφθαλμὸν,
2929 3087 3024 3138 καὶ
3047 3085 3109 3138 τὸ
3138 3087 3418 3156 κριτήριον
3459 3085 3520 3137 τὸ
3565 3085 3899 3139 ἀδέκαστον

2233 3171 2530 3241 χρημάτων
2574 3175 2857 3242 κρείττονα
2895 3172 3180 3240 γίνεσθαι,
3217 3173 3343 3242 περὶ
3374 3171 3472 3243 τὴν
3528 3170 3905 3241 ἐλεημοσύνην

2234 3259 2432 3329 πολλὴν
2465 3260 2564 3330 τὴν
2593 3259 2874 3328 δαψίλειαν
2903 3258 3330 3324 ἐπιδείκνυσθαι,
3367 3260 3546 3312 πᾶσαν
3578 3258 3780 3311 κακίαν
3801 3260 3904 3330 τὴν

2234 3347 2358 3415 περί
2387 3345 2492 3398 τῶν
2521 3346 2742 3415 πλησίον
2775 3348 2838 3398 ἐκ
2865 3347 2963 3415 τῆς
2997 3347 3174 3416 ψυχῆς
3203 3345 3548 3398 ἀπελαύνειν.
3582 3345 3730 3416 Αῦτη
3764 3345 3904 3416 άλη-

2235 3433 2331 3502 θὴς
2365 3435 2396 3502 ἠ
2427 3434 2667 3504 νηστεία,
2693 3433 2941 3497 καθάπερ
2963 3433 3057 3486 καὶ
3081 3434 3306 3493 Ἡσαΐας
3324 3434 3486 3502 φησὶν
3511 3434 3573 3484 ἐκ
3602 3432 3903 3502 προσώπου

2231 3521 2322 3572 τοῦ
2358 3521 2491 3572 Θεοῦ
2523 3520 2917 3589 φθεγγόμενος’
2950 3523 3030 3574 Ob
3062 3521 3286 3585 ταύτην
3315 3520 3429 3586 τὴν
3452 3521 3745 3587 νηστείαν
3797 3520 3904 3584 ἐξ-

2233 3609 2554 3674 ελεξάμην,
2591 3609 2750 3676 λέγει
2799 3609 3028 3675 Κύριος,
3057 3607 3182 3660 οὐδ’
3214 3606 3288 3660 ἂν
3309 3606 3554 3675 κάμψῃς
3585 3607 3664 3670 ὡς
3691 3609 3908 3660 κλοιὸν

2233 3695 2340 3746 τὸν
2366 3693 2667 3760 τράχηλόν
2686 3711 2822 3758 σου,
2839 3694 2934 3746 καὶ
2964 3693 3195 3746 σάκκον
3219 3693 3316 3744 καὶ
3337 3692 3569 3745 σποδὸν
3590 3695 3905 3760 ὑποστρώ-

2233 3798 2338 3849 σῃ,
2366 3781 2490 3833 οὐδ’
2527 3781 2677 3832 οὕτω
2705 3782 2995 3834 κίιλέσετε
3017 3781 3306 3846 νηστείαν
3331 3779 3570 3846 δεκτὴν,
3599 3781 3761 3849 ,λέγει
3786 3783 3904 3835 Κύ-

2226 3889 2378 3937 ριος.
2427 3869 2584 3922 ’Λλλά
2637 3870 2816 3930 ποίαν,
2871 3869 3027 3934 εἰπέ;
3087 3870 3243 3932 Λύε,
3295 3869 3448 3937 φησί,
3495 3871 3904 3939 στραγγαλιὰς

2229 3959 2446 4022 ,ϐιαίων
2489 3957 3044 4025 συναλλαγμάτων,
3099 3955 3420 4023 διάθρυπτε
3477 3957 3753 4010 πεινῶντι
3793 3958 3904 4011 τὸν

2235 4045 2414 4110 ἄρτον
2444 4061 2578 4107 σου,
2616 4043 2853 4110 πτωχὸν
2887 4042 3145 4111 ἅστεγον
3175 4042 3454 4112 εἰσάγαγε
3477 4047 3564 4109 εἰς
3590 4043 3698 4095 τὸν
3728 4039 3906 4097 οἶκόν

2237 4149 2371 4184 σου.
2412 4131 2520 4182 Καὶ
2559 4130 2652 4182 ἐὰν
2699 4129 2869 4181 ταῦτα
2920 4129 3150 4201 πράξῃς,
3195 4129 3357 4199 φησὶ,
3406 4130 3537 4182 τότε
3566 4130 3904 4200 ῥαγήσεται

2237 4219 2498 4286 πρώιμον
2523 4217 2587 4270 τὸ
2617 4215 2742 4286 φῶς
2760 4232 2897 4284 σου,
2923 4218 3019 4271 καί
3049 4217 3120 4271 τὰ
3147 4217 3360 4287 ἰάματά
3384 4234 3499 4272 σου
3525 4229 3550 4258 ο
3579 4217 3731 4287 ταχὺ
3756 4220 3904 4272 ἀνα-

2236 4305 2411 4362 τελεῖ,

2311 4393 2384 4456 ς’.
2412 4388 2582 4455 Εἶδες,
2613 4391 2885 4460 ἀγαπητέ,
2916 4391 3044 4444 ποία
3069 4392 3212 4444 ἐστὶν
3237 4391 3441 4462 ἀληθὴς
3477 4391 3724 4462 νηστείας
3757 4393 3906 4448 Ταύ-

2235 4496 2335 4550 την
2369 4481 2714 4550 ἀσκήσωμεν,
2741 4480 2833 4531 καὶ
2859 4478 2932 4550 μὴ
2960 4479 3141 4542 ἁπλῶς
3173 4479 3315 4532 κατά
3343 4481 3469 4543 τοὺς
3495 4479 3722 4543 πολλοὺς
3745 4483 3904 4551 νομί-

2238 4568 2418 4637 ζωμεν
2453 4570 2510 4620 ἐν
2535 4568 2706 4637 τούτῳ
2733 4567 2802 4619 τὰ
2834 4568 2932 4637 τῆς
2966 4567 3218 4636 νηστείας
3249 4569 3378 4638 ἡμῖν
3410 4566 3817 4638 περιορίζεσθαι
3855 4569 3903 4633 ἲ,

2237 4655 2333 4707 ἐάν
2357 4653 2512 4724 μέχρι
2532 4653 2632 4723 τῆς
2654 4653 2782 4706 ἐσπέ
2792 4671 2888 4724 ρας
2911 4655 3081 4708 ἄσιτοι
3109 4654 3490 4724 διαμείνωμεν.
3511 4655 3586 4705 UO
3608 4654 3768 4707 τοῦτό
3787 4658 3905 4710 ἐστι

2238 4743 2300 4796 τὸ
2325 4741 2670 4812 ζητούμενον,
2700 4741 2814 4794 ἀλλ’
2842 4742 2929 4794 ἴνα
2950 4742 3086 4812 μετὰ
3105 4743 3203 4812 τῆς
3219 4741 3326 4796 τῶν
3355 4742 3659 4812 βρωμάτων
3687 4745 3905 4815 ἀποχῆς

2239 4833 2330 4884 καὶ
2353 4830 2450 4900 τὴν
2472 4829 2680 4900 ἀποχὴν
2708 4829 2816 4881 τῶν
2847 4828 3187 4898 βλαπτόντων
3206 4829 3621 4901 ἐπιδειξώμεθα,
3650 4831 3743 4884 καί
3773 4835 3906 4905 περὶ

2239 4919 2336 4989 τὴν
2367 4919 2476 4972 τῶν
2506 4916 2890 4988 πνευματικῶν
2936 4917 3195 4987 ἐργασίαν
3253 4918 3452 4988 πολλὴν
3488 4919 3723 4986 σπουδὴν
3750 4936 3907 4989 ποιη-

2241 5005 2483 5074 σώμεθα.
2517 5004 2621 5057 Τὸν
2648 5003 2974 5073 νηστεύοντα
3003 5003 3436 5074 κατεσταλμένον
3458 4999 3596 5057 εἶναι
3619 5006 3744 5076 χρὴ,
3771 5006 3905 5076 ἡσύ-

2239 5110 2371 5162 χιον,
2412 5093 2640 5162 ῆμερον,
2663 5088 2937 5148 ταπεινὸν,
2960 5089 3312 5159 ὑπερορῶντα
3339 5090 3439 5159 τῆς
3461 5090 3617 5159 δόξης
3636 5090 3730 5144 τοῦ
3760 5108 3904 5162 παρο

2237 5180 2388 5238 όντος
2429 5178 2562 5246 βίου.
2597 5176 2807 5245 Ὥσπερ
2866 5174 2973 5246 γὰρ
3033 5177 3130 5246 τῆς
3189 5176 3366 5247 ψυχῆς
3399 5177 3712 5246 ὑπερεῖδεν,
3758 5177 3904 5231 οὕτω

2238 5267 2502 5336 προσήκει
2533 5267 2626 5317 καὶ
2652 5265 2752 5334 τῆς
2784 5266 2948 5333 κενῆς
2969 5265 3126 5334 δόξης
3147 5264 3441 5334 ὑπεριδεῖν,
3469 5264 3560 5316 καὶ
3590 5265 3728 5334 πρὸς
3756 5267 3904 5318 ἐκεῖ-

2243 5371 2330 5407 νον
2357 5354 2513 5424 μόνον
2539 5352 2672 5422 ὁρᾷν
2699 5352 2786 5404 τὸν
2819 5351 3078 5416 ἐτάζοντα
3120 5351 3341 5420 καρδίας
3373 5352 3464 5404 καὶ
3509 5353 3767 5422 νεφροὺς,
3808 5354 3904 5406 καὶ

2242 5441 2379 5512 μετά
2408 5439 2606 5509 πολλῆς
2645 5439 2739 5509 τῆς
2765 5439 3044 5510 ἀκριϐείας
3074 5439 3172 5502 τάς
3199 5438 3363 5509 εὑχάς
3387 5439 3482 5491 καὶ
3511 5440 3608 5502 τάς
3646 5439 3902 5510 ἐξομολο-

2302 5600 2328 5639 d
2354 5600 2502 5649 Savil.
2537 5607 2588 5648 et
2625 5601 2812 5660 aliquot
2856 5612 2969 5646 mss.
2998 5601 3079 5656 τὴν
3117 5600 3285 5656 ἀληθῆ.
3325 5598 3450 5648 Infra
3480 5599 3630 5647 Savil.
3669 5607 3722 5648 et
3759 5601 3903 5650 mulli

2240 5676 2351 5710 mss.
2375 5664 2456 5710 καὶ
2483 5663 2664 5717 εὐήνιον
2686 5661 2797 5721 ἡμῖν
2818 5663 2898 5708 τὸν
2923 5663 3080 5708 ἵππον.
3125 5661 3326 5709 Coislin.
3361 5663 3442 5708 καί
3464 5661 3646 5717 εὐήνιον
3664 5662 3780 5722 ἡμῖν
3821 5662 3902 5710 τὸν

2239 5723 2430 5786 δρόμον.
2471 5725 2641 5771 Morel.
2685 5724 2764 5786 καί
2789 5723 2969 5786 εῦὴνιον
2987 5723 3123 5782 ἡμῶν
3144 5723 3224 5769 τὸν
3247 5723 3404 5770 ἵππον.
3441 5723 3595 5771 Paulo
3617 5730 3730 5784 post
3775 5723 3899 5785 Reg.

2244 5783 2373 5846 uinus
2397 5785 2638 5846 πραότητα
2661 5783 2978 5846 παιδεύεσθαι.

2315 5859 2338 5885 0
2355 5845 2552 5894 Coi’slfn.
2565 5845 2624 5891 τὰ
2645 5845 2806 5904 ἱμάτιά
2825 5860 2930 5900 σου,
2956 5855 3231 5904 perperam.

2313 5907 2330 5943 ί
2356 5907 2505 5956 Savil.
2529 5913 2580 5956 cl
2599 5901 2784 5966 aliQuol
2806 5917 2919 5954 mss.
2941 5901 3259 5968 περιωρίσθω.
3284 5901 3453 5957 Morel.
3480 5905 3838 5969 περιορίζεσθαι.
