4040 6378
263 343 332 398 7'5
1333 350 1399 408 ΙΝ
1437 354 1590 412 CAP.
1630 358 1670 413 ἰ.
1713 358 1960 418 GENES.
2004 363 2233 423 llOMlL.
2275 369 2408 426 Vill.
3485 397 3553 453 74

261 459 506 514 dicemus
531 461 611 517 eis
641 481 653 516 :
699 461 862 532 Igitur
890 464 1034 520 Deus
1076 482 1184 521 non
1228 469 1399 524 solum
1445 471 1606 528 homo
1628 515 1644 540 ,
1675 475 1770 529 sed
1799 485 1855 531 et

263 549 461 604 midier
483 551 627 618 erit;
673 555 795 622 quia
823 557 1065 611 eamdem
1114 559 1334 614 formam
1368 571 1591 633 uterque
1635 566 1853 621 habent.

264 638 463 693 Verum
499 640 605 696 hoc
645 643 936 700 absurdum
975 657 1138 702 esset.
1169 650 1309 704 Audi
1353 653 1494 707 enim
1524 655 1743 710 Paulum
1772 658 1852 712 di-

256 739 513 784 centem:
552 731 643 786 Vir
685 735 818 788 enim
865 754 965 790 non
994 738 1136 792 debet
1181 743 1346 795 velare
1381 755 1567 814 caput,
1608 747 1776 818 imago
1804 757 1854 802 et

255 821 426 889 gloria
474 820 572 875 Dei
611 826 858 879 exsisteus
903 842 922 880 :
968 830 1149 883 mulier
1198 843 1368 887 autent
1427 835 1591 905 gloria
1636 838 1732 891 viri
1780 849 1853 893 est

257 912 352 976 (l.
386 910 512 964 Cor.
551 913 641 968 11.
684 915 774 984 7).
809 916 900 971 Vir
945 920 1090 974 enim
1135 922 1399 992 imperat,
1442 926 1634 981 mulier
1672 939 1851 984 autem

257 1002 502 1071 subjecta
532 1014 655 1058 est:
686 1006 825 1061 sicut
853 1018 907 1062 et
931 1009 1072 1066 Deus
1117 1011 1184 1068 ab
1228 1014 1381 1069 initio
1407 1015 1472 1069 ad
1516 1032 1633 1071 eam
1678 1019 1848 1074 dixit:

254 1095 335 1146 Ad
367 1096 538 1149 virum
561 1105 704 1150 tuum
733 1103 990 1155 conversio
1019 1113 1104 1156 tua
1127 1145 1143 1169 ,
1186 1114 1233 1158 et
1256 1106 1366 1175 ipse
1391 1107 1480 1161 tibi
1508 1109 1853 1165 dominabitur

255 1184 411 1244 (Gen.
445 1187 498 1241 3.
528 1186 644 1256 16).
672 1189 804 1257 Quia
832 1193 972 1247 enim
1001 1195 1292 1251 secundum
1324 1199 1586 1254 rationem
1629 1201 1850 1256 dominii

251 1276 316 1328 ad
345 1276 640 1348 imaginem
679 1281 848 1337 factus
878 1294 994 1352 est,
1026 1301 1131 1340 non
1163 1288 1230 1342 ad
1263 1291 1487 1344 formam
1508 1334 1522 1358 ,
1565 1294 1647 1348 vir
1669 1304 1848 1350 autem

254 1367 569 1424 dominatur
613 1374 899 1441 omnibus,
933 1377 1127 1432 mulier
1154 1395 1284 1434 vero
1327 1382 1565 1451 subjecta
1610 1393 1692 1439 est
1721 1404 1733 1439 :
1767 1386 1848 1440 id-

250 1458 397 1508 circo
426 1459 559 1514 dicit
596 1461 664 1516 de
691 1465 806 1517 viro
837 1465 1061 1534 Paulus,
1097 1471 1236 1539 quod
1265 1472 1438 1542 imago
1480 1485 1534 1529 et
1559 1477 1724 1545 gloria
1755 1478 1849 1532 Dei

249 1552 316 1600 sit
344 1591 359 1610 ,
396 1551 596 1606 mulier
620 1565 797 1609 autem
837 1559 1004 1628 gloria
1034 1561 1153 1614 viri.
1193 1563 1344 1628 Quod
1394 1565 1439 1618 si
1469 1566 1537 1620 de
1569 1569 1735 1623 forma
1766 1571 1848 1624 vel

252 1643 424 1709 figura
475 1645 736 1714 dixisset,
786 1665 893 1704 non
939 1653 1122 1723 utique
1167 1670 1228 1709 ca
1277 1656 1549 1714 divisisset
1594 1677 1608 1712 :
1658 1662 1847 1717 eadem

246 1736 393 1787 enim
427 1736 597 1807 ﬁgura
623 1749 708 1794 est
733 1740 833 1795 viri
861 1751 916 1798 et
954 1745 1217 1802 mulieris.
1249 1747 1438 1805 Vidisti
1470 1752 1682 1821 plenam
1712 1756 1849 1810 veri-

250 1836 418 1881 tatem
439 1828 464 1880 ?
509 1832 783 1899 quomodo
813 1835 1014 1889 nullum
1051 1837 1378 1896 defensionis
1405 1853 1722 1911 praetextum
1761 1861 1849 1901 re-

248 1920 447 1991 linquit
491 1924 560 1977 iis
585 1927 676 1994 qui
726 1929 921 1982 frustra
965 1929 1302 2001 impudentes
1345 1951 1466 1991 esse
1492 1937 1719 1992 volunt?
1749 1939 1849 1994 Ve-

248 2021 558 2069 rumtamen
588 2019 748 2071 etiam
783 2020 887 2073 illis
913 2023 986 2075 ita
1015 2038 1074 2077 se
1103 2024 1417 2082 habentibus
1437 2069 1450 2091 ,
1480 2044 1549 2084 ne
1573 2044 1847 2085 cessemus

249 2121 445 2175 magna
474 2123 597 2162 cum
629 2109 849 2166 lenitate
877 2129 998 2168 cum
1029 2116 1159 2186 ipsis
1188 2134 1366 2189 agere,
1396 2119 1458 2175 Si
1483 2126 1612 2192 [orte
1633 2123 1714 2176 del
1743 2124 1846 2179 illis

249 2195 392 2251 Deus
426 2201 769 2265 paenitentiam
803 2205 870 2258 ad
895 2208 1202 2277 agnitionem
1245 2212 1468 2266 veritatis
1499 2213 1591 2284 (2.
1623 2213 1756 2272 Tim.
1787 2217 1842 2270 2.

245 2287 314 2342 25
339 2290 384 2358 ).
418 2289 498 2345 Ne
527 2307 656 2362 ergo
676 2302 1064 2365 torpescamus,
1093 2300 1138 2354 si
1166 2316 1273 2370 quo
1301 2313 1456 2372 pacto
1485 2321 1580 2375 per
1605 2323 1845 2364 mansue-

253 2380 460 2436 tudinis
487 2384 724 2438 studium
757 2388 1023 2456 possimus
1063 2391 1206 2462 ipsos
1235 2395 1442 2464 eripere
1473 2413 1502 2452 a
1529 2398 1846 2469 deceptione

246 2471 488 2538 diaboli;
519 2484 592 2540 et,
619 2478 663 2530 si
695 2477 888 2548 placet,
918 2481 1247 2540 adducamus
1271 2487 1462 2542 iterum
1497 2489 1598 2545 illis
1627 2491 1844 2548 beatum

247 2562 499 2633 Paulum,
523 2568 617 2637 qui
640 2569 1057 2629 Atheniensibus
1083 2575 1160 2632 sic
1185 2577 1395 2634 dicebat
1419 2597 1434 2636 :
1461 2581 1585 2637 Non
1610 2583 1844 2641 debemus

246 2657 543 2710 existimare
573 2675 701 2714 auro
720 2703 736 2727 ,
765 2664 842 2717 vel
867 2677 1074 2734 argento
1097 2707 1111 2730 ,
1143 2669 1221 2722 vel
1246 2669 1438 2740 lapidi,
1468 2673 1548 2728 vel
1572 2676 1845 2747 sculptura:

246 2751 376 2799 artis
409 2749 489 2802 vel
518 2750 816 2808 inventionis
862 2756 1080 2812 hominis
1107 2758 1311 2815 Numen
1357 2779 1464 2818 esse
1489 2765 1653 2820 simile
1685 2767 1839 2838 (Act.

245 2839 336 2890 17.
380 2838 517 2912 29).
566 2841 756 2898 Vidisti
805 2857 1003 2916 quanta
1049 2850 1319 2921 diligentia
1364 2869 1579 2911 omnem
1629 2857 1840 2914 illorum

242 2946 489 2985 errorem
536 2935 752 3004 sapiens
794 2939 1049 3009 magister
1086 2946 1482 3013 amputaverit?
1521 2947 1638 3004 Non
1669 2950 1840 3006 solum

241 3022 391 3073 enim
442 3038 475 3077 a
519 3027 784 3094 corporali
830 3037 957 3100 typo
1000 3032 1231 3088 alienum
1285 3036 1413 3092 dicit
1452 3038 1699 3110 Numen,
1746 3043 1841 3099 sed

243 3127 427 3179 neque
455 3114 583 3184 quid
609 3118 785 3173 simile
816 3135 973 3189 posse
1002 3121 1234 3178 humana
1276 3128 1597 3197 cogitatione
1637 3132 1837 3205 efﬁngi.

240 3203 373 3258 lla-c
402 3205 631 3262 subinde
673 3209 779 3265 illis
817 3211 1057 3269 dicentes
1078 3256 1094 3280 ,
1129 3216 1263 3271 nihil
1290 3220 1430 3288 quod
1461 3237 1624 3291 penes
1651 3239 1747 3281 vos
1771 3203 1841 3282 sit

242 3294 492 3360 proferre
537 3297 926 3368 intermittatis,
976 3304 1021 3358 si
1066 3306 1202 3361 forte
1242 3309 1466 3377 cedant,
1509 3313 1555 3366 si
1597 3312 1733 3370 forte
1771 3317 1839 3372 ad

241 3387 529 3442 veritatem
559 3390 829 3459 respicere
859 3394 1044 3450 velint.
1073 3395 1336 3453 Caeterum
1383 3411 1439 3456 ut
1477 3403 1546 3458 ab
1575 3404 1838 3462 benevola

240 3478 461 3532 illorum
507 3479 862 3541 instructione
892 3489 1043 3544 vobis
1073 3491 1438 3549 desistendum
1468 3511 1574 3552 non
1617 3509 1732 3568 est,
1765 3501 1838 3556 ita

237 3583 377 3636 oro,
422 3581 478 3624 ut
521 3574 769 3643 dogmata
816 3579 1174 3637 ecclesiastica
1222 3586 1390 3653 probe
1433 3591 1697 3658 teneatis,
1728 3607 1838 3648 non

233 3663 638 3721 confundentes
675 3667 940 3726 dictorum
968 3677 1437 3746 consequentiam,
1466 3681 1562 3737 sed
1590 3697 1712 3739 cum
1742 3684 1839 3740 Ju-

233 3754 377 3809 dznis
407 3767 464 3810 ut
495 3769 706 3827 oportet
733 3761 1000 3833 disputate
1020 3806 1034 3830 ,
1074 3781 1138 3821 ac
1161 3768 1554 3840 demonstrate,
1587 3773 1704 3832 haec
1729 3792 1834 3833 non

234 3861 360 3901 esse
391 3848 535 3902 dicta
563 3855 811 3921 cuiquam
833 3873 900 3911 ex
923 3857 1252 3914 administris
1275 3862 1574 3930 virtutibus,
1597 3867 1692 3922 sed
1721 3870 1836 3923 uni-

229 3939 420 4008 genitu
450 3941 545 3996 Dei
593 3943 766 4011 Filio;
816 3947 1030 4004 Arianis
1067 3967 1278 4022 quoque
1326 3954 1448 4011 hinc
1492 3973 1672 4027 parem
1713 3960 1834 4017 Filii

231 4045 361 4085 cum
395 4033 555 4090 Patre
583 4036 892 4107 dignitatem
929 4042 1194 4110 indicate;
1228 4045 1323 4102 sed
1349 4057 1403 4103 et
1431 4050 1494 4106 iis
1522 4052 1613 4122 qui
1640 4051 1833 4109 huma-

232 4138 363 4176 nam
397 4125 622 4181 formam
644 4129 891 4187 Numinis
917 4134 1295 4206 imaginantur,
1318 4139 1490 4196 allatis
1516 4142 1567 4196 in
1597 4144 1832 4200 medium

233 4212 303 4267 iis
328 4231 453 4283 quae
483 4232 513 4270 a
542 4217 700 4274 beato
728 4221 892 4277 Paulo
932 4235 1055 4280 sunt
1083 4227 1254 4296 dicta,
1286 4231 1502 4288 evellite
1531 4250 1626 4303 per
1651 4236 1835 4292 Eccle-

233 4305 331 4358 sia:
377 4306 630 4377 dogmata
675 4315 1005 4382 perniciosos
1041 4320 1257 4376 morbos
1300 4323 1467 4379 instar
1507 4327 1830 4385 zizaniorum

233 4399 602 4468 pullulantes,
644 4419 967 4478 operamque
1008 4410 1130 4466 date
1169 4421 1225 4467 ut
1265 4415 1347 4484 pia
1388 4417 1626 4473 doctrina
1668 4421 1721 4475 in
1752 4421 1832 4476 eis

233 4490 514 4556 plantetur
537 4502 595 4547 et
622 4495 923 4553 roboretur.
954 4501 1088 4557 Volo
1126 4505 1267 4558 enim
1291 4547 1306 4571 ,
1337 4516 1392 4562 et
1432 4525 1621 4578 precor
1645 4527 1831 4570 omnes

232 4595 330 4632 Vtra
362 4583 411 4634 in
441 4582 722 4640 doctorum
745 4590 933 4646 ordine
956 4609 1076 4648 esse
1101 4612 1114 4648 ε
1143 4605 1197 4650 et
1225 4613 1332 4652 non
1359 4601 1530 4655 solum
1559 4604 1829 4662 auditores

231 4660 553 4727 nostrorum
593 4691 712 4732 esse
755 4693 1101 4746 sermonum.
1142 4686 1237 4741 sed
1282 4699 1336 4742 et
1379 4691 1498 4746 aliis
1529 4692 1827 4752 doctrinam

233 4772 480 4818 nostram
513 4765 736 4836 afferre,
770 4771 1069 4844 piscarique
1095 4787 1334 4835 errantes
1357 4821 1373 4848 ,
1407 4792 1465 4836 ut
1491 4784 1542 4838 in
1571 4787 1710 4841 viam
1737 4803 1828 4844 re-

231 4852 401 4908 deant
430 4859 696 4926 veritatis,
729 4862 870 4918 sicut
892 4856 952 4920 et
974 4865 1170 4924 Paulus
1201 4871 1372 4941 inquit
1402 4891 1415 4926 :
1443 4874 1587 4931 Unus
1611 4879 1828 4935 alterum

229 4945 456 5014 tediﬁcet
487 4947 563 5020 (1.
591 4949 765 5006 Thess.
789 4954 843 5008 5.
872 4957 934 5012 11
961 4957 1016 5028 );
1052 4967 1127 5024 et,
1169 4959 1294 5016 Cum
1339 4965 1517 5020 timore
1542 4977 1590 5022 et
1615 4978 1830 5027 tremore

229 5036 455 5090 salutem
483 5049 702 5095 vestram
723 5047 998 5114 operemini
1019 5048 1282 5122 (Philipp.
1309 5053 1363 5108 2.
1394 5055 1506 5129 12).
1533 5058 1622 5114 Sic
1642 5059 1829 5118 Eccle-

229 5127 311 5180 sia
341 5129 861 5192 nobismultitudine
887 5142 1185 5210 augebitur,
1209 5155 1264 5200 et
1283 5161 1378 5201 vos
1398 5127 1612 5206 uberius
1640 5167 1828 5223 super-

227 5236 298 5275 na
330 5222 583 5279 fruemini
614 5229 782 5298 gratia
803 5270 822 5299 ,
849 5248 1097 5305 magnam
1138 5239 1500 5298 membrorum
1525 5253 1824 5304 vestrorum

226 5327 422 5369 curam
454 5315 732 5376 habentes.

303 5406 364 5461 5.
404 5406 590 5479 Neque
643 5413 785 5468 enim
829 5415 969 5471 Deus
1008 5419 1123 5475 vult
1150 5431 1212 5477 ut
1255 5421 1589 5485 Christianus
1646 5432 1824 5503 seipso

224 5502 440 5553 tamam
467 5509 750 5559 contentus
778 5505 868 5572 sit,
894 5510 989 5564 sed
1032 5521 1089 5566 ut
1133 5513 1269 5570 alios
1314 5518 1540 5574 aediﬁcet
1577 5537 1684 5577 non
1729 5502 1827 5595 per

225 5587 532 5646 doctrinam
560 5596 756 5664 Solum,
788 5599 882 5654 sed
912 5611 966 5656 et
1009 5619 1103 5673 per
1143 5608 1329 5678 vitam,
1361 5620 1415 5666 et
1438 5617 1684 5671 versandi
1731 5634 1823 5672 ra-

225 5678 455 5735 tionem.
484 5683 626 5740 Nihil
661 5689 807 5745 enim
847 5693 925 5747 sic
966 5694 1020 5750 in
1062 5700 1303 5756 veritatis
1339 5703 1478 5760 viam
1505 5707 1736 5774 inducit,
1765 5721 1824 5767 ut

227 5770 508 5842 integritas
535 5778 657 5836 vitze
688 5797 704 5837 :
732 5797 854 5838 nam
884 5801 1056 5858 neque
1095 5799 1204 5848 tam
1228 5808 1292 5850 ea
1318 5797 1660 5860 considerant
1699 5824 1820 5880 qua:

1969 493 2000 532 a
2029 482 2182 535 nobis
2203 484 2472 555 (licniitur,
2514 506 2672 560 quam
2703 511 2822 565 qua!
2859 513 2890 553 a
2928 501 3082 557 nobis
3115 518 3363 576 aguntur.
3395 511 3463 568 Et
3498 527 3554 568 ut

1961 571 2102 625 scias
2133 589 2244 628 rem
2276 576 2346 630 ita
2375 594 2433 634 se
2461 579 2658 639 habere
2704 589 2724 658 (
2748 589 2870 645 licet
2899 597 3195 672 sexcenties
3224 601 3404 658 verbis
3431 615 3551 661 tan-

1962 669 2072 717 tum
2108 666 2565 740 philosophentur,
2595 687 2649 732 et
2674 679 2741 735 de
2766 666 3076 751 injuriarum
3094 691 3361 751 oblivione
3375 697 3545 755 disse-

1959 766 2160 820 ramus,
2182 771 2245 812 ac
2264 773 2384 815 cum
2419 773 2627 834 tempus
2672 770 2921 839 adfuerit,
2973 793 3090 833 eam
3138 785 3388 852 operibus
3436 806 3544 847 non

1959 842 2410 919 demonstremus,
2441 871 2545 911 non
2574 868 2777 916 tantum
2820 867 3114 934 proderunt
3151 842 3311 931 verba
3333 920 3348 945 ,
3376 895 3548 951 quan-

1958 941 2072 990 tum
2100 939 2369 997 nocebunt
2391 959 2583 1014 opera;
2609 950 2691 1005 sin
2724 965 2848 1010 ante
2887 967 2942 1011 et
2969 970 3088 1028 post
3127 967 3289 1022 verba
3322 939 3544 1040 operum

1956 1030 2226 1097 specimen
2258 1035 2678 1110 exhibuerimus,
2712 1045 2816 1101 ﬁde
2847 1048 2992 1119 digni
3031 1030 3399 1128 habebimur;,
3422 1079 3543 1122 cum

1955 1121 2360 1182 admonebimus
2379 1130 2512 1185 alios
2531 1131 2600 1188 de
2629 1135 2694 1191 iis
2721 1152 2838 1207 qua:
2856 1155 2952 1208 per
2979 1157 3140 1214 Opera
3168 1149 3544 1225 adimplemus,

1955 1212 2076 1280 quia
2109 1225 2162 1269 et
2187 1214 2430 1275 Christus
2448 1222 2751 1293 hujusmodi
2781 1212 3030 1289 homines
3064 1237 3251 1295 beatos
3265 1212 3432 1313 dixit,
3468 1212 3548 1302 in;

1954 1304 2144 1370 quiens
2177 1307 2394 1366 :Beatus
2413 1316 2500 1383 qui
2524 1317 2716 1385 fecerit,
2749 1330 2796 1376 et
2823 1324 3046 1381 docuerit
3071 1329 3282 1400 (Matth.
3310 1337 3365 1392 5.
3397 1304 3464 1396 1'9
3486 1344 3543 1411 ):

1953 1394 2075 1447 vide
2123 1401 2392 1465 quomodo
2422 1422 2560 1475 opus
2590 1417 2972 1483 praeposuerit,
3004 1394 3287 1492 et‘postea
3328 1394 3533 1488 doctri-

1957 1500 2100 1538 nam.
2133 1489 2344 1546 Atenim
2385 1502 2720 1565 praecedente
2745 1521 2930 1575 opere,
2959 1489 3164 1568 etiamsi
3211 1533 3316 1574 non
3343 1536 3541 1592 sequa-

1957 1584 2040 1629 tur
2063 1579 2324 1649 doctrina,
2357 1586 2632 1646 sufﬁciunt
2654 1607 2815 1662 opera
2861 1598 2974 1668 ipsa
3015 1605 3185 1674 magis
3231 1625 3390 1678 quam
3422 1579 3538 1669 nulla

1952 1680 2054 1720 Vox
2085 1669 2149 1723 ad
2179 1671 2477 1730 docendum
2504 1695 2598 1734 eos
2620 1685 2708 1752 qui
2743 1687 2794 1740 in
2824 1704 2922 1742 nos
2943 1695 3251 1762 respiciunt.

2025 1757 2240 1816 bloralis
2264 1766 2547 1824 exhortatio
2571 1773 2640 1824 ad
2663 1790 2833 1830 verum
2845 1781 3119 1850 jejunium.
3152 1818 3223 1828 ——
3251 1791 3364 1846 l‘loc
3381 1792 3543 1864 igitur

1952 1848 2152 1920 ubique
2178 1854 2546 1929 observemus,
2571 1872 2629 1918 nt
2656 1867 2802 1935 prius
2827 1848 3082 1940 operibus
3119 1879 3408 1940 doceamus
3434 1926 3449 1951 ,
3485 1897 3540 1944 et

1954 1951 2136 2010 postea
2176 1951 2514 2008 sermonibus
2548 1972 2562 2009 :
2593 1966 2650 2010 ut
2678 1975 2745 2014 ne
2771 1970 2825 2016 et
2854 1981 2951 2019 nus
2981 1969 3261 2028 audiamus
3302 1991 3332 2029 a
3383 1978 3540 2036 beato

1953 2031 2119 2088 Paulo
2152 2056 2166 2092 :
2194 2037 2275 2092 Tu
2299 2043 2388 2111 qui
2411 2046 2558 2101 doces
2587 2049 2768 2119 alium,
2801 2055 3014 2126 teipsum
3043 2079 3144 2116 non
3169 2065 3318 2122 doces
3346 2070 3534 2141 (Rom.

1949 2123 2004 2178 2.
2032 2127 2164 2197 ειη
2190 2130 2256 2185 Et
2280 2147 2402 2189 cum
2431 2138 2677 2196 volumus
2699 2123 2993 2206 admonere
3040 2154 3224 2223 alium,
3254 2169 3312 2214 ut
3339 2123 3539 2234 aliquid

1949 2232 2016 2272 ex
2043 2219 2106 2274 iis
2122 2236 2242 2292 qua:
2272 2231 2574 2286 necessaria
2624 2246 2750 2290 sunt
2803 2239 3022 2308 efﬁciat,
3057 2246 3204 2314 prius
3230 2219 3543 2311 Studeamus

1949 2319 2006 2365 et
2031 2329 2128 2368 nos
2156 2314 2259 2372 hoc
2282 2318 2455 2388 ipsum
2483 2338 2643 2394 agere
2667 2367 2682 2393 ,
2719 2345 2826 2400 quo
2855 2335 3010 2390 nobis
3048 2347 3103 2392 et
3153 2341 3330 2410 major
3353 2345 3422 2400 sit
3454 2347 3538 2402 lo-

1949 2406 2145 2472 qucndi
2175 2422 2239 2463 ac
2264 2410 2490 2469 docendi
2513 2415 2725 2487 ﬁducia,
2759 2432 2814 2476 et
2856 2428 3032 2482 omnis
3073 2439 3254 2487 nostra
3298 2450 3426 2492 cura
3470 2439 3541 2496 sit

1948 2495 2015 2549 de
2041 2498 2341 2581 animarum
2367 2505 2539 2563 salute
2558 2549 2573 2573 ,
2603 2518 2658 2565 et
2684 2515 2952 2582 quomodo
2973 2524 3266 2588 poterimus
3294 2526 3541 2586 lascivias

1947 2579 2127 2644 carnis
2156 2592 2458 2666 refrenare,
2510 2611 2570 2655 ut
2613 2618 2798 2659 verum
2840 2607 3188 2669 exliibeamus
3232 2617 3537 2689 jejunium;

1943 2677 2207 2747 jejunium
2244 2694 2422 2741 autem
2473 2689 2616 2758 dico,
2649 2693 3024 2754 abstinentiam
3063 2718 3094 2756 a
3143 2677 3305 2762 vitiis:
3328 2677 3538 2767 Etenim

1948 2772 2267 2830 ali-liuentia
2295 2791 2324 2831 a
2346 2780 2482 2835 cibis
2507 2794 2726 2853 propter
2754 2787 2857 2843 hoc
2883 2803 3100 2862 recepta
3127 2807 3210 2851 est
3228 2839 3244 2865 ,
3289 2808 3348 2854 ut
3382 2802 3534 2873 vigo-

1947 2877 2059 2916 rem
2087 2867 2264 2922 carnis
2288 2870 2560 2940 refrenet,
2589 2885 2644 2930 et
2667 2893 2863 2948 equum
2891 2882 3116 2940 docilem
3147 2889 3354 2946 reddat.
3385 2867 3538 2966 Jeju—

1947 2965 2164 3012 nantem
2195 2967 2319 3015 ante
2343 2963 2520 3019 omnia
2547 2977 2760 3036 oportet
2788 2971 2919 3026 iram
2950 2973 3161 3033 frenare
3188 3021 3204 3048 ,
3231 2963 3537 3042 mansuetu-

1946 3045 2124 3100 dinem
2155 3057 2209 3103 et
2239 3049 2510 3108 lenitatem
2536 3057 2834 3127 addiscere,
2858 3077 2955 3118 eor
2981 3065 3177 3124 habere
3213 3076 3537 3146 contritum,

1945 3136 2204 3193 absurdas
2227 3145 2689 3213 concupiscentias
2718 3154 2980 3221 repellere
3000 3197 3016 3223 ,
3047 3171 3171 3215 ante
3197 3165 3381 3220 oculos
3401 3182 3532 3222 con-

1949 3228 2097 3283 tinuo
2128 3230 2326 3289 habere
2353 3238 2566 3294 oculmn
2607 3241 2754 3298 illum
2795 3262 3083 3318 numquam
3134 3253 3533 3330 dormitantem,

1945 3331 1999 3376 et
2026 3323 2253 3380 tribunal
2303 3329 2434 3384 illud
2488 3331 2890 3406 incorruptum;
2943 3345 3178 3411 pecuniis
3200 3352 3533 3419 superiorem

1944 3427 2085 3476 esse.
2116 3415 2498 3491 liberalemque
2541 3425 2827 3482 admodum
2864 3431 2916 3486 in
2946 3433 3121 3490 danda
3169 3415 3551 3520 eleemosynah

1944 3507 2235 3574 nequitiam
2264 3525 2477 3568 omnem
2498 3517 2755 3574 adversus
2782 3527 3079 3592 proximum
3119 3544 3186 3585 ex
3233 3535 3415 3592 animo
3438 3539 3536 3595 eli-

1943 3597 2170 3653 tninare.
2201 3599 2314 3656 Hoc
2345 3619 2531 3660 verum
2569 3608 2831 3678 jejunium
2861 3623 2973 3683 est,
3022 3618 3160 3675 sicut
3189 3633 3243 3677 et
3277 3624 3438 3681 lsaias
3465 3645 3534 3686 ex

1944 3703 2171 3757 per~ona
2204 3692 2296 3748 Dei
2317 3695 2564 3766 loquens,
2593 3701 2762 3756 dicit:
2801 3703 2920 3760 Non
2949 3707 3042 3762 hoc
3078 3712 3336 3781 jejunium
3379 3719 3528 3790 elegi,

1941 3779 2064 3832 dicit
2096 3779 2365 3838 Dominus.
2410 3785 2534 3842 Non
2573 3792 2616 3844 si
2656 3801 2888 3864 torqueas
2921 3809 2974 3850 ut
3000 3800 3245 3857 circulunt
3291 3810 3530 3866 cervicem

1942 3880 2100 3937 tuam,
2125 3885 2170 3928 et
2190 3892 2392 3932 saccum
2417 3891 2465 3934 et
2493 3884 2708 3939 cinerem
2733 3890 3018 3948 substernas
3041 3935 3056 3961 ,
3109 3915 3271 3968 neque
3287 3903 3360 3955 sic
3383 3920 3532 3959 voca-

1941 3963 2056 4016 bilis
2074 3965 2329 4035 jejunium
2357 3983 2638 4041 acceptum,
2669 3978 2791 4031 dicit
2812 3981 3061 4040 Dominus
3089 3987 3107 4060 (
3131 3963 3258 4044 Isai.
3303 3993 3392 4047 58.
3419 3996 3452 4051 5
3479 3995 3524 4067 ).

1939 4052 2067 4120 Sed,
2087 4057 2279 4125 quale?
2304 4059 2410 4117 dic.
2438 4062 2611 4134 Solve,
2637 4067 2826 4139 inquit,
2845 4052 3172 4146 obligationes
3199 4052 3530 4144 violentoruin

1940 4158 2312 4221 contractarum,
2366 4158 2547 4228 frange
2576 4163 2814 4219 esurienti
2852 4185 3033 4236 panem
3061 4182 3222 4240 tuum,
3254 4195 3529 4251 pauperem

1938 4241 2126 4309 absque
2151 4253 2278 4300 tecto
2294 4248 2447 4304 induc
2472 4253 2526 4305 in
2546 4254 2753 4310 dontum
2777 4270 2936 4317 tuam.
2981 4263 3048 4320 Et
3074 4269 3120 4322 si
3149 4241 3265 4326 haec
3301 4241 3490 4334 feceris
3507 4320 3526 4347 ,

1937 4331 2131 4401 inquit,
2163 4335 2304 4392 Tunc
2321 4353 2548 4414 erumpet
2573 4351 2820 4406 matutina
2846 4353 2939 4410 lux
2965 4366 3074 4428 tua,
3096 4369 3143 4416 et
3165 4366 3408 4422 sanitates
3432 4331 3532 4428 tua;

1936 4427 2103 4480 statim
2126 4431 2349 4486 orientur
2366 4433 2470 4504 (Ib.
2497 4453 2546 4491 v.
2574 4439 2734 4512 6-8.)

2008 4520 2062 4575 6.
2105 4521 2316 4593 Vidisti,
2352 4528 2565 4598 dilecte,
2603 4536 2760 4604 quale
2785 4539 2856 4594 sit
2882 4556 3065 4598 verum
3086 4545 3382 4616 jejunium?
3417 4555 3528 4612 lloc

1936 4996 2177 5053 possunt,
2205 4995 2260 5041 et
2284 4990 2636 5059 spiritualium
2667 5011 2888 5066 operum
2915 5017 3160 5072 magnam
3199 5022 3383 5064 curam
3423 5011 3520 5067 lia-

1931 5073 2172 5132 beamus.
2200 5077 2537 5150 Jejunantem
2563 5100 2682 5142 esse
2701 5099 2911 5158 oportet
2931 5093 3239 5163 demissum,
3255 5103 3522 5174 quietum,

1931 5169 2136 5234 mitem,
2159 5170 2436 5243 humilem,
2485 5179 2669 5248 gloriae
2721 5180 2877 5252 hujus
2906 5185 3027 5242 vita:
3067 5201 3514 5265 contemptorem.

1930 5257 2066 5315 Nam
2095 5263 2231 5318 sicut
2249 5268 2442 5323 anima:
2467 5285 2578 5325 suae
2605 5287 2786 5328 curam
2808 5275 3088 5349 despexit,
3115 5283 3186 5338 ita
3215 5295 3272 5342 et
3300 5288 3516 5350 inanem

1931 5351 2154 5421 gloriam
2175 5356 2452 5428 despicere
2505 5371 2738 5432 oportet,
2785 5376 2841 5422 et
2889 5371 2956 5424 ad
3000 5372 3146 5430 illum
3197 5378 3372 5435 solum
3425 5399 3516 5454 qui

1930 5454 2198 5502 scrutatur
2222 5449 2382 5506 corda
2410 5461 2466 5507 et
2507 5469 2664 5510 renes
2693 5454 2715 5529 (
2745 5456 2893 5515 Psal.
2933 5462 2987 5517 7.
3018 5464 3085 5520 10
3116 5467 3135 5535 )
3165 5508 3182 5534 ,
3222 5449 3510 5541 respicere,

1931 5549 2232 5609 magnoque
2281 5541 2460 5598 studio
2506 5560 2695 5614 preces
2749 5559 2804 5604 et
2851 5553 3220 5617 confessiones
3265 5562 3516 5621 emittere

1932 5629 2066 5698 Deo,
2089 5641 2144 5688 et
2170 5632 2633 5709 eleemosynarum
2662 5643 2862 5698 auxilio
2887 5661 2985 5715 pro
3028 5649 3230 5707 viribus
3272 5654 3509 5726 seipsum

1999 5758 2176 5846 ‘Jifﬁ'
2197 5758 2774 5846 ’ξςίελιξὶξινξέεζιςιιῖςίξξηεανι
2796 5773 3060 5846 ᾇειρπιστοι
3082 5781 3303 5846 ἐσόμεθα,
3325 5789 3506 5842 desunt

1933 5816 1986 5867 in
2013 5816 2207 5884 Morel};
2225 5825 2312 5875 sed
2339 5816 2394 5875 iii
2413 5826 2527 5878 aliis
2547 5816 2775 5884 omnibus
2798 5816 3059 5891 ﬁiBebiiI-I
