4040 6378
486 402 551 454 75
1226 389 1283 442 S.
1324 384 1597 439 JOANNIS
1625 370 2096 435 CHRY‘OSTOMI
2137 369 2452 425 ARClIlEP.
2491 368 3022 426 CONSTANTINOP.
3700 372 3767 425 76

473 510 826 580 juvare.noc
855 508 1020 573 enim,
1079 505 1179 558 hoc
1221 502 1526 556 mandatum
1573 497 1800 550 maxime
1847 492 1984 543 valet
2008 487 2071 540 ad

489 604 748 661 abolenda
777 609 989 672 peccata
1017 606 1194 652 nostra
1237 595 1438 654 omnia,
1463 603 1514 645 et
1535 589 1600 643 ad
1643 583 1953 655 eripiendos
1978 596 2073 635 nos

491 717 554 753 ex
583 701 838 768 gehennae
888 694 1008 762 igne
1040 692 1080 754 ¹,
1113 689 1270 743 modo
1297 688 1467 754 ipsmn
1511 681 1831 738 liberaliter,
1879 685 1928 730 et
1973 690 2074 726 non

486 764 1020 843 "ailiostentationetn
1066 781 1339 834 hominum
1410 786 1782 842 exsequamur.
1837 768 1899 821 Et
1953 764 2076 835 quid

492 881 634 945 dico,
669 894 772 933 non
801 877 866 931 ad
908 870 1361 928 ostentationem?
1389 868 1516 922 Nam
1557 866 1600 919 si
1644 873 1789 918 recte
1817 861 2072 930 sapimus,

492 975 561 1027 ob
587 972 687 1026 hoc
719 970 889 1024 solum
916 967 1056 1038 quod
1087 966 1223 1018 bona
1273 976 1360 1016 res
1413 959 1513 1019 sit,
1543 969 1596 1012 et
1623 956 1692 1010 ob
1734 953 2078 1008 commisera-

485 1067 692 1119 tionem
722 1062 774 1116 in
805 1061 1094 1130 proximos,
1127 1060 1377 1110 virtutem
1423 1051 1559 1122 hanc
1583 1063 1834 1104 exercere
1864 1052 2080 1112 Oporte-

489 1159 595 1222 "bit,
629 1171 732 1210 non
761 1154 832 1207 ob
877 1149 1169 1221 promissas
1211 1161 1240 1200 a
1283 1145 1508 1199 Domino
1549 1138 1845 1194 mercedes.
1880 1137 2074 1190 Verum

495 1249 710 1320 quando
737 1247 799 1301 ad
825 1245 954 1300 nihil
1001 1242 1229 1297 sublime
1259 1246 1488 1294 mentem
1522 1233 1768 1289 attollere
1799 1231 2035 1284 valemus
2059 1270 2074 1294 ,

494 1341 576 1395 vel
605 1339 674 1393 ob
694 1335 822 1392 illud
853 1337 1027 1406 ipsum
1055 1331 1266 1402 benigni
1295 1331 1481 1389 simus,
1519 1326 1715 1379 nullam
1755 1322 1822 1376 ab
1847 1320 2079 1374 homini-

493 1433 591 1487 bus
621 1437 877 1485 venantes
899 1425 1145 1495 gloriam,
1176 1433 1322 1476 utne
1343 1431 1394 1474 et
1417 1425 1659 1487 sumptus
1690 1415 1976 1478 faciamus,
2025 1419 2080 1466 et

497 1522 742 1580 mercede
792 1521 991 1591 pariter
1023 1519 1318 1587 privamur.
1376 1511 1431 1567 ld
1480 1509 1623 1582 quod
1671 1524 1776 1563 non
1819 1507 1992 1560 solum
2024 1505 2076 1559 in

497 1618 862 1686 eleemosyna,
890 1611 985 1667 sed
1013 1610 1064 1664 iu
1092 1621 1414 1676 unoquoque
1455 1603 1596 1659 bono
1622 1617 1786 1672 opere
1816 1597 2078 1668 spirituali

497 1705 900 1771 attendendum,
924 1713 981 1756 ut
1004 1701 1133 1756 nihil
1181 1699 1247 1754 ad
1276 1697 1551 1752 hominum
1594 1694 1858 1764 praeconia
1912 1689 2082 1758 respi-

495 1802 698 1854 cientes
747 1797 999 1850 faciamus
1033 1811 1046 1845 :
1076 1791 1310 1861 alioquin
1344 1789 1486 1842 nulla
1518 1787 1670 1840 nobis
1708 1784 1908 1838 utilitas
1955 1781 2078 1846 erit,

497 1896 607 1946 sive
625 1890 949 1960 jejunemus,
981 1886 1090 1940 sive
1121 1897 1415 1953 precemur,
1444 1880 1555 1934 sive
1576 1877 1941 1937 misereantur,
1967 1874 2082 1928 sive

500 1983 724 2053 quodvis
771 1977 911 2033 aliud
963 1976 1258 2038 faciamus,
1311 1972 1409 2026 nisi
1458 1980 1675 2040 propter
1716 1969 1862 2021 illum
1908 1966 2080 2020 solum

503 2077 647 2137 fiant,
679 2072 766 2142 qui
792 2071 938 2124 novit
983 2079 1035 2123 et
1083 2065 1416 2125 abscondita,
1467 2073 1521 2117 et
1564 2078 1682 2132 qu:e
1727 2061 1777 2113 in
1822 2058 2083 2128 profundo

501 2165 694 2220 mentis
724 2170 846 2216 sunt
876 2159 1171 2215 recondita.
1204 2157 1333 2210 Nam
1355 2156 1397 2209 si
1431 2154 1497 2208 ab
1528 2154 1620 2208 illo
1653 2153 1865 2222 praemia
1887 2166 2081 2218 exspe-

479 2266 632 2321 _ctas,
665 2255 879 2315 dilecte,
908 2252 1060 2320 cujus
1099 2248 1267 2319 gratia
1299 2247 1366 2300 ab
1395 2245 1484 2299 illo
1521 2244 1610 2314 qui
1643 2251 1826 2296 natura
1875 2241 1967 2294 tibi
1995 2257 2086 2294 co-

499 2357 688 2417 gnatus
719 2355 822 2411 est,
847 2343 1052 2398 laudari
1091 2342 1210 2395 vis?
1240 2341 1380 2407 Quid
1407 2339 1528 2393 dico
1567 2337 1810 2392 laudari?
1859 2349 2000 2405 szrpe
2041 2334 2085 2388 is

505 2455 608 2492 non
644 2437 841 2497 laudat,
870 2435 963 2490 sed
991 2443 1045 2489 et
1076 2433 1294 2487 invidet.
1319 2432 1452 2487 Sunt
1478 2431 1621 2486 enim
1655 2429 1805 2482 multi
1854 2428 1922 2481 ita
1947 2427 2086 2481 male

501 2531 696 2597 affecti,
724 2539 780 2584 ttt
810 2539 864 2584 et
884 2545 944 2584 ea
973 2545 1090 2598 qua:
1115 2527 1250 2580 bene
1271 2542 1298 2577 a
1330 2525 1483 2579 nobis
1512 2532 1758 2593 aguntur,
1793 2522 1843 2574 in
1872 2529 2085 2574 contra-

499 2624 639 2680 rium
672 2624 1104 2694 interpretentur.
1136 2618 1300 2690 Cujus
1327 2618 1484 2688 igitur
1497 2617 1685 2688 gratia,
1711 2615 1816 2680 die,
1840 2613 2084 2678 obsecro,

504 2729 812 2787 perversum
845 2713 945 2768 hoc
962 2712 1220 2783 judicium
1249 2711 1380 2765 tanti
1413 2707 1577 2764 facis?
1624 2707 1917 2776 lnsopitum
1945 2704 2088 2759 enim

503 2819 555 2861 et
583 2817 836 2878 perpetuo
867 2807 1080 2877 vigilem
1111 2805 1256 2859 illum
1287 2803 1502 2857 oculum
1535 2799 1664 2855 nihil
1692 2815 1878 2855 eorum
1909 2813 2030 2868 qua:
2058 2812 2087 2850 a

505 2899 660 2955 nobis
688 2899 820 2953 fiunt
844 2899 1014 2953 latere
1047 2905 1244 2966 potest,
1290 2901 1347 2952 et
1377 2900 1589 2964 oportet
1632 2891 1733 2946 hoc
1769 2889 2087 2961 cogitantes,

507 2999 655 3043 tanto
691 2987 870 3044 studio
902 2988 1064 3040 vitam
1093 2995 1329 3040 nostram
1377 2983 1680 3045 instituere,
1706 2979 1926 3050 perinde
1954 2995 2016 3033 ac
2045 2979 2090 3032 si

509 3083 789 3153 paulopost
813 3079 878 3134 de
899 3078 1147 3134 omnibus
1175 3075 1353 3130 verbis
1381 3083 1436 3129 et
1463 3073 1714 3142 operibus
1737 3080 1792 3126 et
1817 3069 2092 3142 cogitatio-

510 3177 665 3229 nibus
694 3173 957 3228 rationem
989 3168 1246 3224 reddituri
1291 3180 1551 3221 essemus.
1601 3163 1678 3218 Ne
1720 3163 1878 3233 igitur
1907 3161 2092 3216 salutis

509 3273 711 3318 nostra:
735 3269 1134 3329 contemptores
1182 3256 1368 3311 simus.
1418 3254 1558 3309 Nihil
1601 3254 1743 3308 enim
1786 3253 1967 3307 virtuti
1999 3268 2094 3322 par

510 3365 612 3421 est,
664 3354 964 3418 carissime,
989 3367 1105 3420 qum
1141 3366 1238 3404 nos
1273 3358 1325 3404 et
1369 3349 1419 3401 in
1454 3346 1632 3400 futuro
1678 3347 1874 3399 sarculo
1915 3362 1947 3399 e
2001 3360 2094 3414 ge-

513 3448 686 3499 henna
712 3445 890 3512 eripit,
924 3451 976 3496 et
1002 3455 1167 3510 regno
1211 3440 1463 3494 caelorum
1497 3437 1650 3491 nobis
1680 3435 1782 3490 frui
1825 3437 2091 3502 concedit,

511 3547 565 3590 et
609 3538 658 3590 in
705 3534 954 3605 pl‘ussettli
999 3545 1211 3602 quoque
1249 3530 1445 3584 smculo
1490 3529 1738 3583 omnibus
1791 3528 2094 3598 superiores

513 3625 815 3689 'coostituit,
840 3625 930 3694 qui
974 3622 1128 3676 nobis
1162 3621 1280 3675 sine
1320 3634 1480 3674 causa
1525 3618 1874 3682 insidiantur,
1907 3626 1960 3672 et
1989 3633 2094 3671 non

515 3718 820 3775 hominibus
847 3716 1040 3778 solum,
1071 3713 1163 3767 sed
1191 3713 1351 3767 etiam
1379 3710 1712 3765 daemonibus
1727 3718 1782 3764 et
1807 3710 1922 3780 ipso
1953 3709 2097 3764 salu-

514 3812 583 3864 tis
614 3818 809 3864 nostra:
834 3806 1048 3861 inimico
1069 3804 1279 3859 diabolo
1301 3801 1548 3857 fortiores
1576 3802 1757 3857 efficit.
1779 3801 1915 3868 Quid
1939 3801 2098 3870 igitur

517 3903 593 3957 illi
619 3916 711 3972 par
736 3899 915 3963 fuerit,
945 3915 1062 3970 qua:
1089 3912 1196 3953 non
1235 3896 1408 3952 solum
1453 3895 1755 3950 hominibus
1804 3895 2097 3949 insidianti-

518 3997 640 4059 bus,
672 3993 764 4048 sed
787 4001 842 4046 et
879 3990 1215 4046 dmnmttibus
1243 3989 1546 4059 superiores
1580 3989 1660 4042 sui
1693 3987 1960 4042 studiosos
1989 3985 2100 4042 effi-

516 4087 628 4140 cit?
652 4086 830 4140 Virtus
856 4093 1034 4138 autem
1059 4091 1162 4148 est,
1188 4081 1419 4134 humana
1452 4080 1631 4133 omnia
1671 4079 1948 4148 despicere
1971 4120 1985 4143 ,
2013 4077 2098 4132 fu-

520 4187 635 4231 tura
661 4175 884 4246 singulis
915 4173 1063 4227 horis
1108 4174 1345 4242 cogitare
1372 4213 1386 4238 ,
1418 4167 1580 4225 nullis
1614 4171 1970 4236 prmsentibus
2011 4171 2095 4224 in-

521 4271 672 4322 hiare
718 4285 730 4320 :
775 4266 868 4320 sed
912 4265 1051 4320 scire
1099 4263 1279 4317 omnia
1327 4263 1555 4316 lunnana
1599 4261 1841 4316 umbram
1881 4277 2000 4317 esse
2047 4270 2101 4316 et

521 4359 809 4422 somnium,
837 4364 887 4410 et
917 4355 960 4409 si
992 4354 1118 4424 quid
1151 4353 1232 4408 his
1261 4354 1436 4408 vilius.
1470 4354 1649 4407 Virtus
1697 4362 1813 4415 est,
1860 4369 1983 4423 erga
2016 4370 2102 4408 ne-

520 4451 661 4521 gotia
689 4450 844 4518 hujus
872 4449 992 4502 vita:
1021 4462 1125 4501 non
1154 4448 1322 4517 magis
1349 4447 1508 4512 affici,
1539 4461 1694 4517 quam
1734 4445 1963 4502 cadaver
1991 4447 2104 4500 affi-

522 4543 681 4606 citur,
706 4552 758 4595 et
781 4540 846 4594 ad
869 4555 932 4594 ea
957 4554 1076 4609 qua-3
1114 4539 1306 4593 anima:
1339 4539 1563 4592 salutem
1617 4537 1936 4594 labefactare
1975 4555 2100 4608 pos-

523 4644 668 4701 sunt,
695 4632 847 4703 quasi
877 4639 1166 4690 mortuum,
1196 4630 1263 4683 ita
1286 4630 1614 4697 Operationis
1644 4641 1916 4699 expertem
1944 4647 2063 4687 esse
2082 4673 2098 4697 ,

528 4728 702 4779 vFvere
727 4733 904 4777 autem
933 4731 986 4776 et
1005 4722 1211 4792 operari
1238 4731 1439 4775 tantum
1464 4722 1602 4776 circa
1629 4723 1941 4792 spiritualia,
1968 4723 2104 4778 sicut

518 4827 569 4869 et
602 4815 795 4870 Paulus
822 4813 1036 4868 dicebat
1066 4831 1078 4866 :
1122 4811 1243 4865 Vivo
1264 4823 1450 4874 autem,
1471 4814 1584 4884 jam
1609 4831 1709 4866 non
1730 4831 1838 4884 ego,
1869 4815 1959 4868 sed
1987 4816 2100 4868 vivit

517 4911 575 4965 in
600 4923 678 4962 me
703 4905 929 4962 Christus
955 4907 972 4976 (
1006 4905 1124 4959 Cal.
1148 4905 1201 4959 2.
1229 4905 1299 4959 20
1323 4906 1362 4974 ).
1392 4905 1643 4971 Proinde,
1669 4906 2021 4970 dilectissimi,
2050 4916 2098 4963 θ·

525 5017 621 5056 nos
671 5009 937 5068 tamquam
989 4997 1258 5052 Christum
1302 4997 1468 5052 induti
1516 4999 1695 5054 omnia
1736 4998 2022 5066 faciamus,
2052 5010 2107 5055 et

516 5105 628 5146 non
652 5094 1028 5147 co-ntristemus
1056 5091 1310 5162 Spiritum
1360 5101 1624 5148 sanctum.
1677 5093 1900 5160 Quando
1948 5095 2106 5164 igitur

520 5186 806 5240 turbamur
834 5201 862 5239 a
885 5187 1337 5256 concupiscentia,
1383 5186 1469 5240 vel
1513 5186 1796 5242 affectione
1835 5187 2065 5243 absurda
2085 5229 2102 5254 ,

525 5283 610 5336 vel
633 5283 728 5346 ira,
761 5282 843 5337 vel
876 5281 1075 5350 furore,
1107 5282 1191 5336 vel
1244 5282 1469 5346 invidia,
1505 5283 1802 5353 cogitemus
1843 5299 1965 5339 eum
2013 5284 2102 5354 qui

523 5372 577 5429 in
606 5373 760 5427 nobis
784 5372 1007 5436 habitat,
1038 5382 1092 5427 et
1115 5374 1444 5444 expcllamus
1471 5376 1652 5444 procul
1693 5390 1906 5431 omnem
1944 5376 2102 5431 talem

522 5464 921 5534 cogitationem.
959 5464 1320 5519 Revereamur
1345 5467 1671 5521 eminentem
1699 5467 1793 5522 Dei
1841 5469 2064 5538 gratiam
2085 5510 2104 5536 ,

525 5569 681 5621 quam
713 5555 864 5608 nobis
893 5555 1114 5624 largitus
1141 5565 1241 5619 est,
1264 5567 1318 5610 et
1345 5556 1680 5612 refrenemus
1708 5573 1895 5614 omnes
1926 5562 2105 5615 carnis

523 5644 850 5710 affectiones,
883 5654 962 5740 ut,
989 5663 1110 5703 cum
1149 5648 1385 5718 legitime
1427 5651 1481 5704 in
1523 5650 1668 5706 brevi
1705 5652 1804 5707 hac
1848 5662 1902 5732 et
1932 5652 2106 5724 fragili

587 5801 606 5832 ‘
640 5801 846 5865 (mixtim,
872 5816 936 5856 ea:
955 5806 1065 5870 igne
1081 5807 1480 5872 imstinguibiti,
1513 5824 1617 5874 pro,
1642 5825 1706 5863 ex
1727 5814 1955 5878 gehemue
1977 5817 2102 5881 iam,

2187 486 2289 536 vita
2318 487 2719 548 eertaverimus,
2751 500 2979 539 coronas
3025 483 3140 538 illas
3169 484 3390 538 eximias
3420 497 3768 552 assequamur

2183 577 2234 631 in
2264 576 2439 629 futuro
2465 576 2549 629 die
2574 577 2684 643 illo,
2715 575 2936 629 terribili
2967 575 3177 645 quidem
3208 576 3592 644 peccatoribus,
3623 576 3767 629 desi-

2183 667 2605 721 derabiliautem
2659 669 2855 720 virtute
2910 667 3129 732 indutis,
3162 677 3216 721 et
3246 682 3546 721 mereamur
3586 667 3768 720 ineﬂ'a-

2184 759 2307 813 leia
2342 759 2427 812 illa
2457 759 2591 812 bona
2616 800 2630 821 ,
2661 761 2827 829 gratia
2883 769 2935 812 et
2984 759 3305 827 benignitate
3352 757 3556 812 Domini
3602 758 3768 810 nosui

2184 853 2309 907 Jesu
2332 852 2550 918 Christi,
2583 868 2702 906 cum
2735 867 2838 921 quo
2866 853 2932 905 sit
2965 852 3174 906 Patriet
3197 851 3411 919 Spiritui
3440 861 3628 904 sancto
3655 851 3773 920 glo-

2186 945 2283 1008 ria,
2320 946 2620 1013 imperium,
2647 950 2836 1011 honor,
2868 962 3007 999 nunc
3038 955 3090 999 ct
3109 960 3322 1014 semper
3349 985 3364 1011 ,
3406 953 3462 998 et
3490 944 3542 998 in
3573 944 3772 998 sarcula

2184 1037 2528 1092 szeculorum.
2563 1039 2752 1091 Amen.

2764 1146 3035 1202 llOMlLIA
3079 1147 3170 1203 IX.

2186 1259 2264 1314 De
2286 1261 2350 1314 iis
2377 1275 2490 1330 qua:
2523 1274 2796 1330 sequuntur
2833 1262 2939 1313 lucc
2979 1260 3146 1324 verba,
3179 1261 3457 1316 Faciamus
3497 1261 3770 1319 hominem

2257 1351 2549 1406 secundum
2586 1352 2867 1420 imaginem
2899 1362 3136 1406 nostram
3171 1370 3185 1407 :
3213 1363 3260 1406 et
3289 1355 3529 1408 adversus
3571 1371 3652 1408 eos
3683 1355 3774 1422 qui

2257 1445 2447 1510 dicunt,
2484 1444 2590 1498 Cur
2609 1445 2779 1498 bestia:
2801 1445 2952 1514 facta
2975 1455 3113 1510 sunt,
3137 1455 3182 1498 et
3210 1446 3320 1514 quis
3347 1463 3466 1500 usus
3505 1448 3772 1502 errationis

2256 1538 2466 1590 eorum?
2491 1535 2560 1590 Et
2585 1537 2722 1607 quod
2741 1539 2819 1592 vel
2848 1538 2922 1591 sic
2945 1539 3164 1592 maxime
3187 1539 3469 1593 declaretur
3488 1540 3649 1593 honor
3678 1541 3772 1593 hoc

2256 1629 2383 1682 mini
2407 1629 2626 1697 habitus,
2654 1638 2805 1702 atque
2839 1628 3111 1697 ine/rabilis
3151 1628 3250 1684 Dei
3277 1648 3396 1703 erga
3422 1631 3589 1702 ipsum
3617 1633 3771 1686 bene-

2256 1720 2492 1773 uolentia.

2259 1836 2312 1888 1.
2355 1833 2616 1905 Agricolae
2665 1834 3043 1901 studiosiores,
3075 1850 3199 1890 cum
3244 1836 3437 1906 pingue
3465 1836 3694 1892 viderint
3717 1845 3777 1893 et

2189 1927 2509 1998 profundum
2527 1943 2734 1992 arvum,
2757 1927 2974 1998 largiter
2988 1930 3188 1982 semina
3208 1940 3479 1999 spargunt,
3501 1947 3775 2000 magnam-

2189 2035 2290 2088 que
2317 2028 2370 2072 et
2393 2019 2660 2074 assiduam
2687 2020 3010 2089 diligentiam
3037 2021 3370 2084 adhibentes,
3405 2024 3641 2092 quotidie
3679 2040 3778 2078 ex-

2191 2112 2419 2178 plorant,
2454 2127 2578 2164 num
2611 2113 2744 2165 forte
2769 2112 2960 2166 alicubi
2985 2113 3073 2177 sit,
3098 2113 3236 2179 quod
3260 2115 3424 2183 segeti
3475 2131 3688 2180 nocere,
3717 2125 3774 2171 et

2190 2203 2424 2256 laborem
2464 2217 2620 2270 quem
2653 2215 3000 2271 susceperunt
3032 2204 3270 2258 inutilem
3320 2206 3487 2274 possit
3527 2207 3768 2260 reddere.

2189 2293 2360 2347 Siutli
2389 2293 2548 2347 modo
2569 2303 2622 2347 et
2653 2309 2749 2347 nos
2771 2295 3042 2363 spirituale
3071 2294 3394 2348 desiderium
3427 2307 3695 2361 vestrum,
3719 2304 3778 2351 et

2192 2387 2378 2455 ingens
2403 2385 2646 2440 audiendi
2670 2387 2899 2440 studium
2933 2387 3191 2451 videntes,
3223 2404 3439 2456 operam
3485 2389 3677 2444 damus
3715 2401 3776 2443 ut

2193 2479 2427 2548 quotidie
2451 2479 2742 2533 sententias
2764 2479 3017 2549 quasdam
3045 2480 3237 2532 divinae
3273 2479 3560 2548 Scripturm
3581 2492 3776 2535 vestrae

2193 2570 2360 2622 menti
2402 2570 2699 2623 inseramus
2722 2612 2736 2635 ,
2765 2572 3022 2638 vobisque
3051 2571 3211 2623 etiam
3245 2570 3540 2624 indicemus
3570 2586 3631 2625 ea
3655 2586 3778 2640 qure

2193 2661 2451 2728 spirituali
2478 2662 2664 2715 semini
2694 2662 2848 2715 noxia
2880 2675 2997 2714 esse
3025 2671 3261 2728 possunt,
3295 2676 3362 2716 ne
3391 2661 3522 2716 forte
3549 2664 3779 2716 circum-

2195 2754 2498 2818 veniamini,
2529 2770 2663 2809 neve
2690 2769 2815 2808 sana
2839 2755 3092 2810 doctrinze
3112 2755 3354 2823 dogmata
3387 2755 3778 2811 labefactentur

2198 2863 2292 2915 per
2339 2848 2688 2917 quorumdam
2736 2860 3004 2912 conatum,
3041 2850 3131 2918 qui
3176 2849 3431 2904 Ecclesia:
3459 2851 3778 2919 placitorum

2198 2937 2312 2991 loco
2339 2938 2597 2992 ratiocinii
2621 2940 2699 2992 sui
2724 2939 2968 3008 figmenta
2993 2940 3243 2995 inducere
3270 2948 3496 2996 tentant.
3531 2940 3779 2998 Vestrum

2199 3041 2376 3084 autem
2401 3031 2584 3095 fuerit,
2608 3031 2847 3102 deposita
2893 3034 3115 3102 posthac
3157 3035 3442 3105 diligenter
3480 3051 3696 3090 scrvare
3725 3047 3783 3093 et

2201 3125 2348 3177 firma
2401 3126 2652 3178 memoria
2703 3129 2993 3188 custodire,
3047 3140 3104 3180 ut
3146 3128 3349 3184 facilius
3399 3137 3454 3183 et
3505 3131 3780 3199 sequentia

2199 3216 2451 3284 consequi
2488 3216 2724 3287 possitis.
2778 3218 2910 3270 Nam
2968 3218 3070 3272 nisi
3118 3236 3256 3274 nunc
3309 3220 3374 3275 ad
3436 3221 3778 3290 profundiora

2201 3307 2594 3374 Scripturarum
2618 3323 2771 3361 sensa
2806 3323 2902 3362 nos
2928 3308 3384 3376 descenderimus,
3413 3322 3468 3366 et
3498 3329 3590 3367 vos
3625 3329 3775 3367 men-

2202 3407 2307 3452 tem
2329 3409 2557 3452 vestram
2577 3401 2968 3468 eoaptaveritis,
2998 3401 3208 3470 quando
3228 3403 3415 3472 jejunii
3442 3413 3650 3472 tempus
3675 3414 3778 3470 est,

2199 3490 2412 3558 quando
2433 3491 2498 3544 ad
2528 3491 2814 3546 natandum
2840 3494 3074 3547 membra
3104 3504 3284 3549 nostra
3315 3497 3606 3561 suntlevia,
3634 3513 3787 3552 men-

2202 3582 2270 3634 tis
2295 3591 2470 3635 autem
2497 3583 2679 3636 oculus
2705 3583 2929 3651 acutior,
2947 3594 3125 3654 utpote
3146 3602 3250 3640 non
3275 3587 3788 3647 turbatusdamnoso

2203 3675 2489 3744 voluptatis
2519 3675 2664 3731 fluxu
2691 3695 2704 3742 ;
2736 3678 2956 3746 spiritus
2976 3694 3208 3748 quoque,
3240 3694 3308 3734 ne
3334 3679 3623 3735 sull‘ocetur
3643 3722 3658 3746 ,
3683 3697 3786 3736 ex-

2205 3768 2432 3837 peditior
2491 3785 2504 3822 :
2563 3770 2902 3839 quandouam
2963 3771 3243 3825 commode
3321 3771 3613 3839 poterimus
3669 3771 3788 3826 hac

2205 3860 2417 3914 facere?
2439 3876 2564 3915 num
2587 3860 2800 3930 quando
2819 3861 3054 3924 deliciaz,
3100 3871 3155 3916 et
3199 3862 3432 3917 ebrietas
3451 3903 3466 3928 ,
3494 3863 3786 3926 voracitas,

2205 3953 2444 4020 crapula,
2468 3964 2521 4007 et
2548 3954 2649 4006 alia
2691 3970 2809 4024 quze
2851 3953 2972 4008 inde
3003 3965 3292 4008 nascuntur
3333 3955 3468 4008 mala
3514 3955 3789 4024 regnant?

2205 4041 2320 4097 Non
2357 4045 2565 4108 videtis,
2613 4060 2705 4100 eos
2748 4045 2836 4115 qui
2879 4046 2974 4100 hos
3003 4045 3264 4115 pretiosos
3302 4045 3506 4114 lapides
3545 4061 3609 4100 ex
3653 4046 3788 4100 mari

2206 4137 2436 4192 educere
2461 4148 2726 4206 qumrunt,
2761 4155 2866 4193 non
2889 4138 3077 4194 sedere
3111 4138 3260 4208 juxta
3292 4139 3435 4194 littus
3467 4139 3662 4207 maris,
3691 4138 3791 4192 ﬂu-

2207 4240 2323 4282 t'tus
2353 4231 2845 4294 numerantes;-sed
2868 4231 2918 4285 in
2940 4231 3260 4300 profundum
3300 4246 3358 4285 se
3401 4230 3702 4296 demittere,
3735 4241 3792 4287 et

2208 4332 2265 4373 ut
2285 4323 2352 4375 ita
2378 4322 2574 4388 dicam,
2602 4324 2751 4391 quasi
2774 4325 2824 4376 in
2846 4325 2986 4391 ipsos
3003 4323 3151 4377 sinus
3173 4322 3349 4391 abyssi
3378 4323 3788 4387 descendentes,

2207 4415 2418 4483 assequi
2466 4415 2606 4483 quod
2663 4425 2802 4468 tanta
2858 4431 3018 4484 opera
3067 4416 3390 4484 exquirunt?
3458 4416 3789 4485 Quamquam

2209 4506 2334 4573 quid
2363 4522 2566 4573 magna:
2594 4506 2833 4561 utilitatis
2861 4509 2979 4559 vita:
3011 4507 3131 4560 huic
3157 4508 3394 4562 attulerit
3421 4509 3629 4561 illortun
3663 4510 3790 4577 lapic

2209 4597 2333 4649 dum
2359 4599 2631 4650 inventio?
2666 4599 2876 4652 Utinam
2923 4613 3050 4652 vero
3080 4613 3182 4653 non
3233 4599 3462 4668 ingentia
3490 4599 3683 4652 damna
3714 4601 3795 4654 in-

2213 4687 2430 4742 ferrent.
2465 4689 2596 4742 llinc
2620 4691 2760 4744 enim
2792 4691 3068 4744 innumera
3094 4701 3382 4744 nascuntur
3415 4691 3573 4752 mala,
3612 4705 3678 4745 ex
3708 4690 3794 4744 in-

2211 4797 2342 4835 sano
2370 4796 2557 4849 nempe
2581 4782 2816 4850 pecunize
2838 4797 3020 4836 amore
3045 4791 3098 4836 et
3122 4797 3186 4835 ex
3212 4781 3359 4836 rabie
3379 4782 3517 4836 circa
3529 4796 3794 4850 gemmas.

2217 4877 2459 4928 Attamen
2493 4874 2616 4928 licet
2667 4887 2809 4928 tanta
2851 4875 2971 4928 inde
3002 4864 3288 4928 nascantur
3323 4875 3458 4928 mala
3485 4885 3537 4928 et
3574 4873 3795 4937 damna,

2213 4970 2359 5022 nullo
2385 4968 2544 5022 modo
2565 4983 2754 5038 segnes
2771 4977 2893 5020 sunt
2919 4968 2951 5021 ii
2974 4967 3061 5036 qni
3081 4968 3183 5021 illis
3201 4979 3408 5031 vacant,
3437 4967 3528 5020 sed
3555 4966 3798 5035 perieula

2213 5063 2410 5118 adeunt
2460 5063 2801 5133 laboremque
2837 5063 3060 5115 multum
3111 5062 3428 5130 suscipiunt,
3465 5061 3800 5135 utinvenire

2216 5157 2420 5228 possint
2451 5156 2502 5210 id
2525 5157 2663 5226 quod
2686 5166 2951 5224 quaerunt.
2979 5155 3033 5209 In
3063 5155 3254 5209 divinis
3279 5163 3454 5208 autem
3477 5153 3796 5222 Scripturis,

2214 5251 2344 5303 etin
2373 5248 2740 5319 spiritualibus
2783 5258 2837 5302 et
2869 5247 3114 5316 pretiosis
3162 5245 3263 5301 illis
3303 5245 3588 5314 lapidibus,
3621 5259 3802 5314 neque

2215 5343 2507 5411 periculum
2540 5341 2795 5410 suspicari
2826 5340 2971 5402 licet,
3002 5355 3174 5408 neque
3190 5337 3386 5393 multus
3402 5336 3671 5399 estlabor,
3701 5333 3802 5389 sed

2215 5435 2417 5489 lucrum
2450 5432 2736 5493 ineffabile,
2769 5433 2813 5486 si
2838 5446 2898 5486 ea
2931 5439 3135 5484 tantum
3162 5445 3281 5498 qua:
3310 5437 3493 5482 nostra
3521 5436 3802 5481 suntcum

2215 5525 2486 5579 alacritate
2513 5523 2816 5577 aderamus.

2289 5618 2466 5672 Gratia
2489 5617 2666 5689 quaerit
2690 5633 2772 5671 eos
2798 5615 2884 5684 qui
2909 5630 2964 5669 se
2981 5613 3256 5682 suscipiant
3279 5626 3298 5675 ;
3320 5614 3478 5665 breuis
3520 5611 3806 5666 exhortatio

2216 5724 2262 5768 et
2288 5698 2621 5783 quorumdam
2659 5727 2724 5764 ea:
2760 5709 2908 5762 dictis
2940 5704 3524 5775 resumptio.—Gratia
3572 5713 3656 5757 est
3711 5717 3806 5772 pa-

2219 5817 2353 5871 rata,
2385 5817 2633 5876 quterens
2659 5817 2752 5859 eos
2781 5801 2872 5872 qui
2906 5815 2965 5855 se
3004 5815 3127 5855 cum
3165 5799 3442 5853 alacritate
3483 5793 3804 5865 suscipiant.
