4040 6378
421 316 487 373 7‘1
1190 312 1248 372 S.
1285 314 1570 371 JOANNIS
1607 309 2093 370 CIIRYSOSTOMI
2118 308 2434 366 ARCIIIEP.
2460 307 3004 368 CONSTANTINOP.
3772 313 3839 369 78

421 434 591 505 αὐτὴν
612 431 1055 504 ὑποδεχομένους.
1083 432 1333 494 Τοιοῦτος
1357 431 1463 503 γὰρ
1485 433 1514 485 ὁ
1538 432 1813 499 Δεσπότης
1842 429 2084 500 όήμέτε-

424 540 515 594 ρος
535 539 547 551 ·
578 522 797 576 ἐπειδὰν
818 522 902 592 ἴδῃ
923 521 1100 591 ψυχὴν
1124 520 1554 591 διεγηγερμένην
1579 521 1671 572 καὶ
1693 519 1856 572 πόθον
1876 517 2086 581 ζέοντα,

422 611 511 662 τὸν
549 611 745 664 οἰκεῖον
779 608 1007 661 πλοῦτον
1041 607 1180 679 μετά
1228 607 1506 677 δαψιλείας
1544 608 1773 678 χορηγεῖ
1826 604 2090 678 ὑπερϐαί-

422 715 579 750 νοντα
612 696 711 767 τὴν
739 697 954 767 αῐτησιν
984 696 1051 765 τῇ
1080 694 1256 767 οίκείᾳ
1282 693 1586 764 φιλοτιμίᾳ.

494 783 752 855 β’.Ταῦτα
767 782 947 835 τοίνυν
964 781 1183 847 εἰδότες,
1201 782 1497 852 ἀγαπητοὶ,
1513 778 1918 849 ἐκκαθάραντες
1934 777 2088 846 ὐμῶν

422 869 511 922 τδν
538 869 793 939 λογισμὸν
819 868 927 921 ἀπὸ
950 867 1060 922 τῶν
1090 867 1357 938 βιωτικῶν
1388 867 1747 937 πραγμάτων,
1802 866 1896 919 καὶ
1924 864 2089 935 εὐρύ-

422 972 608 1018 ναντες
637 954 790 1026 ὑμῶν
825 954 887 1007 τὸ
932 954 1132 1019 πλάτος
1176 954 1273 1024 τῆς
1301 953 1559 1019 διανοίας,
1595 952 1731 1022 μετὰ
1760 950 1960 1021 πολλῆς
1990 950 2091 1020 τῆς

424 1043 732 1116 προθυμίας
752 1042 973 1114 δέχεσθε
994 1042 1062 1095 τά
1078 1042 1228 1112 παρὰ
1248 1040 1341 1093 τοῦ
1360 1040 1498 1093 Πνεύ
1507 1056 1672 1111 ματος
1688 1039 2088 1111 χορηγούμενα,

425 1132 511 1185 ἵνα
539 1131 792 1202 καθάπερ
821 1130 891 1201 γῆ
924 1129 1130 1200 λιπαρά
1153 1128 1247 1182 καὶ
1272 1128 1493 1198 γόνιμος
1526 1126 2000 1195 πολυπλασιάσητε
2019 1126 2091 1179 τά

423 1219 887 1290 καταϐαλλόμενα,
920 1218 1013 1271 καὶ
1036 1217 1302 1287 ποιήσητε
1322 1217 1351 1269 6
1381 1215 1479 1285 μὲν
1498 1214 1712 1279 ἑκατὸν,
1742 1215 1771 1267 6
1793 1215 1850 1267 δὲ
1870 1213 2091 1285 ἐξήκον-

423 1327 510 1371 na,
552 1310 580 1361 6
613 1308 669 1360 δὲ
722 1307 1030 1377 τριάκοντα.
1107 1303 1404 1357 Ἠκούσατε
1447 1305 1506 1356 ἐν
1538 1304 1659 1367 ταῖς
1691 1300 2091 1375 προλαϐούσαις

423 1394 658 1463 ἡμέραις
689 1394 785 1463 τὴν
813 1393 1017 1460 ἄφατον
1048 1390 1238 1459 σοφίαν
1267 1389 1360 1444 τοῦ
1410 1390 1477 1443 τὰ
1509 1388 1761 1458 ὁρώμενα
1803 1389 1978 1441 πάντα
2004 1405 2092 1441 τε·-

426 1479 788 1549 γτηναμένου,
843 1479 937 1532 καὶ
982 1478 1129 1541 ὅπως
1160 1478 1365 1547 ῥήματι
1416 1475 1575 1546 μόνον
1604 1476 1698 1528 καὶ
1736 1474 2092 1546 θελήματιτά

427 1567 604 1619 τάντα
634 1568 970 1636 παρήγαγεν.
1004 1558 1139 1617 Εἷπε
1161 1563 1289 1634 γὰρ,
1325 1561 1662 1630 Γενηθήτω,
1706 1561 1799 1615 καὶ
1853 1562 2088 1630 ἐγένετο,

426 1653 517 1705 καὶ
547 1651 747 1713 εὐθέως
773 1649 1025 1722 παρήχθη
1063 1649 1277 1703 ἅπαντα
1309 1648 1378 1703 τὰ
1405 1646 1659 1718 στοιχεῖα,
1687 1648 1781 1701 καὶ
1808 1648 2007 1718 ἢρκεσε
2029 1648 2092 1701 τὸ

428 1739 577 1808 ῥῆμα
610 1739 744 1809 πρὸς
770 1737 867 1809 τὴν
923 1736 1031 1791 τῶν
1068 1736 1375 1806 γενομένων
1428 1735 1705 1799 σύστασιν,
1755 1735 1855 1787 οὐκ
1904 1734 2091 1805 ἐπειδὴ

429 1827 581 1897 ῥῆμα
611 1824 677 1897 ἦν
709 1828 915 1891 ἁπλῶς,
946 1826 1059 1880 ἀλλ’
1086 1825 1270 1896 ἐπειδὴ
1306 1826 1455 1896 ῥῆμα
1480 1824 1637 1877 Θεοῦ.
1671 1823 1964 1895 Μέμνησθε
1984 1823 2092 1876 τῶν

426 1915 547 1967 τότε
572 1914 898 1984 κινηθέντων
928 1916 1057 1985 ἡμῖν
1088 1913 1225 1984 πρὸς
1265 1913 1388 1976 τοὺς
1446 1911 1504 1975 ἐξ
1539 1911 1913 1981 ὑποκειμένης
1960 1909 2094 1977 ῦλης

427 1998 683 2070 λέγοντας
706 2002 772 2054 τὰ
820 2002 948 2056 ὄντα
973 2000 1319 2071 γεγενῆσθαι,
1350 2001 1443 2053 καὶ
1468 1999 1567 2069 τὴν
1600 1999 1802 2052 οίκείαν
1826 1997 2094 2071 ληρωδίαν

429 2091 853 2163 ἐπεισφέροντας
878 2091 985 2153 τοῖς
1010 2090 1106 2161 τῆς
1148 2088 1471 2158 Ἐκκλησίας
1508 2083 1789 2158 δόγμασιν.
1832 2085 2095 2156 Ἐμάθετε

428 2180 573 2242 τίνος
596 2180 780 2231 ’ένεκεν
822 2174 915 2230 τὸν
958 2177 1055 2247 μὲν
1080 2176 1306 2247 οὐρανὸν
1348 2174 1753 2246 άπηρτισμένον
1783 2170 2091 2244 παρήγαγε,

431 2266 530 2337 τὴν
567 2267 621 2319 δὲ
641 2257 744 2336 γῆν
783 2265 1107 2335 ἀμόρφωτον
1137 2264 1230 2317 καὶ
1262 2263 1653 2317 ἀδιατύπωτον.
1690 2262 1799 2315 Καὶ
1847 2261 1957 2332 γὰρ
2002 2259 2095 2314 δύο

433 2354 611 2416 αἰτίας
642 2354 762 2405 τότε
809 2354 1128 2421 εἰρήκαμεν,
1189 2351 1317 2421 μίαν
1350 2344 1468 2420 μέν,
1508 2351 1594 2403 ἵνα
1642 2352 1701 2402 ἐν
1745 2349 1821 2421 τῷ
1869 2349 2096 2420 βελτίονι

435 2437 684 2507 στοιχείῳ
712 2432 1121 2504 καταμαθόντες
1140 2434 1247 2504 πὴν
1276 2433 1501 2503 δύναμιν
1536 2431 1630 2485 τοῦ
1664 2427 1954 2495 Δεσπότου,
1993 2450 2099 2503 μη-

435 2524 552 2577 κέτι
585 2520 1010 2593 ἀμφιϐάλλωμεν
1041 2521 1350 2591 νομίζοντες
1392 2520 1457 2573 δι’
1505 2520 1789 2573 ἀσθένειαν
1818 2521 2099 2590 δυνάμεως

435 2612 591 2665 τὀῦτο
622 2610 908 2678 γενέσθαιο
969 2604 1160 2680 ἑτέραν
1206 2607 1282 2672 δὲ,
1338 2603 1525 2679 ἐπειδὴ
1576 2603 1734 2679 αῦτηί
1766 2609 1864 2662 καὶ
1916 2608 2102 2679 μήτηρ

437 2700 533 2753 καὶ
559 2699 756 2770 τροφὸς
772 2699 903 2769 ἡμῖν
928 2698 1243 2769 γεγένηται,
1268 2692 1362 2751 καὶ
1384 2691 1442 2762 ἐξ
1467 2697 1637 2767 αὐτῆς
1652 2696 1745 2750 καὶ
1767 2696 2100 2767 τρεφόμεθα,

439 2788 533 2839 καὶ
567 2789 782 2840 πάντων
806 2785 913 2838 τῶν
947 2784 1120 2839 ἄλλων
1163 2780 1505 2855 ἀπολαύομεν
1542 2795 1593 2846 ι,
1629 2780 1721 2837 καὶ
1766 2776 1903 2855 πρὸς
1934 2782 2104 2853 αὐτὴν

441 2878 602 2929 πάλιν
643 2875 904 2945 ἐπάνιμεν
928 2891 941 2903 ⁸
979 2874 1116 2945 αὐτη
1145 2873 1253 2943 γὰρ
1283 2876 1415 2944 ἡμῖν
1446 2874 1539 2927 καὶ
1571 2873 1769 2943 πατρὶς
1801 2874 1893 2926 καὶ
1934 2875 2105 2943 τάφος

440 2962 587 3017 ἐστίν
608 2982 619 2994 ·
642 2965 725 3016 ἵνα
746 2963 874 3031 γοῦν
894 2956 1044 3032 μὴτὸ
1069 2962 1166 3031 τῆς
1188 2961 1372 3032 χρείας
1400 2962 1692 3029 ἀναγκαῖον
1710 2961 2105 3031 παρασκευάσῃ

450 3044 590 3119 μέγα
605 3068 657 3103 τι
679 3051 771 3103 καὶ
793 3051 922 3120 περὶ
950 3049 1120 3117 αὐτῆς
1143 3048 1525 3117 φαντάζεσθαι,
1552 3047 1820 3101 δείκνυσιν
1849 3047 2016 3118 αὐτὴν
2049 3049 2106 3114 ἐξ

442 3140 617 3208 ἀρχῆς
648 3139 968 3209 ἀμόρφωτον
987 3155 1001 3168 ο
1033 3138 1119 3190 ἵνα
1149 3134 1532 3205 παιδευώμεθα
1559 3134 1654 3188 καὶ
1684 3135 1751 3188 δι’
1796 3134 1975 3189 αὐτῶν
1999 3134 2108 3188 τῶν

445 3227 806 3296 πραγμάτων,
858 3224 1057 3295 μηκέτι
1098 3225 1164 3294 τῇ
1220 3222 1381 3291 φύσει
1409 3223 1508 3291 τῆς
1536 3221 1639 3291 γῆς
1690 3221 1997 3290 λογίζεσθαι
2039 3222 2109 3276 τά

447 3312 821 3383 προειρημένα
848 3312 1083 3374 ἅπαντα,
1121 3309 1256 3363 ἀλλά
1278 3311 1345 3379 τῇ
1373 3308 1599 3378 δυνάμει
1640 3306 1735 3360 τοῦ
1766 3308 2110 3379 παραγαγόν-

446 3416 558 3462 τος.
620 3397 882 3469 Ὲμάθετε
918 3397 1083 3450 πάλιν
1141 3396 1258 3459 πῶς
1310 3396 1402 3448 τὸν
1440 3393 1716 3467 χωρισμὸν
1766 3395 1873 3447 τῶν
1907 3396 2111 3448 ὑδάτων

448 3486 763 3558 εἰργάσατο,
794 3485 854 3537 τὸ
879 3484 1162 3555 στερέωμα
1187 3483 1342 3537 τοῦτο
1375 3482 1435 3536 τὺ
1462 3482 1738 3553 ὁρώμενον
1764 3482 2111 3552 παραχθῆναι

450 3573 759 3644 προστάξας
777 3590 790 3602 ·
823 3572 991 3625 εἴδετε
1028 3572 1097 3625 τὰ
1128 3571 1240 3635 ζῶα
1262 3572 1329 3624 τὰ
1359 3569 1593 3641 ἔμψυχα,
1637 3570 1732 3623 καὶ
1758 3571 1821 3623 ἐκ
1849 3570 1957 3623 τῶν
1985 3569 2112 3624 ὑδά-

450 3680 576 3725 των,
612 3663 707 3714 καὶ
748 3662 812 3715 ὲκ
860 3660 958 3729 τῆς
1011 3659 1116 3730 γῆς
1164 3658 1535 3729 ἀναδιδόμενα.
1590 3658 1773 3712 Ταῦτα
1802 3659 1900 3730 οὐχ
1928 3658 2114 3722 ἁπλῶς

451 3749 571 3801 οὐδέ
613 3748 787 3818 μάτην
833 3747 925 3800 νῦν
955 3746 1335 3816 ἀναγκάζομαι
1362 3745 1834 3815 ἐπαναλαμϐάνειν
1868 3746 1962 3798 καὶ
1992 3746 2113 3798 δευ-

453 3836 644 3907 τεροῦν
695 3836 784 3889 ἐπὶ
838 3836 937 3905 τῆς
992 3834 1266 3906 ὑμετέρας
1322 3834 1572 3903 ἀγάπης·
1603 3834 1715 3887 ἀλλ’
1746 3835 1833 3887 ἵνα
1875 3835 1986 3897 τοῖς
2017 3834 2115 3904 μὲν

456 3926 748 3994 ἀκηκοόσιν
801 3924 1053 3987 ὑπόθεσις
1101 3924 1349 3994 γένηται,
1382 3923 1473 3976 καὶ
1526 3922 1929 3994 ἀσφαλέστερον
1975 3924 2117 3977 αὐτά

458 4011 825 4065 ἐναποθῶνται
869 4014 936 4082 τῇ
988 4011 1224 4082 διανοίᾳο
1277 4012 1389 4074 τοῖς
1434 4010 1491 4063 δὲ
1542 4010 1662 4063 τότε
1706 4010 1781 4081 μὴ
1817 4022 2120 4081 παραγενο-

464 4097 643 4169 μένοις
686 4098 929 4171 ἀρκοῦσα
966 4099 1190 4171 γένηται
1245 4100 1279 4169 ἡ
1325 4092 1674 4164 διδασκαλία,
1728 4095 1824 4153 καὶ
1852 4100 2119 4171 μηδεμίαν

462 4188 526 4239 ἐκ
570 4186 663 4239 τοῦ
712 4187 785 4257 μὴ
825 4190 1078 4256 παρεῖναι
1130 4187 1160 4226 ιι
1212 4185 1413 4258 ζημίαν
1440 4187 1804 4256 ὐπομένωσιν.
1851 4182 2005 4242 Ἐπεὶ
2026 4189 2120 4243 καὶ

462 4275 646 4344 πατὴρ
703 4267 1052 4346 φιλόστοργος
1100 4276 1211 4337 τοῖς
1257 4268 1629 4344 ἀπολειφθεῖσι
1663 4270 1818 4328 παισὶ
1860 4271 1957 4345 τῆς
1983 4293 2120 4347 τρα-

462 4360 637 4429 πέζης
690 4361 757 4414 τὰ
819 4354 1043 4431 λείψανα
1105 4360 1496 4430 διαφυλάττει,
1558 4361 1643 4414 ἵνα
1692 4362 2121 4433 παραγενόμενοι

463 4442 813 4518 παραμυθίαν
863 4448 960 4517 τῆς
1014 4448 1277 4511 ἀπουσίας
1332 4446 1532 4520 εὕρωσι
1580 4448 1682 4520 τὴν
1718 4449 1920 4504 τούτων
1960 4450 2125 4519 φυλαί

464 4536 587 4603 κήν.
642 4533 736 4587 Διὰ
763 4530 827 4605 δὴ
874 4533 1030 4587 τοῦτο
1062 4534 1157 4588 καὶ
1206 4536 1366 4605 ἡμεῖς
1399 4535 1616 4589 πάντων
1662 4535 1893 4589 ἐνταῦθα
1926 4538 2127 4592 συνιόνο

464 4634 572 4676 των
595 4621 670 4683 ὡς
707 4618 917 4674 οἰκείων
966 4622 1142 4692 μελῶν
1184 4623 1468 4693 κηδόμενοι
1492 4664 1508 4689 ,
1559 4622 1651 4675 καὶ
1699 4621 1799 4696 τὴν
1854 4624 2123 4696 ὑμετέραν

465 4707 750 4778 προκοπὴν
806 4709 1010 4761 οἰκείαν
1058 4708 1402 4782 εὐδοκίμησιν
1452 4708 1770 4779 τιθέμενοι,
1824 4710 2123 4781 ἐπιθυμοῦαι

472 4809 568 4866 μεν
593 4794 710 4867 [671
744 4796 984 4858 ἃπαντας
1034 4795 1269 4860 τελείους
1306 4798 1400 4850 καὶ
1431 4796 1867 4867 ἀπηρτισμένους
1909 4797 2123 4852 ἀποδει-

470 4885 662 4954 χθῆναι
689 4885 767 4946 εἰς
792 4884 946 4948 δόξαν
977 4883 1135 4948 Θεοῦ,
1159 4887 1253 4937 καὶ
1274 4886 1352 4948 είς
1379 4884 1725 4955 εὐδοκίμησιν
1757 4885 1856 4956 τῆς
1895 4885 2124 4955 Ἐκκλη-

469 4973 633 5037 σίας,
672 4974 765 5025 καὶ
819 4974 899 5036 είς
956 4971 1216 5041 καύχημα
1266 4967 1553 5041 ἡμέτερον.
1608 4973 1718 5025 Καὶ
1761 4973 1810 5024 εί
1865 4971 1940 5043 μὴ
1987 4972 2127 5025 δοκῶ

471 5059 847 5130 παρενοχλεῖν,
889 5060 1020 5129 φέρε
1071 5059 1137 5111 δι’
1169 5058 1363 5127 ὀλίγων
1391 5060 1485 5111 καὶ
1510 5059 1619 5111 τῶν
1652 5058 1776 5128 χθές
1816 5060 1947 5131 ἡμῖν
1978 5061 2128 5130 εἰρη-

476 5145 649 5215 μένων
683 5146 1083 5217 ὑπομνήσωμεν
1110 5145 1263 5216 ὐμῶν
1284 5146 1383 5217 τὴν
1416 5144 1657 5215 ἀγάπην.
1687 5144 1870 5199 Εἶδετε
1891 5146 1991 5216 τὴν
2015 5146 2128 5199 διαί

474 5231 644 5300 φορὰν
679 5230 780 5299 τῆς
816 5230 1174 5302 δημιουργίας
1220 5230 1329 5284 τῶν
1382 5231 1717 5301 κτισμάτων,
1749 5232 1844 5286 καὶ
1890 5232 1990 5303 τῆς
2032 5230 2128 5285 τοῦ

472 5316 759 5388 ἀνθρώπου
778 5318 1135 5383 διαπλάσεως
1175 5319 1445 5390 ἠκούσατε
1472 5320 1603 5390 ὅστις
1625 5320 1789 5390 τιμῆς
1812 5319 2009 5391 ἠξίωσε
2036 5321 2130 5374 τὸν

474 5404 713 5475 ἀρχηγὸν
744 5405 835 5458 τοῦ
870 5406 1057 5475 γένους
1087 5406 1181 5460 τοῦ
1216 5408 1504 5479 ἡμετέρου,
1541 5408 1635 5460 καὶ
1660 5408 1717 5459 ἐν
1746 5407 1882 5479 αὐτῇ
1914 5411 1977 5479 τῇ
2018 5408 2130 5461 δια-

475 5492 669 5545 πλάσει
693 5492 809 5556 πῶς
839 5494 905 5546 δι’
926 5494 1104 5548 αὐτῶν
1132 5494 1238 5547 τῶν
1264 5496 1519 5565 ῥημάτων
1549 5491 1640 5548 καὶ
1668 5496 1765 5566 τῆς
1793 5495 1899 5548 τῶν
1932 5494 2132 5560 λέξεων

475 5580 782 5652 παχὼητος
816 5582 1043 5653 ἐνέφηνε
1070 5582 1167 5654 τὴν
1198 5582 1359 5654 τιμὴν
1391 5585 1489 5653 τὴν
1519 5585 1599 5647 εἰς
1633 5578 1725 5636 τὸν
1752 5584 2009 5653 μέλλοντα
2037 5584 2130 5651 δη-

477 5668 872 5737 μιουργεῖσθαι,
904 5670 1097 5738 λέγων,
1126 5670 1471 5740 Ποιήσωμεν
1491 5671 1801 5740 ἄνθρωπον
1833 5673 1958 5726 κατ’
1988 5673 2132 5726 εἱλό-

535 5832 561 5858 ⁸
585 5829 763 5878 (ἶυὶςιὶη
804 5830 990 5877 πάντων
1013 5832 1106 5877 τῶν
1128 5832 1311 5891 ἀγαθῶν
1333 5831 1647 5880 ἀπολαύομεν.

545 5891 575 5933 ιι
603 5892 735 5941 Unus
753 5892 857 5941 cad.
887 5893 938 5938 ἐκ
954 5898 1035 5950 τῆς
1055 5894 1327 5953 παρουσίας.

2194 444 2271 481 να
2306 428 2619 497 ἡμετέραν,
2655 426 2755 483 καὶ
2787 427 2917 479 καθ’
2943 426 3249 494 ὁμοίωσιν.
3284 425 3544 496 Ἐμάθετε
3572 430 3622 481 τί
3644 432 3759 483 ἐστι
3791 432 3852 483 τὸ

2189 506 2326 559 Κατ’
2354 508 2577 569 εἰκόνα,
2628 508 2711 560 ὅτι
2758 506 2859 559 οὐκ
2912 505 3098 568 οὐσίας
3148 506 3297 557 ἐστὶν
3344 506 3490 570 ἀξία,
3528 508 3642 561 ἀλλ’
3676 512 3851 583 ἀρχῆς

2187 585 2463 654 ὁμοιότης,
2500 586 2593 639 καὶ
2628 586 2709 638 ὅτι
2751 586 2813 637 οὐ
2854 584 2995 637 κατά
3029 584 3127 653 τὴν
3169 583 3271 653 τῆς
3307 588 3521 655 μορφῆς
3566 588 3748 641 εἰκόνα
3782 587 3854 643 εί-

2189 682 2310 724 πεν,
2339 663 2475 717 ἀλλά
2504 664 2645 718 κατά
2682 664 2775 717 τὸν
2795 664 2894 732 τῆς
2926 664 3101 734 ἀρχῆς
3129 662 3304 731 λόγον·
3335 664 3415 717 διὸ
3450 665 3545 718 καὶ
3581 667 3850 738 ἐπήγαγε⁸

2189 744 2298 796 Καὶ
2326 744 2673 813 ἀρχέτωσαν
2697 744 2817 797 τῶν
2850 746 3070 811 ἰχθύων
3098 742 3211 810 τῆς
3236 744 3570 813 θαλάσσης,
3604 748 3703 799 καί
3733 748 3856 800 τῶν

2188 822 2477 874 πετεινῶν
2515 823 2621 875 τοῦ
2650 820 2931 889 οὐρανοῦ,
2962 821 3061 875 καί
3092 820 3210 875 τῶν
3236 823 3453 891 θηρίων
3480 823 3577 877 καὶ
3609 824 3725 879 τῶν
3761 826 3855 894 ἑρ-

2190 898 2386 953 πετῶν
2410 899 2520 966 τῆς
2549 900 2682 969 τῆς.

2260 985 2332 1047 γ’.
2374 978 2514 1031 Ἀλλ’
2541 978 2775 1033 ἐνταῦθα
2796 978 3114 1047 ἐπιφύονται
3138 978 3269 1048 ἡμῖν
3298 978 3555 1051 Ἕλληνες
3580 981 3853 1049 λέγοντες,

2189 1057 2271 1110 ὅτι
2301 1058 2400 1111 οὐκ
2428 1057 2632 1128 ἀληθὴς
2653 1059 2680 1109 6
2704 1058 2859 1125 λόγος
2886 1057 3219 1127 εὑρίσκεταιο
3246 1056 3307 1109 οὐ
3338 1059 3445 1130 γὰρ
3473 1061 3710 1129 ἄρχομεν
3738 1060 3856 1113 τῶν

2191 1136 2415 1207 θηρίων,
2438 1137 2687 1206 καθάπερ
2715 1136 3001 1205 ὑπέσχετο,
3035 1134 3150 1188 ἀλλ’
3179 1136 3317 1189 αὐτά
3342 1138 3497 1206 ήμῶν
3527 1140 3704 1207 ἄρχει.
3732 1139 3859 1192 Μά-

2190 1216 2347 1268 λιστα
2395 1215 2493 1285 μέν
2532 1210 2623 1268 οὖν
2656 1215 2775 1267 οὐδὲ
2820 1213 2972 1267 τοῦτο
3012 1214 3230 1285 ἀληθές.
3270 1217 3438 1268 Ἔνθα
3469 1216 3576 1286 γὰρ
3608 1216 3677 1269 ἄν
3708 1220 3857 1288 φανῇ

2190 1296 2497 1365 ἄνθρωπος,
2530 1295 2732 1357 εὐθέως
2761 1292 3119 1361 φυγαδεύεται
3156 1294 3226 1346 τά
3256 1294 3440 1365 θηρία.
3477 1296 3539 1347 Εἰ
3570 1294 3626 1346 δέ
3662 1311 3795 1347 ποτε
3818 1297 3856 1366 ἦ

2190 1375 2349 1446 λιμοῦ
2374 1375 2899 1443 καταναγκάζοντος,
2921 1374 2954 1444 ἢ
2979 1374 3133 1445 ἡμῶν
3154 1376 3336 1439 αὐτυῖς
3361 1377 3618 1429 ἐπιόντων
3638 1375 3737 1445 τὴν
3759 1377 3857 1429 ἀπ’

2189 1456 2371 1509 αὐτῶν
2403 1456 2608 1527 βλάϐην
2635 1455 2932 1526 δεξώμεθα,
2963 1454 3120 1509 τοῦτο
3142 1456 3325 1509 λοιπὸν
3357 1457 3416 1509 οὐ
3448 1457 3597 1527 παρά
3628 1457 3689 1508 τὸ
3712 1459 3860 1510 ἐκεῖ·

2189 1553 2254 1587 να
2280 1537 2312 1605 η
2320 1535 2435 1606 μῶν
2460 1538 2647 1605 ἄρχειν
2664 1535 2894 1603 γίνεται,
2922 1533 3057 1588 ἀλλά
3079 1534 3229 1605 παρὰ
3250 1536 3348 1607 τὴν
3365 1537 3635 1607 ἡμετέραν
3652 1536 3857 1594 αἰτίαν.

2203 1612 2357 1665 Ἐπεὶ
2382 1614 2476 1667 καὶ
2503 1614 2715 1685 λῃστῶν
2746 1616 2876 1685 ἡμῖν
2911 1614 3192 1677 ἐπιόντων,
3224 1615 3271 1666 εί
3304 1613 3380 1685 μὴ
3411 1616 3857 1686 ῥαθυμήσαιμεν,

2190 1692 2305 1745 ἀλλ’
2350 1692 2725 1763 όπλιζοίμεθα,
2776 1692 2837 1745 οὐ
2882 1693 2981 1762 τῆς
3034 1694 3258 1745 ἐκείνων
3296 1694 3469 1763 ἀρχῆς
3516 1695 3578 1746 τὸ
3623 1695 3861 1766 πρᾶγμά

2191 1773 2358 1834 ἐστιν,
2393 1771 2528 1825 ἀλλά
2564 1772 2663 1840 τῆς
2694 1770 2899 1834 οίκείας
2938 1771 3206 1841 σωτηρίας
3229 1773 3262 1841 ἡ
3292 1773 3533 1842 πρόνοια.
3578 1772 3852 1825 Ἀκούσω·

2195 1868 2293 1922 μεν
2312 1851 2366 1903 δὲ
2382 1852 2515 1914 τέως
2543 1850 2650 1903 τῶν
2680 1850 3004 1921 εἰρημένων.
3031 1850 3400 1919 Ποιήσωμεν,
3425 1852 3608 1920 φησὶν,
3636 1853 3863 1920 ἅνθρω-

2193 1947 2311 1983 πον
2330 1931 2455 1983 κατ’
2483 1930 2685 2005 εἰκόνα
2704 1930 3017 1998 ἡμετέραν,
3044 1928 3142 1982 καί
3172 1929 3300 1983 καθ’
3322 1932 3629 1998 ὁμοίωσιν.
3648 1933 3860 2005 Ὥσπερ

2196 2011 2416 2065 Εἰκόνα
2458 2003 2578 2060 εἶπε
2619 2008 2715 2077 τὴν
2753 2007 2852 2076 τῆς
2896 2006 3070 2077 ἀρχῆς
3117 2006 3291 2077 δηλῶν
3328 2012 3532 2074 εἰκόνα,
3577 2009 3718 2062 οὕτω
3763 2003 3863 2062 καὶ

2206 2088 2543 2156 Ὀμοίωσιν,
2593 2088 2731 2140 ὥστε
2782 2087 2922 2139 κατά
2968 2087 3196 2156 δύναμιν
3244 2087 3587 2159 ἀνθρωπίνην
3641 2090 3863 2159 ὁμοίους

2194 2169 2342 2238 ἡμᾶς
2374 2166 2618 2235 γίνεσθαι
2660 2178 2681 2205 ο
2729 2166 2866 2235 Θεῷ,
2904 2167 3039 2219 κατά
3067 2166 3128 2218 τὸ
3150 2167 3358 2237 ἥμερον
3388 2166 3527 2233 λέγω
3564 2170 3656 2221 καὶ
3686 2171 3864 2239 πρᾷον

2195 2246 2568 2317 ἐξομοιοῦσθαι
2593 2244 2763 2315 αὐτῷ,
2787 2246 2880 2297 καὶ
2907 2244 3046 2297 κατὰ
3077 2245 3166 2298 τὸν
3186 2249 3283 2316 τῆς
3308 2247 3509 2316 ἀρετῆς
3540 2248 3715 2315 λόγον,
3746 2249 3863 2299 ῶσ-

2196 2344 2302 2397 περ
2334 2326 2428 2379 καὶ
2460 2329 2488 2379 6
2518 2326 2748 2396 Χριστός
2779 2343 2931 2394 φησι,
2970 2327 3223 2379 Γίνεσθε
3256 2327 3443 2396 ὅμοιοι
3484 2328 3589 2381 τοῦ
3630 2329 3865 2395 Πατρός

2196 2406 2361 2475 ὑμῶν
2383 2406 2488 2459 τοῦ
2511 2405 2581 2457 ἐν
2608 2404 2732 2468 τοῖς
2756 2405 3051 2473 οὐρανοῖς.
3086 2406 3294 2476 Ὥσπερ
3328 2406 3435 2477 γὰρ
3464 2408 3521 2457 ἐν
3544 2409 3605 2477 τῇ
3634 2407 3866 2477 πλατείᾳ

2196 2486 2366 2556 ταύτῃ
2396 2486 2466 2554 γῇ
2496 2485 2589 2536 καὶ
2622 2483 2916 2555 εὐρυχώρῳ
2943 2484 3050 2536 τῶν
3076 2482 3229 2546 ζώων
3256 2485 3323 2537 τὰ
3359 2488 3456 2557 μέν
3478 2488 3622 2538 ἐστιν
3640 2486 3858 2557 ἡμερώ-

2197 2582 2352 2634 τερα,
2382 2565 2450 2615 τὰ
2480 2564 2536 2616 δὲ
2562 2563 2988 2635 θηριωδέστερα,
3024 2564 3165 2616 οῦτω
3200 2566 3293 2617 καὶ
3327 2567 3384 2617 ἐν
3421 2566 3497 2636 τῷ
3540 2567 3727 2619 πλάτει
3762 2571 3867 2639 τῆς

2198 2645 2375 2715 ψυχῆς
2402 2645 2498 2713 τῆς
2529 2645 2800 2714 ἡμετέρας
2832 2644 2942 2697 τῶν
2969 2643 3244 2715 λογισμῶν
3274 2646 3323 2698 οἱ
3360 2646 3459 2716 μέν
3494 2644 3630 2699 είσιν
3656 2647 3866 2715 ἀλογώ-

2199 2740 2347 2795 τεροι
2385 2725 2478 2775 καὶ
2510 2721 2818 2791 κτηνώόεις,
2849 2723 2899 2774 οί
2938 2722 2995 2775 δὲ
3026 2722 3442 2797 θηριωδέστεροι
3471 2727 3569 2778 καὶ
3595 2725 3865 2796 ἀγριώτε-

2204 2821 2307 2875 ροι.
2349 2804 2439 2855 Δεῖ
2469 2802 2644 2855 τοίνυν
2676 2805 2895 2873 κρατεῖν
2926 2802 3021 2854 καὶΙ
3054 2802 3444 2872 περιγίνεσθαι,
3476 2805 3570 2856 καὶ
3612 2805 3690 2873 τῷ
3717 2804 3868 2873 λογι-

2205 2884 2326 2953 σμῴ
2366 2884 2466 2952 τὴν
2504 2882 2677 2953 ἀρχὴν
2711 2882 2915 2935 τούτων
2954 2882 3325 2951 παραδιδόναι.
3376 2884 3484 2935 Καὶ
3525 2883 3641 2946 πῶς
3677 2884 3742 2938 άν
3782 2900 3869 2947 τις

2203 2963 2560 3034 περιγένοιτο,
2596 2963 2746 3032 φησὶ,
2784 2962 3045 3033 λογισμοῦ
3079 2962 3403 3034 θηριώδους
3436 2962 3499 3016 Τί
3531 2964 3728 3031 λέγεις,
3768 2964 3867 3017 ἄν·

2205 3044 2418 3114 θρωπε;
2454 3044 2696 3097 Λεόντων
2745 3044 3157 3114 περιγινόμεθα,
3205 3045 3298 3097 καὶ
3333 3045 3432 3107 τὰς
3475 3044 3649 3115 ψυχὰς
3686 3044 3871 3097 αὐτῶν

2205 3122 2537 3193 ἡμεροῦμεν,
2595 3122 2689 3175 καὶ
2739 3122 3097 3191 ἀμφιϐάλλεις
3158 3124 3205 3175 εί
3256 3123 3517 3194 λογισμοῦ
3571 3124 3870 3195 θηριωδίαν

2205 3203 2341 3274 πρὸς
2371 3202 2685 3273 ἡμερότητα
2715 3202 3036 3272 μεταϐαλεῖν
3061 3198 3265 3274 δυνήσῃ
3283 3202 3344 3269 ά;
3384 3202 3574 3255 Καίτοι
3594 3202 3669 3274 τῷ
3694 3204 3872 3275 θηρίῳ

2210 3283 2308 3353 μὲν
2339 3282 2478 3336 κατά
2511 3281 2672 3350 φύσιν
2715 3283 2974 3352 πρόσεστι
3004 3281 3065 3335 τὸ
3093 3282 3304 3352 άγριον,
3350 3284 3500 3353 παρὰ
3532 3283 3691 3352 φύσιν
3724 3285 3781 3337 δὲ
3810 3287 3873 3337 τὺ

2206 3363 2431 3433 ἥμερον·
2476 3362 2556 3413 σοὶ
2585 3361 2642 3413 δὲ
2676 3361 2737 3413 τὸ
2766 3361 3026 3423 ἐναντίον,
3073 3363 3213 3415 κατὰ
3245 3356 3405 3430 φύσιν
3443 3362 3540 3432 μὲν
3577 3364 3636 3416 τὸ
3652 3363 3875 3434 ἥμερον

2208 3440 2357 3512 παρὰ
2386 3439 2544 3506 φύσιν
2566 3441 2621 3493 δέ
2640 3439 2700 3492 τὸ
2723 3440 2912 3511 άγριον
2939 3440 3031 3493 καὶ
3051 3440 3328 3511 θηριῶδες.
3369 3441 3429 3495 ’0
3449 3441 3624 3495 τοίνυν
3643 3442 3704 3496 τό
3729 3444 3873 3497 κατὰ

2210 3519 2369 3589 φύσιν
2400 3518 2666 3584 ἐκϐαλὼν,
2703 3520 2798 3571 καὶ
2826 3519 2887 3572 τὸ
2910 3520 3060 3591 παρά
3082 3520 3244 3589 φύσιν
3270 3520 3444 3584 ἐνθεὶς
3468 3524 3531 3592 τῇ
3563 3521 3654 3574 τοῦ
3680 3521 3874 3593 θηρίου

2208 3600 2377 3669 ψυχῇ,
2410 3598 2470 3651 τὸ
2496 3598 2637 3651 κατά
2664 3598 2823 3667 φύσιν
2853 3600 3013 3662 αὐτὸς
3041 3600 3103 3651 οὐ
3131 3600 3357 3653 δύνασαι
3388 3599 3713 3671 διατηρῆσαι
3736 3620 3751 3665 ;
3778 3605 3877 3655 καὶ

2211 3678 2383 3748 πόσης
2403 3677 2502 3729 οὐκ
2530 3676 2595 3730 ἂν
2617 3678 2700 3747 εἴη
2730 3675 2887 3730 τοῦτο
2911 3678 3304 3745 καταγνώσεως
3326 3694 3341 3744 ;
3375 3679 3481 3731 Καὶ
3511 3675 3573 3732 τὸ
3594 3679 3658 3751 δὴ
3682 3680 3877 3733 τούτου

2212 3755 2649 3825 θαυμαστότερον
2684 3756 2777 3809 καὶ
2812 3767 2835 3794 θ
2872 3757 3320 3828 παραδοξότερον,
3366 3757 3460 3810 ἐπὶ
3492 3758 3592 3829 μὲν
3629 3758 3734 3828 τῆς
3767 3759 3880 3812 τῶν

2211 3835 2439 3888 λεόντων
2479 3835 2693 3903 φύσεως
2731 3836 2824 3888 καὶ
2858 3836 3017 3907 ἑτέρα
3056 3836 3312 3889 δυσκολία
3351 3836 3489 3907 μετά
3670 3837 3880 3908 ταύτης

2213 3914 2349 3967 ἐστί·
2379 3913 2652 3983 λογισμῶν
2689 3914 2798 3985 γάρ
2836 3916 2983 3967 ἐστιν
3011 3914 3217 3989 ἔρημον
3247 3914 3308 3968 τὸ
3335 3916 3538 3986 θηρίον,
3583 3917 3697 3969 ἀλλ’
3725 3918 3879 3987 ὅμως

2213 3993 2429 4065 ὁρῶμεν
2460 3992 2717 4055 πολλάκις
2748 3993 2967 4055 λέοντας
3001 3993 3240 4063 ἡμέρους
3272 3994 3360 4047 διὰ
3386 3996 3482 4065 τῆς
3512 3996 3715 4066 ἀγορᾶς
3744 3998 3881 4063 ἁγο-

2219 4071 2431 4143 μένους·
2455 4070 2639 4123 πολλοὶ
2663 4071 2721 4125 δὲ
2746 4071 2840 4125 καὶ
2866 4072 2975 4125 τῶν
3010 4073 3101 4124 ἐπὶ
3123 4072 3230 4125 τῶν
3252 4074 3625 4147 ἐργαστηρίων
3664 4074 3758 4126 καὶ
3787 4076 3882 4144 ἀρ-

2216 4153 2404 4223 γύριον
2455 4149 2711 4213 πολλάκις
2757 4150 3055 4203 κατέϐαλον
3094 4150 3171 4220 τῷ
3218 4153 3497 4221 κατέχοντι
3540 4146 3730 4223 μισθόν
3756 4170 3882 4205 τινα

2216 4230 2317 4299 τῆς
2345 4230 2538 4299 τέχνης
2570 4230 2664 4282 καὶ
2695 4230 2793 4299 τῆς
2825 4230 3033 4298 σοφίας,
3068 4230 3133 4282 δι’
3156 4226 3223 4301 ἧς
3253 4230 3313 4283 τὸ
3349 4226 3535 4301 θηρίον
3567 4231 3878 4300 ἡμέρωσεν·

2219 4310 2309 4361 ἐπὶ
2344 4308 2399 4360 δὲ
2431 4311 2529 4379 τῆς
2561 4308 2660 4377 σῆς
2686 4308 2865 4379 ψυχῆς
2898 4312 2991 4361 καὶ
3028 4309 3285 4379 λογισμός
3319 4312 3454 4373 ἐστι,
3497 4310 3589 4361 καὶ
3617 4308 3752 4361 Θεοῦ
3787 4310 3883 4374 g6-

2220 4386 2331 4451 ϐος,
2376 4387 2469 4439 καὶ
2507 4386 2675 4456 πολλὴ
2710 4387 3037 4456 πολλαχόθεν
3070 4389 3103 4457 ἡ
3143 4387 3379 4457 βοήθεια·
3416 4388 3490 4457 μὴ
3526 4386 3705 4439 τοίνυν
3744 4386 3883 4454 σκή-

2217 4464 2341 4535 ψεις
2399 4466 2524 4534 λέγε
2573 4466 2668 4519 καὶ
2724 4468 3045 4536 προφάσεις.
3094 4467 3328 4520 Δυνατὸν
3384 4468 3512 4538 γὰρ,
3569 4468 3662 4519 ἐὰν
3719 4466 3884 4535 θέλῃς

2218 4546 2423 4616 ἥμερος
2471 4541 2609 4599 εἶναι
2665 4545 2760 4597 καὶ
2817 4547 2988 4615 πρᾷος
3040 4546 3135 4599 καὶ¹
3190 4546 3457 4618 ἐπιεικής.
3504 4545 3879 4613 Ποιήσωμεν,

2221 4626 2406 4694 φησιν,
2462 4626 2775 4694 ἄνθρωπον
2819 4624 2946 4677 κατ’
3002 4627 3201 4679 εἰκόνα
3250 4626 3561 4696 ἡμετέραν,
3606 4624 3707 4678 καὶ
3750 4625 3885 4676 καθ’

2222 4706 2522 4775 ὁμοίωσιν.

2289 4784 2350 4838 δ’.
2384 4783 2519 4837 Ἀλλ’
2552 4783 2645 4836 ἐπὶ
2668 4782 2727 4837 τὸ
2756 4776 3112 4855 προκείμενον
3134 4781 3352 4855 ζήτημα
3371 4783 3528 4838 πάλιν
3550 4783 3885 4852 ἐπανίωμεν.

2222 4864 2503 4917 Δείκνυται
2532 4863 2641 4934 γὰρ
2668 4865 2733 4917 ἐκ
2760 4864 2869 4916 τῶν
2896 4860 3217 4935 είρημένων,
3249 4855 3331 4916 ὃτι
3366 4864 3423 4929 ἐξ
3467 4864 3639 4934 ἀρχῆς
3681 4864 3776 4915 καὶ
3822 4864 3888 4915 ἐκ

2225 4942 2525 5013 προοιμίων
2574 4943 2988 5013 ἀπηρτισμένην
3034 4939 3147 5013 εἶχε
3191 4944 3287 5010 τὴν
3338 4942 3509 5014 ἀρχὴν
3538 4946 3565 4995 6
3600 4942 3885 5010 ἄνθρωπος

2224 5022 2321 5090 τὴν
2365 5020 2507 5073 κατὰ
2541 5022 2649 5073 τῶν
2698 5022 2922 5091 θηρίων.
2963 5021 3338 5090 Ἀρχέτωσαν
3379 5023 3505 5092 γὰρ,
3560 5022 3712 5090 φησὶ,
3767 5018 3888 5072 τῶν

2227 5101 2446 5168 ἰχθύων
2477 5098 2587 5168 τῆς
2618 5101 2956 5166 θαλάσσης,
2981 5101 3075 5152 καί
3104 5100 3221 5153 τῶν
3253 5099 3537 5153 πετεινῶν
3568 5099 3676 5152 τοῦ
3713 5100 3889 5165 οὐρα-

2225 5179 2357 5240 νοῦ,
2382 5178 2481 5232 καί
2509 5177 2626 5231 τῶν
2654 5180 2875 5245 θηρίων
2904 5179 3000 5231 καί
3027 5178 3145 5232 τῶν
3168 5180 3429 5248 ἑρπετῶν
3458 5178 3566 5245 τῆς
3600 5176 3730 5247 τῆς.
3765 5178 3888 5227 Ὀτι

2224 5257 2281 5310 δὲ
2316 5258 2411 5310 νῦν
2444 5258 2462 5295 ί
2501 5257 2809 5328 φοϐούμεθα
2846 5258 2913 5312 τά
2954 5258 3140 5330 θηρία,
3169 5260 3263 5311 καὶ
3299 5259 3631 5329 δεδοίκαμεν,
3661 5258 3755 5309 καὶ
3791 5255 3888 5323 τῆς

2227 5338 2400 5408 ἀρχῆς
2425 5338 2879 5409 ἐκπεπτώκαμεν,
2903 5338 3022 5391 οὐδὲ
3046 5338 3208 5401 αὐτὸς
3234 5339 3517 5405 ἀντιλέγων
3543 5338 3655 5390 ἀλλ’
3678 5337 3739 5389 οὐ
3765 5334 3889 5387 τοῦ·

2290 5463 2314 5523 ?
2342 5460 2437 5510 Alii
2457 5462 2681 5523 γίνεσθαι,
2707 5461 2791 5511 alii
2811 5463 3042 5523 γενέσθαι.

2289 5521 2315 5560 αἱ
2344 5524 2439 5571 Alii
2466 5518 2522 5570 οὺ
2545 5518 2742 5584 emam),
2784 5518 2861 5571 νει
2894 5522 3179 5585 nemo»),
3211 5521 3297 5570 sed
3330 5522 3531 5585 negatio
3572 5520 3676 5585 haec
3710 5518 3892 5585 illuﬁli'rs

2289 5540 2315 5560 τι
2344 5540 2439 5571 mn
2466 5540 2522 5570 ου
2545 5540 2742 5584 ουνησῃ,
2784 5540 2861 5571 vel
2928 5540 2957 5579 η
2983 5540 3179 5585 ουνησῃ,
3211 5540 3297 5570 seu
3331 5540 3531 5583 negatio
3572 5540 3676 5568 nu:
3710 5540 3833 5567 quu
3856 5540 3892 5565 rs

2230 5586 2443 5634 videtur.
2475 5586 2623 5633 Paulo
2643 5590 2751 5645 post
2779 5540 2928 5636 Coisr.
2952 5584 3113 5645 ἄγριον
3144 5585 3224 5630 καὶ
3244 5584 3672 5646 θηριῶδεςῗπαρὰκ.
3696 5584 3751 5628 τὸ
3774 5584 3892 5646 ἡμεῖ-

2230 5664 2309 5709 ρον
2330 5648 2589 5712 καί-πρᾷον.
2619 5643 2925 5712 Σοίξ-Ιὺὶιίριι]
2959 5643 3129 5712 φιιίιιεξε
3154 5645 3283 5712 παρά
3303 5643 3438 5712 φύσιν
3463 5645 3513 5690 δὲ
3543 5643 3598 5690 τὸ
3614 5643 3787 5712 ὶᾶγριον
3808 5644 3890 5712 καὶ

2232 5704 2471 5777 θηριῶδες,
2493 5704 2672 5768 praeter
2699 5708 2867 5777 Μαι-ει..
2898 5705 2979 5767 qui
3028 5706 3175 5777 llabet
3194 5704 3271 5777 ﬁt)
3298 5706 3528 5776 ἀνήμερον
3548 5706 3628 5751 καὶ
3652 5704 3893 5777 θηριῶδες.

2309 5770 2331 5833 ξ
2363 5766 2410 5833 Ι-ιι
2442 5766 2556 5833 δεῖ.
2578 5776 2630 5833 et
2654 5773 2700 5816 in
2722 5770 2889 5833 mullig
2910 5766 3023 5813 mss.
3049 5766 3176 5833 haict
3193 5768 3566 5833 θαυμαστότερον
3585 5766 3891 5833 καίθίεξειιιιι.

2304 5826 2329 5904 ξ
2357 5830 2437 5896 fin
2461 5818 2601 5878 mimi
2629 5845 2741 5879 mss.
2774 5835 2835 5880 Al
2863 5830 2982 5877 Ιὶον.
3013 5833 3063 5875 el
3096 5818 3297 5877 Cdislln'.
3318 5828 3373 5874 τὸ
3394 5828 3449 5883 δὴ
3474 5818 3571 5874 νῦν.
3597 5827 3698 5875 Alii
3734 5830 3803 5873 οτι
3850 5828 3890 5873 ιι

2240 5906 2319 5937 και
2343 5906 2436 5936 νυν.
