4040 6378
288 408 356 462 77
1468 402 1533 459 ΙΝ
1571 402 1704 460 CAP
1743 399 1783 456 I.
1825 396 2070 456 GBNES.
2111 400 2341 460 HOMIL.
2383 402 2474 465 IX.
3515 408 3580 466 78

286 520 361 576 Ita
393 521 538 575 enim
583 534 644 576 se
690 520 852 574 habet
882 518 1140 574 Dominus
1176 527 1359 574 noster
1391 535 1403 571 :
1434 517 1479 572 si
1524 514 1718 570 viderit
1760 513 1880 568 ani-

282 630 429 670 mam
459 616 674 684 vigilem
697 655 714 680 ,
749 624 804 669 et
850 613 1177 668 desiderium
1221 611 1466 677 fervens,
1494 619 1549 664 et
1591 609 1704 679 ipse
1759 620 1885 661 suas

279 706 499 759 divitias
532 706 767 776 largiter,
791 704 930 757 ultra
960 705 1119 758 etiam
1143 718 1301 772 quam
1327 704 1548 770 petitum
1578 700 1667 765 sit,
1690 712 1885 767 suppe-

276 798 416 852 ditat
438 815 538 869 pro
568 813 662 851 sua
687 796 1097 865 magniﬁcentia.

347 887 407 941 2.
454 888 579 941 l'lazc
608 888 767 956 igitur
793 902 913 940 cum
936 886 1189 951 sciamus,
1215 883 1565 945 dilectissimi.
1590 880 1883 952 purificatis

273 979 694 1048 cogitationibus
720 979 912 1032 vostris
933 994 961 1031 a
988 977 1335 1032 saecularibus
1363 975 1605 1045 negotiis,
1627 981 1681 1029 et
1698 983 1881 1042 aperta

276 1068 478 1120 mentis
506 1077 698 1125 vestra:
723 1068 1031 1131 latitudine,
1078 1082 1268 1137 magna
1314 1066 1589 1120 alacritate
1623 1064 1880 1135 suscipite

275 1174 398 1227 qua:
446 1175 475 1211 a
522 1160 721 1229 Spiritu
775 1172 960 1214 sancto
998 1159 1428 1229 suppeditantur,
1462 1162 1520 1211 ut
1556 1157 1696 1211 sicut
1738 1166 1880 1210 terra

275 1251 496 1322 pinguis
538 1264 592 1305 et
621 1250 769 1306 ferax
817 1248 1181 1322 multiplicatis
1221 1250 1527 1306 concredita
1558 1250 1761 1304 semina
1783 1289 1798 1313 ,
1827 1257 1880 1301 et

274 1344 489 1399 faciatis
538 1345 803 1412 fruetnm,
843 1345 978 1400 alius
1032 1344 1247 1415 quidem
1302 1344 1694 1404 centesimum,
1742 1340 1880 1396 alius

271 1440 722 1509 sexagesimum,
754 1438 891 1493 alius
941 1438 1294 1509 trigesimum.
1344 1435 1584 1491 Audistis
1637 1435 1880 1503 superiu-

271 1530 426 1583 ribus
452 1530 646 1584 diebus
675 1529 998 1584 ineﬂ'abilem
1028 1528 1344 1598 sapientiam
1374 1527 1489 1597 t-jus
1532 1526 1620 1598 qui
1648 1525 1876 1579 visibilia

272 1622 393 1677 hrec
442 1624 624 1676 omnia
678 1621 953 1687 condidit,
984 1630 1040 1676 et
1090 1620 1361 1691 quomodo
1401 1620 1566 1673 verbo
1611 1618 1783 1672 solum
1823 1626 1878 1671 et

271 1715 473 1782 placito
514 1716 693 1768 omnia
730 1713 1000 1784 produxit.
1029 1712 1179 1767 Dixit
1201 1713 1373 1773 enim.
1408 1711 1566 1765 Fiat:
1596 1718 1652 1764 et
1675 1708 1874 1763 factum

269 1815 374 1870 est,
406 1808 695 1876 Statimque
744 1806 1001 1877 producta
1051 1813 1177 1861 sunt
1232 1805 1412 1859 omnia
1448 1814 1545 1859 :et
1590 1803 1721 1858 satis
1776 1802 1876 1856 fuit

270 1900 497 1954 verbum
526 1902 592 1954 ad
614 1915 675 1955 ea
704 1915 825 1970 qua!
856 1898 999 1954 facta
1024 1910 1149 1954 sunt
1176 1896 1583 1958 constituenda;
1610 1912 1716 1950 non
1738 1911 1872 1965 quo-

269 1992 415 2045 niam
445 1991 769 2061 simpliciter
795 2001 910 2046 erat
941 1990 1163 2045 verbum
1187 2031 1202 2056 ,
1235 1989 1329 2044 sed
1360 1989 1482 2058 quia
1508 1988 1727 2042 verbum
1757 1986 1870 2041 Dei.

269 2082 595 2137 Meministis
624 2098 811 2137 eorum
839 2098 958 2152 quae
984 2090 1109 2136 tunc
1135 2098 1164 2135 a
1194 2080 1351 2135 nobis
1369 2079 1721 2134 movebantur
1745 2093 1873 2131 con-

269 2185 347 2228 tra
378 2181 475 2228 eos
516 2174 607 2244 qui
632 2190 698 2229 ex
749 2168 986 2244 subjecta
1018 2173 1236 2228 materia
1267 2188 1353 2227 res
1383 2170 1550 2226 factas
1592 2185 1711 2225 esse
1744 2184 1874 2224 con-

269 2264 519 2331 tendunt,
549 2272 606 2321 et
651 2267 705 2320 in
748 2263 1111 2321 ecclesiastica
1162 2265 1295 2319 scita
1337 2263 1498 2318 etiam
1548 2275 1644 2316 sua
1683 2258 1871 2315 deliiia

268 2358 468 2413 inferre
510 2376 616 2413 non
657 2367 933 2414 verentur.
966 2358 1235 2414 Didicistis
1274 2357 1429 2424 cujus
1468 2356 1637 2426 gratia
1681 2355 1869 2408 cadum

267 2455 484 2524 quidem
518 2454 835 2523 perfectum,
861 2462 1059 2508 terram
1085 2459 1263 2507 autem
1287 2450 1569 2505 informem
1600 2447 1869 2520 predum-

266 2544 356 2601 rit.
392 2547 536 2600 Duas
586 2545 731 2599 enim
778 2555 904 2599 tunc
947 2558 1140 2599 causas
1169 2543 1440 2597 diximus:
1473 2557 1669 2607 unam,
1700 2549 1760 2596 ut
1814 2538 1867 2594 in

266 2639 540 2693 elemento
565 2636 924 2706 prazstantiori
950 2636 1240 2706 potentiam
1264 2633 1468 2689 Domini
1497 2641 1866 2702 agnoscentes,

266 2744 375 2781 non
404 2730 545 2782 ultra
590 2728 984 2798 ambigeremus
1030 2734 1314 2781 censentes
1357 2733 1575 2796 propter
1601 2723 1868 2793 impoten-

264 2822 395 2875 tiam
428 2820 560 2875 illud
591 2822 933 2876 factumesse
959 2837 974 2875 :
1008 2819 1254 2886 alteram,
1280 2819 1403 2889 quia
1434 2826 1573 2873 terra
1603 2826 1777 2871 mater
1814 2814 1871 2870 et

264 2913 448 2968 nutrix
478 2923 661 2968 nostra
694 2912 832 2968 facta
856 2922 978 2979 est,
1010 2921 1064 2967 et
1094 2927 1160 2968 ex
1184 2911 1297 2981 ipsa
1329 2910 1618 2980 pascimur,
1642 2908 1868 2977 aliisque

262 3007 521 3059 οιηιιίιιιιδ
563 3004 789 3059 fruimur
819 3005 858 3068 ι,
890 3012 945 3059 et
972 3004 1039 3058 ad
1071 3002 1241 3074 ipsam
1271 3001 1547 3058 redimus:
1581 3000 1694 3069 ipsa
1722 2998 1865 3053 enim

265 3096 422 3151 nobis
448 3106 533 3151 est
561 3108 614 3151 et
642 3097 835 3167 patria,
863 3106 918 3151 et
955 3096 1263 3166 sepulcrum
1294 3113 1307 3149 :
1344 3103 1401 3151 et
1440 3109 1509 3150 ne
1538 3093 1659 3164 quis
1702 3092 1864 3162 igitur

260 3191 331 3244 ob
374 3189 664 3243 utilitatem
706 3198 761 3244 et
796 3188 1173 3242 necessitatem
1202 3187 1342 3241 illius
1374 3184 1547 3256 majus
1572 3183 1770 3254 aliquid
1797 3182 1866 3238 de

262 3281 382 3350 ipsa
426 3282 648 3345 sentiat,
677 3279 915 3333 ostendit
942 3280 1110 3349 ipsam
1139 3278 1207 3333 ab
1236 3277 1387 3332 initio
1419 3277 1703 3331 informem
1732 3290 1861 3330 con-

260 3375 433 3428 ditam
463 3391 477 3427 :
506 3383 564 3425 ut
609 3372 919 3427 erudiamur
949 3387 1044 3441 per
1071 3385 1158 3425 res
1181 3371 1354 3439 ipsas,
1385 3368 1635 3437 prtedicta
1684 3366 1862 3421 omnia

263 3481 373 3519 non
404 3473 611 3518 natura:
644 3463 851 3517 telluris
878 3460 1232 3516 adacribenda
1253 3502 1268 3527 ,
1302 3459 1396 3514 sed
1419 3457 1725 3513 Conditoris
1757 3458 1865 3511 vir-

193 3619 196 3622 ,
268 3560 388 3613 tuti.
424 3556 521 3609 Did
545 3556 696 3611 cistis
725 3557 873 3621 item,
893 3554 1161 3623 qttomodo'
1181 3566 1436 3621 aquarum
1468 3549 1860 3619 separationem

262 3650 478 3713 fecerit,
511 3644 774 3717 producte
794 3662 886 3716 per
909 3646 1207 3716 jussionem
1239 3654 1388 3698 suam
1421 3642 1613 3696 visibili
1640 3640 1743 3695 hoc
1769 3640 1861 3694 ﬁr-

264 3752 547 3797 mamento
572 3757 587 3806 ;
613 3741 826 3795 vidistis
852 3738 1102 3795 animalia
1131 3737 1361 3793 viventia
1381 3778 1394 3802 ,
1433 3746 1487 3791 et
1507 3752 1571 3791 ex
1607 3744 1778 3801 terra,
1810 3744 1864 3789 et

260 3852 326 3891 ex
361 3850 501 3905 aqua
530 3833 695 3888 edita.
730 3832 856 3887 Haec
878 3846 983 3886 non
1010 3831 1209 3900 absque
1230 3844 1387 3884 causa
1414 3834 1469 3883 et
1499 3837 1699 3883 temere
1722 3840 1863 3880 nunc

261 3925 480 3979 caritati
509 3932 704 3979 vestrae
743 3938 905 3993 cogor
930 3933 1174 3991 repetere
1208 3938 1221 3974 :
1254 3920 1443 3990 partim
1475 3928 1532 3972 ut
1556 3918 1858 3972 auditurum

261 4018 463 4071 animis
510 4018 627 4070 lucc
669 4017 837 4085 magis
887 4014 1171 4079 insideant,
1198 4013 1388 4082 partim
1433 4021 1491 4065 ut
1528 4011 1592 4066 iis
1616 4013 1702 4081 qui
1735 4019 1863 4064 tunc

264 4110 375 4163 non
450 4106 673 4162 adfuere
738 4107 928 4161 idonea
1001 4105 1247 4160 doctrina
1302 4104 1579 4170 tradatur,
1622 4102 1862 4172 nihilque

261 4200 448 4254 damni
484 4200 725 4254 absentia
772 4214 867 4253 sua
913 4199 1172 4254 attulerit.
1221 4197 1356 4263 Quia
1408 4197 1666 4267 benignus
1711 4203 1863 4265 pater

263 4291 431 4345 etiam
472 4290 793 4344 absentibus
821 4289 942 4343 liliis
969 4289 1221 4359 reliquias
1265 4302 1467 4343 mensa:
1507 4295 1775 4348 reservat.
1800 4294 1861 4340 ut

263 4398 389 4436 cum
417 4380 758 4447 advenerim,
789 4391 852 4436 ex
883 4390 1095 4436 senato
1124 4381 1339 4435 residtIo
1382 4386 1532 4435 suam
1563 4380 1859 4434 absentiam

264 4473 642 4527 consolentur.
671 4468 825 4527 Unde
857 4483 911 4527 et
940 4486 1037 4526 nos
1063 4473 1301 4526 omnium
1332 4472 1422 4541 qui
1456 4472 1558 4526 huc
1587 4470 1862 4526 Conﬂuuut

266 4569 376 4619 non
408 4566 671 4620 minorem
708 4564 867 4636 quam
907 4566 1269 4621 membrdrum
1319 4574 1625 4620 nostrorum
1675 4580 1857 4621 curant

263 4668 541 4729 gerentes,
560 4662 613 4712 et
645 4654 939 4729 profectum
968 4668 1203 4713 vestrum
1226 4666 1462 4711 nostram
1494 4657 1861 4711 existimantes

264 4751 521 4819 gloriam,
548 4752 793 4819 cupimus
819 4756 1006 4804 omnes
1057 4749 1322 4819 perfectos
1366 4759 1421 4803 et
1463 4748 1861 4804 censummatos

266 4836 388 4898 ﬁeri
418 4845 471 4898 in
502 4842 729 4915 gloriam
752 4840 864 4908 D'ci,
897 4852 952 4898 et
981 4844 1191 4898 laudem
1224 4843 1510 4907 Ecclesiae,
1542 4848 1596 4897 et
1621 4853 1858 4896 nostram

263 4936 667 5004 gloriationem.
698 4935 777 4990 Ac
820 4936 920 4989 nisi
959 4935 1243 4989 molestum
1284 4942 1367 4989 est
1390 4975 1404 4997 ,
1435 4934 1619 5004 paucis
1654 4932 1858 4987 caritati

265 5022 464 5080 iestra:
489 5026 740 5081 hesterna
761 5027 922 5082 etiam
950 5026 1089 5081 dicta
1114 5026 1165 5079 in
1190 5025 1499 5079 memoriam
1523 5032 1856 5079 reanemns.

267 5114 495 5173 Vidistis
548 5124 746 5188 qua‘nta
793 5117 1104 5172 diversitate
1137 5120 1297 5170 homo
1341 5121 1396 5170 et
1439 5126 1699 5170 creatura:
1742 5114 1859 5168 aliae

264 5210 469 5264 conditi
510 5218 638 5263 sunt
672 5227 686 5263 :
715 5209 940 5264 audistis
966 5220 1164 5280 quanto
1192 5207 1396 5261 honore
1441 5209 1732 5278 principem
1766 5222 1863 5260 no-

266 5303 366 5355 stri
396 5303 611 5371 generis
640 5300 890 5372 dignatus
929 5303 1029 5363 sit,
1056 5310 1109 5355 et
1139 5302 1191 5356 in
1232 5302 1553 5356 formatione
1585 5302 1698 5370 ipsa
1736 5304 1862 5370 q'uo-

266 5394 433 5448 modo
482 5409 577 5462 per
604 5394 765 5447 verba
797 5393 1200 5463 dicti‘onumque
1234 5394 1646 5447 craSsitudinem
1677 5392 1859 5445 decla-

267 5486 399 5538 rarit
429 5484 696 5540 hancrem‘
724 5483 1004 5539 formando
1030 5485 1395 5549 tribuendum,
1418 5485 1602 5538 dicens
1626 5502 1640 5538 :
1670 5482 1859 5536 Facin-

265 5595 377 5629 mus
402 5577 657 5631 hominem
674 5573 947 5630 secundum
970 5576 1239 5647 ima‘ginem
1260 5584 1502 5641 na‘stram,
1522 5586 1566 5629 et
1587 5575 1860 5629 secundum

268 5668 682 5721 similitudinem.
718 5665 1025 5732 Didicistis,
1063 5665 1191 5737 quid
1234 5669 1306 5721 sit
1347 5665 1637 5722 Scé'undum
1676 5665 1831 5737 imagi

333 5872 351 5901 ⁸
386 5867 600 5930 Coislin..
624 5866 935 5931 omnibusqm!
961 5852 1101 5923 boni:
1124 5864 1349 5921 τηιῆηιιιν.

1999 532 2133 580 nem,
2158 532 2352 588 nempe
2379 516 2519 588 quod
2558 532 2665 573 non
2719 519 2788 574 sit
2830 518 3146 598 substantiae
3188 519 3450 592 dignitas,
3480 527 3577 579 sed

1991 606 2213 663 dominii
2242 609 2555 676 similitudo,
2584 619 2639 666 et
2666 611 2807 682 quod
2838 628 2942 667 non
2967 613 3257 669 secundum
3290 615 3573 687 imaginem

1990 697 2198 765 formte,
2218 700 2312 756 sed
2340 700 2633 756 secundum
2664 703 2923 758 rationem
2947 703 3167 759 dominii
3194 704 3424 761 dixerit:
3457 708 3578 762 ideo

1988 800 2043 844 et
2078 791 2315 846 subdidit
2346 811 2361 847 :
2392 788 2461 846 Et
2495 793 2815 848 dominentur
2846 796 3063 865 piscibus
3100 798 3290 860 maris,
3313 804 3359 853 et
3398 802 3576 854 tiola'tis

1987 882 2119 937 libus
2147 883 2285 948 caeli,
2319 893 2363 939 et
2390 884 2558 940 bestiis
2590 894 2637 939 et
2664 887 2928 956 reptilibus
2956 898 3121 944 teme.
3620 954 3623 957 μ

2058 975 2111 1029 5.
2156 973 2382 1046 Objectio
2408 976 2671 1047 gentilium
2715 978 2941 1032 solvitur.
2970 1009 3042 1019 —
3066 974 3263 1036 Verum
3306 976 3393 1038 hic
3436 990 3573 1055 gen-
3609 980 3638 1017 ἐ·

1989 1068 2107 1121 tiles
2138 1069 2188 1121 in
2216 1083 2315 1122 nos
2341 1068 2642 1139 insurgunt,
2671 1078 2726 1125 et
2746 1070 2929 1126 dicunt
2957 1089 2972 1126 :
3001 1071 3348 1144 Compertum
3372 1087 3455 1130 est
3475 1076 3576 1133 hoc

1987 1173 2093 1212 non
2122 1174 2242 1214 esse
2266 1175 2452 1214 verum
2487 1178 2499 1213 :
2532 1178 2638 1215 non
2666 1163 2810 1217 enim
2838 1164 3177 1220 duminamur
3206 1164 3355 1232 feris,
3384 1183 3570 1239 quem-

1983 1250 2270 1304 admodum
2299 1252 2566 1321 pollicitus
2597 1262 2703 1320 est,
2737 1254 2829 1310 sed
2868 1256 2995 1325 ipsae
3041 1257 3199 1313 nobis
3235 1253 3429 1327 potius.
3460 1259 3567 1317 lm.

1984 1357 2091 1397 non
2119 1359 2305 1398 verum
2328 1353 2414 1400 est
2439 1344 2582 1415 quod
2617 1347 2671 1399 hi
2707 1347 2985 1416 objiciunt.
3013 1346 3146 1403 Nam
3178 1344 3304 1405 mox
3333 1362 3388 1405 ut
3412 1354 3575 1422 appi-

1982 1436 2150 1489 ruerit
2175 1434 2357 1503 homo,
2390 1436 2516 1492 fera:
2559 1437 2735 1507 fugam
2777 1440 2992 1494 faciunt.
3027 1424 3178 1509 Quod
3217 1442 3263 1497 si
3287 1438 3573 1514 aliquando

1982 1527 2064 1581 vel
2096 1527 2235 1583 fame
2267 1534 2510 1599 urgente,
2540 1530 2623 1585 vel
2646 1531 2801 1586 nobis
2828 1532 2947 1588 illas
2970 1533 3383 1603 lacessentibus,
3405 1536 3471 1589 ab
3488 1534 3570 1592 eis

1979 1619 2232 1674 damnum
2254 1622 2600 1687 accipiamus,
2625 1621 2725 1677 hoc
2753 1639 2858 1678 non
2886 1624 2945 1678 ﬁt
2971 1623 3091 1680 ideo
3112 1625 3253 1695 quod
3276 1625 3381 1681 illis
3401 1618 3456 1681 ili
3474 1642 3571 1684 nos

1979 1710 2047 1765 sit
2070 1710 2369 1780 imperium,
2400 1713 2493 1768 sed
2525 1713 2597 1768 ob
2635 1715 2844 1784 culpam
2877 1724 3136 1771 nostram.
3169 1717 3301 1772 Nam
3330 1733 3452 1773 cum
3493 1719 3570 1773 la-

1981 1809 2162 1856 trones
2190 1818 2286 1857 nos
2320 1804 2609 1867 invadunt.
2639 1805 2685 1860 si
2714 1816 2817 1860 non
2846 1806 3201 1878 ncg'ligamtts,‘
3226 1809 3321 1864 sed
3352 1809 3407 1864 in
3448 1806 3567 1866 illos

1976 1908 2123 1947 arma
2155 1902 2453 1961 sumamus,
2482 1896 2533 1950 id
2572 1906 2676 1951 non
2709 1897 2830 1951 ideo
2863 1898 2954 1965 ﬁt,
2996 1898 3137 1969 quod
3180 1900 3464 1970 imperium
3513 1902 3566 1955 iii

1977 2000 2075 2039 nos
2098 1986 2392 2053 obtineant,
2423 1988 2516 2043 sed
2546 1988 2687 2058 quod
2729 1996 2928 2045 nostra:
2964 1991 3123 2045 saluti
3152 1992 3563 2061 prospiciamt‘is.

1975 2077 2270 2133 Audiamus
2296 2088 2474 2133 autem
2522 2080 2735 2135 interim
2783 2096 2902 2151 qua:
2947 2081 3057 2136 sint
3097 2080 3258 2136 dieta.
3290 2079 3566 2137 Faciamus

1976 2168 2227 2221 hominem
2280 2171 2555 2223 secundum
2596 2171 2866 2241 imaginem
2908 2178 3162 2239 uestram,
3194 2182 3241 2228 et
3287 2174 3566 2228 secundum

1974 2260 2376 2315 similitudinem.
2409 2261 2559 2317 Sicut
2585 2261 2873 2333 Imaginem
2900 2264 3035 2319 dixit
3063 2264 3134 2321 ob
3161 2266 3372 2336 imperii
3404 2267 3566 2320 ratio.

1975 2368 2097 2407 nem
2122 2395 2136 2414 .
2174 2353 2244 2408 ita
2289 2362 2344 2409 et
2388 2354 2805 2420 Similitudinetn,
2839 2366 2895 2412 ut
2934 2362 3033 2428 pro
3073 2358 3278 2414 viribus
3317 2358 3565 2414 h‘um’a‘nis

1973 2445 2179 2502 similes
2206 2446 2396 2503 ﬁamus
2427 2449 2558 2514 Deo,
2591 2449 3023 2533 mansitetudiue,
3054 2452 3294 2521 inquam,
3322 2448 3561 2517 leuita'te',‘

1972 2547 2028 2591 et
2071 2538 2285 2593 virtutis
2341 2540 2551 2594 ratione
2606 2541 2717 2595 Deo
2769 2541 2975 2597 similes"
3026 2540 3357 2607 efﬁciamur;
3400 2545 3463 2597 ut
3510 2551 3567 2598 et

1971 2629 2215 2685 ChriStus
2238 2630 2369 2685 dicit
2397 2648 2410 2684 :
2442 2629 2649 2686 Similes
2674 2634 2829 2686 estote
2869 2630 3022 2686 Patri
3069 2636 3253 2699 vestro,
3275 2632 3363 2704 qui
3398 2642 3473 2688 est
3509 2633 3563 2687 iit

1972 2721 2108 2775 twlis
2133 2720 2350 2790 (Matth.
2374 2722 2426 2777 5.
2450 2720 2565 2794 45).
2586 2721 2716 2777 Nam
2740 2722 3191 2794 quemadmodum
3214 2725 3266 2780 in
3288 2732 3431 2780 terra
3460 2722 3561 2780 hac

1970 2814 2204 2882 spatiosa
2234 2823 2289 2868 et
2313 2813 2419 2868 lata
2463 2814 2817 2870 animantium
2865 2815 2971 2870 alia
3008 2816 3373 2871 mansuetiora
3403 2813 3558 2879 sunt.

1970 2905 2073 2961 alia
2100 2903 2383 2973 ferociam,
2416 2906 2491 2961 ita
2517 2905 2571 2961 in
2600 2905 2884 2963 latitudine
2912 2907 3106 2962 anima:
3134 2915 3330 2963 nostra:
3357 2908 3560 2977 cogita-

1974 2996 2179 3053 tionum
2218 2996 2338 3053 alia:
2385 3007 2511 3053 sunt
2558 2996 3035 3054 irrationabiliOres
3076 3009 3131 3055 et
3177 2998 3245 3054 ad
3294 2998 3560 3069 pecudum

1970 3106 2176 3147 morem
2219 3090 2563 3157 aecedentes,
2602 3086 2724 3148 alite
2772 3091 3065 3149 ferociores
3113 3100 3168 3147 et
3213 3089 3559 3164 agrestiores‘.

1975 3183 2264 3239 Domandaa
2291 3184 2453 3255 igitur
2479 3184 2583 3240 illae
2626 3189 2769 3251 sunt,
2798 3192 2853 3239 et
2882 3183 3108 3240 rationis
3149 3184 3378 3255 imperio
3423 3176 3563 3241 subi-

1969 3276 2177 3347 gendae.
2206 3276 2272 3331 Et
2325 3275 2595 3347 quomodo
2642 3276 2762 3345 quis
2808 3276 3191 3346 Cogitationem
3239 3272 3560 3332 ferociorem'

1968 3369 2317 3441 compescat?
2336 3370 2477 3437 Quid
2501 3369 2657 3435 dicis,
2682 3368 2893 3424 homo?
2920 3369 3129 3426 Leones
3154 3365 3491 3439 superamus,
3506 3362 3560 3423 et

1968 3465 2178 3518 animus
2205 3472 2392 3518 earnm
2431 3468 2742 3517 mansuetos
2770 3461 3025 3516 facimus:
3057 3470 3112 3518 et
3151 3460 3362 3515 dubitas
3382 3502 3397 3528 ,
3429 3475 3556 3519 num

1968 3558 2131 3611 animi
2150 3558 2407 3613 ferociam
2429 3557 2482 3611 in
2508 3554 2973 3611 mansuetudinem
3001 3561 3209 3608 mutare
3232 3553 3439 3622 possis?
3455 3554 3555 3607 At;

1968 3650 2057 3721 qui
2108 3656 2295 3704 natura
2336 3647 2522 3703 bestite
2566 3646 2773 3703 fero‘ces
2799 3654 2957 3713 sunt,
2985 3655 3041 3700 et
3080 3646 3276 3715 prmter
3310 3653 3555 3699 naturam

1968 3748 2262 3798 mansueta:
2290 3758 2303 3794 :
2337 3749 2524 3796 contra
2558 3749 2611 3795 tu
2642 3746 2832 3795 natura
2867 3738 3047 3805 mitis,
3078 3747 3273 3808 praeter
3305 3737 3555 3793 naturam

1966 3843 2144 3887 autem
2178 3832 2347 3887 ferox.
2381 3833 2465 3886 An
2502 3839 2591 3898 tu,
2619 3831 2711 3901 qui
2750 3830 2937 3887 bestiis
2972 3825 3025 3884 id
3062 3828 3206 3900 quod
3251 3838 3439 3883 natura
3472 3829 3552 3884 eis

1970 3926 2108 3979 inest
2137 3924 2370 3989 auferre,
2400 3932 2455 3979 ct
2483 3923 2623 3993 quod
2650 3928 2835 3978 eorum
2862 3930 3065 3977 naturae
3090 3922 3372 3978 adversum
3405 3923 3553 3977 inse-

1966 4033 2084 4072 rere
2109 4027 2281 4086 potes,
2312 4015 2364 4069 id
2395 4014 2536 4085 quod
2564 4024 2749 4070 natura
2789 4014 2883 4069 tibi
2910 4013 3196 4083 praestitit,
3230 4028 3554 4069 conservare

1966 4124 2073 4164 non
2115 4107 2307 4178 potes?
2334 4106 2403 4161 Et
2443 4115 2693 4176 quantam
2743 4105 2846 4160 hoc
2892 4104 3393 4160 condemnationem
3445 4112 3553 4160 non

1966 4199 2273 4256 mereatur?
2299 4198 2416 4254 iam
2444 4197 2588 4268 quod
2618 4198 2701 4251 bis
2727 4196 3100 4252 admirabilius
3124 4209 3209 4251 est
3235 4204 3288 4251 et
3319 4196 3554 4252 insolen-

1966 4293 2093 4358 tius,
2126 4293 2342 4346 leonum
2369 4300 2574 4344 natura:
2593 4298 2648 4344 et
2667 4289 2769 4343 alia
2792 4287 3034 4359 quaedam
3055 4284 3344 4343 difﬁcultas
3370 4289 3509 4344 inest
3533 4295 3548 4341 :’

1964 4384 2190 4439 rationis
2215 4384 2357 4438 enim
2382 4379 2671 4452 pa'rti'cipes‘
2689 4394 2796 4435 non
2817 4389 2973 4447 sunt,
3004 4388 3061 4435 et
3102 4379 3448 4435 nihilominus
3474 4380 3553 4433 vi-

1964 4478 2153 4533 demus
2174 4491 2317 4546 saepe
2336 4474 2458 4530 duci
2479 4489 2573 4529 eos
2592 4482 2904 4529 mansuetos
2932 4472 3028 4543 per
3054 4472 3225 4527 forum
3247 4488 3262 4538 ;
3294 4474 3554 4542 multique

1964 4587 2032 4627 ex
2060 4571 2288 4626 ofﬁcinis
2319 4570 2587 4632 nummos,
2608 4564 2666 4621 ut
2687 4565 2991 4622 mercedem
3015 4567 3147 4621 artis
3173 4576 3228 4620 et
3254 4566 3551 4632 inddstriae,

1965 4664 2193 4733 cuipiam
2216 4669 2517 4726 numerant,
2540 4658 2682 4729 quod
2700 4660 2867 4713 feram
2888 4656 3297 4712 mansuefecerit
3323 4658 3551 4712 :animm

1966 4762 2094 4808 Vero
2119 4762 2223 4807 tuae
2246 4748 2383 4806 ratio
2411 4748 2666 4805 cou‘cessa
2697 4761 2801 4816 est,
2829 4759 2883 4805 et
2910 4748 3005 4804 Dei
3029 4748 3210 4814 timor,
3235 4757 3290 4803 et
3318 4748 3552 4817 undique

1967 4842 2285 4900 adminicula
2319 4861 2331 4896 :
2359 4858 2428 4897 ne
2468 4841 2629 4912 igitur
2658 4844 2958 4911 prmte‘xtus
2985 4849 3039 4896 et
3063 4839 3316 4896 obtentus
3336 4838 3550 4893 afferas.

1969 4938 2128 4991 Potes
2157 4935 2298 4990 enim
2316 4976 2332 5002 ,
2360 4935 2406 4989 si
2434 4936 2535 5001 vis,
2569 4941 2880 4988 mansuetus
2915 4940 3038 4991 esse
3061 4971 3076 4994 ,
3109 4940 3165 4986 et
3188 4930 3433 5001 placidus
3452 4971 3469 4996 ,
3498 4939 3554 4983 et

1966 5040 2170 5096 aequus.
2194 5024 2501 5093 Faciamus,
2527 5025 2732 5096 inquit,
2762 5023 3016 5078 hominem
3054 5019 3327 5075 secundum
3364 5021 3551 5092 imagb

1968 5127 2079 5174 nem
2103 5123 2327 5173 nostram
2343 5162 2357 5184 ,
2387 5128 2443 5172 et
2460 5119 2734 5173 secundum
2762 5116 3164 5171 similitudinem.

2037 5212 2091 5265 4.
2134 5208 2236 5263 Cur
2272 5213 2395 5280 fera:
2449 5225 2548 5262 non
2602 5208 2700 5261 sint
2749 5206 2941 5260 homini
2984 5205 3216 5260 subditw.
3241 5203 3441 5259 —Sod
3484 5203 3553 5258 ad

1968 5300 2293 5372 p‘rupOsit‘am
2314 5299 2661 5370 quastionem
2693 5299 2882 5353 iterum
2910 5296 3210 5353 redeamus.
3243 5294 3555 5350 Ostenditur

1967 5393 2109 5450 enim
2134 5407 2198 5446 ex
2225 5392 2289 5446 iis
2315 5406 2434 5461 quae
2463 5390 2605 5445 dicta
2632 5398 2776 5455 sunt,
2807 5388 3077 5443 hominem
3130 5387 3199 5441 ab
3245 5386 3399 5440 initio
3443 5385 3554 5455 pie-

1968 5499 2093 5540 num
2114 5495 2169 5539 et
2185 5482 2478 5554 perfeetum
2506 5486 2663 5552 super
2684 5480 2883 5536 bestias
2907 5480 3257 5550 principatum
3275 5476 3549 5532 habuisse.

1967 5577 2301 5633 Do‘minentur
2346 5575 2522 5638 enim,
2549 5570 2656 5640 ait,
2699 5573 2915 5644 piscibus
2958 5571 3148 5635 maris,
3178 5577 3223 5625 et
3267 5569 3553 5624 volatilibus

1968 5666 2100 5735 c‘wli,
2126 5678 2171 5723 et
2203 5668 2319 5740 {eris
2349 5676 2395 5721 et
2422 5664 2683 5737 reptilibus
2712 5672 2876 5718 terrm.
2900 5661 3053 5731 Quod
3081 5670 3257 5717 autem
3280 5676 3427 5716 nunc
3445 5670 3547 5714 ter-

1970 5763 2075 5820 rori
2105 5760 2257 5815 nobis
2288 5757 2396 5813 sint
2421 5757 2627 5821 bestizc,
2654 5764 2710 5813 et
2734 5755 3036 5819 timeamus,
3061 5762 3115 5809 et
3142 5752 3380 5808 dominio
3407 5753 3554 5806 exci—

1970 5856 2438 5927 derimus,ueque
2487 5854 2601 5925 ipse
2653 5865 2826 5922 nego;
2858 5863 3042 5907 verum
3087 5845 3189 5905 hoc
3230 5860 3338 5903 non
3382 5845 3556 5916 arguit
