4040 6378
461 347 537 404 79
1173 348 1229 405 S.
1270 346 1549 406 JOANNIS
1576 348 2043 407 CIIRYSOSTOMI
2083 349 2403 408 ARCIHEP.
2442 352 2976 410 CONSTANTINOP.
3682 364 3750 415 80

475 464 661 518 falsam
695 463 788 519 Dei
818 461 1250 533 promissionem.
1283 464 1415 520 Nam
1445 466 1513 519 ab
1542 466 1695 520 initio
1726 482 1813 521 res
1842 482 1947 519 non
1987 466 2056 521 ita

366 611 377 621 ,
473 576 532 614 sc
559 558 861 624 habebant,
892 558 983 613 sed
1020 560 1279 614 timebant
1327 569 1382 616 et
1425 562 1729 617 tremebant
1761 562 1944 616 bestiae
1968 603 1982 626 ,
2006 572 2061 616 et

472 650 871 707 venerabantur
911 650 1209 705 dominum.
1242 653 1342 707 Ubi
1373 663 1550 709 autem
1594 670 1658 709 ex
1696 655 2058 709 inobedientia

381 788 387 819 τ
474 743 720 797 fiduciam
768 742 908 811 apud
957 743 1125 797 Deum
1173 745 1489 812 amisimus,
1522 747 1683 799 etiam
1732 746 2061 815 principatus

474 846 657 889 noster
682 834 958 890 mutilatus
987 846 1088 891 est.
1121 837 1372 907 Snbjecta
1402 838 1545 892 enim
1578 838 1779 893 homini
1809 841 2057 893 animalia

472 929 650 995 omnia
676 926 838 981 fuisse
863 926 1045 996 accipe
1074 943 1138 981 ex
1162 927 1459 997 Scriptura,
1487 944 1606 998 qua:
1627 930 1793 995 dicit,
1824 931 2057 985 Adduxit

473 1017 611 1071 Deus
640 1019 818 1074 bestias
838 1060 855 1085 ,
886 1029 932 1075 et
954 1022 1125 1075 omnia
1164 1022 1312 1076 bruta
1335 1022 1404 1077 ad
1430 1024 1615 1090 Adam,
1645 1035 1698 1079 ut
1727 1026 1914 1081 videret
1938 1028 2060 1097 quid

474 1118 672 1163 vocaret
692 1127 749 1163 ea
780 1110 932 1181 (Cen.
956 1111 1012 1165 2.
1047 1111 1158 1184 19).
1194 1114 1259 1168 Et
1295 1130 1417 1169 cum
1452 1117 1659 1171 videret
1690 1117 1841 1187 juxta
1867 1134 1927 1174 se
1962 1119 2056 1173 be-

473 1201 639 1264 stias,
688 1216 793 1255 non
850 1204 1076 1272 resiliit;
1124 1205 1217 1261 sed
1268 1216 1534 1277 tamquam
1576 1209 1823 1265 dominus
1869 1212 2059 1281 aliquis

476 1294 650 1347 servis
678 1295 904 1351 subditis
927 1299 1145 1354 nomina
1172 1299 1424 1371 imposuit
1450 1320 1464 1357 :
1494 1302 1561 1355 Et
1586 1319 1733 1357 omne
1759 1307 1893 1375 quod
1914 1322 2059 1357 voca-

467 1389 538 1439 vit
569 1387 759 1453 Adam,
792 1390 992 1459 inquit,
1026 1392 1119 1446 hoc
1171 1410 1351 1447 nomen
1406 1404 1479 1448 est
1527 1395 1606 1448 illi
1640 1436 1654 1451 .
1687 1395 1828 1465 quod
1879 1398 2059 1466 utique

465 1478 697 1533 dominii
730 1479 960 1550 signum.
993 1482 1118 1537 Ideo
1164 1484 1303 1541 Deus
1332 1495 1390 1539 ut
1416 1485 1638 1541 doceret
1665 1488 1836 1559 ipsum
1871 1500 2059 1557 poten—

468 1572 555 1624 tia:
577 1586 691 1627 suae
711 1572 1050 1642 dignitatem,
1075 1578 1352 1633 nominum
1406 1579 1802 1647 impositionem
1833 1581 1909 1635 illi
1940 1597 2058 1650 per-

466 1661 637 1717 misit.
673 1664 849 1734 Atque
890 1664 1004 1720 litec
1058 1667 1272 1735 quidem
1319 1669 1451 1724 satis
1492 1670 1751 1737 indicant,
1780 1671 1847 1726 ab
1906 1674 2057 1726 initio

469 1756 611 1810 feras
644 1755 845 1811 homini
875 1760 1140 1815 terribiles
1168 1776 1274 1815 non
1320 1763 1501 1818 fuisse.
1555 1763 1649 1818 Est
1688 1772 1863 1818 tamen
1913 1765 2055 1821 aliud

468 1848 724 1917 quiddam
756 1866 862 1905 non
894 1853 1102 1917 minus,
1133 1854 1240 1907 imo
1281 1865 1334 1909 et
1379 1855 1481 1910 hoc
1520 1866 1838 1926 argumento
1887 1859 2057 1912 mani-

471 1938 680 1995 festins.
718 1941 786 1995 Et
813 1942 1081 2011 quodnam
1112 1944 1247 1999 hoc?
1276 1945 1611 2017 Colloquium
1645 1949 1911 2018 serpentis
1935 1964 2054 2004 cum

470 2031 717 2087 muliere.
753 2033 883 2088 Nam
916 2036 958 2090 si
1016 2037 1280 2093 terribiles
1324 2036 1553 2094 fuissent
1598 2040 1801 2095 homini
1849 2040 2052 2105 bestize,

471 2125 664 2180 mulier
684 2139 934 2195 serpente
960 2140 1251 2200 conspecto
1274 2147 1380 2186 non
1401 2134 1707 2199 mansisset,
1736 2150 1908 2203 neque
1930 2152 2057 2191 con-

471 2218 652 2272 silium
704 2221 1023 2290 accepisset,
1072 2239 1247 2293 neque
1292 2240 1411 2279 cum
1461 2234 1604 2280 tanta
1648 2227 1935 2284 securitate
1982 2229 2057 2283 illi

472 2308 691 2379 lnquuta
721 2311 943 2377 fuisset,
967 2313 1059 2369 sed
1087 2316 1267 2370 statim
1294 2316 1361 2371 ad
1392 2325 1667 2387 aSpectum
1699 2318 1840 2373 illius
1867 2319 2056 2373 obstu-

471 2401 683 2470 pefacta
738 2402 1075 2474 profugisset.
1112 2406 1309 2462 Verum
1361 2424 1501 2464 nunc
1549 2408 1903 2479 colloquitur,
1960 2424 2058 2464 nec

469 2494 661 2547 metuit
694 2511 708 2548 :
740 2494 970 2549 nonduin
1002 2498 1145 2551 enim
1176 2509 1292 2553 erat
1333 2500 1494 2554 timor
1518 2500 1625 2555 ille.
1664 2499 1925 2557 Cmterum
1968 2503 2057 2556 ubi

472 2594 749 2654 peceatum
782 2587 1017 2653 intravit,
1052 2589 1227 2644 ablata
1266 2598 1349 2645 est
1386 2590 1501 2647 lircc
1541 2592 1768 2662 dignitas
1813 2604 1868 2647 et
1910 2605 2059 2662 pote-

471 2688 603 2732 stas.
634 2680 699 2733 Et
741 2682 1189 2750 quemadmodum
1239 2685 1375 2740 inter
1405 2701 1592 2740 servos
1635 2687 1747 2742 fieri
1797 2689 1968 2751 solet,
1998 2697 2058 2743 ut

474 2770 807 2843 probatiores
835 2784 891 2828 et
911 2773 1248 2831 honestiores
1273 2778 1549 2832 conservis
1570 2779 1761 2832 terrori
1794 2779 1931 2843 sint;
1965 2779 2056 2848 qui

470 2870 650 2917 autem
692 2863 1049 2934 deliquerunt,
1078 2876 1130 2921 et
1160 2882 1448 2925 conservos
1491 2870 1747 2924 timeant:
1783 2871 1860 2925 sic
1906 2880 1960 2926 et
2002 2872 2057 2925 in

474 2954 694 3008 homine
720 2954 915 3010 factum
937 2967 1039 3013 est.
1081 2958 1212 3012 Nam
1243 2959 1385 3021 salva
1418 2971 1667 3016 manente
1695 2963 1834 3016 illius
1864 2962 2055 3021 fiducia

470 3044 611 3112 apud
641 3045 808 3101 Deum
832 3089 844 3110 ,
880 3050 1133 3104 terribilis
1153 3060 1269 3105 erat
1296 3060 1351 3105 et
1376 3051 1599 3107 bestiis:
1629 3052 1717 3107 ubi
1745 3064 1924 3108 autem
1952 3054 2055 3109 im-

475 3137 644 3204 lwgit.
697 3138 886 3194 timere
928 3140 1089 3208 coepit
1136 3142 1298 3195 etiam
1340 3157 1719 3197 conservorum
1764 3153 2052 3199 extremos.

469 3226 623 3290 Quod
654 3228 698 3281 si
738 3243 856 3296 quae
885 3229 1111 3285 dicimus
1138 3248 1241 3286 non
1272 3232 1448 3299 feras,
1473 3233 1777 3290 demonstra
1810 3246 1863 3289 tu
1903 3236 2053 3300 mihi,

470 3316 560 3369 ubi
602 3318 867 3373 terribiles
904 3329 1026 3375 ante
1065 3333 1343 3389 peccatum
1370 3322 1565 3378 fuerint
1599 3323 1798 3378 homini
1846 3326 2051 3380 bestiie.

470 3407 576 3459 Sed
617 3424 720 3461 non
753 3411 972 3478 poteris.
1001 3410 1152 3479 Quod
1183 3414 1225 3467 si
1258 3423 1441 3483 postea
1478 3414 1638 3469 subiit
1670 3416 1859 3482 timor,
1893 3419 2053 3472 etiam

469 3497 504 3551 ιι
528 3514 571 3553 ιο
601 3499 693 3554 Dei
715 3499 1052 3573 benignitatis
1082 3505 1370 3560 maximum
1397 3516 1768 3573 argumentum
1789 3516 1893 3563 est.
1922 3508 2053 3563 Nam

469 3592 513 3643 si
541 3602 819 3662 postquam
864 3594 1024 3649 homo
1049 3596 1360 3651 mandatum
1398 3608 1763 3669 transgressus
1783 3608 1885 3662 est,
1919 3601 2053 3654 intc-

467 3698 562 3752 ger
586 3682 724 3737 illius
744 3684 1029 3740 mansisset
1050 3686 1221 3740 honor
1245 3697 1300 3742 et
1328 3687 1644 3755 immobilis,
1672 3688 1813 3743 haud
1840 3688 1993 3744 facile
2021 3705 2053 3746 a

468 3773 618 3842 lapsu
645 3776 1037 3831 resurrexisset.
1071 3777 1515 3850 Quandoquidem
1536 3796 1657 3835 cum
1688 3782 2053 3839 inobedientes

467 3875 521 3919 et
550 3866 862 3923 obedientes
886 3868 1129 3924 homines
1151 3871 1263 3939 pari
1285 3871 1538 3941 dignitate
1574 3873 1841 3941 fruuntur,
1869 3877 2053 3944 ncqui-

471 3960 555 4011 tia:
598 3957 892 4012 assuefiunt
919 3961 1110 4030 magis,
1137 3976 1233 4016 nec
1262 3963 1414 4018 facile
1440 3964 1508 4018 ab
1533 3979 1593 4019 ea
1617 3964 1896 4020 desistunt.
1917 3965 2051 4021 Cum

468 4051 609 4105 enim
639 4068 779 4108 nunc
808 4062 885 4108 tot
906 4052 1230 4112 instantibus
1257 4057 1583 4124 terroribus,
1608 4058 1800 4127 pmuis,
1826 4068 1881 4113 ct
1920 4076 2049 4129 sup-

464 4144 639 4212 plieiis
665 4162 769 4199 non
800 4148 1185 4214 emcndantur,
1219 4149 1402 4219 quales
1434 4151 1654 4206 fuissent
1698 4153 1741 4206 si
1780 4152 1910 4207 nihil
1954 4169 2050 4223 pro

464 4232 675 4289 delictis
704 4234 817 4289 suis
851 4252 1012 4307 grave
1042 4240 1180 4308 passi
1211 4241 1436 4295 essent?
1466 4242 1639 4312 Atque
1667 4243 1735 4296 ita
1768 4243 2048 4314 imperium

465 4326 624 4389 nobis
650 4342 678 4380 a
710 4327 855 4396 Deo,
882 4330 1025 4400 quod
1056 4346 1300 4401 magnam
1346 4334 1515 4388 nostri
1563 4349 1744 4390 curam
1785 4345 1838 4391 et
1869 4337 2048 4406 provi-

467 4415 704 4472 dentiam
738 4429 971 4488 gereret,
1001 4430 1085 4477 est
1111 4422 1364 4478 ablatum.

534 4511 587 4566 5.
619 4511 697 4566 Tu
728 4521 927 4580 autem,
967 4514 1264 4583 carissime,
1297 4525 1351 4572 et
1366 4517 1475 4587 jam
1507 4517 1631 4575 inde
1661 4518 2039 4591 benignitatem

461 4603 556 4658 Dei
606 4603 926 4681 ineffabilem
978 4606 1295 4673 considera,
1341 4610 1608 4678 quomodo
1659 4611 1827 4665 Adam
1875 4620 2047 4667 totum

461 4695 768 4750 mandatum
817 4696 1154 4763 snbverterit,
1194 4707 1248 4753 et
1276 4709 1435 4753 totam
1463 4701 1633 4771 legem
1682 4712 2048 4775 transgressus

458 4789 526 4843 sit
559 4806 573 4844 :
603 4787 863 4860 benignus
886 4798 1063 4851 autem
1096 4790 1240 4844 Deus
1264 4791 1498 4847 bonitate
1524 4809 1617 4848 sua
1647 4804 1826 4848 nostra
1853 4794 2043 4851 delicta

460 4897 742 4950 superans,
770 4898 875 4936 non
908 4891 1076 4937 totum
1105 4881 1363 4938 honorem
1399 4884 1698 4951 abstulerit,
1730 4902 1900 4957 neque
1930 4896 2042 4943 toto

455 4974 709 5042 di-jecerit
751 4975 1048 5045 principatu
1098 4974 1245 5030 :sed
1286 4992 1346 5030 ea
1392 4977 1666 5032 dumtaxat
1711 4980 1958 5033 animalia
2012 4996 2041 5035 a

456 5075 635 5120 nOStra
660 5074 922 5139 potestate
943 5066 1242 5132 abduxerit,
1262 5083 1381 5138 qnze
1407 5084 1510 5124 non
1534 5072 1754 5124 multum
1787 5071 1852 5125 ad
1886 5072 2043 5142 hujus

453 5157 575 5209 vita:
600 5156 877 5211 utilitatem
902 5158 1054 5213 nobis
1074 5159 1393 5221 conducunt.
1416 5177 1533 5231 qua:
1556 5178 1682 5216 vero
1706 5163 1823 5217 vit-ae
1846 5174 2041 5219 nostra:

455 5248 682 5303 multum
727 5249 982 5314 serviunt,
1016 5258 1072 5304 et
1101 5251 1244 5305 utilia
1275 5254 1684 5323 necessariaquc
1726 5265 1868 5322 sunt,
1898 5272 1958 5311 ea
1987 5258 2039 5312 in

453 5340 729 5406 servitute,
763 5351 816 5395 et
846 5342 1180 5411 subiectione
1205 5358 1298 5397 sua
1347 5344 1628 5401 dimiserit.
1656 5348 1887 5418 Reliquit
1912 5365 2040 5420 ergo

450 5430 606 5483 nobis
635 5431 795 5485 boum
821 5440 1060 5487 armenta
1083 5474 1098 5497 ,
1131 5440 1194 5487 ut
1213 5445 1449 5489 aratrum
1495 5436 1788 5501 trahamns,
1840 5448 2036 5494 terram

451 5522 751 5586 sulcemus,
802 5537 1077 5579 seramus:
1118 5525 1333 5595 reliquit
1378 5536 1433 5582 et
1469 5528 1823 5599 subjugalium
1874 5532 2037 5589 multa

448 5629 665 5683 genera,
689 5625 748 5669 ut
768 5630 871 5671 nos
886 5616 1140 5684 adiuvent
1160 5617 1226 5671 ad
1250 5618 1395 5673 utilia
1414 5636 1637 5692 quaeque
1656 5625 1998 5680 convehenda
2018 5641 2033 5693 ;

452 5705 667 5775 reliquit
684 5708 861 5760 ovium
892 5722 1101 5778 greges.
1130 5717 1189 5763 ut
1217 5708 1536 5767 haberemus
1562 5729 1679 5783 quae
1708 5715 1774 5769 ad
1805 5717 2035 5772 vestien-

451 5798 574 5850 dam
614 5812 713 5853 nos
741 5797 1082 5868 sufficerent;
1102 5801 1316 5874 reliquit
1350 5813 1403 5860 et
1438 5805 1540 5861 alia
1562 5807 1907 5864 animantium
1938 5824 2031 5880 ge-

2169 480 2319 531 nera,
2345 465 2485 522 unde
2511 468 2670 521 multa
2689 467 2843 524 nobis
2870 467 3275 538 suppeditantur
3296 471 3598 524 commoda.
3620 471 3749 525 Nam

2165 562 2289 630 quia
2303 560 2528 629 puniens
2541 561 2810 616 hominem
2827 564 2897 618 ob
2910 563 3339 627 iuobedicntiam,
3352 565 3578 628 dixerat,
3598 564 3657 617 In
3674 583 3754 619 su-

2166 652 2288 705 dore
2303 652 2448 719 [aciei
2470 662 2569 706 tua:
2588 655 2793 709 vesceris
2807 671 2936 722 pane
2951 663 3035 707 tuo
3049 654 3065 721 (
3073 653 3199 709 Gen.
3220 656 3272 709 5.
3292 655 3380 724 l9)
3401 677 3413 710 :
3436 668 3492 709 ut
3510 672 3574 709 ne
3589 656 3753 710 sudor

2166 752 2220 797 et
2236 743 2387 799 labor
2405 744 2490 799 hic
2506 756 2689 799 noster
2703 745 3051 800 intolerabilis
3068 746 3438 811 foret,sudoris
3457 747 3752 809 molestias,

2164 842 2221 888 et
2266 833 2465 889 laboris
2504 850 2641 889 onus
2666 836 2937 891 alleviavit
2978 836 3342 905 jumentorum
3389 839 3755 906 multitudine,

2166 940 2285 993 qua:
2337 940 2439 978 una
2489 926 2763 981 nobiscum
2815 926 3078 993 laborant,
3131 940 3185 984 et
3229 928 3503 982 molestias
3554 929 3754 997 ferunt,

2167 1014 2305 1069 idem
2337 1016 2537 1073 faciens
2563 1018 2704 1087 quod
2735 1018 2994 1089 benignus
3009 1030 3062 1073 et
3091 1020 3324 1089 prudens
3356 1021 3753 1089 paterfamilias,

2165 1106 2257 1175 qui
2286 1107 2547 1177 flagellato
2563 1124 2740 1176 servo,
2772 1109 2931 1163 etiam
2948 1124 3130 1169 curam
3156 1111 3439 1180 quamdam
3458 1126 3749 1181 congruam

2166 1196 2391 1267 ﬂagellis
2420 1198 2637 1255 adhibet
2669 1218 2681 1254 :
2709 1202 2788 1255 sic
2820 1209 2874 1255 et
2905 1202 3043 1257 Deus
3074 1210 3132 1256 ut
3158 1202 3535 1257 condemnavit
3561 1218 3749 1271 pecca-

2166 1298 2358 1355 torem,
2408 1291 2666 1348 leniorem
2697 1295 2856 1349 etiam
2887 1295 3386 1350 condemnationem
3417 1311 3537 1351 esse
3565 1296 3751 1362 voluit,

2164 1390 2218 1434 et
2246 1382 2400 1437 nobis
2418 1381 2484 1436 ad
2504 1382 2755 1438 sudorem
2780 1393 2835 1438 et
2862 1383 3096 1438 laborem
3122 1395 3438 1453 perpetuum
3463 1384 3753 1451 damnatis,

2164 1470 2483 1527 subsidiaria
2510 1470 2638 1527 fecit
2684 1478 2847 1527 multa
2880 1473 3157 1531 brutarum
3196 1491 3411 1543 genera.
3445 1480 3616 1547 Atque
3659 1479 3749 1540 ita,

2164 1562 2304 1633 quod
2348 1563 2608 1621 honorem
2640 1565 2795 1619 nobis
2835 1566 2979 1619 dedit
3003 1575 3057 1621 et
3084 1582 3267 1621 rursus
3295 1568 3526 1633 abstulit,
3578 1580 3630 1623 et
3658 1567 3755 1622 be-

2164 1657 2389 1713 stiarum
2421 1658 2576 1715 nobis
2598 1668 2797 1713 metum
2826 1659 3070 1725 immisit,
3097 1669 3152 1713 et
3193 1660 3393 1719 omnia.
3424 1660 3467 1713 si
3496 1660 3614 1729 quis
3635 1660 3755 1713 dili-

2163 1759 2354 1819 genter
2373 1760 2427 1804 et
2466 1750 2683 1806 cordate
2710 1752 2963 1821 inquirat,
3007 1751 3243 1809 offendet
3272 1752 3426 1822 plena
3455 1754 3752 1822 sapientiai,

2165 1841 2535 1911 providentize,
2560 1852 2615 1897 et
2642 1842 3006 1914 benignitatis.

2238 1933 2563 2001 Sacri/icium
2604 1934 2881 1987 maximum
2928 1931 3027 1988 Dei
3070 1932 3424 1989 beneﬁciorum
3474 1934 3752 1988 recordari.

2163 2056 2234 2067 —
2278 2026 2536 2094 Quocirca
2592 2041 2691 2097 pro
2738 2027 2820 2082 his
2872 2025 3120 2083 omnibus
3162 2028 3359 2097 gratias
3416 2027 3463 2081 ei
3517 2042 3755 2081 summas

2163 2134 2382 2187 agamus
2409 2160 2424 2184 ,
2474 2118 2565 2188 qui
2619 2127 2762 2175 tanta
2804 2119 2944 2189 apud
2988 2134 3085 2173 nos
3130 2118 3386 2173 beneficia
3450 2119 3751 2174 collocavit.

2163 2209 2346 2280 Neque
2392 2211 2533 2264 enim
2598 2226 2759 2281 grave
2824 2210 3021 2283 aliquid
3071 2219 3127 2265 et
3176 2226 3462 2266 onerosum
3513 2226 3541 2263 a
3600 2212 3757 2262 nobis

2164 2301 2386 2371 requirit
2423 2319 2436 2355 :
2480 2301 2573 2357 sed
2616 2302 2791 2356 solum
2830 2313 2888 2356 ut
2932 2311 3189 2358 testemur
3226 2312 3281 2357 et
3318 2304 3575 2356 fateamur
3610 2312 3755 2355 tanta

2165 2392 2444 2459 beneficia,
2494 2402 2547 2448 et
2573 2409 2673 2465 pro
2715 2394 2798 2448 his
2840 2394 3037 2464 gratias
3090 2394 3383 2449 referamus
3416 2412 3427 2446 :
3460 2410 3565 2447 non
3613 2394 3755 2461 quod

2166 2484 2279 2553 ipse
2303 2483 2387 2538 his
2409 2493 2581 2554 egeat,
2609 2485 2698 2554 qui
2729 2484 2872 2538 nulla
2905 2501 2964 2539 re
2990 2485 3190 2555 indiget
3213 2501 3227 2551 ;
3248 2486 3339 2543 sed
3366 2496 3421 2539 ut
3444 2501 3539 2538 nos
3578 2485 3753 2538 disca-

2165 2590 2285 2629 mus
2310 2586 2583 2631 auctorem
2614 2576 2877 2631 bonorum
2908 2575 3064 2631 nobis
3093 2577 3403 2643 conciliare,
3446 2586 3500 2630 et
3529 2593 3632 2629 non
3664 2576 3752 2629 in-

2164 2669 2300 2737 grati
2325 2669 2511 2737 simus,
2540 2669 2633 2724 sed
2654 2670 2865 2742 dignam
2893 2671 3055 2724 tantis
3077 2669 3351 2725 beneficiis
3382 2681 3438 2725 et
3460 2670 3746 2739 providen-

2166 2764 2235 2817 tia
2267 2763 2516 2816 virtutem
2569 2762 2873 2817 efferamus.
2904 2762 3037 2818 Nam
3069 2763 3148 2817 sic
3195 2764 3365 2832 ipsum
3397 2762 3461 2816 ad
3492 2761 3750 2830 majorem

2166 2855 2331 2910 nostri
2373 2855 2782 2910 sollicitudinem
2834 2854 3263 2927 provocabimus.
3295 2855 3403 2910 Oro
3454 2855 3627 2924 igitur,
3682 2870 3752 2906 ne

2163 2946 2375 3002 desides
2400 2947 2589 3012 simus,
2638 2948 2732 3003 sed
2764 2948 3127 3019 unusquisque
3175 2963 3269 3019 pro
3317 2948 3456 3001 virili
3500 2957 3751 3016 suppntet

2163 3039 2304 3109 apud
2332 3054 2391 3095 se
2414 3041 2637 3109 singulis
2676 3041 2840 3107 horis,
2871 3056 2977 3095 non
3021 3041 3192 3095 solum
3218 3041 3519 3095 communia
3545 3040 3753 3095 benefi-

2162 3132 2267 3197 cia,
2299 3131 2392 3185 sed
2415 3141 2469 3186 et
2495 3132 2695 3202 privata
2722 3132 2775 3186 in
2802 3147 2859 3187 se
2887 3132 3083 3187 collata
3117 3150 3130 3186 :
3169 3148 3272 3187 non
3299 3148 3361 3186 ea
3393 3142 3593 3186 tantum
3628 3150 3749 3201 qua:

2162 3239 2349 3279 omnes
2377 3225 2626 3291 fatentur,
2655 3234 2709 3279 et
2749 3241 2867 3295 quae
2894 3225 3143 3280 omnibus
3171 3222 3446 3279 manifesta
3478 3236 3621 3290 sunt,
3652 3225 3752 3279 sed

2162 3325 2217 3371 ct
2245 3319 2476 3385 propria,
2508 3331 2570 3371 ac
2611 3316 2892 3386 plerosque
2918 3317 3135 3371 latentia
3164 3334 3178 3371 :
3209 3317 3286 3371 sic
3312 3317 3453 3371 enim
3488 3316 3552 3371 ad
3576 3319 3751 3372 conti-

2162 3423 2323 3461 nuam
2353 3407 2639 3476 gratiarum
2668 3410 2932 3462 actionem
2965 3408 3190 3462 Domino
3229 3406 3565 3463 referendam
3607 3407 3744 3461 inci-

2164 3501 2379 3555 tabitur.
2415 3500 2526 3554 Hoc
2547 3501 2831 3554 maximum
2857 3500 3197 3567 sacrificium,
3250 3499 3365 3554 haec
3397 3499 3629 3569 perfecta
3657 3501 3745 3554 ob.

2163 3595 2291 3648 latio
2316 3604 2418 3659 est,
2448 3594 2548 3648 hoc
2577 3594 2787 3649 fiducia:
2810 3611 2935 3665 erga
2961 3595 3126 3649 Deum
3155 3602 3352 3649 nostra:
3373 3605 3745 3665 argumentum

2161 3692 2216 3738 et
2242 3699 2400 3739 causa
2429 3695 2543 3738 est:
2573 3694 2626 3739 et
2649 3685 2940 3755 quomodo,
2970 3700 3071 3756 ego
3099 3686 3293 3740 dicam.
3325 3685 3426 3751 Qui
3453 3686 3594 3740 enim
3625 3685 3743 3740 haec

2158 3776 2412 3831 continuo
2461 3776 2513 3831 in
2560 3787 2737 3832 mente
2780 3791 2875 3831 sua
2922 3785 3117 3843 versat,
3149 3786 3202 3831 et
3231 3792 3381 3831 suam
3435 3778 3742 3831 tenuitatem

2159 3880 2408 3925 accurate
2439 3870 2605 3933 novit,
2660 3880 2713 3924 et
2742 3871 3068 3925 eminentem
3100 3870 3332 3924 divinam
3364 3869 3741 3939 benignitatem

2158 3963 2355 4031 cogitat
2375 3976 2389 4023 ;
2413 3960 2679 4030 quomodo
2707 3976 2898 4029 nempe
2919 3976 3024 4015 non
3046 3960 3325 4015 attendens
3351 3960 3477 4029 quid
3500 3976 3744 4016 merean-

2160 4062 2245 4106 tur
2276 4062 2487 4122 pt-ccata
2520 4063 2721 4117 nostra,
2755 4053 2848 4107 scd
2870 4053 2995 4123 quid
3023 4069 3118 4107 sua
3148 4053 3357 4107 bonitas
3386 4053 3640 4122 postulet,
3670 4054 3742 4108 ita

2158 4161 2245 4200 res
2278 4155 2488 4200 nostras
2509 4145 2780 4213 dispenset
2805 4163 2817 4198 :
2851 4146 2893 4199 is
2921 4147 3175 4200 nimirum
3206 4156 3438 4200 mentem
3464 4146 3735 4215 deprimit,

2156 4254 2251 4293 eor
2279 4239 2528 4305 conterit,
2555 4255 2767 4293 omnem
2799 4238 2993 4293 fastum
3021 4247 3075 4294 et
3097 4240 3454 4309 arrogantiam
3488 4240 3739 4308 castigat,

2157 4331 2312 4386 discit
2333 4330 2575 4386 modeste
2592 4347 2770 4401 agere,
2803 4340 3149 4388 contemnere
3174 4332 3454 4401 praisentis
3476 4333 3595 4386 vita:
3616 4333 3738 4402 glo-

2154 4424 2310 4489 riam,
2342 4424 2520 4479 ridere
2563 4423 2784 4478 \‘isibilia
2826 4424 3028 4490 omnia,
3082 4425 3317 4494 cogitare
3372 4423 3550 4476 futura
3600 4422 3739 4478 bona

2154 4516 2422 4586 vitamque
2454 4515 2807 4569 immortalem
2856 4529 2919 4569 ac
2968 4530 3255 4584 numquam
3300 4514 3606 4568 finiendam.
3635 4514 3738 4580 Qui

2154 4616 2329 4662 autem
2356 4607 2433 4662 sic
2462 4607 2690 4662 afficitur
2714 4608 2913 4672 animo,
2940 4622 3124 4662 verum
3148 4616 3201 4662 et
3228 4616 3507 4677 acceptum
3534 4608 3741 4662 sacriﬁ-

2152 4700 2292 4754 cium
2324 4700 2434 4754 Deo
2473 4699 2649 4766 offert,
2702 4701 2838 4753 sicut
2882 4699 3138 4769 prepheta
3169 4698 3296 4753 dicit
3346 4716 3359 4752 :
3410 4698 3738 4767 Sacri/icium

2157 4791 2259 4845 Deo
2292 4791 2500 4861 spiritus
2523 4791 2883 4844 contribulalus
2905 4808 2924 4856 ;
2948 4808 3034 4844 cor
3053 4791 3323 4843 contritum
3350 4802 3395 4843 et
3420 4791 3741 4843 humiliatum

2158 4882 2293 4937 Deus
2318 4901 2417 4938 non
2446 4884 2681 4953 despiciet
2714 4882 2883 4954 (Psal.
2911 4884 2999 4939 50.
3034 4883 3153 4954 l9).
3187 4881 3445 4937 Cordatos
3490 4885 3630 4938 enim
3656 4883 3737 4937 fa-

2153 4975 2328 5029 mulos
2356 4990 2461 5029 non
2492 4986 2597 5029 tam
2630 4990 2801 5044 [)(Bml‘.
2826 4986 2879 5029 et
2925 4975 3182 5044 supplicia
3221 4975 3525 5041 emendant,
3557 4985 3614 5028 ut
3646 4975 3740 5029 be-

2152 5065 2360 5133 neficia,
2388 5077 2440 5122 et
2467 5066 2607 5136 quod
2636 5068 2882 5121 noverint
2900 5082 2957 5123 se
2975 5082 3083 5121 non
3109 5066 3399 5122 secundum
3420 5066 3738 5121 delictorum

2150 5159 2337 5215 merita
2368 5174 2576 5228 pmnam
2610 5160 2776 5215 luere.

2221 5251 2274 5305 6.
2304 5251 2653 5306 Conteramus
2682 5252 2856 5321 igitur,
2899 5252 3146 5318 obsecro,
3190 5252 3423 5305 animum
3455 5260 3736 5314 nostrum,

2151 5342 2491 5396 liumiliemus
2517 5353 2752 5397 mentem
2777 5352 2831 5397 et
2854 5358 2993 5396 nunc
3019 5342 3249 5396 maxime
3266 5358 3385 5395 eum
3416 5341 3516 5395 hoc
3541 5340 3736 5410 jejunii

2150 5444 2357 5505 tempus
2392 5435 2554 5489 multa
2594 5435 2749 5489 nobis
2776 5435 2840 5489 ad
2884 5434 2986 5489 hoc
3016 5434 3217 5505 praebet
3238 5433 3493 5487 subsidia.
3528 5431 3660 5485 Nam
3688 5433 3736 5487 si

2146 5528 2218 5583 ita
2257 5527 2428 5582 affecti
2478 5528 2757 5592 fuerimus,
2813 5527 3101 5596 poterimus
3127 5535 3180 5580 et
3201 5538 3388 5595 magna
3440 5524 3736 5577 attentione

2147 5634 2335 5691 preces
2370 5620 2613 5686 fundere,
2634 5619 3016 5674 etconﬁtentes
3037 5627 3251 5687 peccata
3270 5618 3487 5671 multam
3506 5615 3731 5685 gratiam

2145 5730 2374 5784 superne
2399 5714 2662 5768 obtinere.
2691 5714 2757 5768 Et
2781 5724 2837 5767 ut
2860 5713 3038 5767 sciatis
3062 5710 3192 5765 tales
3237 5709 3443 5764 animas
3476 5709 3582 5762 Deo
3620 5706 3734 5775 pla-

2144 5823 2287 5876 cere,
2321 5808 2441 5863 audi
2486 5810 2656 5879 ipsum
2698 5807 2963 5863 dicentem
2994 5822 3006 5861 :
3037 5806 3117 5859 Ad
3140 5821 3285 5875 quem
3311 5804 3598 5875 respiciam,
3632 5801 3730 5853 nisi
