4040 6378
367 390 428 444 8|
1195 393 1252 447 S.
1292 390 1574 448 JOANNIS
1612 392 2059 450 ειηιγεοδτοδτ

2159 390 2454 446 ιιιειιιιει).
2489 392 3031 451 CONSTANTINOP.
3739 400 3810 454 82

371 503 645 570 τοιαύταις
698 507 995 578 ἀρέσκεται
1026 506 1227 576 ψυχαῖς
1279 510 1307 562 6
1348 508 1646 579 Δεσπότης,
1677 509 1843 562 ἄκουε
1877 509 2042 563 αὐτοῦ

370 595 638 660 λέγοντος·
669 594 794 646 Ἐπὶ
818 595 950 647 τινα
975 592 1302 663 ἐπιϐλέψο.
1331 596 1469 650 ἀλλ’
1497 595 1536 663 ἢ
1567 596 1666 650 ἐπὶ
1699 596 1806 650 τόν
1831 595 2044 664 πρᾶον,

367 679 467 732 καί
507 681 786 748 ἡσύχιον,
833 680 931 733 καὶ
983 680 1278 750 τρέμοντα
1304 700 1425 752 μου
1480 683 1623 750 τοὺς
1655 685 1914 753 λόγους;
1946 683 2047 737 Διὰ

367 766 528 840 τοῦτο
564 768 657 821 καὶ
687 768 716 819 6
754 769 992 838 Χριστὸς
1045 767 1428 842 διαλεγόμενος
1479 769 1651 839 ἐλεγε-
1685 770 1913 826 Μάθετε
1945 771 2046 825 ἀπ’

367 855 537 924 ἐμοῦ,
581 855 670 908 ὅτι
715 855 906 924 πρᾶός
965 858 1082 926 ειμι
1120 856 1218 925 καί
1259 858 1540 926 ταπεινὸς
1571 856 1645 926 τῇ
1679 858 1910 926 καρδίᾳ,
1946 859 2046 914 καὶ

368 941 657 1021 ερρήσετε
696 941 1048 1020 ἀνάπαυσιν
1073 931 1205 1021 ταῖς·
1248 927 1476 1013 ψυχαῖς
1508 944 1695 1013 ὑμῶν.
1737 945 1800 998 '0
1821 945 1930 1017 γάρ
1957 946 2040 998 δν-

367 1013 477 1086 τως
511 1015 794 1084 ταπεινῶν
824 1015 1014 1084 ἑαυτὸν
1063 1013 1164 1086 οὐκ
1212 1030 1278 1085 ἂν
1319 1031 1570 1102 δυνηθείη
1613 1033 1743 1107 ποτέ
1773 1033 1854 1096 είς
1879 1013 2048 1104 θυμὸν

370 1115 738 1193 ἐξενεχθῆναι,
787 1116 908 1169 οὐδὲ
957 1116 1037 1188 τῷ
1085 1117 1316 1190 πλησίον
1361 1118 1707 1190 ὀργισθῆναι,
1737 1119 1838 1189 τῆς
1869 1119 2048 1190 ψυχῆς

370 1204 838 1282 κατεσταλμένης,
868 1204 964 1270 καὶ
995 1205 1064 1274 τὰ
1094 1205 1216 1272 καθ’
1250 1206 1451 1278 ἑαυτὴν
1483 1207 1880 1280 σκοπουμένης.
1937 1209 2050 1279 Τῆς

369 1292 425 1347 δὲ
448 1290 591 1344 οὕτω
613 1291 965 1366 διακειμένης
989 1294 1168 1364 ψυχῆς
1201 1295 1252 1346 τί
1281 1293 1348 1347 ἂν
1367 1294 1579 1362 γένοιτο
1597 1294 2009 1368 μακαριώτερον
2030 1313 2046 1363 ;

381 1381 440 1434 ’0
472 1379 712 1444 τοιοῦτος
733 1381 790 1433 ἐν
805 1377 987 1450 λιμένι
1009 1381 1272 1452 διηνεκῶς
1298 1381 1534 1456 κάθηται
1555 1384 1756 1448 παντὸς
1780 1383 2050 1455 χειμῶνος

371 1467 813 1539 ᾁπηλλαγμένος,
847 1468 941 1522 καὶ
966 1468 1248 1540 ἐντρυφῶν
1273 1472 1340 1542 τῇ
1373 1469 1482 1524 ἀπὸ
1514 1470 1621 1524 τῶν
1649 1470 1925 1542 λογισμῶν
1947 1489 2047 1542 γα-

370 1545 527 1628 λήνῃ.
558 1558 657 1611 Διὰ
683 1555 843 1610 τοῦτο
890 1557 986 1609 καὶ
1033 1557 1062 1609 6
1092 1557 1330 1629 Χριστὸς
1377 1557 1550 1628 ἔλεγε·
1597 1560 1708 1613 Καὶ
1760 1558 2051 1628 εὑρήσετε

369 1642 726 1698 ἀνάπαυσιν
750 1643 880 1709 ταῖς
901 1643 1128 1712 ψυχαῖς
1156 1644 1341 1714 ὑμῶν.
1376 1647 1586 1718 Ὠσπερ
1617 1642 1711 1701 οὖν
1743 1649 1772 1700 6
1800 1649 1869 1702 τά
1903 1648 2064 1719 πάθη

375 1731 548 1784 ταῦτα
566 1729 680 1804 [7|]
703 1732 1039 1794 κατευνάσας
1057 1732 1254 1802 πολλῆς
1270 1732 1534 1786 ἀπολαύει
1550 1734 1649 1804 τῆς
1669 1733 2046 1798 ἀναπαύσεως,

376 1818 549 1882 οὕτως
575 1821 603 1872 6
633 1818 896 1890 ῥᾴθυμος,
931 1819 1026 1871 καὶ
1059 1818 1489 1885 άναπεπτωκὼς,
1515 1820 1609 1873 καὶ
1645 1819 1722 1892 μὴ
1749 1821 2049 1890 δυνάμενος

372 1907 602 1970 δεόντως
623 1907 858 1976 ἡνιοχεῖν
885 1905 953 1960 τά
991 1907 1049 1958 ἐν
1087 1906 1238 1976 αὐτῷ
1261 1907 1556 1978 τικτόμενα
1579 1907 1748 1979 πάθη,
1784 1910 1842 1962 ἐν
1869 1907 2048 1978 διηνε-

372 1995 463 2046 κεῖ
503 1991 650 2062 σάλῳ
694 1990 1051 2062 καθέστηκεν,
1099 1991 1312 2046 οῐκοθεν
1352 1991 1444 2046 τὸν
1485 1991 1718 2064 πόλεμον
1751 1993 1909 2063 έχων,
1956 1994 2051 2048 καὶ⁸

375 2079 589 2142 οὐδενὸς
633 2077 900 2150 παρόντος
925 2079 1344 2150 ταραττόμενος,
1369 2080 1462 2133 καὶ
1491 2079 1659 2133 πολὺν
1693 2080 1785 2135 τὸν
1806 2082 2052 2153 χειμῶνα

377 2165 686 2238 ὑπομένωνο
717 2165 798 2218 διὸ
819 2167 913 2219 καὶ
941 2165 1049 2218 τῶν
1073 2167 1332 2238 κυμάτων
1365 2184 1605 2238 κορυφου
1613 2167 1810 2238 μένων,
1833 2169 2052 2241 καὶτῆς

371 2254 482 2316 τῶν
503 2252 758 2324 πονηρῶν
781 2253 1111 2324 πνευμάτων
1139 2254 1452 2322 καταιγίδος
1473 2255 1758 2326 ἐπιούσης,
1791 2256 2052 2322 πολλάκις

373 2340 706 2413 ὑποϐρύχιος
731 2340 962 2410 γίνεται,
995 2339 1528 2404 καταδαπτισθέντος
1553 2340 1647 2395 τοῦ
1700 2342 1941 2412 σκάφους
1964 2344 2052 2397 διὰ

371 2427 473 2498 τὴν
499 2428 759 2500 ἀπειρίαν
787 2427 882 2481 τοῦ
900 2428 1255 2498 κυϐερνήτου.
1284 2429 1374 2480 Διὸ
1399 2427 1505 2499 χρὴ
1523 2432 1735 2500 νήφειν,
1769 2431 1866 2484 καὶ⁵
1886 2432 2053 2502 ἐγρη-

376 2513 623 2584 γορέναι,
678 2514 772 2568 καὶ
811 2514 1033 2584 διηνεκῆ
1070 2513 1168 2584 τὴν
1205 2513 1475 2585 μέριμναν
1511 2514 1654 2585 ἔχειν
1695 2515 1790 2570 καὶ
1816 2517 2049 2572 ἀδιάλει-

377 2617 514 2655 πτον
563 2601 665 2671 τῆς
722 2600 865 2655 κατὰ
911 2599 1090 2672 ψυχὴν
1119 2601 1412 2673 σωτηρίας.
1448 2602 1552 2655 Τὸν
1583 2603 1692 2674 γάρ
1723 2604 2054 2676 Χριστιανὸν

376 2689 468 2743 ἀεὶ
493 2687 901 2761 παρατετάχθαι
944 2687 1050 2760 χρὴ
1093 2686 1230 2758 πρὸς
1258 2687 1328 2741 τά
1359 2687 1508 2758 πάθη
1532 2691 1633 2760 τῆς
1678 2691 1902 2761 σαρκὸς,
1961 2694 2056 2746 καὶ

375 2777 505 2840 τοὺς
533 2774 730 2847 νόμους
777 2775 907 2838 τοὺς
955 2774 1210 2838 τεθέντας
1239 2775 1370 2846 ήμῖν
1401 2775 1555 2848 παρὰ
1580 2775 1674 2829 τοῦ
1703 2777 1884 2831 κοινοῦ
1921 2779 2057 2832 πάν-

375 2880 488 2935 των
532 2861 804 2916 Δεσπότου
852 2860 1108 2925 ἐναύλους
1131 2860 1296 2932 ἔχειν,
1326 2863 1423 2916 καὶ⁹
1459 2863 1673 2928 τούτοις
1699 2864 2054 2935 τειχίζεσθαι,

380 2934 477 3022 καὶ
495 2956 564 3025 τῇ
592 2951 762 3024 πολλῇ
807 2951 975 3007 αὐτοῦ
1001 2950 1131 3020 περὶ
1148 2952 1296 3022 ἡμᾶς
1338 2950 1691 3024 μακροθυμίᾳ
1720 2934 1941 3017 εἰςδὲον
1967 2971 2058 3006 κε-

380 3029 638 3113 χρῆσθαι,
664 3039 760 3093 καὶ
803 3037 877 3110 μὴ
926 3037 1214 3109 ἀναμένειν
1245 3038 1344 3110 τὴν
1366 3037 1455 3091 διὰ
1489 3036 1600 3092 τῶν
1626 3037 1801 3110 ἔργων
1838 3041 2056 3110 πεῖραν,

382 3113 477 3183 καὶ
512 3126 636 3180 τότε
666 3124 1074 3190 συστέλλεσθαι,
1112 3125 1200 3179 ῖνα
1229 3123 1305 3196 μὴ
1333 3125 1427 3179 καὶ
1461 3125 1593 3197 περὶ
1620 3127 1652 3196 ή
1663 3125 1780 3196 μῶν
1809 3127 2054 3199 λέγηται,

383 3209 572 3270 τοταν
593 3227 619 3256 ι
653 3213 1008 3287 ἀπέκτεινεν
1032 3212 1276 3280 αὐτοὺς,
1321 3215 1456 3268 τότε
1495 3212 1816 3279 ἐξεζτήτουν
1846 3217 2053 3270 αὐτόν.

387 3296 643 3374 Ἔχοντες
659 3297 779 3378 ρῦν,
793 3299 1086 3375 ἀγαπητοὶ,
1108 3299 1394 3371 σύμμαχον
1409 3298 1512 3370 τῆς
1532 3299 1783 3372 νηστείας
1801 3301 1902 3372 τὴν
1919 3321 1992 3355 πα
2001 3321 2058 3374 ρ-

382 3389 574 3462 ουσίαν
592 3379 848 3462 (πάντες
867 3387 959 3440 ἐπὶ
983 3386 1080 3460 τὴν
1106 3385 1490 3457 ἐξομολόγησιν
1517 3387 1627 3441 τῶν
1664 3388 2058 3462 πεπλημμελη-

387 3463 565 3554 ίιξένων
602 3471 972 3554 ἐπειγῲμεθα,
998 3472 1095 3542 καὶ
1131 3472 1463 3545 ἀπεχώμεθα
1495 3473 1594 3546 μὲν
1616 3475 1795 3547 πάσης
1837 3482 2055 3541 κακίας,

387 3547 664 3636 μΪετίωμεν
773 3547 954 3626 πᾶσαν
999 3561 1224 3634 ἀρετήν.
1260 3561 1418 3614 Οὕτω
1442 3561 1552 3633 γὰρ
1595 3563 1690 3616 καὶ
1722 3565 1750 3616 6
1790 3565 2057 3636 μακάριος

384 3647 672 3728 προφήτης
696 3649 859 3716 Δαυὶδ
873 3649 1113 3716 διδάσκει
1129 3648 1326 3716 λέγων’
1359 3651 1684 3704 Ἕκκλινον
1697 3651 1817 3705 ἀπὸ
1846 3652 2056 3718 κακοῦ,

386 3741 487 3819 καί
521 3732 784 3814 ποίησον
810 3738 1057 3808 ἀγαθόν.
1093 3737 1196 3791 “Av
1222 3735 1367 3791 οὕτω
1393 3737 1464 3792 τά
1506 3737 1630 3792 καθ’
1660 3739 1887 3804 ἐαυτοὺς
1914 3742 2060 3794 οίκο-

384 3810 669 3901 νομῶμεν,
689 3827 786 3881 καὶ
824 3825 962 3898 μετὰ
984 3825 1086 3896 τῆς
1125 3826 1336 3897 ἀποχῆς
1371 3825 1482 3879 τῶν
1509 3825 1813 3900 βρωμάτων
1840 3828 1936 3882 καὶ
1958 3828 2059 3900 τήν

387 3912 598 3987 άποχὴν
620 3915 723 3986 τῆς
748 3909 946 3978 κακίας
969 3913 1388 3985 ἐπιδειξώμεθα,
1418 3913 1761 3986 δυνησόμεθα
1788 3916 1881 3970 καὶ
1906 3917 2060 3970 αὐτοὶ

386 3999 636 4066 ’πλείονος
667 3999 972 4057 ἀπολαῦσαι
1023 4001 1123 4072 τῆς
1158 3997 1496 4072 παρρησίας,
1531 4002 1626 4066 καὶ
1669 4002 2061 4075 δαψιλεστέρας

391 4090 688 4161 ἀξιωθῆναι
713 4091 814 4160 τῆς
852 4087 1005 4160 παρὰ
1032 4087 1126 4141 τοῦ
1156 4087 1291 4142 Θεοῦ
1319 4079 1745 4166 φιλανθρωπίας,
1777 4091 1872 4145 καὶ
1905 4093 1964 4144 ἐν
1984 4092 2061 4162 τῷ

390 4178 620 4251 παρόντι
652 4177 774 4248 βίῳ,
809 4177 995 4230 καὶέν
1039 4177 1106 4246 τῇ
1145 4174 1417 4247 μελλούσῃ
1451 4176 1635 4248 ἡμέρᾳ
1661 4177 1843 4249 ἐκείνῃ
1867 4179 1933 4249 τῇ
1964 4195 2062 4247 φο-

391 4266 551 4336 ϐερᾷ,
591 4265 777 4335 εὐχαῖς
808 4262 903 4316 καὶ
949 4261 1270 4334 πρεσϐείαις
1312 4262 1422 4329 τῶν
1453 4260 1936 4333 εὐαρεστησάντων
1964 4266 2064 4318 αὐ-

390 4340 492 4423 τῷ,
522 4350 706 4422 χάριτι
755 4349 851 4424 καὶ
884 4347 1270 4420 φιλανθρωπίᾳ
1298 4347 1393 4401 τοῦ
1437 4348 1644 4420 Κυρίου
1681 4349 1838 4420 ἡμῶν
1885 4351 2061 4422 Ἰησοῦ

393 4424 652 4509 Χριστοῦ,
702 4435 819 4510 μεηθῗ
850 4430 912 4500 οὗ
953 4434 1029 4506 τῷ
1063 4435 1260 4507 Πατρὶ,
1288 4435 1407 4506 ἅμα
1465 4438 1544 4505 τῷ
1590 4436 1736 4508 ἁγίῳ
1783 4437 2062 4508 Πνεύματι

392 4524 542 4590 δόξα,
571 4511 790 4594 κράτος,
814 4521 972 4593 τιμὴ,
1021 4521 1117 4576 νῦν
1165 4522 1262 4599 καὶ
1315 4521 1424 4597 ἀεὶ,
1458 4522 1553 4581 καὶ
1589 4524 1670 4586 είς
1709 4523 1834 4586 τοὺς
1859 4524 2064 4588 αἰῶνας

393 4611 504 4667 τῶν
521 4611 754 4665 αἰώνων.
800 4611 996 4682 Ἀμήν.
1039 4602 1041 4604 ’
1459 4609 1461 4612 ’
1517 4601 1521 4610 ’
1595 4607 1604 4614 ⁷
1863 4609 1870 4614 ’

545 4704 548 4706 ’
742 4704 746 4709 ’
981 4703 984 4707 ’
1069 4703 1397 4761 OMIAIAI'.

395 4805 707 4876 Προτροπὴ
726 4803 872 4876 πρὸς
892 4803 1034 4876 τοὺς
1053 4801 1447 4876 ἐρυθριῶντας
1470 4802 1622 4876 μετὰ
1640 4803 2066 4876 Ατίινᾼέστίασιν

399 4868 1240 4945 ··’παξι›α6³άλέῖν’“τῇ-συνάξὲι
1286 4868 1434 4925 κατὰ
1628 4868 1912 4939 ἑσπέραν,
1947 4870 2066 4926 ¹καί

465 4943 561 5014 εὶςή
592 4953 663 5001 τὰ
693 4944 838 5013 ἑξῆς
879 4943 1007 5006 τοῦ,
1042 4962 1060 4994 ι
1088 4943 1448 5014 Ποιήσωμεν
1487 4943 1801 5009 ἄνθρωπον
1828 4945 1955 4996 κατ’
1988 4947 2066 5014 εὶ-

468 5012 620 5072 κόνα
657 5012 970 5086 ἡμετέραν,
1005 5013 1103 5086 καί
1130 5012 1264 5086 pag"
1287 5013 1609 5086 Δὁμοίωσιν·
1646 5027 1676 5086 ι-
1709 5014 1805 5086 καὶ
1827 5013 2064 5086 μεὶς-τὸ,

467 5089 579 5142 Καὶ
607 5081 918 5157 ἐποίησενςὸ
938 5082 1069 5157 Θεὸς
1096 5081 1186 5135 τὸν
1213 5081 1515 5157 ἄενθρῳποιν
1549 5081 1677 5157 κατ’
1723 5083 1904 5157 εἰκόνα
1932 5083 2065 5136 Θεοῦ

467 5159 722 5228 ἐποίησεν
751 5149 934 5209 αὐτόν·
974 5154 1139 5224 ἄρσεν
1169 5149 1262 5221 καὶ
1295 5149 1427 5221 θῆλυ
1467 5149 1719 5222 ἐποίησεν
1745 5153 1960 5215 αὐτούς,
2044 5163 2056 5174 -ι

466 5250 819 5309 α’.Ἐλάττων
847 5251 978 5319 ἡμῖν
1011 5249 1038 5300 6
1073 5247 1327 5314 σύλλογος
1368 5247 1628 5317 σήμερον,
1669 5246 1762 5298 καὶ
1800 5247 1972 5316 βραχὺ
2008 5246 2069 5299 τὸ

399 5344 625 5415 θέατρον
654 5341 761 5393 τῶν
785 5335 1321 5407 συνδεδραμηκότων.
1353 5335 1740 5398 Τίνος¹ἐνε’κεν,
1770 5337 1860 5387 καὶ
1885 5335 1971 5388 διά
1992 5334 2068 5398 τί;

399 5432 556 5502 Τάχα
581 5428 723 5491 τινές
749 5421 1088 5504 ἠρυθρίασαν
1113 5422 1253 5494 μετὰ
1269 5423 1368 5494 τὴν
1403 5418 1668 5493 αἰσθητὴν
1685 5423 1962 5495 τράπεζαν
1992 5427 2071 5486 είς

401 5521 502 5590 τὴν
542 5513 916 5592 πνευματικὴν
949 5511 1150 5582 ταύτην
1212 5510 1455 5565 ἑστίασιν
1508 5511 1933 5582 παραγενέσθαι,
1980 5513 2073 5565 καὶ

401 5589 560 5662 τοῦτο
613 5606 796 5668 αὐτοῖς
825 5589 1015 5658 ἀἴτιον
1066 5600 1359 5670 γεγένηται
1401 5599 1523 5671 τῆς
1549 5599 1907 5670 άπολείψεωςδ
1958 5600 2073 5654 ἀλλ’

402 5694 750 5748 άκουέτωσαν
797 5689 962 5760 σοφοῦ
1017 5705 1158 5752 τινος
1209 5687 1479 5756 λέγοντος·
1539 5689 1752 5742 Ἔστιν
1810 5689 2073 5757 αἰσχύνη

403 5780 716 5849 ἐπάγουσα
748 5777 1062 5847 ἁμαρτίαν,
1094 5775 1193 5829 καὶ
1221 5775 1392 5829 ἐστιν
1449 5776 1712 5844 αἰσχύνη
1769 5774 1919 5837 δόξα
1977 5774 2075 5827 καὶ

408 5869 596 5942 χάρις.
617 5869 731 5919 Οὐκ
764 5867 909 5920 ἔστιν
940 5865 1201 5938 αἰσχύνης
1237 5863 1402 5934 ἄξιον,
1430 5863 1706 5936 τραπέζης
1737 5863 2072 5935 μετασχόντα

469 6002 619 6073 ξΔΙὶί
640 6003 712 6054 ὅτι
735 6008 861 6072 ὃταν.

2147 509 2464 579 σωματικῆς
2511 509 2685 564 ἐλθεῖν
2713 511 2804 564 ἐπὶ
2829 510 2928 582 τὴν
2960 511 3338 583 πνευματικὴν
3365 513 3631 568 ἑστίασιν.
3675 515 3811 568 Οὐδὲ

2143 595 2252 664 γὰρ
2283 596 2536 668 καθάπερ
2573 597 2640 650 τά
2686 597 3004 668 ἀνθρώπινα
3053 600 3378 670 πράγματα,
3437 601 3578 654 οὕτω
3617 602 3710 656 καὶ
3743 605 3811 654 τά

2143 684 2489 753 πνευματικὰ
2513 687 2724 756 καιροῖς
2748 686 3152 757 ἀφωρισμένοις
3181 688 3597 744 διατετύπωται.
3614 689 3680 743 Ἦ
3705 692 3813 758 γάρ

2143 771 2273 841 περὶ
2304 770 2412 824 τῶν
2437 773 2828 842 πνευματικῶν
2864 773 3099 842 διάλεξις
3124 777 3300 830 πάντα
3327 778 3424 846 τῆς
3461 778 3679 848 ἡμέρας
3723 779 3814 832 τὸν

2143 857 2332 928 καιρὸν
2363 859 2670 929 ἐπιτήδειον
2721 858 2838 933 [72]
2889 861 3022 930 ἔχει.
3062 862 3172 916 Καὶ
3202 863 3255 916 τί
3293 863 3434 933 λέγω
3461 865 3560 934 τῆς
3600 865 3815 936 ἡμέρας

2142 945 2234 996 τὸν
2267 946 2492 1017 καιρόν;
2521 946 2638 1000 Κᾶν
2664 947 2762 1012 νὺξ
2808 949 3110 1021 καταλάϐῃ,
3147 949 3267 1003 οὐδὲ
3293 950 3434 1004 οὕτω
3467 951 3697 1022 κώλυμα
3731 953 3816 1020 γί-

2143 1049 2293 1086 νεται
2317 1036 2384 1104 τῇ
2413 1039 2758 1106 πνευματικῇ
2801 1035 3139 1109 διδασκαλίᾳ.
3173 1038 3270 1093 Διὰ
3303 1037 3462 1092 τοῦτο
3490 1041 3584 1093 καὶ
3603 1043 3632 1093 6
3663 1040 3817 1093 Παῦ-

2143 1118 2232 1183 λος
2257 1120 2408 1189 ἐλεγε
2430 1121 2679 1193 Τιμοθέῳ
2700 1123 2946 1193 γράφωνι
2984 1125 3287 1191 Ἐπίστηθι
3315 1126 3623 1193 εὐκαίρως,
3639 1127 3817 1180 ἀκαί-

2136 1225 2276 1276 ρως·
2318 1210 2594 1278 ἔλεγξον,
2625 1211 3004 1281 ἐπιτίμησον,
3035 1213 3482 1280 παρακάλεσον.
3512 1215 3622 1267 Καὶ
3649 1215 3818 1268 πάλιν

2145 1299 2310 1353 ἄκουε
2332 1300 2426 1353 τοῦ
2453 1301 2726 1372 μακαρίου
2768 1303 2954 1355 Λουκᾶ
2977 1301 3251 1370 λέγοντος,
3274 1303 3354 1355 ὅτι
3381 1301 3636 1357 Μέλλων
3662 1302 3818 1367 ἐξιέ-

2143 1403 2262 1453 ναι,
2305 1388 2459 1459 φησὶ,
2478 1387 2554 1456 τῇ
2583 1389 2872 1457 ἐπαύριον
2912 1392 2946 1444 d
2970 1389 3208 1456 Παῦλος
3239 1390 3358 1444 ἀπὸ
3382 1389 3490 1457 τῆς
3528 1390 3816 1457 Τρωάδος,

2144 1474 2440 1544 διελέγετο
2499 1475 2721 1542 αὐτοῖς,
2758 1477 2857 1530 καὶ
2913 1477 3222 1545 παρέτεινε
3270 1478 3378 1531 τὸν
3419 1479 3605 1546 λόγον
3637 1478 3817 1547 μέχρι

2139 1564 2566 1631 μεσονυκτίου.
2607 1564 2699 1635 Μή
2751 1581 2805 1618 τι
2829 1567 2856 1618 6
2884 1566 3072 1636 καιρὸς
3111 1565 3440 1637 ἐλυμήνατο,
3469 1567 3591 1619 εἰπέ
3626 1583 3735 1636 μοι,
3779 1564 3816 1638 ἢ

2143 1650 2360 1720 διέκοψε
2389 1652 2480 1706 τὸν
2515 1653 2616 1723 τῆς
2644 1653 2996 1718 διδασκαλίας
3028 1653 3185 1723 λόγον
3206 1655 3294 1720 ;Ὀ
3318 1657 3501 1724 νήφων
3522 1654 3815 1726 ἀκροατὴς,

2147 1739 2250 1793 κᾶν
2270 1739 2581 1813 ὴριστηκὼς
2613 1737 2670 1812 ᾖ,
2696 1739 2845 1806 ἄξιος
2876 1740 2942 1794 ἂν
2967 1742 3051 1810 εἴη
3088 1740 3181 1794 τοῦ
3214 1742 3470 1809 συλλόγου
3503 1743 3693 1796 τούτου
3720 1740 3817 1797 τοῦ

2145 1829 2538 1899 πνευματικοῦ,
2565 1828 2753 1900 ῶσπερ
2789 1825 2882 1883 οῦν
2912 1830 2940 1882 6
2978 1831 3219 1902 ῥᾴθυμος
3259 1831 3353 1884 καὶ
3385 1832 3816 1895 άναπεπτωκὼς,

2145 1913 2249 1967 κᾶν
2293 1915 2478 1978 ἄσιτος
2524 1915 2796 1989 διαμείνῃ,
2841 1916 3096 1988 οὐδεμίαν
3139 1917 3388 1970 ἐντεῦθεν
3449 1919 3660 1984 δέξεται
3718 1917 3818 1988 τὴν

2145 2002 2432 2070 ὠφέλειαν.
2467 2003 2578 2056 Καὶ
2617 2003 2790 2058 ταῦτα
2830 2004 2972 2073 λέγω
3004 2004 3064 2058 οὐ
3110 2005 3202 2058 τὸν
3234 2007 3387 2059 τόνον
3414 2006 3513 2075 τῆς
3563 2006 3821 2076 νηστείας

2149 2088 2379 2153 ἐκλύων,
2409 2089 2482 2161 μὴ
2513 2089 2742 2158 γένοιτο,
2773 2091 2909 2144 ἀλλὰ
2939 2093 3034 2144 καὶ
3065 2092 3269 2163 σφόδρα
3295 2093 3530 2146 ἐπαινῶν
3562 2095 3655 2144 καὶ
3683 2079 3822 2145 ἀποὲ

2145 2177 2433 2248 δεχόμενος
2455 2179 2582 2241 τούς
2610 2178 2987 2248 νηστεύοντας·
3021 2179 3154 2232 ἀλλὰ
3201 2179 3523 2250 βουλόμενος
3549 2179 3579 2220 ι)
3609 2179 3822 2242 διδάξαι

2149 2266 2315 2336 ὑμᾶς,
2341 2264 2588 2336 λογισμῷ
2640 2283 2745 2319 τινι
2782 2267 3003 2336 νήφοντι
3055 2267 3294 2336 μετιέναι
3336 2267 3405 2320 τὰ
3450 2267 3820 2336 πνευματικὰ,

2147 2355 2243 2408 καὶ
2267 2354 2341 2426 μὴ
2375 2354 2634 2426 συνηθείᾳ
2653 2355 3087 2408 κατακολουθεῖν.
3109 2356 3185 2408 Οὐ
3205 2355 3312 2426 γὰρ
3337 2355 3427 2408 τὸν
3450 2353 3824 2426 μεταλαϐόντα

2148 2443 2357 2514 τροφῆς
2377 2442 2605 2513 αἰσχρὸν
2637 2443 2976 2514 παραλαϐεῖν
3010 2446 3075 2513 τῇ
3111 2445 3451 2514 πνευματικῇ
3479 2441 3653 2513 ταύτῃ
3685 2440 3826 2494 διδα-

2153 2531 2368 2602 σκαλίᾳ,
2401 2532 2538 2585 ἀλλὰ
2569 2531 2632 2584 τὸ
2677 2530 3002 2603 ῥᾳθυμούσῇ
3051 2531 3279 2601 διανοίᾳ,
3334 2531 3428 2584 καὶ
3471 2530 3532 2583 τὸ
3561 2530 3666 2582 ὑπὸ
3712 2529 3824 2583 τῶν

2151 2621 2339 2676 παθῶν
2371 2621 2800 2695 πολιορκεῖσθαι,
2833 2622 2928 2675 καὶ
2959 2623 3034 2693 μὴ
3071 2620 3450 2674 καταστέλλειν
3479 2619 3548 2673 τά
3579 2621 3679 2690 τῆς
3696 2636 3827 2689 σαρ-

2153 2714 2247 2778 κὸς
2270 2715 2620 2786 σκιρτήματα
2653 2723 2701 2766 ο.
2736 2713 2812 2767 Οὐ
2863 2712 2924 2766 τὸ
2978 2713 3172 2782 φαγεῖν
3226 2710 3416 2774 κακὸν,
3469 2709 3545 2780 μὴ
3589 2709 3824 2778 γένοιτο,

2152 2801 2266 2856 ἀλλ’
2299 2803 2332 2873 ή
2358 2802 2635 2872 άδηφαγία
2661 2799 2944 2871 βλαϐερὸν,
2981 2799 3076 2854 καὶ
3103 2799 3165 2852 τὸ
3205 2798 3346 2870 ὑπὲρ
3371 2797 3471 2868 τὴν
3489 2797 3678 2868 χρείαν
3721 2798 3827 2866 ἐμ-

2153 2889 2475 2956 πίπλασθαι,
2504 2889 2598 2942 καὶ
2634 2888 3065 2960 διαρῥήγνυσθαι
3102 2886 3202 2956 τὴν
3228 2884 3490 2955 γαστέραο
3522 2883 3682 2938 τοῦτο
3715 2884 3827 2956 γὰρ

2157 2976 2250 3031 καὶ
2273 2975 2373 3047 τὴν
2403 2975 2598 3046 ἡδονὴν
2623 2975 2722 3046 τὴν
2752 2974 2860 3027 ἀπὸ
2893 2972 2994 3043 τῆς
3015 2972 3223 3043 τροφῆς
3260 2970 3600 3042 λυμαίνεταιο
3634 2969 3829 3041 ῶσπερ

2154 3059 2249 3118 οὖν
2277 3063 2400 3118 οὐδέ
2427 3062 2490 3116 τὸ
2522 3065 2668 3116 οίνου
2717 3061 3034 3132 συμμέτρου
3080 3061 3372 3142 μετασχεῖν
3405 3057 3662 3128 πονηρὸν,
3688 3055 3830 3112 ἀλλὰ
3939 3120 3945 3125 _

2153 3152 2216 3205 τὸ
2247 3151 2384 3222 μέθῃ
2409 3149 2600 3204 ἑαυτὸν
2625 3147 2894 3212 ἐκδοῦναι,
2912 3147 3004 3200 καὶ
3029 3145 3146 3200 τῶν
3163 3144 3442 3215 λογισμῶν
3464 3144 3524 3197 τὸ
3542 3144 3833 3214 κριτήριον

2157 3235 2508 3308 παρατρέψαι
2529 3237 2616 3290 διὰ
2637 3236 2735 3307 τῆς
2757 3235 3045 3307 ἀμετρίας.
3078 3234 3141 3287 Εἰ
3179 3233 3235 3286 δέ
3256 3233 3323 3286 δι’
3352 3231 3636 3286 ἀσθένειαν
3672 3233 3702 3271 ά
3728 3248 3837 3284 σω-

2159 3323 2413 3396 ματικὴν,
2451 3322 2722 3394 άγαπητέ.
2777 3323 2853 3393 μὴ
2878 3322 3061 3375 δύναιο
3109 3320 3294 3382 ἄσιτος
3338 3319 3690 3391 παρατείνειν
3729 3317 3835 3390 τὴν

2154 3411 2389 3483 ἡμέραν,
2419 3409 2594 3473 οὐδεὶς
2636 3404 2696 3462 εὖ
2735 3408 2947 3481 φρονῶν
2997 3407 3140 3479 ὑπὲρ
3192 3407 3388 3460 τούτου
3423 3423 3506 3460 σοι
3530 3405 3834 3474 ἐγκαλέσαι

2154 3500 2464 3571 δυνήσεται.
2500 3498 2780 3568 Δεσπότην
2811 3497 2922 3568 γὰρ
2953 3495 3150 3567 ἔχομεν
3172 3495 3382 3565 ἥμερον
3407 3493 3501 3548 καὶ
3523 3492 3837 3565 φιλάνθρωο

2156 3605 2276 3651 πον,
2303 3588 2395 3640 καὶ
2409 3585 2560 3640 οὐδὲν
2575 3585 2684 3638 τῶν
2713 3585 2853 3656 ὐπέρ
2878 3583 3105 3655 δύναμιν
3134 3584 3261 3654 παρ’
3284 3581 3444 3655 ήμῶν
3470 3580 3832 3652 ἐκζητοῦντα.

2156 3677 2295 3731 Οὐδὲ
2327 3675 2436 3744 γάρ
2465 3674 2564 3745 τὴν
2593 3672 2800 3743 ἀποχὴν
2819 3671 2929 3725 τῶν
2960 3670 3284 3742 βρωμάτων,
3330 3671 3425 3724 καὶ
3451 3670 3548 3740 τὴν
3575 3668 3835 3740 νηστείαν

2155 3763 2343 3826 ἁπλῶς
2366 3761 2588 3815 ἀπαιτεῖ
2621 3760 2750 3830 παρ’
2779 3757 2938 3829 ήμῶν
2968 3757 3235 3826 γίνεσθαι,
3255 3756 3377 3810 οὐδὲ
3404 3755 3472 3809 δι’
3498 3755 3630 3810 αὐτὸ
3649 3754 3836 3822 τοῦτο,

2157 3853 2244 3906 ἵνα
2289 3851 2464 3906 ἄσιτοι
2506 3848 2850 3918 διαμένωμεν
2885 3847 3063 3916 μόνον,
3093 3845 3206 3899 ἀλλ’
3239 3846 3322 3899 ἵνα
3337 3845 3672 3915 άφιστῶντες
3703 3845 3838 3896 ἐαυ-

2157 3939 2283 4002 τούς
2323 3935 2430 3990 ἀπὸ
2472 3935 2580 3988 τῶν
2607 3933 2874 4004 βιωτικῶν
2919 3932 3283 4002 πραγμάτων,
3307 3933 3484 3984 πᾶσαν
3513 3929 3611 4000 τὴν
3636 3929 3839 4001 σχολὴν

2158 4027 2217 4078 ἐν
2245 4026 2359 4087 τοῖς
2396 4023 2786 4092 πνευματικοῖς
2817 4019 3213 4089 άναλίσκωμεν.
3264 4018 3350 4081 Ὠς
3381 4019 3430 4070 εί
3460 4018 3598 4088 μετὰ
3621 4017 3840 4085 νηφού-

2161 4130 2260 4182 σης
2289 4109 2527 4173 διανοίας
2559 4108 2649 4162 τὸν
2676 4105 2885 4161 ἐαυτὼν
2915 4106 3027 4177 βίον
3057 4105 3450 4176 οίκονομῶμεν,
3480 4106 3574 4158 καὶ
3605 4106 3736 4174 περὶ
3765 4103 3841 4157 τὰ

2162 4197 2507 4269 πνευματικά
2556 4197 2738 4250 πᾶσαν
2785 4194 2885 4266 τὴν
2911 4194 3104 4266 σχολὴν
3144 4191 3589 4262 ἐπιδεικνύμεθα.
3639 4193 3736 4246 καὶ
3765 4195 3838 4264 τῇ

2160 4290 2332 4360 τροφῇ
2358 4285 2500 4339 οὕτω
2561 4284 2876 4354 προσίωμεν
2916 4293 2964 4345 ο,
3008 4282 3084 4345 ὡς
3129 4283 3227 4352 τὴν
3267 4280 3456 4353 χρείαν
3501 4281 3664 4351 μόνον
3693 4279 3841 4350 πλη-

2165 4375 2312 4448 ροῦν,
2351 4374 2444 4426 καὶ
2487 4374 2544 4426 ἐν
2573 4375 2694 4435 ταῖς
2747 4369 2982 4440 ἀγαθαῖς
3031 4368 3295 4441 πράξεσιν
3344 4368 3559 4422 ἅπαντα
3603 4368 3692 4420 τὸν
3719 4366 3842 4436 βίον

2163 4461 2600 4527 καταναλίσκειν,
2629 4459 2750 4513 οὐδὲ
2783 4457 2941 4530 χρεία
2969 4460 3103 4528 ἡμῖν
3118 4453 3187 4527 ἦν
3208 4459 3306 4527 τῆς
3337 4454 3589 4526 βοηθείας
3613 4456 3712 4525 τῆς
3728 4455 3843 4508 ἀπὸ

2160 4554 2260 4623 τῆς
2297 4550 2570 4621 νηστείας.
2608 4546 2746 4600 Ἀλλ’
2776 4545 2966 4615 ἐπειδὴ
2998 4544 3239 4616 ῥᾴθυμός
3261 4545 3405 4596 ἐστιν
3437 4545 3470 4610 ὴ
3497 4541 3658 4608 φύσις
3690 4545 3724 4612 ή
3749 4543 3843 4595 ἁν-

2165 4637 2433 4709 θρωπίνη,
2486 4635 2580 4688 καὶ
2624 4635 2691 4705 τῇ
2752 4632 2935 4686 ἀνέσει
2964 4633 3057 4686 καὶ
3097 4634 3162 4701 τῇ
3190 4633 3367 4702 τρυφῇ
3406 4629 3606 4700 μᾶλλον
3635 4630 3844 4700 ἑαυτὴν

2163 4725 2463 4788 ἐπιδίδωσι,
2513 4721 2603 4775 διά
2646 4720 2806 4774 τοῦτο
2855 4719 3108 4790 καθάπερ
3139 4718 3319 4789 πατὴρ
3363 4716 3716 4786 φιλόστοργος
3737 4716 3845 4786 τὴν

2164 4811 2272 4865 ἀπὸ
2288 4811 2386 4881 τῆς
2408 4809 2659 4881 νηστείας
2698 4810 2834 4878 ἡμῖν
2863 4806 3108 4876 ἰατρείαν
3145 4805 3441 4875 ἐπενόησεν
3469 4804 3498 4855 6
3529 4802 3848 4875 φιλάνθρωο

2166 4917 2266 4962 πος
2297 4897 2592 4968 Δεσπότης,
2625 4897 2713 4949 ἵνα
2741 4895 2832 4948 καὶ
2862 4894 2932 4947 τὰ
2959 4893 3059 4963 τῆς
3085 4894 3298 4963 τρυφῆς
3319 4893 3452 4962 ἡμῖν
3478 4892 3846 4961 ἐκκόπτηται,

2166 4975 2258 5041 καὶ
2281 4986 2379 5056 τὴν
2413 4986 2540 5056 περὶ
2585 4984 2654 5037 τά
2704 4980 2934 5053 βιωτικά
2984 4980 3240 5052 φροντίδα
3301 4981 3703 5050 μεταγάγωμεν
3744 4979 3851 5032 ἐπὶ

2165 5071 2263 5145 τὴν
2305 5073 2412 5126 τῶν
2459 5070 2846 5141 πνευματικῶν
2893 5068 3176 5140 ἐργασίαν.
3220 5068 3316 5120 Ἂν
3344 5068 3522 5120 τοίνυν
3546 5062 3648 5119 ῶσί
3696 5083 3850 5130 τινες

2167 5161 2274 5214 τῶν
2308 5159 2540 5220 ἐνταῦθα
2587 5157 2874 5211 συνιόντων
2911 5155 3017 5208 ὑπὸ
3049 5154 3334 5216 ἀσθενείας
3375 5154 3696 5223 σωματικῆς
3725 5169 3849 5206 κω-

2169 5249 2436 5319 λυόμενοι,
2470 5247 2564 5300 καὶ
2602 5245 2678 5316 μὴ
2727 5243 3037 5314 δυνάμενοι,
3081 5244 3257 5296 ἄσιτοι
3288 5242 3580 5311 διαμένειν,
3628 5240 3853 5304 τούτοις

2172 5337 2420 5408 παραινῶ
2444 5336 2534 5392 καὶ
2565 5334 2664 5408 τὴν
2712 5331 2997 5387 ἀσθένειαν
3048 5331 3147 5400 τὴν
3209 5328 3526 5400 σωματικὴν
3581 5346 3850 5399 παραμυ-

2171 5424 2400 5488 θεῖσθαι,
2437 5417 2530 5478 καὶ
2555 5422 2657 5492 τῆς
2690 5419 3041 5481 διδασκαλίας
3083 5418 3288 5489 ταύτης
3324 5418 3424 5487 τῆς
3468 5416 3848 5486 πνευματικῆς

2233 5568 2262 5622 1?
2285 5568 2459 5617 Morel.
2478 5566 2600 5616 ἀλλὰ
2621 5565 2802 5629 σφόδρα
2818 5564 3116 5629 βουλόμενος,
3135 5561 3187 5610 in
3208 5561 3250 5610 al
3258 5559 3319 5629 _iis
3329 5561 3512 5623 σφόδρα
3531 5561 3691 5629 (Ῐςθξι.

2238 5620 2261 5661 δ
2289 5629 2458 5676 Morel.
2481 5629 2542 5674 τὰ
2556 5620 2836 5675 τῶν’παθῶν
2859 5620 3178 5687 σκιρτήματα,
3202 5620 3538 5673 ωἱιιιιεηειθ.
3569 5620 3694 5670 Infra
3720 5620 3847 5668 Mor.

2173 5692 2633 5756 ἐμπίμπλφρθαιιη.
2721 5748 2732 5756 .
2833 5748 2864 5756 .-
3055 5746 3066 5756 .
3145 5746 3159 5756 .
3199 5746 3219 5756 ..
3255 5745 3267 5756 .
3391 5745 3403 5756 .
3709 5745 3719 5755 ρ

2236 5754 2265 5793 σι
2283 5745 2483 5804 Coislin.
2525 5749 2648 5810 ἀλλά
2686 5748 2742 5796 τὸ
2927 5746 3102 5810 σαυτρν
3121 5745 3468 5810 ,ἐκδοὺς-καῖ...
3497 5782 3508 5792 .
3529 5745 3850 5810 παραπέμψαι

2176 5816 2310 5863 διὰ...
2335 5814 2375 5862 εἰ
2396 5814 2454 5860 δι’
2487 5813 2592 5860 ἀσθ.
2627 5809 2751 5858 Ibid.
2779 5806 2927 5858 SaVil.
2956 5815 3009 5856 et
3047 5807 3246 5858 Coislin.
3274 5808 3338 5868 μή
3361 5806 3537 5854 δύναιο.
3566 5806 3736 5854 Morel.
3789 5807 3851 5852 οὐ

2179 5876 2392 5924 δύνασαι.
2420 5875 2572 5921 Paulo
2593 5879 2704 5934 post
2728 5871 2916 5932 aliquot
2935 5883 3049 5934 mss,
3064 5886 3118 5917 σε
3141 5870 3411 5934 ἐγκαλέσαι.

2248 5936 2441 5984 oSavil.
2474 5942 2526 5982 et.
2568 5927 2787 5996 q'uiuque
2812 5927 2949 5996 'mss.
2995 5932 3121 5978 οὕτω
3161 5927 3430 5996 προσίεμεν.
3476 5928 3675 5979 Coishn.
3716 5927 3852 5975 οὕτω

2179 5999 2413 6062 προΐεμεν.
2443 5996 2612 6046 Morel.
2648 5994 2773 6043 οὕτω
2791 5994 3077 6058 προσίωμεν.
