4040 6378
271 385 333 441 8|
1425 374 1489 430 IN
1526 374 1681 430 CAP.
1724 372 1761 426 I.
1802 370 1869 427 Gl

1976 369 2049 426 ZS.
2092 370 2318 427 llOMIL.
2363 370 2429 427 Χ.
3498 381 3568 435 82

272 504 343 556 ad
373 502 637 565 humilem,
680 512 725 555 ea
767 508 1012 569 quietum,
1049 506 1096 553 et
1143 506 1431 552 tremenlem
1453 510 1707 550 sermones
1734 507 1869 547 meos

274 595 428 662 (lsai.
452 595 543 650 66.
573 593 685 663 2)?
708 592 911 648 ldcirco
934 600 989 647 et
1015 590 1261 647 Christus
1292 590 1360 644 ita
1387 587 1704 657 loquebatur
1732 603 1745 639 :
1778 585 1874 639 Di-

270 692 398 741 scite
424 704 457 739 a
478 702 557 738 me
579 687 701 751 quia
726 685 862 738 mitts
882 699 1017 749 sum,
1039 689 1085 740 et
1105 681 1312 739 humilis
1338 678 1511 743 corde,
1533 688 1581 733 et
1607 677 1870 735 invenietis

272 779 498 847 requiem
539 778 805 831 animabus
844 776 1021 836 vestris
1047 773 1264 847 (Matth.
1291 775 1379 832 il.
1427 771 1545 843 29).
1597 770 1729 825 Nam
1779 767 1872 840 qui

250 885 405 943 ivere
433 870 672 939 seipsum
704 868 967 933 humiliat,
990 881 1277 937 numquam
1301 868 1496 936 poterit
1520 865 1595 918 ira
1625 876 1868 918 commo-

251 957 413 1029 'veri,
446 973 503 1019 et
534 964 781 1032 proximo
817 976 1157 1024 succensere,
1186 960 1362 1015 anima
1388 958 1503 1029 ejus
1539 958 1593 1012 in
1622 956 1703 1011 sui
1741 970 1873 1009 con-

274 1054 606 1111 sideratioac
658 1062 917 1123 occupata
973 1061 1028 1108 et
1078 1053 1215 1111 intra
1270 1051 1501 1120 seipsam
1574 1047 1865 1103 humiliata.

277 1146 469 1200 Anima
497 1155 679 1209 autem
706 1162 824 1216 quae
849 1146 926 1201 sic
951 1160 1010 1200 se
1043 1144 1223 1209 habet,
1253 1142 1380 1213 quid
1412 1156 1531 1196 esse
1562 1140 1731 1210 possit
1749 1140 1873 1193 bea-

278 1239 424 1293 tius?
449 1238 786 1308 Quicumque
808 1239 929 1303 talis
956 1248 1059 1302 est,
1089 1238 1134 1293 is
1167 1246 1320 1307 portu
1345 1238 1601 1291 continuo
1623 1232 1775 1289 sedet
1803 1232 1871 1286 ab

277 1332 423 1386 omni
449 1340 772 1402 tempestate
810 1332 965 1397 liber,
995 1340 1052 1387 et
1078 1330 1376 1385 oblectatur
1410 1330 1462 1383 in
1490 1326 1871 1399 cogitationum

278 1425 683 1497 tranquillitate.
741 1425 863 1485 Ideo
913 1424 1158 1480 Christus
1187 1422 1451 1479 dicebat:
1502 1420 1569 1474 Et
1616 1419 1873 1474 invenietis

277 1518 499 1589 requiem
524 1516 793 1571 animabus
820 1517 1014 1575 vestris.
1052 1515 1233 1585 Itaque
1276 1515 1413 1569 sicut
1440 1513 1529 1585 qtti
1559 1512 1874 1566 all'ectiones

277 1611 397 1665 illas
420 1610 621 1681 sOpivit
647 1611 813 1664 multa
838 1609 1022 1680 requie
1047 1608 1258 1669 fruitur,
1287 1607 1358 1661 ita
1378 1606 1533 1661 deses
1555 1614 1610 1660 et
1627 1602 1869 1671 supinus,

278 1713 332 1759 et
356 1703 445 1773 qui
465 1701 652 1772 nequit
671 1701 893 1765 allectus
921 1716 1048 1755 suos
1075 1709 1134 1755 ut
1160 1699 1315 1755 decet
1357 1699 1647 1761 tnoderari,
1674 1712 1870 1768 perpe-

278 1804 372 1849 tuo
398 1792 895 1865 perturbationibus
918 1791 1180 1858 obnoxius
1209 1800 1311 1856 est,
1360 1790 1506 1844 domi
1550 1788 1746 1844 bellum
1778 1787 1873 1841 ha-

275 1890 388 1954 bet,
429 1890 649 1945 nemine
689 1895 954 1959 praeseate
985 1887 1246 1953 turbatur,
1296 1894 1351 1941 et
1379 1899 1596 1955 gravem
1643 1882 1874 1937 sustinet

278 1992 653 2052 tempestatem
699 1999 712 2034 :
751 1990 1033 2051 propterea
1076 1979 1325 2047 ﬂuctibus
1368 1992 1428 2034 se
1469 1974 1867 2040 extollentibus,

276 2085 333 2129 et
358 2074 728 2129 exorientibus
783 2073 1045 2140 malorum
1088 2071 1373 2141 Spirituum
1422 2067 1694 2139 procellis,
1726 2082 1872 2135 sirpe

278 2166 401 2222 navi
430 2166 504 2221 ob
530 2165 849 2235 imperitiam
871 2163 1243 2235 gubernatoris
1267 2163 1535 2227 demersa,
1566 2161 1726 2215 simul
1756 2161 1871 2229 ipse

275 2263 659 2330 subtnergitur.
687 2260 915 2315 Proinde
943 2260 1099 2315 decet
1138 2274 1237 2315 nos
1264 2273 1388 2314 esse
1422 2257 1634 2313 sobrios
1666 2264 1723 2311 et
1744 2255 1874 2325 vigi-

279 2356 381 2421 les,
438 2365 496 2410 et
535 2364 851 2425 perpetuam
901 2353 1399 2422 indesinentemque
1445 2352 1638 2406 anima:
1673 2359 1871 2405 nostra:

277 2448 692 2503 sollicitudinem
735 2446 953 2500 habere.
996 2444 1283 2503 Christiani
1311 2446 1455 2500 enim
1490 2451 1574 2499 est
1616 2442 1873 2497 adversus

276 2540 746 2609 concupiscentias
789 2538 968 2592 carnis
1005 2552 1221 2607 semper
1266 2537 1321 2595 in
1365 2537 1481 2590 acie
1510 2542 1675 2599 stare,
1724 2533 1871 2603 leges

276 2634 489 2689 Domini
516 2633 685 2687 nostri
732 2632 887 2691 nobis
916 2631 1066 2685 datas
1094 2645 1307 2701 semper
1332 2629 1537 2686 habere
1553 2636 1868 2698 prmsentes,

278 2738 331 2783 et
362 2727 448 2782 his
478 2727 673 2781 muniri
700 2735 862 2795 atque
893 2726 1033 2783 illius
1059 2724 1337 2781 tolerantia
1360 2739 1465 2779 non
1498 2723 1667 2787 abuti,
1696 2735 1871 2792 neque

275 2828 611 2890 exspectare,
643 2819 815 2873 donec
842 2834 901 2873 re
940 2819 1055 2888 ipsa
1083 2818 1176 2873 ira:
1204 2817 1345 2872 illius
1381 2817 1672 2887 periculum
1712 2814 1873 2869 facias

275 2930 417 2977 mus,
472 2924 529 2966 ut
557 2922 683 2967 tunc
724 2911 1087 2976 lmmiliemur,
1126 2918 1183 2965 ut
1227 2925 1295 2964 ne
1329 2917 1385 2964 et
1424 2908 1490 2963 de
1536 2908 1689 2963 nobis
1727 2909 1871 2961 dica-

278 3014 382 3071 tur,
428 3002 560 3057 Cum
603 3002 847 3057 occideret
888 3018 993 3071 eos,
1038 3010 1157 3059 tunc
1194 3000 1507 3071 inquirebant
1544 3016 1657 3053 eum
1687 2997 1867 3072 (Psal.

275 3097 367 3152 77.
398 3098 465 3152 ’δι
494 3097 538 3169 ).

345 3191 610 3262 Confessio
636 3200 974 3259 peccatorum.
996 3221 1065 3231 —
1090 3189 1222 3245 Cum
1253 3188 1744 3260 igituradjumcnto
1773 3206 1870 3243 no-

276 3283 360 3340 bis
386 3300 531 3339 nunc
544 3284 617 3339 sit
631 3283 821 3353 jejunii
852 3292 1084 3353 tempus,
1112 3282 1396 3347 carissimi,
1419 3295 1609 3337 omnes
1637 3281 1702 3335 ad
1734 3296 1869 3335 cou-

275 3378 567 3433 l'essionem
618 3388 960 3447 peccatorum
1005 3386 1308 3432 nostrorum
1352 3376 1681 3439 festinemus,
1723 3375 1871 3430 etab

274 3471 422 3527 omni
443 3470 648 3525 malitia
665 3470 1015 3535 abstinentes,
1037 3482 1383 3525 exerceamus
1409 3468 1633 3523 virtutes
1656 3481 1865 3521 omnes.

275 3562 407 3617 Nam
430 3562 509 3617 sic
528 3573 587 3617 et
611 3562 799 3616 beatus
835 3561 1093 3632 propheta
1125 3560 1286 3626 David
1333 3559 1493 3618 docet
1531 3559 1619 3614 his
1644 3559 1822 3614 verbis
1851 3577 1865 3614 :

277 3653 495 3709 Declina
521 3671 556 3707 α
586 3654 742 3718 malo,
767 3664 815 3708 et
844 3654 925 3722 fac
948 3652 1134 3707 bonum
1178 3652 1347 3725 (Psal.
1375 3654 1470 3709 56.
1494 3653 1608 3723 27).
1640 3650 1790 3718 Quod
1821 3652 1867 3706 si

276 3748 330 3802 in
364 3749 510 3803 hunc
542 3748 760 3802 modum
784 3749 945 3801 vitam
970 3757 1207 3802 nostram
1234 3746 1641 3812 instituerimus,
1664 3756 1718 3801 et
1746 3746 1870 3799 abs-

276 3840 517 3896 tinentia:
550 3841 791 3896 ciborum
812 3842 1235 3895 alistinentiama
1263 3840 1404 3895 vitiis
1439 3840 1865 3907 adjnnxerimus,

274 3933 576 4001 poterimus
597 3941 652 3987 et
681 3947 782 3986 nos
812 3933 1001 4001 majori
1028 3932 1215 3987 ﬁducia
1246 3933 1369 3999 frui,
1408 3941 1462 3986 et
1504 3930 1805 3986 uberiorem
1835 3947 1864 3985 a

276 4024 389 4080 Deo
414 4025 796 4096 benignitatem
833 4025 1075 4081 obtinere
1112 4035 1167 4081 et
1193 4026 1246 4081 in
1297 4026 1543 4096 praesenti
1574 4027 1700 4089 vita,
1730 4034 1785 4081 et
1812 4026 1866 4080 in

275 4116 457 4171 futuro
477 4118 570 4171 illo
608 4117 697 4173 die
737 4118 981 4185 terribili,
1014 4118 1265 4189 precibus
1292 4127 1347 4173 et
1397 4120 1867 4173 intercessionibus

274 4225 463 4264 eorum
492 4211 585 4278 qui
616 4210 714 4280 ipsi
760 4212 990 4265 maxime
1036 4211 1347 4280 placuerunt
1390 4229 1403 4265 :
1434 4212 1602 4282 gratia
1633 4221 1687 4266 et
1716 4212 1867 4266 beni-

274 4302 479 4370 gnitate
533 4301 743 4357 Domini
786 4302 951 4356 noStri
978 4301 1106 4358 Jesu
1141 4300 1359 4368 Christi,
1412 4318 1533 4357 cum
1576 4317 1684 4373 quo
1724 4303 1866 4357 Patri

274 4395 436 4448 simul
466 4404 521 4451 et
542 4394 759 4464 Spiritui
776 4403 962 4449 sancto
980 4395 1051 4450 sit
1069 4395 1257 4465 gloria,
1305 4395 1608 4465 imperium,
1648 4397 1818 4450 honor
1845 4437 1863 4463 ,

278 4501 420 4542 nunc
461 4497 515 4542 et
567 4501 801 4557 semper,
853 4496 908 4542 et
959 4487 1011 4541 in
1060 4487 1256 4543 omenta
1283 4487 1625 4543 aemulorum.
1664 4489 1861 4543 Amen.

880 4666 1158 4723 HOMILIA
1208 4666 1274 4721 Χ.

282 4843 592 4901 Exhortatio
612 4842 678 4897 ad
706 4857 799 4898 eos
822 4856 959 4914 quos
983 4842 1143 4913 pudet
1163 4854 1284 4914 post
1301 4844 1759 4914 cibumsumptum
1780 4860 1868 4899 ae-

348 4936 543 4989 ct-dcrc
581 4934 647 4987 ad
687 4935 999 4990 concionem
1030 4936 1408 5005 vespertinam,
1431 4943 1485 4990 et
1526 4937 1577 4990 itt
1608 4937 1867 5006 reliquum

350 5037 553 5081 textum
601 5034 741 5096 post,
769 5025 1042 5080 Faciamus
1089 5027 1340 5086 hominem
1384 5026 1661 5082 secundum
1689 5029 1871 5097 imagi-

350 5136 465 5173 nem
493 5128 740 5183 nostram,
782 5126 829 5172 et
858 5118 1134 5172 secundum
1183 5118 1562 5173 similitudinem
1608 5119 1761 5189 (Gen.
1814 5122 1867 5175 l.

348 5213 484 5282 26);
515 5223 571 5267 et
598 5213 666 5267 de
696 5212 777 5267 his
798 5212 995 5275 verbis,
1038 5211 1106 5267 Et
1149 5212 1266 5281 fecit
1290 5212 1425 5267 Deus
1464 5213 1759 5278 hominem;
1784 5231 1867 5268 se-

350 5305 572 5358 cundum
613 5304 883 5374 imaginem
939 5302 1032 5358 Dei
1079 5304 1198 5373 fecit
1251 5304 1442 5371 illum;
1493 5306 1775 5360 masculum
1819 5315 1868 5361 et

352 5397 593 5466 feminam
620 5396 736 5464 fecit
758 5393 996 5467 illos(lb.
1028 5410 1077 5451 υ.
1102 5395 1228 5465 27).

354 5598 406 5650 1.
431 5597 601 5650 Minor
622 5596 779 5651 hodie
809 5597 961 5651 nobis
987 5606 1279 5652 conventus
1297 5597 1483 5665 adest,
1510 5608 1564 5653 et
1591 5600 1871 5669 angustius

279 5688 658 5743 conﬂuentium
675 5690 959 5744 theatrum.
982 5690 1176 5757 Cur,et
1195 5706 1297 5761 qua
1321 5692 1553 5745 dorausa
1573 5693 1873 5748 ?Fortassis

283 5788 346 5838 at:
372 5784 439 5854 ιυί
466 5787 791 5840 crubucrunt
817 5827 832 5854 ,
858 5793 977 5855 post
1002 5786 1305 5842 seusibilem
1346 5801 1584 5842 mensam
1626 5787 1692 5842 ad
1719 5787 1873 5857 spiri-

1980 487 2123 542 tuale
2150 489 2251 543 hoc
2272 490 2451 544 venire
2471 490 2792 557 convivium,
2816 500 2870 546 et
2897 490 3011 548 haec
3052 492 3182 562 ipsis
3206 504 3287 549 est
3312 496 3569 553 absentia:

1975 595 2134 635 causa
2170 600 2185 636 :
2211 581 2305 635 sed
2346 582 2563 637 audiant
2592 586 2887 652 sapientem
2917 587 3203 655 quemdam
3251 588 3516 645 dicentem
3544 609 3567 646 .:

1978 672 2075 731 Est
2100 674 2330 745 confusio
2358 691 2470 746 qua
2492 675 2685 733 inducit
2710 688 2985 746 percolunt,
3014 687 3154 735 etest
3179 683 3411 751 confusio
3456 682 3567 753 glo-

1977 767 2055 826 ria
2079 778 2126 821 et
2149 769 2314 843 gratia
2340 769 2531 836 (Eccli.
2553 771 2606 824 4.
2624 770 2736 841 25).
2757 771 2873 825 Non
2891 781 2970 826 cst
2989 773 3303 829 confusione
3323 774 3408 845 dig
3419 793 3568 841 nutn,

1976 880 2102 920 eum
2132 865 2223 934 qui
2244 867 2539 935 corporalis
2581 885 2779 923 nttnsa:
2831 872 3097 941 particeps
3127 872 3246 941 fuit,
3288 873 3356 929 ad
3405 875 3568 945 spiri-

1977 957 2120 1011 tuale
2160 959 2461 1013 convivium
2505 960 2705 1015 venire.
2737 961 2851 1015 hau
2902 964 3043 1016 enim
3075 974 3132 1018 ut
3160 964 3405 1026 humanae
3457 982 3575 1034 res,

1981 1049 2053 1102 ita
2080 1056 2135 1104 et
2163 1050 2467 1119 spirituales
2494 1052 2729 1107 delinitis
2759 1055 3086 1123 temporibus
3129 1056 3393 1113 distincta.-
3423 1069 3569 1113 situt.

1978 1138 2225 1195 Sermoni
2270 1142 2412 1196 enim
2441 1143 2700 1211 spirituali
2731 1160 2890 1201 omne
2929 1146 3035 1201 diei
3070 1156 3277 1218 tempus
3317 1149 3568 1211 idoneum

1978 1231 2155 1298 fuerit,
2186 1242 2238 1287 et
2260 1233 2384 1303 quid
2406 1234 2525 1289 dico
2540 1234 2644 1290 dici
2670 1237 3109 1308 tempus?Neque
3130 1241 3173 1293 si
3202 1256 3307 1301 nox
3334 1242 3565 1312 ingruat,

1977 1325 2305 1395 spiritualem
2344 1326 2639 1383 doctrinam
2672 1329 2912 1399 impedit.
2961 1330 3247 1401 Propterea
3293 1342 3347 1387 et
3385 1334 3561 1388 Timo-

1979 1417 2107 1473 theo
2147 1418 2262 1475 hate
2308 1420 2572 1476 scribebat
2614 1421 2811 1476 Paulus
2867 1440 2880 1476 :
2933 1422 3082 1477 lnsta
3126 1434 3426 1493 opporfune,
3467 1426 3569 1477 im-

1980 1519 2195 1581 portune
2219 1528 2239 1566 :
2260 1529 2436 1583 argue,
2487 1513 2714 1584 increpa,
2746 1514 2948 1569 obsecra
2980 1516 3058 1584 (Ξ.
3092 1515 3224 1579 Tim.
3279 1520 3332 1572 4.
3390 1519 3466 1586 2).
3501 1519 3570 1574 Et

1979 1604 2170 1658 iterum
2216 1604 2338 1658 audi
2394 1606 2603 1660 beatum
2656 1606 2855 1662 Lucam
2911 1606 3177 1669 dicentem
3227 1627 3240 1662 :
3305 1608 3567 1665 Discessu-

1978 1714 2065 1752 rus
2090 1699 2309 1752 crastino
2350 1697 2550 1753 Paulus
2573 1717 2606 1752 a
2637 1700 2852 1764 Troade,
2886 1701 3158 1759 disserebat
3184 1703 3274 1766 eis,
3305 1710 3355 1763 et,
3376 1718 3567 1761 sermo-

1978 1804 2092 1841 nem
2129 1790 2369 1859 produxit
2412 1808 2565 1861 usque
2592 1792 2660 1844 ad
2685 1792 2903 1846 mediam
2942 1804 3138 1848 noctem
3189 1792 3322 1865 (Act.
3351 1795 3443 1851 20.
3473 1794 3565 1863 Ἰ).

1978 1879 2242 1952 Numquid
2281 1892 2487 1952 tempus
2515 1883 2728 1938 obfuit?
2757 1884 2862 1953 dic,
2913 1900 3128 1956 quaeso;
3162 1902 3285 1940 num
3310 1885 3570 1943 doctrina

1978 1988 2284 2028 sermonem
2339 1976 2616 2045 praecidit?
2679 1976 2918 2047 Vigilaus
2968 1987 3026 2031 et
3075 1986 3311 2032 attentus
3359 1977 3570 2031 auditor

1977 2066 2137 2122 etiam
2169 2082 2415 2136 pransus,
2461 2068 2565 2124 hoc
2610 2070 2872 2139 spirituali
2916 2081 3181 2125 conventu
3226 2070 3417 2141 dignus
3444 2081 3567 2132 est;

1981 2158 2200 2229 parique
2228 2160 2390 2215 modo
2418 2161 2641 2230 supinus
2664 2171 2719 2216 ct
2743 2160 2920 2225 deses,
2970 2162 3184 2222 etiamsi
3201 2161 3421 2232 jejunus
3449 2178 3569 2231 per-

1978 2260 2212 2317 maneat,
2243 2251 2372 2305 nihil
2400 2252 2520 2307 inde
2551 2253 2791 2307 utilitatis
2818 2253 3015 2323 capiet.

2049 2342 2131 2395 Ad
2176 2342 2464 2411 spiritualia
2510 2343 2763 2413 quomodo
2801 2344 3161 2401 accedendum.
3208 2374 3282 2385 —
3332 2345 3397 2407 Et
3450 2344 3563 2397 lucu

1977 2433 2119 2500 dico,
2166 2450 2272 2489 non
2324 2444 2382 2489 ut
2425 2435 2612 2505 jejunii
2661 2435 2889 2505 rigorem
2928 2435 3169 2496 solvam;
3215 2436 3390 2500 absit;
3443 2453 3563 2495 nam

1977 2529 2205 2583 multum
2244 2528 2402 2583 laudo
2431 2530 2705 2599 proboque
2721 2529 3023 2599 jejunantes
3057 2548 3070 2584 :
3100 2528 3195 2584 sed
3229 2538 3285 2584 ut
3313 2529 3555 2591 doceam,

1976 2619 2157 2675 sobrio
2185 2620 2414 2691 quodam
2449 2623 2650 2687 animo,
2702 2637 2805 2675 non
2849 2622 3259 2689 consuetudine,
3314 2622 3381 2676 ad
3408 2623 3566 2691 spiri-

1978 2713 2138 2769 tualia
2165 2728 2287 2768 esse
2312 2712 2691 2768 accedendum.
2718 2712 2833 2766 Non
2859 2714 3001 2767 enim
3032 2723 3186 2782 turpe
3231 2713 3408 2779 fuerit,
3439 2730 3561 2769 eum

1976 2804 2067 2876 qui
2092 2806 2269 2859 cibum
2300 2817 2453 2861 antea
2498 2806 2721 2874 accepit,
2750 2806 2936 2859 adesse
2974 2806 3236 2873 Spirituali
3284 2806 3567 2875 doctrina;

1976 2897 2067 2958 sed
2098 2896 2288 2966 ignavo
2316 2900 2494 2952 animo
2523 2898 2732 2961 adesse,
2766 2909 2820 2953 et
2854 2898 2922 2951 ab
2962 2898 3330 2954 aliectionibus
3359 2903 3562 2965 vexari,

1975 3000 2035 3053 et
2053 2992 2228 3047 Carnis
2253 2992 2495 3046 lascivias
2527 2992 2541 3022 ¹
2572 3008 2677 3045 non
2707 2992 3080 3061 comprimere.
3109 2991 3225 3046 Non
3255 2993 3451 3045 malum
3482 3004 3564 3045 est

1975 3082 2285 3148 comedere;
2316 3083 2487 3140 absit:
2521 3084 2616 3138 sed
2662 3084 2783 3153 gula
2828 3082 3081 3137 danmosa
3110 3092 3213 3149 est,
3260 3093 3315 3139 ct
3356 3084 3562 3155 impleri

1976 3174 2096 3244 plus
2124 3190 2295 3245 quam
2324 3175 2476 3241 satis,
2508 3190 2571 3229 ac
2598 3174 2935 3244 disrumpere
2984 3186 3225 3229 ventrem
3280 3192 3292 3229 :
3343 3175 3391 3228 id
3421 3177 3560 3243 quod

1976 3266 2142 3334 ipsum
2161 3267 2319 3329 etiam
2347 3266 2511 3332 illam,
2531 3282 2648 3336 qum
2674 3282 2740 3321 ex
2759 3267 2878 3321 cibo
2896 3266 3078 3321 haberi
3102 3276 3294 3335 potest,
3321 3266 3565 3336 volupta-

1975 3369 2081 3414 tem
2111 3359 2366 3428 ollendit;
2396 3360 2845 3430 quemadmodum
2897 3360 3027 3414 nihil
3067 3361 3190 3414 mali
3241 3370 3343 3425 est,
3380 3361 3560 3413 vinum

1974 3453 2039 3507 ad
2080 3466 2384 3517 mensuram
2414 3451 2616 3522 bibere,
2644 3452 2739 3511 sed
2776 3452 3018 3513 ebrietati
3069 3466 3128 3506 se
3155 3451 3369 3514 dedere.
3401 3461 3455 3504 et
3483 3452 3563 3504 in-

1975 3546 2323 3615 temperantia
2367 3545 2625 3614 judicium
2675 3545 2895 3606 rationis
2938 3545 3266 3599 snbtertere.
3310 3545 3559 3607 Etenim,

1974 3639 2203 3705 dilecte,
2227 3638 2271 3691 si
2297 3637 2367 3692 ob
2395 3638 2635 3704 corporis
2664 3635 3080 3699 imbecillitatem
3112 3652 3215 3689 non
3245 3646 3395 3703 potes
3417 3634 3558 3705 jeju-

1973 3745 2073 3785 nus
2101 3729 2241 3789 diem
2265 3729 2791 3797 producereLnullus
2815 3728 2903 3797 qui
2930 3729 3101 3798 sapiat
3132 3740 3346 3798 propter
3376 3728 3478 3783 hoc
3510 3741 3561 3785 te

1971 3837 2195 3892 arguere
2225 3820 2435 3890 poterit.
2460 3820 2740 3878 Dominum
2767 3820 2910 3875 enim
2941 3819 3198 3874 habemus
3218 3830 3556 3874 mansuetum

1971 3930 2035 3970 ac
2056 3915 2361 3985 benignum,
2386 3923 2441 3976 et
2462 3912 2593 3967 nihil
2623 3928 2781 3982 supra
2808 3915 2951 3967 vires
2979 3921 3188 3977 nostras
3209 3927 3242 3976 λ
3270 3913 3424 3966 nobis
3444 3913 3560 3966 exi-

1970 4021 2204 4080 gentem.
2234 4008 2415 4079 Neque
2440 4009 2583 4069 enim
2630 4009 3004 4064 abstinentiam
3030 4024 3061 4061 a
3089 4009 3222 4072 cibis
3248 4018 3302 4063 et
3327 4007 3557 4062 inediam

1970 4101 2285 4170 simpliciter
2307 4117 2349 4160 a.
2366 4102 2521 4159 nobis
2540 4101 2725 4171 exigit,
2759 4116 2931 4171 neque
2954 4100 3057 4159 hoc
3082 4100 3276 4169 ipsum,
3311 4110 3369 4154 ut
3388 4100 3556 4169 jejuni

1972 4192 2310 4250 solummodo
2335 4206 2760 4262 pcrmaneamus,
2789 4191 2885 4247 sed
2924 4201 3031 4246 uta
3057 4191 3398 4251 saecularibus
3427 4206 3559 4261 ope-

1970 4286 2122 4341 ribus
2150 4301 2248 4340 nos
2272 4285 2605 4353 abdicantes,
2634 4301 2795 4341 omne
2829 4294 3069 4341 nostrum
3099 4286 3264 4339 otium
3296 4286 3351 4340 in
3402 4286 3559 4355 spiri-

1972 4377 2203 4434 tualibus
2242 4393 2637 4433 consumamus.
2692 4377 2822 4433 Nam
2868 4378 2911 4434 si
2962 4378 3138 4436 sobria
3186 4386 3365 4433 mente
3395 4379 3554 4432 vitam

1971 4479 2207 4528 nostram
2238 4470 2663 4531 institueremus,
2680 4478 2736 4526 et
2762 4470 3020 4541 quidquid
3041 4470 3143 4526 otii
3163 4469 3343 4535 datur,
3366 4469 3419 4522 in
3446 4471 3559 4539 spi-

1972 4561 2178 4616 ritualia
2204 4562 2634 4631 impendet-emus
2667 4579 2680 4616 :
2711 4570 2767 4617 et
2795 4562 2945 4617 cibos
2992 4562 3065 4617 ita
3108 4576 3467 4628 sumeremus,
3500 4570 3560 4614 nt

1973 4665 2179 4723 tantum
2230 4672 2585 4723 sumeremus,
2628 4666 2885 4726 quantum
2936 4671 3064 4711 usus
3101 4656 3289 4727 exigit,
3318 4664 3373 4710 et
3392 4655 3560 4709 vitam

1975 4757 2139 4803 totam
2191 4748 2257 4803 in.
2285 4748 2437 4805 bonis
2456 4747 2709 4819 operibus
2752 4745 3207 4816 dispensaremus,
3249 4745 3361 4815 jam
3409 4744 3557 4798 nulli:

1972 4856 2108 4910 opus
2153 4850 2296 4899 esset
2338 4855 2403 4894 es
2439 4838 2658 4910 jejuniis
2701 4839 3031 4908 adjumento.
3082 4837 3188 4894 Sed
3233 4838 3355 4907 quia
3386 4836 3558 4906 negli.

1972 4948 2103 5003 gens
2147 4942 2231 4987 est
2256 4933 2484 4987 lmmana
2523 4944 2733 4997 natura,
2785 4944 2837 4987 et
2875 4931 3079 4987 deliciis
3113 4931 3340 5001 gaudet,
3394 4940 3447 4986 et
3468 4945 3556 4984 re-

1976 5026 2270 5081 laxationes
2296 5027 2485 5096 qua-rit
2513 5044 2526 5080 :
2557 5026 2755 5080 idcirco
2780 5034 3047 5095 tamquam
3075 5023 3141 5076 ad
3170 5036 3406 5077 amorem
3429 5038 3528 5090 pro
3547 5051 3560 5062 -

1976 5118 2040 5172 lis
2071 5132 2364 5186 propensus
2392 5125 2540 5184 pater
2555 5116 2797 5170 clemens
2824 5113 3077 5167 Dominus
3100 5111 3238 5167 hanc
3264 5127 3339 5165 ex.
3357 5108 3559 5180 jejunis

1974 5208 2291 5264 medicinam
2319 5208 2654 5278 excogitavit,
2687 5215 2745 5260 ut
2772 5215 2826 5259 et
2847 5204 3072 5259 delicata
3100 5218 3131 5257 e
3168 5201 3346 5261 medio
3366 5202 3559 5257 ιυιιωι-

1976 5310 2062 5357 tur
2086 5311 2143 5357 et
2162 5301 2495 5357 srecularium
2523 5315 2703 5353 curam
2723 5297 2788 5351 ad
2817 5296 3113 5365 spiritualia
3138 5309 3301 5364 opera
3323 5293 3559 5349 tronsfe~

1976 5411 2175 5451 ramus.
2204 5395 2259 5450 Si
2283 5394 2442 5463 igitur.
2462 5403 2587 5448 sunt
2615 5390 2776 5460 aliqui
2806 5397 3117 5460 praesentes,
3148 5401 3285 5457 quos
3312 5386 3559 5453 corporis

1975 5498 2119 5542 vetat
2140 5488 2421 5541 inlirmitas
2440 5485 2652 5554 jejunus
2679 5494 2732 5537 ct
2766 5482 3064 5553 impransos
3108 5491 3441 5550 permanere.
3465 5487 3560 5528 eos

1976 5578 2161 5633 hortor
2206 5585 2261 5631 ut
2286 5576 2525 5645 corporis
2562 5574 2920 5631 infirmitatem
2965 5578 3175 5635 curent,
3204 5578 3258 5624 ct
3297 5565 3557 5637 spirituali

2018 5735 2057 5766 ’¹
2095 5733 2167 5783 sic
2189 5746 2375 5784 omnes.
2418 5740 2596 5793 prmter
2620 5731 2779 5783 Morel.
2806 5730 2886 5797 qui
2922 5728 3091 5790 habet,
3132 5726 3383 5779 libidinum
3418 5721 3561 5775 lascio

1944 5838 1952 5847 .
1976 5797 2090 5856 rius,
2116 5798 2274 5852 minus
2297 5803 2451 5848 recte.
