4040 6378
450 406 516 460 33
1193 399 1250 455 S.
1289 399 1563 457 JO.\.\'NIS
1586 396 2036 455 CIIRYSOSTOM

2149 395 2419 451 RCIIIEP.
2459 393 2990 451 CONSTANTINOP.
3660 398 3726 452 84

446 523 546 573 huc
569 516 807 572 doctrina
839 530 942 570 non
982 514 1152 570 solum
1186 529 1290 568 non
1330 513 1626 584 priventur,
1654 512 1747 568 scd
1766 522 1820 567 et
1842 511 2018 582 pransi

447 612 565 680 plus
593 609 879 665 exhibeant
902 608 1083 663 studii.

515 703 572 756 9..
609 701 718 756 Via:
773 700 984 754 diversis
1038 700 1221 771 quibus
1275 699 1370 753 Dei
1408 698 1747 754 benevolentia
1813 696 2037 763 acquiri-

443 806 544 871 tur,
577 823 649 832 -—
673 792 807 865 Sunt
835 793 1002 863 enim,
1048 801 1172 846 sunt
1201 790 1444 867 profecto
1470 792 1568 849 vita
1616 790 1807 860 quibus
1836 787 2039 841 ﬁducia:

442 888 505 942 ad
543 888 708 963 Deum
731 888 908 956 jantuc
930 887 1122 956 aperiri
1155 895 1399 954 possunt,
1433 885 1603 938 multo
1627 882 1859 951 majores
1879 896 2036 949 quam

445 980 687 1033 ciborum
714 979 1057 1042 abstinentia.
1092 978 1253 1049 Igitur
1279 978 1366 1046 qui
1407 978 1580 1030 cibum
1608 974 1803 1043 accipit
1825 972 2039 1041 etjcju-

450 1087 578 1125 nare
624 1087 729 1124 non
758 1071 917 1133 valet,
951 1070 1232 1141 largiorem
1265 1069 1355 1123 det
1383 1068 1802 1136 clecmosynam,
1832 1064 2042 1118 ferven-

451 1166 552 1217 Iior
578 1165 649 1219 sit
678 1164 732 1218 in
761 1163 1026 1233 precibus,
1084 1162 1342 1231 majorem
1379 1161 1572 1216 habeat
1610 1160 1939 1215 alacritatem
1986 1156 2038 1211 in

450 1256 729 1319 audiendis
745 1256 938 1319 divinis
964 1256 1212 1336 eloquiis,
1235 1255 1285 1308 in
1301 1254 1492 1325 quibus
1504 1252 1743 1325 corporis
1764 1250 2043 1305 inﬁrmitas

452 1348 583 1401 nihil
633 1348 848 1419 obstare
902 1356 1076 1415 potest
1107 1364 1119 1398 :
1154 1346 1382 1401 inimicis
1420 1343 1793 1409 reconcilietur
1816 1382 1833 1408 ,
1880 1356 2041 1396 omne

449 1439 630 1516 oditttn
657 1448 708 1492 et
743 1437 987 1491 vindictae
1014 1435 1356 1505 cupiditatem
1397 1451 1462 1491 ex
1482 1434 1661 1488 animo
1695 1434 1953 1488 eliminet.
1985 1431 2042 1486 Si

453 1533 565 1607 Incc
591 1531 792 1593 fecerit,
822 1545 1006 1583 verum
1042 1529 1303 1599 jejunavit
1322 1528 1605 1598 jejunium,
1657 1526 1801 1597 quod
1826 1541 1855 1579 a
1887 1524 2043 1590 nobis

457 1624 791 1690 potissimum
819 1622 1060 1691 exposcit
1080 1620 1357 1675 Dominus.
1381 1620 1666 1689 Propterea
1684 1618 1825 1673 enim
1852 1616 1992 1671 hanc
2011 1632 2041 1670 a

452 1715 587 1768 cibis
612 1715 988 1768 abstinentiam
1019 1712 1262 1767 adhiberi
1303 1711 1566 1782 praecipit,
1604 1719 1666 1765 ut
1708 1709 2042 1764 refrenantes

452 1806 629 1859 carnis
660 1805 926 1872 lascivias,
954 1820 1071 1859 eam
1093 1804 1476 1873 obsequentem
1498 1800 1787 1857 reddamus
1806 1800 1873 1855 ad
1891 1815 2043 1854 man-

452 1898 575 1968 data
603 1896 699 1951 Dei
728 1895 1017 1965 implenda.
1045 1894 1195 1963 Quod
1223 1894 1269 1949 si
1295 1895 1365 1949 ob
1395 1893 1763 1948 inﬁrmitatem
1801 1892 2043 1960 corporis

452 1988 743 2061 subsidium
768 1988 888 2053 hoc,
919 1988 1058 2058 quod
1078 1986 1340 2057 jejunium
1368 1994 1585 2056 prmstat
1606 1984 1759 2039 nobis
1787 1983 2043 2039 adbibere

454 2083 718 2145 nolumus,
746 2090 799 2135 et
828 2080 1046 2147 desidiae
1074 2080 1367 2144 deditiores
1397 2092 1603 2143 sumus,
1628 2077 1859 2130 maxima
1888 2075 2042 2131 nobis

455 2173 582 2245 ipsis
606 2173 799 2227 damna
828 2172 1193 2245 imprudentes
1217 2170 1507 2225 offerimus.
1532 2168 1662 2241 Nam
1688 2169 1733 2221 si
1753 2167 2035 2236 jejunium,

454 2248 764 2320 absentibus
790 2265 908 2333 aliis
936 2263 1201 2334 prmdictis
1228 2263 1503 2332 operibus,
1533 2260 1667 2314 nihil
1701 2260 1855 2315 nobis
1881 2258 2043 2329 prod-

452 2368 559 2431 pst,
590 2360 757 2413 multo
794 2360 983 2435 magis,
1011 2359 1055 2412 si
1086 2357 1413 2427 cumjejunii
1461 2356 1752 2425 pharmace
1800 2355 1875 2409 uti
1931 2370 2039 2408 non

457 2449 759 2530 possimus,
817 2450 1116 2527 graviorem
1185 2447 1560 2518 negligentiam
1620 2446 2036 2503 cxhibucrimus.

459 2540 581 2614 ilice
606 2550 785 2599 autem
811 2556 933 2610 cum
957 2556 987 2594 a
1017 2541 1176 2607 nobis
1217 2540 1535 2615 didiceritis,
1564 2554 1782 2594 oramus
1811 2554 1928 2607 vos,
1950 2539 2042 2611 qui

451 2634 694 2708 jejunare
716 2634 923 2699 valetis,
950 2643 1008 2688 ut
1030 2635 1128 2704 ipsi
1155 2645 1411 2704 quantum
1452 2636 1715 2705 poteritis,
1761 2634 1956 2690 bonam
1983 2643 2041 2705 et

457 2717 775 2799 laudabilem
802 2726 939 2799 hanc
959 2735 1189 2797 vestram
1203 2726 1443 2797 augeatis
1459 2725 1810 2802 diligentiam.
1841 2727 2042 2794 Quanto

453 2816 598 2889 enim
631 2829 867 2879 externus
908 2829 1079 2872 noster
1107 2818 1256 2871 homo
1287 2819 1650 2889 corrumpitur,
1698 2827 1839 2873 tanta
1890 2820 2044 2872 inter-

455 2926 550 2980 nas
575 2919 847 2972 renovatur
874 2911 948 2973 (ξ.
982 2910 1103 2964 Cor.
1135 2908 1632 2990 4,16),Jejunium
1666 2910 1807 2964 enim
1847 2925 2043 2983 corpus

455 3000 776 3076 (conprimit,
801 3008 855 3067 et
883 3000 1127 3061 lascivias
1152 3000 1483 3055 inordinatas
1509 3000 1766 3065 refrenat,
1797 3000 2030 3055 animam

456 3099 635 3144 autem
670 3091 950 3148 clariorem
980 3090 1163 3155 efﬁcit,
1195 3090 1298 3144 alis
1325 3091 1540 3144 instruit
1570 3100 1624 3145 et
1650 3090 1937 3145 sublimem
1964 3092 2041 3147 le-

459 3196 685 3256 vemque
733 3180 877 3234 facit.
908 3181 1124 3252 Fratres
1153 3196 1371 3251 quoque
1411 3189 1639 3261 vestros,
1686 3189 1949 3251 quotquot
1973 3181 2043 3237 ob

457 3272 695 3341 corporis
717 3271 1074 3329 valetudinem
1091 3271 1334 3343 jejunare
1351 3281 1639 3342 nequeunt,
1663 3273 2039 3339 exhortemini,

460 3376 527 3417 ne
566 3362 896 3431 spiritualem
929 3363 1064 3418 hanc
1094 3378 1335 3417 mensam
1376 3363 1702 3433 relinquant,
1729 3375 1784 3419 et
1813 3364 1879 3419 ad
1923 3366 2042 3426 illos

460 3453 652 3531 referte
676 3469 795 3526 quae
819 3469 849 3508 a
894 3453 1050 3514 nobis
1088 3454 1425 3533 didiceritis,
1471 3454 1765 3511 indicantes
1791 3471 1911 3529 eum
1951 3458 2042 3527 qui

462 3543 732 3621 moderate
759 3543 992 3601 comedit
1018 3551 1072 3599 et
1092 3543 1226 3599 bibit
1252 3559 1357 3609 non
1395 3544 1667 3615 indignum
1695 3545 1797 3601 hoc
1834 3546 2043 3613 audito:-

462 3635 541 3707 rio
557 3649 695 3699 esse,
725 3635 817 3690 sed
835 3650 955 3697 eum
974 3636 1063 3704 qui
1100 3635 1256 3699 deses
1280 3644 1333 3691 et
1357 3636 1645 3692 dissolutus
1672 3637 1762 3699 sit.
1792 3638 1863 3694 Et
1882 3639 2041 3696 dicite

457 3728 536 3801 eis
558 3728 575 3759 ¹
602 3728 955 3798 apostolicum
981 3728 1083 3783 hoc
1122 3728 1325 3783 dictum
1360 3746 1373 3782 :
1404 3728 1471 3782 Et
1499 3730 1586 3799 qui
1604 3731 1898 3796 manducat,
1928 3733 2040 3788 Do-

458 3818 594 3892 ptino
638 3818 910 3895 manducat
964 3834 983 3873 :
1025 3828 1072 3873 et
1096 3820 1183 3890 qui
1212 3836 1311 3873 non
1335 3820 1629 3896 manducat,
1675 3821 1893 3878 Domino
1937 3842 2039 3880 non

458 3910 747 3987 manducat,
779 3920 827 3965 et
872 3913 1065 3987 gratias
1090 3912 1195 3983 agit
1244 3911 1350 3966 Deo
1392 3911 1569 3985 (Rom.
1608 3913 1693 3969 H.
1738 3914 1829 3985 6).
1882 3916 2041 3985 Igitur

457 4001 544 4074 qui
564 4001 789 4079 jejunat,
814 4003 1011 4072 gratias
1031 4004 1139 4072 agit
1172 4003 1415 4069 Domino,
1447 4004 1536 4075 qui
1570 4005 1713 4061 vires
1758 4007 1807 4060 ei
1854 4006 2040 4065 tribuit

460 4091 525 4169 ad
566 4090 823 4166 ferendos
858 4092 1051 4163 jejunii
1080 4094 1294 4165 labores
1327 4111 1341 4147 :
1386 4103 1441 4150 et
1468 4097 1558 4165 qui
1586 4096 1889 4165 manducat,
1936 4099 2038 4153 ite-

460 4198 574 4253 rum
601 4185 799 4253 gratias
826 4184 936 4257 agit
974 4184 1103 4249 Deo,
1133 4185 1255 4259 quia
1276 4186 1330 4241 id
1361 4186 1493 4240 nihil
1518 4188 1689 4256 ipsum
1715 4189 1909 4245 laedere
1941 4205 2037 4259 po-

458 4280 582 4338 test,
616 4273 899 4343 quominus
923 4273 1117 4328 anima:
1159 4275 1385 4351 salutem
1407 4285 1547 4346 agat.
1571 4277 1733 4333 modo
1762 4280 1909 4334 velit.
1936 4280 2038 4334 Tot

457 4363 601 4437 enim
628 4363 782 4419 nobis
812 4363 924 4418 vias
975 4365 1179 4441 paravit
1218 4365 1480 4436 benignus
1527 4367 1689 4435 Deus,
1716 4379 1849 4439 quot
1880 4385 2037 4425 enar-

458 4469 577 4517 rare
610 4470 718 4509 non
746 4469 1049 4526 possumus,
1087 4472 1184 4529 per
1223 4473 1387 4532 quas,
1418 4458 1465 4515 si
1494 4460 1844 4528 voluerimus,
1885 4477 2035 4517 sum—

457 4561 599 4621 ptam
636 4545 881 4602 ﬁduciam
917 4536 1128 4619 assequi
1169 4550 1312 4605 licet.
1350 4551 1476 4607 Hzec
1525 4562 1744 4623 propter
1786 4554 2037 4613 absentes

454 4637 656 4713 dixisse
675 4638 741 4694 sit
771 4639 922 4705 satis,
955 4650 1015 4696 ut
1049 4641 1267 4705 tollatur
1308 4642 1387 4698 eis
1427 4644 1648 4717 pudoris
1678 4646 1949 4711 obtentus,
1982 4658 2037 4704 et

452 4729 673 4813 sciatur,
701 4746 807 4787 non
849 4741 1099 4802 oportere
1127 4743 1347 4804 propter
1375 4734 1477 4790 hoc
1504 4737 1709 4806 pudore
1761 4739 1991 4800 suﬁundi
2020 4759 2033 4797 :

452 4837 630 4898 neque
665 4824 807 4891 enim
851 4825 1152 4882 comedisse
1197 4826 1461 4897 pudorem
1511 4830 1666 4899 nobis
1714 4831 1889 4900 aﬁ'ert,
1939 4833 2035 4902 sed

452 4914 578 4993 mali
606 4916 876 4987 quidpiam
903 4917 1097 4988 egisse.

522 5004 787 5077 Confessio
811 5018 1146 5078 peccatorum.
1166 5008 1521 5080 Temperantia
1539 5013 1607 5065 ad
1631 5013 1891 5068 sanitatem
1909 5032 2033 5070 conv

451 5098 611 5153 ducit.
634 5126 709 5140 -—-
735 5099 1015 5157 Peccatum
1058 5118 1246 5173 magna
1276 5104 1547 5174 turpitudo
1572 5114 1655 5175 est
1680 5126 1692 5161 :
1732 5109 1775 5161 si
1808 5108 1907 5163 hoc
1934 5111 2032 5171 ad-

451 5191 734 5262 mittimus,
765 5206 871 5246 non
898 5193 1070 5248 solum
1095 5195 1411 5251 erubescere
1435 5195 1711 5262 debemus,
1742 5198 1834 5253 sed
1857 5209 1912 5255 et
1936 5216 2032 5257 nos

462 5280 742 5347 tecultare,
787 5288 844 5336 et
886 5282 1112 5349 miseros
1155 5283 1334 5338 dicere
1373 5299 1471 5339 nos
1519 5285 1664 5355 ipsos
1698 5302 1803 5342 non
1833 5291 2027 5357 minus,

462 5388 611 5446 {nam
655 5374 745 5444 qui
774 5375 828 5429 in
857 5375 1132 5445 scepulum
1174 5376 1544 5448 impegerunt:
1575 5379 1683 5434 imo
1707 5396 1879 5451 neque
1908 5391 2034 5439 tunc

464 5464 784 5537 tespondere
826 5465 1061 5523 animum
1082 5507 1098 5533 ,
1148 5468 1240 5521 sed
1267 5468 1334 5522 ad
1362 5468 1751 5526 confessionem
1770 5512 1788 5540 ,
1817 5482 1871 5526 et
1894 5476 2031 5528 resi-

464 5556 760 5629 aisecntiam
803 5556 1059 5614 festinare
1101 5558 1377 5614 debemus.
1424 5560 1737 5631 Hujusmodi
1780 5563 1921 5617 enim
1949 5574 2033 5619 est

457 5646 705 5703 Dominus
731 5659 934 5715 noster,
960 5649 1048 5719 qui
1074 5649 1205 5704 nihil
1230 5650 1369 5705 aliud
1401 5653 1621 5723 requirit
1645 5652 1877 5711 admisso
1902 5670 2029 5725 pec-

512 5782 526 5813 ι
564 5787 680 5853 neg.
706 5795 849 5853 unus,
874 5780 1141 5853 indicantes
1159 5784 1373 5853 fructum
1393 5798 1456 5835 ea:
1493 5785 1566 5853 his
1589 5787 1885 5840 sermonibus
1904 5788 2028 5840 acci-

446 5856 507 5923 pi.
525 5843 691 5920 udum.
720 5851 773 5896 Et
796 5845 939 5920 dicite
962 5845 1046 5919 eis,
1070 5843 1259 5919 omissis
1282 5850 1592 5921 interpositis,

2147 519 2285 573 cato,
2316 509 2359 563 si
2397 507 2610 578 quando
2650 524 2742 576 per
2788 508 3046 578 ignaviam
3095 506 3428 577 deliquimus,
3476 524 3629 579 quam
3672 523 3727 563 ut

2147 612 2325 656 errata
2371 601 2739 664 confiteamur,
2792 616 2892 655 nec
2939 601 3071 654 ultra
3117 601 3533 670 progrediamur,
3564 605 3643 657 vel
3678 604 3728 654 tu

2146 693 2331 747 eadem
2370 692 2689 746 recidamus.
2736 691 2997 746 Cancrum
3040 708 3159 745 cum
3203 692 3323 745 cibo
3355 704 3549 746 nostra:
3579 710 3731 746 Iucu—

2146 800 2285 840 sura:
2333 784 2646 867 congruenti
2692 786 2923 849 utimur,
2978 800 3263 853 numquam
3308 786 3731 840 crubcscaums:

2148 893 2271 931 nam
2303 878 2558 932 Dominus
2584 892 2679 931 nos
2706 876 2796 931 tali
2827 880 3036 945 corpori
3062 877 3372 946 conjunctos
3401 892 3521 931 esse
3547 877 3731 933 voluit.

2147 969 2289 1038 quod
2311 970 2467 1022 aliter
2490 969 2782 1023 consistere
2811 968 2990 1037 nequit
3017 968 3115 1021 nisi
3147 968 3265 1021 cibo
3289 978 3551 1036 pascatur,
3576 968 3736 1021 modo

2147 1061 2324 1115 cibum
2356 1059 2577 1114 nimium
2608 1074 2674 1114 ne
2699 1074 2975 1113 sumamus
3009 1076 3021 1111 :
3055 1058 3105 1113 id
3134 1058 3275 1125 quod
3308 1059 3458 1112 nobis
3482 1058 3549 1113 ad
3588 1060 3734 1112 sani-

2148 1161 2311 1207 tatem
2377 1162 2431 1206 et
2480 1152 2720 1222 corporis
2782 1152 2973 1205 bonam
3030 1150 3393 1205 habitudinem
3450 1149 3734 1220 plurimmn

2147 1243 2413 1299 conducit.
2452 1245 2641 1297 Annon
2667 1242 2855 1296 videtis
2883 1241 3118 1311 quotidie
3143 1257 3206 1295 ex
3234 1243 3555 1311 sumptuosis
3578 1257 3734 1294 meno

2147 1340 2221 1392 sis
2245 1349 2297 1393 et
2338 1337 2619 1391 immodica
2668 1337 2897 1406 ingluvie
2938 1335 3140 1389 inﬁnita
3185 1335 3491 1388 morborum
3537 1350 3732 1403 genera

2149 1433 2364 1489 induci?
2412 1433 2560 1489 Unde
2607 1432 2891 1503 podagrae?
2934 1431 3080 1487 Unde
3103 1432 3292 1500 capitis
3317 1430 3567 1484 dolores?
3596 1429 3729 1483 unde

2147 1535 2519 1593 corruptorum
2567 1523 2850 1578 humorem
2890 1521 3247 1576 abundantia?
3296 1520 3434 1574 unde
3473 1520 3734 1573 innumeri

2147 1616 2235 1686 alii
2260 1615 2467 1669 morbi?
2491 1614 2677 1669 Nonne
2704 1615 2771 1667 ab
2792 1612 3201 1683 intemperantia
3230 1622 3283 1666 et
3308 1611 3553 1680 largiore,
3576 1625 3734 1679 quam

2148 1726 2242 1781 par
2270 1712 2358 1775 sit,
2403 1711 2509 1764 vini
2556 1710 2723 1779 potu?
2763 1709 2893 1763 Nam
2940 1709 3077 1763 sicut
3122 1708 3291 1772 navis,
3339 1722 3457 1776 qua:
3481 1705 3630 1774 aquis
3664 1704 3733 1771 ita

2147 1806 2416 1878 impletur,
2445 1814 2502 1860 ut
2545 1804 2811 1859 exhauriri
2842 1811 3088 1873 nequeat,
3122 1806 3299 1856 statim
3339 1800 3732 1869 submergitur:

2148 1897 2219 1953 ita
2249 1909 2303 1951 et
2334 1898 2493 1951 homo
2518 1895 2729 1967 quando
2758 1895 2992 1964 crapula:
3017 1902 3072 1948 et
3098 1892 3341 1948 ebrietati
3379 1893 3610 1960 Scipsum
3636 1890 3732 1945 de-

2146 1987 2302 2054 didit,
2337 1988 2386 2041 in
2420 2002 2656 2057 praeceps
2683 1984 2847 2051 vadit,
2881 1994 2936 2039 et
2960 1986 3216 2039 rationem
3244 2000 3393 2038 suam
3420 1982 3732 2051 submergit,

2147 2080 2375 2151 denique
2400 2080 2542 2154 jacet
2583 2080 2733 2151 quasi
2780 2079 2956 2133 vivum
2986 2079 3234 2151 cadaver,
3265 2076 3329 2130 ad
3358 2076 3494 2128 mala
3523 2074 3733 2145 quidem

2147 2172 2416 2242 operanda
2466 2187 2609 2240 saepe
2651 2170 2861 2235 habilis,
2904 2170 2970 2223 ad
3001 2170 3138 2232 bona
3168 2177 3342 2233 autem
3370 2168 3545 2223 omnia
3571 2166 3736 2224 nihilo

2147 2280 2206 2320 se
2234 2266 2423 2324 melius
2463 2264 2687 2327 habens,
2718 2278 2875 2334 quam
2906 2263 3123 2317 mortui.

2221 2356 2276 2411 5.
2320 2357 2518 2425 Idcirco
2549 2357 2794 2420 obsecro,
2825 2364 2882 2409 ut
2906 2354 3196 2410 secundum
3238 2353 3449 2408 beatum
3492 2351 3729 2412 Pmilum,

2148 2448 2325 2502 Carnis
2366 2465 2541 2501 curam
2582 2465 2646 2502 ne
2687 2448 2849 2519 agatis
2877 2448 2944 2500 ad
2981 2445 3408 2516 concupiscentias
3438 2442 3610 2515 (Rom.
3644 2443 3731 2513 t5.

2148 2542 2258 2610 id),
2287 2541 2378 2596 sed
2419 2552 2474 2594 ut
2514 2541 2727 2610 possitis
2775 2540 3086 2603 subsistere,
3130 2548 3184 2592 et
3224 2537 3414 2606 majori
3464 2535 3733 2589 alacritate

2146 2632 2304 2687 rebus
2352 2631 2713 2701 spiritualibus
2757 2645 2976 2700 operam
3006 2630 3155 2683 dare.
3198 2628 3325 2683 Hrec
3349 2627 3523 2681 omnia
3554 2626 3733 2680 fratri-

2145 2723 2245 2778 bus
2273 2725 2461 2777 veSIris
2499 2724 2677 2791 dicite,
2708 2732 2762 2777 et
2791 2721 3011 2777 suadete
3042 2721 3166 2783 illis,
3195 2734 3262 2773 ne
3290 2734 3537 2788 umquam
3572 2717 3731 2787 Spiri-

2146 2814 2271 2868 tuali
2305 2813 2406 2870 hoc
2441 2814 2694 2868 alimento
2723 2828 2782 2868 se
2808 2813 3051 2882 privent;
3100 2810 3196 2865 sed
3236 2811 3334 2865 etsi
3380 2811 3558 2879 pransi
3600 2811 3729 2881 sint,

2148 2904 2362 2959 veniant
2390 2906 2533 2959 omni
2563 2919 2683 2958 cum
2710 2905 3004 2968 alacritate,
3032 2913 3090 2957 ut
3118 2913 3334 2972 accepta
3363 2901 3449 2955 hic
3470 2900 3731 2971 spirituali

2148 2998 2412 3063 doctrina,
2443 2998 2715 3053 diabolicis
2748 2998 2950 3052 insidiis
2991 2996 3196 3055 fortiter
3224 2996 3478 3059 resistere
3508 2996 3729 3065 possint,

2145 3090 2411 3146 Castorum
2456 3091 2607 3145 vobis
2651 3099 2959 3146 consuetam
3008 3088 3335 3158 spiritualem
3368 3102 3604 3142 mensam
3636 3102 3731 3140 nos

2147 3196 2495 3254 apponamus,
2526 3183 2762 3237 caritatis
2789 3192 2981 3237 vestrae
3012 3182 3063 3235 in
3095 3180 3372 3235 audiendis
3396 3180 3593 3234 divinis
3620 3188 3731 3234 stu-

2146 3274 2289 3331 diu.u
2320 3273 2398 3347 sic
2438 3274 2846 3341 remuneraturi,
2876 3285 2928 3329 et
2957 3273 3193 3329 debitum
3224 3272 3365 3342 quod
3395 3272 3732 3341 promisimus

2145 3366 2460 3421 exsoluturi.
2506 3367 2666 3422 Scitis
2699 3367 2841 3421 enim
2888 3366 3125 3431 omnino,
3168 3374 3222 3420 et
3249 3362 3588 3429 meministis,
3631 3378 3731 3418 nos

2145 3458 2214 3513 de
2259 3458 2485 3513 hominis
2533 3457 2850 3521 formatione
2890 3458 3070 3514 dicere
3107 3458 3355 3527 C(BpISSe,
3399 3466 3454 3511 et
3490 3456 3729 3525 angustia

2146 3552 2400 3621 temporis
2448 3550 2787 3621 prmpeditos,
2828 3551 3109 3605 lectionem
3140 3559 3302 3604 totam
3336 3547 3593 3618 perﬁcere
3623 3563 3728 3601 non

2143 3646 2403 3708 valentes,
2450 3644 2501 3697 in
2551 3642 2793 3698 doctrina
2836 3641 2903 3696 de
2949 3641 3178 3697 ferarum
3210 3639 3435 3705 utilitate
3461 3640 3619 3693 ﬁnem
3648 3637 3728 3692 fe-

2143 3736 2304 3799 cisse,
2330 3734 2693 3799 ostendentes,
2742 3733 3011 3789 hominem
3056 3742 3273 3803 propter
3314 3730 3727 3786 inobedientiam

2142 3842 2172 3881 a
2203 3825 2519 3897 ppoeipatu,
2563 3840 2721 3894 quem
2771 3824 2917 3894 prius
2964 3838 3122 3892 super
3162 3837 3254 3877 eas
3290 3821 3538 3885 habebat,
3578 3822 3727 3875 exci-

2143 3916 2305 3988 disse.
2329 3915 2482 3972 Unde
2512 3915 2669 3971 hodie
2693 3919 2831 3985 quod
2854 3914 3116 3985 reliquum
3139 3924 3221 3969 est
3239 3914 3543 3977 reddemus,
3570 3922 3729 3981 atque

2143 4008 2213 4063 ita
2269 4008 2393 4062 hinc
2440 4020 2538 4061 vos
2588 4007 2936 4061 dimittamus.
2990 4006 3058 4060 Et
3108 4013 3167 4059 ut
3215 4003 3544 4063 manifestior
3578 4002 3729 4057 vobis

2142 4115 2320 4162 sermo
2365 4109 2547 4157 noster
2589 4100 2678 4172 sit,
2723 4113 2900 4167 opera:
2942 4096 3167 4166 pretium
3196 4096 3356 4150 fuerit
3396 4095 3721 4158 meminisse,

2143 4193 2231 4247 ubi
2271 4202 2398 4247 tunc
2437 4191 2657 4247 missum
2686 4191 2969 4246 fecerimus
2998 4205 3322 4253 sermonem,
3350 4199 3406 4243 ut
3434 4188 3556 4243 inde
3584 4186 3727 4243 facto

2142 4286 2311 4355 initio,
2355 4300 2472 4353 quae
2498 4283 2700 4352 reliqua
2726 4290 2851 4347 sunt
2880 4282 3214 4351 impleamus.
3248 4280 3349 4337 Ubi
3377 4281 3536 4350 igitur
3563 4280 3723 4333 ﬁnem

2142 4376 2353 4433 dicendi
2384 4375 2643 4432 fecimus?
2671 4374 2801 4429 Cum
2824 4374 3054 4431 diximus
3083 4374 3149 4427 de
3176 4373 3277 4427 illis
3303 4372 3501 4436 verbis,
3532 4370 3725 4425 Facia-

2140 4487 2252 4539 mus
2302 4469 2554 4524 hominem
2588 4468 2860 4523 secundum
2887 4467 3156 4537 imaginem
3181 4475 3422 4531 nostram,
3455 4473 3502 4519 et
3542 4481 3728 4518 secun-

2141 4561 2263 4615 dum
2298 4560 2697 4625 similitudinem,
2740 4567 2787 4613 et
2830 4559 3148 4619 dominentur
3194 4557 3413 4627 piscibus
3453 4557 3627 4617 maris,
3678 4567 3725 4608 et

2140 4650 2424 4704 volucribus
2446 4650 2578 4713 caeli,
2610 4650 2730 4719 quia
2758 4657 2883 4703 tunc
2908 4662 3086 4703 sermo
3114 4646 3371 4716 prolixior
3400 4645 3517 4709 fuit,
3548 4655 3602 4700 et
3627 4661 3725 4699 na-

2140 4749 2251 4801 tum
2296 4750 2378 4795 est
2419 4740 2574 4795 nobis
2620 4740 2838 4809 pelagus
2874 4738 3137 4809 quoddam
3182 4738 3586 4801 sententiarum,
3626 4752 3724 4791 nec

2138 4846 2474 4897 concessum,
2506 4839 2566 4885 ut
2594 4832 2815 4885 ulterius
2846 4830 3310 4900 progrederemur,
3341 4829 3434 4883 sed
3464 4828 3725 4883 hactenus

2140 4924 2398 4994 producto
2435 4938 2701 4986 sermone,
2752 4921 3025 4992 sequentia
3071 4937 3174 4975 non
3228 4922 3519 4991 attigimus.
3571 4921 3725 4976 Umle

2138 5030 2279 5069 nunc
2319 5013 2699 5081 necessarium,
2743 5022 2800 5067 ut
2834 5014 3038 5077 caritati
3066 5022 3255 5067 vestra:
3284 5028 3402 5081 qua:
3431 5021 3726 5082 sequuntur

2138 5108 2399 5177 legantur,
2447 5116 2505 5161 ut
2542 5105 2680 5161 scire
2718 5104 2933 5173 possitis
2960 5119 3204 5175 quaenam
3248 5103 3399 5158 vobis
3427 5103 3616 5157 dicturi
3646 5104 3724 5157 si-

2138 5214 2280 5271 mus.
2316 5198 2502 5252 Statim
2531 5199 2688 5267 igitur
2715 5197 2894 5252 divina
2922 5196 3192 5265 Scriptura
3230 5196 3463 5250 subdidit
3496 5213 3509 5253 :
3535 5195 3626 5249 9.7.
3658 5196 3725 5248 Et

2137 5291 2254 5361 fecit
2270 5288 2407 5358 Deus
2427 5290 2700 5354 hominem;
2718 5287 2995 5343 secundum
3012 5289 3280 5356 imaginem
3302 5287 3397 5339 Dei
3416 5286 3529 5357 fecit
3551 5287 3722 5350 illum;

2138 5382 2418 5434 masculum
2461 5391 2508 5435 et
2537 5380 2775 5449 feminam
2804 5381 2920 5448 fecit
2944 5380 3078 5433 illos.
3108 5378 3201 5433 28.
3242 5377 3308 5431 Et
3336 5377 3586 5432 benedixit
3617 5376 3724 5431 illis

2138 5469 2275 5525 Deus
2328 5472 2498 5524 dicens
2527 5487 2545 5523 :
2585 5468 2803 5524 Crescite
2846 5480 2894 5524 et
2932 5469 3378 5540 multiplicamini,
3425 5477 3470 5521 et
3516 5469 3724 5536 implete

2138 5573 2342 5625 terram,
2369 5572 2414 5615 et
2438 5561 2760 5616 dominamini
2788 5562 2854 5626 ei;
2882 5570 2928 5615 et
2948 5562 3274 5615 dominamini
3304 5560 3520 5629 piscibus
3543 5558 3721 5623 maris,

2135 5667 2183 5709 et
2212 5655 2494 5709 volatilibus
2513 5655 2643 5722 εαξη,
2661 5664 2706 5709 et
2732 5656 2960 5709 omnibus
2973 5654 3247 5724 pecoribus,
3266 5664 3311 5707 et
3329 5654 3463 5706 omni
3486 5663 3649 5715 terrm,
3673 5668 3722 5706 ex

2135 5748 2365 5802 omnibus
2392 5750 2649 5819 reptilibus
2666 5748 2947 5814 repentibus
2976 5764 3128 5817 super
3155 5756 3361 5797 terram.
3396 5745 3566 5798 Pauca
3594 5755 3722 5797 sunt

2139 5840 2320 5911 verba,
2340 5840 2667 5913 sedmagnus
2698 5839 3000 5905 reconditus
3030 5839 3309 5904 thesaurus
3330 5836 3383 5893 in
3404 5843 3508 5895 tam
3534 5836 3719 5907 paucis
