4040 6378
346 342 422 404 8S
1190 341 1248 399 S.
1287 341 1577 401 JOANNIS
1612 337 2097 396 CHRYSOSTOIII
2134 341 2450 397 ARCHIEP.
2493 342 3032 402 CONSTANTINOP.
3721 342 3790 402 86

348 463 460 525 τοῖς
504 459 728 531 βραχέσι
768 459 977 524 τούτοις
1006 457 1233 532 ῥήμασι.
1266 457 1544 529 Πνεύματι
1572 457 1683 529 γὰρ
1716 457 2018 527 φθεγγόμε-

350 567 439 610 νος
486 550 515 601 ὁ
562 547 829 618 μακάριος
865 541 1019 609 οὗτος
1070 547 1374 617 προφήτης,
1402 544 1692 616 ἀπόρρητά
1717 561 1840 597 τινα
1871 546 2022 614 ἡμᾶς

350 635 445 689 νῦν
483 635 751 689 διδάσκειν
783 633 1051 703 βούλεται.
1082 632 1297 702 Ἐπειδὴ
1340 632 1448 703 γάρ
1481 629 1603 685 εἰπε
1623 648 1637 662 ·
1673 630 2026 700 Ποιήσωμεν

349 724 685 791 ἄνθρωπον,
718 722 813 774 καὶ
864 720 1077 792 βουλὴν,
1121 720 1197 782 ὼς
1240 720 1432 784 εἰπεῖν,
1470 720 1565 772 καὶ
1615 718 1806 788 σκέψιν
1852 733 2023 788 προσ-

352 810 548 879 έίηκεν
590 811 619 862 ὁ
663 808 773 861 τῶν
819 808 1074 862 ἁπάντων
1115 807 1466 878 δημιουργὸς,
1500 805 1589 860 διὰ
1619 804 1712 859 τοῦ
1748 804 2026 876 σχήματος

352 899 542 954 τούτου
575 898 671 975 τὴν
700 897 865 969 τιμὴν
899 896 1343 967 ἐπιδεικνύμενος
1386 896 1485 967 τὴν
1520 897 1648 967 περὶ
1675 896 1771 948 τοῦ
1804 895 2027 966 μέλλον-

354 1003 445 1050 τος
492 983 932 1049 διαπλάττεσθαι,
962 983 1057 1036 καὶ
1108 983 1217 1053 πρὸ
1265 982 1366 1053 τῆς
1419 982 1760 1046 διαπλάσεως
1789 981 2027 1047 ἐδίδαξεν

358 1074 536 1142 ἡμᾶς·
576 1073 672 1124 καὶ
706 1070 768 1124 τὸ
804 1069 1032 1140 μέγεθος
1066 1070 1169 1141 τῆς
1217 1071 1412 1141 ἀρχῆς,
1443 1065 1512 1142 ἦς
1566 1069 1750 1141 μέλλει
1797 1070 2029 1142 ἐγχειρί-

356 1158 471 1223 ζειν
520 1158 598 1228 τῷ
647 1157 1096 1228 δημιουργείσθαι
1149 1158 1414 1226 μέλλοντι.
1444 1157 1630 1212 Εἰπὼν
1675 1153 1803 1213 οὖν’
1858 1157 2030 1224 Ποιή-

356 1264 560 1317 σωμεν
607 1247 922 1315 ἄνθρωπον
965 1247 1092 1301 κατ’
1124 1250 1331 1302 εἰκόνα
1380 1248 1710 1318 ἡμετέραν,
1750 1250 1849 1304 καί
1897 1251 2029 1305 καθ’

360 1337 661 1402 ὁμοίωσιν,
689 1337 936 1403 ἐπήγαγε
956 1352 969 1366 ⁸
1000 1335 1112 1389 Kal
1138 1334 1491 1405 ἀρχέτωσαν
1514 1336 1633 1390 τῶν
1671 1340 1894 1407 ἰχθύων
1920 1336 2032 1406 τῆς

360 1423 851 1493 θαλάσσης.”ορα
882 1422 999 1486 πῶς
1027 1425 1091 1476 ὲκ
1127 1424 1431 1495 προοιμίων
1475 1424 1566 1478 τὸν
1598 1425 1870 1498 θησαυρὸν
1898 1428 2032 1498 ἡμῖν

360 1511 453 1566 τὸν
505 1511 948 1580 ἐγκεκρυμμένον
1008 1510 1370 1565 ὑποδείκνυσι.
1429 1512 1705 1583 Πνεύματι
1751 1514 1859 1586 γὰρ
1905 1514 2034 1586 θείῳ

362 1598 731 1668 φθεγγόμενος
755 1600 783 1651 ὁ
809 1599 1116 1670 προφήτης,
1160 1600 1251 1652 καὶ
1283 1599 1354 1653 τά
1399 1600 1624 1671 μηδέπω
1650 1602 1935 1670 ὑφεστῶτα
1956 1602 2032 1666 ὡς

365 1686 651 1754 ὑφεστῶτα
689 1686 783 1738 καὶ
823 1687 1165 1757 γεγενημένα
1198 1688 1319 1758 ὁρᾷ.
1347 1688 1503 1753 Τίνος
1542 1684 1635 1743 οὖν
1670 1689 1873 1755 ἕνεκεν,
1915 1688 2034 1743 εἰπέ

369 1790 479 1844 μοι,
528 1772 730 1826 εἰπών’
783 1774 1137 1843 Ποιήσωμεν
1175 1774 1507 1845 ἄνθρωπον,
1552 1777 1648 1830 νῦν
1694 1777 1873 1847 λέγει·
1923 1779 2034 1833 Kal

364 1859 752 1929 ἀρχέτωσαν;
789 1861 1064 1915 Λανθάνον
1097 1879 1147 1914 τι
1180 1865 1477 1934 μυστήριον
1509 1866 1638 1935 ἡμῖν
1665 1864 1911 1918 ἐντεῦθεν
1933 1865 2033 1936 ήδη

368 1947 554 2003 λοιπὸν
593 1948 911 2019 παραδηλοῖ.
939 1944 1104 2011 Τίνες
1124 1949 1473 2020 ἀρχέτωσαν;
1506 1948 1582 2004 Ἦ
1615 1952 1771 2021 δῆλον
1811 1953 1893 2005 ὅτι
1939 1952 2037 2023 τὴν

368 2037 468 2107 τῆς
519 2037 777 2105 γυναικὸς
828 2038 1197 2108 αἰνιττόμενος
1250 2039 1536 2094 διάπλασιν
1589 2040 1745 2094 τοῦτο
1796 2040 2035 2112 εἴρηκεν.

382 2124 543 2195 Ὁρᾷς
585 2125 731 2187 ὃπως
778 2126 931 2178 οὐδέν
965 2126 1081 2179 ἐστι
1122 2126 1231 2179 τῶν
1261 2128 1320 2181 ὲν
1350 2131 1417 2198 τῇ
1464 2128 1583 2199 θείᾳ
1626 2129 1815 2200 Γραφῇ
1850 2130 2038 2194 ἁπλῶς

371 2211 469 2265 καὶ
500 2214 620 2282 εἰκῆ
647 2213 916 2281 κείμενον,
951 2212 1087 2266 ἀλλά
1118 2215 1213 2267 καὶ
1247 2218 1309 2268 τὸ
1341 2216 1503 2285 τυχὸν
1544 2218 1696 2287 ῥῆμα
1725 2218 1892 2272 πολὺν
1924 2217 2037 2289 ἔχει

372 2298 792 2368 ὲναποκείμενον
822 2300 911 2352 τὸν
941 2299 1232 2371 θησαυρόν.

439 2419 506 2475 δ’.
531 2420 638 2473 Καὶ
664 2420 741 2492 μὴ
764 2420 944 2493 ξενίσῃ
980 2439 1062 2485 σε,
1085 2422 1356 2494 άγαπητὲ,
1377 2422 1438 2477 τὸ
1462 2424 1581 2495 εἰρη
1591 2425 1770 2496 μένον.
1787 2425 2041 2481 Τοιοῦτον

376 2506 486 2579 γὰρ
515 2509 635 2571 ἔθος
664 2509 834 2563 ἅπασι
858 2513 973 2573 τοῖς
1010 2511 1317 2583 προφήταις
1336 2551 1351 2575 ,
1380 2513 1510 2584 περὶ
1542 2512 1650 2567 τῶν
1684 2515 1913 2585 μηδέπω
1948 2532 2042 2583 γε-

376 2596 691 2666 γενημένων
731 2596 808 2659 ὡς
850 2598 1230 2683 γεγενημένων
1267 2598 1631 2687 διαλέγεσθαι,
1687 2601 2043 2723 Ἐπειδὴ

379 2667 494 2723 τοῖς
541 2669 928 2723 πνευματικοῖς
989 2669 1176 2723 ὲωρων
1216 2668 1516 2723 ὀφθαλμοις
1569 2688 1638 2723 τα
1689 2672 1828 2723 μετά
1874 2689 1944 2723 πο
1981 2688 2043 2723 υν

379 2667 494 2728 τοῖς
541 2669 928 2734 πνευματικοῖς
989 2667 1176 2737 ἐώρων
1216 2668 1516 2739 ὀφθαλμοῖς
1569 2671 1638 2723 τὰ
1688 2672 1828 2741 μετά
1874 2667 2043 2726 πολὺν

384 2751 522 2805 ἑτῶν
550 2753 782 2823 ἀριθμὸν
824 2753 1085 2824 μέλλοντα
1118 2755 1384 2824 γίνεσθαι,
1407 2756 1495 2810 διὰ
1524 2758 1683 2811 τοῦτο
1710 2759 1785 2823 ὼς
1815 2760 1916 2830 ήδη
1938 2759 2045 2830 πρὸ

377 2839 486 2893 ⁴ιιῶν
516 2839 807 2910 ὀφθαλμῶν
836 2842 1063 2910 κείμενα
1106 2843 1529 2907 κατοπτεύοντες
1560 2845 1629 2899 τά
1658 2847 1960 2917 πράγματα
1993 2859 2042 2913 ⁸,

378 2926 557 2991 οὔτως
590 2928 804 2981 ᾶπαντα
833 2928 1152 2997 διελέγοντο.
1187 2932 1297 2983 Καὶ
1320 2932 1406 2984 ἵνα
1441 2932 1620 3003 μάθῃς
1644 2933 1800 2987 τοῦτο
1826 2932 2008 3001 σαφῶς
2026 2974 2041 2999 ,

377 3016 545 3071 ἄκουε
570 3014 664 3068 τοῦ
696 3016 967 3087 μακαρίου
998 3016 1161 3070 Δαυῒδ
1198 3018 1476 3086 λέγοντος,
1517 3022 1612 3073 καὶ
1646 3020 1751 3092 πρὸ
1776 3022 2045 3076 τοσούτων

380 3103 585 3172 γενεῶν
611 3102 680 3155 τὰ
715 3104 857 3156 κατά
888 3103 980 3156 τὸν
1021 3104 1251 3174 σταυρὸν
1278 3104 1370 3157 τοῦ
1403 3106 1640 3176 Χριστοῦ
1679 3110 2047 3180 προφητεύον-

380 3206 475 3252 τος
506 3190 597 3242 καὶ
623 3189 874 3259 βοῶντος·
896 3192 1161 3259 Ὠρυεαν
1184 3192 1388 3262 χεῖράς
1409 3211 1550 3263 μου,
1578 3195 1676 3249 καί
1694 3196 1884 3264 πόδας
1906 3213 2043 3267 μου’

384 3278 479 3330 καὶ
529 3277 692 3333 πάλιν
711 3316 726 3341 ,
772 3280 1192 3347 Διεμερίσαντο
1240 3281 1314 3334 τὰ
1382 3281 1578 3351 ίμάτιά
1618 3301 1738 3352 μου
1791 3284 2045 3352 ἑαυτοῖς.

396 3366 561 3435 Ὁρᾷς
614 3367 730 3429 πῶς
784 3367 853 3419 τά
894 3366 1154 3436 μέλλοντα
1198 3368 1338 3438 μετά
1391 3370 1580 3441 χρόνον
1617 3370 1784 3426 πολὺν
1830 3372 2049 3431 ἔσεσθαι

384 3452 461 3514 ὼς
488 3453 586 3524 ήδη
617 3454 954 3525 γεγενημένα
989 3455 1359 3526 προανεφώνει
1380 3473 1394 3523 ;
1417 3458 1578 3515 Οὐτω
1592 3460 1687 3513 καὶ
1717 3462 1748 3513 ὁ
1781 3461 2051 3532 μακάριος

387 3534 539 3602 οὗτος
568 3542 852 3611 προφήτης
880 3542 978 3612 ήδη
1008 3543 1375 3614 αἰνιττόμενος
1403 3546 1535 3615 ἡμῖν
1559 3546 1658 3617 τὴν
1677 3546 1779 3616 τῆς
1793 3549 2052 3618 γυναικὸς

386 3625 674 3679 διάπλασιν
696 3626 811 3699 [76]
848 3630 1261 3700 αἰνιγματωδῶς
1312 3648 1484 3704 φησι,
1540 3634 1651 3688 Καὶ
1704 3634 2053 3703 ἁρχέτωσαν

389 3708 507 3762 τῶν
561 3711 781 3778 ἰχθύων
848 3709 960 3778 τῆς
1025 3712 1363 3783 θαλάσσης.
1434 3709 1568 3769 Εἶτα
1616 3717 1824 3789 προῖὼν
1890 3718 2052 3774 πάλιν

391 3793 722 3864 σιφέστερόν
802 3810 933 3865 φησι
963 3832 979 3857 ,
1057 3795 1166 3849 Kal
1241 3796 1533 3865 ἐποίησεν
1602 3802 1637 3853 ό
1721 3801 1863 3867 Θεὸς
1948 3802 2055 3858 τὸν

390 3875 703 3943 ἄνθρωπον
756 3893 770 3907 ·
827 3878 953 3929 κατ’
1004 3879 1211 3933 εἰκόνα
1269 3881 1419 3935 Θεοῦ
1461 3884 1752 3953 ἐποίησεν
1813 3888 2001 3941 αὐτόν
2035 3904 2050 3920 ο

390 3957 580 4042 ἄρσεν
631 3958 729 4011 καί
784 3958 965 4042 θῆλύ
999 3959 1292 4029 ἐποίησεν
1347 3964 1587 4029 αὐτούς.
1658 3968 1856 4021 Σκόπει
1914 3971 2054 4042 πόσῃ

394 4040 657 4110 κέχρηται
693 4042 759 4111 τῇ
804 4041 1059 4114 ἀκριϐείᾳ
1079 4084 1093 4108 ,
1135 4044 1230 4097 καὶ
1257 4044 1402 4111 ἅπαξ
1430 4048 1523 4100 καὶ
1558 4047 1810 4122 δεύτερον
1834 4052 1897 4105 τὸ
1923 4040 2057 4108 αὐτδ

393 4123 568 4191 λέγων
586 4165 603 4190 ,
638 4124 723 4177 ἵνα
750 4125 948 4198 δυνηθῇ
983 4126 1371 4200 ἐναποτεθῆναι
1397 4134 1463 4202 τῇ
1496 4131 1605 4186 τῶν
1632 4134 1915 4206 ἀκροατῶν
1941 4137 2057 4190 δια-

394 4210 514 4280 vol;
542 4211 609 4264 τά
638 4211 921 4282 λεγόμενα.
962 4214 1025 4266 Εἰ
1054 4215 1164 4285 γάρ
1190 4214 1264 4290 μὴ
1285 4216 1442 4270 τοῦτο
1462 4212 1530 4289 ἦν
1557 4219 1705 4290 αὐτῷ
1728 4222 1787 4275 τὸ
1822 4223 2058 4278 σπουδα-

395 4292 623 4365 ζόμενον
641 4332 656 4356 ,
684 4295 843 4365 ήρκει
876 4295 1051 4348 εἰπεῖν
1069 4335 1085 4361 ,
1128 4283 1563 4367 Κῦἷνὲποίηοίεν
1589 4304 1623 4356 ό
1657 4283 1800 4368 Θεὸς
1828 4304 1935 4358 τὸν
1961 4305 2059 4359 ἇν-

394 4380 632 4445 θρωπον
659 4390 672 4404 ·
699 4376 834 4430 ἀλλά
880 4378 1041 4431 πάλιν
1091 4380 1416 4452 προστίθησι
1452 4398 1468 4413 ³
1508 4384 1645 4437 Κατ’
1674 4387 1878 4439 εἰκόνα
1911 4389 2058 4443 Θεοῦ

392 4460 686 4527 ἐποίησεν
724 4461 927 4515 αὐτόν.
970 4461 1190 4534 Ἐπειδὴ
1232 4463 1341 4533 γάρ
1382 4465 1620 4530 ἐδίδαξεν
1652 4469 1797 4538 ἡμᾶς
1836 4469 1925 4523 διά
1952 4470 2059 4524 τῶν

396 4544 793 4613 προλαϐόντων,
815 4547 956 4599 κατά
975 4546 1028 4599 τί
1053 4545 1266 4618 εἴρηται
1294 4548 1376 4611 τὸ,
1394 4549 1534 4602 Κατ’
1553 4552 1778 4615 εἰκόνα,
1797 4551 1886 4605 διά
1902 4551 2060 4606 τοῦτο

397 4629 559 4682 πάλιν
590 4628 823 4681 ἐνταῦθα
848 4629 937 4682 τὸν
970 4630 1133 4684 αὐτὸν
1161 4632 1628 4704 ὲπαναλαμϐάνων
1659 4634 1835 4703 λόγον,
1892 4637 2022 4707 φησί
2041 4676 2057 4701 ,

395 4719 535 4773 Κατ’
583 4718 788 4771 εἰκόνα
842 4718 991 4772 Θεοῦ
1037 4718 1329 4786 ἐποίησεν
1377 4722 1584 4777 αὐτόν.
1642 4722 1752 4776 Καὶ
1792 4723 1877 4776 ἵνα
1928 4724 2061 4794 μηδὲ

395 4804 750 4875 ἀναίσχυντον
770 4806 1044 4877 καταλίπῃ
1064 4806 1357 4877 ἀπολογίας
1377 4811 1648 4880 πρόφασιν
1661 4813 1773 4875 τοῖς
1795 4812 2061 4882 μάχεσθαι

399 4892 746 4962 βουλομένοις
772 4896 883 4956 τοῖς
910 4894 1011 4964 τῆς
1053 4894 1378 4967 Ἐκκλησίας
1410 4897 1663 4966 δόγμασι,
1697 4899 1836 4953 κατά
1868 4900 2062 4972 μικρὸν

402 4978 607 5050 προῖὼν
634 4980 879 5034 διδάσκει
906 4981 976 5035 τὰ
1010 4982 1151 5036 αὐτά
1181 4983 1363 5050 πάλιν,
1390 4984 1475 5037 ὅτι
1512 4985 1654 5039 κατὰ
1674 4986 1734 5039 τὸ
1762 4987 1949 5058 ἄρχειν
1969 4988 2064 5042 καὶ

398 5067 810 5139 ὑποτεταγμένα
838 5069 981 5139 ἔχειν
1025 5070 1240 5126 ἅπαντα
1279 5071 1348 5125 τά
1387 5073 1876 5147 δημιουργήματα.
1923 5079 2063 5130 κατά

395 5155 555 5208 τοῦτο
582 5155 659 5226 τῷ
687 5156 785 5227 τῆς
814 5157 1020 5221 εἰκόνος
1044 5157 1269 5230 ὀνόματι
1301 5161 1752 5232 ἐχρήσατο.Τέως
1779 5162 1835 5215 δὲ
1867 5162 2064 5234 ἴδωμεν

396 5242 451 5295 τί
482 5260 650 5313 φησι·
679 5244 786 5297 Kal
816 5245 1108 5313 ἐποίησεν
1151 5250 1183 5301 ὁ
1234 5247 1377 5313 Θεὸς
1416 5248 1523 5301 τὸν
1560 5248 1872 5316 ἄνθρωπον
1895 5267 1908 5282 ο
1936 5252 2063 5305 κατ’

395 5330 600 5383 εἰκόνα
621 5331 767 5384 Θεοῦ
792 5330 1080 5400 ἐποίησεν
1100 5334 1285 5387 αὐτόν
1309 5351 1323 5365 ο
1351 5333 1539 5402 ἄρσεν
1564 5335 1660 5389 καὶ
1682 5334 1839 5404 θῆλυ
1859 5337 2064 5406 ἐποίη-

395 5432 512 5471 σεν
552 5419 791 5485 αὐτούς.
835 5420 1014 5493 Ὅπερ
1070 5421 1325 5492 ἀνωτέρω
1382 5423 1641 5493 ᾐνίξατο,
1691 5423 1898 5490 εἰπὼν,
1952 5427 2063 5480 Kal

395 5505 767 5574 ἀρχέτωσαν,
814 5509 907 5561 καὶ
952 5508 1187 5564 ἐνταῦθα
1221 5511 1550 5584 σαφέστερον
1595 5508 1716 5567 εἶπε
1740 5531 1757 5548 ο
1800 5516 1894 5570 καὶ
1936 5516 2065 5570 αὐτὸ

396 5592 455 5646 δὲ
485 5594 635 5663 ὅμως
665 5596 1064 5666 κεκρυμμένως
1082 5600 1227 5667 ἡμᾶς
1248 5599 1483 5665 ἐδίδαξεν
1512 5619 1526 5632 ο
1557 5601 1771 5655 οὐδέπω
1798 5604 1906 5676 γάρ
1936 5610 2064 5679 περὶ

401 5682 500 5752 τῆς
523 5682 866 5747 διαπλάσεως
889 5685 1033 5754 ἡμᾶς
1057 5686 1295 5752 διδάξας,
1315 5689 1435 5741 οὐδὲ
1453 5689 1641 5753 εἰπὼν,
1664 5692 1828 5745 πόθεν
1857 5696 1889 5764 ή
1922 5697 2060 5768 γυνὴ

405 5769 684 5841 παρήχθη,
712 5771 896 5842 φησίν·
931 5772 1155 5840 Ἀρσεν
1187 5775 1286 5827 καὶ
1316 5775 1471 5846 θῆλυ
1502 5777 1789 5849 ἐποίησεν
1814 5784 2053 5851 αὐτούς.

466 5911 492 5944 ³
513 5910 711 5960 [ζοὶδιίιι.
740 5913 793 5962 et
824 5912 949 5962 alius
974 5914 1029 5960 τὰ
1052 5914 1271 5976 παρόντα.

2128 453 2282 521 Εἶδες
2317 459 2433 523 πῶς
2482 459 2542 512 τὸ
2586 460 2809 531 μηδέπω
2848 461 3069 529 γεγονὸς
3106 461 3181 523 ὼς
3210 460 3428 530 γεγονὸς
3457 461 3790 532 διηγήσατος

2119 540 2372 593 Τοιοῦτον
2394 539 2503 611 γὰρ
2530 543 2579 593 οἰ
2612 544 2971 613 πνευματικοὶ
2993 544 3257 613 ὀφθαλμοί
3280 557 3293 571 ⁶
3326 544 3444 597 οὐδὲ
3485 544 3592 614 γὰρ
3618 543 3792 606 οὓτως

2119 626 2168 677 οἱ
2208 627 2509 695 σωματικαὶ
2542 621 2688 681 οῦτοι
2739 626 3008 697 ὀφθαλμοὶ
3043 626 3113 679 τὰ
3148 626 3400 698 δρώμενα
3444 626 3660 695 βλέπειν
3696 625 3792 679 δύο

2119 725 2328 772 νανται,
2361 709 2440 774 ὼς
2466 712 2515 763 οἰ
2542 710 2635 764 τοῦ
2662 710 2971 780 πνεύματος
3003 709 3270 780 ὀφθαλμοὶ
3300 711 3369 761 τά
3396 708 3470 780 μὴ
3496 708 3749 779 ὁρώμενα
3773 748 3792 774 ,

2123 792 2260 861 μηδὲ
2302 792 2369 851 τά
2407 794 2714 863 ὑφεστῶτα.
2759 794 2940 847 Εἰπὼν
2990 792 3188 855 τοίνυν,
3241 794 3464 860 Ἀρσεν
3502 793 3602 845 καί
3631 790 3792 859 θῆλυ

2120 874 2417 944 ἐποίησεν
2441 878 2693 945 αὐτοὺς,
2734 878 2810 941 ὼς
2848 876 2984 948 πρὸς
3021 874 3362 947 ἀμφοτέρους
3400 874 3499 944 τὴν
3538 874 3793 940 εὐλογίαν

2123 958 2358 1017 ποιεῖται
2377 998 2393 1022 ,
2429 959 2520 1013 καί
2568 976 2701 1029 φησι
2725 977 2742 992 ·
2779 960 2889 1013 Kal
2918 959 3269 1028 ηὐλόγησεν
3297 957 3519 1022 αὐτοὺς
3549 960 3582 1010 ό
3615 958 3792 1021 Θεὸς,

2121 1037 2317 1107 λέγων
2332 1052 2348 1069 ⁹
2364 1042 2733 1107 Αὑξάνεσθε,
2757 1041 2855 1097 καί
2880 1042 3284 1107 πληθύνεσθε,
3308 1039 3407 1093 καί
3432 1040 3795 1106 πληρώσατε

2123 1121 2239 1190 τὴν
2285 1123 2422 1191 γῆν,
2471 1125 2569 1179 καί
2608 1125 3112 1195 κατακυριεύσατε
3158 1122 3368 1191 αὐτῆς,
3420 1121 3518 1175 καί
3555 1121 3792 1189 ἄρχετε,

2123 1206 2243 1259 τῶν
2286 1208 2507 1275 ἰχθύων
2554 1207 2664 1282 τῆς
2709 1207 3049 1275 θαλάσσης.
3092 1206 3225 1260 ’1δοὺ
3270 1205 3333 1258 τὸ
3372 1203 3647 1274 ἐξαίρετον
3693 1204 3794 1272 τῆς

2124 1287 2393 1357 εὐλογίας.
2425 1289 2499 1342 Τὸ
2524 1290 2652 1361 γάρ,
2689 1288 3057 1355 Αὺξάνεσθε,
3103 1287 3204 1343 καί
3240 1288 3644 1355 πληθύνεσθε,
3690 1286 3794 1339 καί

2126 1369 2483 1438 πληρώσατε
2511 1371 2626 1439 τὴν
2652 1370 2771 1441 γῆν
2795 1414 2809 1437 ,
2841 1374 2935 1425 καὶ
2968 1372 3060 1424 ἐπὶ
3084 1370 3194 1424 τῶν
3220 1369 3427 1439 ἀλόγων
3461 1367 3614 1433 ζώων
3638 1409 3652 1432 ,
3699 1369 3796 1421 καλ⁵

2127 1454 2219 1504 ἐπὶ
2245 1453 2352 1506 τῶν
2380 1454 2623 1524 ἑρπετῶν
2647 1454 2745 1507 ῐδοι
2769 1472 2853 1517 τις
2880 1455 2947 1508 ἂν
2970 1452 3256 1524 εἰρημένον
3277 1470 3291 1484 ·
3316 1451 3378 1505 τὸ
3402 1451 3458 1505 δὲ
3476 1492 3491 1517 ,
3523 1455 3797 1505 Κατακυ-

2119 1537 2422 1604 ριεύσατε,
2452 1536 2550 1590 καί
2580 1536 2811 1607 ἄρχετε,
2850 1538 2943 1590 ἐπὶ
2975 1537 3069 1590 τοῦ
3107 1536 3393 1611 ἀνθρώπου
3428 1536 3521 1589 καὶ
3548 1535 3645 1605 τῆς
3693 1550 3798 1601 γυ-

2128 1619 2330 1683 ναικός.
2366 1621 2506 1693 Ὅρα
2532 1621 2940 1693 φιλανθρωπίαν
2963 1620 3237 1674 Δεσπότου
3259 1636 3274 1651 ⁶
3316 1621 3413 1673 καὶ
3432 1619 3560 1690 πρὶν
3589 1617 3621 1686 ἦ
3650 1632 3796 1685 πειρ-

2129 1704 2357 1784 αγαγείν
2377 1704 2567 1784 αὐτὴν,
2600 1704 2858 1784 κοινωνὸν
2879 1704 3050 1784 αὐτὴν
3072 1703 3173 1784 τῆς
3202 1703 3380 1784 ἀρχῆς
3401 1700 3797 1784 ἀπεργάζεται.

2130 1783 2226 1832 καὶ¹
2250 1780 2351 1850 τῆς
2373 1782 2620 1851 εὐλογίας
2643 1782 2812 1855 αὐτὴν
2838 1782 3001 1847 ἀξιοῖ.
3033 1781 3147 1836 Kal
3192 1781 3405 1851 ἄρχετε
3422 1820 3437 1845 ,
3478 1779 3648 1849 φησὶ,
3680 1779 3801 1830 τῶν

2134 1862 2355 1944 ἰχθύων
2386 1860 2494 1929 τῆς
2516 1863 2856 1944 θαλάσσης,
2893 1863 2993 1919 καί
3019 1861 3145 1944 τῶν
3174 1860 3458 1944 πετεινῶν
3483 1860 3593 1944 τοῦ
3632 1859 3803 1944 οὐρα-

2130 1938 2241 1992 νοῦ
2259 1978 2275 2003 ,
2306 1941 2404 1994 καί
2435 1941 2677 1995 πάντων
2705 1941 2825 1998 τῶν
2853 1941 3090 2010 κτηνῶν
3108 1980 3124 2004 ,
3152 1940 3251 1994 καί
3286 1940 3490 2007 πάσης
3521 1937 3631 2003 τῆς
3664 1937 3800 2005 γῆς.

2132 2021 2230 2074 καί
2250 2021 2493 2077 πάντων
2516 2022 2635 2077 τῶν
2654 2024 2916 2093 ἑρπετῶν
2942 2024 3061 2078 τῶν
3084 2024 3389 2092 ἑρπόντων
3402 2022 3500 2079 ἐπὶ
3530 2020 3639 2089 τῆς
3663 2018 3797 2088 γῆς.

2203 2100 2263 2153 ε’.
2290 2098 2440 2166 Εἶδες
2464 2103 2709 2170 ἐξουσίαν
2738 2104 2975 2173 ἀφατον;
3006 2100 3143 2167 εἶδες
3166 2103 3341 2174 ἀρχῆς
3376 2100 3633 2173 μέγεθος;
3662 2094 3804 2160 εἶδες

2136 2180 2309 2262 πάντα
2363 2180 2433 2234 τά
2485 2182 2950 2262 δημιουργηθέντα
2993 2183 3097 2262 ὑπδ
3135 2183 3235 2254 τὴν
3285 2180 3474 2262 τούτου
3521 2177 3804 2262 ὑποταγὴν

2134 2259 2434 2329 γενόμενα;
2482 2261 2666 2331 Μηδὲν
2712 2261 2894 2315 λοιπὸν
2935 2260 3129 2332 μικρὸν
3175 2259 3485 2330 φαπασθῇς
3532 2257 3660 2326 περὶ
3704 2257 3803 2306 τοῦ

2136 2336 2276 2402 ζὼου
2320 2339 2510 2393 τούτου
2562 2340 2658 2394 τοῦ
2696 2340 2917 2410 λογικοῦ
2941 2378 2956 2404 ,
2994 2339 3107 2393 ἀλλ’
3158 2338 3354 2393 ἐννοῶν
3389 2338 3490 2407 τῆς
3532 2337 3696 2405 τιμῆς
3742 2334 3806 2385 τὸ

2137 2418 2387 2487 μέγεθος,
2439 2420 2534 2473 καὶ
2581 2419 2678 2491 τὴν
2728 2420 2858 2490 περὶ
2906 2420 3037 2473 αὐτὸ
3085 2418 3300 2473 εὔνοιαν
3355 2417 3450 2471 τοῦ
3508 2415 3802 2475 Δεσπότου,

2138 2498 2439 2569 ἐκπλήττου
2461 2501 2560 2569 τὴν
2589 2502 2793 2569 ἄφατον
2826 2500 2991 2554 αὐτοῦ
3023 2498 3449 2571 φιλανθρωπίαν.
3484 2498 3595 2551 Kal
3632 2491 3807 2548 εἶπεν

2137 2578 2171 2630 ὁ
2204 2578 2348 2644 Θεός
2380 2595 2393 2609 ·
2426 2579 2572 2633 Ἰδοὺ
2588 2579 2818 2633 δέδωκα
2839 2578 2979 2649 ὑμῖν
3008 2577 3204 2631 πάντα
3230 2578 3446 2648 χόρτον
3482 2577 3806 2643 σπόριμον,

2138 2660 2389 2728 σπεῷον
2415 2661 2652 2728 σπέρμα
2674 2699 2689 2725 ,
2722 2660 2755 2713 ὅ
2801 2659 2971 2713 ἐστιν
3004 2657 3204 2712 ἐπάνω
3246 2657 3453 2725 πάσης
3493 2654 3604 2723 τῆς
3642 2652 3758 2721 γῆς
3789 2692 3805 2714 ν

2138 2740 2237 2793 καί
2266 2737 2388 2795 πᾶν
2420 2740 2613 2804 ξύλον
2632 2778 2648 2803 ,
2681 2739 2712 2793 ὃ
2741 2740 2865 2807 ἔχει
2894 2739 2963 2791 ἐν
2984 2735 3174 2801 ἐαυτῷ
3198 2736 3429 2817 καρπόν
3464 2736 3809 2817 σπέρματίζς

2140 2818 2252 2891 [77]
2280 2819 2601 2887 σπορίμου,
2634 2817 2778 2887 ὑμῖν
2796 2818 2967 2871 ἔσται
2996 2817 3083 2881 εἰς
3102 2816 3357 2885 βρῶσιν,
3385 2814 3483 2867 καί
3510 2812 3660 2865 πᾶσι
3680 2812 3809 2873 τοῖς

2139 2901 2365 2966 θηρίοις
2393 2895 2502 2965 τῆς
2531 2896 2644 2967 γῆς
2662 2937 2677 2961 ,
2716 2896 2814 2949 καὶ
2840 2896 2991 2951 πᾶσι
3025 2894 3149 2961 τοῖς
3182 2893 3474 2959 πετεινοῖς
3496 2891 3603 2957 τοῦ
3626 2892 3809 2958 οἰερα-

2141 2978 2275 3041 νοῦ,
2299 2977 2397 3032 καί
2428 2977 2606 3031 παντί
2640 2974 2866 3047 ἑρπετῷ
2904 2977 3145 3045 ἕρποντι
3172 2976 3270 3029 ἐπὶ
3305 2973 3414 3041 τῆς
3444 2972 3577 3041 τῆς,
3614 2970 3647 3022 ὃ
3679 2969 3811 3036 ἔχει

2141 3060 2419 3127 ἐνέαυτῷ
2441 3061 2654 3131 ψυχὴν
2681 3059 2958 3126 ζωῆς-,καί
2986 3059 3184 3113 πάντα
3211 3058 3427 3127 χόρτον
3455 3053 3689 3123 χλωρὸν
3720 3054 3812 3115 εἰς

2137 3140 2391 3209 βρῶσιν.
2419 3140 2529 3196 Kal
2546 3139 2785 3209 ἐγένετο
2807 3139 3014 3204 οὕτως.
3045 3139 3155 3192 Θέα
3183 3154 3272 3208 μοι
3300 3135 3409 3187 τῶν
3430 3132 3689 3205 ῥημάτων
3709 3130 3811 3200 τὴν

2141 3219 2459 3291 ἀκρίϐειαν,
2502 3218 2788 3289 ἀγαπητὲ,
2826 3218 2918 3271 καὶ
2945 3217 3044 3287 τὴν
3082 3216 3288 3285 ἄφατον
3316 3215 3408 3267 τοῦ
3448 3213 3580 3267 Θεοῦ
3621 3212 3813 3291 φιλαν-

2143 3290 2423 3379 θρωπίαν,
2453 3300 2561 3379 ἒιαὶ
2598 3300 2763 3379 μηδὲν
2795 3297 2982 3379 ἁπλῶς
3023 3294 3390 3379 παραδράμῃς
3435 3292 3561 3379 τῶν.
3580 3290 3809 3379 εἰρημέ-

2142 3366 2271 3435 νων.
2290 3377 2399 3433 Kal
2420 3374 2570 3443 εἶπε,
2590 3366 2774 3449 φησὶν,
2791 3380 2822 3430 ό
2840 3376 3005 3441 Θεόςο
3032 3366 3189 3430 Ἰδοὺ
3206 3372 3435 3426 δέδωκα
3450 3366 3598 3438 ὗμῖν
3611 3369 3814 3422 πάντα

2145 3462 2364 3529 χόρτον
2392 3459 2690 3527 σπόριμον
2718 3472 2734 3489 ο
2762 3457 2839 3517 ὼς
2884 3456 3022 3526 πρὸς
3055 3455 3184 3518 τοὺς
3224 3452 3319 3506 δύο
3364 3454 3399 3523 ή
3446 3449 3679 3513 διάλεξις
3710 3449 3812 3529 ,γί-

2145 3528 2295 3594 νεται
2323 3578 2339 3601 ,
2378 3536 2670 3592 καὶταῦτα
2697 3575 2713 3600 ,
2773 3536 2998 3606 μηδέπω
3047 3534 3147 3602 τῆς
3198 3532 3455 3601 γυναικὸς
3512 3528 3813 3601 παραχθεί-

2148 3635 2269 3689 σης.
2304 3612 2438 3670 Εἶτα
2466 3616 2553 3669 ἵνα
2601 3615 2778 3686 μάθῃς
2817 3612 2983 3667 αὐτοῦ
3020 3613 3119 3683 τὴν
3165 3608 3635 3689 ὑπερϐάλλουσαν
3672 3610 3815 3672 ἀγαο

2148 3687 2370 3766 θότητα,
2423 3696 2523 3767 ὅρα
2565 3693 2682 3757 πῶς
2720 3694 2783 3747 οὐ
2835 3692 2997 3764 μέχρι
3029 3690 3122 3744 τοῦ
3150 3689 3433 3761 ἀνθρώπου
3458 3687 3677 3755 καὶτῆς
3718 3703 3816 3767 γυ-

2147 3765 2333 3841 ναικὸς
2384 3765 2483 3846 τῆς
2551 3775 2773 3846 μηδέπω
2834 3771 3206 3844 παραχθείσης
3257 3768 3355 3839 τὴν
3407 3765 3815 3846 φιλανθρωπίαν

2149 3855 2513 3911 ἐπιδείκνυται
2537 3845 2562 3918 ,ί
2610 3854 2704 3907 καὶ
2773 3851 2872 3922 τὴν
2938 3849 3383 3920 ὑπερϐάλλουσαν
3461 3845 3776 3914 φιλοτιμίαν
3802 3885 3819 3908 ,

2151 3934 2287 3990 ἀλλά
2338 3935 2432 3987 καὶ
2486 3931 2676 4003 μέχρις
2698 3929 2910 4013 Δαὐτῶν
2948 3929 3069 4013 Δτῶν
3116 3926 3352 4013 ἁλόγωνῖ
3429 3922 3610 4012 ΕΞίπὼν
3640 3922 3779 4013 ,γάρ
3806 3961 3822 3983 ,

2162 4013 2334 4083 Ὑμῖν
2366 4013 2538 4066 ἔσται
2566 4013 2653 4077 εἰς
2671 4009 2925 4079 βρῶσιν,
2945 4008 3214 4078 ἐπήγαγε,
3245 4004 3357 4083 Kal
3388 4004 3539 4058 πᾶσι
3570 4004 3705 4083 τοῖς.
3718 4005 3795 4068 θη
3813 4032 3825 4040 -

2144 4080 2303 4161 ρίοις
2342 4089 2454 4158 τῆς
2492 4089 2625 4158 τῆς.
2661 4090 2804 4157 Ὅρα
2832 4087 2991 4141 πάλιν
3032 4084 3222 4156 ἑτέραν
3260 4082 3493 4138 ἄϐυσσον
3523 4080 3826 4161 φιλανθρως

2152 4158 2304 4235 πίας.
2345 4170 2420 4224 Οὐ
2480 4169 2637 4239 μόνον
2686 4167 2795 4237 γὰρ
2849 4166 2958 4219 τῶν
3005 4165 3215 4233 ἀλόγων
3260 4161 3368 4216 τῶν
3423 4162 3677 4231 ἡμέρων,
3716 4158 3827 4239 καὶ

2154 4251 2291 4322 πρὸς
2345 4237 2550 4320 τροφὴν
2603 4247 2736 4329 ήμῖν
2791 4244 3134 4329 ἐπιτηδείων,
3196 4243 3290 4329 καὶ
3492 4237 3824 4329 ὑπηρεσίαν,

2155 4316 2414 4402 πρόνοιαν
2462 4316 2791 4395 πεποίηται,
2840 4323 2977 4377 ἀλλά
3020 4323 3115 4375 καὶ
3163 4321 3270 4402 τῶν
3315 4316 3827 4402 θηρίων.-Κα“ι.τίς

2155 4395 2222 4463 ἂν
2269 4410 2389 4462 κατ’
2430 4404 2586 4470 ἀξίαν
2626 4402 3005 4483 ἐφίκοιτογτῇς
3045 4401 3276 4483 ἀπείρου
3311 4397 3515 4483 ταύτης
3546 4395 3827 4483 {70.06111-

2153 4503 2276 4553 τος;
2323 4484 2482 4554 Ὑμῖν
2516 4483 2691 4537 ἔσται
2722 4483 2809 4546 εἰς
2849 4478 3112 4548 βρῶσιν,
3157 4479 3328 4549 φησὶ,
3368 4477 3468 4532 καί
3510 4477 3662 4554 πᾶσι
3697 4477 3831 4539 τοῖς

2157 4553 2387 4633 θηρίοις
2418 4562 2528 4630 τῆς
2554 4560 2689 4631 τῆς,
2725 4560 2823 4614 καί
2855 4557 3005 4615 πᾶσι
3033 4557 3157 4624 τοῖς
3193 4555 3486 4622 πετεινοῖς
3516 4553 3621 4608 τοῦ
3650 4554 3830 4620 οὐρα-

2156 4645 2289 4706 νοῦ,
2328 4642 2427 4696 καί
2462 4640 2642 4695 παντί
2677 4637 2903 4709 ἑρπετῷ
2939 4637 3178 4706 ἕρποντι
3206 4636 3305 4690 ἐπὶ
3338 4634 3447 4703 τῆς
3468 4633 3599 4704 γῆς,
3634 4633 3666 4685 ὃ
3697 4633 3829 4700 ἔχει

2159 4724 2228 4777 ἐν
2263 4720 2452 4785 ἐαυτῷ
2489 4718 2701 4789 ψυχὴν
2737 4716 2915 4784 ζωῆς,
2945 4716 3044 4769 καί
3082 4715 3279 4769 πάντα
3326 4715 3545 4784 χόρτον
3587 4712 3832 4781 χλωρὸν

2160 4806 2247 4869 εἰς
2266 4800 2521 4871 βρῶσιν.
2550 4796 2725 4867 Πολλὴ
2752 4796 2847 4849 τοῦ
2886 4794 3156 4848 Δεσπότου
3195 4794 3468 4847 δείκνυται
3511 4793 3544 4863 ή
3578 4793 3707 4861 περὶ
3731 4791 3831 4843 τὸν

2160 4881 2447 4953 ἄνθρωπον
2510 4877 2603 4931 τὸν
2671 4878 2762 4930 ὑπ’
2820 4875 2983 4929 αὐτοῦ
3043 4874 3107 4944 δη
3116 4892 3237 4944 μιου
3246 4872 3515 4945 ργηθέντα
3538 4872 3828 4953 ᾔπρόνοια.

2173 4950 2397 5029 Ἐπειδὴ
2423 4957 2531 5029 γὰρ
2556 4956 2717 5010 αὐτὸν
2755 4957 3064 5027 παρήγαγε,
3092 4955 3186 5007 καί⁸
3218 4956 3399 5007 πᾶσαν
3424 4950 3573 5021 αὐτῷ
3602 4951 3703 5019 τὴν
3733 4950 3836 5017 ἀρ-

2162 5043 2263 5114 χὴν
2292 5042 2388 5110 τῆς
2421 5037 2779 5110 δημιουργίας
2812 5037 3164 5106 ἐνεχείρισεν,
3193 5034 3291 5114 Eva
3305 5032 3380 5114 μὴ
3407 5032 3606 5114 εὐθέως
3640 5030 3737 5114 καὶ
3762 5031 3835 5082 ὲκ

2165 5110 2466 5191 προοιμίων
2503 5116 2645 5188 ὁρῶν
2682 5116 2791 5168 τῶν
2830 5116 3040 5182 ἀλόγων
3079 5114 3141 5168 τὸ
3191 5112 3417 5182 πλῆθος,
3450 5110 3833 5191 δυσχεραίνειν

2162 5188 2284 5272 έκῃν
2313 5188 2387 5261 ὥς
2411 5198 2472 5251 οὐ
2506 5196 2580 5267 μὴ
2603 5195 2897 5264 δυνάμενος
2929 5194 3168 5272 ἀρκέσαι
3200 5192 3337 5262 πρὸς
3361 5191 3460 5272 τὴν
3501 5188 3609 5272 τῶν
3637 5188 3833 5272 τοσού-

2319 5257 2471 5341 ςῶων
2507 5257 2752 5347 τροφὴν,
2781 5274 2910 5343 πρὶν
2943 5257 2982 5341 ὴ
3012 5272 3113 5326 κᾶν
3146 5257 3352 5324 ἔννοιαν
3384 5257 3544 5321 αὐτόν
3571 5285 3694 5347 τινα
3737 5268 3833 5321 δέ·

2167 5360 2358 5427 ξασθαι
2389 5357 2518 5427 περὶ
2546 5346 2759 5420 τούτου,
2795 5351 3082 5423 προλαϐὼν
3120 5352 3149 5404 ό
3182 5350 3385 5418 ἀγαθὸς
3417 5346 3694 5427 Δεσπότης
3720 5366 3833 5401 πα-

2168 5425 2573 5513 ραμυθούμενος
2602 5434 2788 5513 αὐτὸν,
2810 5432 2885 5494 ὡς
2911 5433 3103 5513 εἰπεῖν,
3143 5431 3237 5513 καὶ
3257 5428 3467 5513 δεικνὺς
3491 5425 3703 5513 lim-zeal
3731 5428 3835 5513 αὐ-

2163 5504 2254 5583 τὸς
2287 5518 2381 5573 καὶ
2411 5504 2480 5568 τὰ
2520 5514 2690 5581 ἄλογα
2720 5512 2899 5565 πάντα
2931 5510 3129 5579 πολλὴν
3151 5509 3261 5573 ἕξει
3286 5507 3384 5578 τὴν
3410 5504 3689 5574 ἀφθονίαν,
3729 5506 3833 5574 τῆς

2162 5599 2265 5669 γῆς
2295 5595 2372 5667 τῷ
2406 5592 2787 5666 προστάγματι
2824 5588 2918 5643 τοῦ
2942 5589 3214 5671 ᾼεσπότου
3241 5586 3379 5671 πρὸς
3405 5587 3501 5654 τὴν
3530 5584 3832 5671 διᾳτρῖφὴν

2164 5664 2369 5730 τούτων
2395 5664 2872 5743 ὑπηρετουμένης,
2907 5667 3107 5730 εἰπὼν,
3146 5665 3307 5734 Ὑμῖν
3348 5665 3519 5743 ἔσται
3559 5665 3647 5743 εἰς
3677 5664 3834 5731 βρῶ-

2169 5774 2294 5818 σιν,
2318 5742 2523 5815 εὐθέως
2549 5752 2795 5819 ἐπήγαγε
2814 5790 2828 5813 ,
2857 5748 2967 5800 Kal
3007 5746 3129 5812 τοῖς
3150 5745 3375 5813 θηρίοις
3402 5742 3512 5810 τῆς
3547 5742 3659 5812 τῆς
3679 5784 3693 5803 ,
3730 5742 3833 5794 καί
3864 5794 3867 5795 ,

2172 5836 2296 5900 τοῖς
2328 5832 2619 5897 πετεινοῖς
2651 5831 2758 5883 τοῦ
2790 5828 3077 5895 οὐρανοῦ,
3121 5826 3219 5879 καὶ
3252 5824 3427 5878 παντί
3472 5820 3697 5890 ἑρπετῷ
3735 5822 3832 5900 ἒρέ

2173 5899 2340 5969 πον-τι
2364 5913 2459 5965 ἐπὶ
2490 5910 2596 5979 τῆς
2619 5908 2749 5980 γῆς,
2786 5908 2817 5961 ὃ
2846 5907 2965 5976 ἔχει
2990 5907 3057 5961 ἑν
3085 5904 3276 5970 ἑαυτῴ
3305 5902 3518 5974 ψυχὴν
3545 5902 3709 5967 ζωῆς·
3732 5899 3831 5955 καὶ
