4040 6378
291 416 360 470 85
1401 415 1464 469 IN
1504 416 1657 471 CAP.
1702 417 1742 470 Ι.
1783 413 1889 470 CEl

1994 415 2027 471 ἱ.
2071 415 2304 473 llOMlL.
2350 419 2414 473 Χ.
3513 425 3587 480 86

293 528 491 583 verbis.
550 527 751 598 Spiritu
801 528 942 583 enim
989 527 1212 599 loquens
1257 527 1442 583 beatus
1473 528 1560 584 hic
1603 529 1882 600 propheta,

291 636 432 676 nunc
455 635 556 675 nos
585 635 776 674 arcana
803 619 1045 690 quaedam
1071 619 1266 676 docere
1288 621 1419 675 vult.
1449 621 1578 676 Nam
1609 631 1886 692 postquam

288 713 446 772 dixit.
481 710 756 766 Faciamus
781 713 1056 772 hominem,
1085 721 1137 766 ct
1175 714 1476 777 consilium,
1505 723 1580 776 et,
1616 723 1673 768 ut
1701 715 1770 768 ita
1801 714 1887 768 di-

291 821 432 869 cam,
464 805 702 858 studium
733 805 971 858 adhibuit
997 807 1236 860 ninnium
1279 808 1488 877 Opifcx,
1519 817 1575 862 ut
1600 807 1701 862 hoc
1729 809 1885 862 sche-

294 908 436 952 mate
461 898 725 953 formandi
749 898 979 953 hominis
1003 899 1311 968 dignitatem
1333 901 1659 965 ostenderet,
1687 909 1741 954 et
1763 910 1887 955 ante

295 989 672 1043 formationem
725 990 886 1044 etiam
937 989 1173 1054 doceret,
1228 1001 1482 1061 quantum
1535 993 1887 1061 principatum

297 1081 576 1136 formando
599 1081 799 1136 homini
822 1081 1040 1137 daturus
1063 1093 1224 1138 esset.
1251 1085 1430 1153 Itaque
1445 1101 1566 1139 cum
1585 1085 1716 1138 divit
1740 1103 1752 1138 :
1777 1083 1886 1138 Fa-

295 1173 491 1225 ciamus
515 1173 772 1226 hominem
810 1173 1085 1227 secundum
1129 1175 1398 1245 imaginem
1443 1188 1687 1241 nostram,
1735 1185 1780 1228 et
1805 1192 1887 1228 se-

295 1262 521 1315 cundum
545 1263 954 1330 similitudinem;
993 1265 1249 1330 subdidit,
1305 1276 1350 1321 et
1382 1267 1704 1320 dominentur
1734 1269 1888 1336 pisci-

296 1354 387 1408 bus
437 1356 618 1408 maris.
653 1355 786 1410 Vide
822 1357 1092 1426 qumnodo
1138 1359 1314 1412 statim
1345 1359 1412 1412 ab
1445 1359 1593 1414 initio
1635 1360 1887 1416 latentem

301 1446 452 1500 ttnbis
502 1448 810 1503 thesaurum
868 1450 1218 1504 demonstrat.
1267 1451 1464 1519 Spiritu
1511 1453 1650 1506 enim
1705 1453 1890 1506 divino

301 1540 527 1608 loquens
571 1540 856 1610 propheta,
902 1558 1022 1610 qua!
1053 1543 1286 1596 nondum
1329 1543 1706 1606 subsistebant,
1738 1545 1891 1614 quasi

298 1631 642 1684 subsistentia
671 1642 726 1685 et
754 1629 890 1685 facta
921 1631 1086 1686 videt.
1123 1633 1300 1700 Quare
1327 1650 1476 1700 ergo,
1508 1634 1611 1696 die,
1642 1634 1886 1702 obsecro,

299 1735 353 1774 nt
382 1723 538 1784 dixit,
574 1722 850 1777 Faciamus
879 1724 1152 1790 hominem,
1181 1741 1321 1780 nunc
1347 1727 1500 1790 dixit,
1528 1725 1590 1779 Et
1620 1727 1889 1781 dominen-

298 1814 406 1866 tur?
427 1811 708 1867 Occultum
732 1813 886 1868 nobis
911 1823 1302 1870 sacramentum
1332 1816 1415 1869 hic
1431 1819 1538 1884 jam
1561 1831 1891 1886 consequen-

298 1914 379 1958 tc-r
402 1904 662 1959 declarat.
694 1904 920 1970 Quinam
959 1905 1334 1960 dominentur?
1371 1907 1606 1961 Mulieris
1646 1907 1892 1962 videlicet

301 1998 528 2050 innucns
572 1997 941 2052 formationem
973 1998 1072 2052 hoc
1099 1999 1248 2053 dixit.
1282 1999 1442 2054 Vides
1468 2001 1733 2071 quomodo
1761 2001 1891 2056 nihil

298 2088 436 2142 inest
464 2089 660 2142 divinis
689 2089 883 2153 Literis
913 2098 1118 2145 temere
1143 2102 1195 2146 et
1219 2091 1418 2162 absque
1438 2108 1595 2146 causa
1638 2093 1888 2161 positum,

297 2189 349 2233 et
369 2195 566 2249 amque
612 2180 831 2234 vcrbum
878 2180 1018 2250 quod
1051 2181 1325 2236 fortuitum
1358 2182 1520 2236 videri
1553 2195 1751 2254 posset,
1781 2199 1894 2238 ma-

298 2287 458 2340 gnum
492 2271 802 2326 thesaurum
831 2273 884 2326 in
908 2287 967 2328 se
994 2273 1247 2328 latentem
1273 2276 1532 2329 continet.

366 2365 420 2418 4.
459 2365 616 2420 Etne
662 2365 913 2431 mireris,
954 2366 1180 2433 dilecte,
1227 2367 1367 2436 quod
1407 2367 1606 2423 dictum
1638 2376 1740 2422 est.
1773 2367 1889 2423 Mos

299 2455 440 2508 enim
476 2455 561 2510 hic
586 2465 669 2510 est
698 2455 1072 2527 prophetarum
1099 2457 1360 2521 omnium,
1388 2458 1455 2512 de
1479 2457 1713 2512 nondum
1741 2458 1893 2514 factis

301 2558 356 2602 ut
395 2549 465 2604 de
494 2547 650 2604 factis
679 2550 842 2621 loqui.
876 2549 1009 2617 Quia
1037 2552 1180 2606 enim
1213 2552 1530 2607 mentalibus
1553 2553 1720 2608 oculis
1747 2553 1894 2607 vide-

301 2641 428 2695 bant
465 2657 589 2712 qua:
636 2652 756 2713 post
802 2643 1092 2698 multorum
1137 2659 1398 2698 annorum
1436 2644 1696 2699 curricula
1739 2653 1894 2699 erant

302 2735 479 2788 futura
504 2776 520 2800 ,
575 2736 774 2792 idcirco
797 2739 947 2808 quasi
979 2753 1120 2793 nunc
1159 2739 1229 2793 ob
1253 2739 1436 2794 oculos
1479 2740 1648 2810 posita
1685 2750 1891 2810 specta-

301 2835 455 2893 rent,
511 2826 585 2881 ita
630 2836 822 2883 cuncta
861 2829 1166 2883 narrabant.
1223 2829 1291 2884 Et
1329 2845 1435 2901 quo
1467 2830 1749 2887 manifeSte
1792 2831 1894 2888 hoc

299 2918 460 2984 scias,
486 2918 610 2974 audi
635 2920 850 2975 beatum
879 2920 1134 2976 Davidem
1162 2921 1446 2987 dicentem,
1474 2932 1528 2978 et
1547 2932 1671 2978 ante
1691 2933 1767 2978 tot
1792 2939 1894 2979 sa:-

298 3012 412 3066 Cula
457 3012 836 3068 vaticinantem
863 3013 932 3069 de
971 3030 1132 3070 cruce
1157 3015 1392 3082 Christi,
1439 3025 1494 3072 ct
1521 3016 1839 3073 clamantem
1873 3035 1890 3070 τ

300 3102 566 3158 Fodcrunt
595 3121 774 3160 manus
798 3123 936 3162 meas
964 3117 1010 3162 et
1038 3107 1188 3178 pedes
1210 3125 1345 3163 meos
1369 3125 1385 3172 ;
1409 3117 1465 3164 et
1493 3110 1681 3164 iterum
1698 3152 1715 3178 ,
1742 3108 1891 3164 Divi-

296 3206 468 3251 smtnt
493 3198 786 3251 vestimenta
804 3215 916 3253 mea
939 3199 1032 3254 sibi
1062 3198 1231 3272 (Psal.
1257 3200 1350 3256 2|.
1385 3201 1471 3256 l7.
1501 3211 1548 3256 et
1588 3201 1701 3273 l9).
1733 3201 1892 3258 Vides

297 3287 568 3357 quomodo
594 3300 714 3358 post
738 3289 954 3360 longum
982 3300 1192 3362 tempus
1222 3291 1420 3358 futura,
1449 3295 1596 3364 quasi
1621 3294 1728 3363 jam
1753 3294 1888 3350 facta

299 3384 587 3451 lin-dixit?
629 3384 718 3439 Sic
743 3393 797 3438 et
843 3385 1032 3441 beatus
1058 3385 1146 3442 hic
1176 3387 1431 3458 propheta
1464 3388 1573 3454 jam
1619 3388 1892 3443 insinuans

299 3475 454 3530 nobis
482 3476 726 3532 mulieris
771 3479 1142 3534 formationem
1167 3521 1183 3546 ,
1227 3481 1557 3550 mttigtnatice
1587 3490 1642 3535 et
1663 3482 1892 3538 obscure

297 3566 424 3621 dicit
464 3585 478 3622 :
530 3567 596 3621 Et
631 3568 955 3623 dominentur
992 3570 1210 3641 piscibus
1256 3571 1432 3624 maris.
1483 3571 1550 3626 Et
1577 3586 1892 3642 progressus

298 3659 436 3714 ultra
470 3661 804 3716 manifestius
832 3661 1036 3732 inquit,
1081 3661 1150 3716 Et
1177 3663 1294 3732 fecit
1323 3660 1460 3717 Deus
1487 3664 1776 3727 hominem;
1812 3680 1892 3718 se-

295 3751 518 3806 cundum
553 3753 824 3824 imaginem
849 3752 947 3808 Dei
983 3755 1100 3824 fecit
1143 3755 1325 3819 illum;
1354 3756 1634 3808 masculum
1670 3764 1715 3808 ct
1737 3755 1890 3825 femi-

297 3860 418 3896 nam
449 3846 568 3914 fecit
591 3846 730 3901 illos.
772 3845 1151 3901 Animadverte
1185 3857 1378 3916 quanta
1413 3861 1538 3900 usus
1558 3854 1637 3900 est
1667 3861 1888 3901 accura-

299 3936 467 4004 tione,
495 3939 663 3993 semel
688 3947 850 4006 atque
881 3939 1072 3992 iterum
1105 3938 1243 3993 idem
1274 3939 1456 3993 dicens
1477 3980 1493 4004 ,
1531 3939 1664 3992 utin
1693 3939 1888 3993 menti-

301 4029 400 4084 bus
451 4029 757 4083 auditorum
790 4030 925 4084 bene
970 4029 1155 4099 reponi
1203 4030 1410 4101 possint
1453 4047 1572 4101 qua:
1617 4030 1887 4086 dicuntur.

299 4113 410 4176 Nisi
453 4122 596 4176 enim
626 4124 727 4176 hoc
746 4123 794 4177 ei
825 4139 967 4177 cura:
1001 4123 1221 4189 fuisset,
1254 4122 1552 4179 sufficiebat
1577 4123 1789 4189 dicere,
1824 4123 1890 4178 Et

301 4215 417 4288 fecit
456 4213 596 4266 Deus
627 4215 878 4266 hominem
909 4230 928 4267 :
953 4213 1047 4268 sed
1079 4213 1266 4268 iterum
1299 4215 1550 4283 apponit,
1597 4215 1888 4269 Secundum

297 4305 569 4377 imaginem
597 4304 692 4358 Dei
716 4305 834 4376 fecit
863 4305 1029 4359 illum.
1076 4305 1360 4375 Postquam
1389 4305 1532 4360 enim
1574 4321 1672 4360 nos
1709 4306 1890 4360 docuit

300 4410 393 4464 per
417 4395 794 4467 praecedentia,
821 4395 945 4466 quid
977 4398 1080 4461 sit,
1127 4396 1420 4452 Secundum
1451 4396 1756 4468 imaginem,
1789 4397 1888 4453 de-

300 4480 507 4541 nuo'ea
551 4487 621 4552 de
666 4502 826 4544 causa
856 4488 941 4543 hic
979 4487 1225 4544 eumdem
1254 4491 1446 4557 repetit
1469 4503 1768 4544 sermonem
1790 4531 1805 4556 ,
1836 4499 1892 4544 et

297 4579 460 4632 dicit:
495 4578 792 4638 Secundum
807 4579 1080 4650 imaginem
1112 4579 1204 4634 Dei
1229 4580 1343 4650 fecit
1364 4596 1496 4632 eum.
1521 4579 1587 4633 Et
1617 4589 1673 4632 ut
1701 4595 1766 4634 ne
1791 4581 1892 4634 im-

301 4668 587 4736 pudentem
636 4669 850 4739 quidem
895 4670 1222 4724 defensionis
1269 4679 1584 4739 pr:rtextutn
1625 4671 1890 4740 relinquat

301 4762 552 4816 Ecclesia:
580 4763 827 4830 dogmata
877 4763 1189 4832 impugnare
1231 4762 1565 4828 volentibus,
1619 4763 1888 4832 paululum

301 4869 617 4923 progressus
662 4854 802 4909 idem
851 4855 1042 4909 iterum
1075 4855 1232 4909 docet
1256 4897 1270 4919 ,
1304 4855 1446 4924 quod
1477 4856 1598 4910 ideo
1643 4855 1889 4926 imaginis

298 4948 514 5000 nomine
543 4962 670 5001 usus
698 4947 784 5008 sit,
815 4947 953 5016 quod
985 4948 1341 5015 imperaturus
1369 4990 1384 5013 ,
1429 4958 1484 5002 et
1527 4948 1628 5001 sub
1655 4965 1714 5003 se
1739 4965 1890 5003 crea-

301 5049 444 5092 turas
471 5053 662 5091 omnes
691 5037 965 5092 habiturus
991 5047 1151 5094 esset.
1183 5038 1300 5093 Jam
1337 5041 1608 5094 videamus
1650 5039 1774 5110 quid
1803 5040 1887 5094 di-

296 5142 366 5184 ιῖιι
393 5149 406 5184 :
438 5130 506 5184 Et
528 5131 647 5200 fecit
680 5130 816 5184 Dens
851 5131 1139 5194 hominem;
1173 5133 1446 5186 secundum
1494 5133 1764 5202 imaginem
1792 5131 1888 5185 Dei

299 5222 414 5287 fecit
444 5223 590 5275 illum
630 5241 650 5288 ,'
679 5225 962 5277 masculum
996 5233 1043 5276 et
1073 5226 1310 5295 feminam
1336 5227 1450 5294 fecit
1474 5225 1607 5278 illos.
1646 5224 1700 5278 Id
1745 5225 1887 5294 quod

300 5331 456 5383 supra
489 5316 871 5381 insinuaverat,
899 5316 1103 5378 dicens.
1140 5317 1202 5370 Et
1232 5317 1570 5382 dominentur,
1603 5317 1688 5371 hic
1717 5317 1888 5370 maui-

301 5410 483 5464 festius
517 5410 688 5471 dixit;
719 5410 944 5480 idipsum
987 5418 1163 5464 tamen
1204 5411 1545 5465 recontlitiori
1594 5411 1754 5464 modo
1790 5425 1888 5465 nos

301 5500 500 5556 docens
535 5519 548 5555 :
583 5501 818 5555 nondum
857 5486 999 5555 enim
1035 5501 1102 5555 de
1141 5501 1456 5556 formatione
1479 5501 1754 5569 docuerat,
1791 5519 1887 5556 ne-

303 5610 402 5661 que
440 5593 646 5648 dixerat
687 5595 828 5649 unde
871 5593 1063 5648 mulier
1107 5595 1357 5663 producta
1393 5613 1406 5647 :
1439 5594 1723 5649 Masculum
1754 5637 1768 5660 ,
1808 5597 1888 5650 in-

301 5686 448 5754 quit,
491 5696 537 5738 et
563 5686 802 5754 feminam
847 5687 964 5757 fecit
1002 5687 1136 5740 illos.
1180 5678 1368 5740 Vidisti
1399 5687 1700 5755 quomodo,
1743 5689 1885 5758 quod

304 5778 534 5830 nomium
559 5777 756 5831 factum
779 5819 793 5843 ,
825 5779 971 5847 quasi
999 5782 1107 5846 jam
1141 5779 1334 5834 factum
1368 5779 1642 5833 narravit?
1687 5780 1884 5849 Hujus-

302 5871 443 5924 ωοᾱὶ
468 5879 591 5926 sunt
617 5871 755 5926 oculi
784 5871 1084 5942 spirituales
1117 5890 1127 5925 :
1159 5887 1330 5942 neque
1347 5873 1486 5926 enim
1517 5879 1719 5926 tantum
1749 5888 1882 5942 prmo

1999 539 2142 586 stare
2189 545 2411 602 possunt
2447 536 2753 605 corporales
2782 538 2834 592 bi
2884 539 3046 603 oeuli,
3074 538 3164 608 qui
3199 540 3420 594 visibilia
3463 557 3584 594 cerv

1998 629 2150 686 nunt,
2175 632 2431 691 quantum
2447 626 2585 678 oculi
2612 627 2850 694 spiritus,
2879 629 2967 696 qui
2987 643 3049 684 ea
3070 645 3189 698 qua:
3211 646 3316 683 non
3337 629 3586 686 videntur

1997 728 2170 784 neque
2211 715 2536 780 subsistunt,
2593 717 2775 772 videre
2816 728 3056 787 possunt.
3109 719 3268 790 Igitur
3311 731 3367 775 ut
3411 721 3582 779 dixit.

1999 805 2290 860 Masculum
2326 817 2374 862 ct
2397 810 2638 879 feminam
2665 811 2781 881 fecit
2815 812 2950 875 illos,
2981 813 3132 882 quasi
3171 813 3382 881 utrique
3417 813 3585 868 bene-

1997 897 2285 952 dictionem
2308 899 2482 965 daret,
2508 899 2639 955 dicit
2666 917 2680 955 :
2713 901 2778 954 Et
2795 903 3043 957 benedixit
3071 905 3174 958 illis
3206 905 3362 972 Deus,
3392 906 3582 971 dicens,

1996 987 2231 1056 Crescite,
2259 999 2306 1043 et
2334 991 2768 1061 multiplicamini,
2801 1005 2845 1046 et
2871 993 3074 1062 implete
3099 1005 3284 1048 terram
3305 1036 3322 1061 ,
3353 1007 3398 1050 et
3420 996 3585 1049 domi.

1993 1080 2190 1132 numini
2237 1081 2312 1134 illi
2334 1121 2349 1145 ,
2393 1090 2440 1135 et
2479 1081 2720 1151 imperate
2761 1084 2981 1154 piscibus
3033 1085 3202 1139 maris.
3238 1086 3378 1142 Ecce
3421 1102 3581 1157 quam

1993 1173 2236 1228 eminens
2260 1173 2580 1230 benedictio.
2620 1175 2750 1230 Nam
2782 1175 2903 1242 hoc,
2936 1179 3170 1242 Crescite,
3199 1190 3246 1232 et
3271 1181 3580 1248 multiplica-

1996 1267 2154 1333 mini,
2185 1276 2231 1320 et
2257 1268 2461 1337 implete
2485 1279 2672 1323 terram
2690 1311 2704 1332 ,
2751 1273 2909 1324 etiam
2937 1270 3004 1325 de
3030 1271 3199 1326 brutis
3225 1273 3542 1326 animalibus
3563 1313 3579 1338 ,

1996 1369 2050 1412 et
2079 1358 2358 1428 rcptilibus
2381 1358 2580 1414 dictum
2603 1369 2685 1415 cst
2717 1376 2730 1413 :
2759 1359 2852 1415 sed
2877 1402 2893 1428 ,
2939 1360 3283 1415 Dominamini
3301 1403 3315 1427 ,
3344 1374 3389 1416 et
3423 1365 3583 1432 impe-

1994 1459 2132 1513 rate,
2176 1453 2243 1506 de
2264 1453 2379 1506 viro
2404 1461 2459 1507 et
2492 1453 2719 1508 muliere
2759 1453 2981 1508 dictum.
3024 1454 3156 1510 Vide
3203 1455 3578 1526 benignitatem

1999 1544 2207 1599 Domini
2241 1563 2254 1599 :
2284 1555 2569 1616 antequam
2614 1547 2888 1601 mulierem
2918 1548 3170 1616 producat
3207 1587 3226 1615 ,
3272 1551 3577 1618 participem

1996 1638 2137 1692 illam
2169 1637 2292 1692 facit
2323 1638 2564 1710 imperii,
2589 1647 2643 1694 et
2669 1639 3054 1695 benedictionis
3081 1640 3282 1696 honore
3311 1641 3578 1710 dignatur.

1998 1728 2062 1782 Et
2093 1729 2363 1794 impcrate,
2395 1730 2503 1797 ait,
2531 1731 2748 1802 piscibus
2777 1733 2952 1798 maris,
2981 1741 3027 1786 ct
3053 1733 3335 1787 volatilibus
3363 1735 3472 1787 αυΙὶ
3490 1777 3506 1796 ,
3535 1745 3580 1788 et

1996 1821 2227 1900 omnibus
2251 1823 2531 1891 pecoribus,
2559 1831 2604 1876 et
2628 1825 2872 1878 universa:
2903 1833 3069 1891 terrae,
3097 1834 3142 1876 et
3168 1824 3395 1878 omnibus
3423 1827 3578 1895 repti-

1995 1911 2146 1976 libus,
2168 1928 2280 1981 qua:
2297 1923 2479 1982 repunt
2503 1930 2654 1984 super
2681 1924 2886 1967 terram.

2069 2005 2121 2058 5.
2154 2004 2341 2073 Vidisti
2369 2005 2775 2061 inenarrabilcm
2804 2008 3156 2076 potestatem?
3179 2006 3350 2061 vidisti
3381 2007 3578 2076 princi-

1995 2107 2148 2166 patus
2171 2098 2632 2167 magnitudinem?
2659 2099 2836 2154 vidisti
2862 2099 3076 2154 condita
3103 2101 3278 2153 omnia
3306 2101 3404 2153 sub
3428 2099 3580 2168 hujus

1997 2201 2311 2260 potestatem
2344 2191 2598 2245 redacta?
2623 2191 2766 2246 Nihil
2809 2192 3034 2262 posthac
3071 2192 3340 2247 mediocre
3383 2191 3450 2246 de
3495 2207 3582 2246 ra—

1998 2283 2180 2336 tionali
2223 2283 2324 2336 hoc
2369 2283 2588 2337 animali
2635 2283 2980 2354 imagineris,
3025 2284 3118 2339 sed
3161 2284 3334 2352 cogita
3365 2284 3582 2338 honoris

1997 2373 2411 2442 magnitudinem
2431 2414 2447 2439 ,
2489 2384 2544 2429 et
2565 2374 2772 2429 Domini
2797 2390 2921 2445 erga
2953 2375 3076 2429 illud
3107 2375 3528 2431 benet'o'entiam
3562 2417 3578 2441 ,

1995 2465 2379 2535 obstupcseens
2424 2465 2564 2520 illius
2608 2466 2922 2519 immensam
2959 2474 3015 2520 et
3042 2467 3450 2522 inenarrabilem
3482 2466 3576 2518 be-

1995 2555 2326 2624 nignitatem.
2353 2555 2445 2610 29.
2476 2555 2542 2610 Et
2568 2557 2696 2611 dixit
2725 2556 2863 2610 Deus
2885 2573 2903 2611 :
2931 2556 3066 2611 Ecce
3087 2557 3201 2610 dedi
3227 2556 3360 2610 vobis
3383 2573 3578 2609 omnem

1996 2648 2200 2700 herbam
2241 2649 2488 2713 sativam;
2531 2650 2784 2703 seminans
2825 2665 2988 2702 semen
3030 2648 3164 2719 quod
3197 2658 3270 2702 est
3295 2666 3448 2718 super
3477 2658 3578 2702 ter-

1995 2756 2104 2792 ram
2133 2754 2152 2794 :
2179 2749 2227 2794 et
2251 2756 2394 2793 omne
2420 2739 2633 2810 lignum,
2662 2740 2798 2811 quod
2822 2740 2965 2794 habet
2993 2741 3046 2794 in
3070 2743 3232 2808 seipse
3254 2743 3470 2811 fructum
3495 2757 3579 2792 se-

1995 2831 2144 2885 minis
2172 2831 2316 2886 sativi
2340 2873 2356 2898 ,
2404 2833 2540 2886 vobis
2567 2833 2661 2886 erit
2686 2833 2736 2886 in
2765 2832 2930 2886 cibum
2953 2874 2969 2898 ,
2993 2833 3083 2887 ‘50.
3121 2842 3166 2886 et
3194 2832 3424 2884 omnibus
3460 2833 3580 2902 feris

1997 2932 2143 2977 terra?
2165 2965 2182 2990 ,
2226 2932 2276 2979 et
2299 2924 2526 2980 omnibus
2550 2924 2834 2979 volatilibus
2861 2926 2972 2979 caeli
2997 2966 3012 2991 ,
3069 2935 3116 2978 et
3141 2925 3280 2978 omni
3307 2925 3472 2994 rcptili
3501 2941 3580 2978 re-

1994 3015 2132 3086 penti
2160 3032 2312 3088 super
2336 3025 2519 3071 terram.
2538 3057 2554 3082 ,
2584 3016 2720 3087 quod
2746 3017 2890 3070 habet
2917 3018 2969 3070 in
2993 3017 3156 3085 seipso
3184 3017 3403 3068 animant
3429 3017 3577 3082 vitm,

1994 3117 2041 3162 et
2067 3123 2264 3162 onmem
2293 3107 2495 3162 herbam
2516 3109 2723 3162 viridem
2747 3108 2800 3162 in
2829 3109 3014 3162 cibum.
3049 3107 3115 3162 Et
3160 3109 3347 3177 factum
3385 3118 3458 3162 est
3486 3109 3578 3161 ita.

1997 3199 2129 3254 Vide
2148 3239 2165 3265 ,
2193 3199 2452 3266 obsecro,
2489 3199 2764 3256 carissime
2784 3240 2801 3265 ,
2839 3199 3125 3254 verborum
3145 3199 3466 3269 diligentiam
3484 3242 3498 3264 ,
3527 3209 3581 3256 et

1996 3293 2314 3349 ineffabilem
2356 3294 2450 3350 Dei
2500 3293 2877 3365 benignitatem
2903 3337 2919 3359 ,
2955 3303 3011 3350 et
3041 3310 3108 3349 ne
3147 3295 3270 3365 quid
3315 3294 3579 3348 dictorum

1993 3386 2306 3456 simpliciter
2353 3397 2657 3457 prietereas.
2700 3387 2767 3442 Et
2791 3387 2950 3454 dixit,
2991 3387 3200 3458 inquit,
3231 3385 3368 3441 Deus
3401 3402 3420 3440 :
3452 3385 3581 3439 Ecce

1994 3477 2110 3533 dedi
2155 3478 2292 3532 vobis
2340 3495 2538 3534 omnem
2585 3478 2791 3532 herbam
2840 3479 3053 3533 sativam
3084 3493 3105 3532 :
3141 3479 3292 3549 quasi
3336 3477 3404 3532 ad
3445 3477 3581 3534 duos

1993 3582 2173 3623 sermo
2198 3568 2288 3635 sit,
2317 3567 2561 3638 quamvis
2584 3568 2819 3624 nondum
2839 3569 3062 3624 muliere
3079 3568 3351 3638 producta.
3379 3567 3579 3623 Deinde

1994 3669 2048 3714 ut
2074 3659 2249 3716 discas
2275 3660 2623 3716 excellentem
2653 3660 2770 3731 ejus
2789 3660 3083 3716 bonitatem
3116 3701 3130 3725 ,
3159 3659 3280 3714 vide
3308 3659 3578 3728 quomodo

1992 3756 2315 3810 eminentem
2357 3755 2732 3826 benignitatem
2761 3795 2778 3820 ,
2837 3763 2893 3811 et
2937 3753 3126 3809 miram
3176 3753 3574 3816 liberalitatem,

1993 3864 2099 3903 non
2128 3850 2179 3904 in
2208 3849 2324 3904 viro
2352 3858 2403 3904 et
2429 3849 2653 3904 muliere
2681 3848 2916 3904 nondum
2951 3847 3171 3903 formata
3199 3848 3370 3902 solum
3399 3846 3578 3901 decla-

1991 3949 2095 4006 ret,
2126 3941 2218 3996 sed
2246 3949 2300 3996 ct
2327 3942 2377 3994 in
2409 3940 2539 4010 ipsis
2556 3940 2745 3999 brutis.
2773 3939 2906 3994 Nam
2931 3947 2992 3992 ut
3019 3939 3152 3994 dixit
3179 3955 3192 3992 :
3236 3936 3382 3991 Vobis
3411 3937 3504 3990 erit
3523 3936 3576 3989 in

1990 4034 2185 4098 cibum,
2216 4032 2466 4099 subdidit,
2493 4031 2561 4086 Et
2582 4033 2811 4088 omnibus
2839 4033 3005 4087 bestiis
3031 4042 3194 4087 teme.
3225 4031 3356 4086 Vide
3383 4032 3573 4086 iterum

1990 4125 2149 4179 aliam
2179 4125 2429 4196 abyssum
2466 4124 2826 4194 benignitatis.
2878 4123 2992 4178 Non
3029 4123 3170 4178 enim
3201 4123 3370 4176 solum
3409 4122 3576 4175 brutis

1991 4215 2318 4279 domesticis,
2349 4224 2403 4270 et
2429 4224 2613 4270 nostro
2638 4214 2752 4268 usui
2775 4213 3152 4278 servientibus,
3172 4212 3254 4266 vel
3281 4211 3344 4265 ad
3366 4211 3568 4273 cibum,

1991 4309 2076 4363 ιιι-ι
2121 4307 2187 4361 ad
2234 4307 2625 4371 ministerium,
2671 4306 2765 4362 sed
2807 4314 2862 4361 et
2887 4305 3014 4360 feris
3040 4304 3332 4375 prospexit.
3377 4304 3574 4372 Ecquis

1991 4415 2090 4469 pro
2116 4398 2368 4468 dignitate
2409 4398 2642 4468 attigerit
2680 4399 2990 4452 immensam
3035 4396 3189 4451 istam
3236 4395 3574 4450 bonitatem?

2003 4489 2152 4544 Vobis
2177 4491 2266 4544 erit
2291 4491 2342 4543 in
2368 4490 2569 4554 cibum,
2620 4489 2822 4559 inquit,
2866 4497 2913 4543 et
2940 4487 3168 4542 omnibus
3204 4486 3371 4542 bestiis
3397 4496 3570 4551 terrm,

1991 4593 2038 4636 et
2066 4581 2298 4636 onmibus
2316 4581 2599 4636 volatilibus
2625 4581 2755 4648 cwli,
2791 4589 2836 4635 et
2855 4581 2992 4635 omni
3021 4579 3192 4650 rcptili
3213 4579 3404 4648 repenti
3421 4594 3574 4645 super

1992 4684 2198 4739 terram,
2229 4673 2363 4744 quod
2383 4673 2531 4728 habet
2554 4673 2610 4726 in
2627 4673 2888 4742 semetipso
2909 4672 3130 4725 animam
3155 4671 3285 4730 vitm.
3308 4679 3354 4723 et
3375 4685 3572 4723 omnem

1992 4765 2196 4821 herbam
2226 4765 2435 4819 viridem
2476 4764 2528 4818 in
2568 4763 2751 4816 cibum.
2794 4763 2979 4832 Magna
3010 4762 3216 4816 Domini
3247 4775 3369 4829 erga
3401 4758 3572 4812 homi-

1995 4875 2116 4913 nem
2141 4901 2156 4926 ,
2205 4873 2362 4925 quem
2392 4855 2670 4920 condidit,
2719 4855 3020 4910 ostenditur
3050 4853 3394 4924 providentia.
3436 4851 3569 4906 Nam

1995 4960 2270 5020 postquam
2303 4949 2474 5018 ipsum
2508 4947 2782 5018 produxit,
2815 4956 2869 5001 ct
2911 4947 3084 4999 omnis
3113 4954 3370 4999 creatura:
3397 4943 3567 4998 dan

1993 5042 2139 5096 nium
2172 5041 2269 5110 ipsi
2301 5039 2552 5104 tradidit;
2583 5047 2639 5092 ut
2660 5055 2725 5092 ne
2754 5037 2931 5093 statim
2954 5035 3566 5104 abiniliojumentorum

1991 5131 2382 5187 multitudinem
2425 5131 2610 5184 videns
2640 5128 2958 5182 stomachari
3009 5127 3208 5196 possit,
3264 5125 3411 5192 quasi
3463 5141 3566 5182 non

1990 5225 2257 5279 sufficeret
2284 5223 2350 5277 ad
2377 5221 2565 5278 alenda
2590 5228 2666 5273 tot
2689 5228 2743 5273 et
2777 5228 2920 5273 tanta
2944 5218 3190 5271 animalia
3223 5235 3234 5269 :
3267 5219 3561 5285 priusquam

1990 5317 2058 5371 de
2103 5317 2204 5371 hoc
2245 5315 2330 5370 vel
2373 5315 2658 5386 cogitaret,
2696 5311 2867 5365 bonus
2902 5311 3042 5364 Dens
3073 5293 3443 5378 praeveniendo
3471 5308 3561 5359 dc-

1993 5411 2231 5464 mulcens
2260 5423 2382 5461 eum
2410 5449 2426 5470 ,
2457 5415 2512 5459 nt
2537 5405 2604 5458 ita
2633 5403 2842 5465 dicam,
2869 5411 2924 5456 et
2949 5400 3236 5455 ostendens
3262 5408 3365 5452 tam
3399 5399 3564 5466 ipsum

1991 5519 2148 5572 quam
2171 5502 2410 5572 iumenta
2437 5507 2490 5553 et
2511 5499 2662 5552 bruta
2691 5496 2868 5550 omnia
2887 5536 2904 5561 ,
2933 5502 3196 5563 praecepto
3225 5491 3430 5545 Domini
3462 5507 3562 5542 oin.

1993 5610 2115 5648 nem
2147 5595 2351 5662 c0piam
2379 5589 2443 5643 ad
2474 5590 2585 5642 hazc
2612 5586 2820 5652 alenda,
2853 5597 2988 5640 terra
3017 5582 3420 5654 suppeditante,
3451 5595 3567 5638 esse

1993 5686 2294 5747 habituros,
2326 5691 2602 5750 postquam
2629 5679 2787 5742 dixit,
2833 5678 2946 5732 Erit
2975 5678 3111 5732 vobis
3135 5678 3187 5730 in
3215 5676 3420 5740 cibum;
3448 5691 3564 5728 mox

1990 5775 2279 5848 subjuugit,
2317 5775 2377 5828 Et
2400 5773 2625 5826 omnibus
2649 5770 2816 5825 bestiis
2844 5780 3018 5837 terrm,
3048 5781 3096 5824 et
3123 5768 3402 5824 volatilibus
3427 5768 3561 5829 cwli,

1994 5879 2040 5927 ei
2067 5869 2203 5926 omni
2236 5867 2400 5940 rcptili
2436 5867 2623 5938 repenti
2651 5880 2799 5935 super
2825 5871 3042 5932 terram,
3083 5863 3216 5933 quod
3241 5862 3387 5917 habet
3409 5863 3461 5913 in
3487 5875 3568 5913 sc-
