4040 6378
394 5591 418 5702 l

397 5711 414 5837 ἶ

423 369 488 424 87

421 482 631 553 mett‘pso
659 481 879 534 animam
909 481 1038 540 vitm.
1080 489 1124 531 et
1151 495 1349 531 omnent
1377 477 1577 530 herbam
1606 475 1814 529 viridem
1844 475 1894 526 in
1926 474 2001 526 ci-

423 575 560 626 bum.
602 570 666 624 Et
699 575 886 642 factum
909 571 1090 623 estita.
1137 567 1325 623 Omnia
1349 580 1698 638 qnmcumqne
1728 564 2007 634 imperavit

423 665 702 730 Conditor,
729 663 930 734 inquit,
962 677 1124 732 opere
1155 659 1388 732 perfecta
1418 668 1562 724 sunt,
1587 665 1640 712 et
1667 657 1844 736 omnia
1874 670 2005 710 con-

421 756 629 822 gruenti
664 757 852 809 ordine
878 765 1002 809 sunt
1026 755 1332 819 constituta,
1363 763 1643 822 propterea
1671 750 1848 805 statim
1877 748 2007 804 sub-

420 848 495 898 dit
543 865 555 899 :
589 847 678 901 3|.
705 844 770 900 Et
805 848 925 901 vidit
953 846 1090 901 Deus
1117 846 1288 900 omnia
1314 859 1636 915 qudcumque
1655 843 1790 912 fecit,
1823 851 1869 895 et
1896 855 2009 894 ecce

420 939 549 991 bona
577 939 739 995 valde.

503 1030 556 1084 6.
585 1033 715 1100 Quis
746 1048 844 1103 pro
866 1032 1119 1102 dignitate
1147 1029 1374 1085 laudarit
1400 1027 1590 1083 divinzc
1616 1026 1902 1097 Scriptum
1931 1023 2011 1078 di-

423 1129 732 1200 ligentiam?
768 1130 905 1183 Ecce
927 1127 1070 1182 enim
1093 1135 1145 1180 et
1175 1125 1261 1179 hic
1280 1124 1443 1179 verbo
1468 1139 1574 1177 uno
1595 1122 1781 1177 dicens
1805 1137 1818 1174 :
1846 1119 1912 1174 Et
1937 1121 2010 1173 vi-

424 1223 498 1274 dit
550 1220 687 1275 Deus
734 1219 904 1273 omnia
949 1232 1273 1290 quaecumque
1301 1216 1452 1284 fecit,
1495 1215 1723 1283 linguam
1771 1211 2008 1266 omnium

428 1323 611 1384 postea
643 1310 1010 1367 contradicere
1035 1310 1339 1364 conantium
1383 1306 1731 1376 compescuit.
1779 1305 1847 1359 Et
1891 1305 2011 1358 vidit

426 1404 564 1456 Deus
591 1447 604 1468 ,
643 1404 846 1472 inquit,
888 1403 1058 1456 omnia
1085 1417 1409 1470 quire-umque
1437 1399 1588 1468 fecit,
1630 1407 1676 1451 et
1699 1407 1841 1451 erant
1867 1396 2014 1450 valde

425 1497 575 1549 bona.
626 1495 689 1548 Et
724 1495 861 1564 ['acta
896 1504 966 1548 est
994 1510 1228 1563 vespera,
1278 1503 1324 1545 et
1356 1495 1546 1563 factum
1574 1501 1646 1544 est
1686 1506 1833 1543 mane
1855 1531 1869 1553 ,
1906 1490 2012 1542 dies

425 1597 613 1640 set-tus.
639 1588 898 1654 Quoniam
922 1587 1064 1642 enim
1091 1588 1156 1640 de
1179 1601 1490 1654 unaquaque
1511 1593 1755 1638 creatura
1779 1582 2008 1646 dicebat,

428 1678 495 1733 Et
523 1680 644 1733 vidit
684 1679 824 1734 Deus
849 1680 983 1750 quod
1009 1688 1135 1733 esset
1164 1682 1344 1733 bonum
1371 1693 1390 1732 :
1419 1692 1557 1731 nunc
1598 1675 1808 1746 quando
1835 1675 2012 1728 omnia

424 1773 689 1840 eotnplcta
712 1783 865 1835 sunt,
894 1782 948 1826 et
971 1771 1074 1827 diei
1103 1771 1236 1825 sexti
1262 1787 1424 1840 Opera
1463 1769 1620 1824 finem
1648 1775 1972 1836 acceperunt
1994 1807 2010 1830 ,

427 1873 480 1915 ct
507 1864 590 1933 qui
615 1864 875 1918 creaturis
918 1863 1165 1917 omnibus
1219 1863 1473 1916 fruiturus
1527 1871 1677 1926 erat,
1723 1860 2014 1930 productus

427 1964 550 2019 est,
585 1955 795 2023 inquit:
831 1955 894 2009 Et
925 1956 1045 2008 vidit
1067 1955 1204 2009 Deus
1230 1957 1397 2008 omnia
1417 1968 1743 2026 qmrcuntque
1770 1951 1888 2020 fecit
1910 1991 1926 2016 ,
1968 1958 2014 2002 et

428 2063 539 2098 ecce
564 2045 710 2099 valde
736 2047 886 2100 bona.
914 2045 1202 2102 Considera
1229 2046 1498 2116 quomodo
1525 2045 1800 2099 creaturas
1825 2055 2013 2094 omnes

429 2136 531 2191 hoc
569 2141 754 2206 verbo,
782 2140 1002 2206 Omnia,
1050 2141 1205 2194 simul
1242 2140 1588 2209 complexus,
1629 2152 1814 2190 omnes
1857 2133 2012 2187 simul

428 2229 583 2284 laude
611 2242 963 2302 proscquutus
989 2241 1090 2287 est.
1122 2231 1303 2301 Neque
1331 2231 1471 2285 enim
1501 2239 1558 2283 ut
1581 2227 1752 2290 dixit,
1788 2227 1973 2279 Omnia
1996 2267 2011 2290 ,

426 2320 718 2378 Contentus
760 2324 856 2378 fuit
895 2340 960 2377 eo
1005 2323 1205 2388 verbo,
1247 2322 1340 2378 sed
1372 2320 1640 2386 subdidit,
1679 2319 2017 2388 Qua‘cumque

431 2414 546 2484 fecit
575 2430 593 2466 :
619 2425 673 2469 et
701 2431 869 2484 neque
900 2414 1013 2468 [nec
1053 2423 1255 2468 tantum
1284 2414 1449 2478 dixit,
1491 2411 1585 2466 sed
1619 2409 1683 2464 Et
1713 2427 1824 2464 ecce
1847 2410 1977 2462 bona
1997 2449 2012 2474 ,

429 2518 484 2560 et
521 2506 678 2560 Valde
703 2506 866 2574 bona,
913 2507 1015 2562 hoc
1042 2517 1163 2574 est,
1209 2505 1492 2561 admodum
1518 2506 1678 2560 bona.
1711 2503 1870 2572 Igitur
1893 2515 2014 2554 cum

432 2601 688 2656 Dominus
711 2644 727 2666 ,
756 2603 844 2672 qui
880 2617 963 2657 res
998 2617 1064 2656 ex
1096 2600 1262 2656 nihilo
1295 2609 1350 2654 ut
1375 2607 1556 2654 essent
1597 2597 1881 2668 produxit,
1923 2608 2016 2648 cas

431 2694 584 2747 valde
612 2693 776 2747 bonas
800 2737 814 2756 ,
861 2704 915 2749 ct
943 2693 1228 2748 admodum
1271 2693 1438 2748 bonas
1466 2691 1592 2747 dicit
1611 2732 1626 2755 ,
1659 2691 1778 2759 quis
1806 2687 2014 2744 etiamsi

432 2785 633 2839 iusmiia
665 2787 732 2838 sit
761 2787 966 2855 plenus,
995 2787 1078 2840 vel
1100 2801 1161 2840 os
1187 2786 1416 2855 aperire,
1447 2793 1501 2838 et
1523 2782 1893 2837 contradicere
1925 2779 2012 2832 [lci

433 2877 610 2928 verbis
658 2877 887 2931 audeat?
915 2878 1172 2946 Quoniam
1201 2877 1343 2932 enim
1379 2879 1429 2930 in
1457 2873 1756 2928 visibilibus
1795 2887 1897 2925 non
1925 2886 2014 2925 so-

433 2967 542 3021 lum
570 2969 655 3022 lux
687 2981 861 3022 creata
887 2978 968 3024 est
989 3011 1002 3032 ,
1030 2969 1121 3023 scd
1154 2977 1207 3023 et
1235 2968 1465 3022 tenebrae
1492 2966 1734 3020 adversm
1780 2963 1880 3018 luci
1902 3005 1918 3030 ,
1961 2973 2017 3017 ct

433 3076 540 3113 non
573 3062 742 3115 solum
773 3063 886 3117 dies
910 3104 924 3127 ,
957 3062 1050 3116 sed
1075 3071 1128 3116 et
1157 3077 1258 3115 nox
1281 3061 1546 3115 contraria
1577 3059 1679 3114 diei
1705 3075 1720 3123 ;
1762 3067 1814 3112 et
1845 3059 1894 3111 in
1926 3073 2013 3110 se-

434 3154 665 3208 minibus
687 3170 804 3223 qua:
845 3171 909 3209 ex
933 3163 1072 3209 terra
1098 3161 1423 3220 nascuntur,
1469 3168 1573 3206 non
1617 3151 1789 3206 solum
1834 3150 2016 3204 herba:

433 3246 612 3308 utiles,
647 3245 737 3299 sed
768 3256 824 3300 et
869 3245 1203 3316 perniciosae,
1235 3253 1291 3300 et
1320 3245 1538 3298 arbores
1569 3258 1672 3298 non
1701 3242 1872 3296 solum
1903 3240 2015 3294 fru-

433 3346 657 3402 ctuosa,
700 3337 793 3390 sed
835 3346 885 3390 et
917 3336 1257 3390 infructttos:e
1281 3378 1296 3401 ,
1340 3345 1395 3391 et
1433 3335 1680 3388 animalia
1714 3347 1817 3387 non
1844 3331 2014 3386 solum

434 3438 707 3484 mansueta
728 3470 745 3496 ,
777 3429 870 3484 sed
901 3438 954 3484 et
999 3429 1276 3500 sylvestria
1306 3438 1361 3484 et
1388 3427 1720 3492 truculenta;
1762 3432 1817 3480 et
1868 3424 1918 3478 in
1952 3422 2016 3478 iis

434 3537 554 3590 qua:
592 3537 742 3592 aqua:
785 3522 1182 3592 produxerunt,
1230 3537 1336 3576 non
1377 3520 1546 3574 solum
1585 3519 1794 3589 pisces,
1840 3515 1932 3570 sed
1965 3525 2019 3569 et

433 3625 554 3669 cete
605 3625 659 3668 et
683 3615 800 3668 ali.e
828 3615 1046 3668 mat-ina:
1077 3613 1266 3668 bellua:
1290 3629 1304 3677 ;
1334 3621 1389 3666 et
1417 3620 1554 3666 terra
1583 3625 1687 3663 non
1715 3609 1886 3661 solum
1918 3606 2016 3660 ha-

437 3706 700 3770 bitabilis,
756 3709 847 3760 sed
889 3717 943 3761 ct
985 3705 1382 3768 inhabitabilis;
1429 3713 1484 3758 et
1521 3717 1626 3757 non
1664 3700 1837 3755 solum
1878 3699 2017 3768 plani

435 3799 607 3867 campi
635 3841 649 3863 ,
697 3799 789 3852 sed
834 3800 995 3852 etiam
1027 3809 1233 3852 montes
1280 3806 1333 3850 et
1374 3796 1576 3860 colles;
1608 3803 1662 3849 et
1691 3795 1829 3848 inter
1854 3807 1980 3846 aves
2002 3832 2017 3858 ,

439 3903 543 3942 non
571 3889 740 3942 Sttilﬂll
768 3890 1095 3956 domestiea‘,
1122 3901 1176 3944 et
1199 3887 1265 3943 ad
1289 3887 1464 3942 cibum
1486 3895 1643 3957 aptae,
1676 3885 1767 3940 scd
1794 3894 1847 3939 et
1870 3883 2015 3951 ferae,

435 3990 487 4034 et
519 3981 800 4035 immundae
823 4022 836 4045 ,
889 3991 943 4035 et
991 3980 1176 4047 milvi,
1220 3988 1274 4034 et
1297 3979 1561 4044 vultures,
1609 3987 1666 4033 et
1691 3977 1793 4030 alia
1825 3975 2018 4030 similia

437 4075 602 4125 multa
626 4089 640 4133 ;
672 4084 927 4141 prauerea
958 4075 1006 4126 in
1038 4072 1102 4126 iis
1130 4088 1250 4142 quae
1279 4081 1416 4127 terra
1445 4070 1665 4140 profert,
1690 4084 1794 4124 non
1816 4077 2016 4124 tantum

441 4172 716 4218 mansueta
743 4174 795 4218 et
825 4166 1035 4218 innoxia
1064 4164 1311 4218 animalia
1337 4205 1352 4228 ,
1397 4163 1490 4218 sed
1526 4173 1578 4216 et
1604 4171 1880 4231 serpentes
1903 4200 1919 4226 ,
1966 4168 2021 4214 et

440 4259 654 4325 viperze,
688 4265 742 4311 ct
767 4256 1056 4320 dracones,
1086 4267 1140 4313 et
1171 4258 1385 4324 leones,
1421 4265 1475 4311 ct
1504 4255 1652 4326 pardi
1679 4273 1693 4320 ;
1739 4265 1792 4310 ct
1814 4255 1864 4308 in
1896 4270 2020 4309 aere

439 4366 546 4403 non
573 4349 742 4404 solum
773 4351 962 4419 pluvize
989 4362 1038 4405 et
1073 4352 1212 4404 venti
1245 4351 1420 4417 utiles,
1453 4351 1546 4406 sed
1576 4359 1631 4404 et
1655 4349 1939 4420 grandines
1965 4357 2021 4404 et

441 4441 636 4506 nives;
676 4451 729 4495 et
764 4456 807 4496 si
839 4443 955 4509 quis
981 4442 1190 4512 singula
1217 4452 1539 4512 pertractare
1561 4443 1726 4509 velit,
1773 4443 1938 4497 multa
1969 4443 2020 4496 in

445 4546 759 4601 unaquaque
779 4544 1142 4588 creaturarum
1167 4534 1416 4601 inveniet,
1443 4551 1562 4605 qua:
1589 4550 1696 4589 non
1717 4535 1889 4590 solum
1916 4551 2020 4588 non

439 4623 588 4678 utilia
613 4665 629 4691 ,
669 4625 765 4679 sed
794 4635 849 4680 et
875 4625 1128 4681 damnosa
1164 4627 1578 4684 existimentur:
1619 4628 1739 4682 ideo
1781 4639 1838 4682 ut
1891 4628 2021 4682 nulli

440 4715 663 4784 posthac
691 4717 846 4772 liceat
873 4727 1144 4773 creaturas
1165 4720 1466 4788 respicienti
1491 4720 1697 4788 Opitieia
1724 4719 2022 4789 vituperare

437 4824 502 4863 ac
529 4808 706 4863 dicere
739 4829 751 4862 :
781 4809 956 4878 Quare
997 4811 1097 4864 hoc
1119 4852 1134 4876 ,
1176 4820 1234 4865 ct
1279 4811 1344 4864 ad
1375 4812 1498 4880 quid
1531 4813 1716 4865 istud?
1746 4813 1846 4866 hoc
1887 4813 2020 4866 bene

441 4902 636 4955 factum
666 4912 776 4970 est,
807 4905 906 4958 hoc
933 4920 1034 4957 non
1064 4906 1202 4958 bene
1233 4922 1244 4956 :
1279 4903 1399 4959 ideo
1425 4921 1572 4958 sacra
1601 4906 1872 4974 Scriptura
1908 4921 2025 4957 om-

442 5009 572 5062 nes,
605 5005 664 5051 ut
692 4996 762 5051 ita
788 4996 958 5052 dicam
976 5037 992 5065 ,
1046 4997 1253 5068 ingrate
1281 4998 1495 5069 obloqui
1523 4998 1779 5053 audentes
1804 5013 2023 5067 compe-

438 5102 618 5154 scens,
650 5097 801 5142 sexto
829 5088 917 5144 die
945 5089 1203 5144 absolutis
1228 5091 1487 5145 creaturis
1514 5089 1781 5156 omnibus,
1806 5091 1975 5160 inquit
2004 5108 2018 5145 :

441 5179 508 5234 Et
548 5181 671 5234 vidit
711 5179 850 5236 Deus
885 5183 1054 5236 omnia
1086 5199 1412 5253 quascumque
1454 5186 1608 5254 fecit,
1645 5194 1692 5238 et
1738 5201 1850 5238 ecce
1877 5183 2022 5238 valde

380 5311 388 5362 ε
437 5273 598 5325 bona.‘
634 5273 768 5340 Quid
802 5273 958 5344 igitur
981 5316 996 5339 ,
1025 5274 1284 5343 obsecro,
1318 5292 1412 5346 par
1437 5277 1596 5332 fuerit
1632 5287 1737 5331 tam
1778 5277 2022 5333 fidelibus

439 5365 789 5443 testimoniis,
814 5368 1024 5437 quando
1050 5369 1162 5438 ipse
1191 5372 1411 5426 Creator
1444 5369 1761 5426 sententiam
1803 5371 1936 5438 fert,
1966 5380 2022 5426 et

439 5460 604 5527 dicit,
635 5463 814 5516 omnia
841 5479 1191 5535 quzecumque
1215 5466 1352 5522 facta
1397 5477 1559 5533 sunt,
1607 5466 1747 5523 bona
1777 5481 1896 5522 esse
1919 5507 1934 5528 ,
1967 5476 2022 5522 et

437 5552 590 5606 valde
614 5553 793 5608 bona?
822 5553 1080 5622 Quocirca
1109 5573 1229 5612 cum
1260 5559 1460 5614 videris
1489 5561 1718 5629 aliquem
1740 5603 1753 5625 ,
1790 5561 1878 5629 qui
1909 5561 2022 5615 suis

439 5645 727 5700 ratiociniis
754 5658 949 5714 motus,
981 5649 1197 5720 obloqui
1239 5650 1430 5705 divina:
1479 5652 1766 5723 Scriptura:
1793 5654 1982 5710 audeat
2003 5694 2019 5718 ,

437 5754 558 5791 eum
583 5742 733 5808 quasi
758 5741 998 5796 insanum
1027 5758 1310 5806 aversare;
1343 5743 1448 5798 imo
1475 5761 1541 5799 ne
1581 5748 1880 5811 averseris;
1925 5747 2018 5802 sed

449 5830 686 5886 uiset-tus
712 5833 1023 5903 ignorantiae
1072 5833 1222 5904 ejus,
1265 5834 1466 5904 produc
1493 5835 1542 5913 id
1576 5837 1715 5908 quod
1743 5838 1815 5894 ait
1840 5839 2015 5894 divina

1132 362 1188 419 S.
1228 361 1508 418 JOANNIS
1544 360 2015 418 Clll‘tYSOSTOMl
2055 361 2371 419 ARCHIEP.
2413 367 2948 427 CONSTANTINOP.

3626 387 3692 443 88

2110 475 2381 546 Scriptura
2408 520 2421 543 ,
2456 491 2507 535 et
2534 481 2636 544 dic,
2672 482 2808 537 Vidit
2836 485 2971 540 Deus
3001 491 3168 544 omnia
3188 510 3511 566 quarumque
3539 503 3654 570 fecit
3675 544 3692 567 ,

2112 577 2166 622 et
2193 569 2345 634 dixit,
2383 571 2512 627 Ecce
2538 575 2685 628 valde
2711 576 2886 642 bona;
2925 589 2978 633 et
3009 582 3245 639 [ONIbSlS
3276 569 3583 644 indomitam
3629 594 3694 645 il-

2114 660 2216 714 litts
2255 663 2484 732 linguam
2530 668 2807 724 continere
2849 673 3069 741 poteris.
3120 674 3251 728 Nam
3282 679 3326 730 si
3356 679 3406 732 iu
3453 679 3698 738 humanis

2112 756 2274 810 rebus
2301 771 2419 810 cum
2447 759 2691 816 videmus
2719 763 2846 817 viris
2882 766 3196 834 quibusdam
3237 773 3581 839 Optimatibus
3634 792 3700 830 ca

2113 862 2232 915 qua:
2260 847 2394 902 fiunt
2425 852 2635 918 probari
2663 894 2677 917 ,
2731 855 2937 911 calculo
2974 859 3181 914 illorttm
3218 877 3323 917 nun
3352 866 3657 921 obsistimus
3679 908 3698 935 ,

2113 937 2205 991 sed
2237 940 2625 1006 adstipulamur
2645 984 2662 1008 ,
2711 953 2764 998 et
2793 945 3002 1001 illorum
3035 956 3348 1007 sententiam
3377 957 3590 1026 proprio
3609 959 3697 1026 ju-

2113 1027 2254 1083 dicio
2285 1031 2617 1099 prteferimus
2647 1051 2658 1086 :
2703 1036 2870 1089 multo
2895 1039 3061 1109 magis
3087 1057 3210 1112 erga
3259 1045 3422 1100 Deum
3461 1050 3699 1102 omnium

2116 1119 2403 1176 visibilium
2430 1124 2673 1192 Opificem
2721 1126 2790 1179 ita
2821 1143 2916 1182 nos
2945 1144 3132 1198 gerere
3167 1135 3360 1202 decet;
3390 1146 3441 1192 ct
3471 1153 3591 1192 cum
3619 1140 3702 1193 di-

2115 1212 2405 1270 dicerimus
2443 1218 2560 1287 ejus
2604 1224 2958 1290 sententiam,
3005 1237 3185 1282 nostra
3227 1233 3582 1301 comprimere
3618 1253 3703 1289 ra-

2117 1306 2330 1360 tiociuia
2357 1348 2371 1372 ,
2419 1325 2592 1378 neque
2639 1313 2835 1383 aliquid
2888 1317 3022 1371 ultra
3049 1320 3302 1390 aggredi;
3344 1323 3438 1377 sed
3481 1325 3617 1380 scire
3647 1339 3703 1382 et

2116 1415 2430 1470 persuasum
2462 1403 2657 1459 habere
2683 1448 2698 1472 ,
2745 1409 2922 1463 omnia
2965 1412 3170 1467 ratione
3207 1414 3433 1483 quadam
3465 1459 3479 1483 ,
3527 1429 3583 1473 et
3607 1435 3704 1488 pro

2117 1494 2442 1564 benignitate
2467 1513 2583 1562 sua,
2613 1499 2680 1553 ab
2712 1499 2827 1568 ipso
2853 1503 3110 1572 producta
3141 1504 3326 1574 fuisse,
3358 1509 3595 1579 nihilque
3620 1524 3705 1565 te-

2117 1603 2265 1641 tnere
2293 1599 2347 1642 et
2373 1591 2489 1646 sine
2517 1607 2676 1646 causa
2697 1592 2893 1648 factum
2921 1611 3072 1662 esse;
3103 1613 3286 1653 verum
3326 1601 3450 1656 licet
3496 1618 3591 1657 nos
3635 1606 3704 1658 ob

2117 1689 2314 1733 nostra:
2345 1683 2566 1737 rationis
2593 1685 3007 1742 imbecillitatem
3035 1690 3344 1759 ignoremus
3371 1694 3702 1763 opificiorutn

2118 1773 2398 1827 utilitatem
2421 1814 2438 1840 ,
2490 1775 2660 1845 ipsum
2689 1785 2865 1832 tamen
2893 1781 3187 1835 secundum
3213 1797 3364 1836 suam
3393 1786 3704 1854 sapientiam

2117 1874 2170 1919 et
2198 1867 2599 1922 solertissimam
2630 1869 3012 1940 benignitatem
3044 1875 3223 1928 omnia
3253 1862 3588 1944 produxisse.

2190 1958 2242 2010 7.
2287 1957 2352 2010 Et
2382 1963 2520 2030 facta
2547 1971 2639 2028 est,
2670 1961 2859 2031 iuqttit,
2889 1979 3096 2034 vespera
3124 1975 3170 2018 et
3210 1967 3401 2035 factum
3427 1979 3499 2021 est
3537 1986 3702 2035 mane,

2119 2046 2224 2100 dies
2275 2060 2464 2104 sextus.
2505 2050 2623 2105 Fini
2666 2051 2770 2107 diei
2817 2063 2982 2108 sexta:
3022 2057 3183 2110 etiam
3235 2058 3394 2114 finem
3439 2060 3706 2116 formandi

2118 2149 2394 2196 creaturas
2437 2143 2681 2198 addidit:
2709 2154 2765 2200 et
2809 2155 3023 2216 propter
3054 2148 3153 2202 hoc
3178 2150 3449 2204 subdidit:
3494 2151 3557 2204 Et
3588 2171 3705 2220 prr-

2121 2237 2251 2302 fecta
2271 2244 2391 2287 sunt
2414 2235 2618 2303 malum,
2638 2246 2684 2289 et
2709 2251 2861 2299 terra,
2883 2249 2929 2291 et
2945 2241 3108 2294 omnis
3125 2253 3334 2295 ornatus
3359 2260 3528 2296 eorum
3552 2245 3703 2316 (Gen.

2118 2326 2170 2380 2.
2205 2326 2279 2397 l).
2308 2327 2599 2384 Considera
2630 2347 2786 2399 quam
2826 2333 2957 2387 nihil
2999 2335 3069 2388 sit
3094 2336 3443 2404 superfluum,
3473 2339 3707 2407 nihilque

2121 2417 2425 2473 redundans
2450 2420 2501 2474 in
2531 2421 2722 2476 divinis
2749 2422 2963 2477 Literis.
2998 2423 3284 2495 Postquam
3316 2429 3706 2484 elementorum

2119 2520 2307 2564 Cuncta
2333 2512 2803 2582 complectentium
2831 2515 3092 2579 tneminit,
3115 2532 3222 2571 non
3247 2519 3380 2572 ultra
3409 2520 3707 2574 minutatim

2119 2603 2321 2674 reliqua
2345 2616 2753 2674 commemorat,
2797 2609 2889 2662 sed
2923 2619 2978 2663 ut
3009 2610 3164 2679 dixit,
3200 2611 3432 2683 Perfecta
3460 2624 3574 2666 sunt
3602 2631 3706 2667 crv-

2122 2695 2224 2749 lum
2253 2706 2301 2751 et
2333 2706 2486 2765 terra,
2536 2698 2703 2766 addit,
2747 2701 2812 2754 Et
2855 2703 3017 2756 onmis
3061 2713 3269 2758 ornatus
3317 2722 3490 2758 eorum
3527 2721 3547 2760 :
3602 2722 3709 2776 quo

2119 2791 2382 2857 significat
2425 2793 2622 2860 omnia,
2665 2803 2719 2848 et
2760 2809 2879 2863 qua!
2923 2795 2974 2849 in
3005 2797 3161 2862 cazlo,
3195 2806 3250 2850 et
3293 2814 3411 2867 quae
3443 2798 3493 2850 iu
3540 2808 3706 2854 terra.

2119 2881 2350 2935 Ornatus
2375 2883 2516 2937 enim
2549 2893 2704 2938 terrae
2734 2895 2856 2938 sunt
2885 2901 2944 2940 ea
2973 2902 3089 2956 qua:
3118 2888 3186 2942 ab
3215 2888 3303 2943 illa
3344 2891 3702 2958 proferuntur,

2122 2982 2179 3025 ttt
2210 2972 2494 3028 hcrbarmn
2525 2975 2785 3044 germina,
2818 2976 3082 3032 fructuum
3114 2990 3424 3048 proventus,
3455 2981 3706 3035 arborum

2120 3063 2343 3128 fructus,
2372 3065 2581 3136 aliaque
2611 3068 2788 3122 omnia
2818 3067 3013 3138 quibus
3060 3069 3202 3124 illam
3239 3069 3429 3141 Opifex
3465 3072 3704 3125 ornavit:

2120 3167 2342 3211 ornatus
2371 3158 2564 3214 iterum
2609 3161 2745 3226 caeli,
2797 3163 2898 3229 sol,
2943 3162 3090 3228 luna,
3135 3164 3411 3220 stellarum
3457 3166 3706 3232 varietas,

2120 3262 2488 3320 creatur-asque
2549 3267 2737 3306 omnes
2785 3252 3135 3309 intermediaa.
3199 3255 3269 3310 Et
3315 3244 3514 3310 idcirco
3558 3271 3708 3310 saera

2123 3340 2394 3411 Scriptura
2439 3343 2628 3396 cadum
2672 3352 2978 3415 terramque
3019 3361 3519 3411 commmemorans,
3549 3364 3710 3402 omne

2124 3433 2216 3488 Dei
2253 3434 2522 3502 opificium
2553 3451 2646 3504 per
2677 3437 2789 3491 haec
2819 3437 3083 3492 elementa
3122 3439 3398 3508 complexa
3431 3448 3533 3493 est.
3562 3439 3617 3493 2.
3647 3440 3709 3492 Ιιί

2124 3528 2353 3598 perfecit,
2382 3527 2570 3597 inquit,
2603 3528 2742 3584 Deus
2786 3529 2868 3583 die
2910 3540 3052 3585 sexto
3082 3547 3236 3601 opera
3278 3548 3373 3585 sua
3417 3548 3532 3602 qua:
3573 3533 3706 3603 fecit.

2122 3616 2415 3672 Considera
2465 3618 2734 3686 quomodo
2779 3620 2947 3674 semel
2975 3631 3030 3676 et
3077 3621 3269 3676 iterum
3301 3622 3440 3677 idem
3471 3623 3619 3686 dicit,
3654 3633 3713 3677 ut

2121 3707 2392 3763 discamus
2441 3711 2577 3764 intra
2608 3721 2815 3764 sextum
2854 3711 2994 3766 diem
3033 3712 3272 3768 absoluta
3315 3713 3479 3770 fuisse
3508 3717 3707 3768 omnia.

2127 3800 2348 3870 Perfecit
2377 3803 2542 3866 enim,
2577 3803 2767 3871 inquit,
2797 3803 2880 3857 die
2916 3815 3057 3859 sexto
3105 3822 3260 3872 opera
3303 3822 3399 3858 sua
3434 3821 3546 3876 qua:
3574 3811 3710 3876 fecit,

2123 3905 2170 3947 et
2199 3895 2434 3959 requievit
2473 3894 2555 3949 die
2600 3896 2813 3966 septimo
2838 3896 2901 3950 ab
2943 3897 3172 3951 ontnibus
3204 3898 3438 3965 operibus
3466 3899 3571 3953 suis
3598 3916 3713 3968 qua:

2124 3990 2263 4060 fecit.
2295 3989 2432 4056 Quid
2457 3998 2540 4045 est
2568 3989 2711 4058 quod
2753 3987 2882 4044 dicit
2910 4005 2926 4044 :
2959 3988 3028 4043 Et
3057 3991 3291 4060 requievit
3331 3991 3468 4046 Deus
3509 3992 3593 4045 die
3629 4010 3712 4044 sr-

2125 4082 2281 4150 ptimo
2311 4080 2373 4134 ab
2416 4079 2650 4149 operibus
2675 4081 2781 4136 suis
2819 4097 2932 4151 quae
2958 4081 3115 4151 fecit?
3145 4081 3277 4136 Vide
3313 4082 3580 4152 quomodo
3609 4085 3678 4136 hu
3697 4112 3711 4121 -

2125 4189 2284 4227 mano
2320 4188 2491 4239 more,
2519 4184 2570 4228 et
2611 4173 2840 4243 quadam
2887 4176 3329 4244 attemperatione
3357 4176 3421 4228 ad
3473 4189 3710 4229 nosmun

2128 4266 2541 4329 imbecillitatem
2570 4266 2746 4320 divina
2771 4266 3046 4334 Scriptura
3074 4268 3251 4322 omnia
3280 4268 3554 4338 loquatur:
3580 4267 3714 4320 alio-

2124 4360 2236 4430 qui,
2288 4361 2386 4414 nisi
2434 4359 2533 4414 hac
2575 4361 2780 4415 ratione
2822 4377 2914 4415 usa
2945 4359 3153 4426 fuisset,
3201 4376 3306 4414 non
3353 4362 3714 4430 potuissemus

2127 4453 2326 4522 aliquid
2358 4452 2620 4507 dictorum
2649 4451 2765 4522 ejus
2790 4452 3106 4521 intelligere.
3143 4449 3208 4504 Et
3232 4453 3487 4522 requievit,
3519 4452 3710 4519 inquit,

2126 4543 2264 4597 Deus
2293 4544 2374 4596 die
2400 4544 2612 4612 septimo
2649 4543 2713 4596 ab
2739 4542 2968 4598 omnibus
3011 4543 3243 4612 operibus
3270 4543 3373 4596 suis
3419 4558 3530 4606 qua:
3569 4543 3714 4610 ferit.

2125 4637 2395 4700 Substitit,
2411 4638 2602 4706 inquit,
2621 4645 2673 4692 et
2691 4637 2920 4690 cessavit
2949 4651 2978 4689 a
3005 4635 3295 4690 formandis
3323 4636 3712 4704 producendi:-

2125 4744 2229 4798 que
2254 4745 2318 4785 ex
2351 4729 2517 4782 nihilo
2544 4729 2724 4783 rebus.
2743 4728 2931 4782 Omnia
2953 4728 3094 4782 enim
3121 4743 3470 4798 quarcumque
3495 4739 3714 4795 oporte-

2128 4820 2216 4873 hat
2244 4819 2590 4890 produxerat,
2622 4827 2817 4872 etcum
2843 4817 2934 4887 qui
2965 4817 3045 4871 his
3086 4817 3343 4871 fruiturus
3373 4827 3484 4870 erat
3516 4820 3711 4870 l'orma-

2126 4924 2294 4969 verat.
2327 4917 2380 4970 5.
2409 4913 2470 4966 Et
2493 4912 2768 4980 benedixit,
2811 4913 2999 4982 inquit,
3031 4911 3166 4965 Deus
3189 4912 3320 4964 diem
3345 4912 3636 4981 septimum,
3665 4921 3713 4964 et

2125 5006 2454 5074 sanctiﬁcavit
2498 5006 2665 5070 illum,
2709 5005 2827 5075 quia
2868 5004 2921 5058 in
2967 5004 3058 5058 illo
3102 5004 3343 5075 requievit
3379 5005 3444 5057 ab
3480 5003 3716 5058 omnibus

2126 5096 2360 5167 aperibus
2387 5096 2490 5150 suis
2513 5111 2626 5166 qua:
2651 5104 2867 5165 coeperat
2894 5093 3032 5148 Deus
3061 5094 3246 5164 facere.
3269 5093 3399 5148 Nam
3432 5103 3711 5163 postquam

2127 5189 2363 5245 substitit
2389 5186 2598 5258 Opifex,
2629 5197 2686 5242 et
2711 5188 2886 5241 omnia
2917 5201 3267 5256 quaecumque
3297 5186 3489 5249 voluit,
3517 5201 3717 5240 secun-

2126 5279 2252 5334 dum
2297 5279 2674 5348 benignitatem
2723 5292 2886 5338 suam
2916 5290 3015 5331 suo
3042 5285 3310 5346 praecepto
3358 5276 3614 5346 produxit
3657 5279 3712 5331 in

2128 5373 2387 5439 medium,
2419 5383 2544 5427 tunc
2580 5372 2740 5426 ﬁnem
2770 5370 3062 5426 formandi‘
3096 5369 3219 5424 fecit
3243 5368 3330 5424 die
3371 5377 3557 5434 sexto;
3586 5384 3710 5423 cum

2127 5465 2255 5519 nihil
2300 5463 2444 5519 aliud
2487 5464 2577 5519 die
2618 5463 2846 5533 septimo
2885 5462 3184 5533 producere
3224 5461 3412 5527 vellet,
3459 5476 3527 5517 eo
3565 5462 3711 5532 quod

2126 5559 2326 5623 omnia,
2357 5574 2477 5628 qua:
2503 5558 2680 5612 facere
2703 5557 2964 5622 voluerat,
2982 5556 3094 5626 jam
3134 5555 3375 5626 perfecta
3406 5564 3622 5612 essent:
3655 5565 3712 5610 ut

2130 5652 2348 5706 haberet
2384 5649 2542 5704 etiam
2570 5648 2688 5704 dies
2721 5649 2811 5702 ille
2842 5649 3244 5719 praerogativam
3275 5648 3528 5718 aliquam,
3561 5657 3614 5702 ct
3641 5663 3714 5701 ne

2191 5786 2206 5816 ¹
2241 5781 2430 5832 Coislin.
2460 5796 2470 5829 :
2500 5789 2727 5840 Quantam
2750 5778 2875 5830 enim
2900 5778 3074 5838 Onifex
3093 5787 3180 5839 est,
3204 5786 3250 5829 ct
3266 5777 3505 5829 omnim...
3531 5776 3581 5828 in
3616 5789 3713 5828 me»

2131 5847 2284 5906 dium,
2305 5845 2450 5909 ﬁnem
2469 5843 2612 5897 etiam
2633 5841 2895 5907 territandi,
2921 5850 3018 5892 etc.
