4040 6378
408 309 477 362 89
1118 304 1177 361 S.
1210 302 1494 360 JOANNIS
1530 298 2017 361 CIIRYSOSTOMI
2052 298 2373 356 AIICHIEP.
2410 299 2963 359 CONSTANTINOP.
3776 303 3846 359 90

404 420 524 496 [80]
554 422 641 476 διά
678 422 737 476 16
764 422 928 493 μηδὲν
980 420 1037 472 ἐν
1081 420 1217 491 αὐτῇ
1262 420 1779 490 δεδημιουργῆσθαι,
1821 416 2069 484 εὐλογίας

402 513 571 585 αὐτὴν
600 512 756 575 ἀξιοῖ.
788 511 896 563 Καὶ
936 509 1259 577 εὐλόγησε,
1293 509 1479 578 φησὶν,
1532 512 1564 561 ὁ
1602 509 1745 572 Θεὸς
1782 506 1896 573 τὴν
1938 503 2076 573 ήμὲ-

395 618 514 668 ριιν
562 598 675 666 τὴν
710 599 988 665 ἑϐδόμην,
1037 597 1135 650 καί
1186 597 1444 665 ἡγίασεν
1498 596 1712 661 αὐτήν.
1763 595 1806 646 Τ
1814 596 1827 645 ί
1856 588 1983 657 οὗν;
2016 592 2073 644 αί

401 686 586 739 λοιπαὶ
618 687 716 739 οὑκ
753 681 893 755 ἦσαν
935 684 1333 754 εὑλογημέναι;
1379 683 1508 745 Ναὶ,
1542 684 1726 753 φησὶν,
1769 681 1882 734 ἀλλ’
1914 681 2073 751 ἤρκει

400 773 639 835 ἐκείναις
672 773 795 825 ἀντί
845 773 1023 842 πάσης
1073 771 1320 838 εὐλογίας
1348 771 1408 823 τὸ
1435 769 1558 823 καθ’
1604 770 1840 839 ἐκάστην
1894 767 2073 819 αὐτῶν

400 860 469 911 τὰ
512 859 968 930 δημιουργήματα
1014 858 1359 928 παραχθῆναι
1393 874 1406 887 ’
1442 857 1523 910 διὸ
1572 856 1659 909 ἐπ’
1703 856 1927 908 ἐκείνων
1974 854 2074 923 μὲν

400 947 501 998 οὐκ
528 942 699 1006 εἶπεν.
721 948 1098 1015 Εὺλόγησεν,
1124 946 1217 997 ἑπί
1240 945 1297 998 δὲ
1341 944 1441 1014 τῆς
1464 944 1695 1016 ἑϐδόμης
1726 942 1891 1011 μόνης
1917 941 2075 993 τοῦτο

400 1030 571 1085 εἰπὼν
605 1031 938 1102 προσέθηκε,
968 1031 1076 1085 Καὶ
1118 1032 1375 1100 ἡγίασεν
1426 1029 1635 1097 αὐτήν.
1674 1029 1740 1083 Τί
1788 1030 1927 1094 ἐστι,
1961 1027 2073 1081 Καὶ

400 1120 655 1189 ἡγίασεν
704 1119 934 1185 αὐτήν-ς
999 1117 1298 1190 Ἀφώρισεν
1346 1118 1535 1189 αὑτήν,
1581 1112 1716 1171 Εἶτα
1752 1116 2074 1170 διδάσκουσα

400 1209 546 1278 ἡμᾶς
573 1210 606 1278 ἡ
646 1206 765 1261 θεία
791 1205 981 1278 Γραφή
1016 1207 1109 1259 καὶ
1136 1207 1235 1276 τὴν
1269 1208 1446 1261 αἰτίαν
1476 1206 1541 1259 δι’
1584 1206 1650 1277 ήν
1698 1206 1937 1276 εῖρηκεν,
1963 1204 2072 1257 Καὶ

400 1295 657 1362 ⁸ἡγίασεν
694 1293 907 1361 αὐτὴν,
946 1292 1303 1365 προσέθηκεν,
1336 1294 1456 1345 ’Ότι
1482 1292 1553 1345 ἐν
1588 1291 1741 1360 αὐτῇ
1776 1295 2074 1346 κατέπαυ-

401 1397 515 1433 σεν
554 1380 672 1434 ἀπὸ
724 1379 967 1433 πάντων
1011 1378 1130 1433 τῶν
1184 1379 1371 1449 ἔργων
1420 1378 1608 1433 αὐτοῦ
1653 1372 1740 1433 ὢν
1789 1378 2013 1447 ἤρξατο
2040 1382 2074 1433 ὁ

404 1468 554 1533 Θεὸς
576 1465 845 1534 ποιῆσαι.
882 1466 1021 1533 Ἤδη
1054 1465 1299 1518 ἐντεῦθεν
1329 1467 1393 1518 ἐκ
1415 1466 1718 1537 προοιμίων
1739 1468 2071 1535 αίνιγματω-

399 1555 505 1619 δῶς
537 1554 880 1608 διδασκαλίαν
918 1556 1045 1624 ήμῖν
1074 1556 1102 1607 6
1131 1553 1261 1616 Θεὸς
1314 1555 1635 1625 παρέχεται,
1671 1553 1940 1607 παιδεύων
1974 1553 2070 1625 τὴν

403 1643 533 1713 μίαν
561 1642 771 1713 ἡμέραν
804 1642 861 1693 ἐν
898 1641 977 1711 τῷ
1006 1642 1190 1711 κύκλῳ
1222 1642 1318 1710 τῆς
1358 1641 1650 1711 ἑϐδομάδος
1692 1640 1911 1695 ἆπασαν
1938 1644 2072 1695 ἀνα-

396 1728 605 1782 τιθέναι
655 1730 746 1781 καὶ
792 1728 1070 1798 ἀφορίζειν
1114 1731 1180 1797 τῇ
1224 1729 1331 1781 τῶν
1383 1728 1770 1798 πνευματικῶν
1816 1729 2068 1799 ἐργασίᾳ.

399 1815 498 1869 Διά
527 1816 634 1884 γὰρ
665 1814 823 1867 τοῦτο
855 1818 947 1867 καὶ
988 1816 1016 1867 6
1065 1815 1343 1884 Δεσπότης
1391 1816 1448 1866 ἑν
1493 1815 1551 1880 ἐξ
1594 1816 1829 1887 ἡμέραις
1876 1816 1945 1868 16
1973 1815 2073 1883 τῆς

396 1902 755 1973 δημιουργίας
803 1904 1018 1955 ᾶπαντα
1059 1902 1372 1972 πληρώσας,
1408 1903 1507 1973 τὴν
1552 1903 1784 1973 ἑϐδόμην
1816 1902 2067 1971 εὐλογίας

398 1990 636 2058 ἀξιώσας
674 1991 890 2062 ἡγίασε,
934 1992 1021 2045 διὰ
1050 1992 1111 2045 16
1157 1994 1213 2044 ἐν
1257 1994 1393 2063 αὐτῇ
1457 1994 1798 2047 κατακαῦσαι
1826 1993 1933 2046 ἀπὸ
1962 1994 2071 2046 τῶν

397 2078 573 2150 ἔργων
596 2078 760 2131 αὑτοῦ
790 2071 863 2131 ὧν
888 2077 1089 2149 ἡρξατο
1117 2079 1360 2134 ποιῆσαι.
1397 2078 1536 2131 Ἀλλ’
1557 2079 1808 2133 ἐντεῦθεν
1842 2093 1867 2121 ει
1904 2081 2068 2134 πάλιν

394 2167 506 2237 όρῶ
546 2166 777 2236 πέλαγος
804 2166 1000 2236 ἀχανὲς
1052 2167 1340 2237 νοημάτων
1399 2168 1534 2238 ἡμῖν
1578 2167 1898 2238 τικτόμενον
1921 2208 1936 2233 ,
1976 2168 2071 2222 καὶ

398 2251 656 2323 βούλομαι
707 2252 781 2324 μὴ
808 2253 994 2316 ἀπλῶς
1034 2254 1163 2306 αὐτὸ
1198 2253 1599 2325 παραδραμεῖν,
1632 2253 1770 2307 ἀλλά
1800 2254 1895 2309 καὶ
1924 2254 2070 2324 ὑμᾶς

396 2341 682 2403 κοινωνοὺς
710 2340 895 2393 λαϐεῖν
930 2339 1032 2410 τῆς
1076 2341 1345 2411 ἐμπορίας
1387 2340 1591 2413 ταύτης
1631 2340 1730 2410 τῆς
1762 2357 2068 2411 πνευματι-

395 2426 518 2497 κῆς.
558 2426 620 2477 Τί
645 2422 735 2479 οὖν
765 2429 880 2479 ἐστι
910 2426 970 2479 τὸ
1003 2426 1252 2480 ἐντεῦθεν
1286 2426 1599 2481 ἀνακύπτον
1648 2429 1781 2498 ἡμῖν
1816 2427 2065 2499 ζήτημα;

394 2518 506 2585 Τῆς
536 2516 685 2579 Θείας
707 2515 931 2585 Γραφῆς
969 2514 1201 2571 ἐνταῦθα
1226 2514 1511 2587 λεγούσης,
1542 2518 1623 2570 ὅτι
1654 2518 2002 2571 κατέπαυσεν
2040 2520 2069 2570 6

393 2604 524 2667 Θεὸς
582 2604 690 2656 6116
728 2603 836 2655 τῶν
896 2603 1071 2673 ἔργων
1118 2602 1319 2667 αὑτοῦ,
1375 2606 1433 2657 ἐν
1488 2607 1601 2667 τοῖς
1645 2603 2007 2674 Εὐαγγελίοις
2038 2608 2067 2659 6

391 2691 625 2761 Χριστός
678 2706 859 2760 φησιν,
931 2690 992 2742 '0
1022 2690 1222 2758 Πατήρ
1275 2708 1395 2759 μου
1442 2690 1552 2756 ἓως
1589 2691 1718 2758 ἄρτι
1748 2690 2063 2762 ἐργάζεται,

392 2774 554 2845 κάγὼ
592 2774 921 2843 ἐργάζομαι.
944 2776 1020 2828 Οὑ
1054 2776 1200 2828 δοκεῖ
1220 2777 1282 2827 ἐκ
1312 2776 1410 2846 τῆς
1442 2778 1721 2847 προφορᾶς
1741 2777 1850 2829 τῶν
1888 2779 2067 2848 ῥημά-

389 2880 500 2916 των
538 2864 854 2927 ἐναντίωσίς
889 2881 971 2927 τις
996 2860 1135 2917 εἶναι
1163 2866 1220 2916 ἐν
1250 2866 1362 2927 τοῖς
1394 2864 1741 2935 λεγομένοις;
1796 2866 1954 2919 Ἀλλά
1990 2867 2065 2939 μὴ

391 2950 600 3017 γένοιτο
620 2967 634 2981 ο
662 2950 811 3003 οὐδὲν
849 2951 957 3021 γὰρ
981 2950 1223 3004 ἐναντίον
1248 2950 1357 3004 τῶν
1379 2952 1437 3003 ἐν
1460 2955 1526 3023 τῇ
1575 2952 1695 3025 θείᾳ
1721 2954 1910 3025 Γραφῇ
1947 2972 2063 3007 κει-

395 3040 593 3110 μένων.
637 3039 906 3092 Ἐνταῦθα
940 3040 1050 3109 γάρ
1087 3038 1319 3094 εἰποῦσα
1357 3041 1389 3109 ή
1422 3040 1633 3111 Γραφὴ,
1671 3041 1753 3095 ὃτι
1788 3042 2066 3095 κατέπαυ-

392 3144 485 3179 σεν
524 3129 553 3180 6
591 3126 721 3189 Θεὸς
754 3126 864 3180 ἀπὸ
905 3126 1013 3178 τῶν
1060 3126 1236 3195 ἔργων
1266 3127 1292 3165 δ
1331 3126 1518 3190 αὑτοῦ,
1540 3128 1780 3182 διδάσκει
1809 3130 1954 3201 ἡμᾶς
1982 3130 2063 3183 ὅτι

388 3213 484 3267 τοῦ
514 3214 862 3285 δημιουργεῖν
892 3215 985 3268 καὶ
1022 3214 1128 3267 ἀπὸ
1156 3214 1246 3266 τοῦ
1274 3215 1346 3284 μὴ
1375 3214 1528 3277 ὄντος
1557 3218 1637 3279 εἰς
1663 3218 1723 3269 τὸ
1748 3214 1885 3269 εἶναι
1919 3235 2061 3288 παρ-

391 3302 545 3370 άγειν
587 3301 862 3355 ἐπαύσατο
906 3301 1047 3354 κατά
1100 3300 1197 3371 τὴν
1227 3301 1459 3371 ἑϐδόμην
1489 3301 1701 3373 ἡμέραν
1723 3319 1735 3332 ·
1776 3306 1805 3357 6
1840 3303 1896 3355 δὲ
1927 3302 2061 3375 Χρι-

392 3391 515 3454 στὸς
543 3390 737 3458 λέγων,
780 3389 861 3441 ὅτι
902 3388 966 3441 '0
1016 3387 1218 3455 Πατήρ
1254 3406 1374 3457 μου
1417 3388 1528 3454 ἕως
1573 3389 1703 3456 ἄρτι
1741 3390 2057 3459 ἐργάζεται,

390 3476 550 3546 κάγὼ
574 3474 900 3546 ἐργάζομαι,
935 3474 1032 3545 τήν
1056 3475 1277 3546 διηνεκῆ
1310 3474 1474 3528 αὑτοῦ
1517 3476 1773 3547 πρόνοιαν
1806 3480 1935 3547 ἡμῖν
1959 3495 2061 3531 πα-

391 3564 630 3635 ραδηλοῖ,
663 3564 754 3615 καὶ
781 3563 1045 3632 ἐργασίαν
1074 3563 1222 3629 λέγει
1266 3562 1326 3613 16
1374 3562 1683 3633 διακρατεῖν
1718 3564 1785 3616 τά
1831 3582 2056 3637 γεγενη-

392 3652 548 3720 μένα,
567 3650 662 3703 καὶ
693 3649 789 3721 τὴν
823 3648 1080 3719 διαμονήν
1098 3649 1281 3710 αὐτοῖς
1302 3658 1324 3684 ο
1352 3647 1690 3717 χαρίζεσθαι,
1711 3650 1804 3702 καί⁸
1827 3652 2059 3722 ἡνιοχεῖν

388 3738 479 3791 τὸν
500 3737 787 3808 σύμπαντα
809 3736 1018 3807 χρόνον.
1035 3736 1095 3788 Εἰ
1124 3734 1232 3806 γὰρ
1264 3735 1337 3805 μὴ
1358 3735 1515 3788 τοῦτο
1537 3731 1604 3807 ἦν
1627 3775 1643 3799 ,
1675 3736 1791 3801 πῶς
1829 3739 1895 3791 ἂν
1931 3756 2057 3792 συν-

389 3826 518 3895 έστη
545 3825 660 3877 τόδε
695 3824 755 3876 τὸ
777 3826 906 3885 πᾶν,
933 3824 1006 3893 μὴ
1031 3823 1128 3893 τῆς
1147 3822 1352 3876 ἀνωθεν
1385 3824 1565 3894 χειρὸς
1590 3824 1940 3897 κυϐερνώσης
1965 3829 2058 3880 καὶ

388 3913 694 3983 διοικούσης
722 3913 815 3964 καί
840 3912 907 3963 τά
929 3910 1181 3981 ὁρώμενα
1201 3911 1411 3964 ᾶπαντα
1433 3913 1526 3964 καὶ
1547 3912 1607 3965 16
1628 3912 1735 3966 τῶν
1757 3912 2057 3983 ἀνθρώπων

388 4000 578 4068 γένος;
603 4000 711 4052 Καὶ
740 4000 834 4052 ἐάν
861 4015 943 4060 τις
978 3996 1210 4069 βουληθῇ
1253 3996 1392 4067 μετά
1421 3998 1621 4067 πολλῆς
1644 3999 1741 4068 τῆς
1776 4001 2055 4071 εὐγνωμό-

389 4088 555 4157 σύνης
588 4087 801 4141 ἅπαντα
837 4088 955 4139 κατ’
986 4081 1125 4148 εἶδος
1178 4085 1509 4138 ἐποπτεῦσαι
1567 4087 1635 4138 16
1664 4085 1785 4137 καθ’
1816 4087 2056 4160 ἑκάστην

386 4176 599 4247 ἡμέραν
630 4175 715 4227 ἐπ’
758 4173 1045 4246 εὐεργεσίᾳ
1089 4173 1332 4244 ἡμετέρᾳ
1388 4172 1492 4224 ὑπὸ
1525 4172 1617 4225 τοῦ
1654 4173 1762 4225 τῶν
1797 4174 2054 4229 ἁπάντων

385 4262 719 4335 δημιουργοῦ
765 4261 1189 4332 ἐπιτελούμενα,
1229 4262 1463 4315 ἄϐυσσον
1495 4262 1716 4332 εὑρήσει
1756 4263 2055 4335 φιλανθρω-

387 4352 537 4414 πίας.
569 4353 725 4414 Ποῖος
756 4349 865 4421 γάρ
895 4349 1173 4419 λογισμὸς,
1200 4348 1232 4419 ἢ
1265 4347 1392 4401 ποία
1422 4347 1627 4402 διάνοια
1649 4350 1931 4418 ἐφικέσθαι
1963 4352 2051 4405 δυο

383 4443 607 4511 νήσεται
633 4438 733 4509 τῆς
757 4440 963 4507 ἀφάτου
985 4436 1339 4506 ἀγαθότητος,
1372 4437 1439 4507 ἡν
1461 4436 1592 4506 περὶ
1614 4436 1677 4489 τὸ
1698 4437 1805 4490 τῶν
1836 4438 2051 4509 ἀνθρώ-

383 4548 501 4584 πων
539 4529 691 4599 γένος
730 4529 1085 4592 ἐνδείκνυται,
1114 4524 1416 4578 ἀνατέλλων
1449 4523 1539 4577 τὸν
1565 4524 1714 4595 ἥλιον
1756 4527 1847 4579 ἐπὶ
1888 4544 2053 4599 πονη-

382 4620 511 4690 ροὺς
536 4616 628 4670 καὶ
656 4614 911 4684 ἀγαθοὺς,
949 4615 1042 4667 καὶ
1066 4612 1274 4683 βρέχων
1303 4611 1396 4665 ἐπὶ
1427 4612 1666 4675 δικαίους
1688 4612 1782 4666 καὶ
1810 4613 2047 4681 ἀδίκους,

382 4708 475 4761 καὶ
502 4708 681 4760 πᾶσαν
710 4705 810 4775 τὴν
842 4703 1007 4773 ἄλλην
1039 4701 1297 4771 ἀφθονίαν
1330 4700 1614 4771 χορηγῶν;
1663 4700 1815 4772 Τάχα
1854 4720 2050 4772 περαι-

378 4795 521 4868 τέρω
539 4794 632 4847 τοῦ
652 4792 860 4855 δέοντος
888 4791 977 4844 τὸν
1007 4790 1161 4859 λόγον
1186 4789 1550 4859 ἐξετείναμεν,
1586 4788 1684 4858 οὑχ
1712 4788 1898 4853 ἁπλῶς
1928 4791 2049 4844 οὑδὲ

378 4881 502 4950 εἰκῆ
550 4879 706 4934 τοῦτο
760 4881 1106 4949 ποιήσαντες,
1142 4875 1256 4930 ἀλλ’
1296 4876 1383 4929 ἵνα
1429 4876 1498 4929 δι’
1523 4875 1677 4945 ὑμῶν
1723 4875 1968 4945 μάθωσιν
1998 4878 2048 4930 οί

377 4968 813 5037 ἀπολειφθέντες,
849 4967 971 5020 ὅσον
1001 4966 1227 5027 ἑαυτοὺς
1256 4962 1591 5033 ἐζημίωσαν,
1615 4960 1704 5015 διὰ
1735 4961 1833 5033 τὴν
1857 4978 2047 5033 σωμα-

375 5056 532 5127 τικὴν
551 5074 579 5108 τ
588 5056 757 5128 ροφήν
785 5054 1259 5130 ἀποστερήσαντες
1282 5050 1507 5112 ἑαυτοὺς
1542 5052 1640 5120 τῆς
1671 5053 2047 5122 πνευματικῆς

378 5142 493 5215 [8|]
526 5141 893 5204 διδασκαλίας.
942 5140 1084 5193 Ἀλλ’
1126 5140 1213 5192 ἵνα
1259 5138 1333 5209 μὴ
1378 5137 1716 5206 ἐπιτείνηται
1748 5137 1932 5201 αὐτοῖς
1980 5140 2046 5192 τά

361 5233 473 5303 ’τῆς
498 5231 732 5303 ἀθυμίας
756 5230 807 5293 ιι,
842 5230 942 5300 τὴν
969 5226 1266 5298 ἀδελφικὴν
1308 5227 1438 5297 περὶ
1482 5225 1665 5287 αὐτοῖς
1707 5224 2043 5289 ἐπιδείξασθε

373 5322 605 5384 εὐνοιαν,
645 5318 1053 5381 διαϐιϐάσαντες
1082 5317 1266 5378 αὐτοῖς
1303 5314 1373 5367 16
1403 5313 1534 5385 παρ’
1563 5311 1721 5383 ἡμῶν
1752 5314 2037 5384 εἰρημένα·

374 5408 530 5461 τοῦτο
562 5410 671 5479 γὰρ
711 5407 938 5476 γνησίας
965 5405 1185 5475 ἀγάπης
1214 5406 1535 5475 τεκμήριον.
1572 5402 1632 5454 Εἰ
1663 5402 1771 5472 γάρ
1810 5402 1902 5454 ἐπὶ
1933 5404 2043 5456 τῶν

373 5497 642 5567 αἰσθητῶν
670 5494 979 5566 ἐδεσμάτων
1008 5494 1058 5547 οἰ
1084 5492 1241 5545 τοῦτο
1259 5491 1561 5556 ποιοῦντες,
1596 5491 1692 5543 καὶ
1716 5489 1784 5543 τὰ
1812 5490 1923 5543 ἀπὸ
1943 5494 2042 5563 τῆς

432 5679 457 5709 ⁸
480 5680 699 5737 Quamor
724 5691 833 5725 mea
862 5674 1074 5725 ἐνταῦθα.
1103 5675 1211 5725 Mox
1253 5672 1455 5724 Coislin.
1484 5672 1596 5733 ἡμῖν
1614 5672 1933 5737 ἀνοιγόμενον.

428 5740 455 5778 ὶ)
481 5734 681 5789 Cuisnn.
705 5742 799 5787 ἀπὸ
819 5742 1006 5787 πάντων
1028 5742 1122 5786 τῶν
1147 5740 1309 5806 ἔργωνἶ
1346 5737 1632 5806 Ρειυὶοιμυςῑ
1655 5734 1910 5806 ξειξίὶκεί.
1949 5749 2031 5781 sm

364 5815 480 5851 mss.
532 5804 650 5849 κατά
670 5803 753 5858 τήν
778 5804 915 5858 ἕκτην
936 5803 1130 5862 ἡμέραν.
1161 5795 1331 5862 ΜυΓ-θί.
1358 5804 1411 5845 el
1451 5795 1532 5844 alii
1556 5795 2026 5862 6616'11‘3v6666ymv.

427 5866 449 5893 ο
478 5864 595 5923 Reg.
621 5878 745 5909 unus
765 5859 992 5924 ’διαμονὴν
1010 5859 1169 5923 αὑτὸν,
1191 5859 1389 5912 Cuisliu.
1414 5865 1465 5908 el.
1503 5859 1584 5907 am
1608 5859 1833 5918 διαμονήν
1855 5859 2029 5907 αὐτὼ..

423 5924 453 5965 ά
483 5927 605 5986 “ex.
633 5939 755 5973 unus
777 5932 859 5983 τῆς
879 5926 1080 5987 ἀτιμίας.

2174 415 2453 486 τραπέζης
2485 419 2599 480 τοῖς
2629 417 2809 470 αὐτῶν
2840 418 3133 489 γνωρίμοις
3181 418 3652 489 διαφυλάττοντες,
3691 420 3850 488 μέγι-

2175 510 2298 547 στον
2338 495 2559 565 ἀγάπης
2592 498 2891 567 τεκμήριον
2925 498 3242 568 ἐκφέρουσι,
3292 499 3472 569 πολλῷ
3523 498 3721 569 μᾶλλον
3754 498 3849 549 ἐπὶ

2172 573 2282 625 τῶν
2316 575 2703 643 πνευματικῶν
2741 575 2898 628 τοῦτο
2931 576 3214 646 γινόμενον
3250 578 3415 630 πολὺν
3448 578 3580 648 ἡμῖν
3620 576 3849 647 παρέξει

2173 651 2265 703 τὸν
2294 651 2533 705 ἔπαινον
2566 653 2729 707 πάλιν
2755 653 2863 724 γὰρ
2896 656 2975 717 είς
3006 657 3155 725 ἡμᾶς
3190 655 3259 709 16
3285 659 3381 726 τῆς
3403 653 3669 723 ὠφελείας
3690 672 3851 725 περι-

2175 732 2457 801 στήσεται.
2498 732 2555 784 Ὀ
2586 732 2691 803 γάρ
2722 732 2815 784 16v
2849 732 3073 803 πλησίον
3112 733 3379 787 διδάσκειν
3412 733 3750 797 σπουδάζων.
3784 732 3846 785 οὑ

2172 810 2424 863 τοσοῦτον
2458 812 2661 863 ἐκεῖνον
2700 812 2996 881 εὐεργετεῖ,
3036 814 3157 865 ὅσον
3189 814 3368 883 ἐαυτῷ
3404 812 3624 883 μείζονα
3651 810 3851 881 προξε-

2174 891 2256 941 νεῖ
2273 890 2365 943 τὸν
2402 890 2611 961 μισθὸν,
2648 891 2981 944 καὶδιπλοῦν
3005 893 3309 962 καρποῦται
3335 894 3395 947 16
3424 893 3634 962 κέρδος,
3665 891 3766 960 τῆς
3788 906 3850 943 τε

2174 970 2326 1039 παρά
2348 970 2440 1023 τοῦ
2470 970 2604 1022 Θεοῦ
2628 971 2859 1040 ἀμοιϐῆς
2884 970 3124 1034 πλείονος
3150 972 3455 1033 ἀπολαύων,
3483 973 3575 1024 x11.
3600 970 3763 1032 αὐτὸς
3779 969 3848 1022 δι’

2174 1041 2249 1101 ὧν
2298 1048 2388 1101 τὸν
2443 1049 2669 1117 ἀδελφὸν
2725 1048 2994 1101 διδάσκειν
3055 1050 3340 1122 ἐπιχειρεῖ,
3402 1052 3482 1113 είς
3540 1051 3849 1120 ὑπόμνησιν

2174 1126 2487 1197 ἐρχόμενος,
2517 1129 2608 1182 καὶ
2630 1129 2867 1183 ἀνανεῶν
2894 1130 3022 1200 παρ’
3056 1129 3234 1201 ἐαυτῷ
3260 1131 3356 1202 τὴν
3386 1132 3605 1201 μνήμην
3633 1130 3741 1183 τῶν
3772 1129 3851 1180 εἰ·

2177 1222 2245 1276 ρη
2254 1207 2452 1275 μένων.

2244 1286 2314 1357 η’.
2334 1286 2408 1339 T6
2430 1286 2621 1357 κέρδος
2644 1286 2823 1341 τοίνυν
2842 1286 3147 1351 ἐννοοῦντες
3175 1289 3234 1342 16
3252 1289 3281 1342 ὑ
3290 1288 3534 1359 μέτερον.
3557 1289 3629 1359 μὴ
3649 1287 3850 1357 φθονή-

2174 1382 2304 1437 σητε
2326 1368 2435 1429 τοῖς
2462 1367 2710 1435 ἀδελφοῖς
2739 1370 2849 1429 τοῖς
2870 1368 3174 1437 ὑμετέροις,
3202 1369 3338 1421 ἀλλά
3367 1369 3462 1422 νῦν
3487 1370 3584 1439 μὲν
3612 1371 3683 1422 16
3714 1369 3847 1438 παρ’

2173 1445 2329 1517 ἡμῶν
2357 1446 2625 1516 λεγόμενα
2659 1446 2788 1516 παρ’
2812 1446 2965 1516 ὑμῶν
2999 1446 3434 1516 μανθανέτωσαν.
3462 1450 3576 1502 Ἰνα
3598 1448 3655 1501 δὲ
3688 1446 3764 1517 μὴ
3790 1448 3849 1497 ἐν

2174 1525 2394 1596 χάριτος
2435 1525 2592 1595 μέρει
2632 1525 2760 1595 παρ’
2792 1524 2944 1595 ὑμῶν
2988 1524 3219 1594 μέλλωσι
3272 1525 3443 1579 ταῦτα
3476 1524 3846 1587 διδάσκεσθαι,

2173 1605 2358 1657 ἕλκετε
2380 1605 2580 1668 αὐτοὺς
2602 1604 2738 1675 πρὸς
2764 1605 2933 1674 ἡμᾶς,
2956 1604 3230 1667 πείθοντες
3250 1604 3324 1668 ώς
3347 1606 3597 1658 οὐδέποτε
3619 1604 3848 1673 κώλυμα

2172 1684 2383 1753 γίνεται
2424 1684 2560 1755 πρὸς
2607 1684 2706 1755 τὴν
2741 1684 3092 1737 διδασκαλίαν
3124 1685 3222 1757 τὴν
3264 1686 3636 1757 πνευματικὴν
3679 1686 3713 1755 ή
3746 1689 3851 1753 τῆς

2170 1765 2377 1836 τροφῆς
2402 1765 2502 1835 τῆς
2531 1765 2848 1835 σωματικῆς
2880 1765 3200 1835 μετάληψιςο
3232 1766 3370 1817 ἀλλά
3396 1766 3476 1818 δεῖ
3510 1766 3686 1819 πάντα
3720 1783 3845 1817 και-

2173 1845 2265 1915 ρδν
2292 1843 2593 1915 ἐπιτήδειον
2626 1843 2878 1915 ήγεῖσθαι
2904 1844 3040 1915 πρὸς
3066 1844 3166 1914 τὴν
3204 1844 3313 1897 τῶν
3343 1844 3727 1914 πνευματικῶν
3758 1842 3847 1893 λό-

2171 1943 2283 1995 γων
2303 1926 2556 1992 διάλεξιν.
2584 1926 2680 1977 Ἂν
2706 1925 2879 1979 ταῦτα
2910 1928 3045 1997 μετά
3069 1927 3352 1999 ἀκριϐείας
3379 1928 3596 1997 ἴδωμεν,
3618 1927 3847 1996 δυνησό-

2174 2005 2314 2076 μεθα
2337 2006 2432 2059 καὶ
2458 2006 2551 2059 ἐπὶ
2580 2006 2759 2069 οἰκίας
2802 2006 3195 2078 διατρίϐοντες,
3228 2008 3321 2060 καὶ
3361 2006 3498 2077 μετά
3533 2008 3631 2075 τὴν
3662 2007 3848 2058 ἑστία-

2172 2101 2277 2150 σιν,
2314 2086 2407 2138 καὶ
2455 2084 2561 2156 πρὸ
2600 2085 2699 2156 τῆς
2742 2086 3037 2149 ἑστιάσεως
3080 2087 3219 2157 μετά
3258 2089 3444 2155 χεῖρας
3485 2085 3739 2146 λαϐόντες
3775 2085 3845 2137 16

2171 2164 2287 2216 θεῖα
2314 2163 2492 2234 βιϐλία
2524 2163 2622 2232 τὴν
2648 2163 2906 2227 ἐξαύτῶν
2939 2162 3280 2235 καρποῦσθαι
3313 2164 3599 2232 ὠφέλειαν,
3628 2162 3723 2217 καὶ
3742 2163 3844 2232 τὴν

2169 2242 2547 2314 πνευματικὴν
2580 2241 2783 2315 τροφὴν
2821 2245 2888 2313 τῇ
2912 2242 3057 2313 ψυχῇ
3091 2244 3371 2315 παρέχειν.
3398 2244 3605 2313 Ὠσπερ
3640 2242 3749 2313 γάρ
3782 2242 3845 2293 16

2171 2322 2331 2392 σῶμα
2385 2322 2555 2375 δεῖται
2597 2322 2697 2391 τῆς
2738 2322 3001 2391 αἰσθητῆς
3039 2323 3266 2393 τροφῆς,
3306 2322 3449 2376 οὑτω
3486 2324 3578 2376 καὶ
3620 2325 3654 2393 ἡ
3692 2321 3844 2392 ψυχὴ

2169 2401 2359 2475 χρῄζει
2397 2400 2777 2472 καθημερινῆς
2818 2402 3198 2472 ὑπομνήσεως,
3237 2402 3331 2455 καὶ
3358 2402 3563 2471 τροφῆς
3595 2418 3845 2471 πνευμα-

2166 2487 2344 2553 τικῆς,
2369 2482 2456 2535 ἵνα
2480 2482 2813 2553 νευρουμένη
2838 2481 3083 2551 ἀντέχειν
3108 2482 3330 2552 δύνηται
3360 2482 3496 2554 πρὸς
3518 2482 3614 2545 τάς
3645 2484 3843 2537 ἐπανα-

2169 2562 2389 2625 στάσεις
2431 2561 2531 2630 τῆς
2566 2561 2791 2630 σαρκὸς,
2828 2562 2923 2613 καὶ
2970 2561 3105 2632 πρὸς
3144 2562 3235 2615 τὸν
3276 2563 3496 2633 διηνεκῆ
3535 2562 3792 2632 πολέμιον
3816 2575 3841 2604 ο

2167 2641 2260 2693 τὸν
2288 2640 2636 2709 ἐπικείμενον
2672 2641 2826 2709 ἡμῖν.
2855 2640 2949 2694 καὶ
2974 2641 3320 2710 αἰχμάλωτον
3347 2642 3503 2712 ήμῶν
3523 2642 3840 2712 ἀπεργαζό-

2170 2738 2329 2791 μενον
2357 2720 2452 2791 τῆν
2484 2719 2680 2790 ψυχὴν,
2714 2720 2809 2772 ἑάν
2848 2720 2952 2772 κᾶν
2989 2720 3124 2791 πρὸς
3156 2720 3328 2791 βραχὺ
3360 2720 3673 2793 ρᾳθυμῆσαι
3710 2722 3840 2792 βου-

2165 2800 2439 2871 ληθῶμεν.
2470 2799 2561 2852 Διὸ
2591 2801 2684 2852 καὶ
2726 2801 2755 2852 6
2798 2801 3083 2872 προφήτης
3122 2800 3283 2854 Δαυῖδ
3318 2801 3587 2871 μακάριον
3630 2804 3841 2855 ἐκεῖνον

2166 2882 2389 2934 ἐκάλεσε
2424 2880 2515 2932 τὸν
2554 2881 2611 2932 ἐν
2638 2878 2713 2950 τῷ
2740 2880 2889 2951 νόμῳ
2916 2879 3114 2951 Κυρίου
3158 2881 3465 2951 μελετῶντα
3499 2881 3708 2954 ἡμέρας
3743 2885 3840 2937 καὶ

2166 2962 2377 3024 νυκτός·
2430 2962 2523 3014 καὶ
2555 2962 2582 3013 6
2629 2960 2894 3032 μακάριος
2926 2961 2983 3014 δὲ
3013 2962 3272 3031 Μωῦσῆς,
3314 2960 3583 3014 παιδεύων
3628 2963 3688 3014 16
3726 2964 3839 3016 τῶν

2178 3040 2445 3095 Ἰουδαίων
2496 3039 2667 3103 ἔθνος,
2710 3039 2987 3092 ἐδίδασκεν
3026 3040 3222 3103 αὐτοὺς
3261 3040 3457 3108 λέγων,
3502 3041 3709 3110 Φίιγὼν
3732 3043 3837 3095 καί

2164 3121 2335 3185 πιὼν,
2388 3119 2486 3173 καί
2519 3119 2911 3189 ἐμπλησθεὶς,
2947 3119 3251 3189 μνήσθητι
3287 3123 3508 3190 Kvplov
3550 3123 3653 3177 τοῦ
3685 3124 3837 3177 Θεοῦ

2163 3213 2301 3254 σου.
2350 3201 2515 3272 Ὁρᾷς
2552 3198 2672 3261 πῶς
2701 3199 2797 3252 καί
2823 3198 2944 3251 τότε
2984 3199 3221 3269 μάλιστα
3254 3202 3540 3270 προσήκει,
3574 3203 3707 3270 μετά
3734 3204 3837 3273 τὴν

2161 3280 2264 3349 τῆς
2293 3279 2501 3351 τροφῆς
2535 3278 2851 3342 ἀπόλαυσιν,
2881 3279 2981 3349 τήν
3017 3280 3391 3350 πνευματικήν
3425 3282 3663 3333 ἑστίασιν
3702 3283 3835 3335 ἑαυ-

2163 3363 2273 3423 τοῖς
2305 3357 2685 3427 παρατιθέναι,
2708 3358 2801 3411 ἵνα
2823 3357 2955 3428 μηδὲ
2982 3357 3121 3427 μετὰ
3144 3360 3243 3428 τὴν
3267 3359 3584 3430 πλησμονὴν
3608 3360 3703 3431 τῆς
3722 3380 3834 3415 σω-

2166 3441 2400 3511 ματικῆς
2428 3440 2635 3509 τροφῆς
2672 3437 3067 3510 ρᾳθυμήσαντα
3110 3438 3143 3503 ἡ
3176 3437 3320 3508 ψυχὴ
3358 3440 3437 3499 εἰς
3466 3438 3683 3510 ὄλεθρόν
3709 3450 3836 3496 τινα

2162 3520 2373 3590 ἐκπέσῃ
2408 3518 2455 3582 τ,
2502 3519 2599 3571 καὶ
2654 3517 2835 3589 χώραν
2865 3517 2939 3586 δῷ
2979 3519 3099 3580 ταῖς
3135 3515 3229 3569 τοῦ
3263 3516 3506 3569 διαϐόλου
3541 3523 3832 3589 μηχαναῖς,

2162 3600 2339 3652 πάντα
2363 3598 2550 3669 καιρὸν
2570 3595 2956 3667 ἑπιτηροῦντος
2986 3597 3079 3648 καὶ
3106 3595 3428 3665 βουλομένου
3452 3600 3672 3671 καιρίαν
3700 3600 3841 3670 ήμῖν

2158 3675 2343 3729 δοῦναι
2374 3676 2472 3747 τὴν
2504 3675 2755 3745 πληγήν;
2791 3676 2901 3727 Καὶ
2932 3674 3093 3727 πάλιν
3125 3675 3181 3727 δὲ
3214 3675 3440 3746 ἑτέρωθι
3466 3676 3648 3745 ἔλεγεν
3675 3679 3703 3730 ὁ
3735 3680 3836 3732 αὑ-

2158 3756 2250 3820 τὸς
2279 3749 2435 3820 οὗτος
2469 3756 2776 3826 προφήτης·
2802 3753 3211 3823 Κοιταζόμενοι
3257 3756 3355 3809 καί
3385 3756 3833 3827 διανιστάμεγοι

2153 3837 2563 3906 μνημονεύετε
2597 3836 2821 3902 Kvplov
2848 3834 2954 3887 τοῦ
2980 3836 3127 3888 Θεοῦ
3151 3835 3334 3904 ὑμῶν.
3366 3832 3522 3898 Εἶδες
3552 3832 3666 3901 πῶς
3689 3839 3835 3892 οὐδέο

2159 3934 2289 3969 ποτε
2336 3917 2483 3989 ἡμᾶς
2517 3916 2780 3987 προσήκει
2814 3914 2913 3986 τὴν
2945 3914 3165 3984 μνήμην
3201 3914 3404 3984 ταύτην
3450 3910 3700 3969 ἐκϐαλεῖν
3734 3919 3833 3990 τῆς

2156 3994 2355 4065 ψυχῆς,
2408 3994 2523 4047 ἀλλ’
2572 3993 3055 4063 ἐγκεκολαμμένην
3109 3993 3253 4061 ἔχειν
3300 3993 3378 4063 τῷ
3423 3996 3703 4061 συνειδότι,
3735 4000 3832 4051 καὶ

2156 4073 2417 4143 διηνεκῶς
2444 4067 2950 4151 ἐναγωνίουςείναι.
2974 4072 3069 4125 καὶ
3102 4072 3368 4151 μηδέποτε
3395 4072 3683 4145 ἀνακωχήν
3710 4075 3828 4151 [82]

2157 4153 2368 4215 ἑαυτοῖς
2401 4152 2680 4222 παρέχειν,
2710 4149 2845 4203 ἀλλά
2872 4151 2972 4220 τὴν
3001 4151 3197 4219 μανίαν
3222 4149 3429 4214 εἰδότας
3452 4151 3545 4204 τοῦ
3566 4154 3666 4224 τήν
3689 4149 3831 4226 πρὸς

2156 4233 2304 4303 ἡμᾶς
2359 4231 2558 4302 ἔχθραν
2602 4229 2900 4300 ἀραμένου,
2930 4229 3121 4298 νήφειν
3154 4228 3249 4281 καὶ
3293 4231 3674 4302 ἐγρηγορέναι,
3733 4238 3830 4290 καὶ

2154 4310 2519 4380 ἀποτειχίζειν
2548 4308 2698 4377 αὐτῷ
2740 4308 2837 4372 16;
2881 4307 3124 4377 ἐφόδους,
3162 4309 3256 4361 καί
3287 4309 3555 4377 μηδέποτε
3602 4311 3837 4382 ἀμελεῖν

2154 4388 2801 4461 τροφῆς,πνευματικῆς;
2835 4386 2992 4440 τοῦτο
3014 4388 3121 4458 γὰρ
3150 4386 3305 4457 ἡμῶν
3338 4390 3372 4459 ή
3402 4390 3666 4462 σωτηρία,
3697 4389 3827 4446 τοῦ-

2151 4486 2214 4522 το
2264 4471 2293 4523 6
2348 4467 2577 4531 πλοῦτος
2611 4468 2640 4519 6
2683 4468 3072 4536 πνευματικὸς,
3112 4466 3269 4519 τοῦτο
3300 4468 3333 4537 ἡ
3365 4468 3655 4536 ἀσφάλεια.
3700 4472 3833 4526 Ἐάν

2151 4548 2324 4611 οὑτως
2357 4547 2581 4610 ἑαυτοὺς
2614 4545 2735 4599 καθ’
2768 4547 3003 4615 ἑκάστην
3046 4545 3260 4617 ἡμέραν
3286 4546 3611 4617 τειχίζωμεν
3642 4550 3688 4614 ε,
3730 4555 3827 4605 καὶ

2151 4629 2216 4682 δι’
2248 4628 2624 4696 ἀναγνώσεως,
2649 4626 2741 4678 καὶ
2765 4625 2831 4677 δι’
2858 4625 3193 4694 ἀκροάσεως,
3219 4624 3312 4677 καὶ
3338 4623 3626 4690 διαλέξεως
3656 4646 3826 4683 πνευ-

2154 4710 2412 4779 ματικῆς,
2434 4705 2772 4775 δυνησόμεθα
2800 4706 2891 4757 καὶ
2923 4705 3076 4757 αὐτοὶ
3108 4704 3395 4775 ἀχείρωτοι
3418 4705 3690 4772 γενέσθαι,
3727 4711 3825 4763 καί

2150 4788 2243 4842 τοῦ
2283 4787 2519 4859 πονηροῦ
2556 4785 2809 4855 δαίμονος
2846 4784 3025 4855 ἄκυρα
3065 4784 3287 4852 ποιῆσαι
3330 4782 3398 4836 16
3430 4788 3821 4856 μηχανήματα.

2150 4868 2245 4921 καὶ
2289 4867 2388 4937 τῆς
2431 4866 2540 4917 τῶν
2569 4864 2817 4933 οὐρανῶν
2847 4862 3127 4933 βασιλείας
3166 4864 3462 4933 ἐπιτυχεῖν,
3502 4866 3685 4935 χάριτι
3728 4865 3830 4923 καῖ

2148 4944 2529 5016 φιλανθρωπίᾳ
2560 4943 2652 4996 τοῦ
2684 4943 2885 5013 Κυρίου
2913 4944 2945 5010 ή
2956 4943 3075 5011 μῶν
3118 4942 3289 5012 Ἰησοῦ
3327 4943 3584 5013 Χριστοῦ,
3614 4944 3736 5014 μεθ’
3759 4939 3831 4999 οὗ

2146 5026 2224 5095 τῷ
2253 5025 2446 5095 Πατρὶ,
2478 5024 2594 5093 ἅμα
2623 5021 2699 5092 τῷ
2720 5023 2862 5091 ἀγίῳ
2898 5021 3203 5091 Πνεύματιί
3227 5021 3374 5087 δόξα,
3410 5022 3628 5091 κράτος,
3661 5026 3827 5096 τιμὴ,-

2145 5104 2240 5159 νῦν
2273 5105 2364 5158 καὶ
2390 5104 2499 5167 ἀεὶ,
2533 5103 2626 5155 καί¹
2651 5102 2731 5164 είς
2758 5102 2883 5162 106;
2906 5100 3105 5163 αἰῶνας
3128 5099 3234 5153 τῶν
3267 5099 3497 5157 αἰώνων.
3541 5101 3739 5173 Ἀμήν.

2326 5254 2333 5261 _
2570 5252 2571 5255 ἡ
2716 5248 2719 5253 ,
2792 5190 3032 5242 ΟΜΙΛΙΛ
3059 5188 3161 5241 ιΑο.

2147 5273 2265 5339 Ὅτι
2294 5271 2388 5325 δεῖ
2421 5270 2622 5324 πολὺν
2651 5267 2758 5334 τῆς
2784 5267 3001 5335 ἀρετῆς
3027 5268 3327 5339 ποιεῖσθαι
3354 5270 3559 5337 λόγον,
3597 5270 3696 5321 καί
3722 5290 3817 5338 μι-

2207 5338 2447 5411 μεῖσθαι
2486 5340 2630 5405 τοὺς
2666 5339 2894 5411 ἁγίους,
2939 5339 2995 5390 οἳ
3030 5338 3138 5411 τῆς
3177 5338 3363 5411 (ιύἐῇς
3394 5341 3634 5407 φύσεως
3670 5341 3817 5409 ἡμῖν

2212 5408 2382 5477 ὄντες
2412 5411 2637 5477 ταύτην
2654 5408 2802 5477 μετὰ
2830 5409 3131 5477 ἀκριϐείας
3160 5408 3575 5475 κατώρθωσαν,
3598 5408 3815 5465 καὶνὸτι

2202 5481 2587 5551 ρᾳθυμοῦσιν
2615 5480 2761 5549 ἡμῖν
2788 5480 3033 5548 οὐδεμία
3060 5481 3232 5533 ἔσται
3261 5479 3576 5549 ἀπολογία.

2207 5572 2275 5627 α’.
2308 5569 2438 5626 Οἶδα
2497 5571 2887 5624 ὃτικατέτεινα
2918 5570 3071 5640 ὑμῶν
3134 5570 3225 5622 τὸν
3265 5570 3521 5640 λογισμὸν
3574 5571 3631 5622 ἐν
3690 5573 3819 5636 ταῖς

2139 5651 2536 5724 παρελθούσαις
2589 5648 2823 5721 ἡμέραις
2882 5653 2995 5713 τοῖς
3056 5648 3373 5721 βαθυτέροις
3425 5650 3675 5719 νοήμασι·
3723 5651 3813 5705 διὰ

2201 5793 2222 5817 ‘-'
2250 5787 2448 5848 Coislin.
2476 5786 2558 5833 16v
2582 5786 2770 5843 διηνεκῆ
2794 5786 3018 5847 πόλεμον,
3042 5791 3095 5833 el
3114 5784 3186 5833 sic
3210 5784 3335 5848 legit
3356 5785 3620 5845 interpres.

2206 5849 2221 5887 ῐ
2248 5847 2448 5896 (Luislin.
2470 5848 2673 5910 ἐμπέσῃ.
2829 5906 2856 5910 η
2917 5908 2924 5910 _
3264 5847 3281 5910 ί
3311 5908 3317 5910 _
3429 5908 3436 5910 _
3654 5905 3664 5910 _
3698 5904 3712 5910 _
3900 5900 3905 5905 .

2204 5912 2230 5952 ⁸
2254 5904 2811 5973 Ευὶδιηπερὶτειχίζωμεν,
2828 5906 2944 5959 Ibid.
2964 5910 3083 5972 Reg.
3110 5922 3236 5960 unus
3257 5908 3333 5957 διὰ
3351 5908 3570 5969 γνώσεως
3589 5905 3668 5954 καί
3691 5904 3799 5967 ἀιρ.
