  <div class='ocr_page' id='page_1' title='image "/cluster/home/n/w/nwhite01/storage/ocr_20150623/53/nnc1.0046978453/088.png"; bbox 0 0 4040 6378; ppageno 0'>
   <div class='ocr_carea' id='block_1_1' title="bbox 286 341 3575 408">
    <p class='ocr_par' dir='ltr' id='par_1_1' title="bbox 286 341 3575 408">
     <span class='ocr_line' id='line_1_1' title="bbox 286 341 3575 408; baseline 0.004 -13"><span class='ocrx_word' id='word_1_1' title='bbox 286 341 356 396; x_wconf 80' lang='lat'><strong><em>39</em></strong></span> <span class='ocrx_word' id='word_1_2' title='bbox 1403 343 1468 400; x_wconf 87' lang='lat' dir='ltr'><strong>IN</strong></span> <span class='ocrx_word' id='word_1_3' title='bbox 1505 344 1657 402; x_wconf 86' lang='lat' dir='ltr'><strong>CAP.</strong></span> <span class='ocrx_word' id='word_1_4' title='bbox 1700 344 1742 401; x_wconf 87' lang='grc'><strong>1.</strong></span> <span class='ocrx_word' id='word_1_5' title='bbox 1782 345 2030 404; x_wconf 82' lang='lat' dir='ltr'><strong>GENES.</strong></span> <span class='ocrx_word' id='word_1_6' title='bbox 2071 347 2304 405; x_wconf 73' lang='lat' dir='ltr'><strong>llOMlL.</strong></span> <span class='ocrx_word' id='word_1_7' title='bbox 2344 348 2439 405; x_wconf 75' lang='lat' dir='ltr'><strong>XI.</strong></span> <span class='ocrx_word' id='word_1_8' title='bbox 3504 350 3575 408; x_wconf 78' lang='lat'><strong>90</strong></span> 
     </span>
    </p>
   </div>
   <div class='ocr_carea' id='block_1_2' title="bbox 289 456 1885 528">
    <p class='ocr_par' dir='ltr' id='par_1_2' title="bbox 289 456 1885 528">
     <span class='ocr_line' id='line_1_2' title="bbox 289 456 1885 528; baseline 0.004 -21"><span class='ocrx_word' id='word_1_9' title='bbox 289 457 558 512; x_wconf 68' lang='lat' dir='ltr'><strong>videretur</strong></span> <span class='ocrx_word' id='word_1_10' title='bbox 586 459 762 512; x_wconf 91' lang='lat' dir='ltr'><strong>minus</strong></span> <span class='ocrx_word' id='word_1_11' title='bbox 790 458 988 528; x_wconf 87' lang='lat' dir='ltr'><strong>aliquid</strong></span> <span class='ocrx_word' id='word_1_12' title='bbox 1019 458 1289 524; x_wconf 85' lang='lat' dir='ltr'><strong>oblinere,</strong></span> <span class='ocrx_word' id='word_1_13' title='bbox 1323 472 1389 513; x_wconf 92' lang='lat' dir='ltr'><strong>co</strong></span> <span class='ocrx_word' id='word_1_14' title='bbox 1413 456 1554 527; x_wconf 90' lang='lat' dir='ltr'><strong>quod</strong></span> <span class='ocrx_word' id='word_1_15' title='bbox 1586 457 1716 511; x_wconf 85' lang='lat' dir='ltr'><strong>nihil</strong></span> <span class='ocrx_word' id='word_1_16' title='bbox 1740 457 1795 511; x_wconf 90' lang='lat' dir='ltr'><strong>in</strong></span> <span class='ocrx_word' id='word_1_17' title='bbox 1818 472 1885 513; x_wconf 90' lang='lat' dir='ltr'><strong>eo</strong></span> 
     </span>
    </p>
   </div>
   <div class='ocr_carea' id='block_1_3' title="bbox 291 550 1889 621">
    <p class='ocr_par' dir='ltr' id='par_1_3' title="bbox 291 550 1889 621">
     <span class='ocr_line' id='line_1_3' title="bbox 291 550 1889 621; baseline 0.001 -19"><span class='ocrx_word' id='word_1_18' title='bbox 291 555 486 605; x_wconf 80' lang='lat' dir='ltr'><strong>factum</strong></span> <span class='ocrx_word' id='word_1_19' title='bbox 533 561 700 618; x_wconf 83' lang='lat' dir='ltr'><strong>esset,</strong></span> <span class='ocrx_word' id='word_1_20' title='bbox 750 552 1127 606; x_wconf 90' lang='lat' dir='ltr'><strong>benedictione</strong></span> <span class='ocrx_word' id='word_1_21' title='bbox 1172 552 1344 621; x_wconf 93' lang='lat' dir='ltr'><strong>ipsum</strong></span> <span class='ocrx_word' id='word_1_22' title='bbox 1385 551 1628 621; x_wconf 85' lang='lat' dir='ltr'><strong>dignatus</strong></span> <span class='ocrx_word' id='word_1_23' title='bbox 1670 558 1774 605; x_wconf 89' lang='lat' dir='ltr'><strong>est.</strong></span> <span class='ocrx_word' id='word_1_24' title='bbox 1820 550 1889 603; x_wconf 82' lang='lat' dir='ltr'><strong>Et</strong></span> 
     </span>
    </p>
   </div>
   <div class='ocr_carea' id='block_1_4' title="bbox 292 643 1890 714">
    <p class='ocr_par' dir='ltr' id='par_1_4' title="bbox 292 643 1890 714">
     <span class='ocr_line' id='line_1_4' title="bbox 292 643 1890 714; baseline 0.001 -19"><span class='ocrx_word' id='word_1_25' title='bbox 292 644 571 707; x_wconf 68' lang='lat' dir='ltr'><strong>benedixit,</strong></span> <span class='ocrx_word' id='word_1_26' title='bbox 605 645 798 714; x_wconf 90' lang='lat' dir='ltr'><strong>inqttit,</strong></span> <span class='ocrx_word' id='word_1_27' title='bbox 834 644 969 699; x_wconf 85' lang='lat' dir='ltr'><strong>Deus</strong></span> <span class='ocrx_word' id='word_1_28' title='bbox 998 646 1130 697; x_wconf 88' lang='lat' dir='ltr'><strong>diem</strong></span> <span class='ocrx_word' id='word_1_29' title='bbox 1151 644 1455 714; x_wconf 80' lang='lat' dir='ltr'><strong>septimum:</strong></span> <span class='ocrx_word' id='word_1_30' title='bbox 1485 653 1532 696; x_wconf 90' lang='lat' dir='ltr'><strong>et</strong></span> <span class='ocrx_word' id='word_1_31' title='bbox 1557 643 1890 712; x_wconf 75' lang='lat' dir='ltr'><strong>sancti/ienuit</strong></span> 
     </span>
    </p>
   </div>
   <div class='ocr_carea' id='block_1_5' title="bbox 288 735 1888 807">
    <p class='ocr_par' dir='ltr' id='par_1_5' title="bbox 288 735 1888 807">
     <span class='ocr_line' id='line_1_5' title="bbox 288 735 1888 807; baseline 0.001 -19"><span class='ocrx_word' id='word_1_32' title='bbox 288 740 457 793; x_wconf 82' lang='lat' dir='ltr'><strong>illum.</strong></span> <span class='ocrx_word' id='word_1_33' title='bbox 484 737 625 804; x_wconf 90' lang='lat' dir='ltr'><strong>Quid</strong></span> <span class='ocrx_word' id='word_1_34' title='bbox 675 738 872 807; x_wconf 82' lang='lat' dir='ltr'><strong>igitur?</strong></span> <span class='ocrx_word' id='word_1_35' title='bbox 917 754 1021 791; x_wconf 86' lang='lat' dir='ltr'><strong>non</strong></span> <span class='ocrx_word' id='word_1_36' title='bbox 1063 746 1217 791; x_wconf 84' lang='lat' dir='ltr'><strong>erant</strong></span> <span class='ocrx_word' id='word_1_37' title='bbox 1258 746 1314 791; x_wconf 89' lang='lat' dir='ltr'><strong>et</strong></span> <span class='ocrx_word' id='word_1_38' title='bbox 1355 737 1534 791; x_wconf 63' lang='lat' dir='ltr'><strong>cieteri</strong></span> <span class='ocrx_word' id='word_1_39' title='bbox 1563 735 1679 789; x_wconf 91' lang='lat' dir='ltr'><strong>dies</strong></span> <span class='ocrx_word' id='word_1_40' title='bbox 1721 735 1888 790; x_wconf 83' lang='lat' dir='ltr'><strong>bene-</strong></span> 
     </span>
    </p>
   </div>
   <div class='ocr_carea' id='block_1_6' title="bbox 289 826 1888 898">
    <p class='ocr_par' dir='ltr' id='par_1_6' title="bbox 289 826 1888 898">
     <span class='ocr_line' id='line_1_6' title="bbox 289 826 1888 898; baseline 0 -17"><span class='ocrx_word' id='word_1_41' title='bbox 289 828 464 883; x_wconf 80' lang='lat' dir='ltr'><strong>dicti?</strong></span> <span class='ocrx_word' id='word_1_42' title='bbox 514 828 690 882; x_wconf 83' lang='lat' dir='ltr'><strong>Etiam</strong></span> <span class='ocrx_word' id='word_1_43' title='bbox 721 827 985 898; x_wconf 87' lang='lat' dir='ltr'><strong>profecto,</strong></span> <span class='ocrx_word' id='word_1_44' title='bbox 1016 827 1111 883; x_wconf 90' lang='lat' dir='ltr'><strong>sed</strong></span> <span class='ocrx_word' id='word_1_45' title='bbox 1136 826 1434 882; x_wconf 86' lang='lat' dir='ltr'><strong>sufficiebat</strong></span> <span class='ocrx_word' id='word_1_46' title='bbox 1462 826 1567 880; x_wconf 85' lang='lat' dir='ltr'><strong>illis</strong></span> <span class='ocrx_word' id='word_1_47' title='bbox 1604 841 1702 897; x_wconf 91' lang='lat' dir='ltr'><strong>pro</strong></span> <span class='ocrx_word' id='word_1_48' title='bbox 1743 826 1888 881; x_wconf 80' lang='lat' dir='ltr'><strong>omni</strong></span> 
     </span>
    </p>
   </div>
   <div class='ocr_carea' id='block_1_7' title="bbox 290 916 1890 989">
    <p class='ocr_par' dir='ltr' id='par_1_7' title="bbox 290 916 1890 989">
     <span class='ocr_line' id='line_1_7' title="bbox 290 916 1890 989; baseline -0.001 -15"><span class='ocrx_word' id='word_1_49' title='bbox 290 919 692 985; x_wconf 82' lang='lat' dir='ltr'><strong>benedictione,</strong></span> <span class='ocrx_word' id='word_1_50' title='bbox 711 918 852 989; x_wconf 89' lang='lat' dir='ltr'><strong>quod</strong></span> <span class='ocrx_word' id='word_1_51' title='bbox 876 920 927 973; x_wconf 92' lang='lat' dir='ltr'><strong>in</strong></span> <span class='ocrx_word' id='word_1_52' title='bbox 956 918 1180 989; x_wconf 80' lang='lat' dir='ltr'><strong>singulis</strong></span> <span class='ocrx_word' id='word_1_53' title='bbox 1206 918 1309 972; x_wconf 91' lang='lat' dir='ltr'><strong>illis</strong></span> <span class='ocrx_word' id='word_1_54' title='bbox 1330 926 1594 972; x_wconf 69' lang='lat' dir='ltr'><strong>creatum</strong></span> <span class='ocrx_word' id='word_1_55' title='bbox 1618 916 1890 985; x_wconf 78' lang='lat' dir='ltr'><strong>producta:</strong></span> 
     </span>
    </p>
   </div>
   <div class='ocr_carea' id='block_1_8' title="bbox 292 1008 1888 1079">
    <p class='ocr_par' dir='ltr' id='par_1_8' title="bbox 292 1008 1888 1079">
     <span class='ocr_line' id='line_1_8' title="bbox 292 1008 1888 1079; baseline -0.001 -15"><span class='ocrx_word' id='word_1_56' title='bbox 292 1013 553 1077; x_wconf 80' lang='lat' dir='ltr'><strong>fuissent;</strong></span> <span class='ocrx_word' id='word_1_57' title='bbox 607 1021 661 1067; x_wconf 92' lang='lat' dir='ltr'><strong>et</strong></span> <span class='ocrx_word' id='word_1_58' title='bbox 690 1013 811 1066; x_wconf 86' lang='lat' dir='ltr'><strong>ideo</strong></span> <span class='ocrx_word' id='word_1_59' title='bbox 852 1011 921 1066; x_wconf 90' lang='lat' dir='ltr'><strong>de</strong></span> <span class='ocrx_word' id='word_1_60' title='bbox 951 1011 1057 1066; x_wconf 88' lang='lat' dir='ltr'><strong>illis</strong></span> <span class='ocrx_word' id='word_1_61' title='bbox 1086 1025 1192 1065; x_wconf 89' lang='lat' dir='ltr'><strong>non</strong></span> <span class='ocrx_word' id='word_1_62' title='bbox 1224 1010 1415 1079; x_wconf 82' lang='lat' dir='ltr'><strong>inquit,</strong></span> <span class='ocrx_word' id='word_1_63' title='bbox 1466 1008 1783 1073; x_wconf 83' lang='lat' dir='ltr'><strong>Benedixit;</strong></span> <span class='ocrx_word' id='word_1_64' title='bbox 1836 1008 1888 1063; x_wconf 92' lang='lat' dir='ltr'><strong>in</strong></span> 
     </span>
    </p>
   </div>
   <div class='ocr_carea' id='block_1_9' title="bbox 292 1098 1891 1174">
    <p class='ocr_par' dir='ltr' id='par_1_9' title="bbox 292 1098 1891 1174">
     <span class='ocr_line' id='line_1_9' title="bbox 292 1098 1891 1174; baseline -0.003 -17"><span class='ocrx_word' id='word_1_65' title='bbox 292 1105 409 1161; x_wconf 74' lang='lat' dir='ltr'><strong>Solo</strong></span> <span class='ocrx_word' id='word_1_66' title='bbox 435 1112 618 1159; x_wconf 88' lang='lat' dir='ltr'><strong>autem</strong></span> <span class='ocrx_word' id='word_1_67' title='bbox 647 1105 876 1174; x_wconf 85' lang='lat' dir='ltr'><strong>septimo</strong></span> <span class='ocrx_word' id='word_1_68' title='bbox 903 1103 1005 1157; x_wconf 88' lang='lat' dir='ltr'><strong>hoc</strong></span> <span class='ocrx_word' id='word_1_69' title='bbox 1034 1102 1186 1166; x_wconf 83' lang='lat' dir='ltr'><strong>dixit,</strong></span> <span class='ocrx_word' id='word_1_70' title='bbox 1214 1109 1271 1156; x_wconf 86' lang='lat' dir='ltr'><strong>et</strong></span> <span class='ocrx_word' id='word_1_71' title='bbox 1296 1101 1541 1171; x_wconf 87' lang='lat' dir='ltr'><strong>apposuit</strong></span> <span class='ocrx_word' id='word_1_72' title='bbox 1566 1117 1581 1155; x_wconf 91' lang='lat'><strong>:</strong></span> <span class='ocrx_word' id='word_1_73' title='bbox 1610 1098 1676 1152; x_wconf 88' lang='lat' dir='ltr'><strong>Et</strong></span> <span class='ocrx_word' id='word_1_74' title='bbox 1702 1099 1891 1153; x_wconf 85' lang='lat' dir='ltr'><strong>sancti-</strong></span> 
     </span>
    </p>
   </div>
   <div class='ocr_carea' id='block_1_10' title="bbox 293 1189 1887 1261">
    <p class='ocr_par' dir='ltr' id='par_1_10' title="bbox 293 1189 1887 1261">
     <span class='ocr_line' id='line_1_10' title="bbox 293 1189 1887 1261; baseline -0.004 -12"><span class='ocrx_word' id='word_1_75' title='bbox 293 1197 461 1255; x_wconf 76' lang='lat' dir='ltr'><strong>ﬁcavit</strong></span> <span class='ocrx_word' id='word_1_76' title='bbox 486 1197 656 1249; x_wconf 79' lang='lat' dir='ltr'><strong>illum.</strong></span> <span class='ocrx_word' id='word_1_77' title='bbox 688 1195 826 1261; x_wconf 83' lang='lat' dir='ltr'><strong>Quid</strong></span> <span class='ocrx_word' id='word_1_78' title='bbox 854 1203 959 1257; x_wconf 90' lang='lat' dir='ltr'><strong>est,</strong></span> <span class='ocrx_word' id='word_1_79' title='bbox 995 1193 1061 1247; x_wconf 86' lang='lat' dir='ltr'><strong>Et</strong></span> <span class='ocrx_word' id='word_1_80' title='bbox 1089 1192 1422 1261; x_wconf 74' lang='lat' dir='ltr'><strong>sancti/ienuit</strong></span> <span class='ocrx_word' id='word_1_81' title='bbox 1460 1191 1653 1244; x_wconf 84' lang='lat' dir='ltr'><strong>illum?</strong></span> <span class='ocrx_word' id='word_1_82' title='bbox 1693 1189 1750 1244; x_wconf 91' lang='lat' dir='ltr'><strong>ld</strong></span> <span class='ocrx_word' id='word_1_83' title='bbox 1785 1197 1887 1255; x_wconf 76' lang='lat' dir='ltr'><strong>est,</strong></span> 
     </span>
    </p>
   </div>
   <div class='ocr_carea' id='block_1_11' title="bbox 291 1280 1891 1356">
    <p class='ocr_par' dir='ltr' id='par_1_11' title="bbox 291 1280 1891 1356">
     <span class='ocr_line' id='line_1_11' title="bbox 291 1280 1891 1356; baseline -0.004 -16"><span class='ocrx_word' id='word_1_84' title='bbox 291 1288 445 1340; x_wconf 84' lang='lat' dir='ltr'><strong>illum</strong></span> <span class='ocrx_word' id='word_1_85' title='bbox 477 1287 802 1356; x_wconf 75' lang='lat' dir='ltr'><strong>segregavit.</strong></span> <span class='ocrx_word' id='word_1_86' title='bbox 834 1283 1040 1339; x_wconf 90' lang='lat' dir='ltr'><strong>Deinde</strong></span> <span class='ocrx_word' id='word_1_87' title='bbox 1060 1283 1260 1338; x_wconf 85' lang='lat' dir='ltr'><strong>docens</strong></span> <span class='ocrx_word' id='word_1_88' title='bbox 1290 1298 1387 1337; x_wconf 90' lang='lat' dir='ltr'><strong>nos</strong></span> <span class='ocrx_word' id='word_1_89' title='bbox 1414 1281 1590 1335; x_wconf 90' lang='lat' dir='ltr'><strong>divina</strong></span> <span class='ocrx_word' id='word_1_90' title='bbox 1619 1280 1891 1349; x_wconf 70' lang='lat' dir='ltr'><strong>Scriptura</strong></span> 
     </span>
    </p>
   </div>
   <div class='ocr_carea' id='block_1_12' title="bbox 296 1362 1889 1447">
    <p class='ocr_par' dir='ltr' id='par_1_12' title="bbox 296 1362 1889 1447">
     <span class='ocr_line' id='line_1_12' title="bbox 296 1362 1889 1447; baseline -0.005 -15"><span class='ocrx_word' id='word_1_91' title='bbox 296 1362 513 1432; x_wconf 79' lang='lat' dir='ltr'><strong>causam</strong></span> <span class='ocrx_word' id='word_1_92' title='bbox 563 1388 785 1447; x_wconf 74' lang='lat' dir='ltr'><strong>proliter</strong></span> <span class='ocrx_word' id='word_1_93' title='bbox 826 1391 987 1446; x_wconf 88' lang='lat' dir='ltr'><strong>quam</strong></span> <span class='ocrx_word' id='word_1_94' title='bbox 1038 1375 1193 1441; x_wconf 80' lang='lat' dir='ltr'><strong>dixit,</strong></span> <span class='ocrx_word' id='word_1_95' title='bbox 1237 1373 1303 1427; x_wconf 87' lang='lat' dir='ltr'><strong>Et</strong></span> <span class='ocrx_word' id='word_1_96' title='bbox 1358 1372 1889 1442; x_wconf 65' lang='lat' dir='ltr'><strong>sanctiﬁcavitillum,</strong></span> 
     </span>
    </p>
   </div>
   <div class='ocr_carea' id='block_1_13' title="bbox 297 1464 1893 1537">
    <p class='ocr_par' dir='ltr' id='par_1_13' title="bbox 297 1464 1893 1537">
     <span class='ocr_line' id='line_1_13' title="bbox 297 1464 1893 1537; baseline -0.002 -16"><span class='ocrx_word' id='word_1_97' title='bbox 297 1467 501 1537; x_wconf 80' lang='lat' dir='ltr'><strong>adjicit,</strong></span> <span class='ocrx_word' id='word_1_98' title='bbox 528 1467 604 1520; x_wconf 76' lang='lat' dir='ltr'><strong>Eo</strong></span> <span class='ocrx_word' id='word_1_99' title='bbox 630 1467 765 1537; x_wconf 85' lang='lat' dir='ltr'><strong>quod</strong></span> <span class='ocrx_word' id='word_1_100' title='bbox 794 1467 845 1521; x_wconf 88' lang='lat' dir='ltr'><strong>in</strong></span> <span class='ocrx_word' id='word_1_101' title='bbox 870 1466 962 1520; x_wconf 84' lang='lat' dir='ltr'><strong>illo</strong></span> <span class='ocrx_word' id='word_1_102' title='bbox 986 1466 1297 1535; x_wconf 76' lang='lat' dir='ltr'><strong>requieverat</strong></span> <span class='ocrx_word' id='word_1_103' title='bbox 1323 1465 1386 1518; x_wconf 86' lang='lat' dir='ltr'><strong>ab</strong></span> <span class='ocrx_word' id='word_1_104' title='bbox 1410 1466 1639 1518; x_wconf 78' lang='lat' dir='ltr'><strong>omnibus</strong></span> <span class='ocrx_word' id='word_1_105' title='bbox 1659 1464 1893 1534; x_wconf 83' lang='lat' dir='ltr'><strong>cperibus</strong></span> 
     </span>
    </p>
   </div>
   <div class='ocr_carea' id='block_1_14' title="bbox 295 1553 1893 1628">
    <p class='ocr_par' dir='ltr' id='par_1_14' title="bbox 295 1553 1893 1628">
     <span class='ocr_line' id='line_1_14' title="bbox 295 1553 1893 1628; baseline -0.002 -16"><span class='ocrx_word' id='word_1_106' title='bbox 295 1561 400 1612; x_wconf 80' lang='lat' dir='ltr'><strong>suis</strong></span> <span class='ocrx_word' id='word_1_107' title='bbox 428 1573 546 1628; x_wconf 75' lang='lat' dir='ltr'><strong>qua:</strong></span> <span class='ocrx_word' id='word_1_108' title='bbox 574 1568 793 1627; x_wconf 67' lang='lat' dir='ltr'><strong>coeperat</strong></span> <span class='ocrx_word' id='word_1_109' title='bbox 819 1556 959 1610; x_wconf 85' lang='lat' dir='ltr'><strong>Deus</strong></span> <span class='ocrx_word' id='word_1_110' title='bbox 997 1557 1182 1625; x_wconf 79' lang='lat' dir='ltr'><strong>facere.</strong></span> <span class='ocrx_word' id='word_1_111' title='bbox 1211 1554 1329 1612; x_wconf 74' lang='lat' dir='ltr'><strong>Jaut</strong></span> <span class='ocrx_word' id='word_1_112' title='bbox 1370 1555 1493 1610; x_wconf 89' lang='lat' dir='ltr'><strong>hinc</strong></span> <span class='ocrx_word' id='word_1_113' title='bbox 1520 1554 1588 1609; x_wconf 89' lang='lat' dir='ltr'><strong>ab</strong></span> <span class='ocrx_word' id='word_1_114' title='bbox 1614 1554 1765 1609; x_wconf 91' lang='lat' dir='ltr'><strong>initio</strong></span> <span class='ocrx_word' id='word_1_115' title='bbox 1792 1553 1893 1609; x_wconf 88' lang='lat' dir='ltr'><strong>do-</strong></span> 
     </span>
    </p>
   </div>
   <div class='ocr_carea' id='block_1_15' title="bbox 295 1646 1895 1721">
    <p class='ocr_par' dir='ltr' id='par_1_15' title="bbox 295 1646 1895 1721">
     <span class='ocr_line' id='line_1_15' title="bbox 295 1646 1895 1721; baseline -0.003 -16"><span class='ocrx_word' id='word_1_116' title='bbox 295 1652 525 1705; x_wconf 82' lang='lat' dir='ltr'><strong>ctrinam</strong></span> <span class='ocrx_word' id='word_1_117' title='bbox 546 1650 686 1704; x_wconf 89' lang='lat' dir='ltr'><strong>hanc</strong></span> <span class='ocrx_word' id='word_1_118' title='bbox 701 1651 1035 1721; x_wconf 77' lang='lat' dir='ltr'><strong>:cnigmatice</strong></span> <span class='ocrx_word' id='word_1_119' title='bbox 1054 1649 1207 1703; x_wconf 89' lang='lat' dir='ltr'><strong>nobis</strong></span> <span class='ocrx_word' id='word_1_120' title='bbox 1225 1648 1455 1703; x_wconf 86' lang='lat' dir='ltr'><strong>insinuat</strong></span> <span class='ocrx_word' id='word_1_121' title='bbox 1469 1648 1631 1713; x_wconf 87' lang='lat' dir='ltr'><strong>Deus,</strong></span> <span class='ocrx_word' id='word_1_122' title='bbox 1646 1646 1895 1701; x_wconf 85' lang='lat' dir='ltr'><strong>erudiens</strong></span> 
     </span>
    </p>
   </div>
   <div class='ocr_carea' id='block_1_16' title="bbox 299 1739 1893 1808">
    <p class='ocr_par' dir='ltr' id='par_1_16' title="bbox 299 1739 1893 1808">
     <span class='ocr_line' id='line_1_16' title="bbox 299 1739 1893 1808; baseline 0 -14"><span class='ocrx_word' id='word_1_123' title='bbox 299 1758 398 1794; x_wconf 87' lang='lat' dir='ltr'><strong>nos</strong></span> <span class='ocrx_word' id='word_1_124' title='bbox 428 1742 482 1794; x_wconf 90' lang='lat' dir='ltr'><strong>in</strong></span> <span class='ocrx_word' id='word_1_125' title='bbox 509 1741 715 1795; x_wconf 85' lang='lat' dir='ltr'><strong>circulo</strong></span> <span class='ocrx_word' id='word_1_126' title='bbox 744 1740 1094 1795; x_wconf 81' lang='lat' dir='ltr'><strong>hebdomadis</strong></span> <span class='ocrx_word' id='word_1_127' title='bbox 1120 1740 1266 1795; x_wconf 88' lang='lat' dir='ltr'><strong>diem</strong></span> <span class='ocrx_word' id='word_1_128' title='bbox 1307 1754 1470 1793; x_wconf 88' lang='lat' dir='ltr'><strong>unum</strong></span> <span class='ocrx_word' id='word_1_129' title='bbox 1502 1739 1765 1808; x_wconf 79' lang='lat' dir='ltr'><strong>integrum</strong></span> <span class='ocrx_word' id='word_1_130' title='bbox 1804 1754 1893 1794; x_wconf 82' lang='lat' dir='ltr'><strong>sc-</strong></span> 
     </span>
    </p>
   </div>
   <div class='ocr_carea' id='block_1_17' title="bbox 296 1831 1892 1903">
    <p class='ocr_par' dir='ltr' id='par_1_17' title="bbox 296 1831 1892 1903">
     <span class='ocr_line' id='line_1_17' title="bbox 296 1831 1892 1903; baseline -0.001 -16"><span class='ocrx_word' id='word_1_131' title='bbox 296 1834 656 1903; x_wconf 79' lang='lat' dir='ltr'><strong>gregandum,</strong></span> <span class='ocrx_word' id='word_1_132' title='bbox 673 1845 726 1889; x_wconf 92' lang='lat' dir='ltr'><strong>et</strong></span> <span class='ocrx_word' id='word_1_133' title='bbox 749 1834 1173 1889; x_wconf 87' lang='lat' dir='ltr'><strong>consecrandum</strong></span> <span class='ocrx_word' id='word_1_134' title='bbox 1199 1831 1554 1902; x_wconf 73' lang='lat' dir='ltr'><strong>spiritualium</strong></span> <span class='ocrx_word' id='word_1_135' title='bbox 1576 1831 1892 1901; x_wconf 87' lang='lat' dir='ltr'><strong>operationi.</strong></span> 
     </span>
    </p>
   </div>
   <div class='ocr_carea' id='block_1_18' title="bbox 297 1922 1892 1994">
    <p class='ocr_par' dir='ltr' id='par_1_18' title="bbox 297 1922 1892 1994">
     <span class='ocr_line' id='line_1_18' title="bbox 297 1922 1892 1994; baseline -0.001 -15"><span class='ocrx_word' id='word_1_136' title='bbox 297 1923 423 1979; x_wconf 84' lang='lat' dir='ltr'><strong>Ideo</strong></span> <span class='ocrx_word' id='word_1_137' title='bbox 442 1926 592 1979; x_wconf 89' lang='lat' dir='ltr'><strong>enim</strong></span> <span class='ocrx_word' id='word_1_138' title='bbox 616 1925 874 1980; x_wconf 86' lang='lat' dir='ltr'><strong>Dominus</strong></span> <span class='ocrx_word' id='word_1_139' title='bbox 902 1925 1170 1994; x_wconf 90' lang='lat' dir='ltr'><strong>completo</strong></span> <span class='ocrx_word' id='word_1_140' title='bbox 1196 1938 1289 1977; x_wconf 78' lang='lat' dir='ltr'><strong>sex</strong></span> <span class='ocrx_word' id='word_1_141' title='bbox 1315 1922 1508 1978; x_wconf 89' lang='lat' dir='ltr'><strong>diebus</strong></span> <span class='ocrx_word' id='word_1_142' title='bbox 1537 1922 1749 1992; x_wconf 82' lang='lat' dir='ltr'><strong>cpiticio</strong></span> <span class='ocrx_word' id='word_1_143' title='bbox 1772 1936 1892 1989; x_wconf 89' lang='lat' dir='ltr'><strong>suo,</strong></span> 
     </span>
    </p>
   </div>
   <div class='ocr_carea' id='block_1_19' title="bbox 299 2004 1893 2089">
    <p class='ocr_par' dir='ltr' id='par_1_19' title="bbox 299 2004 1893 2089">
     <span class='ocr_line' id='line_1_19' title="bbox 299 2004 1893 2089; baseline -0.003 -15"><span class='ocrx_word' id='word_1_144' title='bbox 299 2020 593 2088; x_wconf 81' lang='lat' dir='ltr'><strong>septimum</strong></span> <span class='ocrx_word' id='word_1_145' title='bbox 622 2019 996 2074; x_wconf 88' lang='lat' dir='ltr'><strong>benedictione</strong></span> <span class='ocrx_word' id='word_1_146' title='bbox 1024 2004 1271 2089; x_wconf 81' lang='lat' dir='ltr'><strong>dignatus</strong></span> <span class='ocrx_word' id='word_1_147' title='bbox 1298 2026 1402 2083; x_wconf 86' lang='lat' dir='ltr'><strong>est,</strong></span> <span class='ocrx_word' id='word_1_148' title='bbox 1431 2025 1486 2072; x_wconf 87' lang='lat' dir='ltr'><strong>et</strong></span> <span class='ocrx_word' id='word_1_149' title='bbox 1524 2017 1893 2082; x_wconf 86' lang='lat' dir='ltr'><strong>sanctilicavit,</strong></span> 
     </span>
    </p>
   </div>
   <div class='ocr_carea' id='block_1_20' title="bbox 304 2109 1898 2182">
    <p class='ocr_par' dir='ltr' id='par_1_20' title="bbox 304 2109 1898 2182">
     <span class='ocr_line' id='line_1_20' title="bbox 304 2109 1898 2182; baseline -0.001 -15"><span class='ocrx_word' id='word_1_150' title='bbox 304 2127 369 2167; x_wconf 84' lang='lat' dir='ltr'><strong>eo</strong></span> <span class='ocrx_word' id='word_1_151' title='bbox 393 2112 538 2182; x_wconf 90' lang='lat' dir='ltr'><strong>quod</strong></span> <span class='ocrx_word' id='word_1_152' title='bbox 569 2112 621 2166; x_wconf 94' lang='lat' dir='ltr'><strong>in</strong></span> <span class='ocrx_word' id='word_1_153' title='bbox 652 2112 747 2166; x_wconf 90' lang='lat' dir='ltr'><strong>illo</strong></span> <span class='ocrx_word' id='word_1_154' title='bbox 782 2112 1058 2182; x_wconf 75' lang='lat' dir='ltr'><strong>quieVerat</strong></span> <span class='ocrx_word' id='word_1_155' title='bbox 1098 2111 1166 2164; x_wconf 89' lang='lat' dir='ltr'><strong>ab</strong></span> <span class='ocrx_word' id='word_1_156' title='bbox 1193 2110 1443 2165; x_wconf 88' lang='lat' dir='ltr'><strong>omnibus</strong></span> <span class='ocrx_word' id='word_1_157' title='bbox 1483 2109 1737 2178; x_wconf 85' lang='lat' dir='ltr'><strong>operibus</strong></span> <span class='ocrx_word' id='word_1_158' title='bbox 1784 2109 1898 2165; x_wconf 87' lang='lat' dir='ltr'><strong>suis</strong></span> 
     </span>
    </p>
   </div>
   <div class='ocr_carea' id='block_1_21' title="bbox 301 2200 1896 2273">
    <p class='ocr_par' dir='ltr' id='par_1_21' title="bbox 301 2200 1896 2273">
     <span class='ocr_line' id='line_1_21' title="bbox 301 2200 1896 2273; baseline 0.001 -18"><span class='ocrx_word' id='word_1_159' title='bbox 301 2218 417 2273; x_wconf 75' lang='lat' dir='ltr'><strong>qua:</strong></span> <span class='ocrx_word' id='word_1_160' title='bbox 448 2202 629 2258; x_wconf 88' lang='lat' dir='ltr'><strong>facere</strong></span> <span class='ocrx_word' id='word_1_161' title='bbox 655 2214 911 2273; x_wconf 71' lang='lat' dir='ltr'><strong>coeperat.</strong></span> <span class='ocrx_word' id='word_1_162' title='bbox 933 2203 1130 2258; x_wconf 81' lang='lat' dir='ltr'><strong>Verum</strong></span> <span class='ocrx_word' id='word_1_163' title='bbox 1154 2201 1241 2256; x_wconf 87' lang='lat' dir='ltr'><strong>hic</strong></span> <span class='ocrx_word' id='word_1_164' title='bbox 1268 2202 1461 2255; x_wconf 79' lang='lat' dir='ltr'><strong>iterum</strong></span> <span class='ocrx_word' id='word_1_165' title='bbox 1487 2200 1641 2256; x_wconf 90' lang='lat' dir='ltr'><strong>video</strong></span> <span class='ocrx_word' id='word_1_166' title='bbox 1666 2200 1896 2256; x_wconf 86' lang='lat' dir='ltr'><strong>immen-</strong></span> 
     </span>
    </p>
   </div>
   <div class='ocr_carea' id='block_1_22' title="bbox 302 2292 1896 2366">
    <p class='ocr_par' dir='ltr' id='par_1_22' title="bbox 302 2292 1896 2366">
     <span class='ocr_line' id='line_1_22' title="bbox 302 2292 1896 2366; baseline -0.001 -18"><span class='ocrx_word' id='word_1_167' title='bbox 302 2312 419 2350; x_wconf 89' lang='lat' dir='ltr'><strong>sum</strong></span> <span class='ocrx_word' id='word_1_168' title='bbox 467 2296 625 2350; x_wconf 86' lang='lat' dir='ltr'><strong>nubis</strong></span> <span class='ocrx_word' id='word_1_169' title='bbox 672 2297 1057 2351; x_wconf 85' lang='lat' dir='ltr'><strong>sententiarum</strong></span> <span class='ocrx_word' id='word_1_170' title='bbox 1095 2296 1313 2366; x_wconf 82' lang='lat' dir='ltr'><strong>pelagus</strong></span> <span class='ocrx_word' id='word_1_171' title='bbox 1356 2295 1557 2360; x_wconf 72' lang='lat' dir='ltr'><strong>nasci‘,</strong></span> <span class='ocrx_word' id='word_1_172' title='bbox 1595 2292 1738 2364; x_wconf 88' lang='lat' dir='ltr'><strong>quod</strong></span> <span class='ocrx_word' id='word_1_173' title='bbox 1765 2294 1896 2347; x_wconf 90' lang='lat' dir='ltr'><strong>sim-</strong></span> 
     </span>
    </p>
   </div>
   <div class='ocr_carea' id='block_1_23' title="bbox 306 2386 1898 2459">
    <p class='ocr_par' dir='ltr' id='par_1_23' title="bbox 306 2386 1898 2459">
     <span class='ocr_line' id='line_1_23' title="bbox 306 2386 1898 2459; baseline -0.001 -19"><span class='ocrx_word' id='word_1_174' title='bbox 306 2387 519 2457; x_wconf 86' lang='lat' dir='ltr'><strong>pliciter</strong></span> <span class='ocrx_word' id='word_1_175' title='bbox 566 2389 839 2458; x_wconf 78' lang='lat' dir='ltr'><strong>pr.cterire</strong></span> <span class='ocrx_word' id='word_1_176' title='bbox 871 2388 1071 2453; x_wconf 89' lang='lat' dir='ltr'><strong>nolim;</strong></span> <span class='ocrx_word' id='word_1_177' title='bbox 1116 2389 1245 2459; x_wconf 90' lang='lat' dir='ltr'><strong>quin</strong></span> <span class='ocrx_word' id='word_1_178' title='bbox 1291 2396 1347 2443; x_wconf 91' lang='lat' dir='ltr'><strong>et</strong></span> <span class='ocrx_word' id='word_1_179' title='bbox 1371 2404 1468 2443; x_wconf 87' lang='lat' dir='ltr'><strong>vos</strong></span> <span class='ocrx_word' id='word_1_180' title='bbox 1497 2387 1685 2441; x_wconf 87' lang='lat' dir='ltr'><strong>barum</strong></span> <span class='ocrx_word' id='word_1_181' title='bbox 1737 2386 1898 2456; x_wconf 87' lang='lat' dir='ltr'><strong>spiri-</strong></span> 
     </span>
    </p>
   </div>
   <div class='ocr_carea' id='block_1_24' title="bbox 305 2479 1900 2553">
    <p class='ocr_par' dir='ltr' id='par_1_24' title="bbox 305 2479 1900 2553">
     <span class='ocr_line' id='line_1_24' title="bbox 305 2479 1900 2553; baseline 0.001 -21"><span class='ocrx_word' id='word_1_182' title='bbox 305 2479 525 2533; x_wconf 83' lang='lat' dir='ltr'><strong>tualium</strong></span> <span class='ocrx_word' id='word_1_183' title='bbox 573 2480 834 2534; x_wconf 90' lang='lat' dir='ltr'><strong>mercium</strong></span> <span class='ocrx_word' id='word_1_184' title='bbox 883 2481 1171 2551; x_wconf 83' lang='lat' dir='ltr'><strong>participes</strong></span> <span class='ocrx_word' id='word_1_185' title='bbox 1213 2481 1328 2537; x_wconf 89' lang='lat' dir='ltr'><strong>fieri</strong></span> <span class='ocrx_word' id='word_1_186' title='bbox 1358 2483 1538 2553; x_wconf 88' lang='lat' dir='ltr'><strong>cupio.</strong></span> <span class='ocrx_word' id='word_1_187' title='bbox 1568 2481 1698 2547; x_wconf 75' lang='lat' dir='ltr'><strong>Qua:</strong></span> <span class='ocrx_word' id='word_1_188' title='bbox 1740 2480 1900 2549; x_wconf 81' lang='lat' dir='ltr'><strong>igitur</strong></span> 
     </span>
    </p>
   </div>
   <div class='ocr_carea' id='block_1_25' title="bbox 305 2570 1899 2643">
    <p class='ocr_par' dir='ltr' id='par_1_25' title="bbox 305 2570 1899 2643">
     <span class='ocr_line' id='line_1_25' title="bbox 305 2570 1899 2643; baseline 0.001 -20"><span class='ocrx_word' id='word_1_189' title='bbox 305 2570 393 2624; x_wconf 88' lang='lat' dir='ltr'><strong>illa</strong></span> <span class='ocrx_word' id='word_1_190' title='bbox 423 2580 532 2636; x_wconf 89' lang='lat' dir='ltr'><strong>est,</strong></span> <span class='ocrx_word' id='word_1_191' title='bbox 561 2587 684 2641; x_wconf 70' lang='lat' dir='ltr'><strong>quze</strong></span> <span class='ocrx_word' id='word_1_192' title='bbox 726 2570 850 2626; x_wconf 88' lang='lat' dir='ltr'><strong>hinc</strong></span> <span class='ocrx_word' id='word_1_193' title='bbox 887 2572 1078 2636; x_wconf 90' lang='lat' dir='ltr'><strong>oritur,</strong></span> <span class='ocrx_word' id='word_1_194' title='bbox 1110 2573 1373 2643; x_wconf 72' lang='lat' dir='ltr'><strong>qua-stic?</strong></span> <span class='ocrx_word' id='word_1_195' title='bbox 1415 2574 1596 2627; x_wconf 90' lang='lat' dir='ltr'><strong>Divina</strong></span> <span class='ocrx_word' id='word_1_196' title='bbox 1626 2572 1899 2641; x_wconf 84' lang='lat' dir='ltr'><strong>Scriptura</strong></span> 
     </span>
    </p>
   </div>
   <div class='ocr_carea' id='block_1_26' title="bbox 306 2664 1900 2737">
    <p class='ocr_par' dir='ltr' id='par_1_26' title="bbox 306 2664 1900 2737">
     <span class='ocr_line' id='line_1_26' title="bbox 306 2664 1900 2737; baseline 0 -19"><span class='ocrx_word' id='word_1_197' title='bbox 306 2665 391 2719; x_wconf 91' lang='lat' dir='ltr'><strong>bic</strong></span> <span class='ocrx_word' id='word_1_198' title='bbox 435 2665 653 2720; x_wconf 86' lang='lat' dir='ltr'><strong>dicente</strong></span> <span class='ocrx_word' id='word_1_199' title='bbox 698 2665 863 2719; x_wconf 86' lang='lat' dir='ltr'><strong>Deum</strong></span> <span class='ocrx_word' id='word_1_200' title='bbox 907 2666 1236 2735; x_wconf 89' lang='lat' dir='ltr'><strong>requievisse</strong></span> <span class='ocrx_word' id='word_1_201' title='bbox 1276 2666 1346 2722; x_wconf 87' lang='lat' dir='ltr'><strong>ab</strong></span> <span class='ocrx_word' id='word_1_202' title='bbox 1396 2665 1646 2737; x_wconf 88' lang='lat' dir='ltr'><strong>operibus</strong></span> <span class='ocrx_word' id='word_1_203' title='bbox 1674 2664 1816 2730; x_wconf 85' lang='lat' dir='ltr'><strong>suis,</strong></span> <span class='ocrx_word' id='word_1_204' title='bbox 1846 2664 1900 2718; x_wconf 91' lang='lat' dir='ltr'><strong>in</strong></span> 
     </span>
    </p>
   </div>
   <div class='ocr_carea' id='block_1_27' title="bbox 306 2754 1901 2827">
    <p class='ocr_par' dir='ltr' id='par_1_27' title="bbox 306 2754 1901 2827">
     <span class='ocr_line' id='line_1_27' title="bbox 306 2754 1901 2827; baseline -0.001 -17"><span class='ocrx_word' id='word_1_205' title='bbox 306 2756 600 2826; x_wconf 74' lang='lat' dir='ltr'><strong>evangeliis</strong></span> <span class='ocrx_word' id='word_1_206' title='bbox 639 2755 885 2810; x_wconf 81' lang='lat' dir='ltr'><strong>Christus</strong></span> <span class='ocrx_word' id='word_1_207' title='bbox 930 2757 1129 2827; x_wconf 82' lang='lat' dir='ltr'><strong>inquit,</strong></span> <span class='ocrx_word' id='word_1_208' title='bbox 1161 2755 1321 2811; x_wconf 87' lang='lat' dir='ltr'><strong>Pater</strong></span> <span class='ocrx_word' id='word_1_209' title='bbox 1365 2774 1505 2811; x_wconf 86' lang='lat' dir='ltr'><strong>meus</strong></span> <span class='ocrx_word' id='word_1_210' title='bbox 1546 2772 1705 2825; x_wconf 84' lang='lat' dir='ltr'><strong>usque</strong></span> <span class='ocrx_word' id='word_1_211' title='bbox 1749 2754 1901 2808; x_wconf 88' lang='lat' dir='ltr'><strong>modo</strong></span> 
     </span>
    </p>
   </div>
   <div class='ocr_carea' id='block_1_28' title="bbox 306 2847 1904 2921">
    <p class='ocr_par' dir='ltr' id='par_1_28' title="bbox 306 2847 1904 2921">
     <span class='ocr_line' id='line_1_28' title="bbox 306 2847 1904 2921; baseline -0.001 -20"><span class='ocrx_word' id='word_1_212' title='bbox 306 2858 573 2917; x_wconf 85' lang='lat' dir='ltr'><strong>operatur,</strong></span> <span class='ocrx_word' id='word_1_213' title='bbox 600 2857 646 2902; x_wconf 86' lang='lat' dir='ltr'><strong>et</strong></span> <span class='ocrx_word' id='word_1_214' title='bbox 689 2864 780 2919; x_wconf 89' lang='lat' dir='ltr'><strong>ego</strong></span> <span class='ocrx_word' id='word_1_215' title='bbox 822 2864 1005 2918; x_wconf 86' lang='lat' dir='ltr'><strong>aperor</strong></span> <span class='ocrx_word' id='word_1_216' title='bbox 1056 2847 1232 2919; x_wconf 83' lang='lat' dir='ltr'><strong>(Joan.</strong></span> <span class='ocrx_word' id='word_1_217' title='bbox 1264 2849 1318 2905; x_wconf 82' lang='lat'><strong>5.</strong></span> <span class='ocrx_word' id='word_1_218' title='bbox 1349 2848 1460 2921; x_wconf 72' lang='lat' dir='ltr'><strong>i7).</strong></span> <span class='ocrx_word' id='word_1_219' title='bbox 1488 2848 1605 2903; x_wconf 90' lang='lat' dir='ltr'><strong>Non</strong></span> <span class='ocrx_word' id='word_1_220' title='bbox 1653 2847 1904 2902; x_wconf 89' lang='lat' dir='ltr'><strong>videntur</strong></span> 
     </span>
    </p>
   </div>
   <div class='ocr_carea' id='block_1_29' title="bbox 311 2935 1903 2995">
    <p class='ocr_par' dir='ltr' id='par_1_29' title="bbox 311 2935 1903 2995">
     <span class='ocr_line' id='line_1_29' title="bbox 311 2935 1903 2995; baseline 0 -3"><span class='ocrx_word' id='word_1_221' title='bbox 311 2940 401 2992; x_wconf 87' lang='lat' dir='ltr'><strong>tibi</strong></span> <span class='ocrx_word' id='word_1_222' title='bbox 425 2955 492 2993; x_wconf 92' lang='lat' dir='ltr'><strong>ex</strong></span> <span class='ocrx_word' id='word_1_223' title='bbox 521 2940 805 2994; x_wconf 86' lang='lat' dir='ltr'><strong>verborum</strong></span> <span class='ocrx_word' id='word_1_224' title='bbox 836 2940 976 2995; x_wconf 87' lang='lat' dir='ltr'><strong>serie</strong></span> <span class='ocrx_word' id='word_1_225' title='bbox 1004 2939 1118 2995; x_wconf 66' lang='lat' dir='ltr'><strong>haec</strong></span> <span class='ocrx_word' id='word_1_226' title='bbox 1147 2940 1289 2995; x_wconf 92' lang='lat' dir='ltr'><strong>dicta</strong></span> <span class='ocrx_word' id='word_1_227' title='bbox 1315 2955 1437 2995; x_wconf 82' lang='lat' dir='ltr'><strong>esse</strong></span> <span class='ocrx_word' id='word_1_228' title='bbox 1462 2938 1765 2993; x_wconf 82' lang='lat' dir='ltr'><strong>contraria?</strong></span> <span class='ocrx_word' id='word_1_229' title='bbox 1796 2935 1903 2992; x_wconf 89' lang='lat' dir='ltr'><strong>Sed</strong></span> 
     </span>
    </p>
   </div>
   <div class='ocr_carea' id='block_1_30' title="bbox 310 3030 1904 3103">
    <p class='ocr_par' dir='ltr' id='par_1_30' title="bbox 310 3030 1904 3103">
     <span class='ocr_line' id='line_1_30' title="bbox 310 3030 1904 3103; baseline 0.001 -20"><span class='ocrx_word' id='word_1_230' title='bbox 310 3031 490 3085; x_wconf 80' lang='lat' dir='ltr'><strong>absit:</strong></span> <span class='ocrx_word' id='word_1_231' title='bbox 525 3032 656 3086; x_wconf 87' lang='lat' dir='ltr'><strong>nihil</strong></span> <span class='ocrx_word' id='word_1_232' title='bbox 686 3032 774 3086; x_wconf 87' lang='lat' dir='ltr'><strong>hic</strong></span> <span class='ocrx_word' id='word_1_233' title='bbox 804 3033 1132 3087; x_wconf 89' lang='lat' dir='ltr'><strong>contrarium</strong></span> <span class='ocrx_word' id='word_1_234' title='bbox 1183 3032 1248 3088; x_wconf 92' lang='lat' dir='ltr'><strong>iis</strong></span> <span class='ocrx_word' id='word_1_235' title='bbox 1291 3047 1410 3103; x_wconf 67' lang='lat' dir='ltr'><strong>qua:</strong></span> <span class='ocrx_word' id='word_1_236' title='bbox 1455 3031 1510 3086; x_wconf 91' lang='lat' dir='ltr'><strong>in</strong></span> <span class='ocrx_word' id='word_1_237' title='bbox 1550 3032 1717 3086; x_wconf 87' lang='lat' dir='ltr'><strong>sacris</strong></span> <span class='ocrx_word' id='word_1_238' title='bbox 1759 3030 1904 3085; x_wconf 89' lang='lat' dir='ltr'><strong>Scri-</strong></span> 
     </span>
    </p>
   </div>
   <div class='ocr_carea' id='block_1_31' title="bbox 311 3122 1904 3194">
    <p class='ocr_par' dir='ltr' id='par_1_31' title="bbox 311 3122 1904 3194">
     <span class='ocr_line' id='line_1_31' title="bbox 311 3122 1904 3194; baseline -0.001 -18"><span class='ocrx_word' id='word_1_239' title='bbox 311 3124 483 3189; x_wconf 77' lang='lat' dir='ltr'><strong>pturis</strong></span> <span class='ocrx_word' id='word_1_240' title='bbox 526 3123 893 3177; x_wconf 89' lang='lat' dir='ltr'><strong>continentur.</strong></span> <span class='ocrx_word' id='word_1_241' title='bbox 924 3122 1057 3178; x_wconf 89' lang='lat' dir='ltr'><strong>Nam</strong></span> <span class='ocrx_word' id='word_1_242' title='bbox 1105 3123 1191 3179; x_wconf 88' lang='lat' dir='ltr'><strong>hic</strong></span> <span class='ocrx_word' id='word_1_243' title='bbox 1217 3123 1431 3194; x_wconf 87' lang='lat' dir='ltr'><strong>quidem</strong></span> <span class='ocrx_word' id='word_1_244' title='bbox 1458 3139 1580 3177; x_wconf 88' lang='lat' dir='ltr'><strong>cum</strong></span> <span class='ocrx_word' id='word_1_245' title='bbox 1628 3122 1904 3192; x_wconf 87' lang='lat' dir='ltr'><strong>Scriptura</strong></span> 
     </span>
    </p>
   </div>
   <div class='ocr_carea' id='block_1_32' title="bbox 311 3214 1906 3285">
    <p class='ocr_par' dir='ltr' id='par_1_32' title="bbox 311 3214 1906 3285">
     <span class='ocr_line' id='line_1_32' title="bbox 311 3214 1906 3285; baseline -0.001 -15"><span class='ocrx_word' id='word_1_246' title='bbox 311 3217 439 3270; x_wconf 82' lang='lat' dir='ltr'><strong>dicit</strong></span> <span class='ocrx_word' id='word_1_247' title='bbox 489 3216 822 3284; x_wconf 87' lang='lat' dir='ltr'><strong>requievisse</strong></span> <span class='ocrx_word' id='word_1_248' title='bbox 869 3216 1033 3269; x_wconf 76' lang='lat' dir='ltr'><strong>Deum</strong></span> <span class='ocrx_word' id='word_1_249' title='bbox 1062 3215 1130 3269; x_wconf 92' lang='lat' dir='ltr'><strong>ab</strong></span> <span class='ocrx_word' id='word_1_250' title='bbox 1153 3216 1406 3285; x_wconf 83' lang='lat' dir='ltr'><strong>cperibus</strong></span> <span class='ocrx_word' id='word_1_251' title='bbox 1443 3215 1573 3281; x_wconf 89' lang='lat' dir='ltr'><strong>suis,</strong></span> <span class='ocrx_word' id='word_1_252' title='bbox 1606 3214 1764 3269; x_wconf 89' lang='lat' dir='ltr'><strong>docet</strong></span> <span class='ocrx_word' id='word_1_253' title='bbox 1807 3228 1906 3269; x_wconf 90' lang='lat' dir='ltr'><strong>nos</strong></span> 
     </span>
    </p>
   </div>
   <div class='ocr_carea' id='block_1_33' title="bbox 311 3305 1906 3376">
    <p class='ocr_par' dir='ltr' id='par_1_33' title="bbox 311 3305 1906 3376">
     <span class='ocr_line' id='line_1_33' title="bbox 311 3305 1906 3376; baseline -0.001 -16"><span class='ocrx_word' id='word_1_254' title='bbox 311 3305 743 3360; x_wconf 81' lang='lat' dir='ltr'><strong>eumacreando</strong></span> <span class='ocrx_word' id='word_1_255' title='bbox 770 3316 913 3360; x_wconf 78' lang='lat' dir='ltr'><strong>cth</strong></span> <span class='ocrx_word' id='word_1_256' title='bbox 962 3306 1130 3361; x_wconf 85' lang='lat' dir='ltr'><strong>nihilo</strong></span> <span class='ocrx_word' id='word_1_257' title='bbox 1174 3321 1262 3360; x_wconf 85' lang='lat' dir='ltr'><strong>res</strong></span> <span class='ocrx_word' id='word_1_258' title='bbox 1309 3305 1651 3376; x_wconf 85' lang='lat' dir='ltr'><strong>producendo</strong></span> <span class='ocrx_word' id='word_1_259' title='bbox 1698 3306 1906 3375; x_wconf 86' lang='lat' dir='ltr'><strong>requie-</strong></span> 
     </span>
    </p>
   </div>
   <div class='ocr_carea' id='block_1_34' title="bbox 313 3397 1907 3469">
    <p class='ocr_par' dir='ltr' id='par_1_34' title="bbox 313 3397 1907 3469">
     <span class='ocr_line' id='line_1_34' title="bbox 313 3397 1907 3469; baseline -0.001 -18"><span class='ocrx_word' id='word_1_260' title='bbox 313 3401 454 3453; x_wconf 89' lang='lat' dir='ltr'><strong>visse</strong></span> <span class='ocrx_word' id='word_1_261' title='bbox 481 3400 569 3453; x_wconf 89' lang='lat' dir='ltr'><strong>die</strong></span> <span class='ocrx_word' id='word_1_262' title='bbox 615 3399 915 3469; x_wconf 76' lang='lat' dir='ltr'><strong>septimo’;</strong></span> <span class='ocrx_word' id='word_1_263' title='bbox 946 3398 1188 3454; x_wconf 86' lang='lat' dir='ltr'><strong>Christus</strong></span> <span class='ocrx_word' id='word_1_264' title='bbox 1235 3408 1412 3453; x_wconf 88' lang='lat' dir='ltr'><strong>autem</strong></span> <span class='ocrx_word' id='word_1_265' title='bbox 1458 3399 1644 3454; x_wconf 91' lang='lat' dir='ltr'><strong>dicens</strong></span> <span class='ocrx_word' id='word_1_266' title='bbox 1687 3417 1701 3453; x_wconf 93' lang='lat'><strong>:</strong></span> <span class='ocrx_word' id='word_1_267' title='bbox 1750 3397 1907 3453; x_wconf 77' lang='lat' dir='ltr'><strong>Pater</strong></span> 
     </span>
    </p>
   </div>
   <div class='ocr_carea' id='block_1_35' title="bbox 313 3489 1905 3561">
    <p class='ocr_par' dir='ltr' id='par_1_35' title="bbox 313 3489 1905 3561">
     <span class='ocr_line' id='line_1_35' title="bbox 313 3489 1905 3561; baseline 0 -20"><span class='ocrx_word' id='word_1_268' title='bbox 313 3507 453 3544; x_wconf 86' lang='lat' dir='ltr'><strong>meus</strong></span> <span class='ocrx_word' id='word_1_269' title='bbox 497 3506 657 3559; x_wconf 84' lang='lat' dir='ltr'><strong>usque</strong></span> <span class='ocrx_word' id='word_1_270' title='bbox 683 3489 834 3543; x_wconf 87' lang='lat' dir='ltr'><strong>modo</strong></span> <span class='ocrx_word' id='word_1_271' title='bbox 861 3500 1121 3560; x_wconf 75' lang='lat' dir='ltr'><strong>operatur,</strong></span> <span class='ocrx_word' id='word_1_272' title='bbox 1149 3500 1194 3544; x_wconf 90' lang='lat' dir='ltr'><strong>et</strong></span> <span class='ocrx_word' id='word_1_273' title='bbox 1232 3506 1326 3560; x_wconf 86' lang='lat' dir='ltr'><strong>ego</strong></span> <span class='ocrx_word' id='word_1_274' title='bbox 1360 3506 1562 3561; x_wconf 84' lang='lat' dir='ltr'><strong>aperor,</strong></span> <span class='ocrx_word' id='word_1_275' title='bbox 1598 3498 1905 3559; x_wconf 88' lang='lat' dir='ltr'><strong>perpetuam</strong></span> 
     </span>
    </p>
   </div>
   <div class='ocr_carea' id='block_1_36' title="bbox 314 3580 1906 3652">
    <p class='ocr_par' dir='ltr' id='par_1_36' title="bbox 314 3580 1906 3652">
     <span class='ocr_line' id='line_1_36' title="bbox 314 3580 1906 3652; baseline -0.001 -17"><span class='ocrx_word' id='word_1_276' title='bbox 314 3596 467 3636; x_wconf 82' lang='lat' dir='ltr'><strong>suam</strong></span> <span class='ocrx_word' id='word_1_277' title='bbox 517 3580 910 3652; x_wconf 82' lang='lat' dir='ltr'><strong>providentiam</strong></span> <span class='ocrx_word' id='word_1_278' title='bbox 958 3581 1113 3637; x_wconf 89' lang='lat' dir='ltr'><strong>nobis</strong></span> <span class='ocrx_word' id='word_1_279' title='bbox 1142 3582 1397 3647; x_wconf 86' lang='lat' dir='ltr'><strong>declarat,</strong></span> <span class='ocrx_word' id='word_1_280' title='bbox 1442 3591 1496 3636; x_wconf 88' lang='lat' dir='ltr'><strong>et</strong></span> <span class='ocrx_word' id='word_1_281' title='bbox 1539 3580 1906 3651; x_wconf 76' lang='lat' dir='ltr'><strong>operationem</strong></span> 
     </span>
    </p>
   </div>
   <div class='ocr_carea' id='block_1_37' title="bbox 312 3674 1909 3745">
    <p class='ocr_par' dir='ltr' id='par_1_37' title="bbox 312 3674 1909 3745">
     <span class='ocr_line' id='line_1_37' title="bbox 312 3674 1909 3745; baseline -0.002 -15"><span class='ocrx_word' id='word_1_282' title='bbox 312 3685 469 3731; x_wconf 85' lang='lat' dir='ltr'><strong>vocat</strong></span> <span class='ocrx_word' id='word_1_283' title='bbox 493 3675 957 3730; x_wconf 75' lang='lat' dir='ltr'><strong>conservationem</strong></span> <span class='ocrx_word' id='word_1_284' title='bbox 989 3674 1346 3745; x_wconf 84' lang='lat' dir='ltr'><strong>opiﬁciorum,</strong></span> <span class='ocrx_word' id='word_1_285' title='bbox 1369 3675 1562 3745; x_wconf 91' lang='lat' dir='ltr'><strong>quibus</strong></span> <span class='ocrx_word' id='word_1_286' title='bbox 1589 3674 1812 3743; x_wconf 79' lang='lat' dir='ltr'><strong>largitur</strong></span> <span class='ocrx_word' id='word_1_287' title='bbox 1852 3681 1909 3727; x_wconf 92' lang='lat' dir='ltr'><strong>ut</strong></span> 
     </span>
    </p>
   </div>
   <div class='ocr_carea' id='block_1_38' title="bbox 315 3764 1906 3837">
    <p class='ocr_par' dir='ltr' id='par_1_38' title="bbox 315 3764 1906 3837">
     <span class='ocr_line' id='line_1_38' title="bbox 315 3764 1906 3837; baseline -0.001 -17"><span class='ocrx_word' id='word_1_288' title='bbox 315 3774 687 3836; x_wconf 82' lang='lat' dir='ltr'><strong>permaneant,</strong></span> <span class='ocrx_word' id='word_1_289' title='bbox 719 3766 847 3819; x_wconf 87' lang='lat' dir='ltr'><strong>dum</strong></span> <span class='ocrx_word' id='word_1_290' title='bbox 877 3767 1024 3821; x_wconf 91' lang='lat' dir='ltr'><strong>omni</strong></span> <span class='ocrx_word' id='word_1_291' title='bbox 1056 3774 1296 3836; x_wconf 90' lang='lat' dir='ltr'><strong>tempore</strong></span> <span class='ocrx_word' id='word_1_292' title='bbox 1324 3765 1601 3837; x_wconf 80' lang='lat' dir='ltr'><strong>gubernat.</strong></span> <span class='ocrx_word' id='word_1_293' title='bbox 1628 3764 1740 3820; x_wconf 82' lang='lat' dir='ltr'><strong>Nisi</strong></span> <span class='ocrx_word' id='word_1_294' title='bbox 1764 3765 1906 3819; x_wconf 91' lang='lat' dir='ltr'><strong>enim</strong></span> 
     </span>
    </p>
   </div>
   <div class='ocr_carea' id='block_1_39' title="bbox 314 3856 1905 3928">
    <p class='ocr_par' dir='ltr' id='par_1_39' title="bbox 314 3856 1905 3928">
     <span class='ocr_line' id='line_1_39' title="bbox 314 3856 1905 3928; baseline -0.001 -16"><span class='ocrx_word' id='word_1_295' title='bbox 314 3860 419 3913; x_wconf 87' lang='lat' dir='ltr'><strong>hoc</strong></span> <span class='ocrx_word' id='word_1_296' title='bbox 444 3867 612 3925; x_wconf 82' lang='lat' dir='ltr'><strong>esset,</strong></span> <span class='ocrx_word' id='word_1_297' title='bbox 642 3858 913 3928; x_wconf 91' lang='lat' dir='ltr'><strong>quomodo</strong></span> <span class='ocrx_word' id='word_1_298' title='bbox 948 3860 1256 3913; x_wconf 83' lang='lat' dir='ltr'><strong>universum</strong></span> <span class='ocrx_word' id='word_1_299' title='bbox 1300 3858 1615 3912; x_wconf 85' lang='lat' dir='ltr'><strong>subsisteret</strong></span> <span class='ocrx_word' id='word_1_300' title='bbox 1654 3873 1717 3911; x_wconf 90' lang='lat' dir='ltr'><strong>ac</strong></span> <span class='ocrx_word' id='word_1_301' title='bbox 1743 3856 1905 3911; x_wconf 86' lang='lat' dir='ltr'><strong>dura-</strong></span> 
     </span>
    </p>
   </div>
   <div class='ocr_carea' id='block_1_40' title="bbox 315 3950 1908 4020">
    <p class='ocr_par' dir='ltr' id='par_1_40' title="bbox 315 3950 1908 4020">
     <span class='ocr_line' id='line_1_40' title="bbox 315 3950 1908 4020; baseline -0.001 -16"><span class='ocrx_word' id='word_1_302' title='bbox 315 3963 418 4015; x_wconf 86' lang='lat' dir='ltr'><strong>ret,</strong></span> <span class='ocrx_word' id='word_1_303' title='bbox 452 3966 561 4004; x_wconf 87' lang='lat' dir='ltr'><strong>nun</strong></span> <span class='ocrx_word' id='word_1_304' title='bbox 588 3951 920 4020; x_wconf 84' lang='lat' dir='ltr'><strong>gubernante</strong></span> <span class='ocrx_word' id='word_1_305' title='bbox 947 3958 1001 4005; x_wconf 84' lang='lat' dir='ltr'><strong>et</strong></span> <span class='ocrx_word' id='word_1_306' title='bbox 1034 3950 1297 4018; x_wconf 79' lang='lat' dir='ltr'><strong>dirigente</strong></span> <span class='ocrx_word' id='word_1_307' title='bbox 1339 3964 1569 4020; x_wconf 90' lang='lat' dir='ltr'><strong>superna</strong></span> <span class='ocrx_word' id='word_1_308' title='bbox 1598 3965 1757 4004; x_wconf 91' lang='lat' dir='ltr'><strong>manu</strong></span> <span class='ocrx_word' id='word_1_309' title='bbox 1786 3963 1908 4003; x_wconf 93' lang='lat' dir='ltr'><strong>eum</strong></span> 
     </span>
    </p>
   </div>
   <div class='ocr_carea' id='block_1_41' title="bbox 315 4039 1911 4111">
    <p class='ocr_par' dir='ltr' id='par_1_41' title="bbox 315 4039 1911 4111">
     <span class='ocr_line' id='line_1_41' title="bbox 315 4039 1911 4111; baseline 0 -16"><span class='ocrx_word' id='word_1_310' title='bbox 315 4043 547 4095; x_wconf 89' lang='lat' dir='ltr'><strong>visibilia</strong></span> <span class='ocrx_word' id='word_1_311' title='bbox 598 4042 713 4095; x_wconf 59' lang='lat' dir='ltr'><strong>haec</strong></span> <span class='ocrx_word' id='word_1_312' title='bbox 738 4043 937 4105; x_wconf 87' lang='lat' dir='ltr'><strong>omnia,</strong></span> <span class='ocrx_word' id='word_1_313' title='bbox 970 4050 1078 4095; x_wconf 90' lang='lat' dir='ltr'><strong>tum</strong></span> <span class='ocrx_word' id='word_1_314' title='bbox 1111 4040 1400 4095; x_wconf 87' lang='lat' dir='ltr'><strong>humanum</strong></span> <span class='ocrx_word' id='word_1_315' title='bbox 1453 4040 1554 4095; x_wconf 83' lang='lat' dir='ltr'><strong>hoc</strong></span> <span class='ocrx_word' id='word_1_316' title='bbox 1582 4040 1794 4111; x_wconf 81' lang='lat' dir='ltr'><strong>genus?</strong></span> <span class='ocrx_word' id='word_1_317' title='bbox 1842 4039 1911 4095; x_wconf 86' lang='lat' dir='ltr'><strong>Et</strong></span> 
     </span>
    </p>
   </div>
   <div class='ocr_carea' id='block_1_42' title="bbox 316 4134 1909 4206">
    <p class='ocr_par' dir='ltr' id='par_1_42' title="bbox 316 4134 1909 4206">
     <span class='ocr_line' id='line_1_42' title="bbox 316 4134 1909 4206; baseline 0 -16"><span class='ocrx_word' id='word_1_318' title='bbox 316 4140 359 4190; x_wconf 89' lang='lat' dir='ltr'><strong>si</strong></span> <span class='ocrx_word' id='word_1_319' title='bbox 406 4136 527 4206; x_wconf 87' lang='lat' dir='ltr'><strong>quis</strong></span> <span class='ocrx_word' id='word_1_320' title='bbox 582 4136 817 4191; x_wconf 90' lang='lat' dir='ltr'><strong>voluerit</strong></span> <span class='ocrx_word' id='word_1_321' title='bbox 866 4135 1161 4205; x_wconf 87' lang='lat' dir='ltr'><strong>prudenter</strong></span> <span class='ocrx_word' id='word_1_322' title='bbox 1212 4143 1267 4189; x_wconf 90' lang='lat' dir='ltr'><strong>et</strong></span> <span class='ocrx_word' id='word_1_323' title='bbox 1313 4134 1591 4204; x_wconf 86' lang='lat' dir='ltr'><strong>speciatim</strong></span> <span class='ocrx_word' id='word_1_324' title='bbox 1647 4134 1909 4204; x_wconf 81' lang='lat' dir='ltr'><strong>inSpiccre</strong></span> 
     </span>
    </p>
   </div>
   <div class='ocr_carea' id='block_1_43' title="bbox 316 4226 1909 4298">
    <p class='ocr_par' dir='ltr' id='par_1_43' title="bbox 316 4226 1909 4298">
     <span class='ocr_line' id='line_1_43' title="bbox 316 4226 1909 4298; baseline -0.002 -16"><span class='ocrx_word' id='word_1_325' title='bbox 316 4243 494 4282; x_wconf 90' lang='lat' dir='ltr'><strong>otnma</strong></span> <span class='ocrx_word' id='word_1_326' title='bbox 537 4243 659 4298; x_wconf 69' lang='lat' dir='ltr'><strong>qua:</strong></span> <span class='ocrx_word' id='word_1_327' title='bbox 687 4228 927 4298; x_wconf 89' lang='lat' dir='ltr'><strong>quotidie</strong></span> <span class='ocrx_word' id='word_1_328' title='bbox 970 4228 1023 4282; x_wconf 92' lang='lat' dir='ltr'><strong>in</strong></span> <span class='ocrx_word' id='word_1_329' title='bbox 1057 4236 1299 4281; x_wconf 89' lang='lat' dir='ltr'><strong>nostrum</strong></span> <span class='ocrx_word' id='word_1_330' title='bbox 1330 4226 1643 4281; x_wconf 87' lang='lat' dir='ltr'><strong>beneficium</strong></span> <span class='ocrx_word' id='word_1_331' title='bbox 1683 4226 1751 4280; x_wconf 89' lang='lat' dir='ltr'><strong>ab</strong></span> <span class='ocrx_word' id='word_1_332' title='bbox 1788 4240 1909 4280; x_wconf 86' lang='lat' dir='ltr'><strong>om-</strong></span> 
     </span>
    </p>
   </div>
   <div class='ocr_carea' id='block_1_44' title="bbox 318 4317 1911 4391">
    <p class='ocr_par' dir='ltr' id='par_1_44' title="bbox 318 4317 1911 4391">
     <span class='ocr_line' id='line_1_44' title="bbox 318 4317 1911 4391; baseline -0.003 -16"><span class='ocrx_word' id='word_1_333' title='bbox 318 4323 466 4375; x_wconf 90' lang='lat' dir='ltr'><strong>nium</strong></span> <span class='ocrx_word' id='word_1_334' title='bbox 491 4320 697 4390; x_wconf 88' lang='lat' dir='ltr'><strong>Opifice</strong></span> <span class='ocrx_word' id='word_1_335' title='bbox 728 4318 1097 4389; x_wconf 82' lang='lat' dir='ltr'><strong>perﬁciuntur,</strong></span> <span class='ocrx_word' id='word_1_336' title='bbox 1120 4319 1372 4391; x_wconf 82' lang='lat' dir='ltr'><strong>abyssum</strong></span> <span class='ocrx_word' id='word_1_337' title='bbox 1410 4319 1643 4374; x_wconf 89' lang='lat' dir='ltr'><strong>inveniet</strong></span> <span class='ocrx_word' id='word_1_338' title='bbox 1672 4317 1911 4387; x_wconf 47' lang='lat' dir='ltr'><strong>benigui‘</strong></span> 
     </span>
    </p>
   </div>
   <div class='ocr_carea' id='block_1_45' title="bbox 320 4408 1910 4480">
    <p class='ocr_par' dir='ltr' id='par_1_45' title="bbox 320 4408 1910 4480">
     <span class='ocr_line' id='line_1_45' title="bbox 320 4408 1910 4480; baseline -0.003 -13"><span class='ocrx_word' id='word_1_339' title='bbox 320 4414 464 4467; x_wconf 89' lang='lat' dir='ltr'><strong>tatis.</strong></span> <span class='ocrx_word' id='word_1_340' title='bbox 512 4411 646 4478; x_wconf 90' lang='lat' dir='ltr'><strong>Quis</strong></span> <span class='ocrx_word' id='word_1_341' title='bbox 688 4412 832 4465; x_wconf 92' lang='lat' dir='ltr'><strong>enim</strong></span> <span class='ocrx_word' id='word_1_342' title='bbox 877 4426 1078 4476; x_wconf 89' lang='lat' dir='ltr'><strong>sermo,</strong></span> <span class='ocrx_word' id='word_1_343' title='bbox 1122 4425 1243 4480; x_wconf 73' lang='lat' dir='ltr'><strong>qua:</strong></span> <span class='ocrx_word' id='word_1_344' title='bbox 1291 4425 1446 4465; x_wconf 91' lang='lat' dir='ltr'><strong>mens</strong></span> <span class='ocrx_word' id='word_1_345' title='bbox 1471 4409 1539 4463; x_wconf 88' lang='lat' dir='ltr'><strong>ad</strong></span> <span class='ocrx_word' id='word_1_346' title='bbox 1587 4408 1910 4464; x_wconf 80' lang='lat' dir='ltr'><strong>inetl&#39;abilem</strong></span> 
     </span>
    </p>
   </div>
   <div class='ocr_carea' id='block_1_46' title="bbox 318 4500 1911 4573">
    <p class='ocr_par' dir='ltr' id='par_1_46' title="bbox 318 4500 1911 4573">
     <span class='ocr_line' id='line_1_46' title="bbox 318 4500 1911 4573; baseline -0.004 -14"><span class='ocrx_word' id='word_1_347' title='bbox 318 4506 457 4560; x_wconf 91' lang='lat' dir='ltr'><strong>hanc</strong></span> <span class='ocrx_word' id='word_1_348' title='bbox 508 4504 800 4558; x_wconf 85' lang='lat' dir='ltr'><strong>bonitatem</strong></span> <span class='ocrx_word' id='word_1_349' title='bbox 850 4504 1155 4573; x_wconf 88' lang='lat' dir='ltr'><strong>pertingere</strong></span> <span class='ocrx_word' id='word_1_350' title='bbox 1204 4501 1416 4570; x_wconf 88' lang='lat' dir='ltr'><strong>poterit,</strong></span> <span class='ocrx_word' id='word_1_351' title='bbox 1465 4515 1624 4571; x_wconf 89' lang='lat' dir='ltr'><strong>quam</strong></span> <span class='ocrx_word' id='word_1_352' title='bbox 1678 4500 1911 4553; x_wconf 89' lang='lat' dir='ltr'><strong>lnnnano</strong></span> 
     </span>
    </p>
   </div>
   <div class='ocr_carea' id='block_1_47' title="bbox 316 4592 1910 4669">
    <p class='ocr_par' dir='ltr' id='par_1_47' title="bbox 316 4592 1910 4669">
     <span class='ocr_line' id='line_1_47' title="bbox 316 4592 1910 4669; baseline -0.003 -17"><span class='ocrx_word' id='word_1_353' title='bbox 316 4598 500 4669; x_wconf 79' lang='lat' dir='ltr'><strong>generi</strong></span> <span class='ocrx_word' id='word_1_354' title='bbox 543 4604 802 4664; x_wconf 88' lang='lat' dir='ltr'><strong>perpetuo</strong></span> <span class='ocrx_word' id='word_1_355' title='bbox 841 4594 1095 4659; x_wconf 90' lang='lat' dir='ltr'><strong>ostendit,</strong></span> <span class='ocrx_word' id='word_1_356' title='bbox 1137 4595 1265 4648; x_wconf 89' lang='lat' dir='ltr'><strong>oriri</strong></span> <span class='ocrx_word' id='word_1_357' title='bbox 1309 4592 1513 4648; x_wconf 83' lang='lat' dir='ltr'><strong>faciens</strong></span> <span class='ocrx_word' id='word_1_358' title='bbox 1556 4592 1724 4647; x_wconf 90' lang='lat' dir='ltr'><strong>solem</strong></span> <span class='ocrx_word' id='word_1_359' title='bbox 1755 4606 1910 4647; x_wconf 90' lang='lat' dir='ltr'><strong>suum</strong></span> 
     </span>
    </p>
   </div>
   <div class='ocr_carea' id='block_1_48' title="bbox 319 4684 1914 4759">
    <p class='ocr_par' dir='ltr' id='par_1_48' title="bbox 319 4684 1914 4759">
     <span class='ocr_line' id='line_1_48' title="bbox 319 4684 1914 4759; baseline -0.004 -16"><span class='ocrx_word' id='word_1_360' title='bbox 319 4703 481 4759; x_wconf 85' lang='lat' dir='ltr'><strong>super</strong></span> <span class='ocrx_word' id='word_1_361' title='bbox 508 4688 682 4741; x_wconf 90' lang='lat' dir='ltr'><strong>malos</strong></span> <span class='ocrx_word' id='word_1_362' title='bbox 711 4695 766 4741; x_wconf 89' lang='lat' dir='ltr'><strong>et</strong></span> <span class='ocrx_word' id='word_1_363' title='bbox 809 4685 1001 4753; x_wconf 91' lang='lat' dir='ltr'><strong>bonos,</strong></span> <span class='ocrx_word' id='word_1_364' title='bbox 1040 4693 1097 4741; x_wconf 92' lang='lat' dir='ltr'><strong>ct</strong></span> <span class='ocrx_word' id='word_1_365' title='bbox 1137 4684 1326 4755; x_wconf 88' lang='lat' dir='ltr'><strong>pluens</strong></span> <span class='ocrx_word' id='word_1_366' title='bbox 1365 4700 1527 4755; x_wconf 90' lang='lat' dir='ltr'><strong>super</strong></span> <span class='ocrx_word' id='word_1_367' title='bbox 1550 4684 1723 4754; x_wconf 84' lang='lat' dir='ltr'><strong>justos</strong></span> <span class='ocrx_word' id='word_1_368' title='bbox 1749 4692 1804 4739; x_wconf 89' lang='lat' dir='ltr'><strong>et</strong></span> <span class='ocrx_word' id='word_1_369' title='bbox 1832 4684 1914 4739; x_wconf 88' lang='lat' dir='ltr'><strong>in-</strong></span> 
     </span>
    </p>
   </div>
   <div class='ocr_carea' id='block_1_49' title="bbox 314 4774 1912 4850">
    <p class='ocr_par' dir='ltr' id='par_1_49' title="bbox 314 4774 1912 4850">
     <span class='ocr_line' id='line_1_49' title="bbox 314 4774 1912 4850; baseline -0.004 -15"><span class='ocrx_word' id='word_1_370' title='bbox 314 4781 492 4850; x_wconf 74' lang='lat' dir='ltr'><strong>iustos</strong></span> <span class='ocrx_word' id='word_1_371' title='bbox 530 4777 745 4849; x_wconf 80' lang='lat' dir='ltr'><strong>(Matth.</strong></span> <span class='ocrx_word' id='word_1_372' title='bbox 776 4778 829 4833; x_wconf 85' lang='lat'><strong>5.</strong></span> <span class='ocrx_word' id='word_1_373' title='bbox 856 4777 970 4846; x_wconf 71' lang='grc'><strong>45),</strong></span> <span class='ocrx_word' id='word_1_374' title='bbox 994 4790 1318 4847; x_wconf 89' lang='lat' dir='ltr'><strong>omnemque</strong></span> <span class='ocrx_word' id='word_1_375' title='bbox 1345 4775 1503 4829; x_wconf 87' lang='lat' dir='ltr'><strong>aliam</strong></span> <span class='ocrx_word' id='word_1_376' title='bbox 1538 4774 1746 4845; x_wconf 85' lang='lat' dir='ltr'><strong>copiam</strong></span> <span class='ocrx_word' id='word_1_377' title='bbox 1785 4788 1912 4843; x_wconf 82' lang='lat' dir='ltr'><strong>sup-</strong></span> 
     </span>
    </p>
   </div>
   <div class='ocr_carea' id='block_1_50' title="bbox 323 4869 1910 4943">
    <p class='ocr_par' dir='ltr' id='par_1_50' title="bbox 323 4869 1910 4943">
     <span class='ocr_line' id='line_1_50' title="bbox 323 4869 1910 4943; baseline -0.003 -18"><span class='ocrx_word' id='word_1_378' title='bbox 323 4871 608 4943; x_wconf 76' lang='lat' dir='ltr'><strong>peditans?</strong></span> <span class='ocrx_word' id='word_1_379' title='bbox 658 4870 819 4925; x_wconf 83' lang='lat' dir='ltr'><strong>Forte</strong></span> <span class='ocrx_word' id='word_1_380' title='bbox 850 4869 1061 4940; x_wconf 81' lang='lat' dir='ltr'><strong>longius</strong></span> <span class='ocrx_word' id='word_1_381' title='bbox 1087 4884 1247 4940; x_wconf 86' lang='lat' dir='ltr'><strong>quam</strong></span> <span class='ocrx_word' id='word_1_382' title='bbox 1273 4869 1575 4939; x_wconf 88' lang='lat' dir='ltr'><strong>oportebat,</strong></span> <span class='ocrx_word' id='word_1_383' title='bbox 1607 4883 1910 4922; x_wconf 87' lang='lat' dir='ltr'><strong>sermonem</strong></span> 
     </span>
    </p>
   </div>
   <div class='ocr_carea' id='block_1_51' title="bbox 323 4963 1911 5038">
    <p class='ocr_par' dir='ltr' id='par_1_51' title="bbox 323 4963 1911 5038">
     <span class='ocr_line' id='line_1_51' title="bbox 323 4963 1911 5038; baseline -0.001 -21"><span class='ocrx_word' id='word_1_384' title='bbox 323 4966 677 5038; x_wconf 75' lang='lat' dir='ltr'><strong>produximus</strong></span> <span class='ocrx_word' id='word_1_385' title='bbox 708 4981 723 5019; x_wconf 90' lang='lat'><strong>:</strong></span> <span class='ocrx_word' id='word_1_386' title='bbox 766 4979 956 5019; x_wconf 91' lang='lat' dir='ltr'><strong>verum</strong></span> <span class='ocrx_word' id='word_1_387' title='bbox 986 4963 1089 5018; x_wconf 84' lang='lat' dir='ltr'><strong>hoc</strong></span> <span class='ocrx_word' id='word_1_388' title='bbox 1116 4978 1225 5018; x_wconf 91' lang='lat' dir='ltr'><strong>non</strong></span> <span class='ocrx_word' id='word_1_389' title='bbox 1251 4963 1455 5032; x_wconf 84' lang='lat' dir='ltr'><strong>absque</strong></span> <span class='ocrx_word' id='word_1_390' title='bbox 1482 4963 1710 5027; x_wconf 83' lang='lat' dir='ltr'><strong>ratione,</strong></span> <span class='ocrx_word' id='word_1_391' title='bbox 1738 4975 1911 5030; x_wconf 82' lang='lat' dir='ltr'><strong>neque</strong></span> 
     </span>
    </p>
   </div>
   <div class='ocr_carea' id='block_1_52' title="bbox 321 5052 1908 5121">
    <p class='ocr_par' dir='ltr' id='par_1_52' title="bbox 321 5052 1908 5121">
     <span class='ocr_line' id='line_1_52' title="bbox 321 5052 1908 5121; baseline -0.005 -7"><span class='ocrx_word' id='word_1_392' title='bbox 321 5070 528 5114; x_wconf 87' lang='lat' dir='ltr'><strong>temere</strong></span> <span class='ocrx_word' id='word_1_393' title='bbox 554 5056 747 5112; x_wconf 90' lang='lat' dir='ltr'><strong>factum</strong></span> <span class='ocrx_word' id='word_1_394' title='bbox 774 5064 893 5121; x_wconf 88' lang='lat' dir='ltr'><strong>est;</strong></span> <span class='ocrx_word' id='word_1_395' title='bbox 934 5055 1030 5110; x_wconf 91' lang='lat' dir='ltr'><strong>sed</strong></span> <span class='ocrx_word' id='word_1_396' title='bbox 1061 5065 1120 5110; x_wconf 83' lang='lat' dir='ltr'><strong>ut</strong></span> <span class='ocrx_word' id='word_1_397' title='bbox 1142 5055 1389 5111; x_wconf 89' lang='lat' dir='ltr'><strong>absentes</strong></span> <span class='ocrx_word' id='word_1_398' title='bbox 1410 5070 1475 5109; x_wconf 84' lang='lat' dir='ltr'><strong>ex</strong></span> <span class='ocrx_word' id='word_1_399' title='bbox 1506 5053 1657 5108; x_wconf 85' lang='lat' dir='ltr'><strong>vobis</strong></span> <span class='ocrx_word' id='word_1_400' title='bbox 1681 5052 1908 5118; x_wconf 87' lang='lat' dir='ltr'><strong>discant,</strong></span> 
     </span>
    </p>
   </div>
   <div class='ocr_carea' id='block_1_53' title="bbox 319 5147 1910 5222">
    <p class='ocr_par' dir='ltr' id='par_1_53' title="bbox 319 5147 1910 5222">
     <span class='ocr_line' id='line_1_53' title="bbox 319 5147 1910 5222; baseline -0.003 -16"><span class='ocrx_word' id='word_1_401' title='bbox 319 5159 580 5222; x_wconf 86' lang='lat' dir='ltr'><strong>quantum</strong></span> <span class='ocrx_word' id='word_1_402' title='bbox 623 5148 967 5219; x_wconf 88' lang='lat' dir='ltr'><strong>sibimetipsis</strong></span> <span class='ocrx_word' id='word_1_403' title='bbox 990 5148 1170 5204; x_wconf 89' lang='lat' dir='ltr'><strong>damni</strong></span> <span class='ocrx_word' id='word_1_404' title='bbox 1212 5148 1453 5214; x_wconf 86' lang='lat' dir='ltr'><strong>fecerint,</strong></span> <span class='ocrx_word' id='word_1_405' title='bbox 1482 5147 1551 5202; x_wconf 94' lang='lat' dir='ltr'><strong>ob</strong></span> <span class='ocrx_word' id='word_1_406' title='bbox 1577 5147 1910 5217; x_wconf 86' lang='lat' dir='ltr'><strong>corporalem</strong></span> 
     </span>
    </p>
   </div>
   <div class='ocr_carea' id='block_1_54' title="bbox 319 5241 1910 5313">
    <p class='ocr_par' dir='ltr' id='par_1_54' title="bbox 319 5241 1910 5313">
     <span class='ocr_line' id='line_1_54' title="bbox 319 5241 1910 5313; baseline -0.003 -15"><span class='ocrx_word' id='word_1_407' title='bbox 319 5246 497 5299; x_wconf 91' lang='lat' dir='ltr'><strong>cibum</strong></span> <span class='ocrx_word' id='word_1_408' title='bbox 538 5241 859 5312; x_wconf 90' lang='lat' dir='ltr'><strong>semetipsos</strong></span> <span class='ocrx_word' id='word_1_409' title='bbox 886 5257 917 5297; x_wconf 86' lang='lat' dir='ltr'><strong>a</strong></span> <span class='ocrx_word' id='word_1_410' title='bbox 954 5242 1215 5313; x_wconf 86' lang='lat' dir='ltr'><strong>spirituali</strong></span> <span class='ocrx_word' id='word_1_411' title='bbox 1258 5242 1499 5297; x_wconf 88' lang='lat' dir='ltr'><strong>doctrina</strong></span> <span class='ocrx_word' id='word_1_412' title='bbox 1530 5242 1910 5296; x_wconf 84' lang='lat' dir='ltr'><strong>subdueentes.</strong></span> 
     </span>
    </p>
   </div>
   <div class='ocr_carea' id='block_1_55' title="bbox 318 5331 1913 5400">
    <p class='ocr_par' dir='ltr' id='par_1_55' title="bbox 318 5331 1913 5400">
     <span class='ocr_line' id='line_1_55' title="bbox 318 5331 1913 5400; baseline -0.004 -10"><span class='ocrx_word' id='word_1_413' title='bbox 318 5335 587 5390; x_wconf 63' lang='lat' dir='ltr'><strong>Ceterum</strong></span> <span class='ocrx_word' id='word_1_414' title='bbox 616 5348 684 5388; x_wconf 91' lang='lat' dir='ltr'><strong>ne</strong></span> <span class='ocrx_word' id='word_1_415' title='bbox 709 5333 931 5388; x_wconf 90' lang='lat' dir='ltr'><strong>nimium</strong></span> <span class='ocrx_word' id='word_1_416' title='bbox 959 5334 1197 5400; x_wconf 85' lang='lat' dir='ltr'><strong>doleant,</strong></span> <span class='ocrx_word' id='word_1_417' title='bbox 1234 5331 1470 5389; x_wconf 87' lang='lat' dir='ltr'><strong>fraterna</strong></span> <span class='ocrx_word' id='word_1_418' title='bbox 1517 5332 1638 5387; x_wconf 88' lang='lat' dir='ltr'><strong>illos</strong></span> <span class='ocrx_word' id='word_1_419' title='bbox 1679 5332 1913 5387; x_wconf 83' lang='lat' dir='ltr'><strong>benevo-</strong></span> 
     </span>
    </p>
   </div>
   <div class='ocr_carea' id='block_1_56' title="bbox 320 5424 1913 5496">
    <p class='ocr_par' dir='ltr' id='par_1_56' title="bbox 320 5424 1913 5496">
     <span class='ocr_line' id='line_1_56' title="bbox 320 5424 1913 5496; baseline -0.003 -14"><span class='ocrx_word' id='word_1_420' title='bbox 320 5427 483 5482; x_wconf 87' lang='lat' dir='ltr'><strong>lentia</strong></span> <span class='ocrx_word' id='word_1_421' title='bbox 530 5425 951 5496; x_wconf 86' lang='lat' dir='ltr'><strong>prosequamini,</strong></span> <span class='ocrx_word' id='word_1_422' title='bbox 985 5436 1327 5481; x_wconf 84' lang='lat' dir='ltr'><strong>recensentes</strong></span> <span class='ocrx_word' id='word_1_423' title='bbox 1374 5426 1503 5494; x_wconf 83' lang='lat' dir='ltr'><strong>ipsis</strong></span> <span class='ocrx_word' id='word_1_424' title='bbox 1542 5441 1660 5496; x_wconf 73' lang='lat' dir='ltr'><strong>quae</strong></span> <span class='ocrx_word' id='word_1_425' title='bbox 1700 5440 1731 5480; x_wconf 88' lang='lat' dir='ltr'><strong>a</strong></span> <span class='ocrx_word' id='word_1_426' title='bbox 1760 5424 1913 5478; x_wconf 89' lang='lat' dir='ltr'><strong>nobis</strong></span> 
     </span>
    </p>
   </div>
   <div class='ocr_carea' id='block_1_57' title="bbox 321 5518 1910 5591">
    <p class='ocr_par' dir='ltr' id='par_1_57' title="bbox 321 5518 1910 5591">
     <span class='ocr_line' id='line_1_57' title="bbox 321 5518 1910 5591; baseline -0.001 -18"><span class='ocrx_word' id='word_1_427' title='bbox 321 5521 463 5574; x_wconf 90' lang='lat' dir='ltr'><strong>dicta</strong></span> <span class='ocrx_word' id='word_1_428' title='bbox 492 5528 654 5575; x_wconf 88' lang='lat' dir='ltr'><strong>sunt:</strong></span> <span class='ocrx_word' id='word_1_429' title='bbox 700 5518 800 5574; x_wconf 91' lang='lat' dir='ltr'><strong>hoc</strong></span> <span class='ocrx_word' id='word_1_430' title='bbox 821 5520 962 5574; x_wconf 87' lang='lat' dir='ltr'><strong>enim</strong></span> <span class='ocrx_word' id='word_1_431' title='bbox 999 5520 1221 5574; x_wconf 84' lang='lat' dir='ltr'><strong>sincera:</strong></span> <span class='ocrx_word' id='word_1_432' title='bbox 1242 5520 1480 5575; x_wconf 87' lang='lat' dir='ltr'><strong>caritatis</strong></span> <span class='ocrx_word' id='word_1_433' title='bbox 1518 5527 1910 5591; x_wconf 79' lang='lat' dir='ltr'><strong>argumentum.</strong></span> 
     </span>
    </p>
   </div>
   <div class='ocr_carea' id='block_1_58' title="bbox 386 5609 1131 5675">
    <p class='ocr_par' dir='ltr' id='par_1_58' title="bbox 386 5609 1131 5675">
     <span class='ocr_line' id='line_1_58' title="bbox 386 5609 1131 5675; baseline 0 -14"><span class='ocrx_word' id='word_1_434' title='bbox 386 5614 405 5675; x_wconf 59' lang='grc' dir='ltr'><strong>ξ</strong></span> <span class='ocrx_word' id='word_1_435' title='bbox 440 5609 651 5669; x_wconf 85' lang='lat' dir='ltr'><strong>Coislin.,</strong></span> <span class='ocrx_word' id='word_1_436' title='bbox 676 5610 874 5675; x_wconf 76' lang='lat' dir='ltr'><strong>pelagus</strong></span> <span class='ocrx_word' id='word_1_437' title='bbox 895 5617 1131 5672; x_wconf 80' lang='lat' dir='ltr'><strong>apertum.</strong></span> 
     </span>
    </p>
   </div>
   <div class='ocr_carea' id='block_1_59' title="bbox 386 5672 1909 5737">
    <p class='ocr_par' dir='ltr' id='par_1_59' title="bbox 386 5672 1909 5737">
     <span class='ocr_line' id='line_1_59' title="bbox 386 5672 1909 5737; baseline 0.001 -16"><span class='ocrx_word' id='word_1_438' title='bbox 386 5674 407 5703; x_wconf 79' lang='lat'>&#39;</span> <span class='ocrx_word' id='word_1_439' title='bbox 439 5682 531 5721; x_wconf 84' lang='lat' dir='ltr'><strong>sex</strong></span> <span class='ocrx_word' id='word_1_440' title='bbox 556 5672 686 5730; x_wconf 69' lang='lat' dir='ltr'><strong>Mss,</strong></span> <span class='ocrx_word' id='word_1_441' title='bbox 713 5672 803 5723; x_wconf 84' lang='lat' dir='ltr'><strong>die</strong></span> <span class='ocrx_word' id='word_1_442' title='bbox 817 5682 971 5723; x_wconf 70' lang='lat' dir='ltr'><strong>sexto.</strong></span> <span class='ocrx_word' id='word_1_443' title='bbox 997 5681 1207 5737; x_wconf 85' lang='lat' dir='ltr'><strong>Utraque</strong></span> <span class='ocrx_word' id='word_1_444' title='bbox 1230 5672 1378 5724; x_wconf 87' lang='lat' dir='ltr'><strong>lectio</strong></span> <span class='ocrx_word' id='word_1_445' title='bbox 1422 5672 1662 5737; x_wconf 88' lang='lat' dir='ltr'><strong>quadrare</strong></span> <span class='ocrx_word' id='word_1_446' title='bbox 1707 5679 1871 5737; x_wconf 71' lang='lat' dir='ltr'><strong>potest</strong></span> <span class='ocrx_word' id='word_1_447' title='bbox 1895 5684 1909 5721; x_wconf 89' lang='lat'>:</span> 
     </span>
    </p>
   </div>
   <div class='ocr_carea' id='block_1_60' title="bbox 324 5734 1915 5806">
    <p class='ocr_par' dir='ltr' id='par_1_60' title="bbox 324 5734 1915 5806">
     <span class='ocr_line' id='line_1_60' title="bbox 324 5734 1915 5806; baseline -0.001 -23"><span class='ocrx_word' id='word_1_448' title='bbox 324 5746 421 5783; x_wconf 83' lang='lat' dir='ltr'><strong>non</strong></span> <span class='ocrx_word' id='word_1_449' title='bbox 444 5737 575 5806; x_wconf 73' lang='lat' dir='ltr'><strong>enim</strong></span> <span class='ocrx_word' id='word_1_450' title='bbox 596 5737 686 5806; x_wconf 75' lang='lat' dir='ltr'><strong>abs</strong></span> <span class='ocrx_word' id='word_1_451' title='bbox 721 5749 779 5806; x_wconf 86' lang='lat' dir='ltr'><strong>re</strong></span> <span class='ocrx_word' id='word_1_452' title='bbox 801 5737 986 5806; x_wconf 76' lang='lat' dir='ltr'><strong>dicatur</strong></span> <span class='ocrx_word' id='word_1_453' title='bbox 1023 5734 1173 5785; x_wconf 87' lang='lat' dir='ltr'><strong>Dcuin</strong></span> <span class='ocrx_word' id='word_1_454' title='bbox 1196 5744 1340 5786; x_wconf 87' lang='lat' dir='ltr'><strong>sexto</strong></span> <span class='ocrx_word' id='word_1_455' title='bbox 1369 5734 1455 5785; x_wconf 81' lang='lat' dir='ltr'><strong>die</strong></span> <span class='ocrx_word' id='word_1_456' title='bbox 1485 5734 1738 5798; x_wconf 70' lang='lat' dir='ltr'><strong>postquam</strong></span> <span class='ocrx_word' id='word_1_457' title='bbox 1767 5734 1915 5783; x_wconf 84' lang='lat' dir='ltr'><strong>tinem</strong></span> 
     </span>
    </p>
   </div>
   <div class='ocr_carea' id='block_1_61' title="bbox 322 5796 1041 5862">
    <p class='ocr_par' dir='ltr' id='par_1_61' title="bbox 322 5796 1041 5862">
     <span class='ocr_line' id='line_1_61' title="bbox 322 5796 1041 5862; baseline 0.004 -17"><span class='ocrx_word' id='word_1_458' title='bbox 322 5796 521 5847; x_wconf 64' lang='lat' dir='ltr'><strong>«eauti</strong></span> <span class='ocrx_word' id='word_1_459' title='bbox 537 5797 751 5860; x_wconf 79' lang='lat' dir='ltr'><strong>fecisset,</strong></span> <span class='ocrx_word' id='word_1_460' title='bbox 775 5800 1041 5862; x_wconf 80' lang='lat' dir='ltr'><strong>quievisse.</strong></span> 
     </span>
    </p>
   </div>
   <div class='ocr_carea' id='block_1_62' title="bbox 1992 458 3571 532">
    <p class='ocr_par' dir='ltr' id='par_1_62' title="bbox 1992 458 3571 532">
     <span class='ocr_line' id='line_1_62' title="bbox 1992 458 3571 532; baseline 0.003 -19"><span class='ocrx_word' id='word_1_461' title='bbox 1992 458 2125 514; x_wconf 87' lang='lat' dir='ltr'><strong>Nam</strong></span> <span class='ocrx_word' id='word_1_462' title='bbox 2152 461 2197 515; x_wconf 89' lang='lat' dir='ltr'><strong>si</strong></span> <span class='ocrx_word' id='word_1_463' title='bbox 2225 460 2362 515; x_wconf 89' lang='lat' dir='ltr'><strong>inter</strong></span> <span class='ocrx_word' id='word_1_464' title='bbox 2391 475 2581 531; x_wconf 83' lang='lat' dir='ltr'><strong>magna</strong></span> <span class='ocrx_word' id='word_1_465' title='bbox 2609 460 2845 517; x_wconf 89' lang='lat' dir='ltr'><strong>caritatis</strong></span> <span class='ocrx_word' id='word_1_466' title='bbox 2884 460 3077 516; x_wconf 85' lang='lat' dir='ltr'><strong>indicia</strong></span> <span class='ocrx_word' id='word_1_467' title='bbox 3122 460 3337 526; x_wconf 83' lang='lat' dir='ltr'><strong>habent,</strong></span> <span class='ocrx_word' id='word_1_468' title='bbox 3367 468 3460 532; x_wconf 72' lang='lat' dir='ltr'><strong>Qui</strong></span> <span class='ocrx_word' id='word_1_469' title='bbox 3499 464 3571 517; x_wconf 86' lang='lat' dir='ltr'><strong>ita</strong></span> 
     </span>
    </p>
   </div>
   <div class='ocr_carea' id='block_1_63' title="bbox 1992 550 3576 607">
    <p class='ocr_par' dir='ltr' id='par_1_63' title="bbox 1992 550 3576 607">
     <span class='ocr_line' id='line_1_63' title="bbox 1992 550 3576 607; baseline 0 -4"><span class='ocrx_word' id='word_1_470' title='bbox 1992 550 2061 604; x_wconf 91' lang='lat' dir='ltr'><strong>de</strong></span> <span class='ocrx_word' id='word_1_471' title='bbox 2086 551 2427 605; x_wconf 89' lang='lat' dir='ltr'><strong>sensibilibus</strong></span> <span class='ocrx_word' id='word_1_472' title='bbox 2448 551 2641 607; x_wconf 88' lang='lat' dir='ltr'><strong>eduliis</strong></span> <span class='ocrx_word' id='word_1_473' title='bbox 2668 552 2769 606; x_wconf 94' lang='lat' dir='ltr'><strong>hoc</strong></span> <span class='ocrx_word' id='word_1_474' title='bbox 2794 553 2905 606; x_wconf 83' lang='lat' dir='ltr'><strong>suis</strong></span> <span class='ocrx_word' id='word_1_475' title='bbox 2952 552 3301 606; x_wconf 82' lang='lat' dir='ltr'><strong>familiaribus</strong></span> <span class='ocrx_word' id='word_1_476' title='bbox 3344 550 3537 606; x_wconf 80' lang='lat' dir='ltr'><strong>facium</strong></span> <span class='ocrx_word' id='word_1_477' title='bbox 3563 568 3576 603; x_wconf 92' lang='lat'><strong>:</strong></span> 
     </span>
    </p>
   </div>
   <div class='ocr_carea' id='block_1_64' title="bbox 1993 642 3578 716">
    <p class='ocr_par' dir='ltr' id='par_1_64' title="bbox 1993 642 3578 716">
     <span class='ocr_line' id='line_1_64' title="bbox 1993 642 3578 716; baseline -0.001 -21"><span class='ocrx_word' id='word_1_478' title='bbox 1993 642 2160 696; x_wconf 92' lang='lat' dir='ltr'><strong>multo</strong></span> <span class='ocrx_word' id='word_1_479' title='bbox 2204 644 2375 713; x_wconf 84' lang='lat' dir='ltr'><strong>magis</strong></span> <span class='ocrx_word' id='word_1_480' title='bbox 2422 644 2474 698; x_wconf 93' lang='lat' dir='ltr'><strong>in</strong></span> <span class='ocrx_word' id='word_1_481' title='bbox 2519 644 2885 716; x_wconf 91' lang='lat' dir='ltr'><strong>spiritualibus</strong></span> <span class='ocrx_word' id='word_1_482' title='bbox 2931 644 3033 699; x_wconf 83' lang='lat' dir='ltr'><strong>hoc</strong></span> <span class='ocrx_word' id='word_1_483' title='bbox 3078 643 3285 714; x_wconf 82' lang='lat' dir='ltr'><strong>agendo</strong></span> <span class='ocrx_word' id='word_1_484' title='bbox 3331 658 3578 712; x_wconf 84' lang='lat' dir='ltr'><strong>magnam</strong></span> 
     </span>
    </p>
   </div>
   <div class='ocr_carea' id='block_1_65' title="bbox 1993 733 3580 807">
    <p class='ocr_par' dir='ltr' id='par_1_65' title="bbox 1993 733 3580 807">
     <span class='ocr_line' id='line_1_65' title="bbox 1993 733 3580 807; baseline -0.002 -19"><span class='ocrx_word' id='word_1_485' title='bbox 1993 734 2149 788; x_wconf 90' lang='lat' dir='ltr'><strong>nobis</strong></span> <span class='ocrx_word' id='word_1_486' title='bbox 2178 734 2387 789; x_wconf 88' lang='lat' dir='ltr'><strong>laudern</strong></span> <span class='ocrx_word' id='word_1_487' title='bbox 2414 750 2698 807; x_wconf 86' lang='lat' dir='ltr'><strong>paramus;</strong></span> <span class='ocrx_word' id='word_1_488' title='bbox 2742 736 2881 790; x_wconf 89' lang='lat' dir='ltr'><strong>redit</strong></span> <span class='ocrx_word' id='word_1_489' title='bbox 2909 736 3050 789; x_wconf 91' lang='lat' dir='ltr'><strong>enim</strong></span> <span class='ocrx_word' id='word_1_490' title='bbox 3079 735 3146 790; x_wconf 89' lang='lat' dir='ltr'><strong>ad</strong></span> <span class='ocrx_word' id='word_1_491' title='bbox 3176 750 3275 789; x_wconf 90' lang='lat' dir='ltr'><strong>nos</strong></span> <span class='ocrx_word' id='word_1_492' title='bbox 3304 734 3448 804; x_wconf 89' lang='lat' dir='ltr'><strong>ipsos</strong></span> <span class='ocrx_word' id='word_1_493' title='bbox 3476 733 3580 786; x_wconf 89' lang='lat' dir='ltr'><strong>uti-</strong></span> 
     </span>
    </p>
   </div>
   <div class='ocr_carea' id='block_1_66' title="bbox 1994 825 3580 896">
    <p class='ocr_par' dir='ltr' id='par_1_66' title="bbox 1994 825 3580 896">
     <span class='ocr_line' id='line_1_66' title="bbox 1994 825 3580 896; baseline -0.002 -16"><span class='ocrx_word' id='word_1_494' title='bbox 1994 826 2137 881; x_wconf 88' lang='lat' dir='ltr'><strong>litas.</strong></span> <span class='ocrx_word' id='word_1_495' title='bbox 2170 826 2301 881; x_wconf 84' lang='lat' dir='ltr'><strong>Nam</strong></span> <span class='ocrx_word' id='word_1_496' title='bbox 2326 828 2412 881; x_wconf 89' lang='lat' dir='ltr'><strong>cui</strong></span> <span class='ocrx_word' id='word_1_497' title='bbox 2443 827 2675 884; x_wconf 86' lang='lat' dir='ltr'><strong>studium</strong></span> <span class='ocrx_word' id='word_1_498' title='bbox 2706 838 2790 881; x_wconf 89' lang='lat' dir='ltr'><strong>est</strong></span> <span class='ocrx_word' id='word_1_499' title='bbox 2818 827 3011 881; x_wconf 86' lang='lat' dir='ltr'><strong>docere</strong></span> <span class='ocrx_word' id='word_1_500' title='bbox 3044 827 3365 896; x_wconf 83' lang='lat' dir='ltr'><strong>proximum,</strong></span> <span class='ocrx_word' id='word_1_501' title='bbox 3398 825 3444 878; x_wconf 89' lang='lat' dir='ltr'><strong>is</strong></span> <span class='ocrx_word' id='word_1_502' title='bbox 3477 839 3580 877; x_wconf 86' lang='lat' dir='ltr'><strong>nnu</strong></span> 
     </span>
    </p>
   </div>
   <div class='ocr_carea' id='block_1_67' title="bbox 1994 916 3582 992">
    <p class='ocr_par' dir='ltr' id='par_1_67' title="bbox 1994 916 3582 992">
     <span class='ocr_line' id='line_1_67' title="bbox 1994 916 3582 992; baseline -0.004 -18"><span class='ocrx_word' id='word_1_503' title='bbox 1994 928 2103 975; x_wconf 90' lang='lat' dir='ltr'><strong>tam</strong></span> <span class='ocrx_word' id='word_1_504' title='bbox 2150 921 2225 975; x_wconf 91' lang='lat' dir='ltr'><strong>illi</strong></span> <span class='ocrx_word' id='word_1_505' title='bbox 2266 921 2552 989; x_wconf 89' lang='lat' dir='ltr'><strong>benefacit,</strong></span> <span class='ocrx_word' id='word_1_506' title='bbox 2583 938 2741 992; x_wconf 84' lang='lat' dir='ltr'><strong>quam</strong></span> <span class='ocrx_word' id='word_1_507' title='bbox 2771 922 2973 991; x_wconf 80' lang='lat' dir='ltr'><strong>sibiipsi</strong></span> <span class='ocrx_word' id='word_1_508' title='bbox 3007 935 3249 989; x_wconf 89' lang='lat' dir='ltr'><strong>magnam</strong></span> <span class='ocrx_word' id='word_1_509' title='bbox 3279 916 3582 973; x_wconf 87' lang='lat' dir='ltr'><strong>mercedem</strong></span> 
     </span>
    </p>
   </div>
   <div class='ocr_carea' id='block_1_68' title="bbox 1992 1007 3585 1085">
    <p class='ocr_par' dir='ltr' id='par_1_68' title="bbox 1992 1007 3585 1085">
     <span class='ocr_line' id='line_1_68' title="bbox 1992 1007 3585 1085; baseline -0.005 -17"><span class='ocrx_word' id='word_1_510' title='bbox 1992 1023 2169 1084; x_wconf 88' lang='lat' dir='ltr'><strong>parat,</strong></span> <span class='ocrx_word' id='word_1_511' title='bbox 2212 1014 2518 1085; x_wconf 86' lang='lat' dir='ltr'><strong>duplicique</strong></span> <span class='ocrx_word' id='word_1_512' title='bbox 2562 1022 2785 1085; x_wconf 78' lang='lat' dir='ltr'><strong>augetur</strong></span> <span class='ocrx_word' id='word_1_513' title='bbox 2829 1013 2997 1076; x_wconf 90' lang='lat' dir='ltr'><strong>lucro,</strong></span> <span class='ocrx_word' id='word_1_514' title='bbox 3021 1011 3146 1065; x_wconf 86' lang='lat' dir='ltr'><strong>dum</strong></span> <span class='ocrx_word' id='word_1_515' title='bbox 3188 1010 3356 1079; x_wconf 76' lang='lat' dir='ltr'><strong>majus</strong></span> <span class='ocrx_word' id='word_1_516' title='bbox 3398 1023 3428 1061; x_wconf 91' lang='lat' dir='ltr'><strong>a</strong></span> <span class='ocrx_word' id='word_1_517' title='bbox 3474 1007 3585 1061; x_wconf 71' lang='lat' dir='ltr'><strong>lico</strong></span> 
     </span>
    </p>
   </div>
   <div class='ocr_carea' id='block_1_69' title="bbox 1996 1102 3583 1178">
    <p class='ocr_par' dir='ltr' id='par_1_69' title="bbox 1996 1102 3583 1178">
     <span class='ocr_line' id='line_1_69' title="bbox 1996 1102 3583 1178; baseline -0.006 -15"><span class='ocrx_word' id='word_1_518' title='bbox 1996 1108 2274 1178; x_wconf 72' lang='lat' dir='ltr'><strong>prtemium</strong></span> <span class='ocrx_word' id='word_1_519' title='bbox 2316 1107 2639 1178; x_wconf 87' lang='lat' dir='ltr'><strong>assequitur,</strong></span> <span class='ocrx_word' id='word_1_520' title='bbox 2666 1117 2722 1161; x_wconf 92' lang='lat' dir='ltr'><strong>et</strong></span> <span class='ocrx_word' id='word_1_521' title='bbox 2747 1106 2873 1160; x_wconf 91' lang='lat' dir='ltr'><strong>dum</strong></span> <span class='ocrx_word' id='word_1_522' title='bbox 2919 1104 3136 1159; x_wconf 89' lang='lat' dir='ltr'><strong>fratrem</strong></span> <span class='ocrx_word' id='word_1_523' title='bbox 3166 1102 3361 1159; x_wconf 85' lang='lat' dir='ltr'><strong>docere</strong></span> <span class='ocrx_word' id='word_1_524' title='bbox 3390 1116 3583 1171; x_wconf 80' lang='lat' dir='ltr'><strong>aggre—</strong></span> 
     </span>
    </p>
   </div>
   <div class='ocr_carea' id='block_1_70' title="bbox 1994 1198 3578 1269">
    <p class='ocr_par' dir='ltr' id='par_1_70' title="bbox 1994 1198 3578 1269">
     <span class='ocr_line' id='line_1_70' title="bbox 1994 1198 3578 1269; baseline -0.003 -14"><span class='ocrx_word' id='word_1_525' title='bbox 1994 1201 2157 1263; x_wconf 83' lang='lat' dir='ltr'><strong>ditur,</strong></span> <span class='ocrx_word' id='word_1_526' title='bbox 2176 1200 2417 1256; x_wconf 86' lang='lat' dir='ltr'><strong>docendo</strong></span> <span class='ocrx_word' id='word_1_527' title='bbox 2452 1201 2662 1257; x_wconf 89' lang='lat' dir='ltr'><strong>interim</strong></span> <span class='ocrx_word' id='word_1_528' title='bbox 2690 1199 2896 1269; x_wconf 89' lang='lat' dir='ltr'><strong>sibiipsi</strong></span> <span class='ocrx_word' id='word_1_529' title='bbox 2928 1198 3237 1253; x_wconf 88' lang='lat' dir='ltr'><strong>memoriam</strong></span> <span class='ocrx_word' id='word_1_530' title='bbox 3259 1210 3441 1253; x_wconf 72' lang='lat' dir='ltr'><strong>eorum</strong></span> <span class='ocrx_word' id='word_1_531' title='bbox 3464 1206 3578 1264; x_wconf 58' lang='lat' dir='ltr'><strong>qua</strong></span> 
     </span>
    </p>
   </div>
   <div class='ocr_carea' id='block_1_71' title="bbox 1996 1293 2481 1348">
    <p class='ocr_par' dir='ltr' id='par_1_71' title="bbox 1996 1293 2481 1348">
     <span class='ocr_line' id='line_1_71' title="bbox 1996 1293 2481 1348; baseline -0.006 0"><span class='ocrx_word' id='word_1_532' title='bbox 1996 1293 2198 1348; x_wconf 85' lang='lat' dir='ltr'><strong>audivit</strong></span> <span class='ocrx_word' id='word_1_533' title='bbox 2239 1302 2481 1347; x_wconf 85' lang='lat' dir='ltr'><strong>renovat.</strong></span> 
     </span>
    </p>
   </div>
   <div class='ocr_carea' id='block_1_72' title="bbox 2067 1380 3584 1453">
    <p class='ocr_par' dir='ltr' id='par_1_72' title="bbox 2067 1380 3584 1453">
     <span class='ocr_line' id='line_1_72' title="bbox 2067 1380 3584 1453; baseline -0.007 -12"><span class='ocrx_word' id='word_1_534' title='bbox 2067 1386 2123 1441; x_wconf 91' lang='lat'><strong>8.</strong></span> <span class='ocrx_word' id='word_1_535' title='bbox 2165 1384 2381 1439; x_wconf 78' lang='lat' dir='ltr'><strong>Moralis</strong></span> <span class='ocrx_word' id='word_1_536' title='bbox 2412 1383 2716 1438; x_wconf 71' lang='lat' dir='ltr'><strong>exhortatio.</strong></span> <span class='ocrx_word' id='word_1_537' title='bbox 2749 1412 2819 1423; x_wconf 89' lang='lat'><strong><em>—</em></strong></span> <span class='ocrx_word' id='word_1_538' title='bbox 2847 1381 3011 1453; x_wconf 83' lang='lat' dir='ltr'><strong>Igitur</strong></span> <span class='ocrx_word' id='word_1_539' title='bbox 3053 1380 3348 1450; x_wconf 83' lang='lat' dir='ltr'><strong>cogitantes</strong></span> <span class='ocrx_word' id='word_1_540' title='bbox 3378 1386 3584 1432; x_wconf 82' lang='lat' dir='ltr'><strong>tantum</strong></span> 
     </span>
    </p>
   </div>
   <div class='ocr_carea' id='block_1_73' title="bbox 1996 1466 3585 1539">
    <p class='ocr_par' dir='ltr' id='par_1_73' title="bbox 1996 1466 3585 1539">
     <span class='ocr_line' id='line_1_73' title="bbox 1996 1466 3585 1539; baseline -0.006 -9"><span class='ocrx_word' id='word_1_541' title='bbox 1996 1476 2200 1531; x_wconf 90' lang='lat' dir='ltr'><strong>lucrum</strong></span> <span class='ocrx_word' id='word_1_542' title='bbox 2222 1485 2484 1539; x_wconf 89' lang='lat' dir='ltr'><strong>vestrum,</strong></span> <span class='ocrx_word' id='word_1_543' title='bbox 2516 1490 2586 1530; x_wconf 87' lang='lat' dir='ltr'><strong>ne</strong></span> <span class='ocrx_word' id='word_1_544' title='bbox 2629 1472 2911 1528; x_wconf 80' lang='lat' dir='ltr'><strong>invideatis</strong></span> <span class='ocrx_word' id='word_1_545' title='bbox 2950 1471 3204 1526; x_wconf 84' lang='lat' dir='ltr'><strong>fratribus</strong></span> <span class='ocrx_word' id='word_1_546' title='bbox 3249 1469 3456 1530; x_wconf 89' lang='lat' dir='ltr'><strong>vestris,</strong></span> <span class='ocrx_word' id='word_1_547' title='bbox 3491 1466 3585 1521; x_wconf 86' lang='lat' dir='ltr'><strong>sed</strong></span> 
     </span>
    </p>
   </div>
   <div class='ocr_carea' id='block_1_74' title="bbox 1996 1561 3584 1637">
    <p class='ocr_par' dir='ltr' id='par_1_74' title="bbox 1996 1561 3584 1637">
     <span class='ocr_line' id='line_1_74' title="bbox 1996 1561 3584 1637; baseline -0.004 -15"><span class='ocrx_word' id='word_1_548' title='bbox 1996 1584 2025 1622; x_wconf 89' lang='lat' dir='ltr'><strong>a</strong></span> <span class='ocrx_word' id='word_1_549' title='bbox 2053 1567 2206 1623; x_wconf 90' lang='lat' dir='ltr'><strong>vobis</strong></span> <span class='ocrx_word' id='word_1_550' title='bbox 2226 1567 2434 1623; x_wconf 87' lang='lat' dir='ltr'><strong>discant</strong></span> <span class='ocrx_word' id='word_1_551' title='bbox 2456 1582 2577 1637; x_wconf 76' lang='lat' dir='ltr'><strong>qua:</strong></span> <span class='ocrx_word' id='word_1_552' title='bbox 2607 1581 2748 1621; x_wconf 90' lang='lat' dir='ltr'><strong>nunc</strong></span> <span class='ocrx_word' id='word_1_553' title='bbox 2774 1581 2803 1619; x_wconf 89' lang='lat' dir='ltr'><strong>a</strong></span> <span class='ocrx_word' id='word_1_554' title='bbox 2830 1565 2986 1620; x_wconf 89' lang='lat' dir='ltr'><strong>nobis</strong></span> <span class='ocrx_word' id='word_1_555' title='bbox 3012 1565 3282 1619; x_wconf 89' lang='lat' dir='ltr'><strong>dicuntur.</strong></span> <span class='ocrx_word' id='word_1_556' title='bbox 3306 1561 3381 1616; x_wconf 82' lang='lat' dir='ltr'><strong>Nc</strong></span> <span class='ocrx_word' id='word_1_557' title='bbox 3405 1569 3584 1615; x_wconf 75' lang='lat' dir='ltr'><strong>autem</strong></span> 
     </span>
    </p>
   </div>
   <div class='ocr_carea' id='block_1_75' title="bbox 1998 1650 3591 1729">
    <p class='ocr_par' dir='ltr' id='par_1_75' title="bbox 1998 1650 3591 1729">
     <span class='ocr_line' id='line_1_75' title="bbox 1998 1650 3591 1729; baseline -0.006 -15"><span class='ocrx_word' id='word_1_558' title='bbox 1998 1660 2221 1729; x_wconf 86' lang='lat' dir='ltr'><strong>posthac</strong></span> <span class='ocrx_word' id='word_1_559' title='bbox 2251 1668 2431 1713; x_wconf 89' lang='lat' dir='ltr'><strong>vestro</strong></span> <span class='ocrx_word' id='word_1_560' title='bbox 2461 1658 2726 1713; x_wconf 89' lang='lat' dir='ltr'><strong>beneficio</strong></span> <span class='ocrx_word' id='word_1_561' title='bbox 2761 1656 2979 1711; x_wconf 80' lang='lat' dir='ltr'><strong>obnoxii</strong></span> <span class='ocrx_word' id='word_1_562' title='bbox 3007 1655 3122 1709; x_wconf 66' lang='lat' dir='ltr'><strong>haec</strong></span> <span class='ocrx_word' id='word_1_563' title='bbox 3146 1654 3383 1716; x_wconf 87' lang='lat' dir='ltr'><strong>discant,</strong></span> <span class='ocrx_word' id='word_1_564' title='bbox 3411 1650 3591 1706; x_wconf 82' lang='lat' dir='ltr'><strong>ducito</strong></span> 
     </span>
    </p>
   </div>
   <div class='ocr_carea' id='block_1_76' title="bbox 1999 1740 3590 1819">
    <p class='ocr_par' dir='ltr' id='par_1_76' title="bbox 1999 1740 3590 1819">
     <span class='ocr_line' id='line_1_76' title="bbox 1999 1740 3590 1819; baseline -0.006 -15"><span class='ocrx_word' id='word_1_565' title='bbox 1999 1751 2119 1805; x_wconf 88' lang='lat' dir='ltr'><strong>illos</strong></span> <span class='ocrx_word' id='word_1_566' title='bbox 2147 1749 2214 1805; x_wconf 90' lang='lat' dir='ltr'><strong>ad</strong></span> <span class='ocrx_word' id='word_1_567' title='bbox 2260 1765 2378 1817; x_wconf 85' lang='lat' dir='ltr'><strong>nos,</strong></span> <span class='ocrx_word' id='word_1_568' title='bbox 2412 1748 2796 1819; x_wconf 88' lang='lat' dir='ltr'><strong>pcrsuadentes</strong></span> <span class='ocrx_word' id='word_1_569' title='bbox 2841 1748 2992 1819; x_wconf 89' lang='lat' dir='ltr'><strong>ipsis,</strong></span> <span class='ocrx_word' id='word_1_570' title='bbox 3024 1746 3154 1801; x_wconf 91' lang='lat' dir='ltr'><strong>nihil</strong></span> <span class='ocrx_word' id='word_1_571' title='bbox 3197 1744 3390 1799; x_wconf 86' lang='lat' dir='ltr'><strong>obesse</strong></span> <span class='ocrx_word' id='word_1_572' title='bbox 3432 1740 3590 1813; x_wconf 81' lang='lat' dir='ltr'><strong>spiri-</strong></span> 
     </span>
    </p>
   </div>
   <div class='ocr_carea' id='block_1_77' title="bbox 2000 1832 3589 1911">
    <p class='ocr_par' dir='ltr' id='par_1_77' title="bbox 2000 1832 3589 1911">
     <span class='ocr_line' id='line_1_77' title="bbox 2000 1832 3589 1911; baseline -0.006 -16"><span class='ocrx_word' id='word_1_573' title='bbox 2000 1841 2382 1907; x_wconf 72' lang='lat' dir='ltr'><strong>tualimensm,</strong></span> <span class='ocrx_word' id='word_1_574' title='bbox 2410 1841 2455 1895; x_wconf 80' lang='lat' dir='ltr'><strong>si</strong></span> <span class='ocrx_word' id='word_1_575' title='bbox 2504 1840 2771 1911; x_wconf 63' lang='lat' dir='ltr'><strong>praecedat</strong></span> <span class='ocrx_word' id='word_1_576' title='bbox 2821 1839 3118 1909; x_wconf 84' lang='lat' dir='ltr'><strong>corporalis</strong></span> <span class='ocrx_word' id='word_1_577' title='bbox 3166 1836 3269 1892; x_wconf 91' lang='lat' dir='ltr'><strong>cibi</strong></span> <span class='ocrx_word' id='word_1_578' title='bbox 3317 1832 3589 1903; x_wconf 83' lang='lat' dir='ltr'><strong>sumptio:</strong></span> 
     </span>
    </p>
   </div>
   <div class='ocr_carea' id='block_1_78' title="bbox 2002 1927 3591 2002">
    <p class='ocr_par' dir='ltr' id='par_1_78' title="bbox 2002 1927 3591 2002">
     <span class='ocr_line' id='line_1_78' title="bbox 2002 1927 3591 2002; baseline -0.006 -14"><span class='ocrx_word' id='word_1_579' title='bbox 2002 1932 2097 1988; x_wconf 89' lang='lat' dir='ltr'><strong>sed</strong></span> <span class='ocrx_word' id='word_1_580' title='bbox 2139 1948 2298 1987; x_wconf 90' lang='lat' dir='ltr'><strong>omne</strong></span> <span class='ocrx_word' id='word_1_581' title='bbox 2337 1942 2548 2001; x_wconf 87' lang='lat' dir='ltr'><strong>tempus</strong></span> <span class='ocrx_word' id='word_1_582' title='bbox 2600 1930 2865 2002; x_wconf 88' lang='lat' dir='ltr'><strong>spirituali</strong></span> <span class='ocrx_word' id='word_1_583' title='bbox 2907 1930 3140 1985; x_wconf 87' lang='lat' dir='ltr'><strong>sermoni</strong></span> <span class='ocrx_word' id='word_1_584' title='bbox 3183 1927 3432 1982; x_wconf 83' lang='lat' dir='ltr'><strong>idoneum</strong></span> <span class='ocrx_word' id='word_1_585' title='bbox 3467 1937 3591 1979; x_wconf 81' lang='lat' dir='ltr'><strong>esse</strong></span> 
     </span>
    </p>
   </div>
   <div class='ocr_carea' id='block_1_79' title="bbox 2001 2017 3591 2095">
    <p class='ocr_par' dir='ltr' id='par_1_79' title="bbox 2001 2017 3591 2095">
     <span class='ocr_line' id='line_1_79' title="bbox 2001 2017 3591 2095; baseline -0.006 -16"><span class='ocrx_word' id='word_1_586' title='bbox 2001 2024 2380 2095; x_wconf 90' lang='lat' dir='ltr'><strong>reputandum.</strong></span> <span class='ocrx_word' id='word_1_587' title='bbox 2411 2024 2539 2080; x_wconf 66' lang='lat' dir='ltr'><strong>Haec</strong></span> <span class='ocrx_word' id='word_1_588' title='bbox 2589 2024 2634 2079; x_wconf 91' lang='lat' dir='ltr'><strong>si</strong></span> <span class='ocrx_word' id='word_1_589' title='bbox 2684 2032 2831 2079; x_wconf 89' lang='lat' dir='ltr'><strong>recte</strong></span> <span class='ocrx_word' id='word_1_590' title='bbox 2874 2031 3170 2087; x_wconf 86' lang='lat' dir='ltr'><strong>teneamus,</strong></span> <span class='ocrx_word' id='word_1_591' title='bbox 3197 2017 3496 2091; x_wconf 80' lang='lat' dir='ltr'><strong>poterimus</strong></span> <span class='ocrx_word' id='word_1_592' title='bbox 3535 2022 3591 2071; x_wconf 87' lang='lat' dir='ltr'><strong>et</strong></span> 
     </span>
    </p>
   </div>
   <div class='ocr_carea' id='block_1_80' title="bbox 2005 2108 3593 2185">
    <p class='ocr_par' dir='ltr' id='par_1_80' title="bbox 2005 2108 3593 2185">
     <span class='ocr_line' id='line_1_80' title="bbox 2005 2108 3593 2185; baseline -0.006 -12"><span class='ocrx_word' id='word_1_593' title='bbox 2005 2117 2151 2173; x_wconf 91' lang='lat' dir='ltr'><strong>domi</strong></span> <span class='ocrx_word' id='word_1_594' title='bbox 2191 2126 2492 2183; x_wconf 87' lang='lat' dir='ltr'><strong>versantes,</strong></span> <span class='ocrx_word' id='word_1_595' title='bbox 2524 2125 2648 2171; x_wconf 89' lang='lat' dir='ltr'><strong>ante</strong></span> <span class='ocrx_word' id='word_1_596' title='bbox 2671 2124 2727 2171; x_wconf 90' lang='lat' dir='ltr'><strong>et</strong></span> <span class='ocrx_word' id='word_1_597' title='bbox 2765 2124 2887 2185; x_wconf 85' lang='lat' dir='ltr'><strong>post</strong></span> <span class='ocrx_word' id='word_1_598' title='bbox 2928 2113 3233 2169; x_wconf 88' lang='lat' dir='ltr'><strong>convivium</strong></span> <span class='ocrx_word' id='word_1_599' title='bbox 3260 2110 3495 2180; x_wconf 87' lang='lat' dir='ltr'><strong>acceptis</strong></span> <span class='ocrx_word' id='word_1_600' title='bbox 3537 2108 3593 2163; x_wconf 90' lang='lat' dir='ltr'><strong>in</strong></span> 
     </span>
    </p>
   </div>
   <div class='ocr_carea' id='block_1_81' title="bbox 2001 2200 3593 2276">
    <p class='ocr_par' dir='ltr' id='par_1_81' title="bbox 2001 2200 3593 2276">
     <span class='ocr_line' id='line_1_81' title="bbox 2001 2200 3593 2276; baseline -0.009 -9"><span class='ocrx_word' id='word_1_601' title='bbox 2001 2210 2251 2267; x_wconf 87' lang='lat' dir='ltr'><strong>manibus</strong></span> <span class='ocrx_word' id='word_1_602' title='bbox 2279 2209 2474 2264; x_wconf 89' lang='lat' dir='ltr'><strong>divinis</strong></span> <span class='ocrx_word' id='word_1_603' title='bbox 2502 2208 2699 2276; x_wconf 86' lang='lat' dir='ltr'><strong>Libris,</strong></span> <span class='ocrx_word' id='word_1_604' title='bbox 2727 2208 3007 2262; x_wconf 82' lang='lat' dir='ltr'><strong>utilitatem</strong></span> <span class='ocrx_word' id='word_1_605' title='bbox 3038 2204 3163 2260; x_wconf 89' lang='lat' dir='ltr'><strong>inde</strong></span> <span class='ocrx_word' id='word_1_606' title='bbox 3186 2217 3379 2274; x_wconf 85' lang='lat' dir='ltr'><strong>capere</strong></span> <span class='ocrx_word' id='word_1_607' title='bbox 3403 2208 3459 2257; x_wconf 86' lang='lat' dir='ltr'><strong>et</strong></span> <span class='ocrx_word' id='word_1_608' title='bbox 3483 2200 3593 2270; x_wconf 77' lang='lat' dir='ltr'><strong>spi-</strong></span> 
     </span>
    </p>
   </div>
   <div class='ocr_carea' id='block_1_82' title="bbox 2002 2292 3595 2369">
    <p class='ocr_par' dir='ltr' id='par_1_82' title="bbox 2002 2292 3595 2369">
     <span class='ocr_line' id='line_1_82' title="bbox 2002 2292 3595 2369; baseline -0.008 -13"><span class='ocrx_word' id='word_1_609' title='bbox 2002 2301 2249 2356; x_wconf 89' lang='lat' dir='ltr'><strong>ritualem</strong></span> <span class='ocrx_word' id='word_1_610' title='bbox 2295 2300 2472 2355; x_wconf 90' lang='lat' dir='ltr'><strong>cibum</strong></span> <span class='ocrx_word' id='word_1_611' title='bbox 2499 2298 2694 2353; x_wconf 78' lang='lat' dir='ltr'><strong>anima:</strong></span> <span class='ocrx_word' id='word_1_612' title='bbox 2734 2297 2997 2369; x_wconf 76' lang='lat' dir='ltr'><strong>praebere.</strong></span> <span class='ocrx_word' id='word_1_613' title='bbox 3046 2294 3179 2350; x_wconf 86' lang='lat' dir='ltr'><strong>Nam</strong></span> <span class='ocrx_word' id='word_1_614' title='bbox 3224 2292 3362 2348; x_wconf 85' lang='lat' dir='ltr'><strong>sicut</strong></span> <span class='ocrx_word' id='word_1_615' title='bbox 3397 2304 3595 2360; x_wconf 87' lang='lat' dir='ltr'><strong>corpus</strong></span> 
     </span>
    </p>
   </div>
   <div class='ocr_carea' id='block_1_83' title="bbox 2003 2384 3593 2464">
    <p class='ocr_par' dir='ltr' id='par_1_83' title="bbox 2003 2384 3593 2464">
     <span class='ocr_line' id='line_1_83' title="bbox 2003 2384 3593 2464; baseline -0.006 -17"><span class='ocrx_word' id='word_1_616' title='bbox 2003 2392 2208 2464; x_wconf 76' lang='lat' dir='ltr'><strong>indiget</strong></span> <span class='ocrx_word' id='word_1_617' title='bbox 2240 2392 2481 2448; x_wconf 85' lang='lat' dir='ltr'><strong>sensibili</strong></span> <span class='ocrx_word' id='word_1_618' title='bbox 2509 2392 2651 2458; x_wconf 92' lang='lat' dir='ltr'><strong>cibo,</strong></span> <span class='ocrx_word' id='word_1_619' title='bbox 2680 2392 2752 2446; x_wconf 84' lang='lat' dir='ltr'><strong>ita</strong></span> <span class='ocrx_word' id='word_1_620' title='bbox 2777 2399 2832 2446; x_wconf 88' lang='lat' dir='ltr'><strong>et</strong></span> <span class='ocrx_word' id='word_1_621' title='bbox 2866 2390 3043 2445; x_wconf 88' lang='lat' dir='ltr'><strong>anima</strong></span> <span class='ocrx_word' id='word_1_622' title='bbox 3071 2386 3377 2459; x_wconf 80' lang='lat' dir='ltr'><strong>quotidiana</strong></span> <span class='ocrx_word' id='word_1_623' title='bbox 3403 2384 3593 2439; x_wconf 77' lang='lat' dir='ltr'><strong>admo-</strong></span> 
     </span>
    </p>
   </div>
   <div class='ocr_carea' id='block_1_84' title="bbox 2007 2478 3595 2553">
    <p class='ocr_par' dir='ltr' id='par_1_84' title="bbox 2007 2478 3595 2553">
     <span class='ocr_line' id='line_1_84' title="bbox 2007 2478 3595 2553; baseline -0.007 -14"><span class='ocrx_word' id='word_1_624' title='bbox 2007 2484 2212 2541; x_wconf 88' lang='lat' dir='ltr'><strong>nitione</strong></span> <span class='ocrx_word' id='word_1_625' title='bbox 2254 2494 2309 2539; x_wconf 90' lang='lat' dir='ltr'><strong>et</strong></span> <span class='ocrx_word' id='word_1_626' title='bbox 2347 2483 2700 2553; x_wconf 88' lang='lat' dir='ltr'><strong>spiritualium</strong></span> <span class='ocrx_word' id='word_1_627' title='bbox 2747 2482 2994 2537; x_wconf 85' lang='lat' dir='ltr'><strong>ciborum</strong></span> <span class='ocrx_word' id='word_1_628' title='bbox 3043 2478 3431 2533; x_wconf 71' lang='lat' dir='ltr'><strong>refocillatioae</strong></span> <span class='ocrx_word' id='word_1_629' title='bbox 3475 2493 3488 2529; x_wconf 91' lang='lat'><strong>:</strong></span> <span class='ocrx_word' id='word_1_630' title='bbox 3536 2483 3595 2529; x_wconf 89' lang='lat' dir='ltr'><strong>ut</strong></span> 
     </span>
    </p>
   </div>
   <div class='ocr_carea' id='block_1_85' title="bbox 2004 2564 3593 2644">
    <p class='ocr_par' dir='ltr' id='par_1_85' title="bbox 2004 2564 3593 2644">
     <span class='ocr_line' id='line_1_85' title="bbox 2004 2564 3593 2644; baseline -0.009 -10"><span class='ocrx_word' id='word_1_631' title='bbox 2004 2577 2255 2634; x_wconf 88' lang='lat' dir='ltr'><strong>roborata</strong></span> <span class='ocrx_word' id='word_1_632' title='bbox 2308 2575 2556 2631; x_wconf 89' lang='lat' dir='ltr'><strong>resistere</strong></span> <span class='ocrx_word' id='word_1_633' title='bbox 2608 2576 2775 2644; x_wconf 76' lang='lat' dir='ltr'><strong>possit</strong></span> <span class='ocrx_word' id='word_1_634' title='bbox 2820 2564 2999 2627; x_wconf 80' lang='lat' dir='ltr'><strong>carnis</strong></span> <span class='ocrx_word' id='word_1_635' title='bbox 3026 2569 3328 2636; x_wconf 83' lang='lat' dir='ltr'><strong>rebellioni,</strong></span> <span class='ocrx_word' id='word_1_636' title='bbox 3359 2577 3413 2622; x_wconf 91' lang='lat' dir='ltr'><strong>et</strong></span> <span class='ocrx_word' id='word_1_637' title='bbox 3461 2581 3593 2620; x_wconf 91' lang='lat' dir='ltr'><strong>con-</strong></span> 
     </span>
    </p>
   </div>
   <div class='ocr_carea' id='block_1_86' title="bbox 2008 2662 3592 2738">
    <p class='ocr_par' dir='ltr' id='par_1_86' title="bbox 2008 2662 3592 2738">
     <span class='ocr_line' id='line_1_86' title="bbox 2008 2662 3592 2738; baseline -0.008 -13"><span class='ocrx_word' id='word_1_638' title='bbox 2008 2671 2156 2726; x_wconf 86' lang='lat' dir='ltr'><strong>tinuo</strong></span> <span class='ocrx_word' id='word_1_639' title='bbox 2184 2668 2323 2723; x_wconf 82' lang='lat' dir='ltr'><strong>bello</strong></span> <span class='ocrx_word' id='word_1_640' title='bbox 2360 2684 2467 2738; x_wconf 90' lang='lat' dir='ltr'><strong>quo</strong></span> <span class='ocrx_word' id='word_1_641' title='bbox 2492 2682 2763 2737; x_wconf 84' lang='lat' dir='ltr'><strong>urgemur,</strong></span> <span class='ocrx_word' id='word_1_642' title='bbox 2794 2664 3044 2736; x_wconf 87' lang='lat' dir='ltr'><strong>quodque</strong></span> <span class='ocrx_word' id='word_1_643' title='bbox 3085 2662 3317 2717; x_wconf 88' lang='lat' dir='ltr'><strong>animam</strong></span> <span class='ocrx_word' id='word_1_644' title='bbox 3355 2667 3592 2714; x_wconf 82' lang='lat' dir='ltr'><strong>nostram</strong></span> 
     </span>
    </p>
   </div>
   <div class='ocr_carea' id='block_1_87' title="bbox 2007 2751 3590 2829">
    <p class='ocr_par' dir='ltr' id='par_1_87' title="bbox 2007 2751 3590 2829">
     <span class='ocr_line' id='line_1_87' title="bbox 2007 2751 3590 2829; baseline -0.009 -13"><span class='ocrx_word' id='word_1_645' title='bbox 2007 2762 2061 2816; x_wconf 89' lang='lat' dir='ltr'><strong>in</strong></span> <span class='ocrx_word' id='word_1_646' title='bbox 2092 2762 2405 2815; x_wconf 88' lang='lat' dir='ltr'><strong>servitutem</strong></span> <span class='ocrx_word' id='word_1_647' title='bbox 2436 2758 2648 2829; x_wconf 82' lang='lat' dir='ltr'><strong>redigit,</strong></span> <span class='ocrx_word' id='word_1_648' title='bbox 2678 2756 2722 2812; x_wconf 93' lang='lat' dir='ltr'><strong>si</strong></span> <span class='ocrx_word' id='word_1_649' title='bbox 2758 2757 2843 2811; x_wconf 79' lang='lat' dir='ltr'><strong>vel</strong></span> <span class='ocrx_word' id='word_1_650' title='bbox 2875 2770 3059 2826; x_wconf 89' lang='lat' dir='ltr'><strong>parum</strong></span> <span class='ocrx_word' id='word_1_651' title='bbox 3100 2751 3313 2807; x_wconf 86' lang='lat' dir='ltr'><strong>desides</strong></span> <span class='ocrx_word' id='word_1_652' title='bbox 3342 2763 3460 2805; x_wconf 86' lang='lat' dir='ltr'><strong>esse</strong></span> <span class='ocrx_word' id='word_1_653' title='bbox 3502 2762 3590 2801; x_wconf 88' lang='lat' dir='ltr'><strong>vo-</strong></span> 
     </span>
    </p>
   </div>
   <div class='ocr_carea' id='block_1_88' title="bbox 2008 2841 3592 2920">
    <p class='ocr_par' dir='ltr' id='par_1_88' title="bbox 2008 2841 3592 2920">
     <span class='ocr_line' id='line_1_88' title="bbox 2008 2841 3592 2920; baseline -0.009 -12"><span class='ocrx_word' id='word_1_654' title='bbox 2008 2853 2286 2909; x_wconf 89' lang='lat' dir='ltr'><strong>luerimus.</strong></span> <span class='ocrx_word' id='word_1_655' title='bbox 2347 2851 2576 2907; x_wconf 86' lang='lat' dir='ltr'><strong>Proinde</strong></span> <span class='ocrx_word' id='word_1_656' title='bbox 2628 2849 2885 2920; x_wconf 89' lang='lat' dir='ltr'><strong>propheta</strong></span> <span class='ocrx_word' id='word_1_657' title='bbox 2944 2845 3110 2902; x_wconf 88' lang='lat' dir='ltr'><strong>David</strong></span> <span class='ocrx_word' id='word_1_658' title='bbox 3164 2845 3377 2900; x_wconf 89' lang='lat' dir='ltr'><strong>beatum</strong></span> <span class='ocrx_word' id='word_1_659' title='bbox 3444 2841 3592 2897; x_wconf 89' lang='lat' dir='ltr'><strong>illum</strong></span> 
     </span>
    </p>
   </div>
   <div class='ocr_carea' id='block_1_89' title="bbox 2008 2936 3597 3016">
    <p class='ocr_par' dir='ltr' id='par_1_89' title="bbox 2008 2936 3597 3016">
     <span class='ocr_line' id='line_1_89' title="bbox 2008 2936 3597 3016; baseline -0.009 -15"><span class='ocrx_word' id='word_1_660' title='bbox 2008 2946 2163 3009; x_wconf 73' lang='lat' dir='ltr'><strong>dixit,</strong></span> <span class='ocrx_word' id='word_1_661' title='bbox 2206 2945 2297 3016; x_wconf 90' lang='lat' dir='ltr'><strong>qui</strong></span> <span class='ocrx_word' id='word_1_662' title='bbox 2337 2946 2388 2998; x_wconf 92' lang='lat' dir='ltr'><strong>in</strong></span> <span class='ocrx_word' id='word_1_663' title='bbox 2436 2944 2553 3014; x_wconf 87' lang='lat' dir='ltr'><strong>lege</strong></span> <span class='ocrx_word' id='word_1_664' title='bbox 2603 2942 2813 2998; x_wconf 87' lang='lat' dir='ltr'><strong>Domini</strong></span> <span class='ocrx_word' id='word_1_665' title='bbox 2864 2939 3149 2995; x_wconf 84' lang='lat' dir='ltr'><strong>meditatur</strong></span> <span class='ocrx_word' id='word_1_666' title='bbox 3188 2936 3277 2992; x_wconf 89' lang='lat' dir='ltr'><strong>die</strong></span> <span class='ocrx_word' id='word_1_667' title='bbox 3327 2950 3392 2990; x_wconf 92' lang='lat' dir='ltr'><strong>ac</strong></span> <span class='ocrx_word' id='word_1_668' title='bbox 3438 2942 3597 2989; x_wconf 87' lang='lat' dir='ltr'><strong>nocte</strong></span> 
     </span>
    </p>
   </div>
   <div class='ocr_carea' id='block_1_90' title="bbox 2014 3028 3593 3110">
    <p class='ocr_par' dir='ltr' id='par_1_90' title="bbox 2014 3028 3593 3110">
     <span class='ocr_line' id='line_1_90' title="bbox 2014 3028 3593 3110; baseline -0.008 -18"><span class='ocrx_word' id='word_1_669' title='bbox 2014 3038 2187 3110; x_wconf 82' lang='lat' dir='ltr'><strong>(Psal.</strong></span> <span class='ocrx_word' id='word_1_670' title='bbox 2221 3039 2272 3092; x_wconf 83' lang='lat' dir='ltr'><strong>l.</strong></span> <span class='ocrx_word' id='word_1_671' title='bbox 2315 3037 2410 3106; x_wconf 70' lang='lat'><strong>2);</strong></span> <span class='ocrx_word' id='word_1_672' title='bbox 2453 3045 2509 3091; x_wconf 87' lang='lat' dir='ltr'><strong>et</strong></span> <span class='ocrx_word' id='word_1_673' title='bbox 2554 3035 2742 3091; x_wconf 89' lang='lat' dir='ltr'><strong>beatus</strong></span> <span class='ocrx_word' id='word_1_674' title='bbox 2790 3034 2965 3089; x_wconf 78' lang='lat' dir='ltr'><strong>Moses</strong></span> <span class='ocrx_word' id='word_1_675' title='bbox 3010 3029 3288 3087; x_wconf 80' lang='lat' dir='ltr'><strong>Judaicum</strong></span> <span class='ocrx_word' id='word_1_676' title='bbox 3341 3028 3593 3099; x_wconf 91' lang='lat' dir='ltr'><strong>populum</strong></span> 
     </span>
    </p>
   </div>
   <div class='ocr_carea' id='block_1_91' title="bbox 2010 3118 3596 3189">
    <p class='ocr_par' dir='ltr' id='par_1_91' title="bbox 2010 3118 3596 3189">
     <span class='ocr_line' id='line_1_91' title="bbox 2010 3118 3596 3189; baseline -0.008 -5"><span class='ocrx_word' id='word_1_677' title='bbox 2010 3129 2209 3185; x_wconf 90' lang='lat' dir='ltr'><strong>docens</strong></span> <span class='ocrx_word' id='word_1_678' title='bbox 2235 3130 2309 3183; x_wconf 88' lang='lat' dir='ltr'><strong>ait</strong></span> <span class='ocrx_word' id='word_1_679' title='bbox 2334 3146 2347 3182; x_wconf 92' lang='lat'><strong>:</strong></span> <span class='ocrx_word' id='word_1_680' title='bbox 2392 3126 2518 3183; x_wconf 82' lang='lat' dir='ltr'><strong>Cum</strong></span> <span class='ocrx_word' id='word_1_681' title='bbox 2555 3125 2829 3181; x_wconf 83' lang='lat' dir='ltr'><strong>comederis</strong></span> <span class='ocrx_word' id='word_1_682' title='bbox 2858 3133 2904 3178; x_wconf 91' lang='lat' dir='ltr'><strong>et</strong></span> <span class='ocrx_word' id='word_1_683' title='bbox 2942 3122 3144 3188; x_wconf 79' lang='lat' dir='ltr'><strong>biberis,</strong></span> <span class='ocrx_word' id='word_1_684' title='bbox 3167 3132 3212 3175; x_wconf 88' lang='lat' dir='ltr'><strong>et</strong></span> <span class='ocrx_word' id='word_1_685' title='bbox 3240 3121 3454 3174; x_wconf 86' lang='lat' dir='ltr'><strong>satiatus</strong></span> <span class='ocrx_word' id='word_1_686' title='bbox 3484 3118 3596 3189; x_wconf 80' lang='lat' dir='ltr'><strong>[ue-</strong></span> 
     </span>
    </p>
   </div>
   <div class='ocr_carea' id='block_1_92' title="bbox 2009 3210 3596 3289">
    <p class='ocr_par' dir='ltr' id='par_1_92' title="bbox 2009 3210 3596 3289">
     <span class='ocr_line' id='line_1_92' title="bbox 2009 3210 3596 3289; baseline -0.008 -12"><span class='ocrx_word' id='word_1_687' title='bbox 2009 3224 2103 3289; x_wconf 85' lang='lat' dir='ltr'><strong>ris,</strong></span> <span class='ocrx_word' id='word_1_688' title='bbox 2129 3238 2320 3277; x_wconf 88' lang='lat' dir='ltr'><strong>memor</strong></span> <span class='ocrx_word' id='word_1_689' title='bbox 2360 3231 2462 3275; x_wconf 79' lang='lat' dir='ltr'><strong>esto</strong></span> <span class='ocrx_word' id='word_1_690' title='bbox 2491 3220 2696 3275; x_wconf 83' lang='lat' dir='ltr'><strong>Domini</strong></span> <span class='ocrx_word' id='word_1_691' title='bbox 2724 3218 2822 3273; x_wconf 84' lang='lat' dir='ltr'><strong>Dei</strong></span> <span class='ocrx_word' id='word_1_692' title='bbox 2848 3218 2922 3271; x_wconf 86' lang='lat' dir='ltr'><strong>tui</strong></span> <span class='ocrx_word' id='word_1_693' title='bbox 2969 3215 3144 3289; x_wconf 83' lang='lat' dir='ltr'><strong>(Deut.</strong></span> <span class='ocrx_word' id='word_1_694' title='bbox 3177 3215 3230 3269; x_wconf 87' lang='lat'><strong>8.</strong></span> <span class='ocrx_word' id='word_1_695' title='bbox 3274 3210 3386 3285; x_wconf 68' lang='lat'><strong>10).</strong></span> <span class='ocrx_word' id='word_1_696' title='bbox 3412 3210 3596 3275; x_wconf 83' lang='lat' dir='ltr'><strong>Vides,</strong></span> 
     </span>
    </p>
   </div>
   <div class='ocr_carea' id='block_1_93' title="bbox 2012 3308 3595 3386">
    <p class='ocr_par' dir='ltr' id='par_1_93' title="bbox 2012 3308 3595 3386">
     <span class='ocr_line' id='line_1_93' title="bbox 2012 3308 3595 3386; baseline -0.009 -17"><span class='ocrx_word' id='word_1_697' title='bbox 2012 3315 2282 3386; x_wconf 80' lang='lat' dir='ltr'><strong>quomodo</strong></span> <span class='ocrx_word' id='word_1_698' title='bbox 2320 3322 2375 3369; x_wconf 90' lang='lat' dir='ltr'><strong>et</strong></span> <span class='ocrx_word' id='word_1_699' title='bbox 2401 3324 2526 3369; x_wconf 88' lang='lat' dir='ltr'><strong>tunc</strong></span> <span class='ocrx_word' id='word_1_700' title='bbox 2555 3312 2888 3383; x_wconf 89' lang='lat' dir='ltr'><strong>potissimum</strong></span> <span class='ocrx_word' id='word_1_701' title='bbox 2926 3324 3022 3379; x_wconf 82' lang='lat' dir='ltr'><strong>par</strong></span> <span class='ocrx_word' id='word_1_702' title='bbox 3050 3308 3138 3372; x_wconf 86' lang='lat' dir='ltr'><strong>sit,</strong></span> <span class='ocrx_word' id='word_1_703' title='bbox 3166 3316 3289 3377; x_wconf 86' lang='lat' dir='ltr'><strong>post</strong></span> <span class='ocrx_word' id='word_1_704' title='bbox 3325 3312 3595 3373; x_wconf 88' lang='lat' dir='ltr'><strong>sumptum</strong></span> 
     </span>
    </p>
   </div>
   <div class='ocr_carea' id='block_1_94' title="bbox 2011 3394 3599 3478">
    <p class='ocr_par' dir='ltr' id='par_1_94' title="bbox 2011 3394 3599 3478">
     <span class='ocr_line' id='line_1_94' title="bbox 2011 3394 3599 3478; baseline -0.009 -16"><span class='ocrx_word' id='word_1_705' title='bbox 2011 3422 2203 3478; x_wconf 89' lang='lat' dir='ltr'><strong>nempe</strong></span> <span class='ocrx_word' id='word_1_706' title='bbox 2227 3405 2559 3475; x_wconf 87' lang='lat' dir='ltr'><strong>corporalem</strong></span> <span class='ocrx_word' id='word_1_707' title='bbox 2588 3404 2789 3467; x_wconf 88' lang='lat' dir='ltr'><strong>cibum,</strong></span> <span class='ocrx_word' id='word_1_708' title='bbox 2813 3400 3088 3471; x_wconf 90' lang='lat' dir='ltr'><strong>spiritualc</strong></span> <span class='ocrx_word' id='word_1_709' title='bbox 3115 3396 3415 3454; x_wconf 87' lang='lat' dir='ltr'><strong>convivium</strong></span> <span class='ocrx_word' id='word_1_710' title='bbox 3442 3394 3599 3449; x_wconf 90' lang='lat' dir='ltr'><strong>nobis</strong></span> 
     </span>
    </p>
   </div>
   <div class='ocr_carea' id='block_1_95' title="bbox 2012 3478 3595 3568">
    <p class='ocr_par' dir='ltr' id='par_1_95' title="bbox 2012 3478 3595 3568">
     <span class='ocr_line' id='line_1_95' title="bbox 2012 3478 3595 3568; baseline -0.009 -15"><span class='ocrx_word' id='word_1_711' title='bbox 2012 3498 2228 3568; x_wconf 89' lang='lat' dir='ltr'><strong>apponi,</strong></span> <span class='ocrx_word' id='word_1_712' title='bbox 2244 3506 2300 3550; x_wconf 92' lang='lat' dir='ltr'><strong>ut</strong></span> <span class='ocrx_word' id='word_1_713' title='bbox 2317 3512 2383 3551; x_wconf 92' lang='lat' dir='ltr'><strong>ne</strong></span> <span class='ocrx_word' id='word_1_714' title='bbox 2402 3478 2524 3565; x_wconf 71' lang='lat' dir='ltr'><strong>post</strong></span> <span class='ocrx_word' id='word_1_715' title='bbox 2545 3495 2843 3548; x_wconf 87' lang='lat' dir='ltr'><strong>satietatem</strong></span> <span class='ocrx_word' id='word_1_716' title='bbox 2860 3492 2963 3547; x_wconf 92' lang='lat' dir='ltr'><strong>cibi</strong></span> <span class='ocrx_word' id='word_1_717' title='bbox 2979 3490 3274 3561; x_wconf 90' lang='lat' dir='ltr'><strong>corporalis</strong></span> <span class='ocrx_word' id='word_1_718' title='bbox 3289 3488 3461 3541; x_wconf 89' lang='lat' dir='ltr'><strong>anima</strong></span> <span class='ocrx_word' id='word_1_719' title='bbox 3482 3494 3595 3540; x_wconf 89' lang='lat' dir='ltr'><strong>tur-</strong></span> 
     </span>
    </p>
   </div>
   <div class='ocr_carea' id='block_1_96' title="bbox 2014 3580 3597 3661">
    <p class='ocr_par' dir='ltr' id='par_1_96' title="bbox 2014 3580 3597 3661">
     <span class='ocr_line' id='line_1_96' title="bbox 2014 3580 3597 3661; baseline -0.01 -15"><span class='ocrx_word' id='word_1_720' title='bbox 2014 3607 2147 3661; x_wconf 89' lang='lat' dir='ltr'><strong>pens</strong></span> <span class='ocrx_word' id='word_1_721' title='bbox 2175 3599 2228 3645; x_wconf 92' lang='lat' dir='ltr'><strong>et</strong></span> <span class='ocrx_word' id='word_1_722' title='bbox 2253 3589 2414 3643; x_wconf 86' lang='lat' dir='ltr'><strong>deses</strong></span> <span class='ocrx_word' id='word_1_723' title='bbox 2461 3588 2513 3642; x_wconf 91' lang='lat' dir='ltr'><strong>in</strong></span> <span class='ocrx_word' id='word_1_724' title='bbox 2544 3585 2831 3657; x_wconf 91' lang='lat' dir='ltr'><strong>perniciem</strong></span> <span class='ocrx_word' id='word_1_725' title='bbox 2878 3585 3109 3655; x_wconf 88' lang='lat' dir='ltr'><strong>aliquam</strong></span> <span class='ocrx_word' id='word_1_726' title='bbox 3161 3592 3302 3646; x_wconf 84' lang='lat' dir='ltr'><strong>ruat,</strong></span> <span class='ocrx_word' id='word_1_727' title='bbox 3330 3591 3384 3635; x_wconf 91' lang='lat' dir='ltr'><strong>et</strong></span> <span class='ocrx_word' id='word_1_728' title='bbox 3421 3580 3597 3633; x_wconf 92' lang='lat' dir='ltr'><strong>locum</strong></span> 
     </span>
    </p>
   </div>
   <div class='ocr_carea' id='block_1_97' title="bbox 2013 3671 3599 3745">
    <p class='ocr_par' dir='ltr' id='par_1_97' title="bbox 2013 3671 3599 3745">
     <span class='ocr_line' id='line_1_97' title="bbox 2013 3671 3599 3745; baseline -0.01 -8"><span class='ocrx_word' id='word_1_729' title='bbox 2013 3683 2106 3737; x_wconf 86' lang='lat' dir='ltr'><strong>det</strong></span> <span class='ocrx_word' id='word_1_730' title='bbox 2131 3679 2329 3735; x_wconf 88' lang='lat' dir='ltr'><strong>diaboli</strong></span> <span class='ocrx_word' id='word_1_731' title='bbox 2370 3677 2872 3743; x_wconf 85' lang='lat' dir='ltr'><strong>machinationibus,</strong></span> <span class='ocrx_word' id='word_1_732' title='bbox 2895 3676 2985 3745; x_wconf 91' lang='lat' dir='ltr'><strong>qui</strong></span> <span class='ocrx_word' id='word_1_733' title='bbox 3012 3688 3200 3729; x_wconf 89' lang='lat' dir='ltr'><strong>omnes</strong></span> <span class='ocrx_word' id='word_1_734' title='bbox 3230 3671 3484 3741; x_wconf 86' lang='lat' dir='ltr'><strong>temporis</strong></span> <span class='ocrx_word' id='word_1_735' title='bbox 3508 3685 3599 3722; x_wconf 86' lang='lat' dir='ltr'><strong>ar-</strong></span> 
     </span>
    </p>
   </div>
   <div class='ocr_carea' id='block_1_98' title="bbox 2016 3758 3601 3834">
    <p class='ocr_par' dir='ltr' id='par_1_98' title="bbox 2016 3758 3601 3834">
     <span class='ocr_line' id='line_1_98' title="bbox 2016 3758 3601 3834; baseline -0.009 -6"><span class='ocrx_word' id='word_1_736' title='bbox 2016 3772 2208 3829; x_wconf 91' lang='lat' dir='ltr'><strong>ticulos</strong></span> <span class='ocrx_word' id='word_1_737' title='bbox 2236 3772 2505 3834; x_wconf 89' lang='lat' dir='ltr'><strong>observat,</strong></span> <span class='ocrx_word' id='word_1_738' title='bbox 2548 3779 2605 3824; x_wconf 79' lang='grc' dir='ltr'><strong>ιιι</strong></span> <span class='ocrx_word' id='word_1_739' title='bbox 2630 3768 2791 3824; x_wconf 91' lang='lat' dir='ltr'><strong>letale</strong></span> <span class='ocrx_word' id='word_1_740' title='bbox 2841 3767 2997 3823; x_wconf 90' lang='lat' dir='ltr'><strong>nobis</strong></span> <span class='ocrx_word' id='word_1_741' title='bbox 3038 3765 3229 3819; x_wconf 89' lang='lat' dir='ltr'><strong>vulnus</strong></span> <span class='ocrx_word' id='word_1_742' title='bbox 3259 3761 3485 3817; x_wconf 87' lang='lat' dir='ltr'><strong>inferat?</strong></span> <span class='ocrx_word' id='word_1_743' title='bbox 3531 3758 3601 3814; x_wconf 83' lang='lat' dir='ltr'><strong>Et</strong></span> 
     </span>
    </p>
   </div>
   <div class='ocr_carea' id='block_1_99' title="bbox 2015 3850 3647 3926">
    <p class='ocr_par' dir='ltr' id='par_1_99' title="bbox 2015 3850 3647 3926">
     <span class='ocr_line' id='line_1_99' title="bbox 2015 3850 3647 3926; baseline -0.015 -5"><span class='ocrx_word' id='word_1_744' title='bbox 2015 3866 2208 3921; x_wconf 89' lang='lat' dir='ltr'><strong>iterum</strong></span> <span class='ocrx_word' id='word_1_745' title='bbox 2233 3864 2337 3917; x_wconf 89' lang='lat' dir='ltr'><strong>alio</strong></span> <span class='ocrx_word' id='word_1_746' title='bbox 2366 3862 2485 3917; x_wconf 92' lang='lat' dir='ltr'><strong>loco</strong></span> <span class='ocrx_word' id='word_1_747' title='bbox 2508 3860 2720 3915; x_wconf 89' lang='lat' dir='ltr'><strong>dicebat</strong></span> <span class='ocrx_word' id='word_1_748' title='bbox 2750 3859 2890 3915; x_wconf 90' lang='lat' dir='ltr'><strong>idem</strong></span> <span class='ocrx_word' id='word_1_749' title='bbox 2922 3857 3011 3912; x_wconf 91' lang='lat' dir='ltr'><strong>ille</strong></span> <span class='ocrx_word' id='word_1_750' title='bbox 3039 3856 3298 3926; x_wconf 90' lang='lat' dir='ltr'><strong>propheta</strong></span> <span class='ocrx_word' id='word_1_751' title='bbox 3330 3870 3345 3907; x_wconf 88' lang='lat'><strong>:</strong></span> <span class='ocrx_word' id='word_1_752' title='bbox 3375 3850 3441 3905; x_wconf 85' lang='lat' dir='ltr'><strong>In</strong></span> <span class='ocrx_word' id='word_1_753' title='bbox 3469 3854 3600 3904; x_wconf 86' lang='lat' dir='ltr'><strong>lecto</strong></span> <span class='ocrx_word' id='word_1_754' title='bbox 3644 3894 3647 3897; x_wconf 72' lang='grc'>,</span> 
     </span>
    </p>
   </div>
   <div class='ocr_carea' id='block_1_100' title="bbox 2015 3938 3601 4023">
    <p class='ocr_par' dir='ltr' id='par_1_100' title="bbox 2015 3938 3601 4023">
     <span class='ocr_line' id='line_1_100' title="bbox 2015 3938 3601 4023; baseline -0.013 -11"><span class='ocrx_word' id='word_1_755' title='bbox 2015 3957 2253 4012; x_wconf 82' lang='lat' dir='ltr'><strong>cubantes</strong></span> <span class='ocrx_word' id='word_1_756' title='bbox 2284 3965 2330 4009; x_wconf 87' lang='lat' dir='ltr'><strong>et</strong></span> <span class='ocrx_word' id='word_1_757' title='bbox 2374 3963 2697 4023; x_wconf 76' lang='lat' dir='ltr'><strong>exsurgentes</strong></span> <span class='ocrx_word' id='word_1_758' title='bbox 2743 3958 3042 4005; x_wconf 83' lang='lat' dir='ltr'><strong>mementote</strong></span> <span class='ocrx_word' id='word_1_759' title='bbox 3070 3946 3280 4001; x_wconf 78' lang='lat' dir='ltr'><strong>Domini</strong></span> <span class='ocrx_word' id='word_1_760' title='bbox 3327 3942 3422 3996; x_wconf 88' lang='lat' dir='ltr'><strong>Dei</strong></span> <span class='ocrx_word' id='word_1_761' title='bbox 3451 3938 3601 3995; x_wconf 80' lang='lat' dir='ltr'><strong>vestri</strong></span> 
     </span>
    </p>
   </div>
   <div class='ocr_carea' id='block_1_101' title="bbox 2016 4034 3603 4119">
    <p class='ocr_par' dir='ltr' id='par_1_101' title="bbox 2016 4034 3603 4119">
     <span class='ocr_line' id='line_1_101' title="bbox 2016 4034 3603 4119; baseline -0.011 -16"><span class='ocrx_word' id='word_1_762' title='bbox 2016 4048 2197 4119; x_wconf 83' lang='lat' dir='ltr'><strong>(Deut.</strong></span> <span class='ocrx_word' id='word_1_763' title='bbox 2231 4047 2285 4103; x_wconf 87' lang='lat'><strong>6.</strong></span> <span class='ocrx_word' id='word_1_764' title='bbox 2318 4044 2397 4117; x_wconf 82' lang='grc' dir='ltr'><strong>Ἰ).</strong></span> <span class='ocrx_word' id='word_1_765' title='bbox 2428 4044 2618 4100; x_wconf 76' lang='lat' dir='ltr'><strong>Vidisti</strong></span> <span class='ocrx_word' id='word_1_766' title='bbox 2648 4056 2934 4113; x_wconf 85' lang='lat' dir='ltr'><strong>numquam</strong></span> <span class='ocrx_word' id='word_1_767' title='bbox 2964 4053 3062 4093; x_wconf 87' lang='lat' dir='ltr'><strong>nos</strong></span> <span class='ocrx_word' id='word_1_768' title='bbox 3090 4037 3284 4092; x_wconf 87' lang='lat' dir='ltr'><strong>decere</strong></span> <span class='ocrx_word' id='word_1_769' title='bbox 3321 4034 3460 4088; x_wconf 88' lang='lat' dir='ltr'><strong>hanc</strong></span> <span class='ocrx_word' id='word_1_770' title='bbox 3489 4045 3603 4085; x_wconf 88' lang='lat' dir='ltr'><strong>me-</strong></span> 
     </span>
    </p>
   </div>
   <div class='ocr_carea' id='block_1_102' title="bbox 2016 4124 3603 4197">
    <p class='ocr_par' dir='ltr' id='par_1_102' title="bbox 2016 4124 3603 4197">
     <span class='ocr_line' id='line_1_102' title="bbox 2016 4124 3603 4197; baseline -0.013 0"><span class='ocrx_word' id='word_1_771' title='bbox 2016 4143 2240 4197; x_wconf 89' lang='lat' dir='ltr'><strong>moriam</strong></span> <span class='ocrx_word' id='word_1_772' title='bbox 2278 4156 2343 4195; x_wconf 90' lang='lat' dir='ltr'><strong>ex</strong></span> <span class='ocrx_word' id='word_1_773' title='bbox 2373 4138 2549 4193; x_wconf 90' lang='lat' dir='ltr'><strong>anima</strong></span> <span class='ocrx_word' id='word_1_774' title='bbox 2589 4143 2769 4190; x_wconf 87' lang='lat' dir='ltr'><strong>nostra</strong></span> <span class='ocrx_word' id='word_1_775' title='bbox 2809 4130 3115 4195; x_wconf 78' lang='lat' dir='ltr'><strong>excludere,</strong></span> <span class='ocrx_word' id='word_1_776' title='bbox 3148 4126 3240 4182; x_wconf 90' lang='lat' dir='ltr'><strong>sed</strong></span> <span class='ocrx_word' id='word_1_777' title='bbox 3286 4124 3603 4193; x_wconf 83' lang='lat' dir='ltr'><strong>insculptain</strong></span> 
     </span>
    </p>
   </div>
   <div class='ocr_carea' id='block_1_103' title="bbox 2018 4218 3601 4295">
    <p class='ocr_par' dir='ltr' id='par_1_103' title="bbox 2018 4218 3601 4295">
     <span class='ocr_line' id='line_1_103' title="bbox 2018 4218 3601 4295; baseline -0.011 -6"><span class='ocrx_word' id='word_1_778' title='bbox 2018 4234 2072 4289; x_wconf 88' lang='lat' dir='ltr'><strong>in</strong></span> <span class='ocrx_word' id='word_1_779' title='bbox 2121 4233 2445 4289; x_wconf 90' lang='lat' dir='ltr'><strong>conscientia</strong></span> <span class='ocrx_word' id='word_1_780' title='bbox 2488 4229 2706 4293; x_wconf 88' lang='lat' dir='ltr'><strong>habere,</strong></span> <span class='ocrx_word' id='word_1_781' title='bbox 2730 4241 2793 4282; x_wconf 88' lang='lat' dir='ltr'><strong>ac</strong></span> <span class='ocrx_word' id='word_1_782' title='bbox 2838 4227 2889 4281; x_wconf 92' lang='lat' dir='ltr'><strong>in</strong></span> <span class='ocrx_word' id='word_1_783' title='bbox 2938 4231 3191 4295; x_wconf 85' lang='lat' dir='ltr'><strong>perpetua</strong></span> <span class='ocrx_word' id='word_1_784' title='bbox 3240 4218 3601 4276; x_wconf 89' lang='lat' dir='ltr'><strong>sollicitudine</strong></span> 
     </span>
    </p>
   </div>
   <div class='ocr_carea' id='block_1_104' title="bbox 2017 4309 3604 4392">
    <p class='ocr_par' dir='ltr' id='par_1_104' title="bbox 2017 4309 3604 4392">
     <span class='ocr_line' id='line_1_104' title="bbox 2017 4309 3604 4392; baseline -0.012 -12"><span class='ocrx_word' id='word_1_785' title='bbox 2017 4326 2221 4390; x_wconf 83' lang='lat' dir='ltr'><strong>vivere,</strong></span> <span class='ocrx_word' id='word_1_786' title='bbox 2248 4324 2526 4392; x_wconf 85' lang='lat' dir='ltr'><strong>nullasque</strong></span> <span class='ocrx_word' id='word_1_787' title='bbox 2572 4332 2821 4389; x_wconf 85' lang='lat' dir='ltr'><strong>umquam</strong></span> <span class='ocrx_word' id='word_1_788' title='bbox 2871 4314 3152 4371; x_wconf 90' lang='lat' dir='ltr'><strong>admittere</strong></span> <span class='ocrx_word' id='word_1_789' title='bbox 3202 4309 3463 4373; x_wconf 87' lang='lat' dir='ltr'><strong>inducias,</strong></span> <span class='ocrx_word' id='word_1_790' title='bbox 3494 4313 3604 4363; x_wconf 91' lang='lat' dir='ltr'><strong>Imo</strong></span> 
     </span>
    </p>
   </div>
   <div class='ocr_carea' id='block_1_105' title="bbox 2020 4402 3600 4483">
    <p class='ocr_par' dir='ltr' id='par_1_105' title="bbox 2020 4402 3600 4483">
     <span class='ocr_line' id='line_1_105' title="bbox 2020 4402 3600 4483; baseline -0.012 -10"><span class='ocrx_word' id='word_1_791' title='bbox 2020 4429 2075 4473; x_wconf 89' lang='lat' dir='ltr'><strong>ut</strong></span> <span class='ocrx_word' id='word_1_792' title='bbox 2100 4418 2235 4472; x_wconf 89' lang='lat' dir='ltr'><strong>bene</strong></span> <span class='ocrx_word' id='word_1_793' title='bbox 2256 4416 2507 4479; x_wconf 90' lang='lat' dir='ltr'><strong>scientes,</strong></span> <span class='ocrx_word' id='word_1_794' title='bbox 2526 4422 2756 4483; x_wconf 90' lang='lat' dir='ltr'><strong>quantus</strong></span> <span class='ocrx_word' id='word_1_795' title='bbox 2783 4410 2855 4464; x_wconf 91' lang='lat' dir='ltr'><strong>sit</strong></span> <span class='ocrx_word' id='word_1_796' title='bbox 2881 4408 3027 4463; x_wconf 89' lang='lat' dir='ltr'><strong>furor</strong></span> <span class='ocrx_word' id='word_1_797' title='bbox 3051 4402 3251 4460; x_wconf 89' lang='lat' dir='ltr'><strong>inimici</strong></span> <span class='ocrx_word' id='word_1_798' title='bbox 3278 4402 3444 4458; x_wconf 83' lang='lat' dir='ltr'><strong>nostri</strong></span> <span class='ocrx_word' id='word_1_799' title='bbox 3474 4415 3600 4470; x_wconf 80' lang='lat' dir='ltr'><strong>erga</strong></span> 
     </span>
    </p>
   </div>
   <div class='ocr_carea' id='block_1_106' title="bbox 2017 4492 3602 4575">
    <p class='ocr_par' dir='ltr' id='par_1_106' title="bbox 2017 4492 3602 4575">
     <span class='ocr_line' id='line_1_106' title="bbox 2017 4492 3602 4575; baseline -0.013 -8"><span class='ocrx_word' id='word_1_800' title='bbox 2017 4492 2137 4575; x_wconf 79' lang='lat' dir='ltr'><strong>nos,</strong></span> <span class='ocrx_word' id='word_1_801' title='bbox 2165 4509 2377 4564; x_wconf 89' lang='lat' dir='ltr'><strong>sobrios</strong></span> <span class='ocrx_word' id='word_1_802' title='bbox 2418 4522 2538 4562; x_wconf 89' lang='lat' dir='ltr'><strong>esse</strong></span> <span class='ocrx_word' id='word_1_803' title='bbox 2580 4514 2635 4560; x_wconf 90' lang='lat' dir='ltr'><strong>et</strong></span> <span class='ocrx_word' id='word_1_804' title='bbox 2681 4502 2922 4573; x_wconf 77' lang='lat' dir='ltr'><strong>vigilare,</strong></span> <span class='ocrx_word' id='word_1_805' title='bbox 2969 4507 3023 4554; x_wconf 83' lang='lat' dir='ltr'><strong>et</strong></span> <span class='ocrx_word' id='word_1_806' title='bbox 3068 4512 3258 4553; x_wconf 79' lang='lat' dir='ltr'><strong>omnes</strong></span> <span class='ocrx_word' id='word_1_807' title='bbox 3300 4495 3476 4549; x_wconf 86' lang='lat' dir='ltr'><strong>aditus</strong></span> <span class='ocrx_word' id='word_1_808' title='bbox 3524 4492 3602 4547; x_wconf 91' lang='lat' dir='ltr'><strong>illi</strong></span> 
     </span>
    </p>
   </div>
   <div class='ocr_carea' id='block_1_107' title="bbox 2017 4584 3604 4676">
    <p class='ocr_par' dir='ltr' id='par_1_107' title="bbox 2017 4584 3604 4676">
     <span class='ocr_line' id='line_1_107' title="bbox 2017 4584 3604 4676; baseline -0.013 -17"><span class='ocrx_word' id='word_1_809' title='bbox 2017 4601 2367 4676; x_wconf 63' lang='lat' dir='ltr'><strong>praecludere,</strong></span> <span class='ocrx_word' id='word_1_810' title='bbox 2397 4608 2453 4655; x_wconf 91' lang='lat' dir='ltr'><strong>et</strong></span> <span class='ocrx_word' id='word_1_811' title='bbox 2491 4612 2781 4666; x_wconf 86' lang='lat' dir='ltr'><strong>numquam</strong></span> <span class='ocrx_word' id='word_1_812' title='bbox 2823 4590 3148 4664; x_wconf 76' lang='lat' dir='ltr'><strong>Spiritualem</strong></span> <span class='ocrx_word' id='word_1_813' title='bbox 3197 4587 3463 4658; x_wconf 69' lang='lat' dir='ltr'><strong>negligere</strong></span> <span class='ocrx_word' id='word_1_814' title='bbox 3506 4584 3604 4639; x_wconf 82' lang='lat' dir='ltr'><strong>ali-</strong></span> 
     </span>
    </p>
   </div>
   <div class='ocr_carea' id='block_1_108' title="bbox 2019 4673 3602 4751">
    <p class='ocr_par' dir='ltr' id='par_1_108' title="bbox 2019 4673 3602 4751">
     <span class='ocr_line' id='line_1_108' title="bbox 2019 4673 3602 4751; baseline -0.013 -1"><span class='ocrx_word' id='word_1_815' title='bbox 2019 4673 2291 4751; x_wconf 80' lang='lat' dir='ltr'><strong>moniam?</strong></span> <span class='ocrx_word' id='word_1_816' title='bbox 2343 4690 2469 4746; x_wconf 71' lang='lat' dir='ltr'><strong>Haec</strong></span> <span class='ocrx_word' id='word_1_817' title='bbox 2508 4698 2690 4743; x_wconf 78' lang='lat' dir='ltr'><strong>nostra</strong></span> <span class='ocrx_word' id='word_1_818' title='bbox 2718 4687 2861 4741; x_wconf 90' lang='lat' dir='ltr'><strong>salus</strong></span> <span class='ocrx_word' id='word_1_819' title='bbox 2893 4692 3007 4749; x_wconf 89' lang='lat' dir='ltr'><strong>est,</strong></span> <span class='ocrx_word' id='word_1_820' title='bbox 3042 4682 3126 4736; x_wconf 63' lang='lat' dir='ltr'><strong>hic</strong></span> <span class='ocrx_word' id='word_1_821' title='bbox 3166 4678 3469 4751; x_wconf 74' lang='lat' dir='ltr'><strong>Spirituales</strong></span> <span class='ocrx_word' id='word_1_822' title='bbox 3515 4673 3602 4730; x_wconf 82' lang='lat' dir='ltr'><strong>tli-</strong></span> 
     </span>
    </p>
   </div>
   <div class='ocr_carea' id='block_1_109' title="bbox 2019 4766 3599 4851">
    <p class='ocr_par' dir='ltr' id='par_1_109' title="bbox 2019 4766 3599 4851">
     <span class='ocr_line' id='line_1_109' title="bbox 2019 4766 3599 4851; baseline -0.014 -10"><span class='ocrx_word' id='word_1_823' title='bbox 2019 4786 2183 4851; x_wconf 85' lang='lat' dir='ltr'><strong>vitiae,</strong></span> <span class='ocrx_word' id='word_1_824' title='bbox 2216 4783 2332 4838; x_wconf 67' lang='lat' dir='ltr'><strong>haec</strong></span> <span class='ocrx_word' id='word_1_825' title='bbox 2377 4780 2659 4836; x_wconf 90' lang='lat' dir='ltr'><strong>securitas.</strong></span> <span class='ocrx_word' id='word_1_826' title='bbox 2699 4776 2756 4833; x_wconf 88' lang='lat' dir='ltr'><strong>Si</strong></span> <span class='ocrx_word' id='word_1_827' title='bbox 2799 4776 2878 4831; x_wconf 89' lang='lat' dir='ltr'><strong>sic</strong></span> <span class='ocrx_word' id='word_1_828' title='bbox 2907 4789 3006 4829; x_wconf 87' lang='lat' dir='ltr'><strong>nos</strong></span> <span class='ocrx_word' id='word_1_829' title='bbox 3045 4773 3188 4843; x_wconf 84' lang='lat' dir='ltr'><strong>ipsos</strong></span> <span class='ocrx_word' id='word_1_830' title='bbox 3215 4766 3451 4839; x_wconf 87' lang='lat' dir='ltr'><strong>quotidie</strong></span> <span class='ocrx_word' id='word_1_831' title='bbox 3477 4782 3599 4820; x_wconf 85' lang='lat' dir='ltr'><strong>mu-</strong></span> 
     </span>
    </p>
   </div>
   <div class='ocr_carea' id='block_1_110' title="bbox 2019 4861 3603 4943">
    <p class='ocr_par' dir='ltr' id='par_1_110' title="bbox 2019 4861 3603 4943">
     <span class='ocr_line' id='line_1_110' title="bbox 2019 4861 3603 4943; baseline -0.014 -11"><span class='ocrx_word' id='word_1_832' title='bbox 2019 4878 2250 4941; x_wconf 90' lang='lat' dir='ltr'><strong>niamus,</strong></span> <span class='ocrx_word' id='word_1_833' title='bbox 2282 4883 2336 4929; x_wconf 92' lang='lat' dir='ltr'><strong>et</strong></span> <span class='ocrx_word' id='word_1_834' title='bbox 2379 4887 2476 4943; x_wconf 85' lang='lat' dir='ltr'><strong>per</strong></span> <span class='ocrx_word' id='word_1_835' title='bbox 2518 4869 2830 4934; x_wconf 84' lang='lat' dir='ltr'><strong>lectionem,</strong></span> <span class='ocrx_word' id='word_1_836' title='bbox 2861 4876 2916 4922; x_wconf 92' lang='lat' dir='ltr'><strong>et</strong></span> <span class='ocrx_word' id='word_1_837' title='bbox 2960 4879 3055 4935; x_wconf 87' lang='lat' dir='ltr'><strong>per</strong></span> <span class='ocrx_word' id='word_1_838' title='bbox 3098 4861 3356 4924; x_wconf 88' lang='lat' dir='ltr'><strong>auditum,</strong></span> <span class='ocrx_word' id='word_1_839' title='bbox 3400 4867 3456 4913; x_wconf 91' lang='lat' dir='ltr'><strong>et</strong></span> <span class='ocrx_word' id='word_1_840' title='bbox 3507 4870 3603 4927; x_wconf 88' lang='lat' dir='ltr'><strong>per</strong></span> 
     </span>
    </p>
   </div>
   <div class='ocr_carea' id='block_1_111' title="bbox 2017 4949 3602 5040">
    <p class='ocr_par' dir='ltr' id='par_1_111' title="bbox 2017 4949 3602 5040">
     <span class='ocr_line' id='line_1_111' title="bbox 2017 4949 3602 5040; baseline -0.015 -16"><span class='ocrx_word' id='word_1_841' title='bbox 2017 4966 2347 5040; x_wconf 88' lang='lat' dir='ltr'><strong>spiritualem</strong></span> <span class='ocrx_word' id='word_1_842' title='bbox 2373 4976 2696 5026; x_wconf 88' lang='lat' dir='ltr'><strong>sermonem,</strong></span> <span class='ocrx_word' id='word_1_843' title='bbox 2717 4960 2795 5015; x_wconf 90' lang='lat' dir='ltr'><strong>sic</strong></span> <span class='ocrx_word' id='word_1_844' title='bbox 2817 4956 3106 5029; x_wconf 82' lang='lat' dir='ltr'><strong>poterimus</strong></span> <span class='ocrx_word' id='word_1_845' title='bbox 3133 4950 3233 5022; x_wconf 82' lang='lat' dir='ltr'><strong>ipsi</strong></span> <span class='ocrx_word' id='word_1_846' title='bbox 3256 4949 3433 5005; x_wconf 91' lang='lat' dir='ltr'><strong>invicti</strong></span> <span class='ocrx_word' id='word_1_847' title='bbox 3454 4961 3602 5011; x_wconf 87' lang='lat' dir='ltr'><strong>esse,</strong></span> 
     </span>
    </p>
   </div>
   <div class='ocr_carea' id='block_1_112' title="bbox 2019 5043 3604 5129">
    <p class='ocr_par' dir='ltr' id='par_1_112' title="bbox 2019 5043 3604 5129">
     <span class='ocr_line' id='line_1_112' title="bbox 2019 5043 3604 5129; baseline -0.015 -13"><span class='ocrx_word' id='word_1_848' title='bbox 2019 5070 2075 5117; x_wconf 92' lang='lat' dir='ltr'><strong>et</strong></span> <span class='ocrx_word' id='word_1_849' title='bbox 2088 5058 2305 5129; x_wconf 82' lang='lat' dir='ltr'><strong>maligni</strong></span> <span class='ocrx_word' id='word_1_850' title='bbox 2320 5055 2580 5112; x_wconf 65' lang='lat' dir='ltr'><strong>dmmonis</strong></span> <span class='ocrx_word' id='word_1_851' title='bbox 2611 5048 3073 5113; x_wconf 82' lang='lat' dir='ltr'><strong>teclinaseludere,</strong></span> <span class='ocrx_word' id='word_1_852' title='bbox 3085 5043 3425 5113; x_wconf 64' lang='lat' dir='ltr'><strong>aclestiaquc</strong></span> <span class='ocrx_word' id='word_1_853' title='bbox 3442 5053 3604 5109; x_wconf 75' lang='lat' dir='ltr'><strong>regna</strong></span> 
     </span>
    </p>
   </div>
   <div class='ocr_carea' id='block_1_113' title="bbox 2019 5128 3601 5223">
    <p class='ocr_par' dir='ltr' id='par_1_113' title="bbox 2019 5128 3601 5223">
     <span class='ocr_line' id='line_1_113' title="bbox 2019 5128 3601 5223; baseline -0.016 -15"><span class='ocrx_word' id='word_1_854' title='bbox 2019 5128 2255 5223; x_wconf 86' lang='lat' dir='ltr'><strong>assequi,</strong></span> <span class='ocrx_word' id='word_1_855' title='bbox 2275 5148 2441 5221; x_wconf 84' lang='lat' dir='ltr'><strong>gratia</strong></span> <span class='ocrx_word' id='word_1_856' title='bbox 2461 5156 2517 5203; x_wconf 88' lang='lat' dir='ltr'><strong>et</strong></span> <span class='ocrx_word' id='word_1_857' title='bbox 2532 5143 2857 5215; x_wconf 80' lang='lat' dir='ltr'><strong>benignitate</strong></span> <span class='ocrx_word' id='word_1_858' title='bbox 2875 5138 3083 5193; x_wconf 91' lang='lat' dir='ltr'><strong>Domini</strong></span> <span class='ocrx_word' id='word_1_859' title='bbox 3114 5134 3282 5190; x_wconf 84' lang='lat' dir='ltr'><strong>nostri</strong></span> <span class='ocrx_word' id='word_1_860' title='bbox 3309 5133 3435 5189; x_wconf 83' lang='lat' dir='ltr'><strong>.lesn</strong></span> <span class='ocrx_word' id='word_1_861' title='bbox 3455 5128 3601 5223; x_wconf 70' lang='lat' dir='ltr'><strong>Chri-</strong></span> 
     </span>
    </p>
   </div>
   <div class='ocr_carea' id='block_1_114' title="bbox 2019 5222 3600 5312">
    <p class='ocr_par' dir='ltr' id='par_1_114' title="bbox 2019 5222 3600 5312">
     <span class='ocr_line' id='line_1_114' title="bbox 2019 5222 3600 5312; baseline -0.017 -11"><span class='ocrx_word' id='word_1_862' title='bbox 2019 5245 2116 5311; x_wconf 85' lang='lat' dir='ltr'><strong>sti,</strong></span> <span class='ocrx_word' id='word_1_863' title='bbox 2140 5222 2260 5300; x_wconf 84' lang='lat' dir='ltr'><strong>eum</strong></span> <span class='ocrx_word' id='word_1_864' title='bbox 2291 5256 2399 5312; x_wconf 83' lang='lat' dir='ltr'><strong>quo</strong></span> <span class='ocrx_word' id='word_1_865' title='bbox 2424 5239 2566 5294; x_wconf 82' lang='lat' dir='ltr'><strong>Patri</strong></span> <span class='ocrx_word' id='word_1_866' title='bbox 2600 5234 2757 5291; x_wconf 90' lang='lat' dir='ltr'><strong>simul</strong></span> <span class='ocrx_word' id='word_1_867' title='bbox 2786 5241 2841 5288; x_wconf 90' lang='lat' dir='ltr'><strong>et</strong></span> <span class='ocrx_word' id='word_1_868' title='bbox 2860 5229 3077 5301; x_wconf 84' lang='lat' dir='ltr'><strong>Spiritui</strong></span> <span class='ocrx_word' id='word_1_869' title='bbox 3105 5235 3290 5282; x_wconf 79' lang='lat' dir='ltr'><strong>sancto</strong></span> <span class='ocrx_word' id='word_1_870' title='bbox 3316 5226 3385 5280; x_wconf 88' lang='lat' dir='ltr'><strong>sit</strong></span> <span class='ocrx_word' id='word_1_871' title='bbox 3411 5222 3600 5294; x_wconf 79' lang='lat' dir='ltr'><strong>gloria,</strong></span> 
     </span>
    </p>
   </div>
   <div class='ocr_carea' id='block_1_115' title="bbox 2022 5317 3603 5407">
    <p class='ocr_par' dir='ltr' id='par_1_115' title="bbox 2022 5317 3603 5407">
     <span class='ocr_line' id='line_1_115' title="bbox 2022 5317 3603 5407; baseline -0.017 -15"><span class='ocrx_word' id='word_1_872' title='bbox 2022 5336 2322 5407; x_wconf 88' lang='lat' dir='ltr'><strong>imperium,</strong></span> <span class='ocrx_word' id='word_1_873' title='bbox 2357 5331 2549 5397; x_wconf 82' lang='lat' dir='ltr'><strong>honor,</strong></span> <span class='ocrx_word' id='word_1_874' title='bbox 2577 5341 2719 5383; x_wconf 85' lang='lat' dir='ltr'><strong>nunc</strong></span> <span class='ocrx_word' id='word_1_875' title='bbox 2753 5334 2807 5381; x_wconf 92' lang='lat' dir='ltr'><strong>et</strong></span> <span class='ocrx_word' id='word_1_876' title='bbox 2844 5337 3077 5394; x_wconf 86' lang='lat' dir='ltr'><strong>semper,</strong></span> <span class='ocrx_word' id='word_1_877' title='bbox 3103 5330 3159 5376; x_wconf 90' lang='lat' dir='ltr'><strong>et</strong></span> <span class='ocrx_word' id='word_1_878' title='bbox 3185 5319 3236 5374; x_wconf 90' lang='lat' dir='ltr'><strong>in</strong></span> <span class='ocrx_word' id='word_1_879' title='bbox 3262 5317 3455 5373; x_wconf 76' lang='lat' dir='ltr'><strong>szecula</strong></span> <span class='ocrx_word' id='word_1_880' title='bbox 3505 5328 3603 5367; x_wconf 70' lang='lat' dir='ltr'><strong>sm-</strong></span> 
     </span>
    </p>
   </div>
   <div class='ocr_carea' id='block_1_116' title="bbox 2020 5423 2511 5484">
    <p class='ocr_par' dir='ltr' id='par_1_116' title="bbox 2020 5423 2511 5484">
     <span class='ocr_line' id='line_1_116' title="bbox 2020 5423 2511 5484; baseline -0.016 -1"><span class='ocrx_word' id='word_1_881' title='bbox 2020 5428 2286 5484; x_wconf 76' lang='lat' dir='ltr'><strong>cul&#39;orum.</strong></span> <span class='ocrx_word' id='word_1_882' title='bbox 2319 5423 2511 5477; x_wconf 81' lang='lat' dir='ltr'><strong>Amen.</strong></span> 
     </span>
    </p>
   </div>
   <div class='ocr_carea' id='block_1_117' title="bbox 2608 5543 3018 5605">
    <p class='ocr_par' dir='ltr' id='par_1_117' title="bbox 2608 5543 3018 5605">
     <span class='ocr_line' id='line_1_117' title="bbox 2608 5543 3018 5605; baseline -0.017 0"><span class='ocrx_word' id='word_1_883' title='bbox 2608 5545 2887 5605; x_wconf 73' lang='lat' dir='ltr'><strong>HOMILIA</strong></span> <span class='ocrx_word' id='word_1_884' title='bbox 2928 5543 3018 5601; x_wconf 77' lang='lat' dir='ltr'><strong>XI.</strong></span> 
     </span>
    </p>
   </div>
   <div class='ocr_carea' id='block_1_118' title="bbox 2026 5669 3606 5760">
    <p class='ocr_par' dir='ltr' id='par_1_118' title="bbox 2026 5669 3606 5760">
     <span class='ocr_line' id='line_1_118' title="bbox 2026 5669 3606 5760; baseline -0.015 -15"><span class='ocrx_word' id='word_1_885' title='bbox 2026 5690 2175 5760; x_wconf 80' lang='lat' dir='ltr'><strong>Quod</strong></span> <span class='ocrx_word' id='word_1_886' title='bbox 2195 5695 2423 5753; x_wconf 81' lang='lat' dir='ltr'><strong>Oporteat</strong></span> <span class='ocrx_word' id='word_1_887' title='bbox 2448 5686 2674 5738; x_wconf 75' lang='lat' dir='ltr'><strong>virtutem</strong></span> <span class='ocrx_word' id='word_1_888' title='bbox 2699 5681 2868 5750; x_wconf 82' lang='lat' dir='ltr'><strong>magni</strong></span> <span class='ocrx_word' id='word_1_889' title='bbox 2896 5682 3061 5751; x_wconf 73' lang='lat' dir='ltr'><strong>facere</strong></span> <span class='ocrx_word' id='word_1_890' title='bbox 3080 5684 3376 5743; x_wconf 49' lang='lat' dir='ltr'><strong>sanctoque</strong></span> <span class='ocrx_word' id='word_1_891' title='bbox 3395 5669 3606 5733; x_wconf 81' lang='lat' dir='ltr'><strong>imitari,</strong></span> 
     </span>
    </p>
   </div>
   <div class='ocr_carea' id='block_1_119' title="bbox 2094 5774 3606 5853">
    <p class='ocr_par' dir='ltr' id='par_1_119' title="bbox 2094 5774 3606 5853">
     <span class='ocr_line' id='line_1_119' title="bbox 2094 5774 3606 5853; baseline -0.013 -18"><span class='ocrx_word' id='word_1_892' title='bbox 2094 5781 2177 5853; x_wconf 82' lang='lat' dir='ltr'><strong>qui</strong></span> <span class='ocrx_word' id='word_1_893' title='bbox 2203 5795 2316 5834; x_wconf 85' lang='lat' dir='ltr'><strong>cum</strong></span> <span class='ocrx_word' id='word_1_894' title='bbox 2346 5777 2570 5848; x_wconf 80' lang='lat' dir='ltr'><strong>ejusdem</strong></span> <span class='ocrx_word' id='word_1_895' title='bbox 2592 5774 2737 5848; x_wconf 69' lang='lat' dir='ltr'><strong>cujus</strong></span> <span class='ocrx_word' id='word_1_896' title='bbox 2765 5788 2854 5827; x_wconf 86' lang='lat' dir='ltr'><strong>nos</strong></span> <span class='ocrx_word' id='word_1_897' title='bbox 2876 5780 3070 5827; x_wconf 75' lang='lat' dir='ltr'><strong>natura:</strong></span> <span class='ocrx_word' id='word_1_898' title='bbox 3093 5776 3275 5835; x_wconf 78' lang='lat' dir='ltr'><strong>essent,</strong></span> <span class='ocrx_word' id='word_1_899' title='bbox 3311 5780 3420 5821; x_wconf 79' lang='lat' dir='ltr'><strong>eam</strong></span> <span class='ocrx_word' id='word_1_900' title='bbox 3452 5780 3606 5818; x_wconf 77' lang='lat' dir='ltr'><strong>Irru-</strong></span> 
     </span>
    </p>
   </div>
  </div>
