4040 6378
447 319 503 372 fil
1158 318 1216 373 S.
1256 316 1536 374 JOANNIS
1575 317 2052 374 CHRYSUSTOMI
2083 319 2404 380 ARCHIEP.
2431 324 2964 383 CONSTANTINOP.
3669 333 3746 388 9?.

519 442 626 485 rate
654 431 830 486 δίειαεὶ
859 440 992 486 sunt.
1022 431 1085 484 Et
1114 432 1248 500 quod
1276 431 1320 486 si
1344 447 1516 503 segnes
1545 431 1812 502 fuerimus,
1842 432 2039 486 nullam

521 525 905 578 excusationem
923 525 1142 578 habituri
1161 525 1340 578 simus.

528 634 734 708 l._Scio
779 650 868 688 me
903 634 1269 704 superioribus
1307 633 1496 688 diebus
1534 644 1770 690 mentem
1812 643 2044 689 vestram

453 725 890 784 prnlundioribus
941 727 1220 780 sententiis
1265 727 1761 780 exercuissezeam
1812 725 1886 780 ob
1929 742 2043 780 rem

460 814 613 868 bodic
651 816 854 869 mimus
895 825 979 871 est
1021 815 1312 871 faciliorem
1343 814 1362 846 ⁸
1396 830 1695 885 proponere
1723 815 2044 870 doctrinam.

457 904 588 958 Nam
618 907 754 959 sicut
782 921 980 974 corpus
999 907 1205 976 jejunio
1229 918 1591 970 maceratum,
1625 907 1877 961 nonnulla
1907 907 2048 961 indi-

454 1005 544 1065 get
591 995 1014 1061 refocillatione,
1061 1007 1120 1053 ut
1160 1015 1372 1053 rursum
1420 998 1617 1069 ingenti
1663 998 1939 1053 alacritate
1981 998 2049 1052 ad

458 1088 707 1142 terendos
743 1087 930 1158 ieiunii
978 1089 1187 1143 labores
1229 1090 1417 1145 redeat
1443 1108 1456 1144 :
1486 1089 1556 1143 ita
1586 1099 1641 1143 et
1668 1089 1844 1142 anima
1875 1098 2050 1144 vestra

457 1179 775 1236 remissione
800 1180 997 1250 indiget
1021 1190 1073 1236 et
1102 1182 1299 1251 quiete.
1349 1180 1529 1252 Neque
1555 1180 1698 1234 enim
1723 1194 1939 1248 semper
1966 1181 2050 1234 in-

460 1271 713 1338 tendere,
757 1289 930 1341 neque
956 1289 1169 1344 semper
1197 1279 1468 1330 remittere
1494 1281 1738 1345 oportet;
1785 1274 1879 1329 sed
1912 1289 2052 1329 nunc

461 1363 566 1421 hoc
588 1405 604 1428 ,
637 1381 779 1420 nunc
807 1366 941 1421 illud.
981 1367 1280 1422 faciendum
1306 1383 1322 1432 ;
1371 1376 1429 1422 et
1457 1370 1534 1421 sic
1561 1365 1831 1436 regendus
1859 1367 2053 1421 animae

459 1465 652 1522 status,
680 1467 736 1513 et
758 1458 1023 1514 domanda
1048 1460 1225 1514 carnis
1256 1461 1566 1530 pemlaittia.
1592 1459 1725 1514 Nam
1752 1460 1890 1514 sicut
1913 1473 2054 1514 sem-

421 1601 424 1609 ,
466 1566 564 1620 per
591 1549 854 1605 intentum
877 1565 997 1606 esse
1026 1552 1295 1606 laboribus
1315 1593 1330 1614 ,
1364 1552 1416 1607 id
1457 1552 1672 1606 aedium
1701 1551 1855 1607 affert
1880 1559 1937 1607 et
1958 1551 2056 1607 de-

464 1641 619 1712 jicit:
651 1641 720 1695 ita
765 1645 1024 1711 perpetuo
1069 1643 1376 1703 remittere.
1423 1642 1489 1698 ad
1520 1643 1788 1713 ignaviam
1829 1643 2052 1699 inducit.

465 1733 523 1789 Id
552 1741 608 1787 et
636 1732 690 1787 in
717 1733 891 1787 anima
923 1742 978 1788 et
1007 1734 1059 1788 in
1091 1749 1317 1803 corpore
1349 1751 1445 1788 usu
1489 1735 1679 1790 venire
1717 1733 1901 1790 videre
1938 1735 2058 1804 quis

464 1839 662 1899 potest.
691 1831 978 1900 Propterea
1005 1831 1193 1886 modus
1215 1832 1412 1900 ubique
1435 1831 1608 1886 bonus
1632 1838 1734 1886 est.
1765 1829 1920 1898 Quod
1960 1845 2060 1885 nos

469 1921 835 1976 universorum
866 1921 1007 1978 Deus
1036 1923 1191 1977 docet
1230 1923 1390 1978 etiam
1433 1937 1531 1993 per
1571 1931 1879 1983 creaturas.
1927 1937 2060 1992 quas

465 2011 533 2066 ad
563 2015 728 2068 nostri
756 2015 1194 2069 constitutionem
1236 2014 1506 2084 produxit.
1552 2015 1730 2084 Atque
1757 2021 1817 2068 ut
1843 2012 1947 2069 hoc
1977 2017 2059 2068 in-

470 2105 742 2174 telligatis,
764 2105 834 2159 de
853 2106 941 2160 die
964 2121 1026 2160 ac
1055 2112 1234 2170 nocte”,
1256 2106 1357 2160 hoc
1380 2113 1465 2159 est
1476 2104 1544 2160 de
1566 2105 1684 2160 luce
1712 2119 1777 2161 ac
1800 2104 2058 2172 tenebris,

419 2237 422 2239 -
467 2212 772 2254 sennenrm
822 2197 1179 2253 instituamus.
1234 2197 1676 2268 Quandoquidem
1729 2197 1872 2253 enim
1918 2196 2060 2254 diem

470 2289 776 2359 segregavit
820 2290 874 2342 iu
916 2305 1056 2359 opus
1100 2290 1347 2344 lnunanze
1396 2298 1639 2352 natum,
1686 2297 1743 2345 et
1769 2297 1982 2347 noctem
2009 2289 2060 2343 in

471 2384 713 2454 requiem
747 2393 801 2438 et
843 2385 1214 2440 remissionem
1252 2385 1536 2450 laborum,
1569 2399 1850 2440 mensuras
1873 2392 1930 2439 et
1956 2392 2065 2439 ter—
2115 2409 2120 2414 -

473 2477 646 2530 minos
673 2477 910 2546 utrisque
937 2478 1163 2546 praefixit
1185 2519 1199 2540 ,
1235 2477 1375 2532 unde
1404 2477 1558 2532 nobis
1582 2477 1838 2533 omrribus
1861 2476 2065 2534 benefl-

452 2568 554 2621 -cia
599 2568 842 2637 qna-dam
892 2563 1254 2637 provenirent.
1306 2568 1438 2623 Nam
1484 2568 1626 2639 quod
1675 2569 1802 2634 lux,
1855 2569 2064 2624 diurna:

421 2701 426 2706 .
473 2661 800 2730 operationis
823 2663 900 2717 sit
921 2669 1165 2733 tempus,
1216 2661 1342 2716 audi
1371 2661 1535 2717 David
1563 2661 1828 2718 dicentem
1860 2679 1875 2716 :
1903 2661 2067 2731 Egre-

473 2752 642 2805 dietur
669 2761 820 2804 homo
853 2753 922 2806 ad
951 2770 1078 2822 Opus
1105 2770 1254 2807 suum
1277 2795 1298 2816 ,
1347 2762 1398 2807 et
1433 2752 1502 2806 ad
1542 2754 1884 2823 operationem
1920 2769 2066 2805 suam

477 2859 633 2912 usque
671 2845 740 2896 ad
776 2859 1034 2915 caperem
1063 2843 1236 2916 (Psal.
1266 2843 1388 2899 105.
1421 2843 1538 2914 2⁸5).
1598 2843 1668 2898 Ει
1695 2845 1833 2900 bene
1869 2843 2063 2912 inquit,

481 2933 652 3004 Usque
687 2935 758 2988 ad
780 2951 1036 3004 vesperam
1069 2954 1084 2990 :
1113 2952 1235 2990 nam
1277 2937 1558 3006 ingruente
1592 2928 1920 3000 vesperem!
1935 2929 2062 2985 abs-

474 3025 662 3083 cedit.
735 3036 790 3080 et
831 3027 1182 3082 succedentes
1214 3028 1449 3082 tenebrat
1492 3027 1780 3081 humanam
1823 3035 2066 3081 naturam

478 3117 727 3184 sopiunt,
754 3127 808 3172 et
833 3132 1031 3187 corpus
1054 3118 1196 3188 quod
1221 3119 1591 3185 laboraverat,
1619 3120 1780 3190 quieti
1828 3118 2064 3186 tradunt,

477 3223 669 3262 sensus
714 3223 904 3264 omnes
949 3210 1261 3276 retnittunt,
1311 3219 1366 3264 et
1413 3212 1564 3280 quasi
1619 3213 1795 3265 nutrix
1843 3212 2066 3279 Optima,

479 3315 730 3354 sensuum
757 3303 970 3372 organis
991 3303 1237 3358 omnibus
1262 3305 1498 3373 quietem
1521 3319 1551 3358 a
1584 3305 1849 3359 laborilms
1884 3305 2070 3374 fatiga-

475 3392 824 3463 tionibusque
868 3395 1188 3449 concedunt.
1238 3395 1372 3450 Cum
1422 3411 1548 3451 vero
1594 3411 1841 3450 mensura
1894 3398 2069 3452 noctis

483 3483 704 3552 impleta
732 3483 889 3538 fuerit
911 3525 924 3548 ,
954 3486 1388 3555 apprOpinqnans
1426 3486 1558 3541 lucis
1585 3470 1849 3540 ddventus
1873 3487 2072 3541 excitat

423 3625 426 3628 .
481 3587 536 3628 et
570 3575 619 3628 id
641 3576 749 3645 agit
775 3583 833 3630 ut
860 3577 1100 3646 vigentes
1129 3576 1420 3647 rcfectiqne
1439 3593 1630 3632 sensus
1659 3579 1866 3632 solarcs
1893 3577 2071 3632 radios

483 3667 710 3731 adeant,
739 3676 795 3722 et
823 3677 882 3722 ut
909 3668 1077 3722 homo
1096 3684 1231 3724 nova
1262 3669 1489 3740 quadam
1534 3681 1588 3725 et
1627 3669 1852 3725 ferventi
1883 3671 2074 3726 alacris

427 3781 430 3785 ~
483 3769 592 3812 nne
619 3759 890 3814 consuetis
917 3760 1170 3829 operibus
1193 3775 1406 3816 manum
1428 3760 1732 3818 admoveat.
1759 3762 1889 3817 illud
1911 3763 2072 3818 etiam

485 3852 538 3904 in
578 3854 700 3905 anui
731 3852 1174 3907 conversionibus
1201 3852 1317 3908 fieri
1343 3852 1631 3909 cernimus.-
1662 3854 1904 3909 Hiemem
1929 3855 2071 3908 enim

486 3943 684 4013 excipit
713 3960 807 3999 ver
830 3986 845 4009 ,
885 3953 940 3999 et
965 3956 1168 4000 exactze
1195 3947 1368 4000 testati
1396 3948 1638 4003 succedit
1659 3958 1947 4003 autumnus
1977 3967 1991 4004 :
2017 3959 2075 4004 ut

486 4052 582 4104 per
617 4036 1036 4102 vicissitudinem
1086 4046 1384 4109 temporum
1411 4049 1466 4094 et
1507 4042 1694 4097 mutati
1740 4042 1880 4097 aeris
1920 4043 2074 4111 quieé

487 4138 643 4181 scant
663 4143 885 4197 corpora
929 4140 1108 4185 nostra
1130 4171 1145 4196 ,
1191 4147 1368 4202 neque
1389 4131 1587 4203 frigore
1617 4133 1838 4188 nimium
1878 4149 2075 4206 conge-

488 4220 592 4272 lata
619 4232 1045 4290 corrumpantur,
1075 4239 1252 4294 neque
1271 4225 1465 4281 caloris
1486 4226 1824 4282 vehementia
1848 4228 2072 4284 nimium

487 4310 740 4365 calefacta
770 4313 1130 4368 dissolvantur
1162 4333 1175 4370 :
1203 4325 1255 4369 et
1287 4325 1344 4370 ut
1383 4317 1450 4371 ad
1495 4317 1598 4372 boc
1639 4333 1738 4373 nos
1781 4330 2070 4390 praeparet,

491 4401 652 4456 hiemi
680 4404 951 4472 praemittit
980 4415 1292 4462 autumnum
1315 4447 1331 4474 ,
1378 4417 1432 4462 et
1468 4411 1640 4464 azstati
1670 4425 1784 4464 ver.
1839 4412 1996 4478 Quod
2027 4412 2073 4466 si

491 4495 611 4564 quis
651 4496 948 4565 prudenter-
983 4498 1110 4554 hazc.
1131 4501 1309 4555 omnia
1339 4517 1522 4557 secum
1547 4504 1894 4573 expenderit,
1927 4506 2078 4561 inve-

489 4587 599 4642 niet
628 4588 679 4642 in
703 4590 956 4645 omnibus
970 4593 1228 4648 creaturis
1252 4593 1491 4649 ordinem
1522 4604 1577 4649 et
1601 4597 1860 4652 rationem
1889 4614 2074 4668 quam-

487 4679 641 4745 dam,
686 4689 742 4736 ct
771 4682 897 4737 nihil
934 4693 1134 4739 temere
1156 4693 1212 4740 et
1233 4685 1436 4757 absque
1463 4688 1673 4742 ratione
1694 4687 1910 4744 factum.
1961 4689 2075 4745 Hoc

486 4783 542 4826 ct
567 4773 618 4826 in
641 4774 954 4838 seminibus,
983 4792 1102 4846 quae
1126 4794 1190 4831 ex
1214 4786 1353 4832 terra
1384 4789 1702 4846 nascuntur,
1743 4781 1861 4849 quis
1887 4781 2074 4837 videre

491 4873 684 4932 potest.
739 4865 922 4934 Neque
971 4869 1112 4922 enim
1162 4870 1341 4924 omnia
1393 4869 1581 4925 eodem
1627 4879 1867 4940 tempore
1914 4873 2073 4927 tellus

431 4997 434 5004 .
489 4955 708 5022 profert,
742 4973 914 5027 neque
947 4973 1104 5013 omne
1133 4967 1344 5030 tempus
1373 4961 1439 5016 ad
1459 4962 1750 5016 excolenda
1778 4973 1935 5018 terra:
1953 4979 2075 5034 ger-

488 5047 632 5101 mina
685 5049 936 5104 idoneum
983 5060 1096 5115 est;-
1154 5051 1248 5106 sed
1301 5052 1452 5107 novit
1499 5053 1733 5124 agricola
1779 5069 2074 5125 congrum

494 5147 746 5207 tempus,
775 5141 916 5209 quod
948 5156 1043 5211 per
1069 5144 1382 5214 sapientiam
1410 5144 1510 5200 sibi
1536 5159 1565 5198 a
1601 5145 1708 5199 Deo
1735 5145 1912 5200 datam
1941 5147 2077 5201 didi-

485 5231 590 5291 cit.
640 5232 855 5300 quando
909 5250 1100 5304 nempe
1147 5236 1471 5302 serendum,
1519 5238 1732 5307 quando
1776 5239 2075 5308 plantandzn

488 5324 744 5388 arbores,
793 5327 1006 5395 quando
1042 5327 1177 5383 vites
1217 5337 1375 5384 terra;
1421 5329 1625 5384 sinibus
1664 5330 2072 5398 concredeudac,

487 5416 701 5480 quando
733 5419 798 5472 ad
844 5435 1072 5475 messem
1104 5424 1357 5478 acuenda:
1397 5424 1558 5480 falces
1583 5465 1598 5488 ,
1643 5425 1857 5495 quando
1886 5424 2077 5480 decer-

489 5506 646 5572 pendi
679 5506 952 5563 vinearum
987 5510 1187 5566 fructus
1214 5555 1228 5578 ,
1260 5522 1314 5567 et
1357 5513 1494 5569 botri
1541 5515 1790 5570 demendi
1813 5559 1826 5580 ,
1860 5516 2074 5586 quando

489 5605 542 5649 et
571 5598 830 5654 olivarum
872 5603 1045 5657 baccas
1090 5605 1418 5675 colligendar.
1462 5608 1528 5662 Et
1557 5610 1830 5676 invenies,
1873 5611 1915 5664 si
1961 5609 2076 5665 lucc

493 5688 672 5756 omnia
703 5688 984 5760 diligenter
1009 5695 1239 5749 volneris
1271 5698 1537 5770 inquirch
1557 5742 1570 5766 ,
1602 5716 1788 5771 magna
1816 5703 2074 5772 sapientia

556 5783 574 5812 ³
608 5781 808 5840 utsicut
834 5791 957 5847 uss,
987 5787 1258 5840 clariorem.

2156 441 2320 492 etiam
2355 439 2616 508 agricolas
2663 456 2785 496 esse
2825 442 3096 511 pneditos.
3145 442 3264 498 Jatn
3313 460 3418 500 non
3469 446 3641 501 solum
3686 451 3741 500 in

2154 537 2296 583 terra
2338 529 2442 584 boc
2463 531 2646 586 videre
2678 531 2835 597 licet,
2867 533 2962 587 sed
2989 535 3151 588 etiam
3194 539 3246 589 la
3276 537 3432 591 mari.
3487 537 3626 593 Ecce
3659 540 3746 592 'llt'

2153 619 2312 674 aliam
2356 622 2727 678 admirabilem
2768 626 3082 695 sapientiam
3125 637 3373 696 spectare
3411 640 3584 696 potes.
3630 629 3748 684 St'it

2153 711 2297 766 enim
2329 713 2611 768 nauclerus
2638 714 2851 783 quando
2876 715 3192 772 deducenda
3217 719 3287 772 sit
3315 719 3466 772 navis
3486 761 3500 782 ,
3530 725 3749 788 quando

2153 818 2182 856 a
2207 814 2362 873 portu
2391 805 2722 870 solvendmu,
2749 805 2963 874 quando
2993 808 3312 863 transeunda
3335 810 3499 863 maria
3525 825 3540 874 ;
3571 813 3746 863 maxi-

2157 911 2350 965 meque
2403 896 2453 949 in
2502 896 2677 952 nantis
2726 897 3148 967 deprehenditur
3193 899 3536 966 intellectus,
3585 917 3747 970 queui

2154 987 2333 1041 divina
2363 987 2622 1058 sapientia
2647 987 2892 1043 httmanu:
2924 1001 3126 1044 natura:
3154 991 3362 1045 indidit.
3390 992 3576 1060 Neque
3599 993 3747 1046 enim

2156 1080 2246 1148 qui
2290 1095 2385 1148 per
2411 1082 2525 1136 vias
2553 1080 2792 1150 publicas
2821 1091 3070 1148 currunt,
3101 1084 3169 1137 ita
3197 1083 3510 1138 diverticula
3549 1085 3748 1143 sciunt.

2158 1183 2216 1226 ut
2246 1174 2280 1226 ii
2309 1175 2397 1243 qui
2427 1173 2480 1228 in
2506 1172 2660 1244 aquis
2680 1183 2888 1229 certum
2913 1175 3013 1229 iter
3043 1175 3260 1229 faciunt.
3314 1175 3540 1244 Propter
3568 1178 3667 1228 hoc
3693 1185 3753 1229 ct

2157 1264 2432 1335 Scriptura
2461 1264 2848 1336 obstupescens
2895 1267 3219 1321 eminentem
3264 1266 3579 1336 sapientiam
3629 1267 3749 1331 Dm,

2160 1357 2290 1414 dicit
2322 1375 2336 1412 :
2372 1360 2468 1425 Qui
2493 1358 2630 1412 dedit
2653 1359 2708 1412 in
2736 1359 2867 1412 mari
2912 1360 3042 1412 uiam
3065 1401 3080 1423 ,
3127 1369 3175 1412 et
3212 1359 3264 1410 in
3305 1375 3437 1427 aqua
3479 1359 3752 1411 vehementi

2160 1451 2392 1505 semitam
2417 1451 2572 1521 (Sep.
2603 1451 2688 1506 Η.
2721 1449 2799 1522 3).
2849 1451 2979 1518 Quae
3005 1451 3234 1505 humana
3265 1450 3402 1504 ratio
3432 1457 3607 1520 potest
3635 1450 3750 1501 ba‘c

2161 1543 2526 1613 pernoscere?
2580 1543 2836 1598 Eamdem
2886 1545 3148 1598 rationem
3200 1544 3434 1597 inveniet
3487 1543 3752 1612 quispiam

2163 1635 2325 1690 etiam
2369 1636 2421 1690 in
2448 1635 2584 1690 cibis
2607 1650 2748 1702 quos
2778 1636 3060 1690 sumimus.
3089 1635 3224 1689 Nam
3244 1635 3468 1705 singulis
3495 1635 3753 1704 tempori-

2164 1729 2264 1783 bus
2289 1738 2348 1784 et
2368 1729 2495 1783 anni
2539 1729 2783 1798 partibus
2808 1731 2954 1784 varia
2980 1737 3035 1784 et
3062 1729 3273 1784 diversa
3317 1730 3469 1782 nobis
3496 1729 3751 1783 alimenta

2167 1819 2428 1874 Dominus
2482 1821 2704 1890 largitur
2748 1839 2762 1875 :
2812 1829 2952 1876 terra
3003 1822 3148 1876 enim
3197 1821 3350 1890 quasi
3397 1821 3596 1888 optima
3651 1836 3755 1874 nu-

2165 1913 2272 1966 trix
2297 1912 2437 1967 dona
2459 1927 2554 1968 sua
2585 1913 2739 1968 nobis
2768 1913 3005 1984 profert,
3038 1924 3304 1982 prmcepto
3331 1911 3602 1967 Creatoris
3641 1925 3760 1965 scr-

2168 2006 2342 2060 viens.
2391 2003 2395 2006 ’

2236 2095 2291 2150 2.
2320 2095 2520 2151 Verum
2547 2111 2618 2152 ne
2652 2095 2911 2167 prolixius
2941 2109 3243 2151 sermonem
3269 2093 3554 2148 extendam
3574 2133 3594 2156 ,
3629 2093 3762 2147 lisc-

2167 2189 2245 2244 bit
2267 2190 2418 2244 vobis
2455 2205 2554 2260 pro
2580 2198 2758 2244 vestra
2788 2189 3068 2260 prudentia
3099 2202 3384 2244 recensere
3412 2187 3514 2240 alia
3551 2187 3756 2241 omnia.

2168 2281 2251 2336 Da
2275 2281 2417 2336 enim
2442 2323 2460 2346 ,
2505 2282 2714 2351 inquit,
2753 2281 2970 2350 sapienti
2999 2279 3313 2334 occasionem
3335 2320 3360 2348 ,ν
3393 2287 3440 2332 et
3481 2278 3762 2348 sapientior

2168 2376 2263 2429 erit
2303 2374 2488 2441 (Prov.
2517 2374 2572 2430 9.
2601 2374 2682 2444 9).
2737 2371 2920 2442 Neque
2969 2374 3020 2425 in
3065 2370 3264 2424 nostris
3309 2369 3585 2423 dumtaxat
3623 2368 3762 2422 cibis

2171 2466 2272 2521 hoc
2299 2465 2481 2521 videre
2505 2474 2591 2520 est
2611 2505 2628 2532 ,
2675 2464 2770 2521 sed
2799 2473 2853 2518 et
2891 2465 2943 2518 in
2976 2463 3042 2517 iis
3065 2478 3185 2532 qua:
3212 2462 3488 2515 brutorum
3515 2467 3656 2514 sunt.
3693 2459 3762 2511 Ιιὶι

2169 2558 2436 2628 poteritis,
2458 2558 2502 2612 si
2526 2557 2705 2623 vultis,
2737 2556 2898 2611 etiam
2925 2556 2978 2610 in
3007 2555 3185 2608 multis
3211 2554 3332 2607 aliis
3361 2553 3636 2622 inquirere"
3655 2593 3670 2617 ,
3704 2561 3762 2603 ut

2169 2651 2445 2706 addiscere
2483 2651 2674 2720 optimi
2716 2650 2942 2704 artificis
2967 2649 3062 2703 Dei
3091 2646 3413 2703 ineffabilem
3443 2645 3760 2715 sapientiam

2170 2755 2225 2800 et
2249 2745 2572 2799 eminentem
2605 2743 2898 2798 bonitatem
2919 2783 2935 2805 ,
2962 2739 3234 2812 quomodo
3255 2748 3515 2794 creaturae
3536 2737 3764 2806 singula:

2173 2838 2382 2892 ratione
2405 2837 2632 2908 quadam
2662 2834 2894 2890 condita:
2911 2833 3021 2888 sint
3053 2833 3092 2885 ί.
3121 2831 3377 2887 Similiter
3393 2831 3550 2900 igitur
3571 2831 3628 2883 et
3657 2827 3764 2882 bu-

2167 2929 2256 3000 jus
2282 2943 2450 2983 sacrae
2477 2927 2916 2998 Quadragesimte
2942 2936 3182 2993 tempore
3211 2924 3558 2979 constitutum
3605 2923 3766 2978 nobis

2171 3021 2524 3076 inveniemus.
2552 3018 2684 3074 Nam
2713 3017 3158 3087 quemadmodum
3192 3017 3243 3069 in
3268 3017 3368 3070 viis
3392 3016 3614 3086 publicis
3635 3027 3766 3070 sunt

2173 3115 2430 3170 stationes
2475 3120 2530 3168 et
2567 3110 2917 3176 diverticula,
2968 3110 3020 3163 in
3060 3109 3254 3179 quibus
3300 3107 3426 3162 fessi
3456 3108 3688 3163 viatores
3707 3117 3766 3161 ct

2173 3206 2440 3276 respirant
2475 3214 2532 3259 et
2567 3204 2868 3275 quiescunt,
2922 3211 2983 3256 ut
3027 3209 3210 3271 postea
3257 3201 3358 3255 iter
3410 3215 3562 3254 suum
3592 3202 3768 3255 Conti-

2173 3297 2319 3352 ciant
2348 3314 2361 3350 :
2388 3303 2444 3350 et
2472 3295 2610 3350 sicut
2637 3296 2690 3349 iu
2723 3294 2859 3348 mari
2888 3293 3062 3348 littora
3092 3301 3250 3356 sunt,
3277 3301 3333 3347 et
3361 3302 3578 3362 portus,
3605 3299 3666 3346 ut
3691 3291 3770 3346 ibi

2174 3396 2351 3440 nauta:
2388 3393 2670 3456 postquam
2705 3385 2904 3438 multos
2937 3383 3130 3438 ﬂuctus
3157 3385 3520 3452 trajecerant,
3551 3389 3608 3437 et
3633 3395 3768 3435 ven-

2177 3486 2353 3532 t-irum
2381 3477 2598 3547 impetui
2627 3477 2960 3540 restiterunt,
2991 3476 3250 3543 tantiSper
3275 3477 3569 3544 quiescant,
3604 3483 3660 3528 ct
3686 3473 3769 3528 sic

2178 3570 2370 3625 iterum
2399 3569 2652 3639 navigare
2684 3568 2941 3638 incipiant
2965 3584 2979 3622 :
3008 3567 3079 3622 ita
3105 3578 3159 3622 et
3180 3581 3320 3621 nunc
3348 3568 3414 3621 iis
3433 3567 3521 3636 qui
3548 3568 3598 3620 in
3623 3566 3769 3632 Qua-

2177 3661 2477 3732 dragesima
2503 3661 2690 3731 jejunii
2712 3675 2928 3716 cursum
2959 3675 3248 3730 suscepere
3269 3703 3284 3726 ,
3324 3661 3475 3730 quasi
3505 3660 3769 3715 stationes

2177 3760 2234 3808 et
2253 3741 2548 3807 diversoria
2572 3792 2586 3815 ,
2614 3761 2668 3806 ct
2695 3751 2873 3806 littora
2904 3759 2956 3806 et
2980 3760 3183 3821 portus,
3214 3754 3382 3805 hosce
3405 3751 3540 3806 duos
3565 3751 3771 3806 hebdo-

2178 3843 2351 3898 madte
2373 3843 2486 3898 dies
2508 3842 2587 3914 (a)
2619 3844 2878 3898 Dominus
2907 3843 3141 3913 quietem
3185 3842 3406 3913 largitus
3449 3852 3563 3909 est,
3609 3852 3668 3896 ut
3713 3851 3770 3898 et

2178 3934 2396 4004 corpori
2413 3934 2796 4005 aliquantulum
2832 3934 3022 4004 jejunii
3050 3935 3286 3988 laborem
3314 3935 3646 3989 remittentes
3668 3976 3682 4001 ,
3714 3945 3771 3989 et

2178 4027 2411 4081 animam
2442 4035 2769 4092 recreautcs,
2809 4027 3014 4080 exactis
3041 4026 3250 4082 duobus
3297 4025 3403 4080 illis
3442 4025 3665 4090 diebus,
3713 4028 3768 4080 iu

2179 4117 2408 4189 pulchre
2447 4129 2625 4188 empto
2661 4119 2851 4173 itinere
2894 4117 3142 4172 alacriter
3185 4125 3407 4188 pergant
3436 4117 3469 4171 ii
3496 4118 3587 4187 qui
3635 4117 3770 4171 illud

2179 4219 2550 4282 susceperunt.
2595 4212 2708 4282 Age
2734 4211 2895 4281 igitur
2918 4251 2936 4276 ,
2962 4211 3084 4280 quia
3107 4209 3266 4263 hodie
3302 4208 3636 4263 remissionis
3653 4210 3772 4263 dies

2179 4314 2264 4361 est
2283 4346 2302 4372 ,
2339 4304 2738 4360 obsecrabimus
2765 4313 3000 4359 vestram
3022 4304 3326 4368 caritatem,
3350 4313 3411 4357 ut
3433 4318 3623 4372 magna
3643 4303 3770 4358 dili-

2178 4398 2354 4468 gentia
2381 4398 2586 4452 lucrum
2609 4412 2672 4451 ex
2696 4396 2906 4464 jejunio
2923 4395 3203 4450 collectum
3228 4393 3540 4448 custodiatis
3564 4411 3578 4444 :
3602 4401 3659 4448 et
3676 4407 3766 4447 re;

2179 4499 2392 4560 sumpto
2418 4502 2703 4559 parumper
2733 4487 2931 4556 spiritu
2954 4529 2969 4552 ,
3015 4501 3139 4539 mox
3185 4486 3376 4539 iterum
3410 4485 3587 4554 priora
3613 4485 3770 4538 novis

2180 4583 2526 4640 incrementis
2573 4581 2891 4646 cumnletis,
2933 4589 2989 4635 et
3014 4579 3091 4633 sic
3129 4577 3381 4648 paulatim
3411 4577 3478 4631 ad
3508 4577 3770 4646 majorem

2181 4676 2592 4747 negotiationem
2636 4675 2915 4740 instructi,
2961 4673 3015 4727 in
3047 4672 3382 4726 Dominicum
3410 4671 3551 4725 diem
3577 4685 3743 4725 occur

2180 4769 2330 4834 ratis,
2359 4778 2413 4823 et
2441 4768 2772 4838 spiritualem
2801 4773 3031 4820 vestram
3052 4764 3226 4818 navim
3253 4764 3303 4817 in
3333 4773 3542 4833 portum
3569 4774 3772 4818 sancue

2182 4860 2484 4916 festivitatis
2517 4860 2728 4928 plenam
2769 4857 3064 4912 adducatis.
3116 4854 3247 4910 Nam
3276 4855 3412 4909 sicut
3441 4853 3621 4908 omnia
3647 4870 3772 4924 qum

2180 4969 2212 5008 a
2254 4951 2480 5006 Domino
2522 4960 2646 5004 sunt
2688 4949 2824 5004 facta
2847 4989 2864 5015 ,
2907 4949 3044 5002 sicut
3069 4955 3124 5002 ct
3161 4961 3411 5001 sermone
3441 4945 3772 5000 declaratqu

2181 5051 2265 5099 est
2287 5051 2340 5098 et
2366 5058 2454 5097 res
2481 5042 2610 5111 ipsa“:
2635 5051 2920 5106 testantur,
2936 5039 3142 5092 ratione
3169 5047 3224 5092 et
3250 5037 3506 5105 sapientia
3536 5036 3772 5106 quadam

2181 5134 2319 5190 facta
2349 5143 2497 5200 sunt,
2525 5149 2681 5188 usum
2709 5133 3070 5188 necessarium
3095 5131 3400 5186 exbibentia
3433 5148 3445 5183 :
3482 5131 3551 5184 ita
3574 5139 3629 5184 et
3649 5147 3776 5200 qua:

2180 5242 2212 5282 a
2237 5227 2391 5283 nobis
2418 5227 2588 5292 fiunt,
2631 5241 2706 5280 ne
2735 5226 2934 5296 absque
2958 5238 3120 5279 causa
3149 5231 3206 5276 et
3227 5221 3424 5277 frustra
3456 5221 3588 5276 ﬁant
3609 5236 3776 5292 Opor-

2247 5361 2265 5394 ί
2299 5359 2511 5416 Coislin.,
2533 5371 2627 5407 imo
2643 5357 2784 5409 verbo
2806 5363 2850 5408 et
2863 5357 3025 5419 jussu,
3048 5369 3154 5417 pro.
3179 5354 3363 5404 ratione
3380 5354 3610 5419 quodam.

2246 5422 2320 5483 (a)
2361 5439 2383 5468 α
2405 5423 2659 5470 sabbatum
2682 5416 2877 5469 scilicet
2905 5416 3137 5480 diemque
3177 5416 3488 5483 mininicam,
3510 5416 3671 5483 inquit
3687 5422 3774 5462 Sa-

2181 5480 2350 5546 vilius;
2376 5485 2612 5546 Dominica
2645 5483 2870 5546 jejunare
2895 5480 3495 5546 uumquampermissnm.
3523 5486 3572 5525 tn
3595 5481 3773 5526 Orien-

2188 5545 2264 5597 tali
2288 5541 2407 5595 vero
2430 5541 2773 5594 Ecclesia'olim
2812 5552 2906 5591 tam
2942 5554 3078 5590 neas
3107 5542 3310 5589 sabbato
3341 5541 3585 5602 jejunare,
3621 5551 3771 5600 quam

2184 5609 2261 5656 die
2285 5608 2542 5655 Dominica.
2591 5608 2818 5664 tguatius.
2855 5618 2946 5652 seu
2968 5605 3187 5666 quisquis
3224 5600 3404 5666 estqui
3441 5600 3549 5650 illas
3578 5603 3770 5666 scripsit

2184 5667 2429 5739 epistolas,
2454 5681 2564 5739 (piae
2591 5662 2698 5728 ejus
2734 5667 2955 5715 feruntur
2980 5662 3173 5735 nomine
3198 5677 3210 5712 :
3250 5662 3301 5739 si
3321 5662 3438 5739 guis
3467 5663 3674 5739 pentina
3693 5679 3770 5710 me

2184 5723 2313 5779 diem
2334 5739 2418 5781 aut
2433 5723 2703 5783 sabbatum,
2725 5739 2816 5776 uno
2833 5737 3032 5789 excepto
3044 5725 3298 5789 jejunurit,
3319 5725 3362 5777 is
3383 5723 3562 5776 Christi
3583 5735 3766 5772 UCCtauI‘

2185 5800 2272 5853 est,
2295 5795 2436 5855 Epist.
2463 5794 2493 5842 8
2516 5792 2576 5841 ad
2599 5790 2950 5854 Philippenses.
2977 5805 3000 5834 ι
