4040 6378
169 325 229 380 9|
1416 320 1481 376 IN
1527 318 1681 376 CAP.
1721 315 1744 370 ι
1781 311 2024 370 GENEb.
2070 312 2299 372 BOMIL.
2345 311 2432 367 XI.
3535 314 3606 370 92

168 441 330 495 τοῦτο
379 437 639 510 βούλομαι
699 437 934 509 σήμερον
987 438 1352 510 ἀφελεστέραν
1406 439 1535 510 ὑμῖν
1585 454 1612 482 ιι
1662 455 1838 508 παρα-

172 525 348 578 θεῖναι
395 519 760 575 διδασκαλίαν.
818 520 1084 592 Καθάπερ
1137 521 1246 591 γὰρ
1291 522 1352 574 τὸ
1401 523 1560 593 σῶμα
1607 521 1712 576 ὑπὸ
1740 520 1842 588 τῆς

172 611 430 681 νηστείας
458 606 829 676 κατεσκληκὸς
862 607 1030 660 δεῖται
1065 610 1264 678 μικρᾶς
1302 609 1560 671 ἀνέσεως,
1605 609 1671 661 ἵν’
1702 607 1844 659 οὕτω

177 698 339 752 πάλιν
362 695 688 767 ἀκμαζούσῃ
732 697 798 765 τῇ
828 694 1106 766 προθυμίᾳ
1136 695 1271 766 πρὸς
1307 696 1432 758 τοὺς
1464 699 1561 765 τῆς
1592 694 1841 766 νηστείας
1870 703 1911 772 ιι

177 785 397 854 ἀγῶνας
428 782 860 853 ἐπαποδύσηταιο
900 781 1042 836 οὑτω
1065 784 1158 836 καὶ
1196 784 1230 853 ή
1260 782 1406 854 ψυχὴ
1432 782 1621 855 χρῄζει
1661 782 1843 835 διαναο

177 869 449 924 παύεσθαι
479 868 576 921 καὶ
624 865 888 922 ἀνίεσθαι.
921 865 1058 919 Οὔτε
1097 865 1206 936 γάρ
1231 866 1320 919 ἀεὶ
1351 866 1686 920 κατατείνειν
1711 864 1841 936 χρὴ,

173 956 295 1011 οὔτε
327 955 391 1008 δέ
429 953 665 1016 ἀνιέναι,
695 953 830 1007 ἀλλά
855 953 985 1006 ποτέ
1020 953 1119 1023 μὲν
1177 951 1356 1017 τοῦτο,
1411 953 1540 1006 ποτέ
1573 953 1629 1006 δέ
1670 952 1845 1004 ἐκεῖνο

174 1045 375 1104 ⁴ιιποιεῖν,
403 1042 502 1095 καὶ
520 1040 693 1104 οὕτως
733 1041 968 1111 ἡνιοχεῖν
990 1040 1082 1093 καὶ
1108 1041 1207 1111 τῆς
1233 1039 1412 1111 ψυχῆς
1442 1039 1540 1110 τὴν
1571 1039 1843 1092 κατάστα-

175 1147 278 1194 σιν,
311 1130 412 1183 καὶ
431 1131 534 1200 τῆς
560 1127 760 1198 σαρκὸς
773 1127 842 1180 τά
867 1128 896 1167 ι’
926 1129 1285 1198 σκιρτήματα.
1320 1127 1530 1194 ’Ὠσπερ
1561 1127 1666 1198 γάρ
1686 1127 1744 1179 τὸ
1760 1127 1845 1180 ἀεὶ

174 1213 517 1268 κατατείνειν
544 1214 657 1275 τοῖς
684 1211 866 1274 πόνοις
889 1212 1203 1265 ἀποκναίειν
1220 1213 1363 1265 ποιεῖ
1387 1213 1479 1266 καὶ
1501 1211 1842 1265 ἀναπίπτειν·

175 1298 315 1350 οῦτω
342 1295 404 1348 τὺ
431 1294 696 1366 διηνεκῶς
740 1293 944 1348 ἀνιέναι
973 1295 1052 1357 είς
1083 1295 1353 1366 ρᾳθυμίαν
1375 1296 1517 1363 ἄγει.
1551 1295 1721 1348 Τοῦτο
1751 1295 1846 1348 καί⁸

178 1382 266 1434 ἐπὶ
289 1381 392 1451 τῆς
419 1379 622 1449 ψυχῆς.
654 1380 746 1432 καὶ
774 1379 868 1430 ἐπὶ
896 1379 991 1432 τοῦ
1020 1378 1268 1450 σώματος
1297 1381 1591 1450 συμϐαῖνον
1623 1379 1719 1431 ίδοι
1760 1396 1844 1442 τις

177 1463 259 1518 ἂν.
297 1461 576 1514 Διάτοῦτο
598 1459 873 1530 πανταχοῦ
917 1461 950 1529 ή
990 1460 1296 1530 συμμετρία
1342 1460 1522 1514 καλόν.
1559 1460 1668 1513 Kal
1690 1459 1846 1513 τοῦτο

176 1546 304 1598 αὑτὺ
324 1545 571 1597 διδάσκει
597 1544 745 1614 ἡμᾶς
782 1551 804 1577 ο
856 1543 884 1596 6
909 1541 1014 1594 τῶν
1046 1541 1184 1595 ὅλων
1229 1542 1384 1606 Θεὸς,
1414 1543 1508 1596 καὶ
1555 1542 1620 1595 δι’
1668 1542 1846 1594 αὐτῶν

175 1627 282 1680 τῶν
317 1625 844 1696 δημιουρημάτων,
897 1623 934 1678 ἃ
963 1623 1099 1694 πρὸς
1127 1623 1225 1694 τὴν
1271 1625 1544 1696 ἡμετέραν
1587 1623 1846 1676 σύστασιν

178 1712 492 1781 παρήγαγε.
547 1708 656 1760 Kal
690 1708 776 1761 ἵνα
812 1707 1038 1778 μάθητε,
1075 1708 1167 1760 ἐπὶ
1222 1708 1320 1778 τῆς
1373 1708 1587 1778 ἡμέρας
1618 1707 1711 1760 καὶ
1747 1707 1847 1776 τῆς

178 1794 387 1856 νυκτὸς,
416 1789 515 1843 τοῦ
542 1789 720 1858 φωτὸς
743 1789 886 1856 λέγω
917 1789 1010 1842 καὶ
1035 1788 1130 1841 τοῦ
1154 1788 1398 1852 σκότους,
1430 1787 1523 1842 τὸν
1552 1789 1710 1857 λόγον
1755 1804 1847 1855 γυο

181 1872 497 1941 μνάσωμεν.
535 1868 750 1937 Ἐπειδὴ
780 1867 888 1937 γάρ
917 1867 1018 1936 τὴν
1060 1867 1158 1938 μὲν
1181 1867 1392 1938 ἡμέραν
1427 1865 1703 1938 ἀφώρισεν
1759 1865 1846 1920 ἐπ’

180 1953 414 2023 ἐργασία
449 1953 521 2020 τῇ
555 1949 666 2003 τῶν
697 1948 1000 2021 ἀνθρώπων
1021 1948 1198 2017 φύσει,
1227 1949 1288 2004 τὸ
1308 1950 1364 2002 δὲ
1385 1949 1485 2020 τῆς
1517 1949 1712 2013 νυκτὸςΔ
1732 1949 1850 2003 σκό-

180 2054 269 2101 τος
297 2037 378 2098 είς
425 2034 612 2088 ἄνεσιν
656 2033 750 2086 καὶ
793 2033 1082 2104 ἀνακωχὴν
1131 2032 1239 2086 τῶν
1269 2033 1476 2098 πόνων,
1524 2033 1698 2106 μέτρα
1752 2034 1848 2087 καὶ

180 2121 334 2191 ὄρους
365 2115 650 2187 ἑκατέροις
696 2113 914 2186 ἔπηξεν,
953 2114 1093 2168 ὥστε
1142 2115 1236 2168 καὶ
1275 2115 1520 2179 ἃπαντας
1565 2116 1712 2186 ήμᾶς
1748 2115 1848 2184 τῆς

182 2197 388 2251 ἐκεῖθεν
447 2193 769 2265 εὐεργεσίας
809 2193 1123 2251 ἀπολαύειν.
1180 2193 1304 2246 Ὅτι
1339 2194 1449 2264 γάρ
1497 2193 1558 2247 τὸ
1593 2195 1707 2264 φῶς
1751 2196 1848 2264 τῆς

182 2279 444 2347 ἡμερινῆς
473 2273 731 2345 ἐργασίας
769 2274 886 2326 ἐστὶ
931 2273 1140 2345 καιρὸς,
1197 2274 1361 2329 ἄκουε
1413 2274 1506 2328 τοῦ
1556 2276 1720 2329 Δαυῖδ
1757 2277 1847 2330 λέ-

183 2358 820 2430 γοντος,Ἑξε.1εύσει-αι
851 2355 1158 2426 ἄνθρωπος
1211 2357 1309 2410 ἐπὶ
1345 2359 1411 2411 τὸ
1440 2359 1615 2428 ἔργον
1641 2358 1847 2423 αὐτοῦ,

184 2445 275 2496 καὶ
309 2441 408 2495 ἐπὶ
438 2439 558 2507 τὴν
590 2440 878 2508 ἐργασίαν
904 2440 1112 2502 αὐτοῦ,
1150 2439 1258 2506 ἕως
1285 2440 1564 2510 ἑσπέρας.
1594 2443 1704 2495 Καὶ
1750 2459 1850 2496 κα-

185 2526 288 2588 λιίς
315 2519 491 2587 εἶπεν,
515 2523 670 2586 Ἕως
693 2521 972 2589 ἑσπέρας·
1010 2522 1417 2594 καταλαϐούσης
1443 2524 1551 2596 γάρ
1574 2525 1671 2595 τῆς
1698 2526 1852 2578 ἐσπέ-

187 2625 303 2678 ρας,
330 2605 390 2658 τὸ
421 2603 541 2672 φῶς
564 2604 857 2674 ὑποχωρεῖ,
882 2604 978 2658 καὶ
1001 2604 1223 2657 ἐπελθὸν
1244 2605 1304 2657 τὸ
1327 2605 1512 2668 σκότος
1532 2608 1868 2678 κατακοιμί--

184 2689 267 2754 ζει
288 2690 391 2756 τὴν
423 2686 776 2757 ἀνθρωπίνην
807 2685 986 2755 φύσιν,
1019 2687 1111 2739 καὶ
1152 2686 1214 2738 τὸ
1235 2687 1394 2757 σῶμα
1415 2688 1716 2756 πεπονηκὸς
1737 2689 1852 2742 δια-

184 2769 438 2828 ναπαύει,
474 2769 568 2820 καὶ
593 2767 692 2830 τὰς
739 2767 1021 2838 αἰσθήσεις
1061 2767 1278 2832 ἁπάσας
1304 2768 1505 2837 ἀνίησι,
1552 2769 1646 2824 καὶ
1683 2771 1852 2824 καθά-

186 2851 505 2923 περτροφὸς
521 2850 716 2920 ἀρίστη
736 2849 808 2902 τά
830 2849 1157 2921 αἰσθητήρια
1177 2851 1391 2904 ἅπαντα
1407 2854 1474 2922 τῇ
1506 2853 1634 2924 παρ’
1655 2853 1852 2924 ἑαυτῆς

187 2935 476 3006 ἐπιμελείᾳ
518 2935 630 2988 τῶν
677 2933 856 2987 πόνων
894 2933 1011 3006 [85]
1057 2933 1292 2988 καὶτῶν
1332 2935 1593 3005 καμάτων
1622 2936 1849 2991 ἀνιεῖσα.

198 3017 451 3071 Ἐπειδὰν
474 3017 530 3070 δὲ
557 3016 818 3088 πληρωθῇ
847 3018 945 3088 τῆς
977 3018 1170 3080 νυκτὸς
1202 3018 1264 3071 τὸ
1296 3019 1511 3090 μέτρον.
1554 3021 1854 3091 ἐπιστάσης

186 3099 398 3173 τῆςτοῦ
429 3100 608 3170 φωτὸς
636 3100 937 3171 παρουσίας
971 3100 1066 3154 καὶ
1101 3101 1465 3172 διεγειράσης,
1503 3105 1854 3174 παρασκευάρ

187 3184 269 3249 ζει
303 3181 686 3254 ἀκμαζούσαις
711 3186 830 3248 ταῖς
860 3183 1146 3254 αἰσθήσεσι
1205 3185 1528 3254 προσϐαλεῖν
1554 3189 1674 3248 ταῖς
1700 3187 1855 3257 ήλια-

186 3270 309 3331 καῖς
353 3268 558 3330 ἀκτῖσι,
603 3267 697 3320 καὶ
721 3283 829 3320 των
864 3267 1110 3336 συνήθων
1165 3268 1342 3340 ἔργων
1370 3270 1635 3324 ἅπτεσθαι
1685 3273 1856 3343 νεαρᾷ

187 3353 280 3406 καὶ
307 3349 506 3420 ζεούσῃ
536 3351 604 3420 τῇ
629 3349 1110 3422 προθυμία.Τοῦτο
1141 3354 1234 3405 καὶ
1262 3353 1354 3406 ἐπὶ
1386 3354 1494 3407 τῶν
1520 3355 1740 3426 τροπῶν
1759 3357 1853 3409 τοῦ

187 3431 434 3486 ἐνιαυτοῦ
463 3431 611 3484 ἐστιν
642 3431 766 3484 ἰδεῖν
791 3434 1175 3501 γεγενημένον.
1208 3435 1311 3488 Τὸν
1341 3435 1450 3507 γὰρ
1478 3437 1718 3508 χειμῶνα
1744 3437 1858 3492 δια-

185 3517 399 3586 δέχεται
439 3516 564 3586 ἕαρ,
593 3515 688 3569 καὶ
737 3514 907 3579 οὕτως
939 3517 1259 3595 ἐπιστάντος
1286 3517 1310 3557 δ
1335 3518 1430 3572 τοῦ
1461 3519 1652 3592 θέρους
1684 3538 1856 3574 κατα-

187 3599 454 3669 λαμϐάνει
485 3600 545 3652 τὸ
570 3599 901 3671 μετόπωρον,
929 3600 1016 3653 ἵνα
1032 3603 1098 3670 τῇ
1134 3601 1400 3673 ἐναλλαγῇ
1429 3603 1527 3672 τῆς
1549 3603 1658 3656 τῶν
1679 3605 1855 3676 ἀέρων

188 3685 440 3753 κράσεως
469 3681 865 3752 διαναπαύηται
893 3683 1049 3753 ήμῶν
1069 3684 1137 3736 τὰ
1169 3684 1416 3755 σώματα,
1454 3687 1546 3739 καὶ
1588 3687 1723 3757 μήτε
1765 3687 1859 3740 ἐπὶ

187 3768 352 3822 πλέον
376 3767 458 3837 τῷ
483 3765 679 3839 κρυμῷ
700 3766 1018 3837 πηγνύμενα
1031 3766 1426 3838 διαφθείρηται,
1457 3769 1594 3840 μήτε
1624 3769 1728 3823 ὑπὸ
1756 3772 1856 3841 τῆς

187 3849 283 3904 τοῦ
317 3849 512 3921 θέρους
544 3849 900 3921 σφοδρότητος
929 3851 1022 3902 ἐπὶ
1051 3849 1186 3904 πολὺ
1217 3849 1617 3921 θερμαινόμενα
1642 3852 1859 3924 διαλύη-

185 3948 276 3986 ται
300 3949 315 3960 ·
367 3934 460 3987 διὰ
501 3932 660 3986 τοῦτο
708 3933 1139 4005 ἐγγυμνάζεσθαι
1185 3933 1589 4005 παρασκευάζει
1620 3935 1726 4006 πρὸ
1759 3937 1857 4007 μὲν

186 4013 282 4066 τοῦ
313 4014 585 4084 χειμῶνος
611 4013 691 4083 τῷ
718 4013 1037 4085 μετοπώρῳ,
1064 4014 1170 4084 πρὸ
1197 4013 1253 4066 δὲ
1273 4011 1364 4067 τοῦ
1394 4013 1582 4086 θέρους
1605 4015 1685 4086 τῷ
1709 4014 1854 4088 ἔαρι.

190 4097 301 4151 Kal
334 4098 388 4150 εί
413 4115 498 4160 τις
527 4097 885 4167 εὐγνωμόνως
912 4097 1127 4151 ἅπαντα
1155 4100 1377 4151 σκοπεῖν
1401 4096 1663 4167 βούλοιτο,
1699 4100 1860 4171 εὑρή-

192 4197 274 4233 σει
307 4182 367 4233 ἐν
394 4180 572 4234 ἅπασι
602 4183 714 4243 τοῖς
739 4179 1184 4251 δημιουργηθεῖσι
1216 4181 1368 4247 τάξιν
1405 4179 1526 4234 τινὰ
1554 4182 1649 4236 καὶ
1676 4180 1855 4249 λόγον,

190 4261 285 4312 καὶ
313 4262 471 4314 οὑδέν
514 4261 701 4324 ἀπλῶς
747 4262 842 4315 καὶ
885 4262 1009 4331 εἰκῆ
1035 4263 1416 4334 γεγενημένον.
1449 4263 1619 4318 Τοῦτο
1646 4267 1739 4319 καὶ
1765 4267 1860 4320 ἐπὶ

191 4344 298 4395 τῶν
330 4345 664 4416 σπερμάτων
692 4343 802 4397 τῶν
837 4346 902 4397 ἐκ
931 4345 1032 4413 τῆς
1074 4345 1179 4414 γῆς
1225 4347 1620 4418 ἀναδιδομένων
1663 4349 1730 4403 ἄν
1777 4368 1860 4415 τις

194 4425 421 4480 κατωοι.
455 4426 593 4480 Οὔτε
617 4427 728 4497 γάρ
755 4427 898 4482 κατά
939 4429 1031 4480 τὸν
1071 4429 1234 4482 αὑτὸν
1259 4431 1450 4500 καιρὸν
1477 4429 1693 4485 ἅπαντα
1717 4433 1860 4486 ἐκδί-

194 4508 354 4562 δωσιν
401 4511 437 4580 ή
483 4511 576 4578 γῆ,
605 4508 729 4563 οὔτε
757 4513 786 4564 6
816 4511 980 4574 αὑτὸς
1022 4513 1212 4582 καιρὸς
1242 4513 1544 4584 ἐπιτήδειος
1577 4515 1715 4586 πρὸς
1761 4517 1862 4587 τὴν

196 4593 512 4662 ἐπιμέλειαν
541 4592 651 4648 τῶν
676 4593 734 4660 ἐξ
762 4593 931 4664 αὑτῆς
961 4594 1363 4664 βλαστανόντων
1381 4614 1394 4628 ·
1424 4597 1538 4649 ἀλλ’
1565 4608 1588 4636 θ
1617 4595 1724 4650 οἵδε
1770 4598 1862 4651 τὸν

198 4676 503 4748 ἁρμόζοντα
537 4677 729 4748 καιρὸν
760 4679 788 4732 6
813 4679 1072 4748 γηπόνος,
1099 4679 1249 4750 παρὰ
1279 4679 1380 4749 τῆς
1407 4679 1502 4732 τοῦ
1531 4680 1666 4733 Θεοῦ
1695 4680 1864 4733 δοθεί-

199 4775 297 4827 σης
328 4758 518 4827 σοφίας
549 4759 705 4813 τοῦτο
749 4759 1104 4830 μεμαθηκὼς,
1133 4762 1227 4814 καὶ
1255 4762 1541 4815 ἐπίσταται
1587 4762 1714 4815 πότε
1765 4763 1863 4833 μὲν

197 4839 274 4892 δεῖ
317 4841 386 4894 τά
432 4839 728 4912 σπέρματα
772 4842 1120 4905 καταϐαλεῖν,
1151 4843 1282 4894 πότε
1310 4843 1364 4896 δὲ
1395 4843 1502 4895 τῶν
1531 4843 1759 4914 δένδρων
1797 4843 1862 4896 τὰ

199 4923 341 4988 φυτά
365 4923 462 4974 καὶ
495 4923 596 4989 τῆς
626 4923 871 4992 ἀμπέλου
900 4926 1012 4986 τοῖς
1036 4923 1255 4986 κόλποις
1283 4926 1381 4994 τῆς
1411 4923 1515 4993 γῆς
1543 4940 1863 4995 παρακατα-

201 5003 410 5070 θέσθαι,
450 5006 547 5058 καὶ
592 5005 721 5060 πότε
759 5007 857 5075 μέν
904 5005 1092 5077 θήγειν
1133 5008 1231 5077 τὴν
1272 5006 1544 5079 δρεπάνην
1593 5007 1728 5076 πρός
1772 5007 1865 5059 τὸν

201 5088 432 5158 ἀμητδν,
472 5089 606 5141 πότε
647 5089 705 5142 δέ
744 5092 835 5142 τὸν
880 5091 1092 5161 καρπόν
1140 5091 1243 5163 τῆς
1276 5091 1522 5160 ἀμπέλου
1549 5089 1861 5162 δρέπεσθαι,

201 5172 292 5224 καὶ
325 5174 454 5235 τοὺς
486 5171 718 5242 βότρυας
741 5173 1045 5244 ἐκτέμνειν,
1073 5175 1167 5228 καὶ
1195 5175 1335 5228 κατά
1363 5177 1514 5227 ποῖον
1550 5175 1740 5245 καιρὸν
1767 5175 1860 5226 ἐκ-

200 5252 377 5323 λέγειν
429 5256 526 5326 τῆς
571 5256 754 5321 ἐλαίας
783 5255 809 5294 τ’
844 5257 933 5313 τὸν
960 5260 1188 5329 καρπόν.
1217 5259 1326 5313 Καὶ
1350 5259 1621 5330 εὑρήσεις,
1661 5259 1710 5310 εί
1745 5257 1866 5329 βού-

264 5457 291 5524 .'
316 5454 524 5524 Quid?!"
547 5469 659 5524 ωερε
689 5459 895 5524 σήμερον
917 5461 1208 5524 σαφεστέραν
1224 5461 1350 5524 091v-

263 5516 292 5556 1³
314 5515 519 5582 COiinn.
552 5520 638 5582 καὶ
667 5515 768 5582 του
797 5515 1018 5582 σώματος
1055 5515 1137 5571 τάί
1159 5515 1266 5572 Mai
1298 5523 1587 5582 ἀποκναίειν,
1610 5535 1699 5572 vox
1727 5528 1867 5574 certe

193 5577 298 5641 με
319 5592 410 5628 nan
433 5579 637 5641 imm:
660 5577 906 5630 ἀποκναίει
925 5584 1007 5630 καὶ
1027 5583 1153 5632 ποιεῖ
1172 5585 1458 5634 ἀναπίπτειν.

267 5643 290 5672 ε
315 5640 526 5710 (hisiis;
545 5644 600 5688 et
619 5641 802 5710 ³1ίὶκᾴ
821 5641 968 5710 maga
981 5643 1100 5710 «616‘
1115 5647 1349 5696 παιδεύων
1369 5650 1506 5710 ἡμᾶς.
1534 5645 1641 5695 Mox
1666 5644 1868 5696 Coislin.

209 5702 266 5751 δι’
278 5701 450 5766 εῴ-τῶν
465 5701 564 5766 τῶν
592 5703 880 5766 πραγμάτων
911 5705 1136 5766 ἀκριϐῶς.

268 5761 298 5802 δ
319 5762 451 5811 Fort.

273 5825 300 5894 ξ
324 5825 478 5894 Αὑτῇς
492 5823 856 5894 ἀναδιδᾳιένοξν,
876 5825 1009 5894 ἀλλ’,
1025 5826 1097 5875 sic
1123 5824 1322 5877 Coislin.

275 5883 298 5925 ί
321 5883 519 5936 Cois'lin.
543 5888 596 5934 et
620 5883 748 5934 alius
764 5891 848 5944 τῆς
867 5885 1097 5948 ἀμπέλου.

636 6003 906 6064 ΡΔτιιοι..
939 6004 1056 6063 Gn.
1098 6000 1254 6062 LIII.

1952 430 2070 482 λοιο
2122 429 2261 484 κατά
2317 428 2481 499 μέρος
2509 426 2880 498 διερευνᾶσθαι
2921 432 3093 481 ταῦτα
3144 430 3376 490 ἅπαντα,
3410 427 3608 501 πολλὴν

1952 509 2140 576 σοφίαν
2167 507 2261 562 καὶ
2286 507 2436 577 παρά
2469 507 2582 570 τοῖς
2630 505 2728 576 τὴν
2764 505 2868 575 γῆν
2895 504 3280 576 ἐργαζομένοις
3327 507 3596 561 ἐναποκει-

1951 587 2138 656 μένην.
2184 587 2292 639 Kal
2339 587 2435 638 οὑκ
2471 584 2563 637 ἐπὶ
2605 585 2708 654 τῆς
2743 584 2844 655 γῆς
2874 583 3032 636 τοῦτο
3063 585 3208 637 ἐστιν
3257 583 3382 636 ἰδεῖν
3427 586 3609 654 μόνον,

1949 663 2086 717 ἄλλά
2130 667 2224 717 καὶ
2268 663 2360 716 ἐπὶ
2391 663 2487 732 τῆς
2517 661 2808 732 θαλάσσης.
2856 663 2964 716 Kal
3013 662 3122 734 γὰρ
3167 663 3402 716 ἐνταῦθα
3448 664 3612 718 πάλιν

1949 743 2143 814 ἑτέραν
2181 742 2500 813 θαυμαστὴν
2523 744 2713 812 σοφίαν
2739 743 2883 795 ἐστιν
2910 743 3054 797 ἰδεῖν.
3087 741 3207 796 υἷδε
3233 743 3341 815 γὰρ
3372 745 3399 796 ό
3423 745 3612 816 κυϐερ-

1948 825 2136 894 νήτης,
2164 823 2295 876 πότε
2321 823 2402 876 δεῖ
2429 822 2757 877 καθελκύσαι
2797 823 2861 876 τὸ
2900 823 3101 888 πλοῖον,
3131 824 3223 876 καὶ
3256 824 3320 876 ἐκ
3344 823 3438 875 τοῦ
3469 823 3613 895 λιμέ-

1947 919 2038 966 νος
2064 901 2333 964 ἐκϐαλεῖν,
2364 906 2459 956 καὶ
2488 903 2556 956 τά
2587 903 2794 974 πελάγη
2827 904 3235 975 περαιώσασθαι
3257 906 3304 958 ⁸.
3344 905 3454 957 Καὶ
3483 904 3613 958 πολ-

1948 980 2047 1050 λὴν
2080 981 2312 1051 μάλιστα
2347 981 2498 1052 παρά
2525 980 2730 1044 τούτοις
2761 981 2907 1034 ἐστιν
2938 981 3064 1035 ἰδεῖν
3089 983 3186 1052 τὴν
3217 979 3451 1046 σύνεσιν,
3489 984 3608 1052 ἦνθε

1949 1060 2041 1112 τοῦ
2071 1059 2204 1113 Θεοῦ
2237 1061 2398 1130 σοφία
2439 1060 2732 1114 ἐναπέθετο
2781 1063 2850 1131 τῇ
2901 1061 3225 1132 ἀνθρωπίννδ
3266 1061 3446 1118 φύσει.
3477 1061 3612 1114 Ούδὲ

1949 1139 2058 1210 γὰρ
2106 1138 2277 1203 οὑτως
2323 1141 2370 1192 οἰ
2417 1139 2514 1202 τὰς
2546 1139 2853 1209 λεωφόρους
2896 1138 3266 1210 διατρέχοντες
3298 1138 3444 1192 ίσασι
3477 1139 3614 1207 μετά

1950 1217 2231 1287 ἀκριϐείας
2276 1217 2375 1282 τάς
2421 1219 2762 1288 ἀτραποὺςδ,
2797 1219 2872 1282 ὡς
2917 1214 3060 1272 οὗτοι
3108 1219 3158 1272 οἳ
3206 1219 3262 1270 ἐν
3310 1221 3420 1280 τοῖς
3451 1217 3608 1270 ὑδασι

1955 1297 2091 1366 μετὰ
2117 1297 2414 1365 ἀσφαλείας
2445 1300 2543 1368 τὴν
2573 1298 2795 1366 πορείαν
2819 1297 3112 1351 ποιοῦνται.
3137 1296 3226 1348 Διὸ
3249 1296 3393 1368 καὶὴ
3418 1296 3609 1367 Γραφὴ

1952 1374 2358 1447 ἐκπληττομένη
2388 1376 2486 1446 τὴν
2520 1375 2960 1446 ὑπερϐάλλουσαν
2994 1374 3086 1428 τοῦ
3114 1375 3248 1427 Θεοῦ
3283 1377 3468 1441 σοφίαν
3491 1374 3609 1426 ἕλε-

1951 1471 2045 1521 γεν
2065 1471 2078 1484 ·
2128 1454 2188 1507 ’0
2221 1454 2362 1520 δοὺς
2384 1456 2454 1508 ἐν
2477 1454 2756 1522 θαλάσσῃ
2786 1455 2947 1519 ὁδὸν,
2979 1455 3076 1508 καὶ
3101 1456 3170 1508 ἐν
3191 1454 3360 1508 ὕδατι
3386 1453 3614 1524 ἰσχυρῷ

1952 1534 2170 1599 τρίϐον.
2210 1534 2367 1597 Ποῖος
2394 1532 2726 1604 ἀνθρώπινος
2758 1534 3013 1604 λογισμὸς
3035 1533 3256 1587 δύναται
3287 1533 3460 1586 ταῦτα
3485 1549 3610 1586 κατ-

1954 1611 2117 1677 ιδεῖν;
2155 1613 2310 1664 Κατὰ
2358 1612 2448 1664 τὸν
2492 1612 2652 1665 αὑτὸν
2679 1613 2833 1680 λόγον
2865 1612 3015 1684 εὑροι
3059 1630 3144 1676 τις
3187 1613 3255 1666 ἂν
3306 1613 3400 1665 καὶ
3444 1614 3500 1664 ἐν
3547 1611 3614 1680 τῇ

1955 1689 2252 1761 μεταλήψει
2279 1692 2376 1761 τῆς
2407 1691 2614 1761 τροφῆς
2662 1693 2758 1760 τῆς
2805 1690 3152 1760 ἀνθρωπίνης
3177 1689 3346 1744 ταῦτα
3372 1690 3613 1742 διατετα-

1951 1768 2145 1838 γμένα.
2183 1770 2292 1822 Kal
2322 1769 2431 1841 γάρ
2460 1769 2580 1822 καθ’
2603 1770 2832 1822 ἕκαστον
2867 1768 3076 1839 καιρὸν,
3109 1769 3205 1822 καὶ
3235 1768 3356 1822 καθ’
3381 1768 3616 1837 ἐκάστην

1951 1848 2157 1920 τροπὴν
2181 1850 2274 1902 τοῦ
2306 1848 2570 1906 ἐνιαυτοῦ.
2591 1849 2878 1920 διαφόρους
2902 1851 3035 1918 ἡμῖν
3054 1846 3259 1919 τροφάς
3283 1848 3311 1899 6
3334 1846 3612 1914 Δεσπότης

1953 1926 2276 1998 κεχάρισται
2300 1944 2314 1959 ο
2357 1927 2451 1981 καὶ
2482 1926 2731 1998 καθάπερ
2778 1926 2973 1998 ἀρίστη
3021 1926 3238 1997 τροφὸς.
3273 1923 3445 1988 οὕτως
3477 1927 3510 1995 ἡ
3541 1923 3616 1993 γῆ

1952 2012 2020 2060 τά
2045 2005 2174 2077 παρ’
2197 2006 2395 2076 ἑαυτῆς
2426 2007 2558 2076 ήμῖν
2590 2007 2909 2078 δωροφορεῖ,
2933 2005 3014 2078 τῷ
3037 2005 3370 2075 ἐπιτάγματι
3395 2003 3490 2058 τοῦ
3522 2004 3617 2076 δη-

1959 2104 2081 2156 μιου
2091 2085 2219 2156 ργοῦ
2257 2085 2524 2156 ὑπηρετου
2532 2086 2688 2157 μένη.

2028 2164 2093 2234 β’.
2113 2165 2250 2217 Ἀλλ’
2286 2165 2372 2218 ἵνα
2399 2164 2472 2235 μὴ
2494 2165 2586 2217 ἐπὶ
2619 2163 2780 2217 πλέον
2808 2163 2995 2218 τοῦτον
3026 2162 3252 2218 ἐκτείνω
3281 2165 3297 2204 ί
3328 2162 3615 2229 τὸνλόγον,

1954 2243 2160 2308 ἔξεστιν
2211 2243 2339 2313 ὑμῖν
2389 2245 2630 2306 συνετοῖς
2669 2237 2788 2296 οὖσι
2816 2242 2885 2296 τά
2917 2243 3077 2298 λοιπά
3108 2242 3322 2296 ἅπαντα
3363 2241 3619 2308 ἀναλέγε-

1956 2322 2098 2374 σθαι.
2128 2320 2243 2394 [84]
2275 2321 2450 2375 Δίδου
2479 2323 2609 2394 γὰρ,
2651 2323 2801 2392 φησὶ,
2830 2322 2999 2392 σοφῷ
3035 2322 3333 2391 ἀφορμὴν,
3371 2320 3470 2375 καὶ
3513 2335 3616 2373 σο·

1955 2399 2213 2468 φώτερος
2255 2401 2444 2454 ἔσται.
2477 2400 2609 2453 Οὐδὲ
2655 2400 2765 2469 γάρ
2810 2401 2902 2452 ἐπὶ
2945 2400 3046 2470 τῆς
3092 2400 3364 2470 ⁴ήμετέρας
3412 2397 3620 2470 τροφῆς

1955 2477 2111 2530 τοῦτο
2146 2477 2304 2546 μόνον
2333 2478 2476 2532 ἔστιν
2506 2477 2652 2543 ἰδεῖν,
2679 2477 2813 2531 ἀλλὰ
2845 2480 2936 2532 καὶ
2977 2479 3071 2532 ἐπὶ
3115 2479 3213 2549 τῆς
3252 2479 3358 2531 τών
3386 2478 3614 2545 ἀλόγων.

1955 2557 2066 2610 Καὶ
2121 2555 2430 2626 δυνήσεσθε,
2471 2559 2519 2609 εἰ
2559 2555 2903 2627 βουληθείητε
2929 2597 2943 2620 ,
2984 2559 3079 2609 καὶ
3131 2560 3196 2610 ἐκ
3245 2557 3454 2609 πολλῶν
3506 2556 3620 2608 ἐτέ-

1959 2653 2066 2706 ρων
2103 2635 2514 2705 διερευνώμενοι
2551 2635 2887 2706 καταμαθεῖν
2924 2635 3018 2687 τοῦ
3058 2635 3440 2705 άριστοτέχνου
3481 2633 3618 2687 Θεοῦ

1954 2714 2054 2784 τὴν
2089 2715 2292 2782 ἄφατον
2331 2715 2518 2783 σοφίαν
2541 2757 2555 2779 ,
2595 2716 2689 2768 καὶ
2725 2716 2824 2786 τὴν
2862 2715 3303 2787 ὑπερϐάλλουσαν
3341 2715 3612 2784 ἀγαθότη-

1957 2809 2058 2854 τα,
2100 2793 2192 2846 καὶ
2227 2793 2303 2856 ὼς
2337 2793 2566 2846 ἕκαστον
2601 2793 2710 2846 τῶν
2748 2796 3125 2865 γεγενημένων
3162 2794 3303 2863 λόγῳ
3339 2795 3444 2847 τινὶ
3483 2811 3618 2863 παρα

1958 2871 2097 2940 ήχθη
2116 2869 2129 2920 i
2149 2910 2163 2923 .
2187 2871 2342 2924 Κατὰ
2359 2871 2421 2924 τὸ
2439 2872 2571 2924 αὑτὸ
2589 2872 2767 2928 τοίνυν
2791 2875 2884 2926 καὶ
2901 2875 2992 2925 ἐπὶ
3006 2871 3100 2924 τοῦ
3121 2872 3314 2944 καιροῦ
3338 2873 3434 2942 τῆς
3455 2872 3618 2939 ἁγίας

1958 2949 2406 3020 Τεσσαρακοστῆς
2455 2951 2759 3021 εὑρήσομεν
2815 2951 2910 3005 νῦν
2948 2953 3078 3022 ήμῖν
3128 2950 3616 3018 διατετυπωμένον.

1959 3028 2226 3098 Καθάπερ
2256 3029 2364 3098 γὰρ
2395 3029 2456 3080 ἐν¹
2480 3030 2600 3091 ταῖς
2617 3029 2907 3101 λεωφόροις
2933 3030 3041 3082 εἰσὶ
3068 3029 3300 3098 σταθμοὶ
3360 3029 3456 3080 καὶ
3485 3043 3620 3082 κατ-

1959 3104 2192 3173 αγώγια,
2219 3103 2359 3157 ὥστε
2396 3106 2520 3170 τοὺς
2551 3105 2729 3171 όδίτας
2777 3107 3124 3178 κεκμηκότας
3170 3105 3620 3168 διαναπαύεσθαι,

1959 3184 2055 3236 καὶ
2099 3183 2208 3236 τῶν
2261 3183 2439 3236 πόνων
2488 3185 2785 3255 λήγοντας,
2831 3183 2972 3238 οὑτω
3027 3184 3188 3238 πάλιν
3225 3183 3492 3238 ἅπτεσθαι
3524 3183 3622 3252 τῆς

1959 3261 2294 3333 ὁδοιπορίας,
2336 3263 2430 3315 καὶ
2465 3263 2522 3314 ἐν
2567 3266 2630 3334 τῇ
2671 3263 2914 3335 θαλάσσῃ
2955 3263 3010 3316 ἃ
3050 3265 3214 3318 ἀκταὶ
3261 3263 3356 3317 καὶ
3389 3263 3624 3331 αἰγιαλοὶ

1960 3342 2056 3394 καὶ
2082 3341 2299 3412 λιμένες
2330 3342 2488 3405 εἰσὶν,
2511 3341 2650 3394 ὥστε
2675 3343 2835 3396 κάκεῖ
2857 3343 2984 3405 τοὺς
3011 3341 3454 3412 ναυτιλλομένους
3487 3340 3626 3409 μετά

1959 3421 2020 3472 τὸ
2061 3420 2227 3473 πολλά
2252 3419 2470 3490 κύματα
2497 3420 2834 3492 διαδραμεῖν,
2855 3421 2950 3474 καὶ
2984 3420 3119 3491 πρὸς
3146 3421 3244 3482 τὰς
3279 3420 3386 3472 τῶν
3408 3422 3626 3488 ἀνέμων

1961 3497 2197 3568 ἐμϐολὰς
2234 3499 2566 3568 ἀντιστῆναι,
2595 3499 2786 3570 μικρὸν
2814 3499 3125 3560 ἀνεθέντας,
3164 3497 3308 3552 οὑτω
3337 3498 3499 3569 πάλιν
3527 3497 3625 3566 τῆς

1963 3575 2232 3639 ναυτιλίας
2263 3577 2556 3629 ἅπτεσθαι*
2591 3579 2680 3630 τὸν
2725 3578 2888 3630 αὑτὸν
2917 3578 2980 3647 δὴ
3013 3577 3212 3648 τρόπον
3251 3577 3347 3630 καὶ
3386 3576 3503 3640 νῦν,
3533 3576 3626 3628 ἐπὶ

1961 3656 2060 3720 τῆς
2090 3654 2249 3723 ἁγίας
2290 3655 2746 3726 Τεσσαρακοστῆς
2773 3655 2820 3715 Ιι,
2861 3657 2974 3718 τοῖς
3016 3655 3107 3708 τὸν
3149 3654 3345 3725 δρόμον
3389 3655 3486 3724 τῆς
3528 3672 3623 3725 νη-

1964 3732 2146 3794 στείας
2207 3731 2684 3802 καταδεξαμένοις,
2709 3732 2958 3802 καθάπερ
3003 3731 3305 3802 σταθμοὺς,
3351 3734 3446 3786 καὶ
3496 3749 3627 3786 κατ-

1964 3810 2200 3877 αγώγια,
2232 3813 2326 3863 καὶ
2347 3811 2538 3873 ἀκτὰς,
2563 3812 2656 3864 καὶ
2694 3810 2994 3879 αἰγιαλοὺς,
3019 3810 3114 3864 καὶ
3142 3809 3386 3880 λιμένας,
3412 3811 3510 3872 τάς
3533 3811 3627 3864 δύο

1962 3889 2164 3953 ταύτας
2193 3890 2408 3960 ἡμέρας
2439 3890 2541 3958 τῆς
2578 3889 2870 3961 ἑϐδομάδος
2907 3889 3078 3960 βραχύ
3117 3907 3170 3943 τι
3198 3889 3624 3943 διαναπαύεσθαι

1963 3967 2282 4039 κεχάρισται
2317 3971 2346 4021 6
2377 3968 2673 4040 Δεσπότης,
2711 3969 2796 4022 ἵνα
2833 3971 2926 4023 καὶ
2957 3968 3017 4022 τὺ
3056 3968 3215 4040 σῶμα
3258 3972 3451 4042 μικρὸν
3481 3970 3628 4022 ἀνέν-

1962 4064 2054 4110 τες
2080 4047 2190 4100 ἀπὸ
2215 4049 2320 4100 τῶν
2354 4048 2528 4102 πόνων
2560 4049 2660 4120 τῆς
2695 4049 2966 4119 νηστείας,
3006 4049 3099 4102 καί⁵
3121 4048 3220 4118 τὴν
3244 4049 3424 4120 ψυχὴν
3459 4066 3628 4118 παρα-

1967 4124 2578 4216 μνθησάμενοιζπάλιν.
2593 4125 2975 4216 παρελθουσιῦν
3005 4125 3113 4216 τῶν
3147 4125 3242 4216 δύο
3271 4127 3474 4182 τούτων
3487 4130 3626 4216 ,ἡμε-

1967 4203 2096 4275 ρῶν,
2121 4203 2221 4276 τῆς
2259 4205 2426 4277 αὑτῆς
2462 4204 2583 4260 ὁδοῦ
2625 4205 2762 4277 μετά
2795 4203 3102 4276 προθυμίας
3143 4206 3422 4260 ἅπτωνται
3453 4208 3503 4260 οί
3531 4207 3630 4278 τὴν

1965 4285 2134 4355 καλὴν
2180 4283 2382 4354 ταύτην
2439 4286 2533 4337 καὶ
2597 4283 2852 4353 ἐπωφελῆ
2916 4283 3223 4354 ὁδοιπορίαν
3279 4283 3620 4356 ποιούμενοι.

1963 4363 2099 4434 Φέρε
2136 4359 2228 4416 οὖν
2257 4364 2352 4416 καὶ
2380 4365 2562 4432 ἡμεῖς,
2595 4362 2780 4433 ἐπειδὴ
2823 4361 2924 4431 τῆς
2970 4361 3208 4426 ἀνέσεώς
3252 4364 3400 4416 ἐστιν
3446 4364 3628 4436 ήμέρα

1967 4442 2223 4512 σήμερον,
2253 4441 2716 4511 παρακαλέσωμεν
2743 4438 2895 4510 ὑμῶν
2923 4437 3020 4509 τὴν
3049 4439 3286 4510 ἀγάπην,
3306 4441 3374 4493 τά
3398 4441 3505 4492 ἀπὸ
3531 4441 3630 4510 τῆς

1967 4519 2219 4589 νηστείας
2255 4519 2577 4586 συλλεγέντα
2615 4516 2784 4587 κέρδη
2830 4517 2967 4586 μετά
2993 4517 3291 4585 ἀσφαλείας
3323 4518 3630 4586 φυλάττειν,

1967 4597 2058 4650 ἵνα
2109 4599 2304 4668 μικρὸν
2353 4596 2848 4665 διαναπαυσάμενοι
2869 4635 2884 4660 ,
2924 4593 3086 4648 πάλιν
3118 4595 3434 4666 προσθήκην
3467 4595 3631 4666 ἐργάο

1969 4674 2134 4746 σησθε
2193 4677 2305 4738 τοῖς
2355 4673 2719 4746 προλαϐοῦσι,
2766 4674 2861 4726 καὶ
2909 4671 3052 4726 οὓτω
3101 4673 3244 4726 κατά
3296 4673 3490 4743 μικρὸν
3531 4689 3628 4742 με·

1968 4754 2140 4823 γάλην
2179 4754 2279 4823 τὴν
2312 4755 2582 4822 ἐμπορίαν
2626 4754 2837 4815 ἐαυτοίς
2874 4751 3416 4813 κατασκευάσαντες,
3458 4751 3630 4814 οὕτως

1967 4834 2046 4894 είς
2074 4831 2172 4902 τὴν
2200 4831 2392 4902 κυρίαν
2435 4831 2645 4902 ἡμέραν
2685 4831 3033 4901 ἀπαντήσητε
3064 4827 3109 4894 ι,
3140 4829 3234 4881 καὶ
3270 4829 3632 4899 πεπληρωμέο

1967 4928 2065 4981 νην
2105 4909 2260 4978 ὑμῶν
2286 4909 2384 4980 τὴν
2426 4909 2625 4962 ὁλκάδα
2663 4909 2763 4978 τήν
2795 4909 3170 4978 πνευματικὴν
3207 4909 3286 4970 εἰς
3317 4907 3408 4960 τὸν
3437 4907 3632 4978 λιμένα

1967 4987 2069 5056 τῆς
2115 4987 2275 5054 ἁγίας
2319 4987 2511 5058 ἑορτῆς
2565 4986 2917 5058 εἰσαγάγητε.
2959 4986 3169 5056 Ὠσπερ
3213 4986 3322 5056 γάρ
3371 4985 3441 5038 τά
3481 4988 3633 5056 παρά

1969 5067 2064 5120 τοῦ
2111 5069 2381 5120 Δεσπότου
2435 5067 2776 5137 γεγενημένα
2826 5066 3075 5128 ᾶπαντα,
3123 5065 3374 5136 καθάπερ
3417 5069 3446 5119 6
3475 5065 3632 5134 λόγος

1969 5145 2238 5211 ἀπέδειξε.
2286 5148 2445 5218 καὶή
2485 5146 2592 5200 τῶν
2647 5147 2986 5216 πραγμάτων
3029 5145 3274 5198 διδάσκει
3325 5147 3629 5216 μαρτυρία,

1969 5222 2112 5295 λόγῳ
2141 5225 2247 5278 τινὶ
2285 5225 2771 5297 δεδημιούργηται,
2819 5225 3004 5294 χρείαν
3041 5223 3347 5292 ἀναγκαίαν
3382 5225 3632 5297 ἀποπλη-

1973 5289 2170 5374 ροῦντα
2188 5316 2204 5331 ·
2230 5303 2373 5356 οὕτω
2395 5289 2496 5357 καὶ
2523 5289 2599 5358 τάν
2617 5289 2744 5375 παρ’
2774 5289 2930 5375 ήμῶν
2962 5289 3234 5374 γινόμενα
3253 5289 3519 5374 προσήκει

1973 5381 2158 5448 ἀπλῶς
2179 5420 2196 5448 ,
2235 5382 2369 5454 μηδὲ
2421 5383 2597 5455 μάτην
2645 5383 2915 5452 γίνεσθαι,
2964 5381 3077 5438 ἀλλ’
3117 5383 3204 5436 ἐπ’
3254 5383 3488 5456 ὠφελείᾳ
3539 5386 3636 5439 καὶ

2038 5525 2065 5587 β
2087 5521 2240 5587 [idem
2261 5525 2501 5587 διαπιρᾷν,

2035 5584 2063 5652 l_I
2087 5584 2360 5652 ﬂgg._unqs
2379 5583 2463 5639 τὰς
2481 5584 2716 5648 ἀτραποὺς
2737 5583 2888 5641 ὁδούς.

2042 5647 2058 5685 ί
2086 5645 2181 5694 ΔΙίί
2207 5645 2502 5705 ἐκτείνωμεν.

2044 5719 2060 5770 g
2091 5707 2290 5770 goislin.
2314 5713 2369 5753 et.
2385 5707 2509 5770 {lit}:
2539 5706 2737 5770 τινὶλκαὶ
2761 5705 3038 5768 ὶπιτάγματι
3064 5721 3174 5770 παρη.

2041 5768 2070 5830 ξ
2094 5767 2216 5828 Reg.
2237 5779 2381 5830 _qnus
2403 5767 2477 5830 ἐπὶ
2499 5772 2582 5824 τῆς
2600 5766 2743 5830 αὐτῆς
2778 5766 2937 5830 τεσσ.,
2963 5775 3016 5830 e_t
3043 5766 3115 5816 sic
3135 5766 3348 5830 'Iegeral
3368 5768 3632 5830 interpret.

1979 5825 2214 5891 lnfra_*:&¢
2233 5825 2318 5875 δύο
2333 5827 2506 5882 ταύτας
2528 5828 2702 5891 ἡμέρας
2727 5832 2811 5886 τῆς
2832 5829 2952 5891 ἑϐδ.,
2976 5827 3124 5878 Savil.

2047 5890 2065 5930 ι
2094 5887 2235 5940 Tres.
2257 5900 2372 5940 mss.
2396 5887 2734 5948 καταντήσητε.

3213 5988 3246 6051 6
