4040 6378
380 365 450 420 93
1121 359 1178 414 S.
1219 357 1502 412 JOANN|S
1540 356 2031 414 CHRYSOSTOMI
2066 358 2391 415 ARCIIIEP.
2438 362 2983 418 CONSTANTINOP.
3752 365 3823 422 9S

373 479 554 550 κέρδει
595 478 691 548 τῆς
723 474 993 548 σωτηρίας
1026 476 1125 545 τῆς
1170 474 1467 545 ήμετέρας.
1498 476 1561 527 EE
1601 474 1709 544 γάρ
1741 476 1790 528 οἱ
1819 475 1886 529 :6
1921 475 2049 545 βιω-

369 569 498 622 τικά
536 568 810 640 μετιόντες
852 564 1151 635 πράγματα
1176 566 1275 616 οὐκ
1303 564 1368 617 ἀν
1404 580 1533 615 ποτε
1579 564 1899 632 ἀνάσχοιντο
1933 566 2051 616 ἐπι-

2150 474 2419 543 βάσκανος
2445 478 2524 541 εἰς
2550 478 2949 549 φιλοφροσύνην
2971 479 3161 531 ἐαυτὸν
3183 481 3453 552 αναγάγῃ,
3482 480 3616 551 μήτε
3638 481 3667 533 6
3695 484 3826 547 περὶ

2148 564 2217 618 τά
2243 567 2498 636 χρήματα
2529 568 2806 638 μεμηνὼς,
2839 569 3081 632 ἀποστὰς
3112 570 3204 622 τοῦ
3239 571 3465 635 πάθους,
3508 571 3644 640 πρὸς
3670 569 3828 637 ἐλεηο

368 660 702 733 τηδεύματος
752 658 1021 727 ἅψασθαι,
1069 656 1143 727 μὴ
1186 656 1454 727 πρότερον
1504 655 1564 707 τὸ
1602 655 1813 707 ἐκεῖθεν
1859 654 2063 724 κέρδος
2153 653 2389 723 μοσύνην
2412 655 2600 707 ἐαυτὸν
2629 656 3022 728 παρασκευάσῃ
3055 658 3148 711 καὶ
3171 657 3266 727 τὴν
3297 658 3405 711 τῶν
3434 659 3680 728 πενήτων
3710 657 3828 710 δια-

370 750 905 822 περισκοπήσαντες·
947 744 1127 814 πολλῷ
1170 745 1369 815 μᾶλλον
1421 744 1568 813 ἡμᾶς
1629 743 1837 795 δίκαιον
1888 742 2047 795 τοῦτο

369 841 563 898 ποιεῖν,
613 836 704 889 καὶ
761 833 835 905 μὴ
892 833 1080 896 ἁπλῶς
1132 834 1231 895 τὰς
1281 832 1581 901 ἐϐδομάδας
1630 830 1738 883 τών
1783 829 2050 899 νηστειῶν

371 925 756 995 παρατρέχειν,
800 922 938 975 ἀλλά
988 920 1363 991 διερευνᾶσθαι
1405 920 1501 989 τὴν
1543 918 1752 972 ἑαυτῶν
1804 918 2049 986 συνείδη-

371 1031 476 1075 σιν,
523 1015 618 1065 καὶ
663 1013 753 1066 τὸν
792 1011 1050 1080 λογισμὸν
1088 1010 1418 1079 βασανίζειν,
1461 1008 1556 1060 καὶ
1590 1011 1812 1061 σκοπεῖν
1853 1009 1903 1061 τί
1954 1008 2051 1078 μὲν

371 1105 429 1154 ἐν
473 1100 646 1172 ταύτῃ
689 1100 757 1169 τῇ
810 1096 1065 1167 ἐϐδομάδι
1114 1097 1245 1165 ἡμῖν
1288 1093 1665 1163 κατώρθωται,
1715 1094 1849 1147 τίδὲ
1892 1096 1949 1145 ἐν
1984 1096 2049 1165 τῇ

371 1188 556 1258 ἑτέρᾳ.
588 1186 683 1239 καὶ
728 1186 853 1237 τίνα
897 1183 1215 1254 προσθήκην
1258 1181 1557 1251 ἐδεξάμεθα
1603 1184 1682 1244 είς
1730 1181 1827 1251 τὴν
1863 1181 2050 1234 ἐπιοῦ-

373 1294 491 1338 σαν,
543 1276 636 1327 καὶ
671 1276 821 1325 ποῖον
870 1272 977 1325 τῶν
1007 1273 1063 1323 ἐν
1098 1274 1228 1341 ἡμῖν
1281 1270 1469 1323 παθῶν
1526 1269 1941 1340 διωρθώσαμεν.
1994 1270 2053 1321 Εί

372 1366 480 1435 γὰρ
528 1362 602 1433 μὴ
649 1361 939 1432 μέλλοιμεν
992 1358 1135 1412 οὑτω
1174 1358 1243 1411 :6
1296 1358 1417 1411 καθ’
1463 1359 1686 1421 ἑαυτοὺς
1728 1360 2052 1427 οἰκονομεῖν,

373 1454 467 1506 καὶ
496 1450 765 1521 τοσαύτην
806 1448 1076 1502 ποιεῖσθαι
1110 1446 1428 1516 ἐπιμέλειαν
1465 1450 1564 1516 τῆς
1603 1446 1814 1499 ἑαυτῶν
1850 1446 2053 1516 ψυχῆς,

371 1541 524 1595 οὐδὲν
550 1541 681 1610 ἡμῖν
708 1538 899 1607 ὄφελος
926 1535 1079 1589 ἔσται
1108 1538 1204 1605 τῆς
1236 1534 1509 1604 νηστείας,
1534 1535 1655 1587 οὑδὲ
1688 1534 1787 1603 τῆς
1818 1534 2054 1597 ἀσιτίας,

373 1631 439 1701 ἢν
477 1626 841 1696 ὑπομένομεν,
884 1624 1121 1694 μάλιστα
1160 1624 1208 1675 εἰ
1391 1620 1715 1691 φαινοίμεθα
1744 1633 1768 1660 ι
1802 1620 2058 1683 ἐλάττους

375 1714 483 1767 τῶν
516 1711 645 1782 περὶ
674 1710 777 1779 τὴν
814 1706 1075 1777 συλλογὴν
1113 1706 1221 1759 τῶν
1269 1706 1569 1776 χρημάτων
1599 1706 1866 1777 τοσαύτην
1900 1722 2058 1758 σπου-

374 1798 470 1868 δὴν
507 1794 873 1864 ποιουμένωνι
919 1792 1172 1861 εὑρήσεις
1213 1789 1320 1859 γὰρ
1356 1790 1585 1842 ’ἑκαστον
1618 1789 1843 1841 ἐκείνων
1879 1790 2057 1842 πᾶσαν

378 1880 685 1951 ἀγρυπνίαν
742 1875 1205 1945 ἐπιδεικνύμενον,
1257 1873 1396 1925 ὥστε
1454 1875 1538 1941 ἐφ’
1577 1873 1814 1943 ἑκάστης
1846 1873 2057 1944 ἡμέρας

380 1962 727 2035 προστιθέναι
757 1963 865 2023 τοῖς
894 1959 1202 2028 προτέροις,
1240 1955 1334 2009 καὶ
1371 1957 1623 2009 οὐδέποτε
1655 1958 1814 2027 κόρον
1846 1956 2058 2027 λαμϐά-

381 2068 559 2114 νοντα,
610 2047 725 2101 ἀλλ’
768 2047 877 2115 ὅσῳ
909 2044 973 2097 ἂν
1009 2041 1238 2112 αὔξηται
1285 2041 1435 2111 αὑτῴ
1470 2041 1535 2093 τά
1578 2041 1678 2109 τῆς
1718 2041 2053 2109 περιουσίας,

381 2135 621 2203 τοσούτῳ
655 2130 853 2202 μᾶλλον
902 2129 996 2181 καὶ
1044 2128 1143 2197 τὴν
1187 2125 1483 2195 ἐπιθυμίαν
1522 2126 1615 2178 καὶ
1664 2126 1762 2195 τὴν
1822 2126 2058 2197 σπουδὴν

383 2222 786 2292 ἐκτεινομένην.
818 2219 878 2271 Εἰ
909 2216 1089 2269 τοίνυν
1119 2214 1248 2267 ἔνθα
1294 2214 1388 2268 καὶ
1425 2214 1492 2266 τά
1524 2214 1621 2283 τῆς
1660 2214 1895 2285 σπουδῆς
1938 2215 2060 2268 ἀνό-

382 2326 541 2379 νητα,
589 2306 685 2359 καὶ
728 2303 795 2356 τὰ
838 2302 934 2371 τῆς
976 2298 1294 2371 περιουσίας
1338 2296 1598 2360 πολλάκις
1644 2296 1843 2368 πολλὴν
1891 2298 2059 2369 ἐργά-

383 2393 535 2457 ζεται
586 2392 652 2460 τῇ
705 2388 803 2458 τῆς
859 2384 1039 2455 ψυχῆς
1096 2381 1339 2452 σωτηρίᾳ
1385 2379 1484 2451 τὴν
1531 2380 1731 2451 λύμην,
1788 2381 2059 2453 τοσαύτην

385 2475 750 2530 ἐπιδείκνυται
795 2470 895 2539 τὴν
940 2466 1271 2534 ἀγρυπνίαν,
1320 2463 1437 2527 πῶς
1486 2464 1645 2516 τοῦτο
1695 2463 1896 2534 μᾶλλον
1940 2466 2060 2534 οὐχὶ

385 2563 559 2614 ποιεῖν
594 2557 721 2629 χρὴ,
768 2555 895 2609 ἔνθα
934 2551 1104 2619 πολλὴ
1126 2551 1153 2589 δ
1191 2550 1298 2603 ἀπὸ
1339 2548 1439 2619 τῆς
1472 2548 1708 2619 σπουδῆς
1737 2551 1769 2619 ή
1803 2549 2058 2618 ὠφέλεια,

384 2647 479 2699 καὶ
507 2644 711 2713 ἀφατος
736 2641 763 2692 6
798 2636 1006 2709 μισθὸς.
1038 2635 1133 2688 καὶ
1164 2633 1224 2686 τὸ
1255 2632 1442 2703 κέρδος
1472 2633 1728 2702 ἄπειρον;
1778 2634 1924 2685 Ἑκεῖ
1961 2634 2061 2702 μὲν

384 2731 496 2801 γὰρ
541 2727 635 2780 κα¹ι
675 2722 815 2794 μετά
847 2720 1051 2773 τούτων
1092 2718 1351 2801 ἁπάντων
1394 2716 1569 2801 πολλὴ
1599 2717 1631 2785 ἡ
1662 2715 1885 2801 ἁδηλία·
1934 2716 2062 2801 ἀϐέ-

390 2799 542 2874 ϐαιος
576 2810 684 2880 γὰρ
718 2806 826 2859 τῶν
872 2801 1169 2873 χρημάτων
1200 2802 1232 2871 ή
1265 2800 1489 2868 κτῆσις·
1522 2800 1622 2852 οὑκ
1656 2799 1839 2869 ἐπειδὴ
1879 2800 2059 2869 μόνον,

386 2897 488 2966 τῆς
534 2890 791 2959 τελευτῆς
841 2887 1162 2954 ἐπιστάσης,
1214 2883 1448 2937 ἐνταῦθα
1501 2882 1751 2952 μένοντα,
1804 2883 2061 2953 οὐδεμίαν

389 2980 575 3049 ὖνησιν
618 2975 848 3046 παρέχει
879 2970 956 3039 τῷ
982 2968 1154 3022 ταῦτα
1190 2968 1494 3032 συνάγοντι,
1540 2966 1655 3018 ἀλλ’
1700 2968 1781 3019 ὅτι
1815 2969 1907 3019 καὶ
1956 2967 2063 3019 τῶν

390 3048 688 3135 χρημάτων
712 3051 812 3110 ὦδε
850 3053 1117 3135 μενόντων
1147 3051 1243 3112 τάς
1262 3049 1408 3135 ’ὑπὲρ
1434 3048 1637 3135 τούτων
1666 3049 1904 3135 εὐθύνας
1927 3049 2064 3120 μετά

392 3131 591 3215 πολλῆς
656 3140 758 3209 τῆς
827 3134 1186 3204 σφοδρότητος
1251 3131 1599 3215 ἀπαιτεῖσθαι
1673 3132 2059 3215 ἀναγκάζεται.

397 3230 553 3281 Ἔστι
602 3225 697 3277 καὶ
729 3223 817 3275 ὅτε
854 3218 1112 3278 πολλάκις
1142 3224 1167 3253 ο
1207 3215 1301 3267 καὶ
1348 3214 1453 3283 πρὸ
1496 3214 1596 3283 τῆς
1626 3214 1881 3285 τελευτῆς
1927 3216 2063 3285 μετὰ

390 3313 518 3374 τοὺς
548 3308 773 3369 πολλοὺς
804 3304 1017 3364 πόνους,
1064 3300 1157 3353 καὶ
1192 3298 1317 3360 τοὺς
1351 3296 1601 3366 ἱδρῶτας,
1630 3298 1720 3350 καὶ
1755 3297 1852 3361 τὰς
1880 3299 2066 3351 ταλαι-

395 3395 630 3467 πωρίας,
675 3389 927 3460 καθάπερ
964 3383 1274 3451 καταιγίδος
1316 3383 1460 3445 τινὸς
1506 3383 1919 3454 προσπεσούσης
1964 3384 2064 3454 τῆς

397 3466 506 3533 τῶν
563 3474 906 3545 πραγμάτων
967 3468 1365 3540 περιστάσεως,
1415 3466 1610 3538 ἀθρόον
1659 3470 1687 3521 6
1740 3467 1939 3539 πολλὴν
1965 3468 2063 3540 τὴν

397 3559 715 3633 περιουσίαν
756 3555 849 3609 τοῦ
890 3552 1117 3606 πλούτου
1166 3550 1529 3620 κεκτημένος,
1575 3552 1683 3602 τῶν
1725 3552 1928 3621 σφόδρα
1967 3568 2064 3603 πε-

403 3649 577 3715 νήτων
632 3642 823 3710 γέγονε
873 3636 1215 3705 πενέστερος.
1268 3633 1372 3686 Καὶ
1429 3633 1601 3684 ταῦτα
1666 3634 1780 3687 καθ’
1825 3634 2063 3703 ἐκάστην

398 3730 612 3800 ἡμέραν
642 3726 787 3778 ἐστιν
821 3724 944 3775 ἰδεῖν
984 3720 1368 3790 συμϐαίνοντα.
1405 3718 1528 3769 Ἐπὶ
1564 3718 1743 3787 μέντοι
1777 3720 1874 3788 τῆς
1906 3736 2067 3771 πνευ-

402 3799 639 3882 ματικῆς
693 3808 961 3878 ἐμπορίας
1020 3803 1169 3856 ούδέν
1220 3801 1334 3852 ἐστι
1401 3799 1639 3852 τοιοῦτον
1680 3801 1851 3853 δεῖσαί
1900 3819 2061 3855 ποτε·

400 3896 540 3965 αῦτη
571 3896 677 3965 γὰρ
717 3892 905 3962 βεϐαία
938 3890 1089 3960 μένει
1123 3887 1215 3940 καὶ
1250 3886 1525 3955 ἀκίνητος,
1558 3886 1647 3938 καὶ
1677 3887 1803 3939 ἔνθα
1835 3887 2069 3957 μάλιστα

400 3980 672 4051 χρῄζομεν
702 3976 899 4045 αὑτῆς,
942 3975 1055 4026 ἐκεῖ
1096 3971 1293 4041 πολλὴν
1324 3970 1453 4040 ἡμῖν
1488 3971 1714 4041 παρέχει
1742 3972 1839 4043 τὴν
1882 3972 1942 4035 ἐξ
1972 3974 2067 4026 αύ-

398 4064 501 4132 τῆς
534 4060 909 4132 παραμυθίαν.

471 4144 540 4213 γ’.
572 4145 660 4206 Ὠς
706 4138 797 4195 οὖν
829 4140 1014 4211 καιρὸν
1062 4139 1279 4209 ἔχομεν,
1314 4137 1638 4209 παρακαλῶ,
1668 4139 1771 4192 κᾶν
1798 4139 1928 4207 γοῦν
1969 4142 2068 4212 τὴν

401 4229 572 4298 αὑτὴν
615 4227 842 4287 ἐκείνοις
881 4223 1278 4292 εἰσενέγκωμεν
1326 4222 1562 4291 σπουδὴν
1603 4224 1731 4293 περὶ
1769 4224 1867 4294 τὴν
1908 4243 2069 4277 πνευ-

405 4309 638 4381 ματικὴν
672 4308 877 4375 ταύτην
918 4305 1207 4375 ἐμπορίαν,
1266 4305 1359 4356 καὶ
1412 4305 1680 4375 μηδέποτε
1731 4308 2069 4380 παυσώμεθα

401 4395 561 4447 τοῦτο
617 4390 1021 4462 μεριμνῶντες,
1064 4387 1117 4440 εἴ
1160 4406 1213 4441 τι
1269 4387 1628 4458 κατώρθωται
1676 4394 1829 4461 ἡμῖν,
1878 4395 1972 4448 καὶ
2020 4395 2075 4447 εί

400 4494 525 4530 τινα
585 4474 690 4527 τῶν
746 4471 1101 4541 ἐνοχλούντων
1140 4472 1272 4540 ἡμῖν
1327 4470 1513 4523 παθῶν
1572 4472 1659 4527 διὰ
1713 4475 1811 4545 τῆς
1869 4477 2071 4547 πολλῆς

402 4559 709 4631 ἀγρυπνίας
757 4557 836 4619 είς
876 4556 1053 4625 φυγὴν
1106 4555 1431 4626 ἐτρέψαμεν,
1474 4557 1538 4608 ἵν’
1578 4556 1792 4627 ἔχοντες
1829 4560 1926 4632 τὴν
1964 4564 2070 4615 ἀπὸ

402 4644 493 4697 τοῦ
553 4640 851 4702 συνειδότος
910 4637 1315 4709 πληροφορίαν,
1376 4637 1573 4710 πολλὴν
1646 4644 2069 4714 καρπωσώμεθα

401 4729 500 4797 τὴν
548 4727 762 4797 ἡδονήν.
804 4722 936 4775 Οὑδέ
977 4722 1083 4793 γὰρ
1121 4721 1278 4773 τοῦτο
1334 4722 1493 4791 μόνον
1545 4724 1661 4777 ἐστὶ
1705 4726 1764 4777 τὸ
1803 4726 2069 4800 ζητούμε-

402 4830 511 4875 νον,
548 4811 633 4862 ἵνα
671 4806 791 4861 καθ’
824 4806 1062 4874 ἑκάστην
1103 4805 1316 4876 ἡμέραν
1343 4806 1576 4859 ἐνταῦθα
1613 4810 2068 4883 παραγινώμεθα,

404 4896 496 4948 καὶ
536 4893 663 4964 περὶ
700 4890 808 4944 τῶν
846 4889 1022 4943 αὑτῶν
1058 4888 1295 4958 συνεχῶς
1336 4890 1644 4960 ἀκούωμεν,
1677 4895 1770 4946 καὶ
1810 4895 1908 4966 τὴν
1949 4915 2070 4951 τεσ-

406 4976 745 5048 σαρακοστὴν
802 4975 983 5027 πᾶσαν
1030 4972 1379 5041 νηστεύοντες
1419 4968 1567 5044 ὦμεν
1605 4974 1655 5031 d.
1714 4978 1774 5029 Εἰ
1832 4980 1941 5052 γὰρ
1994 4983 2067 5054 μὴ

406 5060 695 5131 μέλλοιμέν
753 5076 804 5111 τι
863 5057 1167 5136 κερδαίνειν
1225 5059 1289 5109 ἐκ
1355 5057 1454 5126 τῆς
1518 5060 1750 5113 ἐνταῦθα
1816 5069 2070 5136 συνεχοῦς

404 5127 670 5205 ἐλεύσεώς
709 5158 766 5194 τε
808 5127 901 5193 κάλ.
935 5127 1344 5210 παραινέσεως,
1385 5142 1476 5193 καὶ
1517 5141 1625 5195 ἀπὸ
1674 5144 1769 5197 τοῦ
1822 5148 1919 5217 τῆς
1945 5127 2068 5222 ’.νηί

406 5228 587 5288 στείας
643 5224 837 5296 καιροῦ
897 5223 1225 5294 προσφέρειν
1265 5224 1461 5277 τιτῶν
1511 5228 1801 5297 χρησίμων
1840 5234 1919 5295 είς
1972 5237 2070 5306 τὴν

406 5310 611 5364 ἐαυτῶν
648 5308 843 5378 ψυχὴν,
886 5307 1059 5360 ταῦτα
1094 5308 1154 5360 οὑ
1198 5308 1357 5377 μόνον
1393 5310 1544 5378 ἡμᾶς
1580 5311 1732 5364 οὐδὲν
1777 5314 2066 5387 ὠφελήσει.

2121 743 2375 843 ,τροφὴπμ
2407 745 2543 814 μήτε
2574 745 2601 796 6
2623 745 2923 808 ἀκόλαστος
2952 745 3184 816 σώφρων
3216 746 3448 813 γένοιτο,
3475 746 3612 817 μήτε
3637 747 3666 798 6
3697 746 3829 815 περὶ

2148 833 2246 903 τὴν
2275 832 2436 903 κενὴν
2458 832 2660 902 ταύτην
2681 833 2837 899 δόξαν
2860 834 3193 902 ἐπτοημένος
3220 846 3241 872 θ
3264 834 3410 906 μάθῃ
3438 834 3640 904 ταύτης
3668 836 3830 901 ὑπερ-

2149 922 2303 991 ορᾷν,
2332 923 2424 973 καὶ
2455 921 2555 990 τῆς
2583 921 2817 988 ἀληθοῦς
2840 921 2955 993 [86]
2986 922 3234 991 ἐφίεσθαι
3267 922 3444 991 δόξης,
3480 923 3613 991 μήτε
3641 924 3671 974 6
3698 921 3831 987 περὶ

2150 1010 2246 1078 τὴν
2276 1010 2496 1080 ἀγάπην
2526 1009 2623 1079 τὴν
2655 1011 2782 1080 περὶ
2804 1010 2894 1062 τὸν
2929 1011 3151 1079 πλησίον
3179 1012 3439 1081 ῥᾴθυμος,
3462 1012 3829 1075 διαναστήσας

2151 1096 2312 1149 αὑτὸν
2349 1095 2633 1167 παιδεύσῃ,
2670 1098 2743 1167 μὴ
2773 1098 2930 1167 μόνον
2953 1098 3060 1149 τῶν
3090 1098 3336 1150 τελωνῶν
3375 1098 3449 1167 μὴ
3489 1092 3625 1149 εἶναι
3665 1097 3817 1148 ἐλάτ·

2150 1201 2280 1246 των,
2319 1184 2494 1254 (Ἐὰν
2522 1185 2633 1253 γὰρ
2677 1184 3031 1252 ἀγαπήσητε
3078 1186 3218 1250 τοὺς
3259 1184 3612 1253 ἀγαπῶντας
3644 1183 3827 1251 ὑμᾶς,

2154 1271 2309 1341 φησὶ,
2339 1272 2397 1324 τί
2437 1272 2735 1339 περισσὸν
2775 1272 3033 1335 ποιεῖτε;
3074 1272 3210 1340 οὐχὶ
3245 1272 3342 1327 καί
3385 1274 3439 1325 οἱ
3481 1271 3728 1325 τελῶναι
3764 1272 3831 1323 τὸ

2152 1358 2299 1411 αὐτὸ
2333 1358 2684 1430 ποιοῦσιν;)
2713 1358 2827 1411 ἀλλ’
2864 1360 2951 1411 ἵνα
2985 1358 3382 1431 παρασκευάζῃ
3410 1358 3573 1412 αὑτοῦ
3610 1359 3702 1410 τὸν
3739 1358 3831 1411 λο-

2151 1446 2367 1511 λισμδν,
2396 1447 2489 1499 καὶ
2518 1447 2644 1509 τοὺς
2671 1446 2897 1517 ἐχθροὺς
2922 1447 3147 1516 ἡμέρως
3175 1448 3327 1516 όρᾷν,
3355 1448 3445 1499 καὶ
3473 1445 3671 1515 πολλὴν
3701 1447 3834 1517 περὶ

2154 1534 2350 1598 αὐτοὺς
2375 1533 2474 1605 τὴν
2503 1533 2723 1603 ἀγάπην
2746 1532 3168 1587 ἐπιδείκνυσθαι.
3202 1535 3324 1586 Ἐὰν
3350 1534 3423 1604 μὴ
3448 1534 3650 1586 τούτων
3677 1550 3835 1603 περι-

2154 1622 2447 1692 γενοίμεθα
2478 1622 2586 1675 τῶν
2620 1622 2831 1684 παθῶν,
2872 1623 2965 1674 καὶ
3004 1622 3111 1673 τῶν
3142 1620 3316 1675 ἀλλων
3342 1624 3449 1675 τῶν
3480 1624 3537 1673 ἐν
3577 1625 3710 1691 ἡμῖν
3745 1640 3832 1673 τι·

2156 1711 2455 1781 κτομένων,
2511 1709 2630 1763 καθ’
2669 1710 2909 1780 ἐκάστην
2948 1708 3183 1762 ἐνταῦθα
3226 1709 3687 1780 παραγινόμενοι,
3735 1710 3837 1763 καὶ

2158 1798 2415 1868 συνεχοῦς
2459 1798 2777 1868 ἀκροάσεως
2815 1795 3210 1859 ἀπολαύοντες,
3245 1799 3339 1850 καὶ
3368 1796 3636 1865 τοσαύτης
3682 1796 3834 1848 διδα-

2159 1886 2382 1947 σκαλίας
2417 1885 2757 1955 μετέχοντες.
2785 1884 2879 1937 καὶ
2918 1884 3017 1953 τὴν
3047 1884 3156 1936 67:6
3193 1885 3291 1954 τῆς
3318 1885 3573 1953 νηστείας
3614 1883 3836 1954 ἔχοντες

2159 1972 2431 2045 βοήθειαν,
2463 1973 2594 2026 ποία
2622 1974 2755 2043 ήμῖν
2790 1972 2941 2026 ἔσται
2984 1973 3324 2043 συγγνώμη;
3367 1973 3494 2025 ποία
3532 1973 3585 2025 δέ
3627 1974 3836 2026 ἀπολο-

2154 2064 2289 2131 γία;
2333 2061 2469 2115 Είπέ
2498 2061 2607 2131 γάρ
2654 2078 2775 2130 μοι,
2820 2060 3143 2130 παρακαλῶ,
3190 2062 3236 2113 εί
3263 2061 3353 2113 τὸν
3409 2061 3569 2115 παῖδα
3600 2061 3691 2113 τὸν
3738 2061 3834 2113 σὺν

2158 2144 2329 2219 θεάσῃ
2378 2145 2498 2198 καθ’
2538 2146 2774 2214 ἑκάστην
2821 2145 3052 2198 ἀπιόντα
3113 2145 3325 2215 ἡμέραν
3365 2146 3443 2209 είς
3480 2146 3539 2197 :6
3578 2145 3835 2199 διδασκα-

2156 2232 2334 2295 λεῖον,
2384 2233 2478 2285 καὶ
2510 2231 2604 2284 τοῦ
2651 2232 2844 2303 χρόνου
2880 2232 3162 2301 προϊόντος
3215 2232 3382 2302 μηδὲν
3416 2232 3575 2285 πλέον
3620 2232 3838 2287 ἐκεῖθεν

2157 2321 2529 2391 κερδαίνοντα,
2553 2316 2665 2391 ἆρα
2695 2319 2939 2383 ἀνεκτῶς
2970 2320 3169 2387 οἶσεις;
3194 2322 3314 2390 οὐχι
3346 2320 3403 2373 δέ
3444 2321 3536 2372 καὶ
3567 2320 3644 2390 τῷ
3683 2321 3838 2373 παιδί

2161 2409 2431 2478 μάστιγας
2456 2408 2756 2480 ἐπιθήσεις,
2789 2409 2883 2461 καὶ
2921 2407 2999 2479 τῷ
3035 2408 3341 2477 διδασκάλῳ
3375 2408 3596 2480 μέμψῃς
3632 2403 3752 2462 εἶτα
3787 2410 3838 2461 εί

2162 2496 2372 2566 μάθοις,
2400 2499 2481 2550 ὅτι
2510 2497 2574 2549 :6
2626 2497 2726 2567 μὲν
2760 2497 2913 2567 παρά
2955 2496 3048 2549 τοῦ
3091 2497 3414 2550 διδασκάλου
3460 2498 3636 2548 πάντα
3675 2496 3839 2564 γεγέ-

2158 2602 2337 2654 νηται,
2357 2586 2448 2637 καὶ
2471 2585 2623 2637 οὐδὲν
2642 2584 2937 2645 λέλειπται,
2961 2587 2992 2654 ἡ
3018 2585 3074 2637 δὲ
3101 2584 3339 2655 ῥᾳθυμία
3361 2584 3455 2637 τοῦ
3480 2584 3665 2645 παιδὸς
3688 2584 3841 2636 αίτία

2158 2671 2378 2724 πάντων
2408 2673 2747 2741 καθέστηκεν
2770 2713 2785 2736 ,
2833 2672 2955 2741 οὑχ).
2988 2674 3167 2725 πᾶσαν
3206 2672 3303 2741 τὴν
3341 2672 3710 2739 ἀγανάκτησιν
3745 2671 3842 2723 ἐπὶ

2158 2760 2247 2811 τὸν
2280 2760 2443 2812 παῖδα
2471 2760 2821 2830 μεταθήσεις,
2854 2760 2951 2826 τῆς
2979 2759 3158 2821 αἰτίας
3190 2760 3349 2826 ἀφεὶς
3371 2758 3461 2810 τὸν
3484 2756 3840 2821 διδάσκαλον;

2160 2846 2232 2897 Τὸ
2256 2845 2389 2899 αὑτὸ
2418 2844 2481 2915 δὴ
2514 2846 2607 2899 καὶ
2645 2845 2879 2897 ἐνταῦθα
2912 2845 3159 2913 γίνεσθαι
3202 2846 3430 2899 δίκαιον.
3469 2846 3659 2915 Ἡμεῖς
3702 2845 3839 2915 γὰρ,

2159 2933 2411 3005 καθάπερ
2462 2932 2779 3004 ἐτάχθημην
2823 2933 2974 3003 παρὰ
3016 2933 3116 3001 τῆς
3162 2932 3254 2985 τοῦ
3298 2932 3432 2986 Θεοῦ
3480 2934 3729 3003 χάριτος,
3762 2931 3844 2995 ὡς

2159 3021 2324 3073 τέκνα
2366 3020 2707 3089 πνευματικά
2758 3020 2775 3057 ί
2815 3021 2935 3073 καθ’
2971 3022 3205 3090 ἐκάστην
3248 3022 3457 3091 ἡμέραν
3490 3023 3569 3081 εἰς
3602 3021 3662 3074 τὸ
3695 3020 3844 3073 διδα-

2163 3108 2414 3161 σκαλεῖον
2445 3107 2604 3160 τοῦτο
2639 3107 2950 3171 καλοῦντες,
2990 3108 3087 3178 τὴν
3138 3108 3459 3179 σωτηριώδη
3489 3108 3843 3161 διδασκαλίαν

2162 3195 2289 3263 ὑμῖν
2318 3195 2715 3265 παρατίθεμεν,
2736 3195 2797 3247 οὑ
2826 3194 2892 3248 τὰ
2917 3194 3023 3248 ἀπὸ
3051 3195 3148 3263 τῆς
3175 3196 3381 3258 οἰκείας
3405 3195 3643 3257 διανοίας
3671 3195 3841 3263 φθεγ-

2160 3284 2402 3354 γόμενοι,
2438 3283 2572 3337 ἀλλά
2593 3283 2660 3335 τά
2684 3283 2836 3354 παρά
2862 3282 2952 3336 τοῦ
2977 3283 3247 3336 Δεσπότου
3272 3282 3357 3336 διὰ
3381 3283 3490 3335 τῶν
3519 3283 3678 3336 θείων
3699 3284 3844 3354 Γρα-

2163 3372 2279 3442 φῶν
2309 3374 2440 3443 ἡμῖν
2479 3372 2792 3441 δωρηθέντα
2830 3371 3155 3440 διδάγματα,
3190 3370 3359 3424 ταῦτα
3390 3373 3470 3433 είς
3508 3371 3672 3441 μέσον
3705 3388 3845 3442 προ-

2161 3460 2421 3524 τιθέντες,
2447 3461 2541 3513 καὶ
2566 3459 2735 3513 ταῦτα
2762 3460 2995 3530 συνεχῶς
3014 3459 3347 3529 ἐνηχοῦντες.
3369 3460 3429 3511 Εἰ
3451 3461 3650 3523 τοίνυν,
3683 3460 3844 3529 ήμῶν

2163 3551 2345 3601 πᾶσαν
2384 3548 2615 3618 σπουδὴν
2645 3549 2738 3600 καὶ
2772 3548 3074 3619 ἀγρυπνίαν
3104 3548 3583 3618 ἐπιδεικνυμένων,
3624 3548 3717 3600 καὶ
3756 3547 3845 3614 ἐφ’

2164 3638 2400 3707 ἑκάστης
2436 3636 2527 3688 ἐπὶ
2566 3636 2665 3707 τὴν
2712 3637 2830 3689 ὁδὸν
2877 3636 2973 3707 τῆς
3022 3635 3223 3706 ἀρετῆς
3270 3635 3640 3706 όδηγούντων,
3683 3636 3846 3705 ὑμεῖς

2162 3728 2276 3788 τοῖς
2320 3725 2502 3789 αὑτοῖς
2545 3725 2829 3794 ἐπιμένετε
2862 3765 2875 3787 ,
2950 3726 3236 3795 ἐννοήσατε
3272 3724 3368 3795 δση
3400 3724 3494 3776 καὶ
3524 3726 3654 3794 ἡμῖν
3690 3723 3845 3775 ἔσται

2164 3814 2466 3884 όδύνη,καὶ
2506 3814 2634 3883 ὑμῖν
2680 3815 2713 3883 ὴ
2740 3816 3101 3882 κατάγνωσις,
3146 3813 3229 3865 ἵνα
3272 3812 3439 3883 μηδὲν
3470 3812 3631 3864 πλέον
3678 3811 3843 3866 εἴπω.

2165 3904 2227 3955 Et
2266 3902 2374 3973 γάρ
2418 3903 2513 3954 καὶ
2554 3902 2876 3965 ἀνευθύνους
2914 3903 3060 3972 ἡμᾶς
3093 3901 3330 3953 δείκνυσι
3370 3901 3430 3953 :6
3468 3901 3634 3972 μηδὲν
3670 3916 3847 3970 παρα-

2165 3991 2342 4043 λιπεῖν
2389 3991 2495 4043 τῶν
2538 3992 2617 4052 είς
2646 3990 2743 4060 τὴν
2781 3991 3053 4060 ὑμετέραν
3085 3990 3370 4060 οἰκοδομὴν
3413 3990 3677 4059 ἡκόντων,
3724 3989 3843 4041 ἀλλ’

2166 4080 2315 4149 ὅμως
2339 4078 2522 4147 ἐπειδὴ
2546 4077 2819 4147 κηδόμεθα
2839 4078 2938 4147 τῆς
2959 4078 3229 4147 ὑμετέρας
3264 4078 3556 4148 σωτηρίας,
3586 4077 3647 4130 οὐ
3677 4076 3842 4129 δυνά-

2172 4168 2311 4237 μεθα
2340 4167 2528 4237 πράως
2556 4165 2760 4236 φέρειν.
2799 4166 2949 4218 Ἐπεὶ
2979 4165 3073 4218 καὶ
3101 4168 3128 4218 6
3157 4165 3471 4228 διδάσκαλος
3502 4165 3720 4217 ἐπειδάν
3756 4166 3845 4236 ἴδῃ

2167 4254 2257 4305 τὸν
2286 4252 2531 4323 μαθητὴν
2560 4252 2724 4322 μηδὲν
2761 4252 3142 4323 καρπούμενον
3178 4253 3330 4324 παρά
3354 4253 3451 4323 τῆς
3484 4252 3649 4305 αὑτοῦ
3676 4269 3845 4304 σπου-

2170 4342 2289 4411 δῆς,
2314 4342 2411 4411 οὑχ
2457 4342 2533 4403 ὼς
2580 4340 2769 4409 ἔτυχεν
2824 4341 2980 4409 ἀλγεῖ
3020 4342 3115 4394 καὶ
3155 4341 3430 4407 ὀδυνᾶται,
3468 4341 3610 4412 ὁρῶν
3648 4341 3844 4394 ἑαυτὸν

2172 4427 2347 4496 μάτην
2380 4425 2726 4495 πονούμενον.

2241 4515 2300 4566 δ’.
2327 4512 2511 4566 Ταῦτα
2546 4513 2686 4581 λέγω
2724 4512 2819 4565 νῦν
2856 4515 2902 4575 Β,
2938 4514 3037 4582 οὑχ
3063 4514 3151 4566 ἵνα
3190 4512 3415 4584 λυπήσω
3441 4514 3540 4583 τὴν
3568 4511 3843 4583 ὑμετέραν

2169 4602 2420 4672 ἀγάπην,
2462 4601 2577 4654 ἀλλ’
2631 4602 2717 4654 ἵνα
2767 4601 3017 4674 διεγείρω
3064 4602 3159 4654 καὶ
3208 4602 3651 4672 παρασκευάσω,
3703 4605 3842 4671 μήτε

2170 4689 2355 4752 ἁπλῶς
2386 4689 2722 4742 κατατείνειν
2756 4689 2815 4740 :6
2852 4686 3008 4759 σῶμα
3038 4692 3102 4760 τῇ
3134 4690 3380 4761 νηστείᾳ,
3414 4691 3547 4761 μήτε
3586 4692 3712 4760 εἰκῆ
3751 4691 3845 4742 καὶ

2174 4773 2350 4848 μάτην
2384 4778 2482 4841 τὰς
2517 4778 2730 4848 ἡμέρας
2763 4778 2862 4846 τῆς
2892 4778 3050 4845 ἁγίας
3079 4778 3522 4848 τεσσαρακοστῆς
3562 4779 3843 4849 παρατρέ-

2172 4884 2304 4937 χειν.
2332 4868 2439 4921 Καὶ
2464 4867 2516 4918 τί
2541 4868 2683 4934 λέγω
2711 4866 2805 4929 τὰς
2827 4866 3040 4937 ἡμέρας
3065 4868 3163 4936 τῆς
3194 4869 3352 4937 ἁγίας
3374 4871 3842 4938 τεσσαρακοστῆς,

2170 4958 2300 5008 ὅπου
2333 4972 2393 5023 γε
2427 4956 2575 5025 ἡμᾶς
2606 4957 2891 5026 προσήκει,
2926 4958 3061 5025 μήτε
3090 4957 3216 5025 μίαν
3250 4956 3383 5020 ὅλως
3416 4958 3629 5027 ἡμέραν
3665 4975 3846 5029 παρα-

2172 5044 2505 5114 πέμπεσθαι,
2532 5044 2580 5095 εἰ
2610 5041 2719 5096 οἷόν
2747 5062 2828 5104 τε,
2856 5045 2913 5095 ἐν
2953 5045 3113 5096 παντὶ
3135 5044 3210 5113 τῷ
3244 5046 3418 5115 χρόνῳ
3444 5045 3543 5115 τῆς
3582 5045 3750 5115 ζωῆς.
3786 5049 3843 5098 ἐν

2171 5127 2205 5206 ᾖ
2240 5133 2312 5202 μὴ
2355 5132 2541 5202 κέρδος
2578 5132 2946 5201 πνευματικὸν
2977 5134 3188 5194 ἑαυτοῖς
3231 5133 3677 5203 ἐναποτιθέμεθα,
3714 5134 3743 5204 ἧ
3776 5134 3843 5187 δι’

2172 5220 2356 5289 εὐχῆς,
2386 5220 2417 5289 ἦ
2443 5220 2507 5272 δι’
2534 5220 2995 5290 ἐξομολογήσεως,
3030 5220 3061 5291 ἢ
3096 5221 3162 5272 δι’
3189 5221 3453 5283 εὐποιίας,
3487 5223 3518 5290 ἦ
3552 5222 3616 5274 δι’
3649 5224 3842 5291 ἐτέρας

2170 5310 2312 5370 τινὸς
2346 5308 2603 5377 ἐργασίας
2635 5310 3039 5378 πνευματικῆς;
3082 5310 3143 5360 Εἰ
3173 5308 3279 5380 γὰρ
3304 5309 3511 5373 Παῦλος
3538 5313 3565 5363 6
3584 5311 3843 5374 τοσοῦτος

404 5394 539 5449 ἀλλὰ
584 5395 676 5447 καὶ
719 5393 959 5476 μείζονος
997 5394 1126 5461 ἡμῖν
1166 5392 1538 5476 κατακρίσεως
1576 5396 1797 5470 ἀφορμὴ
1845 5405 2038 5474 γενήσε
2066 5404 2136 5476 δ
2173 5396 2264 5449 καὶ
2294 5396 2627 5463 τηλικοῦτος,
2661 5398 2689 5448 6
2716 5396 2783 5447 :6
2812 5396 3025 5467 ἄρρητα
3055 5393 3169 5466 [87]
3202 5398 3384 5449 ἐκεῖνα
3419 5399 3639 5468 ῥήματα
3676 5400 3843 5452 ἀκού-

404 5496 516 5542 ται,
572 5480 698 5532 ὅταν
736 5475 1001 5547 τοσαύτης
1040 5475 1354 5547 ἐπιμελείας
1404 5478 1790 5550 ἀπολαύοντες,
1828 5487 1875 5537 οί
1917 5475 2115 5542 αύτοὶῦ
2174 5498 2271 5542 σας
2295 5520 2309 5540 ,
2360 5480 2394 5533 ἃ
2426 5482 2587 5551 μέχρι
2640 5479 2740 5549 τῆς
2776 5481 3013 5550 σήμερον
3043 5480 3217 5543 οὐδεὶς
3246 5480 3415 5547 ἔγνω,
3466 5482 3592 5535 ἐϐόα
3623 5482 3799 5551 λέγων
3824 5500 3838 5513 ’

405 5562 765 5633 διαμένωμεν,
824 5562 919 5613 καὶ
971 5561 1108 5631 μήτε
1160 5562 1188 5613 6
1232 5560 1447 5632 ὀργίλος
1510 5564 1759 5637 ἐπιεικὴς
1810 5570 2065 5642 γένηται,

409 5648 547 5716 μήτε
576 5647 605 5698 6
651 5643 901 5714 θυμώδης
938 5645 1016 5706 εἰς
1051 5643 1328 5715 πραότητα
1375 5647 1799 5717 μεταϐάλλοιτο,
1855 5656 1993 5727 μήτε
2042 5661 2071 5711 ὁ

466 5754 497 5783 ι
519 5753 643 5800 Tres
660 5754 836 5829 πρεξεῖ
858 5754 1147 5829 φαιινςίμεθᾳ.
1176 5754 1345 5829 Mprel.
1372 5758 1640 5829 φαινόμεθα..
1678 5760 1886 5829 (ξοίεῐίη.
1902 5767 1940 5813 εί
1964 5783 2070 5829 φαι-

404 5815 626 5886 νόμενοι.,
675 5814 702 5852 ι»
728 5814 935 5886 1195.9}
973 5814 1175 5886 COisjin:
1209 5814 1563 5886 ἀποδεικνύντες
1582 5824 1667 5886 τήν
1691 5814 2068 5886 ἀγρυπνίαν,’καὶ

407 5875 725 5945 μεταίτούτων
748 5878 797 5923 δὲ
819 5877 1038 5945 ἁπάντων
1067 5877 1174 5945 ,ἐκεῖ
1191 5879 1359 5945 πολλή.
1380 5879 1476 5945 ⁵Ηίιξ
1497 5875 1703 5931 mulli-Im
1729 5875 1882 5935 Varia!
1913 5875 2063 5945 Sévil.

470 5942 493 5968 ο
521 5939 748 6005 Quinque}
769 5939 1229 6005 mss_.6vayx6l:§:at.
1247 5942 1289 6005 εί
1316 5942 1395 5987 καὶ
1416 5943 1482 5989 ἐτι
1504 5946 1744 6005 πολλάκις.
1814 5947 1838 5984 d
1865 5944 2065 5999 (ἶοίςιίιι.

355 5999 704 6059 ,δινεύοντες
726 5998 1066 6055 διατελέσωμεν
1112 6001 1217 6048 Mox
1245 6001 1372 6047 idmn
1398 6004 1617 6059 cava/0'3:
1644 5998 1767 6053 π’)ῖῖ
1786 6010 1827 6053 έ·ῖ
1846 6027 1971 6059 “0:7.

2172 5566 2309 5618 Καθ’
2338 5563 2605 5624 ἑκάστην
2636 5562 2861 5632 ἡμέραν
2889 5563 3272 5629 ἀποθνήσκω,
3302 5564 3380 5629 νὴ
3410 5565 3522 5632 τὴν
3549 5567 3843 5634 ὑμετέραν

2172 5648 2505 5715 καύχησιν·
2538 5647 2806 5699 διδάσκων
2836 5648 3003 5717 ἡμᾶς,
3037 5647 3119 5700 ὅτι
3150 5647 3321 5711 οὑτως
3354 5650 3545 5701 ἐαυτὸν
3584 5652 3698 5713 τοῖς
3723 5669 3843 5704 κιν-

2170 5730 2343 5794 δύνοις
2369 5734 2483 5795 τοῖς
2513 5731 2652 5803 ὑπὲρ
2682 5731 2783 5801 τῆς
2806 5730 3086 5793 εὐσεϐείας
3115 5731 3369 5795 ἐξεδίδου,
3398 5732 3474 5795 ὡς
3509 5734 3637 5804 παρ’
3674 5736 3842 5789 αὑτὸν

2243 5853 2263 5879 ε
2288 5837 2486 5887 Coislin.
2518 5839 2776 5895 ém-omcbc.
2804 5838 2930 5886 Infra
2954 5836 3230 5887 Colh.ulms
3249 5845 3299 5887 et
3322 5839 3520 5889 Coislin.
3546 5843 3710 5890 ἑαυτὸν
3728 5860 3843 5891 παι-

2173 5901 2338 5968 δεύσῃ,
2364 5913 2473 5968 quae
2500 5900 2771 5968 leniip‘non
2796 5900 3091 5968 malatlnfrzg
3116 5906 3224 5947 octo
3248 5914 3347 5968 mss
3378 5903 3492 5968 ἀλλ’
3512 5904 3587 5950 ἵνα
3604 5907 3839 5965 παιδεύσῃ

2173 5960 2317 6007 αὑτοῦ
2342 5964 2421 6007 τὸν
2444 5964 2543 6022 λογ.
2616 5960 2749 6009 τδρι
2777 5964 3045 6009 τιμε-τέκνα
3068 5963 3303 6020 ἀγαπητά·
3373 5966 3397 6001 ⁸
3415 5966 3672 6025 “PQ-'10:”
3692 5960 3840 6013 ταδῖᾶ
