4040 6378
386 361 456 416 93

379 487 473 541 tet,
515 480 612 533 sed
645 481 697 535 in
726 484 1008 552 utilitatem
1037 499 1088 545 et
1115 491 1316 550 lucrum
1347 509 1543 556 nostra:
1570 507 1775 561 salutis.
1825 508 1957 566 Nam

377 568 419 620 si
448 569 480 622 ii
511 571 600 638 qui
635 576 982 632 sa-cularibus
1009 585 1236 651 negotiis
1261 587 1423 643 dediti
1450 603 1607 658 sunt,
1647 597 1834 653 adduci
1866 616 1958 655 ne-

371 670 606 726 queant.
651 675 708 716 ut
746 681 857 720 rem
890 671 1117 740 aliquam
1144 674 1420 746 incipiant,
1450 683 1552 738 nisi
1585 687 1730 755 prius
1757 689 1955 760 aliquid

371 750 500 806 lucri
529 756 776 811 suboleat
805 777 817 811 :
848 762 1014 816 multo
1046 768 1211 834 magis
1249 770 1449 838 justum
1491 786 1604 841 est,
1640 790 1697 833 ut
1727 797 1824 836 nos
1856 785 1955 840 hoc

369 841 660 912 faciamus,
707 865 880 920 neque
926 854 996 908 ita
1041 858 1352 926 simpliciter
1373 865 1697 934 jejuniorum
1742 872 1949 930 hebdo-

361 934 530 988 madas
555 939 879 1007 prmter'eant
907 985 921 1008 ,
963 946 1056 999 sed
1082 961 1384 1008 scrutemur
1408 970 1559 1012 suam
1588 962 1782 1032 quique
1819 980 1946 1020 con-

357 1023 635 1080 scientiam
662 1069 676 1092 ,
725 1039 778 1083 et
809 1035 1068 1090 rationem
1099 1042 1492 1111 examinemus,
1521 1052 1947 1110 consideremus-

354 1127 458 1183 que
478 1157 494 1181 ,
522 1117 775 1186 quidnam
805 1123 856 1176 in
888 1124 988 1180 hac
1014 1127 1345 1189 hebdomada
1387 1139 1552 1204 probe
1578 1151 1753 1198 actum
1775 1187 1789 1211 ,
1815 1148 1940 1217 quid

353 1203 406 1258 in
432 1207 558 1275 alia,
586 1221 640 1263 et
662 1214 819 1280 quale
835 1230 1176 1285 augmentum
1205 1230 1570 1295 acceperimus
1598 1234 1647 1288 in
1673 1242 1935 1306 sequenti,

349 1311 482 1365 quas
519 1300 573 1355 in
615 1303 769 1358 nobis
809 1307 1120 1367 affectiones
1160 1320 1508 1376 correximus.
1558 1323 1670 1380 Nisi
1698 1329 1838 1383 enim
1868 1332 1936 1384 ita

346 1387 509 1442 vitam
565 1403 804 1448 nostram
863 1397 1287 1472 instituerimus,
1346 1425 1697 1485 magnamque
1742 1421 1936 1477 anima:

345 1490 545 1536 nostra:
577 1497 762 1540 curam
793 1493 1137 1560 gesserimus,
1184 1496 1314 1552 nihil
1345 1502 1498 1556 nobis
1523 1507 1638 1560 usui
1667 1509 1769 1562 erit
1793 1510 1935 1580 jeju-

342 1571 511 1639 nium,
543 1575 626 1628 vel
654 1576 828 1633 inedia
855 1597 1010 1652 quam
1039 1588 1350 1655 toleramus,
1385 1599 1676 1664 praesertim
1708 1601 1751 1655 si
1781 1619 1929 1659 corn-

340 1665 477 1731 perti
531 1663 792 1726 fuerimus
842 1674 1121 1733 inferiores
1176 1681 1239 1736 iis
1291 1688 1379 1754 qui
1436 1698 1638 1745 tantum
1694 1696 1926 1752 studium

337 1754 654 1826 colligendis
683 1762 876 1831 Opibus
913 1765 1228 1838 impendunt
1268 1793 1282 1828 :
1324 1777 1524 1833 nullum
1564 1785 1705 1838 enim
1735 1786 1926 1844 horum

335 1844 598 1916 invenies,
629 1851 719 1921 qui
745 1869 848 1909 non
877 1872 1083 1916 summa
1101 1865 1368 1934 vigilantia
1394 1870 1618 1941 laboret,
1649 1893 1756 1947 quo
1779 1883 1923 1950 prio-

332 1937 479 1992 ribus
494 1943 732 2008 quotidie
756 1946 952 2017 aliquid
975 1952 1207 2022 adjiciat,
1227 1961 1382 2031 etqui
1401 1979 1648 2034 umquam
1666 1937 1920 2030 satietur:

328 2031 420 2084 sed
459 2043 662 2101 quanto
701 2037 1006 2096 facultatum
1053 2049 1224 2118 major
1250 2063 1334 2107 est
1363 2061 1634 2125 accessio,
1681 2073 1830 2119 tanto
1867 2080 1920 2122 et

327 2134 512 2176 curam
543 2133 601 2177 et
644 2127 879 2183 Studium
909 2148 1063 2189 suum
1105 2141 1333 2208 amplius
1377 2145 1622 2205 intendit.
1681 2152 1830 2222 Quod
1873 2160 1915 2214 si

327 2209 411 2264 ubi
441 2213 680 2269 studium
707 2229 789 2272 est
815 2220 1000 2278 inutile
1020 2267 1035 2292 ,
1068 2239 1121 2282 et
1147 2229 1346 2287 divitiae
1376 2252 1773 2314 nonnumquam
1802 2264 1914 2302 ma-

323 2313 480 2367 gnam
512 2305 703 2360 salutis
726 2311 919 2366 anima:
954 2315 1214 2384 jacturam
1254 2323 1515 2394 afferunt,
1563 2342 1708 2389 tanta
1736 2347 1910 2396 tamen

320 2393 591 2464 vigilantia
621 2413 711 2454 res
752 2415 1012 2472 aguntur,
1066 2415 1336 2478 quomodo
1383 2435 1487 2475 non
1535 2427 1702 2480 multo
1744 2434 1910 2502 magis

320 2485 456 2540 istud
503 2501 590 2545 est
637 2494 974 2565 faciendum,
1024 2503 1110 2558 ubi
1155 2505 1443 2578 diligentia:
1481 2517 1642 2571 multa
1672 2485 1909 2581 succedit

317 2580 515 2634 utilitas
541 2624 557 2647 ,
587 2583 974 2660 ineﬂ'abilisque
998 2609 1207 2652 merces
1231 2614 1294 2655 ac
1320 2602 1522 2660 lucrum
1551 2609 1906 2671 immensum?

313 2668 442 2725 Nam
471 2673 583 2728 illic
623 2678 837 2746 quidem
863 2694 1060 2753 praeter
1089 2687 1203 2746 huic
1229 2696 1406 2750 omnia
1437 2696 1592 2755 ﬂuxae
1616 2668 1901 2763 admodum

312 2771 364 2814 et
391 2761 613 2818 incerta:
640 2766 874 2838 divitiae,
925 2774 1187 2833 instabilis
1224 2785 1564 2849 pecuniarum
1595 2799 1897 2861 possessio:

309 2866 414 2904 non
441 2855 618 2908 solum
649 2861 811 2927 quod,
842 2862 1155 2923 imminente
1183 2883 1373 2939 morte,
1408 2877 1534 2948 ipsae
1561 2881 1648 2937 hic
1679 2901 1900 2943 manen-

309 2951 407 3007 tes,
436 2945 641 3002 nullam
664 2951 742 3006 eis
764 2954 850 3023 qui
872 2955 989 3010 illas
1005 2961 1270 3031 collegere
1291 2945 1567 3026 utilitatem
1589 2978 1892 3034 conferant:

304 3033 395 3086 sed
424 3036 586 3090 etiam
615 3041 756 3108 quod
787 3049 1126 3104 manentibus
1158 3052 1243 3106 hic
1268 3061 1501 3126 pecuniis
1525 3105 1539 3128 ,
1573 3081 1763 3136 magna
1805 3088 1891 3126 se-

303 3126 526 3182 veritate
578 3142 838 3201 cogentur
877 3135 944 3192 de
993 3140 1122 3210 ipsis
1164 3145 1288 3201 alibi
1334 3151 1599 3209 rationem
1643 3161 1886 3216 reddere.

301 3212 454 3284 Sarpe
495 3235 709 3292 quoque
749 3227 942 3283 accidit
991 3240 1048 3286 ut
1092 3245 1216 3290 ante
1262 3251 1485 3297 mortem
1529 3257 1648 3314 post
1694 3255 1890 3310 multos

301 3305 506 3361 labores
531 3353 547 3376 ,
607 3322 662 3367 et
689 3316 941 3384 sudores,
988 3333 1146 3392 atque
1169 3341 1454 3399 :crunmas,
1484 3340 1631 3404 quasi
1661 3345 1887 3409 procella

297 3399 525 3464 quadam
569 3403 844 3474 ingruente
889 3415 1222 3482 negotiorum
1267 3399 1620 3496 difficultate,
1662 3399 1886 3505 repente

293 3493 383 3558 qui
434 3494 691 3562 plurimas
737 3503 1046 3568 possidebat
1101 3509 1345 3580 divitias,
1404 3519 1483 3572 vel
1531 3493 1884 3593 pauperrimis

292 3583 459 3640 factus
505 3588 576 3642 sit
622 3596 923 3662 pauperior.
975 3599 1160 3665 Qualia
1204 3605 1423 3676 singulis
1467 3610 1654 3670 diebus
1703 3619 1882 3677 videre

290 3679 566 3749 contingit.
624 3684 783 3750 Atqui
832 3688 882 3742 in
925 3693 1182 3760 spirituali
1216 3701 1576 3768 negotiatione
1603 3707 1734 3763 nihil
1777 3716 1880 3768 tale

286 3765 684 3829 formidandum
715 3795 961 3850 umquam
994 3801 1008 3838 :
1037 3787 1244 3843 stabilis
1280 3793 1420 3846 enim
1465 3797 1549 3850 illa
1576 3810 1631 3853 et
1659 3802 1873 3860 innnota

287 3873 500 3927 manet,
545 3875 598 3920 et
629 3869 714 3922 ubi
744 3885 805 3924 ea
835 3875 1058 3928 multum
1104 3895 1362 3951 egemus,
1407 3885 1477 3940 ibi
1525 3889 1593 3944 ab
1639 3892 1727 3947 illa
1761 3897 1873 3966 ipsa

285 3952 508 4008 multum
540 3960 917 4018 consolationis
943 3968 1249 4038 accipimus.

352 4043 407 4096 3.
442 4044 594 4102 Nihil
625 4053 830 4118 prodest
861 4056 1155 4125 jejunium,
1191 4080 1346 4132 neque
1383 4072 1556 4126 concio
1594 4076 1703 4130 sine
1732 4079 1872 4134 bonis

282 4139 532 4205 operibus.
564 4170 636 4180 —
664 4143 826 4213 Igitur
853 4147 978 4201 dum
1023 4159 1233 4222 tempus
1279 4157 1569 4230 habemus,
1617 4167 1864 4237 obsecro,

281 4229 360 4281 vel
387 4230 579 4284 saltem
606 4233 657 4286 id
688 4237 844 4291 studii
875 4241 1242 4309 impendamus
1269 4252 1629 4318 spiritualihus
1673 4267 1866 4317 merci-

278 4319 374 4376 bus
402 4326 784 4394 conquirendis
804 4372 818 4394 ,
862 4334 1001 4400 quod
1033 4336 1120 4390 alii
1164 4341 1216 4393 in
1268 4345 1530 4409 perituras
1559 4351 1860 4418 collocant;

277 4428 448 4483 neque
473 4416 542 4468 ab
589 4416 689 4472 hac
734 4423 1086 4482 sollicitudine
1128 4445 1432 4502 cessemus,
1475 4439 1517 4492 si
1562 4453 1705 4498 recte
1736 4448 1861 4515 quid

273 4511 450 4558 actum
495 4505 692 4573 fuerit,
730 4513 810 4566 vel
857 4513 899 4567 si
941 4516 1170 4586 aliquam
1200 4522 1539 4582 alfectionum
1567 4535 1720 4588 nobis
1746 4553 1861 4590 mo.

274 4593 530 4650 lestarum
562 4615 752 4671 magna
779 4605 1044 4674 vigilantia
1083 4613 1540 4684 proﬂigaverimus
1564 4665 1578 4686 ,
1624 4634 1681 4680 ut
1726 4643 1858 4682 con-

271 4688 509 4744 scientia:
539 4692 679 4747 bono
710 4695 950 4754 instructi
990 4704 1294 4760 testimonio
1317 4750 1332 4776 ,
1363 4713 1671 4783 multiplicis
1711 4721 1859 4776 volu-

272 4785 428 4850 ptatis
456 4784 686 4841 fructum
717 4793 1090 4860 percipiamus.
1144 4799 1325 4870 Neque
1353 4806 1495 4866 enim
1534 4808 1634 4864 hoc
1680 4813 1854 4870 solum

268 4876 560 4943 quteritur,
589 4889 645 4934 ut
671 4880 774 4937 huc
797 4887 1034 4952 quotidie
1053 4893 1458 4962 conveniamus,
1488 4911 1542 4954 et
1568 4903 1634 4958 de
1665 4904 1852 4962 iisdem

265 4972 525 5024 continuo
571 4974 880 5043 audiamus,
927 4989 984 5034 et
1026 4997 1123 5052 per
1168 4993 1330 5041 totam
1377 4989 1848 5064 Quadragesimam

261 5059 585 5128 jejunemus.
637 5065 1074 5140 Quandoquidem
1107 5077 1151 5132 si
1180 5080 1310 5134 nihil
1334 5098 1396 5136 ex
1428 5084 1691 5156 frequenti
1718 5107 1848 5147 con—

264 5159 424 5204 ventu
478 5161 535 5206 et
587 5156 984 5229 admonitione,
1041 5177 1200 5236 atque
1251 5186 1319 5224 ex
1364 5172 1552 5243 jejunii
1610 5189 1849 5250 tempore

261 5241 454 5296 animae
482 5255 682 5302 nostrae
706 5249 891 5307 lucrati
927 5255 1200 5325 fuerimus,
1240 5271 1364 5318 tunc
1390 5282 1494 5320 non
1518 5271 1687 5326 solum
1716 5275 1844 5331 nihil

263 5331 506 5388 utilitatis
529 5335 754 5394 aﬂ‘erent
779 5340 914 5408 haec,
944 5347 1038 5400 sed
1070 5358 1122 5401 et
1149 5353 1365 5419 majoris
1389 5358 1846 5421 condenmationis

260 5424 472 5478 occasio
497 5437 653 5482 erunt
677 5471 691 5494 ,
719 5432 762 5486 si
790 5434 1002 5504 quidem
1035 5448 1174 5494 tanta
1198 5447 1364 5499 curati
1388 5446 1653 5519 diligentia
1684 5454 1840 5512 iidem

257 5527 669 5582 permaneamus
690 5560 709 5588 ,
739 5534 790 5578 et
819 5527 863 5581 si
895 5542 1068 5599 neque
1098 5531 1382 5590 iracundus
1410 5539 1502 5593 fiat
1526 5543 1669 5599 mitis
1692 5587 1706 5612 ,
1739 5564 1838 5604 ne-

256 5618 362 5670 que
388 5603 814 5677 indignabundus
840 5616 891 5670 in
911 5623 1366 5680 mansnetudinem
1386 5643 1442 5683 se
1459 5642 1649 5698 vertat,
1669 5653 1841 5708 neque

256 5693 470 5750 invidus
497 5697 548 5752 in
579 5699 1000 5762 benevolentiam
1031 5726 1090 5767 se
1117 5717 1418 5786 transferat,
1449 5738 1622 5794 neque
1648 5728 1838 5784 insano

255 5784 559 5847 divitiarum
600 5807 784 5854 amore
828 5813 1104 5874 correptus
1150 5806 1371 5866 desistat
1419 5813 1486 5870 ab
1529 5815 1720 5876 affectu
1783 5833 1837 5879 et

1523 386 1589 466 iN
1627 391 1776 447 CAP.
1818 393 1858 448 Ι.
1899 395 2138 456 GENES.
2182 405 2405 470 IlOillL.
2453 419 2540 478 Xl.

2056 975 2218 1034 ferior
2236 984 2304 1038 sit
2328 989 2622 1056 publicanis
2654 975 2817 1069 (Nam
2841 1007 2888 1060 si
2916 975 3128 1082 diligitis
3140 975 3378 1091 eo;

2049 1081 2174 1136 9W“
2195 1111 2208 1134 ι
2241 1073 2443 1147 ῑηίιυὶι.
2476 1086 2600 1151 quid
2622 1095 2843 1161 amplius
2863 1101 3030 1167 facilis
3052 1104 3078 1156 ξ)
3121 1123 3286 1165 nonne
3299 1073 3355 1166 ἐι
3377 1120 3634 1186 publicani

2055 1158 2142 1186 1...-
2178 1165 2364 1186 p--_:,,,,.
2392 1169 2470 1186 ri.
2516 1185 2520 1186 ν
2556 1176 2567 1186 .
2623 1179 2651 1186 -.
2711 1183 2784 1186 ---
2814 1185 2821 1186 ,

2049 1158 2142 1258 (ιοε
2170 1165 2365 1232 faciunt
2389 1169 2598 1242 [Mane
2618 1179 2671 1234 5.
2695 1158 2784 1255 is]
2808 1185 2830 1238 ?
2851 1158 2903 1255 ί,
2933 1191 3026 1245 sed
3053 1204 3106 1248 et
3129 1158 3628 1268 t‘.".'.1ii;..’.;';'iiiiii

2047 1249 2117 1303 ita
2162 1255 2439 1328 instituat,
2487 1275 2624 1323 utet
2672 1249 2915 1333 inimicos
2967 1281 3271 1345 humaniter
3315 1299 3535 1366 aspiciat
3573 1314 3630 1360 et

2043 1356 2286 1414 magnam
2311 1351 2438 1420 ipsis
2467 1360 2740 1418 caritatem
2768 1369 3037 1430 exhibeat.
3085 1377 3238 1445 Quod
3267 1386 3311 1440 si
3331 1351 3624 1451 affectioni-

2040 1433 2140 1490 bus
2169 1439 2304 1508 istis,
2334 1456 2389 1500 et
2414 1449 2532 1504 aliis
2553 1468 2672 1523 qua:
2697 1458 2748 1513 in
2777 1463 2930 1520 nobis
2959 1483 3286 1543 nascuntur,
3316 1488 3622 1552 superiores

2040 1540 2144 1552 mn
2178 1529 2305 1552 ,__‘_.
2329 1551 2353 1552 ρ
2483 1541 2514 1552 ..

3230 1529 3241 1531 -
3271 1529 3286 1543 ,
3317 1529 3622 1552 _--,.-...,....

2040 1540 2146 1582 non
2175 1529 2451 1605 fuerimus,
2482 1541 2605 1599 licet
2630 1551 2867 1618 quotidie
2896 1555 2984 1612 hic
3006 1567 3402 1639 conveniamus,
3436 1587 3489 1631 et
3515 1579 3623 1636 fre-

2036 1623 2320 1688 quentibus
2350 1636 2696 1695 concionibus
2725 1654 2883 1715 atque
2909 1650 3150 1711 doctrina
3193 1668 3338 1718 tanta
3374 1666 3620 1726 institua-

2035 1727 2188 1779 mur,
2239 1727 2600 1795 tantumquea
2621 1731 2826 1802 jejunio
2868 1741 3251 1805 adminiculum
3296 1754 3612 1828 habeamus,

2031 1807 2202 1872 qualis
2241 1813 2344 1866 erit
2370 1816 2524 1874 nobis
2551 1825 2742 1879 venia?
2789 1831 2960 1898 qualis
3005 1834 3286 1896 defensio?
3333 1847 3426 1903 Dic
3469 1808 3611 1908 enini

2031 1897 2160 1952 mihi
2184 1940 2201 1966 ,
2246 1903 2468 1964 obsecro
2492 1951 2507 1977 ,
2542 1913 2585 1966 si
2632 1931 2852 1986 puerum
2884 1934 3027 1980 tuum
3054 1934 3288 1999 quotidie
3315 1940 3526 1998 videres
3553 1947 3602 2000 iu

2029 1986 2208 2044 ludum
2237 1995 2338 2062 ire,
2369 2008 2423 2053 et
2444 2004 2610 2060 multo
2635 2008 2816 2079 elapso
2838 2022 3076 2086 tempore
3097 2023 3229 2079 nihil
3254 2027 3383 2085 lucri
3412 2035 3604 2099 facere,

2024 2081 2357 2150 patienterne
2383 2093 2596 2151 ferres?
2643 2117 2820 2159 nonne
2846 2116 2898 2160 et
2920 2123 3142 2178 puerum
3172 2120 3487 2181 verberares
3505 2169 3520 2191 ,
3548 2143 3607 2186 et

2022 2177 2332 2244 magistrum
2363 2191 2656 2254 argueres?
2683 2205 2737 2248 et
2756 2198 2799 2250 si
2817 2198 3011 2258 deinde
3035 2206 3272 2267 disceres
3288 2219 3598 2286 magistrum

2019 2279 2180 2323 omne
2204 2274 2343 2340 quod
2370 2276 2530 2334 ofﬁcii
2559 2285 2638 2338 sui
2668 2298 2783 2342 erat
2810 2291 3000 2351 fecisse
3019 2339 3034 2363 ,
3069 2311 3121 2355 et
3158 2303 3314 2372 plane
3357 2274 3599 2368 intermi-

2016 2360 2151 2416 sisse
2171 2363 2320 2432 nihil,
2340 2372 2486 2438 pueri
2507 2384 2682 2432 autem
2702 2379 2962 2450 ignaviam
2975 2403 3186 2448 causam
3204 2410 3325 2454 esse
3337 2405 3596 2462 omnium:

2015 2466 2193 2509 nonne
2221 2455 2638 2529 indignationem
2667 2486 2878 2529 omnem
2911 2477 2964 2533 in
3002 2495 3223 2550 puerum
3255 2493 3594 2566 transferres,

2015 2560 2120 2600 non
2160 2548 2271 2616 jam
2318 2569 2574 2614 accusans
2617 2566 2973 2635 magistrum?
3019 2574 3251 2646 ldipsum
3278 2594 3333 2638 et
3362 2586 3448 2643 hic
3467 2591 3592 2659 jure

2015 2635 2216 2659 LL“,
2408 2656 2415 2659 λ
2492 2649 2535 2659 ,,
2707 2657 2715 2659 _

2011 2635 2309 2696 faciendum
2340 2656 2439 2700 est.
2491 2649 2599 2706 Nos
2631 2657 2773 2712 enim
2794 2701 2809 2726 ,
2836 2663 2956 2731 quia
2987 2681 3080 2733 per
3104 2673 3328 2738 gratiam
3356 2635 3589 2737 divinam

2007 2729 2072 2782 ad
2109 2729 2211 2786 hoc
2253 2734 2500 2794 destinati
2529 2759 2745 2815 sumus,
2789 2729 2938 2820 quasi
2988 2761 3293 2827 spirituales
3322 2771 3338 2801 ²
3369 2773 3506 2828 filios
3539 2778 3588 2830 in

2007 2818 2168 2876 hasce
2196 2824 2407 2884 scholas
2435 2847 2528 2886 vos
2549 2838 2786 2903 quotidie
2815 2858 3087 2915 vocantes,
3119 2856 3407 2916 salutarem
3433 2866 3584 2920 vobis

2003 2909 2299 2970 doctrinam
2351 2925 2694 2992 preponimus
2737 2949 2751 2984 :
2797 2948 2970 3005 neque
3011 2955 3070 2995 ea
3124 2961 3243 3013 quae
3288 2967 3352 3005 ex
3401 2969 3580 3011 nostra

2003 3013 2183 3060 mente
2212 3012 2627 3081 excogitavimus
2650 3059 2666 3086 ,
2712 3023 2806 3078 sed
2834 3042 2896 3082 ea
2924 3024 3041 3100 qua:
3071 3049 3100 3088 a
3130 3036 3354 3096 Domino
3384 3061 3478 3114 per
3503 3051 3586 3102 di-

2940 3095 2956 3100 _
3338 3095 3345 3096 ,
3384 3095 3466 3114 τ--

2003 3095 2152 3150 vinas
2174 3098 2475 3170 Scripturas
2505 3109 2657 3166 nobis
2692 3113 2885 3172 donata
2912 3133 3066 3190 sunt,
3112 3127 3165 3182 in
3193 3135 3424 3191 medium
3451 3142 3581 3195 affe-

1997 3187 2163 3243 rimus
2201 3191 2396 3264 illaque
2422 3198 2572 3254 vobis
2607 3201 2911 3274 frequenter
2939 3213 3286 3276 inculcamus.
3341 3227 3396 3281 Si
3427 3245 3575 3300 ergo,

1995 3293 2114 3333 cum
2162 3297 2258 3338 nos
2301 3301 2513 3344 onmem
2557 3293 2904 3356 adhibeamus
2941 3308 3264 3376 vigilantiam
3309 3332 3574 3392 omneque

1995 3371 2215 3392 -..μεω
2322 3385 2333 3392 .
2768 3389 2779 3392 _

2995 3371 3017 3376 -
3366 3371 3574 3392 q"_,_-

1992 3371 2252 3440 δηιάίυιην
2285 3385 2340 3431 ει
2370 3395 2462 3435 vos
2491 3387 2726 3452 quotidie
2767 3389 2818 3445 in
2851 3394 2990 3449 viam
3030 3402 3268 3458 veritatis
3293 3406 3568 3478 ducamus,
3647 3485 3651 3490 .

1992 3477 2083 3490 ινιιη
2113 3465 2160 3490 ζ...
2187 3467 2365 3490 ΖΖΑΔΑΔ-
2709 3483 2718 3490 .
2874 3488 2882 3490 .

1991 3477 2085 3517 Vos
2113 3465 2162 3518 in
2187 3467 2370 3534 iisdem
2401 3483 2752 3542 perseveretis
2782 3488 2934 3542 malis
2959 3509 2973 3541 :
3003 3494 3231 3562 cogitate
3260 3514 3488 3568 quantus
3518 3519 3572 3562 et

1990 3563 2170 3608 noster
2187 3559 2256 3612 sit
2277 3560 2480 3620 futurus
2496 3567 2666 3638 dolor,
2689 3582 2743 3627 et
2767 3590 2958 3645 quanta
2978 3595 3147 3638 vestra
3171 3591 3566 3664 condcnmatio,

1986 3659 2054 3698 ne
2100 3647 2222 3715 quid
2262 3650 2432 3707 dicam
2473 3661 2733 3717 acerbius.
2783 3668 3034 3733 Quamvis
3059 3678 3199 3732 enim
3232 3698 3328 3736 nos
3357 3687 3564 3758 crimini

3371 3738 3402 3740 "
3420 3738 3564 3758 """T

1985 3749 2088 3789 non
2120 3738 2286 3795 simus
2307 3743 2540 3813 obnoxii,
2573 3761 2627 3804 ut
2654 3755 2740 3822 qui
2768 3758 2895 3812 nihil
2922 3770 3404 3838 prmtermittamus,
3425 3781 3564 3847 quod

1985 3824 2046 3847 -.Ι
2077 3839 2240 3847 -.-μ-μ-
2457 3837 2468 3847 ⁸
2693 3844 2749 3847 "-

2922 3824 2935 3830 -
3328 3824 3404 3838 —"
3427 3824 3562 3847 *ι’-ν*-

1982 3824 2051 3877 ad
2077 3839 2305 3885 vestram
2338 3837 2598 3902 pertineat
2623 3844 3063 3918 tedificationem;
3114 3866 3288 3915 tamen
3318 3869 3439 3935 quia
3473 3885 3562 3925 ve-

1980 3926 2104 3971 strte
2133 3921 2314 3977 salutis
2341 3940 2523 3982 curam
2566 3935 2798 4000 gerimus
2822 3979 2838 4004 ,
2889 3939 3007 3997 ideo
3047 3962 3152 4000 non
3193 3965 3474 4020 possumus
3508 3962 3559 4014 id

1980 4025 2084 4064 non
2115 4015 2346 4091 graviter
2382 4018 2542 4076 ferre.
2595 4025 2724 4092 Quia
2773 4039 2827 4085 et
2863 4032 3052 4090 doctor
3075 4054 3195 4095 cum
3226 4046 3371 4101 videt
3398 4049 3563 4106 disci-

1978 4103 2156 4170 pulum
2183 4108 2385 4163 nullum
2410 4127 2475 4166 ex
2501 4128 2627 4170 cura
2665 4133 2758 4174 sua
2799 4123 3026 4181 fructum
3057 4129 3233 4190 facere
3253 4179 3268 4202 ,
3302 4155 3406 4195 non
3441 4147 3558 4198 vul-

1974 4197 2169 4263 gariter
2194 4199 2336 4256 dolet
2369 4213 2420 4260 et
2449 4209 2645 4277 gemit,
2693 4214 2879 4270 videns
2910 4235 2968 4274 se
2997 4237 3209 4282 omnem
3241 4231 3476 4290 laborent
3505 4249 3558 4293 et

1974 4302 2188 4356 operam
2223 4296 2463 4361 perdere.

2042 4383 2094 4436 4.
2137 4385 2262 4440 llaec
2287 4406 2428 4446 nunc
2446 4393 2625 4462 dico‘,
2657 4415 2758 4454 non
2784 4411 2842 4457 ut
2865 4407 3137 4465 caritatem
3164 4426 3390 4474 vestram
3420 4439 3556 4478 moe-

1970 4489 2091 4530 rore
2119 4477 2368 4548 afﬁciam,
2398 4486 2491 4540 sed
2541 4480 2848 4550 ut'excitem
2895 4511 2947 4554 et
2979 4501 3236 4561 instruant
3257 4552 3272 4573 ,
3315 4530 3420 4581 quo
3450 4534 3553 4574 non

1967 4564 2161 4623 frustra
2187 4571 2402 4640 jejttniis
2428 4593 2620 4648 corpus
2644 4587 2936 4657 eaStigetis,
2969 4609 3142 4665 neque
3177 4609 3376 4658 temere
3419 4618 3472 4661 et
3503 4613 3554 4664 in

1965 4671 2158 4713 vanum
2209 4662 2320 4718 dies
2365 4666 2794 4742 Quadragesimze
2842 4694 3041 4739 sancta:
3091 4693 3411 4761 transigatis.
3486 4700 3554 4754 lit

1960 5022 2162 5077 lucrum
2202 5028 2412 5098 aliquod
2452 5036 2727 5106 spirituale
2776 5043 2827 5097 in
2873 5047 3025 5102 nobis
3065 5067 3418 5125 reponamus,
3461 5061 3542 5115 vel

1957 5128 2052 5183 per
2077 5131 2286 5185 preces,
2316 5123 2399 5177 vel
2429 5141 2525 5194 per
2548 5132 2935 5190 confessionem
2957 5180 2973 5204 ,
3015 5143 3094 5195 vel
3128 5160 3220 5212 per
3239 5148 3541 5227 eleemosy-

1955 5221 2081 5273 nas,
2116 5210 2197 5264 vel
2226 5227 2322 5281 per
2346 5215 2519 5286 aliqua
2545 5222 2648 5275 alia
2686 5225 2977 5293 spiritualia
3006 5232 3144 5290 bona
3175 5242 3376 5307 opera?
3405 5210 3537 5298 Nain

1953 5297 1996 5350 si
2020 5297 2216 5355 Paulus
2246 5313 2422 5360 tantus
2449 5317 2503 5362 et
2531 5312 2669 5378 talis,
2693 5316 2779 5384 qui
2803 5333 2994 5378 arcana
3026 5323 3114 5378 illa
3136 5297 3294 5383 verba
3315 5333 3536 5402 audivit,
3571 5367 3604 5396 ς,

1951 5404 2069 5457 quae
2100 5406 2268 5462 usque
2295 5395 2346 5450 in
2377 5396 2690 5459 hodiernum
2729 5407 2870 5464 diem
2911 5413 3087 5471 nullus
3125 5425 3388 5490 cognovit,
3421 5426 3536 5482 ch-
3572 5429 3585 5476 ἱ

1950 5479 2130 5536 mabat
2154 5483 2378 5542 dicens:
2415 5489 2650 5556 Quotidie
2668 5500 2876 5566 morior,
2910 5521 3000 5574 per
3029 5519 3243 5564 vestram
3268 5514 3534 5584 gloriatio-
3586 5506 3600 5522 K

1949 5584 2058 5622 nem
2081 5570 2153 5642 (i.
2184 5572 2301 5628 Cor.
2328 5577 2409 5634 i5.
2437 5580 2527 5652 3f)
2551 5598 2564 5634 :
2608 5583 2808 5643 docens
2837 5570 2954 5659 nos,
2987 5610 3046 5650 se
3073 5598 3150 5654 sic
3177 5570 3412 5672 seipsum
3439 5570 3540 5675 pro

1947 5659 2141 5728 pietate
2168 5666 2414 5732 periculis
2443 5677 2772 5744 exposuisse,
2802 5691 2858 5735 ut
2877 5687 3114 5751 quotidie
3133 5694 3289 5748 morti
3321 5695 3532 5756 vicinus

2011 5776 2028 5858 ξ
2053 5770 2155 5858 [sex
2182 5785 2308 5838 Mss,
2335 5781 2681 5858 dilectosnpro,
2698 5791 2996 5858 spirituales.

1957 5873 1963 5878 ι
2006 5839 2028 5871 ³
2049 5840 2173 5902 Reg.
2201 5857 2342 5908 unus,
2370 5839 2803 5903 Porro-Iia'c'di't'o.
