4040 6378
368 429 436 486 95

365 548 544 595 esset:
575 544 631 589 et
662 530 802 602 quod
842 536 1027 582 natura
1060 536 1165 576 non
1197 520 1298 575 fert
1326 516 1439 585 (uni
1478 513 1620 568 enim
1660 505 1819 561 morti
1846 502 1945 557 ob-

369 633 512 687 noxii
539 641 726 683 sumus
752 622 985 685 omnes),
1019 617 1119 669 hoc
1156 614 1271 681 ipse
1304 604 1558 679 pertinaci
1589 616 1687 658 suo
1713 598 1953 653 instituto

373 724 581 794 agebat,
613 714 820 772 tametsi
852 710 1114 777 benignus
1135 705 1279 759 Dens
1304 700 1451 754 illum
1481 693 1717 766 quotidie
1742 692 1794 744 in
1823 688 1955 743 alio-

375 784 489 871 rum
550 784 777 866 salutem
804 807 1213 858 conservaret:
1251 791 1475 865 proinde
1520 789 1566 843 si
1614 786 1703 840 ille
1746 784 1835 853 qui
1879 788 1956 833 tot

373 904 641 976 praeclaris
679 899 933 970 operibus
960 894 1205 950 excelsus
1242 896 1396 951 erat,
1446 894 1501 939 et
1546 879 1695 951 quasi
1739 873 1957 943 angelus

375 964 534 1068 super
579 964 772 1049 terrain
819 986 1146 1059 apparebat,
1195 978 1433 1051 quotidie
1472 973 1718 1030 studebat
1763 964 1957 1034 aliquid

377 1093 508 1148 lucri
539 1089 731 1149 facere,
756 1093 809 1139 et
839 1098 935 1152 pro
956 1078 1176 1133 veritate
1203 1083 1345 1128 stare
1383 1069 1436 1127 in
1466 1066 1582 1121 acie
1609 1070 1793 1118 contra
1822 1057 1962 1127 peri-

378 1188 496 1241 cula
520 1224 534 1249 ,
579 1177 987 1250 spiritualesque
1023 1170 1123 1224 sibi
1162 1166 1412 1234 colligere
1442 1169 1647 1213 merces
1666 1197 1680 1219 ,
1711 1169 1775 1207 ac
1804 1164 1962 1205 num-

379 1291 538 1347 quam
564 1272 783 1345 gradum
813 1268 1002 1324 sistere
1033 1280 1047 1316 :
1081 1261 1291 1332 qualem
1318 1254 1631 1310 habebimus
1651 1262 1749 1303 nos
1777 1244 1964 1299 defen—

383 1364 714 1433 sionem,qui
730 1376 834 1416 non
862 1358 1034 1413 solum
1061 1352 1216 1408 bonis
1243 1347 1495 1419 operibus
1521 1341 1771 1399 omnibus
1798 1334 1965 1391 desti-

385 1461 480 1514 tuti
508 1470 725 1519 sumus,
759 1452 853 1507 sed
884 1459 936 1504 et
984 1455 1061 1502 tot
1098 1443 1252 1499 malis
1290 1436 1493 1510 gravati
1537 1445 1762 1503 quorum
1805 1440 1969 1482 unum

388 1557 665 1611 dumtaxat
690 1551 742 1604 in
787 1548 959 1617 ipsum
990 1536 1300 1612 perditionis
1346 1526 1664 1602 profundum
1691 1521 1973 1578 detrudere

391 1662 489 1703 nos
519 1645 728 1715 possit,
774 1616 1082 1705 nullumque
1110 1638 1368 1703 praeterea
1399 1622 1631 1679 studium
1672 1616 1825 1672 nobis
1868 1621 1973 1678 est,

394 1752 451 1797 ut
472 1741 555 1796 vel
579 1739 768 1793 saltem
792 1737 907 1788 haac
931 1722 1316 1785 emendemns?
1342 1734 1463 1775 cum
1492 1724 1667 1770 autem
1697 1711 1835 1765 idem
1862 1708 1977 1777 ipse

394 1848 537 1902 stupe
565 1830 862 1900 reperiatur
893 1838 998 1877 non
1028 1818 1117 1873 uni
1159 1813 1378 1884 flagitio,
1424 1807 1516 1864 sed
1546 1802 1787 1877 pluribus
1807 1800 1978 1853 obno-

398 1929 537 1991 xius,
568 1899 688 1979 cum
717 1933 910 1987 nempe
933 1925 987 1970 et
1009 1909 1292 1968 iracundus
1318 1906 1387 1959 sit
1420 1912 1474 1957 et
1497 1901 1881 1966 intemperans,
1927 1899 1982 1945 et

396 2031 609 2081 avarus,
633 2023 686 2069 et
714 2009 945 2071 invidus,
973 2015 1028 2061 et
1049 2003 1195 2059 ferox
1217 2040 1233 2065 ,
1263 2007 1317 2053 et
1342 2009 1514 2065 neque
1544 1991 1657 2044 ham
1689 1984 1980 2054 corrigere,

399 2123 573 2177 neque
596 2104 805 2159 virtutis
830 2114 991 2169 opera
1019 2096 1281 2163 attingere
1306 2087 1452 2151 velit,
1480 2080 1653 2154 qualis
1681 2087 1864 2148 postea
1883 2073 1986 2128 erit

402 2172 526 2272 spes
549 2196 773 2255 salutis?
820 2194 944 2248 Hmc
969 2190 1091 2244 dico
1112 2228 1126 2251 ,
1158 2193 1213 2240 et
1257 2182 1437 2236 dicere
1466 2192 1575 2231 non
1614 2172 1876 2232 desinam,
1930 2174 1988 2219 ut

404 2294 676 2350 auditores
704 2302 860 2343 suum
905 2282 1100 2353 quique
1126 2273 1418 2333 remedium
1446 2266 1712 2335 accipiant
1740 2278 1805 2317 ex
1834 2259 1989 2314 dictis

404 2383 641 2445 nostris,
705 2388 761 2432 et
815 2352 1106 2435 studeant,
1167 2376 1224 2422 ut
1272 2362 1451 2419 statim
1507 2359 1575 2413 ab
1623 2352 1989 2410 aﬂ‘ectionibus

408 2483 641 2529 mentem
686 2467 1018 2524 turbantibus
1078 2461 1405 2519 liberentur,
1455 2448 1992 2511 convalescentesque

409 2572 661 2622 virtutum
691 2561 878 2617 studiis
904 2555 1126 2628 posthac
1154 2567 1212 2605 se
1236 2542 1661 2603 accommodent.
1684 2536 1897 2593 Etenim
1930 2534 1994 2587 iis

409 2661 498 2730 qui
539 2653 805 2725 corporali
845 2649 1033 2705 morbo
1086 2645 1361 2705 laborant,
1415 2633 1654 2707 quamvis
1696 2627 1995 2685 sexcenties

410 2751 649 2808 medicus
684 2743 917 2803 remedia
945 2744 1209 2809 apponat,
1254 2733 1299 2787 si
1338 2744 1481 2799 aeger
1513 2734 1688 2779 autem
1716 2716 1996 2775 medicina:

412 2842 774 2914 Operationem
803 2851 909 2889 non
935 2830 1199 2889 admittat,
1230 2832 1286 2878 et
1311 2834 1454 2889 saepe
1482 2822 1825 2875 succensens,
1855 2815 1999 2877 post-

414 2951 575 3008 quam
627 2930 866 2986 medicus
917 2918 1229 2994 imposuerit
1281 2914 1623 2984 pharmacum
1654 2947 1669 2971 ,
1721 2899 2001 2970 impatiens

418 3001 622 3085 doloris
651 3022 780 3079 illud
810 3018 1049 3089 rejiciat,
1103 3011 1245 3066 nulla
1289 3006 1415 3061 inde
1462 3002 1687 3057 utilitate
1733 3001 1997 3061 suscepta,

422 3135 581 3176 nemo
632 3114 867 3186 prudens
912 3108 1175 3163 medicum
1225 3097 1497 3169 arguerit,
1545 3089 1686 3163 quod
1716 3102 1821 3142 non
1850 3098 2002 3139 suum

422 3214 591 3285 egerit
615 3208 848 3265 officium
880 3218 895 3256 :
925 3200 1114 3257 eodem
1146 3193 1305 3250 modo
1330 3199 1384 3245 et
1405 3189 1489 3242 hic
1512 3200 1611 3240 nos
1641 3181 1971 3237 medicamen
1991 3209 2005 3217 -

425 3319 537 3362 tum
589 3319 654 3358 ex
705 3295 965 3369 spirituali
1017 3289 1256 3345 doctrina
1299 3283 1596 3337 confectum
1645 3272 2005 3345 impoaimus;

428 3406 662 3454 vestrum
695 3368 870 3444 autem
894 3383 1117 3455 posthac
1146 3377 1304 3433 fuerit
1324 3374 1467 3428 ferre
1492 3368 1725 3431 dolores,
1751 3374 1803 3418 et
1829 3375 2010 3416 curam

427 3504 550 3544 cum
575 3485 801 3540 utilitate
828 3478 1129 3538 admittere,
1156 3479 1213 3525 ut
1237 3485 1267 3523 a
1293 3465 1479 3521 morbo
1499 3460 1729 3525 liberati,
1746 3456 1809 3511 ad
1832 3468 2011 3509 veram

432 3572 806 3651 regrediamini
851 3568 1155 3624 sanitatem.
1208 3561 1299 3616 Sic
1338 3558 1481 3613 enim
1528 3562 1583 3609 et
1631 3550 1729 3620 ipsi
1772 3561 2013 3616 magnam

432 3643 733 3743 percipiens
761 3663 1064 3723 utilitatem,
1094 3664 1149 3711 et
1175 3667 1271 3708 nos
1293 3665 1400 3705 non
1428 3645 1635 3702 modica
1666 3643 1789 3696 hinc
1815 3653 2017 3695 conso-

435 3764 632 3819 latione
652 3757 964 3818 afliciemur,
994 3751 1037 3804 si
1065 3745 1355 3802 viderimus
1382 3753 1495 3803 eos,
1527 3737 1613 3807 qui
1640 3734 1784 3804 prius
1811 3731 2019 3785 labora-

435 3856 583 3918 bant,
616 3861 723 3906 tam
752 3848 857 3902 cito
883 3847 1075 3901 bonam
1102 3834 1457 3892 valetudinem
1490 3838 1853 3896 recuperasse.

510 3945 662 3999 Ratio
688 3941 911 3993 humana
943 3942 1101 4005 potest
1128 3927 1297 3983 omnia
1342 3925 1463 3977 vitia
1506 3920 1771 3983 edomare;
1804 3913 2023 3967 Paulum

440 4037 703 4109 praedicat.
727 4063 798 4072 —
814 4027 1189 4096 Unusquisque
1209 4034 1335 4089 ergo
1374 4022 1609 4069 vestrum
1628 4052 1642 4077 ,
1676 4009 1900 4062 obsecro
1920 4048 1933 4068 ,
1979 4004 2024 4057 si

444 4146 550 4186 non
580 4136 754 4189 antea,
778 4122 964 4177 saltem
994 4130 1135 4171 nunc
1160 4124 1377 4183 operam
1404 4107 1492 4161 det
1518 4146 1532 4169 ,
1570 4112 1630 4157 ut
1672 4099 1856 4155 vitium
1885 4095 2025 4165 quod

447 4223 546 4277 sibi
586 4218 756 4288 magis
795 4227 952 4283 quam
1000 4217 1190 4262 caetera
1235 4201 1481 4257 infestum
1531 4194 1694 4250 sentit
1741 4207 1807 4247 ex
1850 4189 2026 4242 anima

450 4280 703 4375 exsecet:
727 4315 783 4363 et
813 4280 904 4377 pia
946 4299 1264 4371 cogitatione
1306 4292 1453 4363 quasi
1500 4283 1759 4357 spirituali
1801 4280 2029 4352 quodam

448 4405 626 4477 gladio
650 4373 838 4465 utens,
857 4396 1088 4465 seipsum
1112 4390 1179 4444 ab
1204 4402 1269 4441 eo
1289 4385 1501 4440 liberet.
1533 4378 1688 4435 Dedit
1708 4376 1849 4432 enim
1878 4373 2033 4428 nobis

454 4501 594 4553 Deus
622 4494 882 4550 rationem
932 4501 1051 4558 qua;
1098 4478 1323 4537 sufficiat
1368 4483 1423 4531 et
1460 4473 1664 4544 possit,
1715 4468 1760 4524 si
1810 4466 2035 4521 velimus

454 4603 640 4661 parum
668 4582 959 4652 reSpicere,
979 4575 1157 4632 omnia
1181 4586 1299 4641 quae
1335 4569 1385 4623 in
1408 4564 1561 4621 nobis
1590 4568 1879 4616 nascuntur
1909 4555 2031 4609 vitia

454 4682 693 4738 domare.
745 4676 1031 4742 Propterea
1057 4668 1216 4722 etiam
1257 4669 1558 4717 sanctorum
1602 4652 1839 4709 omnium
1875 4648 2037 4701 vitam

456 4783 512 4828 et
552 4770 798 4826 instituta
832 4740 887 4818 in
924 4760 1115 4817 divinis
1139 4752 1428 4825 Scripturis
1465 4746 1726 4816 descripta
1750 4783 1765 4809 ,
1810 4740 2040 4812 Spiritus

461 4862 629 4919 sancti
672 4859 839 4931 gratia
875 4853 1117 4923 reliquit,
1162 4858 1219 4903 ut
1261 4847 1528 4902 discentes
1570 4854 1700 4903 eos,
1746 4836 1869 4889 licet
1896 4833 2042 4902 ejus-

463 4957 586 5011 dem
631 4952 826 5007 fuerint
863 4956 1067 5002 naturae
1095 4984 1110 5007 ,
1152 4942 1398 4995 virtutem
1454 4942 1630 4988 tamen
1683 4925 2043 4984 omnimodam

468 5046 807 5108 exhibuisse,
855 5054 923 5095 ne
970 5038 1135 5093 sinms
1189 5046 1288 5087 nos
1331 5026 1503 5097 ignavi
1544 5033 1601 5079 et
1644 5022 1856 5077 desides
1899 5019 1952 5073 in
1983 5018 2047 5072 iis

474 5135 808 5194 exercendis.

540 5230 595 5285 5.
635 5231 827 5283 Annon
867 5230 1070 5277 natura:
1115 5226 1311 5271 nostra:
1341 5210 1438 5265 fuit
1479 5216 1533 5264 et
1578 5207 1764 5262 beatus
1808 5200 2050 5257 Paulus?

472 5324 661 5392 Flagro
682 5319 825 5376 enim
849 5328 1032 5370 amore
1059 5310 1216 5379 hujus
1244 5305 1376 5370 viri,
1419 5311 1475 5358 et
1500 5307 1778 5371 pr0pterea
1799 5295 2053 5350 continuo

476 5423 721 5470 versatur
746 5412 859 5481 ipse
903 5408 955 5460 in
999 5418 1093 5458 ore
1136 5415 1287 5465 meo,
1329 5404 1383 5450 et
1422 5393 1573 5465 quasi
1612 5391 1663 5445 in
1708 5388 2053 5457 archetypum

478 5503 693 5574 aliquod
720 5479 1015 5570 exemplar,
1040 5495 1109 5549 ita
1137 5502 1191 5548 et
1217 5492 1269 5544 in
1301 5489 1442 5543 illius
1469 5483 1699 5540 animam
1736 5479 2053 5548 respiciens,

478 5601 799 5667 obstupesco
824 5594 876 5646 in
905 5593 1006 5644 hoc
1017 5589 1131 5641 viro
1146 5586 1334 5640 mirum
1363 5580 1644 5635 affectuum
1670 5581 2055 5642 contemptum,

482 5664 808 5745 fortitudinis
830 5680 1223 5742 excellentiam,
1248 5673 1446 5729 amoris
1473 5670 1525 5724 in
1555 5669 1721 5723 Deum
1748 5664 2013 5720 fervorem
2043 5678 2057 5715 :

488 5791 544 5836 et
581 5792 790 5834 mecum
833 5782 1059 5844 reputo,
1104 5782 1267 5825 unum
1303 5763 1573 5820 hominem
1614 5772 1803 5815 omnes
1838 5757 2062 5811 virtutes

487 5873 668 5929 studio
693 5882 791 5924 suo
817 5867 871 5922 in
892 5878 954 5922 se
979 5860 1257 5931 collegisse
1290 5863 1347 5911 et
1370 5853 1707 5919 exhibuisse;
1754 5861 1955 5918 nosque
1996 5858 2064 5902 ne

1108 410 1163 466 S.
1206 404 1482 464 JOANNIS
1518 385 1993 454 CllRYSOSTOMl
2035 384 2349 441 ARCHIEP.
2393 381 2931 442 CONSTANTINOP.

3559 374 3627 430 96

2065 499 2339 553 minimum
2372 499 2583 567 quidem
2616 497 2810 550 bonum
2840 510 2975 564 opus
3014 502 3262 563 praestare
3309 492 3461 547 velle.
3508 491 3637 559 Quis

2062 594 2218 662 igitur
2245 606 2341 645 nos
2364 591 2553 659 eripiet
2599 605 2628 643 a
2675 589 2933 657 supplicio
2980 584 3309 640 inevitabili?
3355 584 3485 637 Nam
3517 600 3636 637 cum

2062 684 2302 754 ejusdem
2348 682 2437 737 ille
2482 681 2760 735 nobiscum
2810 679 2967 733 fuerit
2991 692 3212 743 naturze,
3243 676 3503 731 etiisdem
3548 676 3646 729 ob-

2066 776 2255 829 noxius
2281 773 2669 837 affectionibus,
2714 781 2873 841 atque
2901 772 2952 824 in
2985 779 3126 823 tanta
3156 776 3454 837 temporum
3499 766 3643 820 diffi-

2066 868 2280 931 cultate,
2310 867 2578 938 quotidie,
2607 874 2665 919 ut
2693 865 2764 919 ita
2796 864 2969 918 dicam
2993 905 3009 929 ,
3043 872 3268 927 tractus,
3298 861 3558 914 laceratus
3593 869 3650 912 et

2067 960 2279 1031 publice
2322 968 2559 1027 raptatus
2584 958 2651 1012 ab
2680 958 2744 1011 iis
2783 956 2873 1026 qui
2898 954 3327 1026 praedicationem
3371 966 3650 1021 oppugna-

2070 1053 2234 1111 bant.
2266 1051 2355 1120 qui
2398 1058 2452 1104 et
2489 1065 2631 1119 saepe
2661 1049 2829 1117 ipsum
2872 1056 3117 1101 enectum
3144 1045 3554 1104 existimarunt.
3596 1057 3653 1096 et

2071 1143 2220 1212 quasi
2248 1141 2567 1197 destinatam
2592 1140 2769 1193 animo
2793 1137 2994 1193 cardem
3026 1143 3447 1207 perpetrassent,
3478 1134 3651 1202 ipsum

2074 1234 2407 1302 reliquerunt
2444 1249 2458 1285 :
2498 1232 2833 1285 inveniturne
2872 1229 3061 1299 aliquis
3097 1237 3373 1291 nostrum,
3400 1224 3651 1286 desidiae,

2076 1325 2425 1396 segnitieique
2452 1322 2776 1387 deditorum,
2821 1321 2913 1389 qui
2951 1330 3146 1374 tantam
3174 1319 3422 1372 virtutum
3450 1317 3655 1386 magni-

2079 1422 2313 1476 tudinem
2360 1435 2469 1489 prm
2513 1432 2572 1471 se
2617 1416 2787 1471 ferat?
2835 1414 3032 1469 Verum
3078 1422 3277 1482 quanta
3326 1409 3513 1465 beatus
3566 1409 3659 1464 ille

2080 1514 2330 1585 praaclara
2373 1526 2533 1582 opera
2578 1510 2781 1573 fecerit,
2814 1516 2868 1563 et
2905 1505 3297 1571 fortitudinem,
3351 1518 3510 1574 quam
3561 1515 3661 1573 pro

2080 1605 2352 1675 religionis
2400 1602 2776 1674 praedicatione
2822 1597 3059 1671 quotidie
3105 1595 3440 1661 exhibuerit,
3481 1609 3587 1648 non
3628 1609 3661 1648 ει

2084 1706 2263 1753 nostra
2294 1696 2492 1766 lingua,
2536 1694 2630 1749 sed
2673 1691 2742 1748 ab
2789 1694 2906 1763 ipso
2947 1699 3158 1760 oportet
3202 1687 3387 1743 audire
3429 1686 3661 1741 dicente.

2084 1787 2309 1856 Quando
2335 1787 2475 1841 enim
2504 1786 2554 1839 in
2583 1800 2702 1839 eam
2726 1783 2940 1838 devenit
2965 1782 3352 1845 necessitatem,
3374 1788 3429 1832 ut
3450 1787 3667 1848 propter

2087 1876 2653 1948 pseudoapostolorum
2701 1873 2965 1927 fallaciam
3006 1886 3092 1926 res
3120 1884 3245 1924 suas
3272 1884 3525 1924 enarrare
3570 1882 3667 1923 co—

2087 1979 2303 2040 geretur
2333 1984 2345 2020 :
2380 1978 2483 2021 tam
2506 1981 2666 2035 grave
2694 1966 2834 2019 enim
2862 1961 3001 2017 istud
3022 1970 3077 2017 et
3101 1962 3382 2015 molestum
3412 1959 3507 2029 ipsi
3531 1967 3668 2019 erat.

2092 2072 2147 2115 ut
2177 2062 2559 2124 reluctaretur,
2603 2066 2658 2113 et
2698 2070 2985 2126 numquam
3027 2055 3078 2108 in
3107 2053 3337 2108 medium
3379 2067 3441 2109 ea
3479 2050 3673 2107 all'erre

2092 2153 2270 2217 vellet,
2303 2153 2409 2205 imo
2435 2150 2667 2218 seipsum
2695 2148 2916 2203 auderet
2943 2162 3136 2200 vocare
3166 2144 3531 2216 blasphemum
3556 2182 3573 2211 ,
3618 2153 3674 2197 et

2095 2252 2529 2315 persequutorem
2556 2260 2569 2297 :
2599 2240 2846 2311 quoniam
2871 2247 3047 2293 autem
3076 2236 3527 2306 pernecessarium
3555 2249 3675 2289 esse

2098 2334 2325 2400 videret,
2358 2342 2415 2387 ut
2447 2332 2797 2400 impostorum
2829 2345 2921 2383 ora
2948 2329 3287 2393 Obstrueret,
3318 2336 3372 2382 et
3404 2325 3679 2395 discipulis

2099 2443 2312 2497 parvam
2354 2426 2505 2481 daret
2546 2422 2963 2479 consolationem
3010 2438 3024 2474 :
3079 2420 3155 2474 sic
3200 2418 3310 2473 fere
3354 2418 3515 2486 coepit
3560 2426 3681 2485 post

2100 2521 2262 2576 multa
2293 2520 2393 2573 alia
2414 2520 2593 2574 dicere
2618 2536 2629 2570 :
2656 2516 2722 2569 1η
2746 2532 2844 2585 quo
2868 2514 2978 2584 quis
3009 2512 3193 2578 audet,
3225 2528 3313 2581 per
3342 2510 3680 2578 insipientiam

2101 2614 2297 2683 loquor,
2330 2611 2492 2664 audeo
2513 2619 2563 2663 et
2593 2624 2684 2679 ego
2717 2607 2792 2676 (Ξ.
2822 2605 2940 2660 Cor.
2967 2606 3053 2659 Η.
3081 2603 3193 2673 21).
3226 2602 3515 2658 Considera
3544 2601 3682 2670 piam

2101 2705 2366 2765 animam,
2416 2717 2522 2755 non
2561 2701 2732 2754 solum
2763 2698 3037 2751 audaciam
3059 2738 3073 2761 ,
3105 2695 3197 2750 sed
3239 2705 3291 2750 et
3331 2693 3684 2761 insipientiam

2105 2812 2217 2851 rem
2245 2810 2361 2850 eam
2389 2803 2541 2848 vocat
2565 2811 2577 2847 :
2608 2792 2805 2846 docens
2848 2805 2944 2845 nos
2974 2804 3042 2844 ne
3067 2804 3315 2858 umquam
3345 2788 3475 2841 citra
3504 2800 3687 2839 neces-

2108 2888 2319 2942 sitatem
2345 2928 2362 2949 ,
2407 2894 2461 2941 et
2503 2884 2651 2938 nullo
2695 2891 2936 2952 urgente,
2960 2895 3078 2949 quae
3105 2894 3133 2932 a
3160 2878 3314 2931 nobis
3351 2877 3485 2930 facta
3521 2884 3684 2938 sunt,

2108 2991 2457 3045 ostentemns,
2487 2981 2529 3033 si
2559 2978 2770 3047 quidem
2789 2975 2946 3044 aliqui
2969 2990 3034 3028 ex
3059 2971 3213 3026 nobis
3238 2970 3573 3025 inveniantur
3596 2966 3688 3037 qui

2111 3076 2307 3130 bonum
2335 3070 2549 3140 aliquod
2564 3080 2685 3124 sunt
2709 3069 2935 3138 operati.
2955 3064 3021 3118 In
3038 3080 3135 3133 quo
3159 3064 3291 3133 quis,
3311 3062 3501 3130 inquit,
3518 3059 3689 3123 audet,

2112 3184 2201 3237 per
2226 3165 2567 3235 insipientiam
2594 3162 2791 3231 loquor,
2820 3160 2981 3213 audeo
2998 3168 3043 3211 et
3060 3174 3149 3228 ego
3165 3173 3184 3210 :
3208 3155 3308 3210 hoc
3324 3164 3425 3219 est,
3443 3153 3692 3223 quoniam

2113 3274 2212 3328 ego
2242 3259 2461 3311 multam
2487 3254 2641 3308 video
2669 3250 3062 3316 necessitatem,
3087 3246 3284 3303 audere
3304 3246 3443 3307 volo,
3476 3256 3529 3299 et
3570 3242 3697 3298 insi-

2117 3349 2328 3419 pientiae
2358 3361 2492 3416 opus
2520 3344 2795 3401 exhibere.
2831 3341 3030 3395 Hebrwi
3054 3348 3192 3405 sunt,
3236 3348 3282 3393 et
3301 3354 3423 3407 ego;
3449 3334 3698 3390 Israelita:

2117 3450 2255 3505 sunt,
2286 3448 2332 3493 et
2357 3453 2483 3509 ego;
2512 3452 2679 3491 semen
2704 3433 2920 3487 Ain-aha:
2944 3441 3057 3487 sunt
3077 3472 3093 3497 ,
3140 3440 3187 3485 et
3231 3446 3322 3500 ego
3368 3427 3476 3498 (Ib.
3506 3443 3551 3480 υ.
3581 3425 3695 3493 2’2).

2123 3533 2197 3586 De
2226 3531 2346 3593 hoc,
2380 3527 2589 3597 inquit,
2642 3524 2871 3579 sublime
2915 3523 3126 3591 sapiunt
3163 3528 3217 3574 et
3257 3519 3587 3590 gloriantur;
3635 3530 3702 3569 ne

2124 3630 2308 3692 putent
2337 3635 2397 3674 ea
2427 3619 2579 3673 nobis
2604 3617 2828 3680 deesse;
2853 3615 3012 3670 etiam
3059 3626 3156 3667 nos
3195 3609 3504 3666 eorumdem
3541 3606 3703 3678 parti-

2123 3715 2268 3783 cipes
2293 3726 2499 3765 sumus.
2546 3708 2749 3763 Deinde
2788 3704 3014 3775 subjecit
3045 3721 3060 3757 :
3092 3701 3317 3755 Ministri
3344 3700 3531 3754 Christi
3568 3708 3703 3764 sunt,

2124 3817 2179 3860 ut
2203 3805 2370 3858 minus
2397 3804 2597 3873 sapiens
2623 3801 2756 3867 dico,
2792 3799 2906 3869 plus
2930 3812 3022 3868 ego
3064 3794 3173 3866 (Ib.
3201 3810 3249 3848 υ.
3278 3792 3393 3864 23).

2198 3899 2253 3954 6.
2295 3897 2427 3952 Vide
2455 3896 2560 3963 hic,
2587 3894 2806 3957 dilecte,
2846 3891 3015 3945 beatae
3040 3888 3196 3958 hujus
3220 3886 3410 3940 animae
3436 3883 3710 3939 virtutem.

2129 3993 2260 4049 Nam
2291 4001 2567 4062 postquam
2600 4003 2709 4043 rem
2747 4001 2777 4040 a
2823 4000 2883 4039 se
2930 3984 3141 4048 factam,
3187 3979 3459 4034 audaciam
3494 3986 3548 4030 et
3577 3976 3710 4030 insi-

2134 4086 2383 4155 pientiam
2410 4080 2634 4145 vocavit,
2666 4077 2909 4148 quamvis
2945 4075 2997 4129 in
3029 4082 3172 4128 tanta
3210 4080 3352 4126 esset
3392 4067 3715 4123 necessitate

2133 4176 2488 4241 constitutus,
2521 4187 2692 4240 neque
2732 4169 2811 4222 sic
2843 4176 3017 4221 tamen
3062 4163 3218 4219 dictis
3260 4168 3540 4216 contentus
3569 4156 3667 4211 fuit
3699 4173 3713 4209 :

2136 4269 2230 4325 sed
2257 4283 2378 4323 cum
2408 4266 2873 4322 demonstraturus
2897 4266 3040 4316 esset
3068 4271 3126 4312 se
3154 4256 3276 4311 illos
3302 4266 3493 4323 magno
3514 4264 3717 4321 prazce—

2136 4366 2267 4419 dere
2294 4359 2597 4424 intervallo,
2625 4366 2681 4412 ut
2710 4371 2776 4411 ne
2796 4354 2914 4425 quis
2941 4368 3063 4408 eum
3094 4357 3244 4419 putet
3271 4362 3364 4425 per
3401 4342 3720 4400 ostentatio-

2141 4471 2262 4512 nem
2291 4454 2407 4509 hzec
2430 4452 2626 4511 dicere,
2657 4424 2846 4502 iterum
2878 4442 3234 4513 insipientiam
3261 4424 3415 4494 vocat
3437 4434 3582 4507 quod
3604 4450 3636 4489 a
3663 4444 3745 4488 se‘

2141 4548 2433 4610 dicebatur,
2463 4542 2611 4615 quasi
2650 4540 2851 4595 diceret
2895 4555 2909 4591 :
2953 4534 3069 4590 Non
3097 4545 3215 4588 sum
3246 4528 3457 4585 nescius
3484 4543 3573 4582 me
3599 4540 3714 4580 rem

2145 4640 2320 4695 facere
2345 4651 2464 4707 qua:
2492 4634 2689 4690 multos
2713 4628 2967 4693 offendat,
2987 4635 3041 4681 et
3055 4638 3173 4695 quae
3198 4635 3371 4691 neque
3396 4634 3483 4673 me
3502 4617 3724 4673 deceat:

2147 4731 2240 4786 sed
2272 4745 2358 4786 me
2398 4724 2671 4796 compellit
2715 4734 2905 4791 magna
2936 4716 3259 4779 necessitas;
3308 4712 3428 4767 ideo
3471 4709 3733 4781 ignoscite

2149 4822 2278 4877 mihi
2308 4818 2626 4889 insipientiae
2654 4813 2811 4870 verba
2852 4810 3109 4882 loquenti.
3154 4806 3321 4875 Hujus
3356 4804 3442 4859 vel
3486 4803 3730 4856 umbram

2151 4918 2419 4972 imitemur
2440 4927 2558 4977 nos,
2586 4910 2673 4980 qui
2706 4908 2867 4963 tantis
2897 4904 3189 4975 premimur
3213 4896 3464 4969 peccatis,
3510 4904 3564 4949 et
3589 4909 3735 4963 smpe

2152 5012 2197 5065 si
2241 5021 2461 5078 parvum
2500 5001 2748 5074 quiddam
2794 5007 2940 5053 recte
2977 4993 3229 5055 facimus,
3277 5003 3449 5060 neque
3476 4987 3648 5057 ipsum
3682 4987 3738 5039 in

2156 5097 2516 5172 promptuario
2541 5093 2734 5149 mentis
2778 5098 2975 5145 nostra:
3015 5084 3309 5155 repositum
3352 5094 3568 5134 manere
3599 5078 3739 5145 pati-

2158 5210 2299 5256 mur,
2327 5190 2420 5245 sed
2447 5198 2503 5243 ut
2525 5186 2802 5258 gloriolam
2841 5182 3072 5250 aliquam
3116 5176 3186 5231 ab
3236 5172 3541 5230 hominibus
3569 5184 3742 5224 vene-

2160 5302 2298 5349 mur,
2329 5282 2690 5351 divulgamus,
2737 5284 2793 5332 et
2818 5275 2887 5330 ob
2930 5268 3354 5339 intempestivam
3384 5263 3744 5334 nugacitatem

2160 5378 2337 5433 divina
2362 5371 2711 5429 retributione
2749 5365 3103 5433 nosmetipsos
3130 5359 3455 5415 fraudamus.
3505 5355 3576 5408 At
3602 5352 3747 5406 nihil

2165 5468 2270 5522 tale
2296 5466 2451 5520 beato
2472 5462 2636 5518 Paulo
2663 5456 2956 5513 accidebat.
3007 5451 3113 5509 Sed
3151 5449 3319 5521 quid?
3349 5446 3573 5501 Ministri
3601 5442 3747 5498 Chri-

2165 5561 2228 5614 sti
2252 5566 2389 5623 sunt,
2418 5564 2471 5608 ut
2494 5554 2659 5607 minus
2687 5550 2886 5620 sapiens
2902 5547 3037 5611 dico,
3069 5544 3183 5614 plus
3208 5555 3338 5612 ego;
3379 5539 3504 5594 dein
3534 5534 3752 5591 adducit

2167 5654 2220 5707 in
2267 5649 2500 5706 medium
2545 5661 2609 5701 ea
2660 5658 2778 5715 qum
2811 5633 3243 5711 pseudoapostoli
3271 5647 3376 5687 non
3406 5627 3752 5685 exhibebant.

2171 5741 2451 5810 Quomodo
2483 5737 2627 5793 enim
2652 5731 3021 5789 exhibuissent
3058 5726 3147 5796 qui
3174 5722 3451 5778 veritatem
3480 5730 3755 5787 Oppugna~

2173 5806 2337 5906 bant,
2381 5841 2435 5891 et
2460 5829 2591 5887 nihil
2612 5842 2719 5884 non
2746 5822 2972 5896 agebant
2996 5829 3054 5874 ut
3079 5812 3437 5889 prmdicationi
3484 5806 3759 5877 religionis
