  <div class='ocr_page' id='page_1' title='image "/cluster/home/n/w/nwhite01/storage/ocr_20150623/53/nnc1.0046978453/094.png"; bbox 0 0 4040 6378; ppageno 0'>
   <div class='ocr_carea' id='block_1_1' title="bbox 314 393 3756 461">
    <p class='ocr_par' dir='ltr' id='par_1_1' title="bbox 314 393 3756 461">
     <span class='ocr_line' id='line_1_1' title="bbox 314 393 3756 461; baseline 0.001 -5"><span class='ocrx_word' id='word_1_1' title='bbox 314 393 390 456; x_wconf 68' lang='grc'>95</span> <span class='ocrx_word' id='word_1_2' title='bbox 1528 398 1594 456; x_wconf 83' lang='grc' dir='ltr'>ΙΝ</span> <span class='ocrx_word' id='word_1_3' title='bbox 1631 401 1782 457; x_wconf 79' lang='lat' dir='ltr'>CAP.</span> <span class='ocrx_word' id='word_1_4' title='bbox 1817 401 1862 456; x_wconf 85' lang='lat' dir='ltr'><strong>ll</strong></span> <span class='ocrx_word' id='word_1_5' title='bbox 1902 400 2148 460; x_wconf 77' lang='lat' dir='ltr'>GENES.</span> <span class='ocrx_word' id='word_1_6' title='bbox 2185 402 2416 461; x_wconf 75' lang='lat' dir='ltr'>HOMIL.</span> <span class='ocrx_word' id='word_1_7' title='bbox 2459 405 2552 461; x_wconf 81' lang='lat' dir='ltr'>XI.</span> <span class='ocrx_word' id='word_1_8' title='bbox 3673 403 3756 459; x_wconf 77' lang='lat'>96-</span> 
     </span>
    </p>
   </div>
   <div class='ocr_carea' id='block_1_2' title="bbox 311 512 1974 586">
    <p class='ocr_par' dir='ltr' id='par_1_2' title="bbox 311 512 1974 586">
     <span class='ocr_line' id='line_1_2' title="bbox 311 512 1974 586; baseline 0.002 -20"><span class='ocrx_word' id='word_1_9' title='bbox 311 513 403 566; x_wconf 71' lang='grc' dir='ltr'>τὸν</span> <span class='ocrx_word' id='word_1_10' title='bbox 432 512 665 566; x_wconf 81' lang='grc' dir='ltr'>θάνατον</span> <span class='ocrx_word' id='word_1_11' title='bbox 699 512 941 581; x_wconf 82' lang='grc' dir='ltr'>γίνεσθαι</span> <span class='ocrx_word' id='word_1_12' title='bbox 975 514 1059 582; x_wconf 75' lang='grc' dir='ltr'>ἐφ’</span> <span class='ocrx_word' id='word_1_13' title='bbox 1092 513 1330 584; x_wconf 73' lang='grc' dir='ltr'>ἑκάστης</span> <span class='ocrx_word' id='word_1_14' title='bbox 1355 513 1593 584; x_wconf 81' lang='grc' dir='ltr'>ἡμέρας,</span> <span class='ocrx_word' id='word_1_15' title='bbox 1628 517 1722 569; x_wconf 74' lang='grc' dir='ltr'>καὶ</span> <span class='ocrx_word' id='word_1_16' title='bbox 1763 517 1900 585; x_wconf 84' lang='grc' dir='ltr'>ὅπερ</span> <span class='ocrx_word' id='word_1_17' title='bbox 1941 517 1974 586; x_wconf 79' lang='grc' dir='ltr'>ἠ</span> 
     </span>
    </p>
   </div>
   <div class='ocr_carea' id='block_1_3' title="bbox 2077 509 3737 589">
    <p class='ocr_par' dir='ltr' id='par_1_3' title="bbox 2077 509 3737 589">
     <span class='ocr_line' id='line_1_3' title="bbox 2077 509 3737 589; baseline 0.003 -21"><span class='ocrx_word' id='word_1_18' title='bbox 2077 509 2171 568; x_wconf 82' lang='grc' dir='ltr'>οὖν</span> <span class='ocrx_word' id='word_1_19' title='bbox 2207 518 2353 587; x_wconf 74' lang='grc' dir='ltr'>ἡμᾶς</span> <span class='ocrx_word' id='word_1_20' title='bbox 2389 517 2733 589; x_wconf 74' lang='grc' dir='ltr'>ἐξαιρήσεται</span> <span class='ocrx_word' id='word_1_21' title='bbox 2768 518 2864 588; x_wconf 83' lang='grc' dir='ltr'>τῆς</span> <span class='ocrx_word' id='word_1_22' title='bbox 2903 517 3172 578; x_wconf 76' lang='grc' dir='ltr'>κολάσεως</span> <span class='ocrx_word' id='word_1_23' title='bbox 3204 517 3300 587; x_wconf 83' lang='grc' dir='ltr'>τῆς</span> <span class='ocrx_word' id='word_1_24' title='bbox 3340 517 3737 588; x_wconf 72' lang='grc' dir='ltr'>ἀπαραιτήτου,</span> 
     </span>
    </p>
   </div>
   <div class='ocr_carea' id='block_1_4' title="bbox 319 599 3739 703">
    <p class='ocr_par' dir='ltr' id='par_1_4' title="bbox 319 599 3739 703">
     <span class='ocr_line' id='line_1_4' title="bbox 319 599 3739 703; baseline 0.001 -49"><span class='ocrx_word' id='word_1_25' title='bbox 319 601 471 668; x_wconf 76' lang='grc' dir='ltr'>ρύσις</span> <span class='ocrx_word' id='word_1_26' title='bbox 499 601 603 654; x_wconf 75' lang='grc' dir='ltr'>οὐκ</span> <span class='ocrx_word' id='word_1_27' title='bbox 632 601 846 672; x_wconf 76' lang='grc' dir='ltr'>ἐδέχετο</span> <span class='ocrx_word' id='word_1_28' title='bbox 871 601 976 670; x_wconf 60' lang='grc' dir='ltr'>(ένῒ</span> <span class='ocrx_word' id='word_1_29' title='bbox 1001 601 1109 672; x_wconf 87' lang='grc' dir='ltr'>γάρ</span> <span class='ocrx_word' id='word_1_30' title='bbox 1129 601 1344 670; x_wconf 80' lang='grc' dir='ltr'>θανάτῳ</span> <span class='ocrx_word' id='word_1_31' title='bbox 1369 601 1572 665; x_wconf 90' lang='grc' dir='ltr'>πάντες</span> <span class='ocrx_word' id='word_1_32' title='bbox 1596 600 1964 671; x_wconf 73' lang='grc' dir='ltr'>ὑποκείμεθα)</span> <span class='ocrx_word' id='word_1_33' title='bbox 2008 637 2046 703; x_wconf 46' lang='grc' dir='ltr'>,θ</span> <span class='ocrx_word' id='word_1_34' title='bbox 2076 599 2203 652; x_wconf 87' lang='grc' dir='ltr'>ὅταν</span> <span class='ocrx_word' id='word_1_35' title='bbox 2229 601 2438 703; x_wconf 51' lang='grc' dir='ltr'>καὶτῆς</span> <span class='ocrx_word' id='word_1_36' title='bbox 2473 601 2641 671; x_wconf 83' lang='grc' dir='ltr'>αὐτῆς</span> <span class='ocrx_word' id='word_1_37' title='bbox 2671 603 2800 671; x_wconf 80' lang='grc' dir='ltr'>ἡμῖν</span> <span class='ocrx_word' id='word_1_38' title='bbox 2829 600 3100 654; x_wconf 85' lang='grc' dir='ltr'>κοινωνῶν</span> <span class='ocrx_word' id='word_1_39' title='bbox 3126 600 3361 700; x_wconf 69' lang='grc' dir='ltr'>φύσεως,</span> <span class='ocrx_word' id='word_1_40' title='bbox 3388 601 3482 654; x_wconf 79' lang='grc' dir='ltr'>καὶ</span> <span class='ocrx_word' id='word_1_41' title='bbox 3502 605 3620 700; x_wconf 65' lang='grc' dir='ltr'>τοῖς</span> <span class='ocrx_word' id='word_1_42' title='bbox 3650 605 3739 658; x_wconf 82' lang='grc' dir='ltr'>ἀὺ-</span> 
     </span>
    </p>
   </div>
   <div class='ocr_carea' id='block_1_5' title="bbox 309 685 3740 761">
    <p class='ocr_par' dir='ltr' id='par_1_5' title="bbox 309 685 3740 761">
     <span class='ocr_line' id='line_1_5' title="bbox 309 685 3740 761; baseline -0 -19"><span class='ocrx_word' id='word_1_43' title='bbox 309 689 466 742; x_wconf 78' lang='grc' dir='ltr'>τοῦτο</span> <span class='ocrx_word' id='word_1_44' title='bbox 491 691 525 760; x_wconf 77' lang='grc' dir='ltr'><strong>ἡ</strong></span> <span class='ocrx_word' id='word_1_45' title='bbox 555 689 858 758; x_wconf 76' lang='grc' dir='ltr'>φιλονεικία</span> <span class='ocrx_word' id='word_1_46' title='bbox 886 689 984 758; x_wconf 84' lang='grc' dir='ltr'>τῆς</span> <span class='ocrx_word' id='word_1_47' title='bbox 1007 690 1374 761; x_wconf 90' lang='grc' dir='ltr'>προαιρέσεως</span> <span class='ocrx_word' id='word_1_48' title='bbox 1403 690 1570 743; x_wconf 86' lang='grc' dir='ltr'>αὑτοῦ</span> <span class='ocrx_word' id='word_1_49' title='bbox 1597 689 1899 761; x_wconf 79' lang='grc' dir='ltr'>κατώρθου,</span> <span class='ocrx_word' id='word_1_50' title='bbox 1927 690 1977 741; x_wconf 86' lang='grc' dir='ltr'>εί</span> <span class='ocrx_word' id='word_1_51' title='bbox 2018 685 2041 703; x_wconf 71' lang='grc'><strong>⁷</strong></span> <span class='ocrx_word' id='word_1_52' title='bbox 2074 687 2189 748; x_wconf 87' lang='grc' dir='ltr'>τοῖς</span> <span class='ocrx_word' id='word_1_53' title='bbox 2219 685 2448 741; x_wconf 78' lang='grc' dir='ltr'>πάθεσιν</span> <span class='ocrx_word' id='word_1_54' title='bbox 2474 687 2852 757; x_wconf 77' lang='grc' dir='ltr'>ὑποκείμενος,</span> <span class='ocrx_word' id='word_1_55' title='bbox 2883 688 2974 739; x_wconf 75' lang='grc' dir='ltr'>καὶ</span> <span class='ocrx_word' id='word_1_56' title='bbox 3006 688 3063 739; x_wconf 91' lang='grc' dir='ltr'>ἐν</span> <span class='ocrx_word' id='word_1_57' title='bbox 3090 686 3324 758; x_wconf 81' lang='grc' dir='ltr'>τοσαύτῃ</span> <span class='ocrx_word' id='word_1_58' title='bbox 3360 687 3568 758; x_wconf 88' lang='grc' dir='ltr'>καιρῶν</span> <span class='ocrx_word' id='word_1_59' title='bbox 3613 690 3740 742; x_wconf 71' lang='grc' dir='ltr'>δυσο</span> 
     </span>
    </p>
   </div>
   <div class='ocr_carea' id='block_1_6' title="bbox 309 776 1979 850">
    <p class='ocr_par' dir='ltr' id='par_1_6' title="bbox 309 776 1979 850">
     <span class='ocr_line' id='line_1_6' title="bbox 309 776 1979 850; baseline 0 -20"><span class='ocrx_word' id='word_1_60' title='bbox 309 777 405 830; x_wconf 77' lang='grc' dir='ltr'>καὶ</span> <span class='ocrx_word' id='word_1_61' title='bbox 427 777 459 829; x_wconf 84' lang='lat'>6</span> <span class='ocrx_word' id='word_1_62' title='bbox 503 776 889 850; x_wconf 86' lang='grc' dir='ltr'>φιλάνθρωπος</span> <span class='ocrx_word' id='word_1_63' title='bbox 925 777 1058 840; x_wconf 82' lang='grc' dir='ltr'>Θεὸς</span> <span class='ocrx_word' id='word_1_64' title='bbox 1092 777 1185 830; x_wconf 76' lang='grc' dir='ltr'>ἐπὶ</span> <span class='ocrx_word' id='word_1_65' title='bbox 1219 777 1382 832; x_wconf 83' lang='grc' dir='ltr'>πλέον</span> <span class='ocrx_word' id='word_1_66' title='bbox 1425 778 1587 832; x_wconf 80' lang='grc' dir='ltr'>αὑτὸν</span> <span class='ocrx_word' id='word_1_67' title='bbox 1625 777 1863 848; x_wconf 84' lang='grc' dir='ltr'>διετήρει</span> <span class='ocrx_word' id='word_1_68' title='bbox 1890 777 1979 830; x_wconf 88' lang='grc' dir='ltr'>διά</span> 
     </span>
    </p>
   </div>
   <div class='ocr_carea' id='block_1_7' title="bbox 308 865 1975 938">
    <p class='ocr_par' dir='ltr' id='par_1_7' title="bbox 308 865 1975 938">
     <span class='ocr_line' id='line_1_7' title="bbox 308 865 1975 938; baseline 0.004 -22"><span class='ocrx_word' id='word_1_69' title='bbox 308 866 408 936; x_wconf 75' lang='grc' dir='ltr'>τὴν</span> <span class='ocrx_word' id='word_1_70' title='bbox 431 865 544 920; x_wconf 83' lang='grc' dir='ltr'>τῶν</span> <span class='ocrx_word' id='word_1_71' title='bbox 574 867 779 920; x_wconf 83' lang='grc' dir='ltr'>λοιπῶν</span> <span class='ocrx_word' id='word_1_72' title='bbox 811 867 1084 938; x_wconf 89' lang='grc' dir='ltr'>σωτηρίαν</span> <span class='ocrx_word' id='word_1_73' title='bbox 1099 884 1112 897; x_wconf 92' lang='grc'>·</span> <span class='ocrx_word' id='word_1_74' title='bbox 1143 869 1193 920; x_wconf 87' lang='grc' dir='ltr'>εί</span> <span class='ocrx_word' id='word_1_75' title='bbox 1219 867 1398 922; x_wconf 88' lang='grc' dir='ltr'>τοίνυν</span> <span class='ocrx_word' id='word_1_76' title='bbox 1422 870 1626 932; x_wconf 86' lang='grc' dir='ltr'>ἐκεῖνος</span> <span class='ocrx_word' id='word_1_77' title='bbox 1650 871 1680 922; x_wconf 98' lang='lat'>6</span> <span class='ocrx_word' id='word_1_78' title='bbox 1704 868 1975 933; x_wconf 78' lang='grc' dir='ltr'>τοσούτοις</span> 
     </span>
    </p>
   </div>
   <div class='ocr_carea' id='block_1_8' title="bbox 309 952 1978 1026">
    <p class='ocr_par' dir='ltr' id='par_1_8' title="bbox 309 952 1978 1026">
     <span class='ocr_line' id='line_1_8' title="bbox 309 952 1978 1026; baseline 0.004 -22"><span class='ocrx_word' id='word_1_79' title='bbox 309 952 497 1022; x_wconf 84' lang='grc' dir='ltr'>κομῶν</span> <span class='ocrx_word' id='word_1_80' title='bbox 539 953 962 1025; x_wconf 75' lang='grc' dir='ltr'>κατορθώμασι,</span> <span class='ocrx_word' id='word_1_81' title='bbox 1010 955 1106 1008; x_wconf 73' lang='grc' dir='ltr'>καὶ</span> <span class='ocrx_word' id='word_1_82' title='bbox 1151 954 1404 1026; x_wconf 88' lang='grc' dir='ltr'>καθάπερ</span> <span class='ocrx_word' id='word_1_83' title='bbox 1454 956 1684 1024; x_wconf 75' lang='grc' dir='ltr'>ἄγγελος</span> <span class='ocrx_word' id='word_1_84' title='bbox 1729 958 1821 1010; x_wconf 79' lang='grc' dir='ltr'>ἐπὶ</span> <span class='ocrx_word' id='word_1_85' title='bbox 1875 957 1978 1026; x_wconf 80' lang='grc' dir='ltr'>γῆς</span> 
     </span>
    </p>
   </div>
   <div class='ocr_carea' id='block_1_9' title="bbox 308 1039 1976 1112">
    <p class='ocr_par' dir='ltr' id='par_1_9' title="bbox 308 1039 1976 1112">
     <span class='ocr_line' id='line_1_9' title="bbox 308 1039 1976 1112; baseline 0.003 -22"><span class='ocrx_word' id='word_1_86' title='bbox 308 1039 657 1107; x_wconf 78' lang='grc' dir='ltr'>φαινόμενος,</span> <span class='ocrx_word' id='word_1_87' title='bbox 703 1039 826 1092; x_wconf 85' lang='grc' dir='ltr'>καθ’</span> <span class='ocrx_word' id='word_1_88' title='bbox 881 1040 1120 1110; x_wconf 75' lang='grc' dir='ltr'>ἑκάστην</span> <span class='ocrx_word' id='word_1_89' title='bbox 1179 1040 1480 1106; x_wconf 80' lang='grc' dir='ltr'>ἐσπούδαζε</span> <span class='ocrx_word' id='word_1_90' title='bbox 1521 1042 1846 1112; x_wconf 84' lang='grc' dir='ltr'>κερδαίνειν,</span> <span class='ocrx_word' id='word_1_91' title='bbox 1881 1045 1976 1096; x_wconf 77' lang='grc' dir='ltr'>καὶ</span> 
     </span>
    </p>
   </div>
   <div class='ocr_carea' id='block_1_10' title="bbox 308 1126 1975 1199">
    <p class='ocr_par' dir='ltr' id='par_1_10' title="bbox 308 1126 1975 1199">
     <span class='ocr_line' id='line_1_10' title="bbox 308 1126 1975 1199; baseline 0.003 -22"><span class='ocrx_word' id='word_1_92' title='bbox 308 1127 446 1196; x_wconf 80' lang='grc' dir='ltr'>πρὸς</span> <span class='ocrx_word' id='word_1_93' title='bbox 473 1127 605 1190; x_wconf 75' lang='grc' dir='ltr'>τοὺς</span> <span class='ocrx_word' id='word_1_94' title='bbox 624 1126 766 1197; x_wconf 77' lang='grc' dir='ltr'>ὑπὲρ</span> <span class='ocrx_word' id='word_1_95' title='bbox 797 1127 896 1196; x_wconf 83' lang='grc' dir='ltr'>τῆς</span> <span class='ocrx_word' id='word_1_96' title='bbox 921 1127 1178 1198; x_wconf 80' lang='grc' dir='ltr'>ἀληθείας</span> <span class='ocrx_word' id='word_1_97' title='bbox 1211 1127 1486 1191; x_wconf 82' lang='grc' dir='ltr'>κινδύνους</span> <span class='ocrx_word' id='word_1_98' title='bbox 1516 1128 1975 1199; x_wconf 83' lang='grc' dir='ltr'>παρατάττεσθαι,</span> 
     </span>
    </p>
   </div>
   <div class='ocr_carea' id='block_1_11' title="bbox 307 1213 1975 1286">
    <p class='ocr_par' dir='ltr' id='par_1_11' title="bbox 307 1213 1975 1286">
     <span class='ocr_line' id='line_1_11' title="bbox 307 1213 1975 1286; baseline 0.001 -20"><span class='ocrx_word' id='word_1_99' title='bbox 307 1216 402 1267; x_wconf 73' lang='grc' dir='ltr'>καὶ</span> <span class='ocrx_word' id='word_1_100' title='bbox 432 1213 534 1285; x_wconf 80' lang='grc' dir='ltr'>τὴν</span> <span class='ocrx_word' id='word_1_101' title='bbox 581 1213 854 1284; x_wconf 74' lang='grc' dir='ltr'>ἐμπορίαν</span> <span class='ocrx_word' id='word_1_102' title='bbox 891 1216 991 1286; x_wconf 82' lang='grc' dir='ltr'>τὴν</span> <span class='ocrx_word' id='word_1_103' title='bbox 1034 1216 1409 1286; x_wconf 83' lang='grc' dir='ltr'>πνευματικὴν</span> <span class='ocrx_word' id='word_1_104' title='bbox 1451 1215 1630 1286; x_wconf 86' lang='grc' dir='ltr'>ἐαυτῷ</span> <span class='ocrx_word' id='word_1_105' title='bbox 1679 1216 1975 1284; x_wconf 82' lang='grc' dir='ltr'>συλλέγειν,</span> 
     </span>
    </p>
   </div>
   <div class='ocr_carea' id='block_1_12' title="bbox 307 1303 1976 1376">
    <p class='ocr_par' dir='ltr' id='par_1_12' title="bbox 307 1303 1976 1376">
     <span class='ocr_line' id='line_1_12' title="bbox 307 1303 1976 1376; baseline 0.002 -19"><span class='ocrx_word' id='word_1_106' title='bbox 307 1305 401 1357; x_wconf 80' lang='grc' dir='ltr'>καὶ</span> <span class='ocrx_word' id='word_1_107' title='bbox 433 1303 707 1373; x_wconf 84' lang='grc' dir='ltr'>μηδέποτε</span> <span class='ocrx_word' id='word_1_108' title='bbox 736 1304 1018 1359; x_wconf 77' lang='grc' dir='ltr'>ἵστασθαι·</span> <span class='ocrx_word' id='word_1_109' title='bbox 1056 1307 1215 1359; x_wconf 89' lang='grc' dir='ltr'>ποίαν</span> <span class='ocrx_word' id='word_1_110' title='bbox 1252 1305 1320 1360; x_wconf 81' lang='grc' dir='ltr'>ἂν</span> <span class='ocrx_word' id='word_1_111' title='bbox 1353 1307 1611 1376; x_wconf 87' lang='grc' dir='ltr'>σχοίημεν</span> <span class='ocrx_word' id='word_1_112' title='bbox 1653 1307 1813 1376; x_wconf 78' lang='grc' dir='ltr'>ἡμεῖς</span> <span class='ocrx_word' id='word_1_113' title='bbox 1840 1308 1976 1360; x_wconf 83' lang='grc' dir='ltr'>ἀπο-</span> 
     </span>
    </p>
   </div>
   <div class='ocr_carea' id='block_1_13' title="bbox 306 1391 1975 1465">
    <p class='ocr_par' dir='ltr' id='par_1_13' title="bbox 306 1391 1975 1465">
     <span class='ocr_line' id='line_1_13' title="bbox 306 1391 1975 1465; baseline 0.003 -22"><span class='ocrx_word' id='word_1_114' title='bbox 306 1391 517 1460; x_wconf 79' lang='grc' dir='ltr'>λογίαν,</span> <span class='ocrx_word' id='word_1_115' title='bbox 548 1393 601 1445; x_wconf 74' lang='grc' dir='ltr'>οι</span> <span class='ocrx_word' id='word_1_116' title='bbox 635 1392 711 1463; x_wconf 84' lang='grc' dir='ltr'>μὴ</span> <span class='ocrx_word' id='word_1_117' title='bbox 743 1394 904 1464; x_wconf 89' lang='grc' dir='ltr'>μόνον</span> <span class='ocrx_word' id='word_1_118' title='bbox 937 1392 1154 1448; x_wconf 91' lang='grc' dir='ltr'>πάντων</span> <span class='ocrx_word' id='word_1_119' title='bbox 1178 1393 1330 1457; x_wconf 75' lang='grc' dir='ltr'>ὄντες</span> <span class='ocrx_word' id='word_1_120' title='bbox 1358 1393 1552 1465; x_wconf 78' lang='grc' dir='ltr'>ἔρημοι</span> <span class='ocrx_word' id='word_1_121' title='bbox 1572 1395 1681 1448; x_wconf 90' lang='grc' dir='ltr'>τῶν</span> <span class='ocrx_word' id='word_1_122' title='bbox 1701 1395 1975 1465; x_wconf 83' lang='grc' dir='ltr'>κατορθω-</span> 
     </span>
    </p>
   </div>
   <div class='ocr_carea' id='block_1_14' title="bbox 308 1479 1974 1554">
    <p class='ocr_par' dir='ltr' id='par_1_14' title="bbox 308 1479 1974 1554">
     <span class='ocr_line' id='line_1_14' title="bbox 308 1479 1974 1554; baseline 0.002 -21"><span class='ocrx_word' id='word_1_123' title='bbox 308 1479 517 1547; x_wconf 72' lang='grc' dir='ltr'>μάτων,</span> <span class='ocrx_word' id='word_1_124' title='bbox 548 1481 689 1534; x_wconf 87' lang='grc' dir='ltr'>ἀλλά</span> <span class='ocrx_word' id='word_1_125' title='bbox 720 1481 817 1535; x_wconf 76' lang='grc' dir='ltr'>καὶ</span> <span class='ocrx_word' id='word_1_126' title='bbox 855 1481 1135 1545; x_wconf 87' lang='grc' dir='ltr'>τοσούτοις</span> <span class='ocrx_word' id='word_1_127' title='bbox 1177 1481 1552 1552; x_wconf 75' lang='grc' dir='ltr'>ἐλαττώμασιν</span> <span class='ocrx_word' id='word_1_128' title='bbox 1590 1484 1974 1554; x_wconf 84' lang='grc' dir='ltr'>ὑποκείμενοι,</span> 
     </span>
    </p>
   </div>
   <div class='ocr_carea' id='block_1_15' title="bbox 305 1559 1978 1638">
    <p class='ocr_par' dir='ltr' id='par_1_15' title="bbox 305 1559 1978 1638">
     <span class='ocr_line' id='line_1_15' title="bbox 305 1559 1978 1638; baseline 0.001 -18"><span class='ocrx_word' id='word_1_129' title='bbox 305 1559 382 1620; x_wconf 77' lang='grc' dir='ltr'>ὧν</span> <span class='ocrx_word' id='word_1_130' title='bbox 410 1568 512 1621; x_wconf 81' lang='grc' dir='ltr'>καὶ</span> <span class='ocrx_word' id='word_1_131' title='bbox 545 1566 605 1619; x_wconf 72' lang='grc' dir='ltr'>ἓν</span> <span class='ocrx_word' id='word_1_132' title='bbox 651 1567 813 1637; x_wconf 88' lang='grc' dir='ltr'>μόνον</span> <span class='ocrx_word' id='word_1_133' title='bbox 845 1569 977 1638; x_wconf 76' lang='grc' dir='ltr'>ἡμῖν</span> <span class='ocrx_word' id='word_1_134' title='bbox 1009 1567 1210 1638; x_wconf 83' lang='grc' dir='ltr'>προσὸν</span> <span class='ocrx_word' id='word_1_135' title='bbox 1241 1568 1426 1621; x_wconf 84' lang='grc' dir='ltr'>ίκανδν</span> <span class='ocrx_word' id='word_1_136' title='bbox 1463 1569 1542 1632; x_wconf 87' lang='grc' dir='ltr'>είς</span> <span class='ocrx_word' id='word_1_137' title='bbox 1573 1567 1705 1622; x_wconf 78' lang='grc' dir='ltr'>αὐτὸ</span> <span class='ocrx_word' id='word_1_138' title='bbox 1744 1570 1841 1638; x_wconf 84' lang='grc' dir='ltr'>τῆς</span> <span class='ocrx_word' id='word_1_139' title='bbox 1872 1571 1978 1622; x_wconf 91' lang='grc' dir='ltr'>ἀπ-</span> 
     </span>
    </p>
   </div>
   <div class='ocr_carea' id='block_1_16' title="bbox 304 1653 1978 1727">
    <p class='ocr_par' dir='ltr' id='par_1_16' title="bbox 304 1653 1978 1727">
     <span class='ocr_line' id='line_1_16' title="bbox 304 1653 1978 1727; baseline 0.001 -19"><span class='ocrx_word' id='word_1_140' title='bbox 304 1653 504 1719; x_wconf 86' lang='grc' dir='ltr'>ωλείας</span> <span class='ocrx_word' id='word_1_141' title='bbox 535 1655 601 1708; x_wconf 82' lang='grc' dir='ltr'>τὸ</span> <span class='ocrx_word' id='word_1_142' title='bbox 649 1655 924 1727; x_wconf 81' lang='grc' dir='ltr'>βάραθρον</span> <span class='ocrx_word' id='word_1_143' title='bbox 957 1658 1313 1724; x_wconf 80' lang='grc' dir='ltr'>καταγαγεῖν,</span> <span class='ocrx_word' id='word_1_144' title='bbox 1354 1657 1449 1710; x_wconf 77' lang='grc' dir='ltr'>καὶ</span> <span class='ocrx_word' id='word_1_145' title='bbox 1493 1656 1762 1727; x_wconf 85' lang='grc' dir='ltr'>μηδεμίαν</span> <span class='ocrx_word' id='word_1_146' title='bbox 1795 1657 1978 1710; x_wconf 81' lang='grc' dir='ltr'>ποιού-</span> 
     </span>
    </p>
   </div>
   <div class='ocr_carea' id='block_1_17' title="bbox 306 1741 1978 1814">
    <p class='ocr_par' dir='ltr' id='par_1_17' title="bbox 306 1741 1978 1814">
     <span class='ocr_line' id='line_1_17' title="bbox 306 1741 1978 1814; baseline 0.002 -20"><span class='ocrx_word' id='word_1_147' title='bbox 306 1759 460 1812; x_wconf 78' lang='grc' dir='ltr'>μενοι</span> <span class='ocrx_word' id='word_1_148' title='bbox 509 1742 782 1813; x_wconf 79' lang='grc' dir='ltr'>σπουδὴν,</span> <span class='ocrx_word' id='word_1_149' title='bbox 823 1742 927 1795; x_wconf 76' lang='grc' dir='ltr'>κᾶν</span> <span class='ocrx_word' id='word_1_150' title='bbox 979 1741 1111 1811; x_wconf 89' lang='grc' dir='ltr'>γοῦν</span> <span class='ocrx_word' id='word_1_151' title='bbox 1150 1743 1322 1796; x_wconf 88' lang='grc' dir='ltr'>ταῦτα</span> <span class='ocrx_word' id='word_1_152' title='bbox 1363 1742 1640 1814; x_wconf 89' lang='grc' dir='ltr'>διορθοῦν;</span> <span class='ocrx_word' id='word_1_153' title='bbox 1675 1744 1802 1797; x_wconf 83' lang='grc' dir='ltr'>ὅταν</span> <span class='ocrx_word' id='word_1_154' title='bbox 1843 1743 1900 1797; x_wconf 85' lang='grc' dir='ltr'>δὲ</span> <span class='ocrx_word' id='word_1_155' title='bbox 1949 1745 1978 1796; x_wconf 91' lang='lat'>6</span> 
     </span>
    </p>
   </div>
   <div class='ocr_carea' id='block_1_18' title="bbox 204 1829 1974 1906">
    <p class='ocr_par' dir='ltr' id='par_1_18' title="bbox 204 1829 1974 1906">
     <span class='ocr_line' id='line_1_18' title="bbox 204 1829 1974 1906; baseline 0.001 -23"><span class='ocrx_word' id='word_1_156' title='bbox 204 1844 213 1852; x_wconf 91' lang='lat'><strong>&#39;</strong></span> <span class='ocrx_word' id='word_1_157' title='bbox 303 1830 466 1894; x_wconf 82' lang='grc' dir='ltr'>αὐτὸς</span> <span class='ocrx_word' id='word_1_158' title='bbox 489 1829 753 1894; x_wconf 85' lang='grc' dir='ltr'>πολλάκις</span> <span class='ocrx_word' id='word_1_159' title='bbox 783 1831 1108 1903; x_wconf 82' lang='grc' dir='ltr'>εὑρίσκοιτο,</span> <span class='ocrx_word' id='word_1_160' title='bbox 1143 1831 1217 1903; x_wconf 82' lang='grc' dir='ltr'>μὴ</span> <span class='ocrx_word' id='word_1_161' title='bbox 1244 1832 1402 1903; x_wconf 89' lang='grc' dir='ltr'>μόνον</span> <span class='ocrx_word' id='word_1_162' title='bbox 1429 1831 1485 1885; x_wconf 85' lang='grc' dir='ltr'>ἓν</span> <span class='ocrx_word' id='word_1_163' title='bbox 1497 1832 1793 1906; x_wconf 54' lang='grc' dir='ltr'>ἐλάττωμα</span> <span class='ocrx_word' id='word_1_164' title='bbox 1815 1831 1974 1903; x_wconf 77' lang='grc' dir='ltr'>ἔχων,</span> 
     </span>
    </p>
   </div>
   <div class='ocr_carea' id='block_1_19' title="bbox 303 1915 1978 1992">
    <p class='ocr_par' dir='ltr' id='par_1_19' title="bbox 303 1915 1978 1992">
     <span class='ocr_line' id='line_1_19' title="bbox 303 1915 1978 1992; baseline 0.002 -21"><span class='ocrx_word' id='word_1_165' title='bbox 303 1917 439 1971; x_wconf 84' lang='grc' dir='ltr'>ἀλλά</span> <span class='ocrx_word' id='word_1_166' title='bbox 473 1919 570 1972; x_wconf 80' lang='grc' dir='ltr'>καὶ</span> <span class='ocrx_word' id='word_1_167' title='bbox 599 1919 840 1985; x_wconf 84' lang='grc' dir='ltr'>πλείονα,</span> <span class='ocrx_word' id='word_1_168' title='bbox 882 1921 976 1973; x_wconf 75' lang='grc' dir='ltr'>καὶ</span> <span class='ocrx_word' id='word_1_169' title='bbox 1020 1919 1234 1990; x_wconf 81' lang='grc' dir='ltr'>ὀργίλος</span> <span class='ocrx_word' id='word_1_170' title='bbox 1273 1915 1330 1992; x_wconf 80' lang='grc' dir='ltr'>ᾖ,</span> <span class='ocrx_word' id='word_1_171' title='bbox 1374 1921 1469 1974; x_wconf 75' lang='grc' dir='ltr'>καὶ</span> <span class='ocrx_word' id='word_1_172' title='bbox 1522 1919 1835 1984; x_wconf 91' lang='grc' dir='ltr'>ἀκόλαστος,</span> <span class='ocrx_word' id='word_1_173' title='bbox 1883 1921 1978 1974; x_wconf 78' lang='grc' dir='ltr'>καὶ</span> 
     </span>
    </p>
   </div>
   <div class='ocr_carea' id='block_1_20' title="bbox 304 2005 1979 2079">
    <p class='ocr_par' dir='ltr' id='par_1_20' title="bbox 304 2005 1979 2079">
     <span class='ocr_line' id='line_1_20' title="bbox 304 2005 1979 2079; baseline 0.002 -21"><span class='ocrx_word' id='word_1_174' title='bbox 304 2005 658 2076; x_wconf 84' lang='grc' dir='ltr'>πλεονέκτης.</span> <span class='ocrx_word' id='word_1_175' title='bbox 689 2007 784 2059; x_wconf 79' lang='grc' dir='ltr'>καὶ</span> <span class='ocrx_word' id='word_1_176' title='bbox 807 2005 1095 2076; x_wconf 80' lang='grc' dir='ltr'>βάσκανος,</span> <span class='ocrx_word' id='word_1_177' title='bbox 1119 2009 1213 2060; x_wconf 75' lang='grc' dir='ltr'>καὶ</span> <span class='ocrx_word' id='word_1_178' title='bbox 1238 2007 1511 2078; x_wconf 83' lang='grc' dir='ltr'>θυμώδης,</span> <span class='ocrx_word' id='word_1_179' title='bbox 1535 2007 1631 2062; x_wconf 73' lang='grc' dir='ltr'>καὶ</span> <span class='ocrx_word' id='word_1_180' title='bbox 1651 2009 1787 2079; x_wconf 83' lang='grc' dir='ltr'>μήτε</span> <span class='ocrx_word' id='word_1_181' title='bbox 1806 2009 1979 2062; x_wconf 90' lang='grc' dir='ltr'>ταῦτα</span> 
     </span>
    </p>
   </div>
   <div class='ocr_carea' id='block_1_21' title="bbox 299 2093 1975 2167">
    <p class='ocr_par' dir='ltr' id='par_1_21' title="bbox 299 2093 1975 2167">
     <span class='ocr_line' id='line_1_21' title="bbox 299 2093 1975 2167; baseline 0.002 -21"><span class='ocrx_word' id='word_1_182' title='bbox 299 2093 548 2164; x_wconf 78' lang='grc' dir='ltr'>διορθοῦν</span> <span class='ocrx_word' id='word_1_183' title='bbox 586 2093 863 2164; x_wconf 85' lang='grc' dir='ltr'>βούλοιτο,</span> <span class='ocrx_word' id='word_1_184' title='bbox 912 2097 1050 2165; x_wconf 85' lang='grc' dir='ltr'>μήτε</span> <span class='ocrx_word' id='word_1_185' title='bbox 1093 2094 1201 2148; x_wconf 88' lang='grc' dir='ltr'>τῶν</span> <span class='ocrx_word' id='word_1_186' title='bbox 1233 2095 1333 2166; x_wconf 84' lang='grc' dir='ltr'>τῆς</span> <span class='ocrx_word' id='word_1_187' title='bbox 1375 2096 1576 2167; x_wconf 86' lang='grc' dir='ltr'>ἀρετῆς</span> <span class='ocrx_word' id='word_1_188' title='bbox 1624 2096 1800 2166; x_wconf 79' lang='grc' dir='ltr'>ἔργων</span> <span class='ocrx_word' id='word_1_189' title='bbox 1838 2096 1975 2164; x_wconf 80' lang='grc' dir='ltr'>ἐφά-</span> 
     </span>
    </p>
   </div>
   <div class='ocr_carea' id='block_1_22' title="bbox 300 2181 1976 2255">
    <p class='ocr_par' dir='ltr' id='par_1_22' title="bbox 300 2181 1976 2255">
     <span class='ocr_line' id='line_1_22' title="bbox 300 2181 1976 2255; baseline 0.001 -21"><span class='ocrx_word' id='word_1_190' title='bbox 300 2181 554 2242; x_wconf 85' lang='grc' dir='ltr'>πτεσθαι,</span> <span class='ocrx_word' id='word_1_191' title='bbox 581 2183 710 2236; x_wconf 91' lang='grc' dir='ltr'>ποία</span> <span class='ocrx_word' id='word_1_192' title='bbox 748 2181 934 2236; x_wconf 84' lang='grc' dir='ltr'>λοιπὸν</span> <span class='ocrx_word' id='word_1_193' title='bbox 959 2183 1025 2236; x_wconf 85' lang='grc' dir='ltr'>ἂν</span> <span class='ocrx_word' id='word_1_194' title='bbox 1051 2183 1260 2250; x_wconf 88' lang='grc' dir='ltr'>γένοιτο</span> <span class='ocrx_word' id='word_1_195' title='bbox 1290 2182 1563 2255; x_wconf 87' lang='grc' dir='ltr'>σωτηρίας</span> <span class='ocrx_word' id='word_1_196' title='bbox 1581 2183 1734 2246; x_wconf 88' lang='grc' dir='ltr'>ἐλπίς</span> <span class='ocrx_word' id='word_1_197' title='bbox 1755 2200 1769 2248; x_wconf 90' lang='lat'><strong>;</strong></span> <span class='ocrx_word' id='word_1_198' title='bbox 1794 2183 1976 2237; x_wconf 87' lang='grc' dir='ltr'>Ταῦτα</span> 
     </span>
    </p>
   </div>
   <div class='ocr_carea' id='block_1_23' title="bbox 301 2268 1976 2341">
    <p class='ocr_par' dir='ltr' id='par_1_23' title="bbox 301 2268 1976 2341">
     <span class='ocr_line' id='line_1_23' title="bbox 301 2268 1976 2341; baseline 0.001 -19"><span class='ocrx_word' id='word_1_199' title='bbox 301 2268 462 2337; x_wconf 84' lang='grc' dir='ltr'>λέγω,</span> <span class='ocrx_word' id='word_1_200' title='bbox 493 2270 592 2324; x_wconf 77' lang='grc' dir='ltr'>καὶ</span> <span class='ocrx_word' id='word_1_201' title='bbox 622 2269 799 2339; x_wconf 87' lang='grc' dir='ltr'>λέγων</span> <span class='ocrx_word' id='word_1_202' title='bbox 831 2271 892 2323; x_wconf 80' lang='grc' dir='ltr'>ού</span> <span class='ocrx_word' id='word_1_203' title='bbox 923 2269 1226 2341; x_wconf 89' lang='grc' dir='ltr'>παύσομαι,</span> <span class='ocrx_word' id='word_1_204' title='bbox 1250 2271 1338 2324; x_wconf 81' lang='grc' dir='ltr'>ἵνα</span> <span class='ocrx_word' id='word_1_205' title='bbox 1358 2270 1587 2335; x_wconf 79' lang='grc' dir='ltr'>ἐκαστος</span> <span class='ocrx_word' id='word_1_206' title='bbox 1619 2270 1728 2324; x_wconf 91' lang='grc' dir='ltr'>τῶν</span> <span class='ocrx_word' id='word_1_207' title='bbox 1755 2271 1976 2326; x_wconf 88' lang='grc' dir='ltr'>ἀκουόν-</span> 
     </span>
    </p>
   </div>
   <div class='ocr_carea' id='block_1_24' title="bbox 299 2358 1975 2431">
    <p class='ocr_par' dir='ltr' id='par_1_24' title="bbox 299 2358 1975 2431">
     <span class='ocr_line' id='line_1_24' title="bbox 299 2358 1975 2431; baseline 0.001 -21"><span class='ocrx_word' id='word_1_208' title='bbox 299 2375 404 2411; x_wconf 88' lang='grc' dir='ltr'>των</span> <span class='ocrx_word' id='word_1_209' title='bbox 436 2359 498 2412; x_wconf 80' lang='grc' dir='ltr'>τὸ</span> <span class='ocrx_word' id='word_1_210' title='bbox 545 2359 882 2429; x_wconf 79' lang='grc' dir='ltr'>κατάλληλον</span> <span class='ocrx_word' id='word_1_211' title='bbox 911 2358 1089 2430; x_wconf 89' lang='grc' dir='ltr'>ἐαυτῷ</span> <span class='ocrx_word' id='word_1_212' title='bbox 1125 2360 1416 2431; x_wconf 86' lang='grc' dir='ltr'>φάρμακον</span> <span class='ocrx_word' id='word_1_213' title='bbox 1444 2360 1730 2431; x_wconf 88' lang='grc' dir='ltr'>δεχόμενος</span> <span class='ocrx_word' id='word_1_214' title='bbox 1772 2362 1836 2414; x_wconf 83' lang='grc' dir='ltr'>ἐκ</span> <span class='ocrx_word' id='word_1_215' title='bbox 1867 2361 1975 2414; x_wconf 88' lang='grc' dir='ltr'>τῶν</span> 
     </span>
    </p>
   </div>
   <div class='ocr_carea' id='block_1_25' title="bbox 301 2445 1972 2519">
    <p class='ocr_par' dir='ltr' id='par_1_25' title="bbox 301 2445 1972 2519">
     <span class='ocr_line' id='line_1_25' title="bbox 301 2445 1972 2519; baseline 0.002 -23"><span class='ocrx_word' id='word_1_216' title='bbox 301 2447 428 2516; x_wconf 77' lang='grc' dir='ltr'>παρ’</span> <span class='ocrx_word' id='word_1_217' title='bbox 453 2445 616 2516; x_wconf 73' lang='grc' dir='ltr'>ἡμῶν</span> <span class='ocrx_word' id='word_1_218' title='bbox 655 2445 982 2517; x_wconf 87' lang='grc' dir='ltr'>λεγομένων,</span> <span class='ocrx_word' id='word_1_219' title='bbox 1026 2447 1304 2519; x_wconf 77' lang='grc' dir='ltr'>σπουδάτῃ</span> <span class='ocrx_word' id='word_1_220' title='bbox 1343 2447 1572 2517; x_wconf 86' lang='grc' dir='ltr'>ταχέως,</span> <span class='ocrx_word' id='word_1_221' title='bbox 1607 2449 1698 2501; x_wconf 79' lang='grc' dir='ltr'>καὶ</span> <span class='ocrx_word' id='word_1_222' title='bbox 1738 2447 1845 2501; x_wconf 86' lang='grc' dir='ltr'>τῶν</span> <span class='ocrx_word' id='word_1_223' title='bbox 1883 2447 1972 2500; x_wconf 85' lang='grc' dir='ltr'>ἐν-</span> 
     </span>
    </p>
   </div>
   <div class='ocr_carea' id='block_1_26' title="bbox 299 2532 1971 2606">
    <p class='ocr_par' dir='ltr' id='par_1_26' title="bbox 299 2532 1971 2606">
     <span class='ocr_line' id='line_1_26' title="bbox 299 2532 1971 2606; baseline 0.001 -21"><span class='ocrx_word' id='word_1_224' title='bbox 299 2532 600 2602; x_wconf 88' lang='grc' dir='ltr'>οχλούντων</span> <span class='ocrx_word' id='word_1_225' title='bbox 635 2533 825 2586; x_wconf 88' lang='grc' dir='ltr'>παθῶν</span> <span class='ocrx_word' id='word_1_226' title='bbox 854 2534 1190 2602; x_wconf 73' lang='grc' dir='ltr'>ἀπαλλαγεὶς</span> <span class='ocrx_word' id='word_1_227' title='bbox 1220 2535 1356 2606; x_wconf 78' lang='grc' dir='ltr'>πρὸς</span> <span class='ocrx_word' id='word_1_228' title='bbox 1386 2535 1598 2603; x_wconf 83' lang='grc' dir='ltr'>ὑγίειαν</span> <span class='ocrx_word' id='word_1_229' title='bbox 1637 2535 1971 2598; x_wconf 83' lang='grc' dir='ltr'>ἐπανελθεῖν,</span> 
     </span>
    </p>
   </div>
   <div class='ocr_carea' id='block_1_27' title="bbox 299 2621 1976 2696">
    <p class='ocr_par' dir='ltr' id='par_1_27' title="bbox 299 2621 1976 2696">
     <span class='ocr_line' id='line_1_27' title="bbox 299 2621 1976 2696; baseline 0.003 -22"><span class='ocrx_word' id='word_1_230' title='bbox 299 2621 546 2692; x_wconf 75' lang='grc' dir='ltr'>καὶπρὸς</span> <span class='ocrx_word' id='word_1_231' title='bbox 574 2623 676 2692; x_wconf 79' lang='grc' dir='ltr'>τὴν</span> <span class='ocrx_word' id='word_1_232' title='bbox 705 2623 804 2693; x_wconf 79' lang='grc' dir='ltr'>τῆς</span> <span class='ocrx_word' id='word_1_233' title='bbox 834 2624 1036 2695; x_wconf 83' lang='grc' dir='ltr'>ἀρετῆς</span> <span class='ocrx_word' id='word_1_234' title='bbox 1053 2624 1316 2695; x_wconf 73' lang='grc' dir='ltr'>ἐργασίαν</span> <span class='ocrx_word' id='word_1_235' title='bbox 1337 2625 1529 2679; x_wconf 86' lang='grc' dir='ltr'>ἐαυτὸν</span> <span class='ocrx_word' id='word_1_236' title='bbox 1560 2625 1861 2696; x_wconf 85' lang='grc' dir='ltr'>ἐπιτήδειον</span> <span class='ocrx_word' id='word_1_237' title='bbox 1877 2643 1976 2679; x_wconf 90' lang='grc' dir='ltr'>κα-</span> 
     </span>
    </p>
   </div>
   <div class='ocr_carea' id='block_1_28' title="bbox 297 2711 1974 2783">
    <p class='ocr_par' dir='ltr' id='par_1_28' title="bbox 297 2711 1974 2783">
     <span class='ocr_line' id='line_1_28' title="bbox 297 2711 1974 2783; baseline 0.004 -23"><span class='ocrx_word' id='word_1_238' title='bbox 297 2711 584 2780; x_wconf 83' lang='grc' dir='ltr'>ταστῆσαι.</span> <span class='ocrx_word' id='word_1_239' title='bbox 615 2711 728 2763; x_wconf 74' lang='grc' dir='ltr'>Καὶ</span> <span class='ocrx_word' id='word_1_240' title='bbox 761 2711 870 2783; x_wconf 83' lang='grc' dir='ltr'>γὰρ</span> <span class='ocrx_word' id='word_1_241' title='bbox 891 2711 986 2764; x_wconf 76' lang='grc' dir='ltr'>ἐπὶ</span> <span class='ocrx_word' id='word_1_242' title='bbox 1015 2712 1124 2766; x_wconf 90' lang='grc' dir='ltr'>τῶν</span> <span class='ocrx_word' id='word_1_243' title='bbox 1148 2713 1463 2783; x_wconf 79' lang='grc' dir='ltr'>καμνόντων</span> <span class='ocrx_word' id='word_1_244' title='bbox 1489 2715 1561 2766; x_wconf 87' lang='grc' dir='ltr'>τά</span> <span class='ocrx_word' id='word_1_245' title='bbox 1598 2712 1846 2783; x_wconf 88' lang='grc' dir='ltr'>σώματα,</span> <span class='ocrx_word' id='word_1_246' title='bbox 1871 2713 1974 2767; x_wconf 75' lang='grc' dir='ltr'>κᾶν</span> 
     </span>
    </p>
   </div>
   <div class='ocr_carea' id='block_1_29' title="bbox 300 2799 1973 2876">
    <p class='ocr_par' dir='ltr' id='par_1_29' title="bbox 300 2799 1973 2876">
     <span class='ocr_line' id='line_1_29' title="bbox 300 2799 1973 2876; baseline 0.004 -26"><span class='ocrx_word' id='word_1_247' title='bbox 300 2799 559 2870; x_wconf 87' lang='grc' dir='ltr'>μυριάκις</span> <span class='ocrx_word' id='word_1_248' title='bbox 587 2802 617 2853; x_wconf 89' lang='lat'>6</span> <span class='ocrx_word' id='word_1_249' title='bbox 647 2801 832 2871; x_wconf 81' lang='grc' dir='ltr'>ίατρδς</span> <span class='ocrx_word' id='word_1_250' title='bbox 856 2801 1017 2872; x_wconf 85' lang='grc' dir='ltr'>ἐπιθῇ</span> <span class='ocrx_word' id='word_1_251' title='bbox 1050 2801 1116 2855; x_wconf 90' lang='grc' dir='ltr'>τά</span> <span class='ocrx_word' id='word_1_252' title='bbox 1146 2802 1433 2874; x_wconf 83' lang='grc' dir='ltr'>φάρμακα,</span> <span class='ocrx_word' id='word_1_253' title='bbox 1453 2804 1482 2856; x_wconf 88' lang='lat'>6</span> <span class='ocrx_word' id='word_1_254' title='bbox 1504 2802 1560 2856; x_wconf 85' lang='grc' dir='ltr'>δέ</span> <span class='ocrx_word' id='word_1_255' title='bbox 1589 2801 1868 2874; x_wconf 74' lang='grc' dir='ltr'>ἄρρωστος</span> <span class='ocrx_word' id='word_1_256' title='bbox 1899 2803 1973 2876; x_wconf 82' lang='grc' dir='ltr'>μὴ</span> 
     </span>
    </p>
   </div>
   <div class='ocr_carea' id='block_1_30' title="bbox 297 2885 1970 2962">
    <p class='ocr_par' dir='ltr' id='par_1_30' title="bbox 297 2885 1970 2962">
     <span class='ocr_line' id='line_1_30' title="bbox 297 2885 1970 2962; baseline 0.004 -25"><span class='ocrx_word' id='word_1_257' title='bbox 297 2885 556 2954; x_wconf 80' lang='grc' dir='ltr'>ἀνέχηται</span> <span class='ocrx_word' id='word_1_258' title='bbox 589 2886 870 2956; x_wconf 83' lang='grc' dir='ltr'>ἐπιμένειν</span> <span class='ocrx_word' id='word_1_259' title='bbox 901 2886 999 2958; x_wconf 83' lang='grc' dir='ltr'>τὴν</span> <span class='ocrx_word' id='word_1_260' title='bbox 1043 2887 1150 2940; x_wconf 70' lang='grc' dir='ltr'>ἀπὸ</span> <span class='ocrx_word' id='word_1_261' title='bbox 1176 2887 1273 2940; x_wconf 91' lang='grc' dir='ltr'>τοῦ</span> <span class='ocrx_word' id='word_1_262' title='bbox 1318 2889 1611 2960; x_wconf 85' lang='grc' dir='ltr'>φαρμάκου</span> <span class='ocrx_word' id='word_1_263' title='bbox 1652 2889 1970 2962; x_wconf 87' lang='grc' dir='ltr'>θεραπείαν,</span> 
     </span>
    </p>
   </div>
   <div class='ocr_carea' id='block_1_31' title="bbox 297 2971 1970 3049">
    <p class='ocr_par' dir='ltr' id='par_1_31' title="bbox 297 2971 1970 3049">
     <span class='ocr_line' id='line_1_31' title="bbox 297 2971 1970 3049; baseline 0.002 -23"><span class='ocrx_word' id='word_1_264' title='bbox 297 2971 428 3026; x_wconf 86' lang='grc' dir='ltr'>ἀλλά</span> <span class='ocrx_word' id='word_1_265' title='bbox 449 2974 716 3038; x_wconf 82' lang='grc' dir='ltr'>πολλάκις</span> <span class='ocrx_word' id='word_1_266' title='bbox 734 2975 1098 3046; x_wconf 83' lang='grc' dir='ltr'>δυσχεραίνων</span> <span class='ocrx_word' id='word_1_267' title='bbox 1124 2977 1261 3046; x_wconf 88' lang='grc' dir='ltr'>μετά</span> <span class='ocrx_word' id='word_1_268' title='bbox 1280 2976 1342 3030; x_wconf 87' lang='grc' dir='ltr'>τδ</span> <span class='ocrx_word' id='word_1_269' title='bbox 1363 2977 1630 3031; x_wconf 85' lang='grc' dir='ltr'>ἐπιθεῖναι</span> <span class='ocrx_word' id='word_1_270' title='bbox 1651 2978 1743 3032; x_wconf 82' lang='grc' dir='ltr'>τὸν</span> <span class='ocrx_word' id='word_1_271' title='bbox 1769 2977 1970 3049; x_wconf 83' lang='grc' dir='ltr'>ίατρδν,</span> 
     </span>
    </p>
   </div>
   <div class='ocr_carea' id='block_1_32' title="bbox 295 3063 1973 3138">
    <p class='ocr_par' dir='ltr' id='par_1_32' title="bbox 295 3063 1973 3138">
     <span class='ocr_line' id='line_1_32' title="bbox 295 3063 1973 3138; baseline 0.003 -25"><span class='ocrx_word' id='word_1_272' title='bbox 295 3063 393 3115; x_wconf 79' lang='grc' dir='ltr'>οὐκ</span> <span class='ocrx_word' id='word_1_273' title='bbox 432 3063 768 3133; x_wconf 81' lang='grc' dir='ltr'>ἀνεχόμενος</span> <span class='ocrx_word' id='word_1_274' title='bbox 813 3064 912 3132; x_wconf 86' lang='grc' dir='ltr'>τῆς</span> <span class='ocrx_word' id='word_1_275' title='bbox 945 3064 1237 3135; x_wconf 90' lang='grc' dir='ltr'>ἀλγηδόνος</span> <span class='ocrx_word' id='word_1_276' title='bbox 1272 3066 1602 3138; x_wconf 78' lang='grc' dir='ltr'>ἀποῤῥίπτοι</span> <span class='ocrx_word' id='word_1_277' title='bbox 1655 3064 1832 3130; x_wconf 91' lang='grc' dir='ltr'>τοῦτο,</span> <span class='ocrx_word' id='word_1_278' title='bbox 1879 3067 1973 3118; x_wconf 79' lang='grc' dir='ltr'>καὶ</span> 
     </span>
    </p>
   </div>
   <div class='ocr_carea' id='block_1_33' title="bbox 298 3150 1970 3224">
    <p class='ocr_par' dir='ltr' id='par_1_33' title="bbox 298 3150 1970 3224">
     <span class='ocr_line' id='line_1_33' title="bbox 298 3150 1970 3224; baseline 0.002 -20"><span class='ocrx_word' id='word_1_279' title='bbox 298 3150 372 3222; x_wconf 79' lang='grc' dir='ltr'>μὴ</span> <span class='ocrx_word' id='word_1_280' title='bbox 409 3153 764 3217; x_wconf 81' lang='grc' dir='ltr'>καταδέξοιτο</span> <span class='ocrx_word' id='word_1_281' title='bbox 796 3153 892 3224; x_wconf 81' lang='grc' dir='ltr'>τὴν</span> <span class='ocrx_word' id='word_1_282' title='bbox 937 3153 996 3219; x_wconf 79' lang='grc' dir='ltr'>ἐξ</span> <span class='ocrx_word' id='word_1_283' title='bbox 1029 3153 1192 3206; x_wconf 81' lang='grc' dir='ltr'>αὑτοῦ</span> <span class='ocrx_word' id='word_1_284' title='bbox 1227 3153 1495 3222; x_wconf 84' lang='grc' dir='ltr'>ὠφέλειαν</span> <span class='ocrx_word' id='word_1_285' title='bbox 1515 3192 1532 3217; x_wconf 96' lang='grc'>,</span> <span class='ocrx_word' id='word_1_286' title='bbox 1561 3153 1736 3216; x_wconf 81' lang='grc' dir='ltr'>οὐδεὶς</span> <span class='ocrx_word' id='word_1_287' title='bbox 1765 3153 1832 3208; x_wconf 83' lang='grc' dir='ltr'>ἂν</span> <span class='ocrx_word' id='word_1_288' title='bbox 1865 3155 1970 3208; x_wconf 88' lang='grc' dir='ltr'>τῶν</span> 
     </span>
    </p>
   </div>
   <div class='ocr_carea' id='block_1_34' title="bbox 295 3233 1970 3312">
    <p class='ocr_par' dir='ltr' id='par_1_34' title="bbox 295 3233 1970 3312">
     <span class='ocr_line' id='line_1_34' title="bbox 295 3233 1970 3312; baseline 0.003 -22"><span class='ocrx_word' id='word_1_289' title='bbox 295 3233 352 3290; x_wconf 79' lang='grc' dir='ltr'>εὖ</span> <span class='ocrx_word' id='word_1_290' title='bbox 381 3239 728 3310; x_wconf 76' lang='grc' dir='ltr'>φρονούντων</span> <span class='ocrx_word' id='word_1_291' title='bbox 770 3240 1038 3311; x_wconf 80' lang='grc' dir='ltr'>μέμψοιτο</span> <span class='ocrx_word' id='word_1_292' title='bbox 1077 3241 1159 3311; x_wconf 83' lang='grc' dir='ltr'>τῷ</span> <span class='ocrx_word' id='word_1_293' title='bbox 1198 3240 1367 3312; x_wconf 82' lang='grc' dir='ltr'>ἰατρῷ</span> <span class='ocrx_word' id='word_1_294' title='bbox 1403 3241 1483 3312; x_wconf 84' lang='grc' dir='ltr'>τῷ</span> <span class='ocrx_word' id='word_1_295' title='bbox 1513 3241 1582 3295; x_wconf 89' lang='grc' dir='ltr'>τά</span> <span class='ocrx_word' id='word_1_296' title='bbox 1614 3242 1745 3312; x_wconf 85' lang='grc' dir='ltr'>παρ’</span> <span class='ocrx_word' id='word_1_297' title='bbox 1778 3242 1970 3295; x_wconf 88' lang='grc' dir='ltr'>ἐαυτοῦ</span> 
     </span>
    </p>
   </div>
   <div class='ocr_carea' id='block_1_35' title="bbox 296 3328 1971 3400">
    <p class='ocr_par' dir='ltr' id='par_1_35' title="bbox 296 3328 1971 3400">
     <span class='ocr_line' id='line_1_35' title="bbox 296 3328 1971 3400; baseline 0.001 -19"><span class='ocrx_word' id='word_1_298' title='bbox 296 3329 472 3382; x_wconf 73' lang='grc' dir='ltr'>πάντα</span> <span class='ocrx_word' id='word_1_299' title='bbox 515 3329 888 3397; x_wconf 87' lang='grc' dir='ltr'>είσαγαγόντι·</span> <span class='ocrx_word' id='word_1_300' title='bbox 921 3328 1015 3382; x_wconf 86' lang='grc' dir='ltr'>τὸν</span> <span class='ocrx_word' id='word_1_301' title='bbox 1048 3328 1209 3383; x_wconf 76' lang='grc' dir='ltr'>αὑτὸν</span> <span class='ocrx_word' id='word_1_302' title='bbox 1251 3329 1316 3400; x_wconf 84' lang='grc' dir='ltr'>δὴ</span> <span class='ocrx_word' id='word_1_303' title='bbox 1358 3331 1557 3400; x_wconf 80' lang='grc' dir='ltr'>τρόπον</span> <span class='ocrx_word' id='word_1_304' title='bbox 1607 3330 1700 3383; x_wconf 77' lang='grc' dir='ltr'>καὶ</span> <span class='ocrx_word' id='word_1_305' title='bbox 1741 3330 1971 3384; x_wconf 88' lang='grc' dir='ltr'>ἐνταῦθα</span> 
     </span>
    </p>
   </div>
   <div class='ocr_carea' id='block_1_36' title="bbox 296 3413 1970 3486">
    <p class='ocr_par' dir='ltr' id='par_1_36' title="bbox 296 3413 1970 3486">
     <span class='ocr_line' id='line_1_36' title="bbox 296 3413 1970 3486; baseline 0.003 -21"><span class='ocrx_word' id='word_1_306' title='bbox 296 3413 452 3483; x_wconf 76' lang='grc' dir='ltr'>ἡμεῖς</span> <span class='ocrx_word' id='word_1_307' title='bbox 499 3414 603 3484; x_wconf 81' lang='grc' dir='ltr'>μὲν</span> <span class='ocrx_word' id='word_1_308' title='bbox 651 3414 714 3467; x_wconf 81' lang='grc' dir='ltr'>τὺ</span> <span class='ocrx_word' id='word_1_309' title='bbox 768 3415 1059 3485; x_wconf 86' lang='grc' dir='ltr'>φάρμακον</span> <span class='ocrx_word' id='word_1_310' title='bbox 1104 3415 1166 3467; x_wconf 87' lang='grc' dir='ltr'>τὸ</span> <span class='ocrx_word' id='word_1_311' title='bbox 1201 3414 1310 3468; x_wconf 84' lang='grc' dir='ltr'>ἀπὸ</span> <span class='ocrx_word' id='word_1_312' title='bbox 1352 3415 1452 3484; x_wconf 83' lang='grc' dir='ltr'>τῆς</span> <span class='ocrx_word' id='word_1_313' title='bbox 1493 3415 1836 3480; x_wconf 80' lang='grc' dir='ltr'>διδασκαλίας</span> <span class='ocrx_word' id='word_1_314' title='bbox 1873 3417 1970 3486; x_wconf 78' lang='grc' dir='ltr'>τῆς</span> 
     </span>
    </p>
   </div>
   <div class='ocr_carea' id='block_1_37' title="bbox 295 3500 1968 3575">
    <p class='ocr_par' dir='ltr' id='par_1_37' title="bbox 295 3500 1968 3575">
     <span class='ocr_line' id='line_1_37' title="bbox 295 3500 1968 3575; baseline 0.002 -22"><span class='ocrx_word' id='word_1_315' title='bbox 295 3500 676 3572; x_wconf 82' lang='grc' dir='ltr'>πνευματικῆς</span> <span class='ocrx_word' id='word_1_316' title='bbox 710 3501 1222 3566; x_wconf 84' lang='grc' dir='ltr'>κατασκευάσαντες</span> <span class='ocrx_word' id='word_1_317' title='bbox 1250 3503 1585 3573; x_wconf 83' lang='grc' dir='ltr'>ἐπιτίθεμεν·</span> <span class='ocrx_word' id='word_1_318' title='bbox 1617 3503 1879 3575; x_wconf 83' lang='grc' dir='ltr'>ὑμέτερον</span> <span class='ocrx_word' id='word_1_319' title='bbox 1913 3505 1968 3556; x_wconf 85' lang='grc' dir='ltr'>δὲ</span> 
     </span>
    </p>
   </div>
   <div class='ocr_carea' id='block_1_38' title="bbox 295 3587 1968 3661">
    <p class='ocr_par' dir='ltr' id='par_1_38' title="bbox 295 3587 1968 3661">
     <span class='ocr_line' id='line_1_38' title="bbox 295 3587 1968 3661; baseline 0.004 -21"><span class='ocrx_word' id='word_1_320' title='bbox 295 3587 360 3641; x_wconf 80' lang='grc' dir='ltr'>ἂν</span> <span class='ocrx_word' id='word_1_321' title='bbox 385 3589 471 3659; x_wconf 80' lang='grc' dir='ltr'>εἴη</span> <span class='ocrx_word' id='word_1_322' title='bbox 494 3589 682 3642; x_wconf 80' lang='grc' dir='ltr'>λοιπὸν</span> <span class='ocrx_word' id='word_1_323' title='bbox 712 3589 805 3644; x_wconf 79' lang='grc' dir='ltr'>καὶ</span> <span class='ocrx_word' id='word_1_324' title='bbox 827 3589 1114 3660; x_wconf 89' lang='grc' dir='ltr'>ἀνέχεσθαι</span> <span class='ocrx_word' id='word_1_325' title='bbox 1136 3589 1244 3643; x_wconf 89' lang='grc' dir='ltr'>τῶν</span> <span class='ocrx_word' id='word_1_326' title='bbox 1274 3589 1603 3661; x_wconf 87' lang='grc' dir='ltr'>ἀλγηδόνων,</span> <span class='ocrx_word' id='word_1_327' title='bbox 1634 3594 1729 3646; x_wconf 71' lang='grc' dir='ltr'>καὶ</span> <span class='ocrx_word' id='word_1_328' title='bbox 1752 3593 1852 3661; x_wconf 83' lang='grc' dir='ltr'>τῆς</span> <span class='ocrx_word' id='word_1_329' title='bbox 1878 3593 1968 3645; x_wconf 68' lang='grc' dir='ltr'>θεη</span> 
     </span>
    </p>
   </div>
   <div class='ocr_carea' id='block_1_39' title="bbox 293 3676 1968 3750">
    <p class='ocr_par' dir='ltr' id='par_1_39' title="bbox 293 3676 1968 3750">
     <span class='ocr_line' id='line_1_39' title="bbox 293 3676 1968 3750; baseline 0.002 -21"><span class='ocrx_word' id='word_1_330' title='bbox 293 3677 528 3745; x_wconf 83' lang='grc' dir='ltr'>ραπείας</span> <span class='ocrx_word' id='word_1_331' title='bbox 572 3676 895 3742; x_wconf 86' lang='grc' dir='ltr'>ἀπόνασθαι,</span> <span class='ocrx_word' id='word_1_332' title='bbox 933 3678 1026 3730; x_wconf 71' lang='grc' dir='ltr'>καὶ</span> <span class='ocrx_word' id='word_1_333' title='bbox 1057 3677 1470 3746; x_wconf 83' lang='grc' dir='ltr'>ἀπαλλαγέντας</span> <span class='ocrx_word' id='word_1_334' title='bbox 1511 3679 1610 3748; x_wconf 82' lang='grc' dir='ltr'>τῆς</span> <span class='ocrx_word' id='word_1_335' title='bbox 1647 3679 1802 3732; x_wconf 87' lang='grc' dir='ltr'>νόσου</span> <span class='ocrx_word' id='word_1_336' title='bbox 1833 3681 1968 3750; x_wconf 79' lang='grc' dir='ltr'>πρὸς</span> 
     </span>
    </p>
   </div>
   <div class='ocr_carea' id='block_1_40' title="bbox 293 3763 1970 3840">
    <p class='ocr_par' dir='ltr' id='par_1_40' title="bbox 293 3763 1970 3840">
     <span class='ocr_line' id='line_1_40' title="bbox 293 3763 1970 3840; baseline 0.002 -24"><span class='ocrx_word' id='word_1_337' title='bbox 293 3763 392 3834; x_wconf 80' lang='grc' dir='ltr'>τὴν</span> <span class='ocrx_word' id='word_1_338' title='bbox 413 3763 594 3836; x_wconf 81' lang='grc' dir='ltr'>ἀληθῆ</span> <span class='ocrx_word' id='word_1_339' title='bbox 620 3765 830 3833; x_wconf 83' lang='grc' dir='ltr'>ὑγίειαν</span> <span class='ocrx_word' id='word_1_340' title='bbox 863 3765 1196 3820; x_wconf 85' lang='grc' dir='ltr'>ἐπανελθεῖν.</span> <span class='ocrx_word' id='word_1_341' title='bbox 1223 3765 1379 3819; x_wconf 79' lang='grc' dir='ltr'>Οὕτω</span> <span class='ocrx_word' id='word_1_342' title='bbox 1404 3766 1510 3840; x_wconf 84' lang='grc' dir='ltr'>γὰρ</span> <span class='ocrx_word' id='word_1_343' title='bbox 1546 3768 1640 3820; x_wconf 77' lang='grc' dir='ltr'>καὶ</span> <span class='ocrx_word' id='word_1_344' title='bbox 1660 3768 1814 3820; x_wconf 78' lang='grc' dir='ltr'>αὐτοὶ</span> <span class='ocrx_word' id='word_1_345' title='bbox 1842 3766 1970 3820; x_wconf 91' lang='grc' dir='ltr'>πολ-</span> 
     </span>
    </p>
   </div>
   <div class='ocr_carea' id='block_1_41' title="bbox 291 3852 1964 3928">
    <p class='ocr_par' dir='ltr' id='par_1_41' title="bbox 291 3852 1964 3928">
     <span class='ocr_line' id='line_1_41' title="bbox 291 3852 1964 3928; baseline 0.002 -22"><span class='ocrx_word' id='word_1_346' title='bbox 291 3852 390 3924; x_wconf 83' lang='grc' dir='ltr'>λὴν</span> <span class='ocrx_word' id='word_1_347' title='bbox 429 3854 531 3924; x_wconf 84' lang='grc' dir='ltr'>τῆς</span> <span class='ocrx_word' id='word_1_348' title='bbox 566 3853 834 3922; x_wconf 86' lang='grc' dir='ltr'>ὡφελείας</span> <span class='ocrx_word' id='word_1_349' title='bbox 858 3856 958 3926; x_wconf 85' lang='grc' dir='ltr'>τὴν</span> <span class='ocrx_word' id='word_1_350' title='bbox 990 3854 1239 3925; x_wconf 83' lang='grc' dir='ltr'>αίσθησιν</span> <span class='ocrx_word' id='word_1_351' title='bbox 1277 3855 1538 3926; x_wconf 81' lang='grc' dir='ltr'>λήψεσθε,</span> <span class='ocrx_word' id='word_1_352' title='bbox 1573 3857 1667 3909; x_wconf 76' lang='grc' dir='ltr'>καὶ</span> <span class='ocrx_word' id='word_1_353' title='bbox 1710 3859 1873 3928; x_wconf 80' lang='grc' dir='ltr'>ἡμεῖς</span> <span class='ocrx_word' id='word_1_354' title='bbox 1903 3859 1964 3910; x_wconf 85' lang='grc' dir='ltr'>οὺ</span> 
     </span>
    </p>
   </div>
   <div class='ocr_carea' id='block_1_42' title="bbox 295 3935 1966 4012">
    <p class='ocr_par' dir='ltr' id='par_1_42' title="bbox 295 3935 1966 4012">
     <span class='ocr_line' id='line_1_42' title="bbox 295 3935 1966 4012; baseline 0.002 -23"><span class='ocrx_word' id='word_1_355' title='bbox 295 3935 500 4007; x_wconf 69' lang='grc' dir='ltr'>μικρὰν</span> <span class='ocrx_word' id='word_1_356' title='bbox 529 3937 721 4008; x_wconf 71' lang='grc' dir='ltr'>ἕξομεν</span> <span class='ocrx_word' id='word_1_357' title='bbox 746 3939 845 4008; x_wconf 86' lang='grc' dir='ltr'>τὴν</span> <span class='ocrx_word' id='word_1_358' title='bbox 875 3939 1248 4009; x_wconf 82' lang='grc' dir='ltr'>παραμυθίαν,</span> <span class='ocrx_word' id='word_1_359' title='bbox 1273 3939 1506 4010; x_wconf 85' lang='grc' dir='ltr'>δρῶντες</span> <span class='ocrx_word' id='word_1_360' title='bbox 1543 3939 1668 4004; x_wconf 81' lang='grc' dir='ltr'>τοὺς</span> <span class='ocrx_word' id='word_1_361' title='bbox 1702 3940 1966 4012; x_wconf 90' lang='grc' dir='ltr'>πρότερον</span> 
     </span>
    </p>
   </div>
   <div class='ocr_carea' id='block_1_43' title="bbox 295 4020 1918 4094">
    <p class='ocr_par' dir='ltr' id='par_1_43' title="bbox 295 4020 1918 4094">
     <span class='ocr_line' id='line_1_43' title="bbox 295 4020 1918 4094; baseline 0.001 -20"><span class='ocrx_word' id='word_1_362' title='bbox 295 4021 624 4090; x_wconf 82' lang='grc' dir='ltr'>κάμνοντας,</span> <span class='ocrx_word' id='word_1_363' title='bbox 665 4020 810 4074; x_wconf 75' lang='grc' dir='ltr'>οὕτω</span> <span class='ocrx_word' id='word_1_364' title='bbox 841 4022 1048 4092; x_wconf 87' lang='grc' dir='ltr'>ταχέως</span> <span class='ocrx_word' id='word_1_365' title='bbox 1089 4022 1224 4094; x_wconf 81' lang='grc' dir='ltr'>πρὸς</span> <span class='ocrx_word' id='word_1_366' title='bbox 1263 4021 1472 4090; x_wconf 82' lang='grc' dir='ltr'>ὑγίειαν</span> <span class='ocrx_word' id='word_1_367' title='bbox 1512 4022 1918 4086; x_wconf 88' lang='grc' dir='ltr'>ἐπανελθόντας.</span> 
     </span>
    </p>
   </div>
   <div class='ocr_carea' id='block_1_44' title="bbox 365 4104 1967 4179">
    <p class='ocr_par' dir='ltr' id='par_1_44' title="bbox 365 4104 1967 4179">
     <span class='ocr_line' id='line_1_44' title="bbox 365 4104 1967 4179; baseline 0.001 -21"><span class='ocrx_word' id='word_1_368' title='bbox 365 4104 640 4168; x_wconf 84' lang='grc' dir='ltr'>Ἕκαστος</span> <span class='ocrx_word' id='word_1_369' title='bbox 693 4105 875 4158; x_wconf 91' lang='grc' dir='ltr'>τοίνυν</span> <span class='ocrx_word' id='word_1_370' title='bbox 914 4106 1088 4176; x_wconf 85' lang='grc' dir='ltr'>ὑμῶν,</span> <span class='ocrx_word' id='word_1_371' title='bbox 1139 4105 1458 4176; x_wconf 86' lang='grc' dir='ltr'>παρακαλῶ,</span> <span class='ocrx_word' id='word_1_372' title='bbox 1501 4109 1550 4160; x_wconf 89' lang='grc' dir='ltr'>εί</span> <span class='ocrx_word' id='word_1_373' title='bbox 1596 4107 1691 4160; x_wconf 74' lang='grc' dir='ltr'>καὶ</span> <span class='ocrx_word' id='word_1_374' title='bbox 1730 4105 1804 4179; x_wconf 74' lang='grc' dir='ltr'>μὴ</span> <span class='ocrx_word' id='word_1_375' title='bbox 1843 4108 1967 4178; x_wconf 78' lang='grc' dir='ltr'>πρόο</span> 
     </span>
    </p>
   </div>
   <div class='ocr_carea' id='block_1_45' title="bbox 292 4187 1964 4262">
    <p class='ocr_par' dir='ltr' id='par_1_45' title="bbox 292 4187 1964 4262">
     <span class='ocr_line' id='line_1_45' title="bbox 292 4187 1964 4262; baseline 0.002 -22"><span class='ocrx_word' id='word_1_376' title='bbox 292 4203 470 4258; x_wconf 85' lang='grc' dir='ltr'>τερον,</span> <span class='ocrx_word' id='word_1_377' title='bbox 515 4187 620 4242; x_wconf 77' lang='grc' dir='ltr'>κᾶν</span> <span class='ocrx_word' id='word_1_378' title='bbox 651 4188 783 4257; x_wconf 91' lang='grc' dir='ltr'>γοῦν</span> <span class='ocrx_word' id='word_1_379' title='bbox 811 4190 874 4241; x_wconf 85' lang='grc' dir='ltr'>ἐκ</span> <span class='ocrx_word' id='word_1_380' title='bbox 907 4189 1000 4242; x_wconf 91' lang='grc' dir='ltr'>τοῦ</span> <span class='ocrx_word' id='word_1_381' title='bbox 1044 4189 1308 4258; x_wconf 82' lang='grc' dir='ltr'>παρόντος</span> <span class='ocrx_word' id='word_1_382' title='bbox 1349 4201 1375 4230; x_wconf 72' lang='grc' dir='ltr'>ι</span> <span class='ocrx_word' id='word_1_383' title='bbox 1426 4189 1792 4254; x_wconf 75' lang='grc' dir='ltr'>σπουδαζέτω,</span> <span class='ocrx_word' id='word_1_384' title='bbox 1827 4191 1964 4262; x_wconf 84' lang='grc' dir='ltr'>ὅπερ</span> 
     </span>
    </p>
   </div>
   <div class='ocr_carea' id='block_1_46' title="bbox 291 4265 1962 4342">
    <p class='ocr_par' dir='ltr' id='par_1_46' title="bbox 291 4265 1962 4342">
     <span class='ocr_line' id='line_1_46' title="bbox 291 4265 1962 4342; baseline 0.002 -20"><span class='ocrx_word' id='word_1_385' title='bbox 291 4265 430 4323; x_wconf 70' lang='grc' dir='ltr'>οἶδεν</span> <span class='ocrx_word' id='word_1_386' title='bbox 473 4269 727 4340; x_wconf 74' lang='grc' dir='ltr'>ἐνοχλοῦν</span> <span class='ocrx_word' id='word_1_387' title='bbox 766 4272 914 4342; x_wconf 82' lang='grc' dir='ltr'>αὐτῷ</span> <span class='ocrx_word' id='word_1_388' title='bbox 957 4271 1246 4342; x_wconf 87' lang='grc' dir='ltr'>ἐλάττωμα</span> <span class='ocrx_word' id='word_1_389' title='bbox 1283 4271 1392 4325; x_wconf 86' lang='grc' dir='ltr'>τῶν</span> <span class='ocrx_word' id='word_1_390' title='bbox 1427 4271 1601 4325; x_wconf 80' lang='grc' dir='ltr'>ἀλλων</span> <span class='ocrx_word' id='word_1_391' title='bbox 1651 4272 1808 4326; x_wconf 80' lang='grc' dir='ltr'>πλέον</span> <span class='ocrx_word' id='word_1_392' title='bbox 1856 4291 1962 4326; x_wconf 91' lang='grc' dir='ltr'>πα-</span> 
     </span>
    </p>
   </div>
   <div class='ocr_carea' id='block_1_47' title="bbox 294 4351 1965 4425">
    <p class='ocr_par' dir='ltr' id='par_1_47' title="bbox 294 4351 1965 4425">
     <span class='ocr_line' id='line_1_47' title="bbox 294 4351 1965 4425; baseline 0.002 -20"><span class='ocrx_word' id='word_1_393' title='bbox 294 4351 422 4416; x_wconf 74' lang='grc' dir='ltr'>θῶν,</span> <span class='ocrx_word' id='word_1_394' title='bbox 490 4353 649 4407; x_wconf 88' lang='grc' dir='ltr'>τοῦτο</span> <span class='ocrx_word' id='word_1_395' title='bbox 703 4354 988 4425; x_wconf 82' lang='grc' dir='ltr'>ἐκτέμνειν</span> <span class='ocrx_word' id='word_1_396' title='bbox 1048 4353 1146 4424; x_wconf 84' lang='grc' dir='ltr'>τῆς</span> <span class='ocrx_word' id='word_1_397' title='bbox 1203 4353 1404 4425; x_wconf 80' lang='grc' dir='ltr'>ψυχῆς,</span> <span class='ocrx_word' id='word_1_398' title='bbox 1455 4355 1549 4408; x_wconf 79' lang='grc' dir='ltr'>καὶ</span> <span class='ocrx_word' id='word_1_399' title='bbox 1613 4355 1690 4424; x_wconf 84' lang='grc' dir='ltr'>τῷ</span> <span class='ocrx_word' id='word_1_400' title='bbox 1751 4355 1965 4409; x_wconf 76' lang='grc' dir='ltr'>εὐσεϐεῖ</span> 
     </span>
    </p>
   </div>
   <div class='ocr_carea' id='block_1_48' title="bbox 291 4421 1959 4510">
    <p class='ocr_par' dir='ltr' id='par_1_48' title="bbox 291 4421 1959 4510">
     <span class='ocr_line' id='line_1_48' title="bbox 291 4421 1959 4510; baseline 0.003 -21"><span class='ocrx_word' id='word_1_401' title='bbox 291 4435 559 4508; x_wconf 82' lang='grc' dir='ltr'>λογισμῷ,</span> <span class='ocrx_word' id='word_1_402' title='bbox 594 4421 847 4510; x_wconf 83' lang='grc' dir='ltr'>καθάπερ</span> <span class='ocrx_word' id='word_1_403' title='bbox 875 4421 1118 4508; x_wconf 65' lang='grc' dir='ltr'>μαχαίρα</span> <span class='ocrx_word' id='word_1_404' title='bbox 1149 4421 1258 4490; x_wconf 77' lang='grc' dir='ltr'>τινὶ</span> <span class='ocrx_word' id='word_1_405' title='bbox 1282 4421 1627 4510; x_wconf 73' lang='grc' dir='ltr'>πνευματικῇ</span> <span class='ocrx_word' id='word_1_406' title='bbox 1659 4421 1959 4510; x_wconf 85' lang='grc' dir='ltr'>χρώμενος,</span> 
     </span>
    </p>
   </div>
   <div class='ocr_carea' id='block_1_49' title="bbox 291 4520 1960 4593">
    <p class='ocr_par' dir='ltr' id='par_1_49' title="bbox 291 4520 1960 4593">
     <span class='ocr_line' id='line_1_49' title="bbox 291 4520 1960 4593; baseline 0.002 -20"><span class='ocrx_word' id='word_1_407' title='bbox 291 4521 465 4584; x_wconf 74' lang='grc' dir='ltr'>οὕτως</span> <span class='ocrx_word' id='word_1_408' title='bbox 520 4521 710 4574; x_wconf 80' lang='grc' dir='ltr'>ἑαυτὸν</span> <span class='ocrx_word' id='word_1_409' title='bbox 763 4521 856 4574; x_wconf 90' lang='grc' dir='ltr'>τοῦ</span> <span class='ocrx_word' id='word_1_410' title='bbox 898 4521 1102 4585; x_wconf 87' lang='grc' dir='ltr'>πάθους</span> <span class='ocrx_word' id='word_1_411' title='bbox 1153 4520 1561 4575; x_wconf 84' lang='grc' dir='ltr'>ἀπαλλαττέτω.</span> <span class='ocrx_word' id='word_1_412' title='bbox 1609 4523 1822 4576; x_wconf 86' lang='grc' dir='ltr'>Δέδωκε</span> <span class='ocrx_word' id='word_1_413' title='bbox 1851 4524 1960 4593; x_wconf 81' lang='grc' dir='ltr'>γὰρ</span> 
     </span>
    </p>
   </div>
   <div class='ocr_carea' id='block_1_50' title="bbox 290 4603 1959 4676">
    <p class='ocr_par' dir='ltr' id='par_1_50' title="bbox 290 4603 1959 4676">
     <span class='ocr_line' id='line_1_50' title="bbox 290 4603 1959 4676; baseline 0.001 -20"><span class='ocrx_word' id='word_1_414' title='bbox 290 4605 425 4674; x_wconf 68' lang='grc' dir='ltr'>ἡμῖν</span> <span class='ocrx_word' id='word_1_415' title='bbox 457 4605 486 4657; x_wconf 88' lang='lat'>6</span> <span class='ocrx_word' id='word_1_416' title='bbox 507 4603 642 4668; x_wconf 78' lang='grc' dir='ltr'>Θεὸς</span> <span class='ocrx_word' id='word_1_417' title='bbox 674 4604 932 4676; x_wconf 84' lang='grc' dir='ltr'>λογισμὸν</span> <span class='ocrx_word' id='word_1_418' title='bbox 961 4603 1254 4676; x_wconf 87' lang='grc' dir='ltr'>ἀρκοῦντα,</span> <span class='ocrx_word' id='word_1_419' title='bbox 1281 4603 1377 4658; x_wconf 79' lang='grc' dir='ltr'>καὶ</span> <span class='ocrx_word' id='word_1_420' title='bbox 1400 4603 1718 4674; x_wconf 87' lang='grc' dir='ltr'>δυνάμενον,</span> <span class='ocrx_word' id='word_1_421' title='bbox 1753 4607 1802 4658; x_wconf 90' lang='grc' dir='ltr'>εί</span> <span class='ocrx_word' id='word_1_422' title='bbox 1833 4604 1959 4676; x_wconf 86' lang='grc' dir='ltr'>βου-</span> 
     </span>
    </p>
   </div>
   <div class='ocr_carea' id='block_1_51' title="bbox 291 4684 1959 4758">
    <p class='ocr_par' dir='ltr' id='par_1_51' title="bbox 291 4684 1959 4758">
     <span class='ocr_line' id='line_1_51' title="bbox 291 4684 1959 4758; baseline 0.001 -19"><span class='ocrx_word' id='word_1_423' title='bbox 291 4684 588 4757; x_wconf 87' lang='grc' dir='ltr'>ληθείημεν</span> <span class='ocrx_word' id='word_1_424' title='bbox 643 4689 838 4758; x_wconf 75' lang='grc' dir='ltr'>μικρὸν</span> <span class='ocrx_word' id='word_1_425' title='bbox 893 4687 1195 4756; x_wconf 76' lang='grc' dir='ltr'>διαϐλέψαι,</span> <span class='ocrx_word' id='word_1_426' title='bbox 1255 4686 1488 4739; x_wconf 87' lang='grc' dir='ltr'>ἐκάστου</span> <span class='ocrx_word' id='word_1_427' title='bbox 1539 4685 1648 4738; x_wconf 89' lang='grc' dir='ltr'>τῶν</span> <span class='ocrx_word' id='word_1_428' title='bbox 1711 4687 1770 4740; x_wconf 89' lang='grc' dir='ltr'>ἐν</span> <span class='ocrx_word' id='word_1_429' title='bbox 1824 4689 1959 4757; x_wconf 71' lang='grc' dir='ltr'>ἡμῖν</span> 
     </span>
    </p>
   </div>
   <div class='ocr_carea' id='block_1_52' title="bbox 289 4766 1956 4842">
    <p class='ocr_par' dir='ltr' id='par_1_52' title="bbox 289 4766 1956 4842">
     <span class='ocr_line' id='line_1_52' title="bbox 289 4766 1956 4842; baseline -0.002 -20"><span class='ocrx_word' id='word_1_430' title='bbox 289 4769 626 4840; x_wconf 78' lang='grc' dir='ltr'>τικτομένων</span> <span class='ocrx_word' id='word_1_431' title='bbox 652 4769 840 4823; x_wconf 89' lang='grc' dir='ltr'>παθῶν</span> <span class='ocrx_word' id='word_1_432' title='bbox 865 4769 1256 4841; x_wconf 88' lang='grc' dir='ltr'>περιγίνεσθαι.</span> <span class='ocrx_word' id='word_1_433' title='bbox 1285 4767 1400 4842; x_wconf 89' lang='grc'>[88]</span> <span class='ocrx_word' id='word_1_434' title='bbox 1425 4767 1520 4821; x_wconf 89' lang='grc' dir='ltr'>Διά</span> <span class='ocrx_word' id='word_1_435' title='bbox 1555 4766 1711 4820; x_wconf 86' lang='grc' dir='ltr'>τοῦτο</span> <span class='ocrx_word' id='word_1_436' title='bbox 1736 4767 1956 4822; x_wconf 74' lang='grc' dir='ltr'>καὶτῶν</span> 
     </span>
    </p>
   </div>
   <div class='ocr_carea' id='block_1_53' title="bbox 293 4849 1960 4924">
    <p class='ocr_par' dir='ltr' id='par_1_53' title="bbox 293 4849 1960 4924">
     <span class='ocr_line' id='line_1_53' title="bbox 293 4849 1960 4924; baseline -0.002 -18"><span class='ocrx_word' id='word_1_437' title='bbox 293 4853 463 4920; x_wconf 83' lang='grc' dir='ltr'>ἀγίων</span> <span class='ocrx_word' id='word_1_438' title='bbox 497 4855 630 4924; x_wconf 83' lang='grc' dir='ltr'>ἡμῖν</span> <span class='ocrx_word' id='word_1_439' title='bbox 668 4853 921 4906; x_wconf 81' lang='grc' dir='ltr'>ἁπάντων</span> <span class='ocrx_word' id='word_1_440' title='bbox 948 4852 1073 4916; x_wconf 74' lang='grc' dir='ltr'>τοὺς</span> <span class='ocrx_word' id='word_1_441' title='bbox 1107 4852 1254 4922; x_wconf 86' lang='grc' dir='ltr'>βίους</span> <span class='ocrx_word' id='word_1_442' title='bbox 1286 4851 1380 4905; x_wconf 73' lang='grc' dir='ltr'>καὶ</span> <span class='ocrx_word' id='word_1_443' title='bbox 1419 4851 1518 4920; x_wconf 77' lang='grc' dir='ltr'>τὴν</span> <span class='ocrx_word' id='word_1_444' title='bbox 1558 4851 1833 4904; x_wconf 87' lang='grc' dir='ltr'>πολιτείαν</span> <span class='ocrx_word' id='word_1_445' title='bbox 1872 4849 1960 4902; x_wconf 74' lang='grc' dir='ltr'>διὰ</span> 
     </span>
    </p>
   </div>
   <div class='ocr_carea' id='block_1_54' title="bbox 291 4933 1957 5006">
    <p class='ocr_par' dir='ltr' id='par_1_54' title="bbox 291 4933 1957 5006">
     <span class='ocr_line' id='line_1_54' title="bbox 291 4933 1957 5006; baseline -0.001 -18"><span class='ocrx_word' id='word_1_446' title='bbox 291 4935 401 4988; x_wconf 84' lang='grc' dir='ltr'>τῶν</span> <span class='ocrx_word' id='word_1_447' title='bbox 452 4935 614 4989; x_wconf 89' lang='grc' dir='ltr'>θείων</span> <span class='ocrx_word' id='word_1_448' title='bbox 664 4935 894 5006; x_wconf 83' lang='grc' dir='ltr'>Γραφῶν</span> <span class='ocrx_word' id='word_1_449' title='bbox 953 4935 1298 5006; x_wconf 84' lang='grc' dir='ltr'>ἀνάγραπτον</span> <span class='ocrx_word' id='word_1_450' title='bbox 1349 4933 1733 4987; x_wconf 85' lang='grc' dir='ltr'>καταλέλοιπεν</span> <span class='ocrx_word' id='word_1_451' title='bbox 1780 4935 1815 5002; x_wconf 80' lang='grc' dir='ltr'><strong>ὴ</strong></span> <span class='ocrx_word' id='word_1_452' title='bbox 1861 4933 1957 4986; x_wconf 90' lang='grc' dir='ltr'>τοῦ</span> 
     </span>
    </p>
   </div>
   <div class='ocr_carea' id='block_1_55' title="bbox 292 5016 1956 5090">
    <p class='ocr_par' dir='ltr' id='par_1_55' title="bbox 292 5016 1956 5090">
     <span class='ocr_line' id='line_1_55' title="bbox 292 5016 1956 5090; baseline -0.001 -19"><span class='ocrx_word' id='word_1_453' title='bbox 292 5019 609 5089; x_wconf 83' lang='grc' dir='ltr'>Πνεύματος</span> <span class='ocrx_word' id='word_1_454' title='bbox 642 5020 822 5090; x_wconf 88' lang='grc' dir='ltr'>χάρις,</span> <span class='ocrx_word' id='word_1_455' title='bbox 857 5019 942 5072; x_wconf 75' lang='grc' dir='ltr'>ἵνα</span> <span class='ocrx_word' id='word_1_456' title='bbox 971 5018 1250 5089; x_wconf 86' lang='grc' dir='ltr'>μαθόντες,</span> <span class='ocrx_word' id='word_1_457' title='bbox 1273 5018 1349 5082; x_wconf 84' lang='grc' dir='ltr'>ὡς</span> <span class='ocrx_word' id='word_1_458' title='bbox 1385 5019 1484 5090; x_wconf 84' lang='grc' dir='ltr'>τῆς</span> <span class='ocrx_word' id='word_1_459' title='bbox 1521 5019 1689 5088; x_wconf 75' lang='grc' dir='ltr'>αὐτῆς</span> <span class='ocrx_word' id='word_1_460' title='bbox 1717 5019 1847 5088; x_wconf 79' lang='grc' dir='ltr'>ἡμῖν</span> <span class='ocrx_word' id='word_1_461' title='bbox 1869 5016 1956 5070; x_wconf 78' lang='grc' dir='ltr'>δν-</span> 
     </span>
    </p>
   </div>
   <div class='ocr_carea' id='block_1_56' title="bbox 290 5101 1953 5174">
    <p class='ocr_par' dir='ltr' id='par_1_56' title="bbox 290 5101 1953 5174">
     <span class='ocr_line' id='line_1_56' title="bbox 290 5101 1953 5174; baseline 0.001 -21"><span class='ocrx_word' id='word_1_462' title='bbox 290 5117 382 5167; x_wconf 83' lang='grc' dir='ltr'>τες</span> <span class='ocrx_word' id='word_1_463' title='bbox 428 5102 666 5172; x_wconf 83' lang='grc' dir='ltr'>φύσεως,</span> <span class='ocrx_word' id='word_1_464' title='bbox 709 5103 922 5156; x_wconf 75' lang='grc' dir='ltr'>ἃπαντα</span> <span class='ocrx_word' id='word_1_465' title='bbox 961 5103 1030 5158; x_wconf 86' lang='grc' dir='ltr'>τά</span> <span class='ocrx_word' id='word_1_466' title='bbox 1068 5104 1166 5174; x_wconf 82' lang='grc' dir='ltr'>τῆς</span> <span class='ocrx_word' id='word_1_467' title='bbox 1202 5103 1406 5173; x_wconf 78' lang='grc' dir='ltr'>ἀρετῆς</span> <span class='ocrx_word' id='word_1_468' title='bbox 1450 5102 1839 5173; x_wconf 88' lang='grc' dir='ltr'>κατώρθωσαν,</span> <span class='ocrx_word' id='word_1_469' title='bbox 1877 5101 1953 5172; x_wconf 85' lang='grc' dir='ltr'>μὴ</span> 
     </span>
    </p>
   </div>
   <div class='ocr_carea' id='block_1_57' title="bbox 293 5184 1453 5258">
    <p class='ocr_par' dir='ltr' id='par_1_57' title="bbox 293 5184 1453 5258">
     <span class='ocr_line' id='line_1_57' title="bbox 293 5184 1453 5258; baseline 0.001 -21"><span class='ocrx_word' id='word_1_470' title='bbox 293 5184 632 5257; x_wconf 75' lang='grc' dir='ltr'>ρᾳθυμῶμεν</span> <span class='ocrx_word' id='word_1_471' title='bbox 663 5187 789 5258; x_wconf 73' lang='grc' dir='ltr'>περὶ</span> <span class='ocrx_word' id='word_1_472' title='bbox 813 5186 913 5257; x_wconf 76' lang='grc' dir='ltr'>τὴν</span> <span class='ocrx_word' id='word_1_473' title='bbox 937 5184 1140 5257; x_wconf 87' lang='grc' dir='ltr'>ταύτης</span> <span class='ocrx_word' id='word_1_474' title='bbox 1171 5187 1453 5258; x_wconf 81' lang='grc' dir='ltr'>ἐργασίαν.</span> 
     </span>
    </p>
   </div>
   <div class='ocr_carea' id='block_1_58' title="bbox 359 5265 1954 5341">
    <p class='ocr_par' dir='ltr' id='par_1_58' title="bbox 359 5265 1954 5341">
     <span class='ocr_line' id='line_1_58' title="bbox 359 5265 1954 5341; baseline -0.001 -19"><span class='ocrx_word' id='word_1_475' title='bbox 359 5271 501 5323; x_wconf 84' lang='grc' dir='ltr'>ε’.Ἦ</span> <span class='ocrx_word' id='word_1_476' title='bbox 521 5269 644 5340; x_wconf 76' lang='grc' dir='ltr'>οὐχὶ</span> <span class='ocrx_word' id='word_1_477' title='bbox 659 5270 758 5340; x_wconf 86' lang='grc' dir='ltr'>τῆς</span> <span class='ocrx_word' id='word_1_478' title='bbox 778 5270 946 5339; x_wconf 84' lang='grc' dir='ltr'>αὐτῆς</span> <span class='ocrx_word' id='word_1_479' title='bbox 971 5272 1102 5340; x_wconf 80' lang='grc' dir='ltr'>ἡμῖν</span> <span class='ocrx_word' id='word_1_480' title='bbox 1125 5269 1336 5339; x_wconf 88' lang='grc' dir='ltr'>φύσεως</span> <span class='ocrx_word' id='word_1_481' title='bbox 1360 5265 1428 5341; x_wconf 80' lang='grc' dir='ltr'>ἦν</span> <span class='ocrx_word' id='word_1_482' title='bbox 1457 5271 1486 5322; x_wconf 88' lang='lat'>6</span> <span class='ocrx_word' id='word_1_483' title='bbox 1513 5269 1777 5340; x_wconf 88' lang='grc' dir='ltr'>μακάριος</span> <span class='ocrx_word' id='word_1_484' title='bbox 1807 5269 1954 5323; x_wconf 89' lang='grc' dir='ltr'>Παῦ-</span> 
     </span>
    </p>
   </div>
   <div class='ocr_carea' id='block_1_59' title="bbox 291 5351 1955 5423">
    <p class='ocr_par' dir='ltr' id='par_1_59' title="bbox 291 5351 1955 5423">
     <span class='ocr_line' id='line_1_59' title="bbox 291 5351 1955 5423; baseline 0 -19"><span class='ocrx_word' id='word_1_485' title='bbox 291 5351 416 5416; x_wconf 87' lang='grc' dir='ltr'>λος;</span> <span class='ocrx_word' id='word_1_486' title='bbox 461 5352 788 5422; x_wconf 83' lang='grc' dir='ltr'>Ἐκκαίομαι</span> <span class='ocrx_word' id='word_1_487' title='bbox 820 5353 929 5423; x_wconf 81' lang='grc' dir='ltr'>γὰρ</span> <span class='ocrx_word' id='word_1_488' title='bbox 955 5356 1036 5415; x_wconf 83' lang='grc' dir='ltr'>είς</span> <span class='ocrx_word' id='word_1_489' title='bbox 1066 5353 1156 5406; x_wconf 82' lang='grc' dir='ltr'>τὸν</span> <span class='ocrx_word' id='word_1_490' title='bbox 1188 5353 1282 5406; x_wconf 89' lang='grc' dir='ltr'>τοῦ</span> <span class='ocrx_word' id='word_1_491' title='bbox 1306 5352 1496 5423; x_wconf 85' lang='grc' dir='ltr'>ἀνδρὸς</span> <span class='ocrx_word' id='word_1_492' title='bbox 1526 5351 1709 5416; x_wconf 87' lang='grc' dir='ltr'>πόθον,</span> <span class='ocrx_word' id='word_1_493' title='bbox 1742 5352 1837 5404; x_wconf 74' lang='grc' dir='ltr'>καὶ</span> <span class='ocrx_word' id='word_1_494' title='bbox 1867 5351 1955 5404; x_wconf 84' lang='grc' dir='ltr'>διὰ</span> 
     </span>
    </p>
   </div>
   <div class='ocr_carea' id='block_1_60' title="bbox 289 5433 1956 5506">
    <p class='ocr_par' dir='ltr' id='par_1_60' title="bbox 289 5433 1956 5506">
     <span class='ocr_line' id='line_1_60' title="bbox 289 5433 1956 5506; baseline 0.001 -19"><span class='ocrx_word' id='word_1_495' title='bbox 289 5433 451 5488; x_wconf 82' lang='grc' dir='ltr'>τοῦτο</span> <span class='ocrx_word' id='word_1_496' title='bbox 483 5434 724 5503; x_wconf 84' lang='grc' dir='ltr'>συνεχῶς</span> <span class='ocrx_word' id='word_1_497' title='bbox 756 5435 916 5490; x_wconf 82' lang='grc' dir='ltr'>αὐτὸν</span> <span class='ocrx_word' id='word_1_498' title='bbox 943 5436 1320 5506; x_wconf 83' lang='grc' dir='ltr'>περιστρέφων</span> <span class='ocrx_word' id='word_1_499' title='bbox 1348 5437 1410 5488; x_wconf 83' lang='grc' dir='ltr'>οὐ</span> <span class='ocrx_word' id='word_1_500' title='bbox 1435 5435 1700 5504; x_wconf 85' lang='grc' dir='ltr'>παύομαι,</span> <span class='ocrx_word' id='word_1_501' title='bbox 1727 5436 1821 5488; x_wconf 72' lang='grc' dir='ltr'>καὶ</span> <span class='ocrx_word' id='word_1_502' title='bbox 1851 5435 1956 5488; x_wconf 83' lang='grc' dir='ltr'>ῶσ-</span> 
     </span>
    </p>
   </div>
   <div class='ocr_carea' id='block_1_61' title="bbox 293 5517 1958 5588">
    <p class='ocr_par' dir='ltr' id='par_1_61' title="bbox 293 5517 1958 5588">
     <span class='ocr_line' id='line_1_61' title="bbox 293 5517 1958 5588; baseline 0.001 -19"><span class='ocrx_word' id='word_1_503' title='bbox 293 5533 402 5587; x_wconf 77' lang='grc' dir='ltr'>περ</span> <span class='ocrx_word' id='word_1_504' title='bbox 444 5517 526 5580; x_wconf 87' lang='grc' dir='ltr'>είς</span> <span class='ocrx_word' id='word_1_505' title='bbox 573 5517 879 5588; x_wconf 86' lang='grc' dir='ltr'>ἀρχέτυπον</span> <span class='ocrx_word' id='word_1_506' title='bbox 922 5519 1105 5572; x_wconf 85' lang='grc' dir='ltr'>είκόνα</span> <span class='ocrx_word' id='word_1_507' title='bbox 1144 5519 1283 5581; x_wconf 78' lang='grc' dir='ltr'>τινὰ,</span> <span class='ocrx_word' id='word_1_508' title='bbox 1321 5521 1400 5582; x_wconf 90' lang='grc' dir='ltr'>είς</span> <span class='ocrx_word' id='word_1_509' title='bbox 1436 5519 1534 5588; x_wconf 84' lang='grc' dir='ltr'>τὴν</span> <span class='ocrx_word' id='word_1_510' title='bbox 1560 5517 1748 5570; x_wconf 91' lang='grc' dir='ltr'>τούτου</span> <span class='ocrx_word' id='word_1_511' title='bbox 1779 5518 1958 5588; x_wconf 71' lang='grc' dir='ltr'>ψυχὴν</span> 
     </span>
    </p>
   </div>
   <div class='ocr_carea' id='block_1_62' title="bbox 293 5599 1956 5672">
    <p class='ocr_par' dir='ltr' id='par_1_62' title="bbox 293 5599 1956 5672">
     <span class='ocr_line' id='line_1_62' title="bbox 293 5599 1956 5672; baseline 0.002 -21"><span class='ocrx_word' id='word_1_512' title='bbox 293 5599 518 5670; x_wconf 84' lang='grc' dir='ltr'>ἐνορῶν,</span> <span class='ocrx_word' id='word_1_513' title='bbox 556 5599 929 5671; x_wconf 82' lang='grc' dir='ltr'>ἐκπλήττομαι</span> <span class='ocrx_word' id='word_1_514' title='bbox 972 5601 1082 5656; x_wconf 84' lang='grc' dir='ltr'>τῶν</span> <span class='ocrx_word' id='word_1_515' title='bbox 1115 5602 1305 5656; x_wconf 88' lang='grc' dir='ltr'>παθῶν</span> <span class='ocrx_word' id='word_1_516' title='bbox 1349 5601 1448 5671; x_wconf 78' lang='grc' dir='ltr'>τὴν</span> <span class='ocrx_word' id='word_1_517' title='bbox 1496 5601 1814 5672; x_wconf 74' lang='grc' dir='ltr'>ὑπεροψίαν,</span> <span class='ocrx_word' id='word_1_518' title='bbox 1857 5602 1956 5671; x_wconf 81' lang='grc' dir='ltr'>τῆς</span> 
     </span>
    </p>
   </div>
   <div class='ocr_carea' id='block_1_63' title="bbox 291 5681 1955 5755">
    <p class='ocr_par' dir='ltr' id='par_1_63' title="bbox 291 5681 1955 5755">
     <span class='ocr_line' id='line_1_63' title="bbox 291 5681 1955 5755; baseline 0.002 -21"><span class='ocrx_word' id='word_1_519' title='bbox 291 5681 542 5751; x_wconf 80' lang='grc' dir='ltr'>ἀνδρείας</span> <span class='ocrx_word' id='word_1_520' title='bbox 571 5681 668 5753; x_wconf 82' lang='grc' dir='ltr'>τὴν</span> <span class='ocrx_word' id='word_1_521' title='bbox 701 5683 1023 5754; x_wconf 77' lang='grc' dir='ltr'>ὑπερϐολὴν,</span> <span class='ocrx_word' id='word_1_522' title='bbox 1048 5684 1141 5738; x_wconf 88' lang='grc' dir='ltr'>τοῦ</span> <span class='ocrx_word' id='word_1_523' title='bbox 1175 5685 1394 5755; x_wconf 86' lang='grc' dir='ltr'>φίλτρου</span> <span class='ocrx_word' id='word_1_524' title='bbox 1424 5683 1516 5737; x_wconf 88' lang='grc' dir='ltr'>τοῦ</span> <span class='ocrx_word' id='word_1_525' title='bbox 1553 5683 1688 5753; x_wconf 81' lang='grc' dir='ltr'>πρὸς</span> <span class='ocrx_word' id='word_1_526' title='bbox 1712 5683 1801 5736; x_wconf 83' lang='grc' dir='ltr'>τὸν</span> <span class='ocrx_word' id='word_1_527' title='bbox 1822 5683 1955 5738; x_wconf 80' lang='grc' dir='ltr'>Θεὸν</span> 
     </span>
    </p>
   </div>
   <div class='ocr_carea' id='block_1_64' title="bbox 293 5763 1952 5838">
    <p class='ocr_par' dir='ltr' id='par_1_64' title="bbox 293 5763 1952 5838">
     <span class='ocr_line' id='line_1_64' title="bbox 293 5763 1952 5838; baseline 0.002 -23"><span class='ocrx_word' id='word_1_528' title='bbox 293 5763 352 5822; x_wconf 69' lang='grc' dir='ltr'>τὸ</span> <span class='ocrx_word' id='word_1_529' title='bbox 376 5763 658 5835; x_wconf 85' lang='grc' dir='ltr'>διάπυρον,</span> <span class='ocrx_word' id='word_1_530' title='bbox 700 5766 792 5818; x_wconf 81' lang='grc' dir='ltr'>καὶ</span> <span class='ocrx_word' id='word_1_531' title='bbox 822 5766 1122 5838; x_wconf 71' lang='grc' dir='ltr'>λογίζομαι,</span> <span class='ocrx_word' id='word_1_532' title='bbox 1149 5768 1230 5820; x_wconf 83' lang='grc' dir='ltr'>ὅτι</span> <span class='ocrx_word' id='word_1_533' title='bbox 1257 5769 1436 5821; x_wconf 83' lang='grc' dir='ltr'>πᾶσαν</span> <span class='ocrx_word' id='word_1_534' title='bbox 1467 5766 1572 5820; x_wconf 84' lang='grc' dir='ltr'>τῶν</span> <span class='ocrx_word' id='word_1_535' title='bbox 1610 5768 1816 5837; x_wconf 84' lang='grc' dir='ltr'>ἀρετῶν</span> <span class='ocrx_word' id='word_1_536' title='bbox 1853 5769 1952 5838; x_wconf 80' lang='grc' dir='ltr'>τὴν</span> 
     </span>
    </p>
   </div>
   <div class='ocr_carea' id='block_1_65' title="bbox 298 5843 1950 5922">
    <p class='ocr_par' dir='ltr' id='par_1_65' title="bbox 298 5843 1950 5922">
     <span class='ocr_line' id='line_1_65' title="bbox 298 5843 1950 5922; baseline 0.003 -24"><span class='ocrx_word' id='word_1_537' title='bbox 298 5847 614 5918; x_wconf 67' lang='grc' dir='ltr'>συναγωγὴν</span> <span class='ocrx_word' id='word_1_538' title='bbox 671 5843 749 5912; x_wconf 77' lang='grc' dir='ltr'>εἷς</span> <span class='ocrx_word' id='word_1_539' title='bbox 792 5849 1072 5918; x_wconf 78' lang='grc' dir='ltr'>ἄνθρωπος</span> <span class='ocrx_word' id='word_1_540' title='bbox 1127 5851 1404 5922; x_wconf 78' lang='grc' dir='ltr'>βουληθεὶς</span> <span class='ocrx_word' id='word_1_541' title='bbox 1452 5849 1798 5921; x_wconf 85' lang='grc' dir='ltr'>κατώρθωσε·</span> <span class='ocrx_word' id='word_1_542' title='bbox 1855 5853 1950 5906; x_wconf 70' lang='grc' dir='ltr'>καὶ</span> 
     </span>
    </p>
   </div>
   <div class='ocr_carea' id='block_1_66' title="bbox 294 5931 1952 6006">
    <p class='ocr_par' dir='ltr' id='par_1_66' title="bbox 294 5931 1952 6006">
     <span class='ocr_line' id='line_1_66' title="bbox 294 5931 1952 6006; baseline 0.004 -23"><span class='ocrx_word' id='word_1_543' title='bbox 294 5931 451 6001; x_wconf 78' lang='grc' dir='ltr'>ημῶν</span> <span class='ocrx_word' id='word_1_544' title='bbox 503 5931 730 5995; x_wconf 76' lang='grc' dir='ltr'>ἕκαστος</span> <span class='ocrx_word' id='word_1_545' title='bbox 776 5933 895 5986; x_wconf 79' lang='grc' dir='ltr'>οὐδὲ</span> <span class='ocrx_word' id='word_1_546' title='bbox 936 5933 996 5986; x_wconf 83' lang='grc' dir='ltr'>τὸ</span> <span class='ocrx_word' id='word_1_547' title='bbox 1025 5935 1184 6004; x_wconf 79' lang='grc' dir='ltr'>τυχὸν</span> <span class='ocrx_word' id='word_1_548' title='bbox 1223 5933 1517 6006; x_wconf 76' lang='grc' dir='ltr'>κατορθοῦν</span> <span class='ocrx_word' id='word_1_549' title='bbox 1561 5934 1823 6005; x_wconf 74' lang='grc' dir='ltr'>βούλεται.</span> <span class='ocrx_word' id='word_1_550' title='bbox 1856 5935 1952 5997; x_wconf 85' lang='grc' dir='ltr'>Τίς</span> 
     </span>
    </p>
   </div>
   <div class='ocr_carea' id='block_1_67' title="bbox 355 6033 1100 6101">
    <p class='ocr_par' dir='ltr' id='par_1_67' title="bbox 355 6033 1100 6101">
     <span class='ocr_line' id='line_1_67' title="bbox 355 6033 1100 6101; baseline 0.004 -18"><span class='ocrx_word' id='word_1_551' title='bbox 355 6034 380 6062; x_wconf 82' lang='grc'><strong><em>⁸</em></strong></span> <span class='ocrx_word' id='word_1_552' title='bbox 403 6033 576 6085; x_wconf 72' lang='lat' dir='ltr'>Morel.</span> <span class='ocrx_word' id='word_1_553' title='bbox 604 6035 656 6084; x_wconf 76' lang='grc' dir='ltr'>ἐκ</span> <span class='ocrx_word' id='word_1_554' title='bbox 677 6033 760 6085; x_wconf 86' lang='grc' dir='ltr'>τοῦ</span> <span class='ocrx_word' id='word_1_555' title='bbox 785 6039 1100 6101; x_wconf 60' lang='grc' dir='ltr'>παρσλθόντος.</span> 
     </span>
    </p>
   </div>
   <div class='ocr_carea' id='block_1_68' title="bbox 2077 773 3746 846">
    <p class='ocr_par' dir='ltr' id='par_1_68' title="bbox 2077 773 3746 846">
     <span class='ocr_line' id='line_1_68' title="bbox 2077 773 3746 846; baseline 0.002 -20"><span class='ocrx_word' id='word_1_556' title='bbox 2077 773 2232 844; x_wconf 81' lang='grc' dir='ltr'>κολίᾳ</span> <span class='ocrx_word' id='word_1_557' title='bbox 2259 777 2276 796; x_wconf 86' lang='grc'><strong>⁹</strong></span> <span class='ocrx_word' id='word_1_558' title='bbox 2305 774 2564 843; x_wconf 84' lang='grc' dir='ltr'>γεγονὼς,</span> <span class='ocrx_word' id='word_1_559' title='bbox 2594 775 2714 830; x_wconf 80' lang='grc' dir='ltr'>καθ’</span> <span class='ocrx_word' id='word_1_560' title='bbox 2741 775 2975 844; x_wconf 76' lang='grc' dir='ltr'>ἑκάστην</span> <span class='ocrx_word' id='word_1_561' title='bbox 3011 775 3242 846; x_wconf 78' lang='grc' dir='ltr'>ἡμέραν,</span> <span class='ocrx_word' id='word_1_562' title='bbox 3279 775 3354 839; x_wconf 88' lang='grc' dir='ltr'>ὡς</span> <span class='ocrx_word' id='word_1_563' title='bbox 3385 777 3577 839; x_wconf 75' lang='grc' dir='ltr'>εἰπεῖν,</span> <span class='ocrx_word' id='word_1_564' title='bbox 3599 777 3746 831; x_wconf 80' lang='grc' dir='ltr'>έλκό-</span> 
     </span>
    </p>
   </div>
   <div class='ocr_carea' id='block_1_69' title="bbox 2081 864 3745 934">
    <p class='ocr_par' dir='ltr' id='par_1_69' title="bbox 2081 864 3745 934">
     <span class='ocr_line' id='line_1_69' title="bbox 2081 864 3745 934; baseline 0.004 -22"><span class='ocrx_word' id='word_1_565' title='bbox 2081 877 2259 930; x_wconf 88' lang='grc' dir='ltr'>μενος,</span> <span class='ocrx_word' id='word_1_566' title='bbox 2302 864 2763 934; x_wconf 88' lang='grc' dir='ltr'>σπαραττόμενος,</span> <span class='ocrx_word' id='word_1_567' title='bbox 2787 864 2882 917; x_wconf 76' lang='grc' dir='ltr'>καὶ</span> <span class='ocrx_word' id='word_1_568' title='bbox 2910 864 3141 934; x_wconf 78' lang='grc' dir='ltr'>δημοσίᾳ</span> <span class='ocrx_word' id='word_1_569' title='bbox 3172 864 3467 933; x_wconf 85' lang='grc' dir='ltr'>συρόμενος</span> <span class='ocrx_word' id='word_1_570' title='bbox 3499 865 3604 918; x_wconf 79' lang='grc' dir='ltr'>ὑπὸ</span> <span class='ocrx_word' id='word_1_571' title='bbox 3634 866 3745 918; x_wconf 84' lang='grc' dir='ltr'>τῶν</span> 
     </span>
    </p>
   </div>
   <div class='ocr_carea' id='block_1_70' title="bbox 2076 950 3742 1023">
    <p class='ocr_par' dir='ltr' id='par_1_70' title="bbox 2076 950 3742 1023">
     <span class='ocr_line' id='line_1_70' title="bbox 2076 950 3742 1023; baseline 0.002 -21"><span class='ocrx_word' id='word_1_572' title='bbox 2076 950 2154 1020; x_wconf 82' lang='grc' dir='ltr'>τῷ</span> <span class='ocrx_word' id='word_1_573' title='bbox 2196 951 2512 1022; x_wconf 85' lang='grc' dir='ltr'>κηρύγματι</span> <span class='ocrx_word' id='word_1_574' title='bbox 2551 952 2949 1023; x_wconf 87' lang='grc' dir='ltr'>πολεμούντων,</span> <span class='ocrx_word' id='word_1_575' title='bbox 3001 953 3050 1005; x_wconf 81' lang='grc' dir='ltr'>οἳ</span> <span class='ocrx_word' id='word_1_576' title='bbox 3086 953 3178 1005; x_wconf 78' lang='grc' dir='ltr'>καὶ</span> <span class='ocrx_word' id='word_1_577' title='bbox 3212 953 3528 1022; x_wconf 87' lang='grc' dir='ltr'>νομίσαντες</span> <span class='ocrx_word' id='word_1_578' title='bbox 3582 955 3742 1007; x_wconf 76' lang='grc' dir='ltr'>αὑτὸν</span> 
     </span>
    </p>
   </div>
   <div class='ocr_carea' id='block_1_71' title="bbox 2079 1037 3743 1110">
    <p class='ocr_par' dir='ltr' id='par_1_71' title="bbox 2079 1037 3743 1110">
     <span class='ocr_line' id='line_1_71' title="bbox 2079 1037 3743 1110; baseline 0.001 -21"><span class='ocrx_word' id='word_1_579' title='bbox 2079 1037 2335 1101; x_wconf 90' lang='grc' dir='ltr'>πολλάκις</span> <span class='ocrx_word' id='word_1_580' title='bbox 2361 1038 2632 1103; x_wconf 89' lang='grc' dir='ltr'>τεθνάναι,</span> <span class='ocrx_word' id='word_1_581' title='bbox 2655 1040 2774 1092; x_wconf 86' lang='grc' dir='ltr'>τότε</span> <span class='ocrx_word' id='word_1_582' title='bbox 2803 1039 3012 1105; x_wconf 72' lang='grc' dir='ltr'>λοιπὸν,</span> <span class='ocrx_word' id='word_1_583' title='bbox 3046 1039 3121 1102; x_wconf 88' lang='grc' dir='ltr'>ώς</span> <span class='ocrx_word' id='word_1_584' title='bbox 3151 1041 3230 1102; x_wconf 88' lang='grc' dir='ltr'>είς</span> <span class='ocrx_word' id='word_1_585' title='bbox 3248 1039 3410 1110; x_wconf 77' lang='grc' dir='ltr'>ἔργον</span> <span class='ocrx_word' id='word_1_586' title='bbox 3443 1041 3743 1108; x_wconf 84' lang='grc' dir='ltr'>ἀγαγόντες</span> 
     </span>
    </p>
   </div>
   <div class='ocr_carea' id='block_1_72' title="bbox 2078 1123 3744 1197">
    <p class='ocr_par' dir='ltr' id='par_1_72' title="bbox 2078 1123 3744 1197">
     <span class='ocr_line' id='line_1_72' title="bbox 2078 1123 3744 1197; baseline 0.004 -23"><span class='ocrx_word' id='word_1_587' title='bbox 2078 1123 2175 1193; x_wconf 83' lang='grc' dir='ltr'>τὴν</span> <span class='ocrx_word' id='word_1_588' title='bbox 2205 1125 2431 1195; x_wconf 81' lang='grc' dir='ltr'>φονικὴν</span> <span class='ocrx_word' id='word_1_589' title='bbox 2455 1127 2633 1180; x_wconf 85' lang='grc' dir='ltr'>αὐτῶν</span> <span class='ocrx_word' id='word_1_590' title='bbox 2671 1126 2913 1196; x_wconf 85' lang='grc' dir='ltr'>γνώμην,</span> <span class='ocrx_word' id='word_1_591' title='bbox 2942 1125 3084 1179; x_wconf 76' lang='grc' dir='ltr'>οὕτω</span> <span class='ocrx_word' id='word_1_592' title='bbox 3118 1126 3438 1190; x_wconf 88' lang='grc' dir='ltr'>κατέλιπον;</span> <span class='ocrx_word' id='word_1_593' title='bbox 3479 1128 3744 1197; x_wconf 83' lang='grc' dir='ltr'>Εὑρίσκε-</span> 
     </span>
    </p>
   </div>
   <div class='ocr_carea' id='block_1_73' title="bbox 2077 1212 3738 1286">
    <p class='ocr_par' dir='ltr' id='par_1_73' title="bbox 2077 1212 3738 1286">
     <span class='ocr_line' id='line_1_73' title="bbox 2077 1212 3738 1286; baseline 0.004 -24"><span class='ocrx_word' id='word_1_594' title='bbox 2077 1212 2166 1262; x_wconf 86' lang='grc' dir='ltr'>ταί</span> <span class='ocrx_word' id='word_1_595' title='bbox 2196 1228 2278 1275; x_wconf 90' lang='grc' dir='ltr'>τις</span> <span class='ocrx_word' id='word_1_596' title='bbox 2314 1213 2472 1283; x_wconf 77' lang='grc' dir='ltr'>ἡμῶν</span> <span class='ocrx_word' id='word_1_597' title='bbox 2501 1213 2752 1267; x_wconf 89' lang='grc' dir='ltr'>τοσοῦτον</span> <span class='ocrx_word' id='word_1_598' title='bbox 2789 1215 3017 1284; x_wconf 87' lang='grc' dir='ltr'>μέγεθος</span> <span class='ocrx_word' id='word_1_599' title='bbox 3047 1215 3246 1286; x_wconf 84' lang='grc' dir='ltr'>ἀρετῆς</span> <span class='ocrx_word' id='word_1_600' title='bbox 3281 1213 3738 1284; x_wconf 81' lang='grc' dir='ltr'>ἐπιδεικνύμενος,</span> 
     </span>
    </p>
   </div>
   <div class='ocr_carea' id='block_1_74' title="bbox 2077 1296 3743 1372">
    <p class='ocr_par' dir='ltr' id='par_1_74' title="bbox 2077 1296 3743 1372">
     <span class='ocr_line' id='line_1_74' title="bbox 2077 1296 3743 1372; baseline 0.002 -22"><span class='ocrx_word' id='word_1_601' title='bbox 2077 1296 2249 1362; x_wconf 75' lang='grc' dir='ltr'>οὓτως</span> <span class='ocrx_word' id='word_1_602' title='bbox 2286 1300 2778 1364; x_wconf 89' lang='grc' dir='ltr'>ἀναπεπτωκότων,</span> <span class='ocrx_word' id='word_1_603' title='bbox 2823 1302 2917 1354; x_wconf 81' lang='grc' dir='ltr'>καὶ</span> <span class='ocrx_word' id='word_1_604' title='bbox 2958 1301 3191 1372; x_wconf 83' lang='grc' dir='ltr'>τοσαύτῃ</span> <span class='ocrx_word' id='word_1_605' title='bbox 3237 1302 3477 1372; x_wconf 74' lang='grc' dir='ltr'>ῥαθυμίᾳ</span> <span class='ocrx_word' id='word_1_606' title='bbox 3518 1303 3743 1365; x_wconf 68' lang='grc' dir='ltr'>ἑαυτοὺς</span> 
     </span>
    </p>
   </div>
   <div class='ocr_carea' id='block_1_75' title="bbox 2078 1385 3741 1460">
    <p class='ocr_par' dir='ltr' id='par_1_75' title="bbox 2078 1385 3741 1460">
     <span class='ocr_line' id='line_1_75' title="bbox 2078 1385 3741 1460; baseline 0.011 -25"><span class='ocrx_word' id='word_1_607' title='bbox 2078 1385 2449 1439; x_wconf 85' lang='grc' dir='ltr'>ἐκδεδωκότων</span> <span class='ocrx_word' id='word_1_608' title='bbox 2471 1403 2484 1451; x_wconf 90' lang='grc'><strong>;</strong></span> <span class='ocrx_word' id='word_1_609' title='bbox 2523 1388 2664 1439; x_wconf 81' lang='grc' dir='ltr'>Ἀλλ’</span> <span class='ocrx_word' id='word_1_610' title='bbox 2696 1388 2781 1442; x_wconf 81' lang='grc' dir='ltr'>ἵνα</span> <span class='ocrx_word' id='word_1_611' title='bbox 2808 1388 2882 1458; x_wconf 84' lang='grc' dir='ltr'>μὴ</span> <span class='ocrx_word' id='word_1_612' title='bbox 2906 1388 3056 1458; x_wconf 84' lang='grc' dir='ltr'>παρά</span> <span class='ocrx_word' id='word_1_613' title='bbox 3083 1389 3179 1456; x_wconf 77' lang='grc' dir='ltr'>τῆς</span> <span class='ocrx_word' id='word_1_614' title='bbox 3200 1389 3478 1459; x_wconf 83' lang='grc' dir='ltr'>ἡμετέρας</span> <span class='ocrx_word' id='word_1_615' title='bbox 3501 1389 3741 1460; x_wconf 76' lang='grc' dir='ltr'>γλώττης</span> 
     </span>
    </p>
   </div>
   <div class='ocr_carea' id='block_1_76' title="bbox 2078 1471 3738 1546">
    <p class='ocr_par' dir='ltr' id='par_1_76' title="bbox 2078 1471 3738 1546">
     <span class='ocr_line' id='line_1_76' title="bbox 2078 1471 3738 1546; baseline 0.003 -22"><span class='ocrx_word' id='word_1_616' title='bbox 2078 1471 2311 1544; x_wconf 80' lang='grc' dir='ltr'>ἀκούητε</span> <span class='ocrx_word' id='word_1_617' title='bbox 2357 1473 2425 1526; x_wconf 83' lang='grc' dir='ltr'>τά</span> <span class='ocrx_word' id='word_1_618' title='bbox 2454 1474 2604 1544; x_wconf 88' lang='grc' dir='ltr'>παρά</span> <span class='ocrx_word' id='word_1_619' title='bbox 2649 1475 2741 1527; x_wconf 90' lang='grc' dir='ltr'>τοῦ</span> <span class='ocrx_word' id='word_1_620' title='bbox 2784 1475 3052 1546; x_wconf 86' lang='grc' dir='ltr'>μακαρίου</span> <span class='ocrx_word' id='word_1_621' title='bbox 3093 1475 3280 1528; x_wconf 85' lang='grc' dir='ltr'>τούτου</span> <span class='ocrx_word' id='word_1_622' title='bbox 3324 1475 3738 1546; x_wconf 84' lang='grc' dir='ltr'>κατορθώματα,</span> 
     </span>
    </p>
   </div>
   <div class='ocr_carea' id='block_1_77' title="bbox 2079 1559 3742 1636">
    <p class='ocr_par' dir='ltr' id='par_1_77' title="bbox 2079 1559 3742 1636">
     <span class='ocr_line' id='line_1_77' title="bbox 2079 1559 3742 1636; baseline 0.004 -25"><span class='ocrx_word' id='word_1_623' title='bbox 2079 1559 2173 1611; x_wconf 72' lang='grc' dir='ltr'>καὶ</span> <span class='ocrx_word' id='word_1_624' title='bbox 2222 1560 2318 1629; x_wconf 79' lang='grc' dir='ltr'>τὴν</span> <span class='ocrx_word' id='word_1_625' title='bbox 2373 1560 2642 1632; x_wconf 88' lang='grc' dir='ltr'>ἀνδρείαν,</span> <span class='ocrx_word' id='word_1_626' title='bbox 2690 1564 2755 1632; x_wconf 77' lang='grc' dir='ltr'>ἣν</span> <span class='ocrx_word' id='word_1_627' title='bbox 2812 1563 2951 1634; x_wconf 84' lang='grc' dir='ltr'>ὑπὲρ</span> <span class='ocrx_word' id='word_1_628' title='bbox 3002 1563 3095 1615; x_wconf 88' lang='grc' dir='ltr'>τοῦ</span> <span class='ocrx_word' id='word_1_629' title='bbox 3127 1563 3152 1603; x_wconf 75' lang='grc'><strong>1³</strong></span> <span class='ocrx_word' id='word_1_630' title='bbox 3182 1564 3278 1634; x_wconf 81' lang='grc' dir='ltr'>τῆς</span> <span class='ocrx_word' id='word_1_631' title='bbox 3323 1564 3601 1628; x_wconf 78' lang='grc' dir='ltr'>εὐσεϐείας</span> <span class='ocrx_word' id='word_1_632' title='bbox 3643 1583 3742 1636; x_wconf 87' lang='grc' dir='ltr'>κη-</span> 
     </span>
    </p>
   </div>
   <div class='ocr_carea' id='block_1_78' title="bbox 2083 1646 3738 1720">
    <p class='ocr_par' dir='ltr' id='par_1_78' title="bbox 2083 1646 3738 1720">
     <span class='ocr_line' id='line_1_78' title="bbox 2083 1646 3738 1720; baseline 0.005 -22"><span class='ocrx_word' id='word_1_633' title='bbox 2083 1646 2356 1716; x_wconf 87' lang='grc' dir='ltr'>ρύγματος</span> <span class='ocrx_word' id='word_1_634' title='bbox 2399 1648 2520 1700; x_wconf 87' lang='grc' dir='ltr'>καθ’</span> <span class='ocrx_word' id='word_1_635' title='bbox 2556 1649 2792 1720; x_wconf 77' lang='grc' dir='ltr'>ἑκάστην</span> <span class='ocrx_word' id='word_1_636' title='bbox 2832 1650 3192 1715; x_wconf 85' lang='grc' dir='ltr'>ἐπεδείκνυτο,</span> <span class='ocrx_word' id='word_1_637' title='bbox 3239 1650 3533 1718; x_wconf 85' lang='grc' dir='ltr'>ἀναγκαῖον</span> <span class='ocrx_word' id='word_1_638' title='bbox 3580 1653 3738 1706; x_wconf 81' lang='grc' dir='ltr'>αὐτοῦ</span> 
     </span>
    </p>
   </div>
   <div class='ocr_carea' id='block_1_79' title="bbox 2078 1734 3743 1809">
    <p class='ocr_par' dir='ltr' id='par_1_79' title="bbox 2078 1734 3743 1809">
     <span class='ocr_line' id='line_1_79' title="bbox 2078 1734 3743 1809; baseline 0.004 -22"><span class='ocrx_word' id='word_1_639' title='bbox 2078 1734 2303 1788; x_wconf 89' lang='grc' dir='ltr'>ἀκοῦσαι</span> <span class='ocrx_word' id='word_1_640' title='bbox 2326 1735 2592 1804; x_wconf 88' lang='grc' dir='ltr'>λέγοντος.</span> <span class='ocrx_word' id='word_1_641' title='bbox 2645 1738 2837 1791; x_wconf 87' lang='grc' dir='ltr'>Ἦνίκα</span> <span class='ocrx_word' id='word_1_642' title='bbox 2872 1737 2979 1808; x_wconf 85' lang='grc' dir='ltr'>γὰρ</span> <span class='ocrx_word' id='word_1_643' title='bbox 3001 1739 3078 1802; x_wconf 88' lang='grc' dir='ltr'>είς</span> <span class='ocrx_word' id='word_1_644' title='bbox 3112 1739 3356 1809; x_wconf 84' lang='grc' dir='ltr'>ἀνάγκην</span> <span class='ocrx_word' id='word_1_645' title='bbox 3389 1738 3626 1808; x_wconf 89' lang='grc' dir='ltr'>κατέστη</span> <span class='ocrx_word' id='word_1_646' title='bbox 3656 1740 3743 1793; x_wconf 79' lang='grc' dir='ltr'>διά</span> 
     </span>
    </p>
   </div>
   <div class='ocr_carea' id='block_1_80' title="bbox 2076 1820 3736 1894">
    <p class='ocr_par' dir='ltr' id='par_1_80' title="bbox 2076 1820 3736 1894">
     <span class='ocr_line' id='line_1_80' title="bbox 2076 1820 3736 1894; baseline 0.003 -23"><span class='ocrx_word' id='word_1_647' title='bbox 2076 1821 2175 1890; x_wconf 85' lang='grc' dir='ltr'>τὴν</span> <span class='ocrx_word' id='word_1_648' title='bbox 2199 1820 2306 1874; x_wconf 86' lang='grc' dir='ltr'>τῶν</span> <span class='ocrx_word' id='word_1_649' title='bbox 2339 1821 2783 1890; x_wconf 77' lang='grc' dir='ltr'>ψευδαποστόλων</span> <span class='ocrx_word' id='word_1_650' title='bbox 2817 1823 3034 1892; x_wconf 89' lang='grc' dir='ltr'>ἀπάτην</span> <span class='ocrx_word' id='word_1_651' title='bbox 3065 1824 3132 1876; x_wconf 78' lang='grc' dir='ltr'>τὰ</span> <span class='ocrx_word' id='word_1_652' title='bbox 3175 1824 3369 1878; x_wconf 81' lang='grc' dir='ltr'>ἐαυτοῦ</span> <span class='ocrx_word' id='word_1_653' title='bbox 3414 1824 3736 1894; x_wconf 88' lang='grc' dir='ltr'>διηγεῖσθαι·</span> 
     </span>
    </p>
   </div>
   <div class='ocr_carea' id='block_1_81' title="bbox 2077 1900 3740 1977">
    <p class='ocr_par' dir='ltr' id='par_1_81' title="bbox 2077 1900 3740 1977">
     <span class='ocr_line' id='line_1_81' title="bbox 2077 1900 3740 1977; baseline 0.002 -23"><span class='ocrx_word' id='word_1_654' title='bbox 2077 1900 2218 1955; x_wconf 78' lang='grc' dir='ltr'>οὕτω</span> <span class='ocrx_word' id='word_1_655' title='bbox 2246 1903 2352 1975; x_wconf 90' lang='grc' dir='ltr'>γάρ</span> <span class='ocrx_word' id='word_1_656' title='bbox 2379 1900 2446 1975; x_wconf 79' lang='grc' dir='ltr'>ἦν</span> <span class='ocrx_word' id='word_1_657' title='bbox 2477 1905 2624 1975; x_wconf 85' lang='grc' dir='ltr'>αὑτῷ</span> <span class='ocrx_word' id='word_1_658' title='bbox 2650 1904 2807 1958; x_wconf 88' lang='grc' dir='ltr'>τοῦτο</span> <span class='ocrx_word' id='word_1_659' title='bbox 2836 1905 2971 1977; x_wconf 86' lang='grc' dir='ltr'>βαρὺ</span> <span class='ocrx_word' id='word_1_660' title='bbox 2998 1905 3092 1958; x_wconf 68' lang='grc' dir='ltr'>καὶ</span> <span class='ocrx_word' id='word_1_661' title='bbox 3113 1906 3366 1976; x_wconf 85' lang='grc' dir='ltr'>ἐπαχθὲς,</span> <span class='ocrx_word' id='word_1_662' title='bbox 3394 1906 3470 1970; x_wconf 88' lang='grc' dir='ltr'>ώς</span> <span class='ocrx_word' id='word_1_663' title='bbox 3499 1907 3594 1960; x_wconf 75' lang='grc' dir='ltr'>καὶ</span> <span class='ocrx_word' id='word_1_664' title='bbox 3612 1907 3740 1959; x_wconf 85' lang='grc' dir='ltr'>ἀνα-</span> 
     </span>
    </p>
   </div>
   <div class='ocr_carea' id='block_1_82' title="bbox 2075 1983 3738 2058">
    <p class='ocr_par' dir='ltr' id='par_1_82' title="bbox 2075 1983 3738 2058">
     <span class='ocr_line' id='line_1_82' title="bbox 2075 1983 3738 2058; baseline 0.003 -21"><span class='ocrx_word' id='word_1_665' title='bbox 2075 1983 2316 2049; x_wconf 88' lang='grc' dir='ltr'>δύεσθαι,</span> <span class='ocrx_word' id='word_1_666' title='bbox 2349 1988 2442 2038; x_wconf 87' lang='grc' dir='ltr'>καὶ</span> <span class='ocrx_word' id='word_1_667' title='bbox 2466 1987 2732 2058; x_wconf 84' lang='grc' dir='ltr'>μηδέποτε</span> <span class='ocrx_word' id='word_1_668' title='bbox 2762 1986 3044 2058; x_wconf 79' lang='grc' dir='ltr'>βούλεσθαι</span> <span class='ocrx_word' id='word_1_669' title='bbox 3069 1989 3240 2042; x_wconf 89' lang='grc' dir='ltr'>ταῦτα</span> <span class='ocrx_word' id='word_1_670' title='bbox 3271 1990 3351 2052; x_wconf 85' lang='grc' dir='ltr'>είς</span> <span class='ocrx_word' id='word_1_671' title='bbox 3378 1989 3542 2058; x_wconf 85' lang='grc' dir='ltr'>μέσον</span> <span class='ocrx_word' id='word_1_672' title='bbox 3565 1989 3738 2057; x_wconf 82' lang='grc' dir='ltr'>ἄγειν,</span> 
     </span>
    </p>
   </div>
   <div class='ocr_carea' id='block_1_83' title="bbox 2076 2066 3735 2142">
    <p class='ocr_par' dir='ltr' id='par_1_83' title="bbox 2076 2066 3735 2142">
     <span class='ocr_line' id='line_1_83' title="bbox 2076 2066 3735 2142; baseline 0.004 -24"><span class='ocrx_word' id='word_1_673' title='bbox 2076 2066 2211 2120; x_wconf 81' lang='grc' dir='ltr'>ἀλλά</span> <span class='ocrx_word' id='word_1_674' title='bbox 2233 2069 2328 2123; x_wconf 78' lang='grc' dir='ltr'>καὶ</span> <span class='ocrx_word' id='word_1_675' title='bbox 2347 2069 2551 2140; x_wconf 82' lang='grc' dir='ltr'>τολμᾷν</span> <span class='ocrx_word' id='word_1_676' title='bbox 2578 2071 2766 2124; x_wconf 84' lang='grc' dir='ltr'>ἐαυτὸν</span> <span class='ocrx_word' id='word_1_677' title='bbox 2796 2072 2980 2124; x_wconf 86' lang='grc' dir='ltr'>καλεῖν</span> <span class='ocrx_word' id='word_1_678' title='bbox 3008 2071 3346 2142; x_wconf 86' lang='grc' dir='ltr'>βλάσφημον,</span> <span class='ocrx_word' id='word_1_679' title='bbox 3369 2072 3463 2124; x_wconf 79' lang='grc' dir='ltr'>καὶ</span> <span class='ocrx_word' id='word_1_680' title='bbox 3484 2071 3735 2141; x_wconf 85' lang='grc' dir='ltr'>διώκτην·</span> 
     </span>
    </p>
   </div>
   <div class='ocr_carea' id='block_1_84' title="bbox 2077 2153 3739 2232">
    <p class='ocr_par' dir='ltr' id='par_1_84' title="bbox 2077 2153 3739 2232">
     <span class='ocr_line' id='line_1_84' title="bbox 2077 2153 3739 2232; baseline 0.005 -27"><span class='ocrx_word' id='word_1_681' title='bbox 2077 2153 2262 2227; x_wconf 82' lang='grc' dir='ltr'>ἐπειδὴ</span> <span class='ocrx_word' id='word_1_682' title='bbox 2295 2157 2351 2210; x_wconf 87' lang='grc' dir='ltr'>δὲ</span> <span class='ocrx_word' id='word_1_683' title='bbox 2389 2157 2588 2228; x_wconf 84' lang='grc' dir='ltr'>πολλὴν</span> <span class='ocrx_word' id='word_1_684' title='bbox 2615 2155 2719 2212; x_wconf 83' lang='grc' dir='ltr'>εἶδε</span> <span class='ocrx_word' id='word_1_685' title='bbox 2745 2159 2840 2229; x_wconf 77' lang='grc' dir='ltr'>τὴν</span> <span class='ocrx_word' id='word_1_686' title='bbox 2870 2161 3134 2230; x_wconf 78' lang='grc' dir='ltr'>ἀνάγκην,</span> <span class='ocrx_word' id='word_1_687' title='bbox 3159 2160 3299 2232; x_wconf 82' lang='grc' dir='ltr'>ὑπὲρ</span> <span class='ocrx_word' id='word_1_688' title='bbox 3319 2161 3412 2213; x_wconf 85' lang='grc' dir='ltr'>τοῦ</span> <span class='ocrx_word' id='word_1_689' title='bbox 3438 2170 3460 2198; x_wconf 72' lang='grc' dir='ltr'>ο</span> <span class='ocrx_word' id='word_1_690' title='bbox 3496 2161 3739 2231; x_wconf 76' lang='grc' dir='ltr'>ἀπορρά-</span> 
     </span>
    </p>
   </div>
   <div class='ocr_carea' id='block_1_85' title="bbox 2076 2239 3739 2319">
    <p class='ocr_par' dir='ltr' id='par_1_85' title="bbox 2076 2239 3739 2319">
     <span class='ocr_line' id='line_1_85' title="bbox 2076 2239 3739 2319; baseline 0.002 -24"><span class='ocrx_word' id='word_1_691' title='bbox 2076 2239 2175 2310; x_wconf 77' lang='grc' dir='ltr'>ψαι</span> <span class='ocrx_word' id='word_1_692' title='bbox 2201 2243 2269 2296; x_wconf 90' lang='grc' dir='ltr'>τά</span> <span class='ocrx_word' id='word_1_693' title='bbox 2299 2245 2542 2315; x_wconf 89' lang='grc' dir='ltr'>στόματα</span> <span class='ocrx_word' id='word_1_694' title='bbox 2573 2245 2682 2299; x_wconf 87' lang='grc' dir='ltr'>τῶν</span> <span class='ocrx_word' id='word_1_695' title='bbox 2699 2248 3048 2313; x_wconf 88' lang='grc' dir='ltr'>ἀπατεώνων,</span> <span class='ocrx_word' id='word_1_696' title='bbox 3072 2249 3167 2302; x_wconf 72' lang='grc' dir='ltr'>καὶ</span> <span class='ocrx_word' id='word_1_697' title='bbox 3193 2247 3394 2319; x_wconf 81' lang='grc' dir='ltr'>μικρὰν</span> <span class='ocrx_word' id='word_1_698' title='bbox 3426 2247 3612 2301; x_wconf 90' lang='grc' dir='ltr'>δοῦναι</span> <span class='ocrx_word' id='word_1_699' title='bbox 3643 2247 3739 2319; x_wconf 77' lang='grc' dir='ltr'>τὴν</span> 
     </span>
    </p>
   </div>
   <div class='ocr_carea' id='block_1_86' title="bbox 2077 2329 3739 2409">
    <p class='ocr_par' dir='ltr' id='par_1_86' title="bbox 2077 2329 3739 2409">
     <span class='ocr_line' id='line_1_86' title="bbox 2077 2329 3739 2409; baseline 0.004 -29"><span class='ocrx_word' id='word_1_700' title='bbox 2077 2329 2405 2402; x_wconf 71' lang='grc' dir='ltr'>παραψυχὴν</span> <span class='ocrx_word' id='word_1_701' title='bbox 2424 2335 2534 2396; x_wconf 87' lang='grc' dir='ltr'>τοῖς</span> <span class='ocrx_word' id='word_1_702' title='bbox 2559 2334 3034 2405; x_wconf 87' lang='grc' dir='ltr'>μαθητευομένοις,</span> <span class='ocrx_word' id='word_1_703' title='bbox 3063 2335 3204 2388; x_wconf 71' lang='grc' dir='ltr'>οὕτω</span> <span class='ocrx_word' id='word_1_704' title='bbox 3233 2352 3350 2398; x_wconf 89' lang='grc' dir='ltr'>πως</span> <span class='ocrx_word' id='word_1_705' title='bbox 3373 2334 3572 2409; x_wconf 69' lang='grc' dir='ltr'>ἧρξατο</span> <span class='ocrx_word' id='word_1_706' title='bbox 3602 2334 3739 2404; x_wconf 85' lang='grc' dir='ltr'>μετά</span> 
     </span>
    </p>
   </div>
   <div class='ocr_carea' id='block_1_87' title="bbox 2075 2416 3738 2491">
    <p class='ocr_par' dir='ltr' id='par_1_87' title="bbox 2075 2416 3738 2491">
     <span class='ocr_line' id='line_1_87' title="bbox 2075 2416 3738 2491; baseline 0.003 -22"><span class='ocrx_word' id='word_1_707' title='bbox 2075 2417 2136 2469; x_wconf 83' lang='grc' dir='ltr'>τὸ</span> <span class='ocrx_word' id='word_1_708' title='bbox 2187 2417 2356 2472; x_wconf 91' lang='grc' dir='ltr'>πολλά</span> <span class='ocrx_word' id='word_1_709' title='bbox 2409 2419 2568 2491; x_wconf 68' lang='grc' dir='ltr'>ἕτερα</span> <span class='ocrx_word' id='word_1_710' title='bbox 2617 2422 2809 2474; x_wconf 78' lang='grc' dir='ltr'>εἰπεῖν·</span> <span class='ocrx_word' id='word_1_711' title='bbox 2853 2424 2956 2476; x_wconf 81' lang='grc' dir='ltr'><em>Ἐν</em></span> <span class='ocrx_word' id='word_1_712' title='bbox 2984 2416 3032 2488; x_wconf 84' lang='grc' dir='ltr'>ᾧ</span> <span class='ocrx_word' id='word_1_713' title='bbox 3061 2422 3112 2476; x_wconf 74' lang='grc' dir='ltr'>δ’</span> <span class='ocrx_word' id='word_1_714' title='bbox 3146 2423 3224 2476; x_wconf 79' lang='grc' dir='ltr'><em>ἄν</em></span> <span class='ocrx_word' id='word_1_715' title='bbox 3269 2440 3358 2488; x_wconf 87' lang='grc' dir='ltr'>τις</span> <span class='ocrx_word' id='word_1_716' title='bbox 3403 2420 3614 2491; x_wconf 78' lang='grc' dir='ltr'>τολμᾷ,</span> <span class='ocrx_word' id='word_1_717' title='bbox 3667 2423 3738 2475; x_wconf 78' lang='grc' dir='ltr'>ἐν</span> 
     </span>
    </p>
   </div>
   <div class='ocr_carea' id='block_1_88' title="bbox 2076 2503 3736 2579">
    <p class='ocr_par' dir='ltr' id='par_1_88' title="bbox 2076 2503 3736 2579">
     <span class='ocr_line' id='line_1_88' title="bbox 2076 2503 3736 2579; baseline 0.002 -23"><span class='ocrx_word' id='word_1_718' title='bbox 2076 2503 2392 2574; x_wconf 72' lang='grc' dir='ltr'>ἀφροσύνῃ</span> <span class='ocrx_word' id='word_1_719' title='bbox 2437 2506 2613 2576; x_wconf 82' lang='grc' dir='ltr'>λέγω,</span> <span class='ocrx_word' id='word_1_720' title='bbox 2651 2507 2850 2578; x_wconf 79' lang='grc' dir='ltr'>τολμῶ</span> <span class='ocrx_word' id='word_1_721' title='bbox 2887 2509 3066 2579; x_wconf 79' lang='grc' dir='ltr'>κάγώ.</span> <span class='ocrx_word' id='word_1_722' title='bbox 3109 2507 3310 2561; x_wconf 88' lang='grc' dir='ltr'>Σκόπει</span> <span class='ocrx_word' id='word_1_723' title='bbox 3361 2507 3539 2578; x_wconf 71' lang='grc' dir='ltr'>ψυχὴν</span> <span class='ocrx_word' id='word_1_724' title='bbox 3583 2507 3736 2576; x_wconf 86' lang='grc' dir='ltr'>φιλό-</span> 
     </span>
    </p>
   </div>
   <div class='ocr_carea' id='block_1_89' title="bbox 2077 2588 3737 2666">
    <p class='ocr_par' dir='ltr' id='par_1_89' title="bbox 2077 2588 3737 2666">
     <span class='ocr_line' id='line_1_89' title="bbox 2077 2588 3737 2666; baseline 0.004 -25"><span class='ocrx_word' id='word_1_725' title='bbox 2077 2588 2219 2654; x_wconf 90' lang='grc' dir='ltr'>θεον,</span> <span class='ocrx_word' id='word_1_726' title='bbox 2252 2591 2312 2645; x_wconf 84' lang='grc' dir='ltr'>ού</span> <span class='ocrx_word' id='word_1_727' title='bbox 2347 2592 2506 2662; x_wconf 91' lang='grc' dir='ltr'>μόνον</span> <span class='ocrx_word' id='word_1_728' title='bbox 2530 2593 2754 2664; x_wconf 89' lang='grc' dir='ltr'>τόλμαν,</span> <span class='ocrx_word' id='word_1_729' title='bbox 2780 2594 2916 2648; x_wconf 90' lang='grc' dir='ltr'>ἀλλά</span> <span class='ocrx_word' id='word_1_730' title='bbox 2943 2595 3037 2648; x_wconf 80' lang='grc' dir='ltr'>καὶ</span> <span class='ocrx_word' id='word_1_731' title='bbox 3073 2593 3381 2666; x_wconf 79' lang='grc' dir='ltr'>ἀφροσύνην</span> <span class='ocrx_word' id='word_1_732' title='bbox 3421 2595 3479 2647; x_wconf 74' lang='grc' dir='ltr'>τὸ</span> <span class='ocrx_word' id='word_1_733' title='bbox 3507 2597 3737 2664; x_wconf 82' lang='grc' dir='ltr'>πρᾶγμα</span> 
     </span>
    </p>
   </div>
   <div class='ocr_carea' id='block_1_90' title="bbox 2076 2677 3736 2752">
    <p class='ocr_par' dir='ltr' id='par_1_90' title="bbox 2076 2677 3736 2752">
     <span class='ocr_line' id='line_1_90' title="bbox 2076 2677 3736 2752; baseline 0.002 -23"><span class='ocrx_word' id='word_1_734' title='bbox 2076 2677 2247 2742; x_wconf 82' lang='grc' dir='ltr'>καλεῖ,</span> <span class='ocrx_word' id='word_1_735' title='bbox 2275 2678 2542 2732; x_wconf 85' lang='grc' dir='ltr'>παιδεύων</span> <span class='ocrx_word' id='word_1_736' title='bbox 2565 2681 2712 2750; x_wconf 79' lang='grc' dir='ltr'>ἡμᾶς</span> <span class='ocrx_word' id='word_1_737' title='bbox 2739 2683 2948 2752; x_wconf 82' lang='grc' dir='ltr'>μήποτε</span> <span class='ocrx_word' id='word_1_738' title='bbox 2973 2681 3157 2746; x_wconf 88' lang='grc' dir='ltr'>ἀπλῶς</span> <span class='ocrx_word' id='word_1_739' title='bbox 3188 2683 3313 2735; x_wconf 83' lang='grc' dir='ltr'>ἄνευ</span> <span class='ocrx_word' id='word_1_740' title='bbox 3347 2681 3610 2752; x_wconf 87' lang='grc' dir='ltr'>ἀνάγκης,</span> <span class='ocrx_word' id='word_1_741' title='bbox 3643 2682 3736 2734; x_wconf 73' lang='grc' dir='ltr'>καὶ</span> 
     </span>
    </p>
   </div>
   <div class='ocr_carea' id='block_1_91' title="bbox 2078 2763 3737 2838">
    <p class='ocr_par' dir='ltr' id='par_1_91' title="bbox 2078 2763 3737 2838">
     <span class='ocr_line' id='line_1_91' title="bbox 2078 2763 3737 2838; baseline 0.004 -23"><span class='ocrx_word' id='word_1_742' title='bbox 2078 2763 2302 2834; x_wconf 86' lang='grc' dir='ltr'>μηδενὸς</span> <span class='ocrx_word' id='word_1_743' title='bbox 2360 2767 2882 2834; x_wconf 76' lang='grc' dir='ltr'>καταναγκάζοντος,</span> <span class='ocrx_word' id='word_1_744' title='bbox 2930 2767 2998 2820; x_wconf 88' lang='grc' dir='ltr'>τά</span> <span class='ocrx_word' id='word_1_745' title='bbox 3048 2769 3134 2836; x_wconf 79' lang='grc' dir='ltr'>ὑφ’</span> <span class='ocrx_word' id='word_1_746' title='bbox 3173 2766 3328 2838; x_wconf 78' lang='grc' dir='ltr'>ἡμῶν</span> <span class='ocrx_word' id='word_1_747' title='bbox 3398 2769 3737 2836; x_wconf 85' lang='grc' dir='ltr'>γεγενημένα</span> 
     </span>
    </p>
   </div>
   <div class='ocr_carea' id='block_1_92' title="bbox 2075 2851 3738 2926">
    <p class='ocr_par' dir='ltr' id='par_1_92' title="bbox 2075 2851 3738 2926">
     <span class='ocr_line' id='line_1_92' title="bbox 2075 2851 3738 2926; baseline 0.004 -24"><span class='ocrx_word' id='word_1_748' title='bbox 2075 2851 2468 2920; x_wconf 85' lang='grc' dir='ltr'>ὲκπομπεύειν,</span> <span class='ocrx_word' id='word_1_749' title='bbox 2504 2854 2557 2906; x_wconf 83' lang='grc' dir='ltr'>εί</span> <span class='ocrx_word' id='word_1_750' title='bbox 2585 2853 2649 2922; x_wconf 87' lang='grc' dir='ltr'>γέ</span> <span class='ocrx_word' id='word_1_751' title='bbox 2668 2872 2810 2917; x_wconf 89' lang='grc' dir='ltr'>τινες</span> <span class='ocrx_word' id='word_1_752' title='bbox 2850 2855 2909 2921; x_wconf 77' lang='grc' dir='ltr'>ἐξ</span> <span class='ocrx_word' id='word_1_753' title='bbox 2936 2855 3092 2925; x_wconf 85' lang='grc' dir='ltr'>ἡμῶν</span> <span class='ocrx_word' id='word_1_754' title='bbox 3126 2856 3398 2926; x_wconf 84' lang='grc' dir='ltr'>εὑρεθεῖεν</span> <span class='ocrx_word' id='word_1_755' title='bbox 3441 2856 3644 2924; x_wconf 90' lang='grc' dir='ltr'>ἀγαθόν</span> <span class='ocrx_word' id='word_1_756' title='bbox 3683 2872 3738 2908; x_wconf 89' lang='grc' dir='ltr'>τι</span> 
     </span>
    </p>
   </div>
   <div class='ocr_carea' id='block_1_93' title="bbox 2076 2934 3735 3015">
    <p class='ocr_par' dir='ltr' id='par_1_93' title="bbox 2076 2934 3735 3015">
     <span class='ocr_line' id='line_1_93' title="bbox 2076 2934 3735 3015; baseline 0.005 -26"><span class='ocrx_word' id='word_1_757' title='bbox 2076 2939 2459 3008; x_wconf 84' lang='grc' dir='ltr'>ἐργασάμενοι.</span> <span class='ocrx_word' id='word_1_758' title='bbox 2501 2941 2604 2995; x_wconf 81' lang='grc' dir='ltr'>Ἐν</span> <span class='ocrx_word' id='word_1_759' title='bbox 2632 2934 2681 3007; x_wconf 86' lang='grc' dir='ltr'>ᾦ</span> <span class='ocrx_word' id='word_1_760' title='bbox 2705 2943 2758 2995; x_wconf 81' lang='grc' dir='ltr'>δ’</span> <span class='ocrx_word' id='word_1_761' title='bbox 2783 2942 2862 2996; x_wconf 78' lang='grc' dir='ltr'>ἄν</span> <span class='ocrx_word' id='word_1_762' title='bbox 2893 2961 2981 3008; x_wconf 86' lang='grc' dir='ltr'>τις</span> <span class='ocrx_word' id='word_1_763' title='bbox 3010 2944 3220 3012; x_wconf 78' lang='grc' dir='ltr'>τολμᾷ,</span> <span class='ocrx_word' id='word_1_764' title='bbox 3251 2945 3435 3015; x_wconf 74' lang='grc' dir='ltr'>φησὶν,</span> <span class='ocrx_word' id='word_1_765' title='bbox 3465 2946 3536 2998; x_wconf 82' lang='grc' dir='ltr'>ἐν</span> <span class='ocrx_word' id='word_1_766' title='bbox 3554 2945 3735 3012; x_wconf 62' lang='grc' dir='ltr'>ἀφρο·</span> 
     </span>
    </p>
   </div>
   <div class='ocr_carea' id='block_1_94' title="bbox 2075 3027 3737 3102">
    <p class='ocr_par' dir='ltr' id='par_1_94' title="bbox 2075 3027 3737 3102">
     <span class='ocr_line' id='line_1_94' title="bbox 2075 3027 3737 3102; baseline 0.001 -24"><span class='ocrx_word' id='word_1_767' title='bbox 2075 3027 2234 3094; x_wconf 80' lang='grc' dir='ltr'>σύνῃ</span> <span class='ocrx_word' id='word_1_768' title='bbox 2265 3027 2438 3095; x_wconf 68' lang='grc' dir='ltr'>λέγω,</span> <span class='ocrx_word' id='word_1_769' title='bbox 2478 3029 2676 3098; x_wconf 77' lang='grc' dir='ltr'>τολμῶ</span> <span class='ocrx_word' id='word_1_770' title='bbox 2705 3031 2882 3100; x_wconf 76' lang='grc' dir='ltr'>κάγώ·</span> <span class='ocrx_word' id='word_1_771' title='bbox 2913 3031 3056 3084; x_wconf 84' lang='grc' dir='ltr'>τοῦτ’</span> <span class='ocrx_word' id='word_1_772' title='bbox 3088 3032 3253 3096; x_wconf 81' lang='grc' dir='ltr'>ἔστιν,</span> <span class='ocrx_word' id='word_1_773' title='bbox 3309 3032 3492 3102; x_wconf 78' lang='grc' dir='ltr'>ἐπειδὴ</span> <span class='ocrx_word' id='word_1_774' title='bbox 3538 3032 3737 3102; x_wconf 76' lang='grc' dir='ltr'>πολλὴν</span> 
     </span>
    </p>
   </div>
   <div class='ocr_carea' id='block_1_95' title="bbox 2074 3113 3737 3191">
    <p class='ocr_par' dir='ltr' id='par_1_95' title="bbox 2074 3113 3737 3191">
     <span class='ocr_line' id='line_1_95' title="bbox 2074 3113 3737 3191; baseline 0.005 -26"><span class='ocrx_word' id='word_1_775' title='bbox 2074 3113 2184 3184; x_wconf 84' lang='grc' dir='ltr'>δρῶ</span> <span class='ocrx_word' id='word_1_776' title='bbox 2219 3113 2315 3186; x_wconf 85' lang='grc' dir='ltr'>τὴν</span> <span class='ocrx_word' id='word_1_777' title='bbox 2351 3116 2616 3186; x_wconf 88' lang='grc' dir='ltr'>ἀνάγκην,</span> <span class='ocrx_word' id='word_1_778' title='bbox 2648 3119 2914 3189; x_wconf 78' lang='grc' dir='ltr'>τολμῆσαι</span> <span class='ocrx_word' id='word_1_779' title='bbox 2958 3119 3235 3190; x_wconf 86' lang='grc' dir='ltr'>βούλομαι,</span> <span class='ocrx_word' id='word_1_780' title='bbox 3289 3120 3382 3172; x_wconf 72' lang='grc' dir='ltr'>καὶ</span> <span class='ocrx_word' id='word_1_781' title='bbox 3427 3120 3737 3191; x_wconf 87' lang='grc' dir='ltr'>ἀφροσύνης</span> 
     </span>
    </p>
   </div>
   <div class='ocr_carea' id='block_1_96' title="bbox 2072 3201 3737 3276">
    <p class='ocr_par' dir='ltr' id='par_1_96' title="bbox 2072 3201 3737 3276">
     <span class='ocr_line' id='line_1_96' title="bbox 2072 3201 3737 3276; baseline 0.005 -24"><span class='ocrx_word' id='word_1_782' title='bbox 2072 3201 2232 3270; x_wconf 77' lang='grc' dir='ltr'>ἔργον</span> <span class='ocrx_word' id='word_1_783' title='bbox 2269 3203 2660 3268; x_wconf 82' lang='grc' dir='ltr'>ἐπιδείξασθαι.</span> <span class='ocrx_word' id='word_1_784' title='bbox 2707 3206 2956 3274; x_wconf 77' lang='grc' dir='ltr'>Ἐϐραῖοί</span> <span class='ocrx_word' id='word_1_785' title='bbox 2981 3209 3119 3267; x_wconf 78' lang='grc' dir='ltr'>εἱσι,</span> <span class='ocrx_word' id='word_1_786' title='bbox 3154 3206 3331 3276; x_wconf 70' lang='grc' dir='ltr'>κάγώ·</span> <span class='ocrx_word' id='word_1_787' title='bbox 3372 3207 3737 3276; x_wconf 65' lang='grc' dir='ltr'>Ἰσραηλῖται</span> 
     </span>
    </p>
   </div>
   <div class='ocr_carea' id='block_1_97' title="bbox 2071 3289 3791 3362">
    <p class='ocr_par' dir='ltr' id='par_1_97' title="bbox 2071 3289 3791 3362">
     <span class='ocr_line' id='line_1_97' title="bbox 2071 3289 3791 3362; baseline 0.002 -22"><span class='ocrx_word' id='word_1_788' title='bbox 2071 3290 2211 3352; x_wconf 86' lang='grc' dir='ltr'>εὶσι,</span> <span class='ocrx_word' id='word_1_789' title='bbox 2256 3289 2434 3360; x_wconf 74' lang='grc' dir='ltr'>κάγώ·</span> <span class='ocrx_word' id='word_1_790' title='bbox 2483 3291 2719 3361; x_wconf 82' lang='grc' dir='ltr'>σπέρμα</span> <span class='ocrx_word' id='word_1_791' title='bbox 2759 3295 3004 3362; x_wconf 81' lang='grc' dir='ltr'>Ἁϐραάμ</span> <span class='ocrx_word' id='word_1_792' title='bbox 3044 3297 3184 3354; x_wconf 78' lang='grc' dir='ltr'>εισι,</span> <span class='ocrx_word' id='word_1_793' title='bbox 3223 3293 3398 3358; x_wconf 72' lang='grc' dir='ltr'>κάγώ.</span> <span class='ocrx_word' id='word_1_794' title='bbox 3441 3294 3567 3347; x_wconf 78' lang='grc' dir='ltr'>Ἐπὶ</span> <span class='ocrx_word' id='word_1_795' title='bbox 3612 3295 3735 3348; x_wconf 86' lang='grc' dir='ltr'>τού-</span> <span class='ocrx_word' id='word_1_796' title='bbox 3783 3335 3791 3344; x_wconf 94' lang='grc'>.</span> 
     </span>
    </p>
   </div>
   <div class='ocr_carea' id='block_1_98' title="bbox 2070 3379 3734 3451">
    <p class='ocr_par' dir='ltr' id='par_1_98' title="bbox 2070 3379 3734 3451">
     <span class='ocr_line' id='line_1_98' title="bbox 2070 3379 3734 3451; baseline 0.005 -23"><span class='ocrx_word' id='word_1_797' title='bbox 2070 3392 2203 3441; x_wconf 91' lang='grc' dir='ltr'>τοις,</span> <span class='ocrx_word' id='word_1_798' title='bbox 2236 3379 2387 3448; x_wconf 81' lang='grc' dir='ltr'>φησὶ.</span> <span class='ocrx_word' id='word_1_799' title='bbox 2424 3379 2566 3448; x_wconf 88' lang='grc' dir='ltr'>μέγα</span> <span class='ocrx_word' id='word_1_800' title='bbox 2597 3380 2849 3450; x_wconf 85' lang='grc' dir='ltr'>φρονοῦσι</span> <span class='ocrx_word' id='word_1_801' title='bbox 2879 3399 2893 3413; x_wconf 91' lang='grc'>·</span> <span class='ocrx_word' id='word_1_802' title='bbox 2934 3383 3007 3451; x_wconf 87' lang='grc' dir='ltr'>μὴ</span> <span class='ocrx_word' id='word_1_803' title='bbox 3057 3381 3424 3451; x_wconf 73' lang='grc' dir='ltr'>νομιζέτωσαν</span> <span class='ocrx_word' id='word_1_804' title='bbox 3455 3381 3734 3436; x_wconf 83' lang='grc' dir='ltr'>λείπεσθαι</span> 
     </span>
    </p>
   </div>
   <div class='ocr_carea' id='block_1_99' title="bbox 2071 3465 3729 3540">
    <p class='ocr_par' dir='ltr' id='par_1_99' title="bbox 2071 3465 3729 3540">
     <span class='ocr_line' id='line_1_99' title="bbox 2071 3465 3729 3540; baseline 0.002 -23"><span class='ocrx_word' id='word_1_805' title='bbox 2071 3465 2235 3533; x_wconf 78' lang='grc' dir='ltr'>ἡμᾶς·</span> <span class='ocrx_word' id='word_1_806' title='bbox 2288 3465 2380 3519; x_wconf 76' lang='grc' dir='ltr'>καὶ</span> <span class='ocrx_word' id='word_1_807' title='bbox 2413 3465 2520 3537; x_wconf 87' lang='grc' dir='ltr'>γάρ</span> <span class='ocrx_word' id='word_1_808' title='bbox 2561 3468 2653 3520; x_wconf 79' lang='grc' dir='ltr'>καὶ</span> <span class='ocrx_word' id='word_1_809' title='bbox 2700 3470 2858 3538; x_wconf 83' lang='grc' dir='ltr'>ἡμεῖς</span> <span class='ocrx_word' id='word_1_810' title='bbox 2897 3469 3005 3521; x_wconf 88' lang='grc' dir='ltr'>τῶν</span> <span class='ocrx_word' id='word_1_811' title='bbox 3042 3468 3219 3522; x_wconf 82' lang='grc' dir='ltr'>αὐτῶν</span> <span class='ocrx_word' id='word_1_812' title='bbox 3259 3469 3576 3540; x_wconf 89' lang='grc' dir='ltr'>μετέχομεν.</span> <span class='ocrx_word' id='word_1_813' title='bbox 3618 3468 3729 3540; x_wconf 75' lang='lat'>[89]</span> 
     </span>
    </p>
   </div>
   <div class='ocr_carea' id='block_1_100' title="bbox 2071 3547 3733 3626">
    <p class='ocr_par' dir='ltr' id='par_1_100' title="bbox 2071 3547 3733 3626">
     <span class='ocr_line' id='line_1_100' title="bbox 2071 3547 3733 3626; baseline 0.005 -24"><span class='ocrx_word' id='word_1_814' title='bbox 2071 3547 2202 3602; x_wconf 79' lang='grc' dir='ltr'>Εἶτα</span> <span class='ocrx_word' id='word_1_815' title='bbox 2241 3553 2508 3622; x_wconf 84' lang='grc' dir='ltr'>ἐπήγαγε,</span> <span class='ocrx_word' id='word_1_816' title='bbox 2539 3554 2808 3608; x_wconf 80' lang='grc' dir='ltr'>Διάκονοι</span> <span class='ocrx_word' id='word_1_817' title='bbox 2844 3555 3101 3624; x_wconf 85' lang='grc' dir='ltr'>Χριστοῦ</span> <span class='ocrx_word' id='word_1_818' title='bbox 3147 3559 3286 3622; x_wconf 76' lang='grc' dir='ltr'>εἶσι,</span> <span class='ocrx_word' id='word_1_819' title='bbox 3337 3557 3733 3626; x_wconf 72' lang='grc' dir='ltr'>παραφρονῶν</span> 
     </span>
    </p>
   </div>
   <div class='ocr_carea' id='block_1_101' title="bbox 2067 3637 2597 3710">
    <p class='ocr_par' dir='ltr' id='par_1_101' title="bbox 2067 3637 2597 3710">
     <span class='ocr_line' id='line_1_101' title="bbox 2067 3637 2597 3710; baseline 0.006 -18"><span class='ocrx_word' id='word_1_820' title='bbox 2067 3637 2255 3703; x_wconf 76' lang='grc' dir='ltr'>λαλῶ,</span> <span class='ocrx_word' id='word_1_821' title='bbox 2284 3640 2437 3708; x_wconf 81' lang='grc' dir='ltr'>ὑπὲρ</span> <span class='ocrx_word' id='word_1_822' title='bbox 2465 3640 2597 3710; x_wconf 77' lang='grc' dir='ltr'>ἐγώ.</span> 
     </span>
    </p>
   </div>
   <div class='ocr_carea' id='block_1_102' title="bbox 2140 3725 3731 3801">
    <p class='ocr_par' dir='ltr' id='par_1_102' title="bbox 2140 3725 3731 3801">
     <span class='ocr_line' id='line_1_102' title="bbox 2140 3725 3731 3801; baseline 0.003 -23"><span class='ocrx_word' id='word_1_823' title='bbox 2140 3731 2212 3790; x_wconf 82' lang='grc' dir='ltr'>ς’.</span> <span class='ocrx_word' id='word_1_824' title='bbox 2229 3725 2338 3779; x_wconf 87' lang='grc' dir='ltr'>Θέα</span> <span class='ocrx_word' id='word_1_825' title='bbox 2363 3745 2452 3797; x_wconf 89' lang='grc' dir='ltr'>μοι</span> <span class='ocrx_word' id='word_1_826' title='bbox 2471 3727 2721 3792; x_wconf 82' lang='grc' dir='ltr'>ἐνταῦθα,</span> <span class='ocrx_word' id='word_1_827' title='bbox 2741 3730 3008 3800; x_wconf 85' lang='grc' dir='ltr'>ἀγαπητέ,</span> <span class='ocrx_word' id='word_1_828' title='bbox 3022 3729 3115 3782; x_wconf 87' lang='grc' dir='ltr'>τοῦ</span> <span class='ocrx_word' id='word_1_829' title='bbox 3139 3731 3406 3801; x_wconf 84' lang='grc' dir='ltr'>μακαρίου</span> <span class='ocrx_word' id='word_1_830' title='bbox 3427 3730 3617 3784; x_wconf 90' lang='grc' dir='ltr'>τούτου</span> <span class='ocrx_word' id='word_1_831' title='bbox 3632 3732 3731 3801; x_wconf 80' lang='grc' dir='ltr'>τῆς</span> 
     </span>
    </p>
   </div>
   <div class='ocr_carea' id='block_1_103' title="bbox 2065 3811 3728 3889">
    <p class='ocr_par' dir='ltr' id='par_1_103' title="bbox 2065 3811 3728 3889">
     <span class='ocr_line' id='line_1_103' title="bbox 2065 3811 3728 3889; baseline 0.003 -23"><span class='ocrx_word' id='word_1_832' title='bbox 2065 3811 2243 3886; x_wconf 79' lang='grc' dir='ltr'>ψυχῆς</span> <span class='ocrx_word' id='word_1_833' title='bbox 2266 3817 2365 3886; x_wconf 82' lang='grc' dir='ltr'>τὴν</span> <span class='ocrx_word' id='word_1_834' title='bbox 2382 3817 2606 3888; x_wconf 85' lang='grc' dir='ltr'>ἀρετήν.</span> <span class='ocrx_word' id='word_1_835' title='bbox 2645 3818 2862 3889; x_wconf 79' lang='grc' dir='ltr'>Ἐπειδὴ</span> <span class='ocrx_word' id='word_1_836' title='bbox 2889 3819 2996 3889; x_wconf 79' lang='grc' dir='ltr'>γὰρ</span> <span class='ocrx_word' id='word_1_837' title='bbox 3023 3819 3115 3872; x_wconf 72' lang='grc' dir='ltr'>καὶ</span> <span class='ocrx_word' id='word_1_838' title='bbox 3139 3819 3340 3888; x_wconf 88' lang='grc' dir='ltr'>τόλμαν</span> <span class='ocrx_word' id='word_1_839' title='bbox 3364 3821 3458 3872; x_wconf 72' lang='grc' dir='ltr'>καὶ</span> <span class='ocrx_word' id='word_1_840' title='bbox 3488 3820 3728 3889; x_wconf 87' lang='grc' dir='ltr'>ἀφροσύ-</span> 
     </span>
    </p>
   </div>
   <div class='ocr_carea' id='block_1_104' title="bbox 2065 3903 3730 3976">
    <p class='ocr_par' dir='ltr' id='par_1_104' title="bbox 2065 3903 3730 3976">
     <span class='ocr_line' id='line_1_104' title="bbox 2065 3903 3730 3976; baseline 0.002 -22"><span class='ocrx_word' id='word_1_841' title='bbox 2065 3918 2162 3972; x_wconf 91' lang='grc' dir='ltr'>νην</span> <span class='ocrx_word' id='word_1_842' title='bbox 2191 3903 2414 3956; x_wconf 83' lang='grc' dir='ltr'>ἐκάλεσε</span> <span class='ocrx_word' id='word_1_843' title='bbox 2439 3903 2498 3956; x_wconf 84' lang='grc' dir='ltr'>τὸ</span> <span class='ocrx_word' id='word_1_844' title='bbox 2525 3904 2887 3976; x_wconf 86' lang='grc' dir='ltr'>γεγενημένον</span> <span class='ocrx_word' id='word_1_845' title='bbox 2917 3905 3009 3958; x_wconf 80' lang='grc' dir='ltr'>ὑπ’</span> <span class='ocrx_word' id='word_1_846' title='bbox 3033 3904 3217 3968; x_wconf 78' lang='grc' dir='ltr'>αὑτοῦ,</span> <span class='ocrx_word' id='word_1_847' title='bbox 3242 3905 3415 3958; x_wconf 90' lang='grc' dir='ltr'>καίτοι</span> <span class='ocrx_word' id='word_1_848' title='bbox 3436 3907 3515 3969; x_wconf 89' lang='grc' dir='ltr'>είς</span> <span class='ocrx_word' id='word_1_849' title='bbox 3537 3905 3730 3958; x_wconf 90' lang='grc' dir='ltr'>τοσαύ-</span> 
     </span>
    </p>
   </div>
   <div class='ocr_carea' id='block_1_105' title="bbox 2064 3989 3729 4065">
    <p class='ocr_par' dir='ltr' id='par_1_105' title="bbox 2064 3989 3729 4065">
     <span class='ocr_line' id='line_1_105' title="bbox 2064 3989 3729 4065; baseline 0.003 -24"><span class='ocrx_word' id='word_1_850' title='bbox 2064 4005 2164 4059; x_wconf 91' lang='grc' dir='ltr'>την</span> <span class='ocrx_word' id='word_1_851' title='bbox 2185 3989 2426 4060; x_wconf 86' lang='grc' dir='ltr'>ἀνάγκην</span> <span class='ocrx_word' id='word_1_852' title='bbox 2448 3992 2741 4058; x_wconf 82' lang='grc' dir='ltr'>καταστὰς,</span> <span class='ocrx_word' id='word_1_853' title='bbox 2765 3992 2885 4045; x_wconf 84' lang='grc' dir='ltr'>οὐδέ</span> <span class='ocrx_word' id='word_1_854' title='bbox 2913 3991 3084 4056; x_wconf 75' lang='grc' dir='ltr'>οὕτως</span> <span class='ocrx_word' id='word_1_855' title='bbox 3109 3993 3351 4064; x_wconf 77' lang='grc' dir='ltr'>ἠρκέσθη</span> <span class='ocrx_word' id='word_1_856' title='bbox 3379 3996 3490 4057; x_wconf 76' lang='grc' dir='ltr'>τοῖς</span> <span class='ocrx_word' id='word_1_857' title='bbox 3511 3995 3630 4065; x_wconf 84' lang='grc' dir='ltr'>είρη</span> <span class='ocrx_word' id='word_1_858' title='bbox 3640 3993 3729 4064; x_wconf 87' lang='grc' dir='ltr'>μέ-</span> 
     </span>
    </p>
   </div>
   <div class='ocr_carea' id='block_1_106' title="bbox 2065 4078 3728 4152">
    <p class='ocr_par' dir='ltr' id='par_1_106' title="bbox 2065 4078 3728 4152">
     <span class='ocr_line' id='line_1_106' title="bbox 2065 4078 3728 4152; baseline 0.002 -22"><span class='ocrx_word' id='word_1_859' title='bbox 2065 4094 2195 4140; x_wconf 90' lang='grc' dir='ltr'>νοις·</span> <span class='ocrx_word' id='word_1_860' title='bbox 2227 4078 2339 4130; x_wconf 80' lang='grc' dir='ltr'>ἀλλ’</span> <span class='ocrx_word' id='word_1_861' title='bbox 2369 4079 2457 4132; x_wconf 86' lang='grc' dir='ltr'>ὅτε</span> <span class='ocrx_word' id='word_1_862' title='bbox 2481 4079 2702 4150; x_wconf 76' lang='grc' dir='ltr'>ἔμελλεν</span> <span class='ocrx_word' id='word_1_863' title='bbox 2736 4081 2925 4134; x_wconf 80' lang='grc' dir='ltr'>ἑαυτὸν</span> <span class='ocrx_word' id='word_1_864' title='bbox 2947 4080 3218 4133; x_wconf 85' lang='grc' dir='ltr'>δεικνύναι</span> <span class='ocrx_word' id='word_1_865' title='bbox 3243 4079 3420 4151; x_wconf 88' lang='grc' dir='ltr'>πολλῷ</span> <span class='ocrx_word' id='word_1_866' title='bbox 3445 4079 3521 4150; x_wconf 84' lang='grc' dir='ltr'>τῷ</span> <span class='ocrx_word' id='word_1_867' title='bbox 3545 4081 3728 4152; x_wconf 79' lang='grc' dir='ltr'>μέτρῳ</span> 
     </span>
    </p>
   </div>
   <div class='ocr_carea' id='block_1_107' title="bbox 2064 4163 3732 4240">
    <p class='ocr_par' dir='ltr' id='par_1_107' title="bbox 2064 4163 3732 4240">
     <span class='ocr_line' id='line_1_107' title="bbox 2064 4163 3732 4240; baseline 0.002 -24"><span class='ocrx_word' id='word_1_868' title='bbox 2064 4163 2303 4228; x_wconf 87' lang='grc' dir='ltr'>ἐκείνους</span> <span class='ocrx_word' id='word_1_869' title='bbox 2335 4166 2842 4236; x_wconf 76' lang='grc' dir='ltr'>ὑπερακοντίζοντα,</span> <span class='ocrx_word' id='word_1_870' title='bbox 2886 4168 2971 4220; x_wconf 85' lang='grc' dir='ltr'>ῖνα</span> <span class='ocrx_word' id='word_1_871' title='bbox 3013 4169 3087 4238; x_wconf 85' lang='grc' dir='ltr'>μή</span> <span class='ocrx_word' id='word_1_872' title='bbox 3123 4184 3206 4231; x_wconf 91' lang='grc' dir='ltr'>τις</span> <span class='ocrx_word' id='word_1_873' title='bbox 3240 4168 3434 4240; x_wconf 84' lang='grc' dir='ltr'>νομίσῃ</span> <span class='ocrx_word' id='word_1_874' title='bbox 3473 4167 3582 4222; x_wconf 82' lang='grc' dir='ltr'>ἀπὸ</span> <span class='ocrx_word' id='word_1_875' title='bbox 3612 4168 3732 4234; x_wconf 74' lang='grc' dir='ltr'>φιλο</span> 
     </span>
    </p>
   </div>
   <div class='ocr_carea' id='block_1_108' title="bbox 2065 4251 3729 4326">
    <p class='ocr_par' dir='ltr' id='par_1_108' title="bbox 2065 4251 3729 4326">
     <span class='ocr_line' id='line_1_108' title="bbox 2065 4251 3729 4326; baseline 0.002 -22"><span class='ocrx_word' id='word_1_876' title='bbox 2065 4251 2256 4316; x_wconf 90' lang='grc' dir='ltr'>αυτίας</span> <span class='ocrx_word' id='word_1_877' title='bbox 2281 4252 2440 4306; x_wconf 78' lang='grc' dir='ltr'>αὑτὸν</span> <span class='ocrx_word' id='word_1_878' title='bbox 2464 4253 2636 4308; x_wconf 89' lang='grc' dir='ltr'>ταῦτα</span> <span class='ocrx_word' id='word_1_879' title='bbox 2666 4253 3017 4322; x_wconf 89' lang='grc' dir='ltr'>φθέγγεσθαι,</span> <span class='ocrx_word' id='word_1_880' title='bbox 3049 4253 3210 4307; x_wconf 88' lang='grc' dir='ltr'>πάλιν</span> <span class='ocrx_word' id='word_1_881' title='bbox 3237 4254 3546 4326; x_wconf 84' lang='grc' dir='ltr'>ἀφροσύνην</span> <span class='ocrx_word' id='word_1_882' title='bbox 3573 4254 3729 4308; x_wconf 84' lang='grc' dir='ltr'>καλεῖ</span> 
     </span>
    </p>
   </div>
   <div class='ocr_carea' id='block_1_109' title="bbox 2064 4338 3726 4413">
    <p class='ocr_par' dir='ltr' id='par_1_109' title="bbox 2064 4338 3726 4413">
     <span class='ocr_line' id='line_1_109' title="bbox 2064 4338 3726 4413; baseline 0.002 -21"><span class='ocrx_word' id='word_1_883' title='bbox 2064 4338 2124 4392; x_wconf 83' lang='grc' dir='ltr'>τὸ</span> <span class='ocrx_word' id='word_1_884' title='bbox 2153 4339 2179 4379; x_wconf 77' lang='grc' dir='ltr'>ἀ</span> <span class='ocrx_word' id='word_1_885' title='bbox 2217 4341 2349 4413; x_wconf 79' lang='grc' dir='ltr'>παρ’</span> <span class='ocrx_word' id='word_1_886' title='bbox 2377 4341 2540 4395; x_wconf 74' lang='grc' dir='ltr'>αὑτοῦ</span> <span class='ocrx_word' id='word_1_887' title='bbox 2578 4341 2886 4413; x_wconf 89' lang='grc' dir='ltr'>λεγόμενον,</span> <span class='ocrx_word' id='word_1_888' title='bbox 2930 4340 3208 4413; x_wconf 73' lang='grc' dir='ltr'>μονονουχὶ</span> <span class='ocrx_word' id='word_1_889' title='bbox 3248 4341 3437 4410; x_wconf 83' lang='grc' dir='ltr'>λέγων·</span> <span class='ocrx_word' id='word_1_890' title='bbox 3490 4341 3566 4413; x_wconf 82' lang='grc' dir='ltr'>μὴ</span> <span class='ocrx_word' id='word_1_891' title='bbox 3619 4343 3726 4412; x_wconf 85' lang='grc' dir='ltr'>γὰρ</span> 
     </span>
    </p>
   </div>
   <div class='ocr_carea' id='block_1_110' title="bbox 2062 4423 3721 4500">
    <p class='ocr_par' dir='ltr' id='par_1_110' title="bbox 2062 4423 3721 4500">
     <span class='ocr_line' id='line_1_110' title="bbox 2062 4423 3721 4500; baseline 0.001 -22"><span class='ocrx_word' id='word_1_892' title='bbox 2062 4425 2162 4479; x_wconf 82' lang='grc' dir='ltr'>οὐκ</span> <span class='ocrx_word' id='word_1_893' title='bbox 2189 4423 2326 4490; x_wconf 82' lang='grc' dir='ltr'>οἴδα,</span> <span class='ocrx_word' id='word_1_894' title='bbox 2356 4428 2437 4480; x_wconf 85' lang='grc' dir='ltr'>ὄτι</span> <span class='ocrx_word' id='word_1_895' title='bbox 2459 4428 2692 4500; x_wconf 82' lang='grc' dir='ltr'>πρᾶγμα</span> <span class='ocrx_word' id='word_1_896' title='bbox 2733 4427 2870 4481; x_wconf 89' lang='grc' dir='ltr'>ποιῶ</span> <span class='ocrx_word' id='word_1_897' title='bbox 2895 4430 3007 4492; x_wconf 85' lang='grc' dir='ltr'>τοῖς</span> <span class='ocrx_word' id='word_1_898' title='bbox 3037 4427 3252 4492; x_wconf 81' lang='grc' dir='ltr'>πολλοῖς</span> <span class='ocrx_word' id='word_1_899' title='bbox 3274 4428 3721 4500; x_wconf 83' lang='grc' dir='ltr'>προσιστάμενον,</span> 
     </span>
    </p>
   </div>
   <div class='ocr_carea' id='block_1_111' title="bbox 2063 4512 3726 4586">
    <p class='ocr_par' dir='ltr' id='par_1_111' title="bbox 2063 4512 3726 4586">
     <span class='ocr_line' id='line_1_111' title="bbox 2063 4512 3726 4586; baseline 0.002 -21"><span class='ocrx_word' id='word_1_900' title='bbox 2063 4512 2157 4565; x_wconf 82' lang='grc' dir='ltr'>καὶ</span> <span class='ocrx_word' id='word_1_901' title='bbox 2185 4512 2284 4566; x_wconf 80' lang='grc' dir='ltr'>οὐκ</span> <span class='ocrx_word' id='word_1_902' title='bbox 2315 4512 2438 4584; x_wconf 70' lang='grc' dir='ltr'>ἐμοὶ</span> <span class='ocrx_word' id='word_1_903' title='bbox 2461 4514 2700 4585; x_wconf 87' lang='grc' dir='ltr'>πρέπον;</span> <span class='ocrx_word' id='word_1_904' title='bbox 2731 4515 2846 4568; x_wconf 86' lang='grc' dir='ltr'>ἀλλ’</span> <span class='ocrx_word' id='word_1_905' title='bbox 2870 4515 2904 4586; x_wconf 78' lang='grc' dir='ltr'><strong>ἡ</strong></span> <span class='ocrx_word' id='word_1_906' title='bbox 2931 4514 3100 4586; x_wconf 78' lang='grc' dir='ltr'>πολλή</span> <span class='ocrx_word' id='word_1_907' title='bbox 3139 4513 3209 4586; x_wconf 83' lang='grc' dir='ltr'>με</span> <span class='ocrx_word' id='word_1_908' title='bbox 3229 4515 3443 4586; x_wconf 90' lang='grc' dir='ltr'>ἀνάγκη</span> <span class='ocrx_word' id='word_1_909' title='bbox 3467 4517 3544 4578; x_wconf 83' lang='grc' dir='ltr'>είς</span> <span class='ocrx_word' id='word_1_910' title='bbox 3568 4515 3726 4569; x_wconf 90' lang='grc' dir='ltr'>τοῦτο</span> 
     </span>
    </p>
   </div>
   <div class='ocr_carea' id='block_1_112' title="bbox 2064 4599 3725 4674">
    <p class='ocr_par' dir='ltr' id='par_1_112' title="bbox 2064 4599 3725 4674">
     <span class='ocr_line' id='line_1_112' title="bbox 2064 4599 3725 4674; baseline 0.004 -24"><span class='ocrx_word' id='word_1_911' title='bbox 2064 4599 2422 4670; x_wconf 84' lang='grc' dir='ltr'>συνωθήσασα</span> <span class='ocrx_word' id='word_1_912' title='bbox 2454 4600 2783 4663; x_wconf 73' lang='grc' dir='ltr'>ἐκϐιάζεται·</span> <span class='ocrx_word' id='word_1_913' title='bbox 2817 4600 2896 4654; x_wconf 83' lang='grc' dir='ltr'>διὸ</span> <span class='ocrx_word' id='word_1_914' title='bbox 2919 4601 3194 4670; x_wconf 88' lang='grc' dir='ltr'>σύγγνωτέ</span> <span class='ocrx_word' id='word_1_915' title='bbox 3223 4619 3332 4672; x_wconf 89' lang='grc' dir='ltr'>μοι,</span> <span class='ocrx_word' id='word_1_916' title='bbox 3364 4601 3516 4672; x_wconf 77' lang='grc' dir='ltr'>φησὶ,</span> <span class='ocrx_word' id='word_1_917' title='bbox 3550 4619 3725 4674; x_wconf 82' lang='grc' dir='ltr'>παρα-</span> 
     </span>
    </p>
   </div>
   <div class='ocr_carea' id='block_1_113' title="bbox 2063 4683 3722 4757">
    <p class='ocr_par' dir='ltr' id='par_1_113' title="bbox 2063 4683 3722 4757">
     <span class='ocr_line' id='line_1_113' title="bbox 2063 4683 3722 4757; baseline 0.002 -21"><span class='ocrx_word' id='word_1_918' title='bbox 2063 4683 2334 4755; x_wconf 89' lang='grc' dir='ltr'>φροσύνης</span> <span class='ocrx_word' id='word_1_919' title='bbox 2369 4686 2588 4757; x_wconf 79' lang='grc' dir='ltr'>ῥήματα</span> <span class='ocrx_word' id='word_1_920' title='bbox 2633 4686 3004 4757; x_wconf 82' lang='grc' dir='ltr'>φθεγγομένῳ.</span> <span class='ocrx_word' id='word_1_921' title='bbox 3039 4687 3240 4740; x_wconf 85' lang='grc' dir='ltr'>Τούτου</span> <span class='ocrx_word' id='word_1_922' title='bbox 3283 4687 3389 4740; x_wconf 82' lang='grc' dir='ltr'>κᾶν</span> <span class='ocrx_word' id='word_1_923' title='bbox 3425 4689 3526 4757; x_wconf 83' lang='grc' dir='ltr'>τὴν</span> <span class='ocrx_word' id='word_1_924' title='bbox 3566 4689 3722 4742; x_wconf 88' lang='grc' dir='ltr'>σκιάν</span> 
     </span>
    </p>
   </div>
   <div class='ocr_carea' id='block_1_114' title="bbox 2065 4771 3721 4846">
    <p class='ocr_par' dir='ltr' id='par_1_114' title="bbox 2065 4771 3721 4846">
     <span class='ocr_line' id='line_1_114' title="bbox 2065 4771 3721 4846; baseline 0.004 -23"><span class='ocrx_word' id='word_1_925' title='bbox 2065 4771 2432 4842; x_wconf 87' lang='grc' dir='ltr'>μιμησώμεθα</span> <span class='ocrx_word' id='word_1_926' title='bbox 2480 4774 2640 4844; x_wconf 79' lang='grc' dir='ltr'>ἡμεῖς</span> <span class='ocrx_word' id='word_1_927' title='bbox 2683 4775 2732 4827; x_wconf 87' lang='grc' dir='ltr'>οί</span> <span class='ocrx_word' id='word_1_928' title='bbox 2772 4773 3008 4828; x_wconf 87' lang='grc' dir='ltr'>τοσαῦτα</span> <span class='ocrx_word' id='word_1_929' title='bbox 3060 4774 3256 4844; x_wconf 84' lang='grc' dir='ltr'>φορτία</span> <span class='ocrx_word' id='word_1_930' title='bbox 3309 4775 3721 4846; x_wconf 86' lang='grc' dir='ltr'>ἁμαρτημάτων</span> 
     </span>
    </p>
   </div>
   <div class='ocr_carea' id='block_1_115' title="bbox 2060 4858 3721 4932">
    <p class='ocr_par' dir='ltr' id='par_1_115' title="bbox 2060 4858 3721 4932">
     <span class='ocr_line' id='line_1_115' title="bbox 2060 4858 3721 4932; baseline 0.005 -23"><span class='ocrx_word' id='word_1_931' title='bbox 2060 4858 2273 4928; x_wconf 79' lang='grc' dir='ltr'>ἔχοντες</span> <span class='ocrx_word' id='word_1_932' title='bbox 2323 4861 2662 4931; x_wconf 87' lang='grc' dir='ltr'>ἐπικείμενα,</span> <span class='ocrx_word' id='word_1_933' title='bbox 2718 4862 2813 4914; x_wconf 76' lang='grc' dir='ltr'>καὶ</span> <span class='ocrx_word' id='word_1_934' title='bbox 2869 4862 3126 4924; x_wconf 89' lang='grc' dir='ltr'>πολλάκις</span> <span class='ocrx_word' id='word_1_935' title='bbox 3177 4861 3236 4913; x_wconf 83' lang='grc' dir='ltr'>ἐν</span> <span class='ocrx_word' id='word_1_936' title='bbox 3285 4876 3333 4913; x_wconf 83' lang='grc' dir='ltr'>τι</span> <span class='ocrx_word' id='word_1_937' title='bbox 3378 4861 3550 4932; x_wconf 78' lang='grc' dir='ltr'>βραχὺ</span> <span class='ocrx_word' id='word_1_938' title='bbox 3594 4881 3721 4916; x_wconf 88' lang='grc' dir='ltr'>κατ-</span> 
     </span>
    </p>
   </div>
   <div class='ocr_carea' id='block_1_116' title="bbox 2059 4947 3720 5018">
    <p class='ocr_par' dir='ltr' id='par_1_116' title="bbox 2059 4947 3720 5018">
     <span class='ocr_line' id='line_1_116' title="bbox 2059 4947 3720 5018; baseline 0.002 -19"><span class='ocrx_word' id='word_1_939' title='bbox 2059 4947 2363 5016; x_wconf 84' lang='grc' dir='ltr'>ορθοῦντες,</span> <span class='ocrx_word' id='word_1_940' title='bbox 2405 4949 2500 5001; x_wconf 68' lang='grc' dir='ltr'>καὶ</span> <span class='ocrx_word' id='word_1_941' title='bbox 2535 4949 2656 5002; x_wconf 82' lang='grc' dir='ltr'>οὐδὲ</span> <span class='ocrx_word' id='word_1_942' title='bbox 2687 4947 2844 5002; x_wconf 86' lang='grc' dir='ltr'>τοῦτο</span> <span class='ocrx_word' id='word_1_943' title='bbox 2885 4951 2963 5010; x_wconf 87' lang='grc' dir='ltr'>είς</span> <span class='ocrx_word' id='word_1_944' title='bbox 3000 4948 3068 5000; x_wconf 90' lang='grc' dir='ltr'>τά</span> <span class='ocrx_word' id='word_1_945' title='bbox 3101 4949 3322 5018; x_wconf 87' lang='grc' dir='ltr'>ταμιεῖα</span> <span class='ocrx_word' id='word_1_946' title='bbox 3358 4947 3456 5017; x_wconf 82' lang='grc' dir='ltr'>τῆς</span> <span class='ocrx_word' id='word_1_947' title='bbox 3489 4949 3720 5014; x_wconf 86' lang='grc' dir='ltr'>διανοίας</span> 
     </span>
    </p>
   </div>
   <div class='ocr_carea' id='block_1_117' title="bbox 2061 5033 3721 5107">
    <p class='ocr_par' dir='ltr' id='par_1_117' title="bbox 2061 5033 3721 5107">
     <span class='ocr_line' id='line_1_117' title="bbox 2061 5033 3721 5107; baseline 0.001 -21"><span class='ocrx_word' id='word_1_948' title='bbox 2061 5033 2346 5100; x_wconf 82' lang='grc' dir='ltr'>φυλάττειν</span> <span class='ocrx_word' id='word_1_949' title='bbox 2370 5033 2704 5107; x_wconf 89' lang='grc' dir='ltr'>ἀνεχόμενοι,</span> <span class='ocrx_word' id='word_1_950' title='bbox 2734 5034 2868 5088; x_wconf 89' lang='grc' dir='ltr'>ἀλλά</span> <span class='ocrx_word' id='word_1_951' title='bbox 2897 5035 2984 5088; x_wconf 89' lang='grc' dir='ltr'>διά</span> <span class='ocrx_word' id='word_1_952' title='bbox 3004 5033 3064 5087; x_wconf 80' lang='grc' dir='ltr'>τὸ</span> <span class='ocrx_word' id='word_1_953' title='bbox 3079 5033 3176 5104; x_wconf 77' lang='grc' dir='ltr'>τὴν</span> <span class='ocrx_word' id='word_1_954' title='bbox 3210 5033 3358 5105; x_wconf 90' lang='grc' dir='ltr'>παρά</span> <span class='ocrx_word' id='word_1_955' title='bbox 3385 5034 3494 5088; x_wconf 87' lang='grc' dir='ltr'>τῶν</span> <span class='ocrx_word' id='word_1_956' title='bbox 3515 5035 3721 5106; x_wconf 84' lang='grc' dir='ltr'>ἀνθρώ-</span> 
     </span>
    </p>
   </div>
   <div class='ocr_carea' id='block_1_118' title="bbox 2061 5121 3720 5194">
    <p class='ocr_par' dir='ltr' id='par_1_118' title="bbox 2061 5121 3720 5194">
     <span class='ocr_line' id='line_1_118' title="bbox 2061 5121 3720 5194; baseline 0.003 -23"><span class='ocrx_word' id='word_1_957' title='bbox 2061 5136 2179 5172; x_wconf 93' lang='grc' dir='ltr'>πων</span> <span class='ocrx_word' id='word_1_958' title='bbox 2205 5121 2474 5192; x_wconf 79' lang='grc' dir='ltr'>θηρᾶσθαι</span> <span class='ocrx_word' id='word_1_959' title='bbox 2498 5121 2653 5189; x_wconf 84' lang='grc' dir='ltr'>δόξαν</span> <span class='ocrx_word' id='word_1_960' title='bbox 2687 5121 3142 5193; x_wconf 88' lang='grc' dir='ltr'>ἐκπομπεύοντες,</span> <span class='ocrx_word' id='word_1_961' title='bbox 3180 5123 3273 5174; x_wconf 82' lang='grc' dir='ltr'>καὶ</span> <span class='ocrx_word' id='word_1_962' title='bbox 3297 5123 3376 5183; x_wconf 85' lang='grc' dir='ltr'>είς</span> <span class='ocrx_word' id='word_1_963' title='bbox 3401 5123 3560 5191; x_wconf 87' lang='grc' dir='ltr'>μέσον</span> <span class='ocrx_word' id='word_1_964' title='bbox 3589 5141 3720 5194; x_wconf 89' lang='grc' dir='ltr'>προ-</span> 
     </span>
    </p>
   </div>
   <div class='ocr_carea' id='block_1_119' title="bbox 2058 5207 3719 5280">
    <p class='ocr_par' dir='ltr' id='par_1_119' title="bbox 2058 5207 3719 5280">
     <span class='ocr_line' id='line_1_119' title="bbox 2058 5207 3719 5280; baseline 0.002 -22"><span class='ocrx_word' id='word_1_965' title='bbox 2058 5208 2318 5271; x_wconf 90' lang='grc' dir='ltr'>τιθέντες,</span> <span class='ocrx_word' id='word_1_966' title='bbox 2343 5210 2437 5262; x_wconf 73' lang='grc' dir='ltr'>καὶ</span> <span class='ocrx_word' id='word_1_967' title='bbox 2459 5209 2546 5262; x_wconf 78' lang='grc' dir='ltr'>διὰ</span> <span class='ocrx_word' id='word_1_968' title='bbox 2583 5209 2685 5278; x_wconf 86' lang='grc' dir='ltr'>τῆς</span> <span class='ocrx_word' id='word_1_969' title='bbox 2716 5209 2941 5279; x_wconf 88' lang='grc' dir='ltr'>ἀκαίρου</span> <span class='ocrx_word' id='word_1_970' title='bbox 2974 5207 3174 5272; x_wconf 83' lang='grc' dir='ltr'>ταύτης</span> <span class='ocrx_word' id='word_1_971' title='bbox 3203 5209 3468 5280; x_wconf 84' lang='grc' dir='ltr'>φλυαρίας</span> <span class='ocrx_word' id='word_1_972' title='bbox 3494 5211 3591 5279; x_wconf 80' lang='grc' dir='ltr'>τῆς</span> <span class='ocrx_word' id='word_1_973' title='bbox 3617 5227 3719 5262; x_wconf 82' lang='grc' dir='ltr'>πα-</span> 
     </span>
    </p>
   </div>
   <div class='ocr_carea' id='block_1_120' title="bbox 2063 5294 3718 5366">
    <p class='ocr_par' dir='ltr' id='par_1_120' title="bbox 2063 5294 3718 5366">
     <span class='ocr_line' id='line_1_120' title="bbox 2063 5294 3718 5366; baseline 0.001 -18"><span class='ocrx_word' id='word_1_974' title='bbox 2063 5294 2130 5366; x_wconf 77' lang='grc' dir='ltr'>ρὰ</span> <span class='ocrx_word' id='word_1_975' title='bbox 2153 5295 2246 5348; x_wconf 91' lang='grc' dir='ltr'>τοῦ</span> <span class='ocrx_word' id='word_1_976' title='bbox 2269 5295 2403 5349; x_wconf 88' lang='grc' dir='ltr'>Θεοῦ</span> <span class='ocrx_word' id='word_1_977' title='bbox 2423 5295 2652 5366; x_wconf 76' lang='grc' dir='ltr'>ἀμοιϐῆς</span> <span class='ocrx_word' id='word_1_978' title='bbox 2673 5297 2898 5360; x_wconf 80' lang='grc' dir='ltr'>ἑαυτοὺς</span> <span class='ocrx_word' id='word_1_979' title='bbox 2919 5295 3364 5366; x_wconf 88' lang='grc' dir='ltr'>ἀποστεροῦντες.</span> <span class='ocrx_word' id='word_1_980' title='bbox 3407 5295 3543 5348; x_wconf 81' lang='grc' dir='ltr'>Ἀλλ’</span> <span class='ocrx_word' id='word_1_981' title='bbox 3573 5298 3668 5365; x_wconf 86' lang='grc' dir='ltr'>ούχ</span> <span class='ocrx_word' id='word_1_982' title='bbox 3689 5301 3718 5350; x_wconf 89' lang='lat'>6</span> 
     </span>
    </p>
   </div>
   <div class='ocr_carea' id='block_1_121' title="bbox 2063 5376 3716 5454">
    <p class='ocr_par' dir='ltr' id='par_1_121' title="bbox 2063 5376 3716 5454">
     <span class='ocr_line' id='line_1_121' title="bbox 2063 5376 3716 5454; baseline 0.001 -18"><span class='ocrx_word' id='word_1_983' title='bbox 2063 5384 2329 5454; x_wconf 88' lang='grc' dir='ltr'>μακάριος</span> <span class='ocrx_word' id='word_1_984' title='bbox 2362 5376 2518 5446; x_wconf 71' lang='grc' dir='ltr'>οὗτος</span> <span class='ocrx_word' id='word_1_985' title='bbox 2547 5383 2788 5437; x_wconf 87' lang='grc' dir='ltr'>τοιοῦτόν</span> <span class='ocrx_word' id='word_1_986' title='bbox 2814 5401 2867 5437; x_wconf 93' lang='grc' dir='ltr'>τι</span> <span class='ocrx_word' id='word_1_987' title='bbox 2893 5383 3176 5438; x_wconf 90' lang='grc' dir='ltr'>πέπονθεν.</span> <span class='ocrx_word' id='word_1_988' title='bbox 3215 5382 3372 5436; x_wconf 85' lang='grc' dir='ltr'>Ἀλλὰ</span> <span class='ocrx_word' id='word_1_989' title='bbox 3391 5383 3444 5436; x_wconf 91' lang='grc' dir='ltr'>τί</span> <span class='ocrx_word' id='word_1_990' title='bbox 3469 5401 3483 5449; x_wconf 88' lang='grc'><strong>;</strong></span> <span class='ocrx_word' id='word_1_991' title='bbox 3516 5383 3716 5437; x_wconf 83' lang='grc' dir='ltr'>Διάκο-</span> 
     </span>
    </p>
   </div>
   <div class='ocr_carea' id='block_1_122' title="bbox 2057 5470 3714 5542">
    <p class='ocr_par' dir='ltr' id='par_1_122' title="bbox 2057 5470 3714 5542">
     <span class='ocr_line' id='line_1_122' title="bbox 2057 5470 3714 5542; baseline -0.001 -18"><span class='ocrx_word' id='word_1_992' title='bbox 2057 5487 2149 5524; x_wconf 73' lang='lat' dir='ltr'>rat</span> <span class='ocrx_word' id='word_1_993' title='bbox 2169 5472 2426 5539; x_wconf 78' lang='grc' dir='ltr'>Χριστοῦ</span> <span class='ocrx_word' id='word_1_994' title='bbox 2437 5474 2554 5525; x_wconf 80' lang='grc' dir='ltr'>εἰσι</span> <span class='ocrx_word' id='word_1_995' title='bbox 2571 5483 2614 5534; x_wconf 79' lang='grc' dir='ltr'>ο,</span> <span class='ocrx_word' id='word_1_996' title='bbox 2640 5472 2793 5542; x_wconf 74' lang='grc' dir='ltr'>φησὶ,</span> <span class='ocrx_word' id='word_1_997' title='bbox 2817 5471 3213 5541; x_wconf 65' lang='grc' dir='ltr'>παραφρονῶν</span> <span class='ocrx_word' id='word_1_998' title='bbox 3225 5471 3400 5541; x_wconf 77' lang='grc' dir='ltr'>λέγω,</span> <span class='ocrx_word' id='word_1_999' title='bbox 3415 5470 3566 5538; x_wconf 80' lang='grc' dir='ltr'>ὑπὲρ</span> <span class='ocrx_word' id='word_1_1000' title='bbox 3582 5471 3714 5539; x_wconf 71' lang='grc' dir='ltr'>ἐγώ·</span> 
     </span>
    </p>
   </div>
   <div class='ocr_carea' id='block_1_123' title="bbox 2058 5551 3713 5630">
    <p class='ocr_par' dir='ltr' id='par_1_123' title="bbox 2058 5551 3713 5630">
     <span class='ocr_line' id='line_1_123' title="bbox 2058 5551 3713 5630; baseline 0 -19"><span class='ocrx_word' id='word_1_1001' title='bbox 2058 5553 2176 5612; x_wconf 79' lang='grc' dir='ltr'>εἶτα</span> <span class='ocrx_word' id='word_1_1002' title='bbox 2197 5557 2384 5611; x_wconf 87' lang='grc' dir='ltr'>λοιπὸν</span> <span class='ocrx_word' id='word_1_1003' title='bbox 2408 5557 2656 5611; x_wconf 89' lang='grc' dir='ltr'>ἐντεῦθεν</span> <span class='ocrx_word' id='word_1_1004' title='bbox 2679 5561 2862 5612; x_wconf 87' lang='grc' dir='ltr'>ἐκεῖνα</span> <span class='ocrx_word' id='word_1_1005' title='bbox 2900 5562 2979 5622; x_wconf 86' lang='grc' dir='ltr'>είς</span> <span class='ocrx_word' id='word_1_1006' title='bbox 3007 5559 3171 5630; x_wconf 85' lang='grc' dir='ltr'>μέσον</span> <span class='ocrx_word' id='word_1_1007' title='bbox 3201 5558 3346 5627; x_wconf 85' lang='grc' dir='ltr'>άγει,</span> <span class='ocrx_word' id='word_1_1008' title='bbox 3381 5551 3454 5612; x_wconf 84' lang='grc' dir='ltr'>ὦν</span> <span class='ocrx_word' id='word_1_1009' title='bbox 3474 5560 3522 5612; x_wconf 89' lang='grc' dir='ltr'>οί</span> <span class='ocrx_word' id='word_1_1010' title='bbox 3549 5559 3713 5627; x_wconf 76' lang='grc' dir='ltr'>ψευδ-</span> 
     </span>
    </p>
   </div>
   <div class='ocr_carea' id='block_1_124' title="bbox 1993 5643 3714 5719">
    <p class='ocr_par' dir='ltr' id='par_1_124' title="bbox 1993 5643 3714 5719">
     <span class='ocr_line' id='line_1_124' title="bbox 1993 5643 3714 5719; baseline 0 -21"><span class='ocrx_word' id='word_1_1011' title='bbox 1993 5645 2339 5719; x_wconf 52' lang='grc' dir='ltr'>,ηαπόστολοι</span> <span class='ocrx_word' id='word_1_1012' title='bbox 2371 5645 2524 5698; x_wconf 79' lang='grc' dir='ltr'>οὐδὲν</span> <span class='ocrx_word' id='word_1_1013' title='bbox 2567 5643 2706 5717; x_wconf 81' lang='grc' dir='ltr'>ἦσαν</span> <span class='ocrx_word' id='word_1_1014' title='bbox 2745 5645 3184 5713; x_wconf 83' lang='grc' dir='ltr'>ἐπιδεδειγμένοι.</span> <span class='ocrx_word' id='word_1_1015' title='bbox 3236 5643 3357 5708; x_wconf 86' lang='grc' dir='ltr'>Πῶς</span> <span class='ocrx_word' id='word_1_1016' title='bbox 3392 5646 3496 5717; x_wconf 80' lang='grc' dir='ltr'>γὰρ</span> <span class='ocrx_word' id='word_1_1017' title='bbox 3524 5647 3573 5698; x_wconf 89' lang='grc' dir='ltr'>οἱ</span> <span class='ocrx_word' id='word_1_1018' title='bbox 3622 5649 3714 5698; x_wconf 66' lang='grc' dir='ltr'>καὶ</span> 
     </span>
    </p>
   </div>
   <div class='ocr_carea' id='block_1_125' title="bbox 2055 5731 3709 5804">
    <p class='ocr_par' dir='ltr' id='par_1_125' title="bbox 2055 5731 3709 5804">
     <span class='ocr_line' id='line_1_125' title="bbox 2055 5731 3709 5804; baseline 0.001 -20"><span class='ocrx_word' id='word_1_1019' title='bbox 2055 5736 2120 5802; x_wconf 81' lang='grc' dir='ltr'>τῇ</span> <span class='ocrx_word' id='word_1_1020' title='bbox 2150 5731 2377 5804; x_wconf 67' lang='grc' dir='ltr'>ἀληθείᾳ</span> <span class='ocrx_word' id='word_1_1021' title='bbox 2399 5733 2778 5803; x_wconf 84' lang='grc' dir='ltr'>πολεμοῦντες,</span> <span class='ocrx_word' id='word_1_1022' title='bbox 2811 5735 2948 5804; x_wconf 87' lang='grc' dir='ltr'>πρὸς</span> <span class='ocrx_word' id='word_1_1023' title='bbox 2975 5733 3035 5786; x_wconf 84' lang='grc' dir='ltr'>τὸ</span> <span class='ocrx_word' id='word_1_1024' title='bbox 3067 5733 3352 5804; x_wconf 82' lang='grc' dir='ltr'>ἐμποδίσαι</span> <span class='ocrx_word' id='word_1_1025' title='bbox 3400 5733 3476 5804; x_wconf 77' lang='grc' dir='ltr'>τῷ</span> <span class='ocrx_word' id='word_1_1026' title='bbox 3503 5734 3709 5804; x_wconf 81' lang='grc' dir='ltr'>κηρύγ-</span> 
     </span>
    </p>
   </div>
   <div class='ocr_carea' id='block_1_126' title="bbox 2118 5850 3253 5914">
    <p class='ocr_par' dir='ltr' id='par_1_126' title="bbox 2118 5850 3253 5914">
     <span class='ocr_line' id='line_1_126' title="bbox 2118 5850 3253 5914; baseline 0 -14"><span class='ocrx_word' id='word_1_1027' title='bbox 2118 5852 2146 5892; x_wconf 76' lang='lat' dir='ltr'><strong>h</strong></span> <span class='ocrx_word' id='word_1_1028' title='bbox 2172 5850 2253 5900; x_wconf 89' lang='lat' dir='ltr'>Sic</span> <span class='ocrx_word' id='word_1_1029' title='bbox 2292 5851 2372 5901; x_wconf 84' lang='lat' dir='ltr'><strong>alii</strong></span> <span class='ocrx_word' id='word_1_1030' title='bbox 2395 5858 2574 5914; x_wconf 64' lang='lat' dir='ltr'>printer</span> <span class='ocrx_word' id='word_1_1031' title='bbox 2601 5851 2721 5901; x_wconf 78' lang='lat' dir='ltr'>Mor.</span> <span class='ocrx_word' id='word_1_1032' title='bbox 2743 5853 2828 5914; x_wconf 90' lang='lat' dir='ltr'><strong>qui</strong></span> <span class='ocrx_word' id='word_1_1033' title='bbox 2851 5851 3002 5914; x_wconf 69' lang='lat' dir='ltr'><strong>habet</strong></span> <span class='ocrx_word' id='word_1_1034' title='bbox 3022 5853 3126 5914; x_wconf 86' lang='grc' dir='ltr'>περὶ</span> <span class='ocrx_word' id='word_1_1035' title='bbox 3150 5850 3253 5900; x_wconf 84' lang='grc' dir='ltr'>τοῦ.</span> 
     </span>
    </p>
   </div>
   <div class='ocr_carea' id='block_1_127' title="bbox 2121 5911 3702 5985">
    <p class='ocr_par' dir='ltr' id='par_1_127' title="bbox 2121 5911 3702 5985">
     <span class='ocr_line' id='line_1_127' title="bbox 2121 5911 3702 5985; baseline -0.001 -23"><span class='ocrx_word' id='word_1_1036' title='bbox 2121 5913 2145 5985; x_wconf 65' lang='grc' dir='ltr'>’ξ</span> <span class='ocrx_word' id='word_1_1037' title='bbox 2171 5911 2411 5985; x_wconf 37' lang='grc' dir='ltr'>λιιι-,ὑφ</span> <span class='ocrx_word' id='word_1_1038' title='bbox 2444 5912 2566 5985; x_wconf 30' lang='grc' dir='ltr'>τοῦτ</span> <span class='ocrx_word' id='word_1_1039' title='bbox 2590 5911 2894 5985; x_wconf 37' lang='grc' dir='ltr'>Ραιιιοςροςί</span> <span class='ocrx_word' id='word_1_1040' title='bbox 2921 5911 3093 5985; x_wconf 39' lang='grc' dir='ltr'>Μαι-ει,</span> <span class='ocrx_word' id='word_1_1041' title='bbox 3140 5914 3257 5972; x_wconf 81' lang='grc' dir='ltr'>μετὰ</span> <span class='ocrx_word' id='word_1_1042' title='bbox 3279 5913 3351 5984; x_wconf 43' lang='grc' dir='ltr'>τὰ.</span> <span class='ocrx_word' id='word_1_1043' title='bbox 3378 5912 3529 5985; x_wconf 71' lang='grc' dir='ltr'>πολλά</span> <span class='ocrx_word' id='word_1_1044' title='bbox 3550 5911 3702 5985; x_wconf 38' lang='lat' dir='ltr'>irrepat.</span> 
     </span>
    </p>
   </div>
   <div class='ocr_carea' id='block_1_128' title="bbox 2123 5970 3703 6037">
    <p class='ocr_par' dir='ltr' id='par_1_128' title="bbox 2123 5970 3703 6037">
     <span class='ocr_line' id='line_1_128' title="bbox 2123 5970 3703 6037; baseline -0.003 -15"><span class='ocrx_word' id='word_1_1045' title='bbox 2123 5973 2148 6011; x_wconf 73' lang='grc' dir='ltr'><em>ά</em></span> <span class='ocrx_word' id='word_1_1046' title='bbox 2169 5976 2365 6037; x_wconf 66' lang='lat' dir='ltr'>Cpislin.</span> <span class='ocrx_word' id='word_1_1047' title='bbox 2390 5976 2655 6036; x_wconf 71' lang='grc' dir='ltr'>ἀφροσύνην</span> <span class='ocrx_word' id='word_1_1048' title='bbox 2680 5970 2811 6022; x_wconf 87' lang='grc' dir='ltr'>λαλεῖ</span> <span class='ocrx_word' id='word_1_1049' title='bbox 2835 5975 2905 6023; x_wconf 79' lang='grc' dir='ltr'>τό.</span> <span class='ocrx_word' id='word_1_1050' title='bbox 2931 5973 3097 6037; x_wconf 79' lang='lat' dir='ltr'>Aliqui</span> <span class='ocrx_word' id='word_1_1051' title='bbox 3123 5970 3481 6036; x_wconf 67' lang='grc' dir='ltr'>παραφροσύνην</span> <span class='ocrx_word' id='word_1_1052' title='bbox 3505 5970 3703 6021; x_wconf 68' lang='lat' dir='ltr'>habent.</span> 
     </span>
    </p>
   </div>
   <div class='ocr_carea' id='block_1_129' title="bbox 2129 6035 2822 6099">
    <p class='ocr_par' dir='ltr' id='par_1_129' title="bbox 2129 6035 2822 6099">
     <span class='ocr_line' id='line_1_129' title="bbox 2129 6035 2822 6099; baseline 0 -14"><span class='ocrx_word' id='word_1_1053' title='bbox 2129 6047 2152 6076; x_wconf 73' lang='grc' dir='ltr'>ο</span> <span class='ocrx_word' id='word_1_1054' title='bbox 2181 6035 2354 6087; x_wconf 74' lang='lat' dir='ltr'>Morel.</span> <span class='ocrx_word' id='word_1_1055' title='bbox 2383 6035 2588 6085; x_wconf 74' lang='grc' dir='ltr'>διάκονοι</span> <span class='ocrx_word' id='word_1_1056' title='bbox 2611 6037 2695 6099; x_wconf 75' lang='grc' dir='ltr'>γάρ</span> <span class='ocrx_word' id='word_1_1057' title='bbox 2716 6037 2822 6085; x_wconf 74' lang='grc' dir='ltr'>εἰσι.</span> 
     </span>
    </p>
   </div>
  </div>
