4040 6378
324 430 390 487 97
1099 430 1155 485 S.
1195 425 1480 484 JUANNIS
1517 424 2008 484 CIIRYSOSTOMI
2047 425 2360 483 ARCHIEP.
2404 421 2949 483 CONSTANTINOP.
3682 429 3754 485 98

326 567 454 618 ματι
509 549 605 619 τῆς
660 546 938 608 εὐσεϐείας
992 545 1166 598 πάντα
1199 545 1672 617 διαπραττόμενοι.
1729 545 1822 597 καὶ
1877 543 1986 596 τῶν
2016 591 2053 617 ο

320 637 696 706 ἀφελεστὲρων
725 634 822 697 τὰς
845 633 1080 697 διανοίας
1123 649 1196 686 πα
1208 633 1622 704 ρασαλεύοντεςς
1662 631 1843 684 Εἰπὼν
1871 630 1973 683 τοί-

318 745 433 786 νυν,
477 723 646 793 Ὑπὲρ
673 722 808 791 ἐγὼ,
837 720 1228 792 ἀπαριθμεῖται
1261 721 1446 774 λοιπὸν
1493 721 1561 774 τά
1592 721 1688 790 τῆς
1739 719 1986 791 ἀνδρείας

318 812 482 866 αὑτοῦ
507 809 921 880 κατορθώματα,
957 807 1050 860 καί
1077 825 1274 878 φησιν’
1319 810 1422 862 Ἐν
1456 809 1666 872 κόποις
1705 822 1986 874 περισσο-

318 901 529 966 τέρως,
574 898 644 950 ἐν
699 895 958 964 πληγαῖς
1007 897 1526 962 ὑπερϐαλλόντως,
1577 895 1646 946 ἐν
1707 893 1985 960 θανάτοις

317 985 634 1050 πολλάκις.
668 983 733 1036 Τί
759 983 972 1050 λέγεις;
1011 982 1174 1034 Ξένον
1219 1000 1270 1036 τι
1301 984 1395 1034 καὶ
1430 980 1730 1052 παράδοξόν
1767 983 1883 1032 ἐστι
1925 981 1984 1034 τὸ

318 1073 470 1142 παρὰ
495 1073 588 1125 σοῦ
613 1071 926 1140 λεγόμενον.
959 1071 1116 1122 Ἐστι
1140 1069 1249 1139 γὰρ
1291 1069 1550 1131 πολλάκις
1584 1067 1812 1120 θάνατον
1848 1067 1982 1119 ὑπο-

321 1163 500 1229 μεῖναι
521 1176 534 1222 ;
557 1160 682 1221 Ναὶ,
703 1160 887 1227 φησὶν,
905 1160 951 1210 εί
984 1157 1077 1210 καὶ
1101 1157 1174 1228 μὴ
1191 1159 1256 1227 τῇ
1299 1155 1485 1227 πείρα,
1512 1155 1647 1208 ἀλλά
1665 1157 1730 1225 τῇ
1755 1153 1948 1224 γνώμῃ
1966 1169 1979 1183 ·

315 1250 579 1301 διδάσκων
609 1248 776 1317 ἡμᾶς,
809 1247 886 1298 ὅτι
915 1245 1175 1306 τοιούτοις
1195 1242 1458 1313 διηνεκῶς
1493 1243 1687 1296 ἑαυτὸν
1719 1241 1985 1306 κινδύνοις

315 1335 544 1400 ἐξεδίδου
571 1335 658 1386 διὰ
679 1333 740 1385 τὸ
770 1336 1028 1404 κήρυγμα
1059 1334 1171 1394 τοῖς
1202 1331 1430 1383 θάνατον
1485 1328 1634 1399 αὑτῷ
1684 1329 1982 1391 τίκτουσιν,

315 1423 430 1476 ἀλλ’
457 1424 490 1492 ή
520 1422 613 1474 τοῦ
642 1419 776 1472 Θεοῦ
808 1420 968 1490 χάρις
1021 1422 1078 1472 ἐν
1106 1419 1288 1486 αὑτοῖς
1350 1418 1535 1487 μέσοις
1577 1417 1688 1480 τοῖς
1720 1415 1984 1479 κινδύνοις

314 1514 405 1565 τὸν
443 1510 679 1580 ἀθλητὴν
721 1508 1093 1576 διεφύλαττεν,
1155 1507 1296 1559 ὥστε
1354 1508 1464 1567 τοῖς
1518 1504 1983 1576 μαθητευομένοις

315 1599 517 1668 πολλὴν
557 1597 803 1666 γίνεσθαι
842 1595 984 1666 παρ’
1018 1593 1180 1646 αὑτοῦ
1207 1593 1302 1663 τὴν
1333 1592 1622 1661 ὠφέλειαν.
1681 1594 1783 1644 Ἐν
1813 1591 1983 1646 θανά-

315 1705 462 1749 τοις,
488 1686 642 1756 φησὶ,
685 1681 976 1747 πολλάκις
1000 1698 1012 1710 ⁸
1047 1681 1166 1736 ὑπὸ
1206 1680 1510 1734 Ἰουδαίων
1540 1678 1822 1744 πεντάκις
1849 1695 1983 1732 τεο·-

315 1792 416 1837 οιη
437 1773 659 1825 άκοντα
707 1769 866 1836 παρὰ
913 1769 1063 1837 μίαν
1104 1768 1352 1829 ἔλαϐον,
1394 1767 1522 1834 τρὶς
1564 1765 1979 1833 ἑγῧραόδίσθην,

315 1861 478 1925 ἅπαξ
501 1858 851 1923 ἐλιθάσθην,
899 1857 1023 1924 τρίς
1067 1855 1447 1925 ἐναυάγησα,
1505 1855 1883 1926 νυχθήμερον
1913 1857 1983 1909 ἐν

319 1948 396 2014 τῷ
419 1947 588 2013 ,ϐυθῷ
621 1947 937 2012 πεποίηκα,
957 1945 1320 2012 ὁδοιπορίαις
1338 1943 1652 2010 πολλάκις,
1680 1945 1981 2010 κινδύνοις

317 2034 619 2104 ποταμῶν,
663 2033 970 2097 κινδύνοις
995 2031 1260 2099 λῃστῶν,
1291 2032 1596 2098 κινδύνοις
1634 2033 1701 2085 ἐκ
1747 2032 1980 2102 γένους,

319 2123 620 2189 κινδύνοις
658 2121 720 2185 ἐξ
775 2121 996 2183 ἐθνῶν,
1045 2120 1347 2185 κινδύνοις
1399 2120 1472 2172 ἐν
1506 2119 1980 2188 ψευδαδέλφοις,

319 2211 624 2276 κινδύνοις
645 2211 714 2262 ἐν
741 2211 1013 2272 πόλεσιν,
1049 2207 1349 2272 κινδύνοις
1375 2209 1444 2260 ἐν
1494 2208 1703 2276 ἐρημίᾳ
1727 2248 1742 2272 ,
1784 2208 1983 2265 κινδύ-

317 2320 448 2368 νοις
475 2302 544 2354 ἐν
565 2298 869 2366 θαλάσσῃ.
901 2297 992 2368 Μὴ
1044 2297 1230 2358 ἁπλῶς
1280 2297 1734 2367 παρατρέχωμεν,
1770 2298 1981 2369 ἀγαπη-

317 2393 418 2450 τοὶ,
447 2390 514 2443 τὰ
537 2385 832 2458 εἰρημένα⁸
859 2387 1088 2438 ἑκαστον
1115 2383 1224 2454 γὰρ
1256 2384 1458 2437 τούτων
1483 2384 1604 2437 καθ’
1630 2385 1788 2436 ἑαυτὸ
1825 2386 1982 2455 μόνον

318 2475 551 2540 πέλαγος
585 2474 716 2540 ἡμῖν
744 2467 1087 2521 ὑποδείκνυσι
1118 2467 1456 2539 πειρασμῶν.
1494 2468 1627 2520 Οὑδὲ
1655 2467 1759 2541 γὰρ
1797 2469 1982 2533 ἁπλῶς

315 2553 619 2624 ὁδοιπορίαν
650 2551 777 2622 μίαν
803 2546 989 2602 εἶπεν·
1048 2549 1193 2611 ἀλλ’,
1232 2549 1610 2620 Ὀδοιπορίαις,
1658 2553 1810 2621 φησὶ,
1854 2553 1978 2605 πολ-

315 2637 472 2699 λάκις
490 2653 502 2666 ·
544 2635 663 2687 οὑδὲ
692 2633 932 2686 κίνδυνον
964 2633 1244 2702 ποταμῶν,
1266 2633 1398 2686 ἀλλὰ
1429 2634 1655 2696 πολλοὺς
1677 2635 1770 2687 καὶ
1795 2635 1980 2704 διαφό-
2058 2635 2062 2639 “

319 2737 444 2791 ρους
469 2717 768 2779 κινδύνους,
815 2717 908 2768 καί¹
940 2716 1118 2768 πάντα
1149 2716 1285 2784 μετά
1327 2716 1524 2785 πολλῆς
1551 2717 1650 2786 τῆς
1677 2717 1982 2788 ὑπερϐολῆς

315 2801 593 2871 ὑπέμεινε.
625 2799 734 2850 Καὶ
765 2797 904 2868 μετά
943 2797 1114 2850 ταῦτα
1162 2798 1274 2868 [90]
1310 2799 1524 2852 ἅπαντα
1561 2799 1720 2852 πάλιν
1774 2799 1934 2869 φησίν
1963 2817 1975 2828 ·

327 2883 380 2932 ‘E
388 2901 422 2933 ν
454 2883 618 2946 κόπῳ
652 2880 750 2934 καὶ
803 2881 1029 2949 μόχθῳ,
1054 2880 1126 2932 ἐν
1163 2881 1522 2949 ἀγρυπνίαις
1564 2880 1879 2946 πολλάκις,
1912 2881 1982 2934 ἐν

311 2967 463 3037 λιμῷ
487 2970 583 3021 καὶ
625 2968 808 3035 δίψει,
852 2967 923 3019 ἐν
956 2967 1263 3033 νηστείαις
1308 2966 1643 3030 πολλάκις,
1679 2967 1748 3019 ἐν
1798 2971 1979 3038 ψύχει

313 3053 412 3106 καὶ
442 3053 780 3120 γυμνότητι,
807 3049 986 3119 χωρὶς
1016 3050 1134 3101 τῶν
1157 3051 1468 3117 παρεκτός.

383 3137 447 3200 ζ’.
475 3136 616 3205 Ὅρα
643 3133 803 3187 πάλιν
833 3133 960 3185 ἄλλο
986 3133 1220 3199 πέλαγος
1253 3135 1387 3202 ἡμῖν
1417 3131 1738 3202 πειρασμῶν
1767 3133 1979 3202 ἀνοιγό-

315 3233 493 3286 μενον.
523 3215 707 3268 Εἰπὼν
734 3215 860 3285 γὰρ.
885 3217 1065 3286 Χωρὶς
1091 3213 1198 3267 τῶν
1226 3214 1515 3284 παρεκτὸς,
1549 3213 1766 3284 ᾐνίξατο
1798 3215 1878 3268 ὅτι
1910 3217 1979 3270 τὰ

311 3298 756 3369 παραλειφθέντα
786 3297 1006 3350 πλείονα
1031 3297 1176 3359 εἰκὸς
1208 3294 1346 3350 εἶναι
1374 3295 1484 3349 τῶν
1514 3298 1837 3368 εἰρημένων.
1869 3300 1977 3351 Καὶ

311 3385 432 3442 οὑδὲ
461 3383 624 3452 μέχρι
651 3381 839 3434 τούτου
867 3381 1018 3450 ἔστη,
1057 3380 1192 3434 ἀλλά
1222 3380 1380 3434 πάλιν
1428 3382 1569 3450 ἡμᾶς
1600 3381 1836 3432 διδάσκει
1878 3381 1978 3444 τὰς

311 3471 716 3534 ἑπισυστάσεις,
742 3469 835 3522 καὶ
863 3467 961 3532 τὰς
1015 3467 1320 3539 συστροφὰς
1359 3467 1423 3531 ἃς
1475 3468 1788 3537 ὑπέμεινεν,
1835 3467 1977 3522 οὕτω

309 3554 484 3623 λέγων
511 3571 524 3584 ·
573 3557 632 3608 Ἠ
663 3553 1070 3618 ἐπισύστασίς
1099 3568 1218 3622 μου
1268 3553 1307 3619 ἡ
1366 3551 1494 3606 καθ’
1529 3549 1776 3619 ἡμέραν,
1811 3551 1849 3618 ἡ
1874 3551 1978 3620 μὲ-

300 3657 488 3710 ριμνα
516 3640 730 3694 πασῶν
749 3639 867 3693 τῶν
913 3637 1304 3707 Ἐκκλησιῶν.
1349 3638 1479 3690 Ἰδοὺ
1511 3639 1671 3692 πάλιν
1699 3639 1792 3692 καὶ
1819 3638 1976 3691 τοῦτο

312 3730 494 3785 ἰκανὸν
526 3728 880 3799 κατόρθωμα,
907 3728 955 3780 εἰ
989 3729 1083 3780 καὶ
1126 3726 1286 3796 μόνον
1342 3725 1620 3795 τυγχάνει,
1672 3727 1752 3789 εἰς
1805 3726 1975 3796 αὑτὴν

309 3819 472 3882 αὑτὸν
499 3818 792 3885 ἐναγαγεῖν
856 3814 956 3885 τὴν
990 3815 1165 3884 ἄκραν
1214 3814 1456 3884 κορυφὴν
1485 3813 1582 3883 τῆς
1627 3813 1856 3884 ἀρετῆς·
1911 3815 1976 3867 Ἡ

302 3905 580 3976 μέριμνα,
612 3903 764 3973 φησὶ,
797 3901 1011 3956 πασῶν
1039 3901 1157 3954 τῶν
1214 3900 1608 3968 Ἐκκλησιῶν,
1650 3901 1768 3971 οὐχὶ
1825 3902 1971 3971 μιᾶς,

308 3993 404 4047 καὶ
425 3992 537 4059 δύο,
565 3992 658 4058 καὶ
677 3989 866 4060 τριῶν,
901 3986 1037 4054 ἀλλά
1065 3989 1254 4040 πασῶν
1287 3988 1395 4039 τῶν
1428 3987 1570 4051 κατὰ
1591 3989 1688 4058 τὴν
1719 3989 1972 4058 οίκουμέν

305 4096 425 4149 νην,
461 4078 634 4148 Ὄσην
663 4075 772 4146 γᾴρ
791 4077 940 4145 ἥλιος
959 4074 1231 4145 διατρέχει
1263 4074 1364 4144 γῆν
1395 4075 1492 4138 τὰς
1518 4075 1722 4137 οἰκείας
1751 4075 1974 4138 ἀκτῖνας

305 4166 506 4234 ἀφιεὶς,
522 4163 790 4232 τοσαύτην
818 4162 912 4229 καὶ
931 4165 958 4214 ὁ
981 4163 1248 4232 μακάριος
1269 4158 1424 4226 οὗτος
1445 4161 1558 4234 εἶχε
1584 4162 1680 4234 τὴν
1702 4163 1973 4234 μέριμναν

306 4254 402 4306 καὶ
430 4253 528 4320 τὴν
576 4251 853 4322 φροντίδα.
890 4245 1044 4312 Εἶδες
1077 4249 1278 4311 πλάτος
1311 4249 1517 4319 ψυχῆς
1549 4244 1689 4311 εἶδες
1739 4249 1970 4311 διανοίας

308 4339 564 4410 μέγεθος;
591 4339 699 4398 Καὶ
728 4337 788 4390 τὸ
819 4335 943 4406 ἑξῆς
974 4336 1030 4390 δὲ
1058 4336 1396 4406 ἐπαγόμενον
1435 4336 1596 4390 πάλιν
1631 4336 1866 4400 ἅπαντα,
1897 4336 1972 4400 ὡς

305 4427 498 4485 εἰπεῖν,
512 4423 581 4491 τά
593 4421 856 4492 εἰρημένα
869 4413 1212 4494 ’ἀποκρύπτει
1225 4433 1273 4475 ει.
1295 4422 1387 4486 Τίς
1410 4423 1518 4492 γὰρ
1536 4421 1796 4486 ἀσθενεῖ,
1817 4425 1968 4494 φησὶ,

304 4513 402 4568 καί
450 4513 562 4565 οὐκ
624 4509 905 4573 ἀσθενῶ;
969 4510 1061 4577 τίς
1129 4509 1618 4573 σκανδαλίζεται,
1692 4511 1790 4562 καὶ
1861 4513 1969 4570 οὐκ

300 4599 416 4670 ἐγὼ
464 4597 796 4666 πυροῦμαι;
857 4596 1065 4660 Βαδαὶ,
1111 4597 1252 4667 πόση
1305 4597 1400 4649 τοῦ
1453 4597 1646 4667 ἀνδρὸς
1699 4597 1890 4650 τούτου
1938 4601 1970 4669 ή

302 4685 650 4758 φιλοστοργία
669 4701 683 4715 ο
710 4684 852 4754 πόση
902 4685 937 4754 ἡ
980 4684 1254 4754 ἀγρυπνία
1275 4701 1286 4714 ·
1319 4684 1512 4754 πόσηή
1541 4684 1800 4755 μέριμνα.
1837 4687 1970 4739 Ποία

304 4777 487 4846 μήτηρ
505 4772 647 4828 οὑτω
674 4771 1023 4837 διακόπτεται
1050 4771 1118 4823 τά
1152 4770 1432 4840 σπλάγχνα
1458 4771 1551 4824 τοῦ
1591 4771 1778 4834 παιδὸς
1802 4773 1971 4843 αὑτῆς

302 4861 678 4932 πυρέττοντος,
717 4859 812 4912 καὶ
833 4858 925 4911 ἐπὶ
949 4859 1047 4928 τῆς
1070 4858 1256 4928 κλίνης
1295 4859 1570 4929 κειμένου,
1601 4859 1676 4922 ὡς
1726 4861 1754 4912 ὁ
1791 4861 1968 4929 μακά-

303 4966 415 5021 ριος
454 4940 607 5010 οὗτος
633 4946 772 5014 ὑπὲρ
796 4945 903 4997 τῶν
930 4947 986 4997 ἑν
1015 4945 1229 5014 ἑκάστῳ
1257 4947 1406 5016 τόπῳ
1435 4945 1803 5000 ἀσθενούντων
1833 4949 1969 5017 μᾶλ-

300 5031 390 5085 λον
421 5029 658 5098 ἠσθένει,
697 5027 790 5080 καλ¹
815 5027 957 5096 ὑπὲρ
978 5027 1085 5079 τῶν
1121 5026 1621 5097 σκανδαλιζομένων
1654 5030 1920 5100 ἐπυροῦτο
1951 5048 1964 5094 ;

301 5117 496 5172 Σκόπει
525 5116 632 5184 γᾴρ
662 5133 751 5184 μοι
779 5112 975 5176 λέξεως
1005 5113 1260 5186 ἔμφασιν.
1299 5114 1411 5172 Οὑκ
1441 5109 1583 5178 εἷπε,
1611 5116 1696 5178 τίς
1736 5117 1965 5172 σκανδα-

300 5198 530 5261 λίζεται,
554 5199 647 5250 καὶ
673 5197 772 5250 οὑκ
799 5195 911 5262 ἐγὼ
940 5195 1244 5265 λυποῦμαι;
1278 5195 1413 5250 ἀλλὰ
1440 5197 1744 5264 Πυρρίομαι
1764 5236 1776 5259 ,
1808 5201 1961 5266 φησὶν

298 5285 398 5354 τὴν
447 5285 697 5338 ἐπίτασιν
729 5282 862 5352 ἡμῖν
917 5282 1016 5351 τῆς
1073 5281 1262 5350 ὀδύνης
1317 5282 1511 5352 δηλῶν,
1549 5285 1640 5336 καὶ
1685 5288 1964 5356 μονονουχὶ

297 5371 510 5434 δεικνὺς
543 5369 976 5441 ἐμπυριζόμενον
1005 5369 1215 5430 ἑαυτὸν,
1271 5371 1364 5424 καὶ
1417 5370 1703 5440 καιόμενον
1754 5372 1962 5426 ἔνδοθεν

300 5457 440 5528 ὑπὲρ
470 5455 576 5509 τῶν
603 5455 672 5508 τὰ
704 5454 977 5507 σκάνδαλα
1006 5455 1402 5524 ὑπομενόντων.
1430 5443 1561 5510 Οἶδα
1589 5458 1670 5510 ὅτι
1691 5460 1771 5522 είς
1825 5459 1958 5512 πολὺ

303 5543 475 5611 μῆκος
515 5541 752 5607 ἐξέτεινα
803 5540 900 5619 τῆν
962 5539 1344 5605 διδασκαλίαν,
1375 5541 1670 5596 καὶταῦτα
1709 5562 1956 5617 προῃρη-

301 5626 458 5697 μένος
482 5627 716 5695 σήμερον
739 5625 1032 5690 συστεῖλαι,
1051 5625 1136 5676 ἵνα
1157 5626 1348 5696 μικρὸν
1373 5629 1436 5678 ἐκ
1465 5627 1556 5679 τοῦ
1582 5628 1682 5697 τῆς
1704 5631 1955 5698 νηστείας

297 5710 460 5761 πόνου
491 5708 742 5778 ἀνεθῆναι
770 5707 1031 5777 δυνηθῆτε
1053 5727 1064 5737 ·
1098 5707 1211 5771 ἀλλ’
1236 5709 1334 5760 οὑκ
1385 5706 1477 5762 οἷδ’
1515 5711 1662 5775 ὅπως
1699 5715 1954 5784 ἐμπεσὼν

297 5800 376 5860 εἰς
406 5798 494 5848 τδν
526 5795 750 5847 πλοῦτον
776 5795 881 5847 τῶν
930 5794 1372 5866 κατορθωμάτων
1416 5797 1510 5850 τοῦ
1543 5801 1696 5867 ἁγίου
1738 5802 1950 5867 τούτου,

297 5886 548 5956 καθάπερ
603 5884 706 5936 ὑπὸ
757 5882 932 5954 ῥύμης
985 5883 1192 5937 ὑδάτων
1227 5885 1623 5966 σφοδροτάτης,
1661 5889 1800 5948 οὕτω
1855 5891 1949 5962 τὴν

359 6027 385 6060 ⁸
411 6025 576 6074 Morel.
604 6025 1005 6085 'Dﬁwpﬁmst,alii
1025 6037 1194 6075 omnes
1219 6027 1528 6088 ἀποκρύπτει.

2096 543 2340 612 γλῶτταν
2364 544 2696 615 παρεσύρην.
2718 544 2807 597 Διὸ
2833 544 2990 614 μέχρι
3016 541 3203 596 τούτου
3231 543 3433 614 στήσας
3461 542 3554 598 τὸν
3576 543 3752 610 λόγον,

2093 630 2396 701 παρακαλῶ
2419 632 2517 702 τὴν
2561 631 2831 703 ὑμετέραν
2886 632 3104 702 ἀγάπην
3135 630 3398 702 διηνεκῶς
3450 631 3642 684 τοῦτον
3694 632 3754 681 ἐν

2092 718 2296 788 διανοίᾳ
2330 720 2664 790 περιφέρειν,
2719 720 2812 772 καὶ
2842 718 3000 771 τοῦτο
3029 718 3338 786 λογίζεσθαι
3379 718 3636 787 συνεχῶς,
3669 718 3753 770 ὅτι

2092 809 2190 876 τῆς
2224 807 2392 878 αὑτῆς
2416 809 2546 876 ἡμῖν
2582 808 2851 861 κοινωνῶν
2876 807 3108 876 φύσεως,
3165 810 3258 860 καὶ
3287 809 3400 869 τοῖς
3428 807 3611 869 αὑτοῖς
3645 806 3755 859 πά-

2094 897 2240 949 θεσιν
2271 897 2646 967 ὑποκείμενος,
2683 899 2774 951 καί
2805 898 3142 968 ἐπιτήδευμα
3203 897 3342 964 ἔχων
3390 896 3602 958 εὐτελὲς
3660 897 3758 949 καὶ

2092 985 2582 1056 εὐκαταφρόνητον,
2617 988 2708 1038 καὶ
2759 986 3002 1056 δέρματα
3049 985 3288 1052 ρἀτων,
3324 986 3418 1038 καὶ
3460 985 3550 1036 ἐπὶ
3590 986 3757 1054 ἐργα-

2094 1073 2316 1143 στηρίου
2353 1073 2616 1143 ἑστηκὼς,
2649 1074 2834 1144 ἐπειδὴ
2865 1073 3137 1142 ἠϐουλήθη
3187 1073 3280 1125 καὶ
3326 1072 3557 1142 ἠθέλησε
3617 1071 3758 1142 πρὸς

2090 1161 2213 1224 τοὺς
2251 1162 2350 1232 τῆς
2404 1163 2606 1232 ἀρετῆς
2654 1164 2846 1225 πόνους
2886 1162 3074 1214 ἑαυτὸν
3131 1160 3398 1221 ἐκδοῦναι,
3453 1161 3548 1214 καὶ
3603 1160 3757 1226 ἀξιον

2092 1250 2280 1302 ἑαυτὸν
2307 1253 2645 1320 καταστῆσαι
2669 1251 2768 1315 τῆς
2794 1251 3056 1320 ὑποδοχῆς
3087 1249 3182 1301 τοῦ
3217 1249 3372 1316 ἁγίου
3409 1247 3750 1317 Πνεύματος,

2088 1335 2475 1408 δαψιλεστέρας
2514 1337 2791 1408 ἀπήλαυσε
2843 1337 2943 1405 τῆς
2999 1336 3203 1390 ἄνωθεν
3254 1335 3585 1405 φιλοτιμίας.
3640 1336 3752 1387 Καὶ

2090 1425 2250 1493 ἡμεῖς
2277 1425 2474 1484 τοίνυν,
2511 1424 2607 1477 ἑὰν
2644 1423 2994 1493 βουληθῶμεν
3029 1425 3095 1476 τά
3127 1427 3256 1494 παρ’
3293 1423 3502 1478 ἑαυτῶν
3547 1422 3756 1476 ἐπιδεί-

2091 1511 2302 1576 ξασθαι,
2337 1513 2487 1565 οὐδὲν
2509 1514 2569 1566 τὸ
2603 1511 2808 1566 κωλύον
2836 1513 2944 1564 τῶν
2978 1512 3160 1565 αὑτῶν
3219 1515 3366 1583 ἡμᾶς
3421 1512 3752 1565 ἀπολαῦσαι.

2088 1599 2371 1670 Φιλότιμος
2401 1601 2508 1670 γὰρ
2533 1604 2561 1654 ὁ
2585 1601 2881 1671 Δεσπότης.
2917 1601 3008 1653 καὶ
3051 1602 3338 1653 Βούλεται
3369 1599 3598 1664 πάντας
3647 1599 3757 1651 ἀν-

2089 1683 2358 1750 θρώπους
2377 1686 2666 1754 σωθῆναι,
2703 1687 2801 1740 καὶ
2845 1690 2932 1752 είς
2961 1687 3289 1754 ἐπίγνωσιν
3331 1687 3615 1752 ἀληθείας
3645 1686 3754 1738 ἐλ-

2088 1773 2232 1826 θεῖν.
2306 1775 2514 1840 Ἀξίους
2571 1776 2749 1828 τοίνυν
2806 1776 3032 1836 ἑαυτοὺς
3080 1775 3600 1842 κατασκευάσωμεν,
3651 1772 3755 1824 καὶ

2091 1860 2226 1927 μετά
2287 1861 2594 1932 προθυμίας
2640 1861 2868 1929 ζεούσης
2908 1862 3006 1930 τῆς
3043 1861 3243 1931 ἀρετῆς
3292 1860 3389 1929 ὀψὲ
3435 1859 3563 1928 γοῦν
3618 1875 3753 1912 ποτε

2087 1940 2472 2016 ἐπιλαόώμεθα
2499 1989 2514 2012 ,
2554 1950 2645 2000 καὶ
2698 1948 2806 2000 τῶν
2834 1948 2891 1999 ὲν
2928 1949 3059 2018 ήμίν
3116 1947 3302 2000 παθῶν
3335 1946 3432 2014 τὴν
3466 1945 3756 2014 διόρθωσιν

2087 2033 2480 2104 ἐπιδειξάμενοι
2515 2034 2846 2104 ἐπιτηδείους
2881 2035 3105 2097 ἑαυτοὺς
3149 2031 3596 2104 ἀπεργασὼμεθα
3623 2029 3750 2102 [9η

2089 2120 2222 2190 πρὸς
2247 2121 2340 2190 τὴν
2371 2120 2462 2173 τοῦ
2494 2121 2809 2191 Πνεύματος
2836 2122 3100 2189 ὑποδοχήν
3128 2139 3138 2149 ⁸
3172 2115 3238 2191 ἦς
3292 2120 3502 2187 γένοιτο
3540 2119 3755 2184 πάντας

2087 2211 2234 2279 ἡμᾶς
2264 2208 2592 2279 ἀξιωθῆναι,
2627 2210 2808 2278 χάριτι
2832 2210 2924 2261 καὶ
2966 2208 3347 2278 φιλανθρωπίᾳ
3393 2205 3487 2260 τοῦ
3540 2206 3754 2274 Κυρίου

2089 2297 2243 2366 ήμῶν
2277 2297 2448 2366 Ἰησοῦ
2477 2296 2731 2366 Χριστοῦ,
2766 2296 2883 2366 μεθ’
2907 2292 2966 2348 οὗ
3002 2294 3076 2364 τῷ
3105 2297 3293 2366 Πατρί.
3318 2296 3434 2364 ἅμα
3483 2293 3560 2364 τῷ
3607 2293 3756 2363 ἁγίῳ

2090 2384 2383 2453 Πνεύματι,
2420 2385 2566 2450 δόξα,
2590 2384 2808 2452 κράτος,
2843 2385 2998 2454 τιμὴ,
3030 2381 3122 2435 νῦν
3147 2384 3238 2435 καὶ
3259 2383 3346 2434 ἀεὶ
3381 2381 3473 2434 καὶ
3511 2382 3592 2444 εἰς
3620 2381 3757 2444 τοὺς

2088 2471 2287 2534 αἰῶνας
2316 2470 2421 2524 τῶν
2447 2472 2676 2525 αἰώνων.
2717 2473 2908 2542 Ἀμήν.

2733 2612 2973 2665 ΟΜΙΛΙΑ
3006 2610 3098 2664 ΙΒ’.

2088 2738 2190 2800 Εὶς
2218 2735 2289 2786 τὰ
2314 2734 2615 2789 ἀκόλουθα
2655 2732 2762 2798 τῆς
2795 2734 3073 2799 κτίσεως·
3111 2751 3130 2784 ι
3160 2733 3324 2799 Αὕτη
3347 2734 3388 2800 ἡ
3408 2733 3628 2802 ,ϐίὸλος
3650 2749 3754 2802 τσο

2157 2805 2378 2869 νέσεως
2405 2804 2661 2871 οὐρανοῦ
2688 2821 2748 2855 τε
2774 2803 2872 2856 καὶ
2897 2801 3036 2870 γῆς,
3073 2802 3170 2856 ὅτε
3197 2801 3526 2872 ἐγένετοοῄ
3559 2801 3756 2872 ἡμέρᾳ

2155 2876 2443 2940 ἐποίησεν
2477 2878 2507 2926 ό
2540 2873 2677 2938 Θεὸς
2714 2873 2820 2924 τὸν
2847 2873 3106 2940 οὐρανὸν
3137 2871 3244 2926 καί
3270 2877 3382 2941 τὴν
3412 2871 3548 2942 γῆν.
3581 2893 3599 2924 ι

2156 3019 2222 3066 α’.
2239 3012 2373 3084 Φέρε
2395 3012 2458 3080 δὴ
2484 3013 2719 3082 σήμερον
2744 3010 2851 3081 πλη
2859 3010 3119 3082 ρώσωμεν
3137 3013 3290 3082 ήμῶν
3309 3011 3406 3082 τὴν
3429 3013 3751 3081 ὑπόσχεσιν,

2087 3102 2181 3154 καὶ
2207 3101 2305 3170 τῆς
2340 3099 2602 3170 συνήθους
2630 3099 2892 3168 ἁψώμεθα
2919 3099 3283 3163 διδασκαλίας,
3311 3100 3405 3152 καλ⁵
3429 3101 3496 3169 τῇ
3522 3099 3753 3151 ἀκολουο

2085 3189 2176 3260 θίᾳ
2211 3189 2318 3242 τῶν
2352 3187 2542 3259 πρῴην
2579 3189 2885 3258 εἰρημένων
2920 3187 3242 3256 συνάψωμεν
3273 3188 3455 3241 καὶτὰ
3484 3187 3750 3258 μέλλοντα

2085 3277 2178 3328 νῦν
2206 3275 2554 3346 ῥηθήσεσθαι,
2606 3277 2750 3327 Ἰστε
2781 3273 2910 3344 γὰρ,
2963 3275 3045 3326 ὅτι
3077 3276 3169 3327 καὶ
3194 3274 3336 3340 ἅπαξ
3373 3275 3466 3328 καὶ
3491 3275 3750 3344 δεύτερον

2085 3363 2406 3425 σπεύδοντας
2429 3364 2594 3432 ἡμᾶς,
2613 3362 2706 3414 καὶ
2733 3361 3085 3431 βουλομένους
3106 3361 3262 3414 τοῦτο
3284 3362 3528 3432 ποιῆσαι,
3555 3364 3588 3434 ή
3613 3363 3750 3433 περὶ

2081 3455 2206 3514 τοὺς
2255 3451 2515 3518 ἀδελφοὺς
2561 3450 2686 3512 τοὺς
2725 3449 3025 3518 ἡμετέρους
3071 3449 3294 3519 πρόνοια
3348 3451 3446 3520 τὴν
3493 3451 3750 3519 γλῶτταν

2083 3540 2212 3609 ἡμῖν
2247 3541 2327 3601 εἰς
2353 3537 2453 3606 τὴν
2487 3537 2622 3607 πρὸς
2651 3537 2889 3598 ἐκείνους
2918 3536 3236 3606 παραίνεσιν
3267 3539 3564 3606 μετήγαγε.
3603 3539 3749 3591 Ποτὲ

2087 3628 2184 3696 μὲν
2209 3625 2316 3696 γὰρ
2344 3625 2470 3687 τοὺς
2499 3624 2854 3694 νενοσηκότας
2879 3623 2985 3674 τῶν
3022 3623 3286 3690 ἀδελφῶν,
3334 3625 3428 3677 καὶ
3459 3625 3548 3680 διὰ
3578 3643 3748 3696 συνη-

2083 3713 2232 3776 θείας
2288 3711 2555 3782 πρὸληψιν
2609 3709 3002 3779 ἀποσχίζοντας
3057 3711 3281 3774 ἑαυτοὺς
3328 3711 3422 3764 τοῦ
3481 3713 3748 3782 συλλόγου

2080 3801 2267 3855 τούτου
2307 3800 2400 3853 τοῦ
2453 3797 2852 3870 πνευματικοῦ.
2905 3799 2997 3851 καὶ
3045 3798 3140 3869 τὴν
3192 3801 3385 3868 ήδονὴν
3425 3801 3524 3869 τῆς
3578 3803 3750 3869 ἁγίας

2081 3889 2274 3959 ἑορτῆς
2304 3889 2330 3927 b
2358 3890 2489 3958 ήμίν
2520 3885 3048 3956 ἀκρωτηριάζοντας,
3079 3887 3166 3940 διὰ
3196 3889 3292 3958 τῆς
3322 3888 3524 3958 πολλῆς
3561 3906 3747 3961 παρα·

2081 3977 2322 4046 κλήσεως
2351 3974 2444 4026 καὶ
2471 3973 2774 4043 συμϐουλῆς
2800 3972 3110 4043 ἑπείθομεν,
3153 3973 3226 4045 μὴ
3258 3975 3350 4027 ἐπὶ
3387 3975 3523 4028 πολὺ
3569 3976 3744 4047 χωρίο-

2080 4066 2190 4127 ζειν
2218 4064 2437 4124 ἑαυτοὺς
2466 4061 2565 4130 τῆς
2604 4061 2694 4114 τοῦ
2736 4061 2968 4132 Χριστοῦ
3015 4061 3268 4132 ποίμνης,
3316 4062 3450 4133 μηδὲ
3491 4061 3598 4127 ἔξω
3641 4062 3742 4117 τοῦ

2081 4149 2248 4220 σηκοῦ
2291 4149 2478 4202 τούτου
2519 4147 2612 4201 τοῦ
2662 4148 3028 4218 πνευματικοῦ
3054 4148 3376 4210 πλανᾶσθαι,
3407 4149 3604 4220 καὶτῷ
3640 4152 3746 4220 μὲν

2078 4238 2219 4308 λόγῳ
2249 4238 2342 4290 καὶ
2368 4234 2445 4305 τῷ
2471 4234 2693 4303 ὀνόματι
2739 4235 2868 4303 ἡμῖν
2895 4233 3154 4304 ήνῶσθαι,
3177 4238 3243 4306 τῇ
3269 4235 3323 4289 δὲ
3344 4236 3570 4308 ἀληθείᾳ
3609 4238 3747 4290 Ἰουο

2077 4325 2247 4387 δαίοις
2266 4321 2679 4376 κατακολουθεῖν
2712 4323 2823 4384 τοῖς
2847 4323 2939 4374 ἐπὶ
2970 4325 3036 4392 τῇ
3075 4325 3200 4394 σκιᾷ
3229 4323 3741 4396 παρακαθημένοις,

2079 4413 2173 4465 καὶ
2204 4409 2281 4480 τῷ
2309 4409 2488 4479 λύχνῳ
2537 4407 2996 4479 προσηλωμένας,
3036 4409 3174 4478 μετά
3204 4409 3302 4482 τήν
3337 4410 3604 4481 ἑλλαμψιν
3641 4413 3742 4467 τοῦ

2078 4502 2173 4572 τῆς
2206 4499 2547 4569 δικαιοσύνης
2573 4499 2723 4568 ἡλίου
2743 4513 2757 4527 ⁸
2788 4498 2915 4551 ποτὲ
2936 4499 2992 4552 δὲ
3020 4499 3126 4552 τῶν
3152 4500 3382 4553 ἐνταῦθα
3407 4499 3746 4572 συλλεγομέ-

2077 4606 2183 4641 νων
2207 4589 2329 4650 τοὺς
2347 4587 2623 4657 ἀμυήτους
2645 4585 3091 4656 παρεκαλέσαμεν
3117 4587 3434 4656 ἐπιδραμεῖν
3457 4591 3519 4659 τῇ
3545 4590 3743 4660 κλήσει

2078 4679 2144 4745 τῇ
2179 4675 2544 4743 πνευματικῇ,
2576 4673 2669 4726 καὶ
2698 4673 2873 4725 πάντα
2904 4671 3092 4734 ὕπνον,
3125 4676 3221 4725 καὶ
3251 4675 3431 4727 πᾶσαν
3463 4675 3743 4746 ρᾳθυμίαν

2079 4760 2596 4830 ἀποτιναξαμένους,
2626 4759 2774 4828 πόθῳ
2799 4758 2994 4822 ζέοντι,
3035 4760 3127 4812 καὶ
3175 4759 3452 4832 προθυμίᾳ
3483 4779 3744 4816 συντετα-

2079 4849 2214 4921 μένῃ
2240 4847 2488 4916 ἑτοίμους
2516 4847 2742 4908 ἑαυτοὺς
2764 4846 2898 4916 πρὸς
2917 4846 3013 4915 τήν
3039 4846 3302 4916 ὑποδοχὴν
3323 4847 3424 4917 τῆς
3449 4849 3745 4920 βασιλικῆς

2074 4936 2281 5005 δωρεᾶς
2309 4933 2743 5004 ἀπεργάσασθαι,
2770 4933 2862 4984 καὶ
2890 4931 3123 4984 σπεῦσαι
3144 4933 3281 5003 πρὸς
3300 4933 3390 4986 τὸν
3415 4935 3515 5006 τὴν
3542 4937 3742 5005 ἄφεσιν

2072 5023 2180 5073 τῶν
2203 5017 2562 5088 πεπλημμελη
2572 5017 2745 5086 μένων
2765 5017 3124 5087 δωρούμενον,
3159 5017 3254 5070 καὶ
3282 5018 3348 5071 τὰ
3367 5021 3538 5091 μυρία
3559 5023 3744 5090 ἀγαθὰ

2075 5107 2217 5178 μετὰ
2247 5105 2521 5174 δαψιλείας
2551 5105 2878 5174 παρέχοντα.
2929 5103 3078 5156 Ἐπεὶ
3108 5101 3200 5156 οὖν
3224 5105 3448 5159 καὶτῶν
3481 5110 3612 5178 περὶ
3637 5112 3740 5180 τὴν

2073 5195 2164 5248 τοῦ
2193 5195 2373 5263 πάσχα
2397 5192 2590 5262 ἑορτὴν
2621 5190 3023 5259 σφαλλομένων,
3043 5191 3134 5244 καὶ
3155 5191 3242 5246 διὰ
3257 5195 3355 5264 τῆς
3372 5195 3743 5268 νομιζομένης

2072 5280 2273 5349 ταύτης
2307 5280 2508 5348 μικρᾶς¹
2529 5278 2963 5348 παρατηρήσεως
2990 5278 3202 5348 μεγάλα
3232 5281 3459 5345 ἑαυτοὺς
3485 5283 3742 5354 ζημιούν-

2065 5383 2194 5425 των,
2235 5364 2330 5434 τὴν
2381 5365 2510 5434 ήμῑν
2557 5363 2932 5432 ἁρμόττουσαν
2998 5364 3250 5435 πρόνοιαν
3333 5369 3738 5438 ἐποιησάμεθα,

2067 5451 2397 5522 κατάλληλον
2427 5450 2603 5504 αὑτῶν
2629 5450 2706 5520 τῷ
2739 5449 3013 5521 τραύματι
3045 5450 3142 5522 τὴν
3191 5452 3489 5523 θεραπείαν
3532 5458 3738 5526 ἑπαγαο

2065 5538 2271 5604 γόντες,
2325 5537 2416 5588 καὶ
2444 5539 2556 5598 τοῖς
2609 5537 2874 5605 ἀμυήτοις
2907 5537 3005 5606 τὴν
3036 5539 3418 5608 προσήκουσαν
3447 5541 3732 5596 νουθεσίαν

2064 5621 2504 5692 προσηγάγομεν,
2533 5620 2820 5673 ἀκόλουθον
2848 5621 2914 5674 ἂν
2939 5621 3023 5691 εἴη
3050 5621 3252 5687 λοιπὸν,
3284 5625 3471 5696 ἐπειδὴ
3502 5627 3638 5697 πρὸς
3664 5630 3736 5683 τὰ

2061 5711 2452 5775 κατεπείγοντα
2485 5709 2591 5760 τῶν
2642 5709 2966 5777 νοσημάτων
3009 5709 3266 5780 ἔστημεν,
3315 5713 3410 5764 καὶ
3454 5714 3517 5766 τὸ
3547 5716 3730 5769 αὑτῶν

2062 5795 2477 5866 ἑπληρώσαμεν,
2515 5798 2663 5864 κοινῇ
2700 5798 2863 5848 πᾶσιν
2903 5797 3031 5864 ὑμῖν
3065 5798 3308 5868 σήμερον
3339 5800 3582 5852 ἑστίασιν
3625 5820 3731 5855 πα-

2066 5883 2306 5955 ραθεῖναι
2336 5882 2431 5952 τὴν
2457 5883 2844 5952 πνευματικήν.
2868 5883 3077 5955 Ὥσπερ
3099 5884 3206 5957 γὰρ
3233 5887 3361 5958 πρὶν
3382 5887 3411 5959 ἦ
3444 5889 3554 5946 τῶν
3575 5889 3731 5946 ἀδελ.

2122 6031 2152 6072 δ
2179 6032 2301 6096 Reg.
2328 6044 2454 6082 unus
2477 6038 2557 6089 τῆς
2599 6034 3124 6097 πνευμ.ατικῆςὲορτῆς.
