4040 6378
316 382 389 448 97
1447 381 1514 438 IN
1548 380 1703 440 CAP.
1731 380 1794 438 II.
1823 381 2065 440 GENES.
2107 385 2333 444 IlOMIL.
2375 388 2492 447 XII.
3502 403 3590 461 ω

319 499 669 566 obsisterent,
719 512 781 553 ac
830 505 1040 553 mentes
1084 497 1470 568 simpliciorum
1500 497 1913 554 subverterent?

320 592 486 658 Igitur
511 602 573 645 ut
599 591 752 657 dixit,
779 589 909 645 Plus
939 607 1050 662 ego,
1079 599 1357 646 enumerat
1378 601 1559 660 postea
1585 589 1914 645 fortitudinis

319 699 432 737 suae
464 685 722 752 prmclara
751 698 937 752 opera,
967 693 1021 736 et
1042 683 1213 752 inquit
1240 697 1252 733 :
1282 681 1349 735 In
1375 682 1628 737 laboribus
1659 683 1912 753 plurimis,

321 775 374 826 in
406 774 572 841 plagis
601 790 760 840 supra
797 773 1002 826 modum
1024 814 1038 838 ,
1088 774 1142 826 in
1170 773 1412 826 mortibus
1435 771 1736 842 frequenter.
1779 770 1915 839 Quid

321 865 493 918 dicis?
522 864 860 934 Stupendum
888 876 942 918 et
962 864 1274 918 admirabile
1303 872 1386 918 est
1411 864 1549 934 quod
1575 879 1604 917 a
1627 872 1678 918 te
1705 865 1912 918 dicitur.

325 957 490 1010 Estne
519 956 664 1010 enim
697 956 970 1024 possibile,
1005 965 1061 1009 ut
1089 956 1207 1024 quis
1234 969 1376 1024 saepe
1405 954 1694 1009 moriatur?
1718 955 1914 1018 Etiam,

325 1047 541 1117 inquit,
593 1034 837 1116 quamvis
880 1062 985 1100 non
1029 1046 1218 1100 mortis
1261 1045 1590 1114 experientia
1617 1086 1632 1111 ,
1680 1056 1914 1100 attamen

325 1137 589 1191 moriendi
633 1137 910 1206 proposito
934 1154 947 1188 :
979 1137 1177 1190 docens
1207 1152 1325 1201 nos,
1355 1136 1579 1190 subinde
1605 1151 1663 1190 se
1687 1136 1757 1190 ob
1781 1151 1917 1204 pra:-

328 1231 652 1284 dicationem
685 1229 871 1283 n'iortis
903 1229 1132 1298 pericula
1160 1229 1387 1293 adiisse,
1411 1228 1504 1282 sed
1548 1229 1637 1282 Dei
1663 1229 1828 1298 gratia
1863 1228 1916 1282 in

329 1322 521 1376 mediis
552 1322 804 1390 periculis
837 1321 1091 1374 athletam
1137 1329 1446 1385 servatum,
1490 1334 1595 1388 quo
1641 1319 1914 1387 discipulis

327 1413 493 1482 magis
522 1412 822 1481 prodesset.
867 1411 933 1464 In
969 1412 1211 1464 mortibus
1231 1451 1246 1477 ,
1290 1410 1479 1480 inquit,
1529 1410 1813 1479 frequenter
1835 1425 1853 1462 :
1882 1427 1915 1464 a

323 1504 526 1559 ludatis
553 1505 819 1575 quinquies
841 1503 1176 1574 quadraginta
1199 1503 1375 1572 plagas
1399 1519 1502 1555 una
1527 1503 1691 1555 minus
1718 1502 1910 1571 accepi,

325 1605 400 1648 ter
424 1597 581 1666 virgis
619 1612 778 1649 cwsus
803 1611 936 1658 sum,
963 1595 1121 1648 semel
1160 1593 1446 1661 lapidatus,
1489 1601 1564 1645 ter
1589 1592 1915 1663 naufragium

325 1692 654 1760 feci,noctem
668 1707 727 1742 ac
756 1690 889 1742 diem
910 1689 962 1742 in
983 1688 1237 1759 profundo
1261 1689 1375 1758 egi;
1400 1689 1454 1741 in
1469 1688 1729 1742 itineribus
1756 1704 1910 1756 saepe,

328 1781 569 1852 periculis
615 1780 878 1850 ﬂuminum
906 1819 922 1846 ,
970 1779 1204 1847 periculis
1252 1780 1542 1844 latronum,
1591 1777 1826 1848 periculis
1855 1793 1918 1831 ea:

327 1888 528 1941 genere,
561 1869 800 1941 periculis
831 1886 895 1923 ea:
921 1869 1168 1940 gentibus,
1200 1869 1435 1938 periculis
1471 1885 1534 1922 ea:
1564 1870 1708 1936 falsis
1741 1870 1918 1940 fratri-

329 1966 420 2018 bus
444 2005 459 2028 ,
506 1963 746 2032 periculis
778 1963 831 2015 in
875 1961 1153 2016 civitatibus
1181 2001 1196 2027 ,
1248 1961 1485 2029 periculis
1523 1961 1574 2013 in
1610 1961 1913 2026 solitudine,

331 2056 573 2124 periculis
597 2055 650 2108 in
681 2055 810 2108 mari
838 2054 913 2127 (2.
945 2054 1062 2107 Cor.
1105 2055 1191 2107 ll.
1223 2053 1457 2123 2i.—26).
1500 2053 1577 2107 Ne
1606 2053 1917 2122 simpliciter

330 2158 716 2218 prmtereamus
769 2146 885 2202 haec
937 2146 1119 2210 dicta,
1175 2145 1355 2199 dilecti
1410 2164 1424 2198 :
1475 2160 1596 2199 nam
1645 2145 1918 2216 quodlibet

330 2240 521 2295 horum
572 2254 666 2308 per
712 2254 772 2293 se
821 2238 993 2292 solum
1039 2237 1258 2306 pelagus
1305 2234 1520 2305 aliquod
1569 2236 1918 2291 tentationum

330 2331 489 2386 nobis
509 2330 770 2386 ostendit.
797 2329 916 2384 Non
943 2329 1084 2382 enim
1106 2328 1419 2398 simpliciter
1441 2328 1541 2382 iter
1560 2345 1722 2383 unum
1747 2327 1914 2384 dixit:

330 2425 447 2491 sed,
478 2423 547 2477 In
574 2423 835 2478 itineribus
881 2440 1015 2493 sape
1064 2439 1082 2476 .'
1130 2437 1300 2493 neque
1341 2439 1501 2477 unum
1531 2423 1822 2493 periculum
1865 2422 1918 2476 in

331 2514 528 2580 ﬂuviis,
563 2514 662 2570 sed
704 2515 866 2568 multa
895 2525 949 2568 et
971 2515 1144 2577 varia;
1171 2525 1226 2569 et
1262 2516 1439 2569 omnia
1483 2515 1680 2584 ingenti
1709 2513 1922 2569 fortitu-

330 2609 456 2662 dine
499 2608 642 2662 tulit.
693 2608 759 2661 Et
788 2615 910 2677 post
933 2607 1046 2662 haec
1074 2609 1250 2662 omnia
1289 2609 1478 2662 iterum
1507 2609 1676 2678 inquit
1705 2625 1718 2660 :
1752 2606 1819 2662 In
1845 2609 1922 2662 la-

329 2701 449 2753 bore
470 2711 516 2753 et
542 2716 794 2767 rerumne,
820 2701 874 2754 in
900 2701 1083 2772 uigiliis
1098 2717 1251 2770 saepe,
1276 2702 1329 2755 in
1351 2702 1487 2772 fame
1509 2713 1555 2756 et
1585 2703 1688 2768 siti,
1711 2702 1763 2756 in
1780 2704 1923 2774 jeju-

331 2796 428 2848 niis
454 2811 609 2862 saepe,
631 2795 685 2848 in
712 2795 900 2866 frigore
918 2805 964 2848 et
993 2795 1237 2861 nuditate,
1261 2805 1443 2866 prwter
1467 2795 1560 2850 illa
1579 2811 1692 2866 qua:
1721 2797 1914 2851 extrin-

331 2901 471 2937 secus
500 2894 618 2938 stmt
656 2883 765 2953 (Ib.
795 2901 842 2938 υ.
869 2885 958 2939 27.
986 2885 1100 2956 28).

402 2977 456 3030 7.
496 2975 654 3030 Pauli
678 2992 917 3031 utrumme
944 2979 1114 3032 varice.
1145 3007 1216 3017 -—-
1242 2977 1372 3034 Vide
1415 2979 1604 3033 iterum
1643 2979 1784 3034 aliud
1823 2995 1920 3049 pe-

333 3069 484 3140 lagus
514 3070 865 3124 tentationum
899 3069 1053 3124 nobis
1081 3071 1294 3138 aperiri.
1327 3070 1396 3126 Ut
1420 3072 1562 3126 enim
1589 3071 1743 3139 dixit,
1773 3071 1923 3126 Prw-

333 3169 408 3212 ter
435 3160 526 3213 illa
564 3176 678 3228 qua:
713 3161 1021 3214 extrinsecus
1055 3171 1196 3228 sunt,
1233 3163 1520 3218 insinuavit
1562 3165 1921 3233 praetermissa

336 3255 483 3323 plura
513 3269 657 3316 esse,
690 3269 848 3323 quam
891 3271 1008 3323 qua:
1034 3255 1173 3310 dicta
1199 3265 1342 3309 sunt.
1376 3256 1559 3326 Neque
1585 3257 1668 3310 his
1703 3267 1925 3312 conten-

334 3355 418 3398 tus
451 3344 568 3411 fuit,
597 3360 780 3399 verum
810 3361 906 3400 nos
936 3346 1091 3401 docet
1122 3361 1394 3416 pressurus
1418 3357 1473 3402 et
1495 3349 1924 3418 conspirationes

333 3452 465 3505 quas
489 3437 766 3502 sustinuit,
800 3439 877 3491 sic
900 3437 1085 3492 dicens
1116 3455 1129 3492 :
1158 3437 1411 3492 Instantia
1459 3456 1568 3494 mea
1606 3441 1920 3511 quotidiana,

333 3528 622 3581 sollicitudo
643 3530 866 3582 omnium
893 3527 1258 3584 Ecclesiarum.
1283 3530 1422 3585 Ecce
1445 3529 1548 3586 hoc
1571 3531 1769 3586 bonum
1790 3547 1923 3602 opus

336 3621 419 3673 vel
439 3621 654 3675 unicum
673 3619 944 3675 sufﬁciens
959 3632 1062 3685 est,
1078 3633 1134 3676 ut
1150 3637 1389 3677 summus
1408 3623 1503 3694 ipsi
1523 3625 1771 3678 virtutum
1789 3640 1924 3695 apex

335 3712 644 3765 tribuatur:
688 3711 1016 3779 Sollicitudo,
1065 3713 1255 3782 inquit,
1297 3715 1520 3768 onmium
1555 3713 1921 3784 Ecclesiarum,

334 3817 441 3855 non
464 3803 642 3866 unius,
667 3802 750 3856 vel
775 3801 1022 3867 duarum,
1054 3805 1135 3858 vel
1159 3805 1342 3871 trium,
1398 3806 1491 3860 sed
1527 3808 1764 3862 omnium
1807 3824 1924 3878 qua:

335 3895 389 3948 in
444 3904 555 3948 toto
600 3895 752 3949 orbe.
800 3895 936 3950 Nam
976 3907 1226 3964 quantam
1268 3905 1462 3951 terram
1499 3898 1576 3951 sol
1619 3899 1780 3953 radiis
1815 3900 1925 3953 suis

340 3987 592 4053 illustrat,
623 3995 824 4042 tantam
855 4003 1038 4043 curam
1067 3999 1121 4043 et
1149 3989 1560 4045 sollicitudinem
1582 3990 1766 4045 habuit
1786 3992 1922 4047 Pau-

337 4077 439 4130 lus.
470 4077 661 4132 Vidisti
685 4079 1017 4134 latitudinem
1049 4081 1254 4135 animi?
1285 4081 1461 4136 vidisti
1486 4084 1681 4136 mentis
1722 4085 1925 4153 magni-

338 4169 622 4222 tudinem?
652 4169 768 4224 Jam
811 4171 951 4240 quod
987 4172 1351 4241 subsequitur,
1393 4174 1571 4227 on'inia
1611 4175 1922 4244 superiora,

336 4275 392 4316 ut
419 4264 488 4317 ita
529 4264 725 4328 dicam,
766 4265 1019 4334 contegit.
1075 4263 1202 4340 Quis
1226 4267 1367 4320 enim
1395 4267 1705 4334 inﬁrmatur,
1731 4269 1920 4340 inquit,

333 4367 381 4410 et
406 4374 496 4426 ego
523 4374 625 4412 non
667 4358 946 4426 inﬁrmor?
999 4339 1125 4424 quis.
1154 4359 1556 4424 scandalizatur,
1599 4371 1646 4414 et
1689 4378 1778 4432 ego
1821 4379 1922 4416 non

333 4465 455 4502 uror
479 4447 497 4518 (
524 4449 578 4501 2.
606 4448 727 4502 Cor.
759 4451 842 4503 ll.
869 4449 938 4504 29
985 4449 1004 4519 )
1034 4451 1057 4503 ?
1086 4451 1264 4520 Papae,
1290 4462 1522 4521 quantus
1542 4453 1638 4506 viri
1665 4453 1822 4523 hujus
1866 4455 1921 4509 in

335 4540 475 4593 ﬁlios
505 4555 658 4595 amor
687 4551 740 4595 et
770 4541 1096 4611 indulgentia
1129 4544 1142 4597 !
1175 4555 1369 4613 quanta
1408 4545 1678 4614 vigilantia
1705 4548 1717 4600 ε
1748 4563 1919 4617 quan-

334 4641 383 4682 ta
403 4646 530 4685 cura
567 4637 581 4684 ι
617 4631 745 4698 Qua:
783 4640 952 4686 mater
977 4634 1053 4687 sic
1096 4635 1362 4688 cruciatur
1388 4635 1524 4688 intra
1556 4638 1760 4691 viscera
1809 4637 1920 4691 ﬁlio

335 4721 488 4778 ﬁ:bre
516 4724 811 4788 laborante,
859 4733 915 4777 ct
959 4726 1009 4778 in
1047 4725 1186 4780 lecto
1229 4727 1600 4794 dccumbente,
1637 4737 1694 4781 ut
1735 4728 1920 4783 beatus

334 4817 426 4871 ille
469 4831 568 4884 pro
606 4819 793 4885 quovis
841 4819 1070 4883 inﬁrmo,
1118 4834 1455 4888 quocumque
1485 4821 1570 4875 ille
1593 4822 1710 4875 loco
1753 4831 1915 4889 esset,

333 4909 726 4972 inﬁrmabatur,
761 4919 814 4964 et
844 4925 938 4979 pro
982 4912 1352 4966 scandalizatis
1389 4913 1680 4967 urebatur?
1727 4915 1916 4968 Consi-

331 5000 460 5054 dera
484 5001 645 5063 enim,
674 5017 876 5070 qumso,
899 5003 1180 5056 verborum
1205 5004 1454 5058 latentem
1482 5006 1586 5058 vim
1622 5015 1674 5060 et
1699 5007 1917 5074 empha-

329 5093 434 5145 sin.
467 5090 584 5145 Non
613 5091 771 5158 dixit,
802 5092 931 5158 Quis
957 5094 1361 5159 scandalizatur,
1390 5105 1444 5149 et
1470 5111 1566 5164 ego
1595 5110 1697 5149 nou
1721 5097 1918 5151 doleo?

330 5183 448 5249 sml,
493 5182 648 5247 Uror,
707 5185 911 5253 inquit,
959 5185 1224 5238 inteusum
1267 5185 1420 5240 nobis
1464 5186 1702 5241 dolorem
1741 5187 1916 5242 decla-

334 5292 477 5340 rans,
504 5277 653 5345 quasi
673 5276 1071 5331 demonstraret
1089 5293 1146 5331 se
1172 5278 1492 5333 intrinsecus
1523 5280 1732 5334 incendi
1759 5291 1814 5334 et
1836 5287 1915 5335 url

331 5383 429 5435 pro
454 5369 519 5421 iis
538 5368 626 5438 qui
653 5368 1075 5424 oll'endebantur.
1103 5370 1228 5425 Scio
1255 5386 1340 5425 me
1378 5373 1429 5425 in
1461 5387 1704 5442 magnam
1757 5375 1917 5443 proli-

334 5462 557 5514 xitatem
609 5461 916 5516 extendisse
970 5462 1286 5528 doctrinam,
1333 5465 1573 5533 quamvis
1628 5476 1913 5520 statueram

337 5550 497 5604 hodie
525 5552 737 5606 brevior
765 5567 907 5617 esse,
949 5563 1007 5606 ut
1032 5554 1299 5622 paululum
1330 5569 1359 5608 a
1381 5555 1565 5624 jejunii
1588 5557 1768 5611 labore
1790 5573 1914 5627 pos-

328 5641 446 5693 sitis
475 5642 778 5710 reSpirare:
805 5642 894 5698 sed
914 5643 1093 5697 nescio
1113 5644 1400 5712 quomodo,
1425 5656 1478 5699 ut
1507 5647 1559 5699 in
1591 5647 1799 5702 divitias
1821 5649 1916 5702 bo-

327 5746 517 5787 norum
564 5749 783 5804 cperam
841 5734 993 5804 hujus
1041 5735 1206 5790 sancti
1257 5735 1436 5804 incidi,
1494 5737 1722 5808 linguam
1778 5740 1907 5796 mihi

2009 503 2161 573 quasi
2187 505 2355 575 rapidi
2383 507 2617 563 ﬂuminis
2646 507 2726 564 vis
2751 509 2942 580 rapuit.
2975 510 3263 580 Propterea
3293 513 3380 570 hic
3422 517 3582 574 ﬁnem

2009 594 2218 650 dicendi
2256 595 2478 664 faciens,
2500 611 2597 652 oro
2631 600 2908 655 caritatem
2946 611 3200 670 vestram,
3245 615 3302 660 ut
3343 609 3594 666 continue

2010 687 2159 742 illum
2192 689 2244 743 in
2283 697 2463 744 mente
2510 691 2913 758 circumferatis,
2957 704 3012 750 et
3055 696 3279 754 Subinde
3327 703 3590 770 cogitetis,

2009 795 2130 834 eum
2187 780 2428 850 ejusdem
2477 783 2754 839 nobiscum
2791 795 2994 842 natura:
3026 799 3352 858 consortem,
3403 794 3588 850 iisdem

2009 871 2378 928 allectionibus
2419 874 2729 943 obnoxium,
2770 879 3038 947 opiﬁcium
3078 880 3184 936 vile
3244 898 3306 937 ac
3352 895 3594 940 contem-

2009 978 2156 1035 ptum
2185 977 2520 1023 exercentem
2552 970 2764 1038 pellium
2785 981 3044 1037 sutorem,
3075 974 3200 1028 etin
3231 974 3457 1032 ofﬁcinis
3482 978 3592 1032 fre-

2008 1069 2278 1128 quentem,
2311 1061 2432 1129 quia
2454 1062 2622 1116 voluit
2646 1071 2700 1117 et
2741 1063 2979 1119 decrevit
3019 1065 3271 1121 virtutum
3312 1068 3488 1123 studio
3533 1085 3592 1126 se

2007 1150 2328 1220 mancipare,
2351 1160 2404 1206 et
2440 1152 2686 1207 idoneum
2728 1169 2788 1208 se
2832 1157 3156 1212 constituere
3199 1159 3591 1228 receptaculum

2006 1241 2232 1311 Spiritus
2272 1244 2463 1308 sancti,
2519 1244 2714 1315 largius
2750 1261 2961 1317 quoque
3003 1263 3229 1318 superna
3279 1250 3594 1309 liberalitate
3657 1249 3678 1298 -ΐ

2005 1336 2231 1405 potitum
2257 1352 2396 1392 esse.
2434 1337 2501 1392 Et
2531 1353 2632 1394 nos
2671 1340 2818 1408 item,
2861 1342 2904 1396 si
2943 1343 3270 1399 voluerimus
3305 1345 3446 1415 quod
3490 1361 3644 1420 no-_-

2005 1439 2172 1482 strum
2221 1440 2302 1484 est
2344 1429 2540 1498 facere,
2585 1433 2717 1487 nihil
2759 1434 3066 1503 prohibebit
3103 1436 3291 1492 eadem
3318 1451 3417 1492 nos
3450 1439 3588 1495 bona

2005 1520 2280 1589 consequi.
2321 1521 2578 1576 Liberalis
2606 1524 2746 1578 enim
2775 1534 2856 1579 est
2887 1525 3162 1590 Dominus,
3203 1535 3257 1582 et
3309 1527 3428 1581 Vult
3473 1546 3585 1583 om-

2003 1629 2091 1666 nes
2119 1613 2343 1666 homines
2381 1615 2543 1668 salvos
2580 1615 2711 1683 ﬁeri,
2743 1625 2893 1686 atque
2933 1617 3000 1669 ad
3028 1619 3332 1688 agnitionem
3372 1621 3591 1676 veritatis

2003 1707 2270 1776 venire“.
2306 1705 2439 1760 Tim.
2463 1709 2516 1762 2.
2549 1709 2583 1762 4
2604 1709 2647 1780 ).
2679 1709 2872 1779 Dignos
2903 1711 3060 1780 igitur
3104 1727 3202 1766 nos
3245 1713 3389 1783 ipsos
3435 1714 3587 1767 exhi-

2006 1799 2250 1866 bcamus,
2282 1816 2342 1854 ac
2371 1800 2592 1856 ferventi
2615 1802 2885 1857 alacritate
2910 1803 3157 1860 virtutem
3188 1805 3270 1860 vel
3297 1821 3418 1860 sero
3466 1816 3586 1862 tan-

2006 1889 2125 1945 dem
2155 1892 2638 1961 apprehendamus,
2663 1903 2718 1948 et
2744 1894 3050 1951 affectiones
3076 1905 3286 1950 nostras
3314 1898 3588 1968 corrigen-

2007 1992 2108 2047 tes,
2133 1985 2352 2040 idoneos
2379 2001 2475 2040 nos
2504 1986 2788 2042 reddamus
2813 1986 2878 2041 ad
2907 1987 3160 2058 Spiritum
3211 1998 3453 2044 sanctum
3496 2005 3583 2045 re-

2005 2078 2307 2147 cipiendum
2339 2096 2352 2132 :
2385 2078 2525 2149 quod
2546 2087 2604 2133 ut
2642 2095 2961 2145 mereamur,
3010 2081 3269 2136 concedat
3311 2083 3480 2153 gratia
3532 2090 3588 2137 et

2006 2171 2301 2239 benignitas
2346 2171 2553 2224 Domini
2596 2172 2760 2225 nostri
2790 2171 2912 2226 Jesu
2939 2172 3155 2239 Christi,
3179 2175 3391 2243 quicum
3450 2174 3597 2231 Patri

2007 2260 2186 2326 simul,
2218 2273 2270 2314 et
2295 2261 2500 2330 Spiritu
2540 2271 2726 2316 sancto
2747 2263 2814 2315 sit
2834 2261 3025 2330 gloria,
3050 2264 3331 2331 imperium
3383 2272 3437 2317 et
3485 2263 3587 2317 ho-

2007 2368 2126 2421 nor,
2160 2369 2299 2407 nunc
2327 2366 2380 2408 et
2399 2367 2632 2424 semper,
2658 2363 2712 2409 et
2734 2355 2785 2408 in
2812 2354 3005 2409 saecula
3033 2357 3368 2410 smeulorum.
3393 2356 3589 2410 Amen.

2573 2510 2852 2567 IIOMILIA
2906 2510 3019 2565 XII.

2011 2625 2085 2680 De
2103 2623 2168 2678 iis
2188 2638 2305 2693 qua!
2329 2633 2626 2693 sequuntur
2655 2623 2980 2678 creationem
3011 2640 3023 2677 :
3057 2622 3160 2676 Hic
3189 2632 3258 2677 est
3285 2624 3410 2677 liber
3436 2639 3596 2694 gene-

2080 2717 2289 2770 rationis
2315 2717 2426 2770 caeli
2452 2725 2498 2769 et
2540 2725 2687 2768 terra:
2715 2757 2728 2780 ,
2776 2715 2978 2786 quando
3000 2715 3135 2783 facta
3184 2724 3300 2769 sunt
3327 2731 3347 2769 :
3373 2731 3475 2785 quo
3503 2716 3588 2770 die

2083 2809 2196 2879 fecit
2227 2807 2362 2862 Deus
2388 2809 2565 2862 caelum
2586 2818 2631 2861 et
2660 2817 2848 2860 terram
2882 2805 3030 2877 (Gen.
3064 2807 3120 2861 2.
3151 2805 3230 2880 4).

2083 2941 2136 2994 l.
2166 2941 2278 3010 Age
2324 2938 2644 3009 promissum
2688 2946 2929 2992 nostrum
2959 2935 3120 2993 hodie
3145 2938 3459 3008 impleamus
3483 2980 3498 3005 ,
3541 2947 3597 2994 et

2011 3041 2318 3087 consuetam
2338 3030 2635 3085 doctrinam
2653 3038 2961 3094 tractantes,
2980 3029 3205 3084 dicenda
3229 3044 3370 3084 nunc
3391 3029 3456 3085 iis
3477 3046 3598 3100 quae

2011 3138 2173 3195 supra
2200 3123 2340 3178 dicta
2370 3131 2496 3178 sunt
2515 3130 2890 3178 contexamus.
2925 3122 3086 3178 Scitis
3107 3124 3273 3192 enim,
3304 3138 3402 3179 nos
3430 3125 3599 3179 semel

2011 3224 2175 3286 atque
2204 3216 2394 3270 iterum
2423 3214 2526 3269 hoc
2543 3215 2714 3269 facere
2740 3214 3060 3280 decrevisse,
3079 3223 3134 3269 et
3155 3215 3224 3268 ad
3265 3216 3364 3270 hoc
3388 3225 3600 3286 paratos

2011 3307 2198 3375 fuisse,
2229 3309 2322 3363 sed
2357 3323 2539 3364 curam
2565 3307 2808 3373 fratrum,
2841 3323 2998 3377 quam
3019 3308 3271 3377 gerimus,
3311 3309 3363 3362 in
3386 3309 3596 3364 illorum

2011 3399 2428 3453 admonitionem
2461 3398 2692 3468 linguam
2727 3405 2961 3452 nostram
2992 3397 3099 3452 alio
3123 3399 3383 3468 rapuisse.
3412 3399 3597 3466 Quan-

2011 3489 2296 3558 doquidem
2346 3488 2616 3542 interdum
2675 3486 2897 3542 inﬁrmis
2933 3486 3217 3554 fratribus,
3249 3489 3440 3558 quibus
3469 3506 3599 3546 con-

2013 3589 2221 3635 suetum
2239 3589 2353 3634 crat
2373 3589 2709 3649 sequestrare
2729 3593 2787 3632 se
2805 3578 2872 3633 ab
2898 3577 3001 3634 hoc
3028 3579 3288 3648 spirituali
3309 3592 3600 3647 conventu,

2015 3666 2345 3731 et'mutilare
2391 3673 2544 3728 nobis
2571 3681 2769 3727 sancta:
2800 3671 2817 3703 ί
2844 3671 3143 3727 festivitatis
3168 3673 3380 3743 gaudia,
3421 3675 3593 3728 suasi-

2015 3781 2134 3822 mus
2158 3763 2486 3821 consulendo
2526 3772 2581 3818 et
2608 3763 2942 3818 exhortando
2967 3805 2981 3830 ,
3016 3778 3083 3818 ne
3111 3765 3311 3819 diutius
3362 3765 3430 3820 ab
3467 3765 3592 3820 ovili

2015 3860 2211 3915 Christi
2237 3859 2431 3923 absint,
2460 3866 2513 3912 et
2539 3865 2686 3911 extra
2711 3856 2915 3911 caulam
2939 3857 3074 3911 hanc
3094 3857 3418 3926 spiritualem
3436 3858 3597 3913 aber-

2015 3962 2134 4006 rent
2169 3970 2181 4005 :
2212 3950 2424 4004 nomine
2453 3949 2664 4019 quidem
2700 3956 2753 4003 et
2791 3947 3150 4017 appellatione
3196 3949 3348 4004 nobis
3389 3949 3592 4018 juncti,

2015 4061 2202 4101 revera
2228 4054 2403 4100 autem
2429 4045 2640 4100 Judteos
2658 4054 2942 4111 sectantes,
2962 4045 3051 4114 qui
3072 4044 3253 4099 adhuc
3281 4046 3483 4099 umbra:
3507 4061 3593 4098 as-

2015 4137 2210 4204 sident,
2238 4137 2576 4206 lucernmque
2613 4136 2808 4192 addicti
2853 4146 2998 4202 sunt,
3032 4145 3309 4206 postquam
3336 4137 3414 4191 sol
3435 4138 3596 4207 justi-

2018 4230 2104 4284 tiae
2133 4228 2303 4282 illuxit
2328 4246 2343 4293 ;
2373 4229 2638 4283 interdum
2668 4229 2826 4283 etiam
2849 4227 3083 4283 nondum
3115 4227 3348 4284 initiatos
3370 4229 3470 4297 (α),
3502 4231 3591 4297 qui

2015 4321 2068 4375 in
2111 4329 2253 4376 casta
2296 4319 2554 4384 aderant,
2586 4320 2781 4374 hortati
2821 4334 3045 4386 sumus,
3087 4327 3145 4373 ut
3168 4318 3234 4374 ad
3263 4320 3593 4387 spiritualem

2015 4397 2350 4466 vocationem
2417 4418 2728 4475 accurrant,
2779 4423 3113 4479 excussoque
3164 4409 3311 4464 omni
3373 4410 3595 4480 ignavia:

2013 4521 2224 4571 somno,
2255 4505 2480 4559 ferventi
2507 4504 2793 4570 desiderio,
2819 4514 2873 4558 et
2901 4505 3100 4575 ingenti
3139 4505 3414 4560 alacritate
3440 4521 3596 4576 para-

2014 4608 2098 4652 tos
2140 4612 2198 4652 se
2237 4597 2303 4651 ad
2339 4596 2672 4666 suscipienda
2717 4597 2865 4667 regia
2912 4612 3136 4650 munera
3190 4605 3488 4666 prinstent,
3539 4606 3594 4650 et

2013 4697 2299 4758 properent
2324 4687 2388 4742 ad
2411 4703 2531 4742 eum
2553 4688 2641 4758 qni
2663 4688 3028 4742 remissionem
3051 4687 3214 4741 donat
3235 4695 3592 4755 peccatorum,

2012 4790 2065 4835 et
2088 4781 2376 4835 liberaliter
2403 4781 2678 4835 innumera
2707 4781 2843 4836 bona
2885 4780 3206 4850 suppeditat.
3243 4780 3422 4848 Itaque
3447 4790 3592 4848 past-

2011 4887 2168 4942 quam
2199 4886 2384 4925 eorum
2413 4873 2501 4941 qui
2529 4873 2669 4926 circa
2698 4871 2913 4925 Pasclue
2936 4870 3126 4924 festum
3155 4870 3433 4934 errabant,
3471 4872 3590 4941 qni-

2011 4979 2112 5032 que
2135 4978 2228 5032 per
2249 4965 2384 5016 hanc
2410 4963 2634 5026 minimi,
2665 4973 2722 5017 ut
2753 4964 3036 5033 putabant,
3069 4961 3322 5015 momenti
3346 4962 3566 5015 observa

2013 5054 2232 5117 tionem,
2262 5069 2508 5124 magnum
2532 5055 2628 5109 sibi
2656 5055 2908 5108 damnum
2941 5052 3259 5119 inferebant,
3292 5068 3588 5123 congruen-

2014 5152 2117 5197 tem
2165 5159 2345 5197 curam
2389 5145 2650 5213 gessimus
2698 5143 2795 5214 (b),
2844 5141 3037 5197 idoneo
3081 5142 3324 5197 adhibito
3385 5143 3590 5198 vulneri

2009 5235 2420 5301 medicamento,
2451 5245 2504 5290 et
2558 5251 2662 5289 non
2703 5235 2920 5288 initiatis
2945 5250 3006 5288 ea
3060 5237 3128 5288 de
3173 5249 3231 5288 re
3271 5234 3594 5303 probecom-

2011 5327 2260 5393 monitis,
2316 5334 2482 5380 restat
2521 5334 2575 5380 ut
2618 5325 2864 5380 omnibus
2919 5323 3067 5379 vobis
3114 5323 3273 5378 hodie
3316 5324 3590 5394 spirituale

2073 5505 2087 5534 ¹
2127 5511 2241 5562 Reg.
2269 5515 2409 5558 unus,
2435 5499 2717 5563 spiritualis,
2745 5514 2846 5562 pro,
2872 5507 3066 5551 sanctre.

2069 5565 2141 5626 (α)
2177 5565 2260 5612 Hic
2296 5563 2503 5625 loquitur
2534 5564 2597 5626 de
2637 5563 2997 5626 catechumenis
3032 5562 3383 5626 quosiinitiare
3416 5572 3466 5610 et
3513 5567 3589 5612 ha-

2008 5624 2185 5688 ptiza're
2212 5624 2428 5688 exeunte
2447 5625 2832 5688 Quadragesima,
2860 5638 2963 5673 mos
2985 5631 3107 5673 erat.
3134 5624 3258 5672 Vide
3303 5626 3590 5675 catechcses

2008 5685 2042 5738 ἱ.
2070 5689 2117 5743 2,
2145 5693 2246 5734 ett.
2276 5686 2330 5733 l5
2354 5687 2416 5732 de
2440 5685 2816 5735 catechumenis.

2070 5748 2142 5810 (b)
2173 5748 2532 5809 Chrysostomus
2555 5749 2678 5796 circa
2699 5747 2827 5796 diem
2852 5747 3038 5808 pascha:
3061 5749 3368 5796 concionatus
3385 5759 3506 5799 erat.
