4040 6378
454 406 529 465 99
1203 398 1258 452 s.
1301 392 1578 452 JOANNlS
1614 384 2087 448 cuavsosrosu
2126 384 2442 443 tacuit-:9.
2482 372 3016 445 wasrsurtsor.

459 526 677 589 paretur
704 512 1027 570 convivium.
1057 509 1189 565 Nam
1228 506 1680 579 quemadmodum
1728 504 1774 559 si
1820 502 2042 558 fratrum

461 618 767 665 nostrorum
809 604 1049 675 neglecta
1090 617 1218 657 cura
1240 643 1256 666 ,
1308 599 1771 669 praetermissaque
1832 594 2043 649 illorum

458 700 845 764 admonitione,
875 704 1068 766 emptae
1106 694 1264 749 seriei
1296 693 1584 751 haerentes,
1616 690 1866 758 ipsosque
1892 684 2044 740 inllr-

460 801 667 846 mantes
696 787 1225 857 contempsissemus,
1276 783 1396 852 jure
1446 780 1707 850 quispiam
1742 793 1837 832 nos
1863 791 2045 845 repre-

460 883 752 945 hendisset,
780 888 967 950 utpote
990 886 1346 947 opportunum
1371 882 1579 941 tempus
1623 879 2043 940 przrtercurreu-

461 985 541 1029 tes
567 991 579 1027 :
611 974 679 1026 ita
708 988 869 1035 nunc,
900 971 1023 1040 quia
1046 968 1177 1022 nihil
1209 964 1623 1036 praetermissum
1653 970 1755 1025 est,
1791 968 2043 1028 quantum

460 1074 657 1122 nostra:
679 1065 818 1119 vires
838 1064 1037 1124 sinunt.
1060 1061 1156 1116 sed
1180 1059 1398 1115 verbum
1413 1057 1664 1112 doctrinae
1685 1054 2043 1114 adhibuimus.

464 1158 738 1226 pecaniam
783 1153 1279 1217 dinumeravimus,
1331 1149 1641 1217 seminaque
1682 1146 1732 1198 in
1764 1157 1901 1198 terra
1946 1143 2045 1196 hac

458 1248 722 1316 Spit‘iltwli
779 1246 1043 1313 jecimus,
1071 1251 1486 1298 consentaneum
1517 1249 1618 1304 est,
1663 1248 1717 1292 ut
1756 1237 1944 1289 iterum
1990 1235 2042 1287 in

460 1340 691 1394 medium
712 1337 1024 1401 alieruntur,
1052 1351 1170 1405 qum
1197 1349 1263 1387 ex
1295 1335 1449 1387 beato
1470 1332 1614 1385 Muse
1642 1341 1764 1385 sunt
1788 1331 1922 1384 lecta
1942 1368 1959 1395 ,
1990 1338 2045 1382 ut

459 1432 633 1486 fructu
688 1429 812 1484 inde
850 1429 1075 1483 collecto
1099 1469 1115 1493 ,
1140 1426 1356 1481 domum
1387 1424 1564 1478 redire
1590 1423 1763 1477 liceat.
1789 1422 2043 1487 Quaenam

463 1523 620 1590 igitur
666 1521 781 1575 haec
816 1520 945 1585 sint,
1005 1518 1301 1572 audiamus.
1333 1517 1388 1570 4.
1429 1513 1533 1568 Hic
1578 1524 1649 1567 est
1680 1514 1818 1577 liber,
1852 1512 2040 1581 inquit,

462 1612 796 1681 generationis
819 1610 929 1664 εωιὶ
948 1619 995 1663 et
1021 1619 1167 1663 terra:
1188 1607 1391 1678 quando
1416 1611 1552 1678 facta
1570 1615 1685 1659 sunt
1707 1621 1727 1658 :
1746 1621 1843 1673 quo
1870 1604 1952 1657 die
1971 1604 2044 1670 [e-

460 1704 527 1755 cit
552 1700 689 1754 Deus
717 1702 895 1755 cadunt
923 1708 968 1753 et
996 1709 1203 1762 terram,
1231 1699 1285 1752 5.
1314 1706 1361 1751 et
1390 1711 1537 1750 omne
1564 1694 1837 1766 virgultum
1880 1694 1992 1764 agri
2024 1735 2039 1758 ,

459 1802 727 1861 antequam
748 1792 965 1844 oriretur
986 1806 1136 1859 super
1153 1799 1358 1855 terram,
1382 1804 1675 1856 omnemque
1692 1786 1894 1840 herbam
1910 1785 2038 1857 agri,

459 1886 758 1953 priusquam
783 1884 1019 1936 oriretur.
1049 1879 1172 1935 Non
1200 1881 1333 1934 enim
1358 1881 1557 1949 pluerat
1590 1877 1727 1931 Deus
1764 1893 1918 1946 super
1944 1887 2044 1929 ter-

462 1993 594 2042 ram,
624 1986 669 2029 et
695 1976 845 2028 homo
884 1991 982 2028 non
1012 1983 1119 2028 erat
1143 1974 1230 2043 qui
1263 1972 1445 2025 coleret
1474 1981 1679 2025 terram.
1706 1970 1758 2024 6.
1784 1967 1925 2022 Fons
1948 1984 2044 2021 au-

454 2077 552 2121 tem
578 2065 875 2121 ascendebat
908 2067 970 2119 de
1000 2076 1150 2130 terra,
1181 2075 1228 2118 et
1276 2063 1519 2135 irrigabat
1543 2065 1827 2117 universam
1854 2063 2038 2132 facient

454 2168 599 2212 teme
636 2156 783 2226 (Gen.
812 2156 889 2226 2).
918 2156 1204 2211 Considera
1238 2155 1365 2208 mihi
1415 2168 1622 2219 rursus,
1650 2154 1895 2214 obsecro,
1940 2152 2037 2205 ad—

456 2249 712 2303 mirabilis
742 2248 895 2317 hujus
929 2248 1198 2317 pr0pheta:
1220 2247 1557 2314 sapientiam,
1587 2246 1692 2299 imo
1713 2246 1880 2299 sancti
1915 2242 2037 2312 Spi-

454 2343 586 2396 ritus
636 2341 953 2397 doctrinam.
1013 2339 1143 2394 Nam
1184 2350 1460 2407 postquam
1512 2336 1666 2391 nobis
1713 2352 1807 2406 per
1858 2347 2039 2406 partes

453 2435 723 2488 enarravit
751 2442 1023 2487 creaturas
1051 2446 1259 2495 omnes,
1293 2438 1347 2484 et
1377 2445 1471 2484 sex
1516 2429 1719 2484 dierum
1748 2436 2040 2498 pertracta-

457 2528 531 2581 vit
567 2542 750 2596 opera,
800 2537 856 2582 et
893 2526 1265 2581 formationem
1307 2523 1574 2589 hominis,
1622 2531 2043 2593 potestatemque

456 2621 740 2675 visibilium
764 2620 1001 2675 omnium
1032 2620 1103 2674 illi
1131 2632 1467 2682 concessam,
1500 2631 1639 2671 nunc
1675 2616 1863 2670 iterum
1891 2630 2042 2669 sum.

456 2712 639 2765 tuatim
690 2712 868 2764 omnia
898 2719 1166 2778 repetens,
1199 2709 1368 2779 inquit
1397 2724 1410 2761 :
1442 2707 1542 2761 llic
1582 2717 1653 2761 est
1680 2709 1805 2761 liber
1831 2723 2043 2778 genera-

453 2804 603 2857 tionis
629 2803 739 2856 ια’ιὶ
764 2813 810 2857 et
838 2813 1000 2865 terrw,
1025 2802 1228 2872 quando
1254 2804 1390 2871 facta
1413 2810 1548 2853 sunt.
1582 2800 1771 2869 Operae
1814 2799 2039 2867 pretium

453 2895 540 2949 hic
568 2896 723 2949 fuerit
750 2895 1037 2963 inquirere,
1066 2908 1231 2961 quare
1262 2892 1534 2961 Scriptura
1562 2891 1754 2945 librum
1785 2890 1924 2945 hunc
1941 2904 2039 2943 vo-

455 2988 656 3042 caverit
677 2986 791 3040 ειυιῑ
821 2994 875 3041 et
905 2993 1080 3048 terrai,
1111 2983 1352 3053 quamvis
1379 2982 1541 3036 multa
1570 2982 1668 3035 alia
1701 2982 1750 3034 in
1780 2997 1838 3036 se
1863 2981 2038 3035 eouti-

450 3088 574 3134 ueat
593 3122 607 3146 ,
635 3089 689 3134 et
708 3078 898 3134 doceat
923 3093 1020 3132 uos
1044 3078 1145 3131 alia
1169 3075 1421 3147 plurima,
1465 3090 1661 3143 neinpe
1687 3072 1753 3127 de
1770 3072 2036 3143 justorum

451 3171 734 3226 virtutibus
769 3178 1023 3232 tractans,
1052 3168 1121 3221 de
1150 3166 1472 3235 benignitate
1504 3164 1618 3227 Dei,
1647 3164 1823 3233 deque
1864 3163 2040 3217 indul-

448 3262 647 3330 gentia,
676 3276 832 3332 quam
855 3274 981 3328 erga
1005 3257 1231 3327 primum
1245 3264 1481 3309 creatum
1508 3254 1776 3308 hominem
1798 3264 1853 3309 et
1878 3270 2037 3308 ontuc

455 3356 741 3408 humanum
768 3367 935 3423 genus
965 3351 1211 3406 exhibuit
1258 3359 1351 3404 :ct
1375 3348 1444 3404 de
1492 3349 1610 3402 aliis
1650 3349 1862 3413 multis,
1918 3365 2036 3418 qua:

454 3446 609 3515 hujus
641 3444 898 3513 temporis
926 3458 1030 3498 non
1076 3440 1235 3497 fuerit
1262 3441 1554 3495 declarare.
1588 3438 1666 3495 Ne
1696 3440 1924 3506 mireris,
1952 3440 2034 3493 di-

450 3542 585 3595 lecte
607 3557 619 3593 :
645 3553 759 3593 mos
787 3537 931 3593 enim
960 3537 1045 3590 hic
1070 3546 1151 3591 est
1174 3550 1340 3590 sacra:
1368 3535 1676 3604 Scripturae,
1707 3543 1888 3587 utnon
1917 3535 2034 3587 uiti-

448 3648 553 3702 que
599 3631 777 3686 omnia
827 3629 1181 3701 particulatim
1234 3637 1479 3692 enarret;
1515 3628 1607 3682 sed
1635 3643 1755 3681 cum
1806 3644 2035 3696 ea,qu:e

452 3722 675 3794 plurima
699 3721 1147 3790 complectuntur,
1167 3719 1349 3774 dicere
1374 3719 1619 3788 coeperit,
1651 3718 2034 3773 consideranda

456 3814 723 3884 relinquat
748 3812 1023 3882 sequentia
1074 3811 1158 3878 iis,
1204 3811 1293 3881 qui
1322 3810 1576 3865 studiosis
1621 3811 1839 3865 auribus
1880 3812 2033 3865 exci-

452 3905 602 3974 piunt
627 3920 689 3959 ea
729 3919 847 3973 qua:
875 3903 1140 3958 dicuntur.
1166 3903 1230 3956 Et
1261 3912 1318 3956 ut
1342 3901 1518 3957 discas
1541 3918 1654 3957 rem
1683 3900 1754 3956 ita
1796 3916 1915 3957 esse
1940 3943 1955 3967 ,
1982 3902 2033 3956 id

448 3997 623 4067 palam
645 3996 835 4051 faciam
863 4012 925 4049 ex
956 3995 1041 4050 his
1069 4010 1189 4065 quae
1217 4010 1357 4049 nuuc
1388 4002 1513 4049 sunt
1542 3995 1697 4050 lecta.
1726 3995 1863 4051 Ecce
1890 3998 2033 4051 enim

451 4089 504 4143 in
533 4087 921 4157 superioribus,
957 4095 1237 4156 postquam
1285 4101 1385 4140 nos
1405 4086 1582 4141 divina
1604 4086 1875 4156 Scriptura
1919 4084 2033 4141 for-

449 4180 739 4233 mationem
770 4180 1007 4232 omnium
1037 4178 1338 4231 minutatim
1362 4176 1566 4242 docuit,
1600 4193 1744 4231 nunc
1781 4191 1888 4232 non
1918 4191 2035 4230 om-

450 4272 597 4327 nium
628 4270 890 4336 meminit,
922 4269 1016 4325 sed
1050 4269 1251 4339 inquit:
1282 4268 1379 4322 Hic
1426 4278 1499 4325 est
1533 4269 1658 4322 liber
1700 4270 2033 4340 generationis

450 4363 559 4417 cwli
580 4372 627 4415 et
656 4372 803 4417 terra:
822 4400 836 4427 ,
883 4360 1085 4430 quando
1112 4362 1247 4430 facta
1289 4371 1406 4415 sunt
1437 4377 1455 4414 .'
1481 4377 1578 4431 quo
1609 4360 1691 4415 die
1738 4361 1856 4432 fecit
1898 4360 2033 4417 Deus

450 4453 631 4509 cwlum
654 4463 700 4506 et
726 4462 931 4517 terram,
956 4459 1011 4507 et
1035 4461 1245 4507 caetera.

524 4544 579 4596 2.
611 4543 801 4598 Vidcu’
827 4542 1098 4613 quomodo
1125 4554 1299 4598 totum
1327 4558 1632 4599 sermonem
1670 4542 1737 4598 ad
1764 4544 1952 4598 caelum
1980 4554 2033 4599 et

450 4644 649 4691 terram
682 4636 970 4701 convertit,
994 4648 1060 4689 ex
1085 4634 1190 4689 illis
1215 4635 1317 4689 alia
1348 4636 1527 4690 omnia
1553 4635 1708 4690 nobis
1735 4637 2030 4691 contuenda

454 4727 805 4799 relinquens?
833 4728 967 4783 Cum
996 4742 1125 4798 ergo
1153 4727 1283 4782 dicit
1304 4728 1491 4782 caelum
1521 4737 1576 4784 et
1604 4737 1820 4794 terram,
1844 4744 2033 4784 omnes

455 4830 726 4876 creaturas
756 4819 916 4874 simul
942 4818 1366 4888 comprehendit,
1395 4828 1501 4873 tam
1523 4835 1615 4875 eas
1636 4836 1754 4889 qua:
1780 4820 1831 4874 in
1858 4820 1992 4874 caelo
2015 4861 2030 4885 ,

449 4927 610 4981 quam
636 4926 754 4982 quae
781 4910 836 4964 in
869 4920 1029 4965 terra.
1081 4910 1233 4965 Sicut
1256 4910 1411 4981 igitur
1437 4911 1490 4964 in
1521 4912 1857 4966 enarratione
1881 4926 2033 4966 crea-

453 5012 691 5057 turarum
715 5017 819 5057 non
844 5003 1022 5057 omnia
1043 5001 1297 5072 deinceps
1317 5001 1467 5067 dicit,
1489 5000 1585 5056 sed
1621 5002 1853 5057 maxime
1871 5017 2034 5072 gene-

450 5096 583 5149 ralia
615 5104 816 5149 tantum
869 5105 1284 5161 commemorat,
1334 5110 1432 5150 nec
1472 5095 1740 5165 sigillatim
1771 5106 1987 5152 enarrat
2018 5118 2031 5153 :

452 5188 523 5242 ita
549 5196 603 5243 et
620 5187 815 5241 librum
844 5195 1035 5254 totum,
1058 5188 1158 5241 etsi
1188 5188 1352 5242 multa
1378 5186 1479 5241 alia
1502 5186 1794 5251 contineat,
1837 5186 2031 5242 librum

450 5280 811 5349 generationis
849 5280 964 5334 caeli
990 5289 1042 5335 et
1071 5288 1227 5335 terra:
1245 5278 1546 5350 appellavit,
1575 5280 1727 5335 nobis
1752 5295 1817 5335 ex
1844 5279 2032 5335 horum

452 5373 959 5427 commemoratione
1002 5372 1143 5442 quod
1193 5374 1454 5443 reliquum
1497 5382 1579 5428 est
1620 5373 2032 5442 computandum

464 5464 792 5533 relinquens,
825 5478 1045 5518 necesse
1073 5477 1192 5517 esse
1231 5463 1408 5518 omnia
1436 5464 1490 5518 in
1519 5464 1621 5519 hoc
1650 5464 1782 5519 libro
1809 5463 2033 5518 visibilia

460 5554 743 5619 contineri,
775 5564 880 5607 tam
919 5569 981 5608 ea
1006 5570 1125 5623 quas
1164 5554 1218 5606 in
1248 5555 1400 5621 caelo,
1428 5569 1586 5623 quam
1616 5570 1734 5624 quae
1778 5555 1831 5610 in
1874 5564 2032 5609 terra.

461 5644 577 5710 Quo
620 5645 719 5708 die,
746 5645 930 5711 inquit,
957 5645 1071 5714 fecit
1094 5644 1229 5699 Deus
1259 5647 1437 5699 caelum
1458 5656 1503 5699 et
1535 5656 1755 5712 terram,
1801 5656 1848 5699 et
1893 5662 2039 5701 omne

458 5734 726 5803 virgultum
754 5736 883 5805 agri,
912 5745 1177 5803 antequam
1206 5738 1344 5803 ﬁeret
1370 5754 1519 5807 super
1547 5749 1749 5803 terram,
1777 5748 1821 5791 et
1843 5756 2038 5792 omnem

462 5825 662 5883 herbam
706 5827 849 5897 agri,
881 5838 1147 5897 antequam
1198 5828 1431 5883 oriretur.
1483 5828 1604 5883 Non
1669 5833 1799 5883 enim
1842 5832 2037 5899 pluerat

2160 495 2300 554 Deus
2325 516 2478 570 super
2503 510 2707 568 terram,
2735 516 2892 571 itaque
2917 504 3065 557 homo
3088 512 3197 557 erat
3239 505 3327 573 qui
3360 505 3543 561 coleret
3565 506 3729 563 illam.

2152 591 2259 646 Sed
2279 594 2394 662 forts
2420 591 2718 647 ascendebat
2741 610 2769 649 e
2795 604 2948 659 terra,
2974 607 3020 649 et
3046 596 3292 667 irrigabat
3329 599 3612 652 universam
3642 604 3725 669 fa-

2150 684 2277 737 cient
2304 694 2473 737 terraz.
2496 683 2727 740 Grandis
2772 686 3052 741 thesaurus
3082 687 3134 741 in
3166 689 3403 757 pauculis
3424 691 3600 745 verbis
3627 692 3733 747 illis

2151 775 2458 831 reconditus
2484 788 2565 832 est
2589 795 2601 831 :
2628 778 2767 832 unde
2784 794 2972 849 magna
2995 779 3297 850 prudentia,
3319 797 3437 851 qua:
3459 781 3730 851 dicuntur,

2146 868 2366 937 juvante
2413 884 2510 923 nos
2566 870 2660 925 Dei
2682 872 2849 939 gratia
2880 913 2896 937 ,
2927 874 3172 943 congruit
3217 876 3501 943 explicare,
3529 892 3733 947 vosque

2149 960 2503 1029 spiritualium
2530 963 2712 1017 harum
2734 964 3040 1020 divitiarum
3073 977 3349 1023 consortes
3376 968 3572 1026 facere.
3611 971 3734 1041 Spi-

2150 1054 2282 1106 ritus
2306 1054 2449 1107 enim
2476 1064 2690 1110 sanctus
2711 1056 3005 1111 futurorum
3034 1060 3308 1127 praescius.
3339 1069 3395 1113 ut
3424 1061 3555 1116 nulli
3582 1072 3733 1130 post-

2152 1141 2251 1197 hac
2301 1145 2661 1209 contendere,
2711 1158 2763 1201 et
2807 1148 3183 1204 ecclesiasticis
3242 1150 3615 1219 dogmatibus,
3661 1169 3730 1209 ex

2151 1233 2381 1302 propriis
2423 1236 2717 1292 ratiociniis
2737 1278 2751 1301 ,
2776 1238 2996 1292 adversa
3027 1239 3218 1294 divinis
3246 1240 3533 1310 Scripturis
3557 1243 3733 1296 immi-

2149 1340 2298 1379 scere
2313 1326 2488 1392 liceat,
2512 1328 2672 1381 etiam
2696 1344 2835 1383 nunc
2858 1329 3054 1395 denuo,
3074 1340 3352 1401 postquam
3364 1345 3730 1387 creaturarum

2148 1415 2390 1471 ordinem
2432 1418 2650 1484 docuit,
2703 1427 2757 1474 et
2808 1422 2934 1490 quid
2967 1423 3227 1491 primum,
3280 1425 3405 1494 quid
3435 1426 3731 1480 secundum

2150 1508 2461 1576 produt-tum
2483 1510 2569 1575 sit,
2604 1521 2654 1565 et
2686 1512 2827 1580 quod
2858 1514 3059 1567 semina
3081 1529 3175 1568 sua
3201 1515 3359 1570 tellus
3382 1516 3546 1571 verbo
3576 1533 3737 1570 man-

2147 1599 2378 1670 dataque
2410 1603 2617 1658 Domini
2661 1606 2970 1661 ministrans
3019 1606 3266 1674 ediderit,
3311 1623 3373 1663 ac
3402 1609 3732 1679 producendi

2148 1695 2254 1748 vim
2284 1697 2570 1765 acet-perit,
2598 1712 2720 1752 cum
2752 1714 2925 1768 neque
2952 1700 3080 1754 stilis
3104 1702 3480 1770 cooperatione
3499 1711 3680 1772 egeret
3710 1744 3728 1768 ,

2147 1787 2239 1857 qui
2268 1790 2501 1844 nondum
2529 1800 2644 1845 erat
2666 1832 2682 1855 ,
2715 1807 2891 1862 neque
2919 1793 3213 1862 pluviarum
3261 1794 3595 1859 humiditate,
3630 1812 3731 1850 ne-

2145 1895 2252 1950 que
2276 1882 2506 1936 hominis
2529 1887 2775 1950 cultura;
2804 1899 2926 1939 nam
2956 1894 3012 1939 et
3036 1885 3126 1941 ille
3154 1886 3387 1943 nondum
3416 1888 3467 1944 in
3493 1887 3731 1943 medium

2146 1972 2452 2042 prodierat:
2482 1973 2602 2030 ideo
2628 1975 2818 2030 iterum
2842 1977 3034 2046 repetit
3062 1978 3411 2046 particulatim
3440 1979 3640 2046 omnia,
3670 1990 3734 2034 ut

2148 2063 2423 2119 indomitus
2467 2066 2805 2135 impudenter
2837 2068 3210 2123 blaterantium
3264 2070 3459 2141 linguae
3505 2086 3732 2141 compe—

2146 2166 2384 2211 scautur.
2405 2156 2540 2224 Quid
2572 2159 2713 2212 enim
2738 2159 2857 2212 ait?
2892 2158 2986 2213 Die
3008 2176 3108 2230 quo
3133 2162 3250 2231 fecit
3296 2160 3432 2216 Deus
3458 2164 3637 2217 mlunt
3676 2175 3732 2217 et

2148 2259 2352 2315 terram,
2379 2259 2426 2302 et
2455 2266 2602 2304 omne
2624 2252 2894 2321 virgultum
2921 2253 3053 2321 agri,
3088 2253 3381 2322 priusquam
3420 2254 3557 2321 ﬁeret
3575 2271 3734 2325 super

2148 2350 2360 2408 terram,
2404 2358 2695 2412 omnemque
2725 2342 2928 2395 herbam
2958 2343 3103 2411 agri,
3154 2344 3446 2413 priusquam
3485 2345 3724 2398 oriretur.

2149 2429 2269 2484 Non
2293 2430 2429 2484 enim
2473 2432 2671 2501 pluerat
2700 2431 2837 2486 Deus
2860 2449 3011 2503 super
3038 2446 3226 2487 terram
3243 2476 3259 2501 ,
3315 2451 3405 2487 nec
3427 2445 3532 2488 erat
3576 2436 3731 2490 homo

2149 2524 2234 2592 qui
2263 2525 2444 2577 coleret
2467 2524 2633 2579 illam.
2662 2523 2802 2579 Fons
2831 2535 2998 2578 autent
3023 2527 3319 2580 ascendebat
3365 2528 3429 2581 de
3468 2538 3623 2593 terra,
3677 2540 3731 2580 et

2144 2615 2341 2687 rigabat
2383 2617 2666 2671 universam
2692 2618 2871 2688 faciem
2909 2628 3071 2672 terra.
3103 2618 3214 2673 Hoc
3244 2619 3355 2674 vult
3382 2620 3579 2686 dicere,
3606 2635 3729 2675 ser-

2143 2725 2303 2763 mone
2325 2720 2377 2763 et
2399 2721 2666 2780 praecepto
2717 2710 2876 2776 illius,
2901 2726 3020 2781 qua:
3048 2711 3191 2781 prius
3236 2726 3343 2766 non
3369 2722 3553 2778 erant,
3594 2727 3727 2781 pro-

2144 2800 2301 2855 ducta
2332 2800 2514 2868 fuisse,
2542 2812 2597 2857 et
2640 2818 2758 2871 qua:
2784 2817 2889 2857 non
2934 2803 3280 2867 exsistebant,
3309 2804 3484 2859 subito
3504 2818 3726 2873 cotnpa-

2145 2892 2333 2947 ruisse.
2368 2891 2543 2946 Herba
2592 2903 2692 2958 est,
2726 2908 2843 2962 quae
2869 2908 2934 2947 ex
2962 2904 3101 2948 terra
3130 2895 3371 2963 provenit
3398 2912 3411 2947 :
3438 2893 3523 2949 hic
3546 2905 3729 2949 autem

2143 2983 2361 3040 herbam
2386 2985 2590 3050 dicens,
2618 2986 2820 3039 semina
2850 2986 3026 3040 omnia
3050 2986 3194 3041 dicit.
3223 2986 3293 3040 Et
3315 2985 3384 3041 de
3411 2987 3600 3057 pluviis
3628 2987 3729 3040 do-

2140 3093 2269 3134 cens
2304 3093 2400 3132 nos
2437 3078 2624 3132 iterum
2664 3077 2841 3131 divina
2870 3078 3138 3148 Scriptura
3176 3078 3396 3132 subdit:
3429 3077 3551 3132 Non
3587 3083 3727 3133 enim

2118 3173 2338 3243 pluerat
2367 3169 2503 3225 Deus
2540 3188 2695 3240 super
2732 3182 2915 3225 terram
2943 3188 2962 3225 :
2993 3172 3092 3226 hoc
3120 3180 3221 3236 est,
3253 3172 3488 3227 nondum
3533 3172 3726 3240 pluvia:

2139 3267 2368 3334 desuper
2392 3264 2689 3325 cadebant;
2715 3263 3011 3334 deindeque
3037 3264 3299 3327 ostendit,
3342 3279 3515 3335 neque
3543 3264 3722 3319 homi—

2140 3360 2221 3413 nis
2263 3358 2572 3428 operatione
2616 3357 2864 3412 habuisse
2888 3372 3065 3426 opus:
3099 3356 3219 3411 Non
3258 3358 3420 3423 enim,
3466 3359 3573 3422 ait,
3612 3368 3725 3411 erat

2139 3453 2287 3505 homo
2312 3453 2395 3523 qui
2421 3461 2715 3521 operaretur
2756 3460 2939 3503 terram
2969 3466 2987 3504 :
3011 3451 3160 3520 quasi
3185 3451 3421 3505 clamans
3444 3459 3500 3505 et
3536 3451 3725 3506 dicens

2140 3543 2366 3613 posteris
2398 3543 2682 3597 omnibus:
2729 3542 2920 3596 Audite
2950 3541 3083 3607 haec,
3126 3551 3181 3595 et
3204 3540 3422 3606 discite,
3452 3541 3725 3611 quomodo

2137 3638 2205 3691 ab
2230 3637 2379 3692 initio
2404 3652 2591 3690 omnes
2615 3647 2768 3689 terra:
2814 3643 3099 3703 proventus
3124 3634 3231 3687 sint
3274 3633 3534 3702 producti,
3572 3641 3628 3687 et
3654 3650 3725 3687 ne

2138 3740 2332 3784 terram
2362 3729 2648 3784 colentium
2674 3728 2958 3797 diligentiae
2982 3726 3159 3781 omnia
3187 3726 3418 3790 tribuite,
3442 3741 3614 3796 neque
3640 3726 3723 3780 eis

2140 3823 2237 3878 hos
2270 3825 2386 3893 ejus
2417 3833 2596 3892 partus
2636 3822 2922 3876 adscribite
2950 3838 2962 3874 ε
2995 3819 3089 3875 sed
3117 3819 3283 3874 verbo
3322 3828 3376 3875 et
3411 3831 3678 3891 praecepto
3700 3860 3721 3886 ,

2136 3919 2277 3987 quod
2306 3935 2334 3970 a
2364 3916 2650 3972 Conditore
2672 3931 2770 3971 suo
2799 3915 2863 3970 ad
2894 3930 3011 3969 eam
3041 3915 3302 3984 prolatum
3331 3924 3432 3969 est.
3471 3914 3596 3968 Ha-c
3621 3927 3723 3968 au-

2138 4020 2243 4065 tem
2283 4011 2460 4064 omnia
2500 4010 2651 4076 ﬁunt,
2683 4018 2742 4066 ut
2763 4009 3031 4064 discamus
3058 4018 3255 4063 terram
3283 4008 3348 4063 ad
3388 4007 3595 4063 edenda
3633 4021 3723 4063 se-

2136 4105 2278 4159 mina
2327 4120 2422 4160 sua
2470 4104 2691 4158 aliorum
2742 4104 3125 4159 elementorum
3185 4103 3562 4172 cooperatione
3609 4117 3720 4157 non

2135 4213 2325 4267 egere,
2357 4197 2450 4252 sed
2479 4197 2780 4252 Conditoris
2806 4196 3056 4249 mandato
3094 4202 3395 4250 contentam
3436 4194 3621 4250 fuisse.
3651 4193 3723 4247 Et

2135 4291 2275 4359 quod
2320 4291 2617 4345 mirandum
2647 4288 3077 4358 stupendumque
3105 4300 3208 4353 est,
3239 4291 3283 4344 is
3324 4290 3411 4360 qui
3441 4304 3579 4343 nunc
3608 4297 3719 4341 lcr-

2137 4397 2249 4435 ratn
2278 4382 2441 4434 verbo
2468 4381 2533 4434 ad
2556 4390 2633 4435 tot
2658 4382 2858 4435 semina
2888 4381 3220 4450 producenda
3246 4382 3513 4445 excitavit,
3546 4390 3597 4434 et
3625 4397 3722 4447 po-

2137 4479 2356 4529 tentiam
2397 4490 2547 4529 suam
2593 4474 2835 4528 humanm
2858 4474 3076 4528 rationis
3124 4487 3333 4543 captum
3381 4483 3719 4542 superanti-ni

2136 4568 2390 4631 exhibuit,
2426 4568 2561 4621 hanc
2591 4568 2757 4637 ipsam
2788 4578 2891 4620 tam
2919 4581 3130 4636 gravem
3157 4576 3209 4620 et
3237 4575 3435 4621 tanttnn
3463 4566 3719 4619 mundum

2137 4676 2295 4729 supra
2320 4660 2536 4715 dorsum
2565 4675 2719 4715 suum
2768 4659 3023 4713 ferentem
3055 4675 3213 4729 super
3250 4676 3413 4729 aquas
3455 4659 3717 4725 fundavit,

2136 4754 2272 4808 sicut
2315 4764 2369 4807 et
2407 4754 2659 4822 prepheta
2702 4754 2831 4807 dicit
2865 4771 2876 4804 :
2914 4753 3013 4819 Qui
3062 4753 3293 4824 fundavit
3338 4762 3523 4805 terram
3567 4768 3718 4822 super

2138 4862 2292 4912 aquas
2323 4844 2492 4915 (Psal.
2520 4846 2642 4900 135.
2667 4845 2741 4913 6).
2775 4845 2903 4909 Quae
2940 4845 3167 4898 humana
3197 4844 3329 4897 ratio
3353 4843 3419 4898 ad
3450 4844 3565 4897 haec
3594 4860 3717 4912 per-

2138 4937 2343 5007 tingere
2382 4936 2583 5006 possit?
2607 4935 2737 4990 Nam
2767 4950 2886 4989 cum
2919 4935 3162 4991 homines
3198 4935 3389 4990 domus
3416 4933 3677 4989 :edilicant
3701 4979 3715 4997 ,

2138 5035 2192 5081 et
2212 5025 2550 5081 fundamenta
2569 5027 2747 5095 jacere
2775 5027 2978 5089 volunt,
3005 5028 3154 5097 prius
3182 5026 3421 5091 fodiunt;
3452 5035 3507 5081 et
3532 5026 3618 5080 ubi
3650 5024 3718 5080 ad

2139 5117 2396 5187 profunda
2423 5117 2781 5187 pervenerint,
2809 5117 2854 5172 si
2878 5117 2961 5171 vel
2989 5133 3207 5187 parvum
3250 5118 3525 5173 humorem
3567 5119 3720 5174 vide-

2140 5209 2270 5276 rint,
2299 5209 2427 5263 nihil
2464 5224 2567 5263 non
2594 5219 2750 5279 agunt
2784 5218 2841 5262 ut
2876 5217 3041 5264 totum
3090 5208 3258 5279 ipsum
3286 5211 3619 5277 exhauriant,
3664 5220 3721 5265 et

2139 5300 2218 5354 sic
2263 5299 2602 5355 fundamenta
2648 5300 2825 5355 loceut
2864 5317 2877 5353 :
2929 5310 3207 5371 propterea
3252 5303 3488 5356 omnium
3532 5302 3719 5370 Opilvx

2139 5391 2316 5446 omnia
2343 5406 2496 5446 secus
2538 5406 2696 5460 quam
2726 5391 2967 5446 homines
3010 5392 3153 5458 facit,
3198 5401 3257 5446 ut
3293 5408 3361 5447 ex
3402 5393 3501 5447 hoc
3545 5393 3723 5446 discas

2142 5484 2460 5539 ineffabilem
2490 5484 2605 5552 ejus
2632 5485 2944 5553 potentiam,
2976 5494 3048 5551 et,
3082 5485 3292 5554 quando
3319 5485 3430 5555 ipse
3458 5486 3716 5547 voluerit,

2140 5576 2401 5631 elementa
2433 5577 2545 5630 haec
2576 5577 2728 5645 plane
2756 5578 3099 5643 contrarium,
3124 5592 3286 5646 quam
3343 5578 3540 5643 solent,
3589 5579 3709 5633 elle-

2141 5676 2283 5721 ctum
2311 5682 2377 5720 ex
2403 5664 2703 5721 Conditoris
2726 5674 2989 5736 praecepto
3014 5668 3313 5722 ostendere.

2215 5757 2483 5811 Elementa
2518 5758 2622 5811 Deo
2651 5760 2854 5812 omnino
2891 5758 3089 5811 subdita
3127 5769 3279 5822 sunt;
3309 5775 3478 5813 servos
3504 5759 3598 5812 Dei
3639 5776 3719 5811 rc-

2150 5863 2403 5907 verentur.
2423 5884 2491 5893 —-—
2511 5855 2560 5909 5.
2598 5854 2660 5908 Et
2687 5863 2741 5908 ut
2768 5854 2819 5908 id
2846 5854 2985 5925 quod
3017 5854 3226 5923 dicitur,
3260 5855 3537 5911 dilucidius
3572 5854 3720 5909 vobis
