4040 6378
480 397 572 450 101
1267 395 1325 454 S.
1364 398 1652 457 JOANNIS
1689 401 2176 461 CIIRYSOSTOMI
2203 406 2521 465 ARCHIEP.
2548 409 3092 468 CONSTANTINOP.

478 516 564 566 ἐπ’
594 515 756 571 αὑτοῦ
796 515 890 569 τοῦ
919 512 1282 585 προκειμένου
1311 515 1401 568 τὸν
1434 515 1592 585 λόγον
1633 519 2021 589 γυμνάσωμεν,
2054 523 2148 576 καὶ

481 604 595 655 τότε
617 605 712 657 καὶ
735 603 820 670 ἐφ’
849 602 935 655 ἔτε
947 619 1034 670 ρον
1061 601 1501 673 μεταϐησόμεθα.
1529 603 1699 656 Τοῦτο
1717 603 1825 676 γάρ
1845 607 1977 659 αὐτό
2004 609 2156 660 ἐναν-

477 690 590 742 τίον
625 690 740 742 ἐστί
770 692 834 760 τῇ
863 689 1020 759 φύσει
1053 687 1162 740 τῶν
1187 688 1418 755 ὑδάτων,
1448 690 1508 742 τὸ
1541 689 1685 743 οὑτω
1711 691 1847 760 βαρύ
1872 693 2032 763 σῶμα
2060 694 2156 762 φέ·

484 792 596 842 ρειν
618 793 631 806 ·
667 778 759 826 καὶ
790 777 854 844 τῇ
888 778 957 844 γῇ
987 773 1147 826 πάλιν
1175 775 1417 827 ἐναντίον
1443 775 1502 828 τὸ
1541 775 1632 828 ἐπὶ
1664 776 1891 848 τοιούτῳ
1919 779 2154 851 θεμελίῳ

477 862 574 931 τὴν
606 863 765 931 ’έδραν
799 861 962 930 ἔχειν.
1004 863 1110 914 Καὶ
1143 861 1194 913 τί
1240 861 1572 932 θαυμάζειςς
1610 864 1729 916 Κᾶν
1758 866 1866 937 γάρ
1901 867 1986 934 ἐφ’
2021 867 2154 920 ἐκά-

480 961 603 997 στου
633 947 738 997 τῶν
765 945 1071 1014 γενομένων
1098 945 1443 1015 διερευνῆσαι
1470 946 1758 1018 βουληθῇς,
1781 950 2033 1020 εὑρήσεις
2061 951 2153 1003 τοῦ

477 1031 982 1104 δημιουργήσαντος
1004 1033 1230 1104 ἄπειρον
1251 1033 1348 1103 τὴν
1378 1034 1626 1104 δύναμιν,
1661 1035 1754 1088 καὶ
1782 1036 1861 1088 ὅτι
1887 1039 1952 1108 τῇ
1979 1038 2154 1109 οἰκείᾳ
2207 1050 2223 1061 ‘

479 1118 966 1189 ﬁgulﬁsu'ﬁvmxai
993 1121 1169 1172 πάντα
1195 1119 1264 1172 τά
1288 1119 1562 1191 ὁρώμενα.
1599 1121 1772 1175 Τοῦτο
1813 1123 1921 1194 γάρ
1951 1125 2045 1176 καὶ
2064 1126 2155 1176 ἐπὶ

475 1207 570 1258 τοῦ
609 1208 777 1277 πυρὸς
807 1209 953 1260 ἔστιν
1001 1209 1126 1259 ἰδεῖν
1165 1206 1481 1276 γινόμενον·
1527 1206 1588 1259 τὸ
1633 1207 1740 1279 γάρ
1773 1206 2152 1280 δαπανητικὴν

477 1293 599 1363 ἔχον
640 1297 941 1367 ἐνέργειαν,
987 1296 1079 1347 καὶ
1114 1295 1328 1348 πάντων
1365 1295 1800 1365 περιγινόμενον,
1849 1297 1940 1349 καὶ
1974 1299 2153 1349 πᾶσαν

481 1381 612 1452 ’ύλην
633 1382 816 1444 λίθων,
848 1385 940 1435 καὶ
981 1381 1172 1447 ξύλων,
1215 1382 1308 1436 καὶ
1337 1382 1628 1452 σωμάτων,
1663 1384 1755 1436 καὶ
1780 1385 1998 1456 σιδήρου
2035 1386 2150 1454 μετ’

479 1469 729 1531 εὐκολίας
752 1470 1167 1535 καταναλίσκον,
1187 1469 1372 1538 ἐπειδὴ
1409 1469 1742 1540 προσέταξεν
1758 1471 1786 1522 0
1800 1469 2150 1541 δημιουργὸς,

480 1559 748 1628 σωμάτων
779 1558 1002 1610 ἁπαλῶν
1039 1557 1133 1610 καὶ
1169 1557 1424 1628 φθαρτῶν
1466 1559 1566 1628 οὐχ
1609 1560 1804 1629 ἥψατο,
1840 1558 1953 1611 ἀλλ’
1984 1559 2153 1611 ἀϐλα-

478 1647 592 1709 ϐεῖς
631 1648 756 1709 τοὺς
795 1646 989 1708 παῖδας
1020 1645 1364 1714 διεφύλαττεν
1400 1647 1456 1698 ἐν
1495 1647 1633 1717 μέσῃ
1671 1649 1740 1718 τῇ
1782 1647 2015 1717 καμίνῳ.
2045 1647 2154 1700 Καὶ

483 1736 557 1805 μὴ
583 1734 890 1807 θαυμάσῃς,
933 1737 981 1788 εἰ
1014 1733 1121 1788 τῶν
1169 1734 1436 1804 σωμάτων
1461 1735 1636 1787 αὐτῶν
1679 1736 1777 1806 οὐχ
1799 1735 1992 1806 ἥψατο,
2037 1735 2152 1788 ἀλλ’

479 1823 732 1888 εὐταξίαν
797 1823 1065 1894 τοσαύτην
1135 1822 1445 1888 ἐπεδείξατο
1514 1823 1574 1874 τὸ
1634 1823 1826 1890 ἄλογον
1895 1827 2153 1893 στοιχεῖον

477 1912 608 1980 ὅσην
650 1911 772 1965 οὐδέ
806 1911 950 1964 ἔστιν
980 1911 1172 1963 εἰπεῖν.
1201 1910 1336 1963 Οὐδὲ
1364 1909 1470 1982 γάρ
1505 1912 1623 1972 ταῖς
1661 1909 1836 1981 θριξὶν
1877 1911 2152 1981 ἐλυμήνα-

475 2016 558 2061 το,
590 1999 704 2052 ἀλλ’
729 1999 958 2053 ἐκύκλου
990 1997 1088 2066 μὲν
1115 1998 1335 2060 αὐτοὺς,
1377 1999 1471 2050 καὶ
1513 1991 1656 2068 εἶχεν
1689 1998 1833 2050 ἔνδον
1853 2013 1866 2028 ·
1904 1998 2153 2071 καθάπερ

477 2087 532 2140 δὲ
559 2086 803 2156 ὑπακοὴν
834 2085 1114 2156 πληροῦσα
1149 2087 1182 2155 ἡ
1211 2084 1304 2137 τοῦ
1335 2085 1508 2156 πυρὸς
1547 2085 1724 2148 οὐσία,
1759 2087 1849 2138 καὶ
1880 2087 2151 2140 Δεσπότου

477 2175 811 2244 ἐπιτάγματι
843 2172 1281 2242 ὑπηρετουμένη,
1317 2171 1608 2241 ἀκεραίους
1654 2173 1748 2225 καὶ⁵
1792 2173 2047 2237 ἀϐλαϐεῖς
2077 2174 2155 2226 δι-

479 2260 742 2330 εφύλαττε
781 2260 906 2322 τούς
959 2259 1304 2328 θαυμαστοὺς
1333 2259 1572 2322 ἐκείνους
1604 2261 1819 2323 παῖδας,
1848 2261 1942 2313 καὶ
1963 2261 2151 2333 ῶσπερ

479 2350 537 2400 ἐν
590 2347 814 2418 λειμῶνι
863 2346 955 2399 καὶ
1002 2346 1312 2418 παραδείσῳ
1349 2345 1673 2416 βαδίζοντες,
1717 2348 1855 2418 μετά
1887 2348 2153 2420 τοσαύτης

478 2437 659 2500 ἀδείας
697 2438 789 2490 ἐπὶ
813 2435 911 2506 τῆς
943 2435 1170 2506 καμίνου
1203 2434 1410 2504 διῆγον.
1449 2436 1556 2488 Καὶ
1583 2435 1670 2489 ἵνα
1714 2436 1789 2507 μὴ
1823 2438 2018 2508 νομίσῃ
2046 2455 2150 2503 τις,

476 2525 560 2577 ὅτι
587 2524 688 2577 οὐκ
713 2519 780 2594 ἦν
808 2523 1059 2593 ἐνέργεια
1087 2523 1257 2594 πυρὸς
1284 2523 1344 2575 τὸ
1371 2522 1667 2594 ὁρώμενον,
1699 2524 1787 2578 διά
1813 2524 1973 2578 τοῦτο
1999 2527 2029 2578 0
2064 2543 2154 2594 φι-

478 2611 796 2684 λάνθρωπος
828 2612 1107 2682 Δεσπότης
1133 2611 1194 2662 οὐ
1226 2610 1322 2680 τὴν
1359 2611 1636 2681 ἐνέργειαν
1662 2612 1825 2665 αὐτοῦ
1866 2612 2147 2682 ἐπέδησεν,

475 2701 590 2753 ἀλλ’
619 2700 776 2768 ἀφεὶς
824 2699 1004 2768 μένειν
1055 2701 1152 2766 τὴν
1196 2699 1475 2768 ἐνέργειαν
1508 2699 1671 2752 αὐτοῦ
1702 2700 1799 2770 τὴν
1829 2701 2148 2769 καυστικὴν,

476 2789 602 2851 τοὺς
633 2787 794 2850 ἰδίους
824 2785 1163 2857 θεράποντας
1188 2786 1357 2838 ἀνωτέ
1369 2803 1492 2857 ρους
1516 2787 1616 2856 τῆς
1642 2789 1705 2839 ἐκ
1730 2786 1921 2839 τούτου
1950 2787 2152 2859 βλάϐης

475 2876 778 2947 εἰργάζετο.
798 2875 936 2928 Ἀλλ’
960 2875 1047 2928 ἵνα
1076 2873 1286 2944 μάθωσι
1318 2875 1413 2927 καὶ
1440 2877 1488 2928 οἰ
1518 2875 1848 2946 ἐμϐαλόντες
1867 2915 1882 2938 ,
1936 2877 2034 2947 ὅση
2057 2876 2150 2929 τοῦ

475 2966 584 3018 τῶν
612 2964 748 3017 ὅλων
776 2962 910 3016 Θεοῦ
945 2965 978 3032 ή
1005 2961 1254 3032 δύναμις,
1287 2962 1374 3014 ἐπ’
1403 2963 1627 3015 ἐκείνων
1656 2964 1754 3032 μὲν
1801 2965 1900 3034 τὴν
1948 2965 2154 3018 οἰκείαν

475 3054 755 3125 ἐνέργειαν
785 3051 1128 3104 ἐπεδείκνυτο
1151 3050 1211 3102 τὸ
1244 3049 1352 3121 πῦρ
1375 3068 1388 3081 °
1420 3052 1514 3104 καὶ
1541 3051 1601 3103 τὸ
1627 3051 1758 3104 αὐτὸ
1788 3053 2027 3116 ἐκείνους
2055 3055 2154 3124 μὲν

477 3140 852 3213 περιέστελλεν
888 3139 1056 3203 ἔνδον,
1089 3139 1313 3202 τούτους
1346 3139 1401 3190 δὲ
1430 3139 1534 3205 ἔξω
1564 3140 1803 3202 ἑστῶτας
1854 3141 2154 3211 κατέφλεγε

477 3233 570 3286 καὶ
615 3231 923 3301 ἀνήλισκεν.
955 3226 1109 3292 Εἶδες
1160 3229 1297 3292 πῶς,
1325 3231 1451 3282 ὅταν
1493 3232 1520 3282 0
1563 3232 1838 3304 Δεσπότης
1873 3232 2150 3304 βούληται,

477 3321 705 3372 ἕκαστον
756 3317 864 3369 τῶν
915 3317 1191 3386 στοιχείων
1241 3317 1377 3386 πρὸς
1410 3317 1508 3382 τὴν
1557 3318 1804 3371 ἐναντίαν
1837 3320 2154 3392 μεθίστησιν

477 3405 695 3464 οὐσίανς
731 3403 1070 3473 Δημιουργὸς
1100 3404 1207 3474 γάρ
1241 3405 1356 3456 ἐστι
1401 3405 1495 3457 καὶ
1539 3406 1835 3476 Δεσπότης,
1879 3407 1973 3459 καὶ
2020 3409 2154 3478 πρὸς

475 3495 535 3548 10
569 3495 766 3546 οἰκεῖον
793 3491 1002 3563 θέλημα
1029 3493 1243 3547 ᾶπαντα
1276 3495 1568 3564 οἰκονομεῖ.
1608 3495 1874 3550 Βούλεσθε
1922 3498 2017 3550 καὶ
2061 3498 2154 3550 ἐπὶ

474 3581 583 3634 τῶν
611 3582 818 3634 ὑδάτων
852 3579 1012 3633 πάλιν
1043 3580 1169 3633 ἰδεῖν
1202 3581 1262 3633 τὸ
1289 3581 1419 3635 αὐτὸ
1444 3581 1599 3635 τοῦτο
1633 3583 1942 3654 γινόμενον;
1972 3585 2154 3638 Καθά-

477 3687 582 3742 περ
615 3671 722 3741 γάρ
751 3668 985 3722 ἐνταῦθα
1008 3669 1067 3722 τὸ
1093 3669 1205 3740 πῦρ
1234 3671 1340 3722 τῶν
1370 3671 1469 3740 μὲν
1491 3671 1637 3724 ἔνδον
1665 3671 1833 3724 ὄντων
1861 3674 2151 3744 ἀπέσχετο,

477 3761 572 3812 καὶ
603 3757 895 3810 ἐπελάθετο
932 3757 1029 3827 τῆς
1062 3757 1268 3821 οἰκείας
1299 3758 1597 3828 ἐνεργείας,
1649 3761 1742 3812 ἐπὶ
1787 3759 1843 3812 δέ
1894 3761 2000 3814 τῶν
2050 3761 2155 3827 ἔξω

476 3846 850 3917 τυγχανόντων
898 3845 966 3898 τά
1012 3845 1206 3898 ἐαυτοῦ
1257 3845 1518 3915 ἐπλήρου,
1550 3845 1691 3900 οὑτω
1741 3850 1836 3902 καὶ
1873 3848 1940 3902 τά
1984 3849 2154 3904 ὕδατα

475 3933 719 4004 ὀψόμεθα
751 3933 876 3995 τοὺς
921 3932 1018 4002 μὲν
1055 3932 1423 4002 ὑποϐρυχίους
1465 3933 1825 4004 ἐργαζόμενα,
1862 3937 2068 4004 ἑτέροις
2097 3939 2154 3992 δὲ

478 4021 883 4092 ὑποχωροῦντα,
917 4019 1058 4072 ὥστε
1105 4019 1358 4082 ἀϐλαϐῶς
1397 4021 1592 4084 αὐτοὺς
1622 4022 1866 4078 διελθεῖν.
1887 4025 2156 4095 Ἀναμνή-

479 4108 642 4180 σθητέ
675 4124 762 4178 μοι
800 4107 894 4163 νῦν
925 4107 1017 4160 τοῦ
1050 4105 1164 4179 [95]
1194 4107 1396 4180 Φαραὼ
1426 4110 1520 4163 καὶ
1557 4110 1666 4166 τῶν
1699 4112 2031 4180 Αἰγυπτίων,
2061 4115 2154 4168 καὶ

473 4199 568 4252 τοῦ
595 4198 765 4268 δήμου
797 4196 906 4250 τῶν
943 4196 1230 4268 Ἐϐραίων,
1257 4197 1403 4260 ὅπως
1439 4200 1638 4252 ἐκεῖνοι
1664 4201 1762 4270 μὲν
1788 4201 1874 4254 διά
1897 4201 1958 4254 τὸ
1986 4203 2154 4273 πρόσ-

475 4303 661 4356 ταγμα
686 4284 778 4338 τοῦ
810 4284 1103 4350 Δεσπότου,
1135 4284 1229 4337 τοῦ
1267 4285 1505 4355 μεγάλου
1535 4287 1815 4350 Μωῦσέως
1878 4306 2154 4360 προηγου-

480 4375 662 4445 μένου,
696 4374 948 4444 καθάπερ
978 4375 1070 4426 ἐπὶ
1109 4373 1302 4443 ξηρᾶς,
1334 4373 1476 4426 οὕτω
1506 4375 1771 4429 διέϐαινον
1801 4377 1887 4430 διὰ
1917 4378 2017 4447 τῆς
2051 4379 2147 4431 θα-

477 4461 680 4532 λάσσης
729 4461 830 4528 τῆς
876 4461 1110 4531 ἐρυθρᾶς
1135 4480 1148 4492 ·
1180 4463 1228 4513 οἱ
1254 4461 1311 4513 δὲ
1343 4462 1630 4528 Αἰγύπτιοι
1665 4463 1802 4534 μετά
1829 4464 1922 4518 τοῦ
1957 4466 2154 4536 Φαραὼ

475 4551 575 4620 τὴν
623 4548 794 4619 αὐτὴν
838 4549 1021 4610 αὐτοῖς
1059 4547 1234 4601 ἐλθεῖν
1281 4547 1398 4600 ὁδὸν
1431 4549 1800 4620 βουληθέντες,
1835 4552 2152 4624 ὑποϐρύχιοι

475 4636 755 4704 γενόμενοι
785 4634 1251 4698 κατεποντίζοντο.
1283 4634 1469 4697 Οὐτως
1511 4631 1618 4688 οἶδε
1663 4637 1754 4690 καὶ
1801 4638 1869 4691 τὰ
1918 4645 2154 4712 στοιχεῖα

475 4722 740 4777 αἰδεῖσθαι
781 4722 908 4786 τοὺς
953 4721 1046 4774 τοῦ
1091 4722 1361 4774 Δεσπότου
1400 4723 1766 4793 θεράποντας,
1802 4727 1894 4778 καὶ
1936 4725 2032 4796 τὴν
2076 4730 2154 4780 οἰο

477 4813 630 4865 κείαν
659 4809 834 4884 ὁρμὴν
877 4811 985 4863 ἐσω
1016 4811 1286 4881 κατέχειν.
1306 4811 1652 4881 Ἀκούσωμεν
1700 4813 1814 4866 ὅσοι
1863 4812 2150 4885 θυμώδεις,

475 4901 588 4952 ὅσοι
633 4899 860 4968 ὀργίλοι,
891 4899 1004 4951 ὅσοι
1056 4899 1160 4950 ὑπὸ
1189 4899 1295 4951 τῶν
1330 4898 1504 4952 ἄλλων
1544 4899 1731 4954 παθῶν
1759 4899 1845 4953 διὰ
1881 4903 2151 4974 ρᾳθυμίαν

477 4988 821 5058 ἁλισκόμενοι
853 4987 950 5058 τὴν
986 4985 1194 5038 ἑαυτῶν
1246 4986 1563 5056 προδίδομεν
1613 4988 1908 5057 σωτηρίαν,
1943 4991 2033 5042 καὶ
2063 5009 2153 5060 μισ

480 5074 780 5146 μησώμεθα
824 5073 932 5126 τῶν
966 5073 1174 5140 ἀλόγων
1211 5073 1414 5126 τούτων
1441 5074 1720 5143 στοιχείων
1748 5075 1846 5145 τὴν
1886 5077 2153 5147 τοσαύτην

479 5163 740 5232 ὑπακοὴν,
772 5164 933 5233 ἡμεῖς
966 5163 1013 5214 οἰ
1047 5161 1186 5231 λόγῳ
1214 5161 1587 5231 τετιμημένοι.
1618 5163 1680 5214 Εἰ
1711 5164 1817 5234 γάρ
1852 5164 1912 5217 τὸ
1946 5166 2152 5239 πῦρ,τὸ

477 5251 618 5304 οὕτω
649 5249 1033 5319 δαπανητικὸν,
1062 5249 1122 5301 τὸ
1148 5249 1287 5302 οὕτω
1321 5250 1568 5321 σφοδρὸν,
1597 5254 1862 5321 σωμάτων
1899 5254 2152 5326 φθαρτῶν

479 5340 574 5393 καὶ
603 5335 774 5402 οὕτως
805 5337 1028 5393 ἁπαλῶν
1058 5337 1344 5407 ἀπέσχετο,
1370 5338 1528 5400 ποίας
1560 5338 1626 5390 ἂν
1651 5339 1788 5412 τύχῃ
1823 5343 2153 5414 συγγνώμης

480 5427 784 5497 ἄνθρωπος,
821 5424 895 5496 μὴ
943 5424 1261 5495 βουλόμενος
1301 5426 1392 5477 τὸν
1423 5426 1616 5479 ἐαυτοῦ
1649 5427 1944 5497 χαλινῶσαι
1986 5431 2152 5502 θυμὸν

479 5515 564 5568 διὰ
590 5515 649 5567 τὸ
674 5514 954 5583 ἐπίταγμα
998 5513 1092 5564 τοῦ
1121 5513 1414 5576 Δεσπότου,
1443 5515 1537 5566 καὶ
1565 5515 1661 5584 τὴν
1695 5517 1865 5587 ὀργὴν
1891 5517 1988 5589 τὴν
2017 5521 2152 5591 πρὸς

479 5603 571 5655 τὸν
602 5602 826 5672 πλησίον
869 5600 1149 5665 ἐκϐαλεῖν;
1179 5601 1288 5653 Καὶ
1322 5601 1380 5654 τὸ
1411 5603 1474 5672 δὴ
1515 5604 1726 5670 μεῖζον,
1769 5606 1848 5658 ὅτι
1883 5606 1993 5677 πῦρ
2021 5609 2151 5661 ταύ-

480 5707 577 5760 την
615 5691 736 5761 ἔχον
762 5689 858 5760 τὴν
889 5689 1096 5755 οὐσίαν,
1125 5687 1185 5740 τὸ
1217 5689 1391 5742 καίειν
1425 5690 1587 5758 λέγω,
1617 5693 1716 5763 τὴν
1756 5695 1960 5749 οἰκείαν
1999 5697 2150 5768 ἐνέρ-

480 5794 634 5846 γειαν
682 5777 782 5829 οὐκ
828 5776 1160 5840 ἐπεδείξατο,
1193 5776 1221 5827 0
1243 5776 1299 5828 δέ
1329 5777 1634 5848 ἄνθρωπος,
1665 5781 1726 5833 τὸ
1753 5783 1958 5854 ἥμερον
1989 5783 2146 5852 ζῶον,

476 5865 539 5917 τὸ
567 5863 802 5931 λογικὸν,
831 5863 888 5916 τὸ
912 5863 1170 5926 ἐπιεικὲς,
1200 5863 1267 5916 τά
1301 5865 1518 5918 ἐναντία
1549 5873 1612 5937 τῇ
1643 5867 1818 5938 οἰκείᾳ
1853 5870 2010 5938 φύσει
2034 5872 2147 5925 δια-

480 5952 796 6024 πράττεται,
833 5952 925 6005 ml
967 5951 1054 6006 διὰ
1105 5951 1374 6024 ρᾳθυμίαν
1406 5955 1482 6018 εἰς
1512 5955 1608 6026 τὴν
1639 5955 1742 6011 τῶν
1771 5957 1972 6028 θηρίων
2008 5959 2144 6030 ὠμό-

3821 419 3920 474 103

2257 543 2396 595 τητα
2432 527 2624 580 ἐαυτὸν
2653 527 2856 597 ἐξάγει.
2890 528 2988 582 Διά
3014 528 3169 582 τοῦτο
3211 530 3304 584 καὶ
3335 531 3368 602 ἡ
3411 532 3530 588 θεία
3571 535 3759 607 Γραφὴ
3792 535 3920 607 πρὸς

2254 615 2322 667 τὰ
2353 615 2498 686 πάθη
2528 616 2594 668 τά
2622 616 2942 686 ἐνοχλοῦντα
2969 617 3111 670 οὑτω
3144 620 3236 672 καὶ
3261 621 3359 683 τὰς
3387 621 3496 673 τῶν
3521 623 3727 691 ἀλόγων
3757 641 3921 695 προσ-

2254 703 2505 773 ηγορίας.
2539 704 2805 775 πολλαχοῦ
2827 705 2883 758 δὲ
2908 708 3002 758 καὶ
3025 705 3358 782 τῶν-θηρίων
3383 712 3493 772 τοῖς
3527 710 3670 781 λόγῳ
3699 729 3922 782 τετιμη-

2260 792 2464 863 μένοις·
2479 794 2753 864 ἐπιτίθησι
2779 811 2792 824 ·
2824 795 2952 848 ποτέ
2991 796 3088 866 μὲν
3110 777 3278 860 κύνας
3313 797 3550 852 καλοῦσα
3578 777 3666 854 διά
3689 801 3750 853 τὸ
3778 777 3923 854 ἀναί-

2258 898 2480 951 σχυντον
2510 884 2601 936 καί¹
2646 884 2834 954 ἰταμόν
2857 901 2870 914 ο
2907 885 3098 950 Κύνες
3134 884 3264 955 γὰρ,
3293 888 3474 956 φησὶν,
3503 889 3680 950 ἐνεοί,
3720 891 3794 942 οὐ
3828 889 3924 943 δυ-

2253 969 2499 1035 νάμενοι
2553 971 2865 1025 ὑλακτεῖν’
2923 971 3054 1024 ποτέ
3102 971 3158 1026 δὲ
3213 973 3409 1037 ἵππους
3456 973 3544 1027 διά
3585 975 3646 1028 τὸ
3690 976 3920 1042 λάγνον·

2258 1057 2462 1110 Ἶπποι
2513 1059 2621 1128 γὰρ
2671 1059 3036 1126 θηλυμανεῖς
3075 1060 3373 1129 ἐγένοντο,
3403 1061 3658 1128 ἕκαστος
3685 1063 3786 1115 ἐπὶ
3815 1063 3924 1131 τὴν

2255 1144 2512 1213 γυναῖκα
2542 1145 2646 1199 τοῦ
2686 1147 2953 1213 πλησίον
2984 1147 3451 1216 χρεμετίζοντεςο
3499 1149 3630 1202 ποτέ
3669 1150 3724 1202 δὲ
3751 1150 3920 1216 ὅνους,

2253 1232 2343 1284 διὰ
2359 1232 2455 1303 τὴν
2475 1232 2871 1304 ἀγνωμοσύνην
2898 1235 2990 1286 καὶ
3020 1236 3119 1306 τὴν
3151 1235 3336 1289 ἄνοιαν
3367 1252 3382 1266 ·
3409 1235 3921 1306 Παρασυνεᾶιήθη

2253 1321 2383 1394 γὰρ,
2417 1323 2568 1392 φησί,
2601 1323 2724 1388 τοῖς
2756 1321 3002 1387 κτήνεσι
3036 1323 3160 1389 τοῖς
3192 1323 3490 1391 ἀνοήτοις,
3521 1326 3621 1378 καὶ
3660 1326 3921 1395 ὡμοιώθη

2253 1410 2488 1476 αὐτοῖς’
2529 1411 2659 1463 ποτέ
2705 1410 2760 1463 δὲ
2807 1411 3029 1474 λέοντας
3058 1413 3150 1465 καὶ
3179 1411 3488 1481 παρδάλεις,
3523 1412 3608 1465 διὰ
3653 1413 3713 1464 10
3750 1415 3922 1484 ἁρπα-

2254 1499 2436 1551 κτικὸν
2465 1500 2556 1552 καί⁵
2580 1499 2958 1552 πλεονεκτικόν
2979 1517 2991 1529 ·
3033 1500 3162 1552 ποτέ
3203 1499 3258 1552 δέ
3292 1501 3544 1562 ἀσπίδας,
3575 1499 3664 1553 διά
3693 1501 3752 1554 τὸ
3781 1501 3924 1553 δολε-

2258 1587 2376 1657 ρόν·
2421 1586 2524 1652 Ἰὸς
2555 1589 2682 1659 γάρ.
2714 1589 2894 1658 φησὶν,
2927 1587 3202 1641 ἀσπίδων
3230 1589 3348 1641 ὑπὸ
3382 1590 3453 1641 τὰ
3477 1591 3652 1658 χείλη
3688 1588 3918 1643 αὐτῶν·

2256 1674 2384 1727 ποτὲ
2408 1674 2462 1726 δέ
2496 1675 2646 1742 ὄφεις
2675 1674 2769 1727 καί⁵
2799 1675 2962 1744 ἔχεις,
2991 1675 3077 1727 διὰ
3121 1675 3212 1727 τδν
3258 1676 3333 1729 ἰὸν
3379 1678 3471 1730 καὶ
3500 1666 3598 1749 τὴν
3634 1679 3918 1749 πονηρίαν,

2253 1761 2437 1824 καθὼς
2477 1763 2570 1814 καὶ
2619 1763 2648 1814 ὀ
2686 1763 2953 1833 μακάριος
2995 1763 3246 1834 Ἰωάννης
3275 1763 3427 1823 ἐϐόα,
3461 1763 3669 1832 λέγων·
3706 1768 3919 1836 Ὄφεις,

2255 1848 2597 1917 ⁸γεννήματα
2627 1847 2899 1917 ἐχιδνῶν.
2933 1848 3025 1913 τίς
3055 1848 3368 1912 ὑπέδειξεν
3403 1850 3542 1919 ὑμῖν
3571 1850 3787 1920 φυγεῖν
3808 1853 3923 1906 ἀπὸ

2252 1935 2363 2003 τῆς
2391 1937 2746 2005 μελλούσης
2785 1934 3004 2012 ὀργῆς-ς
3045 1936 3136 1988 καί
3169 1936 3329 2007 ἔτερα
3373 1937 3429 1990 δὲ
3475 1938 3786 2010 κατάλληλα
3816 1943 3922 2001 τοῖς

2255 2025 2483 2078 πάθεσιν
2515 2025 2753 2094 ὀνόματα
2784 2023 2999 2093 ἐπάγει,
3026 2025 3112 2076 ἵνα
3144 2023 3245 2078 κᾶν
3274 2024 3446 2087 οὕτως
3473 2026 3813 2091 αἰδεσθέντες
3829 2027 3921 2096 ὀψέ

2253 2130 2384 2165 ποτε
2417 2112 2552 2183 πρὸς
2581 2111 2677 2182 τὴν
2707 2111 2913 2164 οἰκείαν
2947 2111 3224 2179 εὐγένειαν
3258 2113 3612 2176 ἐπανέλθωσι,
3646 2116 3742 2168 καὶ
3773 2116 3920 2168 σπεί-

2256 2217 2454 2253 σωνται
2508 2199 2642 2270 πρὸς
2689 2199 2749 2251 τδ
2795 2199 3072 2269 ὁμογενὲς,
3113 2199 3206 2252 καὶ
3256 2200 3381 2262 τοὺς
3425 2199 3518 2252 τοῦ
3558 2201 3696 2254 Θεοῦ
3727 2203 3920 2272 νόμους

2255 2287 2678 2358 προτιμοτέρους
2725 2287 3032 2358 ἡγήσωνται
3078 2287 3186 2338 τῶν
3233 2287 3449 2339 οἰκείων
3481 2287 3688 2354 παθῶν,
3716 2283 3800 2353 οἷς
3838 2289 3919 2342 διά

2256 2377 2390 2447 ρᾳθυ
2401 2376 2528 2445 μίαν
2555 2376 2780 2437 ἑαυτοὺς
2810 2373 3189 2427 ἐκδεδῶκασιν.

2323 2463 2384 2517 δ’.
2430 2463 2570 2515 Ἀλλ’
2591 2463 2690 2515 οὑκ
2739 2458 2873 2526 οἴδα,
2905 2461 3022 2524 πῶς
3055 2462 3158 2515 ὑπὸ
3183 2462 3282 2533 τῆς
3312 2461 3408 2516 τοῦ
3443 2462 3601 2532 λόγου
3639 2463 3821 2536 ῥύμης
3846 2467 3921 2528 εἰς

2252 2546 2425 2600 ταῦτα
2475 2543 2758 2616 ἐξέϐημεν.
2791 2545 2927 2615 Φέρε
2973 2544 3036 2616 δὴ
3087 2544 3273 2599 λοιπὸν
3314 2547 3700 2618 ἐπανέλθωμεν
3732 2550 3826 2602 ἐπὶΙ
3863 2550 3922 2601 τὸ

2253 2628 2632 2702 προκείμενον,
2680 2628 2774 2680 καὶ
2805 2627 3000 2696 ἰδωμεν
3045 2625 3096 2679 τί
3144 2628 3238 2681 καὶ
3270 2627 3453 2700 ἔτερον
3493 2630 3733 2700 σήμερον
3781 2631 3921 2702 ἡμᾶς

2251 2713 2457 2778 διδάξαι
2505 2712 2750 2783 βούλεται
2795 2713 2824 2764 ὁ
2871 2713 3135 2783 μακάριος
3181 2710 3337 2776 οὗτος
3388 2716 3694 2785 προφήτης.
3744 2714 3922 2775 Εἰπὼν

2254 2799 2381 2868 γὰρ,
2414 2797 2574 2865 Αὕτη
2603 2793 2642 2860 ἠ
2672 2796 2892 2860 ,βίϐλος
2922 2795 3215 2864 γενέσεως
3243 2795 3504 2863 οὐρανοῦ
3546 2813 3608 2850 τε
3655 2798 3756 2850 καί
3791 2795 3921 2864 τῆς,

2255 2881 2462 2952 προῖὼν
2493 2879 2760 2950 διηγεῖται
2793 2879 2924 2948 ἡμῖν
2973 2877 3131 2931 πάλιν
3160 2879 3547 2950 ἀκριϐέστερον
3575 2880 3676 2949 τὴν
3701 2879 3797 2932 τοῦ
3838 2880 3923 2932 ἀν-

2255 2963 2471 3035 θρώπου
2517 2960 2893 3032 δημιουργίαν.
2949 2963 3058 3014 Καὶ
3115 2963 3298 3033 ἐπειδὴ
3350 2964 3604 3033 ἀνωτέρω
3651 2963 3922 3032 συντόμως

2253 3046 2391 3102 εἶπεν
2417 3047 2528 3100 Καὶ
2551 3047 2837 3114 ἐποίησεν
2861 3048 2894 3099 ό
2917 3039 3062 3110 Θέὸς
3085 3046 3191 3100 τὸν
3217 3046 3549 3115 ἄνθρωπον,
3572 3047 3700 3101 κατ’
3725 3047 3923 3100 εἰκόνα

2255 3133 2402 3186 Θεοῦ
2425 3132 2714 3197 ἐποίησεν
2741 3129 2945 3192 αὐτὸν,
2979 3129 3072 3182 νῦν
3099 3148 3250 3200 φησι,
3278 3131 3385 3184 Καὶ
3411 3132 3684 3184 ἔπλασεν
3719 3135 3753 3184 ὁ
3787 3130 3923 3196 Θεὸς

2255 3215 2368 3289 [96]
2405 3216 2509 3269 τὸν
2538 3215 2870 3282 ἄνθρωπον,
2897 3213 3050 3282 χοῦν
3076 3225 3100 3254 ι
3129 3213 3248 3267 ἀπὸ
3290 3212 3399 3284 τῆς
3424 3213 3556 3283 γῆς,
3588 3214 3690 3268 καὶ
3712 3214 3922 3282 ἐνεφὺ-

2252 3317 2452 3368 σησεν
2471 3301 2558 3364 εἰς
2577 3297 2644 3350 τὸ
2667 3298 2992 3364 πρόσωπον
3031 3297 3218 3350 αὐτοῦ
3255 3297 3454 3364 πνοὴν
3477 3296 3648 3365 ζωῆς,
3675 3298 3774 3351 καί
3806 3297 3925 3366 ἐγέ-

2252 3401 2388 3436 νετο
2410 3385 2442 3436 ὀ
2464 3380 2772 3449 ἄνθρωπος
2792 3381 2879 3444 εἰς
2897 3379 3108 3448 ψυχὴν
3128 3377 3340 3439 ζῶσαν.
3360 3380 3518 3447 Μέγα
3533 3380 3592 3432 10
3614 3382 3922 3453 εἰρημένον,

2254 3467 2347 3520 καὶ
2397 3465 2597 3535 πολλῆς
2645 3462 2960 3532 ἐκπλήξεως
2987 3463 3176 3532 γέμον,
3210 3462 3304 3514 καὶ
3335 3463 3662 3532 ὑπερϐαῖνον
3688 3463 3923 3517 διάνοιαν

2253 3549 2602 3620 ἀνθρωπίνην
2621 3567 2634 3578 ·
2665 3546 2777 3601 Καὶ
2809 3547 3062 3608 ἔπλασε,
3093 3546 3275 3616 φησὶν,
3317 3548 3349 3599 ό
3389 3545 3534 3611 Θεὸς
3570 3547 3680 3600 τὸν
3709 3547 3924 3615 ἅνθρω-

2253 3646 2392 3694 πον,
2423 3626 2602 3682 λαϐὼν
2619 3625 2900 3694 χοῦν-ὰπὸ
2924 3626 3034 3694 τῆς
3055 3626 3410 3698 γῆς.Ὢσπερ
3437 3628 3532 3680 ἐπὶ
3562 3628 3674 3680 τῶν
3697 3631 3925 3697 κτισμά-

2251 3732 2360 3768 των
2390 3714 2496 3767 τῶν
2541 3710 2833 3783 ὁρωμένων
2862 3711 3116 3764 ἀπάντων
3155 3710 3360 3779 ἔλεγον,
3392 3713 3471 3764 ὅτι
3500 3715 3834 3776 ἁπεναντίας
3860 3715 3920 3782 τῇ

2255 3798 2414 3868 φύσει
2459 3797 2524 3866 τῇ
2571 3793 2885 3865 ἀνθρωπίνῃ
2916 3792 3133 3846 ἅπαντα
3165 3793 3550 3864 διαπράττεται
3579 3797 3606 3848 ὁ
3635 3797 3746 3847 τῶν
3793 3795 3923 3848 ὅλων

2252 3879 2600 3953 δημιουργὸς,
2629 3878 2714 3929 ἵνα
2740 3877 2832 3930 καὶ
2858 3875 2944 3928 διά
2972 3875 3161 3927 τούτου
3194 3878 3226 3946 ὴ
3259 3879 3462 3945 άφατος
3491 3877 3656 3930 αὐτοῦ
3697 3877 3922 3946 δύναμις

2252 3964 2432 4036 δειχθῇ
2455 3979 2466 3992 ·
2505 3961 2645 4014 οὕτω
2664 3961 2757 4014 καὶ
2789 3962 2880 4012 ἐπὶ
2902 3961 3000 4030 τῆς
3026 3959 3118 4012 τοῦ
3146 3960 3436 4031 ἀνθρώπου
3470 3960 3814 4024 διαπλάσεως
3842 3960 3924 4012 εὐ-

2255 4051 2492 4120 ρήσομεν
2517 4045 2611 4098 νῦν
2637 4043 3033 4114 γεγονός.”ορα
3054 4043 3183 4114 γὰρ,
3209 4043 3305 4114 τὴν
3335 4043 3440 4113 γῆν
3471 4045 3563 4096 ἐπὶ
3585 4045 3694 4096 τῶν
3719 4045 3923 4097 ὑδάτων

2255 4128 2632 4200 ἐθεμελίωσεν,
2661 4127 2798 4196 ὅπερ
2831 4125 2892 4178 οὑ
2947 4129 3114 4198 χωρεῖ
3154 4126 3406 4193 δέξασθαι
3438 4126 3698 4195 λογισμὸς
3726 4125 3923 4198 ἀνθρὼ-

2254 4231 2404 4276 πινος
2440 4212 2567 4265 ἄνευ
2599 4208 2850 4271 πίστεως,
2881 4211 2976 4262 καὶ
3023 4209 3122 4272 τάς
3153 4210 3338 4272 οὐσίας
3383 4209 3441 4262 δὲ
3487 4211 3670 4273 πάσας
3706 4209 3922 4264 ἐπειδάν

2254 4295 2512 4367 βουληθῇ,
2547 4292 2794 4362 καθάπερ
2817 4291 3193 4363 ἀπεδείξαμεν,
3223 4292 3442 4344 ἐναντία
3472 4296 3537 4363 τῇ
3574 4295 3755 4365 οἰκείᾳ.
3776 4296 3920 4360 ἐνερ-

2252 4382 2376 4452 γεία
2404 4378 2810 4451 παρασκευάζει
2831 4375 3278 4447 διαπράττεσθαι.
3304 4375 3408 4428 Τὸν
3441 4377 3605 4429 αὐτὸν
3628 4377 3692 4447 δὴ
3723 4377 3920 4447 τρόπον

2253 4466 2345 4517 καὶ
2391 4464 2484 4516 ἐπὶ
2523 4463 2621 4532 τῆς
2649 4461 2896 4521 πλάσεως
2919 4459 3012 4511 τοῦ
3049 4458 3334 4529 ἀνθρώπου
3370 4459 3465 4513 νῦν
3505 4461 3637 4530 ἡμῖν
3669 4460 3920 4530 ἐμφαίνει

2252 4547 2471 4616 γεγονὸς
2496 4549 2528 4618 ἡ
2558 4545 2677 4599 θεία
2702 4545 2739 4596 Γ
2746 4545 2984 4614 ραφή.Ἕ
2990 4546 3210 4607 πλασε,
3242 4542 3426 4612 φησὶν,
3461 4546 3492 4596 ό
3522 4542 3667 4608 Θεὸς
3695 4545 3806 4596 τὸν
3831 4544 3922 4596 ἆν-

2254 4636 2489 4700 θρωπον
2521 4627 2672 4698 χοῦν
2697 4629 2812 4683 ἀπὸ
2859 4625 2969 4694 τῆς
3019 4625 3132 4695 τῆς
3169 4623 3369 4680 λαϐὼν.
3407 4627 3471 4678 Τί
3520 4626 3734 4695 λέγεις;
3785 4627 3923 4681 Χοῦν

2253 4713 2431 4766 λαϐὼν
2466 4711 2573 4766 ἀπὸ
2616 4712 2714 4780 τῆς
2761 4709 2863 4780 γῆς
2898 4709 3098 4761 ἔπλασε
3129 4707 3220 4760 τὸν
3250 4707 3567 4778 άνθρωπον;
3598 4711 3729 4771 Ναὶ,
3762 4711 3913 4781 φησι,

2253 4797 2348 4850 καὶ
2385 4796 2481 4865 οὐχ
2509 4793 2693 4856 ἁπλῶς
2725 4787 2844 4844 εἷπε
2890 4792 3014 4860 γῆν,
3059 4789 3214 4855 ἀλλά,
3244 4791 3406 4855 Χοῦν,
3435 4792 3510 4855 ὡς
3550 4792 3615 4845 ἂν
3643 4795 3787 4847 είποι
3817 4813 3919 4862 τις,

2253 4879 2421 4949 αὐτῆς
2448 4880 2546 4948 τῆς
2577 4877 2680 4946 γῆς
2720 4875 2780 4927 τὸ
2817 4875 3137 4944 λεπτότερον
3152 4869 3254 4926 ’καὶ
3281 4875 3619 4944 ἀτιμότερον.
3653 4877 3818 4944 Μέγα
3843 4894 3919 4928 σοι

2254 4963 2347 5014 καὶ
2380 4960 2678 5031 παράδοξον
2704 4956 2840 5010 εἶναι
2864 4958 3010 5010 δοκεῖ
3037 4959 3097 5009 τὸ
3120 4957 3406 5028 εἰρημένον
3427 4973 3439 4986 ·
3465 4958 3577 5010 ἀλλ’
3603 4957 3699 5011 ἐάν
3727 4962 3920 5031 νοήσῃς

2253 5050 2336 5112 τίς
2367 5051 2394 5102 0
2425 5047 2772 5118 δημιουργὸς,
2803 5045 2985 5098 οὐκέτι
3020 5047 3344 5115 ἀπιστήσεις
3375 5044 3452 5115 τῷ
3477 5046 3766 5116 γινομένῳ,
3790 5048 3918 5100 ἀλλὰ

2254 5137 2552 5207 θαυμάσεις
2599 5135 2692 5188 καὶ
2738 5133 3136 5204 προσκυνήσεις
3182 5131 3276 5185 τοῦ
3316 5132 3780 5204 δημιουργοῦντος
3827 5135 3919 5207 τὴν

2251 5225 2496 5294 δύναμιν.
2525 5222 2650 5275 Ἐὰν
2692 5222 2749 5275 δὲ
2785 5220 2981 5293 μέλλῃς
3012 5220 3147 5291 πρὸς
3187 5223 3287 5291 τὴν
3334 5220 3612 5274 ἀσθένειαν
3658 5221 3770 5274 τῶν
3817 5223 3920 5275 σῶν

2251 5310 2525 5381 λογισμῶν
2552 5310 2721 5363 ταῦτα
2751 5308 3229 5379 περιεργάζεσθαι,
3255 5308 3401 5372 εἰκός
3422 5325 3483 5376 γε
3514 5309 3736 5362 κάκεῖνό
3761 5327 3821 5362 σε
3843 5311 3919 5373 εἰς

2252 5401 2457 5453 ἔννοιαν
2483 5398 2686 5464 λαϐεῖν,
2717 5398 2799 5450 ὅτι
2833 5398 2939 5449 ἀπὸ
2972 5398 3075 5466 γῆς
3111 5395 3270 5467 σῶμα
3297 5396 3399 5449 οὐκ
3426 5397 3493 5450 ἂν
3527 5397 3736 5464 γένοιτό
3769 5415 3916 5460 ποτε,

2253 5489 2420 5559 ἀλλ’ἢ
2454 5488 2691 5551 πλίνθος,
2731 5486 2763 5557 ἢ
2797 5485 3084 5556 ὄστρακον,
3130 5485 3289 5555 σῶμα
3333 5485 3390 5538 δὲ
3433 5486 3670 5539 τοιοῦτον
3712 5487 3816 5539 οὐκ
3855 5486 3918 5540 ἂν

2251 5579 2479 5646 γένοιτο.
2497 5576 2660 5646 Ὁρᾷς
2685 5575 2765 5628 ὅτι
2793 5573 2886 5626 ἐὰν
2920 5575 2994 5644 μὴ
3021 5574 3112 5626 καὶ
3145 5571 3375 5642 δύναμιν
3399 5573 3479 5635 εἰς
3511 5572 3716 5626 ἔννοιαν
3743 5572 3917 5626 λάϐω-

2255 5683 2352 5736 μεν
2401 5664 2488 5717 τοῦ
2536 5661 3012 5734 δημιουργοῦντος.
3037 5661 3132 5714 καὶ
3177 5661 3302 5723 τοὺς
3347 5660 3580 5724 οἰκείους
3629 5660 3917 5730 λογισμοὺς

2250 5756 2374 5816 τοὺς
2396 5752 2593 5822 πολλὴν
2630 5751 2727 5822 τὴν
2753 5749 3033 5802 ἀσθένειαν
3068 5747 3542 5819 προϐεϐλημένους
3576 5747 3916 5802 κατευνάσω-

2257 5859 2374 5911 μεν,
2407 5841 2467 5892 οὐ
2514 5839 2789 5909 δυνάμεθα
2846 5839 2953 5890 τῶν
3004 5837 3306 5907 εἰρημένων
3345 5835 3405 5888 τὺ
3442 5836 3572 5905 ’ύψος
3619 5835 3911 5900 δέξασθαις

2252 5927 2372 5981 Τῶν
2421 5927 2528 5996 γὰρ
2575 5926 2674 5996 τῆς
2724 5926 2958 5987 πίστεως
2990 5923 3281 5992 ὀφθαλμῶν
3309 5925 3482 5975 ὸεῖται
3527 5922 3594 5976 τά
3626 5921 3913 5992 λεγόμενα,

2311 6049 2337 6080 ⁸
2361 6049 2509 6101 Sam.
2537 6053 2589 6096 el
2615 6045 2784 6096 Morel.
2814 6046 2890 6093 τὸν
2912 6041 3333 6109 ἀνθρωπσνλαὸὼν
3366 6041 3498 6106 χοῦν,
