4040 6378
115 428 200 486 101
725 424 730 428 ’
1227 420 1291 476 IN
1329 419 1481 475 CAP.
1503 417 1569 472 ll.
1611 416 1731 472 (ΞΕέ

1843 455 1857 470 .
1900 414 2123 470 llOMIL.
2169 413 2286 470 ΧΠ.

114 548 207 609 fiat,
229 543 348 614 jam
372 541 443 597 de
461 539 566 595 hoc
589 544 906 608 argumento
923 533 1119 605 aliquid
1146 533 1490 600 disseramus,
1513 543 1697 604 postea

107 637 164 691 ad
189 634 337 690 aliud
390 632 686 686 transituri.
723 629 833 684 Hoc
855 627 996 682 enim
1025 637 1208 681 contra
1247 641 1500 696 aquarum
1549 639 1702 683 natu-

114 744 210 783 ram
238 735 351 790 est,
388 725 533 781 ferre
560 737 757 790 corpus
801 731 906 774 tam
951 735 1109 795 grave
1145 737 1158 772 :
1191 729 1245 774 et
1284 721 1471 774 iterum
1517 732 1701 786 contra

115 832 348 875 naturam
385 829 562 881 terrae,
597 817 779 870 sedem
830 797 978 868 suam
1023 814 1076 866 in
1108 814 1198 866 tali
1223 813 1566 868 fundamento
1607 817 1702 869 ha-

116 917 247 969 bere.
286 915 358 968 Et
387 911 516 981 quid
548 909 800 963 miraris?
828 909 882 962 In
912 922 1246 977 quacumque
1281 924 1458 962 rermn
1502 919 1706 963 creata-

117 1022 220 1059 τηε-ι
259 1003 500 1056 scrutari
531 1001 796 1062 volucris,
846 998 1086 1053 invenies
1134 1000 1446 1054 immensam
1492 1000 1706 1068 Opificis

119 1097 428 1167 potentiam,
483 1108 714 1160 cumque
757 1106 850 1144 sua
896 1089 1170 1145 voluntate
1207 1091 1502 1160 gubernare
1531 1093 1707 1145 omnia

119 1191 190 1243 de:
211 1188 511 1243 rcltendes.
537 1186 727 1239 Videre
749 1185 889 1238 cnim
921 1184 1020 1237 hoc
1053 1184 1176 1237 licet
1203 1185 1252 1236 itt
1283 1184 1422 1253 igne,
1447 1185 1529 1236 cui
1553 1185 1710 1238 absu-

121 1282 284 1334 memli
315 1292 509 1333 natura
532 1288 612 1330 est
635 1295 648 1329 :
679 1277 856 1330 omnia
878 1276 1017 1330 enim
1037 1275 1188 1328 facile
1212 1275 1410 1340 domat,
1433 1276 1708 1330 materiam

119 1371 406 1434 lignorum,
443 1369 701 1438 lapidum,
732 1383 1034 1436 corporum,
1071 1375 1124 1419 et
1155 1366 1277 1420 ferri
1309 1384 1321 1418 :
1350 1378 1404 1419 at
1433 1377 1709 1435 postquam

125 1461 402 1528 imperavit
451 1459 727 1522 Dominus,
775 1471 995 1525 corpora
1042 1466 1220 1510 tenera
1261 1465 1316 1510 et
1351 1458 1711 1527 corruptibilia

125 1569 220 1606 non
253 1552 453 1617 tetigit,
495 1550 588 1604 sed
621 1549 817 1603 illzesos
846 1561 1039 1617 pueros
1064 1549 1294 1601 servavit
1337 1549 1386 1602 in
1417 1549 1592 1603 medio
1619 1565 1712 1604 ca-

125 1645 260 1697 mino
294 1642 465 1712 (Dan.
502 1643 579 1710 5).
617 1643 678 1695 Et
708 1658 773 1694 ne
805 1643 1010 1694 mireris
1036 1643 1078 1695 si
1111 1657 1332 1711 corpora
1367 1642 1575 1696 illorum
1609 1659 1713 1698 non

125 1739 312 1805 tetigit,
344 1737 443 1790 sed
477 1735 785 1789 irrationale
815 1735 1135 1788 elementum
1181 1744 1320 1786 tanta
1353 1735 1718 1792 moderatione

128 1832 484 1896 el.sequutum
528 1835 630 1889 est,
662 1837 914 1894 quantum
961 1824 1134 1878 nullus
1173 1836 1330 1894 queat
1371 1825 1540 1880 effari.
1586 1826 1716 1880 Nam

129 1935 187 1971 ne
216 1919 432 1986 capillis
482 1918 697 1987 quidem
731 1917 940 1970 illorum
979 1917 1223 1982 nocebat,
1271 1916 1364 1970 sed
1408 1917 1723 1972 circumibat

133 2010 262 2073 illos,
297 2019 356 2062 et
402 2010 541 2062 intra
587 2023 647 2062 se
681 2008 1020 2062 continebat:
1050 2009 1184 2077 ignis
1223 2018 1396 2061 autem
1427 2009 1720 2063 substantia

131 2112 401 2170 tamquam
435 2101 800 2155 obedientiam
831 2100 1106 2164 exhibens,
1138 2112 1192 2154 et
1226 2101 1430 2154 Domini
1475 2102 1723 2156 mandato

130 2194 393 2252 serviens,
452 2193 649 2246 illaesos
697 2200 752 2246 et
800 2192 1023 2245 intactos
1083 2191 1327 2247 servabat
1387 2192 1724 2248 admirabiles

132 2285 244 2338 illos
274 2300 500 2354 pueros,
531 2285 619 2354 qui
647 2284 796 2352 quasi
827 2285 876 2336 in
909 2293 1059 2352 prato
1089 2293 1141 2338 et
1170 2285 1324 2337 horto
1351 2285 1682 2338 ambulantes
1706 2327 1722 2352 ,

135 2389 271 2432 tanta
324 2379 614 2431 securitate
657 2377 710 2430 in
755 2377 963 2431 camino
1003 2375 1363 2431 versabantur.
1397 2375 1466 2430 Et
1504 2393 1570 2431 ne
1608 2377 1727 2446 quis

136 2476 349 2536 putaret
381 2468 640 2522 visibilem
673 2468 822 2520 illum
852 2467 1025 2536 ignem
1057 2467 1366 2535 operatione
1391 2482 1575 2522 carere
1599 2509 1614 2534 ,
1641 2467 1726 2521 id-

133 2561 276 2613 circo
306 2559 570 2628 benignus
613 2558 868 2612 Dominus
895 2558 1033 2611 illius
1055 2557 1342 2612 efficaciam
1368 2573 1474 2611 non
1503 2557 1726 2628 impedi-

134 2653 206 2704 vit
233 2669 246 2704 τ
280 2650 381 2705 sed
411 2652 514 2704 vim
540 2652 684 2705 illam
716 2650 903 2704 urendi
935 2650 1151 2702 illaesatn
1185 2651 1432 2714 servavit,
1464 2659 1517 2704 et
1545 2665 1729 2706 servos

134 2757 260 2796 suos
291 2741 384 2795 illa
429 2745 733 2809 superiores
758 2739 900 2804 fecit,
927 2748 984 2793 ut
1014 2740 1156 2793 nullo
1183 2739 1340 2794 modo
1387 2739 1728 2796 laederentur.

134 2834 403 2888 Ceterum
434 2845 494 2886 ut
521 2835 721 2888 scirent
745 2833 831 2900 qui
863 2848 1052 2902 pueros
1084 2832 1393 2900 iniecerant,
1424 2841 1616 2902 quanta
1639 2848 1727 2887 es-

136 2937 215 2980 set
241 2927 489 2981 omnium
518 2926 610 2980 Dei
657 2928 911 2995 potentia,
944 2926 995 2979 in
1023 2925 1140 2980 illos
1187 2926 1320 2994 ignis
1348 2941 1494 2980 suam
1538 2941 1731 2995 opera-

136 3021 338 3071 tionem
383 3019 655 3081 exercuit,
689 3018 758 3070 ita
795 3025 850 3070 ut
873 3017 960 3070 ille
990 3018 1103 3083 ipse
1149 3016 1282 3086 ignis
1316 3031 1410 3071 eos
1453 3018 1592 3070 intus
1631 3016 1735 3070 cir-

137 3111 520 3172 cummunirct,
551 3122 643 3162 eos
673 3117 848 3162 autem
870 3107 957 3176 qui
990 3106 1118 3160 foris
1144 3117 1297 3161 erant
1321 3116 1502 3162 ureret
1525 3116 1578 3162 et
1606 3122 1736 3162 con-

138 3211 401 3255 sumeret.
459 3199 647 3253 Vidisti
688 3216 793 3270 quo
839 3208 992 3268 pacto
1038 3199 1294 3252 Dominus
1340 3199 1552 3268 quando
1599 3201 1731 3265 vult,

137 3297 406 3348 elementa
433 3294 610 3348 omnia
643 3293 694 3346 in
723 3293 1044 3348 contrariam
1068 3303 1233 3347 mutet
1259 3293 1544 3347 essentiam
1565 3293 1589 3346 ?
1609 3293 1736 3363 Opi-

140 3385 226 3440 fex
257 3387 404 3440 enim
433 3397 514 3440 est
542 3395 595 3440 et
625 3386 899 3451 Dominus,
925 3396 974 3440 et
1005 3400 1102 3453 pro
1131 3399 1224 3438 sua
1252 3385 1527 3440 voluntate
1558 3386 1734 3440 omnia

137 3478 441 3546 dispensat.
472 3476 642 3530 Vultis
669 3486 722 3532 et
760 3477 810 3530 in
840 3478 993 3547 aquis
1020 3477 1245 3546 idipsum
1276 3477 1457 3531 videre
1499 3477 1736 3531 factum?

140 3570 276 3624 Nam
299 3571 440 3623 sicut
468 3569 602 3638 ignis
629 3569 715 3623 hic
743 3569 806 3622 iis
835 3569 922 3638 qui
945 3569 1086 3623 intus
1110 3578 1264 3623 erant
1303 3568 1437 3623 nihil
1478 3569 1734 3636 nocebat,

139 3663 236 3714 sed
259 3662 368 3715 illis
391 3662 667 3731 parcebat,
694 3661 889 3716 oblitus
913 3676 1024 3715 sua:
1053 3661 1411 3730 operationis;
1442 3662 1493 3715 in
1521 3676 1615 3717 eos
1640 3677 1736 3717 au-

145 3768 250 3809 ιιιιη
277 3757 372 3826 qui
405 3754 536 3808 foris
561 3765 712 3808 erant
741 3754 993 3809 saeviebat
1035 3768 1186 3808 more
1213 3769 1346 3808 suo:
1376 3755 1455 3808 sic
1492 3764 1546 3809 et
1573 3768 1740 3825 aquas

143 3847 450 3901 videbimus
480 3846 612 3900 alios
637 3845 850 3914 quidem
887 3846 1251 3914 submergere,
1279 3844 1398 3898 aliis
1428 3853 1604 3900 autem
1646 3861 1739 3900 ce-

143 3939 291 4002 dere,
318 3939 390 3992 ita
412 3949 473 3991 ut
499 3938 698 4006 absque
718 3937 911 3991 damno
938 3946 1229 3992 transeant.
1259 3937 1631 3993 Recordamini
1655 3939 1741 3994 hic

145 4032 448 4086 Pharaonis
477 4040 531 4085 et
558 4029 948 4102 IEgyptiorum.
975 4041 1134 4101 atque
1163 4031 1340 4102 p0puli
1370 4031 1736 4099 Hebrmorum,

143 4123 421 4191 quomodo
448 4121 502 4176 bi
523 4121 591 4176 ad
613 4122 916 4177 mandatum
944 4122 1172 4187 Domini,
1200 4138 1391 4192 magno
1411 4121 1558 4177 Mose
1583 4122 1738 4190 duce,

146 4232 245 4284 per
296 4231 449 4269 mare
508 4214 745 4268 Rubrum
795 4214 946 4284 quasi
1003 4229 1098 4283 per
1157 4214 1360 4268 aridam
1420 4214 1745 4269 transierunt

146 4306 346 4374 (Exod.
395 4304 774 4377 H):1Egyptii
818 4314 1016 4371 autem,
1050 4307 1134 4374 qui
1167 4305 1410 4360 eamdem
1457 4305 1595 4359 viam
1623 4321 1744 4362 cum

147 4399 433 4452 Pharaone
462 4398 540 4451 ire
579 4398 844 4462 volebant,
877 4397 1026 4466 aquis
1072 4396 1245 4450 obruti
1289 4396 1551 4452 submersi
1599 4404 1743 4452 sunt.

149 4490 225 4542 Ita
255 4489 430 4544 solent
463 4489 726 4544 elementa
770 4489 996 4562 revereri
1024 4503 1208 4543 servos
1251 4488 1481 4556 Domini,
1510 4499 1563 4544 et
1591 4503 1621 4542 a
1649 4505 1748 4544 suo

147 4596 212 4634 se
234 4582 518 4636 continere
546 4579 766 4649 impetu.
796 4580 1084 4633 Audiamus
1111 4595 1227 4645 nos,
1257 4588 1518 4650 quotquot
1545 4580 1748 4636 feroces

146 4685 208 4728 et
236 4673 500 4736 iracundi,
527 4682 582 4729 et
606 4673 722 4728 aliis
747 4672 1110 4728 affectionibus
1137 4673 1206 4728 ob
1229 4684 1460 4728 nostram
1485 4674 1745 4745 ignaviam

153 4767 394 4836 impliciti
425 4777 664 4820 nostram
692 4766 916 4820 salutem
947 4766 1369 4834 pessumdamus,
1402 4775 1457 4821 et
1483 4768 1749 4822 imitemur

152 4870 356 4914 tantam
403 4859 599 4913 horum
630 4859 1013 4913 elementorum
1059 4862 1264 4915 ratione
1301 4861 1592 4917 carentium
1624 4863 1752 4916 obe-

147 4951 434 5014 dientiam,
490 4968 588 5007 nos
629 4953 717 5021 qui
759 4952 963 5006 ratione
1011 4952 1242 5022 insigniti
1274 4968 1475 5008 sumus.
1525 4953 1654 5007 Nam
1705 4955 1750 5009 si

152 5043 314 5112 ignis,
346 5043 437 5112 qui
462 5043 531 5094 ita
562 5041 716 5108 edax,
759 5042 831 5096 ita
863 5041 1181 5106 vehemens,
1211 5043 1524 5111 corporibus
1567 5060 1752 5098 corru-

151 5133 433 5202 ptibilibus
462 5143 514 5186 et
563 5143 666 5185 tam
697 5134 893 5187 teneris
920 5134 1174 5202 pepercit,
1219 5150 1374 5202 quam
1402 5148 1638 5190 meretur
1664 5151 1756 5189 ve-

152 5228 301 5279 niam
331 5225 516 5288 bomo,
545 5240 696 5279 suum
724 5226 992 5280 refrenare
1020 5225 1248 5279 furorem
1298 5237 1513 5295 propter
1539 5227 1758 5282 manda.

153 5328 271 5372 tnm
305 5318 538 5382 Domini,
573 5329 627 5371 et
649 5319 778 5372 iram
809 5333 933 5387 erga
978 5319 1274 5387 proximum
1318 5334 1350 5373 e
1400 5329 1613 5388 pectore
1656 5335 1754 5374 suo

151 5411 443 5464 eliminare
485 5410 709 5464 nolens?
735 5410 804 5464 Et
829 5409 967 5479 quod
1004 5409 1174 5477 majus
1219 5418 1341 5475 est,
1386 5411 1522 5480 ignis
1551 5421 1752 5466 tantam

158 5500 348 5554 urendi
376 5499 484 5552 vim
512 5499 742 5563 habens,
773 5514 924 5553 suam
955 5501 1316 5568 operationem
1349 5515 1454 5555 non
1481 5501 1750 5567 ostendit;

160 5594 324 5646 homo
348 5601 552 5652 autem.
584 5602 920 5647 mansuetum
965 5594 1183 5656 animal,
1217 5595 1476 5649 rationale
1519 5602 1574 5649 et
1599 5595 1753 5650 beni-

161 5684 633 5753 gnum,contraria
655 5698 767 5738 sua:
793 5693 996 5738 natura:
1013 5684 1155 5750 facit,
1179 5685 1559 5756 etuegligentia
1580 5701 1757 5742 mores

163 5789 294 5829 suos
336 5776 388 5828 in
437 5776 638 5830 ferinos
685 5776 862 5830 vertit.
916 5774 1118 5830 Idcirco
1146 5784 1201 5831 et
1242 5775 1418 5830 divina
1461 5775 1754 5846 Scriptura,

167 5875 382 5937 propter
393 5865 704 5923 atieaioncs
726 5867 840 5922 illas
858 5866 1288 5935 interturbantes,
1313 5866 1751 5926 irrationabilium

3282 422 3390 480 102

1806 535 1860 581 et
1887 527 2115 582 ferarum
2159 527 2371 582 nomina
2403 527 2468 584 iis
2509 529 2598 599 qui
2625 529 2828 586 ratione
2854 531 3083 604 insigniti
3127 545 3251 590 sunt
3280 542 3381 590 'un-

1808 619 1993 689 ponit;
2035 620 2296 675 interdum
2326 636 2485 676 canes
2509 623 2579 677 ob
2619 625 2995 694 impudentiam
3036 639 3088 683 et
3130 629 3382 700 impetum

1808 724 1980 776 vocat,
2011 714 2231 768 dicens:
2259 714 2421 770 Canes
2447 718 2588 780 muti,
2624 734 2724 771 non
2764 720 2980 774 valentes
3023 722 3208 776 latrare
3232 724 3385 796 (Isai.

1808 805 2050 873 56.10);
2092 806 2353 860 interdum
2407 807 2474 862 ob
2520 809 2788 863 libidinem
2838 828 3039 881 equos:
3098 814 3235 868 Nam
3278 817 3388 884 equi

1809 895 2054 947 eiiiissurii
2078 897 2200 965 [acti
2222 906 2355 960 sunt,
2386 900 2720 968 unusquisque
2744 901 2811 953 ad
2833 918 3043 957 uxorem
3071 907 3286 974 proximi
3311 907 3390 962 sui

1817 985 2063 1038 ‘tinniebat
2112 987 2244 1055 (Jer.
2279 989 2330 1042 5.
2372 989 2461 1058 8);
2495 989 2757 1044 interdum
2786 1009 2912 1047 vero
2939 997 3137 1063 asinos,
3171 999 3239 1053 ob
3283 1011 3391 1054 stu.

1814 1076 2082 1143 piditatem
2129 1087 2180 1132 et
2213 1079 2494 1134 ruditatem
2521 1098 2534 1133 :
2563 1083 2895 1151 Comparatus
2918 1098 2988 1139 est
3019 1090 3158 1143 cnim
3181 1131 3196 1154 ,
3228 1093 3391 1162 inquit

1812 1167 2102 1236 Scriptura,
2138 1172 2382 1240 jumentis
2421 1174 2786 1245 insipientibus,
2819 1187 2864 1232 et
2905 1182 3083 1236 similis
3122 1186 3285 1254 factus
3327 1197 3394 1242 est

1813 1257 1916 1312 illis
1943 1259 2113 1327 (Ps-al.
2146 1263 2235 1318 48.
2272 1265 2395 1334 l5);
2423 1266 2708 1336 aliquando
2735 1271 2892 1325 etiam
2919 1272 3100 1328 leones
3130 1285 3184 1329 et
3208 1279 3400 1340 pardus

1815 1362 1986 1415 vocat,
2021 1353 2090 1407 ob
2113 1357 2453 1424 rapacitatem
2478 1369 2531 1414 et
2559 1363 2898 1431 aviditatem;
2943 1367 3226 1438 aliquando
3275 1373 3398 1427 item

1817 1443 2044 1534 aspides,
2076 1445 2144 1499 ob
2165 1446 2570 1506 fraudulentiam
2596 1472 2609 1507 :
2641 1453 2914 1523 Venenum,
2941 1460 3128 1530 inquit,
3167 1466 3402 1534 aspidm.

1817 1534 1906 1587 sub
1933 1533 2075 1590 labiis
2101 1555 2270 1591 eorum
2294 1539 2463 1609 (Psal.
2494 1544 2610 1598 159.
2643 1546 2697 1617 4)
2720 1563 2734 1611 ;
2760 1563 3156 1621 nonnumquam
3183 1569 3402 1624 serpen-

1823 1635 1902 1680 tes
1922 1637 1974 1681 et
1995 1629 2225 1698 viperas,
2251 1631 2320 1685 ob
2348 1633 2518 1688 latens
2539 1651 2798 1692 venenum
2821 1649 2877 1695 et
2899 1643 3173 1710 malitiam,
3197 1647 3334 1700 sicut
3352 1658 3406 1703 et

1821 1717 2009 1810 beatus
2033 1718 2262 1775 Joannes
2279 1722 2560 1792 clamabat,
2587 1728 2770 1784 dicens
2794 1749 2807 1784 :
2835 1732 3123 1802 Serpentes,
3147 1741 3406 1810 progenies

1822 1807 2126 1876 viperarum,
2159 1813 2271 1880 quis
2298 1814 2434 1869 vobis
2463 1817 2820 1874 demonstravit
2846 1827 3016 1894 fugere
3039 1843 3070 1880 α
3095 1807 3303 1884 ventura
3330 1834 3408 1886 ira

1826 1899 2037 1970 (Matth.
2067 1904 2120 1958 5.
2151 1905 2243 1974 7)?
2264 1908 2481 1975 insuper
2499 1922 2552 1962 et
2571 1911 2672 1964 alia
2694 1912 3060 1974 atl'ectionibus
3083 1923 3412 1990 responden-

1828 1995 1898 2047 tia
1927 1995 2141 2050 uomina
2164 1997 2406 2066 imponit,
2432 2003 2585 2057 utsic
2606 2005 2689 2058 vel
2713 2006 2920 2062 tandem
2943 2011 3147 2066 confusi
3165 2015 3230 2070 ad
3259 2031 3409 2074 suam

1827 2085 2110 2154 aliquando
2154 2089 2375 2145 redeant
2405 2093 2754 2162 nobilitatem,
2784 2109 2838 2153 et
2868 2115 2966 2154 suo
2989 2107 3168 2172 generi
3211 2112 3413 2165 confoe-

1832 2176 2110 2244 derentur,
2156 2180 2630 2256 aﬂ‘ectionibusque
2669 2191 2780 2244 suis
2819 2190 3026 2249 divinas
3054 2197 3195 2268 leges
3222 2203 3415 2270 prmia-

1829 2278 1968 2334 rant,
1997 2270 2186 2340 quibus
2210 2288 2329 2328 sese
2356 2274 2716 2347 delinquendo
2747 2284 3123 2350 permiserunt.

1901 2361 1956 2414 4.
1997 2361 2101 2416 Sed
2145 2365 2326 2418 nescio
2360 2370 2628 2436 quomodo
2653 2387 2682 2425 a
2710 2376 2972 2431 sermonis
3015 2379 3214 2449 impetu
3254 2383 3416 2442 abre-

1834 2460 1952 2522 ptus
1991 2454 2058 2508 ad
2089 2454 2204 2511 hinc
2232 2459 2455 2527 digressi
2485 2462 2670 2517 simus.
2702 2467 2813 2534 Age
2835 2484 2973 2524 nunc
3011 2472 3076 2526 ad
3121 2474 3416 2533 institutum

1833 2545 2147 2614 redeamus;
2180 2557 2231 2604 et
2258 2550 2530 2607 videamus
2555 2555 2804 2625 quidnam
2829 2561 2987 2615 etiam
3017 2564 3158 2618 aliud
3189 2583 3285 2622 nos
3313 2570 3413 2624 do-

1833 2651 1960 2692 cere
2004 2639 2128 2694 velit
2159 2641 2341 2696 beatus
2367 2643 2456 2699 ille
2484 2647 2761 2716 pr0plteta.
2791 2650 2923 2706 Nam
2955 2664 3008 2708 ut
3039 2657 3190 2724 dixit,
3217 2659 3317 2714 Hic
3345 2674 3419 2717 est

1835 2731 1959 2783 liber
1994 2732 2326 2800 generationis
2353 2736 2463 2789 σαειὶ
2492 2747 2538 2790 ει
2568 2749 2735 2805 terrm,
2766 2757 3076 2813 progressus
3106 2749 3262 2818 ultra,
3293 2768 3418 2806 nar-

1836 2829 1917 2874 rat
1962 2821 2152 2876 iterum
2180 2823 2483 2894 diligentius
2525 2827 2755 2896 hominis
2784 2832 3176 2892 formationem.
3207 2839 3271 2896 Et
3298 2845 3419 2913 quia

1825 2915 2080 2982 superius
2102 2915 2333 2971 breviter
2356 2918 2561 2976 dixerat
2590 2939 2602 2976 :
2631 2921 2697 2976 Et
2733 2927 2847 2995 fecit
2895 2926 3030 2983 Deus
3059 2931 3328 3000 hominem,
3355 2937 3422 2989 ad

1837 3007 2106 3076 imaginem
2136 3008 2228 3063 Dei
2258 3014 2376 3081 fecit
2417 3012 2594 3081 illum,
2637 3033 2776 3072 nunc
2821 3018 2986 3076 dicit:
3015 3024 3066 3076 7.
3096 3024 3158 3078 Et
3189 3026 3424 3095 formavit

1843 3097 1974 3152 Deus
2001 3099 2251 3156 hominem
2272 3145 2286 3166 ,
2313 3103 2569 3173 pulverem
2593 3108 2656 3162 de
2684 3118 2817 3162 terra
2837 3153 2852 3178 ,
2885 3122 2932 3165 et
2971 3114 3236 3185 inspiravit
3265 3119 3316 3172 in
3345 3123 3424 3190 fu-

1840 3190 1962 3242 ciem
1994 3193 2103 3253 eius
2140 3195 2453 3262 spiraculum
2497 3198 2642 3264 vitae,
2675 3210 2721 3253 et
2751 3201 2914 3269 factus
2947 3216 3018 3259 est
3048 3209 3196 3262 homo
3225 3211 3277 3263 in
3311 3212 3426 3264 ani-

1828 3299 1975 3358 mam
2007 3285 2268 3339 viventem.
2297 3287 2540 3358 Magnum
2569 3300 2650 3345 est
2675 3295 2814 3362 quod
2848 3296 2931 3350 hic
2960 3298 3106 3361 dicit,
3131 3311 3184 3354 et
3207 3314 3428 3370 stupore

1842 3375 2054 3443 plenum
2085 3375 2474 3450 humanamque
2516 3385 2892 3440 transcendens
2917 3399 3148 3444 mentem
3179 3409 3192 3445 :
3222 3391 3291 3447 Et
3316 3398 3426 3464 for-

1841 3468 1994 3520 mavit
2015 3509 2031 3533 ,
2058 3468 2260 3538 inquit,
2285 3467 2426 3525 Deus
2458 3473 2739 3540 hominem,
2772 3478 3025 3546 pulverem
3064 3485 3330 3553 accipiens
3352 3489 3428 3558 (a)

1843 3560 1906 3614 de
1935 3570 2088 3616 terra.
2123 3561 2274 3616 Sicut
2301 3563 2368 3618 de
2402 3566 2648 3621 omnibus
2673 3571 2933 3625 creaturis
2959 3573 3251 3630 visibilibus
3277 3578 3426 3634 dice-

1837 3655 1966 3721 bam
2015 3655 2380 3710 universorum
2427 3657 2680 3727 Opilicem
2721 3666 2899 3717 omnia
2941 3674 3134 3733 prater
3180 3668 3427 3724 humana:

1845 3756 2048 3801 natura:
2093 3764 2294 3804 morem
2341 3766 2534 3819 agere,
2568 3761 2624 3807 ut
2676 3770 2769 3823 per
2802 3755 2902 3811 ltoc
2939 3757 3218 3816 ineifabilis
3265 3763 3429 3832 ipsius

1847 3849 2173 3895 monstretur
2203 3841 2402 3896 virtus:
2437 3845 2506 3897 ita
2549 3854 2602 3900 et
2642 3847 2691 3900 in
2733 3847 2962 3903 hominis
2992 3851 3306 3911 formatione
3341 3857 3426 3911 in-

1847 3931 2122 3986 veniemus
2169 3949 2309 3987 nunc
2355 3935 2573 3991 factum.
2605 3936 2736 3992 Vide
2773 3939 2914 3994 enim
2960 3946 3225 4011 quomodo
3271 3961 3432 4018 super

1847 4037 2014 4092 aquas
2045 4032 2238 4078 terram
2285 4026 2553 4091 fundavit,
2582 4027 2635 4082 id
2660 4030 2800 4096 quod
2829 4031 2960 4086 citra
3001 4034 3157 4090 ﬁdem
3202 4037 3428 4094 humana

1851 4115 1986 4170 ratio
2013 4132 2114 4170 non
2135 4118 2277 4187 capit
2304 4136 2317 4172 :
2345 4129 2397 4172 et
2427 4121 2697 4188 quomodo
2722 4124 3159 4197 quandocumque
3187 4131 3430 4198 voluerit,

1850 4208 1988 4262 sicut
2013 4209 2360 4273 ostendimus,
2386 4220 2442 4264 ut
2466 4227 2654 4266 omnes
2677 4213 2986 4269 substantiae
3010 4221 3270 4272 contraria
3296 4221 3436 4290 ipsa-

1852 4315 1968 4352 rum
2001 4308 2201 4354 natura:
2236 4311 2397 4370 agant
2429 4302 2610 4357 efficit.
2641 4303 2809 4359 Simili
2853 4308 3009 4362 modo
3047 4319 3102 4364 et
3126 4311 3178 4364 in
3208 4312 3438 4370 hominis

1854 4392 2170 4447 formatione
2213 4409 2354 4447 nunc
2396 4395 2549 4450 nobis
2586 4397 2711 4466 quid
2742 4398 2935 4453 factum
2969 4402 3041 4454 sit
3075 4403 3248 4458 divina
3295 4405 3436 4461 8(τί-

1853 4495 2006 4554 plura
2035 4485 2286 4540 declarat.
2319 4486 2580 4541 Formavit
2608 4489 2768 4557 Deus,
2801 4491 2987 4562 inquit,
3018 4497 3290 4561 hominem,
3323 4502 3439 4568 pul-

1840 4592 2015 4644 verem
2063 4578 2329 4646 accipiens
2369 4579 2432 4632 de
2470 4591 2623 4633 terra.
2651 4582 2786 4648 Quid
2826 4583 3001 4637 dicis?
3030 4587 3333 4656 Acceptone
3374 4591 3440 4646 de

1855 4677 1994 4722 terra
2037 4669 2254 4738 pulvere
2299 4670 2542 4725 formavit
2580 4672 2888 4727 hominem?
2920 4676 3086 4730 Etiam
3109 4721 3123 4743 ,
3157 4680 3357 4749 inquit,
3393 4695 3443 4735 et

1855 4777 1959 4813 non
1989 4761 2335 4830 simpliciter;
2367 4779 2465 4817 nec
2492 4765 2782 4832 quamlibet
2819 4765 3034 4821 fortuito
3075 4777 3270 4824 terratn
3293 4771 3440 4835 dicit.

1855 4855 1948 4909 sed
1979 4853 2242 4910 Pulverem
2267 4872 2285 4910 :
2307 4857 2454 4926 quasi
2483 4857 2524 4911 si
2548 4858 2664 4927 quis
2695 4857 2854 4923 dicat,
2887 4862 3251 4916 tenuissimum
3281 4873 3337 4917 et
3363 4866 3442 4916 vi-

1857 4945 2114 4999 lissimum
2137 4947 2276 5016 quod
2299 4957 2381 5002 est
2407 4949 2458 5001 in
2483 4956 2642 5003 terra.
2670 4949 2910 5020 Magnum
2937 4952 3027 5006 tibi
3049 4961 3103 5007 et
3129 4954 3442 5010 admirabile

1857 5039 2064 5093 videtur
2083 5040 2224 5109 quod
2251 5041 2444 5096 dictum
2467 5053 2582 5097 est:
2607 5058 2793 5098 verum
2815 5045 2857 5098 si
2876 5046 3077 5114 cogites
3101 5047 3219 5116 quis
3243 5048 3441 5117 opifex,

1861 5123 2165 5200 neutiquam
2196 5131 2352 5187 fidem
2381 5132 2577 5189 habere
2606 5134 2743 5188 facto
2769 5137 3062 5203 recusabis,
3087 5139 3180 5193 sed
3207 5141 3442 5197 mirabe-

1859 5222 1931 5275 ris
1958 5232 2011 5276 et
2034 5223 2279 5277 adorabis
2304 5223 2606 5279 Conditoris
2648 5228 2955 5295 potentiam.
2985 5228 3134 5293 Quod
3156 5231 3200 5284 si
3220 5230 3334 5286 haec
3356 5248 3442 5287 se-

1857 5314 2085 5368 cundum
2126 5316 2500 5385 cogitationum
2538 5327 2741 5372 tuarum
2777 5319 3189 5374 imbecillitatem
3231 5324 3439 5377 cmetiri

1858 5406 2110 5471 volueris,
2145 5415 2198 5461 ct
2243 5407 2505 5463 curiosius
2547 5411 2866 5476 extilorare,
2914 5427 3008 5479 par
3040 5421 3122 5466 est
3163 5421 3218 5466 ut
3249 5413 3341 5467 tibi
3386 5414 3440 5468 in

1859 5509 2091 5552 mentem
2136 5498 2347 5563 veniat,
2379 5513 2445 5552 ex
2495 5507 2632 5552 terra
2681 5503 2916 5568 corpusf
2939 5502 3256 5574 humanum)
3285 5521 3440 5559 num-

1859 5604 2017 5658 quam
2063 5587 2175 5643 ﬁeri
2197 5630 2212 5652 ,
2241 5588 2332 5643 sed
2364 5590 2445 5643 vel
2476 5589 2695 5646 laterem
2715 5632 2730 5656 ,
2761 5592 2841 5646 vel
2874 5602 3060 5647 testam
3083 5635 3098 5656 ,
3121 5605 3173 5648 et
3199 5610 3303 5649 non
3336 5597 3442 5652 tale

1859 5694 2074 5752 corpus.
2108 5680 2292 5736 Viden‘
2318 5697 2437 5749 nos,
2477 5684 2573 5738 nisi
2605 5686 2894 5752 potentiam
2916 5687 3215 5741 Canditoris
3238 5696 3440 5744 attenta

1929 5877 2005 5942 (a)
2029 5883 2094 5930 tta
2119 5877 2254 5941 Regii
2278 5885 2382 5931 uss.
2410 5886 2462 5930 et
2482 5876 2634 5944 Colb.,
2651 5884 2796 5942 atque
2813 5884 2882 5934 sic
2905 5879 3081 5945 legitur
3105 5892 3154 5932 tn
3169 5878 3350 5932 Bibliis.
