4038 6394
668 402 769 459 105

654 528 835 576 mente
853 516 1195 575 considerare
1208 512 1623 577 voluerimus,et
1638 516 1848 563 nostras
1868 509 2101 562 rationes
2126 514 2233 559 tam

651 608 951 669 imbecilles
994 609 1368 679 reprimamus,
1411 618 1518 658 non
1563 615 1722 671 posse
1759 599 2020 654 dictorum
2044 614 2238 670 capere

654 698 1233 760 sublimitatemiNam
1274 712 1394 767 qua:
1435 694 1704 759 dicuntur,
1750 691 1869 747 fidei
1906 692 2074 745 oculis
2102 690 2239 745 indi-

654 802 804 866 gent,
832 801 1063 861 suntque
1088 790 1159 846 ob
1184 798 1420 843 nostram
1454 785 1815 840 infirmitatem
1846 782 2010 836 multa
2041 782 2236 836 verbo-

657 903 772 941 rum
821 881 1262 952 attemperatione
1298 877 1582 947 descripta.
1614 873 2049 943 Quandoquidem
2099 872 2235 926 istud

654 980 827 1048 ipsum
850 975 991 1048 quod
1023 974 1190 1043 inquit
1221 990 1234 1025 :
1269 970 1523 1025 Formavit
1550 967 1688 1021 Deus
1718 967 1989 1029 hominem,
2013 976 2057 1018 et
2085 965 2238 1033 inspi-

654 1069 804 1135 ravit,
836 1066 1107 1136 indignum
1139 1065 1245 1118 Deo
1278 1061 1475 1117 fuerit:
1502 1061 1595 1115 sed
1630 1067 1847 1129 propter
1877 1064 2081 1121 nos,et
2118 1072 2238 1125 pro-

656 1169 774 1229 pter
802 1158 1161 1213 inlirmitatcm
1193 1164 1427 1210 nostram
1455 1151 1569 1206 hare
1606 1150 1683 1204 sic
1721 1158 1899 1204 narrat
1929 1148 2197 1216 Scriptura
2218 1188 2233 1213 ,

653 1251 723 1306 ad
750 1259 983 1306 nostram
1014 1265 1073 1305 se
1102 1249 1410 1305 tenuitatem
1437 1245 1741 1308 demittens,
1767 1252 1823 1298 ut
1852 1252 1994 1297 tanta
2015 1242 2236 1296 familia-

656 1343 815 1396 ritate
837 1341 1057 1412 dignati,
1089 1340 1154 1393 ad
1181 1339 1446 1408 fastigium
1472 1336 1598 1391 illud
1634 1335 1923 1390 ascendere
1948 1338 2236 1405 possimus.

660 1433 724 1489 Et
749 1433 1000 1505 formavit,
1026 1432 1213 1501 inquit,
1232 1430 1372 1485 Deus
1398 1430 1668 1493 hominem,
1698 1427 1951 1499 pulverem
1972 1427 2239 1497 accipiens

654 1524 719 1580 de
740 1535 893 1579 terra.
915 1523 1050 1580 Hinc
1071 1523 1117 1578 si
1141 1537 1331 1593 sapere
1352 1522 1615 1584 volumus,
1644 1535 1749 1574 non
1775 1533 1939 1590 parva
1967 1518 2120 1573 nobis
2142 1516 2242 1572 hu-

657 1616 897 1672 militatis
939 1617 1109 1670 oritur
1148 1614 1410 1670 doctrina.
1455 1612 1587 1668 Nam
1630 1627 1752 1667 cum
1790 1612 2236 1683 cogitaverimus,

658 1708 800 1764 unde
821 1708 1212 1764 constitutionis
1239 1721 1351 1762 sua:
1377 1705 1585 1761 initium
1630 1713 1815 1761 natura
1843 1712 2023 1759 nostra
2051 1718 2239 1758 susce-

659 1800 817 1871 perit,
846 1800 1056 1856 etismsi
1101 1799 1403 1854 sexcenties
1438 1797 1724 1868 supercilia
1771 1797 2121 1868 surrigamus,
2150 1811 2239 1851 re-

658 1892 960 1963 primitnur,
985 1892 1345 1956 humiliamur,
1364 1898 1420 1947 et
1438 1890 1746 1946 substantim
1766 1899 1962 1945 nostrae
1978 1890 2237 1945 rationem

658 1984 1047 2055 perpendentes
1072 2025 1086 2050 ,
1113 1982 1426 2039 modestiam
1452 1984 1725 2039 discimus.
1756 1983 1879 2039 Ideo
1904 1984 2046 2038 enim
2075 1983 2237 2049 Deus,

656 2077 744 2133 cui
774 2086 917 2131 tanta
944 2075 1135 2131 salutis
1179 2087 1374 2131 nostra:
1398 2090 1546 2141 cura,
1577 2074 1645 2129 ad
1686 2075 1854 2130 nostri
1883 2074 2236 2130 eruditionem

659 2167 934 2238 prophetae
970 2167 1202 2237 linguam
1231 2171 1309 2222 sic
1354 2166 1569 2223 direxit.
1597 2166 1804 2236 Quippe
1829 2182 1950 2221 cum
1994 2167 2240 2237 superius

656 2262 877 2317 dixisset
900 2261 1081 2316 divina
1112 2260 1408 2330 Scriptura,
1440 2259 1507 2314 Et
1535 2261 1650 2329 fecit
1679 2260 1816 2315 Deus
1856 2260 2107 2315 hominem
2127 2301 2139 2325 ,
2161 2275 2242 2315 ιε·-

654 2355 878 2408 cundum
905 2354 1173 2425 imaginem
1197 2351 1293 2407 Dei
1323 2353 1440 2424 fecit
1460 2369 1593 2414 eum.
1623 2351 1770 2406 dedit
1796 2351 1871 2407 illi
1896 2352 2134 2407 omnium
2163 2352 2241 2406 vi-

655 2444 888 2499 sibilitun
919 2452 1260 2514 potestatem,
1281 2453 1338 2497 ut
1365 2458 1430 2498 ne
1451 2458 1515 2498 ex
1543 2458 1652 2498 suae
1677 2443 2069 2498 constitutionis
2098 2442 2241 2513 igno-

657 2536 822 2591 rantia
845 2536 980 2590 altos
1001 2536 1216 2605 spiritus
1237 2544 1552 2601 assumeret,
1572 2534 2015 2604 praescriptosque
2041 2534 2238 2590 limites

666 2629 908 2690 transiret
940 2646 953 2683 :
981 2629 1253 2698 superiora
1282 2638 1528 2698 repetens
1553 2628 1823 2698 Scriptura
1853 2628 2010 2683 docet
2035 2626 2239 2682 forma-

678 2726 813 2779 ionis
853 2725 968 2794 ejus
1008 2724 1287 2793 originem,
1319 2734 1375 2777 et
1422 2722 1563 2778 unde
1606 2736 1667 2776 ac
1716 2723 1985 2792 quomodo
2037 2722 2237 2791 primus

656 2818 816 2872 homo
839 2816 1126 2886 productus
1151 2818 1239 2871 sit.
1266 2815 1396 2870 Nam
1419 2816 1463 2870 si
1492 2824 1611 2885 post
1636 2815 1773 2870 hanc
1794 2815 2110 2881 doctrinam,
2134 2829 2238 2886 qua

655 2908 867 2977 agnovit
890 2922 948 2961 se
974 2916 1163 2963 eterra
1186 2907 1382 2961 habere
1406 2907 1686 2975 originem,
1713 2921 1777 2962 ex
1808 2922 1910 2976 qua
1937 2908 2160 2971 semina,
2186 2916 2241 2963 et

652 3008 844 3053 caetera
869 2998 1147 3064 animalia,
1179 2998 1421 3068 quamvis
1461 2996 1741 3063 formatio,
1770 2998 2064 3067 animmque
2108 2999 2237 3053 sub-

654 3093 847 3146 stantia
878 3091 1229 3162 incorporalis
1257 3092 1424 3145 multo
1448 3091 1792 3146 excellentior
1822 3106 1914 3160 per
1936 3092 2237 3163 benignita-

657 3197 762 3240 tem
796 3185 889 3239 Dei
931 3199 1182 3239 concessa
1226 3183 1339 3238 sit:
1369 3198 1466 3254 per
1493 3185 1628 3237 hanc
1661 3182 1803 3237 enim
1850 3183 2054 3252 accepit
2096 3182 2236 3253 quod

657 3276 932 3331 rationalis
960 3276 1045 3340 sit,
1077 3286 1131 3330 et
1152 3276 1398 3330 omnibus
1426 3274 1543 3329 aliis
1583 3276 1844 3345 imperet:
1877 3276 1955 3341 si,
1986 3276 2197 3345 inquam
2220 3318 2235 3343 ,

655 3368 781 3424 \icet
812 3368 927 3424 ha-c
941 3367 1152 3433 doctus,
1175 3368 1439 3436 serpentis
1463 3367 1772 3436 deceptione
1800 3382 1980 3437 parem
2009 3368 2236 3438 aliquam

675 3467 775 3514 tum
811 3460 921 3514 Deo
948 3458 1304 3528 aequalitatem
1350 3458 1663 3527 imaginatus
1690 3465 1773 3511 est
1816 3459 1860 3511 is
1884 3457 1973 3527 qui
2002 3457 2068 3512 de
2099 3466 2235 3512 terra

672 3562 949 3608 ormatus:
978 3553 1023 3606 si
1052 3552 1215 3620 priori
1245 3552 1544 3605 narratione
1582 3560 1861 3606 contentus
1888 3551 2074 3606 fuisset
2113 3551 2239 3607 bea-

655 3654 739 3699 tus
769 3645 853 3698 hic
882 3643 1160 3713 propheta,
1190 3654 1243 3697 et
1271 3643 1372 3697 nisi
1403 3641 1641 3711 repetitis
1679 3642 1926 3697 omnibus
1962 3642 2239 3713 diligenter

655 3753 754 3793 nos
779 3737 1069 3803 docuisset,
1102 3737 1152 3790 in
1176 3751 1333 3805 quam
1365 3752 1469 3789 non
1498 3735 1870 3791 incidissemus
1891 3736 2151 3791 insaniam
2178 3737 2203 3790 ?

726 3831 780 3885 5.
821 3828 1005 3898 Itaque
1032 3827 1314 3897 plurimum
1357 3826 1424 3881 ad
1464 3827 1816 3882 erudiendum
1856 3844 1954 3883 nos
1990 3828 2237 3884 conducit

652 3922 793 3976 scire
820 3920 962 3974 unde
998 3918 1289 3974 substantia
1318 3928 1495 3972 nostra
1525 3918 1751 3987 primum
1787 3920 2044 3989 originem
2086 3935 2237 3975 acce-

660 4012 815 4080 perit.
842 4008 906 4063 Et
929 4009 1188 4080 formavit,
1212 4007 1397 4077 inquit,
1423 4006 1561 4061 Deus
1587 4007 1859 4075 hominem,
1885 4009 2135 4078 pulverem
2158 4024 2238 4065 ac-

655 4103 858 4172 cipiens
886 4101 948 4154 de
977 4111 1110 4154 terra
1134 4140 1149 4163 ,
1175 4109 1223 4153 et
1260 4098 1529 4169 insufflauit
1556 4100 1609 4151 in
1644 4099 1822 4169 faciem
1855 4102 1966 4169 ejus
2003 4100 2237 4171 spiracu-

658 4195 763 4248 lum
782 4194 912 4247 vitat.
936 4191 1197 4259 Quoniam
1222 4188 1522 4244 hominibus
1547 4189 1881 4258 loquebatur,
1900 4191 2055 4246 aliter
2079 4206 2236 4261 quam

659 4297 809 4338 more
855 4291 1040 4336 nostro
1083 4280 1267 4334 audire
1313 4294 1421 4334 non
1447 4279 1749 4335 valentibus
1770 4321 1786 4347 ,
1815 4279 1916 4335 hac
1952 4281 2236 4337 verborum

656 4376 996 4446 simplicitate
1016 4382 1071 4428 et
1097 4371 1450 4427 crassitudine
1470 4388 1598 4427 usus
1625 4381 1745 4437 est;
1774 4382 1902 4427 etut
1927 4371 2118 4430 doceat
2140 4389 2239 4429 nos

658 4483 765 4537 quo
797 4474 950 4536 pacto
976 4464 1261 4519 formatum
1288 4462 1437 4518 illum
1463 4463 1530 4518 de
1566 4473 1706 4519 terra
1730 4503 1745 4530 ,
1791 4463 2090 4534 benignitas
2135 4466 2239 4520 Do-

661 4559 788 4615 mini
819 4558 1134 4613 rationalem
1163 4553 1357 4610 anima;
1398 4555 1683 4609 essentiam
1734 4554 1933 4611 habere
1973 4556 2236 4625 voluerit,

657 4670 748 4725 per
777 4668 937 4725 quam
964 4650 1159 4706 animal
1187 4649 1289 4705 hoc
1308 4648 1609 4704 absolutum
1646 4657 1703 4705 et
1730 4649 2019 4719 perfectum
2064 4650 2236 4707 fleret.

662 4748 726 4804 Et
764 4746 1064 4817 inspiravit,
1095 4743 1300 4813 inquit,
1344 4744 1397 4797 in
1424 4743 1603 4813 faciem
1630 4743 1739 4811 eius
1762 4744 2073 4815 spiraculum
2102 4745 2237 4800 vitae.

666 4839 890 4895 Vitalem
916 4838 993 4892 ait
1033 4834 1287 4905 operandi
1314 4834 1609 4890 efﬁcaciam
1638 4834 1722 4903 ei,
1743 4837 1833 4906 qui
1858 4835 1925 4891 de
1954 4844 2093 4891 terra
2134 4835 2242 4892 for-

661 4942 836 4988 matus
861 4938 965 4994 est,
995 4926 1316 4998 spiraculum
1342 4926 1519 4980 datum
1541 4940 1681 4991 esse,
1709 4934 1765 4981 et
1789 4926 1903 4982 hmc
1928 4926 2023 4982 fuit
2041 4930 2241 4985 consti-

663 5026 797 5082 tutio
843 5021 1153 5079 substantia:
1190 5020 1404 5075 animae.
1436 5018 1590 5074 Unde
1634 5019 1855 5075 subdit:
1889 5019 1955 5074 Et
1982 5025 2145 5092 factus
2170 5033 2241 5077 est

663 5118 813 5171 homo
839 5116 891 5169 in
918 5114 1139 5167 animam
1162 5112 1422 5166 viventem.
1451 5110 1546 5166 Ille
1572 5109 1846 5178 formatus,
1877 5113 2064 5183 inquit,
2093 5122 2149 5169 et
2173 5114 2241 5170 de

661 5208 879 5280 pulvere
924 5213 1223 5274 susceptus,
1263 5203 1547 5272 inspiratus
1586 5203 1851 5271 spiracqu
1876 5205 2018 5271 vitae,
2052 5205 2241 5259 Factus

661 5312 733 5356 est
763 5302 816 5355 in
841 5302 1061 5353 animam
1087 5294 1493 5361 viventem.Quid
1513 5301 1615 5361 est,
1638 5292 1705 5348 In
1725 5296 1945 5348 animant
1968 5297 2242 5351 viventem?

664 5394 777 5450 Hoc
821 5403 899 5447 est
921 5432 935 5456 ,
964 5390 1250 5446 efficaciter
1297 5396 1604 5457 operantem
1630 5428 1646 5453 ,
1674 5386 1957 5444 habentem
2001 5392 2242 5461 corporis

669 5486 907 5542 membra
935 5482 1099 5553 ipsius
1129 5479 1524 5550 operationibus
1549 5480 1830 5534 servientia
1857 5480 2125 5551 ipsiusque
2143 5497 2241 5537 vo-

666 5576 853 5635 luntati
890 5572 1329 5644 obtemperantia.
1358 5570 1620 5626 Caeterum
1649 5570 1830 5625 nescio
1855 5571 2120 5641 quomodo
2145 5588 2244 5629 nos

667 5686 789 5724 eum
814 5665 1231 5723 subverterimus
1263 5661 1528 5729 ordinem,
1552 5671 1608 5717 et
1631 5669 1776 5716 tanta
1802 5661 1961 5718 fuerit
1992 5664 2243 5734 nequitia:

668 5762 907 5819 accessio
930 5801 947 5830 ,
992 5767 1051 5814 ut
1095 5767 1262 5827 Ipsam
1297 5769 1549 5825 cogamus
1586 5755 1762 5811 carnis
1807 5757 2244 5826 concupiscentiis

670 5852 921 5925 obsequi,
938 5863 990 5912 et
1014 5866 1153 5919 eam,
1179 5865 1294 5921 qua:
1334 5856 1514 5918 utpote
1538 5846 1751 5905 domina
1788 5847 1903 5905 aliis
1931 5863 2158 5919 [incesse
2184 5859 2235 5905 et

1389 392 1450 448 S.
1488 390 1765 451 JOANNIS
1786 382 2261 445 CHRYSOSTOMl
2302 384 2616 439 AlitilllEP.
2657 385 3187 440 CONSTANTINOP.

3835 393 3935 448 101

2353 499 2614 571 imp-rare
2636 501 2882 570 debebat,
2905 518 2935 559 e
2963 504 3097 558 solio
3114 504 3463 567 deturbatam.
3485 509 3663 564 carnis
3684 507 3929 579 volupta-

2346 591 2487 647 tibus
2519 608 2708 663 parere
2732 609 3004 665 cogamus,
3038 597 3339 666 ignorantes
3378 600 3544 668 ipsius
3569 602 3931 667 nobilitatem,

2345 690 2405 738 et
2426 693 2676 753 quantam
2704 700 2813 755 pra
2843 686 2942 741 ista
2969 688 3312 744 eminentiam
3342 693 3529 747 sortita
3555 694 3646 748 sit.
3679 693 3811 748 Nam
3840 711 3935 749 co-

2342 774 2449 844 gita
2472 814 2488 842 ,
2513 776 2772 841 obsecro.
2798 776 3136 835 formationis
3165 781 3408 837 ordinem
3440 800 3454 837 :
3484 794 3539 839 et
3572 787 3817 855 expende
3850 796 3937 839 te-

2344 880 2490 933 cum,
2520 868 2640 937 quis
2666 878 2807 924 esset
2838 869 2927 925 ille
2950 881 3231 942 antequam
3263 875 3613 944 iuspirsretur
3639 892 3670 930 a
3701 877 3932 932 Domino

2342 959 2665 1028 spiraculum
2691 961 2841 1028 vitze,
2871 972 2925 1019 et
2957 964 3106 1020 fieret
3148 966 3199 1020 in
3230 968 3458 1021 animam
3486 969 3773 1024 viventem.
3811 970 3933 1024 lna-

2343 1051 2502 1106 nimis
2532 1068 2722 1123 nempe
2765 1055 2968 1126 imago,
3004 1061 3315 1128 operatione
3359 1076 3576 1129 carens,
3603 1074 3659 1117 et
3692 1063 3758 1116 ad
3794 1062 3931 1119 nihl

2344 1142 2521 1207 utilis;
2553 1144 2623 1197 ita
2669 1153 2726 1200 ut
2766 1154 2929 1201 totum
2968 1148 3097 1204 illud
3137 1151 3279 1220 quod
3325 1154 3376 1206 in
3419 1162 3620 1208 tantum
3666 1154 3930 1209 honorem

2345 1233 2516 1304 ipsum
2550 1238 2808 1305 provexit.
2834 1240 2964 1294 nihil
2986 1242 3127 1296 aliud
3155 1245 3242 1309 sit,
3258 1259 3415 1313 quam
3441 1246 3766 1314 spiraculum
3797 1246 3930 1302 illud

2345 1341 2375 1380 a
2407 1328 2515 1382 Deo
2544 1329 2878 1399 inspiratum.
2906 1332 3172 1389 Carterum
3200 1345 3256 1390 ut
3283 1336 3384 1390 hoc
3408 1352 3514 1392 non
3552 1338 3724 1393 solum
3754 1354 3821 1393 ex
3863 1339 3933 1394 iis

2342 1433 2461 1487 quae
2490 1430 2615 1475 tunc
2643 1423 2777 1477 facta
2806 1433 2948 1491 sunt,
2978 1426 3072 1482 sed
3098 1436 3152 1482 et
3182 1443 3251 1483 ex
3280 1428 3343 1483 iis
3367 1445 3486 1500 qua:
3527 1446 3669 1486 nunc
3691 1431 3935 1501 quotidie

2343 1511 2658 1583 contingunt
2679 1516 2881 1583 videas,
2909 1519 3080 1589 cogita
3110 1528 3284 1576 tecum
3303 1523 3571 1591 quomodo
3597 1532 3717 1593 post
3734 1525 3935 1579 anima:

2344 1606 2745 1675 emigrationem
2766 1650 2779 1675 ,
2812 1624 3006 1680 corpus
3033 1611 3135 1667 hoc
3186 1624 3292 1667 tam
3323 1616 3541 1671 insuave
3587 1626 3643 1671 et
3684 1616 3934 1687 injucun-

2344 1696 2468 1751 dum
2498 1710 2719 1769 apparet
2747 1720 2759 1755 :
2788 1711 2843 1757 et
2862 1704 2989 1772 quid
3008 1704 3151 1772 dico,
3193 1706 3409 1762 insuave
3438 1716 3493 1763 et
3542 1708 3937 1779 injucundumr

2342 1802 2501 1857 quam
2530 1790 2874 1863 horrendum,
2896 1812 3054 1866 quam
3084 1801 3346 1871 fcetidum,
3377 1814 3428 1861 et
3458 1806 3797 1868 deformitate
3819 1814 3938 1884 ple-

2345 1897 2495 1949 num,
2517 1885 2657 1953 quod
2679 1896 2833 1942 antea
2862 1904 2982 1944 cum
3008 1893 3075 1948 ab
3100 1895 3276 1951 anima
3297 1910 3589 1968 regeretur,
3607 1903 3935 1975 jucundum,

2342 1983 2573 2067 gratum,
2602 1976 2989 2052 admodumque
3018 1983 3309 2042 formosum
3336 2000 3456 2045 erat
3474 2032 3488 2056 ,
3518 1995 3682 2049 multa
3713 1997 3936 2067 plenum

2345 2066 2624 2135 prudentia
2651 2111 2666 2136 ,
2698 2081 2751 2126 et
2780 2073 2845 2127 ad
2877 2074 3013 2130 bona
3038 2092 3198 2147 opera
3226 2096 3414 2151 magna
3441 2066 3760 2144 dexteritate
3789 2105 3935 2159 pra:-

2342 2159 2530 2215 ditum.
2579 2161 2705 2219 Haac
2749 2166 2929 2237 utique
2957 2172 3133 2224 omnia
3178 2175 3508 2244 cogitantes,
3542 2194 3607 2234 ac
3647 2183 3935 2238 nobiscum

2343 2435 2543 2492 illicitis
2571 2441 2839 2509 operibus,
2870 2458 2936 2499 ne
2965 2447 3064 2500 sub
3100 2450 3278 2504 carnis
3304 2455 3615 2511 servitutem
3642 2473 3763 2512 eam
3801 2462 3936 2515 sub-

2337 2528 2584 2598 jugemus
2608 2573 2622 2595 ,
2656 2548 2722 2587 ne
2748 2543 2852 2589 tam
2884 2538 3115 2594 nobilem
3137 2582 3153 2607 ,
3190 2553 3438 2614 tantaque
3463 2547 3721 2618 dignitate
3747 2553 3932 2608 subli-

2341 2638 2482 2676 mem
2507 2666 2520 2689 ,
2553 2626 2630 2681 sic
2667 2628 2955 2684 crudeliter
2985 2640 3039 2686 et
3083 2633 3573 2695 immisericorditer
3612 2652 3933 2700 tractemus.

2342 2712 2473 2767 Nam
2521 2727 2736 2786 propter
2765 2718 2907 2775 illius
2936 2721 3287 2779 substantiam
3330 2745 3425 2783 nos
3467 2732 3555 2800 qui
3585 2748 3813 2803 corpore
3857 2738 3937 2790 in-

2342 2806 2503 2861 voluti
2532 2821 2736 2874 sumus,
2769 2812 2811 2865 si
2842 2813 3097 2883 velimus,
3129 2833 3407 2885 possumus
3433 2838 3553 2878 cum
3598 2825 3939 2898 incorporeis

2342 2900 2645 2968 virtutibus,
2673 2904 2954 2974 adjuvante
2984 2924 3079 2963 nos
3105 2910 3282 2965 divina
3311 2916 3499 2984 gratia,
3533 2929 3762 2986 certare,
3792 2934 3853 2977 et
3884 2924 3935 2977 in

2344 3000 2484 3045 terra
2513 2996 2868 3065 ambulantes,
2900 3004 3049 3070 quasi
3098 3004 3150 3058 in
3182 3008 3315 3060 czclo
3349 3010 3547 3073 vivere,
3574 3022 3629 3066 et
3659 3015 3792 3068 nihil
3828 3022 3935 3071 mi-

2343 3098 2446 3138 nus
2487 3102 2645 3155 quam
2687 3090 2788 3145 illa:
2829 3092 3059 3161 habere;
3104 3097 3212 3151 imo
3252 3098 3384 3155 forte
3423 3104 3618 3171 aliquid
3647 3109 3886 3178 amplius
3920 3129 3935 3164 :

2341 3179 2609 3246 quomodo
2634 3191 2833 3247 autem,
2854 3200 2950 3254 ego
2977 3186 3170 3242 dicam.
3190 3188 3415 3256 Quando
3435 3196 3575 3249 enim
3602 3198 3721 3267 quis
3744 3201 3939 3256 inven-

2342 3279 2427 3325 tus
2471 3270 2624 3327 fuerit
2662 3278 2990 3346 corruptibili
3037 3281 3136 3336 hoc
3178 3297 3403 3353 corpore
3429 3290 3826 3360 circumdatus,
3864 3298 3938 3351 ita

2340 3362 2501 3415 vitam
2530 3378 2692 3433 agens
2721 3377 2775 3420 ut
2812 3384 3058 3437 supernae
3106 3373 3206 3427 illa:
3235 3375 3455 3431 virtutes
3476 3421 3489 3443 ,
3519 3383 3788 3449 quomodo
3826 3402 3939 3441 non

2344 3457 2740 3524 propensiorem
2771 3459 2863 3515 Dei
2884 3465 3104 3531 gratiam
3133 3466 3401 3537 sortietur,
3426 3472 3547 3539 quia
3568 3476 3811 3542 corporis
3844 3494 3939 3532 ne.

2340 3549 2677 3606 cessitatibus
2713 3552 2973 3611 obnoxius
2998 3597 3013 3623 ,
3046 3558 3403 3631 incorruptam
3442 3566 3634 3621 animae
3674 3570 3939 3627 nobilita-

2342 3647 2449 3694 tem
2482 3641 2497 3671 ¹
2528 3644 2757 3698 servavit
2777 3645 2802 3697 7

2424 3730 2593 3787 Virtus
2642 3736 2926 3803 possibilia;
2970 3755 3234 3809 possumus
3270 3744 3523 3801 Joannem
3564 3748 3856 3819 Baptistam
3893 3766 3941 3807 et

2343 3820 2567 3877 Paulum
2586 3825 3068 3901 imitari.—Ecquis
3090 3850 3359 3903 umquam,
3376 3838 3542 3906 dices,
3568 3844 3764 3911 poterit
3784 3845 3941 3900 inve-

2343 3912 2443 3968 niri
2472 3916 2630 3970 talis?
2666 3918 2851 3974 Merito
2877 3922 3219 3992 impossibilis
3249 3930 3401 3984 nobis
3436 3929 3551 3986 bare
3580 3948 3664 3987 res
3696 3935 3937 3997 videtur.

2341 4020 2564 4073 quorum
2595 4008 2758 4064 virtus
2782 4013 3067 4069 admodum
3091 4018 3297 4087 exigua.
3328 4020 3392 4073 At
3420 4021 3464 4075 si
3495 4024 3571 4077 vis
3592 4023 3801 4081 discere
3826 4044 3939 4082 non

2341 4111 2460 4153 esse
2487 4098 2587 4154 hoc
2614 4100 2939 4171 impossibile
2960 4146 2973 4170 ,
3003 4107 3211 4178 cogita,
3237 4125 3333 4164 oro
3352 4152 3367 4173 ,
3396 4128 3582 4169 omnes
3600 4114 3777 4184 justos
3796 4159 3814 4183 ,
3844 4121 3939 4189 qui

2342 4188 2567 4245 Domino
2596 4192 2662 4246 ab
2700 4193 2851 4249 initio
2888 4211 3056 4267 usque
3084 4199 3149 4253 ad
3196 4214 3433 4269 prresens
3470 4212 3677 4275 tempus
3715 4188 3940 4277 placue-

2342 4289 2466 4335 runt
2491 4296 2737 4353 magnum
2761 4285 2931 4350 illum,
2960 4297 3016 4343 et
3039 4289 3336 4347 infecunda:
3364 4294 3551 4360 lilium,
3574 4306 3630 4351 et
3656 4300 3827 4353 eremi
3861 4302 3940 4355 ci-

2341 4386 2459 4427 vem
2486 4373 2744 4430 Joannem
2776 4379 2819 4443 ²,
2850 4377 3071 4434 Paulum
3100 4397 3312 4452 quoque
3338 4386 3648 4455 magisuum
3677 4388 3854 4457 orbis,
3886 4401 3943 4445 et

2341 4479 2555 4520 omnem
2583 4476 2885 4523 sanctorum
2920 4486 3223 4541 numerum,
3252 4477 3343 4545 qui
3370 4477 3615 4534 eamdem
3641 4495 3802 4549 quam
3837 4499 3942 4538 nos

2341 4564 2583 4610 naturam
2615 4557 2869 4627 habuere,
2897 4561 3082 4618 iisdem
3112 4568 3352 4634 corporis
3383 4569 3791 4626 necessitatibus
3832 4574 3939 4626 ob-

2342 4649 2506 4714 noxii,
2528 4659 2582 4704 et
2612 4666 2678 4705 ne
2696 4653 2831 4707 ultra
2853 4654 3177 4723 impossibile
3205 4672 3324 4712 esse
3349 4675 3481 4727 opus
3506 4661 3805 4727 existimes,
3843 4681 3943 4720 ne-

2342 4754 2445 4810 que
2482 4742 2695 4812 segnior
2735 4745 2812 4799 sis
2847 4745 2913 4799 ad
2953 4747 3222 4813 virtutem,
3250 4748 3318 4804 ad
3342 4764 3499 4820 quam
3541 4751 3693 4806 facile
3727 4757 3939 4824 ample-

2343 4832 2588 4888 ctendam
2612 4844 2782 4890 tantas
2799 4852 2827 4890 a
2853 4839 3077 4895 Domino
3093 4851 3285 4897 nactus
3303 4858 3364 4898 es
3387 4844 3716 4899 occasiones.
3739 4846 3940 4903 Sciens

2344 4923 2486 4978 enim
2515 4924 2773 4997 benignus
2801 4928 3053 4985 Dominus
3088 4941 3286 4987 nostra:
3315 4934 3555 4988 voluntat
3576 4951 3603 4990 s
3645 4936 3939 4991 inﬁrmita-

2346 5023 2474 5082 tem,
2504 5026 2561 5071 et
2585 5016 2653 5071 ad
2685 5018 2965 5075 Iabendum
2995 5022 3398 5091 proclivitatcm,
3419 5040 3607 5095 magna
3630 5028 3787 5081 nobis
3817 5045 3938 5083 me-

2344 5108 2608 5164 dicamina
2636 5112 2688 5166 in
2716 5126 2985 5168 sacrarum
3013 5114 3405 5186 Scripturarum
3436 5118 3665 5173 lectione
3688 5121 3937 5190 reliquit,

2346 5210 2405 5254 ut
2428 5216 2490 5257 ea
2514 5203 2739 5261 subinde
2756 5206 3063 5263 vulneribus
3089 5211 3285 5264 nostris
3312 5210 3665 5278 imponentes,
3688 5222 3746 5267 et
3768 5214 3939 5267 vitam

2346 5295 2555 5352 illorum
2598 5297 2871 5353 beatorum
2900 5301 3129 5355 virorum
3164 5312 3288 5357 ante
3315 5303 3500 5357 oculos
3527 5315 3901 5373 proponentes
3926 5351 3940 5369 ,

2347 5387 2413 5443 ad
2434 5389 2786 5444 aemulandum
2810 5406 3177 5461 provocamur,
3200 5403 3255 5449 et
3275 5394 3522 5449 virtutem
3555 5410 3663 5449 non
3692 5398 3938 5467 negliga~

2348 5590 2371 5639 ‘
2400 5529 2429 5638 ἐ
2458 5527 2540 5578 Sic
2582 5530 2732 5639 )Savil.
2776 5536 2830 5581 et
2866 5530 3069 5583 Coislin.
3104 5532 3279 5584 Morel.
3314 5541 3369 5585 et
3399 5536 3505 5598 alii,
3536 5540 3793 5606 euergiam
3823 5548 3937 5608 (τήν

2374 5608 2397 5638 ν
2427 5606 2579 5639 ογειαν
2610 5630 2620 5639 .

2374 5592 2706 5703 νὶρέῗέιαέξνὶι.
2729 5660 2783 5702 et
2803 5654 2901 5720 duo
2929 5655 3041 5706 Mss.
3066 5656 3183 5720 Alii,
3208 5656 3386 5719 Eliam,
3413 5673 3528 5720 pro,
3553 5664 3819 5715 Joannem.
3855 5670 3933 5717 in—

2346 5720 2542 5779 terpres
2569 5722 2831 5776 utrumque
2863 5719 3075 5779 legerat,
3098 5718 3164 5768 ita
3199 5727 3256 5768 ut
3294 5718 3522 5770 Joannes
3543 5725 3621 5773 bic
3663 5739 3934 5778 vocaretur

2348 5776 2535 5844 Helias.
2570 5780 2673 5844 _St_c
2716 5781 2871 5844 etiam
2910 5776 3012 5828 t'res
3063 5776 3207 5844 Mss,
3240 5780 3448 5835 .Heliam
3488 5782 3626 5835 illum
3677 5776 3931 5843 Joannem

2350 5837 2542 5900 (Ἥλίαν
2563 5840 2737 5887 ἐκεῐνσν
2770 5840 3025 5902 Ἰωάννην).
