4038 6394
98 278 188 332 H5
1315 281 1382 337 IN
1418 281 1570 337 CAP.
1619 283 1658 338 ll
1698 282 1941 338 GENES.
1986 281 2219 340 HOMIL.
2262 283 2374 340 XII.

94 400 178 449 καὶ
204 397 391 450 ταῦτα
427 397 572 468 μετά
602 397 804 469 πολλῆς
835 397 932 467 τῆς
959 398 1416 461 συγκαταΰάσεως
1441 399 1536 451 καὶ
1575 399 1662 451 διὰ
1685 399 1784 469 τὴν

96 486 384 538 ἀσθένειαν
414 486 518 555 τὴν
549 485 826 556 ἡμετέραν
846 484 992 538 οὕτω
1014 487 1265 558 ρηθέντα.
1293 487 1403 539 Kal
1429 486 1562 539 αὐτὸ
1586 486 1698 556 γάρ
1723 487 1782 538 τὸ

99 573 266 624 εἰπεῖν
296 592 308 602 ο
350 573 670 626 Ἔπ.1ασεν
709 575 743 626 ό
788 575 933 639 Θεὸς
961 573 1071 626 τὸν
1109 573 1788 642 ἅνθρωπον,καὶὲνερύ-

99 673 314 725 σησεν,
344 659 578 723 ἀνάξιον
605 660 776 713 Θεοῦο
808 660 943 714 άλλά
967 661 1034 713 δι’
1055 662 1203 733 ἡμᾶς
1245 662 1341 714 καὶ
1372 661 1433 714 τὸ
1469 661 1692 724 ἀσθενὲς
1724 661 1788 714 τὸ

97 748 416 818 ἡλιὲτερονι
468 747 614 801 οὕτω
644 749 817 802 ταῦτα
847 749 1110 819 διηγεῖται
1162 751 1196 820 ἡ
1246 749 1366 802 θεία
1403 749 1614 820 Γραφὴ,
1656 751 1788 820 ἡμῖν

101 834 644 902 σδγκατασαίνουσα,
692 837 782 890 ἴνα
810 836 1011 906 ταύτης
1040 837 1362 901 ἀξιωθέντες
1387 837 1487 908 τῆς
1512 854 1787 903 συγκατα-

97 923 331 986 δὰσεως,
361 923 618 977 ἀνελθεῖν
648 925 788 994 πρὸς
828 925 891 977 τὸ
938 924 1070 993 ὕψος
1118 925 1292 978 ἐκεῖνο
1327 923 1650 995 ἰσχύσωμεν.
1677 923 1788 976 Kal

103 1011 358 1075 ἔπλασε,
408 1011 601 1081 φησὶν,
648 1015 682 1065 ό
731 1012 876 1078 Θεὸς
914 1011 1022 1065 τὸν
1057 1011 1390 1080 ἄνθρωπον,
1425 1011 1578 1080 χοῦν
1609 1010 1788 1064 λαϐὼν

101 1097 212 1152 ἀπὸ
233 1096 346 1167 τῆς
369 1099 673 1168 τῆς-,Τέως
695 1099 758 1152 οὐ
785 1099 959 1172 μικρὰ
986 1101 1118 1172 ἡμῖν
1134 1099 1384 1154 ἐντεῦθεν
1409 1100 1672 1163 τίκτεται,
1693 1099 1789 1151 ἐάν

105 1188 288 1257 νήφειν
322 1186 678 1258 βουλώμεθα,
718 1188 1216 1260 ταπεινοφροσύνης
1258 1187 1594 1242 διδασκαλία.
1619 1187 1788 1240 Ὅταν

105 1277 207 1344 γάρ
251 1276 638 1347 ἐννοήσωμεν,
675 1276 841 1330 πόθεν
867 1277 994 1348 ἔσχε
1021 1277 1122 1347 τὴν
1148 1275 1324 1348 ἀρχὴν
1346 1275 1449 1346 τῆς
1479 1275 1790 1339 συστάσεως

105 1367 134 1434 ἡ
159 1363 325 1430 φύσις
347 1366 387 1434 ἡ
421 1364 692 1436 ἡμετέρα,
724 1364 832 1420 κάν
863 1364 1122 1436 μυριάκις
1146 1365 1246 1427 τάς
1272 1364 1444 1435 ὀφρῦς
1465 1362 1792 1418 ἀνασπάσω-

112 1469 220 1519 μεν,
269 1453 689 1525 συπελλόμεθα
709 1454 757 1519 δ,
787 1453 1212 1523 ταπεινούμεθα,
1245 1451 1344 1524 τήν
1372 1452 1559 1507 οὐσίαν
1584 1451 1792 1506 ἐαυτῶν

109 1538 578 1611 ἀναλογιζόμενοι,
617 1539 1346 1612 μετριάζεινπαιδευόμεθα.
1373 1540 1473 1594 Διά
1504 1540 1661 1594 τοῦτο
1683 1540 1792 1612 γὰρ

110 1628 191 1680 ul
225 1631 254 1681 6
282 1628 452 1692 Θεὸς,
487 1629 788 1700 κηδόμενος
819 1629 975 1701 ἡμῶν
999 1630 1098 1701 τῆς
1129 1629 1422 1700 σωτηρίας,
1455 1627 1628 1692 οὕτως
1658 1628 1794 1699 ὡδή-

110 1732 235 1784 γησε
258 1714 359 1767 τοῦ
388 1719 675 1787 προφήτου
712 1716 812 1788 τὴν
843 1715 1088 1786 γλῶτταν
1127 1717 1266 1789 πρὸς
1294 1715 1392 1788 τὴν
1415 1716 1688 1788 ἡμετέραν
1711 1715 1793 1770 δι-

110 1803 428 1856 δασκαλίαν.
446 1805 670 1874 Ἐπειδὴ
704 1806 813 1877 γάρ
839 1799 961 1858 εἷπε
982 1803 1332 1877 προλαϐοῦσα
1359 1807 1394 1876 ἡ
1423 1804 1544 1858 θεία
1562 1805 1754 1875 Γραφή
1779 1818 1794 1833 ⁶

111 1891 209 1945 Καὶ
222 1892 535 1959 ἐποίησεν
553 1895 585 1946 ό
608 1891 754 1958 Θεὸς
772 1891 878 1946 τὸν
899 1891 1234 1960 ἄνθρωπον,
1263 1892 1390 1947 κατ’
1411 1892 1616 1947 εἰκόνα
1645 1891 1793 1947 Θεοῦ

110 1980 406 2047 ἐποίησε-ν
435 1980 646 2045 αὐτὸν,
671 1983 766 2035 καὶ
789 1981 888 2052 τὴν
919 1983 1094 2053 ἀρχὴν
1121 1981 1271 2053 αὐτῷ
1295 1981 1474 2035 πᾶσαν
1507 1980 1793 2053 παρέδωκε

109 2068 210 2119 τῶν
255 2068 583 2140 ὁρωμένων,
626 2068 700 2139 μὴ
732 2069 942 2138 ἀγνοῶν
968 2071 1068 2141 τῆς
1100 2070 1304 2132 οἰκείας
1335 2069 1524 2133 οὐσίας
1568 2069 1668 2137 τὴν
1697 2068 1792 2122 σύ-

114 2173 297 2209 στασιν
356 2157 572 2226 μεγάλα
624 2157 939 2230 φαντασθῇ,
987 2160 1082 2212 καὶ
1127 2157 1339 2230 ύπερδῇ
1385 2158 1511 2221 τοὺς
1560 2156 1795 2222 οἰκείους

109 2246 265 2314 ὃρως
287 2259 304 2273 ’
364 2243 453 2298 διὰ
498 2244 654 2297 τοῦτο
699 2245 1230 2316 ἐπαναλαμϐάνουσα
1261 2245 1376 2318 [97]
1409 2245 1652 2299 διδάσκει
1698 2245 1794 2298 καὶ

110 2333 197 2386 τὸν
244 2332 454 2405 τρόπον
481 2333 582 2403 τῆς
618 2333 948 2397 συστάσεως,
984 2335 1080 2388 καὶ⁵
1123 2334 1226 2404 τῆς
1254 2335 1522 2402 γενέσεως
1544 2334 1645 2406 τὴν
1693 2334 1794 2404 ἀρ-

109 2421 228 2491 χὴν,
270 2422 374 2474 καὶ
419 2421 545 2474 ὅθεν
591 2423 619 2475 6
670 2422 886 2493 πρῶτος
913 2422 1199 2493 ἄνθρωπος
1224 2421 1502 2494 παρήχθη,
1551 2423 1646 2476 καὶ
1678 2421 1795 2486 πῶς

111 2508 394 2579 παρήχθη.
431 2509 496 2562 Εἰ
525 2509 633 2580 γάρ
660 2511 755 2563 καὶ
787 2509 926 2577 μετὰ
954 2510 1160 2582 ταύτην
1180 2512 1277 2582 τὴν
1302 2510 1672 2572 διδασκαλίαν,
1699 2511 1794 2564 καὶ

115 2598 250 2667 μετά
285 2599 351 2650 τὸ
394 2598 622 2666 γνῶναι,
650 2598 732 2650 ὅτι
781 2598 888 2652 ἀπὸ
933 2599 1034 2669 τῆς
1060 2599 1164 2670 γῆς
1205 2599 1317 2669 ἔχει
1355 2599 1454 2660 τὴν
1495 2599 1672 2671 ἀρχὴν
1695 2600 1796 2670 τῆς

115 2688 454 2749 συστάσεως,
487 2686 544 2752 ἐξ
569 2681 637 2757 ἦς
666 2687 737 2738 τά
763 2686 1072 2757 σπέρματα,
1105 2685 1165 2751 ἐξ
1188 2682 1256 2758 ἧς
1283 2687 1354 2740 τά
1375 2687 1544 2754 ἄλογα
1570 2687 1705 2751 ζῶα,
1746 2691 1795 2743 εἰ

114 2774 205 2824 καὶ
245 2775 279 2844 ἡ
309 2774 629 2836 διάπλασις,
678 2774 771 2826 καὶ
808 2774 908 2843 τῆς
948 2772 1125 2843 ψυχῆς
1151 2776 1184 2845 ἡ
1212 2775 1370 2828 οὐσία
1417 2777 1449 2845 ἡ
1505 2774 1796 2845 ἀσώματος

114 2861 314 2931 mm?)
361 2861 512 2930 αὐτῷ
552 2860 650 2931 τὴν
680 2861 1004 2931 προεδρίανο
1046 2861 1133 2915 διὰ
1167 2862 1264 2933 την
1297 2862 1390 2916 τοῦ
1424 2862 1558 2916 Θεοῦ
1610 2865 1800 2932 φιλαν-

116 2949 366 3020 θρωπίαν
393 2949 717 3020 κεχάρισται
741 2966 754 2978 ο
785 2949 871 3002 διά
902 2950 1009 3022 γάρ
1048 2949 1250 3020 ταύτην
1276 2950 1373 3004 καὶ
1399 2951 1459 3004 τὸ
1483 2951 1698 3020 λογικὸς
1721 2947 1798 3004 εἶ-

116 3055 220 3099 ναι,
253 3039 360 3091 καὶ
389 3037 492 3106 τὴν
518 3035 662 3089 κατά
691 3036 906 3090 πάντων
931 3037 1105 3109 ἀρχὴν
1131 3037 1346 3104 ἐδέξατο
1364 3054 1376 3067 °
1420 3041 1470 3092 εἰ
1502 3038 1678 3092 τοίνυν
1704 3040 1798 3092 καὶ

116 3125 286 3179 ταῦτα
319 3124 534 3195 μαθὼν,
561 3124 649 3178 διά
676 3123 774 3196 τὴν
802 3123 956 3193 παρὰ
981 3124 1075 3177 τοῦ
1104 3124 1280 3193 δφεως
1311 3125 1528 3196 ἀπάτην
1564 3127 1798 3181 ίσοθεϊαν

117 3213 435 3284 ἐφαντάσθη
481 3214 509 3264 ὁ
542 3214 606 3266 ἐκ
637 3213 741 3282 γῆς
778 3211 1066 3276 πλασθείς’
1117 3215 1165 3265 εί
1202 3215 1269 3284 τῇ
1318 3213 1506 3285 πρώτη
1549 3214 1799 3286 διηγήσει

117 3303 363 3374 ἠρκέσθη
398 3304 428 3356 6
459 3301 728 3372 μακάριος
770 3293 924 3364 οὗτος
958 3301 1264 3373 προφήτης,
1296 3303 1389 3355 xal
1425 3303 1499 3374 μὴ
1528 3303 1800 3358 ἐπαναλα-

119 3392 227 3445 ϐὼν
259 3392 445 3446 πάντα
481 3389 620 3461 μετά
653 3389 936 3458 ἀκριὸείας
965 3391 1112 3461 ἡμᾶς
1158 3389 1385 3457 ἐδίδαξε,
1434 3391 1537 3444 ποῦ
1587 3393 1687 3447 οὐκ
1733 3392 1800 3448 ἂν

122 3475 327 3543 μανίας
357 3472 763 3542 ἐξωκείλαμεν;

188 3561 428 3616 ε’.¹Ὠστε
468 3559 723 3629 μέγιστον
757 3559 888 3630 ἡμῖν
915 3559 1062 3612 ἐστιν
1093 3559 1174 3622 είς
1205 3557 1553 3614 διδασκαλίαν
1586 3561 1803 3631 φιλοσο-

122 3649 250 3718 φίας
283 3649 348 3702 τὸ
378 3647 575 3719 μαθεῖν
600 3647 765 3701 πόθεν
793 3647 854 3712 ἐξ
881 3647 1057 3720 ἀρχῆς
1085 3646 1182 3718 τὴν
1217 3647 1474 3702 σύστασιν
1494 3650 1593 3719 τῆς
1614 3651 1804 3716 οὐσίας

125 3741 465 3808 ἐσχήκαμεν.
485 3736 596 3790 Καὶ
621 3736 876 3797 ἔπλασε,
903 3737 1086 3806 φησιν,
1115 3738 1148 3789 ὀ
1171 3735 1316 3802 Θεὸς
1333 3737 1440 3790 τὸν
1469 3737 1801 3806 ἄνθρωπον,

125 3826 278 3894 χοῦν
331 3823 516 3878 λαϐὼν
554 3823 673 3878 ἀπὸ
714 3821 825 3890 τῆς
864 3822 995 3893 γῆς,
1042 3823 1142 3877 καὶ
1183 3823 1569 3892 ἐνεφύσησεν
1611 3829 1698 3893 εἰς
1737 3827 1804 3880 τὸ

126 3914 459 3980 πρόσωπον
502 3911 687 3966 αὑτοῦ
719 3911 920 3980 πνοὴν
957 3909 1124 3981 ζωῆς.
1144 3911 1363 3985 Ἐπειδὴ
1393 3911 1698 3984 ἀνθρώποις
1729 3914 1806 3968 δι-

129 4003 347 4072 ελέγετο
386 4001 450 4054 οὐ
494 4001 811 4072 δυναμένοις
855 4000 1058 4072 ἑτέρως
1103 4001 1417 4073 ἀκοῦσαι,ῆ
1461 4002 1537 4066 ὼς
1576 4003 1806 4058 ἀκοῦσαι

129 4093 276 4162 ἡμᾶς
301 4089 533 4143 δυνατὸν
561 4084 650 4160 ἦν,
689 4087 834 4142 οὕτω
868 4090 935 4160 τῇ
970 4088 1241 4160 παχύτητι
1268 4089 1378 4142 τῶν
1409 4089 1580 4159 λόγων
1603 4091 1796 4164 κέχρη-

129 4197 238 4243 ται,
269 4179 368 4233 καὶ
420 4179 510 4232 ἶνα
557 4177 742 4248 διδάξῃ
789 4177 958 4247 ἡμᾶς,
988 4177 1070 4230 δτι
1094 4176 1280 4230 τοῦτον
1323 4177 1416 4230 τὸν
1455 4179 1520 4232 ἐκ
1566 4179 1667 4250 τῆς
1704 4179 1807 4250 γῆς

133 4268 446 4324 πλασθέντα
487 4268 524 4339 ἡ
571 4265 948 4338 φιλανθρωπία
971 4266 1066 4321 τοῦ
1093 4267 1364 4320 Δεσπότου
1407 4266 1670 4339 ἐϐουλήθη
1713 4270 1808 4322 καὶ

133 4357 311 4430 ψυχῆς
331 4355 527 4410 οὐσίαν
549 4356 692 4427 ἐχειν
716 4355 960 4427 λογικὴν,
992 4356 1060 4410 δι’
1084 4351 1154 4429 ἦς
1184 4355 1245 4408 τδ
1274 4354 1411 4420 ζῶον
1442 4355 1600 4411 τοῦτο
1621 4355 1809 4429 ἄρτιον

135 4446 228 4499 καὶ
278 4444 493 4499 τέλειον
544 4443 915 4499 ἀπεδείκνυτο.
948 4443 1058 4498 Καὶ
1093 4444 1460 4513 ἐνεφύσησε,
1495 4443 1677 4516 φησιν,
1723 4446 1811 4512 είς

135 4534 202 4586 τὸ
243 4535 575 4602 πρόσωπον
614 4531 801 4586 αὐτοῦ
842 4531 1045 4598 πνοὴν
1081 4530 1252 4601 Mc.
1298 4532 1542 4604 Ζωτικὴν
1566 4572 1581 4596 ,
1623 4533 1808 4604 φησὶν,

139 4623 423 4695 ἐνέργειαν
448 4621 511 4674 τὸ
533 4621 834 4693 ἐμφύσημα
862 4620 1154 4691 ἐχαρίσατο
1174 4620 1254 4692 τῷ
1281 4623 1344 4674 ἐκ
1367 4621 1471 4692 γῆς
1499 4621 1808 4685 πλασθέντι,

142 4713 234 4764 καὶ
284 4710 449 4763 τοῦτο
495 4709 714 4777 ἐγένετο
759 4708 1018 4772 σύστασις
1067 4709 1168 4778 τῆς
1208 4708 1440 4772 οὐσίαςά
1481 4709 1579 4779 τῆς
1610 4707 1808 4779 ψυχῆς.

153 4800 434 4871 Ἐπήγαγε
465 4797 616 4866 γοῦν,
648 4796 760 4852 Καὶ
787 4796 1022 4866 ἐγένετο
1056 4799 1090 4851 ό
1120 4796 1427 4865 ἄνθρωπος
1470 4799 1556 4863 εις
1601 4796 1814 4865 ψυχὴν

143 4884 360 4946 ζῶσαν.
397 4886 638 4948 Ἐκεῖνος
659 4885 690 4938 6
717 4883 994 4948 πλασθεὶς,
1022 4885 1051 4936 6
1088 4883 1197 4938 ἀπὸ
1225 4883 1320 4938 τοῦ
1347 4883 1491 4954 χοὸς,
1521 4883 1814 4955 δεξάμενος

142 4974 202 5026 τὸ
227 4971 537 5042 ἐμφύσημα
563 4971 662 5044 τὴ)
693 4971 862 5043 πνοὴν
884 4971 982 5042 τῆς
1011 4969 1175 5040 ζωῆς,
1193 4971 1478 5039 Ἐγένετο,
1507 4972 1691 5042 φησιν,
1725 4973 1814 5038 είς

145 5061 360 5130 ψυχὴν
405 5059 620 5120 ζῶσαν.
651 5060 716 5113 Τί
759 5059 928 5123 ἐστιν,
967 5061 1072 5125 Εἰς
1102 5057 1318 5129 ψυχὴν
1361 5057 1589 5124 ζῶσαν;
1633 5060 1814 5131 Ἐνερο

149 5147 372 5216 γεῦσαν,
416 5148 647 5218 ἔχουσαν
696 5146 1111 5220 ὐπηρετούμενα
1140 5147 1210 5201 τά
1253 5147 1388 5218 μέλη
1432 5149 1527 5200 τοῦ
1565 5147 1813 5218 σώματος

148 5238 264 5298 ταῖς
280 5234 457 5304 αὐτῆς
474 5234 794 5306 ἐνεργείαις,
824 5234 918 5288 καὶ
937 5233 1015 5304 τῷ
1037 5233 1334 5305 βουλήματι
1356 5235 1525 5306 αὐτῆς
1550 5235 1810 5305 ἑπόμενα.

162 5323 298 5378 Ἀλλ’
318 5323 424 5376 οὐκ
452 5316 548 5375 οἷδ’
743 5322 904 5393 ἡμεῖς
931 5321 1372 5393 ἀντεστρέψαμεν
1399 5322 1497 5393 τὴν
1525 5320 1695 5386 τάξιν,
1721 5321 1816 5376 καὶ

150 5410 386 5480 τοσαύτη
428 5409 650 5478 γέγονεν
691 5411 727 5480 ἡ
775 5407 876 5479 τῆς
931 5408 1126 5472 κακίας
1173 5408 1442 5474 ἐπίτασις,
1490 5409 1566 5471 ώς
1611 5409 1814 5480 ταύτην

155 5497 485 5569 ἀναγκάζειν
521 5500 639 5563 τοῖς
675 5497 776 5570 τῆς
821 5496 1025 5568 σαρκὸς
1053 5495 1389 5566 βουλήμασιν
1420 5497 1814 5564 ἐξακολουθεῖν,

218 5677 244 5738 F
278 5674 462 5738 μοι-ει.
503 5675 586 5723 καὶ
620 5675 677 5723 τὸ
704 5675 893 5731 ἀσθενὲς
922 5674 978 5723 τὸ
995 5676 1224 5738 ἡμέτερον
1245 5672 1389 5724 τοῦτο
1411 5674 1659 5738 διῖγεῖται.

213 5736 246 5777 δ
268 5736 422 5798 8³1111.
447 5741 700 5798 εῐίυονεω
740 5750 856 5787 mss.
876 5735 1310 5798 καταστελλόμεθα.
1377 5739 1410 5798 ⁸*
1429 5735 1601 5798 κοτέει.
1618 5778 1620 5781 .
1637 5752 1817 5798 προσε-

163 5799 305 5874 δρίαν.
327 5797 482 5874 ἰοίη-
497 5797 680 5874 (ἶιξίεξὶιι
724 5799 818 5849 ὐπὸ
857 5803 941 5854 τῆς
979 5815 1024 5848 τ.
1048 5799 1094 5848 6.
1119 5795 1322 5856 ἀπάτης.
1386 5795 1414 5838 ἆ
1447 5795 1817 5849 εοωεη.’ωιι8

167 5860 394 5918 σύστασις
429 5864 490 5920 τῇ
514 5860 676 5928 οὐσίᾳ,

3439 288 3542 342 104

1891 400 1984 453 καὶ
2009 400 2108 470 τὴν
2137 401 2196 454 ἐν
2222 400 2371 467 τάξει
2396 399 2682 471 δεσποίνης
2703 399 3022 470 ὀφείλουσαν
3050 401 3427 473 προκαθῆσθαι
3459 405 3552 459 καὶ

1885 487 2194 539 ἐπιτάττειν
2237 488 2700 552 καταϐιϐάσαντες
2727 489 2836 542 ἀπὸ
2876 489 2972 542 τοῦ
3011 489 3224 560 θρόνου,
3259 491 3554 544 ὑπακούειν

1885 576 2006 636 ταῖς
2049 575 2152 644 τῆς
2203 575 2402 646 σαρκὸς
2447 576 2660 646 ἡδοναῖς
2707 577 3211 647 καταναγκάζομεν,
3236 578 3555 646 ἀγνοοῦντες

1885 661 2059 730 αὐτῆς
2088 661 2188 732 τὴν
2222 663 2520 731 εὐγένειαν,
2555 665 2650 716 καὶ
2682 664 2781 734 ὅση
2829 664 3031 734 ταύτης
3064 667 3098 735 ἡ
3130 664 3390 737 προεδρία
3426 683 3554 731 τυγ-

1887 749 2064 818 χάνει.
2083 749 2360 820 Ἐννόησον
2387 750 2496 822 γάρ
2531 769 2621 822 μοι
2646 751 2742 822 τὴν
2771 751 2923 815 τάξιν
2952 753 3050 823 τῆς
3073 751 3431 817 διαπλάσεως,
3460 755 3557 806 καὶ

1887 834 2102 903 λογίζου
2130 836 2236 906 πρὸ
2260 836 2356 888 τοῦ
2381 839 2596 907 ἐμφυσὴ
2605 854 2772 908 ματος
2798 838 2891 890 τοῦ
2927 839 3217 903 Δεσπότου,
3245 839 3381 908 ὅπερ
3407 839 3557 909 αὐτῷ

1888 923 2111 991 γέγονεν
2149 927 2230 988 είς
2258 926 2429 996 πνοὴν
2457 927 2622 996 ζωῆς,
2651 927 2745 980 καὶ
2772 927 2985 995 ἐγένετο
3008 927 3084 990 είς
3108 926 3284 998 ψυχὴν
3310 927 3488 991 ζῶσαν
3507 939 3556 990 θ,

1887 1011 1940 1064 τί
1982 1008 2051 1082 ἦν
2087 1015 2115 1064 6
2145 1012 2425 1075 πλασθείς.
2443 1015 2656 1078 Ἀπλῶς
2688 1015 2851 1067 είκὼν
2884 1015 3110 1086 ἄψυχος,
3138 1015 3232 1068 καὶ
3261 1014 3556 1086 ἀνενέργη-

1888 1098 2002 1164 τος,
2032 1101 2127 1154 καὶ
2176 1102 2258 1164 είς
2299 1101 2450 1155 οὐδὲν
2496 1103 2786 1173 χρήσιμος,
2827 1101 2968 1155 ὥστε
3005 1103 3064 1156 τὺ
3097 1103 3205 1156 πᾶν
3234 1103 3328 1156 καὶ
3371 1104 3433 1155 τὸ
3478 1105 3558 1164 είς

1888 1187 2157 1258 τοσαύτην
2187 1189 2349 1241 αὐτὸν
2383 1188 2544 1260 τιμὴν
2571 1189 2796 1258 ἀγαγὸν,
2830 1189 3005 1243 ἐκεῖνό
3032 1190 3148 1242 ἐστι
3191 1189 3251 1242 τὸ
3283 1189 3432 1258 παρὰ
3462 1187 3556 1241 τοῦ

1888 1273 2026 1326 Θεοῦ
2049 1274 2270 1342 γεγονὸς
2298 1277 2378 1338 είς
2401 1275 2560 1329 αὐτὸν
2591 1276 2915 1347 ἐμφύσημα.
2948 1277 3055 1329 Kal
3086 1276 3173 1329 ἵνα
3203 1275 3357 1330 τοῦτο
3390 1276 3464 1346 μὴ
3494 1278 3559 1328 ἐκ

1889 1360 1998 1416 τῶν
2021 1363 2142 1415 τότε
2169 1364 2566 1435 γεγενημένων,
2580 1364 2717 1418 ἀλλά
2737 1365 2832 1420 καὶ
2856 1366 2920 1418 ἐκ
2934 1365 3040 1419 τῶν
3068 1364 3162 1418 νῦν
3181 1364 3302 1419 καθ’
3324 1365 3559 1432 ἑκάστην

1891 1448 2103 1520 ἡμέραν
2132 1451 2536 1521 συμϐαινόντων
2567 1452 2825 1518 κατίδοις,
2849 1454 3018 1507 ἐννόει
3055 1471 3144 1524 μοι
3178 1451 3316 1522 μετά
3340 1453 3439 1523 τὴν
3460 1451 3559 1521 τῆς

1891 1536 2071 1606 ψυχῆς
2105 1535 2284 1604 ἐξοδον
2331 1539 2390 1592 τὺ
2444 1539 2603 1608 σῶμα
2639 1539 2794 1594 τοῦτο
2823 1540 2939 1605 πῶς
2979 1542 3143 1612 ἀηδὲς
3185 1542 3280 1594 καὶ
3326 1540 3560 1610 ἀτερπὲς

1894 1623 2173 1691 φαίνεται·
2226 1626 2321 1679 καὶ
2365 1626 2417 1678 τί
2449 1625 2594 1695 λέγω
2627 1625 2743 1700 [98]
2773 1627 2936 1699 ἀηδές
2977 1629 3072 1682 καὶ
3119 1628 3394 1700 ἀτερπές;
3443 1628 3561 1690 πῶς

1893 1711 2146 1779 φευκτὸν,
2180 1711 2440 1777 δυσωδίας
2469 1715 2961 1786 ἐμπεπλησμένον,
3004 1716 3184 1787 πάσης
3227 1716 3502 1787 ἀμορφίας
3536 1715 3557 1755 τ

1893 1800 2358 1871 πεπληρωμένον,
2393 1801 2455 1855 τὸ
2485 1803 2592 1874 πρὸ
2637 1803 2848 1869 τούτου,
2879 1804 3043 1876 ἡνίκα
3073 1804 3170 1876 τὴν
3200 1804 3376 1876 ψυχὴν
3417 1800 3563 1876 εἶχεν

1893 1886 2233 1958 ἡνιοχοῦσαν,
2261 1888 2502 1961 φαιδρὸν,
2538 1892 2747 1963 χαρίεν,
2781 1892 2980 1963 πολλῆς
3014 1893 3113 1965 τῆς
3136 1891 3440 1962 εὐμορφίας
3465 1893 3563 1962 ἐμ·

1893 1975 2296 2045 πεπλησμένον,
2321 1977 2522 2048 πολλῆς
2549 1979 2650 2049 τῆς
2676 1979 2942 2045 συνέσεως
2965 1979 3413 2052 πεπληρωμένον,
3440 1979 3564 2032 πολ-

1893 2063 1991 2135 λὴν
2020 2065 2428 2139 ἐπιτηδειότητα
2467 2068 2587 2139 ἐχον
2619 2071 2753 2141 πρὸς
2782 2071 2881 2143 τὴν
2919 2069 3028 2124 τῶν
3059 2071 3280 2139 ἀγαθῶν
3313 2069 3564 2142 πράξεων

1893 2152 2190 2224 ἐνέργειαν.
2221 2155 2406 2210 Ταῦτα
2433 2156 2496 2229 δὴ
2525 2158 2701 2211 πάντα
2744 2159 3071 2226 ἐννοοῦντες,
3099 2162 3198 2214 καὶ⁹
3225 2160 3561 2230 λογιζόμενοι

1891 2241 1992 2312 τὴν
2032 2242 2359 2311 εὐγένειανε
2406 2244 2506 2316 τῆς
2554 2247 2832 2318 ἡμετέρας
2881 2247 3081 2318 ψυχῆς,
3137 2247 3302 2318 μηδὲν
3345 2247 3563 2311 ἀνάξιον

1893 2329 2063 2401 αὐτῆς
2106 2330 2587 2404 διαπραττώμεθα,
2635 2336 2769 2406 μηδέ
2819 2337 3345 2408 καταρρυπαίνωμεν
3394 2336 3564 2404 αὐτὴν

1893 2419 2012 2480 ταῖς
2057 2419 2278 2484 ἀτόποις
2323 2422 2576 2492 πράξεσι,
2613 2423 2967 2487 καθέλκοντες
2999 2424 3168 2494 αὐτὴν
3200 2425 3280 2487 εἰς
3323 2423 3420 2495 τὴν
3463 2425 3562 2495 τῆς

1896 2505 2097 2574 σαρκὸς
2121 2507 2419 2578 ὑποταγὴν,
2436 2511 2677 2581 καὶπερὶ
2697 2512 2797 2581 τὴν
2814 2510 2986 2574 οὓτως
3005 2511 3225 2580 εὐγενῆ,
3250 2511 3342 2564 καὶ
3368 2511 3564 2564 τοσαύο

1893 2608 1992 2662 της
2021 2593 2329 2667 ἠξιωμένην
2357 2597 2664 2668 προεδρίας,
2689 2597 2863 2662 οὕτως
2891 2599 3238 2670 ἀσυμπαθεῖς
3263 2599 3559 2669 γινόμενοι,

1897 2684 1990 2736 καὶ
2036 2684 2365 2756 ἀγνώμονες.
2405 2687 2504 2739 Διά
2553 2686 2662 2758 γὰρ
2711 2688 2810 2760 τὴν
2855 2689 3060 2757 ταύτης
3103 2689 3292 2742 οὐσίαν
3325 2690 3483 2758 ἡμεῖς
3511 2689 3562 2740 οἱ

1898 2769 2110 2842 σώματι
2144 2774 2646 2844 συμπεπλεγμένοι,
2676 2773 2772 2828 ἐάν
2806 2775 3175 2846 βουληθῶμεν,
3200 2774 3561 2847 δυνησόμεθα,

1895 2860 1994 2929 τῆς
2024 2860 2174 2930 παρά
2201 2859 2294 2913 τοῦ
2326 2860 2461 2914 Θεοῦ
2507 2863 2682 2932 ῥοπῆς
2723 2864 2856 2933 ἡμῖν
2906 2863 3409 2934 συνεφαπτομένης,
3442 2866 3567 2926 ταῖς

1896 2947 2212 3017 ἀσωμάτοις
2254 2948 2586 3019 ἁμιλλᾶσθαι
2627 2951 2910 3021 δυνάμεσι,
2943 2951 3037 3003 καὶ
3070 2952 3128 3004 ἐν
3153 2954 3224 3022 γῇ
3263 2949 3565 3021 βαδίζοντες

1898 3033 1974 3096 ὡς
2011 3035 2070 3086 ἐν
2097 3034 2310 3104 ούρανῷ
2335 3035 2631 3104 διάγοντες,
2662 3035 2804 3090 οῦτω
2844 3036 3234 3103 πολιτεύεσθαι,
3266 3037 3362 3091 καὶ
3399 3037 3566 3108 μηδὲν

1901 3121 2123 3174 ἐκείνων
2167 3122 2388 3176 ἔλαττον
2436 3123 2600 3194 ἐχειν,
2643 3123 2780 3178 ἀλλά
2807 3123 2948 3195 τάχα
2994 3125 3134 3178 κατά
3161 3141 3214 3178 τι
3244 3126 3338 3178 καὶ
3365 3124 3525 3178 πλέον
3549 3141 3563 3156 ⁸

1901 3211 1993 3262 καὶ
2023 3209 2162 3274 πῶς,
2192 3210 2306 3279 ἐγὼ
2327 3211 2664 3282 λέγω.”οταν
2690 3213 2796 3285 γάρ
2827 3213 3023 3285 εὐρεθῇ
3054 3230 3137 3276 τις
3167 3213 3305 3284 μετὰ
3334 3213 3394 3267 τὸ
3414 3214 3442 3254 Ιι
3466 3213 3570 3266 σώ-

1904 3314 2032 3368 ματι
2061 3297 2284 3371 φθαρτῷ
2307 3298 2738 3372 συμπεπλέχθαι,
2769 3299 2838 3352 τά
2866 3299 3006 3352 αὐτά
3029 3302 3148 3363 ταῖς
3173 3300 3285 3354 άνω
3310 3299 3570 3370 δυνάμεσι

1903 3386 2334 3465 πολιτευόμενος,
2363 3387 2478 3450 πῶς
2517 3388 2578 3440 οὐ
2617 3387 2855 3450 πλείονος
2901 3386 3259 3456 ἀξιωθήσεται
3285 3387 3383 3458 τῆς
3421 3388 3572 3459 παρά

1900 3474 1993 3527 τοῦ
2026 3474 2160 3528 Θεοῦ
2212 3474 2406 3545 ῥοπῆς,
2448 3476 2530 3528 ὅτι
2581 3476 2674 3528 καὶ
2710 3477 2830 3539 ταῖς
2882 3474 3149 3543 ἀνάγκαις
3181 3474 3274 3528 τοῦ
3320 3475 3570 3546 σώματος

1902 3562 2259 3634 ὑποκείμενος
2298 3563 2554 3633 ἀκέραιον
2591 3564 2692 3631 τῆς
2734 3562 2913 3634 ψυχῆς
2945 3562 3041 3618 τὴν
3072 3563 3350 3632 εὐγένειαν
3391 3563 3571 3636 διετὴ-

1905 3667 2037 3722 ρησε
2059 3669 2072 3717 ἓ

1974 3741 2082 3793 Kal
2124 3739 2210 3804 τίς
2254 3739 2321 3793 ἂν
2359 3738 2635 3810 δυνηθείη,
2666 3738 2830 3810 φησι,
2859 3737 3100 3803 τοιοῦτος
3144 3738 3434 3810 εὑρεθῆναί
3475 3756 3574 3791 που

1903 3843 1991 3893 τε;
2023 3827 2262 3890 Εἰκότως
2305 3827 2562 3881 ἀδύνατον
2610 3828 2741 3898 ἡμῖν
2772 3826 2833 3880 τὸ
2860 3827 3094 3899 πρᾶγμα
3137 3828 3447 3897 νενόμισται
3484 3826 3574 3880 διὰ

1903 3915 1993 3968 τὸν
2018 3915 2190 3969 πολὺν
2218 3915 2320 3986 τῆς
2354 3916 2552 3987 ἀρετῆς
2582 3914 2809 3985 αὐχμόν.
2857 3915 2918 3968 Εἰ
2955 3914 3011 3966 δέ
3038 3913 3216 3984 βούλει
3252 3913 3464 3984 μαθεῖν,
3489 3913 3572 3966 ὃτι

1904 4003 2004 4056 οὐκ
2050 4001 2165 4056 ἐστι
2196 4002 2354 4057 τοῦτο
2381 4002 2490 4056 τῶν
2517 4003 2816 4067 ἀδυνάτων,
2856 4002 3108 4074 ἐννόησόν
3157 4018 3248 4073 μοι
3293 4000 3351 4067 ἐξ
3397 4000 3572 4073 ἀρχῆς

1909 4091 2069 4163 μέχρι
2096 4090 2191 4146 τοῦ
2226 4092 2494 4164 παρόντος
2520 4092 2647 4155 τοὺς
2676 4090 3151 4162 εὐαρεστήσαντας
3191 4088 3270 4160 τῷ
3305 4091 3572 4163 Δεσπότῃ,

1905 4179 1996 4232 τὸν
2043 4178 2216 4250 μέγαν
2255 4180 2506 4249 Ἰωάννην
2555 4180 2782 4244 ἐκεῖνον,
2815 4177 2906 4232 τὸν
2939 4178 3039 4248 τῆς
3067 4176 3288 4248 στείρας
3316 4176 3452 4242 υίὸν,
3481 4179 3574 4230 τὸν

1906 4267 2008 4337 τῆς
2041 4268 2245 4338 ἐρήμου
2273 4267 2516 4338 πολίτην,
2553 4266 2763 4320 Παῦλον
2794 4266 2886 4320 τὸν
2933 4266 3034 4337 τῆς
3078 4264 3401 4337 οἰκουμένης
3430 4265 3576 4319 διδά-

1911 4354 2125 4416 σκαλον,
2151 4355 2246 4408 καὶ
2274 4355 2452 4409 πάντα
2475 4354 2582 4408 τῶν
2609 4355 2782 4424 ἁγίων
2806 4353 2897 4408 τὸν
2926 4352 3183 4424 ὀρμαθδν,
3205 4352 3254 4408 οἳ
3279 4353 3380 4424 τῆς
3405 4352 3575 4424 αὐτῆς

1910 4443 2040 4514 ἡμῖν
2069 4443 2284 4514 φύσεως
2323 4443 2640 4514 ἐτύγχανον,
2669 4444 2788 4506 ταῖς
2829 4441 3022 4503 αὐταῖς
3046 4441 3313 4510 ἀνάγκαις
3341 4437 3436 4493 τοῦ
3466 4441 3574 4492 σώ-

1913 4547 2079 4600 ματος
2109 4530 2479 4599 ὐποκείμενοι,
2511 4530 2607 4583 καὶ
2639 4529 2836 4602 μηκέτι
2857 4529 3045 4585 λοιπὸν
3069 4528 3329 4583 ἀδύνατον
3353 4523 3576 4582 εἶναιτὸ

1911 4619 2142 4689 πρᾶγμα
2165 4617 2371 4688 νόμιζε,
2403 4618 2535 4688 μηδέ
2559 4602 2916 4690 ὀκνηρότερος
2945 4617 3095 4688 γίνου
3129 4618 3257 4690 περὶ
3304 4617 3403 4688 τὴν
3445 4617 3577 4688 ἀρε-

1909 4705 2028 4777 τὴν,
2053 4705 2319 4768 τοσαύτας
2350 4704 2528 4759 λαϐὼν
2555 4707 2654 4769 τὰς
2697 4705 2953 4777 ἀφορμάς
2999 4704 3152 4776 παρά
3178 4703 3269 4757 τοῦ
3304 4704 3574 4757 Δεσπότου

1913 4795 2050 4868 πρὸς
2095 4796 2156 4850 τὸ
2199 4797 2316 4867 μετ’
2347 4795 2596 4859 εὐκολίας
2640 4794 2808 4867 αὐτὴν
2856 4793 3203 4848 ἀσπάσασθαι
3229 4795 3274 4846 ἱ.
3313 4794 3423 4846 Kal
3465 4793 3574 4864 γάρ

1913 4883 2066 4949 εἰδὼς
2096 4887 2125 4938 ὁ
2157 4883 2534 4955 φιλάνθρωπος
2562 4883 2717 4955 ἡμῶν
2743 4883 3018 4951 Δεσπότης
3057 4880 3118 4933 τὸ
3155 4878 3376 4942 ἀσθενὲς
3417 4880 3576 4951 ἡμῶν

1911 4972 2012 5041 τῆς
2056 4972 2444 5044 προαιρέσεως,
2492 4971 2586 5025 καὶ
2625 4971 2687 5023 τὸ
2723 4968 3028 5031 εὐόλισθον,
3067 4967 3277 5038 μεγάλα
3310 4966 3577 5039 φάρμακα

1915 5061 2044 5131 ἡμῖν
2066 5060 2340 5122 κατέλιπε,
2359 5060 2455 5130 τὴν
2477 5061 2541 5112 ἐκ
2560 5058 2668 5112 τῶν
2689 5056 2919 5128 Γραφῶν
2941 5055 3264 5123 ἀνάγνωσιν,
3297 5055 3384 5108 ἵνα
3403 5055 3576 5109 ταῦτα

1913 5147 2222 5213 ἐπιθέντεςὶ
2267 5150 2475 5210 ἑαυτοῖς
2503 5145 2758 5216 συνεχῶς,
2791 5143 2886 5197 καὶ
2914 5143 3040 5206 τοὺς
3075 5141 3223 5212 βίους
3261 5141 3578 5210 ἀναλογιζό-

1917 5253 2068 5307 μενοι
2093 5235 2202 5290 τῶν
2229 5233 2556 5307 θαυμαστῶν
2587 5232 2809 5286 ἐκείνων
2843 5230 2933 5284 καὶ
2961 5229 3211 5300 μεγάλων
3237 5229 3465 5300 ἀνδρῶν,
3497 5233 3575 5294 είς

1915 5323 2074 5397 ζῆλον
2101 5323 2444 5394 ἐναγώμεθα,
2474 5322 2568 5375 καὶ
2613 5319 2688 5393 μὴ
2735 5318 3027 5392 ἀμελῶμεν
3057 5317 3160 5387 τῆς
3187 5317 3407 5388 ἀρετῆς,
3439 5316 3575 5390 ἀλλὰ

1981 5491 2006 5518 ε
2033 5485 2178 5545 Illud,
2201 5485 2282 5533 καὶ
2308 5483 2490 5545 ἐγένετο
2529 5480 2757 5545 εὶςγπνοήν
2781 5477 2875 5545 (εἰσ
2897 5480 3030 5545 enin)
3059 5477 3294 5545 varjatur)
3325 5479 3501 5542 ζῶσαν,
3522 5479 3574 5528 in

1915 5541 2206 5618 qn_ibusdain
2237 5545 2399 5618 ἀρθείς
2433 5542 2759 5618 Διὶξιειιξαρει-
2783 5541 2848 5618 εἷς
2899 5541 3054 5617 ψυχὴν
3103 5541 3278 5599 ζῶσαν,
3338 5552 3450 5600 qua
3490 5541 3576 5590 εει

1921 5601 2090 5672 ﬁlique
2129 5620 2246 5658 vera
2282 5607 2451 5656 lectio.
2521 5601 2540 5642 ἲ
2583 5605 2782 5652 Coislin.
2808 5601 3054 5664 ἁμαρτίας.
3235 5659 3260 5670 -

1932 5734 1938 5735 ί
1983 5672 2009 5710 ε
2052 5668 2224 5735 Morel:
2272 5669 2357 5724 τὴν
2381 5726 2391 5735 _
2421 5667 2666 5735 ἐνέργειαν..
2730 5661 2784 5735 λ-
2800 5661 3148 5735 ματρὶ-,μετὰ
3168 5677 3286 5735 Ξου.
3353 5659 3376 5735 ί.
3401 5659 3574 5735 Μρτθι.

1924 5722 2328 5782 ἐπισπάσασθαιζ
2377 5726 2392 5778 i
2467 5722 2564 5776 A'lii
2639 5725 2932 5779 ἐπιτιθέντες.
2976 5722 3093 5784 7M0:
3168 5723 3293 5784 Reg.
3353 5722 3576 5784 ἀναλογι-

1923 5794 2108 5865 ζόμενοι
2128 5790 2351 5865 συνεχῶς.
2377 5786 2577 5865 CoiSIin;
2594 5787 2856 5865 6:335:16}?
2868 5783 3034 5865 ξιιμίὲ
3169 5783 3375 5865 Coislin.
3396 5785 3575 5846 ἐναγώ-

1929 5845 2045 5919 μέθα
2064 5845 2302 5908 πολιτείας
2319 5845 2622 5914 θεοπρεποῦς.
2646 5848 2728 5906 Μή
2747 5845 2902 5896 τοίνυν
2923 5845 3192 5908 ἀμελῶμιν.
