4038 6394
529 274 625 327 Ιθὸ

524 370 813 442 φεύγωμεν
835 373 1050 434 κακίαν,
1075 373 1168 425 καὶ
1191 373 1366 425 πάντα
1387 373 1650 444 ποιῶμεν,
1668 373 1807 427 ὥστε
1833 377 1906 447 μή
1933 374 2182 440 ἀναξίους

523 459 747 522 ἑαυτοὺς
793 461 1126 530 καταστῆσαι
1175 459 1284 512 τῶν
1321 461 1648 531 ἀπορρήτων
1675 462 1900 516 ἐκείνων
1927 463 2146 531 ἀγαθῶν
2168 479 2185 495 ο

521 542 594 597 ὦν
625 547 830 614 γένοιτο
872 547 1079 610 πάντας
1128 549 1273 617 ἡμᾶς
1304 549 1596 617 ἐπιτυχεῖν,
1634 549 1814 619 χάριτι
1863 550 1958 603 καὶ
2001 549 2186 618 φιλαν-

525 633 738 704 θρωπίᾳ
767 633 858 686 τοῦ
892 635 1096 705 Κυρίου
1144 634 1299 705 ἡμῶν
1354 634 1526 704 Ἰησοῦ
1567 635 1826 705 Χριστοῦ,
1866 635 1984 706 μεθ’
2016 629 2076 688 οὗ
2112 634 2189 705 τῷ

525 721 716 790 Πατρὶ,
749 719 865 790 ἅμα
915 721 993 790 τῷ
1039 721 1178 791 ἀγίῳ
1225 723 1531 793 Πνεύματι,
1570 723 1716 787 δόξα,
1761 725 1980 792 κράτος,
2030 724 2185 794 τιμὴ,

522 805 616 859 νῦν
647 808 740 862 καὶ
768 808 874 876 ἀεὶ,
907 809 999 862 καὶ
1035 810 1115 872 είς
1141 810 1265 872 τούς
1295 810 1495 873 αἰῶνας
1532 811 1638 864 τῶν
1671 810 1902 866 αἰώνων.
1923 812 2112 880 Ἀμήν.

1001 896 1116 968 [99]
1159 897 1399 950 OMIAIA
1439 899 1536 952 II".

519 977 633 1034 Kal
663 983 962 1057 ἐφύτευσε
990 985 1203 1057 Κύριος
1237 987 1284 1057 d__
1306 984 1470 1057 Θεὸς,
1496 986 1864 1052 παράδεισον
1917 989 1987 1042 ἐν
2019 989 2186 1057 Ἐ’δὲμ

588 1055 744 1176 ἔιζηῖ
765 1055 1084 1119 ἀνατολὰς,
1113 1055 1209 1108 καὶ
1253 1054 1418 1108 ἔθετο
1450 1056 1577 1109 ἐκεῖ
1600 1057 1706 1109 τὸν
1736 1057 2068 1127 ἄνθρωπον,
2114 1054 2186 1112 δν

627 1149 630 1152 -
666 1163 684 1176 ν
747 1141 876 1178 σεν.

588 1236 658 1289 α’.
706 1236 875 1307 Ὀρῶν
919 1237 1074 1307 ὑμῶν
1114 1237 1204 1290 τὸν
1253 1237 1413 1292 πόθον
1461 1237 1550 1291 τὸν
1604 1239 1915 1310 ἀκόρεστον,
1956 1241 2048 1293 καὶ
2087 1239 2184 1310 τὴν

517 1322 809 1394 ἐπιθυμίαν
846 1325 942 1396 τὴν
982 1326 1207 1397 πολλὴν,
1243 1327 1337 1379 καὶ
1371 1326 1769 1397 συντεταμένην
1798 1327 1896 1397 τὴν
1927 1327 2182 1390 διάνοιαν,

515 1411 611 1464 καὶ
649 1413 856 1477 πάντας
885 1415 1198 1488 κεχηνότας,
1243 1413 1336 1467 καὶ⁵
1365 1414 1844 1484 ἀνεπτερωμένους
1865 1415 2000 1484 πρὸς
2029 1415 2126 1485 τὴν
2154 1425 2179 1453 ι

516 1499 890 1570 πνευματικὴν
914 1500 1280 1563 διδασκαλίαν,
1313 1502 1486 1554 καίτοι
1511 1501 1708 1571 πολλὴν
1737 1501 1959 1570 ἐμαυτῷ
1991 1501 2183 1554 πενίαν

521 1586 792 1650 συνειδὼς,
831 1587 1069 1656 συνεχῶς
1092 1589 1184 1641 καὶ
1212 1587 1329 1641 καθ’
1351 1588 1585 1657 ἑκάστην
1610 1588 1820 1658 ἡμέραν
1845 1588 1940 1659 τήν
1963 1587 2182 1658 πτωχὴν

514 1673 717 1744 ταύτην
734 1674 826 1728 καὶ
842 1676 1031 1745 εὐτελῆ
1059 1675 1334 1746 τράπεζαν
1353 1676 1479 1746 ὑμῖν
1501 1675 1857 1748 παρατιθέναι
1875 1676 2180 1743 σπουδάζω,

515 1759 732 1832 θαρρῶν
771 1762 949 1832 ὅτιτῇ
995 1762 1261 1833 ἐπιθυμίᾳ
1309 1763 1653 1834 ἐκκαιόμενοι
1700 1763 1836 1834 μετὰ
1876 1762 2182 1834 προθυμίας

512 1847 726 1914 δέξεσθε
740 1850 810 1901 τὰ
837 1850 1125 1920 λεγόμενα,
1142 1852 1263 1904 ἐπεὶ
1288 1852 1381 1905 καὶ
1403 1853 1494 1904 ἐπὶ
1521 1851 1628 1903 τῶν
1652 1851 1923 1920 αίσθητῶν
1953 1851 2183 1920 ἐδεσμά-

513 1953 618 1988 των
652 1936 808 1990 τοῦτο
841 1938 1135 2009 συμϐαῖνον
1171 1939 1268 1993 ίδοι
1296 1957 1379 2003 τις
1406 1940 1708 1994 ἀν.”οταν¹³
1742 1940 1840 2008 μὲν
1866 1939 1974 2011 γάρ
1997 1940 2182 2008 διεγη-

514 2025 788 2095 γερμένην
831 2025 994 2096 ἔχωσι
1027 2027 1123 2098 τὴν
1167 2028 1345 2099 ὄρεξιν
1391 2030 1440 2080 οἱ
1484 2027 1822 2098 δαιτυμόνες,
1854 2028 1958 2080 κᾶν
1989 2029 2176 2097 πτωχὴ

513 2126 597 2172 τις
625 2111 864 2183 τυγχάνῃ
896 2115 928 2182 ή
956 2114 1225 2184 τράπεζα,
1249 2113 1353 2168 κᾶν
1377 2113 1647 2187 εὐτελὴςῇ
1672 2117 1699 2168 ὁ
1729 2114 2017 2185 ἑστιάτωρ,
2044 2115 2182 2185 μετὰ

514 2197 712 2270 πολλῆς
747 2201 845 2271 τῆς
875 2201 1068 2272 ἡδονῆς
1094 2201 1374 2256 δαπανῶσι
1407 2201 1476 2255 τὰ
1507 2201 1946 2274 παρατιθέμενα·
1973 2203 2103 2255 ὅταν
2124 2201 2181 2254 δὲ

511 2286 994 2360 καταϐεϐλημένην
1012 2290 1206 2360 έχωσιν
1236 2290 1414 2362 ὄρεξιν
1443 2291 1492 2344 οί
1522 2290 1860 2360 ἑστιώμενοι,
1879 2289 1984 2343 κᾶν
2018 2290 2181 2342 πολυ-

509 2373 667 2445 τελὴς
706 2377 945 2448 τυγχάνῃ
971 2378 1003 2447 ἡ
1029 2376 1296 2447 τράπεζα,
1331 2378 1424 2432 καὶ
1468 2377 1566 2450 ἔχῃ
1603 2378 1696 2430 καὶ
1721 2377 1950 2448 διάφορα
1975 2376 2045 2429 τὰ
2068 2376 2180 2429 ἐδέ-

515 2477 715 2531 σματα,
758 2462 910 2514 οὐδὲν
945 2463 1156 2532 ὄφελος,
1190 2465 1290 2518 οὐκ
1333 2464 1502 2517 ὄντων
1546 2463 1654 2516 τῶν
1701 2463 2014 2534 δυναμένων
2047 2463 2181 2533 χρή-

513 2551 706 2604 σασθαι
743 2554 856 2616 τοῖς
885 2553 1437 2624 παρασκευασθεῖσιν.
1466 2553 1731 2607 Ἐνταῦθα
1757 2553 1836 2618 δὲ,
1877 2552 2064 2622 ἐπειδὴ
2093 2550 2179 2604 διά

509 2639 608 2709 τὴν
630 2639 721 2692 τοῦ
747 2639 880 2693 Θεοῦ
920 2641 1077 2712 χάριν
1105 2642 1196 2694 καὶ
1225 2642 1257 2712 ή
1289 2640 1565 2713 προθυμία
1596 2641 1749 2712 ὑμῶν
1783 2639 2178 2711 διεγηγερμένη

509 2729 782 2796 τυγχάνει,
821 2730 914 2781 καὶ
948 2731 980 2800 ἡ
1017 2729 1264 2800 τράπεζα
1295 2730 1657 2801 πνευματικὴ,
1702 2729 1837 2799 μετά
1863 2727 2058 2781 πολλοῦ
2086 2725 2177 2779 τοῦ

510 2815 677 2868 πόθου
724 2817 817 2868 καὶ
857 2817 1011 2869 αὐτοὶ
1038 2817 1286 2886 λέγομεν,
1316 2818 1513 2880 εἰδότες
1545 2819 1626 2870 ὅτι
1659 2816 1953 2886 νηφούσαις
1989 2816 2179 2876 ἀκοαῖς

510 2901 920 2973 παρατιθέμεθα
961 2905 1028 2957 τά
1072 2904 1188 2958 θεῖα
1222 2904 1394 2958 ταῦτα
1432 2903 1925 2974 διδάγματα.Ἐπεὶ
1959 2903 2053 2956 καὶ
2081 2918 2181 2972 γη-

511 2991 672 3052 πόνος
713 2991 930 3044 ἐπειδάν
979 2991 1216 3063 λιπαρὰν
1271 2993 1406 3066 εὕρῃ
1457 2995 1552 3046 καὶ
1600 2991 1884 3062 βαθύγειον
1939 2989 2178 3060 ἄρουραν

512 3077 578 3130 τά
618 3079 748 3148 παρ’
776 3077 969 3131 ἑαυτοῦ
1018 3080 1193 3132 πάντα
1248 3081 1329 3142 εἰς
1379 3081 1549 3152 αὐτὴν
1597 3078 2002 3147 ἐπιδειξάμενος
2029 3119 2043 3141 ,
2085 3076 2180 3128 καὶ

510 3166 636 3227 τοὺς
674 3165 916 3228 αὔλακας
979 3166 1284 3236 ἀνατεμὼν,
1310 3167 1404 3220 καὶ
1441 3167 1500 3220 τὸ
1539 3168 1765 3236 ἄροτρον
1803 3163 2055 3229 ἑλκύσας,
2084 3162 2179 3215 καὶ

511 3252 611 3315 τάς
661 3253 902 3316 ἀκάνθας
949 3255 1303 3321 ἀνασπάσας,
1351 3256 1485 3324 μετά
1535 3255 1812 3324 δαψιλείας
1851 3251 2178 3306 καταϐάλλει

511 3339 583 3391 τά
623 3339 945 3411 σπέρματα,
986 3341 1079 3393 καὶ
1127 3344 1247 3404 ταῖς
1297 3343 1560 3412 χρησταῖς
1598 3341 1808 3393 ἐλπίσιν
1845 3341 1944 3410 ήδη
1984 3338 2180 3409 τρεφό-

516 3443 674 3496 μενος
724 3430 847 3480 καθ’
877 3429 1112 3498 ἑκάστην
1161 3429 1375 3499 ἡμέραν
1410 3430 1510 3500 τὴν
1551 3428 1840 3498 βλάστησιν
1871 3437 1893 3465 ο
1923 3425 2178 3495 ἀναμένει

511 3514 621 3568 τῶν
658 3514 1128 3584 καταϐληθέντων,
1151 3515 1228 3586 τῷ
1267 3516 1473 3587 γονίμῳ
1493 3516 1592 3586 τῆς
1625 3516 1727 3585 γῆς
1760 3502 2062 3586 προσέχων,
2085 3511 2181 3564 καὶ

514 3603 947 3658 πολλαπλασίονα
983 3605 1088 3657 τῶν
1126 3607 1455 3676 σπερμάτων
1490 3605 1703 3674 ἕτοιμος
1721 3603 1797 3656 ῶν
1818 3601 2179 3668 ὑποδέξασθαι

511 3696 602 3746 τόν
625 3693 854 3763 ἀμητόν.
875 3693 1031 3746 Κατὰ
1049 3693 1140 3746 τὸν
1157 3693 1317 3746 αὑτὸν
1333 3693 1396 3763 δὴ
1415 3694 1614 3764 τρόπον
1635 3693 1728 3745 καὶ
1747 3694 1928 3761 ἡμεῖς,
1947 3690 2180 3760 ὁρῶντες

512 3780 665 3851 ὑμῶν
701 3783 786 3850 ἐφ’
807 3781 1041 3850 ἑκάστης
1077 3781 1288 3852 ἡμέρας
1322 3780 1689 3850 αὐξανομένην
1722 3778 1818 3849 τὴν
1851 3775 2178 3848 προθυμίαν,

513 3868 601 3920 τὸν
622 3869 783 3921 πόθον
804 3868 1138 3938 ἀκμάζοντα,
1153 3867 1249 3939 τὴν
1272 3868 1502 3939 σπουδὴν
1523 3867 1758 3920 ἐπίδοσιν
1779 3865 2178 3934 λαμϐάνουσαν,

513 3956 606 4009 καὶ
643 3956 770 4026 περὶ
810 3955 963 4026 ὑμῶν
1001 3956 1242 4026 χρηστάς
1278 3956 1472 4025 ἔχομεν
1507 3953 1605 4017 τὰς
1640 3952 1878 4016 ἐλπίδας,
1900 3952 1993 4004 καὶ
2029 3950 2182 4003 αὐτοὶ⁸

514 4042 718 4096 πλείονι
757 4042 1035 4114 προθυμίᾳ
1072 4044 1166 4097 καὶ
1205 4043 1411 4111 σπουδῇ
1443 4041 1510 4094 τά
1549 4044 1626 4105 εἰς
1662 4041 1889 4110 δύναμιν
1910 4038 2181 4109 ἡμετέραν

511 4131 785 4201 εἰσφέρειν
825 4130 1154 4200 ἐπειγόμεθα
1189 4133 1268 4192 εἰς
1303 4129 1587 4200 οἰκοδομὴν
1620 4130 1715 4197 τῆς
1737 4127 2006 4199 ὑμετέρας
2043 4125 2182 4194 ἀγά-

515 4234 643 4288 πης,
666 4221 745 4280 είς
781 4218 936 4282 δόξαν
973 4218 1128 4283 Θεοῦ,
1150 4219 1229 4279 εἰς
1267 4217 1526 4286 καύχημα
1546 4217 1645 4286 τῆς
1665 4216 1759 4268 τοῦ
1785 4215 1918 4268 Θεοῦ
1951 4213 2180 4278 Ἐκκλη-

515 4307 656 4369 σίας.
691 4306 826 4377 Φέρε
863 4302 975 4368 οῦν,
1012 4308 1058 4358 εί
1096 4306 1261 4368 δοκεῖ,
1302 4305 1472 4375 μικρά
1508 4303 1614 4357 τῶν
1651 4302 1841 4375 πρῴην
1878 4301 2181 4372 εἰρημένων

515 4393 894 4456 ἀναλαϐόντες,
918 4393 1222 4457 ἀκολούθως
1246 4395 1358 4456 τοῖς
1389 4395 1625 4463 σήμερον
1644 4389 2067 4458 ἀναγνωσθεῖσιν
2087 4390 2182 4440 ἐπ-

515 4481 839 4552 εξέλθωμεν.
863 4482 1001 4534 Τίδέ
1022 4484 1149 4553 ἡμῖν
1168 4477 1235 4552 ἦν
1254 4482 1315 4535 τὸ
1336 4481 1523 4551 πρῴην
1545 4479 1878 4549 κινούμενον,
1903 4479 1995 4530 καὶ
2019 4475 2180 4548 μέχρι

516 4571 618 4624 ποῦ
641 4572 727 4624 τὸν
749 4571 904 4640 λόγον
936 4573 1269 4635 ἐκτείναντες
1305 4571 1677 4640 κατελύσαμεν
1697 4569 1794 4640 τὴν
1813 4567 2178 4632 διδασκαλίαν,

514 4661 810 4727 ἀναγκαῖον
840 4661 1031 4714 εἰπεῖν.
1055 4659 1162 4712 Kal
1201 4658 1454 4722 ἔπλασε,
1477 4658 1661 4728 φησὶν,
1682 4659 1713 4710 ό
1756 4656 1900 4721 Θεὸς
1932 4655 2038 4707 τὸν
2075 4653 2181 4705 ἇν-

515 4751 770 4813 θρωπον,
795 4746 948 4815 χοῦν
967 4745 1183 4799 λαϐὼνδ
1207 4746 1324 4802 ἀπὸ
1362 4743 1469 4812 τῆς
1503 4744 1634 4814 γῆς,
1662 4743 1758 4796 καί
1799 4741 2181 4810 ἐνεφύσησεν

514 4839 601 4900 εἰς
621 4835 686 4887 τὸ
709 4835 1032 4901 πρόσωπον
1047 4834 1233 4887 αὐτοῦ
1249 4833 1448 4901 πνοὴν
1471 4830 1636 4898 ζωῆς,
1661 4831 1757 4883 καὶ
1773 4829 2008 4898 ἐγένετο
2030 4831 2060 4881 ό
2077 4827 2181 4879 ἄν·

515 4921 747 4982 θωπος
766 4919 850 4982 εἰς
869 4919 997 4985 ψυχ
1009 4915 1082 4984 ὴν
1103 4914 1499 4986 ζῶσαν-,Ὅπερ
1532 4915 1651 4966 τότε
1685 4913 1886 4982 ἔλεγον,
1909 4911 2069 4964 τοῦτο
2089 4911 2182 4963 καὶ

517 5000 611 5053 νῦν
643 5000 768 5070 ἐρῶ,
796 5001 890 5052 καὶ
917 4998 1174 5069 διηνεκῶς
1209 4999 1378 5065 λέγων
1397 4999 1457 5051 οὐ
1479 4996 1775 5065 παύσομαι,
1797 4997 1878 5049 ὅτι
1899 4993 2066 5065 πολλὴ
2089 4995 2180 5046 καὶ

518 5085 721 5149 ἅφατος
759 5083 790 5151 ἡ
828 5080 1205 5152 φιλανθρωπία
1240 5080 1332 5133 τοῦ
1371 5079 1548 5132 κοινοῦ
1587 5079 1803 5130 πάντων
1839 5077 2106 5130 Δεσπότου
2145 5080 2177 5146 ἡ

522 5182 589 5217 πε
599 5165 649 5235 ρί
667 5164 726 5218 τὸ
745 5165 897 5231 γένος
918 5165 975 5216 τὸ
994 5165 1279 5234 ἡμέτερον.
1303 5164 1412 5216 Καὶ
1438 5161 1547 5233 γὰρ
1576 5161 1742 5231 πολλῇ
1780 5160 2179 5228 συγκαταϐάσει

518 5248 787 5318 ἐχρήσατο
804 5247 892 5299 διὰ
909 5248 1007 5318 τὴν
1029 5247 1300 5318 σωτηρίαν
1317 5247 1414 5315 τὴν
1434 5246 1584 5318 [100]
1619 5244 1916 5316 ἡμετέραν,
1939 5245 2033 5297 καὶ
2053 5244 2182 5297 πολ⁹

521 5331 618 5400 λῆς
650 5332 811 5402 τιμῆς
830 5331 1028 5400 ἡξίωσε
1062 5333 1210 5384 τουτὶ
1227 5331 1288 5384 τὸ
1309 5329 1464 5396 ζῶον,
1489 5332 1577 5384 τὸν
1599 5331 1884 5400 ἄνθρωπον
1904 5329 2067 5397 λέγω,
2090 5329 2180 5381 καὶ

1337 257 1394 312 S.
1434 257 1717 314 JOAN‘NIS
1754 223 2246 316 CHRYSOSTOMI
2287 261 2606 317 ARCHIEP.
2647 255 3199 314 CONSTANTINOP.

3868 252 4000 308 {06

2299 395 2411 431 ται.
2435 377 2596 431 Οὐδὲν
2627 376 2735 445 γὰρ
2770 372 2967 427 κωλύει
2995 374 3088 425 καὶ
3114 373 3352 442 σήμερον
3371 369 3436 424 τὰ
3455 371 3593 423 αὐτὰ
3610 371 3866 442 διερευνή
3877 387 3999 421 σα-

2293 467 2415 517 σθαι
2453 465 2544 517 ἐπὶ
2581 464 2680 533 τῆς
2715 461 2985 532 ὑμετέρας
3005 459 3241 528 ἀγάπης.
3267 458 3532 528 Καθάπερ
3550 457 3658 526 γὰρ
3677 461 3708 528 ἡ
3730 459 3848 510 τῶν
3879 460 3997 508 θυ-

2294 552 2577 621 μιαμάτων
2599 550 2778 617 φύσις,
2797 550 2904 618 ὅσῳ
2925 547 2989 600 ἂν
3007 546 3110 598 ὑπὸ
3129 545 3234 599 τῶν
3253 545 3526 598 δακτύλων
3545 544 3653 596 τῶν
3672 545 3998 615 ἡμετέρων

2290 637 2739 707 περιστρέφηται,
2765 635 2984 687 πλείονα
3021 635 3119 704 τὴν
3154 633 3378 686 εὐωδίαν
3398 633 3656 703 παρέχει·
3679 633 3772 684 τὸν
3795 632 3997 684 αὑτὸν

2275 723 2350 793 .δὴ
2369 725 2568 794 τρόπον
2589 725 2682 777 καὶ
2713 723 2930 775 ἐπὶτῶν
2950 723 3178 794 Γραφῶν
3199 723 3344 775 ἔστιν
3365 722 3490 774 ἰδεῖν
3509 722 3793 790 γινόμενον
3815 740 3830 753 ’
3858 723 3995 788 ὅσῳ

2288 811 2352 863 ἀν
2384 828 2466 872 τις
2486 812 2577 864 ἐπὶ
2600 811 2758 863 πλέον
2777 809 2976 872 ταύτας
2997 811 3204 863 ἐπιέναι
3225 808 3530 872 σπουδάζοι,
3551 809 3798 877 τοσούτῳ
3823 807 3957 876 μᾶλ
3979 841 3988 844 -

2290 896 2378 951 λον
2417 897 2768 951 κατοπτεύειν
2805 898 3025 950 δύναται
3065 898 3154 950 τὸν
3192 896 3635 967 ἐγκεκρυμμένον
3655 895 3836 965 θησαυ
3850 897 3986 963 ρον.

2291 987 2385 1041 καὶ
2419 987 2582 1039 πολὺν
2615 987 2708 1038 καὶ
2741 987 2945 1054 ἄφατον
2967 985 3052 1037 τὸν
3075 983 3300 1036 πλοῦτον
3321 983 3567 1036 ἐντεῦθεν
3587 982 3983 1054 καρποῦσθαι.

2289 1075 2395 1126 Kal
2423 1075 2674 1140 ἔπλασε,
2701 1076 2884 1143 φησὶν,
2924 1076 2956 1125 ό
2998 1072 3142 1137 Θεὸς
3177 1071 3281 1124 τὸν
3323 1071 3651 1137 ἄνθρωπον,
3676 1068 3839 1138 χοῦν
3877 1068 3990 1120 λα.-

2289 1158 2398 1224 6ὼν
2420 1171 2443 1197 ο
2481 1161 2597 1214 ἀπὸ
2636 1159 2747 1226 τῆς
2787 1158 2916 1228 γῆς.
2941 1159 3138 1211 Σκόπει
3169 1174 3256 1227 μοι
3277 1157 3372 1227 τὴν
3391 1156 3649 1226 διαφορὰν
3670 1156 3888 1217 εὐθέως
3919 1155 3986 1218 ἐξ

2283 1247 2446 1301 αὑτοῦ
2480 1247 2572 1300 τοῦ
2597 1246 2880 1318 προοιμίου
2915 1246 3022 1298 τῶν
3053 1245 3244 1314 λόγων.
3264 1246 3386 1298 Ἐπὶ
3408 1245 3503 1314 μὲν
3525 1245 3631 1315 γάρ
3649 1245 3760 1296 τῶν
3781 1243 3985 1295 ἄλλων

2285 1337 2539 1389 ἁπάντων
2558 1335 2664 1388 τῶν
2683 1334 3193 1405 δημιουργηθέντων
3215 1333 3450 1399 ἐδίδαξεν
3473 1335 3616 1402 ἡμᾶς
3635 1333 3662 1383 ὁ
3685 1333 3987 1402 μακάριος

2285 1424 2522 1494 Μωῦσῆς
2542 1424 2630 1476 τὸν
2652 1423 2848 1494 τρόπον
2871 1422 3044 1490 λέγων
3064 1420 3163 1490 τῆς
3183 1420 3562 1490 δημιουργίας,
3586 1421 3666 1472 ὅτι
3701 1417 3908 1472 Εἶπεν
3949 1422 3984 1470 ὀ

2287 1514 2458 1578 Θεὸς,
2498 1511 2804 1580 γενηθήτω
2847 1509 3005 1578 φῶς,
3039 1509 3136 1562 καὶ
3170 1509 3405 1578 ἐγένετο
3447 1507 3599 1578 φῶς·
3634 1507 3985 1574 Γενηθήτω

2282 1597 2609 1669 στερέωμα·
2634 1599 2748 1663 καὶ,
2771 1596 3134 1665 Συναχθήτω
3154 1598 3214 1649 τὸ
3238 1596 3412 1664 ὕδωρ,
3442 1597 3602 1666 φησί·
3627 1597 3742 1658 καὶ,
3769 1597 3823 1647 Γ
3826 1612 3984 1658 εντη-

2283 1685 2561 1752 θήτωσαν
2590 1685 2896 1755 φωστῆρες
2922 1701 2936 1716 °
2963 1686 3077 1748 καὶ,
3100 1683 3508 1751 Βλαστησάτω
3527 1684 3563 1749 ή
3586 1683 3658 1752 γῆ
3679 1681 3985 1746 βοτάνην

2282 1775 2498 1843 χόρτου
2520 1791 2533 1804 ·
2561 1775 2674 1840 καὶ,
2696 1773 3055 1844 Ἑξαγαγέτω
3075 1774 3147 1826 τὰ
3169 1773 3357 1825 ὕδατα
3381 1773 3593 1841 ἑρπετὰ
3615 1769 3841 1840 ψυχῶν
3874 1770 3980 1819 ἤυ-

2281 1861 2409 1914 σῶν
2427 1879 2440 1893 ·
2465 1863 2576 1923 καὶ,
2595 1860 2953 1930 Ἐξαγαιεέτω
2989 1861 3026 1927 ἠ
3063 1859 3138 1929 γῆ
3177 1858 3388 1928 ψυχὴν
3415 1857 3625 1917 ζῶσαν·
3654 1852 3818 1917 Εἶδες
3844 1853 3981 1914 πῶς

2281 1947 2425 2018 λόγῳ
2459 1948 2528 2001 τά
2567 1949 2743 2002 πάντα
2781 1947 3222 2018 ἐδημιουργὴθη;
3258 1945 3394 1997 Ἀλλ’
3418 1945 3611 2014 ἴδωμεν
3631 1942 3826 1994 λοιπὸν
3871 1941 3978 1991 ἐπὶ

2280 2036 2378 2104 τῆς
2414 2037 2508 2089 τοῦ
2541 2037 2826 2107 ἄνθρωπου
2853 2035 3211 2106 δημιουργίας
3230 2034 3283 2085 τί
3304 2050 3453 2103 φησι.
3475 2033 3582 2085 Kal
3621 2032 3916 2083 ἔπλασεν
3943 2029 3979 2080 ό

2282 2124 2424 2188 Θεὸς
2464 2123 2572 2176 τὸν
2609 2122 3090 2194 ἄνθρωπον.”ορα
3112 2119 3262 2184 πῶςί
3288 2121 3373 2174 διά
3406 2121 3503 2188 τῆς
3542 2119 3648 2171 τῶν
3689 2116 3978 2186 ῥημάτων

2281 2211 2761 2280 συγκαταϐάσεως,
2779 2207 2860 2274 οἷς
2881 2212 2968 2266 διὰ
2994 2211 3092 2280 τὴν
3122 2212 3400 2280 ἡμετέραν
3417 2207 3698 2260 ἀσθένειαν
3715 2205 3777 2274 ἐχ
3785 2207 3861 2275 ρή
3871 2222 3975 2255 σα-

2278 2316 2358 2362 το,
2378 2298 2512 2369 όμοῦ
2545 2301 2638 2351 καὶ
2663 2300 2752 2352 τὸν
2781 2301 2980 2369 τρόπον
2999 2298 3097 2367 τῆς
3117 2295 3476 2367 δημιουργίας
3495 2294 3756 2353 διδάσκει,
3780 2293 3887 2344 καὶ
3910 2292 3976 2343 τὸ

2278 2386 2675 2458 ἐνηλλαγμένον
2710 2387 2803 2440 καὶ
2843 2384 3142 2455 μονονουχὶ,
3165 2384 3252 2436 ἵνα
3280 2383 3631 2453 ἀνθρωπίνως
3649 2379 3816 2434 εἴπω.
3845 2382 3975 2441 ταῖς

2278 2478 2464 2546 χερσὶν
2499 2476 2658 2529 αὐτὸν
2695 2474 3150 2545 διαπλαττόμενον
3189 2473 3532 2526 ὑποδείκνυσι
3552 2471 3642 2524 τοῦ
3664 2470 3833 2532 Θεοῦ,
3863 2488 3975 2522 κας

2280 2565 2387 2628 θὼς
2406 2565 2499 2618 καὶ
2519 2565 2604 2618 έτε
2613 2582 2702 2636 ρος
2722 2567 3008 2636 προφήτης
3029 2563 3192 2633 φησίν
3211 2580 3223 2592 ·
3247 2564 3315 2615 Al
3354 2560 3550 2630 χεῖρές
3588 2577 3705 2612 σου
3741 2560 3970 2615 ἐποίη-

2278 2651 2399 2705 σάν
2431 2670 2527 2721 με,
2556 2652 2652 2704 καὶ
2695 2650 2976 2705 ἕπλυσὰν
3005 2668 3098 2718 με.
3126 2650 3185 2702 El
3220 2651 3328 2718 γὰρ
3371 2647 3699 2718 προσέταξεν
3741 2646 3967 2706 ἁπλῶς,

2277 2741 2398 2794 εἰπέ
2441 2759 2554 2810 μοι,
2577 2743 2640 2792 ἐκ
2675 2739 2776 2807 τῆς
2817 2740 2917 2807 γῆς
2955 2736 3274 2806 ἀναδοθῆναι
3312 2735 3402 2786 τὸν
3435 2733 3877 2803 ἀνθρωπον,οὑκ
3902 2735 3971 2784 ἂν

2279 2828 2531 2899 παρήχθη
2553 2829 2613 2880 τὸ
2634 2826 3003 2898 προσταχθέν;
3039 2824 3177 2876 Ἀλλ’
3203 2826 3288 2876 ἵνα
3307 2823 3394 2874 διὰ
3411 2821 3504 2875 τοῦ
3525 2822 3725 2890 τρόπου
3746 2822 3856 2891 τῆς
3878 2821 3971 2889 61;-

2281 2915 2567 2988 μιουργίας
2585 2914 2930 2967 διδασκαλίαν
2951 2915 3080 2983 ἡμῖν
3101 2909 3430 2979 ἐναωθῆται
3449 2907 3691 2976 διηνεκῆ.
3715 2907 3866 2961 ὥστε
3892 2908 3967 2976 μὴ

2280 3005 2437 3059 πλέον
2469 3021 2520 3055 τι
2557 3003 2655 3072 τῆς
2693 3001 2905 3070 φύσεως
2946 2997 3331 3066 φαντάζεσθαι,
3353 2996 3441 3048 διά
3474 2994 3632 3047 τοῦτο
3649 2993 3797 3046 οὑτω
3824 2996 3969 3062 μετα

2275 3091 2559 3162 ἀκριϐείας
2601 3089 2814 3142 ἅπαντα
2851 3088 3152 3157 διηγεῖται,
3196 3084 3287 3137 καί
3327 3099 3519 3153 φησιν·
3567 3083 3898 3134 Ἐπλασεν
3937 3082 3970 3132 ό

2279 3176 2421 3241 Θεὸς
2441 3175 2546 3228 τὸν
2566 3173 2895 3240 ἄνθρωπον,
2921 3171 3074 3240 χοῦν
3091 3167 3269 3221 λαϐὼν
3288 3168 3311 3205 ⁸
3333 3165 3451 3219 ἀπὸ
3472 3163 3581 3232 τῆς
3601 3162 3734 3232 γῆς.

2323 3259 2536 3328 β’.’³υρα
2557 3258 2649 3309 καὶ
2669 3258 2726 3308 ἐν
2744 3255 2916 3325 τούτῳ
2935 3253 3081 3321 αὐτῷ
3101 3253 3197 3322 τὴν
3215 3252 3399 3321 τιμήνο
3424 3251 3496 3303 Οὐ
3520 3249 3627 3318 γὰρ
3646 3247 3844 3311 ἁπλῶς
3864 3247 3968 3316 γῆν

2276 3341 2561 3411 λαμϐάνει,
2585 3339 2718 3393 ἀλλά
2752 3339 2899 3408 χοῦν,
2921 3337 2981 3389 τὸ
3015 3337 3361 3395 λεπτότατον,
3385 3333 3458 3396 ὡς
3481 3333 3545 3386 ἂν
3565 3332 3708 3384 εἴποι
3731 3349 3843 3394 τις,
3870 3333 3968 3399 τῆς

2277 3426 2399 3494 γῆς,
2425 3425 2518 3476 καὶ
2551 3422 2736 3475 τοῦτον
2758 3422 2917 3474 αὐτὸν
2937 3421 3028 3473 τὸν
3048 3420 3175 3489 χοῦν
3194 3419 3285 3470 τὸν
3308 3418 3412 3471 ἀπὸ
3433 3418 3532 3487 τῆς
3553 3417 3653 3486 γῆς
3673 3414 3752 3485 τῷ
3770 3416 3970 3483 οἰκείῳ

2277 3509 2658 3580 προστάγματι
2690 3508 2768 3568 εἰς
2804 3504 3050 3573 σώματος
3073 3503 3234 3572 φύσιν
3258 3503 3835 3574 μετέστησεν.’¹Ωσπερ
3857 3499 3968 3568 γάρ

2277 3593 2447 3663 αὐτὴν
2467 3591 2564 3659 τὴν
2584 3589 2772 3641 οὐσίαν
2793 3588 2888 3658 τῆς
2908 3588 3010 3658 γῆς
3043 3588 3141 3656 οὐχ
3162 3586 3478 3656 ὑφεστῶσαν
3501 3585 3854 3654 παρήγαγεν,
3878 3582 3968 3633 οὖ-

2276 3691 2353 3725 τω
2373 3674 2466 3726 καὶ
2485 3671 2599 3734 νῦν,
2623 3672 2710 3724 ὅτε
2732 3670 3017 3740 ἐϐουλήθη,
3041 3671 3131 3722 τὸν
3161 3669 3288 3738 χοῦν
3319 3668 3425 3721 ἀπὸ
3454 3669 3550 3739 τῆς
3574 3669 3672 3736 γῆς
3697 3670 3776 3729 είς
3802 3666 3966 3736 σῶμα

2281 3757 2632 3826 μετέστησεν.
2654 3753 2914 3807 Ἐνταῦθα
2954 3752 3254 3822 ἀναϐοῆσαι
3297 3752 3458 3804 καλὸν
3477 3751 3537 3802 τὸ
3559 3749 3710 3820 παρά
3728 3747 3826 3800 τοῦ
3861 3765 3965 3818 μα-

2279 3839 2464 3910 καρίου
2501 3837 2663 3893 Δαυῒδ
2692 3837 2981 3909 εἰρημένον
3000 3855 3014 3867 ⁸
3053 3837 3146 3900 Τίς
3181 3835 3440 3900 λαλήσει
3465 3835 3573 3898 τὰς
3592 3833 3964 3894 δυναστείας

2279 3924 2383 3976 τοῦ
2424 3923 2661 3990 Κυρίου,
2685 3919 2991 3985 ἁκουστὰς
3031 3922 3272 3984 ποιήσει
3311 3917 3513 3982 πάσας
3551 3916 3654 3980 τὰς
3690 3914 3963 3978 αὲνέσεις

2279 4005 2497 4069 αὺτοῦ;
2520 4006 2599 4058 ὅτι
2618 4005 2724 4057 ἀπὸ
2743 4004 2865 4074 χοὸς
2885 4003 3123 4057 τοιοῦτον
3156 4001 3292 4065 ζῶον
3315 3999 3567 4063 ἀνέδειξε,
3591 3998 3686 4052 καλ⁸
3721 3999 3804 4060 είς
3839 4014 3962 4048 τοσ-

2283 4088 2450 4156 αύτην
2489 4085 2650 4156 τιμὴν
2672 4087 2933 4157 ἀνήγαγε,
2957 4086 3049 4138 καὶ
3069 4084 3335 4147 τοσαύτας
3353 4081 3669 4153 εὐεργεσίας
3690 4082 3773 4142 εἰς
3795 4081 3962 4133 αὑτὸν

2280 4169 2339 4233 ἐξ
2359 4170 2532 4239 ἀρχῆς
2551 4168 2645 4219 καὶ
2666 4169 2729 4219 ἐκ
2752 4166 3050 4236 προοιμίων
3071 4165 3456 4225 ἐπιδείκνυται,
3478 4164 3688 4225 δεικνὺς
3710 4162 3801 4214 διὰ
3825 4163 3962 4214 πάν-

2279 4269 2388 4305 των
2427 4252 2526 4321 τὴν
2566 4249 2770 4303 οἰκείαν
2792 4248 3221 4320 φιλανθρωπίαν.
3247 4247 3356 4300 Kal
3376 4247 3741 4314 ἐνεφύσησε,
3763 4263 3842 4315 φη
3854 4248 3957 4303 σίν,

2279 4340 2367 4401 είς
2403 4334 2470 4388 τὸ
2507 4334 2832 4401 πρόσωπον
2865 4331 3053 4386 αὑτοῦ
3092 4330 3293 4400 πνοὴν
3329 4327 3496 4397 ζωῆς,
3517 4328 3612 4381 καὶ
3649 4327 3901 4397 ἐγένετο
3928 4330 3959 4378 ὁ

2281 4420 2590 4485 ἅνθρωπος
2623 4420 2710 4481 εὶς
2741 4415 2953 4486 ψυχὴν
2973 4415 3185 4477 ζῶσαν.

2365 4500 2630 4556 Ἐνταῦθά
2649 4519 2789 4563 τινες
2822 4500 2930 4553 τῶν
2959 4500 3307 4568 ἀγνωμόνων,
3331 4498 3391 4561 ἐξ
3424 4495 3639 4550 οἰκείων
3675 4495 3959 4565 λογισμῶν

2283 4584 2433 4657 [101]
2490 4584 2832 4654 κινούμενοι,
2901 4584 2995 4636 καὶ
3042 4584 3192 4636 οὐδὲν
3255 4583 3554 4652 θεοπρεπὲς
3604 4579 3955 4642 ἐννοοῦντες,

2280 4667 2404 4720 οὐτε
2443 4669 2541 4738 τὴν
2583 4666 2986 4735 συγκατάϐασιν
3022 4666 3127 4719 τῶν
3171 4666 3430 4737 ῥημάτων
3464 4664 3826 4733 λογιζόμενοι,
3872 4663 3955 4715 λέ-

2279 4767 2396 4818 γειν
2434 4749 2818 4819 ἐπιχειροῦσιν,
2841 4750 2920 4801 ὃτι
2958 4750 3022 4802 ἐκ
3059 4750 3158 4818 τῆς
3185 4749 3280 4801 τοῦ
3326 4747 3461 4801 Θεοῦ
3505 4748 3685 4809 οὐσίας
3725 4747 3885 4798 ἐστὶν
3925 4748 3955 4813 ἡ

2279 4833 2444 4903 ψυχή.
2467 4833 2530 4885 Ὢ
2557 4832 2656 4902 τῆς
2693 4831 2887 4901 μανίας
2905 4848 2917 4860 ·
2945 4829 2989 4882 ῶ
3017 4831 3112 4902 τῆς
3144 4829 3586 4900 παραφροσύνης·
3608 4828 3782 4890 πόσας
3801 4828 3956 4888 ὀδοὺς

2280 4914 2552 4977 ἀπωλείας
2588 4915 2617 4965 ὁ
2643 4913 2883 4975 διάϐολος
2911 4912 3069 4982 ἔτεμε
3091 4913 3115 4951 h
3149 4915 3259 4973 τοῖς
3279 4912 3437 4964 αὐτὸν
3471 4911 3796 4980 θεραπεύειν
3835 4909 3955 4978 βουο

2281 4998 2559 5070 λομένοις;
2598 4998 2704 5050 Καὶ
2737 4997 2824 5051 ἵνα
2856 4997 3062 5066 μάθῃς,
3096 4996 3286 5048 σκόπει
3326 4995 3442 5058 πῶς
3477 4995 3806 5057 ἀπεναντίας
3860 4995 3952 5046 ἀλ-

2277 5081 2460 5152 λήλοις
2501 5082 2767 5153 ἔρχονται.
2819 5082 2881 5133 Οἱ
2919 5081 3016 5150 μὲν
3049 5080 3157 5151 γὰρ
3198 5081 3376 5134 αὐτῶν
3420 5077 3800 5147 ἐπιλαϐόμενοι
3861 5081 3952 5146 τῆς

2279 5165 2476 5230 λέξεως
2510 5167 2608 5234 τῆς
2639 5164 2921 5234 λεγούσης,
2944 5166 3024 5217 ὅτι
3057 5166 3453 5233 Ἐνεςρύσησε,
3475 5163 3744 5230 λέγουσιν,
3774 5161 3864 5214 ὅτι
3895 5164 3952 5213 ἐκ
4011 5154 4013 5158 ’

2277 5251 2378 5320 τῆς
2408 5251 2594 5312 οὐσίας
2622 5249 2713 5301 τοῦ
2744 5247 2877 5301 Θεοῦ
2899 5249 3252 5319 τυγχάνουσιν
3270 5249 3326 5301 αἱ
3351 5248 3537 5317 ψυχαί·
3567 5246 3744 5316 ἕτεροι
3785 5247 3952 5300 πάλιν

2279 5336 2460 5404 φασὶν,
2485 5335 2568 5388 ὄτι
2605 5334 2700 5387 καὶ
2736 5336 2813 5396 είς
2851 5334 2948 5402 τὴν
2988 5333 3094 5385 τῶν
3134 5331 3476 5402 ἀτιμοτάτων
3512 5330 3725 5398 ἀλόγων
3767 5330 3951 5382 οὐσίαν

517 5413 607 5467 διὰ
629 5415 884 5484 ῥημάτων
905 5415 996 5468 καὶ
1013 5413 1098 5467 διὰ
1120 5415 1454 5486 πραγμάτων
1474 5417 1706 5479 δεικνὺς,
1727 5416 1800 5478 ὡς
1821 5415 2036 5468 πάντων
2074 5413 2182 5466 τῶν
2233 5477 2262 5489 Δ
2283 5420 2632 5489 μεθίστανται
2670 5411 2850 5472 αὗται,
2872 5417 2936 5470 Τί
2972 5416 3175 5486 ταύτης
3211 5416 3310 5485 τῆς
3346 5416 3530 5479 ἀνοίας
3548 5417 3728 5484 χεῖρον
3746 5413 3950 5482 γένοιτ’

518 5477 807 5568 ὁρωμένων
829 5497 1049 5551 πλείονα
1080 5477 1178 5569 τὴν
1213 5477 1339 5569 τὲέρι
1357 5499 1518 5553 αὐτὸν
1538 5477 2181 5570 κηδεμονίανέπιδείκνυ-
2218 5477 2372 5568 thy;
2407 5501 2624 5572 Ἐπειδὴ
2657 5501 2769 5572 γὰρ
2804 5499 3090 5568 ἐσκοτίσθη
3189 5477 3447 5571 λογισμὸς
3483 5477 3682 5564 αὐτῶν,
3724 5477 3823 5551 καὶ
3862 5498 3949 5551 τὸν

586 5627 613 5654 ⁸
635 5624 716 5673 Sic
741 5637 915 5689 omne;
957 5631 1138 5689 [παίει-
1165 5625 1338 5674 Morel.
1383 5628 1468 5689 qui
1507 5626 1654 5677 habet
1675 5627 1788 5689 negl
1811 5626 1913 5689 τήν.
2000 5623 2030 5663 h
2050 5623 2174 5689 Reg.

521 5699 648 5749 unus
689 5692 741 5733 et
774 5683 972 5749 Qoislini
1010 5685 1152 5749 τοῦτο
1193 5683 1452 5749 συμϐαίνει·
1506 5689 1667 5735 ὅταν.”
1699 5683 1885 5749 eMulli
1923 5699 2036 5734 mss.
2086 5683 2173 5749 τὴν

522 5747 749 5808 βλάστην.
777 5747 930 5796 Paulo
953 5757 1065 5808 post
1107 5748 1229 5809 Reg.
1258 5743 1402 5796 'unus
1429 5750 1521 5801 καὶ.
1553 5749 1673 5797 πολύ
1711 5748 1922 5805 πλείονα,
1945 5749 2057 5809 duo,
2089 5743 2174 5792 alii

522 5810 601 5856 καὶ
623 5809 994 5868 πολυπλασίονα.
1065 5809 1092 5848 ιι
1112 5808 1285 5858 Λαϐὼν
1345 5810 1489 5864 deest
1556 5811 1605 5858 in
1629 5810 1751 5872 Reg.
1774 5823 1869 5858 uno
1893 5816 1945 5858 et
1962 5808 2176 5859 (lolbert.

523 5881 643 5919 uno.

2342 5627 2364 5697 ᾗ
2386 5625 2785 5697 ᾼαϐώνμᾴθεςῑὶη
2809 5623 2930 5686 Reg.
2955 5635 3052 5671 uno
3075 5597 3350 5674 etColbért.
3375 5633 3490 5671 uno.
3517 5617 3562 5697 _f
3586 5619 3714 5682 Ὅρα
3734 5621 3842 5676 πῶς
3863 5620 3950 5668 de-

2287 5693 2363 5735 esl
2389 5687 2437 5733 in
2463 5685 2632 5734 multis
2652 5698 2763 5732 mss.

2347 5750 2374 5788 8
2401 5747 2452 5794 In
2477 5747 2596 5808 Reg.
2627 5759 2724 5794 uno
2745 5754 2797 5794 el
2816 5744 3066 5796 Colb.uno
3084 5745 3244 5808 λαϐών
3261 5745 3421 5808 ἀθεεὶ.
3489 5740 3514 5780 ³³
3539 5741 3710 5808 ﬂare].
3739 5742 3944 5808 ἐνέτεμε,

2279 5809 2366 5859 alii
2391 5810 2542 5869 ἔτεμε.
2558 5805 2724 5857 Ῥειιιιο
2747 5816 2871 5869 ροει,
2899 5806 3537 5869 Μοΐθιηέπιλαμϐανόμενοι,
3561 5805 3641 5852 alii
3666 5805 3944 5869 ἐπιλαϐόμ-

2278 5889 2366 5920 νοι.
2400 5865 2584 5920 Ibidem
2607 5865 2912 5921 nolal’Savil.
2939 5889 2949 5917 :
2977 5868 3116 5933 φασίν
3136 5873 3182 5918 et
3206 5865 3441 5930 λέγουσιν,
3469 5869 3677 5918 alterum
3707 5865 3939 5916 abundat.
