4038 6394
234 280 337 336 105

231 411 354 451 mus
389 398 405 428 '
430 438 447 464 ,
487 399 583 454 sed
614 398 878 470 fugiamus
909 413 1180 472 peccatum
1199 447 1213 471 ,
1240 415 1296 460 et
1322 409 1497 462 omnia
1530 408 1785 464 faciamus
1807 450 1822 474 ,

231 503 300 542 ne
327 487 584 556 indignos
615 507 711 545 nos
741 492 1095 548 inell’abilibus
1122 495 1224 550 illis
1251 497 1404 551 bonis
1436 498 1782 554 exhibeantus
1813 519 1825 552 :

226 579 376 646 quod
407 580 562 634 nobis
585 583 835 638 omnibus
861 585 1202 650 concedatur,
1230 588 1397 656 gratia
1424 598 1478 642 et
1505 589 1828 660 benignitate

230 670 450 725 Domini
481 671 608 727 Jesu
638 671 856 739 Christi,
880 692 1002 730 cum
1023 693 1129 745 quo
1155 679 1292 732 Patri
1321 688 1375 734 et
1397 679 1616 749 Spiritui
1643 691 1828 738 sancto

225 760 290 812 sit
328 760 531 828 gloria,
559 762 863 832 imperium,
896 775 950 819 et
976 765 1149 820 honor
1173 767 1224 820 itt
1253 769 1445 823 saecula
1485 772 1824 828 smculoruttt.

224 856 429 908 Amen.

807 972 1086 1028 HOMILIA
1128 975 1264 1030 Xlll.

227 1080 294 1135 Et
343 1083 595 1151 plantavit
638 1084 885 1140 Dominus
933 1085 1069 1142 Deus
1113 1091 1406 1160 paradisum
1451 1094 1503 1146 in
1548 1093 1711 1149 Edem
1758 1100 1825 1152 ad

293 1180 584 1243 orientem,
627 1189 675 1231 et
718 1181 886 1248 posuit
932 1181 1039 1236 illic
1091 1185 1340 1238 hominem
1387 1203 1532 1256 quem
1585 1193 1823 1261 formavit

294 1268 457 1338 (Gen.
488 1269 544 1324 ε.
569 1269 648 1340 8).

290 1405 347 1458 1.
398 1406 597 1463 Videns
619 1421 852 1466 vestrum
879 1412 1198 1482 inexplebile
1224 1415 1564 1482 desiderium,
1599 1424 1654 1470 et
1678 1416 1821 1470 mul-

219 1503 328 1549 tam
353 1498 686 1564 aviditatem,
711 1512 1047 1574 mentemque
1070 1515 1348 1571 attentam,
1374 1522 1472 1561 nec
1495 1522 1596 1560 non
1628 1521 1817 1560 omnes

217 1586 281 1639 ad
309 1589 648 1656 spiritualem
679 1591 816 1648 hanc
850 1594 1143 1650 doctrinam
1182 1597 1529 1662 advolantes;
1575 1598 1816 1669 quamvis

217 1680 379 1734 valde
408 1681 513 1735 sim
538 1698 675 1738 mea;
701 1685 894 1754 inopiae
925 1687 1053 1742 mihi
1083 1691 1362 1756 conscias;
1395 1690 1701 1760 frequenter
1733 1701 1815 1745 ta-

215 1785 339 1824 men
371 1781 425 1826 et
446 1775 687 1842 quotidie
718 1776 930 1846 in0pem
948 1787 1003 1832 et
1029 1787 1241 1834 tenuem
1287 1780 1425 1835 hanc
1453 1797 1691 1836 mensam
1721 1797 1813 1836 vo-

215 1860 297 1915 bis
319 1877 631 1932 proponere
654 1867 864 1932 studeo,
889 1869 1163 1924 conlidens
1188 1886 1282 1924 vos
1303 1871 1570 1926 desiderio
1595 1870 1815 1942 ﬂagran-

215 1961 314 2015 tes,
346 1954 539 2021 majori
566 1955 842 2012 alacritate
870 1974 988 2028 quae
1014 1959 1265 2014 dicuntur
1286 1972 1627 2032 suscepturus
1655 1979 1773 2018 esse
1791 2005 1808 2032 ,

213 2045 647 2115 quandoquidem
676 2057 731 2102 et
759 2049 811 2102 in
841 2051 1183 2106 sensibilibus
1209 2053 1398 2109 eduliis
1428 2054 1607 2109 videre
1636 2064 1813 2124 potest

213 2139 384 2208 quivis
435 2140 538 2195 hoc
577 2144 907 2213 contingere.
935 2143 1166 2215 Urgente
1196 2162 1425 2217 namque
1468 2149 1809 2203 convivarum

213 2231 452 2298 appetitu
478 2273 494 2295 ,
523 2232 733 2288 etiamsi
770 2236 1082 2304 paupercula
1127 2252 1310 2292 mensa
1353 2239 1455 2304 sit,
1488 2248 1542 2293 et
1576 2238 1731 2307 inops
1764 2240 1808 2294 is

213 2325 298 2392 qui
326 2325 579 2378 convivio
619 2327 816 2408 excipit
837 2367 852 2394 ,
888 2343 1076 2398 magna
1104 2337 1281 2384 tamen
1311 2345 1433 2384 cum
1477 2331 1747 2401 voluptate
1772 2332 1808 2386 ii

211 2415 456 2483 apposita
486 2414 807 2483 absumunt;
841 2429 1024 2473 contra
1050 2421 1094 2474 si
1135 2421 1309 2475 minor
1331 2422 1654 2491 epulantium
1689 2422 1806 2478 fue-

211 2506 278 2560 rit
303 2508 598 2575 appetitus,
628 2509 835 2564 etiamsi
881 2521 1248 2581 sumptuosum
1276 2513 1436 2568 fuerit
1472 2515 1685 2583 epulum
1711 2557 1726 2582 ,
1752 2525 1807 2570 et

211 2600 353 2652 varia
375 2602 702 2670 copiosaque
717 2601 913 2668 edulia,
939 2604 1139 2658 nullum
1159 2605 1280 2661 inde
1298 2607 1660 2681 commodum,
1679 2623 1800 2662 cum

211 2705 370 2746 nemo
396 2694 472 2747 sit
489 2695 578 2761 qui
606 2696 862 2764 appositis
893 2695 966 2750 uti
991 2706 1169 2766 queat.
1207 2698 1302 2752 Hic
1327 2707 1523 2762 autem.
1543 2701 1663 2770 quia
1685 2704 1805 2770 gra-

211 2785 277 2837 tia
306 2785 400 2838 Dei
427 2786 632 2840 alacres
659 2795 715 2840 et
745 2786 970 2842 famelici
999 2788 1064 2842 ad
1092 2790 1420 2858 spiritualem
1449 2807 1688 2847 mensam
1713 2808 1804 2847 ac-

209 2876 420 2942 ceditis,
451 2887 504 2932 et
531 2879 626 2947 ipsi
654 2894 846 2946 magno
870 2879 1137 2935 desiderio
1158 2881 1404 2946 dicimus,
1429 2884 1678 2945 scientes,
1704 2899 1803 2939 nos

207 2966 400 3020 sobriis
445 2968 662 3022 auribus
690 2969 896 3024 divinas
935 2970 1092 3024 hasce
1132 2973 1464 3026 narrationes
1505 2989 1796 3044 apponere.

207 3057 475 3123 Quoniam
503 3069 558 3114 et
585 3059 816 3130 agricola
839 3102 854 3126 ,
885 3062 972 3129 qui
1004 3062 1252 3132 pinguem
1281 3071 1335 3117 et
1371 3063 1594 3119 fertilem
1617 3081 1799 3135 agrum

207 3147 431 3212 invenit,
466 3162 742 3221 postquam
771 3154 947 3206 omnia
973 3168 1091 3222 qua:
1117 3154 1196 3206 sui
1223 3153 1380 3208 ol'licii
1410 3165 1561 3209 erant
1590 3156 1798 3224 praesti-

206 3244 300 3307 tit,
339 3258 410 3317 lac
454 3254 652 3298 terram
684 3245 940 3311 suleavit,
991 3254 1224 3300 aratrum
1279 3247 1471 3314 duxit,
1515 3251 1800 3320 Spinasque

203 3314 424 3398 eduxit,
473 3342 598 3388 tunc
627 3335 845 3404 largiter
881 3337 1145 3401 seminat,
1177 3337 1417 3408 bonaque
1459 3355 1554 3408 spe
1594 3337 1798 3410 lultus,

203 3424 445 3492 quotidie
482 3439 704 3494 germen
749 3435 1024 3496 exspectat
1061 3428 1281 3482 seminis
1305 3471 1320 3494 ,
1349 3431 1490 3499 quod
1518 3439 1671 3486 terrae
1714 3432 1794 3486 fe-

203 3516 461 3570 cunditati
500 3518 800 3585 commisit,
831 3519 897 3573 ad
931 3530 1085 3574 terrae
1115 3519 1441 3577 feracitatem
1483 3525 1760 3581 attendens
1780 3568 1795 3591 ,

203 3609 266 3664 ad
293 3611 466 3665 multo
494 3611 750 3680 majorem
773 3612 918 3682 jacto
947 3615 1151 3668 semine
1172 3631 1398 3672 messem
1428 3619 1794 3688 excipiendam

205 3711 442 3770 paratus.
471 3700 725 3758 Similiter
755 3713 808 3758 et
849 3720 947 3758 nos
971 3745 986 3768 ,
1027 3721 1147 3760 cum
1184 3708 1424 3764 videmus
1467 3711 1792 3767 alacritatem

203 3805 439 3846 vestram
465 3793 703 3863 quotidie
733 3793 1036 3850 increscere
1054 3839 1069 3860 ,
1098 3796 1420 3853 desiderium
1453 3801 1651 3871 vigere,
1679 3812 1794 3858 stu-

203 3883 346 3937 dium
375 3885 706 3939 incrementa
727 3899 956 3949 sumere,
986 3886 1177 3940 bonam
1199 3904 1348 3958 spem
1375 3890 1654 3954 habemus,
1679 3910 1794 3948 ma-

199 3973 414 4043 jorique
458 3974 634 4029 studio
675 3985 729 4028 et
766 3975 1075 4045 alacritate,
1111 3990 1365 4048 quantum
1415 3983 1555 4037 vires
1597 3995 1795 4041 nostrae

205 4075 516 4134 suppetunt,
552 4066 602 4119 in
631 4065 1035 4121 :edilicationem
1065 4079 1253 4124 vestra!
1281 4072 1517 4127 caritatis
1540 4116 1554 4138 ,
1587 4075 1638 4129 in
1676 4078 1794 4145 glo-

204 4159 338 4212 riam
367 4159 497 4224 Dei,
529 4159 583 4212 in
611 4157 869 4213 Ecclesiae
907 4159 996 4213 Dei
1028 4160 1193 4216 decus
1219 4163 1416 4232 aliquid
1448 4166 1587 4221 ferre
1623 4168 1795 4222 anhe~

204 4250 394 4304 lamus.
423 4249 538 4319 Age
577 4249 768 4319 igitur,
807 4250 851 4304 si
889 4250 1058 4318 placet
1082 4293 1098 4318 ,
1123 4255 1362 4322 repetitis
1391 4256 1454 4310 iis
1483 4273 1600 4326 qua:
1625 4274 1795 4328 nuper

203 4340 342 4395 dicta
371 4350 518 4407 sunt,
547 4352 938 4410 consequenter
962 4343 1028 4398 de
1057 4343 1310 4400 hodierna
1338 4347 1566 4403 lectione
1593 4358 1793 4406 tracte-

205 4447 342 4486 mus.
375 4431 516 4500 Quid
543 4442 720 4488 autem
751 4435 822 4488 sit
848 4435 987 4503 quod
1019 4451 1188 4505 nuper
1219 4439 1561 4504 tractabatur,
1595 4459 1794 4510 quous-

202 4541 305 4595 que
355 4539 663 4580 sermonem
690 4525 1121 4588 extenderimus.
1159 4537 1212 4582 et
1246 4529 1332 4583 ubi
1373 4530 1530 4585 tinem
1579 4533 1791 4590 dicendi

204 4615 522 4680 fecerimus,
567 4618 924 4670 necessarium
954 4626 1036 4672 est
1072 4619 1270 4673 dicere.
1299 4619 1364 4672 Et
1397 4625 1626 4692 formavit
1655 4624 1792 4680 Deus

206 4707 477 4768 hominem,
509 4707 764 4776 pulverem
788 4707 1053 4776 accipiens
1083 4709 1144 4762 de
1174 4719 1325 4763 terra.
1351 4710 1417 4764 Et
1445 4713 1708 4783 inspiravit
1737 4717 1791 4771 in

204 4802 385 4867 [aciem
414 4800 526 4869 ejus
553 4799 859 4867 spiraculum
880 4801 1012 4866 vius,
1045 4804 1305 4872 factusque
1331 4813 1402 4857 est
1431 4806 1580 4860 homo
1605 4809 1656 4861 in
1679 4809 1791 4862 ani-

204 4908 336 4944 mam
376 4892 622 4946 viventem
655 4890 805 4962 (Gen.
832 4892 886 4946 2.
920 4895 996 4964 7).
1033 4894 1184 4962 Quod
1217 4906 1339 4950 tunc
1364 4897 1626 4966 dicebam,
1657 4901 1709 4956 id
1735 4912 1789 4958 et

205 5000 340 5038 nunc
371 4984 571 5048 dicam,
604 4993 658 5040 et
682 4986 908 5040 subinde
935 5002 1235 5042 memorare
1264 5004 1369 5043 non
1401 4993 1643 5058 cessabo,
1671 5011 1788 5048 ma-

204 5092 360 5144 gnam
418 5086 472 5130 et
522 5075 837 5130 ineﬂ‘abilem
891 5092 1012 5132 esse
1061 5078 1435 5150 benignitatem
1490 5087 1789 5142 communis

205 5171 442 5223 omnium
467 5169 675 5222 Domini
699 5185 819 5240 erga
841 5186 1009 5240 genus
1029 5183 1288 5226 nostrum.
1305 5173 1577 5244 Siquidem
1601 5193 1786 5249 magna

204 5260 648 5329 attemperatione
676 5260 744 5314 ob
771 5261 996 5316 salutem
1023 5272 1257 5317 nostram
1290 5279 1417 5319 usus
1441 5276 1542 5331 est,
1572 5285 1791 5340 magno-

203 5368 306 5421 que
331 5352 534 5407 animal
574 5352 706 5420 hoc,
730 5353 1000 5409 hominem
1022 5355 1162 5421 dico,
1200 5355 1404 5413 honore
1433 5376 1789 5432 prosequutus

202 5454 318 5510 est;
362 5460 569 5499 necnon
607 5445 785 5499 verbis
811 5455 865 5500 et
889 5447 1046 5501 rebus
1071 5447 1390 5516 declaravit,
1428 5468 1487 5506 se
1531 5470 1786 5523 majorem

203 5538 318 5606 ejus
337 5577 352 5602 ,
382 5552 545 5606 quam
570 5536 854 5592 visibilium
876 5539 1112 5593 omnium
1137 5555 1317 5595 curam
1351 5541 1618 5599 habuisse.
1647 5545 1788 5604 Nihil

267 5694 284 5721 ι
317 5688 482 5760 mist,
498 5701 806 5762 prome-estur
820 5693 884 5742 ad
903 5692 1254 5762 inmutationem
1272 5697 1449 5760 agendi
1473 5698 1670 5751 rationis
1688 5709 1788 5753 Deo

203 5747 286 5816 dig
294 5764 386 5808 uc.
417 5747 654 5803 Virtutem
673 5751 934 5819 igiturnon
948 5754 1258 5820 negligemus.

1341 291 1404 345 IN
1443 292 1673 348 CAPJI.
1707 294 1948 352 GENES.
1993 296 2219 353 llOlllL
2255 299 2389 356 Xlll.

3418 331 3520 392 106

1942 411 2085 465 enim
2109 415 2357 482 prohibet
2381 419 2539 474 etiam
2567 421 2726 480 hodie
2751 428 2934 484 eadem
2963 435 3240 504 explorare
3266 447 3402 511 apud
3430 464 3519 503 ca-

1936 500 2145 556 ritatem
2182 515 2434 564 vestram.
2463 510 2592 566 Nam
2634 516 2772 570 sicut
2812 500 3087 601 aromata,
3120 500 3316 599 quanto
3352 542 3520 608 magis

1935 594 2113 664 digitis
2141 609 2456 667 atteruntur,
2490 613 2636 662 tanto
2659 594 2910 679 majorem
2940 594 3244 678 natura-sua
3275 594 3518 698 fragran-

1935 687 2061 742 tiam
2105 691 2332 747 reddunt
2361 713 2374 748 :
2405 697 2474 750 ita
2514 707 2568 753 et
2613 701 2663 754 in
2694 702 2982 774 Scripturis
3012 718 3290 782 usuvenit,
3319 687 3517 789 quanto

1932 783 2051 850 quis
2077 783 2192 837 illas
2230 789 2458 856 amplius
2488 800 2715 851 tractare
2754 801 3035 869 studuerit,
3070 816 3216 866 tanto
3243 817 3409 886 magis
3438 823 3517 872 νὶ-

1932 871 2060 928 dere
2097 880 2290 943 poterit
2329 879 2574 937 latentem
2607 887 2657 940 in
2705 889 2832 960 ipsis
2861 893 3162 954 thesaurum
3188 945 3203 966 ,
3231 871 3391 976 atque
3418 871 3518 964 ini-

1931 977 2148 1020 mensos
2175 970 2452 1038 percipere
2477 975 2780 1033 divitiarum
2810 982 3030 1040 fructus.
3061 989 3128 1043 Et
3153 970 3408 1064 fortitavit,
3435 1001 3513 1054 itt-

1930 1054 2076 1122 quit,
2119 1056 2257 1112 Deus
2297 1061 2584 1132 hominem,
2635 1070 2891 1137 pulrerem
2937 1079 3202 1149 accipiens
3245 1087 3308 1141 de
3357 1099 3508 1147 terra.

1929 1146 2305 1206 Animadverte
2328 1195 2344 1217 ,
2375 1155 2598 1212 obsecro
2618 1202 2632 1226 ,
2661 1175 2854 1229 quanta
2880 1171 3107 1227 varietas
3149 1191 3212 1230 ex
3256 1179 3370 1248 ipso
3393 1198 3516 1238 ver-

1928 1237 2116 1294 borum
2143 1248 2422 1312 procemio.
2456 1251 2511 1304 ln
2539 1255 2786 1311 omnibus
2814 1261 2955 1314 enim
2983 1265 3100 1318 aliis
3122 1275 3380 1327 creaturis
3409 1277 3509 1329 do-

1927 1334 2034 1386 cuit
2063 1351 2160 1391 nos
2186 1337 2368 1392 beatus
2396 1343 2569 1399 Moses
2600 1350 2812 1404 modum
2843 1357 3148 1424 creationis,
3182 1361 3262 1416 his
3287 1367 3462 1423 verbis
3492 1388 3505 1423 :

1925 1423 2068 1480 Dixit
2095 1428 2254 1495 Deus,
2287 1431 2406 1486 Fiat
2429 1437 2538 1504 lux,
2567 1450 2612 1491 et
2639 1445 2774 1508 facta
2822 1459 2894 1498 est
2923 1446 3044 1514 lux;
3069 1450 3186 1506 Fiat
3215 1457 3504 1522 ﬁrmamen-

1925 1525 2066 1582 tum;
2113 1519 2449 1595 Congrrgetur
2492 1546 2622 1598 aqua
2645 1548 2664 1596 ,'
2686 1533 2846 1590 Fiant
2892 1540 3164 1597 luminaria
3185 1519 3223 1612 ;⁷
3254 1549 3503 1608 (iet-minet

1922 1617 2055 1664 terra
2082 1611 2284 1667 herbam
2313 1619 2434 1687 freni
2456 1635 2476 1682 ;
2501 1619 2797 1679 Producant
2825 1645 2969 1697 aqua:
2995 1635 3196 1698 reptilia
3220 1641 3505 1698 animarum

1921 1702 2206 1769 viventium,
2235 1716 2308 1768 et,
2336 1706 2594 1764 Producat
2619 1723 2751 1768 terra
2782 1720 3002 1774 animam
3031 1724 3293 1781 viventem.
3317 1730 3502 1789 Vidisti

1918 1795 2184 1863 quomodo
2225 1800 2387 1856 verbo
2433 1805 2610 1859 omnia
2655 1808 2878 1866 fortnata
2908 1815 3052 1870 sint?
3087 1817 3190 1873 Sed
3232 1823 3504 1882 videamus

1918 1893 2101 1952 postea
2128 1888 2253 1956 quid
2289 1889 2342 1943 in
2382 1895 2653 1950 creatione
2690 1898 2920 1956 hominis
2963 1904 3125 1963 dicat.
3157 1907 3225 1962 Et
3269 1917 3506 1982 formavit

1917 1971 2054 2028 Deus
2080 1977 2352 2032 hominem.
2390 1981 2518 2037 Vide
2545 1988 2814 2054 quomodo
2853 1993 3138 2051 verborum
3179 1971 3502 2073 attempera-

1916 2064 2080 2132 tione,
2109 2070 2259 2138 queis
2285 2071 2353 2125 ob
2381 2083 2616 2130 nostram
2661 2078 3021 2140 inﬁrmitatem
3055 2104 3180 2143 usus
3206 2103 3306 2157 est,
3341 2064 3498 2152 simul

1913 2165 1968 2210 et
1989 2159 2203 2214 modum
2231 2164 2525 2220 creationis
2551 2167 2759 2236 doceat,
2790 2183 2845 2227 et
2869 2176 3255 2248 diversitatem,
3285 2203 3408 2256 qua,
3444 2201 3500 2244 ut

1914 2248 2148 2304 humano
2181 2267 2330 2308 more
2360 2256 2581 2326 loquar,
2612 2261 2770 2318 veluti
2809 2265 2900 2321 Dei
2932 2271 3174 2327 manibus
3211 2276 3494 2337 formatum

1912 2337 2083 2408 ipsum
2114 2342 2344 2410 indicat,
2374 2348 2512 2404 sicut
2537 2359 2591 2404 et
2631 2353 2768 2408 alius
2799 2358 3056 2427 propheta
3102 2363 3231 2420 dicit
3263 2385 3276 2420 :
3311 2369 3497 2426 Manus

1912 2439 2013 2485 tua:
2029 2433 2249 2500 fecerunt
2279 2453 2376 2503 me,
2404 2450 2450 2493 et
2469 2443 2842 2512 plasmaverunt
2872 2469 2949 2504 me
2973 2453 3113 2523 (Job.
3142 2459 3225 2512 10.
3256 2460 3333 2532 8).
3363 2464 3495 2520 Nam

1910 2522 1956 2576 si
1985 2523 2296 2595 simpliciter
2324 2530 2656 2601 imperasset,
2687 2554 2885 2608 quaeso,
2916 2555 2972 2598 ut
2997 2562 3064 2600 ex
3095 2558 3234 2604 terra
3265 2554 3498 2610 oriretur

1911 2612 2093 2683 homo,
2117 2633 2297 2674 annon
2325 2622 2376 2676 id
2405 2625 2546 2694 quod
2572 2629 2777 2696 jussum
2802 2643 2916 2688 erat
2937 2638 3246 2704 productum
3273 2643 3495 2702 fuisset?

1907 2704 2012 2759 Sed
2047 2717 2102 2762 ut
2128 2725 2222 2778 per
2255 2715 2541 2770 creationis
2584 2721 2798 2775 modum
2830 2724 3127 2784 doctrinam
3177 2735 3330 2788 nobis
3371 2753 3494 2806 per.

1907 2809 2118 2869 petuam
2167 2804 2436 2875 traderet,
2485 2820 2541 2864 ut
2579 2828 2646 2867 ne
2689 2817 2890 2883 majora
2937 2836 3094 2889 quam
3139 2841 3255 2894 quze
3304 2804 3491 2886 natura

1907 2903 2085 2948 nostra
2135 2895 2302 2953 ferret
2346 2903 2700 2974 sentiremus,
2731 2909 2849 2963 ideo
2909 2913 2988 2968 sic
3038 2929 3282 2974 accurate
3311 2926 3489 2979 omnia

1905 2997 2156 3054 enarrat,
2189 2999 2242 3044 et
2275 2993 2351 3047 ait
2379 3011 2392 3047 :
2429 2994 2689 3053 Formavit
2736 3001 2872 3058 Deus
2919 3005 3169 3064 hominem
3191 3053 3204 3077 ,
3239 3015 3490 3084 pulverem

1903 3079 2171 3147 accipiens
2199 3083 2214 3113 ί
2243 3085 2305 3137 de
2326 3094 2476 3140 terra.

1974 3169 2029 3222 2.
2058 3171 2190 3228 Vide
2219 3185 2271 3229 et
2298 3177 2349 3230 in
2376 3179 2473 3234 hac
2502 3197 2564 3237 re
2609 3182 2888 3242 honorem.
2936 3189 3051 3246 Non
3101 3197 3243 3252 enim
3293 3209 3486 3258 terram

1903 3265 2193 3332 quamlibet
2218 3271 2428 3340 accipit,
2458 3275 2551 3329 sed
2588 3277 2882 3348 pulverem,
2912 3287 3278 3345 tenuissimum
3310 3303 3481 3360 terra},

1903 3362 1961 3406 ut
1998 3355 2069 3409 ita
2119 3359 2237 3427 quis
2261 3360 2476 3429 dixerit,
2502 3367 2718 3422 ethunc
2743 3370 2912 3438 ipsum
2958 3375 3226 3443 pulverem
3255 3381 3320 3437 de
3349 3355 3488 3439 terra

1902 3457 2170 3516 pra‘cepto
2196 3465 2293 3504 suo
2337 3453 2388 3506 in
2425 3459 2667 3525 corporis
2695 3473 2933 3516 naturam
2969 3471 3253 3524 transtulit.
3284 3474 3486 3540 Quem—

1903 3537 2187 3592 admodutl'i
2237 3542 2376 3596 enim
2423 3547 2589 3614 ipsam
2633 3561 2788 3606 terra:
2816 3553 3164 3614 substantiam
3209 3578 3312 3616 non
3341 3569 3484 3619 exsi~

1901 3637 2128 3684 stentem
2161 3634 2429 3702 produxit,
2476 3637 2546 3692 ita
2593 3655 2755 3708 nunc,
2809 3658 2930 3698 cum
2981 3649 3164 3716 voluit,
3212 3654 3483 3721 pulverem

1900 3718 1968 3774 de
1993 3731 2132 3776 terra
2160 3723 2210 3776 itt
2238 3739 2432 3794 corpus
2453 3733 2731 3786 convertit.
2763 3734 2859 3790 Hic
2892 3718 3224 3797 exclamaret
3231 3745 3380 3812 juvat
3432 3750 3482 3803 id

1899 3813 2041 3881 quod
2070 3829 2099 3867 a
2131 3815 2288 3870 beato
2323 3818 2520 3875 Davide
2545 3822 2740 3890 dictum
2785 3836 2911 3882 est:
2947 3828 3072 3894 Quis
3119 3833 3348 3903 loquetur
3386 3855 3482 3905 po-

1901 3907 2078 3958 tentias
2131 3904 2377 3974 Dumini,
2447 3912 2648 3966 auditas
2705 3917 2855 3988 faciet
2921 3935 3091 3975 omnes
3147 3924 3322 3980 laudes
3374 3904 3484 3999 ejus

1903 3986 2084 4066 (Psal.
2112 3999 2236 4053 105.
2263 3999 2378 4069 ‘2)?
2423 4003 2565 4073 quod
2593 4021 2658 4059 ex
2706 3986 2932 4076 pulvere
2976 4012 3081 4067 tale
3123 4018 3316 4071 animal
3362 3986 3482 4089 pro-

1897 4087 2126 4154 duxerit,
2151 4101 2206 4146 et
2232 4093 2282 4146 in
2310 4105 2510 4149 tantum
2539 4097 2797 4154 honorem
2826 4106 3081 4172 evexerit,
3116 4115 3293 4178 totque
3321 4087 3482 4166 bette-

1899 4179 2016 4236 licia
2042 4183 2094 4237 in
2117 4199 2237 4239 eum
2263 4188 2443 4242 statim
2468 4190 2536 4243 ab
2564 4190 2715 4246 initio
2739 4197 3039 4260 contulerit,
3065 4216 3211 4255 suam
3237 4205 3478 4275 benigni-

1901 4280 2060 4327 tatem
2094 4291 2190 4345 per
2213 4279 2390 4333 omnia
2441 4282 2749 4337 ostendens.
2783 4285 2850 4338 Et
2889 4288 3169 4358 inspiravit,
3205 4294 3390 4364 inquit,
3428 4302 3479 4353 in

1897 4365 2079 4435 faciem
2103 4369 2212 4436 ejus
2239 4370 2550 4438 spiraculum
2570 4373 2702 4443 vitae,
2728 4387 2774 4430 et
2801 4377 2970 4447 [actus
2997 4391 3069 4434 est
3093 4382 3242 4438 homo
3271 4387 3322 4440 in
3369 4392 3480 4443 aui-

1896 4471 2031 4508 mam
2069 4459 2324 4513 viventem.

1967 4549 2154 4604 Contra
2204 4569 2288 4606 eos
2323 4554 2410 4624 qui
2455 4555 2687 4612 dicebant
2713 4561 2936 4616 animam
2962 4582 3025 4618 ea:
3062 4569 3341 4624 substantia
3387 4573 3480 4626 Dei

1896 4656 2020 4695 esse.
2051 4641 2189 4696 Deus
2217 4644 2452 4714 simplex,
2481 4648 2867 4720 incompositus,
2899 4665 2944 4708 et
2982 4657 3149 4728 figura
3198 4678 3480 4716 carens.—

1896 4734 1992 4789 Hic
2039 4737 2250 4805 quidam
2302 4740 2440 4793 male
2470 4739 2665 4805 feriati,
2723 4747 2946 4814 propriis
2976 4751 3105 4804 moti
3147 4753 3474 4822 ratiociniis,

1896 4826 2132 4896 nihilque
2183 4829 2290 4883 Deo
2340 4830 2554 4901 dignum
2609 4836 2920 4904 cogitantes,
2973 4856 3146 4910 neque
3190 4845 3474 4901 verborum

1893 4923 2388 4989 attemperationem
2439 4940 2621 4980 secum
2676 4938 3004 4998 reputantes,
3051 4933 3227 4989 dicere
3257 4938 3472 5004 audent,

1892 5013 2122 5066 animam
2149 5031 2212 5068 ex
2245 5016 2334 5072 Dei
2361 5018 2653 5074 substantia
2679 5037 2816 5077 esse.
2845 5024 2888 5078 Ο
2917 5025 3203 5082 insaniam!
3235 5045 3268 5084 ο
3288 5048 3473 5087 amen-

1894 5105 2054 5159 tiam!
2085 5115 2214 5175 quot
2252 5110 2504 5178 perniciei
2549 5113 2662 5165 vias
2686 5113 2930 5169 diabolus
2955 5120 3158 5186 paravit
3184 5123 3474 5180 cultoribus

1891 5196 2037 5250 suis!
2083 5197 2136 5251 Id
2171 5207 2226 5252 ut
2267 5200 2462 5266 discas,
2491 5203 2758 5272 perpende
2783 5221 2940 5274 quam
2971 5207 3197 5264 diversis
3227 5213 3472 5272 incedant

1892 5287 2009 5341 viis.
2032 5288 2162 5343 Nam
2187 5291 2278 5345 alii
2304 5307 2366 5346 ex
2390 5292 2494 5347 hoc
2521 5295 2683 5348 verbo
2711 5311 2893 5352 ansam
2919 5301 3262 5370 arripientes,
3299 5305 3471 5376 Inspi-

1891 5384 2040 5448 ravit,
2093 5384 2279 5439 dicunt
2319 5385 2526 5440 animas
2575 5402 2642 5442 ex
2690 5388 2981 5446 subsntntia
3032 5393 3122 5448 Dei
3170 5411 3324 5463 esse;
3382 5403 3470 5455 alii

1891 5487 2100 5527 rursum
2130 5473 2328 5540 dicunt,
2356 5476 2408 5530 in
2428 5476 2804 5532 vilissimorum
2825 5479 3098 5536 brutorum
3120 5485 3467 5544 substantiam

1893 5563 2034 5634 ipsas
2057 5565 2280 5620 transire
2304 5581 2317 5618 :
2341 5580 2443 5635 qua
2466 5568 2697 5623 amentia
2718 5569 2844 5640 quid
2868 5569 3103 5630 deterius
3123 5590 3241 5632 esse
3262 5581 3468 5649 possit!

1957 5767 1973 5798 ²
2008 5772 2058 5816 tu
2075 5772 2189 5830 Reg.
2214 5771 2310 5817 uno
2333 5773 2386 5817 et
2405 5764 2651 5823 Colbiuno
2668 5769 2811 5824 deest
2833 5785 2944 5836 vox,
2969 5770 3227 5839 accipiens.
