4038 6394
555 312 657 369 ΗΠ

552 431 685 499 Quia
712 427 854 483 enim
899 423 1243 480 obtenebrata
1286 430 1370 476 est
1417 422 1551 475 ratio
1594 434 1800 480 eorum.
1854 429 1909 472 et
1945 431 2131 471 verum

551 523 839 589 Scriptum
889 532 1104 573 sensum
1147 518 1411 586 ignorant,
1442 516 1590 584 quasi
1636 513 1887 567 exciecati
1940 510 2135 565 mentis

552 611 720 668 oculis
741 612 792 665 in
820 610 1029 665 diversa
1064 607 1301 661 feruntur
1327 606 1643 677 praecipitia.
1670 604 1795 659 dum
1847 603 1934 657 alii
1989 602 2133 656 illam

549 719 707 775 supra
732 703 1039 774 dignitatem
1065 699 1311 763 efferunt,
1346 698 1437 753 alii
1462 707 1638 751 autem
1666 696 1798 749 infra
1824 695 2133 765 dignitatem

552 797 870 868 deprimunt.
894 795 1024 851 Nam
1052 794 1097 849 si
1126 808 1192 849 eo
1212 792 1353 863 quod
1390 792 1657 860 Scriptum
1698 789 1859 853 dicat,
1902 786 2137 857 Inspira-

550 894 616 945 vit
646 909 697 944 ni
725 890 905 943 faciem
945 889 1075 959 ejus,
1105 902 1165 941 os
1213 886 1322 941 Deo
1374 885 1628 956 attingere
1668 883 1855 948 velint,
1911 895 2135 937 necesse

546 984 653 1036 erit
679 983 837 1037 etiam
866 994 1056 1035 manus
1077 979 1176 1049 ipsi
1207 977 1441 1032 tribuere
1470 995 1483 1030 :
1512 973 1941 1046 quandoquidem
1976 972 2130 1037 dixit,

550 1072 813 1128 Formavit
851 1071 1119 1125 hominem.
1147 1068 1253 1125 Sed
1307 1083 1375 1123 ne
1418 1067 1627 1121 illorum
1679 1062 2032 1134 nugacitatem
2078 1062 2133 1117 in

549 1164 783 1221 medium
806 1162 1158 1236 proferentes,
1186 1175 1440 1231 cogamur
1464 1168 1519 1213 et
1545 1157 1643 1228 ipsi
1685 1156 1931 1213 indecora
1963 1156 2129 1226 loqui,

549 1271 649 1328 age
698 1257 934 1326 ipsorum
974 1255 1251 1309 stultitiam
1304 1261 1360 1309 et
1409 1251 1755 1321 multiplicem
1807 1249 2133 1305 dementiam

550 1350 868 1415 devitemus,
898 1364 963 1403 ac
990 1347 1188 1403 divina:
1208 1346 1516 1416 Scriptura},
1551 1360 1669 1415 qua:
1701 1343 1930 1413 seipsam
1970 1343 2136 1397 inter-

549 1449 810 1511 pretatur,
837 1454 1055 1510 scopum
1081 1438 1485 1508 subsequamur,
1517 1435 1804 1491 dummodo
1832 1444 2007 1489 tamen
2038 1448 2135 1488 nos

550 1534 837 1588 verborum
876 1532 1133 1588 crassitiei
1172 1546 1279 1586 non
1320 1529 1689 1595 attendamus,
1717 1528 1811 1583 sed
1841 1528 2137 1597 cogitemus

552 1624 914 1679 infirmitatem
964 1633 1198 1677 nostram
1252 1621 1555 1691 hujusmodi
1612 1620 1870 1675 crassitiei
1917 1632 2133 1674 causam

551 1729 689 1772 esse.
722 1714 903 1785 Neque
929 1714 1071 1769 enim
1098 1722 1317 1783 possent
1337 1727 1495 1767 aures
1536 1712 1783 1767 humanm
1818 1726 1881 1767 ea
1908 1727 2027 1782 quae
2048 1711 2135 1767 di-

550 1818 743 1862 cuntur
765 1806 1030 1876 excipere,
1054 1806 1156 1861 nisi
1182 1815 1328 1861 tanto
1356 1804 1659 1861 fruerentur
1693 1815 2133 1876 temperamento.

549 1897 855 1968 Cogitantes
879 1898 1057 1968 itaque
1081 1905 1137 1953 et
1157 1906 1393 1951 nostram
1435 1895 1813 1963 infirmitatem,
1843 1906 1897 1952 et
1928 1896 2045 1951 btec
2067 1895 2137 1951 de

552 1990 663 2044 Deo
695 1989 834 2044 dicta
864 1988 1048 2048 fuisse.
1079 1988 1157 2043 sic
1176 2003 1238 2043 ea
1266 1986 1635 2057 suscipiamus,
1666 1995 1725 2042 ut
1749 2002 1846 2058 par
1871 1996 1952 2042 est
1980 2001 2042 2042 ea
2068 1986 2135 2042 de

553 2080 665 2136 Deo
690 2082 951 2151 accipere,
985 2095 1084 2135 nec
1108 2081 1160 2134 in
1190 2094 1476 2150 corporum
1506 2080 1751 2147 formam,
1776 2080 1857 2135 vel
1882 2080 1934 2135 in
1964 2095 2133 2134 mem-

551 2174 768 2229 brorum
812 2174 1272 2242 compositionem,
1334 2171 1502 2227 Deum
1548 2172 1718 2242 ipsum
1765 2171 2131 2233 deducamus;

552 2265 646 2320 sed
674 2266 850 2319 omnia
880 2265 948 2319 de
978 2265 1106 2325 Deo.
1139 2275 1196 2317 ut
1214 2264 1485 2326 convenit,
1512 2264 1884 2334 imaginemur.
1926 2263 2133 2317 Numen

551 2357 693 2410 enim
724 2356 947 2424 simplex
981 2355 1491 2425 incompositumque
1512 2368 1615 2422 est,
1654 2370 1717 2409 ac
1747 2354 1911 2426 ﬁgura
1940 2363 2088 2409 caret
2116 2369 2131 2410 :

552 2464 673 2503 nam
719 2449 762 2502 si
817 2463 885 2503 ex
941 2448 1093 2503 nobis
1145 2447 1489 2502 similitudine
1536 2448 1711 2511 ducta,
1757 2447 1982 2501 velimus
2025 2446 2138 2500 Deo

553 2541 909 2595 membrorum
965 2541 1406 2609 compositionem
1458 2540 1724 2603 tribuere,
1772 2538 2135 2609 imprudentes

552 2632 604 2686 in
633 2633 902 2702 gentilium
934 2632 1255 2701 impietatem
1285 2632 1526 2685 labimur.
1554 2631 1685 2686 Cum
1709 2632 1885 2699 itaque
1904 2629 2136 2683 audieris

551 2727 875 2794 Scripturam
920 2723 1207 2791 dicentem,
1241 2722 1501 2777 Formavit
1541 2722 1675 2776 Deus
1718 2722 1999 2785 hominem,
2024 2720 2133 2774 vir-

551 2826 715 2871 tntem
740 2815 982 2871 eamdem
1013 2815 1206 2884 cogita,
1256 2829 1412 2884 quam
1453 2828 1573 2867 cum
1642 2812 1805 2879 dicit,
1863 2810 2025 2876 Fiat;
2070 2824 2137 2865 ac

552 2924 760 2964 rursum
790 2923 911 2963 cum
936 2908 1191 2973 audieris,
1223 2906 1503 2976 Inspiravit
1527 2908 1579 2961 in
1622 2908 1801 2978 faciem
1829 2908 1939 2977 ejus
1965 2907 2134 2975 spira-

550 3005 719 3056 culum
770 3004 916 3068 vitaz,
974 3002 1165 3055 iterum
1212 3003 1419 3071 cogita,
1465 3000 1909 3071 quemadmodum
1956 2999 2133 3054 incor-

552 3108 741 3162 poreas
789 3093 1012 3147 virtutes
1069 3092 1424 3160 produxerat,
1476 3093 1553 3146 sic
1616 3092 1879 3162 placuisse
1918 3091 2025 3157 illi,
2077 3101 2135 3146 ut

550 3200 744 3255 corpus
773 3184 875 3239 hoc
899 3200 965 3239 ex
994 3184 1209 3253 pulvere
1235 3184 1432 3238 factum
1454 3187 1685 3238 animam
1715 3183 1937 3238 haberet
1964 3185 2131 3239 ratio-

550 3277 747 3341 nalem,
770 3288 887 3345 qua:
908 3274 1162 3329 membris
1175 3274 1447 3343 corporeis
1468 3283 1646 3343 posset
1670 3275 1763 3329 uti.
1791 3275 1903 3331 Hoc
1929 3276 2127 3345 quippe

549 3380 743 3434 corpus
790 3366 996 3420 Domini
1024 3365 1177 3435 jussu
1225 3376 1486 3431 creatum,
1518 3366 1668 3436 quasi
1722 3367 2132 3421 instrumentum

544 3456 775 3527 jacebat,
804 3458 983 3528 aliquo
1011 3466 1259 3513 movente
1283 3458 1554 3528 indigens;
1585 3459 1691 3511 imo
1717 3458 1851 3513 sicut
1873 3459 1987 3529 lyra
2014 3474 2137 3529 qua:

548 3548 727 3617 aliquo
751 3558 889 3620 eget,
911 3548 1001 3620 qui
1026 3560 1140 3604 arte
1169 3551 1489 3620 solertiaque
1518 3565 1612 3605 sua
1645 3551 1832 3621 possit,
1863 3540 2016 3622 quasi
2040 3568 2135 3622 per

552 3640 774 3707 fistulas,
805 3655 900 3710 per
949 3640 1188 3696 membra
1215 3655 1311 3696 sua
1351 3651 1733 3711 congruentem
1769 3643 1991 3699 Domino
2022 3660 2134 3697 me-

553 3731 744 3787 lodiatn
776 3732 997 3787 referre.
1021 3731 1316 3802 lnspiravit,
1337 3733 1526 3804 inquit,
1549 3735 1602 3788 in
1623 3736 1802 3805 facient
1827 3736 1939 3806 ejus
1963 3737 2131 3806 spira-

489 3808 506 3829 ⁶
549 3824 720 3879 culum
749 3825 882 3887 vitta,
929 3835 977 3878 et
1014 3824 1176 3893 factus
1224 3835 1299 3879 est
1343 3825 1491 3879 homo
1518 3827 1571 3879 in
1609 3828 1831 3881 animam
1868 3830 2129 3884 viventem.

548 3915 683 3982 Quid
704 3924 806 3980 est,
832 3914 1109 3984 Inspiravit
1133 3916 1445 3987 spiraculum
1472 3919 1588 3972 vitae
1606 3920 1632 3973 ?
1656 3919 1712 3973 Id
1733 3928 1833 3983 est,
1858 3919 1959 3975 hoc
1982 3935 2135 3977 crea-

550 4019 661 4063 tum
690 4023 884 4079 corpus
913 4010 1078 4064 voluit
1100 4010 1362 4080 jussitque
1389 4012 1491 4066 vim
1520 4011 1717 4068 habere
1744 4013 1983 4081 vitalem,
2011 4029 2133 4085 qute

548 4102 763 4156 animali
803 4101 939 4157 facta
974 4111 1057 4157 est
1091 4102 1144 4157 in
1186 4104 1415 4158 animam
1441 4104 1725 4167 viventem,
1762 4105 1876 4160 sive
1902 4120 2131 4175 operan-

551 4202 678 4255 tem,
705 4206 824 4261 qua:
850 4202 1020 4247 artem
1047 4207 1195 4247 suam
1216 4202 1398 4265 ροεςθι
1419 4209 1514 4265 per
1540 4194 1900 4250 membrorum
1928 4204 2131 4250 motum

548 4281 820 4337 exhibere.

621 4372 675 4426 ‘5.
714 4371 808 4426 Hic
833 4388 961 4427 vero
980 4372 1107 4427 mihi
1138 4372 1406 4444 perpende
1425 4414 1441 4438 ,
1471 4384 1727 4444 quantum
1754 4375 1964 4432 intersit
1990 4379 2130 4433 inter

554 4461 710 4532 hujus
749 4461 1075 4517 admirabilis
1117 4464 1364 4519 animalis
1407 4466 1720 4531 rationalis,
1761 4476 1815 4522 et
1855 4469 2129 4523 brutorum

552 4556 923 4610 fonuationem
964 4556 1267 4611 discrimen.
1298 4558 1372 4612 De
1399 4558 1502 4612 illis
1527 4560 1668 4613 enim
1708 4558 2134 4615 dixitzEducant

554 4662 698 4717 aqua!
718 4647 919 4715 reptilia
945 4649 1228 4701 animarum
1246 4650 1532 4717 viventium,
1556 4659 1610 4705 et
1637 4652 1797 4705 simul
1820 4652 2131 4721 prodierunt
2182 4682 2185 4683 ν

552 4754 618 4793 ex
665 4752 801 4807 aqua
841 4738 1088 4792 animalia
1133 4739 1400 4805 animata;
1447 4751 1503 4795 et
1552 4742 1605 4795 in
1654 4751 1794 4797 terra
1838 4743 2129 4799 similiter:

550 4828 810 4885 Producat
849 4841 983 4884 terra
1018 4831 1240 4885 animam
1284 4834 1542 4887 viventem.
1575 4834 1650 4890 De
1694 4834 1909 4892 homine
1952 4850 2130 4893 autem

551 4939 656 4977 non
684 4924 794 4987 sic;
823 4923 919 4978 sed
949 4925 1093 4992 prius
1119 4922 1186 4979 de
1216 4926 1433 4994 pulvere
1469 4942 1662 4997 corpus
1706 4929 1963 4986 formatur
1985 4973 2001 4998 ,
2033 4948 2131 5003 po-

549 5026 665 5073 etea
692 5017 866 5071 vitalis
900 5018 975 5071 illi
1003 5018 1170 5071 virtus
1197 5018 1383 5084 datur,
1414 5036 1535 5090 qum
1559 5030 1645 5075 est
1664 5023 1855 5077 animae
1878 5025 2130 5081 substan-

552 5107 643 5160 tia.
686 5104 887 5161 Idcirco
931 5108 998 5162 ile
1037 5108 1203 5163 brutis
1238 5108 1449 5164 dicebat
1487 5110 1737 5182 Moyses:
1769 5114 1994 5186 Sanguis
2023 5118 2131 5186 ejus

549 5208 624 5252 est
650 5200 820 5253 anima
848 5202 957 5272 ejus
982 5201 1127 5273 (Leo.
1158 5203 1246 5258 l7.
1286 5205 1400 5274 tl).
1453 5204 1506 5259 In
1542 5205 1758 5262 homine
1785 5216 1964 5263 autem
2001 5212 2130 5265 sub-

552 5294 745 5348 stantia
790 5304 873 5350 est
924 5294 1237 5366 incorporea
1284 5306 1340 5351 et
1391 5297 1750 5366 immortalis,
1799 5315 1921 5371 qua:
1963 5303 2132 5357 multo

554 5385 833 5441 intervallo
860 5401 1061 5457 corpus
1088 5387 1391 5454 antecellit,
1424 5398 1477 5443 et
1504 5398 1680 5455 tanto,
1706 5401 1906 5461 quanto
1930 5407 2027 5462 par
2049 5403 2134 5450 est

556 5475 927 5544 incorporeum
970 5479 1181 5547 corpori
1229 5478 1518 5535 anteferre.
1570 5480 1765 5537 Verum
1808 5482 1945 5539 forte
1988 5483 2133 5541 dicet

555 5571 817 5638 quispiam
852 5588 865 5625 :
898 5570 956 5627 Si
992 5571 1169 5626 anima
1211 5586 1437 5642 corpore
1462 5573 1704 5645 dignior,
1753 5590 1850 5631 cur
1896 5577 1949 5633 id
1986 5580 2128 5649 quod

558 5658 733 5713 minus
791 5672 872 5716 est
900 5662 1129 5726 primum
1173 5674 1424 5733 creatur,
1452 5667 1670 5736 etquod
1713 5669 1884 5739 majus
1925 5681 2133 5741 postre-

560 5766 705 5806 mum
733 5752 755 5808 ?
784 5756 972 5812 Annon
1006 5758 1151 5817 vides
1174 5800 1189 5827 ,
1220 5760 1431 5826 dilecte,
1475 5759 1699 5832 idipsutn
1754 5763 1809 5821 in
1860 5764 2132 5825 creatione

1278 306 1335 362 S.
1374 303 1650 361 JOANNlS
1685 298 2161 358 CHRYSOSTOMI
2201 298 2499 355 ARCHIEP
2558 300 3092 359 CONSTANTINOP.

2249 415 2484 470 factum?
2528 417 2678 472 Sicut
2704 420 2845 474 enim
2875 420 3087 487 caelum,
3120 429 3259 477 terra
3280 462 3295 486 ,
3323 420 3405 477 sol
3428 462 3444 488 ,
3478 422 3621 483 luna.
3647 432 3702 479 et
3726 425 3833 479 alia

2241 511 2422 564 omnia
2451 521 2630 566 creata
2659 522 2813 579 sunt,
2843 497 3104 583 brutaque
3128 514 3288 569 etiam
3316 514 3563 569 animalia
3583 555 3601 580 ,
3628 524 3682 571 et
3709 526 3840 586 post

2243 601 2358 655 lucc
2400 602 2581 657 omnia
2622 603 2782 658 homo
2806 644 2822 669 ,
2868 605 2950 658 cui
2981 606 3171 659 horum
3220 605 3458 659 omnium
3505 606 3839 677 principatus

2246 694 2561 751 tribuendus
2590 706 2709 751 erat
2740 714 2754 751 :
2786 697 2853 751 ita
2880 707 2934 751 et
2963 698 3018 751 in
3046 697 3275 752 hominis
3304 696 3623 754 formatione
3649 701 3832 770 primo

2241 801 2438 856 corpus
2463 786 2793 857 producitur,
2823 798 3111 859 posteaque
3139 790 3315 844 anima
3341 805 3460 861 quae
3485 791 3694 863 dignior
3722 801 3839 847 est.

2240 878 2701 945 Quemadmodum
2759 880 2902 934 enim
2969 879 3121 934 bruta
3181 880 3473 949 animalia,
3532 881 3841 938 ministerio

2242 969 2470 1025 hominis
2514 970 2660 1025 utilia
2709 970 2918 1034 futura,
2949 981 3073 1026 ante
3118 970 3386 1027 hominem
3440 982 3727 1038 creantur,
3772 984 3839 1029 ut

2240 1070 2483 1131 paratum
2516 1059 2735 1115 haberet
2765 1062 3114 1117 ministerium
3144 1064 3188 1116 is
3211 1063 3300 1133 qui
3333 1062 3436 1117 illis
3462 1079 3655 1119 usurus
3679 1076 3835 1119 erat:

2239 1154 2316 1208 sic
2340 1163 2394 1208 et
2420 1163 2541 1208 ante
2568 1154 2796 1208 animam
2820 1169 3017 1225 corpus
3043 1166 3256 1209 creatur
3276 1196 3292 1220 ,
3342 1166 3398 1209 ut
3426 1165 3705 1226 postquam
3746 1170 3842 1210 se-

2240 1245 2471 1300 cundum
2518 1244 2833 1301 ineffabilem
2862 1246 2977 1316 ejus
3024 1248 3340 1316 sapientiam
3368 1249 3543 1303 anima
3571 1248 3837 1318 producta

2240 1346 2417 1403 easet,
2462 1346 2645 1407 posset
2686 1353 2810 1393 suas
2848 1340 3189 1409 Operationes
3232 1355 3328 1411 per
3361 1342 3603 1411 corporis
3650 1350 3839 1397 motus

2240 1433 2511 1487 exhibere.
2542 1433 2595 1487 8.
2628 1432 2696 1487 Et
2727 1433 3008 1505 plantavit,
3038 1434 3205 1505 inquit
3230 1479 3244 1499 ,
3274 1435 3412 1491 Deus
3456 1438 3751 1507 paradisum
3779 1441 3839 1493 in

2241 1525 2403 1580 Edam
2417 1527 2479 1580 ab
2508 1528 2716 1593 oriente,
2736 1538 2783 1583 et
2809 1529 2973 1597 posuit
2993 1529 3097 1582 illic
3115 1530 3382 1593 hominem,
3408 1546 3551 1599 quem
3574 1532 3835 1601 formavit.

2248 1619 2534 1689 Postquam
2597 1620 2857 1689 benignus
2921 1622 3179 1677 Dominus
3235 1623 3615 1693 benignitatem
3678 1638 3838 1678 suam

2240 1712 2508 1778 ostendit,
2538 1722 2591 1767 et
2618 1713 2767 1768 illum
2792 1713 2944 1781 cujus
2982 1728 3140 1768 causa
3171 1716 3348 1769 omnia
3376 1724 3666 1781 creaverat,
3699 1731 3836 1786 pro-

2239 1802 2391 1857 duxit
2417 1804 2468 1858 in
2506 1802 2761 1869 medium,
2785 1804 2963 1859 statim
2994 1804 3177 1874 incipit
3201 1820 3293 1860 sua
3342 1806 3395 1860 in
3442 1807 3588 1861 illum
3618 1807 3835 1862 beneﬁ—

2240 1894 2320 1947 cia
2356 1893 2622 1948 conferre.
2682 1892 2751 1947 Et
2798 1895 3061 1963 plantavit,
3116 1894 3306 1966 inquit.
3359 1895 3492 1950 Deus
3535 1897 3839 1968 paradisum

2237 1984 2293 2039 in
2335 1985 2495 2039 Iidem
2522 1987 2585 2039 ab
2623 1986 2830 2040 oriente.
2862 1985 2961 2040 llic
3011 1986 3139 2041 mibi
3165 2028 3182 2054 ,
3235 1987 3429 2044 dilecte
3452 2029 3467 2053 ,
3503 1988 3788 2043 considera
3814 2030 3833 2053 ,

2239 2076 2380 2147 quod
2408 2078 2507 2133 nisi
2543 2094 2606 2131 ea
2633 2080 2793 2133 verba
2820 2092 2878 2135 ut
2907 2080 2975 2136 de
3025 2079 3133 2135 Deo
3162 2096 3260 2149 par
3286 2089 3401 2144 est,
3454 2082 3784 2151 accipiamus
3816 2124 3833 2143 ,

2239 2183 2459 2224 necesse
2504 2170 2575 2224 sit
2625 2179 2681 2224 ut
2732 2171 2784 2225 in
2831 2172 3182 2243 prmeipitium
3236 2188 3472 2226 ruamus.
3521 2174 3649 2227 Nam
3698 2175 3836 2243 quid

2239 2262 2469 2317 dixerint
2506 2261 2573 2316 de
2611 2263 2756 2317 dicto
2789 2265 3090 2334 hujusmodi
3124 2266 3227 2329 illi,
3263 2267 3351 2334 qui
3380 2268 3556 2321 omnia
3602 2266 3670 2320 de
3718 2267 3834 2321 Deo

2238 2354 2376 2411 dicta
2429 2357 2660 2413 humano
2689 2358 2929 2427 accipere
2982 2374 3130 2413 more
3172 2359 3410 2419 audent?
3467 2359 3531 2413 Et
3579 2362 3839 2429 plantavit

2240 2449 2375 2503 Deus
2398 2492 2412 2514 ,
2442 2452 2650 2521 inquit,
2684 2453 3001 2522 paradisum.
3034 2452 3167 2519 Quid
3193 2494 3207 2517 ,
3241 2453 3463 2519 quaeso?
3491 2468 3616 2506 num
3647 2455 3833 2524 ligone

2239 2554 2373 2609 opus
2414 2541 2595 2596 habuit
2632 2552 2687 2597 et
2724 2544 3043 2613 agricultura
3070 2545 3282 2613 aliaque
3309 2558 3434 2598 cura
3464 2586 3477 2606 ,
3510 2556 3568 2598 nt
3611 2547 3833 2613 paradi-

2239 2650 2355 2686 sum
2386 2636 2720 2689 exornaret?
2767 2636 2937 2690 Absit.
2971 2635 3164 2690 lterum
3194 2636 3337 2689 enim
3374 2637 3532 2690 etiam
3572 2636 3673 2692 hoc
3702 2638 3831 2693 loco

2240 2725 2395 2789 illud,
2428 2725 2691 2781 Plantavit
2716 2769 2730 2793 ,
2760 2729 2838 2782 sic
2882 2727 3285 2797 intelligendum
3307 2768 3321 2791 ,
3366 2728 3569 2782 scilicet
3607 2730 3780 2799 ipsum
3809 2770 3827 2794 ,

2240 2816 2561 2885 imperasse,
2590 2826 2648 2871 ut
2673 2817 2947 2889 paradisus
2978 2818 3029 2871 in
3062 2827 3201 2872 terra
3226 2818 3379 2873 fieret
3401 2858 3418 2884 ,
3449 2829 3507 2872 ut
3534 2819 3833 2887 productus

2239 2903 2400 2959 homo
2422 2906 2475 2960 in
2500 2921 2566 2961 eo
2588 2916 2913 2962 versaretur.
2940 2906 3091 2974 Quod
3112 2916 3289 2961 autem
3315 2918 3533 2977 propter
3550 2908 3827 2963 hominem

2240 2998 2538 3066 paradisum
2581 2999 2954 3065 adornaverit,
2984 3000 3105 3053 audi
3150 3000 3479 3069 Scripturam
3510 2999 3778 3056 dicentem
3814 3020 3829 3055 :

2240 3086 2305 3141 Et
2354 3090 2599 3158 plantavit
2628 3087 2769 3143 Deus
2812 3090 3107 3158 paradisum
3145 3091 3199 3143 in
3238 3090 3401 3144 Edem
3430 3092 3493 3145 ab
3520 3092 3714 3146 oriente
3733 3134 3750 3159 ,
3777 3103 3834 3146 et

2238 3182 2401 3251 posuit
2442 3182 2547 3235 illic
2574 3183 2858 3249 hominem,
2904 3200 3053 3253 quem
3080 3186 3333 3255 formavit.

2308 3272 2495 3327 Contra
2524 3289 2606 3327 eos
2627 3275 2713 3343 qui
2738 3273 2965 3327 dicebant
2992 3274 3302 3330 Paradisum
3326 3292 3427 3330 non
3451 3277 3626 3332 essein
3650 3286 3791 3331 terra
3808 3317 3825 3331 .

2237 3395 2306 3406 -—
2324 3364 2448 3419 Ideo
2475 3367 2639 3419 etiam
2670 3366 2769 3420 loci
2798 3381 2990 3421 nomen
3014 3365 3169 3422 aﬂ‘ert
3192 3367 3399 3439 Moyses
3428 3370 3479 3422 in
3508 3369 3827 3439 Scripturis,

2238 3465 2296 3510 ut
2328 3472 2397 3511 ne
2435 3457 2619 3512 liceret
2657 3455 2853 3513 frustra
2884 3459 3069 3528 nugari
3098 3460 3397 3516 volentibus
3437 3461 3828 3531 simplicioruut

2236 3549 2453 3603 auribus
2503 3549 2814 3619 imponere,
2869 3550 3191 3621 dicereque,
3244 3566 3349 3605 non
3400 3566 3519 3608 esse
3572 3554 3623 3607 in
3682 3565 3831 3611 terra

2239 3641 2579 3708 paradisum,
2640 3641 2735 3695 sed
2792 3642 2845 3695 in
2897 3643 3073 3706 czelo,
3145 3652 3200 3697 et
3260 3644 3465 3699 fabulas
3519 3645 3829 3715 hujusmodi

2237 3736 2524 3788 somniare.
2557 3734 2689 3788 Nam
2741 3735 2785 3788 si
2829 3749 2949 3788 cum
2995 3735 3176 3789 divina
3228 3736 3502 3807 Scriptura
3554 3748 3700 3794 tanta
3733 3756 3833 3795 usa

2238 3822 2308 3876 sit
2356 3824 2643 3878 verborum
2696 3826 3076 3890 accuratione,
3130 3843 3236 3882 non
3286 3827 3596 3883 dubitarunt
3643 3839 3831 3886 tamen

2236 3913 2449 3982 quidam
2470 3912 2537 3969 de
2558 3914 2799 3969 facundia
2822 3930 2918 3970 sua
2940 3958 2955 3983 ,
2985 3932 3191 3973 necnon
3221 3918 3289 3974 de
3320 3920 3649 3989 philosophia
3689 3938 3832 3977 exo-

2238 4008 2340 4060 tica
2384 4006 2549 4061 altum
2590 4008 2891 4078 sapientes,
2942 4010 3162 4065 adversa
3202 4011 3490 4081 Scripturis
3534 4014 3715 4083 loqui,
3772 4026 3835 4070 et

2236 4099 2415 4157 dicere
2442 4100 2744 4171 paradisum
2786 4103 2838 4157 in
2880 4111 3026 4158 terra
3067 4120 3171 4159 non
3200 4120 3359 4171 esse,
3403 4106 3671 4177 multaque
3720 4107 3831 4164 alia

2236 4205 2432 4264 praeter
2454 4209 2515 4248 ea
2546 4208 2667 4264 qua:
2691 4194 2831 4250 dicta
2860 4206 2983 4250 sunt
3012 4196 3348 4267 adoptantes,
3374 4208 3559 4252 contra
3582 4198 3833 4267 Scriptu-

2236 4304 2351 4343 ram
2392 4290 2630 4357 sentire;
2676 4300 2731 4345 et
2773 4291 3056 4346 adversam
3106 4303 3287 4347 tenere
3331 4294 3505 4354 viam.
3557 4302 3718 4363 atque
3763 4310 3831 4349 ea

2237 4398 2355 4451 quae
2384 4382 2452 4437 de
2478 4392 2618 4438 terra
2646 4384 2783 4438 dicta
2811 4393 2962 4449 sunt,
3003 4384 3071 4439 de
3104 4385 3253 4440 carlis
3282 4385 3421 4441 dicta
3460 4396 3685 4457 putare;
3722 4388 3831 4443 nisi

2238 4472 2427 4528 humili
2476 4475 2561 4528 illa
2604 4484 2660 4530 et
2706 4484 3054 4545 attemperata
3105 4477 3387 4532 verborum
3441 4479 3645 4533 ratione
3694 4494 3832 4534 usus

2237 4568 2445 4637 Moyses
2471 4576 2634 4633 esset,
2655 4567 2854 4637 Spiritu
2892 4578 3077 4623 sancto
3115 4569 3347 4637 linguam
3389 4568 3503 4639 ejus
3528 4580 3786 4625 movente
3805 4613 3828 4638 ,

2237 4675 2344 4731 quo
2387 4676 2497 4715 non
2536 4661 2772 4716 devoluti
2805 4669 3022 4727 essent,
3067 4663 3307 4731 quamvis
3347 4661 3618 4729 Scriptura
3667 4678 3828 4717 sacra

2236 4767 2355 4807 eum
2386 4767 2485 4807 nos
2524 4753 2627 4808 tale
2665 4752 2933 4823 quidpiam
2963 4753 3156 4808 docere
3199 4753 3341 4819 vult,
3373 4755 3604 4823 seipsam
3654 4758 3831 4810 inter-

2240 4856 2479 4916 pretetur
2500 4889 2516 4913 ,
2561 4856 2617 4901 et
2653 4847 2951 4901 auditorem
2981 4861 3163 4901 errare
3193 4862 3300 4901 non
3328 4848 3504 4901 sinat?
3548 4846 3653 4902 Sed
3684 4863 3832 4917 quo-

2239 4942 2381 4993 niam
2409 4937 2560 4993 multi
2591 4953 2696 4992 non
2729 4947 2786 4991 ut
2810 4937 3078 5007 quidpiam
3107 4937 3239 4992 lucri
3270 4953 3337 4992 ex
3362 4938 3556 4993 divinis
3580 4938 3831 5008 Scriptu-

2238 5030 2314 5086 ris
2361 5030 2652 5096 demetant,
2684 5030 2778 5085 sed
2816 5030 3101 5100 voluptatis
3135 5031 3325 5101 gratia,
3352 5047 3508 5085 aures
3536 5030 3695 5085 dictis
3722 5031 3827 5085 ad—

2240 5120 2457 5176 hibent:
2490 5120 2610 5175 ideo
2648 5135 2755 5175 non
2796 5120 2860 5175 iis
2899 5121 2989 5191 qui
3030 5128 3289 5190 prosunt,
3332 5121 3425 5176 sed
3452 5121 3515 5176 iis
3543 5122 3629 5191 qui
3652 5122 3829 5192 magis

2238 5212 2507 5267 oblectant
2534 5211 2836 5265 attendunt.
2869 5210 3225 5278 Quamobrem
3266 5211 3488 5267 obsecro
3510 5252 3527 5277 ,
3558 5219 3615 5265 ut
3641 5215 3829 5267 omni-

2239 5304 2337 5360 bus
2384 5304 2490 5359 illis
2530 5318 2689 5359 aures
2732 5303 3063 5369 obturantes,
3094 5318 3262 5358 sacrae
3294 5303 3583 5372 Scriptura:
3625 5306 3828 5362 canoni

2238 5397 2613 5467 obsequamur.
2642 5397 2718 5451 Ac
2741 5410 2864 5451 cum
2888 5396 3141 5463 audieris,
3164 5396 3378 5463 dilecte,
3402 5397 3545 5453 Deus
3562 5398 3833 5469 plantavit

2240 5487 2542 5559 paradisum
2568 5487 2620 5542 in
2649 5487 2859 5543 oriente
2886 5503 2901 5552 ;
2933 5486 3062 5542 illud
3087 5529 3103 5553 ,
3136 5486 3395 5542 Plantavit
3417 5530 3433 5555 ,
3464 5498 3524 5543 ut
3548 5488 3659 5546 Deo
3687 5506 3828 5547 eon-

2238 5577 2385 5633 venit
2424 5577 2693 5647 intelligo,
2724 5592 2921 5649 nempe
2946 5578 3087 5649 quod
3130 5580 3480 5650 praeceperit;
3505 5581 3647 5653 quod
3691 5598 3828 5638 vero

2239 5672 2476 5744 sequitur
2499 5673 2681 5742 crede,
2711 5674 2963 5731 nimirum
3006 5675 3307 5746 paradisum
3349 5676 3544 5733 factum
3568 5690 3692 5734 esse
3712 5717 3731 5740 ,
3768 5687 3830 5732 es

2242 5767 2298 5826 in
2324 5769 2418 5826 illo
2458 5769 2608 5838 loco,
2654 5767 2744 5826 ubi
2789 5766 3063 5840 Scriptura
3109 5784 3263 5828 sacra
3312 5769 3648 5844 signiﬁcavit.
3704 5768 3825 5825 Non
