4038 6394
276 298 382 356 169

282 414 474 484 Γραφῇ
514 414 807 483 κειμένοις,
830 412 944 467 ἀλλ’
965 414 1127 483 ἔτερα
1163 416 1475 482 ἐπεισάγειν
1514 416 1573 480 ἐξ
1607 416 1814 483 οἰκείας
1843 414 1956 467 δια-

286 500 451 564 νοίας,
473 501 643 554 πολύν
680 501 921 573 ἠγοῦμαι
960 503 1204 555 κίνδυνον
1246 504 1433 575 φέρειν
1458 509 1571 568 τοῖς
1608 505 1768 558 τοῦτο
1787 506 1961 557 ποιεῖν

283 591 545 661 τολμῶσι.
586 592 697 646 Kal
733 593 899 647 ἔθετο
920 633 937 661 ,
977 594 1141 664 φησὶν
1164 633 1179 659 ,
1219 595 1345 648 ἐκεῖ
1378 597 1484 649 τὸν
1516 596 1849 663 ἄνθρωπον,
1888 594 1961 646 ὃν

284 680 579 736 ἔπλασεν.

327 768 541 839 δ’.Ὄρα
560 769 780 833 εὐθέως,
800 770 974 841 πόσην
990 773 1088 842 τὴν
1106 773 1273 841 τιμὴν
1286 774 1365 835 είς
1387 772 1550 825 αὐτὸν
1570 771 1959 824 ἐπιδείκνυται.

290 855 438 918 Ἔξω
458 856 549 908 τοῦ
573 858 904 927 παραδείσου
922 858 1111 911 τοῦτον
1129 859 1559 930 δημιουργήσας,
1583 860 1784 922 εὐθέως
1804 858 1964 912 αὐτὸν

288 943 652 1014 παραγαγὼν,
676 944 761 996 ἵνα
796 944 885 997 διά
920 946 1028 998 τῶν
1066 948 1407 1017 πραγμάτων
1428 948 1679 1017 αἴσθησιν
1698 946 1847 1016 αὐτῷ
1865 947 1965 1015 τῆς

288 1032 606 1101 εὐεργεσίας
645 1033 925 1103 παράσχῃ,
948 1034 1043 1086 καὶ
1081 1034 1196 1104 γνῷ
1234 1034 1320 1087 διὰ
1342 1036 1448 1087 τῶν
1469 1035 1643 1103 ἔργων
1661 1034 1756 1103 τὴν
1775 1036 1961 1106 τιμὴν,

288 1117 355 1185 ἢν
393 1119 471 1179 είς
511 1120 673 1172 αὐτὸν
707 1120 1096 1179 ἐπιδείκνυται,
1120 1124 1198 1184 είς
1220 1122 1309 1175 τὸν
1330 1122 1654 1190 παράδεισον
1674 1121 1833 1174 αὐτὸν
1853 1124 1965 1173 είσ-

289 1205 486 1271 ήγαγε,
507 1208 617 1261 Kal
639 1206 805 1259 ἔθετο
834 1206 963 1259 ἐκεῖ
980 1208 1088 1261 τὸν
1124 1208 1457 1276 ἄνθρωπον,
1485 1208 1557 1261 ὃν
1579 1211 1831 1263 ἔπλασε.
1856 1210 1966 1262 Καὶ

288 1294 611 1357 τδ,“Ἐθετο,
634 1295 799 1349 πάλιν
836 1296 979 1349 οὕτω
996 1298 1227 1369 νοῶμεν,
1250 1300 1367 1352 ἀντὶ
1386 1300 1481 1352 τοῦ
1508 1300 1832 1371 προσέταξεν
1851 1301 1967 1352 ἐκεῖ

289 1381 453 1433 αὐτὸν
485 1382 713 1450 διάγειν,
742 1385 827 1437 ἵνα
848 1386 939 1438 καὶ
961 1388 993 1456 ή
1014 1386 1136 1455 δψις
1157 1388 1248 1439 καὶ
1272 1388 1302 1455 ή
1324 1387 1566 1457 διαγωγὴ
1588 1389 1787 1457 πολλὴν
1817 1387 1966 1458 αὐτῷ

288 1467 388 1537 τὴν
425 1468 618 1538 ἡδονὴν
653 1470 891 1543 παρέχῃ,
914 1473 1009 1524 καὶ
1029 1475 1108 1536 είς
1129 1474 1478 1543 εὐχαριστίας
1498 1475 1916 1544 εὐγνωμοσύνην
1940 1487 1964 1513 α

289 1554 453 1607 αὐτὸν
484 1554 747 1628 διεγείρῃ,
768 1558 1053 1612 ἐννοοῦντα
1073 1562 1195 1613 ὅσον
1216 1562 1569 1633 εὐεργέτηται
1591 1563 1738 1615 οὐδὲν
1758 1563 1968 1615 οὐδέπω

292 1643 719 1712 ἐπιδειξάμενος.
742 1646 833 1718 Μὴ
854 1647 1033 1700 τοίνυν
1054 1647 1305 1712 ξενιζέτω
1327 1666 1383 1701 σε
1406 1651 1437 1720 η
1460 1650 1551 1702 τοῦ
1577 1652 1781 1703 Ἔϐετο
1802 1650 1965 1714 λέξις·

292 1731 413 1794 ἔθος
432 1732 541 1803 γάρ
562 1735 644 1787 ἀεὶ
662 1736 728 1804 τῇ
751 1735 937 1806 Γραφῇ
958 1736 1023 1788 δι’
1044 1738 1190 1806 ἡμᾶς
1211 1738 1303 1790 καὶ
1321 1738 1419 1807 τὴν
1439 1738 1703 1807 ὠφέλειαν
1724 1740 1820 1809 τὴν
1843 1742 1974 1808 ἠμε-

290 1818 456 1888 τέραν
475 1824 595 1884 ταῖς
615 1821 982 1893 ἀνθρωπίναις
1002 1824 1299 1895 κεχρῆσθαι
1320 1826 1515 1890 λέξεσι.
1536 1828 1643 1880 Καὶ
1664 1827 1749 1880 ἵνα
1774 1828 1968 1897 μάθῃς,

293 1908 395 1977 δρα
437 1909 554 1972 πῶς
588 1911 961 1981 προλαϐοῦσα,
984 1914 1078 1965 καὶ
1100 1914 1191 1965 ἐπὶ
1210 1914 1306 1983 τῆς
1324 1914 1431 1966 τῶν
1453 1914 1695 1985 ἀστέρων
1713 1916 1776 1985 δη
1786 1932 1975 1985 μιουρο

295 1998 417 2067 γίας
438 2001 503 2070 τῇ
528 2000 666 2071 αὐτῇ
688 2000 831 2067 λέξει
852 2000 1120 2072 ἐχρήσατο
1142 2003 1390 2065 εἰποῦσα,
1412 2005 1520 2057 Kal
1552 2005 1717 2057 ἔθετο
1753 2004 1975 2069 αὐτοὺς

294 2087 366 2139 ὲν
405 2086 487 2152 τῷ
527 2088 887 2157 στερεώματι
930 2089 1038 2143 τοῦ
1073 2091 1351 2159 οἰῳανοῦ,
1375 2091 1472 2160 οὐχ
1515 2092 1601 2144 ἴνα
1623 2091 1974 2161 ἐμπεπῆχθαι

295 2178 494 2241 αὐτοὺς
525 2178 604 2248 τῷ
637 2178 852 2250 οὐρανῷ
871 2183 1153 2251 νοήσωμεν
1174 2181 1292 2251 (καὶ
1312 2181 1418 2251 γάρ
1438 2181 1668 2244 ἕκαστος
1690 2182 1865 2234 αὐτῶν
1885 2182 1975 2233 τὸν

295 2269 495 2320 οἰκεῖον
534 2267 733 2339 δρόμον
773 2268 976 2321 διανύει
1017 2270 1215 2331 τόπους
1235 2272 1297 2322 ὲκ
1316 2269 1497 2322 τόπων
1519 2268 1669 2341 [104]
1690 2269 1976 2339 ἀμείϐων),

296 2355 417 2406 ἀλλ’
440 2356 527 2408 ἴνα
547 2355 756 2427 διδάξῃ,
778 2357 861 2409 ὅτι
883 2358 941 2410 ἐν
958 2356 1034 2427 τῷ
1053 2356 1266 2428 οὐρανῷ
1285 2358 1477 2421 αὐτοὺς
1497 2356 1634 2411 εἶναι
1654 2356 1976 2427 προσέταξε,

296 2441 549 2513 καθάπερ
568 2445 769 2497 καὶτὸν
789 2444 1073 2515 ἄνθρωπον
1094 2446 1150 2496 ὲν
1173 2444 1250 2514 τῷ
1272 2446 1583 2516 παραδείσῳ
1602 2445 1829 2514 διάγειν.
1866 2446 1977 2498 'Kal

297 2528 656 2593 ὲξανέτειλε,
689 2532 875 2602 φησιν,
900 2534 933 2584 ὁ
962 2531 1107 2596 Θεὸς
1132 2532 1217 2584 ἐτι
1256 2532 1324 2585 ἐκ
1362 2531 1469 2598 τῆς
1493 2530 1602 2601 γῆς
1634 2531 1757 2586 πᾶν
1790 2532 1982 2596 ξύλον

297 2617 517 2685 ὡραῖον
537 2621 625 2683 εἰς
648 2618 881 2685 ὅρασιν,
905 2619 1005 2672 καί
1029 2620 1224 2673 καλὸν
1250 2623 1333 2685 εἰς
1370 2618 1622 2687 βρῶσιν,
1647 2620 1739 2672 καὶ
1777 2620 1842 2672 τὸ
1879 2620 1982 2683 ξύ-

296 2706 414 2758 λον
434 2702 544 2771 τῆς
563 2703 712 2773 ζωῆς
733 2705 979 2773 ἐνμέσῳ
1004 2706 1110 2758 τοῦ
1134 2706 1501 2773 παραδείσου
1515 2706 1565 2768 ι),
1583 2705 1681 2757 καὶ
1702 2706 1768 2757 τὸ
1791 2706 1984 2768 ξύλον

296 2790 405 2843 τοῦ
425 2790 645 2845 ειδέναι
667 2792 937 2860 γνωστὸν
958 2792 1152 2846 καλοῦ
1175 2794 1270 2845 καί
1297 2792 1584 2860 πονηροῦ.
1605 2792 1733 2844 ’ἰδοὺ
1757 2793 1851 2845 καὶ
1868 2794 1983 2845 ἓτε-

305 2895 396 2949 ρον
415 2879 733 2949 εὐεργεσίας
752 2874 891 2942 εἷδος
912 2880 1072 2933 πάλιν
1093 2880 1178 2932 διά
1199 2879 1296 2951 τὴν
1316 2882 1395 2942 είς
1409 2881 1499 2932 τὸν
1514 2879 1577 2950 δη
1586 2880 1983 2951 μιουργηθέντα

302 2968 490 3039 τιμήν.
509 2967 725 3037 Ἐπειδὴ
743 2969 853 3038 γάρ
874 2968 1036 3020 αὐτὸν
1056 2970 1114 3019 ἐν
1135 2968 1211 3037 τῷ
1232 2968 1542 3037 παραδείσῳ
1586 2967 1791 3035 διάγειν
1828 2967 1985 3019 ἐϐου-

304 3054 467 3127 λήθη,
489 3054 820 3126 προσέταξεν
841 3058 903 3107 ὲκ
937 3057 1034 3124 τῆς
1055 3055 1158 3123 γῆς
1178 3054 1498 3123 ἀναδοθῆναι
1519 3054 1707 3125 δένδρα
1728 3055 1982 3125 διάφορα,

303 3143 441 3213 ὁμοῦ
480 3145 577 3198 καὶ
610 3144 837 3215 τέρπειν
871 3144 1031 3197 αὐτὸν
1051 3143 1323 3213 δυνάμενα
1343 3143 1428 3196 διά
1448 3144 1547 3212 τῆς
1567 3143 1715 3206 θέας,
1737 3144 1829 3196 καὶ
1850 3144 1985 3213 πρὸς

307 3230 512 3301 βρῶσιν
544 3232 844 3300 ἐπιτήδεια.
882 3229 1012 3284 Πιὶν
1040 3232 1151 3299 γὰρ
1190 3231 1400 3296 ξύλον,
1439 3231 1622 3300 φησὶν,
1645 3231 1862 3297 ὡραῖον
1900 3233 1988 3295 εἰς

306 3319 543 3387 ὅρασιν,
584 3317 726 3370 τοῦτ’
750 3317 893 3371 ἐστιν
932 3318 1012 3381 εἰς
1048 3318 1208 3370 θέαν·
1235 3318 1345 3369 Kal
1383 3318 1575 3372 καλὸν
1606 3321 1690 3383 εἰς
1728 3316 1983 3386 βρῶσιν,

305 3402 452 3456 τοῦτ’
474 3402 589 3455 ἐστι
628 3404 720 3455 καὶ
764 3403 1074 3473 εὐφραίνειν
1111 3404 1382 3473 δυνάμενα
1415 3404 1502 3456 διὰ
1538 3405 1637 3473 τῆς
1674 3404 1869 3474 ὅψεως,
1895 3407 1987 3458 καὶ

307 3489 500 3561 ἡδονὴν
522 3490 722 3559 πολλὴν
743 3490 1049 3562 παρέχοντα
1068 3489 1156 3542 διὰ
1174 3490 1273 3560 τῆς
1293 3489 1569 3561 βρώσεως,
1588 3492 1773 3562 καὶτῷ
1793 3492 1987 3563 πλήθει

306 3577 365 3629 δὲ
386 3578 480 3629 καὶ
498 3579 564 3647 τῇ
589 3576 817 3647 ἀφθονίᾳ
839 3574 1036 3647 πολλὴν
1055 3575 1155 3647 τὴν
1174 3576 1512 3647 εὐφροσύνην
1530 3578 1888 3648 προξενοῦντα
1911 3579 1989 3649 τῷ

312 3662 559 3731 μέλλοντι
589 3662 792 3715 τούτων
828 3659 1144 3717 ἀπολαύειν.
1163 3658 1290 3719 Πᾶν
1302 3665 1597 3739 γὰρ,φησὶ,
1615 3661 1825 3726 ξύνιον,
1851 3665 1988 3733 ὅπερ

309 3749 377 3802 ἂν
398 3750 579 3820 εἴπῃς,
603 3748 924 3821 ἀναδοθῆναι
948 3752 1267 3820 πεποίηκεν.
1294 3746 1446 3810 Εἶδες
1466 3750 1743 3820 διαγωγὴν
1763 3751 1987 3804 ἀταλαί-

308 3852 524 3906 πωρον;
546 3830 684 3900 εἶδες
708 3835 820 3905 βίον
842 3834 1185 3905 θαυμαστόν;
1210 3834 1476 3906 Καθάπερ
1496 3837 1604 3905 γάρ
1624 3836 1852 3904 ἄγγελός
1883 3854 1985 3900 τις,

308 3921 483 3985 οὕτως
502 3924 593 3975 ἐπὶ
612 3923 712 3992 τῆς
731 3924 833 3992 γῆς
855 3922 1124 3994 διέτριϐεν
1144 3924 1172 3975 ὀ
1192 3922 1287 3975 ἀνθ
1299 3940 1497 3992 ρωπος,
1524 3924 1681 3993 σῶμα
1705 3924 1802 3994 μὲν
1836 3941 1901 3977 πε
1912 3942 1988 3995 ρι-

311 4009 585 4079 κείμενος,
607 4008 712 4074 ἔξω
730 4010 784 4062 δὲ
805 4009 912 4062 τῶν
933 4009 1261 4079 σωματικῶν
1282 4010 1538 4077 ἀναγκῶν
1572 4012 1874 4079 τυγχάνων,
1897 4012 1991 4064 καὶ

311 4095 563 4167 καθάπερ
604 4095 855 4165 βασιλεὺς
897 4096 1172 4167 ἁλουργίδι
1213 4098 1303 4150 καὶ
1335 4097 1993 4169 διαδήματικεκοσμημέ-

312 4200 422 4249 νος,
446 4182 542 4235 καὶ
574 4183 881 4255 πορφυρίδα
900 4194 921 4221 ο
963 4183 1233 4255 ἀναϐεϐλη
1244 4184 1424 4253 μένος,
1446 4183 1617 4247 οὕτως
1638 4184 1906 4255 ὲνετρύφα
1924 4188 1990 4257 τῇ

310 4269 405 4323 τοῦ
450 4270 777 4340 παραδείσου
817 4271 1059 4341 διαγωγῇ
1105 4272 1243 4342 μετὰ
1282 4272 1463 4335 ἀδείας
1506 4273 1703 4343 πολλὴν
1738 4274 1877 4343 ἔχων
1894 4274 1992 4344 τὴν

312 4354 596 4425 ἀφθονίαν.
618 4355 725 4409 Kal
763 4356 829 4408 τὸ
866 4357 1078 4420 ξύλον,
1102 4358 1255 4427 φησὶ,
1276 4357 1383 4424 τῆς
1407 4358 1555 4427 ζωῆς
1589 4360 1658 4412 ἐν
1692 4360 1860 4429 μέσῳ
1886 4361 1992 4414 τοῦ

312 4442 705 4513 παραδείσου,
722 4444 905 4497 καὶτὸ
932 4444 1121 4509 ξύλον
1146 4446 1251 4499 τοῦ
1273 4446 1495 4499 εἰδέναι
1512 4448 1785 4516 γνωστὸν
1802 4448 1993 4501 καλοῦ

313 4532 410 4585 καὶ
432 4531 721 4599 πονηροῦ.
741 4531 896 4585 Μετά
915 4533 973 4585 τὸ
993 4532 1200 4599 διδάξαι
1220 4535 1388 4603 ἡμᾶς,
1405 4534 1487 4587 ὅτι
1508 4536 1615 4587 πᾶν
1636 4533 1789 4598 ξύλον
1806 4534 1995 4599 ἐξέδω-

313 4636 411 4672 κεν
450 4621 483 4691 ή
527 4619 598 4689 γῆ
636 4619 778 4671 κατά
816 4618 876 4673 τὸ
908 4619 1003 4672 τοῦ
1024 4621 1293 4674 Δεσπότου
1317 4622 1662 4691 πρόσταγμα,
1686 4623 1778 4675 καὶ
1796 4622 1994 4693 ὡραῖον

313 4710 396 4771 εἰς
415 4709 625 4777 ὅρασιν,
648 4707 742 4759 καὶ
764 4707 927 4761 καλὸν
949 4710 1029 4770 εἰς
1050 4707 1272 4778 βρῶσιν,
1297 4710 1417 4762 τότε
1440 4710 1572 4779 φησί
1593 4724 1605 4738 ⁶
1630 4710 1739 4763 Καὶ
1780 4709 1847 4763 τὸ
1887 4710 1991 4774 £15-

312 4800 428 4849 λον
448 4794 559 4863 τῆς
579 4793 727 4863 ζωῆς
747 4796 815 4847 ἐν
834 4795 1000 4864 μέσῳ
1036 4796 1143 4850 τοῦ
1166 4797 1557 4865 παραδείσου,
1578 4798 1677 4850 καὶ
1707 4796 1772 4850 τὸ
1806 4797 1997 4861 ξύλον

313 4882 420 4936 τοῦ
459 4881 678 4936 ειδέναι
716 4882 989 4950 γνωστὸν
1032 4883 1224 4936 καλοῦ
1261 4884 1359 4937 καὶ
1404 4882 1692 4951 πονηροῦ.
1726 4884 1995 4957 Προειδὼς

314 4971 423 5040 γάρ
442 4970 471 5022 ὁ
493 4971 575 5041 φι)
588 4970 874 5040 ἅνθρωπος
893 4970 1189 5040 Δεσπότης,
1212 4971 1285 5033 ώς
1318 4971 1669 5041 δημιουργὸς,
1693 4971 1792 5039 τὴν
1813 4973 1876 5023 ὲκ
1894 4971 1995 5038 τῆς

315 5057 518 5127 πολλῆς
537 5058 720 5121 ἀδείας
744 5057 1046 5127 μέλλουσαν
1075 5057 1171 5109 τοῦ
1204 5059 1395 5131 χρόνου
1418 5058 1698 5127 προϊόντος
1717 5057 1996 5111 τίκτεσθαι

318 5144 542 5214 βλάϐην,
566 5146 735 5216 ἀνῆκε
776 5146 869 5197 καὶ
903 5144 965 5197 τὸ
1003 5144 1157 5207 ξύλον
1176 5146 1271 5213 τῆς
1293 5145 1437 5212 ζωῆς
1458 5147 1514 5197 ἐν
1539 5145 1688 5215 μέσῳ
1706 5145 1800 5197 τοῦ
1821 5162 1999 5215 παρα-

317 5234 518 5298 δείσου,
549 5235 642 5288 καὶ
668 5235 731 5287 τὸ
760 5235 915 5299 ξύλον
956 5234 1050 5287 τοῦ
1093 5235 1289 5287 εἰδέναι
1312 5238 1553 5302 γνωστδν
1578 5233 1743 5287 καλοῦ
1771 5236 1864 5288 καὶ
1897 5252 1996 5287 πο-

318 5321 508 5392 νηροῦ,
534 5323 719 5394 ἐπειδὴ
763 5323 879 5393 μετ’
902 5324 962 5375 οὐ
1009 5323 1145 5375 πολὺ
1192 5322 1373 5391 μέλλει
1411 5322 1513 5393 τὴν
1553 5322 1741 5375 τούτου
1789 5322 1999 5393 ἀποχὴν

320 5408 467 5479 αὐτῷ
508 5410 770 5472 κελεύειν,
804 5413 892 5464 ἵνα
927 5411 1122 5463 εἰδέναι
1173 5410 1293 5481 ἔχῃ,
1335 5412 1415 5463 ὃτι
1458 5411 1635 5482 χάριτι
1679 5410 1773 5463 καὶ
1812 5411 2001 5480 φιλαν-

320 5495 537 5566 θρωπίᾳ
577 5496 717 5566 τὴνά
763 5497 1062 5550 ἀπόλαυσιν
1102 5497 1251 5567 ἔχει,
1299 5497 1394 5549 καὶ
1436 5496 1550 5549 ἔστι
1591 5497 1867 5566 Δεσπότης
1907 5499 2000 5551 καὶ

382 5583 407 5611 ³
436 5584 585 5647 Savil.
603 5590 652 5647 εἰ
672 5582 874 5633 Coislin.
904 5587 968 5640 εἰς
989 5586 1289 5647 εὐχαριστίαν
1314 5587 1395 5647 καὶ
1418 5585 1776 5647 εὐγνωμοσύνην
1823 5585 1996 5637 More].

326 5644 708 5709 glgeﬁypppriag
732 5644 1119 5707 είδγνιομοο-ύνην.⁷
1136 5645 1256 5709 Ibid.
1286 5646 1456 5709 More].
1481 5644 1601 5701 ’πῶς
1621 5647 1933 5709 εύεργέτηται.

322 5703 352 5743 ιι
379 5703 741 5769 κρέξ-υηυς-ἐν
762 5703 894 5769 μέσῳ
914 5708 982 5766 τῷ
1002 5708 1295 5769 παραδείσῳ.
1317 5715 1369 5769 et
1393 5705 1463 5753 sic
1490 5712 1567 5754 ter
1601 5703 1745 5755 infra;
1812 5711 1832 5735 ε
1864 5708 2000 5757 Unus

321 5766 630 5841 πρρφυρίδρμ
704 5765 886 5841 βπιιζ,
911 5765 1132 5841 (Idislili.2
1164 5765 1266 5841 [r93
1287 5768 1368 5841 ali’i
1396 5770 1688 5841 αξξεκχάριξι
1716 5770 1796 5841 καὶ
1818 5774 1996 5841 φιλοτι-

323 5825 534 5891 μία-τήν.
562 5825 735 5891 Morel.
762 5828 917 5891 χάριτι
962 5830 1041 5876 καὶ
1066 5830 1403 5891 φιλανθρωπίᾳ.
1430 5825 1613 5876 Ιὴίάέηἰ
1645 5828 1795 5877 Savil.
1822 5825 1903 5877 καὶ
1924 5833 1995 5879 ὅτι

323 5888 425 5951 ιστί
447 5903 538 5951 τις,
558 5888 789 5951 δεσπότης
812 5888 891 5935 καὶ
919 5888 1215 5951 δημιούργός.
1235 5888 1377 5951 Reg;
1394 5903 1518 5937 unus
1541 5891 1620 5936 καὶ
1654 5890 1725 5937 ὅτι
1764 5892 1997 5951 δεσπότης

326 5949 426 5997 εστὶ
466 5950 547 5996 καὶ
586 5950 699 6004 δημ.
745 5948 919 5998 Morel.
949 5947 1033 5998 κὲὶ
1075 5947 1175 5999 ἐστι
1225 5949 1458 6006 δεσπότης
1502 5952 1581 5998 καὶ
1606 5952 1902 6012 δημιουργός.

1073 297 1129 353 S.
1172 296 1456 353 JOANNIS
1488 294 1985 357 CHRYSOSTOMI
2018 295 2339 364 ARCIIIEP.
2374 298 2923 359 CONSTANTINOP.

3625 296 3755 354 HO

2061 414 2393 487 δημιουργὸς
2414 418 2507 471 καὶ
2526 418 2628 487 τῆς
2648 418 2813 471 αὐτοῦ
2839 416 3072 485 φύσεως,
3100 414 3195 470 καὶ
3218 416 3437 470 πάντων
3456 415 3566 468 τῶν
3588 416 3737 485 δρω-

2064 503 2261 573 μένων.
2279 503 2380 556 Διά
2407 502 2560 556 τοῦτο
2581 505 2678 575 ἤδη
2704 503 2796 556 τοῦ
2822 501 2979 567 ξύλου
3016 502 3113 573 τὴν
3157 504 3377 573 μνήμην
3417 503 3737 572 ἐποιήσατο,

2062 588 2154 637 καὶ
2188 587 2449 655 διηγεῖται
2487 590 2617 659 ἡμῖν
2659 588 2856 658 ἑφεξῆς
2892 587 2998 640 τῶν
3038 586 3299 657 ποταμῶν
3342 588 3410 640 τὰ
3449 587 3697 657 ὀνόματα
3723 622 3741 649 ,

2062 669 2156 721 καί
2193 671 2395 721 τούτων
2443 671 2534 722 τὸν
2588 671 2888 741 ἀφορισμδν
2912 710 2927 734 ,
2964 669 3039 732 ὡς
3074 668 3141 723 ἀν
3179 669 3322 721 εῐποι
3360 686 3481 732 τις,
3521 670 3616 723 καὶ
3652 670 3745 722 ὅτι

2063 752 2120 817 ἐξ
2172 753 2381 805 ἐκείνου
2418 752 2509 805 τοῦ
2550 754 2648 824 τὴν
2684 753 2903 824 ἀρδείαν
2940 754 3017 824 τῷ
3054 752 3366 824 παραδείσῳ
3404 753 3747 823 παρέχοντος

2064 835 2243 903 ἕτεροι
2285 839 2362 899 εἰς
2403 837 2673 908 τέσσαρας
2709 838 2882 907 ἀρχάς
2913 836 3295 907 διαιρεθέντες,
3326 837 3469 890 οὕτω
3515 838 3585 890 τά
3616 838 3747 889 κλί-

2069 935 2214 987 ματα
2250 919 2347 988 τῆς
2394 920 2497 988 γῆς
2540 920 2897 989 διενείμαντο.
2942 919 3079 973 Ἀλλ’
3116 920 3248 982 ίσως
3293 921 3342 972 οί
3386 919 3455 972 τά
3496 920 3605 972 ἀπὸ
3637 920 3748 989 τῆς

2068 1002 2274 1065 οἰκείας
2310 1004 2501 1070 σοφίας
2534 1003 2864 1072 φθέγγεσθαι
2907 1003 3249 1073 βουλόμενοι,
3283 1003 3449 1056 πάλιν
3483 1002 3609 1055 οὐτε
3640 1020 3745 1055 πο-

2064 1086 2271 1153 ταμοὺς
2302 1084 2674 1156 συγχωροῦσιν
2694 1080 2833 1140 εἶναι
2860 1088 2984 1149 τοὺς
3012 1088 3310 1156 ποταμοὺς,
3334 1084 3457 1138 οὔτε
3482 1087 3552 1139 τὰ
3570 1086 3748 1140 ὕδατα

2068 1169 2255 1234 ὕδατα,
2313 1170 2431 1225 ἀλλ’
2479 1169 2665 1243 ἕτερόν
2698 1189 2752 1224 τι
2805 1169 3169 1239 φαντάζεσθαι
3208 1169 3563 1222 ἀναπείθουσι
3611 1170 3747 1231 τοὺς

2066 1254 2333 1306 ἐκδιδόναι
2390 1254 2572 1318 αὐτοῖς
2624 1254 2723 1317 τάς
2762 1252 2930 1316 ἀκοὰς
2966 1253 3338 1323 αἱρουμένους.
3383 1254 3522 1306 Ἀλλ’
3552 1256 3746 1324 ἡμεῖς,

2070 1336 2395 1407 παρακαλῶ,
2423 1338 2628 1391 τούτων
2663 1336 2763 1407 μὲν
2796 1335 2871 1407 μὴ
2908 1334 3263 1406 ἀνεχώμεθα,
3312 1336 3427 1389 ἀλλ’
3453 1336 3747 1408 ἀποφράτ-

2068 1441 2252 1492 τωμεν
2284 1422 2465 1485 αὐτοῖς
2506 1423 2605 1485 τάς
2646 1420 2839 1485 ἀκοὰς,
2865 1419 3180 1490 πειθώμεθα
3201 1420 3257 1473 δὲ
3283 1424 3348 1491 τῇ
3377 1420 3497 1491 θείᾳ
3522 1422 3746 1493 Γραφῇ,

2073 1506 2165 1560 καὶ
2204 1510 2312 1570 τοῖς
2350 1508 2442 1560 ὐπ’
2482 1506 2655 1575 αὐτῆς
2703 1505 3014 1576 εἰρημένοις
3074 1503 3627 1568 κατακολουθοῦντες,
3673 1505 3748 1557 τὰ

2070 1592 2199 1660 ὑγιῆ
2233 1590 2477 1660 δόγματα
2508 1589 2901 1659 σπουδάζωμεν
2931 1587 3345 1641 ὲναποτίθεσθαι
3379 1590 3499 1649 ταῖς
3529 1587 3749 1639 ἑαυτῶν

2067 1672 2289 1742 ψυχαῖς,
2314 1672 2408 1724 καὶ
2442 1672 2578 1742 μετά
2597 1669 2804 1724 τούτων
2857 1670 2947 1724 καὶ
2974 1669 3087 1739 βίου
3120 1668 3402 1740 ἀκρίϐειαν
3436 1668 3750 1721 ἐπιδείκνυ-

2073 1757 2217 1821 σθαι,
2255 1757 2341 1809 ἵνα
2376 1757 2471 1809 καὶ
2520 1759 2548 1809 ὁ
2606 1755 2720 1825 βίος
2755 1756 3007 1824 μαρτυρῇ
3045 1754 3157 1815 τοῖς
3190 1753 3466 1821 δόγμασι,
3526 1754 3621 1805 κς.ιί¹
3676 1752 3749 1804 τὰ

2069 1840 2313 1910 δόγματα
2332 1840 2423 1891 τὸν
2460 1839 2572 1909 βίον
2603 1838 2753 1909 [105]
2807 1836 3245 1906 ἀξιοπιστότερον
3272 1835 3569 1905 ἀποφαίνῃ,
3604 1834 3750 1889 Οὔτε

2071 1923 2180 1993 γὰρ
2208 1923 2303 1974 ὲάν
2326 1922 2540 1993 ἔχωμεν
2564 1922 2812 1990 δόγματα
2850 1922 2947 1990 μὲν
2977 1918 3128 1991 ὀρθὰ.
3176 1919 3290 1987 βίου
3319 1920 3375 1971 δὲ
3409 1919 3706 1988 ἀμελῶμεν
3730 1957 3750 1983 ,

2071 2008 2259 2075 ὄφελος
2289 2009 2418 2077 ἡμῖν
2444 2006 2595 2058 ἔσται
2629 2021 2698 2057 τι·
2732 2004 2857 2056 οὔτε
2888 2003 2983 2055 ὲάν
3017 2003 3130 2072 βίον
3164 2002 3401 2072 ἔχοντες,
3430 2002 3540 2053 τῶν
3565 2002 3752 2073 ὀρθῶν

2072 2090 2357 2160 δογμάτων
2394 2089 2709 2158 ἀμελῶμεν,
2746 2087 3001 2158 κερδᾶναί
3033 2103 3083 2138 τι
3123 2088 3392 2156 χρήσιμον
3454 2087 3550 2138 καὶ
3609 2086 3754 2156 πρὸς

2078 2172 2351 2243 σωτηρίαν
2384 2172 2659 2242 ἡμετέραν
2688 2170 3052 2240 δυνησόμεθα.
3086 2171 3362 2239 Προσήκει
3387 2168 3517 2239 γὰρ,
3550 2171 3597 2222 εί
3622 2169 3754 2238 βου-

2074 2257 2299 2327 λοίμεθα
2354 2256 2447 2308 καὶ
2496 2254 2721 2323 γεέννης
2783 2252 3257 2323 ὲλευθερωθῆναι,
3322 2254 3417 2305 καὶ
3471 2252 3757 2321 βασιλείας

2077 2341 2399 2408 ἐπιτυχεῖν,
2462 2336 2853 2407 ἀμφοτέρωθεν
2904 2335 3247 2405 κοσμεῖσθαι,
3310 2337 3403 2388 καὶ
3461 2336 3758 2406 δογμάτων

2077 2424 2347 2494 ὀρθότητι,
2380 2422 2473 2473 καὶ
2502 2419 2616 2489 βίου
2654 2419 2961 2487 ἐπιμελείᾳ.
2996 2419 3061 2470 Τί
3094 2419 3203 2489 γάρ
3235 2419 3447 2487 ὄφελος,
3482 2419 3603 2471 εἰπέ
3637 2437 3755 2488 μοι,

2078 2506 2292 2578 δένδρου
2323 2509 2401 2569 εἰς
2448 2506 2580 2573 ὕψος
2627 2504 2760 2555 πολὺ
2808 2503 3207 2572 ἐκτεινομένου,
3257 2504 3488 2565 καὶτοῖς
3533 2503 3757 2572 φύλλοις

2079 2592 2357 2661 κομῶντος
2378 2632 2392 2652 ,
2440 2590 2567 2641 ὅταν
2600 2586 2810 2656 καρποῦ
2840 2586 3045 2656 ἔρημον
3077 2583 3147 2657 ᾗ;
3181 2586 3337 2639 Οῦτω
3364 2587 3458 2638 καὶ
3491 2588 3581 2638 τὸν
3612 2588 3756 2658 Χρι-

2081 2675 2291 2727 στιανὸν
2338 2674 2487 2725 οὐδὲν
2518 2672 2723 2740 ὀνίνησι
2757 2672 2823 2723 τά
2868 2670 3004 2741 ὀρθά
3034 2670 3301 2741 δόγματα,
3354 2672 3450 2723 ὲάν
3480 2672 3577 2740 τῆς
3612 2673 3760 2725 κατά

2080 2761 2171 2811 τὸν
2204 2757 2314 2826 βίον
2348 2755 2623 2817 πολιτείας
2651 2754 2846 2831 ἀμελῇ.
2882 2754 2980 2806 Διά
3010 2753 3279 2807 τοῦτοκαὶ
3309 2755 3337 2806 ὁ
3363 2756 3597 2825 Χριστὸς
3629 2758 3760 2817 τούς

2082 2843 2351 2905 τοιούτους
2382 2838 2684 2909 ἐμακάριζε
2730 2839 2903 2905 λέγων
2926 2854 2937 2865 ’
2982 2837 3283 2905 Μακάριος
3304 2841 3336 2891 ὀ
3367 2838 3631 2903 ποιήσας
3657 2838 3761 2891 καὶ

2082 2925 2350 2990 διδάξας.
2374 2924 2486 2993 Τῆς
2506 2926 2614 2993 γάρ
2639 2920 2723 2973 διὰ
2746 2920 2851 2972 τῶν
2881 2920 3053 2986 λόγων
3084 2919 3436 2980 διδασκαλίας
3462 2924 3495 2991 ἡ
3526 2922 3615 2974 διὰ
3647 2922 3762 2973 τῶν

2083 3009 2257 3079 ἔργων
2284 3007 2647 3078 ἀκριϐεστέρα
2700 3005 2795 3056 καὶ
2840 3003 3258 3072 ἀξιοπιστοτέρα
3306 3002 3507 3073 πολλῷ.
3549 3004 3607 3056 Ὀ
3647 3006 3762 3075 γάρ

2081 3092 2318 3153 τοιοῦτος
2347 3092 2439 3142 καὶ
2468 3089 2655 3156 σιγῶν,
2678 3090 2769 3140 καὶ
2800 3088 2874 3158 μὴ
2899 3084 3175 3157 ὁρώμενος
3203 3086 3481 3138 παιδεύειν
3508 3086 3759 3149 δύναται,

2084 3177 2208 3237 τοὺς
2256 3173 2353 3243 μὲν
2396 3172 2483 3225 διὰ
2528 3172 2627 3239 τῆς
2682 3170 2831 3232 θέας,
2881 3171 3007 3231 τοὺς
3051 3168 3108 3221 δὲ
3155 3168 3243 3221 διά
3284 3170 3383 3240 τῆς
3440 3170 3631 3240 ἀκοῆς,
3664 3174 3761 3224 καί

2085 3255 2286 3321 πολλῆς
2317 3250 2723 3304 ἀπαυλαύσεται
2757 3249 2855 3320 τῆς
2890 3248 3040 3319 παρά
3067 3246 3161 3300 τοῦ
3209 3247 3346 3304 Θεοῦ
3396 3250 3633 3314 εὐνοίας.
3694 3251 3760 3304 οὐ

2089 3337 2248 3406 μόνον
2295 3333 2359 3385 δι’
2392 3329 2607 3395 ἑαυτοῦ,
2635 3329 2770 3381 ἀλλὰ
2813 3330 2908 3380 καὶ
2953 3329 3041 3380 διά
3066 3328 3173 3381 τῶν
3202 3330 3281 3391 είς
3312 3329 3473 3383 αὐτὸν
3505 3330 3764 3401 ὁρώντων

2085 3411 2518 3484 παρασκευάζων
2571 3408 2887 3472 δοξάζεσθαι
2937 3407 3029 3459 τὸν
3081 3406 3276 3459 ἑαυτοῦ
3328 3409 3628 3480 Δεσπότην.
3700 3411 3766 3463 Ὀ

2084 3493 2321 3555 τοιοῦτος
2351 3491 2437 3543 διὰ
2469 3488 2675 3559 μυρίων
2704 3486 2986 3555 γλωσσῶν,
3018 3488 3113 3539 καὶ
3126 3486 3212 3538 διὰ
3232 3486 3443 3539 πολλῶν
3474 3492 3767 3560 στομάτων

2084 3574 2181 3635 τὰς
2202 3569 2550 3640 εὐχαριστίας
2581 3568 2675 3620 καὶ
2699 3568 2823 3628 τούς
2852 3564 3054 3634 ὖμνους
3086 3564 3293 3618 ἀνοίσει
3324 3577 3348 3604 θ
3380 3565 3460 3636 τῷ
3485 3569 3594 3620 τῶν
3623 3570 3768 3621 ὅλων

2085 3652 2222 3723 Θεῷ.
2258 3650 2391 3702 Οὐδὲ
2434 3646 2543 3717 γάρ
2571 3648 2620 3698 οἰ
2654 3644 2919 3716 γνώριμοι
2967 3646 3152 3715 μόνον,
3199 3646 3293 3700 καὶ
3345 3648 3621 3718 μάρτυρες
3664 3650 3767 3703 τοῦ

2089 3733 2204 3803 βίου
2237 3730 2409 3791 δντες,
2446 3726 2539 3778 καὶ
2569 3724 2730 3776 αὐτὸν
2760 3724 3132 3793 θαυμάσονται
3168 3726 3259 3777 καὶ
3316 3726 3407 3777 τὸν
3442 3727 3606 3779 αὐτοῦ
3661 3730 3767 3780 Δε-

2088 3810 2312 3877 σπότην,
2375 3805 2509 3858 ἀλλά
2544 3805 2638 3855 καί.
2675 3804 2723 3855 οί
2776 3804 3098 3870 ἀγνοοῦντες
3147 3806 3280 3875 παρ’
3333 3805 3537 3875 ἑτέρων
3590 3814 3773 3862 ταῦτα,

2092 3887 2471 3957 μανθάνοντες,
2503 3884 2595 3934 καὶ
2618 3884 2665 3933 οί
2691 3880 2973 3953 πόρρωθεν
3008 3879 3314 3950 οἰκοῦντες,
3341 3886 3435 3935 καὶ
3467 3886 3517 3935 οἱ
3545 3887 3770 3956 μακρὰν

2088 3965 2461 4037 ἀπῳκισμένοι
2497 3962 2589 4015 καὶ
2619 3962 2678 4013 οὐ
2708 3961 2849 4029 φίλοι
2906 3960 3087 4031 μόνον,
3140 3960 3275 4013 ἀλλά
3314 3962 3408 4014 καὶ
3454 3962 3638 4035 ἐχθροὶ
3681 3967 3772 4016 αἰ-

2088 4048 2439 4117 δεσθήσονται
2482 4042 2581 4111 τῆς
2614 4041 2815 4109 ἀρετῆς
2844 4040 2942 4109 τὴν
2973 4040 3302 4111 ὑπερϐολήν.
3354 4042 3607 4113 Τοσαύτη
3655 4044 3773 4114 γὰρ

2088 4126 2350 4195 ταύτηςή
2388 4122 2561 4192 ἰσχὺς,
2594 4122 2667 4182 ὡς
2711 4120 2807 4172 καὶ
2853 4119 2959 4171 τῶν
3013 4119 3397 4189 πολεμούντων
3450 4122 3586 4193 αὐτῇ
3628 4124 3774 4176 ἀπο..

2091 4207 2348 4277 φράττειν
2377 4203 2445 4255 τὰ
2477 4201 2740 4271 στόματα,
2781 4200 2875 4252 καὶ
2925 4200 3024 4269 τὴν
3064 4198 3313 4266 γλῶτταν
3366 4200 3770 4271 ἐπιστομίζειν.

2090 4286 2201 4338 Καὶ
2233 4284 2421 4352 ῶσπερ
2448 4281 2583 4350 πρὸς
2629 4278 2726 4340 τὰς
2778 4280 3003 4341 ἀκτῖνας
3042 4280 3143 4340 τάς
3174 4278 3405 4349 ἡλιακὰς
3438 4281 3485 4331 οί
3520 4281 3774 4346 ἀσθενεῖς

2088 4366 2189 4427 τάς
2213 4364 2363 4431 δψεις
2389 4360 2704 4428 ἀντιϐλέψαι
2736 4358 2796 4411 οὐ
2826 4357 3118 4427 τολμῶσιν,
3156 4359 3329 4421 οὕτως
3361 4360 3481 4413 οὐδὲ
3502 4361 3639 4431 πρὸς
3669 4363 3779 4433 τὴν

2090 4444 2289 4515 ἀρετὴν
2327 4443 2361 4511 ὴ
2390 4438 2557 4492 κακία
2585 4436 2901 4505 ἀντιϐλέψαι
2922 4438 3208 4515 δυνήσεταί
3239 4456 3390 4500 ποτε,
3428 4440 3563 4494 ἀλλά
3593 4460 3778 4512 παρα-

2092 4512 2355 4594 χωρήσει,
2379 4520 2474 4571 καὶ
2503 4518 2647 4569 νῶτα
2672 4515 2854 4578 δώσει,
2879 4516 2970 4567 καὶ
2999 4516 3094 4586 τὴν
3118 4512 3287 4587 ἧτταν
3317 4518 3664 4589 ὁμολογήσει,
3708 4523 3781 4575 ὀ

2091 4604 2153 4671 δὴ
2180 4600 2271 4653 καὶ
2309 4596 2660 4665 πεπεισμένοι
2696 4594 3053 4664 ἀντεχώμεθα
3084 4596 3185 4664 τῆς
3227 4598 3452 4667 ἀρετῆς,
3502 4600 3595 4651 καὶ
3632 4602 3780 4669 μετὰ

2093 4680 2392 4750 ἀσφαλείας
2411 4678 2503 4730 τὸν
2527 4675 2735 4729 ἑαυτῶν
2764 4674 2874 4744 βίον
2893 4676 3289 4745 οίκονομῶμεν,
3309 4678 3403 4730 καὶ
3419 4678 3528 4732 τῶν
3555 4680 3779 4751 μικρῶν

2094 4764 2185 4815 καὶ
2202 4760 2432 4813 εὐτελῶν
2456 4754 2593 4811 εἶναι
2614 4756 2913 4809 δοκούντων
2940 4758 3161 4827 ἀμαρτη
3169 4758 3354 4825 μάτων
3368 4759 3478 4810 εἴτε
3495 4761 3552 4811 ἐν
3570 4760 3776 4828 λόγοις,

2094 4843 2204 4893 εἴτε
2236 4842 2292 4894 ὲν
2326 4838 2668 4909 πράγμασιν,
2698 4834 2997 4904 ἀπέχεσθαι
3030 4835 3439 4904 σπουδάζωμεν.
3474 4837 3633 4891 Οὕτω
3663 4842 3779 4911 γάρ

2096 4922 2351 4974 οὐδέποτε
2395 4920 2506 4979 τοῖς
2547 4914 2757 4985 μείζοσι
2799 4914 3245 4983 περιπεσούμεθα
3277 4915 3385 4967 τῶν
3432 4918 3776 4987 ἁμαρτημά-

2094 5017 2235 5062 των,
2289 4998 2383 5050 ὲάν
2414 4996 2521 5049 τῶν
2574 4994 2785 5065 μικρῶν
2828 4991 3199 5062 ἀποσχώμεθα
3231 4996 3284 5030 ¹⁶
3316 4997 3408 5047 καὶ
3453 4996 3547 5047 τοῦ
3576 4999 3781 5067 χρόνου

2097 5080 2378 5152 προϊόντος
2400 5075 2742 5147 δυνησόμεθα
2769 5074 2862 5126 καὶ
2898 5074 2998 5140 τῆς
3032 5071 3238 5126 ἀνωθεν
3263 5075 3439 5143 ῥοπῆς
3470 5077 3779 5130 ἀπολαύον-

2094 5150 2186 5222 τες
2232 5161 2331 5229 τῆς
2372 5156 2546 5227 ἀκρας
2601 5155 2801 5225 ἀρετῆς
2844 5150 3220 5214 ἐπιλαϐέσθαι,
3274 5154 3368 5205 καὶ
3403 5155 3501 5223 τὴν
3549 5155 3781 5208 κόλασιν

2097 5240 2382 5306 διαφυγεῖν
2433 5237 2531 5305 τὴν
2580 5233 2974 5303 ἀποκειμένην.
3007 5231 3237 5285 καὶτῶν
3265 5234 3500 5285 αἰωνίων
3550 5234 3784 5301 ἀγαθῶν

2097 5320 2393 5387 ἐπιτυχεῖν,
2430 5318 2455 5356 ⁸
2484 5316 2663 5386 χάριτι
2698 5311 3201 5387 καίλφιλανθρωπίᾳ
3238 5312 3331 5364 τοῦ
3376 5313 3583 5383 Κυρίου
3618 5316 3783 5384 ἡμῶν

2111 5385 2291 5466 Ἰησοῦν
2314 5385 2573 5466 Χριστοῦ,
2606 5393 2723 5463 μεθ’
2749 5385 2813 5444 οὗ
2847 5391 2923 5460 τῷ
2955 5392 3149 5460 Πατρὶ.
3177 5390 3296 5461 ἅμα
3322 5391 3400 5462 τῷ
3432 5393 3575 5462 ἁγίῳ
3608 5394 3785 5447 ιινεύ-

2104 5495 2252 5549 ματι,
2288 5475 2434 5540 δόξα,
2483 5472 2702 5543 κράτος,
2752 5471 2919 5542 τιμὴ,
2966 5468 3061 5522 νῦν
3100 5470 3193 5522 καὶ
3226 5470 3335 5536 ἀεὶ,
3378 5472 3471 5524 καὶ
3521 5475 3603 5534 είς
3650 5475 3786 5536 τοὺς

2100 5558 2301 5617 αἰῶνας
2326 5553 2433 5606 τῶν
2468 5551 2697 5605 αἰώνων.
2743 5552 2936 5621 Ἀμήν.

2168 5643 2404 5695 eCoislin.
2434 5642 2544 5696 τούς
2571 5642 2743 5701 ὕμνους
2764 5640 3000 5702 ἀναφέρει.
3074 5637 3093 5675 ἲ
3120 5638 3255 5687 Colb.
3290 5653 3417 5688 unus
3455 5646 3506 5688 et
3537 5642 3685 5691 Savil.
3731 5646 3785 5692 in

2104 5713 2244 5754 textu
2259 5705 2559 5767 ἀπεχώμεθα.
2584 5702 2731 5767 δειγίι.
2754 5703 3053 5767 inAmarginp.
3071 5702 3240 5767 Mprel.
3258 5709 3305 5767 ιιι
3329 5703 3413 5749 alii
3434 5703 3784 5767 ἀποσχώμεθα.

2111 5770 2134 5807 ε
2165 5763 2757 5827 Ρυεῐγέπιτυχεῖνγρόίίὶιυι·
2803 5765 2852 5811 in
2900 5763 3067 5827 μαι-ιι,
3102 5764 3166 5809 ὠν
3213 5766 3397 5827 γένοιτο
3438 5763 3614 5820 πάντας
3644 5763 3789 5826 ἡμᾶς

2110 5826 2401 5895 ἀπολοῷσαι,
2438 5826 2494 5875 Vin
2528 5826 2702 5874 Μητρὶ.
2745 5839 2883 5895 vero.
2901 5827 2971 5874 ὧν
2994 5826 3196 5895 ,γένοιτο
3240 5826 3420 5895 πάντας
3442 5830 3583 5895 ’ἡμᾶς
3624 5827 3789 5874 ἐπιτυ-

2108 5890 2225 5954 χεῖν.
2250 5888 2349 5936 Sed
2375 5889 2680 5954 ha_ac_,ulpole
2700 5886 2966 5949 superﬂua,
2992 5886 3040 5936 in
3065 5901 3153 5935 sex
3176 5900 3290 5935 mss.
3312 5889 3793 5950 desiderantur,ucc

2114 5949 2242 6001 lécla
2264 5956 2378 5999 sunt
2399 5949 2457 5999 ab
2484 5952 2778 6009 interprete.
