4038 6394
401 321 509 376 I09-

403 435 628 492 credere
656 437 798 493 enim
843 439 911 494 iis
952 455 1070 511 qutr
1101 441 1152 496 in
1179 443 1355 498 divina
1393 445 1668 518 Scriptura
1712 450 1988 507 feruntur.

410 527 506 579 sed
534 527 642 582 alia
679 543 745 584 ex
773 531 987 600 propria
1018 543 1195 588 mente
1235 534 1486 592 inducere
1506 579 1520 601 ,
1569 556 1820 610 magnum
1865 553 1993 612 puto

402 617 699 684 periculum
740 633 928 677 creare
956 622 1080 677 talia
1107 623 1447 682 audentibus.
1477 628 1548 682 Et
1574 632 1773 700 posuit,
1801 633 1990 704 inquit,

398 710 467 763 ibi
515 711 789 778 kontinem,
837 730 984 784 quem
1026 715 1284 785 formavit.

466 804 521 857 4.
547 803 713 871 Vide,
736 817 992 876 quantum
1033 808 1297 868 honorem
1330 815 1510 870 statim
1553 815 1604 870 in
1633 832 1757 872 enm
1796 830 1984 875 contu-

398 894 544 950 lerit.
577 897 712 951 Cum
744 915 866 953 eum
899 909 1049 955 extra
1082 905 1388 972 paradisum
1416 919 1687 977 creasset,
1720 913 1897 967 statim
1929 914 1991 968 il—

396 985 509 1040 lum
535 1002 603 1041 eo
626 987 945 1053 introduxit;
979 1000 1038 1046 ut
1067 1008 1132 1048 ex
1155 994 1319 1051 rebus
1348 998 1478 1067 ipsis
1508 999 1560 1054 in
1593 1000 1838 1058 beneficii
1865 1019 1992 1059 scn-

397 1091 515 1130 sum
559 1080 734 1147 ipsum
777 1080 1106 1152 adduceret,
1145 1094 1206 1140 ut
1244 1088 1408 1144 sciret
1447 1102 1679 1161 quantus
1711 1094 1785 1148 illi
1821 1095 1994 1151 honor

400 1178 547 1222 esset
582 1184 894 1240 concessus,
937 1174 992 1228 in
1026 1177 1330 1246 paradisum
1375 1181 1522 1236 illum
1555 1184 1879 1252 introduxit,
1927 1186 1996 1242 Et

398 1261 565 1330 posuit
582 1261 693 1316 illic
708 1263 980 1334 hominem,
1007 1285 1154 1338 quem
1177 1274 1434 1342 formavit.
1458 1275 1590 1331 lllud
1614 1278 1765 1345 item,
1787 1279 1990 1347 Posuit,

398 1354 478 1410 sic
514 1356 876 1427 intelligamus
923 1375 988 1416 ac
1022 1362 1065 1416 si
1109 1363 1330 1433 diceret,
1378 1370 1632 1440 przecepit
1670 1380 1727 1425 ut
1756 1372 1863 1428 illic
1901 1373 1996 1426 ha-

397 1446 616 1514 bitaret,
649 1458 708 1502 ut
731 1460 788 1504 et
814 1462 1062 1522 aspectus
1097 1465 1152 1510 et
1177 1455 1433 1514 habitatio
1478 1477 1726 1532 magnum
1771 1465 1868 1533 ipsi
1897 1481 1992 1535 pa-

397 1546 546 1592 reret
590 1539 955 1610 voluptatem,
985 1555 1038 1598 et
1068 1559 1190 1600 eum
1217 1547 1282 1602 ad
1321 1551 1518 1618 gratias
1552 1551 1860 1610 referendas
1897 1571 1994 1610 ex-

395 1629 588 1683 citaret
614 1631 936 1700 cogitantem
967 1645 1222 1705 quantum
1251 1639 1495 1696 beneﬁcii
1525 1645 1838 1714 accepisset,
1863 1661 1986 1702 cum

397 1719 633 1774 nondum
666 1722 936 1792 quidpiam
979 1730 1312 1795 praestitisset
1344 1733 1494 1788 boni:
1519 1734 1597 1789 Ne
1638 1736 1798 1807 igitur
1833 1746 1888 1794 te
1929 1739 1985 1794 in

396 1819 675 1878 stuporem
721 1813 923 1883 injiciat
961 1831 1064 1872 vox
1113 1819 1229 1886 illa,
1283 1820 1518 1877 Posuit:
1566 1841 1683 1881 mos
1726 1828 1870 1882 enim
1913 1837 1998 1885 est

395 1904 688 1975 Scriptura:
712 1924 880 1966 sacra:
905 1924 1121 1984 propter
1149 1931 1249 1971 nos
1276 1926 1330 1973 et
1349 1919 1414 1972 ad
1443 1921 1726 1977 utilitatem
1750 1935 1991 1980 nostram

399 1999 652 2056 humanis
679 2004 752 2057 uti
781 2006 985 2062 verbis.
1014 2008 1168 2076 Quod
1198 2021 1256 2065 ut
1280 2012 1490 2068 ediscas
1512 2056 1526 2080 ,
1559 2017 1832 2085 perpende
1861 2033 1993 2088 quo-

400 2090 562 2143 modo
605 2093 783 2161 prius,
814 2110 938 2150 eum
968 2098 1037 2153 de
1075 2101 1350 2157 stellarum
1395 2109 1668 2161 creatione
1709 2119 1992 2179 ageretur,

397 2180 587 2235 eadem
628 2197 721 2236 usa
753 2184 825 2239 sit
863 2201 996 2244 voce
1023 2187 1248 2245 dicens:
1280 2192 1345 2246 Et
1375 2196 1541 2263 posuit
1575 2197 1692 2252 illas
1733 2199 1788 2252 in
1815 2200 1995 2268 ﬁrma—

399 2282 569 2324 mento
611 2273 744 2338 cwli,
782 2290 888 2329 non
928 2286 985 2332 ut
1010 2295 1102 2334 eas
1142 2281 1277 2336 caelo
1319 2285 1510 2341 inlian
1553 2299 1800 2357 putemus
1848 2289 1996 2363 (nam

395 2378 587 2418 earum
628 2365 854 2437 singula:
895 2373 1172 2442 proprium
1219 2391 1435 2432 cursum
1477 2382 1785 2448 coniiciunt,
1819 2385 1994 2441 locum

400 2468 469 2506 cx
505 2455 622 2510 loco
652 2462 966 2528 mutantes),
994 2463 1088 2519 sed
1130 2475 1188 2520 ut
1214 2465 1426 2536 doceat,
1468 2487 1528 2526 se
1557 2473 1662 2528 illis
1701 2484 1757 2530 ut
1781 2476 1832 2530 iu
1861 2479 1996 2532 caelo

399 2556 584 2601 essent
625 2551 981 2622 prmcepisse,
1031 2565 1090 2610 ut
1133 2557 1406 2614 hominem
1449 2565 1612 2632 jussit
1652 2565 1704 2619 in
1750 2569 1996 2636 paradiso

395 2637 616 2709 degere.
652 2642 704 2696 9.
732 2641 800 2697 Et
845 2647 1118 2716 produxit,
1149 2651 1340 2722 inquit,
1383 2652 1525 2710 Deus
1567 2656 1631 2711 de
1670 2668 1806 2712 terra
1846 2677 1996 2716 omne

398 2730 594 2800 lignum
619 2721 892 2803 pulchrum
915 2739 984 2792 ad
1011 2721 1307 2810 videndum,
1337 2756 1382 2799 et
1405 2745 1591 2802 bonum
1617 2750 1684 2803 ad
1707 2751 1956 2806 edendum
1973 2795 1990 2820 ,

403 2836 454 2877 et
483 2824 677 2897 lignum
702 2829 816 2884 uiue
837 2831 892 2885 in
916 2833 1084 2888 medio
1105 2838 1332 2906 paradisi
1360 2849 1407 2894 et
1435 2841 1630 2911 lignum
1649 2845 1718 2898 ad
1735 2847 1996 2902 sciendum

402 2916 593 2970 bonum
616 2927 666 2972 et
689 2921 909 2983 malum.
939 2924 1080 2981 Ecce
1099 2927 1258 2982 aliam
1279 2929 1524 2988 beneﬁcii
1551 2937 1783 3004 speciem
1811 2937 1866 2992 in
1899 2937 1997 2994 ho-

404 3023 592 3063 norem
623 3015 791 3067 creati
833 3015 1084 3074 hominis.
1127 3020 1259 3088 Quia
1289 3024 1432 3078 enim
1473 3027 1621 3082 illum
1664 3031 1716 3084 in
1746 3031 1994 3100 paradiso

403 3105 612 3158 versari
638 3107 887 3174 volebat,
918 3115 1174 3183 praecepit
1206 3131 1276 3170 ex
1312 3106 1452 3173 terra
1493 3123 1714 3178 arbores
1755 3124 1994 3181 diversas

397 3196 551 3262 oriri,
582 3213 702 3267 qua:
749 3200 907 3256 simul
948 3212 1003 3259 et
1044 3217 1264 3276 aSpeetu
1298 3209 1548 3274 jucunda:
1595 3223 1808 3281 essent,
1837 3227 1892 3271 et
1925 3216 1992 3271 ad

398 3289 576 3344 cibum
605 3302 766 3360 apta}.
803 3294 967 3351 Omne
999 3298 1228 3370 lignum;
1248 3302 1436 3373 inquit,
1468 3307 1738 3376 pulchrum
1764 3320 1990 3380 aspectu,

399 3377 456 3432 id
479 3387 582 3446 est,
613 3383 679 3435 ad
709 3388 1106 3455 spectaculum;
1135 3389 1205 3444 Et
1234 3392 1419 3447 bonum
1447 3396 1516 3448 ad
1542 3413 1716 3463 esum;
1744 3377 1994 3456 videlicet

400 3471 565 3540 ligna,
595 3490 714 3543 qua:
747 3480 918 3532 visum
949 3480 1220 3538 oblectare
1247 3496 1498 3554 possent,
1527 3498 1578 3544 et
1609 3505 1704 3546 esu
1745 3507 1990 3563 magnam

400 3565 647 3632 pnebere
677 3570 1034 3639 voluptatem;
1059 3589 1284 3646 quisque
1311 3585 1492 3647 utpote
1513 3582 1675 3634 multa
1703 3593 1758 3637 et
1776 3585 1991 3654 cepiosa

401 3656 628 3710 multam
684 3659 748 3713 iis
795 3676 960 3717 usuro
1010 3676 1260 3734 parerent
1309 3669 1650 3740 voluptatem.
1705 3672 1876 3729 Omne
1922 3675 1990 3729 li-

396 3761 584 3815 gnum,
615 3750 804 3821 inquit,
837 3753 1212 3827 quodcumque
1233 3759 1453 3828 dixeris,
1477 3764 1603 3818 oriri
1630 3766 1858 3820 curavit.
1894 3767 1990 3821 Vi-

398 3839 580 3894 distin‘
598 3842 821 3899 miseria
860 3860 1084 3902 vacuam
1121 3849 1542 3909 habitationem?
1578 3856 1811 3913 vidistin’
1830 3860 1988 3914 vitam

399 3929 750 3987 mirabilem?
780 3933 935 3991 Sicut
957 3939 1178 4009 angelus
1211 3941 1458 4013 quidam,
1489 3949 1803 4004 versabatur
1829 3949 1990 4006 homo

399 4021 454 4074 in
477 4032 641 4090 terra,
663 4041 893 4096 corpore
913 4031 1130 4100 quidem
1153 4035 1399 4101 amictus,
1418 4038 1512 4093 sed
1531 4051 1680 4095 extra
1701 4057 1990 4114 corporeas

400 4115 752 4172 necessitates
781 4121 1107 4178 constitutus
1127 4166 1142 4193 ,
1175 4134 1229 4180 et
1262 4129 1711 4197 quemadmodum
1757 4149 1986 4206 purpura

396 4215 454 4258 et
481 4206 788 4265 diademate
812 4223 1053 4282 ornatus,
1078 4231 1449 4290 purpureaque
1477 4222 1690 4279 indutus
1717 4235 1886 4294 veste,
1913 4229 1991 4284 sic

395 4311 517 4349 cum
551 4299 797 4356 libertate
823 4306 1134 4361 versabatur
1177 4309 1229 4362 in
1264 4312 1498 4381 paradisi
1545 4315 1792 4384 sedibus,
1825 4320 1987 4376 multa

394 4389 638 4458 gaudens
679 4410 858 4449 rerum
916 4400 1091 4468 copia.
1140 4400 1211 4454 Et
1244 4404 1472 4474 lignum,
1520 4407 1724 4479 inquit,
1775 4413 1889 4466 uitta
1934 4414 1988 4467 in

396 4484 561 4538 medio
583 4487 832 4556 paradisi,
865 4501 910 4544 et
927 4493 1121 4562 lignum
1137 4495 1204 4548 ad
1218 4497 1477 4553 sciendum
1497 4501 1680 4556 bonum
1705 4515 1751 4559 et
1773 4507 1984 4560 malum.

397 4573 687 4646 Postquam
714 4595 812 4635 nos
837 4582 1053 4649 docuit,
1089 4596 1287 4644 terram
1314 4606 1474 4648 omne
1504 4594 1706 4666 lignum
1742 4599 1987 4655 emisisse

395 4669 690 4726 secundum
736 4672 949 4731 Domini
993 4690 1356 4750 praeceptum,
1395 4684 1688 4754 jucundum
1743 4690 1895 4758 visu,
1929 4700 1988 4747 et

396 4758 598 4815 bonum
644 4778 763 4830 esu,
794 4773 920 4821 tunc
960 4769 1076 4824 ait:
1109 4769 1177 4824 Et
1202 4773 1396 4844 lignum
1442 4777 1555 4830 vita:
1589 4780 1644 4832 in
1683 4780 1847 4835 medio
1889 4799 1988 4851 pa-

393 4853 555 4907 radisi
576 4896 594 4920 ,
615 4866 662 4910 et
687 4857 883 4927 lignum
915 4861 983 4913 ad
1007 4863 1268 4918 sciendum
1306 4867 1488 4922 bonum
1517 4878 1565 4923 et
1597 4873 1808 4926 malum.
1852 4875 1984 4929 Cum

397 4950 676 5016 prmsciret
715 4955 858 5009 enim
886 4954 1148 5028 benignus
1195 4960 1450 5018 Dominus
1468 5005 1484 5031 ,
1511 4972 1696 5035 utpote
1722 4966 1944 5024 Creator
1964 5011 1982 5038 ,
2009 4959 2012 4961 Α

395 5055 783 5100 nocumentum
825 5062 891 5102 ex
943 5049 1192 5107 libertate
1233 5063 1291 5107 et
1333 5056 1618 5112 securitate
1659 5059 1984 5127 procedente

397 5142 638 5203 tempore
676 5137 961 5204 oriturum,
1010 5143 1260 5212 produxit
1302 5145 1500 5217 lignum
1539 5148 1663 5204 vita:
1713 5150 1766 5203 in
1807 5151 1984 5207 medio

396 5225 650 5294 paradisi,
685 5243 891 5285 necnon
926 5231 1126 5303 lignum
1171 5236 1373 5291 sciendi
1421 5237 1617 5292 bonum
1664 5249 1720 5294 et
1757 5242 1978 5307 malum,

396 5319 520 5386 quia
543 5335 648 5374 non
676 5322 845 5376 multo
873 5333 995 5394 post
1015 5325 1088 5381 ab
1111 5341 1178 5381 eo
1201 5327 1470 5384 abstinere
1494 5330 1737 5399 iussurus
1757 5342 1894 5400 erat,
1926 5346 1985 5390 ut

396 5412 535 5466 scire
583 5425 766 5483 posset
807 5431 868 5472 se
911 5432 978 5473 ex
1015 5421 1180 5490 gratia
1225 5430 1281 5476 et
1306 5422 1672 5494 benignitate‘
1708 5426 1814 5481 illis
1853 5427 1984 5483 l'rui-

407 5510 582 5557 turum
611 5521 753 5572 esse,
783 5523 846 5562 ac
891 5525 951 5565 se
987 5509 1266 5567 Dominum
1293 5523 1348 5569 et
1373 5514 1683 5572 Creatorem
1723 5532 1842 5574 esse
1869 5528 1978 5573 tum

409 5594 548 5650 illius
588 5600 923 5668 substatttim,
957 5611 1065 5658 tum
1102 5605 1338 5661 omnium
1375 5608 1683 5666 visibilium.
1726 5609 1846 5667 Ideo
1869 5611 1983 5681 jam

465 5773 483 5804 ⁸
519 5780 638 5824 Tres
651 5782 780 5840 Mss,
796 5778 1169 5844 magniﬁcentia,
1190 5797 1294 5844 pro,
1318 5783 1620 5844 beniqnitate.

1502 333 1571 390 1N
1605 336 1842 393 CAPJI.
1886 336 2127 396 GENES.
2171 339 2399 401 HOBIIL.
2443 346 2578 404 Xlll‘.

2101 553 2254 608 nobis
2280 555 2519 613 declarat
2538 601 2556 626 ,
2587 561 2907 634 illorumque
2935 579 2992 622 ut
3017 570 3212 626 dixerit
3238 575 3499 645 quispiam
3529 593 3686 648 sepa-

2100 649 2400 716 rationem,
2443 668 2505 708 ac
2543 659 2813 725 quomodo
2857 676 2922 715 ex
2967 662 3057 717 illo
3077 665 3166 734 qui
3215 668 3520 736 paradisum
3569 672 3688 725 irri-

2099 743 2277 811 gabat,
2323 745 2412 800 alii
2459 746 2512 802 in
2541 759 2769 818 quatuor
2810 756 2980 824 capita
3019 757 3196 823 divisi,
3237 761 3453 817 climata
3495 764 3683 820 distin-

2098 845 2345 902 guerent.
2370 838 2567 894 Verum
2595 842 2729 898 forte
2756 845 2789 898 ii
2811 847 2898 914 qni
2923 862 2988 902 ex
3014 852 3224 919 propria
3251 853 3509 921 sapientia
3540 855 3681 927 loqui

2099 933 2318 992 “olunt,
2366 928 2585 985 ﬂumina
2638 934 2724 988 illa
2779 953 2882 990 non
2935 941 3237 996 concedunt
3274 957 3394 999 esse
3432 944 3683 1012 ﬂumina,

2100 1035 2271 1089 neque
2299 1037 2464 1092 aquas
2488 1023 2724 1082 fatentur
2743 1044 2865 1084 esse
2885 1045 3048 1101 aquas
3067 1073 3082 1100 ,
3113 1034 3206 1089 sed
3235 1035 3380 1092 aliud
3407 1040 3683 1110 imagiuari

2099 1115 2325 1171 suadent
2365 1118 2431 1174 iis
2459 1121 2548 1190 qui
2591 1121 2690 1175 sibi
2730 1137 2888 1178 aures
2926 1127 3330 1184 accommodare
3374 1131 3577 1186 volunt.
3617 1136 3688 1187 At

2100 1221 2232 1272 nos,
2264 1209 2507 1274 obsecro,
2553 1211 2856 1282 huiusmodi
2904 1214 3149 1272 homines
3188 1235 3256 1274 ne
3296 1220 3564 1290 feramus,
3590 1223 3684 1278 sed

2099 1300 2440 1356 obstruamus
2488 1301 2702 1359 illorum
2741 1304 2897 1360 dictis
2942 1323 3121 1375 aures,
3169 1311 3450 1368 credamus
3487 1315 3681 1370 divinae

2099 1390 2414 1462 Scriptum,
2445 1403 2605 1466 atque
2626 1413 2686 1451 ca
2729 1413 2850 1468 qua:
2889 1398 2940 1453 in
2969 1400 3058 1455 illa
3106 1401 3355 1458 dicuntur
3393 1415 3682 1473 sectantes,

2100 1499 2282 1539 Sanam
2322 1486 2621 1544 doctrinam
2665 1490 2718 1543 in
2761 1491 2956 1546 animis
3002 1495 3201 1548 nostris
3240 1511 3504 1566 reponere
3543 1509 3685 1553 sata-
3731 1517 3734 1520 ‘

2097 1593 2304 1646 gamus,
2333 1578 2658 1651 insuperque
2681 1581 2843 1638 vitam
2866 1584 3522 1657 diligenterinstituamus,
3552 1601 3606 1644 ut
3631 1587 3684 1645 et

2097 1667 2212 1737 ipsa
2257 1670 2364 1724 vita
2409 1672 2480 1725 sit
2520 1670 2781 1729 doctrinte
2826 1675 3085 1742 testis,et
3127 1677 3375 1748 dogmata
3422 1679 3536 1749 ipsa
3562 1683 3684 1736 vitze

2100 1761 2259 1816 ﬁdem
2291 1762 2503 1819 faciant.
2533 1764 2666 1820 Nam
2705 1770 2751 1822 si
2796 1767 3041 1840 dogmata
3073 1771 3287 1840 quidem
3325 1785 3469 1828 recta
3501 1784 3684 1830 tenea—

2099 1868 2236 1918 mus,
2269 1855 2538 1926 vitamque
2560 1867 2736 1914 tamen
2767 1860 3116 1930 negligamus,
3146 1863 3275 1917 nihil
3300 1864 3348 1919 id
3379 1866 3531 1920 nobis
3562 1883 3683 1936 pro-

2100 1948 2273 2013 derit;
2301 1949 2606 2020 pariterque
2637 1951 2682 2005 si
2714 1951 2836 2006 vita:
2858 1967 3040 2008 curam
3069 1955 3380 2021 habeamus,
3412 1967 3682 2013 rectorum

2103 2049 2280 2095 autem
2304 2041 2609 2111 dogmatum
2648 2045 2867 2100 minime
2886 2087 2904 2115 ,
2935 2047 3067 2102 nihil
3096 2048 3162 2102 ad
3192 2049 3418 2106 salutem
3446 2061 3680 2106 nostram

2101 2133 2226 2187 utile
2255 2133 2446 2190 lucrari
2479 2136 2790 2204 poterimus.
2829 2138 2930 2193 Par
2956 2149 3038 2195 est
3081 2141 3246 2206 enim,
3283 2141 3328 2196 si
3360 2143 3683 2197 voluerimus

2099 2237 2154 2281 et
2181 2241 2210 2280 a
2252 2229 2492 2297 gehenna
2521 2230 2766 2296 liberari,
2794 2241 2848 2286 et
2873 2247 3094 2304 regnum
3139 2235 3426 2304 consequi,
3458 2244 3683 2306 utroque

2100 2319 2298 2385 ornari,
2341 2329 2395 2374 et
2424 2321 2573 2374 sanis
2609 2320 2968 2391 dogmatibus,
2997 2333 3050 2378 et
3080 2323 3201 2378 vitae
3238 2339 3386 2378 cura.
3419 2326 3548 2392 Qua:
3575 2326 3682 2380 uti-

2100 2411 2240 2476 litas,
2265 2427 2468 2480 quaeso,
2497 2413 2704 2470 arboris
2726 2415 2977 2484 prmalta',
3003 2427 3056 2470 et
3082 2414 3226 2472 foliis
3253 2419 3542 2486 vernantis,
3565 2435 3684 2489 qua:

2099 2499 2359 2558 fructibus
2388 2518 2553 2558 vacua
2596 2505 2704 2558 sit?
2736 2505 2824 2560 Sic
2849 2515 2902 2561 et
2942 2505 3246 2562 Christiano
3289 2507 3419 2562 nihil
3463 2519 3683 2577 prosunt

2100 2606 2243 2648 recta
2296 2595 2582 2666 dogmata,
2639 2598 2684 2653 si
2731 2599 2854 2653 vit-.e
2915 2599 3209 2654 institutum
3259 2601 3506 2672 negligat.
3558 2601 3685 2657 Ideo

2097 2687 2345 2743 Christus
2397 2690 2529 2744 tales
2568 2691 2811 2747 homines
2846 2693 3031 2748 beatos
3068 2693 3319 2749 diccbat:
3369 2693 3558 2750 Beatus
3597 2698 3683 2767 qui

2098 2781 2289 2850 fecerit,
2319 2790 2364 2834 et
2385 2781 2610 2836 docuerit
2639 2782 2852 2856 (Matth.
2881 2785 2935 2838 5.
2967 2784 3080 2858 19).
3111 2786 3241 2841 Nam
3272 2788 3512 2843 doctrina
3547 2805 3681 2859 ope-

2099 2888 2215 2925 rum
2246 2873 2399 2944 longe
2437 2876 2737 2930 accuratior
2775 2885 2831 2930 et
2873 2876 2977 2932 ﬁde
3005 2876 3216 2948 dignior
3241 2888 3359 2946 est,
3389 2895 3551 2950 quam
3583 2881 3681 2935 do-

2098 2963 2268 3017 ctrina
2300 2965 2582 3020 verborum
2611 2985 2625 3018 :
2658 2967 2857 3022 etenim
2882 2968 2971 3036 qui
3000 2970 3138 3024 bene
3180 2970 3317 3039 agit,
3343 2971 3553 3026 etiamsi
3599 2982 3682 3025 ta.

2099 3064 2240 3117 ceat.
2262 3072 2359 3111 nec
2380 3057 2642 3125 videatur,
2672 3059 2952 3116 instituere
2979 3070 3174 3131 potest,
3199 3061 3332 3117 alios
3357 3065 3561 3120 scilicet
3588 3079 3682 3134 per

2097 3149 2439 3218 adSpectum,
2473 3151 2606 3205 alios
2648 3167 2744 3222 per
2772 3168 2962 3219 aures;
3008 3155 3226 3226 ipseque
3268 3157 3433 3212 multa
3477 3157 3566 3212 Dei
3589 3157 3683 3214 be-

2099 3242 2400 3297 nevolentia
2445 3242 2670 3308 fruetur,
2709 3245 2836 3300 dum
2868 3245 2919 3302 id
2958 3247 3119 3302 cllicit
3144 3259 3201 3303 ut
3251 3264 3355 3303 non
3384 3249 3542 3304 modo
3585 3265 3682 3321 per

2097 3333 2366 3403 seipsum,
2412 3335 2506 3389 sed
2561 3337 2720 3391 etiam
2766 3353 2860 3408 per
2902 3353 2996 3394 eos
3035 3340 3123 3410 qui
3175 3338 3349 3410 ipsum
3389 3341 3682 3411 reSpieiunt

2099 3425 2356 3481 Dominus
2398 3441 2527 3482 suus
2567 3429 2886 3485 celebretur.
2925 3430 3023 3496 Qui
3079 3430 3383 3501 hujusmodi
3422 3442 3533 3494 est,
3586 3447 3682 3502 per

2097 3529 2378 3574 sexcentos
2409 3521 2616 3591 linguas
2642 3531 2696 3577 et
2723 3539 2818 3592 per
2857 3525 3018 3579 multa
3052 3539 3144 3578 ora
3183 3526 3380 3594 gratias
3414 3535 3468 3579 et
3497 3526 3682 3581 Iaudes

2095 3609 2282 3665 offeret
2306 3613 2675 3667 universorum
2701 3616 2830 3669 Deo.
2855 3615 3036 3685 Neque
3062 3617 3203 3670 enim
3228 3617 3338 3672 noti
3359 3617 3530 3673 solum
3558 3619 3680 3672 vita:

2098 3702 2236 3756 illius
2264 3712 2449 3770 testes,
2478 3713 2532 3760 et
2559 3705 2706 3760 illum
2737 3715 2790 3761 et
2813 3707 2978 3776 ipsius
3007 3707 3289 3762 Dominum
3322 3709 3676 3771 admirantur,

2095 3793 2190 3848 sed
2216 3794 2378 3848 etiam
2407 3810 2509 3850 non
2540 3797 2653 3850 noti
2679 3797 2747 3852 ab
2776 3797 2894 3852 aliis
2922 3798 3210 3866 discentes,
3239 3809 3347 3853 tum
3375 3801 3463 3870 qui
3497 3801 3679 3869 procul

2097 3883 2372 3952 habitant,
2400 3895 2456 3941 et
2482 3887 2642 3958 longo
2679 3888 2961 3945 intervallo
2997 3889 3168 3945 dissiti
3198 3900 3344 3956 sunt,
3384 3905 3490 3944 non
3522 3891 3676 3945 amici

2097 3977 2276 4044 modo,
2303 3979 2396 4034 sed
2433 3980 2592 4033 etiam
2632 3979 2866 4046 inimici,
2898 3981 3109 4036 virtutis
3148 3983 3491 4037 eminentiam
3523 3997 3678 4037 reve-

2097 4071 2372 4125 rebuntur.
2400 4070 2572 4127 Tanta
2595 4071 2789 4142 quippe
2808 4082 2892 4128 est
2916 4072 3055 4127 illius
3085 4073 3281 4142 virtus,
3306 4080 3366 4128 ut
3389 4074 3550 4128 etiam
3575 4088 3676 4141 0p-

2095 4164 2439 4232 pugnantium
2485 4178 2545 4219 se
2569 4180 2662 4219 ora
2705 4165 2946 4220 obstruat
2977 4174 3033 4220 et
3073 4165 3304 4237 linguam
3348 4177 3674 4236 compescat.

2093 4256 2172 4309 Ac
2200 4255 2647 4324 quemadmodum
2684 4258 2888 4313 solares
2924 4258 3101 4314 radios
3139 4259 3334 4312 ialirmi
3370 4259 3540 4313 oculis
3575 4260 3674 4312 nb-

2095 4347 2231 4402 tueri
2263 4363 2367 4401 non
2397 4348 2619 4415 audent,
2646 4349 2724 4404 sic
2749 4365 2848 4405 nec
2877 4351 3126 4405 virtutem
3158 4366 3407 4421 umquam
3438 4351 3674 4420 nequitia

2091 4439 2298 4494 obtueri
2331 4442 2544 4510 poterit,
2576 4441 2670 4497 sed
2702 4442 2914 4498 recedet
2942 4452 2996 4497 et
3015 4450 3163 4514 terga
3183 4444 3348 4509 dabit,
3377 4444 3675 4512 victamqne
3714 4471 3728 4490 ι

2093 4548 2152 4587 se
2182 4534 2448 4588 fatebitur.
2478 4534 2631 4601 Quod
2666 4551 2786 4590 cum
2816 4552 3128 4606 persuasum
3173 4539 3326 4593 nobis
3366 4538 3455 4600 sit,
3492 4536 3672 4591 virtuti

2094 4625 2411 4686 lucreamus.
2443 4634 2603 4697 atque
2649 4626 2857 4682 fortiter
2881 4635 2935 4681 et
2965 4636 3078 4682 tuto
3106 4629 3268 4682 vitam
3302 4628 3671 4690 instituamus,

2092 4725 2146 4768 et
2170 4733 2288 4788 qua:
2313 4717 2530 4772 minima
2556 4719 2800 4774 videntur
2827 4729 3068 4790 peccata,
3096 4721 3208 4776 sive
3237 4721 3286 4775 in
3315 4722 3492 4777 verbis
3512 4763 3526 4787 ,
3560 4721 3672 4776 sivo

2090 4807 2142 4862 in
2172 4809 2452 4877 operibus,
2497 4809 2682 4865 sedulo
2721 4810 2967 4866 vitemus.
2996 4813 3083 4868 Sic
3117 4812 3259 4867 enim
3292 4829 3578 4883 munquam
3618 4815 3669 4868 in

2091 4899 2293 4969 majora
2319 4900 2649 4968 incidemus,
2690 4903 2785 4957 sia
2817 4905 2991 4973 parvis
3027 4905 3426 4959 abstineamus:
3456 4922 3519 4959 ac
3549 4922 3670 4974 prn-

2089 4992 2314 5047 ccdente
2345 5003 2587 5062 tempore
2607 4996 2919 5064 poterimus,
2949 5011 3179 5066 superna
3219 4995 3429 5050 favente
3462 4998 3668 5066 gratia,

2089 5099 2354 5139 summam
2406 5087 2653 5141 virtutem
2705 5088 2998 5158 attingere.
3053 5087 3382 5142 reconditam
3435 5088 3669 5158 elTngere

2090 5192 2300 5246 ptenam
2328 5187 2383 5232 et
2422 5186 2622 5232 :rterua
2665 5179 2917 5248 consequi
2962 5178 3104 5233 bona
3127 5179 3166 5241 ¹,
3214 5179 3380 5249 gratia
3420 5189 3473 5233 et
3519 5172 3669 5258 benis

2086 5271 2288 5339 gnitate
2326 5271 2536 5326 Domini
2578 5271 2746 5326 nostri
2786 5270 2910 5326 Jesu
2960 5270 3178 5337 Christi,
3211 5286 3332 5325 cum
3387 5287 3492 5340 quo
3522 5271 3661 5326 Patri

2087 5374 2377 5434 sanctoque
2400 5365 2620 5435 Spiritui
2648 5365 2717 5419 sit
2743 5364 2932 5434 gloria,
2965 5364 3267 5434 imperium,
3296 5363 3490 5429 honor,
3521 5380 3663 5420 nunc

2087 5465 2139 5509 et
2168 5470 2400 5525 semper,
2431 5465 2484 5510 et
2510 5455 2562 5509 in
2589 5455 2780 5510 saecula
2807 5455 3144 5511 saeculorum.
3171 5454 3364 5510 Amen.

2138 5653 2153 5686 ι
2190 5659 2294 5701 Post
2317 5653 2404 5703 has
2420 5669 2588 5730 .voces,
2613 5659 2996 5730 consgquibono,
3037 5660 3225 5710 additur
3260 5662 3308 5712 in
3331 5663 3518 5725 Savilio,
3543 5679 3649 5730 qua:

2071 5725 2156 5784 nos
2175 5716 2582 5826 oumezlcolligcrc
2603 5716 2802 5772 eveniat.
2842 5716 3026 5783 Morel),
3052 5735 3161 5786 qua:
3183 5737 3266 5776 nos
3287 5738 3446 5777 omnes
3481 5716 3644 5780 causa;

2073 5787 2155 5826 aut
2177 5788 2306 5826 even:
2363 5812 2374 5825 .

2073 5787 2155 5834 qut
2177 5787 2374 5826 eveniat.
