4038 6394
345 320 431 377 Ml
999 314 1055 370 S.
1096 310 1374 369 .IOANNIS
1412 302 1889 369 CIIRYSOSTOMI
1930 302 2243 359 ARCHIEP.
2275 306 2809 366 CUNSTANTINOP.

910 430 1188 486 llOlllLIA
1215 430 1356 484 XIV.

349 561 412 615 Et
440 562 632 633 accepit
658 560 905 615 Dominus
940 559 1076 613 Deus
1101 560 1373 623 hominem,
1407 574 1555 629 quem
1586 555 1856 627 formavit,
1886 562 1931 605 et

417 655 586 723 posuit
614 671 728 707 eum
769 651 821 705 in
851 653 1089 721 paradiso
1132 652 1404 720 voluptatis
1424 693 1437 715 ,
1468 660 1522 704 ut
1550 660 1847 721 operaretur
1885 657 1933 701 et

415 747 687 801 custodiret
716 746 862 801 illum
889 745 1045 816 (Gen.
1070 747 1125 800 2.
1162 748 1271 819 15).

420 886 471 939 1.
496 883 713 951 lterum,
739 885 783 938 si
808 884 986 948 vultis,
1012 884 1276 939 hesterna:
1297 884 1571 939 concionis
1593 883 1751 938 seriei
1777 882 1938 938 hodie

353 976 680 1041 insistentes,
733 975 857 1030 hinc
896 976 1046 1030 vobis
1082 976 1415 1045 spiritualem
1455 975 1759 1029 doctrinam
1809 988 1940 1028 cou-

350 1077 531 1122 texere
559 1066 885 1121 curabimus.
917 1066 1079 1121 Multa
1105 1066 1248 1120 enim
1280 1066 1333 1120 in
1362 1066 1446 1131 iis,
1476 1080 1596 1135 quae
1630 1063 1790 1119 modo
1816 1073 1939 1117 sunt

354 1159 510 1225 lecta,
552 1158 825 1213 recondita
870 1158 949 1212 vis
976 1167 1078 1225 est,
1128 1166 1184 1213 et
1210 1173 1307 1229 par
1348 1166 1432 1212 est
1468 1171 1565 1211 uos
1596 1158 1646 1211 in
1680 1155 1941 1226 profunda

352 1257 714 1319 penetrantes,
760 1258 921 1319 atque
947 1256 1196 1303 accurate
1232 1248 1412 1303 omnia
1454 1248 1820 1317 explorautes,
1855 1248 1938 1300 lu-

351 1356 502 1395 crum
535 1340 657 1396 inde
688 1341 997 1409 decerpere.
1031 1340 1163 1395 Nam
1198 1340 1241 1395 si
1272 1339 1307 1394 ii
1332 1340 1423 1410 qui
1458 1340 1722 1409 pretiosos
1742 1339 1944 1409 Lapides

353 1431 405 1484 iu
465 1432 597 1485 mari
657 1434 941 1500 exuuirere
1000 1434 1253 1503 cupiunt,
1323 1442 1526 1487 tantum
1591 1434 1829 1487 laborem
1891 1441 1946 1487 ct

354 1522 649 1578 molestiam
699 1524 958 1591 subeunt,
1012 1523 1394 1593 incompositos
1440 1539 1699 1595 aquarum
1752 1523 1946 1579 ﬂuctus

354 1615 642 1682 adeuntes,
686 1626 743 1671 ut
781 1618 979 1686 optatis
1032 1618 1302 1688 potiantur
1352 1635 1365 1671 :
1414 1618 1581 1671 multo
1630 1618 1796 1686 magis
1849 1632 1946 1671 nos

355 1708 590 1761 animum
637 1707 912 1763 intendere
957 1724 1053 1779 par
1084 1719 1200 1773 est,
1240 1718 1297 1762 ut
1331 1708 1665 1778 perlustratis
1724 1709 1789 1761 iis
1827 1722 1947 1777 qua:

358 1799 411 1852 in
466 1798 730 1867 profundo
768 1800 1031 1854 dictorum
1063 1800 1248 1865 latent,
1295 1801 1372 1855 sic
1404 1800 1666 1870 pretiosos
1716 1799 1833 1854 illos
1874 1799 1946 1852 la-

357 1893 507 1961 pides
537 1895 933 1949 nauciscamnr.
963 1895 1066 1950 Sed
1097 1911 1163 1949 ue
1188 1896 1394 1958 timeas,
1423 1895 1637 1958 dilecte,
1667 1909 1787 1948 cum
1817 1908 1946 1963 pro-

358 1982 583 2038 fundum
613 1984 788 2039 audis.
812 1984 928 2039 Non
959 1986 1101 2040 enim
1131 1985 1217 2041 hic
1248 1986 1476 2055 impetus
1505 1995 1585 2039 est
1608 1985 1945 2039 :estuantium

358 2076 644 2143 undarum,
677 2077 770 2131 sed
815 2078 1046 2148 Spiritus
1073 2079 1239 2148 gratia
1292 2087 1524 2132 mentem
1564 2086 1801 2132 nostram
1831 2077 1949 2130 illu-

360 2176 559 2233 strans,
612 2184 732 2238 qua:
778 2168 830 2223 id
879 2178 1119 2239 prmstat,
1175 2177 1231 2223 ut
1283 2169 1503 2239 qua-sita
1558 2169 1762 2223 facilius
1802 2168 1950 2222 inve-

359 2260 606 2323 niantur,
640 2268 693 2313 et
720 2259 957 2314 laborem
990 2276 1203 2314 omnem
1236 2260 1406 2315 levem
1438 2258 1622 2314 efﬁcit.
1652 2258 1774 2313 lllos
1803 2266 1949 2312 certe

363 2347 573 2417 lapillos
603 2350 867 2405 invenisse
888 2359 1215 2405 scrutantem
1242 2366 1345 2404 non
1369 2350 1591 2404 multum
1616 2349 1786 2419 juvat,
1806 2364 1949 2418 smpe

361 2451 542 2496 autem
564 2443 611 2496 ei
644 2445 825 2499 nocuit
846 2453 901 2499 et
929 2445 1073 2499 mille
1097 2444 1494 2515 naufragiorum
1522 2459 1681 2500 causa
1711 2444 1827 2509 fuit,
1850 2458 1951 2498 nee

363 2541 564 2587 tantam
598 2536 884 2605 reperienti
914 2537 1150 2591 Iretitiam
1182 2538 1409 2608 peperit,
1440 2546 1691 2607 quantam
1722 2537 1951 2608 repertis

364 2624 470 2679 illis
498 2627 795 2681 molestiam
823 2637 1075 2697 expertus
1100 2636 1203 2693 est,
1227 2628 1527 2683 invidorum
1555 2643 1750 2698 nempe
1778 2627 1949 2683 oculis

363 2718 647 2772 adversum
682 2732 741 2773 se
769 2719 1089 2794 concitatis”
1106 2731 1160 2775 et
1189 2722 1363 2775 avaris
1392 2721 1459 2775 ad
1488 2720 1686 2776 bellum
1723 2720 1822 2775 sibi
1865 2721 1949 2774 in-

363 2810 639 2865 ferendum
670 2811 910 2870 armatis.
932 2812 1007 2867 lta
1036 2830 1143 2869 non
1175 2814 1336 2870 modo
1362 2815 1562 2870 nullam
1594 2816 1871 2870 utilitatem
1897 2817 1949 2869 iu

366 2902 533 2958 vitam
558 2903 813 2959 inducunt
843 2908 1043 2976 reperti
1071 2908 1143 2963 illi
1173 2908 1404 2977 lapides;
1432 2908 1527 2963 sed
1555 2909 1716 2964 etiam
1755 2908 1952 2962 multo-

364 3008 481 3047 rum
510 3004 633 3049 suut
665 3012 823 3051 causa
864 2998 1149 3053 bellorum.
1179 3001 1429 3054 Avaritia":
1457 3014 1688 3068 namque
1730 3000 1951 3053 materia

364 3096 474 3154 est,
516 3098 570 3143 et
611 3091 881 3145 caminum
928 3092 1233 3162 cupiditatis
1278 3091 1590 3157 incendens,
1632 3107 1815 3147 eorum
1863 3090 1953 3161 qui

368 3178 467 3247 ipsi
516 3179 681 3233 dediti
721 3191 845 3235 sum
892 3183 1129 3236 animum
1162 3193 1456 3253 oppugnat.
1487 3182 1543 3238 lu
1569 3184 1955 3253 spiritualibus

367 3279 553 3321 contra
586 3268 733 3325 hisce
773 3271 1022 3340 pretiosis
1054 3272 1317 3343 lapidibus
1347 3273 1478 3327 nihil
1508 3273 1812 3344 hujusmodi
1846 3292 1957 3329 me-

367 3362 649 3429 tuendum,
678 3362 775 3418 sed
799 3363 997 3419 divitiae
1025 3365 1149 3421 hinc
1166 3366 1406 3422 collecta:
1437 3368 1713 3423 immensae
1738 3378 1884 3436 sunt,
1903 3378 1958 3424 ct

368 3453 616 3524 voluptas
670 3456 1161 3524 immarcescibilis,
1213 3467 1268 3513 et
1325 3459 1486 3531 longo
1539 3461 1814 3516 intervallo
1868 3476 1959 3516 su-

370 3562 563 3617 perans
585 3566 799 3603 omnem
830 3551 1067 3606 lectitiam
1091 3551 1366 3607 hominum
1395 3569 1460 3608 ex
1492 3555 1810 3625 supradictis
1832 3571 1955 3625 par-

371 3649 501 3692 tam.
534 3640 643 3694 lloc
667 3641 851 3696 audias
878 3642 1091 3697 beatum
1125 3643 1375 3699 Davidem
1402 3645 1669 3701 dicentem
1699 3666 1711 3701 :
1740 3646 1956 3702 Deside-

375 3731 558 3786 rabilia
584 3732 793 3803 eloquia
824 3744 913 3789 tua
938 3752 1091 3805 super
1126 3752 1308 3789 aurum
1348 3746 1396 3790 et
1427 3737 1646 3807 lapidem
1686 3740 1959 3807 pretiosum

370 3828 582 3881 multum
610 3826 779 3899 (Psal.
808 3830 895 3884 18.
919 3829 1033 3900 11).
1056 3829 1350 3900 Viden’quo
1367 3841 1524 3900 pacto
1545 3832 1820 3886 materiam
1846 3848 1962 3885 om-

373 3918 523 3972 nium
563 3920 1001 3988 pretiosissimam
1046 3921 1278 3976 habitam
1310 3922 1361 3975 in
1398 3922 1629 3976 medimn
1668 3922 1958 3989 adducens,

372 4023 478 4063 non
507 4010 668 4064 modo
698 4011 787 4065 tali
822 4014 1220 4082 comparatione
1258 4022 1542 4067 contentus
1578 4029 1682 4067 non
1723 4023 1837 4078 est;
1867 4013 1960 4068 sed

370 4099 585 4168 adjecit,
617 4100 856 4167 Multum,
888 4119 994 4173 quo
1038 4105 1201 4159 verbo
1245 4105 1398 4159 nobis
1442 4105 1557 4175 ejus
1598 4106 1958 4175 prmstantiam

373 4192 702 4249 declaravit?
729 4194 899 4265 Super
923 4213 1125 4262 aurum,
1153 4198 1339 4267 inquit,
1373 4209 1419 4251 et
1440 4199 1660 4269 lapidem
1688 4200 1961 4268 pretiosum

376 4285 592 4338 multum
619 4301 638 4339 :
666 4301 770 4341 non
801 4287 940 4357 quod
968 4297 1110 4342 tanta
1141 4289 1312 4344 solum
1360 4292 1564 4345 ratione
1590 4290 1960 4345 desiderabilia

375 4374 486 4428 sint
524 4375 703 4429 divina
750 4377 992 4459 eloquia,
1026 4380 1121 4433 sed
1165 4381 1284 4450 quia
1328 4380 1470 4435 solas
1515 4382 1672 4436 hasce
1714 4381 1962 4436 materias

380 4466 521 4534 apud
552 4465 796 4523 homines
825 4470 987 4525 sciret
1012 4471 1064 4525 in
1096 4486 1304 4526 summo
1334 4471 1517 4527 haberi
1561 4473 1753 4542 pretio,
1797 4472 1877 4527 his
1909 4474 1961 4527 in

381 4558 613 4613 medium
645 4559 885 4616 adductis
916 4562 983 4616 ita
1015 4565 1426 4631 prmceileutiam
1468 4565 1753 4628 indicavit,
1785 4573 1839 4619 et
1861 4564 1957 4618 de-

377 4652 631 4707 siderium
656 4655 988 4725 eloquiorum
1013 4656 1238 4725 Spiritus
1267 4658 1634 4713 vehementius
1661 4674 1780 4713 esse
1805 4658 1958 4713 dixit.

381 4740 449 4795 Et
468 4752 524 4795 ut
541 4742 759 4798 'discatis
787 4744 929 4801 hunc
959 4762 1173 4817 semper
1200 4764 1321 4803 esse
1342 4764 1542 4805 morem
1565 4749 1677 4804 Scri
1688 4758 1851 4818 plura:
1876 4749 1962 4802 di-

379 4833 516 4888 vina:
534 4835 892 4905 spiritualibus
915 4838 1072 4892 rebus
1096 4839 1339 4894 conferre
1359 4856 1475 4895 eam
1498 4857 1617 4909 qua:
1640 4842 1764 4895 inde
1785 4850 1962 4895 manat

388 4923 692 4991 utilitatem,
724 4937 779 4981 et
799 4927 875 4995 sic
896 4929 1309 4998 prrecellentiam
1338 4931 1642 4997 ostendere,
1676 4931 1853 4986 audite
1878 4946 1964 4985 se-

376 5016 596 5083 quentia
622 5035 634 5070 :
657 5017 723 5071 Et
749 5020 981 5073 dulciora
1004 5021 1322 5091 supermeiet
1352 5022 1541 5091 favum.
1575 5023 1963 5093 Ethicquoque

380 5122 486 5161 non
516 5108 656 5177 quod
678 5116 828 5163 tanto
852 5111 1027 5165 solum
1050 5113 1284 5168 dulciora
1314 5115 1450 5181 sint,
1479 5132 1576 5170 nec
1598 5117 1738 5186 quod
1763 5124 1961 5170 tantam

384 5201 587 5267 possint
610 5216 799 5270 parere
841 5205 1164 5274 voluptatem
1187 5249 1201 5269 ,
1234 5208 1326 5261 sed
1357 5209 1477 5277 quia
1526 5208 1658 5262 nihil
1700 5209 1883 5264 habuit
1912 5213 1961 5264 in

382 5293 542 5347 rebus
570 5295 871 5360 sensilibus,
902 5297 1042 5365 quod
1086 5298 1329 5353 conferre
1368 5310 1548 5369 posset
1589 5302 1841 5370 voluptati
1885 5303 1965 5355 di-

385 5386 630 5440 vinorum
660 5387 991 5457 eloquiorum
1014 5408 1027 5441 :
1050 5389 1246 5445 idcirco
1275 5390 1358 5445 his
1385 5394 1711 5456 memoratis,
1741 5394 1819 5448 sic
1848 5394 1964 5447 illo-

386 5489 503 5529 rum
530 5477 873 5532 eminentiam
903 5480 1216 5549 descripsit,
1241 5497 1304 5535 ac
1332 5483 1629 5537 divinorum
1657 5486 1961 5555 dogmatum

386 5567 710 5636 voluptatem
751 5570 1005 5640 majorem
1045 5586 1163 5625 esse
1211 5572 1362 5626 dixit.
1407 5575 1607 5628 Eadem
1651 5590 1835 5629 norma
1887 5578 1967 5630 in-

384 5658 568 5712 venies
578 5658 841 5715 Christum
857 5662 909 5715 in
922 5662 1209 5732 evangeliis
1225 5680 1397 5718 usum.
1412 5664 1543 5719 Nam
1558 5680 1677 5720 cum
1690 5667 1963 5736 discipulis

386 5748 707 5817 loqueretur,
740 5753 1072 5822 cupientibus
1108 5753 1594 5823 interpretationem
1629 5754 1836 5812 discere
1873 5773 1962 5829 pa-

3524 314 3624 368 H2

2040 417 2235 473 rabola:
2265 421 2576 475 seminantis
2606 423 2801 475 bonum
2835 437 3016 477 semen
3050 424 3099 477 in
3130 438 3258 494 agro
3284 437 3415 489 suo,
3444 434 3499 479 et
3527 426 3622 479 ini-

2038 509 2159 562 mici
2182 508 2381 563 zizania
2407 511 2545 565 inter
2571 512 2804 566 triticum
2827 513 3099 581 jaeientis,
3127 516 3427 568 minutatim
3459 524 3626 568 totam

2038 602 2321 671 eXplicavit
2347 602 2674 672 parabolam,
2704 603 2887 658 dicens
2912 605 3032 672 quis
3058 602 3219 658 fuerit
3240 604 3284 669 is
3313 605 3401 673 qui
3429 604 3628 659 bonum

2041 709 2222 748 semen
2266 696 2583 759 seminavit,
2610 697 2731 767 quis
2759 712 2915 766 ager,
2957 713 3076 767 qua:
3127 697 3359 763 zizania,
3405 699 3525 767 quis
3568 714 3629 752 ea

2042 787 2405 853 seminaverit,
2436 789 2526 857 qui
2554 803 2843 856 messores,
2866 806 2987 859 qua:
3008 791 3232 845 messis:
3264 801 3319 845 et
3348 802 3631 861 postquam

2043 878 2219 932 omnia
2265 878 2344 933 eis
2387 880 2559 949 palam
2604 880 2836 945 fecisset,
2888 892 3011 935 tunc
3050 882 3169 936 ait:
3202 883 3340 937 Justi
3370 883 3635 955 fulgebunt

2044 973 2172 1024 sicut
2200 972 2278 1026 sol
2305 973 2359 1027 in
2380 990 2535 1043 regno
2565 973 2737 1029 Patris
2764 992 2935 1029 eorum
2976 976 3192 1046 (Matth.
3239 979 3323 1031 15.
3352 978 3441 1048 45)
3476 996 3489 1031 :
3524 994 3633 1032 non

2044 1063 2186 1131 quod
2211 1079 2390 1133 parem
2424 1075 2625 1122 tantum
2658 1067 2913 1135 fulgorem
2947 1068 3178 1122 habituri
3208 1070 3314 1122 sint
3346 1069 3507 1138 justi,
3536 1070 3633 1123 sed

2046 1155 2281 1210 ostendit
2325 1158 2492 1211 multo
2522 1158 2779 1227 majorem
2827 1174 2984 1213 esse:
3021 1169 3225 1214 tantum
3261 1170 3437 1214 autem
3466 1161 3633 1221 dixit.

2046 1246 2187 1315 quod
2237 1248 2407 1315 major
2457 1248 2559 1303 hac
2607 1249 2782 1319 imago
2830 1251 2879 1304 in
2923 1251 3222 1305 visibilibus
3264 1252 3483 1321 reperiri
3527 1268 3635 1306 non

2050 1349 2249 1406 posset.
2272 1339 2405 1393 Cum
2438 1339 2598 1410 igitur
2621 1341 2747 1411 quid
2783 1341 2958 1396 simile
2984 1344 3254 1408 audimus,
3288 1358 3355 1396 ne
3392 1342 3443 1395 in
3480 1342 3639 1397 dictis

2052 1442 2256 1485 tantum
2286 1434 2538 1489 sistamus
2556 1434 2799 1504 gradum,
2826 1435 2918 1489 sed
2946 1452 3009 1489 ex
3036 1437 3118 1499 iis,
3144 1452 3261 1506 qua:
3292 1437 3391 1491 sub
3420 1451 3639 1491 sensum

2050 1535 2104 1577 et
2145 1525 2244 1578 sub
2294 1535 2571 1595 aspectum
2614 1525 2839 1593 eadunt,
2889 1527 3241 1595 spiritualium
3289 1528 3641 1581 eminentiam

2050 1618 2395 1672 aestimemus.
2425 1618 2863 1688 Quandoquidem
2918 1619 3078 1687 igitur
3131 1621 3215 1673 hic
3268 1619 3640 1674 vehementius

2050 1709 2374 1765 desiderium
2406 1711 2631 1765 inveniri
2674 1720 2850 1780 potest
2888 1711 3087 1781 (divina
3128 1712 3389 1781 siquidem
3431 1722 3556 1766 sunt
3583 1720 3647 1765 ct’

2052 1802 2342 1870 Spiritualia
2385 1802 2620 1871 eloquia,
2650 1818 2769 1872 qure
2819 1818 3062 1871 magnam
3110 1783 3315 1871 possint
3362 1802 3413 1856 in
3459 1804 3643 1855 animo

2054 1908 2239 1963 parere
2279 1893 2607 1962 spiritualem
2650 1893 2934 1964 laetitiam),
2981 1908 3100 1947 cum
3144 1892 3321 1947 studio
3370 1892 3538 1946 multo
3576 1907 3643 1946 ac

2052 1984 2353 2037 vehementi
2376 1982 2641 2038 desiderio
2667 1983 2821 2037 dictis
2842 1998 2999 2038 aures
3027 1983 3380 2053 prmbeamus,
3409 1992 3467 2037 ut
3487 1997 3647 2036 veras

2053 2075 2272 2130 divitias
2302 2075 2423 2129 inde
2450 2075 2612 2139 nacti,
2646 2082 2701 2129 et
2727 2074 2793 2129 ad
2834 2090 2954 2129 eam
2984 2091 3103 2144 quae
3130 2073 3425 2128 secundum
3471 2074 3645 2127 Deum

2053 2178 2135 2224 est
2163 2168 2554 2239 philosOphiam
2579 2169 2758 2225 multis
2786 2170 3047 2240 susceptis
3071 2170 3364 2224 seminibus
3383 2211 3399 2237 ,
3441 2170 3518 2224 sic
3541 2170 3645 2224 do-

2053 2278 2197 2317 mum
2226 2273 2575 2319 revertamur.

2123 2359 2177 2412 2.
2220 2358 2512 2413 Audiamus
2538 2358 2696 2427 igitur
2724 2371 2845 2427 quae
2872 2355 3032 2411 hodie
3057 2355 3191 2410 lecta
3214 2353 3320 2409 sint
3344 2371 3357 2407 :
3392 2354 3484 2409 sed
3515 2355 3641 2408 ani-

2054 2466 2200 2505 mum
2230 2449 2499 2511 adhibete,
2540 2456 2594 2502 et
2621 2463 2843 2503 excussa
2888 2448 3092 2516 ignavia
3122 2462 3356 2517 curaque
3402 2447 3647 2501 saeculari

2055 2542 2222 2607 omni,
2254 2542 2331 2595 sic
2356 2540 2511 2595 dictis
2533 2540 2792 2594 attendite
2820 2557 2833 2592 :
2866 2540 3059 2594 divina:
3087 2554 3316 2609 namque
3346 2539 3492 2609 leges
3521 2550 3649 2593 sunt

2055 2648 2123 2687 ex
2169 2632 2314 2686 caelis
2342 2631 2411 2686 ob
2440 2632 2662 2685 salutem
2695 2639 2931 2685 nostram
2963 2631 3228 2685 demissas.
3262 2630 3392 2684 Nam
3423 2631 3489 2697 si,
3521 2645 3652 2684 cum

2056 2723 2413 2793 imperatoria:
2454 2722 2624 2777 litera:
2664 2722 2929 2793 leguntur,
2960 2738 3208 2791 magnum
3235 2722 3430 2792 ubique
3458 2732 3541 2778 est
3570 2723 3650 2775 si-

2058 2814 2276 2869 lentium
2298 2856 2313 2880 ,
2343 2824 2397 2869 et
2434 2814 2610 2867 omnis
2648 2814 2903 2868 tumultus
2932 2814 3289 2882 strepitusque
3318 2813 3650 2877 eliminatur,

2056 2904 2305 2959 omnibus
2346 2918 2503 2958 aures
2550 2904 2937 2973 arrigentibus,
2985 2917 3041 2958 et
3080 2902 3265 2957 audire
3312 2903 3653 2972 cupientibus

2059 2998 2185 3068 quid
2222 2998 2579 3067 imperatorias
2619 2997 2787 3051 literre
2812 2996 3108 3059 declarent,
3140 3004 3193 3049 et
3222 3010 3470 3065 maguum
3500 2996 3653 3065 peri-

2058 3090 2235 3144 culum
2276 3090 2429 3145 adest
2474 3090 2559 3143 vel
2592 3089 2851 3143 tantillum
2900 3088 3282 3155 tumultuanti,
3315 3098 3367 3143 et
3406 3088 3655 3143 lectionis

2059 3181 2253 3236 seriem
2285 3180 2655 3235 interim-banti
2686 3198 2701 3235 :
2732 3180 2897 3234 multo
2922 3180 3091 3249 magis
3117 3180 3201 3235 hic
3225 3195 3348 3235 eum
3376 3182 3566 3234 timore
3597 3188 3657 3234 et

2061 3283 2295 3329 tremore
2338 3273 2675 3337 adstandum,
2706 3281 2761 3328 et
2783 3274 2948 3327 altum
2976 3271 3279 3328 habendum
3309 3274 3581 3327 silentium
3611 3275 3653 3338 ',

2060 3366 2547 3435 cogitationumque
2571 3364 2826 3419 tumultus
2846 3364 3141 3428 arcendus;
3174 3376 3233 3419 ut
3257 3380 3377 3434 qua:
3391 3364 3658 3419 dicuntur

2062 3457 2357 3527 intelligere
2384 3457 2633 3529 possitis,
2667 3466 2721 3511 et
2761 3466 2819 3510 ut
2853 3456 3259 3527 obsequentiam
3286 3465 3520 3512 vestram
3552 3470 3657 3524 ap-

2063 3550 2293 3618 probaus
2321 3548 2433 3603 Rex
2461 3547 2714 3602 caelorum
2737 3588 2752 3614 ,
2781 3547 3072 3617 majoribus
3107 3563 3203 3602 vos
3229 3547 3540 3601 muneribus
3566 3548 3659 3601 di-

2062 3649 2276 3710 gnetur.
2307 3639 2591 3695 Videamus
2607 3640 2776 3709 igitur
2796 3640 2920 3709 quid
2952 3655 3051 3695 nos
3078 3656 3216 3694 nunc
3244 3640 3433 3695 doceat
3463 3640 3656 3693 beatus

2062 3732 2306 3804 Moyses,
2346 3747 2452 3786 non
2486 3732 2697 3802 propria
2744 3740 2948 3786 tantum
2982 3732 3190 3800 lingua,
3223 3730 3317 3786 sed
3359 3740 3413 3786 et
3450 3730 3658 3800 Spiritu

2064 3838 2249 3883 sancto
2278 3827 2489 3882 afﬂatus
2517 3827 2630 3881 haec
2672 3827 2919 3896 loquens.
2950 3828 3035 3881 15.
3071 3826 3135 3880 Et
3170 3826 3401 3894 accepit,
3448 3826 3658 3894 inquit,

2068 3920 2316 3975 Dominus
2350 3920 2484 3973 Deus
2525 3920 2795 3983 hominem,
2825 3936 2971 3989 quem
3002 3919 3255 3989 formavit.
3288 3918 3431 3972 Bene
3472 3918 3659 3971 statim

2065 4029 2095 4069 a
2126 4014 2380 4083 principio
2407 4014 2521 4066 ha'c
2545 4013 2652 4065 duo
2676 4013 2849 4083 posuit
2878 4029 2889 4063 :
2916 4027 3019 4064 non
3041 4012 3181 4064 enim
3204 4011 3353 4073 dixit,
3378 4008 3658 4073 Dominus,

2065 4115 2121 4162 et
2146 4109 2347 4171 tacuit,
2378 4105 2470 4161 sed
2498 4105 2698 4159 addidit
2728 4104 2903 4166 Deus;
2937 4104 3020 4156 hic
3049 4101 3245 4171 aliquid
3275 4102 3446 4155 latens
3475 4108 3529 4154 et
3563 4115 3662 4154 oc-

2066 4200 2263 4254 cultum
2291 4199 2445 4253 nobis
2481 4196 2738 4260 indicans,
2781 4206 2837 4248 ut
2862 4195 3158 4259 discamus,
3191 4194 3302 4248 sive
3332 4191 3612 4246 Dominum
3640 4234 3659 4259 ,

2068 4294 2181 4348 sive
2211 4294 2375 4347 Deum
2408 4291 2686 4345 audiamus
2706 4331 2720 4356 ,
2755 4289 2959 4343 nullum
2986 4303 3107 4343 esse
3139 4288 3275 4341 inter
3300 4286 3413 4339 haec
3441 4285 3661 4338 nomina

2067 4385 2377 4440 discrimen.
2404 4383 2514 4437 lloc
2542 4393 2718 4435 autem
2751 4397 2855 4435 non
2887 4381 3001 4433 sine
3029 4394 3189 4433 causa
3219 4377 3671 4441 commemoravi;

2067 4475 2163 4531 sed
2184 4486 2241 4530 ut
2265 4490 2385 4529 cum
2412 4475 2642 4528 audieris
2663 4473 2881 4527 Paulum
2907 4472 3198 4535 dicentem,
3226 4468 3369 4523 Unus
3392 4467 3526 4521 Deus
3548 4467 3665 4519 Pa-

2070 4580 2162 4634 ter,
2191 4584 2253 4621 ea:
2278 4584 2376 4637 quo
2404 4568 2597 4631 omnia,
2628 4575 2675 4620 et
2700 4581 2830 4619 unus
2854 4563 3101 4617 Dominus
3120 4561 3274 4615 Iesus
3293 4559 3544 4617 Christus.
3571 4576 3666 4627 per

2067 4678 2213 4731 quem
2240 4661 2410 4714 omnia
2454 4660 2543 4729 (1.
2572 4658 2690 4712 Cor.
2721 4659 2773 4714 8.
2803 4657 2912 4727 6),
2941 4670 3010 4710 ne
3038 4665 3194 4724 putes
3221 4653 3575 4707 differentiam
3610 4654 3663 4703 in

2068 4753 2288 4807 vocibus
2313 4766 2433 4806 esse
2452 4792 2467 4817 ,
2494 4762 2547 4804 et
2575 4750 2797 4804 alteram
2825 4748 3016 4817 majus.
3045 4746 3267 4799 alteram
3305 4744 3482 4798 minus
3507 4742 3670 4810 quid-

2070 4847 2207 4916 piam
2254 4844 2575 4915 significare.
2621 4842 2742 4896 ideo
2773 4839 3233 4894 indiscriminatim
3274 4836 3548 4905 Scriptura
3577 4834 3667 4886 his

2070 4941 2236 4993 utitur
2261 4936 2584 4996 nominibus,
2614 4944 2671 4987 ut
2699 4931 3047 4987 contentiosis
3087 4944 3193 4982 non
3234 4927 3392 4981 liceat
3421 4925 3471 4979 id
3515 4924 3661 4993 quod

2072 5033 2171 5103 ipsi
2197 5031 2675 5087 comminiscuntur
2706 5027 2843 5080 inter
2874 5034 3019 5079 recta
3049 5022 3297 5091 dogmata
3335 5017 3557 5073 referre.
3592 5017 3665 5070 Et

2071 5136 2130 5181 ut
2173 5126 2348 5180 discas
2389 5124 2621 5178 divinam
2662 5120 2989 5189 Scripturam
3029 5125 3277 5169 neutrum
3307 5114 3498 5167 horum
3528 5126 3664 5180 qna-

2071 5222 2191 5273 dam
2216 5219 2471 5285 distincta.
2495 5214 2881 5285 significatione
2918 5217 3125 5265 servata
3150 5208 3423 5278 proferre,
3455 5219 3519 5257 ex
3558 5203 3663 5255 hoc

2072 5314 2188 5382 ipso
2230 5310 2370 5380 quod
2413 5308 2607 5362 dicitur
2650 5305 2931 5375 diligenter
2972 5300 3249 5356 considera
3296 5316 3308 5352 :
3342 5295 3409 5349 Et
3444 5295 3658 5363 accepit,

2072 5404 2273 5473 inquit,
2322 5400 2573 5453 Dominus
2612 5397 2765 5450 Deus.
2812 5396 2888 5450 De
2934 5409 3040 5462 quo
3078 5391 3189 5446 vult
3230 5387 3513 5443 ha'reticus
3540 5400 3662 5439 esse

2071 5494 2323 5549 dictum?
2393 5492 2467 5546 De
2537 5491 2692 5545 Patre
2757 5486 2975 5541 solum?
3042 5483 3191 5537 Esto.
3270 5480 3403 5535 Audi
3484 5479 3661 5544 itaque

2074 5587 2294 5641 Paulum
2349 5584 2613 5638 dicentem
2669 5598 2683 5634 :
2746 5579 2891 5633 Unus
2960 5576 3100 5631 Deus
3169 5574 3363 5639 Pater,
3435 5586 3497 5625 σε
3552 5585 3656 5638 quo

2138 5765 2154 5795 ί
2190 5760 2373 5822 Morel.,
2397 5766 2441 5811 et
2462 5772 2638 5824 magna
2660 5756 2882 5809 habenda
2906 5753 3171 5819 diligentia.
