4038 6394
373 352 478 408 HI

945 473 1098 546 [1013]
1124 477 1364 530 0mm
1400 479 1494 532 ων.

369 558 488 610 Καὶ
519 559 696 634 ἔλαϐε
722 562 992 634 Κύριος-ό
1023 565 1166 634 Θεὸς
1184 567 1302 634 τὸν
1324 565 1660 634 ἄνθρωπον,
1688 569 1758 621 ὃν
1783 571 2038 630 ἔπλασε,

449 630 550 710 καὶ
575 631 766 710 ,ἔθετο
817 633 1005 710 αὐτόν
1037 633 1107 685 ἐν
1129 633 1214 710 τῷ
1271 630 1612 710 παραδείσῳ
1655 638 1766 706 τῆς
1797 640 2050 710 τρυφῆς,

447 698 792 766 ἑργύζεσθαι
824 702 1014 755 αὑτὸν
1045 703 1143 757 καὶ
1175 698 1545 772 φυλάσσειν.

447 790 518 844 α’.
535 790 726 852 Πάλιν,
752 792 802 844 εί
829 789 1104 859 βούλεσθε,
1123 795 1216 847 καί¹
1236 795 1302 863 σή
1311 813 1376 864 με
1387 813 1476 866 ρον
1495 798 1594 868 τῆς
1609 798 1930 864 ἀκολουθίας
1943 800 2052 853 τῶν

367 873 505 942 χθὲς
532 873 837 944 εἰρημένων
859 875 1410 946 ἁψάμενοι,ὲντεῦθεν
1438 880 1564 948 ὑμῖν
1590 880 1689 952 τὴν
1705 881 2051 936 διδασκαλίαν

369 959 474 1025 τὴν
533 959 910 1028 πνευματικὴν
963 959 1166 1028 ὑφᾶναι
1201 961 1576 1033 σπουδάσομεν
1611 979 1657 1017 ει.
1707 966 1883 1038 Πολλὴ
1943 967 2051 1038 γὰρ

371 1046 472 1096 καὶ
533 1045 646 1098 τῶν
683 1047 994 1115 πρόσφατον
1031 1049 1489 1116 ἀναγνωσθέντων
1537 1054 1570 1124 ή
1625 1055 2048 1126 ἐγκεκρυμμένη

365 1125 624 1196 δύναμις,
641 1129 736 1180 καὶ¹
759 1131 1024 1198 προσήκει
1049 1130 1184 1201 πρὸς
1203 1131 1264 1185 τὺ
1283 1133 1444 1203 βάθος
1461 1137 1608 1205 ἡμᾶς
1625 1125 1934 1206 καθιέντας,
1956 1141 2050 1192 καλ¹

371 1211 592 1262 ᾶπαντα
626 1210 764 1279 μετὰ
787 1211 1076 1281 ἀκριϐείας
1105 1213 1631 1288 διερευνησαμένους
1667 1220 1727 1271 τὸ
1777 1220 1836 1287 ἐξ
1869 1222 2049 1274 αὐτῶν

369 1291 791 1362 καρπώσασθαι.
821 1293 884 1346 Εἰ
915 1295 1024 1366 γάρ
1055 1298 1102 1350 οἰ
1130 1301 1256 1362 τοὺς
1300 1301 1406 1352 ἀπὸ
1433 1301 1534 1372 τῆς
1563 1302 1835 1372 θαλάσσης
1868 1303 2048 1370 λίθους

367 1377 650 1447 εὑρίσκειν
685 1377 1020 1447 βουλόμενοι,
1050 1383 1302 1436 τοσοῦτον
1345 1384 1504 1436 πόνον
1546 1387 1642 1438 καὶ
1674 1387 2049 1458 ταλαιπωρίαν

367 1459 728 1528 ὑπομένουσι,
767 1463 832 1530 τῇ
857 1462 964 1516 τῶν
997 1463 1204 1516 ὑδάτων
1233 1467 1260 1504 b
1295 1465 1442 1537 ῥύμῃ
1475 1469 1704 1532 ἑαυτοὺς
1726 1469 2044 1536 ἐκδιδόντες,

369 1539 456 1590 ἵνα
479 1540 592 1591 τῶν
619 1541 1071 1614 σπουδαζομένων
1105 1548 1432 1618 ἐπιτύχωσι·
1459 1549 1637 1621 πολλῷ
1663 1551 1862 1622 μᾶλλον
1899 1557 2048 1624 ἡμᾶς

366 1621 664 1674 ἀκόλουθον
706 1628 977 1678 συντεῖναι
1028 1626 1127 1697 τὴν
1173 1629 1432 1698 διάνοιαν,
1467 1633 1562 1684 καὶ
1590 1621 1670 1687 τά
1698 1636 1758 1688 ἐν
1791 1634 1868 1706 τῷ
1893 1621 2048 1706 βάθει

365 1705 846 1769 κατοπτεύσαντας
879 1708 989 1760 τῶν
1023 1711 1350 1782 εἰρημένων,
1385 1715 1528 1768 οὕτω
1558 1716 1666 1770 τῶν
1697 1705 2046 1786 τιμίωνίτού-

363 1802 476 1874 των
531 1788 700 1874 λίθων
749 1791 1124 1847 ἐπιλασέσθαι.
1192 1795 1352 1850 Ἀλλά
1405 1799 1478 1870 μὴ
1523 1798 1728 1870 δείσῃς,
1767 1802 2044 1874 ἀγαπητέ,

367 1869 539 1936 βάθος
568 1872 806 1926 ἀκούων.
841 1876 915 1928 Οὐ
955 1876 1064 1948 γάρ
1096 1877 1246 1932 ἐστιν
1277 1869 1510 1934 ἐνταῦθα
1568 1869 1776 1936 ὑδάτων
1809 1869 2043 1950 ἄτακτος

363 1957 534 2026 φορά,
563 1959 702 2012 ἀλλά
733 1961 1052 2033 Πνεύματος
1101 1963 1260 2036 χάρις
1291 1968 1711 2037 καταυγάζουσα
1745 1973 1902 2042 ἡμῶν
1945 1975 2044 2048 τὴν

359 2046 736 2110 διάνοιαν,Μί
752 2051 852 2120 τὴν
885 2051 1102 2122 εὕρεσιν
1131 2053 1240 2108 τῶν
1263 2053 1614 2126 ζητουμένων
1647 2059 1764 2129 μετ’
1792 2046 2044 2126 εὐκολίας

365 2137 498 2204 ἡμῖν
553 2139 928 2210 παρεχομένη,
987 2141 1079 2194 καὶ
1133 2143 1310 2196 πάντα
1370 2145 1532 2198 πόνον
1588 2147 2038 2218 ἐπικουφίζουσα.

377 2223 629 2276 Ἐκείνων
658 2226 758 2292 μὲν
789 2222 880 2280 οὖν
913 2227 1022 2280 τῶν
1050 2228 1214 2283 λίθων
1245 2232 1278 2301 ἠ
1303 2229 1519 2302 εὕρεσις
1547 2235 1606 2286 οὐ
1636 2235 1840 2307 σφόδρα
1863 2235 2040 2308 ὤνησε

359 2307 454 2360 τὸν
481 2311 834 2381 ἐπιτυχόντα,
870 2315 1132 2380 πολλάκις
1153 2317 1208 2370 δὲ
1237 2319 1330 2372 καὶ
1363 2321 1690 2391 κατέϐλαψε,
1717 2323 1812 2376 καὶ
1830 2307 2039 2396 μυρίων

359 2399 642 2466 ναυαγίων
667 2401 924 2466 ὑπόθεσις
957 2405 1110 2475 αὐτῷ
1159 2406 1376 2476 γέγονε,
1411 2409 1502 2462 καὶ⁵
1534 2410 1594 2462 οὐ
1630 2410 1900 2484 τοσαύτην
1930 2414 2040 2467 ἀπὸ

357 2483 461 2554 τῆς
500 2487 774 2557 εὑρέσεως
805 2491 1168 2561 ἐκαρπώσατο
1192 2496 1291 2566 τὴν
1317 2497 1678 2568 εὐφροσύνην,
1718 2500 1850 2572 ὅσην
1899 2503 2038 2573 μετά

356 2573 458 2644 τὴν
492 2573 711 2646 εὕρεσιν
739 2577 837 2649 τὴν
881 2580 1077 2651 ἀηδίαν
1111 2583 1372 2652 ὑπέμεινε
1418 2586 1547 2649 τοὺς
1582 2587 1692 2640 τῶν
1749 2588 2036 2659 βασκάνων

353 2660 673 2734 ὀφθαλμοὺς
701 2666 1098 2740 ἀναπτερώσας
1138 2671 1258 2724 καθ’
1292 2673 1514 2740 ἐαυτοῦ,
1545 2676 1674 2739 τοὺς
1707 2677 2036 2744 πλεονέκτας

351 2750 633 2824 διεγείρας
659 2756 742 2818 εἰς
787 2755 878 2810 τὸν
901 2761 1025 2811 κατ’
1055 2759 1217 2812 αὐτοῦ
1248 2761 1505 2832 πόλεμον.
1544 2764 1732 2829 οὕτως
1777 2767 1838 2820 οὐ
1875 2767 2038 2837 μόνον

353 2840 510 2892 οὐδὲν
536 2841 732 2910 ὄφελος
758 2845 838 2907 είς
861 2845 954 2898 τὸν
973 2846 1086 2916 βίον
1101 2848 1310 2917 εἰσάγει
1335 2851 1430 2903 τὸν
1455 2852 1724 2924 ἡμέτερον
1748 2856 1780 2925 ἡ
1808 2855 2034 2909 ἐκείνων

353 2927 595 2999 εὕρεσις,
645 2931 786 2986 ἀλλά
829 2934 926 2987 καὶ
961 2935 1172 2990 πολλῶν
1224 2937 1478 3009 πολέμων
1507 2939 1769 3006 ὑπόθεσις
1799 2943 2029 3012 γίνεται.

350 3017 498 3090 ’Υλη
527 3021 636 3090 γάρ
673 3022 790 3074 ἐστι
813 3023 1146 3090 πλεονεξίας,
1179 3027 1273 3080 καὶ
1303 3028 1535 3100 κάμινον
1556 3031 1810 3102 ἀνάψασα
1835 3034 2032 3107 φιλαρ-

349 3107 566 3179 γυρίας,
590 3109 874 3180 πολιορκεῖ
909 3112 1010 3182 τὴν
1050 3113 1227 3186 ψυχὴν
1246 3115 1353 3170 τῶν
1377 3117 1636 3174 ἀλόντων.
1673 3119 1794 3173 Ἐπὶ
1829 3121 1886 3174 δέ
1922 3123 2031 3178 τῶν

346 3197 744 3265 πνευματικῶν
773 3198 976 3252 τούτων
1009 3202 1104 3254 καὶ
1126 3203 1322 3273 τιμίων
1345 3204 1508 3258 λίθων
1529 3207 1681 3261 οὐδέν
1710 3209 1827 3262 ἐστι
1855 3209 2030 3266 δεῖσαί

329 3283 400 3335 ’τι
418 3284 682 3350 τοιοῦτον,
711 3286 849 3340 ἀλλά
879 3289 974 3341 καὶ
1004 3293 1032 3343 6
1061 3291 1291 3357 πλοῦτος
1319 3295 1346 3347 ὀ
1371 3295 1621 3348 ἐντεῦθεν
1641 3297 2030 3370 συλλεγόμενος

343 3365 576 3433 ἄφατος,
631 3370 728 3422 καὶ
781 3373 812 3442 ή
870 3373 1032 3444 ἡδονὴ
1080 3377 1418 3446 ἀμάραντος,
1451 3381 1546 3433 καὶ
1595 3381 1658 3434 ἐκ
1707 3365 2026 3438 πολλοὺτοῦ

341 3455 632 3524 περιόντος
657 3459 868 3512 νικῶσα
893 3461 1075 3516 πᾶσαν
1104 3464 1204 3534 τὴν
1219 3465 1428 3520 ἐκεῖθεν
1457 3469 1891 3541 προσγινομένην
1913 3475 2028 3537 τοῖς

341 3538 660 3608 ἀνθρώποις
713 3545 1073 3618 εὐφροσύνην.
1131 3549 1242 3602 Καὶ
1325 3538 1698 3608 τοῦτοάκουε
1723 3538 2028 3612 τού-Δαυῒδ

341 3623 618 3714 λέγοντος,
637 3629 722 3682 ὅτι
748 3631 1132 3714 ,Ἐπιθυμητὰ
1151 3636 1224 3690 τὰ
1248 3638 1424 3708 νίόγιά
1451 3655 1568 3696 σου
1585 3644 1738 3712 ὑπὲρ
1764 3647 2028 3714 χρυσίον

339 3707 448 3760 καὶ
473 3711 651 3764 λίθον
695 3713 894 3781 τίμιον
937 3719 1155 3771 πολύν.
1221 3707 1382 3792 Ὁρᾷς
1412 3721 1531 3785 πῶς
1558 3724 1658 3788 τὰς
1692 3707 2023 3800 τιμῖωτέρας

321 3797 712 3868 -νομιςομένας
741 3800 849 3853 τῶν
873 3802 1013 3857 ὑλῶν
1046 3807 1128 3870 εἰς
1156 3807 1322 3876 μέσον
1367 3811 1726 3880 παραγαγὼν,
1760 3815 1820 3867 οὐ
1859 3797 2022 3886 μόνον

336 3883 516 3956 ταύτῃ
550 3889 616 3958 τῇ
655 3891 942 3961 συγκρίσει
963 3891 1062 3946 οὐκ
1092 3895 1358 3966 ἠρκέσθη,
1390 3896 1525 3950 ἀλλὰ
1554 3899 1649 3952 καὶ
1688 3883 2018 3974 προσέθηκε,

337 3975 571 4042 Πολὺν,
591 3979 684 4030 καὶ
703 3979 825 4033 τότε
849 3981 949 4052 τὴν
981 3984 1230 4038 ἐντεῦθεν
1260 3987 1292 4058 ἡ
1301 3989 1392 4056 μίν
1410 3989 1685 4062 ὑπεροχὴν
1711 3992 1980 4066 ἐδήλωσεν
2001 4014 2016 4062 ;

349 4061 537 4129 ’Υπὲρ
569 4067 852 4133 χρυσίον,
890 4071 1046 4140 φησὶ,
1076 4072 1170 4125 καὶ
1201 4075 1375 4128 λίθον
1407 4077 1600 4146 τίμιον
1632 4061 1852 4135 πολύν.
1903 4061 2017 4138 υὺκ

335 4149 530 4220 ἐπειδὴ
555 4152 812 4207 τοσοῦτον
845 4158 1004 4226 μόνον
1039 4159 1187 4212 ἐστὶν
1237 4160 1551 4234 ἐπιθυμητὰ
1581 4165 1650 4218 τά
1686 4165 1802 4221 θεῖα
1835 4169 2012 4239 λόγια,

333 4236 456 4288 ἀλλ’
488 4241 674 4311 ἐπειδὴ
721 4243 926 4308 ταύτας
953 4245 1120 4315 μόνας
1151 4247 1251 4312 τάς
1279 4247 1408 4314 ὑλας
1441 4252 1588 4324 παρὰ
1623 4255 1734 4318 τοῖς
1757 4266 1779 4294 ε
1801 4256 2014 4330 ἀνθρώ-

335 4341 462 4388 ποις
515 4324 624 4381 εἶδε
663 4331 762 4401 τὴν
797 4332 1058 4387 ἀνωτάτω
1123 4338 1414 4408 προεδρίαν
1439 4341 1695 4410 ἐχούσας,
1732 4345 1820 4398 διὰ
1859 4346 2016 4401 τοῦτο

331 4413 542 4478 ταύτας
592 4413 936 4488 παραγαγὼν
991 4425 1071 4486 είς
1137 4423 1322 4494 μέσον,
1383 4426 1525 4481 οὑτω
1577 4429 1676 4501 τὴν
1735 4433 2012 4506 ὑπεροχὴν

328 4501 526 4566 ἔδειξε,
563 4505 660 4557 καὶ
712 4507 814 4577 τὴν
863 4508 1162 4580 ἐπιθυμίαν
1193 4512 1302 4566 τῶν
1344 4513 1436 4568 τοῦ
1467 4517 1788 4589 Πνεύματος
1815 4501 2014 4592 λογίων

331 4591 702 4664 σφοδροτέραν
731 4591 916 4648 οὖσαν.
945 4598 1057 4652 Καὶ
1084 4599 1172 4654 ἵνα
1209 4601 1438 4672 μάθητε,
1466 4605 1548 4658 ὄτι
1574 4607 1732 4660 τοῦτο
1774 4608 1896 4674 ἔθος
1922 4613 2009 4666 ἀεὶ

327 4679 398 4748 τῇ
445 4677 564 4750 θεία
601 4681 793 4752 Γραφῇ
836 4685 950 4747 τοῖς
985 4685 1266 4758 αἰσθητοῖς
1303 4691 1674 4760 παραϐάλλειν
1721 4697 2011 4769 πράγμασι

325 4766 432 4834 τὴν
453 4766 700 4822 ἐντεῦθεν
727 4769 1014 4836 ὠφέλειαν,
1047 4775 1141 4826 καὶ
1173 4774 1316 4829 οὕτω
1337 4777 1434 4848 τὴν
1465 4780 1742 4855 ὑπεροχὴν
1763 4786 2006 4840 ἐπιδείκο

326 4854 546 4915 νυσθαι,
577 4854 744 4909 ἄκουε
767 4859 860 4910 καὶ
882 4859 992 4910 τῶν
1019 4861 1162 4933 ἑξῆς.
1196 4861 1350 4936 [107]
1397 4865 1675 4939 Ἐπήγαγε
1701 4854 1832 4938 γοῦν
1857 4889 1870 4904 ο
1897 4875 2012 4929 Καὶ

323 4941 670 5009 γλυκύτερα
689 4945 844 5013 ὑπὲρ
880 4947 1022 5014 μέλι
1053 4951 1150 5003 καὶ
1186 4954 1415 5020 κηρίον.
1451 4957 1562 5009 Καὶ
1611 4959 1851 5014 ἐνταῦθα
1908 4964 2009 5019 οὐκ

325 5027 520 5098 ἐπειδὴ
553 5029 780 5084 τοσοῦτο
812 5035 972 5102 μόνον
1004 5037 1122 5089 ἐστὶ
1149 5037 1478 5112 γλυκύτερα,
1525 5044 1648 5122 οὐδὲ
1695 5047 1884 5120 ἐπειδὴ
1917 5067 2007 5104 το-

325 5115 536 5186 σαύτην
565 5119 828 5189 παρέχειν
851 5120 1071 5176 δύναται
1103 5124 1202 5195 τὴν
1235 5126 1446 5200 ἡδονὴν,
1479 5115 1594 5184 ἀλλ’
1619 5134 1808 5206 ἐπειδὴ
1853 5115 2007 5192 οὐδὲν

322 5205 414 5256 ἓτε
423 5221 516 5273 ρον
537 5202 680 5275 εἶχεν
697 5207 756 5258 ἐν
775 5210 887 5271 τοῖς
906 5209 1188 5280 αἰσθητοῖς
1217 5217 1587 5286 παραϐάλλειν
1609 5224 1681 5306 Ιτῇ
1707 5222 1866 5296 ἡδονῇ
1897 5227 2006 5282 τῶν

323 5289 489 5344 θείων
518 5291 714 5360 λογίων
744 5292 770 5331 ἀ
797 5309 808 5319 ·
856 5295 945 5348 διά
989 5297 1147 5351 τοῦτο
1189 5301 1394 5356 τούτων
1431 5289 1834 5377 μνημόνεύσας,
1862 5312 2006 5368 οὕτω

322 5377 491 5432 πάλιν
546 5379 646 5450 τὴν
694 5381 972 5454 ὑπεροχὴν
1016 5385 1206 5452 ἔδωκε,
1244 5391 1339 5443 καὶ
1391 5391 1490 5463 τὴν
1545 5395 1738 5468 ἡδονὴν
1784 5401 2004 5456 πλείονα

321 5467 529 5538 ἔφησεν
557 5465 694 5522 εἶναι
724 5471 834 5524 τῶν
883 5477 1270 5544 πνευματικῶν
1329 5479 1692 5554 διδαγμάτων.
1733 5488 1823 5559 Τῷ
1853 5491 2004 5563 αὐτῷ

323 5556 516 5608 κανόνι
563 5557 824 5629 εὑρήσεις
871 5561 966 5612 καὶ
1003 5562 1095 5616 τὸν
1137 5566 1372 5636 Χριστὸν
1417 5571 1475 5621 ἐν
1505 5573 1617 5634 τοῖς
1647 5556 2002 5644 Εὐαγγελίοις

321 5646 688 5716 κεχρημένον.
735 5649 865 5701 Ὅτε
913 5649 1020 5722 γὰρ
1053 5655 1165 5717 τοῖς
1221 5657 1490 5728 μαθηταῖς
1548 5661 1849 5731 διελέγετο,
1907 5673 2002 5724 καὶ

321 5732 650 5801 ἐπιθυμοῦσι
703 5733 896 5804 μαθεῖν
945 5739 1043 5810 τὴν
1073 5741 1371 5813 ἑρμηνείαν
1405 5747 1505 5816 τῆς
1542 5751 1862 5822 παραδολῆς
1907 5757 1999 5810 τοῦ

387 5824 414 5851 ⁸
440 5823 796 5898 Σπουῇσομεν.
833 5829 916 5877 Sic
949 5833 1102 5898 ωυιιι
1138 5847 1253 5898 mss:
1281 5841 1332 5882 et
1358 5837 1536 5892 Savil.;
1583 5839 1734 5888 Morel
1783 5851 1997 5898 σπουδά-

321 5901 506 5942 σωμεν.
559 5885 600 5960 ,ξ
623 5885 746 5960 Reg.
789 5897 1004 5960 upl_13_rﬁ
1044 5895 1139 5960 τῶν
1161 5895 1381 5960 άπάντων
1403 5885 1646 5960 maxim.“
1665 5885 1700 5932 7°,

325 5954 511 6014 ιιτιςιει·
541 5948 728 6014 μοι-ιιι.
755 5953 838 6011 qui
866 5948 1011 6002 habét
1035 5957 1126 6009 ῗτὰις
1167 5957 1298 6012 ὕλας.
1337 5959 1436 6014 τοῖς

386 6007 412 6046 ἀ
438 6009 576 6060 Ξενίί
613 6016 663 6060 el
687 6007 784 6062 scx'
814 6027 928 6066 mss.
954 6007 1240 6076 παραϐαλεῖν
1267 6007 1320 6083 τῇ
1351 6007 1491 6084 ἡδονῇ
1523 6027 1614 6074 τῶν
1638 6027 1771 6077 θείων
1794 6031 1980 6086 λογίων,

1549 363 1632 418 ΙΝ
1673 365 1829 418 CAP.
1867 364 1908 418 ll
1952 365 2194 423 GENES.
2239 366 2472 424 IIOMIL.
2509 369 2650 426 XIV.

3721 379 3821 432 “'1

2154 483 2475 554 σπείραντος
2503 487 2566 539 τὸ
2582 487 2746 542 καλὸν
2773 489 2995 560 σπέρμα
3021 491 3080 543 ἐν
3102 491 3178 562 τῷ
3200 493 3374 565 ἀγρῷ,
3401 493 3492 546 καὶ
3512 494 3601 546 τοῦ
3623 493 3818 564 ἐχθροῦ

2151 569 2244 622 τοῦ
2277 571 2346 623 τά
2373 571 2584 634 ζιζάνια
2601 574 2870 645 άναμέσον
2897 577 2988 630 τοῦ
3016 578 3162 632 σίτου
3191 579 3590 650 ἐπεμϐαλόντος
3612 591 3656 636 ε.
3679 582 3822 634 κατά

2155 657 2320 726 μέρος
2361 661 2544 714 πᾶσαν
2573 661 2784 716 διέλυσε
2830 665 2929 734 τὴν
2974 667 3312 738 παραϐολὴν,
3347 667 3518 721 εἰπὼν
3541 669 3626 732 τίς
3657 663 3726 738 ἦν
3759 669 3822 722 τὸ

2152 744 2314 798 καλὸν
2353 746 2572 818 σπέρμα
2606 749 2856 821 σπείρας,
2890 752 2982 804 καὶ
3018 753 3099 816 τίς
3125 755 3153 807 6
3182 755 3372 825 ἀργὸς,
3431 755 3525 808 καὶ
3553 754 3670 808 τίνα
3704 755 3822 806 ἐστὶ

2151 830 2218 883 τά
2248 832 2485 898 ζιζάνια,
2517 836 2612 888 καὶ
2637 836 2720 900 τίς
2755 839 2784 891 6
2826 837 2997 892 ταῦτα
3029 843 3420 912 κατασπείρας,
3455 843 3549 894 καὶ
3591 843 3734 904 τίνες
3769 843 3818 894 οί

2152 917 2478 989 θερίζοντες,
2515 927 2608 976 καὶ
2645 923 2729 988 τίς
2768 928 2797 978 6
2838 925 3114 998 θερισμὸς,
3160 929 3253 982 καὶ
3301 929 3390 980 ὅτε
3424 929 3600 982 πάντα
3631 928 3820 998 σαφῶς

2151 1005 2336 1069 αὐτοῖς
2363 1007 2678 1079 ἐξεκάλυψε,
2708 1011 2829 1064 τότε
2859 1013 3023 1080 φησίν
3044 1030 3056 1042 ·
3113 1016 3176 1067 Ol
3213 1013 3432 1069 δίκαιοι
3473 1015 3820 1084 ἐκλάμψου-

2149 1107 2258 1145 σιν
2280 1094 2362 1160 ὡς
2393 1098 2425 1148 ὁ
2449 1095 2621 1162 ἥλιος
2645 1097 2716 1151 ἐν
2741 1097 2818 1166 τῇ
2842 1099 3131 1168 βασιλείᾳ
3165 1101 3272 1154 τοῦ
3311 1101 3544 1169 Πατρὸς
3567 1101 3766 1156 αὐτῶν
3799 1119 3812 1131 ·

2149 1179 2249 1232 οὑκ
2293 1181 2480 1252 ἐπειδὴ
2511 1185 2778 1255 τοσαύτην
2813 1187 2982 1257 μόνην
3023 1187 3124 1258 τὴν
3154 1189 3474 1260 λαμπηδόνα
3525 1190 3737 1256 ἕξουσιν
3766 1191 3815 1242 οι

2147 1267 2370 1334 δίκαιοι,
2403 1271 2540 1325 ἀλλά
2575 1271 2791 1337 δεικνὺς
2827 1274 2910 1327 ὅτι
2943 1275 3124 1346 πολλῷ
3172 1277 3392 1346 μείζονα
3413 1293 3428 1307 ο
3461 1277 3730 1348 τοσαύτην
3756 1277 3814 1330 δὲ

2149 1351 2324 1418 εἶπεν.
2352 1359 2536 1430 ἐπειδὴ
2579 1359 2800 1430 μείζονα
2824 1362 3028 1433 ταύτης
3057 1365 3242 1420 εἰκόνα
3271 1367 3328 1420 ἐν
3359 1369 3471 1428 τοῖς
3514 1366 3814 1437 ὁρωμένοις

2147 1443 2246 1496 οὐκ
2282 1440 2349 1514 ἦν
2387 1446 2585 1516 εὑρεῖν.
2631 1449 2878 1502 Ἐπειδὰν
2905 1445 2996 1502 οὖν
3025 1468 3078 1504 τι
3099 1451 3338 1506 τοιοῦτον
3363 1453 3704 1524 ἀκούσωμεν,
3739 1453 3814 1524 μὴ

2150 1531 2310 1603 μέχρι
2361 1533 2472 1586 τῶν
2527 1533 2834 1604 λεγομένων
2886 1537 3338 1610 ὲναπομείνωμεν
3361 1579 3378 1604 ,
3438 1539 3574 1593 ἀλλά
3615 1541 3814 1594 ἀναλο-

2147 1613 2429 1683 γιζώμεθα
2455 1615 2566 1668 άπὸ
2612 1617 2722 1670 τῶν
2753 1618 3026 1692 αἰσθητῶν
3052 1623 3146 1676 καὶ
3171 1623 3464 1694 ὁρωμένων
3491 1623 3600 1676 τῶν
3645 1641 3812 1679 πνευ-

2149 1703 2396 1770 ματικῶν
2423 1703 2657 1773 μάλιστα
2689 1704 2787 1775 τὴν
2821 1707 3114 1780 ὑπεροχήν.
3141 1711 3202 1764 Εἰ
3232 1711 3411 1764 τοίνυν
3441 1714 3534 1765 καὶ
3566 1711 3667 1784 τὴν
3693 1715 3814 1766 ἐπι-

2147 1787 2209 1840 θυ
2218 1788 2346 1858 μίαν
2369 1789 2729 1863 σφοδροτέραν
2753 1793 2900 1848 ἐστιν
2918 1795 3153 1850 ἐνταῦθα
3171 1798 3375 1868 εὑρεῖν,
3394 1799 3490 1854 καὶ
3505 1799 3602 1870 τὴν
3623 1799 3814 1871 ἡδονὴν

2145 1877 2540 1948 ἀκριϐεστέραν
2575 1879 2714 1948 (θεία
2741 1882 2848 1952 γάρ
2877 1884 2994 1936 ἐστι
3025 1884 3094 1938 τὰ
3133 1884 3288 1953 λόγια
3320 1885 3416 1940 καὶ
3446 1889 3810 1957 πνευματικά,

2143 1965 2236 2018 καὶ
2263 1964 2462 2036 πολλὴν
2499 1965 2774 2038 δυνάμενα
2803 1969 3004 2024 τίκτειν
3029 1974 3096 2044 τῇ
3138 1973 3285 2045 ψυχῇ
3331 1975 3434 2046 τὴν
3469 1975 3812 2046 εὐφροσύνην

2142 2053 2240 2122 τὴν
2268 2057 2684 2128 πνευματικὴν),
2721 2058 2860 2128 μετά
2881 2059 3074 2112 πολλοῦ
3102 2061 3196 2114 τοῦ
3224 2061 3414 2127 πόθου,
3453 2063 3550 2116 καὶ
3580 2063 3814 2136 σφοδρᾶς

2141 2141 2240 2211 τῆς
2270 2141 2563 2212 ἐπιθυμίας
2588 2143 2688 2208 τὰς
2711 2144 2880 2210 ἀκοὰς
2918 2147 3208 2219 ὑπέχωμεν
3233 2151 3346 2214 τοῖς
3374 2149 3706 2223 λεγομένοις,
3724 2152 3813 2205 ἵνα

2095 2265 2100 2270 ς
2140 2227 2230 2280 τὸν
2272 2228 2446 2301 ἀληθῆ
2479 2230 2710 2284 πλοῦτον
2765 2233 3010 2287 ἐντεῦθεν
3052 2235 3265 2300 ἑαυτοῖς
3299 2240 3810 2312 περιποιησάμενοι,

2140 2316 2234 2368 καὶ
2263 2315 2400 2386 πρὸς
2432 2316 2528 2388 τὴν
2559 2318 2704 2372 κατά
2727 2319 2859 2373 Θεὸν
2887 2321 3210 2390 φιλοσοφίαν
3235 2323 3406 2379 πολλά
3428 2325 3712 2397 δεξάμενοι
3743 2327 3813 2379 τά

2141 2401 2452 2474 σπέρματα,
2477 2403 2649 2469 οὕτως
2673 2407 2858 2459 οἴκαδε
2881 2409 3246 2480 ἀναχωρῶμει

2210 2489 2273 2559 β’.
2313 2491 2660 2564 Ἀκούσωμεν
2685 2494 2864 2548 τοίνυν
2887 2497 3010 2550 τίνα
3042 2497 3162 2550 ἐστὶ⁸
3193 2499 3263 2554 τά
3294 2501 3535 2574 σήμερον
3561 2501 3811 2570 άναγυω-

2139 2575 2333 2631 σθέντα
2353 2594 2367 2607 ·
2405 2579 2540 2633 ἀλλά
2564 2581 2874 2636 συντείνατέ
2906 2601 2995 2654 μοι
3037 2585 3138 2657 τὴν
3177 2587 3416 2642 διάνοιαν
3445 2629 3459 2654 ,
3503 2589 3599 2642 καὶ
3629 2591 3811 2644 πᾶσαν

2137 2663 2410 2736 ῥᾳθυμίαν
2435 2667 2912 2740 άποτιναξάμενοι,
2945 2671 3038 2724 καὶ
3069 2673 3324 2745 φροντίδα
3359 2674 3640 2746 βιωτικὴν,
3665 2675 3812 2730 οὕτω

2134 2753 2244 2815 τοῖς
2279 2751 2593 2825 λεγομένοις
2619 2757 2917 2827 προσέχετε
2937 2772 2952 2789 ⁸
2985 2757 3118 2812 θεῖοι
3147 2760 3254 2832 γάρ
3291 2762 3396 2814 είσι
3429 2762 3584 2832 νόμοι
3603 2763 3811 2818 ἄνωθεν

2133 2839 2200 2892 ἐκ
2239 2839 2350 2895 τῶν
2401 2842 2648 2912 οὐρανῶν
2692 2845 3113 2916 κατενεχθέντες
3149 2848 3239 2902 διὰ
3273 2849 3374 2922 τὴν
3407 2851 3681 2922 σωτηρίαν
3710 2853 3810 2923 τὴν

2135 2926 2430 2999 ἡμετέραν.
2458 2929 2522 2982 Εἰ
2552 2930 2662 3002 γὰρ
2687 2930 2981 3002 βασιλικῶν
3001 2936 3344 3007 γραμμάτων
3365 2937 3810 3010 ἀναγινωσκομέ-

2131 3031 2238 3068 νων
2254 3013 2424 3087 «om,
2445 3015 2650 3084 γίνεται
2672 3020 2704 3089 ἡ
2731 3019 2951 3090 ἡσυχία,
2973 3023 3068 3074 καὶ
3090 3025 3198 3086 πᾶς
3225 3021 3472 3095 θόρυϐος,
3487 3025 3581 3079 καὶ
3596 3026 3808 3098 ταραχὴ

2131 3099 2397 3160 ἐκποδὼν,
2431 3103 2650 3158 πάντων
2671 3107 3096 3177 συντεταμέναις
3143 3111 3266 3173 ταῖς
3309 3110 3498 3175 ἀκοαῖς
3560 3112 3809 3166 ἑστώτων

2132 3188 2227 3241 καὶ
2253 3189 2664 3260 ἐπιθυμούντων
2695 3193 2948 3260 ἀκοῦσαι,
2973 3195 3098 3250 τίνα
3122 3198 3271 3250 ἐστὶν
3291 3197 3329 3252 ἂ.
3354 3197 3508 3269 δηλοῖ
3531 3199 3600 3254 τά
3625 3201 3807 3272 γράμ-

2133 3293 2282 3345 ματα
2307 3276 2376 3330 τά
2400 3277 2673 3348 βασιλικά,
2704 3281 2799 3334 καὶ
2823 3281 3066 3347 κίνδυνος
3094 3284 3348 3354 μέγιστος
3381 3287 3570 3341 ἕπεται
3597 3287 3682 3358 τῷ
3701 3289 3806 3343 κᾶν

2130 3364 2268 3435 πρὸς
2297 3364 2473 3436 βραχὺ
2499 3367 2884 3438 θορυϐήσαντι,
2921 3371 3016 3424 καὶ
3057 3373 3378 3444 δισκόψαντι
3401 3375 3510 3428 τῶν
3534 3379 3808 3447 ἀναγινω-

2130 3452 2410 3522 σκομένων
2429 3453 2529 3526 τὴν
2563 3455 2914 3530 ἀκολουθίαν·
2943 3459 3124 3531 πολλῷ
3150 3462 3354 3532 μᾶλλον
3377 3463 3614 3518 ἐνταῦθα
3663 3466 3805 3536 μετά

2126 3539 2293 3606 φόϐου
2325 3539 2419 3592 καὶ
2445 3541 2646 3612 τρόμου
2680 3543 2901 3598 ἑστάναι
2930 3545 3027 3612 δεῖ,
3059 3549 3154 3600 καὶ
3176 3548 3376 3620 πολλὴν
3407 3549 3669 3622 παρέχειν
3703 3553 3802 3623 τὴν

2126 3627 2284 3698 σιγὴν
2319 3627 2362 3694 ί,
2391 3631 2618 3684 καὶτῶν
2651 3632 2927 3704 λογισμῶν
2949 3636 3047 3707 τὴν
3063 3639 3308 3708 ταραχὴν
3337 3639 3684 3708 φυγαδεύειν,
3714 3642 3803 3695 ἵνα

2123 3717 2218 3769 καὶ
2251 3717 2490 3772 συνιέναι
2527 3719 2794 3791 δυνηθῆτε
2826 3721 2897 3775 τά
2924 3722 3224 3794 λεγόμενα,
3281 3725 3377 3781 καὶ
3405 3727 3504 3798 τῆς
3552 3727 3802 3798 ὑπακοῆς

2121 3803 2522 3876 ἀποδεξάμενος
2561 3807 2708 3877 ὑμᾶς
2745 3809 2774 3860 ὁ
2812 3807 3064 3878 βασιλεὺς
3087 3811 3196 3865 τῶν
3229 3813 3496 3883 οὐρανῶν,
3535 3814 3801 3885 μειζόνων

2121 3891 2428 3965 καταξιώσῃ
2457 3893 2564 3947 τῶν
2585 3895 2818 3967 δωρεῶν.
2856 3897 3080 3966 Ἴδωμεν
3103 3899 3280 3954 τοίνυν
3309 3901 3364 3954 τί
3385 3901 3627 3957 διδάσκει
3651 3905 3802 3975 ἡμᾶς

2119 3980 2215 4033 καὶ
2247 3979 2342 4034 νῦν
2367 3983 2396 4034 ὁ
2430 3982 2701 4054 μακάριος
2723 3985 2986 4056 Μωύσῆς,
3037 3986 3137 4041 οὑκ
3187 3989 3364 4059 οἰκεία
3395 3988 3546 4062 [108]
3583 3989 3798 4062 γλώττῃ

2123 4068 2284 4138 μόνον
2324 4068 2496 4122 ταῦτα
2526 4070 2726 4140 λέγων,
2757 4073 2874 4126 ἀλλ’
2907 4073 3013 4126 ὑπὸ
3045 4075 3145 4145 τῆς
3177 4075 3272 4129 τοῦ
3297 4077 3610 4149 Πνεύματος
3639 4079 3799 4150 χάρι-

2118 4171 2210 4219 τος
2229 4157 2609 4227 ἐνηχούμενος.
2635 4159 2746 4214 Καὶ
2764 4160 2963 4225 ἔλαϐε,
2993 4161 3182 4233 φησὶν,
3207 4166 3423 4232 Κύριος
3451 4169 3484 4219 ὀ
3511 4165 3657 4233 Θεὸς
3691 4166 3798 4220 τὸν

2119 4243 2450 4314 ἄνθρωπον,
2483 4246 2557 4300 ὃν
2593 4247 2843 4303 ἔπλασε.
2893 4249 3092 4312 Καλῶς
3140 4251 3344 4316 εὐθέως
3395 4253 3462 4306 ἐκ
3491 4254 3796 4325 προοιμίων

2115 4331 2184 4385 τά
2210 4332 2303 4386 δύο
2336 4333 2580 4388 τέθεικεν
2607 4351 2619 4365 ·
2653 4337 2774 4390 οὐδὲ
2798 4337 2910 4408 γάρ
2937 4334 3079 4404 εἷπε,
3111 4340 3352 4408 Κύριος,
3393 4342 3488 4395 καὶ
3513 4341 3792 4413 ἐσίγησεν,

2118 4418 2255 4472 ἀλλά
2284 4421 2614 4492 προσέθηκε,
2642 4421 2704 4475 '0
2737 4424 2900 4489 Θεὸς,
2925 4424 3186 4479 λανθάνον
3207 4443 3260 4479 τι
3289 4429 3383 4481 καὶ
3406 4428 3793 4498 κεκρυμμένον

2117 4506 2363 4560 ἐντεῦθεν
2393 4511 2542 4578 ἡμᾶς
2567 4509 2854 4575 διδάσκων,
2882 4512 2970 4566 ἵνα
2998 4513 3198 4569 εἰδέναι
3219 4515 3456 4587 ἔχωμεν,
3484 4517 3566 4570 ὅτι
3598 4517 3699 4570 κάν
3728 4534 3789 4569 τε

2115 4593 2320 4666 Κύριον
2339 4595 2682 4668 ἀκούσωμεν,
2720 4601 2822 4654 κάν
2853 4617 2912 4653 τε
2942 4601 3095 4665 Θεὸν,
3125 4603 3348 4675 οὐδεμία
3372 4605 3430 4659 ἐν
3455 4608 3568 4670 τοῖς
3592 4605 3789 4677 ὀνόμα-

2116 4682 2200 4734 σίν
2231 4685 2346 4736 ἐστι
2376 4685 2628 4756 διαφορά.
2677 4686 2878 4740 Τούτου
2927 4689 2986 4742 δὲ
3023 4689 3118 4743 νῦν
3147 4691 3246 4762 οὐχ
3299 4691 3487 4756 ἀπλῶς
3539 4694 3787 4766 ἐμνημό-

2111 4785 2301 4834 νευσα,
2341 4770 2456 4824 ἀλλ’
2497 4773 2582 4826 ἵνα
2611 4774 2742 4828 ὅταν
2801 4775 3046 4849 ἀκούσῃς
3098 4777 3312 4832 Παύλου
3376 4779 3646 4848 λέγοντος,
3679 4779 3786 4850 Εἷς

2114 4857 2258 4924 Θεὸς
2286 4861 2318 4912 ό
2340 4859 2564 4928 Πατὴρ,
2595 4861 2664 4926 ἐξ
2684 4858 2757 4917 οὗ
2775 4862 2848 4916 τὰ
2867 4863 3064 4918 πάντα
3077 4861 3280 4930 καλεῖς
3297 4868 3512 4936 Κύριος
3545 4871 3786 4938 Ἰησοῦς

2122 4945 2412 5013 Χριστὸς,
2467 4947 2541 5001 δι’
2577 4945 2648 5004 οὗ
2696 4949 2768 5003 τὰ
2809 4949 3042 5017 πάντα,
3107 4953 3180 5023 μὴ
3239 4955 3468 5029 νομίσῃς
3515 4955 3783 5030 διαφοράν

2109 5027 2248 5088 εἶναι
2276 5035 2334 5086 ἐν
2365 5037 2484 5098 ταῖς
2508 5035 2707 5102 λέξεσι,
2737 5037 2832 5090 καὶ
2863 5037 2964 5108 τὴν
2992 5039 3089 5109 μὲν
3115 5040 3300 5110 μεῖζόν
3329 5060 3382 5095 τι
3408 5027 3644 5115 -δηλοῦν,

2107 5121 2162 5174 δὲ
2193 5122 2431 5177 ἔλαττον.
2468 5123 2568 5178 Διά
2601 5125 2760 5178 τοῦτο
2784 5126 2878 5180 καὶ
2906 5127 3255 5198 ἀδιαφόρωςε
3281 5131 3314 5201 ἡ
3343 5132 3532 5203 Γραφὴ
3571 5133 3782 5198 τούτοις

2109 5208 2374 5282 κέχρηται
2423 5214 2537 5276 τοῖς
2572 5211 2852 5282 ὀνόμασιν,
2910 5214 2998 5266 ἵνα
3035 5214 3110 5286 μὴ
3153 5215 3248 5288 ἐξῇ
3299 5221 3412 5282 τοῖς
3461 5221 3780 5288 φιλονείκως

2105 5295 2466 5367 διακειμένοις
2499 5299 2560 5352 τὸ
2585 5297 2646 5364 ἐξ
2673 5299 2886 5362 οἰκείας
2907 5301 3162 5366 ὑπονοίας
3190 5304 3541 5377 ἐπεισφέρειν
3568 5310 3632 5380 τῇ
3670 5308 3778 5362 τῶν

2103 5379 2388 5450 δογμάτων
2404 5381 2674 5451 ὀρθότητι.
2691 5382 2800 5435 Καὶ
2823 5382 2910 5436 ἵνα
2929 5383 3107 5455 μάθῃς
3129 5386 3204 5449 ὡς
3225 5388 3378 5442 οὐδὲν
3397 5390 3506 5443 τῶν
3519 5392 3777 5445 τοιούτων

2107 5467 2643 5538 παρατετηρημένως
2695 5472 2786 5522 καὶ
2818 5471 3368 5543 ἀποκεκληρωμένως
3415 5475 3711 5548 φθέγγεται
3741 5479 3775 5550 ἡ

2106 5551 2224 5604 θεία
2253 5553 2464 5623 Γραφὴ,
2512 5552 2572 5617 ἐξ
2617 5555 2781 5608 αὐτοῦ
2831 5555 2926 5608 τοῦ
2961 5557 3055 5610 νῦν
3087 5557 3380 5630 λεγομένου
3411 5563 3604 5618 σκόπει
3632 5567 3775 5634 μετὰ

2105 5637 2406 5709 ἀκριϐείας.
2465 5639 2572 5692 Καὶ
2611 5639 2808 5704 ἔλαϐε,
2845 5643 3016 5712 φησὶ,
3073 5643 3289 5711 Κύριος
3326 5647 3358 5700 ὸ
3414 5648 3577 5713 Θεός.
3637 5649 3776 5720 Περὶ

2103 5727 2247 5788 τίνος
2279 5724 2436 5776 τοῦτο
2483 5725 2730 5796 βούλεται
2777 5727 3026 5798 εἰρῆσθαι
3059 5730 3089 5780 6
3144 5731 3452 5801 αἰρετικός;
3487 5735 3622 5806 Περὶ
3677 5735 3772 5790 τοῦ

2107 5811 2317 5882 Πατρὸς
2345 5811 2541 5881 μόνου;
2574 5813 2788 5878 Καλῶς.
2825 5817 3022 5868 Ἀκουε
3073 5816 3252 5872 τοίνυν
3302 5821 3516 5874 Παύλου
3591 5821 3770 5891 λέγον-

2167 5915 2190 5940 c
2227 5901 2322 5972 ᾼΙίί
2355 5899 2744 5972 ἐπεμβάλλοντος.
2761 5903 2903 5972 _]_nfra
2926 5905 3126 5972 Coislin:
3140 5905 3262 5972 τίνες
3283 5911 3327 5956 οἱ
3351 5911 3643 5972 θεράποντες,
3687 5913 3769 5960 καὶ

2099 5965 2166 6020 τίς
2191 5964 2333 6031 ὀ-θερ.
2397 5961 2425 6031 ξ
2454 5963 2625 6031 ξανθῆς..
2647 5965 2844 6031 1_1_oisli_q.
2873 5971 2938 6031 el._
2960 5973 3061 6031 lges
3081 5969 3168 6031 _a_|ii
3198 5961 3282 6024 τήν
3303 5961 3458 6031 σιγήν,
3485 5961 3658 6020 ΜυτιιῙ.
3683 5985 3770 6030 την

2098 6025 2324 6082 σπουδήν.
2396 6025 2418 6064 Β
2450 6025 2530 6073 Sil:
2555 6025 2703 6074 Saﬂl.
2720 6033 2769 6076 cl
2789 6025 2940 6076 Morel
2968 6027 3170 6078 Coislin.
3193 6037 3244 6080 ει
3266 6025 3456 6082 sex'ami
3483 6035 3724 6097 διαφόρως.
