4038 6394
267 388 383 440 1Ιῦ

277 518 386 565 τος,
436 495 537 569 Εἷς
589 504 734 571 Θεὸς
769 508 802 560 o'
831 505 1051 574 Πατὴρ,
1096 507 1165 572 ἐξ
1220 504 1294 564 οὗ
1327 509 1400 563 τὰ
1434 510 1651 571 πάντα.
1697 511 1795 565 καί
1843 509 1947 580 Εἷς

276 590 486 658 Κύριος
518 592 757 658 Ἰησοῦς
780 593 1053 661 Χριστὸς,
1081 594 1156 648 δι’
1183 592 1256 652 οὗ
1282 597 1354 651 τὰ
1380 596 1596 651 πάντα.
1638 599 1802 671 Ὁρᾷς
1831 599 1948 666 πῶς

275 678 353 740 τὸ,
379 677 602 748 Κύριος,
627 681 798 750 δνομα
824 681 901 753 τῷ
921 682 1035 753 Υίῷ
1064 685 1367 755 προσένεμε
1387 702 1402 749 ς
1426 686 1490 737 Τί
1522 685 1588 740 ἂν
1631 683 1722 740 οὖν
1745 687 1948 740 εἴποιεν

275 764 396 835 τὴν,
434 763 674 834 Κύριος,
736 770 1107 841 προσηγορίαν
1161 771 1386 842 μείζονα
1429 768 1570 826 εἶναι
1619 775 1714 828 τοῦ
1765 777 1949 841 Θεός;

287 853 478 925 Ὁρᾶτε
516 855 638 907 ὅσον
675 855 735 909 τὸ
794 857 1017 922 ἄτοπον,
1068 860 1161 912 καὶ
1218 859 1318 930 δση
1363 861 1462 930 τῆς
1516 861 1863 932 βλασφημίας
1912 865 1946 932 ή

276 941 546 1006 ἐπίτασις.
587 943 760 996 Ὅταν
793 945 904 1016 γάρ
954 945 1028 1018 μὴ
1083 945 1340 1018 βούληταί
1388 965 1472 1012 τις
1504 949 1794 1019 ἀνέχεσθαι
1848 968 1949 1004 κα-

277 1027 617 1081 τακολουθεῖν
661 1031 739 1100 τῴ
782 1033 971 1085 κανόνι
1004 1033 1105 1103 τῆς
1151 1033 1304 1098 θείας
1358 1034 1602 1106 Γραφῆς,
1647 1037 1779 1090 ἀλλά
1838 1040 1952 1100 τοῖς

276 1115 498 1178 οἰκείοις
543 1117 824 1187 λογισμοῖς
862 1118 1036 1173 ἐθέλοι
1087 1120 1290 1174 διδόναι
1334 1119 1540 1193 χώραν,
1574 1124 1829 1194 ταράττει
1854 1125 1952 1194 τὴν

277 1203 550 1268 διάνοιαν,
608 1207 701 1260 καὶ
756 1207 1090 1280 λογομαχίας
1150 1210 1246 1264 καὶ
1299 1209 1559 1282 ζητήσεις
1612 1212 1953 1283 ἀπεράντους

278 1293 532 1364 ἐπιφέρει
559 1296 624 1366 τῇ
664 1295 808 1363 ὑγιεί
832 1295 940 1348 τῶν
971 1297 1258 1368 δογμάτων
1295 1299 1568 1370 ὀρθότητι.
1599 1301 1708 1354 Kal
1749 1301 1950 1367 ἔλαϐε,

279 1380 466 1448 φησὶν,
491 1383 701 1448 Κύριος
734 1385 768 1436 ό
803 1385 949 1450 Θεὸς
985 1385 1092 1438 τὸν
1113 1384 1446 1453 ἄνθρωπον,
1479 1387 1552 1441 ὃν
1573 1389 1824 1452 ἔπλασε,
1853 1389 1951 1443 καὶ

279 1467 449 1520 ἔθετο
483 1469 671 1521 αὐτὸν
694 1469 763 1522 ἐν
797 1469 876 1536 τῷ
926 1472 1270 1539 παραδείσῳ
1306 1473 1419 1543 τῆς
1443 1473 1696 1544 τρυφῆς,
1727 1475 1956 1546 ἐργάζε-

281 1557 419 1608 σθαι
457 1555 643 1609 αὐτὸν
669 1557 765 1611 καί
797 1558 1164 1626 φυλάσσειν.
1191 1561 1334 1631 Ὅρα
1369 1562 1508 1634 πόσῃ
1533 1562 1798 1635 κέχρηται
1822 1581 1956 1636 προ-

283 1641 402 1711 νοίᾳ
432 1643 562 1711 περὶ
594 1642 689 1696 τόν
733 1644 1211 1718 δημιουργηθέντα
1241 1647 1551 1720 ἄνθρωπον.
1597 1649 1815 1722 Ἐπειδὴ
1846 1651 1956 1722 γάρ

283 1728 409 1797 χθὲς
459 1730 700 1797 ἐδίδαξεν
753 1734 900 1802 ἡμᾶς
947 1735 975 1786 ὁ
1017 1735 1288 1807 μακάριος
1341 1738 1586 1810 Μωῢσῆς
1621 1738 1818 1808 λέγων,
1871 1739 1956 1792 δτι

296 1816 666 1885 Ἐφύτευσεν
698 1822 732 1872 ό
771 1819 913 1886 Θεὸς
939 1821 1045 1874 τὸν
1076 1822 1471 1889 παράδεισον,
1507 1825 1609 1879 καὶ
1641 1826 1809 1880 ἔθετο
1833 1825 1963 1878 ἐκεῖ

287 1902 394 1954 τὸν
421 1902 766 1972 ἄνθρωπον·
799 1907 924 1960 ἀντὶ
961 1908 1080 1971 τοῦ,
1133 1909 1430 1981 Ἐϐουλήθη
1474 1911 1592 1964 ἐκεῖ
1609 1911 1771 1965 αὐτὸν
1812 1910 1957 1981 ἐχειν

286 1990 347 2043 τὸ
383 1993 722 2063 οἰκητήριον,
757 1995 851 2046 καὶ
886 1996 1256 2050 ἐνδιαιτᾶσθαι
1298 2001 1364 2070 τῇ
1411 1997 1709 2053 ἀπολαύσει
1731 1998 1824 2052 τοῦ
1850 2016 1957 2052 πα-

291 2077 543 2149 ραδείσου
563 2095 576 2108 ·
608 2081 848 2151 σήμερον
876 2082 1036 2136 πάλιν
1052 2082 1326 2138 δείκνυσιν
1353 2087 1486 2156 ἡμῖν
1510 2085 1613 2156 τῆν
1638 2086 1845 2155 ἄφατον
1860 2086 1957 2139 τοῦ

286 2163 422 2218 Θεοῦ
453 2165 882 2237 φιὶακιθρωπίαν.
935 2169 1003 2240 ῆν
1049 2171 1177 2242 περὶ
1225 2171 1385 2224 αὐτὸν
1426 2172 1830 2239 ἐπιδείκνυται,
1865 2173 1960 2226 καὶ

287 2254 760 2324 ἐπαναλαμϐάνων
805 2257 896 2309 τὸν
935 2257 1092 2325 λόγον
1131 2258 1292 2329 φησί·
1328 2260 1434 2312 Kal
1461 2259 1643 2314 ἔλαϐε
1678 2262 1893 2328 Κύριος
1926 2263 1960 2315 ὁ

290 2341 434 2409 Θεὸς
471 2343 579 2398 τὸν
598 2344 1037 2413 ἅνθρωπον,·ὃν
1065 2347 1321 2407 ἔπλασε.
1355 2347 1453 2401 καὶ
1487 2349 1654 2402 ἔθετο
1673 2349 1861 2404 αὐτὸν
1891 2350 1962 2404 ἐν

285 2430 370 2494 τῷ
401 2431 746 2500 παραδείσῳ
772 2431 884 2502 τῆς
910 2432 1162 2502 τρυφῆς.
1191 2436 1303 2506 Ούχ
1337 2435 1521 2499 ἀπλῶς
1549 2433 1720 2500 εἶπεν,
1753 2438 1854 2491 Ἐν
1881 2437 1962 2502 τῷ

289 2519 656 2586 παραδείσῳ,
707 2521 843 2575 ἀλλά
890 2522 1220 2594 προσέθηκε,
1279 2524 1394 2593 Τῆς
1435 2525 1686 2594 τρυφῆς,
1737 2527 1824 2580 ἴνα
1860 2527 1962 2596 τὴν

291 2608 734 2678 ὑπερϐάλλουσαν
775 2609 966 2681 ἡδονὴν
1010 2606 1078 2684 ἦς
1133 2613 1467 2682 ἀπήλαυενει
1519 2615 1584 2668 ἐκ
1627 2615 1727 2686 τῆς
1773 2615 1961 2668 αὐτόθι

289 2698 411 2767 οἱκή
424 2713 578 2758 σεως,
600 2698 818 2770 ἐμφήνῃ
857 2701 988 2769 ἡμῖν
1015 2716 1029 2729 ⁸
1079 2700 1174 2753 καί
1205 2699 1395 2766 είπὼν,
1436 2701 1646 2755 Ἕθετο
1675 2702 1864 2756 αὑτὸν
1893 2703 1962 2755 ἑν

289 2784 372 2849 τῷ
405 2785 750 2852 παραδείσῳ
775 2786 885 2855 τῆς
923 2785 1176 2855 τρυφῆς,
1219 2788 1408 2858 φησιν,
1451 2787 1827 2858 Ἐργάζεσθαι
1851 2790 1959 2842 αὑ-

291 2874 400 2926 τὸν
449 2874 548 2927 καί
601 2875 966 2943 φυλάσσειν.
1009 2876 1218 2947 Πολλῆς
1269 2877 1364 2930 καὶ
1413 2876 1574 2930 τοῦτο
1611 2877 1959 2949 κηδεμονίας.

305 2964 522 3035 Ἐπειδὴ
558 2966 666 3036 γὰρ
698 2965 910 3034 τρυφῆς
931 2965 1152 3036 ἀπάσης
1174 2965 1534 3036 ἐπεπλήρωτο
1560 2969 1594 3037 ἡ
1621 2967 1810 3021 αὐτόθι
1850 2967 1960 3021 δια-

292 3053 468 3123 γωγὴ,
505 3053 599 3105 καὶ
619 3052 714 3122 τὴν
736 3053 845 3106 ἀπὸ
866 3053 964 3122 τῆς
1003 3053 1132 3114 Θέας
1155 3052 1345 3123 τέρψιν
1378 3052 1596 3123 ἔχουσα,
1621 3055 1715 3108 καὶ
1735 3055 1833 3126 τὴν
1857 3055 1966 3108 ἀπὸ

293 3141 393 3210 τῆς
442 3139 796 3203 ἀπολαύσεως
849 3138 1210 3211 εὐφροσύνην,
1247 3140 1334 3192 ἵνα
1366 3140 1440 3212 μὴ
1487 3141 1868 3214 ἀποσκιρτήσῃ
1902 3144 1966 3195 ἐκ

294 3230 394 3298 τῆς
447 3227 896 3299 ὑπερϐαλλούσης
939 3227 1176 3291 ἀνέσεως
1202 3228 1232 3279 ὁ
1259 3227 1544 3298 ἄνθρωπος
1601 3226 1833 3297 (Πᾶσαν
1859 3229 1967 3298 γὰρ

296 3316 413 3382 τὴν
435 3316 656 3368 κακίαν
675 3315 936 3378 ἐδίδαξε,
970 3315 1154 3385 φησὶν,
1185 3315 1222 3381 ἡ
1258 3315 1478 3386 ἀργία),
1505 3315 1593 3369 διά
1618 3316 1776 3369 τοῦτο
1805 3334 1969 3390 προσ-

191 3409 194 3412 ’
298 3404 483 3469 έταξεν
513 3403 674 3457 αὑτὸν
706 3401 1032 3474 ἐργάζεσθαι
1077 3404 1170 3456 καὶ
1210 3403 1527 3472 φυλάσσειν.
1571 3404 1635 3456 Τί
1675 3401 1788 3466 οὖν,
1815 3405 1966 3474 φησὶ,

297 3491 398 3559 τῆς
420 3492 546 3562 παρ’
568 3490 736 3544 αὐτοῦ
752 3489 1069 3559 ἐπιμελείας
1099 3491 1268 3544 ἐδεῖτο
1293 3491 1321 3542 ὁ
1337 3491 1663 3562 παράδεισος
1682 3509 1696 3558 ;
1722 3493 1796 3545 Οὐ
1813 3491 1972 3545 τοῦτο

298 3580 463 3647 λέγω,
493 3578 629 3632 ἀλλά
659 3577 928 3648 ἐϐουλήθη
963 3577 1099 3650 τέως
1143 3577 1346 3649 μικράν
1378 3596 1497 3631 τινα
1528 3579 1622 3631 καὶ
1658 3580 1971 3650 σύμμετρον

301 3667 462 3719 αὑτὸν
498 3665 643 3736 ἐχειν
673 3664 826 3736 [109]
869 3665 1142 3736 μέριμναν
1173 3665 1300 3734 περί
1325 3682 1383 3718 τε
1411 3663 1510 3736 τὴν
1544 3665 1811 3737 φυλακὴν,
1846 3665 1973 3736 περί

301 3773 359 3808 τε
387 3755 484 3825 τὴν
504 3753 784 3824 ἐργασίαν.
819 3753 880 3806 Εἰ
909 3753 1017 3823 γὰρ
1033 3752 1194 3805 πόνου
1222 3753 1422 3815 παντὸς
1448 3747 1517 3823 ἦν
1535 3753 1971 3823 ἀπηλλαγμένος,

303 3842 465 3904 εὐθὺς
498 3841 786 3895 ἀπέκλινεν
816 3840 882 3893 ἀν
920 3841 1055 3910 πρὸς
1113 3839 1388 3911 ρᾳθυμίαν
1417 3839 1584 3910 πολλῇ
1637 3840 1975 3911 κεχρημένος

302 3930 521 3982 ἀνέσει’
570 3929 664 3981 νῦν
708 3929 762 3981 δὲ
801 3927 1166 3998 ἐργαζόμενος
1211 3926 1474 3998 ἐργασίαν
1501 3927 1769 3981 ἀνώδυνόν
1806 3945 1928 3982 τινα
1958 3968 1973 3992 ,

306 4018 402 4070 καὶ
431 4015 808 4085 ταλαιπωρίας
835 4016 1019 4080 ἐκτὸς,
1045 4015 1483 4086 σωφρονέστερον
1507 4015 1574 4069 ἀν
1602 4015 1836 4088 διετέθη.
1868 4016 1976 4070 Καὶ

303 4108 368 4158 τὸ
391 4108 564 4158 εἰπεῖν
589 4105 666 4164 δὲ,
703 4106 784 4157 δτι
832 4103 1178 4157 Φυλάσσειν
1206 4103 1255 4167 δ,
1285 4105 1383 4174 οὐχ
1411 4103 1598 4166 ἀπλῶς
1633 4103 1976 4175 πρόσκειται,

288 4194 445 4249 ἀλλά
468 4193 870 4262 συγκατάϐασίς
895 4193 1010 4244 ἐστι
1053 4191 1162 4242 τῶν
1193 4192 1474 4262 ῥημάτων,
1513 4193 1600 4245 ἵνα
1623 4191 1758 4255 ὅλως
1777 4191 1978 4245 εἰδέναι

307 4283 426 4353 ἔχῃ,
458 4281 641 4350 φησὶν,
667 4280 748 4332 ὅτι
779 4278 1062 4332 ὑπόκειταί
1085 4295 1194 4331 τινι
1223 4279 1457 4350 δεσπότῃ
1481 4278 1560 4348 τῷ
1586 4278 1683 4349 τὴν
1711 4279 1980 4350 τοσαύτην

307 4369 608 4422 ἀπόλαυσιν
646 4365 794 4436 αὑτῷ
826 4365 1198 4436 χαρισαμένῳ,
1226 4367 1320 4420 καὶ
1347 4366 1483 4438 μετά
1509 4367 1608 4438 τῆς
1631 4366 1980 4430 ἀπολαύσεως

307 4457 406 4526 τὴν
445 4453 691 4524 φυλακὴν
731 4453 1100 4525 ἐπιτρέψαντι.
1150 4453 1333 4508 Πάντα
1365 4453 1475 4525 γάρ
1501 4456 1646 4506 ποιεῖ
1669 4455 1698 4507 ὁ
1725 4453 1856 4518 Θεὸς
1886 4455 1982 4508 καὶ

308 4543 756 4616 πραγματεύεται
775 4542 863 4594 διά
891 4541 988 4612 τὴν
1013 4541 1277 4610 ὠφέλειαν
1298 4542 1395 4614 τὴν
1411 4542 1704 4613 ἡμετέραν,
1732 4542 1824 4595 καὶ
1843 4541 1982 4612 μετά

307 4631 499 4684 τούτου
540 4630 636 4683 καὶ
679 4629 779 4698 τὴν
829 4628 1130 4681 ἀπόλαυσιν
1161 4629 1253 4682 καὶ
1274 4629 1371 4700 τὴν
1396 4630 1578 4684 άνεσιν
1606 4630 1878 4700 δωρεῖται.
1917 4630 1980 4681 Εἰ

308 4719 418 4790 γὰρ
443 4719 532 4772 διά
569 4717 668 4787 τὴν
721 4715 1166 4786 ὑπερϐάλλουσαν
1211 4716 1374 4769 αὐτοῦ
1411 4716 1847 4788 φιλανθρωπίαν,
1889 4717 1982 4770 καὶ

311 4807 603 4879 πρὶνήμᾶς
626 4806 973 4875 παραγαγεῖν
1000 4803 1066 4856 τά
1097 4803 1384 4875 ἀπόρρητα
1432 4807 1613 4858 ἐκεῖνα
1642 4807 1773 4875 ἡμῖν
1803 4804 1982 4873 ἀγαθά

309 4897 628 4968 ηὐτρέπισε,
664 4895 847 4959 καθὼς
887 4894 1050 4958 αὐτὸς
1078 4894 1252 4963 λέγει·
1290 4897 1468 4950 Δεῦτε
1494 4899 1546 4950 οἱ
1591 4895 1983 4966 εὐλογημένοι

309 4986 416 5039 τοῦ
441 4983 670 5050 Πατρός
695 5000 835 5051 μου,
867 4981 1364 5050 κληρονομήσατε
1399 4983 1512 5048 τὴν
1537 4983 1985 5050 ἡτοιμασμένην

311 5065 453 5133 ’ὑμῖν
476 5065 807 5129 βασιλείαν
837 5065 952 5132 πρὸ
985 5064 1319 5131 καταϐολῆς
1351 5066 1603 5132 κόσμου·
1640 5066 1816 5136 πολλῴ
1849 5067 1986 5138 μάλ-

313 5149 402 5202 λον
423 5148 492 5201 τὰ
515 5147 748 5201 ἐνταῦθα
768 5148 945 5200 πάντα
986 5149 1123 5218 μετά
1144 5147 1421 5217 δαψιλείας
1454 5147 1700 5218 παρέξει.

381 5231 449 5300 γ’.
488 5231 642 5284 Ἐπεὶ
666 5225 758 5284 οῦν
781 5229 1048 5294 τοσαύτας
1083 5229 1402 5300 εὐεργεσίας
1435 5232 1514 5290 εἰς
1540 5233 1629 5282 τὸν
1652 5231 1986 5301 δημιουργηο

315 5313 475 5367 θέντα
507 5313 786 5375 κατέθετο,
829 5311 1043 5384 πρῶτον
1072 5312 1179 5364 ἀπὸ
1212 5311 1306 5365 τοῦ
1341 5313 1414 5382 μὴ
1471 5313 1621 5374 ὄντος
1654 5316 1734 5375 εἰς
1761 5314 1820 5366 τὸ
1847 5309 1985 5367 εἶναι

314 5394 653 5466 παραγαγὼν
681 5395 844 5448 αὐτὸν
865 5435 879 5458 ,
918 5396 1014 5448 καὶ
1047 5395 1153 5447 ἀπὸ
1185 5395 1279 5448 τοῦ
1333 5397 1454 5466 χοὸς
1498 5395 1658 5464 σῶμα
1694 5395 1986 5451 διαπλάσαι

314 5479 678 5544 καταξιώσας,
709 5479 800 5532 καὶ
827 5477 964 5548 μετά
994 5476 1160 5531 ταῦτα
1190 5477 1249 5529 τὸ
1283 5475 1632 5547 κυριώτερον,
1689 5476 1786 5548 τὴν
1814 5478 1989 5548 ψυχὴν

313 5563 414 5630 τὴν
438 5563 728 5632 ἀσώματον
768 5560 858 5615 διά
898 5559 993 5613 τοῦ
1038 5560 1426 5629 ἐμφυσήματος
1454 5559 1842 5630 χαρισάμενος,
1873 5559 1992 5613 εἶτα

315 5645 405 5696 τὸν
427 5645 750 5715 παράδεισον
774 5641 1026 5711 γενέσθαι
1056 5640 1338 5704 κελεύσας,
1364 5642 1456 5693 καὶ
1479 5643 1593 5692 ἐκεῖ
1616 5641 1774 5692 αὐτὸν
1797 5641 1991 5695 ἐνδιαι-

324 5729 520 5781 τᾶσθαι
553 5728 880 5799 προστάξας,
936 5724 1070 5797 μετά
1100 5722 1271 5776 ταῦτα
1321 5723 1475 5775 πάλιν
1520 5723 1770 5795 καθάπερ
1806 5724 1988 5796 πατὴρ

383 5837 404 5862 u
445 5833 615 5898 more].
636 5840 705 5898 ,ἧς
729 5835 1018 5898 ἀπήλᾳυσεν,
1083 5830 1112 5870 b
1139 5827 1386 5898 _Sayil._et
1419 5829 1547 5898 μίξεις.
1577 5842 1709 5898 ιίηιιδῃ
1745 5832 1831 5898 τιήν
1858 5830 1989 5898 ἐργα-

320 5913 454 5945 σιανο
494 5897 574 5942 καὶ
596 5891 683 5957 γάῥ
717 5898 784 5943 ἐτι
823 5895 969 5941 πόνου
1010 5894 1182 5957 παντὸς
1214 5891 1276 5957 ᾖν
1317 5891 1653 5957 ἀπῃλξαγμένη
1677 5894 1716 5957 ﬁ
1760 5891 1982 5957 ἐργασία,

320 5958 518 6018 παρεῖχε
543 5951 615 6004 δὲ’
637 5951 767 6016 αὑτῷ
804 5957 951 6014 (Heg.
978 5956 1058 6000 καὶ
1095 5952 1323 6018 παρεῖχεν
1343 5951 1744 6018 αὑτῷλάσχολίαν
1766 5951 2006 6018 τιναάνω-

324 6010 571 6066 δον-,ιβ’καὶ
617 6010 961 6076 ἀταλαίπωρόν.
995 6016 1095 6076 Heg
1139 6010 1569 6074 z‘zi'izlzzmnpia;
1604 6010 1766 6071 ἐκτὸς,
1813 6012 1891 6059 καὶ
1921 6012 1991 6076 σὺ

325 6080 467 6127 φλᾶν
509 6081 556 6127 δι
599 6081 668 6126 ὅτι
706 6079 994 6124 (Mida-03v.

1127 391 1186 446 S.
1226 391 1514 450 JOANNIS
1550 393 2043 452 CIIRYSOSTOMI
2085 395 2406 451 ARCHIEP.
2447 393 2992 450 CONSTANTINOP.

3627 394 3727 449 IN

2056 513 2409 583 φιλόστοργος
2446 512 2596 565 παιδὶ
2621 512 2728 582 νέῳ
2758 512 2958 583 πολλῆς
2984 512 3164 577 ἀδείας
3198 514 3289 566 καὶ
3318 512 3557 574 ἀνέσεως
3589 513 3727 564 ἀπο-

2054 595 2290 657 λαύοντι,
2319 595 2462 648 ὥστε
2495 594 2570 666 μὴ
2597 596 3020 666 άποσκιρτῆσαι,
3078 596 3282 668 μικράν
3322 615 3442 651 τινα
3470 597 3564 650 καὶ
3596 595 3730 665 σύμ-

2059 697 2255 750 μετρον
2279 679 2483 730 ἐπινοεῖ
2513 679 2765 748 φροντίδα
2783 696 2797 710 ο
2831 679 2975 732 οὑτω
3009 680 3103 733 καὶ
3129 683 3156 734 ὁ
3185 681 3459 750 Δεσπότης
3486 680 3618 742 Θεὸς
3649 678 3732 750 τῷ

2071 762 2241 832 Ἀδάμ
2263 761 2361 832 τὴν
2392 763 2656 832 ἐργασίαν
2701 763 2796 815 καὶ
2845 763 2943 832 τὴν
2975 763 3222 835 φυλακὴν
3254 763 3606 836 προσέταξεν,
3642 764 3733 816 ἵνα

2061 846 2198 916 μετά
2223 844 2323 913 τῆς
2363 846 2576 916 τρυφῆς
2623 845 2724 915 τῆς
2764 845 2986 916 πολλῆς,
3019 849 3112 900 καὶ
3143 848 3242 917 τῆς
3274 849 3480 911 ἀδείας,
3514 847 3606 900 καὶ
3630 847 3735 917 τῆς

2058 929 2315 993 ἀνέσεως,
2347 929 2531 1000 ἡρέμα
2567 947 2682 993 πως
2729 929 2829 1004 ἔχῃ
2858 930 3034 984 ταῦτα
3065 931 3350 1000 ἀμφότερα
3394 930 3736 999 ἐγκόπτοντα

2057 1013 2221 1067 αὑτοῦ
2252 1013 2352 1086 τὴν
2382 1016 2462 1077 εἰς
2502 1014 2561 1066 τὸ
2589 1013 2775 1085 πρόσω
2814 1014 3007 1083 φοράν.
3043 1013 3228 1066 Ταῦτα
3274 1015 3372 1084 μὲν
3409 1010 3500 1067 οῦν
3526 1014 3597 1066 τά
3627 1013 3735 1084 ήδη

2060 1093 2376 1166 ύπάρξαντα
2400 1095 2480 1166 τῷ
2509 1095 2572 1166 δη
2582 1095 2966 1168 μιουργηθέντι
2989 1111 3004 1126 ο
3020 1095 3089 1148 τά
3107 1095 3164 1148 δέ
3181 1113 3242 1162 γε
3263 1095 3390 1164 ἐξῆς
3417 1095 3736 1166 ἐπαγόμενο

2059 1177 2221 1232 πάλιν
2269 1178 2469 1250 πολλὴν
2519 1179 2615 1232 καὶ
2669 1178 3112 1249 ὑπερϐάλλουσαν
3166 1181 3302 1249 ἡμῖν
3344 1178 3599 1248 ἐμφαίνει
3633 1176 3736 1246 τὴν

2061 1261 2190 1332 περὶ
2222 1261 2384 1315 αὐτὸν
2405 1262 2832 1332 φιλανθρωπίαν,
2860 1263 2961 1333 τήν
2987 1279 3047 1314 τε
3079 1263 3506 1331 συγκατάϐασιν,
3549 1265 3618 1333 ἣν
3641 1259 3740 1315 διὰ

2059 1340 2158 1412 τὴν
2183 1343 2390 1396 οἰκείαν
2416 1342 2732 1413 ἀγαθότητα
2781 1343 3171 1399 ἐπιδείκνυται.
3219 1345 3284 1397 Τί
3327 1345 3433 1416 γάρ
3481 1361 3647 1414 φησιν
3700 1345 3737 1414 ἡ

2062 1425 2284 1497 Γραφής
2318 1428 2424 1480 Kal
2451 1427 2790 1481 ἐνετείλατο
2815 1428 3033 1495 Κύριος
3059 1431 3093 1482 ό
3121 1428 3268 1494 Θεὸς
3294 1427 3376 1494 τῷ
3421 1427 3624 1497 Ἀδάμ.

2150 1509 2279 1562 Ἰδοὺ
2309 1510 2470 1564 πάλιν
2495 1511 2586 1564 καὶ
2616 1510 2851 1564 ἐνταῦθα
2877 1513 2946 1581 τῇ
2981 1511 3118 1582 αὐτῇ
3148 1511 3406 1584 συνηθείᾳ
3438 1513 3741 1582 ἐχρήσατο,

2064 1593 2152 1645 ἵνα
2175 1593 2240 1664 τῇ
2266 1592 2564 1663 πυκνότητι
2595 1592 2699 1646 τῶν
2721 1592 3029 1664 λεγομένων
3046 1594 3249 1664 ἀκριϐῆ
3274 1594 3372 1664 τὴν
3387 1592 3743 1647 διδασκαλίαν

2065 1671 2364 1742 δεξώμεθα,
2395 1674 2488 1727 καὶ
2523 1674 2719 1745 μηκέτι
2753 1674 3074 1746 άνεχώμεθα
3101 1675 3209 1728 τῶν
3245 1673 3567 1746 τολμώντων
3599 1677 3745 1728 ἀπο-

2065 1750 2303 1821 κληροῦν
2346 1751 2446 1815 τάς
2489 1752 2598 1806 τῶν
2635 1753 2914 1825 ὀνομάτων
2956 1755 3350 1826 προσηγορίας.
3381 1755 3474 1807 καὶ
3505 1753 3604 1825 τὴν
3637 1756 3746 1825 μὲν

2064 1830 2142 1900 τῷ
2178 1831 2373 1900 Πατρὶ,
2433 1830 2532 1902 τὴν
2575 1831 2632 1884 δὲ
2678 1831 2755 1902 τῷ
2788 1831 2902 1903 Υἱῷ
2948 1833 3297 1903 προσνέμειν.
3358 1833 3574 1903 Ἐπειδὴ
3627 1833 3745 1902 γὰρ

2065 1908 2394 1979 ἀμφοτέρων
2425 1910 2458 1980 ἡ
2491 1908 2647 1962 οὐσία
2707 1911 2804 1980 μία
2825 1950 2840 1974 ,
2882 1910 2970 1963 διὰ
3001 1911 3160 1964 τοῦτο
3195 1911 3290 1963 καὶ
3319 1911 3351 1982 ἡ
3394 1911 3513 1963 θεία
3545 1911 3744 1982 Γραφὴ

2067 1986 2376 2058 ἀδιαφόρως
2418 1988 2548 2040 ποτε
2584 1987 2681 2056 μὲν
2729 1987 2807 2058 τῷ
2842 1989 3038 2059 Πατρὶ,
3091 1987 3223 2041 ποτέ
3269 1988 3326 2041 δὲ
3376 1988 3455 2059 τῷ
3493 1989 3605 2060 mp
3637 1989 3745 2060 τὴν

2067 2066 2234 2137 αὐτὴν
2306 2067 2675 2138 προσηγορίαν
2740 2069 3052 2140 εὑρίσκεται
3119 2068 3533 2140 ἀποκληροῦσα.
3627 2070 3744 2123 Kal

2066 2147 2425 2212 ἐνετείλατο,
2467 2147 2620 2216 φησὶ,
2673 2147 2891 2214 Κύριος
2929 2151 2962 2202 ό
3002 2147 3146 2214 Θεὸς
3177 2146 3260 2212 τῷ
3295 2147 3478 2217 Ἀδὰμ
3519 2149 3746 2217 λέγων.

2073 2223 2253 2290 Ἀξιον
2291 2225 2524 2278 ἐνταῦθα
2557 2225 2900 2298 ἐκπλαγῆναι
2928 2227 3027 2299 τὴν
3061 2227 3242 2280 πάντα
3270 2226 3430 2295 λόγον
3475 2228 3750 2297 ὑπερϐαί-

2068 2320 2261 2357 νουσαν
2306 2302 2400 2356 τοῦ
2453 2303 2586 2356 Θεοῦ
2640 2303 3069 2378 φιλανθρωπίαν,
3108 2305 3176 2377 ἢν
3223 2305 3560 2359 ἐνδείκνυται
3605 2308 3751 2376 ἡμῖν

2068 2381 2159 2436 διά
2209 2386 2305 2456 τῆς
2357 2381 2618 2454 βραχείας
2664 2383 2867 2455 ταύτης
2919 2384 3137 2450 λέξεως.
3182 2385 3292 2438 Kal
3352 2384 3697 2437 ἐνετείλατο
3729 2424 3749 2446 ,

2070 2463 2223 2532 φησί.
2284 2462 2456 2516 Βλέπε
2499 2465 2564 2516 ἐκ
2613 2463 2918 2534 προοιμίων
2948 2463 3088 2534 πόσῃ
3114 2465 3250 2533 τιμῇ
3307 2461 3566 2533 κέχρηται
3607 2463 3750 2532 περὶ

2068 2543 2161 2596 τὸν
2207 2541 2508 2612 ἄνθρωπον.
2548 2542 2682 2595 Οὐδὲ
2713 2543 2824 2612 γὰρ
2857 2536 2979 2595 εἷπε
3002 2581 3017 2605 ,
3068 2539 3423 2613 προσέταξεν,
3462 2541 3495 2612 ἢ
3526 2541 3754 2594 ἐκέλευ-

2073 2639 2185 2688 σεν,
2209 2622 2345 2676 ἀλλά
2379 2622 2429 2676 τί
2448 2638 2463 2688 ;
2509 2622 2907 2676 Ἐνετείλατο.
2952 2621 3218 2692 Καθάπερ
3259 2620 3414 2689 φίλος
3449 2619 3589 2691 φίλῳ
3617 2619 3755 2690 περί

2070 2719 2230 2755 τινων
2274 2701 2586 2769 ἀναγκαίων
2644 2701 3022 2771 ἐντελλόμενος
3071 2699 3409 2768 διαλέγεται,
3463 2700 3610 2752 οὕτω
3645 2699 3755 2752 καὶ⁸

2074 2777 2224 2852 [ΗΟ]
2252 2782 2280 2833 ὁ
2308 2779 2440 2844 Θεὸς
2476 2779 2611 2852 πρὸς
2637 2780 2729 2833 τὸν
2767 2779 2938 2850 ’Δδάμ
2979 2779 3306 2842 διατίθεται,
3339 2777 3622 2850 μονονουχὶ
3658 2777 3758 2831 διὰ

2070 2861 2171 2929 τῆς
2199 2872 2221 2899 ο
2262 2859 2530 2930 τοσαύτης
2573 2861 2735 2931 τιμῆς
2778 2859 3188 2914 ἐπισπάσασθαι
3224 2859 3548 2930 βουλόμενος
3585 2859 3759 2912 αὐτὸν

2075 2939 2208 3008 πρὸς
2230 2938 2326 3009 τὴν
2355 2937 2598 3009 ὑπακοὴν
2625 2939 2733 2991 τῶν
2761 2938 3153 3010 ἐντελλομένων
3176 2939 3266 2991 ὑπ’
3296 2936 3484 2992 αὐτοῦ.
3519 2937 3628 2990 Καὶ
3653 2937 3759 2990 ἐν-

2073 3019 2338 3071 ετείλατο
2363 3019 2575 3084 Κύριος
2592 3019 2624 3071 ὁ
2645 3017 2790 3083 Θεὸς
2811 3017 2890 3082 τῷ
2913 3016 3094 3088 Ἀδᾲμ
3116 3015 3330 3086 λέγων’
3364 3016 3498 3069 Ἀπὸ
3523 3015 3760 3080 παντὸς

2075 3096 2267 3159 ξύλου
2300 3095 2404 3148 τοῦ
2437 3096 2507 3148 ἐν
2544 3093 2623 3160 τῷ
2657 3095 2999 3162 παραδείσῳ
3023 3095 3250 3163 βρώσει
3291 3093 3454 3165 φάγῃ
3477 3110 3490 3124 ⁸
3526 3094 3645 3149 άπὸ
3683 3091 3762 3146 δὲ

2075 3172 2182 3226 τοῦ
2206 3172 2396 3236 ξύλου
2419 3174 2524 3228 τοῦ
2547 3173 2862 3243 γινώσκειν
2883 3175 3076 3226 καλὸν
3099 3175 3198 3227 καὶ
3223 3173 3513 3241 πονηρὸν,
3545 3175 3618 3226 οὐ
3634 3173 3760 3242 φά-

2077 3257 2253 3322 γεσθε
2287 3253 2387 3306 ἀπ’
2420 3253 2627 3306 αὑτοῦ.
2663 3249 2746 3323 τῌ
2767 3251 2819 3305 δ’
2853 3252 2929 3305 ἂν
2950 3253 3138 3320 ἡμέρᾳ
3166 3253 3395 3323 φάγητε
3418 3253 3519 3307 ἀπ’
3539 3251 3762 3314 αὐτοῦ,

2077 3333 2310 3398 θανάτῳ
2344 3332 2766 3388 ἀποθανεῖσθε.
2795 3333 2936 3386 Πολὺ
2965 3333 3064 3402 τῆς
3087 3331 3309 3402 ἐντολῆς
3337 3330 3398 3383 τὺ
3423 3331 3760 3400 ἀνεπαχθὲς.

2093 3412 2253 3465 Ἀλλά
2295 3412 2488 3477 δεινὸν,
2523 3412 2798 3482 ἀγαπητέ,
2849 3413 2882 3481 ἡ
2925 3410 3201 3482 ῥαθυμίαο
3249 3410 3440 3482 ὥσπερ
3474 3411 3582 3480 γὰρ
3613 3408 3763 3479 αὕτη

2081 3493 2175 3546 καὶ
2208 3492 2274 3545 ca:
2317 3491 2512 3544 εὐκολα
2555 3491 2789 3544 δύσκολα
2822 3493 2952 3562 ἡμῖν
2987 3490 3272 3560 φαίνεσθαι
3307 3493 3471 3552 ποιεῖ,
3502 3489 3677 3553 οὑτως
3725 3491 3763 3558 ἡ

2085 3571 2287 3640 σπουδὴ
2339 3571 2434 3625 καὶ
2471 3571 2503 3641 ἡ
2544 3569 2829 3640 ἀγρυπνία
2865 3569 2959 3622 καὶ
2989 3569 3058 3622 τά
3101 3569 3336 3622 δύσκολα
3375 3568 3572 3622 εῦκολα
3623 3569 3768 3638 ἡμίν

2082 3651 2477 3722 ἀπεργάζεται.
2502 3650 2569 3706 Τί
2595 3651 2727 3721 γάρ,
2751 3650 2872 3702 εἰπέ
2896 3667 3008 3720 μοι,
3031 3648 3223 3702 τούτου
3251 3649 3766 3720 ἀνεπαχθέστερον;

2082 3731 2135 3783 τί
2164 3731 2364 3801 ταύτης
2391 3729 2491 3798 τῆς
2523 3731 2684 3800 τιμῆς
2741 3729 2926 3800 μεῖζον
2959 3727 3158 3798 γένοιτ’
3198 3728 3298 3793 av;
3346 3729 3629 3799 Παρέσχεν
3666 3729 3768 3781 ἐν-

2083 3809 2385 3862 διαιτᾶσθαι
2430 3808 2507 3879 τῷ
2550 3809 2884 3879 παραδείσῳ,
2929 3809 3008 3879 τῷ
3061 3807 3250 3861 κάλλει
3307 3805 3607 3878 τέρπεσθαι
3647 3807 3770 3859 τῶν

2084 3889 2399 3959 ὁρωμένων,
2431 3891 2526 3942 καὶ
2551 3888 2650 3958 τὴν
2675 3888 2798 3956 ὖψιν
2826 3888 3036 3947 ἐκεῖθεν
3063 3885 3398 3957 εὐφραίνειν,
3431 3886 3526 3939 καὶ
3552 3885 3638 3937 διά
3659 3885 3772 3954 τῆς

2088 3967 2441 4030 ἀπολαύσεως
2469 3966 2668 4037 πολλὴν
2713 3967 2810 4036 τὴν
2839 3968 3034 4037 ἡδονὴν
3065 3965 3436 4037 καρποῦσθαι,
3472 3963 3772 4035 Ἐννόησον

2088 4049 2194 4118 γὰρ
2224 4048 2348 4100 ὅσον
2366 4043 2433 4116 ἧν
2461 4047 2674 4116 ὁρᾷντά
2699 4047 2889 4117 δένδρα
2914 4050 3027 4109 τοῖς
3055 4048 3289 4117 καρποῖς
3315 4042 3634 4116 βριθόμενα,
3651 4042 3772 4098 τῶν

2089 4127 2265 4181 ἀνθῶν
2296 4125 2393 4197 τὴν
2426 4125 2716 4192 ποικιλίαν,
2750 4126 2861 4178 τῶν
2907 4125 3145 4195 βοτανῶν
3186 4126 3286 4195 τὴν
3327 4122 3614 4200 διαφορὰν,
3654 4122 3774 4174 τῶν

2089 4207 2302 4275 φύλλων
2351 4207 2447 4268 τὰς
2487 4207 2688 4275 κόμας,
2745 4206 2814 4258 τὰ
2849 4205 2981 4259 ἄλλα
3025 4205 3124 4258 ὅσα
3161 4204 3309 4266 εἰκὸς
3343 4205 3400 4255 ἐν
3450 4201 3774 4273 παραδείσῳ

2086 4287 2397 4357 τυγχάνειν,
2433 4286 2528 4338 καὶ
2566 4287 2624 4337 ἐν
2652 4285 2964 4356 παραδείσῳ
2990 4285 3096 4337 ὑπὸ
3132 4285 3227 4338 τοῦ
3255 4283 3388 4357 Θεοῦ
3422 4281 3771 4352 φυτευθέντι.

2089 4356 2326 4436 Διάνγάρ
2340 4364 2499 4417 τοῦτο
2512 4363 2859 4436 προλαϐοῦσα
2877 4367 2911 4435 ἡ
2931 4364 3050 4416 θεία
3078 4364 3268 4434 Γραφὴ
3293 4356 3464 4426 εἶπεν,
3489 4363 3569 4422 δτι
3594 4361 3777 4426 Ἐξα-

2089 4445 2361 4500 νέτειλεν
2387 4443 2475 4497 ἐτι
2498 4445 2568 4496 ἐκ
2606 4441 2715 4510 τῆς
2744 4442 2858 4512 γῆς
2892 4441 3016 4498 πᾶν
3043 4443 3236 4507 ξύλον
3263 4440 3482 4509 ὡραῖον
3513 4441 3600 4505 εις
3630 4441 3778 4507 ὅρα-

2090 4543 2214 4587 σιν,
2251 4526 2349 4578 καὶ
2395 4524 2588 4577 καλὸν
2622 4525 2708 4589 εἰς
2728 4522 2985 4591 βρῶσιν,
3016 4523 3102 4574 ἵνα
3133 4520 3330 4573 εἰδέναι
3377 4518 3589 4588 ἔχωμεν
3634 4519 3775 4589 ὅσης

2091 4604 2352 4673 ἀφθονίας
2385 4603 2697 4665 ἀπολαύων,
2730 4604 2808 4664 εἰς
2825 4599 2922 4664 τὴν
2942 4600 3188 4654 δοθεῖσαν
3220 4597 3369 4666 αὐτῷ
3397 4596 3619 4666 ἐντολὴν
3640 4595 3776 4659 ἐξύ-

2092 4687 2246 4755 ϐρισε
2283 4682 2371 4740 διὰ
2413 4682 2611 4752 πολλὴν
2665 4680 2936 4752 ἀκρασίαν
2982 4679 3078 4732 καὶ
3139 4677 3432 4750 ρᾳθυμίαν.
3485 4675 3780 4755 Ἐννόησον

2094 4749 2201 4832 γάρ
2233 4780 2342 4833 μοι,
2381 4749 2653 4828 ἀγαπητὲ,
2685 4749 2785 4828 τῆς
2825 4758 2987 4828 τιμῆς
3017 4756 3113 4827 τὴν
3148 4755 3473 4827 ὑπερϐολὴν,
3504 4749 3571 4824 ἦς
3605 4753 3778 4833 αὐτὸν

2096 4831 2350 4912 ἠξίωσεν,
2397 4841 2702 4904 ἰδιάζουσαν
2743 4841 2837 4892 καὶ
2879 4837 3268 4908 ἀφωρισμένην
3297 4835 3446 4904 αὑτῴ
3491 4831 3779 4912 τράπεζαν

2095 4911 2194 4991 τὴν
2219 4923 2275 4972 ἐν
2302 4919 2380 4990 τῷ
2411 4918 2724 4989 παραδείσῳ
2751 4915 3158 4987 δωρησάμενος,
3210 4916 3298 4967 ἵνα
3335 4914 3416 4990 μὴ(
3439 4912 3637 4983 νομίσῃ
3669 4911 3781 4987 τὴν

2097 5001 2268 5068 αὐτὴν
2290 5001 2401 5062 τοῖς
2427 4998 2646 5066 ἀλόγοις
2677 4998 2770 5049 καὶ
2808 4993 2956 5066 αὐτῷ
2980 4995 3186 5066 τροφὴν
3211 4995 3498 5063 ὑπάρχειν,
3531 4991 3645 5044 ἀλλ’
3669 4991 3782 5064 ἔχῃ

2094 5071 2344 5149 καθάπερ
2378 5077 2631 5146 βασιλεὺς
2656 5074 3068 5144 ἐνδιαιτώμενος
3090 5076 3154 5143 τῇ
3185 5073 3279 5125 τοῦ
3307 5071 3636 5142 παραδείσου
3657 5069 3784 5120 δια-

2101 5162 2276 5229 γωγῇ,
2328 5160 2598 5229 ἐντρυφᾷν
2645 5159 2712 5227 τῇ
2763 5156 2971 5210 ἐκεῖθεν
3017 5154 3353 5221 ἀπολαύσει,
3389 5155 3481 5206 καὶ
3521 5150 3785 5221 καθάπερ

2096 5238 2362 5306 δεσπότης
2396 5237 2800 5306 κεχωρισμένος
2894 5234 3002 5286 τῶν
3031 5235 3109 5296 είς
3140 5233 3444 5302 ὑπηρεσίαν
3482 5229 3632 5301 αὑτῷ
3669 5247 3786 5283 πα-

2099 5314 2491 5390 ρασχεθέντων,
2537 5314 2632 5366 καὶ
2678 5313 3068 5383 ἀφωρισμένην
3110 5312 3210 5384 ἔχῃ
3241 5311 3267 5350 ἀ
3301 5310 3785 5390 γτὴννδιαγωγήν.

2098 5388 2206 5449 Kal
2229 5394 2589 5453 ἐνετείλατο,
2623 5391 3004 5461 φησὶ,Κύρι.ος
3021 5394 3053 5444 ό
3076 5393 3221 5456 Θεὸς
3248 5389 3328 5455 τῷ
3367 5389 3537 5459 Ἀδὰμ
3557 5388 3780 5457 λέγων’

2111 5471 2257 5526 Ἀπὸ
2291 5470 2517 5535 παντὸς
2552 5471 2742 5534 ξύλου
2787 5469 2894 5523 τοῦ
2924 5470 2994 5523 ἐν
3044 5468 3124 5534 τῷ
3154 5469 3501 5536 παραδείσῳ
3545 5466 3784 5535 βρώσει

2100 5551 2262 5622 φάγῃ
2287 5564 2301 5578 ⁸
2333 5549 2452 5604 ἀπὸ
2487 5549 2555 5601 δὲ
2583 5547 2690 5603 τοῦ
2731 5549 2922 5613 ξύλου
2951 5549 3057 5602 τοῦ
3088 5549 3408 5617 γινώσκειν
3447 5551 3642 5600 καλὸν
3675 5545 3784 5599 καὶ

2101 5627 2389 5697 πονηρὸν,
2419 5631 2490 5682 οὐ
2523 5629 2785 5699 φάγεσθε
2813 5628 2914 5682 ἀπ’
2943 5627 3150 5681 αὐτοῦ.
3182 5624 3254 5700 ᾟ
3279 5627 3330 5680 δ’
3359 5627 3437 5681 ἂν
3454 5626 3645 5696 ἡμέρᾳ
3663 5625 3785 5693 φά-

2103 5728 2244 5782 γητε
2275 5711 2375 5764 ἀπ’
2409 5709 2616 5770 αὑτοῦ,
2645 5707 2880 5772 θανάτῳ
2903 5707 3331 5760 ἀποθανεῖσθε·
3375 5706 3656 5777 μονονουχὶ
3691 5703 3781 5782 λέέ

2109 5781 2221 5862 γων
2252 5789 2388 5860 πρὸς
2416 5789 2596 5851 αὐτὸν,
2628 5788 2718 5858 Μὴ
2745 5786 2854 5858 γὰρ
2891 5787 3026 5856 βαρύ
3068 5804 3119 5838 τι
3157 5786 3250 5837 καὶ
3287 5785 3522 5854 ἐπαχθὲς
3556 5781 3782 5862 ἀπαιτῷ

2109 5861 2260 5941 παρά
2287 5870 2380 5924 σοῦ
2408 5885 2422 5933 ;
2446 5869 2670 5921 Πάντων
2699 5866 2797 5937 τὴν
2823 5866 3124 5919 ἀπόλαυσιν
3158 5865 3468 5936 ἐπιτρέπω,
3503 5863 3620 5927 ἐνὸς
3649 5861 3782 5921 τού-

2167 6009 2189 6035 σ
2231 6006 2381 6052 Savil.
2409 6005 2526 6064 Reg.
2557 6009 2608 6050 et
2627 6001 2843 6064 ('olbcrt.
2868 6003 2947 6048 καὶ
2971 6004 2997 6048 ὁ
3020 6002 3139 6053 Θεὸς
3160 6006 3215 6061 τῇ
3246 6001 3381 6064 φύσει
3407 6004 3462 6063 τῇ
3489 5994 3783 6064 ἀνθρωπίνῃ,

2112 6085 2119 6128 ξ
2147 6068 2357 6125 ο-ιονου·ιὶ
2385 6067 2461 6114 δια
2484 6072 2584 6123 τῆς,
2613 6072 2710 6114 Clu.
2777 6063 2803 6101 ά
2828 6063 3029 6114 Colslin.
3067 6065 3210 6112 tum
