4038 6394
365 394 460 449 113

361 511 551 572 ontnia,
603 520 648 564 et
701 529 834 568 unus
877 512 1128 570 Dominus
1171 516 1323 572 Iesus
1366 518 1618 587 Christus,
1671 539 1761 590 per
1805 539 1952 594 quem

361 603 548 654 omnia.
599 603 730 660 Vide
758 608 1026 675 quomodo
1070 625 1286 674 nomen,
1330 609 1599 679 Dominus,
1642 612 1778 668 Filio
1803 615 1955 669 attri—

362 689 484 745 bunt
509 691 533 744 ἲ
561 693 672 747 Cur
697 710 826 765 ergo
847 696 1027 751 dicant
1048 713 1262 767 nomen,
1297 699 1562 769 Dominus,
1595 703 1810 774 majoris
1834 719 1953 760 esse

359 783 637 852 dignitatis
679 803 838 856 quam
886 789 1036 856 illud,
1079 791 1264 846 Deus?
1307 792 1493 849 Videte
1532 811 1693 866 quam
1737 795 1808 850 sit
1853 795 1955 851 hoc

367 876 682 944 absurdum,
710 888 765 933 et
787 892 982 950 quanta
1009 881 1354 952 blasphemia:
1381 886 1634 955 gravitas.
1657 887 1789 942 Cum
1809 887 1953 941 enim

359 967 482 1034 quis
522 967 753 1023 noluerit
790 969 984 1025 divinae
1024 973 1316 1043 Scriptura:
1361 990 1601 1029 normam
1650 977 1823 1046 sequi,
1857 975 1952 1030 sed

360 1061 476 1114 suis
513 1062 812 1118 ratiociniis
859 1065 1036 1120 locum
1089 1065 1218 1122 dare
1258 1068 1679 1137 praesumpserit,
1734 1084 1952 1122 sensum

362 1151 582 1207 turbare
603 1154 760 1222 solet,
789 1164 843 1210 et
869 1156 1104 1213 infinitas
1129 1159 1502 1214 contentiones
1524 1159 1954 1230 quastionesque

343 1253 545 1318 movet
573 1244 831 1301 adversus
857 1263 1042 1303 sanam
1073 1251 1391 1304 doctrinam.
1423 1248 1493 1304 Et
1516 1251 1728 1320 accepit,
1760 1251 1951 1321 inquit,

362 1333 618 1389 Dominus
639 1335 778 1390 Deus
801 1338 1073 1406 hominem,
1095 1357 1242 1409 quem
1263 1342 1518 1413 formavit,
1542 1351 1590 1395 et
1615 1341 1781 1412 posuit
1809 1341 1956 1395 illaut

361 1427 413 1477 in
432 1428 677 1495 paradiso
698 1431 989 1499 voluptatis,
1016 1442 1073 1486 ut
1097 1443 1392 1504 aperaretur
1416 1443 1461 1489 et
1491 1434 1764 1489 custodiret
1783 1434 1951 1488 illum.

362 1515 498 1570 Vide
540 1529 795 1586 quantam
837 1522 1002 1575 creati
1043 1523 1272 1577 hominis
1317 1523 1702 1593 providentiam
1738 1523 1949 1580 habeat.

363 1609 654 1680 Postquam
686 1611 826 1665 enim
879 1612 994 1666 heri
1036 1629 1134 1668 nos
1168 1613 1349 1669 docuit
1385 1615 1570 1670 beatus
1617 1615 1827 1684 Moyses
1870 1614 1952 1670 his

360 1700 540 1754 verbis
563 1716 580 1754 :
612 1698 872 1754 Plautaait
900 1702 1037 1756 Deus
1058 1704 1372 1772 paradisum,
1401 1713 1446 1759 et
1474 1705 1638 1774 posuit
1661 1705 1767 1759 illic
1789 1705 1954 1760 hami-

361 1806 478 1842 nem
506 1807 526 1844 :
555 1792 608 1846 id
655 1802 761 1857 est,
811 1791 983 1848 voluit
1016 1805 1072 1849 ut
1124 1795 1196 1850 ibi
1235 1795 1565 1851 domicilium
1614 1779 1857 1865 haberet,
1898 1809 1954 1854 et

360 1883 596 1951 paradisi
623 1884 828 1940 deliciis
858 1887 1122 1943 frueretur
1150 1907 1164 1944 :
1192 1888 1350 1944 hodie
1379 1889 1572 1945 iterum
1591 1889 1828 1946 declarat
1852 1906 1954 1945 no-

363 1975 449 2028 bis
478 1974 802 2032 ineffabilem
831 1977 926 2032 Dei
953 1979 1313 2043 clementiam,
1341 1996 1500 2052 quam
1522 1981 1664 2037 circa
1685 1981 1834 2037 illum
1859 1998 1955 2038 ex-

362 2064 531 2129 hibet,
557 2075 612 2121 et
641 2082 924 2122 resumens
953 2083 1261 2124 sermonem
1289 2071 1364 2124 ait
1393 2089 1408 2125 :
1441 2071 1510 2126 Et
1551 2072 1747 2143 accepit
1776 2071 1953 2126 Domi—

358 2173 460 2210 nus
486 2154 628 2208 Deus
672 2158 944 2224 hominem,
973 2177 1122 2231 quem
1151 2162 1408 2230 formavit,
1461 2172 1508 2215 et
1551 2163 1716 2233 posuit
1744 2178 1856 2216 eum
1897 2163 1952 2216 in

359 2247 606 2315 paradiso
631 2247 904 2317 voluptatis
920 2264 941 2313 ,'
971 2265 1078 2303 non
1103 2248 1169 2303 In
1199 2252 1441 2320 paradiso
1467 2252 1636 2306 solum
1669 2251 1822 2318 dixit,
1854 2252 1950 2308 sed

357 2338 590 2406 addidit,
631 2339 939 2410 Voluptatis,
984 2352 1044 2397 ut
1082 2344 1371 2414 ingentem,
1403 2360 1505 2414 qua
1545 2345 1598 2398 in
1629 2346 1717 2400 illa
1745 2345 1952 2402 habita-

360 2430 510 2485 tione
558 2430 870 2497 fruebatur,
910 2434 1236 2504 voluptatem
1287 2435 1446 2490 nobis
1493 2435 1789 2492 declararet
1829 2453 1845 2491 :
1885 2452 1950 2492 ac

360 2532 643 2593 postquam
684 2525 845 2592 dixit,
878 2525 1059 2581 Posuit
1098 2528 1244 2582 illum
1271 2529 1325 2582 in
1371 2530 1610 2598 paradiso
1652 2530 1946 2600 uoluptatis,

355 2613 529 2680 addit,
557 2612 626 2669 Ut
649 2626 943 2686 operaretur
963 2624 1010 2672 et
1029 2619 1300 2672 custodiret
1324 2619 1492 2672 illum.
1521 2619 1753 2690 lugentis
1773 2629 1827 2675 et
1848 2619 1951 2675 hoc

356 2704 707 2774 providentiae
733 2715 834 2761 est.
865 2706 1126 2775 Quoniam
1153 2709 1294 2763 enim
1320 2710 1371 2763 in
1407 2708 1706 2780 hujusmodi
1733 2710 1950 2765 sedibus

356 2794 508 2848 omni
555 2795 859 2865 replebatur
886 2798 1177 2869 voluptate,
1225 2810 1278 2856 et
1321 2812 1569 2871 aspectus
1591 2803 1945 2871 jucuuditate,

354 2901 423 2938 ac
455 2886 632 2941 laetitia
662 2887 786 2943 inde
813 2898 964 2959 parta
993 2888 1286 2959 fruebatur,
1316 2908 1384 2946 ne
1410 2908 1476 2947 ex
1506 2893 1667 2947 nimia
1696 2893 1949 2949 felicitate

355 2977 522 3031 homo
564 2979 912 3036 insolesceret
958 2980 1199 3053 (Omnem
1241 2986 1405 3052 enim,
1457 2987 1648 3056 inquit,
1699 2988 1948 3041 malitiam

353 3069 528 3122 docuit
557 3071 717 3124 otium
741 3071 924 3142 (Eccli.
957 3075 1047 3129 53.
1088 3074 1205 3143 29),
1239 3075 1358 3131 ideo
1390 3079 1642 3148 prmcepit
1671 3079 1830 3143 Deus,
1877 3078 1947 3134 Ut

351 3171 670 3226 operaretur,
712 3173 758 3215 et
783 3164 1054 3218 custodiret
1081 3165 1248 3220 illum.
1275 3166 1412 3234 Quid
1446 3180 1647 3232 autem,
1680 3169 1848 3236 dices,
1878 3170 1946 3224 il-

354 3251 460 3305 lius
486 3268 614 3306 cura
641 3255 829 3323 egebat
852 3255 1168 3323 paradisus?
1194 3257 1309 3310 Non
1342 3259 1443 3313 hoc
1468 3258 1588 3313 dico
1612 3275 1628 3326 ;
1659 3259 1750 3314 sed
1783 3261 1948 3315 voluit

354 3353 533 3397 tamen
553 3354 611 3398 ut
639 3345 902 3400 modicam
928 3361 1108 3401 curam
1131 3360 1340 3418 gereret
1363 3351 1552 3418 partim
1571 3349 1944 3418 custodiendo,

351 3445 407 3488 et
440 3437 629 3504 partim
674 3437 1000 3507 operando‘.
1051 3439 1108 3494 Si
1154 3441 1298 3495 enim
1330 3443 1474 3495 onini
1517 3457 1734 3512 prorsus
1763 3442 1945 3498 labore

353 3544 554 3583 vacuus
583 3530 793 3598 fuisset,
825 3547 890 3586 ex
931 3532 1097 3587 nimio
1124 3533 1231 3587 otio
1257 3534 1437 3588 statim
1467 3535 1518 3588 in
1549 3534 1812 3606 ignaviam
1842 3535 1942 3590 de-

351 3622 611 3677 cliuasset
645 3641 658 3676 :
691 3632 746 3676 at
791 3639 912 3677 cum
943 3625 1242 3694 operationi
1285 3641 1407 3680 sese
1435 3625 1590 3680 daret
1617 3627 1733 3681 sine
1759 3625 1944 3682 dolore

352 3713 440 3766 vel
466 3713 735 3780 molestia,
767 3716 1150 3784 temperantior
1169 3730 1288 3769 esse
1313 3723 1541 3784 poterat.
1576 3715 1708 3770 lllud
1734 3725 1940 3782 autem,

352 3805 427 3860 Ut
454 3817 770 3876 operaretur,
797 3822 903 3862 non
929 3809 1047 3862 sine
1072 3822 1232 3861 causa
1260 3806 1471 3871 dicitur,
1505 3807 1599 3862 sed
1638 3815 1723 3862 est
1752 3817 1943 3862 attem-

349 3909 594 3966 peratum
627 3898 851 3964 dictum,
895 3905 952 3952 ut
981 3899 1136 3967 plane
1165 3900 1347 3963 sciret,
1393 3913 1452 3952 se
1477 3897 1696 3952 domino
1728 3897 1938 3952 cuidam

349 3991 561 4059 subjici,
595 3992 680 4061 qui
711 3999 870 4044 tanta:
897 3991 1182 4060 voluptatis
1211 3990 1592 4046 habitationem
1635 3991 1736 4044 sibi
1762 3990 1946 4045 dedis-

348 4094 456 4145 set,
491 4093 545 4136 et
585 4082 830 4152 ejusdem
879 4082 981 4137 sibi
1007 4081 1302 4137 custodiam
1333 4082 1586 4138 traderet.
1620 4083 1760 4137 Deus
1796 4082 1938 4138 enim

348 4177 529 4229 oumia
559 4177 688 4230 facit
734 4185 790 4230 et
831 4185 1086 4244 aperatur
1124 4185 1342 4246 prapter
1370 4185 1606 4230 nostram
1635 4175 1938 4242 utilitatem,

347 4283 416 4320 ac
438 4283 558 4321 cum
600 4268 691 4321 illa
736 4267 898 4322 etiam
927 4267 1233 4322 fruitionem
1265 4268 1673 4337 libertatemque
1715 4267 1939 4337 pra:bet.

343 4356 481 4415 Nam
503 4359 548 4412 si
575 4374 640 4412 ex
669 4359 929 4414 immensa
955 4374 1051 4413 sua
1078 4359 1424 4428 benignitate,
1445 4359 1604 4413 etiam
1632 4360 1938 4428 priusquam

350 4467 450 4505 nos
481 4452 821 4522 produceret,
853 4452 1139 4508 ineffabilia
1182 4451 1269 4506 illa
1316 4451 1453 4505 bona
1482 4451 1634 4505 nobis
1667 4465 1937 4520 praepara-

349 4543 445 4604 vit,
469 4542 917 4614 quemadmodum
951 4543 1041 4598 ille
1066 4542 1197 4598 dicit
1226 4561 1240 4597 :
1283 4541 1477 4608 Venite,
1499 4541 1741 4595 benedicti
1766 4540 1938 4596 Patris

347 4634 468 4699 mei,
520 4633 796 4686 hereditate
836 4634 1050 4705 accipite
1094 4642 1330 4704 paratum
1383 4631 1522 4686 vobis
1569 4649 1780 4702 regnum
1821 4642 1937 4686 ante

345 4724 755 4778 constitutionem
798 4726 976 4779 mundi
1010 4724 1221 4793 (Matth.
1262 4724 1355 4780 25.
1399 4721 1491 4798 54)
1521 4741 1535 4779 :
1569 4725 1736 4780 multo
1771 4727 1939 4795 magis

347 4816 634 4883 prmsentia
662 4815 841 4869 omnia
867 4815 1082 4884 largiter
1107 4815 1379 4884 pnebebit.

422 4906 475 4958 5.
517 4905 650 4970 Quia
691 4907 851 4976 igitur
889 4915 966 4960 tot
994 4907 1250 4960 beneficia
1302 4908 1355 4960 in
1394 4913 1632 4962 creatum
1664 4906 1937 4963 hominem

343 4995 593 5062 Contulit,
621 4998 900 5066 primoque
929 5012 992 5050 ex
1025 4998 1190 5052 nihilo
1221 4997 1487 5066 produxit,
1530 5009 1584 5053 et
1628 5014 1693 5052 ex
1722 5000 1938 5068 pulvere

344 5103 542 5156 corpus
575 5085 806 5141 formare
836 5087 1081 5158 dignatus
1110 5097 1212 5155 est,
1246 5099 1552 5158 posteaque,
1576 5089 1716 5158 quod
1761 5091 1939 5144 excel-

348 5177 547 5232 lentius
573 5188 711 5244 crat,
739 5179 970 5233 animam
1004 5181 1368 5251 incorporeum
1401 5196 1494 5249 per
1525 5179 1938 5236 insufflationem

347 5271 514 5334 dedit,
550 5271 852 5342 deindcque
883 5273 1184 5342 paradisum
1215 5288 1357 5337 esse,
1398 5282 1453 5327 et
1496 5288 1618 5326 eum
1651 5273 1759 5327 illic
1787 5287 1938 5326 com-

345 5363 544 5416 morari
570 5363 746 5431 jussit,
778 5373 898 5432 post
927 5362 1040 5418 haec
1061 5371 1118 5417 ut
1145 5373 1294 5432 pater
1319 5363 1484 5433 prolis
1508 5378 1715 5428 amans,
1749 5372 1936 5418 tenero

347 5456 458 5508 filio
483 5457 643 5509 multa
677 5456 920 5510 libertate
952 5465 1005 5510 et
1039 5457 1224 5526 requie
1267 5458 1482 5520 fruenti,
1514 5472 1582 5512 ne
1617 5457 1932 5524 insolescat,

345 5565 566 5619 [xm-am
587 5549 873 5618 quamdam
896 5559 951 5604 et
975 5549 1301 5604 moderatam
1325 5564 1506 5604 curam
1534 5550 1831 5620 excogitat;
1861 5550 1938 5606 sic

411 5729 424 5757 ¹
462 5724 602 5774 savil.
645 5732 699 5776 et
735 5734 855 5793 Reg.
876 5739 1002 5776 unus
1023 5728 1092 5793 sic
1113 5727 1297 5777 habent
1320 5742 1331 5776 :
1459 5727 1637 5793 partim
1658 5728 1934 5793 operando:

341 5787 448 5852 ινιτ
473 5796 633 5836 autent
669 5787 885 5850 operatio
914 5789 1068 5852 omnis
1111 5796 1215 5838 erat
1257 5803 1435 5851 expers
1458 5787 1653 5852 laboris,
1687 5787 1934 5843 tribuerat

343 5849 418 5902 illi
445 5858 571 5902 Deus
592 5864 791 5912 operam
812 5851 913 5902 sine
937 5849 1100 5903 dolore
1123 5858 1168 5904 et
1184 5852 1288 5906 sine
1308 5849 1525 5904 miseria.

1462 404 1527 462 IN
1563 407 1712 464 CAP.
1736 405 1797 463 ll.
1838 409 2081 468 GENES.
2125 413 2351 470 HOMIL.
2392 415 2532 472 XIV.

3542 415 3643 492 iri

2061 525 2207 582 Deus
2237 527 2442 585 Adamo
2467 532 2833 600 operationem
2863 543 2919 591 et
2960 536 3256 593 custodiam
3288 542 3557 610 praecepit,
3587 553 3644 598 ut

2057 631 2179 671 cum
2225 619 2388 674 multa
2435 621 2726 692 voluptate,
2771 628 3059 684 securitate
3095 637 3262 698 atque
3303 631 3484 702 quiete
3529 631 3643 687 lucc

2057 707 2166 762 duo
2197 708 2435 779 haberet,
2472 730 2591 783 quae
2633 715 3017 787 aliquantulum
3046 720 3367 791 impedirent
3409 739 3477 778 ne
3507 726 3642 778 ultra

2058 807 2228 852 metas
2271 801 2602 869 procederet.
2653 805 2777 862 llaec
2811 808 3024 876 quidem
3068 814 3240 881 primo
3277 813 3472 867 collata
3520 825 3646 869 sunt

2058 889 2276 945 condito
2322 893 2564 960 homini;
2593 911 2711 966 quas
2748 907 2925 952 autem
2969 900 3070 955 sub
3115 901 3230 957 haec
3267 902 3472 972 adjecta
3520 915 3643 960 sunt

2059 997 2304 1052 magnam
2331 1001 2455 1056 erga
2481 987 2630 1042 illum
2656 987 2928 1045 declarant
2954 993 3335 1064 benignitatem
3361 1005 3525 1067 atque
3555 997 3642 1050 in-

2059 1072 2404 1143 dulgentiam,
2463 1093 2622 1146 quam
2665 1095 2732 1134 ex
2769 1096 2866 1136 sua
2913 1082 3148 1140 bonitate
3188 1086 3448 1141 exhibuit.
3502 1086 3639 1156 Quid

2057 1165 2200 1220 enim
2226 1167 2353 1222 dicit
2380 1169 2690 1238 Scriptura?
2719 1171 2783 1225 Et
2809 1175 3045 1244 praecepit
3066 1175 3312 1232 Dominus
3339 1177 3476 1233 Deus
3492 1180 3641 1234 Adte.

2129 1256 2316 1312 Contra
2343 1276 2427 1314 eos
2451 1263 2538 1331 qui
2571 1263 2816 1330 quasdam
2840 1280 2981 1319 voces
3022 1265 3190 1334 Patri,
3219 1271 3466 1340 quasdam
3505 1268 3644 1324 Filio

2056 1349 2424 1405 adscribebant.
2449 1382 2520 1394 —-
2543 1353 2682 1408 Ecce
2708 1355 2898 1410 iterum
2928 1357 3016 1412 hic
3043 1357 3230 1413 eadem
3259 1361 3646 1416 consuetudine

2061 1439 2245 1505 utitur,
2278 1449 2335 1494 ut
2361 1439 2554 1498 iisdem
2595 1442 2904 1514 frequenter
2945 1448 3190 1516 repetitis
3215 1449 3516 1504 accuratius
3541 1449 3643 1504 do-

2057 1531 2283 1585 ctrinam
2307 1533 2656 1603 excipiamus,
2689 1545 2742 1590 et
2767 1552 2836 1591 ne
2865 1537 3002 1591 ultra
3029 1537 3263 1594 feramus
3289 1553 3405 1606 eos,
3432 1541 3522 1610 qui
3547 1555 3645 1594 au-

2057 1621 2185 1676 dent
2224 1624 2436 1678 nomina
2465 1640 2561 1694 pro
2600 1626 2754 1682 libita
2781 1626 3134 1699 distinguere,
3181 1640 3237 1686 et
3287 1631 3430 1686 aliud
3474 1632 3641 1690 Patri.

2056 1715 2200 1770 aliud
2249 1716 2387 1772 Filio
2443 1719 2770 1776 adscribere.
2822 1723 2957 1788 Quia
3007 1723 3149 1777 enim
3199 1725 3478 1795 utriusque
3537 1740 3641 1779 una

2056 1810 2350 1865 substantia
2376 1820 2480 1877 est,
2521 1813 2643 1869 ideo
2665 1813 2842 1869 divina
2880 1815 3152 1886 Scriptura
3179 1817 3641 1872 indiscriminatim

2055 1900 2342 1970 aliquando
2376 1902 2546 1971 Patri,
2569 1905 2858 1975 aliquando
2884 1905 3020 1961 Filio
3051 1907 3254 1962 tribuit.
3286 1907 3354 1961 Et
3380 1912 3640 1980 praecepit,

2056 1992 2247 2064 inquit,
2275 1993 2524 2050 Dominus
2551 1996 2689 2052 Deus
2717 1998 2842 2052 Αάω
2868 1999 3056 2054 dicens.
3084 1999 3181 2055 llic
3209 2003 3402 2055 merito
3430 2011 3643 2070 stupea-

2055 2100 2174 2139 mus
2197 2085 2291 2141 Dei
2317 2086 2660 2143 clementiam
2688 2091 2848 2145 verba
2887 2094 3065 2145 inania
3094 2101 3436 2162 superantem
3456 2092 3642 2148 viden-

2056 2186 2158 2243 tes,
2185 2194 2344 2248 quam
2392 2179 2542 2234 brevi
2581 2180 2684 2236 hac
2726 2181 2959 2238 dictione
3001 2182 3238 2238 exhibet.
3282 2181 3356 2238 Et
3379 2185 3634 2255 prtecepit,

2054 2269 2246 2340 inquit.
2268 2270 2400 2327 Vide
2428 2274 2604 2326 statim
2631 2274 2699 2329 ab
2723 2274 2893 2342 initio,
2920 2284 3119 2345 quanto
3139 2275 3342 2332 honore
3367 2275 3639 2332 hominem

2055 2361 2412 2431 prosequitur.
2445 2362 2628 2432 Neque
2642 2363 2782 2418 enim
2804 2363 2976 2419 dixit:
3007 2365 3310 2436 Imperavit,
3335 2365 3418 2421 vel
3439 2365 3638 2421 Jussit:

2054 2453 2151 2508 sed
2179 2454 2305 2524 quid
2327 2455 2351 2509 7
2373 2453 2646 2524 Prwcepit.
2673 2456 2819 2512 Sicut
2838 2458 3043 2512 amicus
3066 2457 3241 2513 amico
3265 2458 3334 2513 de
3357 2459 3517 2512 rebus
3548 2475 3643 2513 ne«

2047 2545 2300 2601 ceSSariis
2332 2548 2643 2616 praecipiens
2682 2549 2932 2619 loquitur,
2969 2551 3039 2604 ita
3079 2559 3134 2606 et
3172 2551 3312 2606 Deus
3339 2566 3462 2621 erga
3493 2552 3638 2606 Ada-

2053 2657 2199 2695 mum
2219 2642 2235 2672 ί
2263 2641 2495 2696 afficitur
2517 2659 2530 2695 :
2549 2641 2702 2712 quasi
2738 2641 2842 2697 hoc
2863 2642 3070 2698 honore
3095 2643 3268 2714 ipsum
3294 2644 3359 2698 ad
3386 2644 3643 2698 obedien-

2055 2734 2184 2789 dum
2211 2736 2276 2790 iis
2295 2751 2458 2806 quaea
2491 2751 2550 2791 se
2579 2735 3041 2806 praecipiebantur,
3072 2745 3412 2791 attracturus.
3448 2737 3534 2790 l6.
3571 2735 3638 2791 Et

2053 2831 2291 2900 praecepit
2320 2829 2572 2884 Dominus
2600 2830 2741 2884 Deus
2781 2829 2906 2884 Λάαν
2947 2831 3118 2884 dicens
3145 2845 3163 2884 :
3190 2828 3268 2884 De
3309 2830 3447 2883 omni
3473 2830 3635 2900 ligno,

2052 2922 2187 2993 quod
2215 2931 2287 2976 est
2331 2924 2385 2975 in
2416 2923 2674 2993 paradiso,
2715 2921 3020 2976 comedenda
3056 2921 3283 2975 comedes
3311 2921 3437 2976 :17.
3478 2920 3541 2974 de
3569 2919 3636 2972 li-

2050 3030 2150 3085 gno
2178 3023 2347 3067 autent
2389 3013 2580 3068 sciendi
2626 3012 2808 3067 bonum
2855 3023 2902 3068 et
2947 3013 3154 3078 malum,
3197 3029 3298 3066 non
3345 3011 3633 3065 comedetis.

2053 3105 2379 3173 Quocumque
2400 3115 2562 3159 autem
2592 3105 2673 3158 die
2699 3105 3020 3159 comederitis.
3049 3121 3112 3158 ea:
3137 3120 3218 3170 eo,
3257 3113 3416 3158 morte
3449 3103 3634 3156 morie-

2051 3198 2194 3252 mini.
2225 3197 2410 3269 Magna
2461 3197 2616 3266 hujus
2652 3197 2903 3266 prmcepti
2952 3196 3176 3250 facilitas
3207 3204 3308 3250 est.
3339 3194 3466 3260 Sed,
3497 3194 3631 3248 dile-

2049 3298 2155 3353 cte,
2185 3305 2345 3358 grave
2371 3287 2567 3343 malum
2602 3299 2684 3342 est
2710 3287 2948 3351 desidia;
2980 3288 3120 3342 sicut
3143 3287 3286 3342 enim
3313 3286 3400 3340 illa
3432 3285 3558 3340 facit
3579 3295 3633 3338 ut

2048 3381 2222 3437 facilia
2248 3381 2426 3437 omnia
2452 3379 2733 3435 videantur
2755 3379 3010 3446 difficilia,
3040 3378 3118 3434 sic
3142 3377 3374 3433 studium
3407 3386 3460 3432 ot
3497 3376 3634 3446 vigi-

2049 3475 2232 3538 lantia,
2277 3473 2436 3529 etiam
2484 3472 2662 3526 omnia
2703 3471 2870 3525 ardua
2909 3481 2964 3526 et
2992 3471 3227 3526 difﬁcilia
3266 3469 3439 3524 facilia
3478 3468 3634 3523 nobis

2048 3564 2293 3619 reddunt.
2322 3563 2460 3630 Quid
2499 3563 2666 3628 enim,
2703 3563 2810 3628 dic,
2843 3577 3046 3631 quaeso,
3077 3561 3180 3615 hoc
3215 3560 3466 3614 mandato
3503 3559 3634 3614 faci-

2051 3649 2193 3706 lius?
2221 3652 2352 3722 quid
2383 3652 2488 3708 hoc
2517 3651 2720 3707 honore
2747 3651 2958 3722 majus?
2983 3651 3324 3706 Concedebat
3348 3651 3546 3705 versari
3580 3650 3631 3705 iu

2047 3743 2320 3813 paradiso,
2347 3743 2631 3797 visibilium
2655 3743 2986 3799 formositate
3015 3743 3292 3809 oblcctari,
3325 3743 3633 3812 aspicienda

2045 3836 2329 3890 exhilarari
2366 3845 2421 3891 et
2447 3834 2672 3891 fruendo
2698 3851 2940 3906 magnam
2971 3837 3296 3906 voluptatem
3328 3835 3630 3906 percipere.

2045 3928 2227 3999 Cogita
2255 3945 2412 4000 quam
2443 3929 2734 4000 jucundum
2765 3929 2919 3984 fuerit
2950 3931 3137 3985 videre
3189 3930 3410 3984 arbores
3441 3927 3630 3982 fructi~

2046 4020 2144 4075 bus
2181 4031 2450 4087 oneratas,
2483 4019 2674 4074 florum
2707 4022 3038 4085 varietatem,
3085 4021 3372 4076 herbarum
3401 4017 3630 4075 diversi-

2047 4120 2230 4179 tatem,
2262 4110 2511 4166 foliorum
2541 4125 2744 4176 comas,
2769 4121 2926 4182 atque
2950 4113 3053 4167 alia
3082 4129 3202 4184 quae
3230 4113 3519 4170 verisimile
3546 4117 3632 4166 est

2047 4207 2101 4260 in
2133 4205 2380 4276 paradiso
2418 4203 2604 4271 fuisse,
2652 4214 2708 4260 et
2754 4205 2808 4259 in
2850 4204 3097 4275 paradiso
3141 4221 3172 4260 a
3223 4208 3332 4262 Deo
3371 4207 3627 4276 plantato.

2046 4297 2270 4364 Pr0pter
2312 4295 2416 4352 hoc
2453 4297 2594 4351 enim
2643 4296 2890 4366 superius
2935 4295 3114 4352 divina
3161 4297 3434 4366 Scriptura
3477 4296 3630 4362 dicit,

2045 4391 2302 4446 Produxit
2339 4391 2505 4445 adhuc
2532 4405 2595 4445 ea:
2622 4401 2756 4444 terra
2785 4405 2932 4445 omne
2955 4391 3148 4462 lignum
3177 4391 3443 4461 putchrum
3484 4406 3634 4460 aspe—

2044 4495 2127 4538 ctu
2153 4525 2169 4550 ,
2208 4493 2254 4538 et
2295 4485 2478 4538 bonum
2521 4483 2590 4536 ad
2639 4483 3020 4544 comedendum,
3068 4492 3126 4537 ut
3164 4484 3301 4538 scire
3343 4483 3628 4552 possimus,

2043 4585 2240 4646 quanta
2272 4573 2455 4629 fruens
2483 4575 2745 4637 ubertate,
2775 4589 2869 4643 per
2896 4588 3140 4643 magnam
3165 4573 3627 4642 intemperantiam

2043 4678 2098 4722 et
2151 4668 2544 4738 negligentiam,
2586 4666 2770 4721 datum
2825 4666 2924 4720 sibi
2967 4664 3272 4720 mandatum
3325 4666 3625 4721 violaverit.

2043 4760 2248 4830 Cogita,
2275 4760 2522 4826 obsecro,
2555 4759 2773 4814 honoris
2796 4760 3160 4826 eminentiam,
3190 4774 3309 4829 quae
3335 4759 3482 4812 illum
3507 4773 3632 4828 pro-

2043 4863 2298 4923 sequutus
2325 4860 2428 4920 est,
2457 4853 2577 4907 data
2607 4853 2680 4907 illi
2712 4867 2892 4908 mensa
2933 4852 3142 4922 propria
3178 4862 3230 4906 et
3270 4860 3546 4922 segregata
3574 4853 3628 4906 in

2044 4944 2309 5014 paradiso,
2333 4953 2388 4999 ut
2419 4961 2486 4999 ne
2515 4953 2727 5014 putaret
2769 4943 3011 4999 eamdem
3058 4942 3156 4996 sibi
3183 4951 3240 4996 et
3261 4941 3519 5010 jumentis
3546 4943 3630 4996 in-

2043 5037 2198 5103 strui,
2245 5037 2340 5091 sed
2390 5037 2612 5092 haberet
2666 5037 2814 5106 quasi
2863 5051 2986 5100 rex,
3039 5036 3090 5088 in
3144 5035 3390 5104 paradiso
3439 5051 3650 5104 agens,

2043 5128 2351 5184 deliciarum
2393 5129 2622 5198 copiam,
2659 5137 2723 5183 et
2741 5128 2890 5198 quasi
2935 5127 3184 5182 dominus
3215 5129 3500 5198 separatim
3529 5129 3626 5182 de-

2043 5230 2214 5289 geret,
2239 5231 2400 5289 atque
2427 5220 2584 5274 aliam
2613 5235 2770 5287 quam
2797 5218 3024 5272 miniStri
3055 5218 3435 5273 habitationem
3463 5219 3627 5274 sorti-

2046 5323 2209 5366 retur.
2253 5311 2320 5364 Et
2370 5312 2609 5382 pra'cepit
2651 5309 2906 5364 Dominus
2951 5309 3090 5364 Deus
3137 5310 3264 5364 Ada:
3308 5311 3519 5364 dicens:
3547 5310 3630 5364 Ea:

2042 5403 2181 5456 omni
2203 5403 2360 5472 ligno,
2389 5401 2540 5471 quod.
2559 5410 2633 5454 est
2659 5401 2711 5453 in
2740 5401 2998 5470 paradiso,
3031 5401 3337 5455 comedenda
3363 5402 3591 5455 comedas
3612 5417 3631 5454 :

2042 5510 2106 5548 ea:
2136 5494 2273 5564 ligno
2295 5491 2677 5545 autem-sciendi
2697 5491 2884 5544 bonum
2911 5501 2960 5545 et
2987 5493 3198 5558 malum,
3230 5509 3332 5546 non
3361 5493 3631 5546 comedetis

2041 5599 2106 5636 ex
2129 5599 2206 5636 eo.
2241 5582 2564 5648 Quocumque
2589 5590 2755 5634 autem
2780 5581 2862 5634 die
2889 5582 3222 5645 comederitis,
3253 5591 3412 5635 morte
3441 5582 3626 5634 morie-

2042 5674 2163 5727 mini
2191 5687 2210 5727 :
2235 5673 2386 5742 quasi
2413 5672 2618 5726 diceret
2643 5673 2709 5726 ad
2736 5673 2883 5727 illum
2914 5691 2928 5726 :
2957 5671 3092 5726 Num
3119 5673 3400 5727 molestum
3427 5672 3628 5743 aliquid

2106 5853 2122 5886 ¹
2159 5851 2433 5916 savil.,l'.eg.
2463 5858 2516 5904 et
2535 5850 2764 5915 Colbcrt.,
2790 5865 2905 5917 erga
2928 5864 3074 5919 genus
3097 5850 3373 5904 Ianuarium.
