4038 6394
422 411 517 468 11³

488 451 513 468 ιο

488 451 513 468 ιο

419 537 473 581 et
519 543 683 597 grave
716 537 837 598 pcto
869 544 932 583 ex
979 529 1073 583 te?
1122 528 1245 584 Frui
1286 532 1428 585 enim
1465 532 1716 587 omnibus
1764 533 1854 587 tibi
1886 548 2005 601 per-

421 618 599 685 mitto,
631 617 730 671 hoc
763 635 923 673 unum
951 620 1205 689 praecipio
1250 636 1317 675 ne
1356 622 1633 692 tetigeris:
1669 633 1724 679 et
1762 640 2008 694 magnam

423 726 636 779 pomum
677 711 930 777 decerno,
980 720 1037 765 ut
1080 712 1162 767 vel
1198 714 1389 768 timore
1437 714 1719 781 coercitus,
1751 716 1934 772 datum
1981 733 2011 771 a

423 815 511 856 Inc
557 802 647 855 tibi
697 802 1005 857 mandatum
1056 806 1346 859 custodias.
1393 806 1518 862 Haec
1566 807 1816 875 faciebat,
1860 810 2013 879 quasi

422 890 672 944 dominus
724 892 919 961 aliquis
969 892 1234 960 liberalis,
1285 895 1502 950 domum
1556 913 1799 969 magnam
1853 899 2011 953 alieni

421 982 775 1047 concredens,
802 994 855 1039 et
877 996 933 1039 ut
962 985 1255 1041 dominium
1283 989 1381 1042 sibi
1415 990 1617 1044 salvum
1651 1000 1885 1057 maneat,
1918 1008 2012 1060 pa-

423 1090 540 1127 rum
574 1084 775 1129 tantum
808 1078 1046 1146 pecunia:
1072 1078 1306 1133 dandum
1346 1081 1532 1136 abillo
1559 1084 1888 1151 praescribat.
1928 1084 2015 1137 Sic

422 1184 552 1223 sane
583 1178 636 1223 et
666 1168 924 1239 benignus
967 1180 1149 1227 noster
1179 1174 1457 1239 Dominus,
1486 1189 1746 1230 concesso
1776 1176 2013 1228 omnium

422 1275 541 1326 qua:
579 1259 628 1313 in
676 1263 921 1328 paradiso
966 1272 1121 1316 erant.
1163 1262 1356 1327 fructu,
1394 1264 1461 1318 ab
1490 1279 1601 1319 uno
1624 1274 1827 1318 tantum
1875 1265 2018 1334 ligno

423 1352 693 1407 abstinere
715 1353 896 1423 jussit,
948 1364 1003 1409 ut
1042 1356 1181 1410 scire
1209 1367 1388 1425 posset
1433 1357 1612 1420 homo,
1652 1371 1710 1411 se
1757 1372 1877 1411 esse
1918 1357 2020 1411 sub

428 1448 674 1512 Domino,
707 1450 789 1502 cui
821 1449 1041 1505 obedire
1086 1450 1306 1506 deberet
1342 1460 1396 1505 et
1422 1467 1630 1521 parere,
1672 1452 1716 1505 si
1758 1451 1884 1521 quid
1931 1452 2019 1506 ille

426 1541 735 1610 imperaret.

496 1632 552 1685 4.
592 1632 724 1699 Quis
756 1647 851 1701 pro
887 1632 1144 1700 dignitate
1180 1633 1529 1688 admirabitur
1569 1635 1870 1691 communis
1901 1649 2019 1688 om-

430 1723 575 1777 nium
604 1726 770 1779 nostri
796 1725 1001 1779 Domini
1025 1726 1436 1781 liberalitatem?
1462 1727 1594 1782 Cum
1618 1728 1823 1781 nullum
1847 1728 2021 1783 adhuc

427 1815 701 1882 specimen
723 1831 834 1886 prie
855 1832 914 1871 se
942 1818 1101 1871 ferret
1132 1818 1321 1881 Adam,
1352 1827 1546 1886 quanta
1578 1818 1832 1873 benelicia
1862 1834 2021 1873 acce-

430 1907 508 1975 pit
532 1908 545 1961 !
574 1906 755 1977 Neque
786 1909 928 1962 enim
954 1908 1282 1962 dimidiatam
1310 1910 1384 1963 illi
1419 1909 1565 1964 dedit
1594 1926 1773 1964 rerum
1809 1909 2021 1963 l'ruitio-

432 2015 591 2063 nem,
622 2015 795 2069 neque
843 2015 870 2053 a
917 2000 1158 2070 pluribus
1201 2001 1471 2056 abstinere
1511 2002 1693 2071 jussit,
1722 2010 1776 2063 et
1812 2002 2023 2056 caeteris

433 2091 567 2144 frui'
604 2109 615 2144 :
646 2092 739 2146 sed
767 2084 1076 2161 participem
1105 2094 1341 2147 omnium
1375 2109 1493 2163 qua:
1520 2102 1676 2147 erant
1697 2095 1747 2147 in
1781 2093 2024 2163 paradiso

432 2198 555 2239 esse
589 2184 785 2249 voluit;
835 2183 903 2237 ab
932 2200 1040 2238 uno
1085 2185 1199 2239 solo
1245 2184 1388 2254 ligno
1435 2184 1703 2240 abstinere
1746 2187 2020 2255 prmcepit,

434 2284 741 2330 monstrans
782 2290 841 2329 re
870 2276 1003 2345 ipsa,
1038 2276 1237 2329 nullius
1265 2276 1484 2329 alterius
1524 2276 1690 2345 gratia
1722 2276 1823 2331 hoc
1849 2277 2021 2347 ipsum

432 2383 493 2421 se
521 2369 713 2431 facere,
746 2384 903 2437 quam
932 2378 988 2422 ut
1015 2379 1284 2422 tantorum
1327 2368 1712 2423 beneﬁciorum
1744 2378 2021 2424 auctorem

433 2478 729 2532 agnoscere
756 2463 916 2516 homo
944 2472 1142 2530 posset.
1180 2461 1543 2517 Etconsidera
1572 2477 1694 2517 cum
1725 2462 1842 2516 aliis
1862 2464 2022 2518 etiam

435 2555 521 2609 hic
564 2556 855 2610 bonitatem
902 2555 1019 2619 Dei,
1049 2564 1248 2626 quanto
1290 2555 1494 2610 honore
1537 2554 1699 2610 etiam
1744 2554 2021 2609 mulierem

439 2646 798 2716 prosequitur,
828 2660 945 2716 quae
971 2661 1036 2700 ex
1078 2646 1168 2699 illo
1199 2644 1475 2700 formanda
1502 2655 1639 2700 erat.
1670 2644 1916 2699 Nondum
1959 2660 2024 2700 ea

432 2739 575 2792 enim
604 2738 882 2807 producta,
914 2740 1068 2808 quasi
1096 2738 1305 2807 utrique
1331 2737 1629 2803 mandaret,
1660 2737 1871 2792 dicebat
1901 2756 1913 2791 :
1941 2737 2025 2792 Ne

432 2828 747 2882 somederitis
789 2845 852 2882 ea:
900 2838 1114 2893 eo:et,
1173 2829 1499 2898 Quocumque
1553 2830 1636 2883 die
1686 2829 2022 2896 comederitis,

434 2929 594 2974 morte
614 2922 895 2974 moriemini
926 2936 944 2974 :
970 2921 1249 2975 declarans
1272 2922 1380 2989 jam
1412 2920 1536 2975 inde
1575 2920 1644 2974 ab
1674 2921 1826 2974 initio
1856 2938 2021 2976 unum

435 3029 555 3067 esse
602 3014 775 3068 virum
818 3024 873 3068 et
923 3015 1222 3083 mulierem,
1270 3019 1407 3071 sicut
1451 3027 1505 3072 et
1559 3018 1753 3072 Paulus
1808 3018 2021 3087 inquit:

437 3105 601 3175 Caput
647 3107 872 3159 mulieris
919 3107 996 3160 vir
1034 3105 1249 3179 (Ephes.
1296 3109 1348 3163 5.
1383 3108 1498 3177 9.5).
1553 3108 1843 3177 Propterea
1897 3123 2026 3177 ergo

434 3196 583 3265 quasi
633 3197 839 3267 utrique
884 3197 1135 3266 loquitur,
1177 3207 1235 3253 ut
1280 3200 1499 3269 posthac
1537 3199 1763 3255 formata
1806 3215 1870 3254 ex
1912 3201 2026 3254 viro

437 3288 680 3353 muliere,
704 3288 1041 3342 occasionem
1072 3288 1147 3343 illi
1178 3290 1410 3359 prwbeat
1432 3290 1660 3345 docendi
1687 3290 1831 3345 illam
1860 3290 2026 3359 ipsius

440 3386 723 3446 praecepta.
770 3379 890 3433 Jam
940 3380 1051 3433 seio
1089 3380 1301 3450 quidem
1331 3381 1749 3451 vulgatissimam
1793 3396 1911 3434 esse
1957 3380 2025 3435 de

441 3467 544 3522 huc
572 3469 713 3537 ligno
746 3470 1121 3539 quzestionem,
1174 3480 1229 3525 et
1273 3473 1471 3526 multos
1496 3484 1699 3528 temere
1727 3474 2022 3543 loquentes,

438 3561 647 3629 culpam
670 3562 738 3616 ab
770 3563 985 3619 homine
1013 3565 1063 3617 in
1090 3564 1255 3619 Deum
1284 3564 1574 3622 transferre
1593 3568 1711 3633 niti,
1740 3566 2024 3622 audacter-

440 3668 544 3721 que
578 3653 759 3710 dicere
785 3672 797 3709 :
826 3653 990 3725 Cujus
1035 3657 1109 3711 rei
1146 3658 1315 3727 gratia
1344 3657 1492 3712 dedit
1521 3658 1851 3724 mandatum,
1881 3660 2024 3728 quod

436 3745 638 3799 sciebat
667 3745 938 3801 hominem
978 3750 1475 3819 transgressurum?
1506 3760 1559 3803 et
1586 3750 1777 3805 iterum
1806 3770 1819 3804 :
1848 3750 2025 3816 Quare

432 3835 592 3904 jussit
615 3836 819 3905 lignum
847 3836 961 3892 fieri
989 3840 1040 3893 in
1078 3840 1364 3909 paradiso?
1391 3851 1446 3895 et
1472 3842 1637 3895 multa
1656 3842 1757 3895 alia
1788 3860 1799 3895 :
1833 3842 1927 3896 sed
1958 3858 2026 3897 ne

438 3941 578 3980 nunc
605 3936 726 3980 ante
760 3937 967 3997 tempus
994 3930 1445 3998 prtevarieationis
1474 3932 1748 3987 videamur
1778 3935 2025 4003 prosilire

439 4015 507 4069 ad
546 4032 607 4069 ea
645 4018 964 4083 enarranda,
998 4036 1176 4090 operte
1202 4022 1431 4090 pretium
1468 4032 1571 4089 est,
1604 4032 1661 4077 ut
1690 4038 1789 4077 nos
1829 4040 2021 4093 chpe-

437 4119 645 4165 etemus
676 4112 814 4167 beati
841 4113 999 4170 Mosis
1024 4116 1388 4171 narrationem
1419 4134 1431 4169 :
1460 4127 1518 4171 ut
1556 4133 1676 4172 cum
1704 4118 1768 4172 ad
1799 4134 1920 4173 cum
1948 4119 2025 4173 lo-

437 4217 557 4255 eum
584 4205 1005 4273 pervenerimus,
1042 4209 1359 4277 tempestive
1386 4224 1737 4279 qumcumque
1768 4211 1858 4264 Dei
1896 4226 2021 4280 gra-

437 4291 508 4346 tia
561 4292 789 4359 dederit,
837 4295 905 4351 de
951 4312 1013 4351 ea
1066 4314 1125 4353 re
1177 4298 1448 4363 dicentes,
1508 4315 1692 4355 verum
1736 4300 2024 4370 Scriptura:

436 4398 656 4439 sensum
691 4396 918 4441 vestram
963 4387 1250 4444 doceamus
1300 4390 1574 4445 caritatem
1610 4406 1752 4461 :quo
1795 4392 2025 4447 scientes

436 4476 833 4545 Scripturarum
877 4480 1188 4546 veritatem,
1234 4480 1466 4535 debitam
1519 4482 1747 4535 Domino
1798 4482 2021 4551 gloriam

436 4567 695 4637 oli'eratis,
736 4585 834 4625 nec
862 4585 928 4625 eo
958 4571 1045 4641 qui
1077 4573 1315 4641 peccavit
1345 4573 1566 4638 omissn,
1609 4574 1821 4642 culpam
1854 4574 2025 4627 incul-

438 4659 542 4725 pati
572 4659 687 4713 Deo
712 4661 1015 4729 impntetis;
1039 4663 1149 4732 jam
1191 4674 1389 4729 autem,
1424 4666 1468 4718 si
1496 4665 1646 4730 libet,
1676 4664 1743 4719 de
1773 4666 2024 4733 przcsenti

438 4750 664 4805 lectione
705 4753 849 4820 quod
896 4755 1134 4823 sequitur
1184 4770 1588 4825 prosequamur.
1636 4755 1721 4809 18.
1766 4754 1833 4807 Ει
1873 4755 2021 4818 dixit.

441 4840 631 4908 inquit,
669 4840 916 4896 Dominus
945 4843 1121 4899 Deus:
1149 4844 1269 4899 Non
1308 4857 1379 4900 est
1414 4846 1600 4900 borium
1630 4847 1880 4900 hominem
1919 4863 2026 4901 esse

426 4931 619 4984 solum.
678 4934 814 4988 Ecce
857 4935 1046 4990 iterum
1090 4936 1335 4991 similiter
1376 4936 1528 4999 dixit,
1580 4938 1714 4991 sicut
1756 4948 1809 4991 et
1856 4940 2025 5007 prius,

435 5020 690 5077 Dominus
708 5023 840 5079 Deus
862 5041 882 5079 :
909 5037 963 5080 ut
991 5028 1169 5083 animo
1190 5028 1329 5082 dicta
1361 5028 1659 5097 intigentes,
1693 5045 1760 5083 ne
1784 5040 2025 5097 putemus

437 5113 615 5167 divina
672 5115 946 5185 Scriptura
1005 5121 1404 5187 prmstantiores
1468 5130 1681 5174 nostras
1747 5123 2026 5189 opiniones

436 5220 580 5259 esse.
627 5204 882 5277 Dixitque,
932 5210 1026 5273 ait,
1073 5208 1322 5263 Dominus
1352 5209 1489 5264 Deus
1515 5228 1535 5263 :
1560 5210 1683 5264 Non
1733 5222 1803 5264 est
1843 5213 2024 5265 bonum

436 5310 545 5348 esse
564 5297 817 5351 hominem
846 5300 1031 5353 solum.
1059 5300 1378 5367 Considera,
1406 5301 1676 5369 quomodo
1716 5318 1820 5354 non
1851 5313 2026 5357 cessat

443 5387 612 5439 bonus
663 5389 823 5454 Deus,
876 5390 969 5444 sed
1017 5391 1273 5447 benelicia
1333 5392 1608 5447 beneficiis
1659 5393 1916 5458 cumulat,
1973 5405 2026 5448 et

440 5479 717 5534 abundans
748 5482 981 5537 bonitate
1004 5485 1147 5537 onmi
1182 5484 1389 5539 honore
1415 5486 1752 5541 circumdare
1773 5488 1884 5541 vult
1911 5488 2026 5542 ani-

440 5572 543 5624 mal
570 5571 671 5626 hoc
700 5568 904 5629 ration'e
935 5577 1235 5645 prazdilum,
1268 5589 1323 5632 ut
1354 5595 1457 5633 non
1490 5580 1661 5633 solum
1688 5579 1910 5635 honeste
1930 5579 2025 5634 sed

438 5671 493 5715 et
535 5665 816 5721 commode
862 5668 1023 5721 vivat.
1055 5668 1185 5722 Nam
1234 5668 1378 5722 Dixit
1408 5670 1655 5725 Dominus
1690 5670 1872 5725 Deus:
1904 5670 2025 5725 Non

505 5824 521 5850 ⁸
542 5828 825 5893 ‘Htea'oees,
848 5832 892 5873 et
915 5825 1100 5893 (celeris
1133 5826 1250 5883 frui,
1276 5826 1478 5878 deerant
1524 5830 1570 5878 i;t
1620 5827 1799 5890 Morel.,
1826 5828 1912 5878 sed
1939 5828 2022 5877 ba-

442 5881 617 5936 bentur
642 5885 687 5933 in
708 5886 842 5934 sai-il.
874 5896 922 5936 et
949 5890 996 5935 ia
1022 5881 1193 5937 amem
1221 5895 1325 5935 uss.

1162 416 1218 472 S.
1258 414 1536 473 JOANNIS
1573 416 2050 474 CllRYSOSTOMl
2088 416 2405 475 ARCIIIEP.
2447 418 2981 476 CONSTANTINOP.

3610 417 3709 473 ΗΟ

2115 542 2186 587 est
2214 532 2401 586 bonum
2432 534 2684 586 hominem
2731 549 2835 587 esse
2870 533 3052 587 solum.
3084 514 3357 585 Faciamus
3398 531 3474 585 illi
3501 532 3706 602 adjuto-

2114 642 2220 679 rem
2245 626 2517 678 secundum
2545 626 2715 679 illum.

2199 718 2309 772 Vox
2340 718 2594 772 iaciamus
2620 719 2701 771 cui
2726 719 2931 771 dicitur.
2961 747 3030 756 —
3052 716 3190 771 Ecce
3218 716 3408 769 iterum
3432 716 3593 770 etiam
3623 714 3712 769 hic

2117 809 2279 873 dicit,
2313 808 2609 864 Faciamus.
2650 810 2799 864 Sicut
2836 810 2979 863 enim
3025 809 3075 862 in
3109 808 3373 878 principio
3400 807 3467 862 de
3495 808 3717 861 homine

2118 899 2400 954 formando
2428 900 2658 965 dicebat,
2692 899 2967 953 Faciamus
2997 900 3248 954 hominem
3274 899 3547 953 secundum
3576 900 3711 951 ima-

2119 994 2285 1063 ginem
2312 1003 2533 1046 nostram
2561 1002 2607 1046 et
2635 993 2906 1046 secundum
2926 992 3307 1045 similitudinem
3336 1006 3355 1044 :
3385 990 3455 1043 ita
3483 1001 3533 1045 et
3560 1004 3705 1045 nunc

2121 1084 2394 1137 mulierem
2420 1082 2763 1145 formaturus,
2793 1083 2980 1137 eodem
3009 1081 3171 1137 verbo
3201 1082 3387 1145 utitur,
3418 1076 3473 1135 et
3498 1080 3666 1149 inquit
3698 1096 3714 1139 :

2122 1175 2415 1230 Faciamus.
2447 1176 2543 1230 Cui
2576 1175 2677 1230 hoc
2696 1174 2860 1229 dicit?
2886 1175 3001 1229 Non
3030 1184 3221 1229 creata:
3251 1174 3407 1227 alicui
3433 1172 3713 1241 potentim,

2120 1266 2217 1321 sed
2241 1268 2290 1322 ei
2332 1269 2419 1338 qui
2470 1283 2536 1321 ex
2578 1281 2637 1322 se
2685 1278 2841 1320 natus
2887 1276 2988 1330 est,
3039 1264 3345 1319 consiliario
3388 1264 3712 1330 admirabili,

2123 1358 2347 1426 potenti,
2395 1357 2621 1427 principi
2661 1358 2807 1427 pacis
2840 1355 2995 1428 (lsai.
3042 1356 3096 1411 9.
3142 1354 3219 1425 6),
3264 1354 3539 1425 unigenito
3578 1352 3707 1407 Fili:

2123 1462 2242 1503 suo.
2290 1448 2356 1501 Et
2389 1459 2444 1502 ut
2475 1449 2635 1503 sciret
2662 1449 2853 1512 Adam,
2883 1447 3080 1501 animal
3110 1446 3444 1501 formandum
3492 1445 3709 1515 :equalis

2122 1556 2243 1595 cum
2291 1542 2404 1609 ipso
2432 1540 2701 1611 dignitatis
2748 1540 2879 1606 lore,
2927 1538 3126 1593 idcirco
3168 1536 3618 1607 quemadmodum
3645 1537 3720 1590 de

2124 1633 2241 1702 ipso
2266 1632 2494 1699 dicebat,
2532 1630 2828 1694 Faciamus,
2857 1631 2934 1684 sic
2967 1638 3021 1683 et
3050 1644 3191 1683 nunc
3227 1628 3366 1682 dixit
3395 1645 3407 1679 :
3436 1626 3714 1679 Faciamus

2124 1724 2406 1794 adjutorem
2445 1722 2719 1775 secundum
2760 1722 2923 1775 illum.
2960 1720 3254 1789 Utrumque
3298 1719 3521 1773 multum
3557 1719 3720 1771 habet

2126 1816 2399 1886 ponderis,
2430 1824 2541 1869 tum
2567 1812 2707 1884 quod
2757 1814 2849 1877 ait,
2884 1813 3199 1883 Adjutorem,
3229 1820 3339 1865 tum
3371 1809 3511 1880 quod
3543 1810 3716 1870 addit.

2128 1909 2421 1964 Secundum
2450 1907 2616 1961 illum.
2643 1906 2798 1969 Nolo,
2832 1906 3023 1975 inquit,
3058 1906 3205 1958 illum
3252 1903 3423 1958 solum
3451 1917 3591 1967 esse,
3619 1903 3721 1955 sed

2128 2000 2324 2055 habere
2341 2015 2404 2055 ex
2434 1999 2785 2054 contubernio
2806 1998 3225 2052 consolationem
3256 1996 3507 2065 aliquam,
3544 2009 3723 2062 neque

2127 2092 2230 2147 hoe
2278 2092 2474 2155 solum,
2525 2089 2619 2145 sed
2656 2089 3029 2159 producendus
3063 2097 3145 2141 est
3187 2086 3398 2156 adjutor
3440 2085 3537 2155 ipsi
3582 2101 3721 2138 eon-

2126 2199 2362 2254 gruens;
2392 2182 2670 2237 mulierem
2716 2180 3010 2234 insinuans.
3048 2179 3337 2248 Propterea
3377 2192 3496 2231 cum
3544 2178 3721 2230 dixis-

2128 2290 2209 2332 set
2243 2294 2255 2330 :
2286 2274 2560 2329 Faciamus
2586 2275 2660 2328 illi
2691 2273 2998 2343 adjutorem,
3028 2270 3194 2333 addit,
3229 2270 3521 2324 Secundum
3548 2269 3721 2334 illum,

2128 2379 2187 2425 ut
2213 2385 2333 2425 eum
2364 2368 2564 2422 videris
2599 2367 2779 2421 statim
2809 2364 2997 2419 adduci
3031 2364 3249 2428 bestias,
3280 2372 3334 2415 et
3363 2362 3539 2415 omnia
3568 2362 3725 2413 vola-

2126 2465 2241 2518 tilia
2275 2463 2413 2529 c:eli,
2461 2476 2530 2516 ne
2572 2471 2727 2530 putes
2756 2459 2823 2514 de
2867 2458 2974 2512 illis
3022 2471 3141 2511 esse
3179 2455 3400 2510 dictum.
3432 2453 3563 2508 Nam
3598 2454 3725 2507 licet

2129 2557 2295 2611 multa
2323 2554 2706 2610 irrationabilia
2748 2552 3037 2607 animantia
3067 2550 3321 2619 adjuvent
3369 2549 3515 2602 illum
3558 2548 3609 2601 in
3644 2548 3727 2599 la-

2129 2651 2348 2705 boribus
2377 2650 2511 2715 suis,
2544 2649 2747 2702 nullum
2776 2656 2951 2701 tamen
2980 2660 3077 2713 par
3102 2655 3183 2698 est
3211 2643 3452 2697 rationali
3483 2641 3718 2695 mulieri.

2129 2742 2283 2799 Unde
2308 2758 2429 2796 cum
2461 2742 2703 2805 dixisset,
2736 2740 3033 2808 Adjutorem
3063 2734 3338 2789 secundant
3383 2734 3550 2799 illum,
3593 2735 3727 2787 sub-

2128 2834 2205 2889 dit
2235 2853 2247 2889 :
2284 2834 2365 2889 19.
2397 2832 2461 2886 Et
2491 2832 2723 2903 formavit
2771 2829 2912 2883 Deus
2956 2829 3121 2880 adhuc
3168 2826 3230 2879 de
3259 2837 3393 2880 terra
3437 2842 3607 2879 omnes
3633 2826 3725 2877 be-

2129 2930 2251 2982 stias
2270 2928 2402 2997 agri,
2431 2936 2476 2980 et
2499 2927 2668 2978 omnia
2690 2924 2914 2977 volatilia
2940 2922 3071 2987 εαξη,
3099 2930 3144 2973 el
3166 2920 3311 2973 duxit
3335 2920 3425 2973 illa
3445 2919 3512 2970 ad
3532 2919 3729 2984 Adam,

2130 3031 2183 3073 ut
2213 3020 2397 3073 videret
2424 3018 2544 3088 quid
2576 3026 2770 3070 vocaret
2796 3015 2921 3076 illa;
2948 3023 2992 3066 et
3018 3028 3164 3066 omne
3190 3010 3538 3081 quodcumque
3568 3026 3725 3062 voca-

2128 3113 2195 3165 rit
2225 3111 2391 3164 Adam
2431 3110 2651 3162 animam
2690 3108 2952 3171 viventem,
2999 3104 3093 3156 hoc
3124 3112 3194 3156 est
3238 3119 3417 3155 nomen
3466 3101 3560 3155 illi.
3604 3100 3729 3155 Non

2133 3213 2354 3265 temere,
2399 3216 2571 3270 neque
2615 3200 2816 3267 absque
2862 3211 3023 3251 causa
3074 3197 3176 3249 hoc
3226 3193 3423 3247 factum
3470 3202 3572 3256 est,
3624 3192 3729 3246 sed

2131 3305 2347 3365 propter
2384 3309 2446 3347 ea
2475 3307 2594 3362 qua:
2623 3292 2779 3361 paulo
2823 3298 2943 3359 post
2988 3290 3160 3342 futura
3188 3296 3359 3341 erant.
3410 3286 3551 3340 Deus
3575 3288 3731 3341 enim

2129 3403 2250 3442 cum
2281 3384 2552 3455 prmsciret
2577 3383 2701 3453 quid
2725 3398 2829 3437 non
2859 3382 3027 3435 multo
3054 3389 3175 3451 post
3194 3389 3511 3434 eventurum
3552 3387 3727 3446 es>et,

2130 3480 2364 3535 ostendit
2403 3478 2558 3533 nobis
2586 3486 2839 3546 quantam
2876 3475 3191 3544 sapientiam
3220 3473 3437 3527 condito
3466 3488 3494 3525 a
3536 3488 3595 3527 se
3626 3473 3730 3524 bo-

2131 3573 2260 3627 mini
2290 3571 2461 3638 dedit,
2502 3580 2561 3625 ut
2598 3585 2718 3624 cum
2747 3567 3115 3638 praevaricatio
3154 3564 3387 3620 mandati
3415 3582 3443 3619 a
3478 3566 3585 3618 Deo
3611 3565 3729 3621 dati

2127 3668 2420 3737 contingat,
2452 3681 2557 3720 non
2588 3672 2801 3735 putetur
2824 3678 2919 3733 per
2947 3660 3298 3731 ignorantiam
3327 3673 3595 3728 peccasse,
3626 3659 3729 3713 sed

2130 3760 2267 3815 seire
2293 3759 2466 3829 possis
2495 3758 2700 3825 lapsum
2734 3754 2881 3809 illum
2923 3770 2989 3808 ex
3017 3752 3220 3807 desidia
3252 3752 3433 3806 fuisse.

2201 3851 2255 3907 5.
2298 3850 2431 3905 Nam
2477 3847 2618 3918 quod
2675 3862 2864 3915 magna
2915 3846 3175 3914 sapientia
3219 3842 3474 3914 prmditus
3528 3843 3723 3908 fuerit,

2129 3946 2274 4000 disce
2295 3961 2359 3999 ex
2392 3944 2454 3998 iis
2480 3957 2598 4011 qua:
2628 3956 2766 3995 nunc
2793 3943 2942 3995 liunt.
2971 3939 3036 3992 Et
3066 3938 3280 3991 adduxit
3303 3938 3415 4001 illa,
3443 3937 3630 4005 inquit,
3652 3937 3727 3989 ad

2132 4037 2317 4101 Adam,
2369 4044 2423 4088 ut
2471 4033 2658 4086 videret
2704 4032 2826 4102 quid
2863 4039 3059 4085 vocaret
3086 4030 3196 4082 illa.
3230 4028 3382 4083 Fecit
3410 4027 3511 4080 hoc
3556 4024 3724 4088 Deus.

2130 4128 2594 4181 demonstraturus
2636 4123 2791 4177 nobis
2837 4136 3082 4191 magnam
3115 4120 3256 4174 illius
3282 4119 3618 4189 sapientiam.
3655 4118 3729 4173 Et

2130 4218 2362 4283 iterum,
2412 4215 2560 4283 Quod
2597 4214 2789 4268 vocavit
2815 4254 2829 4277 ,
2886 4212 3098 4283 inquit,
3131 4210 3333 4275 Adam,
3372 4212 3468 4263 hoc
3505 4218 3579 4264 est
3623 4227 3726 4263 no-

2130 4327 2243 4363 men
2271 4308 2367 4361 illi.

2198 4400 2383 4488 Aslami
2410 4396 2659 4468 sapientia
2682 4414 2699 4461 ;
2726 4395 2928 4449 libertas
2957 4392 3172 4446 arbitrii.
3200 4421 3273 4430 —
3298 4389 3518 4444 Factum
3541 4399 3725 4443 autem

2130 4493 2231 4548 hoc
2244 4482 2354 4555 est,
2383 4506 2487 4544 non
2520 4498 2577 4543 ut
2599 4488 2868 4543 discamus
2890 4485 3032 4540 illius
3053 4483 3367 4552 sapientiam
3398 4482 3593 4548 solum,
3623 4482 3727 4536 sed

2130 4598 2186 4641 ut
2212 4594 2266 4640 et
2303 4584 2605 4655 symbolum
2631 4580 2851 4635 dominii
2882 4595 2977 4649 per
3022 4578 3294 4632 nominum
3324 4576 3727 4645 impositionem

2129 4686 2502 4748 cognoscatur.
2530 4674 2661 4728 Nam
2713 4681 2769 4727 et
2810 4670 3116 4724 hominibus
3158 4684 3277 4724 mos
3304 4677 3387 4723 est
3419 4668 3519 4722 hoc
3545 4667 3729 4721 facere

2131 4771 2185 4824 in
2215 4772 2422 4837 signum
2451 4766 2696 4829 dominii,
2725 4772 2784 4817 ut
2808 4778 2930 4817 cum
2976 4774 3161 4814 servos
3202 4759 3452 4823 emerint,
3482 4759 3728 4826 ipsorum

2130 4863 2347 4916 nomina
2390 4866 2613 4913 mutent.
2647 4856 2799 4910 Unde
2826 4865 2879 4909 et
2911 4853 3078 4907 Adam
3106 4852 3340 4917 instruit,
3374 4861 3433 4903 ut
3471 4848 3729 4903 omnibus

2131 4953 2301 5008 brutis
2327 4964 2595 5019 tamquam
2620 4948 2869 5002 dominus
2900 4946 3114 5001 nomina
3146 4944 3310 4997 indat.
3341 4943 3418 4998 Ne
3448 4944 3607 5012 igitur
3638 4941 3730 4998 hic

2131 5046 2308 5099 subito
2348 5054 2658 5113 prietereas,
2706 5040 2919 5102 dilecte,
2967 5037 3108 5106 quod
3152 5036 3369 5103 dicitur,
3416 5035 3508 5089 sed
3547 5036 3726 5105 cogita

2131 5147 2344 5207 quantae
2395 5135 2554 5189 fuerit
2594 5131 2871 5202 sapientiae
2923 5139 3001 5184 tot
3046 5129 3351 5199 generibus,
3392 5128 3717 5187 volatilibus,

2132 5228 2431 5298 reptilibus,
2456 5227 2602 5289 leris,
2633 5223 2912 5294 iumentis,
2937 5232 2991 5275 et
3019 5221 3141 5275 aliis
3168 5221 3355 5283 brutis,
3386 5218 3725 5284 (ὶοηιθςῑὶεἰε.

2131 5331 2187 5376 et
2211 5321 2531 5391 agrestibus,
2564 5331 2618 5373 et
2646 5319 2698 5371 iu
2736 5332 2873 5385 aqua
2900 5317 3062 5369 vitam
3090 5315 3389 5384 agentibus,
3439 5322 3494 5366 et
3521 5326 3551 5365 e
3580 5322 3725 5364 terra

2134 5414 2430 5484 productis,
2460 5423 2513 5466 et
2558 5413 2607 5465 in
2639 5426 2847 5464 summa
2889 5407 3138 5462 onmibus
3171 5408 3385 5476 propria
3430 5416 3483 5459 et
3528 5419 3726 5458 conve-

2133 5508 2329 5562 nientia
2362 5522 2472 5561 sua!
2517 5514 2722 5559 naturte
2763 5505 3039 5571 imponere
3071 5501 3308 5554 nomina.
3360 5498 3492 5552 Nam
3538 5495 3723 5561 Quod-

2132 5615 2343 5670 cumque
2371 5598 2560 5651 vocavit
2586 5598 2771 5659 Adam,
2802 5596 2990 5664 inquit,
3022 5595 3115 5646 hoc
3145 5608 3324 5646 nomen
3353 5601 3424 5644 est
3451 5591 3545 5643 illi.
3578 5587 3725 5641 Vidi-

2132 5695 2201 5748 sti
2228 5700 2647 5747 eonsummatam
2678 5688 3004 5758 potentiam?
3034 5686 3208 5740 vidisti
3238 5684 3461 5739 dominii
3488 5691 3722 5735 auctori-

2133 5786 2333 5841 talem?
2361 5782 2636 5853 Perpende
2655 5796 2775 5836 cum
2798 5781 2914 5834 aliis
2936 5781 3096 5834 etiam
3121 5780 3240 5841 hoc,
3270 5776 3411 5847 quod
3441 5786 3495 5830 et
3515 5777 3720 5838 leones,

2135 5887 2187 5931 et
2215 5875 2388 5949 pardi,
2436 5885 2490 5932 et
2518 5874 2737 5947 vipcrte,
2764 5884 2817 5930 et
2853 5873 3068 5943 scorpii,
3100 5880 3151 5927 et
3194 5877 3493 5940 serpentes,
3527 5877 3578 5921 et
3616 5868 3723 5920 alia
