4038 6394
470 389 574 444 H7

467 505 683 558 ἅπαντα
714 502 781 554 τὰ
812 501 1014 555 τούτων
1053 500 1476 574 θηριωδέστερα,
1520 502 1771 574 καθάπερ
1803 502 1951 575 [115]
1996 503 2132 574 πρὸς

466 592 735 660 δεσπότην
764 589 900 658 μετά
921 588 1097 658 πάσης
1112 589 1392 660 ὑποταγῆς
1414 591 1826 660 παραγεγονότα
1845 591 1942 652 τὰς
1964 606 2134 661 προσ-

465 679 693 751 ηγορίας
735 678 1001 743 ἐδέξαντο,
1034 678 1126 730 καὶ
1163 677 1314 730 οὐδὲν
1341 678 1448 730 τῶν
1473 677 1676 749 θηρίων
1709 677 1912 731 τούτων
1940 678 2132 730 ἐδεδοί-

467 770 604 820 κειό
643 767 832 837 Ἀδάμ.
867 765 956 836 Μὴ
988 766 1168 818 τοίνυν
1200 766 1586 836 ἐπισκηπτέτω
1626 784 1709 830 τις
1751 769 1862 828 τοῖς
1910 783 2134 836 γεγενη-

471 856 649 926 μένοις
691 855 840 925 παρὰ
880 853 973 907 τοῦ
1015 855 1308 916 Δεσπότου,
1340 855 1432 907 καὶ
1460 855 1558 924 τὴν
1595 855 1840 922 γλῶτταν
1885 853 2134 907 ἁκονάτω

466 942 609 995 κατά
631 941 725 993 τοῦ
747 941 1103 1012 δημιουργοῦ,
1135 941 1334 1010 μᾶλλον
1363 942 1418 994 δέ
1445 942 1586 995 κατά
1614 943 1712 1011 τῆς
1747 940 1938 993 ἑαυτοῦ
1961 958 2132 1010 κεφα-

464 1029 582 1098 λῆς,
609 1030 700 1081 καὶ
730 1028 932 1097 λεγέτω
957 1029 1024 1081 τὰ
1047 1028 1280 1098 ἀνόνητα
1305 1041 1330 1068 ιι
1358 1030 1539 1081 ἐκεῖνα
1562 1030 1781 1099 ῥήματα
1801 1045 1813 1058 ·
1843 1027 1984 1090 τίνος
2013 1027 2130 1080 ἓνε-

463 1133 560 1168 κεν
603 1115 668 1168 τά
700 1115 864 1187 θηρία
893 1105 1197 1187 παρήχθη;’
1222 1118 1340 1169 Ὅτι
1369 1114 1478 1186 γὰρ
1511 1115 1726 1168 ἅπαντα
1770 1115 1971 1184 ὁμοίως
2017 1117 2129 1179 τοῖς

464 1205 695 1274 ἡμέροις
726 1205 822 1273 τὴν
857 1203 1101 1257 δουλείαν
1148 1204 1487 1270 ἐπεγίνωσκε
1519 1205 1613 1256 καὶ
1645 1201 1744 1274 τὴν
1791 1203 2124 1266 δεσποτείαν,

460 1292 730 1344 δείκνυσιν
757 1293 886 1363 ἡμῖν
914 1291 1154 1362 ἀκριϐῶς
1177 1293 1210 1361 ή
1245 1291 1353 1344 τῶν
1385 1293 1662 1362 ὀνομάτων
1703 1293 1869 1354 θέσις.
1912 1291 1975 1343 Αἰ
2019 1289 2126 1362 γάρ

463 1380 1046 1450 προηγορίαιέκείναι
1068 1379 1133 1442 ἃς
1161 1379 1312 1431 ἔθετο
1343 1380 1532 1441 αὐτοῖς
1560 1379 1720 1449 μέχρι
1741 1378 1831 1431 τοῦ
1862 1377 2126 1449 παρόντος

458 1467 802 1536 διαμένουσιν
823 1483 837 1497 ·
871 1465 1044 1530 οὑτως
1073 1467 1242 1530 αὑτὰς
1269 1467 1546 1538 ἐκύρωσεν
1566 1465 1594 1517 ὀ
1621 1466 1771 1529 Θεὸς,
1795 1467 1880 1518 ἵνα
1901 1465 2124 1536 διηνεκῆ

460 1555 768 1625 ὑπόμνησιν
802 1554 1013 1624 ἔχωμεν
1053 1555 1147 1607 καὶ
1169 1555 1269 1624 τῆς
1298 1555 1482 1624 τιμῆς,
1511 1556 1578 1624 ἣν
1607 1554 1667 1618 ἐξ
1699 1554 1871 1625 ἀρχῆς
1906 1553 2125 1619 ἐδέξατο

461 1643 612 1713 παρὰ
649 1642 744 1696 τοῦ
789 1646 1060 1695 Δεσπότου
1098 1643 1317 1696 πάντων
1369 1643 1430 1705 ιι,
1465 1642 1670 1696 τούτων
1706 1642 1803 1712 τὴν
1847 1641 2123 1713 ὑποταγὴν

459 1729 660 1790 λαϐὼν,
695 1730 789 1782 καὶ
813 1732 908 1800 τῆς
932 1730 1277 1801 ἀφαιρέσεως
1299 1728 1448 1799 αὑτῷ
1478 1729 1577 1798 τὴν
1605 1728 1783 1781 αἰτίαν
1809 1727 2124 1798 ἐπιγράφω-

461 1833 560 1884 μεν
590 1815 677 1868 διὰ
722 1818 819 1882 τῆς
868 1817 1140 1886 ἁμαρτίας
1191 1816 1288 1885 τὴν
1327 1815 1576 1880 ἐξουσίαν
1621 1815 2120 1884 ἀκρωτηριάσαντι.

457 1903 568 1956 Καὶ
595 1902 888 1956 ἐκάλεσεν
924 1903 1112 1972 Ἀδὰμ,
1147 1905 1329 1975 φησιν,
1365 1905 1625 1972 ὀνόματα
1656 1902 1805 1956 πᾶσι
1830 1903 1955 1968 τοῖς
1981 1902 2124 1969 κτή-

455 2006 614 2054 νεσι,
643 1992 741 2045 καί
762 1990 910 2046 πᾶσι
947 1992 1071 2058 τοῖς
1104 1993 1396 2058 πετεινοῖς
1413 1993 1517 2046 τοῦ
1544 1992 1823 2059 οὐρανοῦ,
1855 1992 1951 2044 καὶ
1972 1991 2123 2046 πᾶσι

455 2080 580 2145 τοῖς
611 2080 841 2148 θηρίοις
871 2080 983 2148 τῆς
1007 2079 1138 2149 γῆς.
1184 2081 1464 2134 Ἐντεῦθεν
1495 2081 1595 2150 ἤδη
1627 2081 1818 2134 σκόπει
1847 2098 1954 2150 μοι,
1988 2081 2125 2148 ἀγα-

456 2165 619 2231 πητὲ,
663 2163 763 2232 τῆς
804 2165 1178 2234 προαιρέσεως
1224 2165 1287 2217 τὸ
1321 2164 1691 2229 αὐτεξούσιον,
1737 2165 1962 2234 καὶτῆς
1998 2181 2123 2216 συν-

457 2247 626 2310 έσεως
657 2247 820 2300 αὑτοῦ
849 2248 946 2317 τὴν
974 2247 1298 2318 ὑπερϐολὴν,
1331 2249 1424 2300 καὶ
1460 2249 1534 2318 μὴ
1565 2247 1711 2314 λέγε,
1743 2249 1825 2300 ὃτι
1852 2248 2036 2314 ἠγνόει
2069 2246 2122 2299 τί

459 2335 561 2405 μὲν
594 2335 778 2400 καλὸν,
823 2335 875 2387 τί
913 2335 967 2388 δὲ
997 2335 1184 2389 κακόν.
1229 2336 1286 2388 Ὁ
1317 2335 1426 2406 γάρ
1460 2335 1708 2404 δυνηθεὶς
1751 2334 2122 2405 καταλλήλους

454 2423 556 2486 τὰς
591 2421 957 2493 προσηγορίας
991 2425 1099 2485 τοῖς
1130 2424 1381 2494 κτήνεσιν
1420 2422 1710 2484 ἐπιθεῖναι,
1758 2423 1852 2475 καὶ
1883 2425 1993 2485 τοῖς
2021 2439 2120 2474 πε-

451 2515 666 2573 τεινοῖς,
719 2512 812 2564 καί¹
853 2515 963 2575 τοῖς
997 2510 1224 2583 θηρίοις,
1277 2512 1369 2564 καὶ
1405 2512 1479 2582 μὴ
1524 2511 1758 2582 συγχέας
1801 2510 1899 2582 τὴν
1944 2509 2120 2575 τάξιν,

455 2599 591 2668 μηδέ
617 2599 716 2662 τὰς
753 2599 849 2668 μὲν
875 2601 987 2662 τοῖς
1022 2598 1249 2669 ἡμέροις
1281 2597 1440 2663 ζώοις
1472 2597 1818 2670 ἁρμοζούσας
1851 2615 2124 2668 προσηγο-

453 2688 574 2759 ρίας
602 2691 712 2751 τοῖς
740 2689 951 2759 ἀγρίοις
980 2690 1264 2753 ἐπιθεῖναι,
1294 2689 1427 2759 μηδέ
1450 2689 1548 2753 τὰς
1579 2691 1690 2752 τοῖς
1715 2688 1927 2761 ἀγρίοις
1954 2705 2122 2759 7:900-

448 2775 692 2844 ηκούσας
740 2780 854 2840 τοῖς
879 2777 1109 2848 ἡμέροις
1150 2777 1432 2847 ἀφορίσαι,
1468 2776 1605 2830 ἀλλά
1634 2779 1766 2830 πᾶσι
1794 2777 1890 2839 τὰς
1916 2776 2112 2830 καταλ-

452 2864 646 2934 λήλους
667 2864 956 2935 ὀνομασίας
982 2864 1183 2927 δοῦναι,
1207 2863 1325 2927 πῶς
1347 2863 1407 2916 οὐ
1433 2864 1609 2932 πάσης
1635 2863 1824 2932 σοφίας
1851 2863 1944 2916 καὶ
1967 2863 2123 2916 συνέ-

453 2968 592 3015 σεως
610 2952 938 3023 πεπλήρωτο
954 2967 973 3015 ;
987 2952 1215 3019 Λογίζου
1243 2951 1490 3004 ἐντεῦθεν
1507 2951 1692 3004 λοιπὸν
1713 2952 1811 3022 ὅση
1833 2949 1927 3003 τοῦ
1948 2950 2122 3021 ἐμφυ-

451 3041 694 3109 σήματος
725 3040 933 3092 ἐκείνου
959 3041 992 3110 ἡ
1018 3039 1266 3109 δύναμις,
1291 3039 1386 3091 καὶ
1411 3040 1550 3108 πόση
1582 3039 1678 3108 τῆς
1697 3037 1989 3108 ἀσωμάτου
2017 3038 2121 3106 ψυ-

450 3126 551 3196 χῆς
605 3128 638 3196 ή
697 3127 878 3195 σοφία,
932 3127 1000 3197 ἢν
1046 3130 1074 3180 0
1122 3128 1396 3196 Δεσπότης
1442 3128 1577 3197 αὑτῇ
1611 3127 1949 3196 κεχάρισται,
1983 3125 2119 3189 ζῶον

447 3209 690 3263 τοιοῦτον
719 3212 812 3264 καὶ
841 3212 1154 3282 θαυμαστὸν
1189 3213 1279 3264 καὶ
1303 3211 1518 3279 λογικὸν
1553 3213 1618 3263 ἐκ
1651 3211 1743 3263 δύο
1787 3211 1982 3264 οὐσιῶν
2025 3229 2117 3264 συ-

452 3295 813 3363 στησάμενος,
844 3297 937 3348 καὶ
969 3296 1067 3365 τὴν
1093 3295 1384 3366 ἀσώματον
1411 3297 1598 3349 οὐσίαν
1635 3297 1737 3364 τῆς
1767 3296 1944 3366 ψυχῆς
1983 3314 2119 3367 συμ-

449 3375 651 3442 πλέξας
707 3376 787 3446 τῷ
849 3377 1084 3448 σώματι,
1131 3378 1380 3450 καθάπερ
1431 3379 1646 3450 ὀργάνῳ
1687 3379 1824 3442 τινὶ,
1871 3379 2118 3451 τεχνίτην

449 3462 690 3534 ἄριστον.
720 3465 886 3518 Ὅταν
909 3463 1003 3518 οὖν
1025 3467 1284 3537 ἐννοήσῃς
1309 3465 1403 3520 τοῦ
1429 3466 1566 3531 ζώου
1585 3466 1770 3519 τούτου
1798 3466 1896 3537 τὴν
1922 3468 2116 3520 τοσαύ-

449 3569 549 3622 την
582 3552 794 3621 σοφίαν,
831 3554 1132 3624 ἐκπλήττου
1167 3557 1259 3608 τοῦ
1293 3557 1796 3627 δημιουργήσαντος
1826 3558 1924 3624 τὴν
1958 3558 2116 3611 δύνα-

452 3657 564 3709 μιν.
593 3641 778 3714 Εἰγάρ
799 3641 892 3695 τοῦ
928 3643 1159 3715 οὐρανοῦ
1191 3645 1250 3698 τὸ
1268 3644 1459 3708 κάλλος
1473 3644 1769 3716 ὁρώμενον,
1801 3645 2118 3716 εὐγνώμονα

449 3728 647 3800 θεατὴν
682 3733 762 3794 είς
791 3731 891 3801 τὴν
914 3732 1008 3784 τοῦ
1053 3732 1554 3804 δημιουργήσαντος
1581 3734 1940 3804 παραπέμπει
1970 3734 2117 3799 δοξο-

447 3816 635 3884 λογίαν
654 3835 669 3848 ·
699 3817 878 3888 πολλῴ
919 3819 1117 3889 μᾶλλον
1151 3820 1213 3872 τὸ
1239 3820 1456 3888 λογικὸν
1486 3821 1644 3874 τοῦτο
1683 3821 1821 3885 ζῶον
1845 3824 1874 3875 ὀ
1906 3822 2117 3893 ἄνθρω-

449 3921 549 3966 πος
576 3904 866 3977 δυνήσεται
895 3907 962 3960 τὰ
992 3906 1132 3960 κατά
1175 3907 1274 3978 τὴν
1304 3909 1511 3962 οἰκείαν
1542 3908 1830 3963 διάπλασιν
1863 3909 2116 3976 ἀναλογι-

448 3990 694 4060 ζόμενος,
745 3995 838 4046 καὶ
874 3995 972 4064 τῆς
1005 3996 1170 4065 τιμῆς
1209 3997 1309 4065 τῆς
1352 3997 1791 4068 παρασχεθείσης
1825 3996 1972 4068 αὐτῷ
2017 3999 2116 4066 τὴν

449 4081 777 4152 ὑπερϐολήν,
803 4083 895 4136 καὶ
921 4083 1028 4137 τῶν
1055 4083 1269 4155 δωρεῶν
1291 4083 1358 4138 τὰ
1385 4085 1613 4155 μεγέθη,
1634 4085 1847 4149 καὶτὰς
1876 4087 2116 4154 ἀφάτους

447 4168 765 4238 εὐεργεσίας
785 4171 1046 4241 διηνεκῶς
1066 4172 1323 4243 ἀνυμνεῖν
1347 4173 1436 4226 τὸν
1466 4174 1874 4244 παραγαγόντα,
1899 4175 1992 4227 καὶ
2017 4174 2114 4246 τὴν

447 4254 588 4306 κατά
610 4255 838 4325 δύναμιν
872 4257 1180 4325 δοξολογίαν
1203 4259 1496 4329 ἀναφέρειν
1517 4259 1594 4329 τῷ
1617 4260 1882 4332 Δεσπότῃ.

457 4352 460 4354 '
515 4340 844 4413 Ἐϐουλόμην
880 4345 970 4396 καὶ
998 4347 1109 4408 τοῖς
1143 4344 1269 4415 ἑξῆς
1301 4346 1604 4411 ἐπεξελθεῖν
1625 4364 1639 4376 ·
1665 4345 1778 4398 ἀλλ’
1808 4347 1896 4400 ἵνα
1927 4345 2003 4418 μὴ
2037 4346 2114 4418 τῷ

448 4427 641 4498 πλήθει
675 4432 782 4482 τῶν
818 4431 1125 4502 λεγομένων
1167 4432 1571 4503 καταχώσωμεν
1609 4433 1706 4503 τὴν
1749 4435 1971 4505 μνήμην
2006 4435 2113 4488 τῶν

447 4516 546 4586 ῆδη
578 4516 896 4586 λεχθέντων,
923 4520 1220 4587 ἀναγκαῖον
1247 4519 1478 4574 ἐνταῦθα
1509 4524 1700 4591 στῆσαι
1723 4521 1813 4574 τὸν
1838 4525 1934 4592 τῆς
1965 4522 2111 4576 διδα-

448 4604 675 4667 σκαλίας
695 4605 872 4675 λόγον.
903 4607 1036 4660 Οὐδὲ
1057 4607 1165 4679 γὰρ
1185 4607 1343 4661 τοῦτο
1364 4609 1524 4677 μόνον
1547 4609 1693 4664 ἐστίν
1713 4611 1845 4680 ἡμῖν
1867 4611 1926 4663 τὸ
1956 4627 2116 4664 σπου-

445 4689 735 4761 δαζόμενον
767 4693 952 4756 ἁπλῶς
979 4694 1148 4748 πολλὰ
1173 4697 1366 4750 εἰπεῖν·
1398 4695 1532 4749 ἀλλά
1552 4694 1640 4749 διὰ
1672 4695 1831 4748 τοῦτο
1859 4696 2110 4768 λέγομεν,

445 4778 584 4832 ὥστε
602 4780 740 4834 αὐτά
754 4782 1014 4853 διηνεκῶς
1030 4783 1174 4852 ὑμᾶς
1189 4783 1332 4853 ἔχειν
1348 4783 1708 4853 ἐμπεπηγότα
1724 4786 1841 4847 ταῖς
1853 4783 2110 4848 διανοίαις

445 4868 564 4927 ταῖς
613 4868 933 4938 ὑμετέραις,
979 4869 1064 4922 ἵνα
1107 4871 1179 4940 μὴ
1217 4871 1374 4940 μόνον
1405 4871 1557 4922 αὐτοὶ
1593 4871 1766 4939 είδῆτε
1797 4871 1865 4923 τά
1901 4873 1958 4924 ἐν
1990 4873 2112 4936 ταῖς

444 4950 617 5016 θείαις
646 4955 889 5025 Γραφαῖς
928 4957 1240 5027 ὲγκείμενα,
1267 4957 1402 5010 άλλά
1434 4959 1526 5010 καὶ
1557 4957 1762 5026 ἑτέροις
1805 4957 2111 5012 διδάσκαλοι

443 5041 686 5110 γένησθε,
719 5043 1007 5112 δυνάμενοι
1039 5051 1134 5098 καὶ
1163 5045 1357 5109 ἀλλους
1383 5044 1673 5098 νουθετεῖν,
1709 5045 1977 5108 Ἕκαστος
2000 5047 2111 5099 τοίο

441 5145 539 5181 νυν
567 5129 740 5200 ὑμῶν,
770 5132 1093 5202 παρακαλῶ,
1131 5134 1378 5188 ἐντεῦθεν
1401 5134 1580 5202 ἐξιὼν,
1612 5134 1749 5205 μετά
1769 5134 1862 5187 τοῦ
1885 5135 2111 5206 πλησίον

443 5217 871 5286 ἁναλαμϐανέτω
901 5229 925 5257 α
967 5219 1074 5272 τῶν
1116 5221 1422 5291 εἰρημένων
1469 5224 1568 5294 τὴν
1613 5226 1851 5294 μνήμην,
1902 5225 1994 5276 καὶ
2043 5224 2112 5276 τὰ

447 5305 576 5375 παρ’
603 5305 796 5358 ἑαυτοῦ
825 5306 1114 5375 εἰσφέρων,
1141 5308 1380 5378 δεχέσθω
1405 5311 1498 5363 καὶ
1520 5311 1589 5363 τὰ
1609 5313 1740 5380 παρ’
1768 5313 1956 5382 ἐτέρου
1985 5329 2114 5382 μνη·

450 5393 799 5462 μονευθέντα.
845 5393 997 5465 [H4]
1044 5395 1156 5448 Καὶ
1189 5395 1332 5449 οὑτω
1366 5397 1716 5466 συλλέγοντες
1743 5399 1976 5462 ἅπαντα,
2013 5401 2110 5453 καὶ

444 5480 667 5532 ἔναυλον
697 5481 876 5533 αὐτῶν
909 5481 1125 5552 ἔχοντες
1145 5483 1243 5554 τὴν
1272 5486 1512 5556 μνήμην,
1539 5485 1721 5539 οἴκαδε
1752 5487 2106 5558 ἀναχωρεῖτε,

440 5568 536 5619 καὶ
569 5567 692 5620 καθ’
724 5569 950 5633 ἑαυτοὺς
994 5570 1486 5642 ἀναμηρυκὼμενοι
1517 5573 1584 5626 τά
1617 5574 1734 5627 θεῖα
1765 5575 1937 5627 ταῦτα
1963 5574 2109 5628 διδάη

427 5637 630 5722 ’γματα
652 5671 666 5684 ·
693 5655 780 5708 ἵνα
805 5658 862 5708 ἐν
890 5657 1102 5720 τούτοις
1121 5658 1336 5726 ἔχοντες
1350 5660 1450 5730 τήν
1469 5659 1739 5732 μέριμναν
1759 5662 1998 5728 ἃπασαν,
2015 5663 2110 5714 καὶ

439 5738 794 5810 ἀσχολοῦντες
824 5742 978 5812 ὑμῶν
1006 5742 1105 5814 τὴν
1149 5745 1407 5813 διάνοιαν,
1437 5745 1666 5818 δύνησθε
1704 5747 1821 5819 μετ’
1863 5747 2110 5812 εὐκολίας

503 5847 530 5875 ⁸
552 5845 824 5911 H_Ic_|onge
848 5847 1028 5898 melius
1065 5851 1258 5911 legatur
1279 5853 1475 5911 ἀνόητα,
1501 5851 1686 5903 insana.
1711 5854 1896 5900 Omnes
1940 5862 2100 5901 tamen

440 5922 555 5972 ηιπε,
590 5907 773 5972 habent
805 5910 1025 5972 ἀνόνητα,
1076 5907 1279 5961 inutilia.
1375 5907 1402 5953 li
1430 5907 1579 5963 Silvii.
1620 5923 1673 5962 et
1716 5916 1912 5972 quidam
1968 5929 2082 5962 mse.

440 5966 948 6038 παιιᾷ,τ9ἧ,·¹ίεσῖιὸτο·δ
975 5973 1002 6017 ὁ
1026 5972 1215 6038 λᾼᾷάει,
1239 5981 1285 6020 el
1325 5977 1396 6022 sit:
1429 5978 1553 6037 lvgil
1587 5966 1834 6038 inlerpres
1883 5973 2101 6025 Latinus.

503 6036 523 6063 ε
546 6031 746 6080 Coisliu.
773 6031 992 6088 πλησίον,
1016 6033 1136 6080 ἀλλὰ
1168 6031 1472 6093 λαμὸκνειω,

1247 389 1306 442 S.
1344 388 1633 443 JOANMS
1676 383 2158 442 CIIRYSOSTOMI
2199 384 2524 442 ARCHIEP.
2565 387 3113 447 CONSTA‘NTINOP.

3799 398 3894 455 “8

2237 502 2625 574 περιγενέσθαι
2656 504 2750 557 καί⁸
2777 505 2885 558 τῶν
2918 505 3107 558 παθῶν
3135 504 3243 558 τῶν
3277 506 3653 576 ἐνοχλούντων,
3688 510 3779 563 καὶ
3802 513 3895 575 τάς

2233 589 2328 642 τοῦ
2371 589 2620 644 διαϐόλου
2656 592 2904 662 μηχανὰς
2933 581 3236 662 διαφυγεῖν.
3276 595 3448 649 Ἔνθα
3500 598 3607 668 γάρ
3657 599 3723 652 ἂν
3756 599 3838 671 ἴδῃ
3868 604 3896 655 ὀ

2235 676 2474 748 πονηρὸς
2494 677 2704 749 δαίμων
2729 681 2934 743 ἐκεῖνος
2954 680 3130 751 ψυχὴν
3153 680 3221 734 τά
3243 681 3338 734 τοῦ
3362 681 3496 736 Θεοῦ
3527 687 3890 756 μεριμνῶσαν,

2235 765 2606 834 κα“ιδιηνεκῶς
2636 768 2820 820 ἐκεῖνα
2838 768 3268 840 φανταζομένην,
3287 771 3380 823 καὶ
3403 771 3575 826 ταῦτα
3605 776 3892 846 περιστρέ-

2235 868 2460 920 φουσαν,
2489 852 2608 905 οὐδέ
2636 855 2997 925 προσεγγίσαι
3016 855 3208 927 τολμᾷ,
3235 857 3368 910 ἀλλά
3387 859 3594 929 ταχέως
3621 861 3893 932 ἀποπηδᾷ,

2234 937 2486 1009 καθάπερ
2529 939 2636 992 ἀπὺ
2685 942 2854 1011 πυρός
2885 941 2911 981 ά
2945 959 3110 1005 τινος,
3160 943 3263 996 ὑπὸ
3298 944 3398 1015 τῆς
3442 944 3536 997 τοῦ
3582 945 3894 1016 Πνεύματος

2233 1025 2514 1095 ἐνεργείας
2547 1029 2998 1098 φυγαδευόμενος.
3034 1031 3129 1082 "lv'
3149 1026 3240 1083 οὖν
3269 1031 3363 1084 καὶ
3390 1030 3541 1084 αὐτοὶ
3567 1031 3635 1085 τά
3666 1033 3894 1102 μέγιστα

2231 1127 2293 1162 κε
2302 1111 2400 1180 ρδα
2410 1112 2627 1182 ίνωμεν,
2652 1115 2907 1167 κάκείνου
2927 1115 3309 1186 περιγενέσθαι
3325 1117 3663 1187 δυνηθῶμεν,
3683 1119 3780 1172 καὶ
3801 1118 3894 1188 τὴν

2232 1198 2384 1268 παρὰ
2409 1199 2504 1252 τοῦ
2535 1200 2668 1253 Θεοῦ
2701 1203 2874 1274 ῥοπὴν
2917 1202 3174 1272 μειζόνως
3202 1203 3653 1276 ἐπισπασώμεθα,
3681 1208 3741 1258 ἐν
3775 1207 3894 1258 τού-

2229 1303 2340 1348 τοις
2372 1287 2690 1359 ἀσχολῶμεν
2721 1289 2878 1359 ἡμῶν
2899 1291 3000 1361 τὴν
3025 1290 3280 1347 διάνοιαν.
3315 1291 3470 1345 Οὐτω
3502 1291 3611 1362 γὰρ
3637 1295 3771 1362 ἡμῖν
3806 1296 3894 1348 καὶ

2225 1374 2297 1426 τὰ
2333 1376 2391 1427 ἐν
2434 1377 2591 1446 χερσὶ
2621 1377 2800 1430 πάντα
2843 1377 3390 1449 ἐξευμαρισθὴσεται,
3431 1380 3525 1433 καὶ
3557 1382 3627 1435 τά
3662 1381 3894 1436 δύσκολα

2227 1462 2424 1517 εὔκολα
2461 1467 2769 1535 γενήσεται,
2806 1467 2900 1518 καὶ
2935 1466 3004 1519 τά
3029 1466 3290 1521 δοκοῦντα
3323 1463 3460 1522 εἶναι
3503 1469 3726 1541 λυπηρά
3759 1491 3892 1544 χρη-

2228 1552 2352 1605 στὸν
2378 1551 2606 1622 λήψεται
2637 1553 2809 1617 τέλος.
2843 1553 2939 1606 καὶ
2973 1554 3126 1607 οὐδὲν
3156 1556 3302 1625 ἡμᾶς
3345 1556 3454 1609 τῶν
3482 1558 3765 1629 παρόντων
3805 1560 3895 1613 λυ-

2228 1640 2401 1709 πῆσαι
2431 1640 2740 1710 δυνήσεται.
2789 1641 2913 1694 Ἑάν
2953 1643 3061 1713 γὰρ
3099 1645 3168 1697 τὰ
3194 1642 3290 1696 τοῦ
3331 1643 3468 1697 Θεοῦ
3517 1646 3893 1716 μεριμνῶμεν,

2224 1727 2294 1780 τὰ
2318 1727 2563 1799 ἡμέτερα
2607 1728 2769 1792 αὑτὸς
2800 1733 3148 1800 μεριμνήσει,
3181 1731 3275 1784 καὶ
3316 1732 3456 1801 μετὰ
3479 1732 3679 1803 πολλῆς
3713 1735 3895 1797 ἀδείας

2224 1815 2287 1867 τὸ
2319 1815 2553 1883 πέλαγος
2588 1815 2681 1868 τοῦ
2723 1817 2990 1887 παρόντος
3027 1817 3143 1886 βίου
3178 1817 3606 1890 διαπλεύσομεν,
3653 1823 3752 1874 καὶ
3793 1821 3893 1875 ὑπὺ

2224 1902 2318 1956 τοῦ
2352 1903 2588 1972 μεγάλου
2615 1903 2948 1974 κυϐερνήτου
2971 1902 3062 1955 τοῦ
3081 1905 3173 1958 ἐπὶ
3201 1906 3416 1960 πάντων
3436 1906 3571 1959 Θεοῦ
3593 1901 3890 1979 ὁδηγούμε-

2225 2007 2326 2053 vat,
2362 1994 2776 2061 καταντήσομεν
2813 1993 2890 2054 εἰς
2911 1991 3004 2045 τὸν
3027 1992 3220 2064 λιμένα
3245 1995 3345 2064 τῆς
3369 1996 3562 2048 τούτου
3585 1995 3890 2068 φιλανθρω-

2226 2079 2374 2143 πίας,
2402 2073 2448 2146 ᾧ
2471 2082 2504 2150 ἡ
2526 2079 2654 2143 δόξα
2679 2092 2702 2120 θ
2733 2080 2828 2133 καὶ
2852 2081 2914 2133 τὸ
2938 2081 3160 2154 κράτος,
3178 2081 3273 2135 νῦν
3300 2084 3393 2135 καὶ
3412 2083 3519 2147 ἀεὶ,
3545 2084 3640 2137 καὶ
3663 2087 3747 2148 εἰς
3767 2087 3891 2149 τοὺς

2225 2167 2614 2239 ἀτελευτήτους
2639 2169 2841 2232 αἰῶνας
2875 2169 2982 2222 τῶν
3014 2168 3246 2224 αἰώνων.
3288 2171 3481 2241 Ἀμήν.

2860 2255 3096 2309 ΟΜΙΛΙΑ
3139 2257 3240 2312 ΙΕ’.

2230 2339 2319 2414 Τῷ
2343 2339 2410 2414 δέ·
2455 2341 2636 2411 Ἀδὰμ
2669 2345 2780 2409 οὐχ
2809 2342 3019 2409 εἰιρέθη
3050 2343 3280 2410 βοηθὸς
3316 2343 3520 2414 ὅμοιος
3549 2344 3732 2412 αὐτῷ.
3782 2347 3889 2401 Kal

2293 2410 2600 2485 ἐπέϐαλεν·
2641 2415 2690 2485 o'_
2722 2413 2865 2485 Θεὸς
2895 2415 3187 2485 Exqtamy
3230 2410 3504 2485 ἐπΓτόιί
3550 2410 3749 2485 Ἀδὰμ,
3791 2419 3886 2470 καὶ

2294 2481 2558 2555 ὕπνωσε.
2589 2483 2696 2536 Καὶ
2727 2483 2905 2555 ἔλαϐε
2929 2481 3222 2555 μίαν-τῶν
3259 2484 3536 2555 πλευρῶν
3558 2481 3768 2555 αὐτοῦ,
3791 2488 3890 2539 καὶ

2293 2550 2686 2615 ἀνεπλήρωσε
2733 2550 2938 2620 σάρκα
2968 2553 3094 2605 ἀντ’
3143 2551 3354 2618 αὐτῆς.
3399 2554 3509 2608 Καὶ
3539 2550 3890 2621 ᾠκοδόμησε

2293 2623 2506 2695 ῌύριος
2534 2625 2583 2695 di
2614 2623 2755 2687 Θεὸς
2784 2622 2899 2695 τῂν
2927 2621 3215 2690 πλευρὰν,
3259 2626 3340 2695 ἢν
3369 2624 3588 2678 ἔλαϐεν
3626 2621 3750 2680 ἀπὸ
3783 2627 3894 2680 τοῦ

2306 2691 2507 2760 Ἀδὰμ,
2538 2694 2624 2757 εἰς
2654 2692 2928 2761 γυναῖκα.

2289 2785 2353 2831 α’.
2381 2779 2584 2842 Πολλὰς
2605 2781 2732 2849 ὑμῖν
2753 2779 2862 2850 ἔχω
2885 2782 3134 2852 χάριτας,
3160 2781 3240 2835 ὅτι
3265 2782 3402 2853 μετά
3425 2783 3623 2854 πολλῆς
3641 2783 3741 2854 τῆς
3768 2801 3889 2855 προ⁴

2223 2863 2420 2934 θυμίας
2449 2865 2574 2934 χθὲς
2608 2863 2858 2930 ἐδέξασθε
2904 2868 3005 2938 τὴν
3041 2869 3169 2940 παρ’
3208 2869 3363 2939 ἡμῶν
3401 2869 3756 2940 παραίνεσιν,
3796 2873 3888 2924 καὶ

2223 2957 2357 3026 πρὸς
2379 2955 2437 3006 τὸ
2461 2955 2631 3026 μῆκος
2648 2955 2753 3006 τῶν
2775 2955 3078 3026 εἰρημένων
3093 2958 3152 3009 οὐ
3181 2959 3337 3027 μόνον
3359 2958 3456 3010 οὑκ
3470 2958 3885 3029 ἐδυσχεράνατε,

2221 3043 2356 3096 ἀλλά
2396 3043 2491 3097 καί¹
2523 3042 2684 3114 μέχρι
2716 3033 2811 3095 τοῦ
2844 3043 3029 3107 τέλους
3069 3044 3210 3096 οὕτω
3245 3046 3783 3117 παρηκολουθήσατε,
3815 3047 3890 3108 ὠς

2220 3131 2536 3202 ἀκμάζοντα
2569 3133 2696 3202 ὑμῖν
2731 3133 3086 3202 ἐναπομεῖναι
3109 3134 3200 3185 τὸν
3225 3136 3323 3203 τῆς
3347 3135 3661 3202 ἀκροάσεως
3687 3135 3855 3188 πόθον
3873 3152 3887 3165 ·

2218 3220 2340 3272 ὅθεν
2376 3219 2472 3271 καὶ
2499 3219 2742 3289 χρηστὰς
2766 3221 2897 3288 ἡμῖν
2927 3220 3028 3282 τὰς
3069 3220 3290 3284 ἐλπίδας
3332 3223 3664 3294 ὑπεφήνατε,
3696 3224 3777 3287 ὡς
3804 3223 3888 3277 διὰ

2218 3309 2325 3360 τῶν
2367 3307 2542 3378 ἔργων
2569 3306 2968 3378 ἐπιδειξάμενοι
2999 3307 3066 3360 τὰ
3101 3309 3201 3378 τῆς
3251 3311 3519 3380 ³ῇμετέρας
3552 3311 3884 3380 συμϐουλῆς.

2231 3394 2288 3447 '0
2314 3393 2421 3465 γὰρ
2453 3392 2590 3464 μετά
2618 3393 2886 3464 τοσαύτης
2911 3393 3102 3464 ἡδονῆς
3131 3396 3366 3457 ἁκούων,
3387 3396 3546 3465 δῆλος
3570 3395 3635 3449 ἂν
3670 3399 3760 3469 εἴη
3795 3399 3888 3452 καὶ

2219 3482 2355 3553 πρὸς
2383 3483 2481 3552 τὴν
2509 3480 2597 3534 διὰ
2627 3481 2736 3534 τῶν
2762 3481 2936 3552 ἔργων
2970 3481 3167 3552 πρᾶξιν
3202 3484 3719 3553 παρεσκευασμένος
3740 3501 3754 3514 ·
3791 3486 3884 3539 ἄλο

2219 3572 2328 3634 λως
2365 3570 2420 3622 δέ
2453 3571 2548 3623 καὶ
2579 3571 2612 3639 ἡ
2648 3569 2742 3622 νῦν
2772 3570 2923 3639 ὑμῶν
2955 3570 3225 3641 συνδρομὴ
3254 3573 3552 3642 τεκμήριον
3577 3573 3643 3625 ἂν
3674 3573 3889 3640 γένοιτο

2216 3660 2315 3730 τῆς
2352 3658 2494 3712 κατά
2536 3658 2711 3728 ψυχὴν
2746 3657 2899 3728 ὑμῶν
2937 3657 3166 3724 ὑγιείας.
3214 3659 3424 3730 ’Ὥσπερ
3455 3660 3564 3730 γὰρ
3599 3660 3661 3713 τὸ
3696 3663 3887 3730 πεινῇν

2220 3745 2538 3816 σωματικῆς
2564 3745 2776 3810 εὐεξίας
2805 3745 3030 3816 σημεῖόν
3059 3747 3226 3809 ἐστιν,
3257 3747 3398 3800 οὑτω
3416 3747 3478 3798 τδ
3509 3747 3703 3816 λογίων
3729 3747 3890 3800 θείων

2217 3837 2346 3905 ἐρᾷν
2379 3834 2613 3904 ψυχικῆς
2660 3833 2869 3900 ὑγιείας
2912 3835 3210 3902 τεκμήριον
3242 3833 3308 3886 ἂν
3353 3833 3561 3901 γένοιτο
3604 3834 3886 3903 μέγιστον.

2231 3922 2383 3974 Ἐπεὶ
2411 3916 2502 3973 οὖν
2528 3922 2556 3972 ὀ
2589 3918 2800 3990 καρπὸς
2832 3919 2932 3987 τῆς
2961 3919 3232 3989 ὑμετέρας
3262 3920 3498 3990 σπουδῆς
3524 3919 3769 3973 δείκνυσι
3793 3922 3886 3989 τῆς

2218 4007 2464 4077 ὑπακοῆς
2489 4005 2588 4075 τὴν
2617 4005 2980 4076 ἐκπλήρωσιν,
3005 4005 3136 4074 φέρε
3165 4007 3258 4058 καὶ⁵
3289 4008 3448 4077 ἡμεῖς
3467 4007 3558 4060 τὸν
3588 4007 3808 4077 μισθὸν,
3827 4009 3887 4060 ὂν

2217 4094 2566 4165 ὑπεσχόμεθα
2613 4093 2759 4163 χθὲς,
2810 4092 3204 4162 καταϐάλωμεν
3243 4094 3394 4163 ὑμῶν
3425 4097 3489 4165 τῇ
3532 4095 3758 4167 ἀγάπῃ·
3791 4097 3887 4164 τὴν

2218 4181 2597 4252 πνευματικὴν
2630 4181 2832 4248 ταύτην
2871 4179 3014 4248 λέγω
3045 4180 3390 4234 διδασκαλίαν
3423 4181 3514 4234 τὸν
3550 4183 3770 4252 μισθὸν,
3799 4186 3887 4237 καί

2220 4287 2312 4340 μοι
2352 4269 2432 4340 τῷ
2458 4269 2850 4322 καταϐάλλοντι
2882 4267 2900 4307 ί
2933 4268 3230 4339 δυνάμενον
3256 4269 3491 4339 αὐξῆσαι
3535 4270 3634 4339 τὴν
3660 4289 3888 4342 περιου-

2221 4356 2359 4420 σίαν,
2419 4354 2570 4426 [HS]
2611 4357 2703 4409 καὶ
2747 4357 2890 4426 ὑμᾶς
2938 4357 3068 4419 τοὺς
3123 4356 3548 4426 ὑποδεχομένους
3600 4357 3887 4422 πλουσίους

2215 4439 2682 4511 ἀπεργαζόμενον.
2734 4438 2971 4492 Τοιαῦτα
2998 4439 3105 4508 γὰρ
3133 4439 3346 4492 ἅπαντα
3389 4438 3457 4492 τά
3504 4443 3888 4507 πνευματικά·

2214 4528 2351 4597 ὅπερ
2385 4527 2478 4578 ἐπὶ
2508 4525 2617 4578 τῶν
2647 4525 2920 4596 αἰσθητῶν
2952 4525 3293 4597 πραγμάτων
3323 4525 3420 4579 οὐκ
3455 4525 3556 4580 ἔνι.
3599 4528 3751 4581 Ἐκεῖ
3790 4527 3888 4598 μέν

2213 4614 2321 4685 γὰρ
2366 4617 2395 4666 ὀ
2430 4612 2754 4667 καταϐαλὼν
2793 4614 3104 4683 ήλάττωσεν
3147 4614 3312 4666 αὑτοῦ
3357 4613 3678 4684 τὴνόὑσίαν
3708 4656 3724 4678 ,
3795 4619 3887 4670 καὶ

2213 4699 2303 4750 τὸν
2360 4696 2755 4766 ὑποδεχόμενον
2807 4696 3182 4767 εὐπορώτερον
3225 4697 3596 4768 κατέστησεν·
3649 4699 3885 4753 ἐνταῦθα

2213 4779 2270 4832 δὲ
2307 4781 2404 4849 οὐχ
2460 4779 2654 4842 οὕτως,
2706 4779 2840 4832 ἀλλά
2885 4780 2980 4831 καὶ
3023 4781 3051 4832 0
3099 4778 3417 4833 καταϐαλὼν
3461 4780 3632 4851 ταύτῃ
3688 4782 3886 4849 μᾶλλον

2215 4861 2306 4914 τόν
2336 4864 2533 4915 οἰκεῖον
2569 4861 2798 4915 πλοῦτον
2842 4861 3015 4928 αὔξει,
3053 4863 3148 4914 καὶ
3174 4865 3287 4926 τοῖς
3317 4863 3733 4933 ὑποδεχομένοις
3769 4867 3884 4934 μεί-

2214 4943 2321 5008 ζων
2351 4945 2384 5014 ἡ
2417 4945 2706 5013 περιουσία
2731 4944 2960 5011 γίνεται.
3025 4945 3177 4996 Ἐπεὶ
3203 4941 3296 4997 οὖν
3335 4946 3430 4998 καὶ
3473 4948 3634 5015 ἡμεῖς
3677 4947 3886 5017 ἕτοιμοι

2213 5026 2350 5094 πρὸς
2389 5025 2832 5095 εὐγνωμοσύνην.
2869 5026 2962 5078 καὶ
2993 5026 3148 5094 ὑμεῖς
3178 5029 3226 5079 οἱ
3274 5025 3630 5096 ὑποδέχεσθαι
3665 5029 3890 5098 μέλλον·-

2211 5125 2302 5170 τες
2349 5107 2440 5160 τὸν
2475 5107 2701 5160 πλοῦτον
2741 5107 2932 5162 τοῦτον
2981 5109 3070 5163 τὸν
3103 5109 3489 5178 πνευματικὸν,
3523 5111 3881 5181 εὐτρεπισμέ-

2213 5205 2337 5250 νους
2368 5187 2519 5259 ἔχετε
2561 5190 2688 5251 τοὺς
2737 5189 2972 5253 κόλπους
3009 5191 3109 5260 τῆς
3135 5190 3395 5253 διανοίας·
3436 5191 3569 5260 φέρε
3615 5191 3718 5260 τὴν
3752 5194 3884 5245 ὑπόο

2215 5289 2397 5341 σχεσιν
2447 5271 2848 5342 πληρώσωμεν,
2904 5275 2998 5327 καὶ
3043 5275 3141 5344 τῆς
3204 5274 3522 5338 ἀκολουθίας
3565 5274 3733 5329 πάλιν
3780 5276 3891 5330 τῶν

2215 5355 2363 5427 παρά
2397 5355 2490 5408 τοῦ
2529 5356 2797 5427 μακαρίου
2832 5357 3108 5421 Μωῦσέως
3134 5358 3560 5426 ἀνεγνωσμένων
3589 5358 3884 5428 ἁψάμενοι,

2211 5438 2461 5492 ἐντεῦθεν
2509 5440 2636 5509 ὑμῖν
2676 5440 2766 5493 τὸν
2801 5439 2987 5508 μισθὸν
3017 5439 3430 5514 καταϐάλωμεν.
3469 5440 3602 5492 Τίνα
3647 5436 3742 5494 οὖν
3771 5442 3893 5494 ἐστι

2210 5524 2278 5575 τὰ
2307 5527 2544 5594 σήμερον
2585 5522 2973 5591 ἀνεγνωσμένα
3005 5522 3299 5589 ἀναγκαῖον
3343 5523 3423 5585 είς
3459 5522 3622 5592 μέσον
3669 5521 3890 5593 προθεί-

2211 5623 2321 5668 ναι,
2371 5605 2438 5657 ἵν’
2468 5604 2610 5657 οὑτω
2667 5605 2803 5675 μετά
2855 5603 3139 5672 ἀκριϐείας
3178 5605 3598 5674 διερευνώμενον
3640 5605 3733 5657 τὸν
3777 5606 3887 5666 τοῖς

2212 5687 2419 5757 ῥήμασι
2484 5687 3036 5758 ἐναποκεκρυμμένον
3102 5687 3330 5741 πλοῦτον
3388 5689 3499 5739 τῶν
3568 5688 3887 5757 νοημάτων.

2272 5787 2464 5854 ἀεξιννηλ.
2482 5795 2533 5838 ει
2552 5791 2747 5854 quidam
2773 5804 2888 5854 mss.
2912 5790 3012 5854 ana,
3030 5796 3196 5853 πυρᾶς.
3225 5789 3395 5854 Morel.
3423 5798 3476 5838 et
3495 5788 3576 5854 ajii
3599 5790 3694 5854 ἀτερ
3718 5789 3884 5850 πυρός.

2218 5915 2229 5928 ο
2333 5852 2535 5927 (lqislin;
2572 5853 2934 5930 φιλανθρωπίας,
2955 5850 3223 5930 χάριτι·καί
3246 5850 3677 5926 φιλανθρωπίᾳποῦ
3705 5854 3886 5930 5.99201:

2212 5913 2542 5980 ὐμῶν-Ἰησοῦ
2567 5913 2794 5980 Χριστοῦ,
2823 5913 2919 5980 μεθ’
3022 5913 3090 5980 τῷ
3122 5913 3292 5973 ΙΙατρὶ,
3326 5915 3440 5980 ἅμα.
3458 5913 3686 5980 τῴηάγίω
3704 5913 3880 5980 ᾳιινεὺ.

2214 5991 2325 6031 ματι
2349 5975 2478 6026 δόξα,
2505 5973 2621 6021 ulc.’
2676 5975 2692 6011 ί
2724 5973 2896 6028 SaVi|.,
2935 5974 3072 6031 Regii
3115 5976 3311 6034 quidam
3335 5981 3386 6019 el
3409 5973 3611 6034 Huislilli.
3653 5973 3886 6018 διδασκας

2213 6036 2503 6095 λίαν,μ.ισοον
2526 6037 2668 6096 κάμοὶ
2697 6053 2763 6096 τῳ
2786 6033 3147 6092 καταϐάλλοντι,
3173 6045 3223 6084 cl
3245 6039 3312 6086 sic
3339 6033 3487 6085 etiam
3502 6033 3725 6084 Colben.
3742 6044 3887 6081 unus.
