4038 6394
165 402 271 458 ῘΠ

168 520 349 572 omnia
375 518 538 573 etiam
571 519 679 573 illis
714 518 1097 574 truculentiora
1138 517 1206 573 ad
1236 519 1384 573 illum
1413 519 1563 590 quasi
1588 516 1765 572 domi-

169 628 292 664 num
344 612 492 666 omni
520 627 642 666 cum
684 610 1016 680 subjectione
1043 619 1405 676 accesserunt,
1455 621 1510 665 et
1552 609 1766 664 nomina

169 712 498 770 aet-cperunt
518 744 530 764 .
560 718 660 757 nec
691 703 854 756 ullum
881 703 1090 756 illorum
1131 703 1332 757 veritus
1357 711 1438 756 est
1469 701 1658 756 Adam.
1690 699 1768 756 Ne

171 795 334 862 igitur
360 802 552 863 arguat
579 793 791 861 aliquis,
819 793 960 863 quod
1006 807 1035 845 a
1065 793 1174 847 Deo
1218 792 1326 846 sint
1364 801 1565 857 creata,
1595 806 1769 860 neque

171 895 363 939 contra
411 882 669 953 Opiﬁcem
719 883 952 954 linguam
1001 893 1177 947 acuat,
1227 882 1337 936 imo
1378 891 1564 936 contra
1614 896 1766 934 suum

173 985 359 1045 caput,
389 977 623 1031 dicendo
667 975 756 1030 illa
800 977 984 1030 insana
1025 975 1188 1030 verba
1218 975 1420 1044 :Cujus
1443 975 1611 1044 gratia
1644 974 1769 1029 lene

178 1069 455 1138 producta:
476 1069 640 1122 sunt?
670 1067 800 1122 Natu
818 1068 995 1123 ozonia
1021 1068 1241 1137 perinde
1267 1084 1330 1124 ac
1355 1077 1627 1122 mansueta
1653 1081 1766 1122 ser-

175 1163 397 1214 vitutem
443 1169 813 1230 agnoverunt;
859 1167 918 1214 et
962 1160 1256 1213 dominium
1297 1157 1574 1214 manifeste
1615 1159 1770 1213 nobis

179 1261 444 1306 motistrat
498 1253 772 1306 nominum
831 1251 1119 1321 intpositio.
1168 1250 1392 1304 Nomina
1435 1251 1599 1317 enim,
1649 1265 1770 1320 qua:

180 1345 436 1414 imposuit
469 1343 592 1408 illis,
625 1358 793 1410 usque
825 1343 877 1396 in
911 1343 1225 1396 hodiernum
1255 1343 1392 1396 diem
1415 1351 1766 1412 permanent:

178 1436 246 1490 ita
273 1435 422 1490 enim
453 1435 568 1488 haec
607 1433 838 1487 ﬁrmavit
867 1433 1024 1499 Deus,
1054 1442 1114 1488 ut
1140 1441 1447 1502 perpetuam
1480 1432 1770 1487 habeamus

178 1527 498 1582 memoriam
553 1526 788 1591 honoris,
841 1542 998 1596 quem
1053 1526 1204 1580 initio
1241 1525 1411 1580 Adam
1467 1541 1499 1580 a
1544 1525 1770 1579 Domino

179 1621 419 1674 omnium
453 1620 682 1688 accepit,
710 1621 862 1674 bruta
893 1620 993 1674 sibi
1025 1618 1234 1673 subdita
1267 1619 1486 1683 habens,
1516 1627 1570 1674 et
1608 1618 1771 1673 ablati

179 1711 342 1780 hujus
365 1726 587 1766 causam
617 1712 688 1766 illi
722 1710 1110 1774 adscribamus,
1139 1712 1229 1781 qui
1254 1719 1469 1780 peccato
1507 1724 1606 1765 suo
1635 1709 1773 1765 hanc

179 1819 328 1857 suam
367 1812 690 1873 potestatem
739 1803 1021 1858 mutilavit.
1059 1803 1151 1858 20.
1200 1803 1269 1856 Et
1309 1803 1532 1868 donavit,
1579 1803 1768 1873 inquit,

180 1895 344 1947 Adam
389 1896 602 1948 nomina
631 1895 863 1948 omnibus
892 1893 1174 1963 pecoribus,
1205 1904 1252 1948 et
1293 1896 1522 1949 omnibus
1550 1895 1772 1949 volatili-

180 1984 267 2037 bus
291 1985 430 2049 cali,
459 1994 507 2039 et
527 1984 758 2039 omnibus
786 1985 952 2038 bestiis
980 1994 1144 2038 terra.
1173 1985 1306 2039 Hinc
1326 1985 1435 2054 jam
1469 1985 1771 2056 considera,

181 2077 394 2142 dilecte,
420 2078 714 2133 voluntatis
744 2077 1066 2142 libertatem,
1095 2085 1150 2132 et
1189 2078 1462 2148 sapientire
1491 2078 1608 2147 ejus
1636 2080 1771 2133 emi-

180 2169 440 2234 nentiam,
467 2178 603 2224 etne
621 2168 769 2224 dicas
796 2184 919 2224 eum
946 2169 1222 2236 ignorasse
1243 2168 1368 2238 quid
1397 2169 1618 2235 bonum,
1648 2169 1773 2240 quid

183 2260 404 2315 malum.
436 2261 568 2315 Nam
609 2262 698 2331 qui
726 2263 900 2331 potuit
924 2263 1178 2332 congruis
1209 2263 1513 2318 nominibus
1532 2263 1772 2332 jumenta

183 2354 476 2423 appellare,
525 2362 582 2408 et
620 2355 853 2410 volatilia
897 2355 1038 2419 caeli,
1088 2365 1143 2410 et
1183 2355 1314 2410 alias
1349 2356 1567 2422 bestias,
1601 2371 1772 2427 neque

183 2445 426 2498 ordinem
455 2444 724 2513 confudit,
755 2461 928 2516 neque
954 2448 1250 2502 mansuetis
1293 2447 1612 2504 animalibus
1637 2464 1772 2503 con-

186 2536 455 2589 venientia
485 2534 616 2590 feris
641 2537 914 2607 imposuit,
959 2552 1060 2592 nec
1089 2537 1215 2592 feris
1243 2540 1590 2608 congruentia
1616 2555 1769 2593 mau-

183 2626 346 2680 suetis
365 2627 635 2692 attribuit,
665 2627 762 2684 sed
801 2629 1050 2684 omnibus
1077 2645 1174 2684 sua
1202 2629 1351 2685 dedit
1376 2631 1612 2694 nomina,
1641 2647 1774 2700 quo-

183 2717 341 2772 modo
368 2735 480 2774 non
508 2720 656 2775 omni
680 2722 938 2792 sapientia
968 2730 1024 2778 et
1050 2722 1308 2778 industria
1339 2723 1611 2793 pollebat?
1639 2724 1772 2780 llinc

182 2810 374 2878 cogita,
429 2821 624 2879 quanta
677 2811 835 2882 hujus
881 2813 1133 2882 spiraculi
1179 2813 1232 2868 in
1283 2813 1374 2868 illo
1415 2815 1672 2884 potentia,
1717 2823 1774 2870 et

179 2914 374 2971 quanta
403 2905 738 2975 incorporeas
763 2907 958 2964 anima:
1002 2910 1284 2980 sapientia,
1317 2927 1474 2981 quam
1517 2912 1772 2969 Dominus

182 2992 253 3046 illi
279 2992 454 3060 dedit,
483 3010 604 3049 cum
634 2997 950 3053 admirabile
979 3008 1036 3055 et
1077 3002 1397 3058 rationabile
1445 3003 1547 3059 hoc
1572 3005 1772 3060 animal

181 3098 244 3138 ex
286 3085 497 3140 duabus
536 3088 740 3144 naturis
768 3092 1120 3158 constituens,
1165 3093 1532 3165 incorpoream
1578 3099 1772 3153 anima:

180 3175 558 3245 substantiam,
590 3195 690 3234 ceu
735 3182 994 3250 optimum
1045 3184 1330 3252 artiﬁcem,
1377 3188 1590 3257 corpori
1619 3189 1771 3259 quasi

181 3265 539 3323 instrumento
579 3270 878 3338 conjunxit.
931 3272 1094 3343 Igitur
1123 3291 1244 3329 cum
1291 3287 1466 3332 tecum
1514 3280 1772 3349 c0gitabis

179 3367 380 3412 tantam
425 3359 584 3428 hujus
614 3362 864 3417 animalis
890 3365 1230 3434 sapientiam,
1260 3367 1528 3424 admirare
1555 3369 1772 3440 Opiﬁcis

178 3451 498 3516 potentiam.
528 3450 660 3506 Nam
688 3453 734 3507 si
757 3455 870 3508 caeli
904 3456 1239 3524 pulchritudo
1259 3473 1289 3512 a
1313 3460 1534 3515 cordato
1558 3471 1770 3531 speeta-

179 3550 291 3596 tore
315 3543 454 3609 visa,
483 3542 630 3598 illum
660 3543 729 3599 ad
755 3547 1102 3602 celebrandas
1125 3548 1432 3606 Conditoris
1459 3552 1642 3607 laudes
1672 3553 1770 3607 ad.

174 3631 320 3688 ducit
346 3652 362 3688 :
385 3645 588 3701 quanto
614 3638 781 3706 magis
806 3639 1065 3695 rationale
1094 3639 1197 3697 hoc
1223 3644 1416 3699 animal
1443 3645 1624 3713 homo,
1646 3660 1769 3701 cum

175 3736 324 3777 suam
369 3723 766 3793 formationem,
795 3726 1015 3784 honoris
1043 3745 1073 3785 a
1117 3731 1228 3787 Deo
1254 3732 1354 3787 sibi
1383 3733 1492 3788 dati
1532 3737 1771 3790 eminen-

177 3814 326 3880 tiam,
359 3817 786 3887 magnitudinem
817 3819 1078 3876 donorum
1111 3833 1165 3878 et
1199 3825 1484 3881 ineffabilia
1514 3829 1772 3886 beneﬁcia

175 3907 506 3974 considerat,
545 3919 818 3964 auctorem
849 3911 1039 3967 horum
1061 3915 1326 3970 continuis
1354 3917 1599 3975 laudibus
1628 3937 1770 3990 pra:-

177 3998 394 4066 dicare,
451 4008 509 4055 et
553 4016 651 4072 pro
700 4003 811 4059 suis
862 4003 1064 4061 viribus
1105 4007 1326 4078 gloriam
1376 4009 1486 4066 Deo
1542 4013 1769 4070 reddere

177 4093 378 4160 poterit
393 4092 419 4145 τ

245 4182 467 4238 Μοναίὶε
505 4185 808 4242 exhortatio.
850 4218 923 4229 —
965 4189 1168 4246 Vellem
1207 4199 1263 4247 et
1308 4192 1376 4249 de
1419 4198 1768 4266 sequentibus

175 4285 331 4342 agere
363 4292 380 4328 :
417 4275 514 4330 sed
544 4291 612 4332 ne
654 4278 994 4335 multitudine
1020 4295 1204 4336 eorum
1229 4298 1350 4353 quae
1385 4285 1634 4342 dicuntur
1657 4288 1766 4358 jam

174 4362 440 4419 dictorum
481 4366 703 4421 obruam
733 4372 1082 4438 memoriam,
1115 4387 1293 4442 operte
1329 4376 1560 4445 pretium
1611 4377 1769 4435 fuerit

175 4453 435 4510 doctrina:
478 4471 786 4514 sermonem
826 4459 930 4517 hoc
956 4462 1074 4517 loco
1107 4463 1377 4522 claudere.
1418 4467 1600 4538 Neque
1623 4472 1766 4526 enim

176 4543 276 4601 hoc
297 4547 475 4602 solum
501 4549 654 4604 nobis
676 4567 818 4606 cura:
843 4560 945 4619 est,
970 4549 1027 4608 ut
1046 4556 1208 4610 multa
1228 4555 1466 4614 dicamus
1493 4575 1505 4610 :
1535 4562 1628 4617 sed
1649 4563 1770 4616 ideo

174 4634 403 4692 dicimus
425 4679 442 4705 ,
474 4649 533 4694 ut
564 4652 822 4711 perpetuo
848 4645 899 4698 in
934 4645 1126 4700 animis
1155 4649 1348 4704 veSIris
1377 4649 1550 4705 deﬁxa
1580 4667 1766 4707 serve.

176 4729 239 4782 tis
259 4773 274 4797 ,
308 4741 478 4801 utque
522 4748 627 4787 non
658 4734 832 4789 solum
861 4751 957 4792 vos
981 4737 1079 4808 ipsi
1107 4739 1288 4794 sciatis
1311 4757 1373 4796 ea
1403 4757 1522 4812 qua:
1551 4745 1601 4798 in
1633 4744 1770 4801 divi-

176 4821 256 4874 nis
282 4820 580 4890 Scripturis
603 4825 964 4890 continentur,
993 4827 1086 4882 sed
1115 4837 1172 4884 ut
1199 4839 1252 4885 et
1276 4833 1499 4887 aliorum
1524 4835 1640 4891 sitis
1663 4837 1768 4892 do-

174 4925 371 4977 ctores,
405 4915 729 4986 possitisque
759 4927 814 4972 et
854 4919 991 4975 alios
1039 4920 1348 4977 admonere.
1391 4923 1769 4998 Unusquisque

176 5005 330 5074 igitur
357 5015 620 5069 vestrum,
642 5007 888 5072 obsecro,
924 5009 1046 5066 hinc
1076 5027 1322 5081 egressus
1339 5056 1354 5080 ,
1381 5030 1500 5070 cum
1527 5021 1768 5086 proximo

172 5111 268 5149 suo
295 5096 566 5151 dictorum
586 5099 897 5154 memoriam
927 5100 1164 5165 refrieet,
1192 5115 1246 5158 et
1265 5121 1384 5174 qute
1414 5107 1526 5176 ipse
1551 5111 1769 5166 retinuit

172 5189 428 5256 alferens,
459 5204 522 5244 ea
549 5206 668 5260 qua:
697 5191 835 5248 alius
861 5195 1118 5249 memoria
1141 5205 1288 5251 tenet
1313 5200 1557 5269 accipiat.
1605 5202 1672 5256 Et
1698 5204 1766 5258 ita

170 5282 349 5334 omnia
382 5282 700 5352 colligentes
739 5293 898 5355 atque
946 5289 1203 5343 memoria
1252 5299 1518 5359 tenentes,
1548 5293 1766 5350 domum

172 5374 475 5439 concedite,
504 5375 647 5444 apud
678 5391 775 5431 vos
813 5377 958 5446 ipsos
993 5381 1330 5435 ruminantes
1365 5382 1571 5439 divinas
1609 5385 1768 5442 hasce

174 5465 452 5521 doctrinas
477 5483 490 5519 :
522 5479 580 5522 ut
606 5469 710 5524 huc
734 5470 880 5524 omni
910 5485 1034 5525 cura
1063 5483 1239 5527 vestra
1270 5487 1769 5544 conversa,mente-

173 5573 271 5625 que
313 5559 370 5613 in
415 5557 500 5612 his
552 5570 833 5630 occupata,
867 5563 1084 5632 possitis
1133 5563 1287 5620 facile
1334 5577 1389 5621 et
1439 5568 1768 5626 turbulentas

175 5650 336 5702 animi
360 5649 673 5706 all'eetiones
697 5653 934 5720 vincere,
962 5663 1016 5708 et
1041 5653 1235 5710 diaboli
1274 5656 1490 5712 insidias
1511 5659 1764 5730 effugere.

176 5737 302 5792 Nam
327 5755 451 5794 cum
481 5741 654 5797 malus
688 5742 776 5798 ille
800 5743 1010 5800 daemon
1041 5745 1182 5800 videt
1226 5748 1456 5802 animam
1485 5749 1768 5808 de'divinis

177 5827 336 5887 rebus
363 5831 668 5898 sollicitam,
699 5843 750 5888 et
777 5843 1030 5905 perpetuo
1059 5835 1176 5892 illas
1213 5837 1535 5900 cogitantem
1565 5850 1617 5896 et
1641 5857 1762 5900 vcr-

1256 404 1320 461 IN
1350 403 1501 460 CAP.
1522 402 1586 458 ll.
1633 399 1880 458 GENES.
1929 401 2152 458 IIOMIL.
2201 403 2321 463 XV.

3356 405 3461 465 118

1874 527 2101 586 santem,
2127 535 2195 575 ne
2219 521 2478 580 accedere
2504 523 2715 593 quidem
2744 525 2960 594 propius
2988 524 3170 590 audet,
3201 523 3295 579 sed
3318 526 3462 580 cele-

1874 611 2005 666 riter
2031 614 2227 681 resilit,
2256 630 2284 669 a
2311 614 2542 684 Spiritus
2565 618 2876 685 operatione
2923 617 3074 686 quasi
3123 633 3152 671 a
3201 632 3463 672 succenso

1872 719 2004 774 rogo
2023 705 2261 762 abactos.
2299 708 2366 763 Ut
2395 709 2552 778 igitur
2572 719 2628 763 et
2654 710 2806 764 nobis
2829 709 3110 779 plurimum
3134 710 3204 764 sit
3227 710 3380 773 lucri,
3405 720 3462 764 et

1874 794 2018 849 illutn
2067 796 2280 851 vincere
2315 799 2606 865 valeamus,
2635 808 2689 852 et
2729 814 2960 869 superne
3007 799 3159 854 nobis
3190 800 3463 869 copiosior

1874 895 2152 953 praestetur
2175 889 2363 957 gratia,
2393 889 2444 943 in
2468 889 2549 943 his
2570 891 2804 944 animum
2829 898 3066 945 nostrum
3088 905 3458 946 exerceamus.

1871 977 2004 1032 Nam
2059 979 2129 1033 ita
2174 982 2623 1051 prosperabuntur
2661 982 2713 1037 in
2753 983 2998 1038 manibus
3025 984 3219 1038 nostris
3255 984 3457 1050 omnia,

1872 1079 2028 1122 erunt
2059 1068 2232 1124 facilia
2256 1087 2376 1140 qua:
2401 1071 2638 1126 difﬁcilia
2668 1081 2821 1126 erant
2854 1092 2868 1127 :
2899 1088 3017 1141 qua:
3045 1072 3266 1127 molesta
3309 1073 3461 1127 vide-

1876 1162 2067 1218 bantttr
2092 1178 2232 1236 esse,
2265 1163 2461 1219 bonum
2492 1166 2690 1220 exitum
2712 1166 3020 1229 sortientur,
3048 1180 3146 1218 nec
3171 1164 3460 1234 quidquam

1875 1256 2216 1323 praesentium
2248 1271 2346 1310 nos
2376 1257 2588 1311 tristitia
2615 1255 2831 1312 afﬁcere
2866 1257 3082 1328 poterit.
3121 1255 3466 1325 Quandoqui-

1875 1345 1996 1400 dem
2024 1348 2067 1402 si
2096 1347 2252 1401 nobis
2277 1363 2422 1402 cura:
2451 1347 2646 1402 fuerint
2670 1348 2868 1411 divina,
2915 1349 3028 1416 ipse
3068 1362 3278 1417 quoque
3325 1347 3466 1402 Deus

1878 1453 1974 1505 pro
2000 1438 2154 1491 nobis
2181 1439 2439 1493 sollicitus
2465 1440 2588 1506 erit,
2618 1448 2672 1494 et
2701 1454 2890 1509 magna
2929 1439 3214 1493 securitate
3250 1454 3347 1507 per
3373 1453 3467 1506 pe-

1874 1531 2026 1601 lagus
2051 1531 2207 1601 hujus
2230 1533 2351 1586 vita:
2379 1531 2764 1603 navigabimus,
2800 1547 2864 1587 ac
2888 1531 3185 1587 deducente
3223 1545 3320 1584 nos
3348 1546 3466 1583 ma-

1874 1636 1978 1692 gno
2008 1623 2099 1677 illo
2127 1623 2485 1693 gubernatore
2533 1625 2644 1678 Deo
2683 1624 2816 1695 ipso,
2850 1623 2917 1679 ad
2971 1623 3115 1678 illius
3167 1623 3466 1678 clementia:

1878 1725 2088 1784 portum
2108 1717 2437 1785 appellemus
2469 1734 2483 1770 :
2509 1717 2596 1772 cui
2634 1718 2799 1788 gloria
2827 1718 2868 1784 ι,
2897 1726 2952 1773 et
2983 1717 3295 1787 imperium,
3323 1733 3466 1772 nunc

1869 1815 1931 1861 ct
1957 1821 2188 1878 semper,
2217 1816 2273 1863 et
2315 1808 2370 1863 in
2421 1809 2625 1864 inﬁnita
2657 1810 2850 1865 satcula
2884 1810 3223 1866 saeculorum.
3263 1811 3462 1866 Amen.

2456 1943 2736 2000 HOMILIA
2776 1945 2888 1999 XV.

1874 2055 2004 2110 Adaz
2022 2072 2137 2110 vero
2164 2073 2265 2111 non
2293 2059 2527 2112 inventus
2549 2069 2622 2113 est
2649 2060 2857 2130 adjutor
2879 2059 3059 2114 similis
3081 2059 3176 2114 illi.
3209 2059 3274 2114 Et
3296 2061 3467 2115 immi-

1948 2148 2014 2200 sit
2055 2146 2191 2202 Deus
2213 2164 2472 2203 excessum
2497 2151 2550 2204 in
2578 2151 2764 2216 Adam,
2789 2160 2836 2204 et
2863 2151 3121 2204 dormivit.
3161 2149 3230 2204 Et
3277 2153 3467 2220 accepit

1946 2256 2099 2293 unam
2121 2251 2374 2294 costarum
2399 2243 2532 2312 ejus,
2559 2252 2603 2295 et
2630 2243 2851 2312 implevit
2875 2258 3074 2296 carnem
3105 2259 3195 2311 pro
3236 2244 3347 2297 illa.
3397 2242 3466 2298 Et

1945 2332 2216 2400 azdiﬁcavit
2244 2332 2384 2388 Deus
2412 2345 2599 2388 costam
2623 2373 2637 2395 ,
2664 2351 2816 2405 quam
2859 2335 3049 2406 accepit
3090 2335 3154 2390 de
3185 2334 3382 2404 Adam,
3413 2337 3468 2391 in

1945 2421 2208 2476 mulierem
2237 2422 2390 2491 (Gen.
2422 2423 2476 2477 2.
2505 2423 2717 2496 20-22).

1948 2534 2003 2589 1.
2045 2532 2122 2589 De
2145 2551 2316 2590 antore
2352 2537 2487 2591 verbi
2506 2537 2662 2590 divini
2682 2537 2786 2591 suis
2809 2536 3124 2591 auditoribus
3155 2537 3462 2610 gratulatur.

1869 2653 1947 2666 —
1975 2625 2214 2695 Magnam
2241 2628 2393 2682 vobis
2409 2627 2579 2681 habeo
2598 2628 2843 2698 gratiam,
2867 2629 3007 2698 quod
3027 2637 3167 2683 tanta
3190 2629 3468 2683 alacritate

1876 2716 2179 2772 hesternam
2209 2732 2379 2772 meam
2408 2718 2725 2786 acceperitis
2751 2717 3192 2780 admonitionem,
3221 2727 3276 2772 et
3295 2719 3465 2771 dicto-

1876 2825 1996 2864 rum
2029 2809 2331 2880 prolixitate
2374 2826 2480 2865 non
2520 2811 2693 2866 solum
2736 2825 2844 2866 non
2891 2811 3008 2866 sitis
3035 2811 3244 2876 offensi,
3282 2811 3377 2867 sed
3411 2812 3464 2866 in

1854 2883 2149 2956 'concionis
2175 2901 2314 2956 serie
2340 2909 2651 2972 perpetuum
2673 2901 2922 2957 audiendi
2950 2901 3273 2956 desiderium
3300 2917 3466 2972 usque

1875 2990 1942 3045 ad
1974 2992 2136 3046 linem
2163 2993 2500 3048 servaveritis
2531 3007 2545 3043 :
2575 2993 2716 3047 unde
2745 3008 2932 3063 magna
2957 2992 3110 3048 nobis
3133 3008 3255 3064 spes
3270 3003 3353 3049 est
3370 3008 3466 3048 vos

1876 3083 2129 3153 operibus
2154 3083 2285 3154 ipsis
2312 3084 2536 3139 consilia
2577 3095 2758 3140 nostra
2795 3093 3118 3154 scquuturos
3156 3100 3293 3140 esse.
3333 3083 3466 3141 Nam

1875 3174 1966 3244 qui
1993 3181 2138 3228 tanta
2169 3175 2441 3244 voluptate
2465 3173 2644 3238 audit,
2671 3175 2908 3230 declarat
2949 3173 3019 3228 ad
3065 3191 3227 3246 opera
3242 3190 3465 3248 quoque

1877 3265 2118 3322 iacienda
2156 3283 2216 3323 se
2265 3279 2505 3337 paratum
2540 3267 2780 3337 :alioqui
2821 3265 3073 3337 frequens
3116 3267 3278 3322 etiam
3325 3281 3468 3320 nunc

1876 3360 1978 3414 iste
2004 3368 2182 3414 vester
2210 3367 2504 3414 conventus
2528 3367 2738 3414 certum
2772 3367 3146 3428 argumentum
3186 3366 3272 3413 est
3307 3373 3464 3427 quant

1874 3451 2013 3506 bene
2058 3451 2233 3506 anima
2283 3451 2527 3506 valeatis.
2569 3450 2702 3505 Nam
2738 3451 2876 3506 sicut
2915 3451 3122 3504 esurire
3147 3451 3355 3521 signum
3384 3457 3468 3505 est

1875 3545 2029 3600 bonre
2055 3545 2373 3600 valetudinis
2401 3545 2715 3614 corporalis,
2735 3545 2806 3598 ita
2832 3559 3014 3598 amare
3030 3543 3212 3598 divina
3231 3543 3463 3612 eloquia,

1873 3637 2169 3708 spiritualis
2201 3637 2447 3692 sanitatis
2483 3635 2736 3690 indicium
2780 3635 2936 3690 fuerit
2968 3635 3284 3689 maximum.
3317 3634 3465 3701 Quo-

1876 3732 2018 3786 niam
2045 3739 2224 3784 autem
2250 3729 2453 3784 fructus
2496 3729 2659 3784 vestri
2690 3727 2848 3783 studii
2877 3727 3158 3797 pollicetur
3176 3768 3191 3791 ,
3222 3740 3319 3781 vos
3346 3742 3464 3796 qua:

1873 3822 2094 3877 audistis
2122 3821 2434 3892 impleturos
2461 3827 2600 3887 esse,
2630 3835 2728 3891 age
2754 3829 2809 3875 et
2841 3835 2938 3874 nos
2966 3818 3267 3874 mercedem
3299 3835 3459 3889 quant

1875 3915 1988 3969 heri
2027 3914 2430 3984 pollicebamur,
2461 3913 2622 3969 hodie
2670 3923 2861 3967 vestrae
2905 3913 3115 3968 caritati
3156 3913 3465 3968 dinumera-

1873 4023 2011 4063 mus.
2053 4006 2392 4077 Spiritualem
2439 4007 2576 4062 hanc
2618 4005 2915 4062 doctrinam
2964 4006 3265 4061 mercedem
3313 4007 3456 4072 dico,

1872 4115 1991 4169 qua:
2007 4108 2182 4168 potest
2207 4107 2263 4154 et
2287 4113 2460 4152 meam
2485 4113 2681 4168 augere
2698 4097 3047 4151 substantiam
3065 4113 3183 4151 cum
3209 4113 3460 4152 numera-

1872 4208 2022 4258 vero,
2057 4202 2110 4247 et
2140 4207 2233 4247 vos
2257 4193 2344 4262 qui
2375 4191 2632 4262 recipitis,
2662 4191 2884 4246 ditiores
2912 4190 3107 4246 facere.
3149 4191 3262 4245 Hoc
3314 4190 3460 4246 enim

1871 4287 2031 4343 modo
2058 4302 2117 4342 se
2144 4286 2341 4342 habent
2363 4286 2653 4356 Spiritualia
2692 4285 2870 4340 omnia
2899 4306 2913 4342 :
2939 4284 2992 4340 id
3021 4283 3161 4354 quod
3193 4283 3244 4338 in
3293 4283 3456 4338 rebus

1872 4377 2211 4434 sensibilibus
2240 4394 2348 4432 non
2368 4385 2468 4433 est.
2501 4377 2632 4432 Nam
2663 4379 2714 4432 in
2742 4377 2845 4431 illis
2865 4415 2880 4440 ,
2906 4375 2996 4446 qui
3037 4375 3340 4429 dinumerat
3368 4389 3464 4444 pe-

1873 4469 2106 4533 cuniam,
2137 4484 2287 4524 suam
2321 4469 2590 4524 imminuit
2608 4468 2955 4523 substantiam
2980 4468 3021 4533 ',
3066 4475 3120 4522 et
3149 4467 3464 4537 locupletio-

1870 4577 1984 4616 rem
2005 4561 2168 4616 efﬁcit
2193 4577 2315 4616 eum
2345 4562 2434 4632 qui
2460 4561 2649 4630 recipit
2675 4576 2690 4611 ε
2722 4560 2807 4616 hic
2830 4569 3005 4615 autem
3026 4575 3130 4615 non
3161 4560 3258 4621 sic.
3287 4559 3379 4614 sed
3405 4568 3460 4614 et

1871 4659 1917 4708 is
1937 4655 2027 4724 qui
2059 4664 2337 4714 numerat.
2372 4669 2498 4708 suas
2526 4653 2806 4708 facultates
2838 4652 3006 4722 magis
3035 4661 3219 4721 auget,
3245 4661 3299 4705 et
3319 4651 3458 4706 reci-

1872 4743 2138 4814 pientibus
2156 4743 2460 4798 divitiarum
2499 4745 2720 4798 multum
2750 4742 2976 4797 accedit.
3017 4741 3199 4812 Itaque
3243 4755 3361 4795 cum
3403 4749 3462 4795 et

1873 4836 2025 4890 nobis
2055 4843 2295 4904 prompta
2315 4835 2385 4890 sit
2404 4834 2792 4898 benevolentia,
2825 4843 2880 4889 et
2902 4848 3000 4888 vos
3015 4832 3318 4902 spirituales
3340 4831 3458 4886 illas

1872 4942 2002 4997 opes
2038 4927 2332 4996 suscepturi
2364 4927 2511 4982 sinus
2546 4925 2741 4981 mentis
2781 4933 2995 4993 paratos
3040 4922 3319 4977 habeatis:
3359 4937 3457 4990 age

1872 5029 2188 5089 prmstemus
2216 5018 2355 5088 quod
2381 5021 2436 5072 in
2462 5031 2558 5072 nos
2583 5017 2904 5085 recepimus,
2927 5023 2980 5069 et
3002 5014 3192 5068 iterum
3223 5014 3456 5082 acceptis

1873 5113 1957 5175 iis,
1983 5126 2101 5181 qua:
2122 5125 2187 5165 ex
2204 5118 2453 5165 contextu
2480 5109 2619 5164 beati
2647 5107 2808 5162 Mosis
2831 5107 2968 5160 lecta
2994 5112 3138 5169 sunt,
3165 5103 3287 5158 inde
3305 5103 3456 5158 vobis

1873 5203 2172 5260 mercedem
2227 5201 2643 5257 dinutneremus.
2710 5198 2839 5265 Qua:
2889 5198 3048 5268 igitur
3099 5196 3258 5252 hodie
3313 5196 3449 5251 locta

1873 5304 1994 5350 sunt
2023 5296 2074 5349 in
2104 5295 2335 5350 medium
2363 5292 2536 5348 all‘erri
2567 5290 2782 5357 debent,
2811 5298 2870 5343 ttt
2896 5288 3171 5344 thesauros
3196 5301 3450 5341 sensuum

1875 5388 1926 5440 in
1955 5386 2129 5440 verbis
2159 5386 2401 5442 latentes.
2431 5383 2713 5452 diligenter
2729 5379 3002 5451 quaesitos,
3023 5379 3229 5434 caritati
3255 5385 3449 5432 vestra

1929 5478 1946 5508 ί
1979 5475 2233 5526 coislin....
2257 5470 2570 5536 appellemus,
2606 5471 2766 5536 gratia
2786 5476 2845 5536 et_
2874 5469 3212 5536 misericordia
3256 5465 3445 5536 Ποιηξηὶ

1864 5538 2017 5590 nostri
2031 5546 2147 5588 Jesu
2168 5526 2344 5586 Christi
2366 5547 2476 5584 cum
2497 5526 2589 5596 quo
2606 5526 2671 5582 sit
2699 5533 2858 5597 patri
2871 5540 2916 5582 et
2940 5529 3137 5597 Spiritui
3158 5537 3323 5597 sancto
3346 5526 3444 5597 glo-

1865 5601 1959 5660 ria,
2001 5607 2095 5650 etc.
2123 5606 2169 5647 In
2192 5598 2326 5646 hisee
2349 5592 2529 5653 verbis,
2565 5607 2676 5660 qua:
2699 5594 2918 5643 bomilias
2937 5592 3352 5660 clauduntutuulta
3392 5592 3440 5640 iu

1865 5653 2192 5721 uanuscriptis
2208 5662 2491 5709 observatur
2513 5653 2735 5721 varietas,
2762 5663 2816 5705 ut
2829 5658 3160 5721 monetetiatn
3173 5653 3405 5721 _Savilitts.

1928 5733 1948 5762 '
1975 5717 2158 5778 Omnes
2181 5725 2366 5774 habent
2390 5736 2580 5782 vocem,
2605 5719 2920 5782 substantiam
2949 5720 3054 5782 (τὴν
3077 5717 3284 5782 obstari).
3311 5730 3439 5782 prae-

1868 5799 1947 5841 ter
1988 5777 2110 5852 lteg.
2149 5801 2300 5838 unum
2331 5793 2383 5836 et
2417 5777 2585 5835 Morel.
2608 5782 2692 5846 qui
2732 5781 2931 5840 habent,
2955 5777 3299 5828 abundutttimn
3333 5779 3436 5838 (τὴν

1866 5855 2139 5909 περιουσίαν
2149 5869 2181 5907 ι.
