4038 6394
587 384 688 439 H9

583 516 960 569 pi-tqmnanms.
1004 502 1242 557 Audistis
1268 507 1411 560 enim
1442 508 1599 561 utodo
1625 511 1952 579 Scripturam
1982 511 2167 565 dicen-

584 604 687 643 tem
721 613 733 647 ;
758 592 847 644 ‘20.
878 593 1002 646 Adw
1024 611 1136 647 vero
1163 613 1263 649 non
1291 600 1519 653 iuventus
1543 612 1615 653 est
1641 603 1847 669 adjulor
1871 603 2049 657 similis
2069 604 2166 658 illi.

579 684 713 747 Quid
756 684 855 737 sibi
901 686 1007 738 vult
1038 688 1215 741 brevis
1266 690 1380 744 hare
1422 692 1604 755 dictio,
1638 694 1763 746 Ada:
1810 696 1962 749 vero?
2003 712 2170 765 quare

578 775 793 842 apponit
812 777 1276 845 conjunctioneut?
1292 799 1466 835 annon
1481 784 1768 839 sutliciebat
1785 786 1981 851 dicere,
2002 788 2169 843 Adm?

580 863 689 916 Non
718 866 917 936 absque
948 871 1151 924 ratione
1173 912 1188 936 ,
1213 888 1385 942 neque
1410 875 1733 928 curiositatis
1777 879 1942 946 gratia
1998 880 2171 947 inqui-

577 959 727 1010 rendi
764 960 884 1013 talia
913 962 1064 1015 nobis
1103 965 1312 1017 animus
1334 978 1446 1031 est,
1479 968 1572 1022 sed
1598 978 1654 1021 ut
1682 969 1964 1039 diligenter
1989 972 2167 1027 omnia

576 1048 727 1101 vobis
757 1050 1189 1120 interpretantes,
1214 1056 1498 1111 doceamus
1531 1075 1624 1113 vos
1668 1075 1838 1129 nepte
1877 1061 2165 1117 dictionem

575 1150 816 1207 parvam,
846 1158 1018 1213 neque
1047 1146 1304 1217 syllabam
1336 1165 1493 1203 unam
1525 1151 1575 1204 in
1608 1152 1801 1207 divinis
1825 1153 2015 1209 Literis
2036 1172 2167 1209 con-

578 1238 776 1285 tentam
804 1249 925 1289 esse
963 1239 1410 1305 prmtereundam.
1446 1242 1559 1297 Non
1614 1246 1754 1297 enim
1781 1225 1939 1300 verba
1965 1247 2169 1316 qualia-

575 1336 804 1393 cumque
834 1334 975 1388 sunt.
1005 1328 1097 1382 sed
1125 1329 1350 1398 Spiritus
1378 1334 1549 1386 sancti
1585 1335 1742 1389 verba
1763 1379 1775 1397 ,
1801 1344 1855 1389 et
1886 1348 2165 1407 propterea

578 1432 827 1485 magnum
867 1419 935 1473 ibi
968 1424 1270 1476 thesaurum
1303 1424 1542 1481 invenire
1587 1426 1738 1493 licet,
1777 1430 1934 1482 etiam
1976 1431 2028 1484 iu
2061 1447 2161 1484 una

577 1510 799 1576 syllaba.
828 1514 1135 1569 Auscultate
1166 1516 1344 1585 igitur,
1377 1520 1622 1582 obsecro,
1642 1536 1829 1590 magna
1853 1522 2160 1592 diligentia;

578 1603 751 1656 nullus
793 1603 968 1670 deses,
1009 1607 1186 1663 nullus
1239 1611 1631 1666 somniculosus
1671 1615 1760 1677 sit,
1785 1630 1972 1668 omnes
2020 1615 2164 1685 vigili

574 1698 754 1747 animo
779 1697 991 1763 adeste;
1018 1701 1192 1764 nullus
1218 1704 1453 1757 externis
1473 1705 1908 1773 occupationibus
1931 1716 2161 1762 mentem

574 1785 852 1851 distrahat,
888 1790 1091 1844 nullum
1118 1794 1401 1849 sarculares
1426 1810 1568 1849 cura:
1595 1797 1879 1865 abripiant,
1899 1798 1992 1853 sed
2020 1801 2165 1868 cogi-

574 1888 648 1931 tet
681 1882 1041 1952 unusquisque
1089 1886 1382 1954 spiritualis
1430 1886 1586 1957 lmjus
1628 1891 2053 1960 congregationis
2083 1892 2163 1945 di-

571 1970 845 2037 gnitatem,
876 1984 927 2026 et
953 1990 1015 2028 ea
1043 1992 1161 2044 qua:
1206 1978 1504 2034 audivimus
1530 1980 1698 2035 Deum
1725 1983 1879 2037 nobis
1921 1999 2014 2052 per
2040 2000 2162 2053 pro-

574 2062 850 2129 phetarum
875 2067 1104 2136 linguam
1132 2070 1311 2125 dicere
1336 2088 1351 2125 :
1377 2072 1556 2142 sicque
1582 2090 1741 2129 aures
1766 2076 1963 2146 arrigat
1998 2087 2050 2131 et
2078 2078 2159 2131 in-

575 2163 771 2207 tentam
826 2168 1057 2213 mentem
1110 2162 1391 2226 adhibeat,
1442 2180 1507 2218 ne
1549 2165 1749 2234 aliquid
1801 2183 1985 2221 eorum
2041 2185 2161 2238 quze

570 2246 916 2313 terminamus,
950 2251 1001 2303 in
1034 2264 1235 2320 petram
1265 2255 1438 2321 cadat,
1462 2257 1543 2311 vel
1566 2272 1721 2312 secus
1738 2260 1895 2321 viam,
1918 2261 1998 2315 vel
2024 2262 2161 2315 inter

567 2335 784 2405 spinas;
818 2339 909 2392 sed
939 2356 1098 2396 omne
1138 2360 1321 2398 semen
1355 2349 1404 2399 in
1436 2355 1631 2401 terram
1663 2349 1886 2413 bonam,
1917 2352 2157 2405 latitudi-

571 2442 691 2480 nem
744 2429 866 2483 dico
917 2434 1111 2488 mentis
1159 2447 1370 2505 vestra},
1410 2440 1725 2510 projectum,
1759 2443 1960 2513 largum
2008 2446 2159 2499 vobis

570 2522 795 2577 fructum
819 2526 1009 2583 afferre
1038 2542 1214 2599 queat,
1243 2543 1297 2587 et
1326 2550 1353 2585 a
1384 2536 1535 2589 nobis
1564 2538 1869 2593 concredita
1899 2542 2157 2611 multipli-

566 2624 671 2667 «τοι.
712 2615 975 2673 Caeterum
1008 2621 1281 2678 videamus
1307 2627 1429 2693 quid
1453 2627 1553 2681 sibi
1586 2629 1715 2682 velit
1742 2629 1900 2699 hujus
1921 2632 2153 2699 conjun-

566 2708 760 2763 ctionis
784 2713 971 2779 copula
1005 2731 1017 2765 :
1051 2715 1179 2769 Adae
1232 2732 1346 2771 vero
1400 2736 1500 2773 non
1554 2722 1899 2778 inveniebatur
1951 2726 2158 2797 adjutor

565 2798 747 2852 similis
775 2800 872 2855 illi.
920 2804 1071 2871 Vide,
1101 2806 1345 2872 obsecro,
1373 2810 1567 2866 divinm
1609 2813 1897 2883 Scriptura:
1935 2833 2175 2903 accura-.

569 2903 675 2945 tam
697 2892 1046 2964 diligentiam.
1077 2899 1358 2971 Postquam
1381 2904 1534 2969 dixit,
1565 2906 1689 2961 Δάαι
1716 2923 1828 2962 vero
1856 2926 1957 2963 non
1982 2912 2157 2965 inven-

567 2996 647 3038 lus
673 2997 743 3041 est
764 2989 968 3058 adjutor
1000 2992 1015 3023 ¹
1051 3008 1065 3042 :
1101 3009 1205 3048 non
1234 2996 1305 3049 ibi
1327 2997 1581 3062 substitit,
1606 3001 1698 3055 sed
1728 3002 1961 3071 adjecit,
1993 3004 2156 3059 Simi-

566 3078 629 3131 lis
659 3080 734 3132 illi
762 3097 780 3133 :
804 3082 1163 3138 additamenta
1192 3086 1286 3141 illo
1327 3104 1540 3143 causam
1569 3092 1723 3147 nobis
1750 3094 2057 3159 declarans,
2084 3097 2156 3151 ob

565 3186 725 3238 quam
755 3174 1145 3242 conjunctionis
1166 3181 1407 3249 capulam
1440 3184 1723 3241 addiderit.
1751 3188 2018 3243 Existimo
2034 3206 2157 3244 acu-

565 3267 728 3322 tiores
775 3271 1079 3339 conjectare
1120 3289 1275 3344 posse
1304 3317 1319 3337 .
1361 3288 1416 3333 ct
1460 3282 1753 3348 przevidere
1796 3283 1918 3351 quid
1962 3286 2152 3341 dicturi

565 3358 750 3412 simus.
794 3359 988 3415 Verum
1011 3365 1133 3434 quia
1165 3368 1330 3422 nostri
1357 3368 1516 3424 officii
1548 3383 1626 3426 est
1652 3414 1667 3439 ,
1696 3374 1784 3443 qui
1816 3390 2152 3430 communem

564 3450 812 3505 omnibus
834 3452 1126 3510 doctrinam
1160 3459 1497 3527 proferimus,
1528 3466 1775 3519 omnibus
1795 3467 1954 3520 etiam
1983 3468 2156 3521 mani-

566 3543 698 3596 festa
732 3543 904 3600 facere
930 3562 1050 3617 qua:
1075 3566 1102 3602 a
1131 3552 1285 3607 nobis
1312 3554 1560 3610 dicuntur
1584 3599 1597 3621 ,
1628 3574 1723 3627 age
1745 3560 2032 3615 doceamus
2059 3578 2152 3617 vos

560 3634 710 3701 cujus
734 3637 900 3706 gratia
928 3640 1009 3694 sic
1033 3640 1257 3707 dixerit;
1281 3646 1374 3699 sed
1403 3662 1687 3715 parumper
1707 3652 1983 3707 sustinete.
2017 3653 2148 3707 Nam

562 3738 841 3795 postquam
882 3728 932 3782 iu
964 3733 1328 3800 superioribus
1347 3736 1522 3803 dictis,
1553 3741 1687 3794 sicut
1711 3757 1976 3798 memores
1998 3746 2146 3809 estis,

560 3818 831 3885 Scriptura
884 3821 1062 3877 divina
1107 3825 1368 3892 dixisset,
1420 3828 1695 3885 Faciamus
1745 3835 1823 3887 illi
1865 3837 2149 3906 adjutorem

560 3910 835 3962 secundum
856 3928 1006 3967 eum:
1039 3918 1214 3968 statim
1237 3917 1418 3972 docuit
1446 3936 1543 3974 nos
1575 3922 1883 3989 bestiarum,
1912 3936 1964 3982 et
1987 3932 2149 3998 repti-

562 4002 687 4054 lium
714 4012 768 4056 et
794 4003 1065 4059 brutorum
1089 4012 1323 4063 omnium
1354 4011 1758 4082 formationem;
1788 4018 1860 4071 ait
1887 4022 2052 4087 enim,
2084 4022 2147 4075 Et

558 4092 793 4157 formavit
814 4093 952 4149 Deus
972 4098 1139 4152 adhuc
1165 4101 1226 4153 de
1246 4110 1377 4155 terra
1399 4121 1570 4159 omnes
1598 4106 1797 4172 bestias,
1842 4120 1890 4163 et
1924 4112 2149 4166 volucres

557 4184 687 4243 caeli.
713 4194 757 4237 et
774 4186 917 4240 duxit
940 4189 1030 4242 illa
1059 4191 1125 4243 ad
1150 4193 1331 4258 Adam,
1367 4206 1419 4249 ut
1444 4198 1628 4251 videret
1650 4200 1773 4269 quid
1793 4212 1989 4255 vocaret
2032 4203 2146 4259 illa.

562 4274 629 4328 l-It
654 4277 805 4343 quasi
827 4279 1075 4334 dominus
1100 4287 1351 4340 omnibus
1378 4288 1628 4358 imposuit
1657 4293 1893 4361 nomina,
1921 4304 1977 4349 et
2023 4298 2145 4350 uui-

560 4367 752 4437 i-uiqne
800 4370 1110 4438 bestiarum,
1137 4385 1191 4428 et
1238 4378 1533 4443 volucrum,
1566 4393 1620 4436 et
1667 4383 1941 4440 brutorum
1999 4389 2144 4443 omni

557 4462 737 4526 generi
789 4477 941 4517 suum
976 4468 1289 4522 vocabulum
1338 4474 1632 4528 secundum
1682 4493 1991 4533 concessam
2045 4481 2146 4535 sibi

558 4553 870 4620 sapientiam
894 4558 1179 4626 assignavit
1205 4580 1217 4613 :
1251 4572 1307 4615 ut
1328 4566 1464 4617 scire
1494 4581 1792 4635 possemus,
1817 4586 2002 4625 omnes
2031 4572 2146 4625 illas

558 4654 849 4711 creaturas,
879 4648 1003 4703 licet
1050 4651 1251 4707 homini
1299 4656 1603 4711 ministrent
1653 4670 1708 4713 et
1750 4676 1847 4714 nos
1893 4663 2146 4732 adjuveut

557 4738 895 4804 cooperando
922 4740 1219 4805 nobiseum,
1261 4746 1649 4804 irrationabiles
1693 4761 1866 4807 tamen
1915 4765 2147 4821 esse,et

560 4829 775 4883 homine
819 4831 972 4901 longe
1019 4834 1332 4904 inferiores;
1365 4842 1505 4896 unde
1550 4859 1615 4896 ne
1646 4856 1891 4912 putemus
1916 4864 2038 4901 eum
2077 4848 2144 4903 de

558 4920 663 4975 illis
688 4921 906 4986 dixisse,
950 4923 1224 4982 Faciamus
1249 4930 1325 4983 illi
1355 4931 1661 5001 adjutorem.
1686 4935 1818 4990 Nam
1846 4939 1968 4992 licet
1992 4940 2144 5008 adju-

558 5022 705 5076 veut,
735 5027 788 5068 et
818 5015 871 5069 in
916 5017 1093 5072 multis
1117 5021 1414 5077 ministerio
1451 5040 1549 5080 suo
1575 5027 1775 5083 homini
1820 5032 1977 5086 utiles
2009 5034 2137 5099 sint,

558 5107 763 5161 ratione
794 5118 968 5164 tamen
992 5123 1195 5167 carent.
1239 5115 1380 5172 Sane
1408 5120 1550 5188 quod
1589 5120 1775 5189 juvent
1800 5140 1931 5190 nos,
1962 5143 2140 5181 rerum

554 5199 709 5256 docet
734 5206 1078 5271 experientia.
1101 5209 1216 5263 Alia
1238 5211 1378 5263 enim
1398 5213 1541 5267 utilia
1561 5224 1683 5269 sunt
1703 5216 1766 5269 ad
1793 5218 2141 5274 convehenda

561 5298 883 5360 necessaria,
906 5299 1006 5352 alia
1037 5299 1101 5354 ad
1130 5302 1408 5357 colendam
1438 5313 1655 5359 terram.
1703 5307 2138 5379 Quandoquidem

554 5386 652 5440 bos
674 5398 906 5442 aratrum
934 5390 1112 5457 trahit,
1142 5394 1319 5449 sulcos
1350 5405 1513 5459 secat,
1543 5407 1597 5451 et
1631 5401 1775 5452 varia
1802 5400 2140 5469 agricultura:

554 5495 716 5547 opera
736 5494 980 5549 exercet;
1006 5485 1187 5539 asinus
1203 5485 1269 5539 ad
1281 5489 1624 5543 convehenda
1640 5493 1937 5547 necessaria
1954 5494 2141 5549 admo-

551 5573 679 5627 dum
705 5575 848 5629 utilis
870 5583 951 5629 est
975 5617 988 5639 ,
1017 5587 1068 5630 et
1093 5576 1341 5648 pleraque
1361 5581 1608 5635 animalia
1634 5583 1737 5637 alia
1768 5587 2006 5654 corporis
2042 5603 2140 5640 n0-

552 5666 648 5717 stri
698 5666 815 5720 usui
866 5668 1122 5723 serviunt.
1164 5669 1375 5724 Etenim
1418 5688 1545 5727 oves
1571 5675 1745 5731 lanam
1778 5676 1842 5732 ad
1876 5680 2137 5749 parandas

615 5842 630 5875 ι
666 5844 800 5895 savii.
831 5856 879 5900 ct
909 5851 1111 5914 Celsum,
1140 5854 1332 5915 adjutor
1357 5853 1523 5906 similis
1550 5854 1635 5905 illi

1294 389 1347 443 S.
1388 389 1666 449 JOANNIS
1687 392 2161 457 CHRYSOSTOMI
2199 394 2516 452 ARCIIIEP.
2556 399 3084 457 CONSTANTINOP.

3765 405 3869 464 120

2280 522 2456 567 vestes
2488 515 2745 582 praebent,
2776 527 2830 571 ct
2872 532 3046 586 capra:
3073 533 3138 572 ex
3166 519 3277 573 suis
3302 518 3421 588 pilis
3462 519 3658 591 aliquid
3681 538 3750 576 no
3780 530 3870 575 tro

2278 604 2579 659 ministerio
2625 606 2874 671 alierum,
2909 608 3148 679 Iacteque
3197 622 3249 665 et
3291 612 3398 665 alio
3445 627 3657 681 quoque
3702 617 3862 666 modo

2275 712 2453 751 escam
2483 698 2741 766 prtebent.
2786 701 3013 755 Proinde
3044 716 3109 755 ne
3129 703 3431 769 existimes,
3463 705 3512 757 id
3537 703 3679 773 quod
3702 718 3865 769 supra

2276 788 2425 853 dicit,
2454 788 2732 844 Faciamus
2756 793 2836 847 illi
2867 793 3172 863 adjutorem,
3204 795 3272 849 de
3302 797 3406 850 illis
3431 796 3631 851 dictum
3678 811 3692 848 :
3740 794 3866 850 idec

2274 897 2418 936 nunc
2468 898 2771 937 sermonem
2818 884 3096 952 incipiens,
3129 886 3318 955 inquit,
3347 886 3473 941 Adae
3507 902 3624 938 vero
3652 902 3754 938 non
3783 886 3867 938 in-

2275 983 2451 1027 ventus
2479 984 2550 1027 est
2571 976 2777 1043 adjutor
2821 976 3001 1029 similis
3037 977 3083 1029 ei
3105 992 3124 1031 :
3148 978 3297 1046 quasi
3314 977 3530 1031 doceret
3560 991 3655 1032 nos
3676 978 3869 1032 beatus

2275 1064 2449 1118 Moses
2474 1106 2489 1132 ,
2520 1076 2575 1121 et
2604 1066 2720 1121 haec
2757 1066 2963 1121 diceret
3007 1068 3169 1122 verba
3203 1085 3216 1120 :
3251 1068 3376 1122 llaec
3426 1068 3603 1123 omnia
3647 1069 3866 1138 quidem

2276 1157 2531 1226 producta
2560 1167 2704 1223 sunt,
2739 1158 2875 1213 etab
2901 1158 3072 1213 Adam
3116 1170 3579 1229 sua-acceperunt
3624 1164 3861 1228 nomina,

2274 1252 2476 1305 milium
2508 1260 2685 1306 tamen
2728 1268 2793 1307 ex
2823 1253 2889 1307 iis
2942 1253 3191 1307 omnibus
3215 1253 3431 1324 dignum
3464 1253 3564 1308 fuit
3590 1255 3861 1308 inveutmn

2272 1343 2413 1413 quod
2444 1344 2590 1396 illum
2618 1343 2912 1412 adjuvaret.
2958 1345 3080 1398 Ideo
3106 1346 3292 1399 volens
3320 1362 3416 1399 nos
3444 1345 3638 1400 docere
3669 1347 3868 1415 produ-

2271 1435 2427 1488 cendi
2468 1435 2713 1490 animalis
2759 1436 3154 1504 formationem,
3188 1448 3242 1492 et
3270 1438 3507 1493 indicare
3536 1439 3729 1492 animal
3760 1439 3864 1494 hoc

2273 1528 2673 1597 producendum
2728 1529 2865 1583 istud
2895 1531 3066 1600 ipsum
3114 1547 3233 1584 esse
3259 1532 3325 1585 de
3355 1546 3461 1601 quo
3488 1532 3716 1596 dicebat,
3756 1531 3864 1585 Fa-

2271 1620 2467 1672 ciamus
2519 1620 2595 1672 illi
2638 1620 2922 1691 adjutorem
2972 1622 3247 1676 secundum
3287 1606 3471 1689 illum,‘
3509 1623 3734 1677 similem
3786 1624 3861 1677 illi

2273 1709 2463 1777 inquit,
2499 1710 2602 1765 hoc
2645 1723 2748 1777 est,
2793 1712 3031 1780 ejusdem
3079 1714 3406 1777 substantia»,
3459 1713 3574 1783 ipso
3618 1714 3858 1783 dignum,

2271 1803 2388 1871 ipso
2416 1803 2544 1856 nihil
2576 1804 2878 1859 inferiorem
2906 1821 2919 1857 :
2953 1816 3005 1860 et
3033 1806 3171 1860 hanc
3208 1807 3277 1860 oh
3322 1822 3433 1862 rem
3476 1808 3705 1873 dicebat,
3734 1810 3860 1862 Adae

2268 1912 2382 1948 vero
2412 1912 2515 1949 non
2559 1896 2903 1950 inveniebatur
2943 1899 3149 1967 adjutor
3176 1899 3356 1952 similis
3402 1899 3477 1951 illi
3507 1915 3525 1953 :
3554 1910 3860 1953 monstrans

2272 1987 2426 2040 nobis
2453 1987 2639 2041 beatus
2664 1988 2750 2041 ille
2771 2031 2785 2053 ,
2811 1998 3297 2059 quantumcumque
3323 1990 3475 2043 nobis
3505 1990 3857 2044 ministerium

2267 2079 2554 2133 exhibeant
2589 2079 2701 2133 inec
2735 2080 2885 2134 bruta
2905 2120 2922 2145 ,
2953 2080 3094 2133 aliud
3125 2089 3299 2134 tamen
3324 2080 3592 2150 quoddam
3643 2081 3858 2148 adjuto-

2264 2169 2401 2223 rium
2431 2185 2550 2224 esse
2570 2171 2749 2225 multis
2775 2173 3011 2226 numeris
3037 2172 3399 2236 excellentius,
3423 2172 3562 2243 quod
3587 2188 3615 2225 a
3633 2172 3860 2227 muliere

2266 2263 2396 2318 Athe
2430 2274 2728 2333 priestatur.

2333 2357 2389 2410 2.
2433 2357 2613 2429 Itaque
2638 2360 2764 2429 quia
2787 2359 3035 2414 omnibus
3060 2359 3377 2414 animalibus
3415 2358 3522 2428 iam
3560 2357 3856 2427 productis.

2262 2459 2319 2507 et
2347 2467 2501 2506 suum
2552 2468 2744 2507 nomen
2776 2468 2805 2507 a
2839 2454 3009 2519 primo
3061 2451 3277 2507 homine
3323 2452 3547 2520 sortitis,
3596 2451 3859 2520 benignus

2266 2545 2521 2600 Dominus
2550 2545 2778 2600 similem
2810 2546 2887 2600 illi
2914 2545 3213 2615 adjutorem
3236 2553 3292 2598 ut
3322 2543 3639 2614 produceret
3674 2542 3857 2613 inqui-

2263 2637 2415 2691 rebat
2445 2653 2458 2689 :
2483 2637 2572 2706 qui
2618 2637 2797 2692 omnia
2826 2645 3040 2705 propter
3078 2636 3348 2690 hominem
3372 2651 3403 2689 a
3453 2649 3513 2690 se
3567 2634 3853 2689 formatum

2262 2727 2555 2797 dispensat,
2583 2737 2636 2781 et
2666 2734 2881 2797 propter
2908 2729 3049 2781 hunc
3075 2742 3286 2781 onlnem
3330 2725 3592 2780 visibilem
3636 2735 3855 2779 creatu-

2262 2836 2375 2873 ram
2417 2818 2687 2889 produxit,
2712 2820 2756 2874 is
2802 2835 2925 2874 cum
2984 2820 3104 2874 aliis
3156 2818 3405 2873 onmibus
3455 2826 3511 2871 et
3563 2817 3851 2871 mulierem

2261 2912 2474 2967 format.
2518 2913 2588 2967 Et
2635 2913 2759 2968 vide
2801 2929 2957 2983 quam
2998 2913 3285 2983 diligenter
3334 2911 3707 2966 formationem
3749 2926 3855 2964 nos

2261 3004 2467 3059 doceat.
2510 3004 2640 3059 Nam
2672 3014 2953 3074 postquam
2985 3020 3083 3058 nos
3103 3004 3304 3070 docuit,
3336 3018 3394 3058 se
3425 3002 3557 3057 velle
3588 3001 3851 3071 produce-

2263 3114 2320 3152 re
2348 3099 2423 3152 illi
2447 3099 2766 3167 adjutorium
2809 3098 2982 3152 snnile
3014 3098 3116 3167 ipsi
3149 3114 3162 3150 :
3192 3112 3313 3150 nam
3351 3097 3595 3165 superius
3620 3096 3850 3159 dixerat,

2263 3187 2535 3242 Faciamus
2563 3191 2637 3243 illi
2664 3190 2978 3259 adjutorium
3016 3189 3292 3243 secundum
3335 3186 3478 3241 illum
3509 3204 3527 3241 :
3571 3197 3624 3241 et
3654 3187 3739 3241 hic
3766 3188 3852 3240 in-

2259 3281 2395 3350 quit,
2434 3279 2552 3334 Non
2579 3281 2918 3334 inveniebatur
2968 3278 3174 3350 adjutor
3215 3279 3394 3332 similis
3424 3279 3502 3333 illi
3550 3294 3568 3332 :
3612 3293 3728 3333 eam
3779 3278 3852 3332 oh

2260 3387 2474 3427 causam
2498 3389 2560 3425 ex
2591 3372 2730 3425 illius
2769 3371 3065 3425 substantia
3112 3372 3278 3441 ipsam
3309 3368 3524 3429 format.
3553 3378 3609 3424 et
3634 3370 3846 3437 inquit:

2259 3462 2349 3516 21.
2379 3462 2441 3515 Et
2467 3463 2671 3515 immisit
2703 3460 2954 3514 Dominus
3007 3460 3144 3514 Deus
3189 3476 3443 3514 excessum
3492 3462 3544 3513 in
3581 3459 3768 3523 Adam,
3802 3469 3850 3512 et

2260 3556 2511 3607 dormivit.
2546 3553 2612 3606 Et
2640 3555 2833 3624 accepit
2857 3570 3012 3606 unam
3042 3563 3294 3606 costarum
3340 3552 3500 3615 illius,
3530 3559 3577 3603 et
3626 3551 3851 3619 implevit

2259 3662 2461 3699 carnem
2523 3662 2615 3716 pro
2668 3646 2777 3699 illa.
2826 3644 2917 3698 22.
2972 3643 3368 3714 Ediﬁcavilque
3418 3642 3661 3695 Dominus
3710 3640 3851 3693 Deus

2258 3748 2446 3791 costam
2475 3780 2490 3803 ,
2520 3746 2672 3808 quam
2696 3739 2887 3807 accepit
2916 3737 2978 3791 de
3005 3737 3168 3789 Adam
3192 3777 3206 3801 ,
3234 3735 3289 3789 in
3316 3734 3600 3801 mulierem,
3630 3744 3677 3786 et
3702 3732 3851 3785 duxit

2197 3816 2203 3823 ’
2257 3829 2397 3883 illaut
2425 3829 2494 3883 ad
2531 3830 2715 3883 Adam.
2748 3829 2933 3898 Magna
2975 3829 3259 3883 verborum
3304 3828 3384 3881 vis
3411 3836 3524 3891 est,
3554 3836 3609 3881 et
3629 3840 3849 3881 omnem

2259 3920 2547 3974 humanum
2585 3931 2800 3990 captum
2861 3918 3269 3974 transcentlens.
3316 3916 3433 3972 Non
3490 3918 3632 3971 enim
3692 3917 3852 3971 aliter

2259 4021 2480 4079 possunt
2508 4010 2620 4064 hzec
2665 4027 2854 4080 magna
2882 4011 3124 4081 intelligi,
3154 4025 3313 4079 quam
3361 4008 3481 4063 ﬁdei
3510 4008 3683 4062 oculis
3711 4022 3849 4061 con-

2255 4115 2457 4169 Specus.
2501 4102 2567 4155 Et
2595 4103 2801 4156 immisit
2845 4101 3000 4167 Deus,
3049 4103 3219 4171 inquit
3242 4143 3256 4163 .
3289 4116 3542 4153 excessum
3573 4100 3625 4151 in
3657 4099 3846 4161 Adam,

2255 4203 2302 4246 et
2323 4193 2578 4247 dormivit.
2606 4193 2737 4248 Vide
2759 4208 2915 4264 quam
2937 4204 3181 4248 accurata
3200 4195 3269 4247 sit
3288 4204 3342 4247 et
3365 4192 3555 4247 eximia
3576 4192 3847 4246 doctrina.

2257 4284 2492 4355 Utraque
2533 4285 2711 4353 posuit
2755 4284 2944 4339 beatus
2988 4285 3078 4338 ille
3124 4284 3420 4354 propheta,
3454 4284 3562 4337 imo
3612 4283 3850 4351 Spiritus

2255 4389 2470 4433 sanctus
2497 4394 2590 4447 per
2619 4378 2757 4432 illius
2788 4377 3018 4447 linguam
3051 4418 3066 4443 ,
3094 4376 3294 4431 docens
3323 4391 3420 4429 nos
3469 4376 3728 4429 factorum
3760 4390 3852 4426 se.

2255 4472 2410 4525 rictu.
2447 4468 2685 4537 Immisit,
2718 4469 2908 4537 inquit,
2943 4484 3197 4523 excessum
3222 4469 3276 4521 in
3302 4468 3486 4529 Adam,
3509 4477 3557 4520 et
3583 4466 3847 4519 dormit-it.

2253 4563 2403 4627 Quod
2437 4572 2563 4616 tunc
2595 4562 2776 4627 fiebat,
2803 4577 2973 4631 neque
3009 4576 3263 4616 excessus
3291 4562 3463 4614 solum
3493 4567 3638 4625 erat,
3670 4575 3849 4628 neque

2253 4668 2473 4708 somnus
2502 4654 2691 4708 solitus
2719 4672 2732 4706 :
2761 4653 2855 4708 sed
2876 4653 2997 4723 quia
3024 4654 3237 4722 sapiens
3258 4664 3309 4707 et
3332 4651 3501 4706 solers
3528 4660 3728 4705 nostrze
3749 4666 3849 4704 na-

2251 4754 2386 4799 tura:
2410 4746 2597 4814 Opilex
2624 4761 2783 4799 unam
2810 4761 2877 4800 ex
2918 4746 3084 4801 costis
3125 4745 3268 4800 illius
3314 4746 3589 4800 ablaturus
3614 4757 3755 4811 erat,
3786 4754 3847 4797 ut

2251 4853 2319 4892 ne
2347 4838 2625 4891 sentiendo
2655 4838 2916 4903 dolorem,
2945 4839 3151 4891 mulieri
3182 4855 3247 4892 ex
3279 4847 3425 4892 costa
3454 4854 3548 4893 sua
3596 4840 3842 4892 formata:

2252 4940 2435 4998 postea
2486 4928 2687 4982 doloris
2738 4944 2943 4983 memor
2993 4927 3232 4982 infensus
3278 4939 3460 4996 esset,
3515 4942 3839 4999 capropler.

2251 5021 2491 5074 immisso
2541 5036 2783 5085 excessu,
2819 5029 2965 5073 tanto
3019 5020 3163 5074 illum
3214 5035 3407 5074 somno
3460 5023 3748 5090 Oppressit,
3785 5032 3843 5077 ut

2249 5113 2400 5183 quasi
2439 5113 2732 5182 gravedine
2780 5112 3008 5182 quadam
3048 5122 3354 5182 correptus,
3385 5113 3583 5166 nullum
3613 5113 3689 5166 rei
3717 5130 3842 5184 quas

2249 5207 2640 5260 liebatsensum
2664 5214 2896 5276 caperet,
2940 5206 3033 5260 sed
3075 5207 3213 5260 sicut
3252 5207 3483 5275 optimus
3516 5205 3711 5261 artifex
3745 5224 3846 5261 an-

2253 5296 2415 5353 ferret
2442 5300 2584 5369 quod
2635 5300 2739 5353 sibi
2794 5298 3093 5366 videbatur,
3149 5308 3205 5353 et
3243 5301 3516 5370 suppleret
3564 5301 3653 5355 ubi
3710 5302 3842 5370 quid

2249 5391 2451 5456 deerat,
2483 5402 2535 5445 et
2561 5392 2700 5461 quod
2730 5391 2853 5446 inde
2878 5401 3198 5461 sumpserat,
3230 5392 3520 5447 secundum
3543 5408 3696 5447 suam
3726 5394 3843 5447 for-

2248 5495 2419 5539 utaret
2487 5485 2846 5539 clementiam.
2915 5483 3165 5549 lntmisit,
3221 5485 3430 5554 inquit,
3474 5501 3733 5539 excessum
3788 5486 3845 5539 in

2249 5576 2433 5641 Adam,
2464 5584 2510 5629 et
2538 5576 2790 5628 dormivit.
2824 5574 3123 5645 Accepilque
3150 5592 3303 5627 unam
3328 5585 3580 5628 costarum
3606 5576 3769 5639 illius,
3793 5586 3845 5629 et

2248 5668 2469 5734 implevit
2494 5683 2694 5719 carnem
2726 5682 2816 5734 pro
2843 5664 2934 5718 illa
2964 5684 2984 5719 :
3010 5677 3068 5720 ut
3114 5682 3180 5721 ne
3233 5677 3435 5738 posset,
3464 5667 3709 5721 discusso
3749 5684 3842 5721 so-

2249 5775 2374 5811 nmn
2408 5797 2422 5821 ,
2468 5757 2607 5826 quod
2661 5758 2853 5809 factum
2897 5766 3013 5809 erat
3060 5772 3124 5810 ex
3172 5756 3382 5813 defectu
3425 5760 3647 5814 sentire.
3704 5760 3841 5813 Nam

2251 5851 2495 5921 quamvis
2546 5866 2609 5906 eo
2650 5860 2924 5919 tempore,
2981 5864 3083 5919 quo
3129 5848 3499 5921 auferebatur,
3550 5854 3835 5923 ignoravit,
