4038 6394
77 348 158 402 H9
1213 345 1280 403 IN
1323 345 1478 402 CAP.
1519 343 1567 400 11
1615 341 1863 400 GENES.
1905 341 2143 397 HOMIL.
2176 341 2290 396 XV.

75 466 352 536 προθῶμεν
401 468 498 521 ἐπὶ
548 468 647 538 τῆς
692 467 965 537 ὑμετέρας
1003 465 1246 534 ἀγάπης.
1284 462 1585 516 Ἠκούσατε
1637 459 1747 530 γὰρ

72 555 254 622 ἀρτίως
288 555 393 624 τῆς
425 555 581 618 θείας
611 554 836 626 Γραφῆς
873 553 1157 623 λεγούσης·
1197 552 1282 617 Τῷ
1315 551 1383 603 δὲ
1429 549 1601 618 Ἀδὰμ
1635 550 1746 617 οὐχ

72 641 263 708 εὑρέθη
294 643 533 709 ,βοηθὸς
578 643 781 711 ὅμοιος
813 639 990 706 αὐτῷ.
1032 641 1096 693 Τί
1128 639 1376 710 βούλεται
1439 639 1473 709 ή
1519 637 1748 708 βραχεῖα

73 730 192 798 αὕτη
224 729 396 794 λέξις,
450 730 536 796 Τῷ
563 730 632 783 δὲ
681 729 888 798 Ἀδάμ;
922 729 1068 792 τίνος
1096 729 1282 781 ἕνεκεν
1309 726 1616 796 προσέθηκε
1656 725 1748 778 τὸν

74 817 358 886 σύνδεσμον
383 835 400 882 ;
435 818 500 870 οὐ
530 817 639 886 γὰρ
663 817 820 888 ἤρκει
847 819 1039 879 εἰπεῖν,
1067 816 1146 886 τῷ
1187 815 1393 885 Ἀδάμ;
1423 815 1535 884 Οὐχ
1561 813 1748 877 ἁπλῶς

72 905 224 958 ταῦτα
260 905 654 976 διερευνᾶσθαι
680 904 1080 975 σπουδάζομεν,
1105 903 1416 974 φιλοτιμίας
1441 903 1628 955 ἕνεκεν
1649 919 1749 954 πε-

74 994 261 1064 ριττῆς,
293 982 413 1046 ἀλλ’
442 995 529 1048 ἵνα
557 994 695 1064 μετά
718 993 1003 1065 ἀκριϐείας
1027 994 1156 1063 ὑμῖν
1186 993 1399 1046 ᾶπαντα
1421 990 1748 1062 ἑρμηνεύον-

73 1094 145 1137 ﬁ;
167 1077 558 1148 παιδεύσωμεν
581 1078 724 1148 ὑμᾶς
753 1077 886 1147 μηδὲ
912 1076 1173 1148 βραχεῖαν
1192 1076 1357 1142 λέξιν,
1387 1076 1520 1146 μηδὲ
1552 1074 1747 1128 συλλα-

74 1166 155 1234 ϐήν
182 1167 315 1235 μίαν
356 1165 731 1238 παρατρέχειν
767 1165 876 1218 τῶν
905 1167 962 1218 ἐν
997 1169 1118 1228 ταῖς
1149 1163 1320 1229 θείαις
1358 1165 1602 1235 Γραφαῖς
1632 1181 1747 1218 κει-

77 1255 250 1322 μένων.
279 1255 358 1307 Οὐ
377 1254 492 1326 γὰρ
514 1255 580 1326 ρή
591 1254 738 1324 ματά
759 1254 906 1306 ἐστιν
923 1251 1132 1316 ἁπλῶς,
1158 1253 1294 1306 ἀλλὰ
1313 1253 1407 1305 τοῦ
1429 1251 1569 1305 Πνεύ
1579 1268 1745 1322 ματος

73 1341 150 1392 τοῦ
181 1341 340 1408 ἁγίου
377 1343 628 1413 ῥήματα,
655 1341 750 1394 καὶ
781 1340 868 1394 διὰ
891 1340 1050 1394 τοῦτο
1079 1340 1246 1394 πολύν
1270 1342 1386 1394 ἐστι
1414 1340 1506 1393 16v
1535 1339 1744 1410 θησαυ-

77 1431 152 1500 ρὸν
173 1432 356 1503 εὑρεῖν
387 1433 485 1484 καὶ
509 1432 566 1484 ἐν
599 1433 698 1502 μιᾷ
723 1430 982 1502 συλλαϐῇ.
1014 1431 1322 1502 Προσέχετε
1347 1427 1460 1495 οὖν,
1495 1447 1746 1502 παρακα-

73 1519 153 1580 25:,
197 1519 340 1589 μετά
387 1519 704 1592 ἀκριϐείας·
759 1520 947 1591 μηδεὶς
988 1520 1184 1591 νωθής,
1242 1519 1430 1590 μηδεὶς
1485 1519 1742 1590 ὑπνηλὸς,

75 1609 253 1670 πάντες
281 1607 726 1678 διεγηγερμένην
759 1626 846 1678 μοι
866 1607 962 1679 τὴν
983 1607 1223 1662 διάνοιαν
1245 1608 1534 1678 παρέχετε·
1558 1608 1745 1679 μηδεὶς

75 1697 160 1760 ἔξω
206 1695 501 1765 ρεμϐέσθω
546 1697 640 1748 τὸν
671 1696 946 1766 λογισμὸν,
986 1697 1120 1768 μηδέ
1157 1697 1443 1768 φροντίδας
1487 1697 1744 1766 βιωτικάς

76 1785 454 1854 ἐπισυρόμενος
488 1784 724 1838 ἐνταῦθα
761 1786 1027 1854 στηκέτω,
1071 1785 1185 1838 ἀλλ’
1212 1784 1409 1838 ἐννοῶν
1438 1786 1539 1856 τῆς
1580 1803 1744 1839 πνευ-

80 1875 290 1945 ματικῆς
320 1875 533 1944 ταύτης
573 1874 796 1926 συνόδου
818 1875 877 1926 16
908 1874 1145 1944 ἀξίωμα,
1174 1875 1267 1928 καὶ
1290 1875 1371 1928 ὅτι
1395 1874 1484 1928 διὰ
1515 1878 1611 1946 τῆς
1635 1875 1744 1929 τῶν

77 1963 349 2032 προφητῶν
392 1961 644 2031 γλώττης
675 1960 768 2014 τοῦ
804 1962 938 2015 Θεοῦ
991 1963 1127 2034 πρὸς
1176 1965 1322 2034 ἡμᾶς
1362 1963 1742 2033 διαλεγομένου

77 2051 350 2121 ἀκούομεν·
391 2049 538 2103 οὕτω
576 2049 676 2114 τὴν
711 2050 880 2121 ἀκοὴν
913 2050 1182 2120 ὑπεχέτω,
1216 2051 1310 2103 καὶ
1352 2052 1742 2122 συντεταμένον

75 2139 224 2207 ἐχέτω
260 2151 285 2178 δ
318 2139 413 2191 τὸν
439 2138 585 2204 νοῦν,
617 2138 705 2190 ἵνα
731 2138 893 2210 μηδὲν
919 2139 1026 2191 τῶν
1055 2139 1184 2210 παρ’
1216 2139 1372 2210 ήμῶν
1407 2141 1744 2194 καταϐαλλο-

78 2229 231 2296 μένων
274 2228 616 2300 σπερμάτων
651 2229 733 2291 εἰς
774 2227 982 2298 πέτραν
1012 2228 1334 2300 κατενεχθῇ,
1380 2229 1414 2300 ἢ
1451 2230 1598 2301 παρὰ
1642 2230 1743 2302 τήν

74 2317 192 2378 ὁδὸν,
223 2317 256 2386 ἦ
289 2317 446 2387 παρά
467 2315 567 2372 τάς
587 2315 851 2379 ἀκάνθας,
874 2315 990 2369 ἀλλ’
1015 2315 1309 2386 ὀλόκληρον
1331 2316 1390 2370 16
1418 2317 1635 2389 σπέρμα
1663 2321 1741 2380 είς

75 2403 158 2475 τὴν
179 2404 282 2474 γῆν
312 2403 414 2475 τὴν
447 2403 617 2474 καλὴν
639 2403 999 2473 καταϐληθὲν,
1024 2403 1084 2456 16
1107 2403 1306 2466 πλάτος
1330 2403 1473 2472 λέγω
1502 2405 1601 2475 τῆς
1626 2405 1743 2458 δια-

76 2492 208 2553 νοίας
247 2492 351 2561 τῆς
397 2491 692 2563 ὑμετέρας,
733 2491 929 2560 δαψιλῆ
980 2491 1070 2543 τὸν
1107 2490 1318 2562 καρπὸν
1355 2493 1484 2560 ὑμῖν
1521 2492 1743 2559 ἐνέγκαι

76 2578 280 2650 δυνηθῇ.
310 2579 409 2632 καὶ
442 2579 857 2651 πολυπλασιάσῃ
883 2578 953 2632 τὰ
986 2579 1116 2650 παρ’
1147 2579 1302 2651 ήμῶν
1339 2579 1746 2651 καταϐαλλόμε-

75 2684 148 2720 να.
179 2667 339 2720 .“Δλλ’
374 2667 575 2738 ἴδωμεν
608 2667 796 2720 λοιπὸν
852 2667 906 2720 τί
956 2666 1204 2737 βούλεται
1235 2670 1366 2739 ἡμῖν
1404 2667 1540 2739 αὕτη
1581 2669 1613 2739 ή
1647 2666 1742 2722 τοῦ

79 2757 363 2827 συνδέσμου
387 2757 702 2828 συμπλοκή.
734 2757 818 2823 Τῷ
845 2759 914 2811 δὲ
946 2758 1140 2828 Ἀδὰμ,
1164 2759 1352 2828 φησὶν,
1382 2760 1493 2827 οὐχ
1529 2757 1740 2828 εὑρέθη

76 2846 284 2912 βοηθὸς
337 2847 546 2917 ὅμοιος
580 2846 764 2912 αὐτῷ.
815 2847 923 2900 Θέα
955 2864 1044 2918 μοι
1079 2847 1178 2916 τῆς
1207 2847 1358 2911 θείας
1393 2848 1616 2918 Γραφῆς
1645 2849 1744 2920 τὴν

77 2934 367 3001 ἀκρίϐειαν.
417 2934 685 2998 Είποῦσα,
747 2933 830 3000 Τῷ
870 2934 939 2988 δὲ
975 2933 1150 3004 Ἀδὰμ
1189 2937 1302 3003 οὐχ
1345 2935 1556 3003 εὑρέθη
1591 2937 1745 3003 βοη-

78 3023 228 3087 θὸςδ,
249 3025 351 3077 οὑκ
383 3023 514 3094 ἔστη
545 3023 708 3094 μέχρι
732 3023 943 3088 τούτου,
967 3023 1102 3078 ἀλλά
1125 3023 1488 3095 προσέθηκεν,
1513 3025 1747 3094 Ὄμοιος

77 3109 240 3176 αὐτῷ,
275 3114 345 3182 τῇ
383 3110 677 3182 προσθήκῃ
715 3110 1101 3182 παραδηλοῦσα
1147 3113 1282 3182 ήμῖν
1314 3111 1411 3182 τὴν
1441 3111 1641 3176 αἰτίαν,
1677 3112 1746 3165 δι’

79 3197 135 3265 ῆν
159 3194 248 3251 τοῦ
279 3198 585 3268 συνδέσμου
613 3199 712 3269 τὴν
737 3199 1055 3270 συμπλοκὴν
1087 3200 1399 3271 ἐποιήσατο.
1439 3195 1606 3268 Οἶμαι
1635 3200 1748 3253 λοι·

79 3285 166 3338 σὺν
199 3288 326 3350 τοὺς
368 3285 627 3358 ὀξύτερον
654 3287 966 3341 ἐπιϐάλλειν
993 3288 1327 3358 δυναμένους
1372 3288 1473 3360 ἤδη
1507 3291 1748 3362 προορᾷν

78 3375 129 3425 16
163 3375 351 3444 μέλλον
379 3377 470 3444 ὑφ’
503 3374 657 3445 ὑμῶν
698 3373 1052 3447 ῥηθήσεσθαι.
1085 3375 1226 3428 Ἀλλ’
1260 3376 1448 3448 ἐπειδὴ
1481 3379 1750 3448 προσήκει

78 3463 210 3530 ἡμᾶς
230 3464 419 3532 κοινὴν
447 3461 587 3533 πρὸς
614 3462 860 3526 ἅπαντας
884 3463 1239 3533 ποιουμένους
1255 3464 1354 3536 τὴν
1380 3463 1746 3529 διδασκαλίαν,

80 3551 198 3602 πᾶσι
228 3551 378 3622 σαφῆ
405 3553 580 3603 ποιεῖν
602 3549 672 3603 τά
703 3551 832 3622 παρ’
864 3551 1023 3622 ήμῶν
1049 3552 1342 3622 λεγόμενα,
1369 3554 1504 3622 φέρε
1528 3552 1750 3620 διδάξω-

84 3654 168 3703 μεν
199 3639 342 3710 ὑμᾶς
362 3639 513 3701 τίνος
538 3638 724 3692 ἕνεκεν
758 3638 929 3703 οὔτως
962 3641 1203 3711 εἴρηκεν·
1228 3638 1275 3711 [1
1293 3639 1533 3712 Ηῆάλλά
1553 3641 1748 3714 μικρὸν

81 3726 390 3797 ἀνάσχεσθε.
435 3727 660 3797 Ἐπειδὴ
697 3726 806 3798 γὰρ
836 3729 894 3780 ἐν
933 3730 1046 3790 τοῖς
1081 3727 1273 3798 πρῴην
1305 3728 1538 3799 ῥηθεῖσι,
1579 3729 1750 3782 καθά·

82 3829 173 3883 περ
201 3814 599 3885 μνημονεύετε,
631 3815 860 3869 εἰποῦσα
891 3815 1067 3886 ήθεία
1099 3816 1313 3888 Γραφὴ,
1357 3816 1440 3868 ὅτι
1489 3815 1752 3882 Nouimu-

79 3917 178 3967 μεν
210 3901 374 3968 αὐτῷ
406 3903 644 3970 βοηθὸν
680 3905 808 3958 κατ’
847 3903 1054 3967 αὐτὸν,
1087 3903 1291 3968 εὐθέως
1332 3904 1570 3971 ἐδίδαξεν
1602 3906 1752 3976 ἡμᾶς

81 3991 166 4061 τὴν
214 3993 326 4046 τῶν
372 3991 600 4065 θηρίων,
646 3993 742 4046 καὶ
783 3993 892 4047 τῶν
946 3993 1212 4065 ἑρπετῶν,
1252 3995 1344 4047 καὶ
1387 3995 1496 4048 τῶν
1540 3995 1751 4063 ἀλόγων

84 4078 320 4132 ἁπάντων
356 4079 738 4152 δημιουργίαν·
775 4081 910 4152 φησὶ
939 4082 1070 4153 γὰρ,
1095 4081 1201 4135 Kal
1233 4082 1507 4136 ἔπλασεν
1541 4085 1574 4136 ὀ
1606 4082 1752 4148 Θεὸς

82 4164 158 4219 ἔτι
196 4166 264 4220 ὲκ
303 4165 416 4234 τῆς
452 4165 565 4236 γῆς
588 4169 785 4221 πάντα
813 4168 884 4222 τὰ
912 4170 1108 4237 θηρία,
1139 4168 1333 4223 καὶτὰ
1365 4169 1605 4223 πετεινὰ
1643 4169 1751 4223 τοῦ

82 4253 354 4319 οὐρανοῦ,
386 4255 488 4308 καὶ
522 4254 748 4324 ἢγαγεν
786 4256 939 4309 αὐτὰ
973 4257 1122 4325 πρὸς
1143 4256 1251 4309 τὸν
1282 4256 1476 4326 Ἀδὰμ,
1518 4256 1667 4310 ιδεῖν
1695 4257 1753 4310 τί

84 4340 316 4395 καλέσει
347 4341 523 4397 αὐτά.
556 4345 663 4396 Καὶ
706 4343 956 4415 καθάπερ
993 4343 1269 4414 Δεσπότης
1308 4346 1473 4398 πᾶσιν
1515 4344 1751 4414 ἐπέθηκε

81 4428 142 4480 τὰ
168 4429 427 4500 ὀνόματα,
451 4431 548 4483 καὶ
570 4431 669 4502 τήν
703 4432 912 4486 οίκείαν
949 4433 1323 4504 προσηγορίαν
1353 4432 1569 4504 ἑκάστῳ
1606 4435 1753 4502 γένει

83 4514 180 4567 τῶν
201 4516 428 4587 θηρίων,
463 4517 559 4570 καὶ
587 4517 696 4571 τῶν
724 4518 1003 4585 πετεινῶν,
1040 4520 1136 4573 καὶ
1163 4519 1381 4574 πάντων
1414 4519 1524 4575 τῶν
1542 4519 1752 4590 ἀλόγων

85 4604 210 4656 κατά
231 4604 331 4675 τὴν
359 4605 798 4676 παρασχεθεῖσαν
831 4606 978 4678 αὑτῷ
1001 4607 1191 4676 σοφίαν
1213 4608 1530 4679 ἀπένειμεν·
1559 4609 1647 4662 ἵνα
1673 4609 1753 4661 εί-

87 4688 219 4744 δέναι
245 4692 460 4762 ἔχωμεν
484 4693 692 4758 λοιπὸν,
719 4694 801 4746 ὅτι
826 4696 1009 4748 ἐκεῖνα
1048 4695 1147 4766 μὲν
1179 4695 1394 4748 ἅπαντα
1423 4695 1492 4748 τὰ
1525 4713 1756 4768 γεγενη-

93 4777 236 4844 μένα,
261 4783 310 4832 εἰ
343 4781 454 4852 γὰρ
482 4781 789 4852 ὑπηρεσίαν
827 4782 950 4835 τινά
978 4783 1180 4854 πληροῖ
1219 4783 1314 4836 καὶ
1352 4785 1756 4852 συνεφάπτεται

89 4865 185 4918 τῶν
206 4869 474 4940 καμάτων
502 4871 674 4941 αὑτῷ,
699 4871 815 4925 ἀλλ’
835 4873 986 4944 ὅμως
1007 4872 1178 4941 ἀλογά
1203 4875 1339 4936 ἐστι,
1363 4874 1455 4926 καὶ¹
1477 4873 1658 4945 πολλῷ
1677 4874 1756 4945 τῷ

92 4953 262 5026 μέτρῳ
285 4957 589 5029 λειπόμενα
618 4958 714 5012 τοῦ
752 4959 1061 5032 ἀνθρώπου·
1092 4961 1186 5014 καὶ¹
1218 4961 1306 5014 ἵνα
1344 4961 1420 5033 μὴ
1446 4961 1757 5033 νομίζωμεν

87 5039 162 5093 δτι
175 5045 299 5115 περὶ
319 5045 530 5098 τούτων
547 5042 690 5108 εἷπε.
713 5047 1070 5117 Ποιήσωμεν
1099 5047 1261 5114 αὐτῷ
1277 5049 1533 5116 βοηθόν.
1554 5050 1616 5102 Εἰ
1646 5049 1756 5122 γὰρ

88 5131 172 5183 καὶ
207 5132 412 5203 βοηθεῖ,
443 5136 537 5188 καὶ
567 5135 704 5207 πρὸς
734 5137 906 5190 πολλά
939 5139 1186 5209 χρήσιμα
1218 5139 1527 5210 καθέστηκε
1561 5143 1624 5212 τῇ
1659 5139 1756 5194 τοῦ

89 5219 368 5290 ἀνθρώπου
407 5223 702 5295 ὑπηρεσία,
749 5225 864 5278 ἀλλ’
904 5226 1056 5296 ὅμως
1091 5226 1263 5295 ἀλογά
1291 5228 1460 5282 ἐστιν.
1504 5228 1626 5282 Ὅτι
1659 5229 1757 5298 μὲν

88 5306 184 5378 γὰρ
205 5307 702 5380 βσηθεῖ,δεικνυσιν
725 5312 864 5384 αὐτὴ
881 5315 918 5384 ή
935 5315 1101 5385 πεῖρα
1122 5313 1230 5367 τῶν
1259 5314 1620 5385 πραγμάτων.
1649 5316 1758 5367 Καὶ

91 5395 185 5464 γὰρ
209 5398 279 5451 τὰ
314 5397 417 5467 μὲν
453 5398 591 5470 πρὸς
620 5416 719 5472 την
751 5399 864 5455 τῶν
889 5403 1191 5473 ἀγωγίμων
1229 5402 1598 5475 μετακομιδὴν
1627 5404 1758 5473 ἡμῖν

94 5482 220 5537 ἐστιν
241 5485 558 5556 ἐπιτήδεια,
579 5488 646 5542 τὰ
672 5488 730 5541 δέ
760 5488 896 5560 πρὸς
923 5490 1024 5561 τὴν
1050 5491 1151 5561 τῆς
1178 5487 1282 5561 γῆς
1313 5490 1596 5561 ἐργασίαν·
1621 5489 1759 5554 Βοῦς

97 5568 181 5636 μὲν
228 5572 344 5644 γὰρ
387 5573 617 5647 ἄροτρον
669 5577 841 5643 ἕλκει,
889 5579 984 5632 καὶ
1028 5578 1274 5642 αὔλακας
1313 5579 1626 5650 ἀνατέμνει,
1663 5581 1758 5633 καὶ

97 5658 274 5730 πολλὴν
303 5661 504 5733 ἑτέραν
533 5663 722 5736 χρείαν
753 5665 889 5735 πρὸς
913 5665 1011 5738 τὴν
1033 5666 1308 5739 γεωργίαν
1334 5669 1466 5738 ἡμῖν
1491 5667 1754 5738 εἰσφέρει·

99 5742 195 5808 τινος
218 5748 275 5801 δὲ
303 5749 469 5803 πάλιν
492 5751 626 5822 πρὸς
655 5752 754 5823 τὴν
781 5751 890 5807 τῶν
915 5754 1216 5824 ἀγωγίμων
1243 5754 1608 5826 μετακομιδήν
1631 5754 1758 5808 πολ-

101 5829 178 5902 λὴν
203 5837 434 5908 παρέχει
461 5838 559 5910 τὴν
586 5839 797 5910 χρείαν,
825 5841 918 5894 καὶ
938 5841 1098 5913 ἕτερα
1119 5842 1174 5895 δὲ
1205 5841 1376 5896 πολλά
1403 5843 1513 5898 τῶν
1544 5840 1756 5915 ἀλόγων

152 5942 173 6011 ξ
193 5940 391 6011 (Ξοὶείίη.
419 5945 672 6011 ὑπεσχέτω
689 5945 904 6011 τὸννοῦν
929 5949 1269 6011 συντεταμένον
1290 5948 1430 6011 ἔχειν.

155 6000 180 6039 δ
200 6003 352 6054 Savil.
375 6013 428 6054 et
451 6000 652 6058 Coiéiin.
679 6010 848 6073 βοηθὸς
872 6010 1035 6072 ὅμοιος
1055 6000 1206 6076 αὖξῷ.

3425 346 3528 400 120

1853 460 1986 529 ἡμῖν
2034 460 2387 529 ὑπηρετεῖται
2441 457 2576 529 πρὸς
2621 457 2717 520 τὰς
2762 457 2856 511 τοῦ
2900 455 3148 528 σώματος
3177 455 3380 528 χρςίλς.
3420 462 3528 514 Καὶ

1851 545 1960 616 γάρ
1986 545 2056 597 τὰ
2091 544 2341 614 πρόϐατα
2382 544 2480 613 τὴν
2514 547 2579 596 ἐκ
2602 543 2696 595 τοῦ
2731 544 2881 614 ἐρίου
2916 546 3048 615 ἡμῖν
3087 547 3274 615 χρείαν
3300 547 3527 618 παρέχει

1850 633 1986 704 πρὸς
2012 632 2108 703 τὴν
2131 632 2240 683 τῶν
2259 630 2570 702 ἐνδυμάτων
2595 633 2960 702 κατασκευὴν,
2988 632 3082 684 καὶ
3112 633 3166 684 αί
3189 628 3344 700 αἶγες
3366 633 3528 688 πάλιν

1849 720 2109 784 ὡσαύτως
2144 721 2240 772 καὶ
2265 719 2362 790 τὴν
2393 720 2499 772 ἀπὸ
2528 719 2635 772 τῶν
2661 721 2863 789 τριχῶν
2894 721 3026 790 ἡμῖν
3055 719 3396 791 λειτουργίαν
3418 725 3530 775 είσ-

1848 808 2093 877 φέρουσι,
2119 808 2214 860 καὶ
2238 806 2337 877 τὴν
2361 807 2469 861 ἀπὸ
2493 807 2587 859 τοῦ
2617 807 2910 872 γάλακτος,
2945 808 3038 860 καὶ
3065 809 3225 878 έτερα
3257 810 3391 880 πρὸς
3410 828 3531 882 τρο-

1849 897 1954 968 φὴν
1981 899 2114 966 ἡμῖν
2137 896 2438 964 ἐπιτήδεια.
2466 895 2564 947 Ἰν’
2587 891 2682 948 οὖν
2715 896 2788 966 μή
2822 897 2949 966 περὶ
2971 895 3176 948 τούτων
3211 891 3349 950 εἶναι
3372 900 3528 969 νομί-

1849 1002 1948 1055 σῃς
1979 984 2042 1037 16
2073 982 2331 1051 ἀνωτέρω
2364 983 2484 1052 είρη
2495 981 2676 1052 μένον,
2710 983 2792 1035 ὃτι
2823 983 3175 1051 Ποιήσωμεν
3199 985 3359 1050 αὐτῷ
3383 987 3530 1052 ,ϐοη-

1847 1069 1974 1128 θὸν,
2007 1068 2097 1122 διὰ
2135 1067 2293 1121 τοῦτο
2333 1068 2429 1120 νῦν
2474 1067 2778 1136 ἀρχόμενος
2824 1065 2917 1118 τοῦ
2945 1065 3128 1133 λόγου,
3155 1067 3309 1136 φησὶ,
3351 1066 3434 1134 Τῷ
3461 1067 3528 1122 δέ

1860 1151 2029 1220 Ἀδὰμ
2055 1154 2167 1221 οὐχ
2196 1150 2408 1219 εὑρέθη
2433 1151 2664 1217 βοηθὸς
2691 1151 2892 1218 ὅμοιος
2922 1149 3102 1216 αὐτῷ·
3136 1152 3420 1222 μονονουχὶ
3446 1151 3528 1204 δι·

1845 1233 2061 1287 δάσκων
2097 1237 2242 1304 ἡμᾶς
2275 1237 2302 1287 6
2335 1233 2604 1304 μακάριος
2631 1234 2892 1303 Μωῦσῆς,
2928 1233 3020 1286 καὶ
3049 1232 3223 1286 ταῦτα
3257 1233 3430 1302 λέγων
3457 1235 3528 1287 τά

1849 1318 2090 1388 ῥήματα,
2132 1317 2212 1369 ὅτι
2255 1315 2428 1368 ταῦτα
2471 1316 2570 1386 μὲν
2601 1315 2815 1369 ἀπάντα
2845 1315 3120 1388 παρήχθη.
3152 1317 3245 1370 καὶ
3289 1317 3388 1380 τάς
3419 1317 3530 1370 τῶν

1845 1401 2127 1468 ὀνομάτων
2157 1398 2531 1471 προσηγορίας
2554 1398 2711 1450 ἔλαϐε
2743 1398 3000 1470 παράτοῦ
3032 1400 3219 1470 Ἀδάμ,
3248 1401 3362 1453 ἀλλ’
3378 1402 3528 1472 ὅμως

1844 1487 1998 1540 οὐδὲν
2041 1487 2192 1551 ἀξιον
2235 1485 2442 1539 τούτων
2488 1485 2652 1538 αὐτοῦ
2698 1485 2833 1556 πρὸς
2871 1485 3125 1557 βοήθειαν
3175 1488 3403 1560 ηὑρέθη.
3435 1491 3529 1542 Διὸ

1847 1570 2096 1641 βούλεται
2124 1572 2276 1640 ἡμᾶς
2308 1569 2516 1635 διδάξαι
2557 1568 2650 1621 τοῦ
2686 1569 2971 1640 μέλλοντος
3008 1571 3148 1636 ζώου
3178 1573 3526 1644 παράγεσθαι

1842 1655 1942 1726 τὴν
1969 1653 2282 1718 διάπλασιν,
2313 1654 2406 1706 καὶ
2438 1654 2518 1706 ὅτι
2545 1653 2704 1706 τοῦτο
2745 1653 2806 1706 16
2844 1654 3034 1724 μέλλον
3073 1656 3527 1726 δημιουργεῖσθαι

1844 1737 1982 1802 ζῶον
2007 1737 2164 1790 τοῦτό
2190 1739 2306 1790 ἐστι
2325 1736 2453 1808 περὶ
2477 1730 2537 1788 οὗ
2554 1735 2728 1804 ἔλεγε.
2755 1737 3108 1805 Ποιήσωμεν·
3126 1737 3478 1807 αὐτῷβοηθί
3489 1757 3530 1792 ν

1842 1825 1971 1876 κατ’
2003 1823 2214 1886 αὐτὸν,
2248 1823 2431 1892 ὅμοιον
2455 1821 2603 1892 αὑτῷ
2625 1838 2778 1891 φησι,
2807 1821 2907 1891 τῆς
2940 1822 3111 1892 αὐτῆς
3141 1822 3290 1893 αὐτῷ
3318 1824 3524 1888 οὐσίας,

1842 1907 1996 1972 ἀξιον
2016 1905 2204 1970 αὑτοῦ,
2238 1905 2405 1977 μηδὲν
2449 1905 2614 1958 αὑτοῦ
2640 1904 2980 1975 λειπόμενον·
3032 1907 3120 1961 διὰ
3145 1907 3303 1960 τοῦτο
3351 1908 3524 1976 ἔλεγε,

1847 1990 1932 2055 Τῷ
1950 1989 2018 2042 δὲ
2051 1989 2228 2058 Ἀδὰμ
2258 1991 2371 2058 οὐχ
2394 1989 2606 2056 εὑρέθη
2626 1990 2856 2054 ,βοηθὸς
2880 1987 3079 2056 ὅμοιος
3099 1989 3280 2056 αὐτῷ·
3312 1990 3526 2055 δεικνὺς

1840 2075 1973 2144 ἡμῖν
2005 2075 2034 2125 6
2077 2074 2346 2144 μακάριος
2382 2068 2557 2135 οὗτος,
2599 2069 2848 2138 ὃτιδσην
2883 2073 2947 2126 ἂν
2979 2073 3288 2144 παρέχηται
3332 2075 3524 2145 χρείαν

1841 2157 1971 2224 ἡμῖν
1999 2156 2133 2228 πρὸς
2161 2155 2464 2226 ὑπηρεσίαν
2485 2157 2642 2208 ταυτὶ
2666 2155 2733 2208 τά
2759 2156 2945 2223 ἄλογα,
2970 2156 3130 2226 ἑτέρα
3152 2157 3234 2220 τίς
3259 2160 3374 2211 ἐστι
3399 2159 3526 2229 βοή-

1843 2238 1963 2292 θεια
2009 2241 2103 2292 καὶ
2141 2239 2320 2309 πολλῴ
2360 2237 2438 2309 τῷ
2475 2240 2656 2310 μέτρῳ
2684 2239 3188 2310 ὑπερακοντίζουσα
3227 2241 3304 2311 τῷ
3355 2242 3527 2310 Ἀδὰμ

1841 2323 2192 2394 παρεχομένη
2226 2322 2376 2392 παρὰ
2409 2321 2507 2392 τῆς
2535 2323 2814 2390 γυναικός.

1913 2405 1977 2475 β’.
2008 2405 2160 2458 Ἐπεὶ
2185 2401 2278 2458 οὖν
2313 2405 2528 2458 πάντων
2561 2405 2951 2476 παραχθέντων
2975 2405 3081 2459 τῶν
3112 2405 3286 2470 ζώων,
3307 2407 3402 2461 καὶ
3427 2406 3526 2471 τὰς

1841 2486 2214 2558 προσηγορίας
2241 2483 2554 2554 δεξαμένων
2580 2485 2729 2554 παρὰ
2748 2484 2841 2537 τοῦ
2873 2486 3299 2556 πρωτοπλάστου
3327 2487 3526 2558 ἐπεζή-

1839 2582 1923 2618 τει
1971 2565 2061 2617 τὸν
2105 2565 2292 2634 ὅμοιον
2328 2563 2478 2633 αὐτῷ
2525 2562 2717 2634 βοηθὸν
2767 2567 2795 2617 ὀ
2829 2564 3210 2636 φιλάνθρωπος
3247 2568 3526 2638 Δεσπότης

1841 2647 2210 2715 παραγαγεῖν,
2243 2644 2271 2696 6
2298 2645 2476 2696 πάντα
2502 2644 2590 2696 διὰ
2619 2644 2711 2696 16v
2736 2643 3208 2714 δημιουργηθέντα
3246 2645 3336 2698 ὑπ’
3358 2645 3526 2698 αὑτοῦ

1840 2725 2162 2794 οἰκονομῶν,
2195 2723 2289 2776 καὶ
2321 2724 2501 2776 πᾶσαν
2536 2722 2636 2792 τήν
2672 2723 2850 2776 κτίσιν
2871 2722 3076 2794 ταύτην
3109 2724 3208 2794 τὴν
3237 2724 3527 2795 ὁρωμένην

1840 2804 1930 2858 διὰ
1962 2805 2149 2860 τοῦτον
2179 2802 2537 2873 παραγαγὼν,
2578 2803 2714 2874 μετά
2738 2803 2844 2856 τῶν
2875 2802 3022 2874 [H7]
3056 2804 3232 2858 ἄλλων
3265 2804 3526 2858 ἀπάντων

1843 2886 1942 2938 καὶ
1978 2883 2078 2956 τὴν
2111 2887 2344 2951 γυναῖκα
2369 2883 2710 2954 δημιουργεῖ.
2750 2883 2860 2936 Καὶ⁸
2894 2884 2997 2952 ὅρα
3027 2884 3142 2946 πῶς
3173 2884 3310 2953 μετά
3349 2885 3526 2954 ἀκρι-

1843 2961 1996 3023 ϐείας
2042 2963 2189 3033 ἡμᾶς
2245 2961 2485 3015 διδάσκει
2535 2962 2760 3030 καὶτῆς
2813 2961 3174 3033 δημιουργίας
3222 2964 3393 3034 αὐτῆς
3426 2963 3526 3035 τὴν

1842 3041 2151 3096 διάπλασιν.
2205 3041 2424 3112 Ἐπειδὴ
2473 3041 2584 3112 γὰρ
2639 3041 2879 3108 ἐδίδαξεν
2937 3043 3104 3112 ἡμᾶς,
3146 3044 3228 3096 ὅτι
3277 3044 3526 3113 βούλεται

1846 3119 2040 3191 βοηθὸν
2073 3121 2222 3191 αὑτῷ
2248 3124 2590 3192 παραγαγεῖν
2615 3121 2798 3190 ὅμοιον
2821 3120 2988 3191 αὐτῷ·
3017 3122 3111 3174 καὶ
3139 3123 3248 3193 γὰρ
3269 3124 3532 3194 ἀνωτέρω

1844 3202 2020 3269 ἔλεγε·
2058 3202 2412 3271 Ποιήσωμεν
2436 3201 2598 3266 αὐτῷ
2623 3201 2860 3268 βοηθὸν
2900 3201 3026 3254 κατ’
3061 3203 3269 3268 αὐτὸν,
3313 3205 3407 3257 καὶ
3440 3207 3528 3257 ἐν-

1844 3281 2019 3335 ταῦθά
2055 3298 2238 3351 φησιν,
2289 3283 2412 3348 Οὐχ
2458 3279 2672 3348 εὑρέθη
2709 3279 2941 3348 ,βοηθὸς
2981 3280 3184 3350 ὅμοιος
3225 3282 3406 3347 αὐτῷ·
3439 3283 3528 3336 διὰ

1843 3360 2004 3413 τοῦτο
2047 3363 2110 3413 ἐκ
2139 3361 2238 3431 τῆς
2273 3361 2464 3424 ούσίας
2497 3359 2664 3414 αὑτοῦ
2687 3359 2894 3430 ταύτης
2919 3360 3020 3432 τὴν
3043 3361 3330 3415 διάπλασιν
3359 3363 3528 3432 ἐργά-

1847 3443 2017 3505 ζεται,
2067 3442 2159 3495 καί
2191 3458 2344 3511 φησι·
2381 3440 2491 3494 Καὶ
2519 3440 2813 3494 ἐπέϐαλεν
2859 3443 2891 3492 ό
2921 3441 3065 3506 Θεὸς
3101 3440 3398 3494 ἔκστασιν
3427 3441 3527 3493 ἐπὶ

1844 3523 1954 3576 τὸν
1993 3521 2188 3590 Ἀδὰμ,
2220 3519 2318 3572 καὶ
2346 3519 2610 3571 ὕπνωσε·
2654 3519 2760 3571 Καὶ
2813 3519 2989 3571 ἔλαϐε
3015 3520 3167 3586 μίαν
3200 3517 3321 3572 τῶν
3350 3523 3532 3573 πλευ-

1840 3600 1968 3669 ρῶν
1996 3599 2203 3665 αὑτοῦ,
2232 3599 2330 3652 καὶ
2365 3599 2763 3665 ἀνεπλήρωσε
2795 3595 2993 3664 σάρκα
3023 3597 3152 3650 ἀντ’
3173 3596 3386 3663 αὐτῆς.
3419 3598 3530 3651 Kal

1834 3679 2198 3747 ιῲκοδόμησε
2232 3678 2450 3745 Κύριος
2484 3679 2518 3730 ό
2550 3677 2694 3741 Θεὸς
2731 3675 2846 3742 τὴν
2873 3677 3160 3743 πλειιριίν,
3199 3675 3280 3742 ’ἣν
3311 3678 3536 3730 ἔλαϐεν

1848 3757 1967 3814 ἀπὸ
1993 3757 2095 3810 τοῦ
2135 3756 2338 3826 Ἀδὰμ,
2360 3761 2450 3822 εὶς
2472 3756 2750 3824 γυναῖκα,
2783 3755 2879 3807 καὶ
2905 3754 3130 3824 ἤγαγεν
3155 3755 3352 3824 αὐτὴν
3377 3759 3530 3825 πρὸς

1846 3837 1954 3890 τὸν
1996 3835 2199 3905 Ἀδάμ.
2256 3836 2482 3903 Μεγάλη
2531 3832 2641 3885 τῶν
2691 3833 2998 3904 εἰρημένων
3057 3835 3092 3904 ή
3145 3833 3395 3905 δύναμις,
3432 3839 3528 3890 καὶ

1849 3916 2028 3969 πάντα
2079 3915 2338 3984 λογισμὸν
2375 3912 2716 3983 ἀνθρώπινον
2771 3913 3200 3983 ὑπερϐαίνουσα.
3251 3916 3386 3969 Οὐδὲ
3419 3917 3532 3987 γὰρ

1847 3995 2071 4050 δυνατὸν
2113 3995 2314 4064 ἑτέρως
2356 3995 2564 4046 τούτων
2613 3993 2857 4046 συνιέναι
2893 3993 2952 4044 16
2992 3993 3242 4061 μέγεθος,
3293 3995 3370 4068 μὴ
3417 3999 3530 4060 τοῖς

1847 4077 1946 4144 τῆς
1998 4075 2234 4137 πίστεως
2286 4072 2583 4143 ὀφθαλμοῖς
2631 4073 2846 4126 ἅπαντα
2890 4073 3350 4131 κατοπτεύσαντα.
3413 4079 3526 4131 Καὶ

1847 4154 2144 4209 ἐπέϐαλεν
2165 4157 2196 4206 ὸ
2221 4152 2388 4219 Θεὸς,
2420 4153 2606 4222 φησὶν,
2634 4150 2930 4205 ἔκστασιν
2944 4153 3039 4204 ἐπὶ
3071 4154 3178 4206 τὸν
3215 4155 3406 4223 Ἀδὰμ,
3427 4156 3528 4209 καὶ

1848 4234 2152 4287 ὕπνωσεν.
2187 4233 2330 4303 Ὅρα
2357 4230 2461 4302 τὴν
2486 4230 2772 4301 ἀκρίϐειαν
2794 4230 2892 4298 τῆς
2921 4230 3288 4296 διδασκαλίας.
3329 4235 3530 4304 Ἀμφόο

1847 4331 1982 4386 τερα
2009 4313 2252 4367 τέθεικεν
2287 4313 2315 4364 6
2352 4313 2620 4382 μακάριος
2639 4304 2794 4375 οὗτος
2823 4312 3133 4382 προφήτης,
3161 4313 3361 4383 μᾶλλον
3382 4315 3440 4367 δέ
3469 4316 3530 4368 τὸ

1849 4392 2075 4464 Πνεῦμα
2099 4393 2160 4446 16
2182 4392 2339 4460 ἆγιον
2364 4392 2451 4444 διὰ
2479 4393 2579 4462 τῆς
2597 4391 2786 4443 τούτου
2811 4389 3076 4460 γλώττης,
3107 4392 3359 4447 παιδεῦον
3380 4396 3532 4464 ἡμᾶς

1849 4474 1958 4526 τῶν
2011 4473 2396 4542 γεγενημένων
2439 4471 2536 4542 τὴν
2589 4471 2930 4525 ἀκολουθίαν.
2986 4471 3287 4538 Ἐπέϐαλε,
3343 4475 3529 4545 φησὶν,

1851 4553 2148 4606 ἔκστασιν
2177 4551 2272 4605 ἐπὶ
2305 4551 2413 4604 τὸν
2434 4551 2626 4617 Ἀδὰμ,
2655 4551 2752 4604 καὶ
2781 4549 3085 4604 ὕπνωσεν.
3111 4550 3248 4604 Οὔτε
3275 4552 3530 4613 ἔκστασις

1856 4632 2014 4702 μόνον
2037 4625 2104 4700 ἦν
2131 4629 2193 4682 16
2231 4629 2467 4698 συμϐάν,
2502 4628 2624 4681 οὔτε
2652 4627 2818 4692 ’ύπνος
2845 4629 2874 4681 6
2903 4629 3157 4698 συνήθης,
3184 4631 3312 4683 ἀλλ’
3345 4631 3534 4702 ἐπειδὴ

1850 4713 1880 4764 6
1905 4710 2066 4778 σοφὸς
2097 4710 2191 4763 καὶ
2212 4710 2521 4779 εὐμήχανος
2542 4711 2642 4779 τῆς
2669 4707 2943 4778 ἡμετέρας
2963 4708 3176 4774 φύσεως
3200 4711 3531 4780 δημιουργὸς

1853 4789 2077 4860 ἔμελλεν
2101 4789 2166 4840 ἐκ
2193 4789 2292 4858 τῆς
2322 4789 2562 4859 πλευρᾶς
2591 4786 2757 4839 αὐτοῦ
2789 4786 2919 4858 μίαν
2943 4788 3313 4860 ἀφαιρεῖσθαι,
3338 4789 3424 4842 ἵνα
3455 4791 3533 4859 μὴ

1853 4873 1885 4942 ή
1948 4869 2201 4939 αἴσθησις
2257 4867 2448 4937 ὀδύνην
2502 4866 2650 4937 αὑτῴ
2690 4867 3010 4938 ἐργάσηται,
3041 4869 3136 4921 καὶ
3181 4866 3317 4938 μετὰ
3357 4868 3531 4921 ταῦτα

1855 4950 1992 5021 πρὸς
2059 4949 2158 5018 τὴν
2222 4947 2281 5011 ἐξ
2339 4947 2554 5016 ἐκείνης
2617 4947 2717 5018 τῆς
2781 4947 3019 5018 πλευρᾶς
3068 4947 3532 5017 διαπλαττομένην

1855 5026 2110 5097 ἀπεχθῶς
2145 5025 2241 5096 ἔχῃ
2273 5029 2298 5058 ⁸
2331 5025 2656 5085 διακεῖσθαι,
2687 5027 2782 5080 καὶ
2829 5027 3030 5095 μισήσῃ
3064 5025 3126 5076 16
3163 5026 3535 5095 πλαττόμενον

1855 5105 1994 5171 ζῶον
2019 5107 2118 5177 τῆς
2158 5105 2348 5176 ὀδύνης
2387 5108 2753 5176 μεμνημένος,
2791 5105 2878 5157 διά
2913 5105 3069 5157 τοῦτο
3107 5104 3356 5158 τοσοῦτον
3381 5106 3536 5176 αὐτῷ

1857 5187 2022 5241 ὕπνον
2070 5190 2369 5256 ἐπήγαγεν,
2401 5186 2658 5241 ἔκστασιν
2688 5183 2984 5247 ἐπιϐαλὼν,
3015 5185 3110 5238 καὶ
3150 5183 3338 5257 ὥσπερ
3376 5187 3536 5258 κάρῳ

1855 5267 1965 5318 τινὶ
2017 5265 2425 5337 κατασχεθῆναι
2460 5264 2789 5336 προστάξας,
2830 5265 2918 5316 ἴνα
2966 5263 3236 5334 μηδεμίαν
3277 5264 3536 5335 αἴσθησιν

1856 5347 2076 5416 δέξηται
2103 5346 2196 5399 τοῦ
2222 5345 2530 5417 γινομένου,
2570 5345 2707 5398 ἀλλά
2731 5345 2983 5415 καθάπερ
3031 5344 3282 5414 τεχνίτης
3309 5344 3534 5414 ἀριστος

1857 5427 1954 5480 καὶ
1974 5425 2241 5496 ἀφέληται
2263 5427 2326 5480 16
2353 5423 2564 5488 δοκοῦν,
2591 5425 2687 5478 καὶ
2717 5422 3086 5495 ἀναπληρώσῃ
3122 5423 3183 5475 16
3213 5423 3536 5487 λεῖπον,καὶ

1857 5506 2000 5560 οὕτω
2037 5506 2098 5559 16
2132 5507 2334 5576 ληφθὲν
2369 5506 2748 5576 δημιουργήσῃ
2781 5505 2922 5558 κατὰ
2963 5503 3062 5574 τὴν
3101 5503 3310 5556 οἰκείαν
3343 5503 3534 5572 φιλαν-

1858 5587 2126 5659 θρωπίαν.
2197 5586 2482 5640 Ἐπέϐαλε
2523 5585 2652 5655 γὰρ,
2706 5586 2890 5655 φησὶν,
2931 5582 3226 5636 ἔκστασιν
3272 5583 3370 5636 ἐπὶ
3424 5585 3536 5637 τὸν

1871 5665 2075 5729 Ἀδὰμ,
2118 5666 2213 5719 καί
2247 5666 2510 5720 ὕπνωσε.
2550 5665 2660 5719 Καὶ
2701 5665 2880 5718 ἔλαϐε
2914 5665 3064 5733 μίαν
3091 5663 3209 5716 τῶν
3253 5661 3537 5730 πλευρῶν

1857 5745 2066 5807 αὐτοῦ,
2104 5744 2204 5798 καί
2247 5745 2642 5812 ἀνεπλήρωσε
2689 5743 2886 5812 σάρκα
2929 5744 3056 5796 ἀντ’
3089 5741 3298 5810 αὐτῆς·
3334 5743 3419 5795 ἴνα
3458 5743 3537 5815 μὴ

1863 5823 1962 5894 ἔχῃ
1998 5823 2135 5893 μετά
2170 5823 2269 5894 τὴν
2309 5822 2403 5876 τοῦ
2448 5823 2617 5876 ὕπνου
2669 5823 2985 5894 ἀπαλλαγὴν
3024 5823 3088 5874 ἐκ
3128 5821 3222 5874 τοῦ
3259 5820 3536 5885 λείποντος

1857 5903 2207 5957 αἰσθάνεσθαι
2229 5903 2322 5957 τοῦ
2353 5903 2742 5974 γεγενημένου.
2785 5904 2846 5955 Εἰ
2872 5904 2980 5974 γὰρ
3000 5904 3093 5956 καὶ
3119 5903 3175 5954 ἐν
3201 5901 3277 5972 τῷ
3303 5901 3401 5973 τῆς
3432 5904 3538 5970 ἀτρ-⁸

1924 6008 2158 6060 °Coislin.
2193 6011 2598 6074 διαπλαττομένην
2629 6011 2685 6058 τὸ
2722 6011 2842 6066 ζῶον
2874 6009 3090 6072 ἀπεχθῶς
3122 6007 3224 6070 ἔχῃ.
