4038 6394
202 410 387 471 postea
417 410 593 456 tamen
622 402 930 473 cogniturus
956 411 1092 459 erat.
1131 403 1313 474 Itaque
1368 414 1424 458 ut
1473 419 1539 459 ne
1566 403 1713 458 illum
1745 402 1800 457 in

204 491 504 547 auferendo
531 492 741 559 dolore,
769 509 940 563 neque
982 495 1052 548 ob
1094 494 1413 548 ablationem
1450 495 1662 549 tristitia
1685 493 1804 548 afﬁ-

203 593 368 642 ceret,
401 593 629 652 utraque
653 585 731 637 sic
757 585 1101 655 dispensavit,
1135 594 1191 639 ut
1236 593 1292 639 et
1334 585 1467 639 citra
1505 589 1799 640 cruciatum

203 674 349 726 illius
386 676 644 738 auferret,
675 683 730 728 et
778 672 996 744 impleto
1035 691 1101 730 eo
1149 675 1269 730 loco
1308 676 1449 730 unde
1484 676 1798 743 abstulerat,

202 766 468 820 [actorum
497 781 715 820 sensum
734 768 1009 836 percipere
1039 784 1145 822 non
1170 768 1391 822 sineret.
1439 766 1603 837 Igitur
1645 782 1803 823 acce-

204 866 350 924 ptam
379 856 519 909 hanc
543 865 745 910 costam
776 856 1057 911 :edilicavit
1089 857 1344 911 Dominus
1365 857 1506 912 Deus
1529 858 1581 911 in
1613 859 1804 913 mulie-

205 961 348 999 rem.
381 946 715 1001 Admirabile
770 948 1269 1013 dietum,nostram
1322 948 1583 1003 rationem
1637 948 1801 1002 nimia

206 1037 528 1091 excellentia
556 1038 797 1092 vincens.
857 1039 1133 1107 Ejusmodi
1164 1040 1307 1093 enim
1335 1047 1459 1093 sunt
1483 1040 1662 1093 omnia
1684 1054 1803 1109 quae

208 1122 345 1180 ﬁunt
369 1142 399 1181 a
424 1127 670 1183 Domino.
714 1127 858 1182 Istud
884 1130 1058 1195 enim,
1087 1144 1245 1197 quam
1268 1129 1541 1183 hominem
1558 1146 1587 1184 e
1611 1129 1804 1198 pulve-

208 1230 266 1272 re
298 1218 541 1283 formari,
575 1235 683 1272 non
727 1230 808 1274 est
839 1221 1035 1274 minus.
1079 1220 1146 1274 Et
1171 1219 1291 1274 vide
1318 1221 1509 1274 iterum
1537 1219 1807 1290 quomodo

208 1306 389 1363 divina
448 1309 725 1379 Scriptura
775 1311 955 1366 verbis
991 1320 1187 1366 nostra:
1238 1311 1532 1366 infirmitati
1588 1326 1808 1366 accom-

212 1402 387 1455 ntodis
418 1417 512 1455 usa
541 1403 630 1456 sit.
666 1400 729 1456 Et
756 1405 968 1472 accepit,
990 1404 1178 1473 inquit,
1198 1421 1349 1458 unam
1374 1415 1626 1458 costarum
1646 1404 1808 1459 illius.

285 1492 358 1548 Ut
380 1492 549 1548 Deum
576 1494 715 1548 decet
746 1499 853 1548 lucc
882 1495 1029 1549 verba
1060 1496 1420 1566 intelligenda;
1464 1495 1711 1550 Dominus
1763 1503 1813 1548 et

212 1586 351 1641 Deus
380 1588 447 1641 de
478 1587 634 1641 Patre
658 1598 705 1642 et
732 1587 1075 1643 Filia—Ne
1114 1589 1347 1643 humano
1388 1604 1539 1643 more
1584 1587 1813 1656 accipias

212 1690 334 1747 quae
352 1678 628 1745 dicuntur,
661 1680 754 1734 sed
781 1695 961 1734 crassa
1011 1680 1170 1735 verba
1197 1680 1442 1736 humana:
1464 1680 1812 1735 imbecillitati

212 1774 504 1825 convenire
534 1771 758 1841 cogites.
783 1770 916 1825 Nam
947 1772 1049 1825 nisi
1078 1771 1162 1825 his
1184 1772 1365 1826 verbis
1392 1770 1662 1840 Scriptura
1682 1770 1813 1824 fuis-

213 1876 297 1915 set
337 1876 456 1926 usa,
487 1862 758 1931 quomodo
786 1873 890 1917 tam
923 1878 1111 1918 arcana
1160 1864 1412 1932 mysteria
1461 1863 1668 1918 discere
1716 1878 1817 1932 po-

215 1954 548 2008 tuissemus?
576 1970 645 2010 ne
686 1956 847 2024 igitur
893 1956 1073 2011 verbis
1122 1965 1323 2011 multum
1371 1956 1567 2011 addicti
1624 1959 1813 2023 simus,

217 2044 311 2098 sed
353 2046 537 2098 omnia
581 2055 640 2099 ut
666 2060 763 2115 par
788 2056 871 2101 est
894 2047 962 2102 de
984 2048 1096 2103 Deo
1125 2048 1438 2103 sentiamus.
1466 2047 1814 2118 Quandoqui-

217 2135 336 2191 dem
376 2138 507 2191 dum
538 2138 754 2206 dicitur,
804 2141 1029 2211 Accepit,
1082 2150 1137 2195 et
1181 2142 1358 2195 omnia
1413 2143 1557 2206 talia,
1602 2149 1818 2211 propter

220 2238 460 2283 nostram
504 2229 870 2285 inﬁrmitatem
930 2234 1002 2285 ita
1053 2231 1195 2287 dicta
1242 2241 1385 2288 sunt.
1438 2232 1818 2287 Animadverte

222 2330 397 2393 autem
418 2321 695 2390 quomodo
722 2332 776 2377 et
798 2322 884 2377 hic
916 2322 1102 2378 eadem
1139 2338 1233 2380 usa
1271 2333 1355 2379 est
1395 2324 1821 2392 consuetudine,

223 2425 317 2479 qua
346 2425 536 2479 supra,
569 2426 691 2465 cum
737 2412 803 2467 de
844 2413 1011 2467 Adam
1039 2423 1238 2485 ageret.
1269 2413 1401 2468 Nam
1433 2425 1490 2470 ut
1515 2416 1584 2471 ibi
1610 2418 1820 2486 semel,

221 2516 282 2555 ac
300 2502 524 2567 iterum,
555 2512 607 2557 ct
634 2502 829 2573 smpiiis
848 2504 1001 2571 dixit,
1046 2504 1115 2558 Et
1144 2507 1336 2576 accepit
1385 2505 1636 2562 Dominus
1677 2508 1820 2566 Deus

224 2593 475 2647 hominem
500 2611 514 2648 :
549 2605 603 2649 et
634 2597 846 2660 iterum,
881 2596 947 2650 Et
970 2600 1206 2668 praecepit
1228 2598 1472 2654 Dominus
1498 2599 1636 2656 Deus
1659 2603 1785 2657 Adae
1802 2619 1822 2658 :

227 2695 277 2738 et
294 2685 513 2752 iterum,
540 2685 781 2756 Dixitque
798 2688 1046 2743 Dominus
1078 2689 1215 2745 Deus
1238 2708 1257 2745 :
1274 2690 1547 2747 Faciamus
1570 2695 1649 2748 illi
1669 2695 1822 2767 adju-

226 2785 381 2828 torem
408 2778 630 2831 similem
658 2780 736 2832 illi
762 2796 782 2834 :
812 2781 889 2834 sic
911 2789 966 2836 et
1008 2797 1149 2835 nunc
1190 2782 1380 2853 inquit,
1436 2782 1506 2838 Et
1552 2785 1822 2854 aediﬁcavit

226 2864 481 2920 Dominus
538 2867 677 2922 Deus
727 2879 937 2936 costam,
982 2888 1133 2940 quam
1182 2875 1374 2944 accepit
1424 2874 1488 2928 ab
1540 2874 1725 2943 Adam,
1770 2878 1823 2932 in

227 2959 525 3024 mulierem;
551 2969 602 3013 et
627 2962 783 3030 paulo
802 2963 1069 3032 superius,
1101 2963 1164 3017 Et
1184 2966 1392 3019 immisit
1414 2965 1661 3021 Dominus
1686 2967 1823 3023 Deus

226 3066 489 3103 excessum
537 3052 591 3104 in
630 3052 834 3106 Adam:
863 3063 920 3106 ut
959 3053 1135 3109 discas
1183 3056 1380 3110 nullam
1413 3057 1582 3113 Patris
1611 3068 1665 3112 et
1702 3058 1823 3113 Filii

227 3140 596 3195 diversitatem
635 3141 733 3196 has
770 3144 1029 3199 dictiones
1068 3145 1302 3201 indicare
1336 3164 1348 3200 :
1379 3148 1502 3217 quia
1551 3148 1825 3219 utriusque

227 3242 313 3287 est
358 3248 463 3288 una
522 3235 790 3300 essentia,
846 3234 1302 3292 indiscriminatim
1366 3238 1668 3294 nominibus
1711 3239 1825 3294 istis

228 3328 504 3398 Scriptura
532 3328 723 3382 utitur.
748 3328 885 3383 Ecce
923 3329 1082 3399 igitur
1106 3338 1163 3385 et
1188 3328 1325 3385 hanc
1345 3330 1782 3386 consuetudinem
1807 3372 1824 3398 ,

228 3435 356 3477 eum
395 3422 468 3477 de
511 3422 832 3478 formatione
858 3426 1099 3481 mulieris
1134 3427 1263 3497 agit,
1288 3423 1531 3480 similiter
1555 3424 1825 3496 servavit,

228 3515 461 3571 dicens:
496 3514 562 3569 Et
600 3516 872 3583 aediﬁcavit
919 3515 1172 3573 Dominus
1217 3518 1358 3574 Deus
1415 3526 1629 3584 costam,
1674 3532 1827 3587 quam

228 3604 423 3671 accepit
450 3602 516 3654 ab
557 3602 741 3666 Adam,
780 3603 834 3655 in
874 3603 1155 3658 mulierem.
1192 3604 1329 3672 Quid
1357 3622 1487 3678 ergo
1523 3610 1610 3665 hic
1648 3610 1829 3665 dicent

229 3691 472 3749 lueretlci
498 3738 513 3761 ,
545 3694 634 3764 qui
660 3694 836 3748 omnia
865 3695 1133 3752 curiosius
1174 3698 1459 3769 explorare
1510 3704 1716 3768 volunt,
1772 3715 1829 3761 et

224 3785 541 3841 Conditoris
568 3787 805 3841 omnium
841 3787 1243 3857 generationem
1271 3792 1742 3862 comprehendisse
1765 3812 1827 3852 se

227 3880 457 3948 putant?
487 3880 620 3947 Quis
645 3894 824 3935 sermo
847 3880 948 3936 hoc
971 3882 1241 3952 esplicare
1276 3885 1507 3952 poterit?
1533 3900 1649 3955 quae
1676 3902 1828 3942 mens

225 3966 733 4040 enmprehendere?
777 3971 948 4028 Unam
992 3983 1234 4042 costam,
1271 3974 1461 4045 inquit,
1489 3979 1725 4047 accepit;
1775 3989 1831 4035 ct

230 4057 506 4126 quomodo
537 4075 601 4114 ex
648 4060 749 4116 hac
774 4063 928 4117 unica
953 4074 1099 4119 costa
1124 4073 1290 4121 totum
1326 4070 1522 4123 animal
1543 4069 1829 4127 formavit?

230 4147 301 4202 Et
328 4148 459 4219 quid
486 4149 633 4216 dico,
662 4153 930 4222 quomodo
953 4170 1017 4210 ex
1046 4156 1146 4211 hac
1186 4173 1288 4212 una
1315 4160 1513 4214 animal
1534 4160 1829 4218 formavit?

231 4238 360 4306 Dic,
393 4240 645 4307 obsecro,
675 4245 942 4314 quomodo
974 4247 1170 4303 ablatio
1221 4249 1357 4305 facta
1400 4254 1517 4306 est?
1560 4254 1830 4322 quomodo

230 4331 426 4399 Adam,
471 4349 596 4387 cum
636 4335 936 4392 auferretur
973 4348 1144 4405 costa,
1196 4357 1302 4396 non
1344 4344 1668 4401 sensit?Sed
1700 4346 1830 4404 nihil

230 4422 425 4479 horum
446 4426 636 4483 dicere
668 4430 869 4500 poteris
900 4446 1076 4487 :unus
1112 4433 1255 4489 enim
1308 4444 1512 4493 tantum
1562 4439 1683 4504 scit,
1706 4469 1715 4476 -
1739 4441 1828 4510 qui

230 4524 315 4569 est
333 4517 451 4585 ipse
478 4516 760 4574 Conditor.
789 4520 941 4588 Quod
968 4523 1013 4576 si
1045 4523 1159 4579 haec
1183 4541 1302 4595 qua:
1327 4528 1378 4581 in
1410 4529 1654 4585 manibus
1682 4540 1826 4599 sunt,

228 4614 286 4660 et
312 4608 567 4662 animalis
591 4609 736 4665 illius
754 4611 895 4680 quod
923 4613 1078 4669 nobis
1098 4629 1260 4670 carne
1284 4628 1565 4688 cognatum
1600 4628 1685 4675 est
1722 4622 1831 4675 for-

230 4699 528 4754 mationem
578 4717 686 4756 non
736 4699 1495 4779 comprehendimus;’quanti
1544 4712 1720 4767 delirii
1775 4723 1830 4769 et

232 4791 487 4845 amentiae
515 4790 679 4847 fuerit
708 4794 969 4851 curiosius
992 4797 1261 4868 inquirere
1286 4814 1405 4870 qua:
1438 4802 1602 4871 ipsius
1629 4804 1830 4859 Condi-

231 4882 363 4936 toris
391 4892 543 4947 sunt,
575 4892 630 4939 et
655 4884 833 4941 dicere
858 4902 917 4943 se
952 4888 1039 4942 illa
1066 4891 1544 4960 comprehendere,
1599 4909 1826 4964 quorum

230 4988 407 5044 neque
438 4975 769 5047 incorporeae
790 4988 844 5033 et
863 4979 1058 5035 divinae
1079 4983 1300 5037 virtutes
1322 4983 1521 5053 justam
1549 4986 1826 5041 scientiam

228 5063 453 5130 habent,
484 5066 582 5122 sed
604 5084 725 5123 cum
772 5070 963 5127 timore
989 5080 1044 5127 et
1087 5081 1318 5131 tremore
1344 5075 1399 5131 in
1426 5075 1634 5132 assidua
1660 5079 1830 5150 gloria

226 5158 479 5212 ticatione
524 5163 905 5229 perseverant?

300 5253 356 5306 5.
384 5251 454 5305 Et
476 5252 749 5320 mdi/icavit
777 5253 1023 5310 Dominus
1048 5256 1187 5312 Deus
1212 5268 1425 5327 costam,
1460 5276 1610 5328 quam
1635 5262 1828 5332 accepit

225 5344 291 5395 ab
343 5344 532 5409 Adam,
560 5345 616 5397 in
664 5347 946 5402 mulierem.
981 5348 1111 5403 Vide
1155 5348 1444 5420 Scriptura:
1476 5352 1826 5422 diligentiam.

226 5434 346 5489 Non
375 5436 520 5489 enim
537 5435 647 5506 jam
674 5437 824 5503 dicit,
853 5440 1142 5507 Formavit,
1176 5440 1292 5506 sed,
1326 5440 1630 5513 ZEdiﬁcavit
1657 5460 1678 5498 :
1703 5446 1825 5515 quia

225 5541 294 5582 ex
309 5527 425 5597 jam
454 5526 684 5583 formato
708 5538 910 5601 partem
938 5533 1162 5601 accepit,
1213 5542 1268 5587 et
1304 5536 1455 5603 quasi
1483 5534 1684 5591 diceret
1730 5537 1828 5592 ali-

225 5622 371 5689 quis,
431 5621 574 5691 quod
626 5622 812 5677 deerat
857 5623 1023 5680 dedit.
1080 5625 1204 5680 Ideo
1254 5625 1401 5693 dicit,
1436 5625 1500 5680 Et
1520 5628 1829 5697 aediﬁcavit:

228 5729 335 5768 non
382 5712 544 5768 aliam
604 5712 974 5772 formationem
1026 5715 1169 5787 fecit,
1222 5716 1319 5774 sed
1357 5733 1512 5777 exeo
1551 5720 1691 5792 quod
1712 5720 1824 5793 jam

1314 289 1380 348 IN
1418 289 1651 349 CAPJI.
1691 286 1940 346 GENES.
1984 288 2218 345 IlOMlL.
2262 290 2376 346 XV.

3391 290 3491 346 122

1908 400 2193 475 formatum
2234 412 2370 467 erat,
2412 412 2626 473 accepta
2671 403 3003 475 portiuncula
3054 403 3303 475 quadam,
3356 406 3492 459 hanc

1909 504 2114 563 partem
2141 494 2442 558 aediﬁcavit,
2471 504 2524 549 et
2547 494 2836 565 perfectum
2882 496 3010 551 fecit
3038 498 3253 551 animal.
3285 497 3492 564 Quanta

1907 587 2095 653 optimi
2142 586 2415 641 architecti
2471 587 2565 640 Dei
2612 589 2870 658 potentia,
2899 604 3017 657 quae
3044 604 3111 642 ex
3145 588 3343 642 tantilla
3373 604 3498 652 parv

1912 675 2070 730 ticula
2124 683 2202 729 tot
2251 686 2306 730 et
2353 689 2458 730 tam
2513 678 2773 747 elegantia
2827 678 3063 731 membra
3118 673 3499 730 concinnavit»

1913 775 2088 821 tantos
2124 767 2371 821 formavit
2420 782 2637 834 sensus,
2665 783 2729 822 ac
2766 769 3080 836 perfectum,
3113 768 3395 837 integrum,
3442 777 3498 819 et

1911 859 2216 914 absolutum
2263 859 2460 914 animal
2489 859 2634 924 fecit,
2685 859 2827 929 quod
2870 860 3038 928 possit
3061 868 3117 912 et
3144 858 3397 929 colloqui,
3445 868 3499 912 et
3537 873 3540 877 ‘

1912 950 2288 1004 communione
2333 950 2645 1004 substantias
2687 950 2804 1003 viro
2841 951 3004 1003 multa
3050 949 3250 1012 alferrc,
3279 950 3496 1004 solatia!

1913 1036 2045 1093 Nam
2072 1039 2139 1093 ad
2164 1040 2280 1107 ejus
2300 1040 2719 1094 consolationem
2748 1040 3059 1093 animalhoc
3088 1038 3369 1094 formatum
3394 1049 3497 1094 est.

1917 1130 2069 1186 Unde
2089 1141 2144 1186 et
2163 1132 2356 1186 Paulus
2385 1131 2639 1186 dicebat:
2674 1130 2798 1185 Non
2843 1132 2979 1186 enim
3020 1136 3268 1203 formatus
3311 1142 3385 1185 est
3428 1132 3501 1185 uir

1914 1232 2122 1294 propter
2173 1224 2453 1289 mulierem,
2475 1222 2565 1277 sed
2596 1223 2775 1276 mulier
2812 1232 3019 1293 propter
3048 1224 3209 1276 virum
3251 1224 3342 1293 (1.
3373 1222 3491 1277 Cor.

1917 1314 2004 1367 Η.
2033 1311 2122 1378 9).
2157 1312 2320 1368 Vides
2361 1312 2630 1384 quomodo
2652 1313 2830 1367 omnia
2858 1326 3076 1383 prepter
3118 1315 3288 1368 virum
3335 1312 3504 1368 fiant?

1915 1401 2137 1458 Condita
2166 1402 2306 1457 enim
2336 1414 2602 1468 creatura,
2638 1403 2911 1473 productis
2936 1403 3125 1469 brutis,
3179 1413 3235 1457 et
3283 1404 3405 1463 cibo
3450 1415 3505 1457 et

1918 1495 2213 1551 ministerio
2252 1496 2486 1561 utilibus,
2542 1498 2666 1566 quia
2714 1495 2975 1550 formatus
3020 1495 3181 1549 homo
3226 1495 3499 1565 indigebat

1916 1587 2093 1657 aliquo
2120 1585 2538 1649 c0nfahulatore,
2571 1595 2624 1640 et
2672 1600 2739 1641 eo
2785 1586 2874 1656 qui
2918 1587 3185 1657 particeps
3226 1586 3345 1656 ejus
3369 1587 3500 1639 sub-

1917 1678 2128 1733 stantia:
2172 1679 2397 1733 multum
2436 1678 2608 1732 solatii
2630 1677 2823 1733 aﬂ'erre
2845 1687 3045 1749 posset,
3078 1678 3197 1733 ideo
3242 1693 3309 1732 ex
3336 1678 3505 1732 latere

1918 1769 2058 1824 illius
2082 1769 2183 1824 hoc
2213 1770 2470 1824 rationale
2493 1770 2693 1824 animal
2737 1769 2953 1836 format,
2994 1778 3048 1825 et
3084 1768 3374 1824 secundum
3426 1767 3509 1822 in-

1918 1860 2176 1915 dustriam
2203 1876 2354 1915 suam
2376 1869 2432 1916 et
2456 1861 2768 1931 sapientiam
2798 1860 3091 1930 perfectum
3121 1870 3176 1916 et
3203 1861 3506 1915 absolutmn

1921 1951 2022 2007 hoc
2046 1951 2193 2019 facit,
2218 1968 2313 2023 per
2340 1953 2517 2007 omnia
2548 1953 2745 2006 homini
2775 1953 2970 2021 simile,
3012 1952 3065 2007 id
3086 1962 3189 2017 est,
3220 1952 3503 2010 rationale.

1920 2043 2060 2113 quod
2096 2044 2145 2098 ei
2201 2053 2380 2112 posset
2425 2044 2477 2098 in
2506 2044 2912 2100 necessitatibus
2941 2052 2997 2098 et
3022 2043 3321 2099 commodis
3352 2044 3510 2113 hujus

1923 2136 2044 2188 vitae
2089 2134 2327 2190 subsidio
2353 2149 2493 2190 esse.
2527 2136 2671 2190 Deus
2721 2136 2863 2191 enim
2894 2148 3033 2203 erat,
3078 2138 3167 2207 qui
3209 2138 3387 2205 omnia
3425 2151 3514 2189 sa-

1922 2226 2087 2296 pienti
2116 2226 2345 2296 quadam
2399 2228 2608 2281 ratione
2650 2228 2889 2282 condidit
2929 2237 2984 2283 et
3022 2229 3348 2283 moderatur.
3396 2228 3510 2282 Etsi

1922 2318 2067 2373 enim
2115 2332 2217 2373 nos
2258 2318 2349 2389 qui
2398 2327 2506 2373 tam
2552 2319 2802 2375 imbecilli
2848 2329 3027 2375 mente
3056 2336 3261 2384 sumus,
3293 2321 3509 2375 modum

1923 2424 2030 2479 quo
2053 2407 2189 2463 facta
2216 2417 2341 2463 sunt
2366 2410 2505 2463 scire
2536 2425 2642 2463 non
2675 2424 2976 2479 possumus.
3020 2411 3287 2465 credimus
3333 2421 3509 2465 tamen

1926 2501 2185 2556 voluntati
2227 2502 2367 2555 illius
2413 2501 2591 2556 omnia
2629 2504 2876 2569 cessisse,
2909 2512 2965 2557 et
2997 2502 3249 2573 quidquid
3280 2504 3511 2572 impera-

1922 2596 2021 2661 vit,
2063 2593 2262 2649 factum
2309 2608 2450 2650 esse.
2498 2594 2588 2650 22.
2622 2595 2691 2649 Et
2711 2596 2999 2665 aediﬁcavit,
3048 2596 3237 2667 inquit,
3268 2596 3514 2650 Dominus

1926 2685 2063 2739 Deus
2075 2696 2285 2753 costam,
2307 2704 2456 2757 quam
2476 2687 2664 2758 accepit
2690 2691 2752 2740 ab
2775 2687 2960 2754 Adam,
2978 2687 3031 2741 in
3051 2689 3341 2742 mulierem:
3354 2700 3399 2741 et
3414 2690 3509 2741 ad-

1926 2778 2069 2832 duxit
2091 2778 2231 2831 illam
2250 2778 2317 2831 ad
2339 2778 2503 2831 Adam
2523 2793 2542 2832 :
2558 2779 2846 2832 ostendens
2874 2794 2932 2833 se
2952 2789 3166 2849 propter
3183 2780 3331 2833 illum
3358 2780 3515 2833 istam

1926 2870 2250 2935 condidisse,
2281 2870 2500 2925 adduxit
2525 2871 2667 2924 illam
2693 2871 2758 2924 ad
2796 2871 2984 2925 Adam.
3014 2871 3275 2937 Quoniam
3314 2871 3513 2949 nullus,

1928 2963 2120 3032 inquit,
2154 2962 2205 3017 in
2237 2963 2483 3017 omnibus
2507 2963 2623 3018 aliis
2651 2962 2864 3031 adjutor
2900 2962 2993 3017 tibi
3034 2958 3283 3017 inventus
3319 2971 3401 3017 est
3442 2964 3517 3016 si—

1928 3052 2088 3119 milis,
2141 3068 2268 3108 ecce
2314 3053 2415 3108 hoc
2461 3052 2601 3124 quod
2635 3054 2924 3124 pollicebar
2964 3052 3219 3126 (promisi
3247 3054 3388 3109 enim
3422 3054 3515 3109 tibi

1927 3144 2191 3201 facturum
2222 3161 2308 3200 me
2333 3146 2630 3216 adjutorem
2677 3145 2907 3201 similem
2952 3144 3106 3217 tibi),
3151 3161 3293 3200 nunc
3344 3146 3518 3215 perfe-

1928 3245 2073 3290 ctum
2130 3236 2280 3292 trado
2322 3238 2436 3292 tibi.
2464 3238 2691 3291 Adduxit
2710 3236 2878 3305 illam,
2908 3237 3098 3308 inquit,
3125 3237 3193 3290 ad
3216 3237 3401 3290 Adam.
3422 3236 3515 3291 25.

1930 3325 1999 3380 Et
2026 3327 2153 3381 dixit
2182 3329 2367 3396 Adam,
2400 3328 2511 3383 Hoc
2534 3346 2664 3383 nunc
2684 3345 2741 3384 os
2768 3345 2832 3385 es:
2857 3329 3053 3384 ossibus
3078 3331 3283 3397 meis,et
3319 3346 3437 3384 caro
3455 3345 3519 3383 ex

1928 3435 2081 3472 σαι-ηε
2100 3436 2231 3473 mea.

1999 3510 2165 3565 Adam
2213 3512 2559 3583 propheticum
2607 3513 2825 3583 gratiam
2862 3514 3073 3579 accepit.
3117 3542 3189 3553 —
3228 3511 3361 3568 Vide
3396 3512 3513 3577 hic,

1930 3616 2134 3670 qumso,
2174 3602 2442 3671 quomodo
2471 3618 2591 3658 cum
2640 3602 2889 3657 ineffabili
2931 3602 3021 3657 illa
3050 3602 3331 3673 sapientia,
3360 3604 3457 3657 sibi
3484 3618 3517 3657 a

1935 3692 2044 3746 Deo
2095 3694 2462 3763 suppeditata,
2513 3694 2667 3763 cujus
2716 3694 2870 3748 nobis
2913 3694 3107 3749 indicia
3155 3693 3518 3749 demonstrata

1932 3795 2057 3840 sunt
2086 3801 2181 3856 per
2217 3787 2492 3841 nominum
2540 3787 2962 3856 impositionem,
2991 3803 3110 3857 qua:
3139 3796 3216 3841 tot
3242 3787 3519 3841 brutorum

1932 3876 2241 3929 animalium
2263 3876 2550 3946 generibus
2578 3877 2788 3943 indidit,
2809 3878 2971 3933 etiam
3000 3877 3364 3947 pr0pheticam
3393 3892 3517 3946 gra-

1934 3970 2061 4023 tiam
2106 3968 2317 4036 accipit.
2344 3967 2476 4022 Nam
2518 3967 2717 4023 idcirco
2762 3978 2920 4025 antea
2961 3969 3143 4023 docuit
3194 3983 3293 4023 nos
3332 3970 3520 4023 beatus

1934 4060 2024 4116 ille
2050 4062 2329 4131 propheta,
2361 4076 2483 4116 eum
2530 4071 2586 4116 et
2628 4076 2839 4124 somno,
2870 4068 2926 4115 et
2968 4059 3167 4115 exstasi
3213 4071 3517 4128 correptum

1933 4151 2140 4208 fuisse:
2185 4156 2254 4208 ita
2312 4163 2369 4208 ut
2414 4169 2482 4208 ne
2511 4168 2727 4208 sensum
2757 4152 2971 4223 quidem
3012 4151 3174 4205 ullum
3218 4150 3333 4219 ejus
3379 4151 3521 4218 quod

1934 4243 2096 4300 ﬁehat
2125 4245 2424 4315 perciperet
2449 4264 2461 4300 :
2490 4253 2547 4299 ut
2584 4259 2705 4299 cum
2738 4257 2880 4298 nunc
2905 4243 3087 4307 discis,
3117 4257 3239 4296 eum
3261 4242 3372 4294 visa
3404 4257 3523 4294 mu-

1934 4337 2064 4393 liere
2113 4338 2395 4409 diligenter
2423 4338 2563 4407 quod
2605 4336 2801 4391 factum
2850 4343 2967 4390 erat
3010 4350 3282 4401 enarrare,
3332 4335 3523 4389 credas

1934 4438 2102 4497 certo,
2143 4444 2265 4483 eum
2310 4438 2527 4498 accepta
2577 4427 2884 4499 prophetica
2938 4429 3140 4498 gratia,
3192 4436 3247 4481 et
3288 4428 3518 4497 Spiritus

1933 4525 2102 4580 sancti
2132 4524 2374 4579 doctrina
2401 4524 2636 4579 afﬂatum
2677 4524 2791 4578 ιιωο
2813 4523 2977 4594 loqui.
3014 4523 3222 4593 Quippe
3244 4537 3365 4576 cum
3388 4521 3520 4575 nitnl

1934 4617 2003 4671 de
2060 4617 2124 4671 iis
2167 4632 2286 4687 qua:
2329 4616 2462 4670 facta
2494 4626 2649 4671 erant
2682 4616 2863 4681 sciret,
2891 4624 3174 4687 postquam
3218 4616 3357 4669 Deus
3384 4615 3522 4669 hanc

1935 4708 2013 4764 illi
2042 4708 2281 4775 adduxit,
2313 4708 2502 4779 inquit,
2533 4707 2648 4762 Hoc
2673 4724 2806 4762 nunc
2850 4725 2907 4762 os
2950 4724 3012 4761 ex
3038 4707 3232 4761 ossibus
3282 4706 3425 4771 meis,
3474 4713 3522 4760 et

1933 4815 2051 4853 caro
2081 4816 2144 4854 ea:
2176 4816 2329 4854 carne
2376 4816 2509 4854 mea.
2537 4800 2689 4855 Alius
2714 4814 2843 4854 vero
2877 4799 3090 4869 quidam
3122 4798 3384 4866 interpres
3406 4792 3481 4867 (a)
3501 4834 3520 4860 ,

1934 4908 2031 4963 pro
2059 4890 2232 4957 Nunc,
2260 4892 2418 4947 vertit
2445 4890 2559 4946 Hoc
2592 4891 2764 4957 semel,
2802 4890 3081 4954 declarans
3105 4889 3271 4943 semel
3309 4895 3520 4941 tantum

1933 4984 2036 5040 hoc
2057 4984 2251 5039 factum
2275 5000 2415 5052 esse,
2460 5001 2633 5055 neque
2656 4985 2792 5039 ultra
2819 4983 2933 5037 fore
2959 4982 3117 5037 talem
3148 4981 3383 5035 mulieris
3405 4979 3519 5034 for-

1933 5077 2242 5131 mationem.
2270 5076 2455 5141 Nunc,
2498 5077 2686 5147 inquit,
2727 5075 2861 5129 facta
2904 5083 2988 5128 est
3026 5089 3092 5127 ex
3138 5074 3254 5126 viro
3283 5072 3516 5138 mulier,

1934 5170 2156 5241 posthac
2206 5186 2312 5224 non
2365 5170 2444 5225 sic
2471 5169 2594 5236 erit,
2646 5168 2737 5223 sed
2777 5182 2844 5222 ex
2874 5166 3093 5220 muliere
3127 5167 3239 5229 vir;
3273 5166 3379 5219 imo
3410 5181 3515 5219 non

1936 5276 2001 5316 ex
2042 5260 2285 5327 muliere,
2332 5259 2427 5315 sed
2457 5275 2520 5314 ex
2567 5259 2841 5327 utriusque
2866 5256 3271 5325 cooperatione;
3301 5256 3435 5309 sicut
3463 5265 3519 5309 et

1936 5352 2128 5408 Paulus
2149 5352 2319 5422 inquit
2342 5368 2356 5405 :
2388 5350 2509 5405 Non
2540 5360 2612 5405 est
2640 5350 2772 5403 enim
2795 5348 2868 5402 vir
2893 5365 2954 5402 ex
2974 5347 3202 5413 muliere,
3227 5348 3317 5401 sed
3337 5348 3517 5400 mulier

1932 5462 1996 5500 ea:
2032 5446 2136 5499 viro
2164 5460 2183 5499 :
2203 5453 2249 5499 et
2277 5460 2378 5498 non
2406 5442 2637 5497 conditus
2662 5450 2735 5495 est
2774 5442 2848 5495 vir
2874 5450 3078 5511 prapter
3106 5441 3363 5493 mulierem
3381 5480 3396 5503 ,
3428 5437 3515 5491 sed

2005 5595 2077 5659 (a)
2103 5592 2209 5642 Non
2235 5604 2361 5639 unus
2386 5594 2593 5647 tantum,
2613 5588 2702 5636 sed
2722 5586 2820 5636 duo
2845 5591 2963 5635 sunt
2982 5586 3300 5659 interpretes,
3319 5587 3404 5642 qut
3427 5594 3510 5628 vo-

1943 5656 2026 5711 ces
2046 5665 2212 5718 DYD‘t
2238 5663 2328 5713 n'n
2364 5659 2707 5723 vertunt,_hoc
2738 5660 2882 5723 semet
2921 5656 3083 5723 (τοῦτςρ
3123 5656 3301 5723 anas);
3335 5664 3516 5723 nempe

1914 5764 1917 5765 ν
1943 5717 2267 5786 Symmachus
2288 5728 2343 5771 et
2366 5720 2657 5784 Theodotio,
2686 5728 2740 5771 ut
2764 5717 2934 5770 videas
2952 5719 3001 5768 iu
3038 5717 3280 5777 Hexaplis
3313 5717 3511 5762 nostris.
