4038 6394
543 312 641 367 123

538 426 720 477 mulier
745 429 947 489 propter
995 418 1153 470 virum
1199 416 1288 487 (Ι.
1323 417 1438 470 Cor.
1471 418 1556 470 ll.
1588 417 1639 471 8.
1689 416 1784 485 9).
1830 417 1899 467 At
1948 413 2131 474 isthmc

544 519 675 586 ipsa,
702 515 842 569 dicet
867 513 1078 581 aliquis,
1122 527 1240 581 quae
1270 511 1409 564 dicta
1439 521 1581 571 sunt,
1611 510 1901 563 ostendunt
1938 507 2130 560 mulie-

539 626 651 663 vctu
674 625 738 662 ex
762 609 875 660 viro
905 607 1091 661 factam
1120 621 1259 659 esse.
1299 606 1493 658 Verum
1522 611 1795 672 exspecta,
1841 611 1895 656 et
1930 600 2132 654 videbis

542 710 839 754 accuratam
897 697 1193 751 doctrinam
1241 712 1400 765 quam
1443 695 1678 764 subjicit.
1728 694 1867 747 Dicit
1916 693 2057 746 enim
2116 709 2127 743 :

549 792 900 844 Verumtamen
926 805 1083 858 neque
1116 790 1191 841 vir
1214 789 1322 841 sine
1348 788 1578 851 muliere,
1611 801 1773 855 neque
1810 785 1993 837 mulier
2026 784 2133 837 sine

544 886 647 935 viro
688 881 857 952 (Ibid.
906 897 955 933 v.
981 883 1036 935 tl
1069 880 1086 950 )
1116 898 1126 931 :
1157 895 1261 949 quo
1303 879 1459 933 docet
1494 893 1591 932 nos
1624 887 1804 946 pestea
1856 877 2133 943 utriusque

539 987 847 1043 congressu,
873 980 1217 1041 utrorumque
1248 979 1301 1025 et
1325 970 1419 1023 viri
1452 977 1506 1022 et
1531 969 1768 1022 mulieris
1795 966 2131 1020 constitutio-

541 1081 664 1120 nem
714 1079 851 1118 esse.
883 1062 1086 1117 Idcirco
1114 1073 1167 1116 ct
1197 1062 1365 1116 Adam
1395 1060 1605 1114 dicebat
1631 1078 1643 1113 :
1678 1058 1790 1112 Iloc
1815 1075 1947 1111 nunc
1981 1073 2037 1111 os
2071 1074 2133 1110 ea:

539 1158 734 1213 Ossibus
751 1158 892 1219 meis,
925 1165 969 1209 et
996 1173 1115 1208 caro
1144 1171 1207 1208 ea:
1240 1170 1392 1207 carne
1427 1169 1557 1205 mea.

609 1250 661 1303 4.
699 1249 899 1301 Deinde
941 1256 998 1299 ut
1027 1248 1167 1301 scias
1207 1246 1364 1312 hujus
1409 1244 1701 1315 prephetire
1729 1242 2128 1307 certitutliucm,

536 1353 588 1394 ct
618 1342 885 1411 quomodo
913 1342 963 1394 in
990 1342 1128 1393 hunc
1150 1340 1289 1394 diem
1318 1349 1370 1392 et
1396 1353 1563 1407 usque
1599 1337 1664 1391 ad
1710 1335 2130 1390 consummatio-

539 1455 659 1490 nr-m
676 1437 963 1501 all‘nlgcant
977 1436 1114 1490 illius
1131 1435 1292 1489 dicta.
1311 1434 1429 1487 audi
1447 1432 1745 1503 sequentia.
1759 1432 1848 1485 25.
1866 1430 1973 1483 Ista
1986 1445 2131 1482 voca-

538 1532 668 1582 bftttr
690 1530 889 1592 mulier,
921 1529 1109 1597 iuqttit,
1134 1528 1250 1596 quia
1278 1544 1339 1579 ea:
1367 1528 1470 1578 viro
1497 1542 1587 1577 suo
1639 1534 1840 1593 sumpta
1878 1533 1951 1575 est
1996 1524 2126 1590 ipsa.

538 1622 628 1673 ‘Zt.
667 1620 882 1689 l’mpler
911 1621 1005 1673 ltoc
1034 1619 1341 1687 derelinquet
1372 1619 1519 1670 homo
1546 1626 1736 1686 patrem
1756 1631 1921 1679 suum,
1952 1625 1998 1667 et
2024 1629 2133 1664 ma-

542 1721 665 1764 trem
692 1728 856 1776 suam,
883 1722 927 1764 et
955 1710 1228 1763 adluerebit
1269 1708 1415 1762 ua‘ori
1460 1723 1584 1771 sate,
1643 1716 1688 1759 et
1735 1716 1883 1759 erunt
1930 1705 2030 1757 duo
2078 1704 2131 1756 iu

538 1820 738 1855 carnem
766 1819 938 1855 unam.
974 1802 1163 1855 Vidisti
1186 1800 1455 1870 quotnodo
1479 1798 1655 1852 omnia
1683 1796 1837 1851 nobis
1851 1796 2132 1865 diligenter

538 1894 767 1962 aperuit,
799 1902 852 1947 et
886 1894 1087 1962 singula
1123 1907 1217 1961 per
1248 1891 1582 1960 prophetiam
1612 1905 1759 1942 suam
1801 1886 2128 1956 explanavit.

542 1985 653 2037 Ista
677 2026 691 2047 ,
726 1985 914 2053 inquit,
948 1985 1203 2037 vocabitur
1232 1983 1431 2044 mulier,
1461 1981 1579 2051 quia
1602 1980 1664 2032 de
1692 1980 1797 2032 viro
1819 1995 1910 2032 suo
1930 1987 2131 2047 sumpta

542 2091 632 2132 est.
678 2082 870 2132 lterum
901 2079 1054 2132 nobis
1079 2077 1402 2131 ablationem
1444 2084 1608 2130 costa:
1636 2074 1903 2127 insinuat:
1938 2070 2131 2125 deinde

542 2190 661 2241 qua!
716 2173 885 2225 futura
937 2180 1091 2226 erant
1142 2171 1454 2231 declarans,
1504 2168 1711 2237 inquit,
1766 2164 1984 2234 Propter
2038 2163 2132 2215 ltoc

539 2264 789 2331 relinquet
846 2267 995 2315 homo
1053 2272 1246 2331 patrem
1279 2276 1464 2320 suum,
1525 2267 1573 2310 et
1627 2266 1839 2309 matrem
1870 2270 2053 2320 suam,
2084 2261 2131 2305 et

538 2355 811 2409 adhwrebit
855 2355 1005 2407 uxori
1051 2369 1158 2407 sua!
1181 2394 1195 2418 ,
1226 2362 1272 2406 et
1302 2360 1445 2405 erunt
1478 2351 1578 2403 duo
1622 2349 1673 2401 in
1720 2363 1923 2401 carnem
1952 2362 2128 2399 unam.

543 2447 727 2514 L'nde,
786 2449 910 2511 die,
969 2462 1106 2513 oro,
1163 2445 1326 2499 subiit
1375 2443 1450 2497 illi
1510 2443 1560 2496 in
1616 2449 1849 2495 mentem
1904 2451 1961 2493 ut
2018 2437 2133 2493 hare

538 2539 781 2594 diceret?
814 2540 952 2593 unde
983 2538 1183 2592 sciebat
1214 2538 1386 2590 futura
1412 2578 1426 2600 ,
1450 2544 1503 2588 et
1532 2531 1985 2602 multiplicandum
2012 2542 2132 2583 esse

540 2631 827 2686 humanam
866 2630 1140 2700 genus?et
1164 2628 1302 2697 quod
1328 2628 1533 2681 futurus
1553 2634 1697 2679 esset
1727 2625 1821 2677 viri
1862 2622 2131 2676 mulieris-

539 2740 644 2793 que
666 2738 983 2791 t-ougrcssus
1018 2720 1158 2775 unde
1201 2717 1489 2773 noscebat?
1509 2716 1839 2785 Congressus
1856 2716 1996 2767 enim
2026 2713 2115 2766 ille

542 2825 661 2881 post
685 2813 1169 2882 prawaricationem
1196 2810 1293 2864 fuit
1317 2827 1329 2861 :
1363 2825 1484 2863 nam
1513 2822 1680 2877 usque
1707 2806 1773 2861 ad
1807 2806 1951 2859 illam
1980 2804 2130 2874 quasi

537 2906 709 2973 augt-li
752 2904 1101 2958 versabantur
1139 2906 1190 2956 in
1232 2902 1500 2971 paradiso,
1543 2915 1647 2954 non
1688 2898 2134 2967 concupiscentiis

543 2997 867 3064 ﬂagrantes,
917 3011 1022 3049 non
1062 2996 1129 3048 ab
1160 2994 1280 3047 aliis
1327 2991 1697 3048 all'ectionibus
1738 2989 1990 3054 infestati,
2026 3004 2132 3043 non

540 3099 745 3140 natura:
799 3086 1214 3141 necessitatibus
1258 3085 1498 3151 obnoxii,
1546 3084 1640 3139 sed
1692 3097 1911 3152 prorsus
1955 3084 2133 3137 incor-

539 3180 818 3249 ruptibiles
857 3188 910 3234 et
956 3179 1288 3233 immortales
1330 3178 1564 3241 conditi,
1609 3192 1782 3247 neque
1834 3176 1919 3230 vel
1966 3175 2133 3230 vesti-

543 3281 847 3326 mentorum
892 3274 1086 3326 amictu
1140 3271 1210 3326 ibi
1262 3270 1489 3341 egebant
1529 3288 1541 3324 :
1586 3271 1676 3324 25.
1734 3269 1899 3323 Erant
1956 3269 2088 3321 enim
2117 3309 2131 3334 ,

540 3363 755 3434 inquit,
804 3363 949 3416 ambo
1006 3363 1166 3428 nudi,
1224 3372 1269 3417 et
1324 3379 1425 3416 non
1479 3360 1847 3416 erubescebant.
1909 3360 2135 3414 Peccato

542 3458 684 3510 enim
735 3468 787 3510 et
836 3456 1280 3525 przevaricatioue
1309 3456 1543 3510 nondum
1590 3464 1852 3525 prtesente
1876 3496 1890 3519 ,
1922 3452 2089 3522 gloria
2115 3491 2131 3518 ,

542 3568 661 3619 qua:
690 3566 919 3619 superne
946 3559 1188 3613 venerat,
1216 3549 1394 3604 vestiti
1424 3560 1573 3604 erant
1595 3588 1613 3615 ,
1643 3557 1698 3602 et
1727 3548 1847 3602 ideo
1874 3562 1977 3600 nun
2009 3562 2134 3599 eru-

546 3642 871 3705 bescebant;
903 3650 1023 3709 post
1053 3641 1527 3711 transgressionem
1555 3650 1731 3693 autem
1764 3638 2033 3707 prarcepti,
2056 3638 2137 3691 iu-

542 3744 807 3803 trogressa
828 3743 911 3789 est
927 3743 981 3789 et
997 3733 1383 3797 cruhescentia,
1404 3740 1456 3787 et
1472 3732 1724 3786 nuditatis
1745 3731 1961 3800 agnitio.
1984 3730 2136 3785 Unde

547 3823 725 3891 igitur,
754 3825 838 3879 die
862 3869 875 3891 ,
901 3839 1085 3895 qumso
1109 3866 1124 3891 ,
1156 3825 1209 3878 in
1239 3833 1415 3877 mente
1441 3822 1641 3885 habuit,
1677 3831 1734 3875 ut
1760 3823 1873 3876 lucc
1894 3820 2136 3875 diceret?

547 3934 724 3973 :muou
755 3919 925 3987 palam
956 3926 1037 3973 cst
1060 3933 1183 3972 eum
1214 3915 1539 3986 prophetiezc
1564 3915 1747 3985 gratim
1773 3914 2087 3985 participem
2117 3952 2133 3979 ,

548 4011 728 4062 omnia
754 4010 865 4064 iure
883 4009 1248 4078 spiritualibus
1273 4008 1469 4061 vidisse
1492 4007 1697 4061 oculis?
1720 4006 1842 4060 Ihec
1866 4022 2005 4060 nunc
2029 4021 2137 4059 non

546 4102 747 4170 absque
783 4103 989 4155 ratione
1028 4100 1184 4166 dico,
1232 4098 1324 4154 sed
1349 4108 1406 4152 ut
1447 4100 1606 4153 etiam
1658 4098 1781 4151 hinc
1822 4098 2137 4151 immensam

549 4193 644 4247 I‘ei
674 4193 1051 4261 benignitatem
1075 4191 1311 4257 discatis,
1339 4206 1497 4259 quam
1529 4190 1760 4243 humano
1788 4187 1969 4258 generi
1990 4187 2141 4241 exhi-

549 4286 664 4337 buit
694 4326 706 4346 ,
755 4284 875 4337 data
917 4284 989 4337 illi
1032 4283 1099 4336 ab
1142 4282 1291 4336 initio
1324 4282 1430 4335 vita
1474 4283 1733 4353 angelica,
1765 4290 1818 4336 et
1848 4282 2138 4335 innumeris

549 4378 601 4429 it.
636 4377 779 4429 illtuu
806 4377 1011 4430 collatis
1033 4375 1323 4441 beneficiis,
1346 4390 1409 4429 ac
1425 4390 1546 4429 cum
1573 4375 1691 4429 aliis
1712 4375 1958 4428 onmibus
1980 4373 2138 4427 etiam

548 4468 856 4535 pmpbetica
884 4467 1138 4537 dignitate
1164 4480 1417 4520 concessa
1446 4483 1458 4519 :
1484 4474 1541 4519 ut
1564 4480 1684 4519 cum
1712 4464 1951 4518 videritis
1970 4462 2141 4516 homi-

548 4576 668 4612 nem
702 4566 821 4626 post
849 4566 924 4611 tot
955 4558 1210 4612 benelicia
1236 4557 1473 4611 desidem
1500 4573 1639 4622 esse,
1669 4556 1877 4625 culpam
1899 4557 1948 4609 in
1976 4557 2140 4609 Deum

552 4667 621 4705 ne
665 4652 979 4719 rejeceritis,
1029 4651 1122 4705 sed
1174 4649 1273 4720 ipsi
1304 4658 1471 4704 totutn
1519 4650 1806 4718 imputctis.
1844 4648 1961 4717 Ipse
1998 4648 2140 4700 enim

554 4744 867 4813 sibimetipsi
917 4743 1154 4797 omnium
1196 4742 1457 4797 malorum
1488 4730 1673 4796 auctor
1716 4741 1847 4807 fuit,
1898 4741 2037 4808 quod
2091 4749 2143 4793 et

555 4845 735 4905 postea
763 4836 999 4897 discetis,
1026 4845 1135 4889 tum
1166 4834 1367 4890 scilicet
1394 4834 1531 4904 quod
1560 4835 1719 4888 tantis
1745 4834 1896 4887 bonis
1930 4834 2143 4889 excide-

554 4931 644 4990 l'il,
678 4938 788 4981 tum
817 4928 957 4998 quod
997 4928 1066 4981 ob
1105 4927 1593 4997 prtevaricationem
1636 4926 2022 4981 condemnatus
2050 4926 2139 4979 sit.

550 5020 680 5073 Nam
720 5036 839 5074 cum
879 5019 1053 5089 cogito
1086 5021 1209 5073 vita:
1244 5020 1384 5074 illius
1418 5028 1635 5085 statum,
1658 5034 1814 5088 quem
1850 5019 1924 5072 illi
1960 5019 2142 5073 Domi-

550 5128 648 5165 nus
687 5112 851 5177 dedit,
897 5122 1001 5165 tam
1029 5112 1312 5167 multifaria
1352 5113 1402 5166 in
1440 5112 1609 5182 ipsum
1654 5113 1911 5167 beneﬁcia
1955 5128 2143 5167 cumu-

550 5206 749 5271 lando;
780 5217 834 5261 et
863 5206 1089 5275 primum
1121 5207 1333 5277 quidem
1358 5248 1374 5273 ,
1430 5207 1569 5276 quod
1592 5249 1604 5272 ,
1636 5216 1759 5262 ante
1814 5207 1978 5276 ipsius
2028 5205 2141 5260 for-

558 5306 867 5365 mationem,
904 5312 1121 5370 propter
1166 5302 1337 5372 ipsum
1390 5311 1557 5356 totum
1594 5303 1735 5357 hunc
1786 5303 2043 5357 mundum
2090 5311 2146 5358 et

553 5403 824 5447 creaturas
844 5394 1100 5459 condidit,
1118 5402 1171 5449 et
1196 5407 1379 5464 postea
1404 5395 1570 5463 ipsum
1591 5394 1855 5459 formavit,
1887 5404 1943 5449 ut
1972 5392 2143 5451 lactus

555 5487 851 5541 visibilibus
875 5488 1121 5543 omnibus
1152 5487 1417 5545 frueretur
1436 5504 1451 5553 ;
1470 5489 1591 5543 dein
1609 5489 1749 5558 quod
1772 5498 1831 5542 ut
1848 5488 2143 5559 jussitesse

559 5580 861 5647 paradisum
888 5622 903 5645 ,
935 5584 985 5634 in
1014 5581 1104 5636 illo
1134 5582 1311 5636 statim
1338 5583 1511 5651 ipsum
1552 5582 1712 5636 vitam
1755 5597 1916 5652 agere
1940 5582 2138 5647 voluit,

556 5673 803 5726 animalia
830 5674 981 5727 bruta
1009 5674 1075 5729 ab
1108 5673 1198 5727 illo
1228 5675 1491 5744 separavit
1515 5717 1529 5741 ,
1558 5685 1612 5729 et
1639 5675 1876 5729 omnium
1899 5674 1972 5729 illi
1994 5673 2144 5730 dedit

558 5773 893 5835 potestatem,
924 5766 1073 5835 quasi
1098 5765 1369 5835 dominum
1398 5768 1565 5823 servis
1590 5775 1643 5821 et
1668 5765 1893 5823 subditis
1922 5766 2134 5822 nomina

1287 306 1344 360 S.
1384 303 1663 359 J0.\.\'.\'lS
1701 296 2170 358 Clll‘tYSDSTOMI
2210 294 2529 357 ARCllIEP.
2573 300 3110 361 CONSTAN’I'INOP.

3742 285 3843 365 ιρι

2245 418 2519 480 hnponere
2540 417 2776 482 jubetqu
2801 432 2813 479 ;
2842 426 3024 485 postea
3059 432 3203 481 vero,
3234 419 3352 487 quia
3383 419 3527 475 solus
3554 434 3690 483 erat,
3718 440 3844 478 cum

2248 504 2507 573 indigeret
2537 507 2718 576 aliquo
2746 508 2987 577 adjutore
3008 550 3023 574 ,
3075 512 3163 580 qui
3193 522 3393 565 naturm
3424 516 3541 581 ejus
3574 516 3847 583 particeps

2238 604 2416 657 esset,
2478 611 2651 666 neque
2708 597 2811 652 hoc
2864 600 3085 663 omisit,
3146 601 3236 653 sed
3299 603 3550 670 producta
3616 605 3847 660 muliere

2240 688 2397 742 modo
2423 705 2529 758 qUo
2558 690 2655 743 sibi
2685 691 2901 759 placuit,
2933 692 3075 745 illam
3103 692 3200 758 ipsi
3240 694 3291 747 in
3329 710 3515 747 manus
3555 697 3845 750 concredi-

2238 779 2335 845 dit,
2364 795 2426 834 ac
2455 791 2646 849 pneter
2674 781 2788 836 hzec
2815 784 2991 836 omnia
3022 785 3311 853 prophetia:
3335 801 3546 855 quoque
3573 787 3838 856 dignitate

2240 873 2385 925 illum
2430 873 2727 940 insignivit;
2756 884 2810 928 ct
2840 886 2958 943 post
2984 875 3240 930 immensa
3272 877 3359 929 illa
3390 878 3640 932 beneficia
3672 888 3841 946 caput

2238 963 2396 1016 etiam
2420 966 2654 1018 omnium
2682 964 2898 1019 donavit
2917 966 3012 1029 illi,
3040 968 3179 1021 utab
3212 968 3457 1022 omnibus
3471 970 3613 1022 curis
3634 979 3689 1023 ct
3704 970 3848 1022 solli-

2237 1054 2559 1109 citudinibus
2595 1057 2833 1126 corporis
2875 1058 3012 1112 liber
3053 1066 3233 1124 esset,
3264 1074 3437 1128 neque
3464 1060 3580 1113 ullis
3606 1061 3842 1114 vestiunt

2239 1146 2584 1212 indumentis,
2610 1162 2782 1216 neque
2808 1148 2910 1201 alio
2935 1150 3114 1219 aliquo
3137 1148 3373 1219 indigere
3400 1150 3542 1203 illum
3569 1152 3839 1219 permisit,

2240 1240 2333 1290 sed
2353 1281 2367 1303 ,
2400 1246 2459 1293 ut
2484 1238 2593 1293 dixi
2618 1281 2631 1303 ,
2660 1240 2809 1309 quasi
2841 1242 3083 1310 angelum
3116 1251 3421 1296 terrestrem
3452 1258 3612 1313 super
3640 1255 3840 1299 terram

2239 1331 2382 1384 illum
2432 1332 2632 1385 versari
2661 1332 2825 1385 voluit
2858 1351 2870 1385 :
2903 1348 3023 1386 cum
3056 1334 3211 1403 igitur
3260 1334 3373 1387 haec
3402 1337 3577 1389 omnia
3625 1352 3839 1390 mecum

2237 1431 2458 1487 reputo,
2490 1422 2811 1491 obstupesco
2845 1432 2897 1476 et
2942 1424 3145 1477 Domini
3191 1424 3523 1478 clementiam
3566 1425 3615 1478 in
3645 1427 3841 1480 huma-

2237 1525 2363 1564 num
2385 1526 2572 1581 genus,
2604 1524 2657 1567 et
2687 1512 2916 1567 hominis
2943 1514 3199 1567 desidiam
3223 1559 3236 1577 ,
3270 1523 3324 1568 et
3354 1516 3546 1569 diaboli
3590 1516 3838 1569 inviden-

2238 1606 2365 1657 tiam
2398 1623 2410 1657 :
2443 1620 2546 1658 non
2595 1606 2735 1659 enim
2784 1605 2985 1660 ferebat
3038 1606 3209 1660 malus
3264 1607 3351 1660 ille
3405 1606 3615 1662 dtemon
3655 1609 3840 1663 videre

2238 1696 2290 1749 in
2336 1712 2561 1766 corpore
2616 1699 2882 1753 hominem
2914 1701 3203 1767 angelicam
3234 1701 3394 1754 vitam
3426 1712 3689 1770 agentem.

2308 1790 2360 1844 5.
2405 1788 2620 1844 Moralis
2643 1792 2906 1862 epilogus;
2952 1791 3225 1845 liberalitas
3266 1792 3360 1845 Dei
3393 1793 3445 1845 in
3474 1794 3719 1847 homines.
3764 1824 3839 1835 —

2235 1880 2501 1935 Cteternm
2520 1898 2587 1936 ne
2609 1883 2767 1936 nimia
2789 1884 3114 1952 longitudine
3135 1900 3435 1939 sermonem
3458 1888 3835 1951 txtentlamus,

2238 1973 2280 2025 si
2313 1972 2505 2041 placet,
2532 1972 2616 2027 hic
2642 1974 2800 2028 linem
2828 1974 3080 2044 loquendi
3109 1974 3383 2041 facien'es,
3416 1993 3734 2045 reponemus
3780 1981 3834 2032 iu

2242 2075 2512 2133 posterum
2544 2082 2603 2120 ea
2649 2083 2767 2137 qua}
2795 2068 2862 2122 de
2903 2068 3096 2122 diaboli
3130 2069 3337 2123 insidiis
3381 2083 3694 2138 sequuntur,
3737 2088 3837 2125 vc-

2238 2170 2403 2211 stram
2444 2170 2659 2213 orantes
2707 2160 3004 2225 caritatem,
3032 2170 3093 2214 ut
3128 2161 3409 2230 diligenter
3432 2177 3493 2215 ea
3524 2178 3644 2231 qua:
3692 2163 3837 2217 dit-ta

2237 2257 2363 2303 sunt
2403 2252 2676 2303 memoria:
2706 2253 3112 2315 commendetis,
3144 2262 3197 2306 et
3223 2253 3493 2306 vobiscum
3521 2254 3840 2322 expendatis

2237 2356 2298 2396 ea
2330 2343 2528 2408 omnia,
2558 2352 2610 2395 ut
2633 2342 2945 2412 profundius
2974 2345 3022 2397 in
3051 2345 3458 2414 cogitationibus
3485 2347 3676 2399 vestris
3702 2360 3842 2398 con-

2237 2433 2432 2487 sidant.
2464 2433 2595 2487 Nam
2622 2434 2666 2487 si
2696 2436 2948 2489 continuo
2969 2436 3346 2491 beneliciorum
3374 2438 3487 2502 Dei,
3511 2452 3627 2507 qua:
3657 2439 3709 2490 in
3736 2454 3837 2490 no-

2237 2534 2405 2577 strum
2422 2539 2588 2593 genus
2609 2526 2849 2585 contulit.
2878 2526 3238 2592 recordemur,
3266 2538 3317 2581 ct
3340 2528 3433 2597 ipsi
3458 2529 3589 2597 gnati
3612 2530 3837 2593 erimus,

2238 2630 2292 2675 et
2320 2618 2385 2674 ad
2416 2622 2627 2675 virtutis
2648 2623 2784 2675 viam
2817 2638 3004 2692 magna
3034 2623 3081 2675 id
3100 2622 3203 2677 erit
3225 2624 3601 2677 exstimulatio.
3628 2623 3838 2691 Quippe

2239 2715 2579 2769 manifestum
2608 2726 2706 2780 est,
2742 2733 2861 2770 eum
2890 2718 2977 2785 qui
3011 2716 3266 2771 beuelicia
3297 2718 3383 2771 Dei
3416 2734 3598 2772 secum
3622 2720 3835 2788 recogi—

2242 2813 2336 2872 tat,
2369 2822 2586 2875 operam
2615 2807 2859 2860 daturum
2891 2823 2955 2861 ne
3002 2808 3101 2861 illis
3147 2808 3389 2877 indignus
3430 2809 3692 2875 videatur,
3738 2808 3837 2863 sed

2242 2897 2375 2951 tanti
2416 2898 2573 2951 studii
2601 2907 2655 2952 ct
2694 2908 2797 2951 tam
2842 2899 2976 2968 grati
3008 2900 3169 2953 animi
3216 2899 3467 2959 futurum.
3520 2910 3577 2953 ut
3622 2911 3675 2977 ej.
3731 2902 3836 2955 alia

2239 2999 2632 3061 consequenter
2661 3003 2951 3046 mereatur.
2998 2992 3257 3047 Liberalis
3293 2994 3486 3063 quippe
3512 3004 3594 3048 est
3647 2994 3834 3048 Domi-

2241 3098 2342 3137 nus
2372 3094 2573 3149 noster,
2628 3094 2683 3139 et
2728 3084 2942 3154 quando
2986 3084 3129 3139 videt
3150 3099 3248 3139 nos
3290 3095 3441 3155 grato
3482 3086 3661 3140 animo
3715 3102 3839 3142 esse

2240 3177 2380 3232 circa
2412 3192 2471 3230 ea
2512 3193 2630 3247 quae
2669 3178 2779 3246 jam
2821 3178 2973 3232 nobis
3003 3179 3288 3246 concessit,
3322 3181 3457 3234 ultra
3499 3197 3598 3235 nos
3642 3183 3836 3251 potiori

2241 3271 2409 3340 gratia
2436 3271 2833 3342 majoribusque
2861 3273 3167 3326 muneribus
3198 3273 3381 3342 implet
3413 3284 3647 3327 :tantum
3680 3274 3836 3329 nobis

2241 3374 2424 3417 nostra
2473 3364 2618 3418 salus
2670 3380 2812 3418 cura:
2843 3365 2947 3429 sit,
3002 3381 3069 3419 ne
3114 3366 3186 3419 ita
3235 3366 3583 3435 incogitanter
3625 3375 3838 3434 temnis

2242 3457 2620 3527 transigamus,
2676 3472 2847 3526 neque
2900 3456 3004 3512 hoc
3048 3457 3402 3523 attendamus,
3458 3459 3501 3512 si
3558 3458 3835 3513 dimidium

2241 3546 2668 3617 Quadragesima:
2700 3547 2988 3613 transierit,
3031 3547 3123 3601 sed
3156 3548 3199 3601 si
3229 3564 3327 3617 qua
3358 3549 3409 3602 in
3453 3548 3555 3603 hoc
3598 3559 3839 3619 tempore

2242 3654 2272 3691 a
2303 3639 2455 3692 nobis
2500 3640 2637 3693 bene
2682 3650 2829 3709 gesta
2862 3648 3006 3705 sunt,
3035 3649 3088 3693 et
3118 3641 3161 3693 si
3186 3655 3317 3710 quas
3361 3640 3672 3697 all'ectiones
3718 3658 3840 3711 qua:

2243 3746 2340 3785 nos
2381 3731 2691 3803 perturbant
2717 3734 3129 3787 corrcxerimus.
3159 3732 3289 3786 Nam
3323 3733 3367 3786 si
3396 3734 3633 3803 quotidie
3677 3734 3839 3803 spiri-

2242 3824 2368 3877 tuali
2392 3824 2633 3878 doctrina
2658 3824 2864 3889 refecti,
2898 3839 3111 3895 semper
3152 3824 3310 3879 iidem
3337 3826 3710 3891 manserimus,
3741 3844 3841 3881 nc-

2243 3934 2348 3985 que
2394 3919 2446 3971 in
2475 3918 2756 3972 virtutibus
2784 3920 3131 3981 Cl‘Ct‘Cl‘imtlS,
3156 3935 3328 3989 neque
3358 3928 3697 3988 peccatorum
3742 3934 3839 3989 ge-

2244 4022 2371 4062 nera
2403 4024 2432 4061 c
2462 4008 2769 4076 pectoribus
2799 4008 2992 4062 nostris
3023 4007 3450 4077 ell'ugaverimus,
3496 4024 3600 4062 non
3660 4009 3838 4062 solum

2245 4100 2367 4155 inde
2394 4099 2523 4153 nihil
2553 4100 2651 4151 erit
2679 4099 2937 4159 utilitatis,
2971 4098 3064 4152 sed
3095 4107 3149 4151 et
3171 4099 3453 4166 plurimum
3482 4101 3787 4154 nocumenti
3826 4117 3839 4153 :

2245 4192 2673 4263 quandoquidem
2703 4192 2789 4261 qui
2823 4200 2965 4245 tanta
2989 4207 3111 4245 cura
3138 4190 3349 4245 habitus
3375 4192 3503 4245 nihil
3529 4192 3657 4247 lucri
3690 4192 3839 4260 facit,

2246 4300 2348 4353 neq
2358 4301 2420 4337 ue
2436 4285 2662 4352 prolicit,
2682 4283 2939 4352 majorem
2960 4282 3057 4337 sibi
3073 4292 3351 4337 coacervat
3367 4282 3624 4351 geltenna:
3639 4283 3840 4353 ignem.

2246 4380 2372 4433 Ideo
2403 4394 2519 4444 oro,
2550 4386 2607 4432 ut
2633 4378 2821 4432 Saltem
2849 4378 3108 4447 reliquum
3134 4378 3323 4448 jejunii
3356 4390 3564 4448 tempus
3603 4390 3659 4433 ut
3685 4380 3844 4435 decet

2250 4469 2598 4533 insumamus,
2625 4478 2680 4521 ut
2706 4468 2926 4539 singulis
2955 4468 3322 4525 hebdomadis.
3354 4469 3458 4522 imo
3485 4470 3708 4540 singulis
3728 4471 3844 4525 die-

2250 4560 2347 4614 bus
2376 4578 2472 4615 nos
2511 4562 2653 4630 ipsos
2700 4560 3120 4627 censidercnnts,
3172 4570 3225 4615 et
3264 4562 3387 4615 vitia
3437 4562 3505 4615 ab
3560 4562 3845 4619 animabus

2250 4654 2446 4707 nostris
2473 4653 2822 4722 expellamus,
2867 4669 2930 4708 ac
2969 4652 3229 4707 bonorum
3273 4669 3495 4723 operum
3538 4652 3845 4724 possessio-

2250 4761 2372 4799 nem
2413 4746 2808 4816 conquiranms,
2839 4746 2975 4799 sicut
3021 4746 3276 4815 propheta
3324 4756 3505 4801 noster
3542 4748 3845 4813 admonuit,

2250 4838 2582 4891 declinemus
2607 4853 2637 4891 a
2684 4838 2838 4891 malis
2865 4836 2883 4909 (
2909 4837 3055 4891 Psal.
3089 4839 3177 4892 56.
3216 4838 3284 4891 27
3314 4838 3355 4907 ),
3384 4848 3436 4893 et
3476 4839 3542 4891 ad
3588 4841 3846 4894 virtutem

2254 4938 2589 4982 transeamus
2620 4946 2634 4981 :
2669 4928 2770 4981 hoc
2805 4930 3005 4984 etenim
3052 4944 3237 4983 verum
3271 4938 3354 4982 est
3391 4928 3675 4998 jejunium.
3732 4931 3851 4985 Ira-

2250 5020 2456 5074 cundus
2495 5019 2723 5074 ferocem
2766 5019 3217 5088 perturbationem
3265 5021 3349 5088 pia
3393 5022 3720 5090 cogitatione
3774 5021 3851 5076 ab

2250 5111 2426 5164 anima
2458 5110 2719 5175 eliminet,
2752 5109 3212 5162 mansuetudinem
3240 5119 3415 5164 autem
3460 5119 3515 5163 et
3561 5111 3845 5168 lenitatem

2251 5204 2602 5273 amplexetur.
2650 5202 2816 5255 Deses
2866 5208 2919 5255 et
2946 5201 3325 5270 intemperans,
3375 5212 3429 5255 et
3481 5202 3845 5260 formosorum

2250 5309 2535 5365 corporum
2565 5293 2805 5348 curiosus
2830 5300 3096 5361 spectator
3125 5291 3472 5362 cogitationes
3515 5308 3637 5347 suas
3669 5294 3846 5349 refre-

2251 5396 2378 5449 net,
2435 5395 2488 5440 et
2540 5386 2592 5440 in
2652 5384 2925 5438 latitudine
2967 5383 3161 5437 mentis
3198 5399 3309 5437 sua:
3362 5383 3615 5439 inscribat
3666 5385 3846 5456 legem

2250 5481 2447 5536 Christi
2485 5480 2771 5542 dicentem,
2824 5477 2921 5544 Qui
2964 5479 3234 5547 inspexerit
3276 5478 3534 5532 mulierem
3564 5489 3616 5532 ut
3653 5496 3846 5534 concu-

2252 5580 2411 5649 piscat
2451 5575 2633 5639 illam,
2678 5574 2792 5643 jam
2838 5572 3142 5625 adulterium
3188 5571 3437 5624 commisit
3493 5589 3605 5625 cum
3658 5572 3755 5625 illa
3787 5576 3843 5627 iu

2249 5669 2401 5724 corde
2428 5666 2559 5737 suo(
2595 5664 2781 5719 Matth.
2811 5665 2863 5719 5.
2913 5663 3044 5733 28),
3077 5666 3473 5718 incontinentia:
3498 5666 3680 5720 vitium
3704 5664 3844 5719 eﬂ‘u-

2251 5766 2381 5838 giat,
2410 5774 2465 5822 et
2491 5762 2795 5821 sobrietatis
2823 5760 3072 5816 virtutem
3102 5770 3370 5831 Opcrctur.
