  <div class='ocr_page' id='page_1' title='image "/cluster/home/n/w/nwhite01/storage/ocr_20150623/53/nnc1.0046978453/122.png"; bbox 0 0 4038 6394; ppageno 0'>
   <div class='ocr_carea' id='block_1_1' title="bbox 231 352 342 410">
    <p class='ocr_par' dir='ltr' id='par_1_1' title="bbox 231 352 342 410">
     <span class='ocr_line' id='line_1_1' title="bbox 231 352 342 410; baseline 0.027 -3"><span class='ocrx_word' id='word_1_1' title='bbox 231 352 342 410; x_wconf 65' lang='grc'>125</span> 
     </span>
    </p>
   </div>
   <div class='ocr_carea' id='block_1_2' title="bbox 223 469 1903 544">
    <p class='ocr_par' dir='ltr' id='par_1_2' title="bbox 223 469 1903 544">
     <span class='ocr_line' id='line_1_2' title="bbox 223 469 1903 544; baseline 0.006 -22"><span class='ocrx_word' id='word_1_2' title='bbox 223 469 514 538; x_wconf 76' lang='grc' dir='ltr'>γυναῖκα,</span> <span class='ocrx_word' id='word_1_3' title='bbox 536 471 697 528; x_wconf 69' lang='grc' dir='ltr'>ἀλλὰ</span> <span class='ocrx_word' id='word_1_4' title='bbox 717 471 874 541; x_wconf 72' lang='grc' dir='ltr'>γυνὴ</span> <span class='ocrx_word' id='word_1_5' title='bbox 902 470 1000 527; x_wconf 80' lang='grc' dir='ltr'>διὰ</span> <span class='ocrx_word' id='word_1_6' title='bbox 1020 473 1130 527; x_wconf 73' lang='grc' dir='ltr'>τὸν</span> <span class='ocrx_word' id='word_1_7' title='bbox 1152 473 1362 543; x_wconf 73' lang='grc' dir='ltr'>ἄνδρα.</span> <span class='ocrx_word' id='word_1_8' title='bbox 1391 475 1520 530; x_wconf 88' lang='grc' dir='ltr'>Ναί·</span> <span class='ocrx_word' id='word_1_9' title='bbox 1548 477 1685 532; x_wconf 84' lang='grc' dir='ltr'>ἀλλὰ</span> <span class='ocrx_word' id='word_1_10' title='bbox 1708 479 1903 544; x_wconf 87' lang='grc' dir='ltr'>ταῦτα,</span> 
     </span>
    </p>
   </div>
   <div class='ocr_carea' id='block_1_3' title="bbox 224 553 1906 634">
    <p class='ocr_par' dir='ltr' id='par_1_3' title="bbox 224 553 1906 634">
     <span class='ocr_line' id='line_1_3' title="bbox 224 553 1906 634; baseline 0.008 -30"><span class='ocrx_word' id='word_1_11' title='bbox 224 555 392 622; x_wconf 78' lang='grc' dir='ltr'>φησὶ,</span> <span class='ocrx_word' id='word_1_12' title='bbox 423 553 496 607; x_wconf 76' lang='grc' dir='ltr'>τά</span> <span class='ocrx_word' id='word_1_13' title='bbox 532 554 800 626; x_wconf 75' lang='grc' dir='ltr'>εἰρημένα</span> <span class='ocrx_word' id='word_1_14' title='bbox 825 554 1117 620; x_wconf 88' lang='grc' dir='ltr'>δείκνυσιν,</span> <span class='ocrx_word' id='word_1_15' title='bbox 1151 557 1234 610; x_wconf 82' lang='grc' dir='ltr'>ὃτι</span> <span class='ocrx_word' id='word_1_16' title='bbox 1263 560 1296 630; x_wconf 89' lang='grc' dir='ltr'>ή</span> <span class='ocrx_word' id='word_1_17' title='bbox 1336 559 1474 630; x_wconf 80' lang='grc' dir='ltr'>γυνὴ</span> <span class='ocrx_word' id='word_1_18' title='bbox 1503 561 1567 614; x_wconf 90' lang='grc' dir='ltr'>ἐκ</span> <span class='ocrx_word' id='word_1_19' title='bbox 1597 561 1690 614; x_wconf 87' lang='grc' dir='ltr'>τοῦ</span> <span class='ocrx_word' id='word_1_20' title='bbox 1713 563 1906 634; x_wconf 79' lang='grc' dir='ltr'>ἀνδρὸς</span> 
     </span>
    </p>
   </div>
   <div class='ocr_carea' id='block_1_4' title="bbox 221 641 1906 720">
    <p class='ocr_par' dir='ltr' id='par_1_4' title="bbox 221 641 1906 720">
     <span class='ocr_line' id='line_1_4' title="bbox 221 641 1906 720; baseline 0.008 -29"><span class='ocrx_word' id='word_1_21' title='bbox 221 641 472 707; x_wconf 82' lang='grc' dir='ltr'>ἐγένετο.</span> <span class='ocrx_word' id='word_1_22' title='bbox 517 641 654 695; x_wconf 82' lang='grc' dir='ltr'>Ἀλλ’</span> <span class='ocrx_word' id='word_1_23' title='bbox 687 642 1000 713; x_wconf 80' lang='grc' dir='ltr'>ἀνάμεινον,</span> <span class='ocrx_word' id='word_1_24' title='bbox 1041 645 1136 698; x_wconf 75' lang='grc' dir='ltr'>καὶ</span> <span class='ocrx_word' id='word_1_25' title='bbox 1171 645 1292 715; x_wconf 77' lang='grc' dir='ltr'>ὄψει</span> <span class='ocrx_word' id='word_1_26' title='bbox 1321 646 1409 700; x_wconf 82' lang='grc' dir='ltr'>διὰ</span> <span class='ocrx_word' id='word_1_27' title='bbox 1439 646 1533 701; x_wconf 87' lang='grc' dir='ltr'>τοῦ</span> <span class='ocrx_word' id='word_1_28' title='bbox 1567 650 1906 720; x_wconf 77' lang='grc' dir='ltr'>ἐπαγομένου</span> 
     </span>
    </p>
   </div>
   <div class='ocr_carea' id='block_1_5' title="bbox 220 726 1908 805">
    <p class='ocr_par' dir='ltr' id='par_1_5' title="bbox 220 726 1908 805">
     <span class='ocr_line' id='line_1_5' title="bbox 220 726 1908 805; baseline 0.009 -27"><span class='ocrx_word' id='word_1_29' title='bbox 220 726 328 797; x_wconf 80' lang='grc' dir='ltr'>τὴν</span> <span class='ocrx_word' id='word_1_30' title='bbox 372 728 575 800; x_wconf 83' lang='grc' dir='ltr'>ἀκριϐῆ</span> <span class='ocrx_word' id='word_1_31' title='bbox 628 728 779 801; x_wconf 72' lang='grc'><strong>1120]</strong></span> <span class='ocrx_word' id='word_1_32' title='bbox 816 731 1183 788; x_wconf 79' lang='grc' dir='ltr'>διδασκαλίαν.</span> <span class='ocrx_word' id='word_1_33' title='bbox 1219 735 1357 805; x_wconf 74' lang='grc' dir='ltr'>Φησὶ</span> <span class='ocrx_word' id='word_1_34' title='bbox 1393 736 1524 805; x_wconf 80' lang='grc' dir='ltr'>γάρ’</span> <span class='ocrx_word' id='word_1_35' title='bbox 1557 737 1732 804; x_wconf 79' lang='grc' dir='ltr'><em>Πλὴν</em></span> <span class='ocrx_word' id='word_1_36' title='bbox 1768 739 1908 793; x_wconf 82' lang='grc' dir='ltr'>οὔτε</span> 
     </span>
    </p>
   </div>
   <div class='ocr_carea' id='block_1_6' title="bbox 221 814 1904 892">
    <p class='ocr_par' dir='ltr' id='par_1_6' title="bbox 221 814 1904 892">
     <span class='ocr_line' id='line_1_6' title="bbox 221 814 1904 892; baseline 0.008 -26"><span class='ocrx_word' id='word_1_37' title='bbox 221 814 387 882; x_wconf 78' lang='grc' dir='ltr'>ἀνὴρ</span> <span class='ocrx_word' id='word_1_38' title='bbox 422 817 601 883; x_wconf 76' lang='grc' dir='ltr'>χωρὶς</span> <span class='ocrx_word' id='word_1_39' title='bbox 644 819 946 886; x_wconf 72' lang='grc' dir='ltr'>γυναικὸς,</span> <span class='ocrx_word' id='word_1_40' title='bbox 979 820 1118 874; x_wconf 82' lang='grc' dir='ltr'>οὔτε</span> <span class='ocrx_word' id='word_1_41' title='bbox 1145 819 1298 889; x_wconf 77' lang='grc' dir='ltr'>γυνὴ</span> <span class='ocrx_word' id='word_1_42' title='bbox 1328 823 1508 889; x_wconf 74' lang='grc' dir='ltr'>χωρὶς</span> <span class='ocrx_word' id='word_1_43' title='bbox 1545 825 1786 892; x_wconf 76' lang='grc' dir='ltr'>ἀνδρὸς,</span> <span class='ocrx_word' id='word_1_44' title='bbox 1823 826 1904 879; x_wconf 86' lang='grc' dir='ltr'>δι-</span> 
     </span>
    </p>
   </div>
   <div class='ocr_carea' id='block_1_7' title="bbox 219 901 1904 982">
    <p class='ocr_par' dir='ltr' id='par_1_7' title="bbox 219 901 1904 982">
     <span class='ocr_line' id='line_1_7' title="bbox 219 901 1904 982; baseline 0.007 -27"><span class='ocrx_word' id='word_1_45' title='bbox 219 901 445 956; x_wconf 68' lang='grc' dir='ltr'>δίσκων</span> <span class='ocrx_word' id='word_1_46' title='bbox 471 906 639 974; x_wconf 84' lang='grc' dir='ltr'>ἡμᾶς.</span> <span class='ocrx_word' id='word_1_47' title='bbox 678 906 761 958; x_wconf 82' lang='grc' dir='ltr'>ὅτι</span> <span class='ocrx_word' id='word_1_48' title='bbox 790 906 976 960; x_wconf 81' lang='grc' dir='ltr'>λοιπὸν</span> <span class='ocrx_word' id='word_1_49' title='bbox 1005 907 1094 960; x_wconf 76' lang='grc' dir='ltr'>διὰ</span> <span class='ocrx_word' id='word_1_50' title='bbox 1123 911 1220 979; x_wconf 87' lang='grc' dir='ltr'>τῆς</span> <span class='ocrx_word' id='word_1_51' title='bbox 1253 910 1581 982; x_wconf 80' lang='grc' dir='ltr'>ἀμφοτέρων</span> <span class='ocrx_word' id='word_1_52' title='bbox 1619 915 1904 977; x_wconf 82' lang='grc' dir='ltr'>συνουσίας</span> 
     </span>
    </p>
   </div>
   <div class='ocr_carea' id='block_1_8' title="bbox 220 991 1907 1066">
    <p class='ocr_par' dir='ltr' id='par_1_8' title="bbox 220 991 1907 1066">
     <span class='ocr_line' id='line_1_8' title="bbox 220 991 1907 1066; baseline 0.009 -25"><span class='ocrx_word' id='word_1_53' title='bbox 220 992 253 1059; x_wconf 85' lang='grc' dir='ltr'>ή</span> <span class='ocrx_word' id='word_1_54' title='bbox 278 991 546 1055; x_wconf 77' lang='grc' dir='ltr'>σύστασις</span> <span class='ocrx_word' id='word_1_55' title='bbox 572 992 725 1047; x_wconf 74' lang='grc' dir='ltr'>ἔσται</span> <span class='ocrx_word' id='word_1_56' title='bbox 755 994 852 1047; x_wconf 76' lang='grc' dir='ltr'>καὶ</span> <span class='ocrx_word' id='word_1_57' title='bbox 875 995 1068 1066; x_wconf 78' lang='grc' dir='ltr'>ἀνδρὸς</span> <span class='ocrx_word' id='word_1_58' title='bbox 1094 997 1188 1050; x_wconf 75' lang='grc' dir='ltr'>καὶ</span> <span class='ocrx_word' id='word_1_59' title='bbox 1211 998 1484 1064; x_wconf 88' lang='grc' dir='ltr'>γυναικός.</span> <span class='ocrx_word' id='word_1_60' title='bbox 1509 999 1608 1053; x_wconf 84' lang='grc' dir='ltr'>Διά</span> <span class='ocrx_word' id='word_1_61' title='bbox 1633 1000 1792 1055; x_wconf 88' lang='grc' dir='ltr'>τοῦτο</span> <span class='ocrx_word' id='word_1_62' title='bbox 1812 1004 1907 1056; x_wconf 71' lang='grc' dir='ltr'>καί⁹</span> 
     </span>
    </p>
   </div>
   <div class='ocr_carea' id='block_1_9' title="bbox 217 1079 1901 1157">
    <p class='ocr_par' dir='ltr' id='par_1_9' title="bbox 217 1079 1901 1157">
     <span class='ocr_line' id='line_1_9' title="bbox 217 1079 1901 1157; baseline 0.007 -27"><span class='ocrx_word' id='word_1_63' title='bbox 217 1079 247 1130; x_wconf 99' lang='lat'>6</span> <span class='ocrx_word' id='word_1_64' title='bbox 289 1079 468 1149; x_wconf 72' lang='grc' dir='ltr'>Ἀδὰμ</span> <span class='ocrx_word' id='word_1_65' title='bbox 493 1079 666 1149; x_wconf 73' lang='grc' dir='ltr'>ἔλεγε·</span> <span class='ocrx_word' id='word_1_66' title='bbox 699 1081 878 1136; x_wconf 87' lang='grc' dir='ltr'>Τοῦτο</span> <span class='ocrx_word' id='word_1_67' title='bbox 899 1082 1016 1136; x_wconf 74' lang='grc' dir='ltr'>νῦν</span> <span class='ocrx_word' id='word_1_68' title='bbox 1037 1084 1265 1138; x_wconf 80' lang='grc' dir='ltr'>ὀστοῦν</span> <span class='ocrx_word' id='word_1_69' title='bbox 1291 1085 1360 1138; x_wconf 81' lang='grc' dir='ltr'>ἐκ</span> <span class='ocrx_word' id='word_1_70' title='bbox 1379 1084 1497 1139; x_wconf 79' lang='grc' dir='ltr'>τῶν</span> <span class='ocrx_word' id='word_1_71' title='bbox 1518 1085 1745 1140; x_wconf 79' lang='grc' dir='ltr'>ὀστέων·</span> <span class='ocrx_word' id='word_1_72' title='bbox 1759 1106 1901 1157; x_wconf 82' lang='grc' dir='ltr'>μου,</span> 
     </span>
    </p>
   </div>
   <div class='ocr_carea' id='block_1_10' title="bbox 216 1168 1156 1241">
    <p class='ocr_par' dir='ltr' id='par_1_10' title="bbox 216 1168 1156 1241">
     <span class='ocr_line' id='line_1_10' title="bbox 216 1168 1156 1241; baseline 0.004 -19"><span class='ocrx_word' id='word_1_73' title='bbox 216 1170 322 1222; x_wconf 68' lang='grc' dir='ltr'>καὶ</span> <span class='ocrx_word' id='word_1_74' title='bbox 351 1169 511 1237; x_wconf 79' lang='grc' dir='ltr'>σὰρξ</span> <span class='ocrx_word' id='word_1_75' title='bbox 535 1168 606 1223; x_wconf 76' lang='grc' dir='ltr'>ἐκ</span> <span class='ocrx_word' id='word_1_76' title='bbox 633 1169 744 1238; x_wconf 81' lang='grc' dir='ltr'>τῆς</span> <span class='ocrx_word' id='word_1_77' title='bbox 773 1173 1002 1238; x_wconf 76' lang='grc' dir='ltr'>σαρκός</span> <span class='ocrx_word' id='word_1_78' title='bbox 1015 1189 1156 1241; x_wconf 80' lang='grc' dir='ltr'>μου.</span> 
     </span>
    </p>
   </div>
   <div class='ocr_carea' id='block_1_11' title="bbox 288 1253 1903 1335">
    <p class='ocr_par' dir='ltr' id='par_1_11' title="bbox 288 1253 1903 1335">
     <span class='ocr_line' id='line_1_11' title="bbox 288 1253 1903 1335; baseline 0.004 -25"><span class='ocrx_word' id='word_1_79' title='bbox 288 1257 357 1310; x_wconf 87' lang='grc' dir='ltr'>δ’.</span> <span class='ocrx_word' id='word_1_80' title='bbox 393 1253 532 1309; x_wconf 81' lang='grc' dir='ltr'>Εἶτα</span> <span class='ocrx_word' id='word_1_81' title='bbox 575 1258 661 1310; x_wconf 83' lang='grc' dir='ltr'>ἵνα</span> <span class='ocrx_word' id='word_1_82' title='bbox 692 1258 868 1330; x_wconf 80' lang='grc' dir='ltr'>μάθῃς</span> <span class='ocrx_word' id='word_1_83' title='bbox 895 1259 1061 1313; x_wconf 87' lang='grc' dir='ltr'>αὐτοῦ</span> <span class='ocrx_word' id='word_1_84' title='bbox 1099 1262 1200 1331; x_wconf 90' lang='grc' dir='ltr'>τῆς</span> <span class='ocrx_word' id='word_1_85' title='bbox 1233 1263 1570 1334; x_wconf 71' lang='grc' dir='ltr'>προφητείας</span> <span class='ocrx_word' id='word_1_86' title='bbox 1604 1262 1702 1334; x_wconf 84' lang='grc' dir='ltr'>τήν</span> <span class='ocrx_word' id='word_1_87' title='bbox 1741 1265 1903 1335; x_wconf 87' lang='grc' dir='ltr'>ἀκρί-</span> 
     </span>
    </p>
   </div>
   <div class='ocr_carea' id='block_1_12' title="bbox 216 1341 1902 1419">
    <p class='ocr_par' dir='ltr' id='par_1_12' title="bbox 216 1341 1902 1419">
     <span class='ocr_line' id='line_1_12' title="bbox 216 1341 1902 1419; baseline 0.007 -28"><span class='ocrx_word' id='word_1_88' title='bbox 216 1341 402 1403; x_wconf 82' lang='grc' dir='ltr'>ϐειαν,</span> <span class='ocrx_word' id='word_1_89' title='bbox 427 1343 526 1394; x_wconf 77' lang='grc' dir='ltr'>καὶ</span> <span class='ocrx_word' id='word_1_90' title='bbox 548 1343 698 1406; x_wconf 83' lang='grc' dir='ltr'>ὅπως</span> <span class='ocrx_word' id='word_1_91' title='bbox 727 1343 889 1416; x_wconf 88' lang='grc' dir='ltr'>μέχρι</span> <span class='ocrx_word' id='word_1_92' title='bbox 917 1345 1012 1398; x_wconf 86' lang='grc' dir='ltr'>τοῦ</span> <span class='ocrx_word' id='word_1_93' title='bbox 1037 1345 1153 1410; x_wconf 88' lang='grc' dir='ltr'>νῦν,</span> <span class='ocrx_word' id='word_1_94' title='bbox 1177 1347 1452 1419; x_wconf 76' lang='grc' dir='ltr'>καὶμέχρι</span> <span class='ocrx_word' id='word_1_95' title='bbox 1473 1349 1572 1418; x_wconf 91' lang='grc' dir='ltr'>τῆς</span> <span class='ocrx_word' id='word_1_96' title='bbox 1595 1349 1902 1414; x_wconf 81' lang='grc' dir='ltr'>συντελείας</span> 
     </span>
    </p>
   </div>
   <div class='ocr_carea' id='block_1_13' title="bbox 213 1428 1902 1507">
    <p class='ocr_par' dir='ltr' id='par_1_13' title="bbox 213 1428 1902 1507">
     <span class='ocr_line' id='line_1_13' title="bbox 213 1428 1902 1507; baseline 0.007 -27"><span class='ocrx_word' id='word_1_97' title='bbox 213 1428 396 1498; x_wconf 78' lang='grc' dir='ltr'>αὐτῆς</span> <span class='ocrx_word' id='word_1_98' title='bbox 448 1429 749 1501; x_wconf 78' lang='grc' dir='ltr'>διαλάμπει</span> <span class='ocrx_word' id='word_1_99' title='bbox 787 1431 851 1485; x_wconf 83' lang='grc' dir='ltr'>τὸ</span> <span class='ocrx_word' id='word_1_100' title='bbox 890 1433 982 1484; x_wconf 86' lang='grc' dir='ltr'>ὑπ’</span> <span class='ocrx_word' id='word_1_101' title='bbox 1025 1433 1191 1486; x_wconf 87' lang='grc' dir='ltr'>αὐτοῦ</span> <span class='ocrx_word' id='word_1_102' title='bbox 1242 1437 1551 1507; x_wconf 84' lang='grc' dir='ltr'>εἰρημένον,</span> <span class='ocrx_word' id='word_1_103' title='bbox 1596 1437 1760 1490; x_wconf 79' lang='grc' dir='ltr'>ἄκουε</span> <span class='ocrx_word' id='word_1_104' title='bbox 1807 1441 1902 1492; x_wconf 74' lang='grc' dir='ltr'>καὶ</span> 
     </span>
    </p>
   </div>
   <div class='ocr_carea' id='block_1_14' title="bbox 213 1516 1902 1594">
    <p class='ocr_par' dir='ltr' id='par_1_14' title="bbox 213 1516 1902 1594">
     <span class='ocr_line' id='line_1_14' title="bbox 213 1516 1902 1594; baseline 0.007 -26"><span class='ocrx_word' id='word_1_105' title='bbox 213 1517 332 1568; x_wconf 81' lang='grc' dir='ltr'>τῶν</span> <span class='ocrx_word' id='word_1_106' title='bbox 365 1516 517 1587; x_wconf 81' lang='grc' dir='ltr'>ἑξῆς·</span> <span class='ocrx_word' id='word_1_107' title='bbox 553 1519 717 1587; x_wconf 83' lang='grc' dir='ltr'>Αὕτη</span> <span class='ocrx_word' id='word_1_108' title='bbox 754 1519 1124 1589; x_wconf 77' lang='grc' dir='ltr'>κληθήσεται</span> <span class='ocrx_word' id='word_1_109' title='bbox 1154 1522 1332 1591; x_wconf 81' lang='grc' dir='ltr'>γυνὴ,</span> <span class='ocrx_word' id='word_1_110' title='bbox 1367 1524 1550 1594; x_wconf 83' lang='grc' dir='ltr'>φησὶν,</span> <span class='ocrx_word' id='word_1_111' title='bbox 1581 1523 1671 1578; x_wconf 82' lang='grc' dir='ltr'>ὅτι</span> <span class='ocrx_word' id='word_1_112' title='bbox 1698 1525 1768 1579; x_wconf 82' lang='grc' dir='ltr'>ἐκ</span> <span class='ocrx_word' id='word_1_113' title='bbox 1793 1526 1902 1580; x_wconf 86' lang='grc' dir='ltr'>τοῦ</span> 
     </span>
    </p>
   </div>
   <div class='ocr_carea' id='block_1_15' title="bbox 212 1603 1900 1677">
    <p class='ocr_par' dir='ltr' id='par_1_15' title="bbox 212 1603 1900 1677">
     <span class='ocr_line' id='line_1_15' title="bbox 212 1603 1900 1677; baseline 0.006 -21"><span class='ocrx_word' id='word_1_114' title='bbox 212 1603 446 1673; x_wconf 71' lang='grc' dir='ltr'>ἀνδρὸς</span> <span class='ocrx_word' id='word_1_115' title='bbox 481 1605 676 1674; x_wconf 83' lang='grc' dir='ltr'>αὐτῆς</span> <span class='ocrx_word' id='word_1_116' title='bbox 709 1607 944 1677; x_wconf 68' lang='grc' dir='ltr'>ἐλήφθη</span> <span class='ocrx_word' id='word_1_117' title='bbox 983 1609 1160 1676; x_wconf 81' lang='grc' dir='ltr'>αὐτή.</span> <span class='ocrx_word' id='word_1_118' title='bbox 1207 1611 1356 1664; x_wconf 78' lang='grc' dir='ltr'>Ἄντί</span> <span class='ocrx_word' id='word_1_119' title='bbox 1378 1613 1592 1666; x_wconf 88' lang='grc' dir='ltr'>τούτου</span> <span class='ocrx_word' id='word_1_120' title='bbox 1626 1614 1900 1668; x_wconf 81' lang='grc' dir='ltr'>καταλεί-</span> 
     </span>
    </p>
   </div>
   <div class='ocr_carea' id='block_1_16' title="bbox 211 1693 1896 1772">
    <p class='ocr_par' dir='ltr' id='par_1_16' title="bbox 211 1693 1896 1772">
     <span class='ocr_line' id='line_1_16' title="bbox 211 1693 1896 1772; baseline 0.006 -27"><span class='ocrx_word' id='word_1_121' title='bbox 211 1695 318 1759; x_wconf 63' lang='grc' dir='ltr'>ψει</span> <span class='ocrx_word' id='word_1_122' title='bbox 363 1693 682 1762; x_wconf 77' lang='grc' dir='ltr'>ἅνθρωπος</span> <span class='ocrx_word' id='word_1_123' title='bbox 729 1695 838 1749; x_wconf 74' lang='grc' dir='ltr'>τὸν</span> <span class='ocrx_word' id='word_1_124' title='bbox 881 1697 1108 1766; x_wconf 79' lang='grc' dir='ltr'>πατέρα</span> <span class='ocrx_word' id='word_1_125' title='bbox 1148 1699 1334 1752; x_wconf 84' lang='grc' dir='ltr'>αὐτοῦ</span> <span class='ocrx_word' id='word_1_126' title='bbox 1378 1701 1476 1753; x_wconf 75' lang='grc' dir='ltr'>καὶ</span> <span class='ocrx_word' id='word_1_127' title='bbox 1508 1700 1624 1768; x_wconf 78' lang='grc' dir='ltr'>τὴν</span> <span class='ocrx_word' id='word_1_128' title='bbox 1647 1703 1896 1772; x_wconf 81' lang='grc' dir='ltr'>μητέρα,</span> 
     </span>
    </p>
   </div>
   <div class='ocr_carea' id='block_1_17' title="bbox 213 1781 1900 1858">
    <p class='ocr_par' dir='ltr' id='par_1_17' title="bbox 213 1781 1900 1858">
     <span class='ocr_line' id='line_1_17' title="bbox 213 1781 1900 1858; baseline 0.005 -22"><span class='ocrx_word' id='word_1_129' title='bbox 213 1781 317 1836; x_wconf 71' lang='grc' dir='ltr'>καὶ</span> <span class='ocrx_word' id='word_1_130' title='bbox 342 1783 959 1851; x_wconf 71' lang='grc' dir='ltr'>προσκολληθήσεται</span> <span class='ocrx_word' id='word_1_131' title='bbox 977 1785 1130 1853; x_wconf 82' lang='grc' dir='ltr'>πρὸς</span> <span class='ocrx_word' id='word_1_132' title='bbox 1147 1787 1264 1854; x_wconf 76' lang='grc' dir='ltr'>τὴν</span> <span class='ocrx_word' id='word_1_133' title='bbox 1280 1787 1536 1856; x_wconf 71' lang='grc' dir='ltr'>γυναῖκα</span> <span class='ocrx_word' id='word_1_134' title='bbox 1563 1789 1772 1858; x_wconf 81' lang='grc' dir='ltr'>αὑτοῦ,</span> <span class='ocrx_word' id='word_1_135' title='bbox 1800 1791 1900 1844; x_wconf 77' lang='grc' dir='ltr'>καὶ</span> 
     </span>
    </p>
   </div>
   <div class='ocr_carea' id='block_1_18' title="bbox 210 1870 1898 1943">
    <p class='ocr_par' dir='ltr' id='par_1_18' title="bbox 210 1870 1898 1943">
     <span class='ocr_line' id='line_1_18' title="bbox 210 1870 1898 1943; baseline 0.006 -21"><span class='ocrx_word' id='word_1_136' title='bbox 210 1870 463 1924; x_wconf 79' lang='grc' dir='ltr'>ἔσονται</span> <span class='ocrx_word' id='word_1_137' title='bbox 509 1873 566 1924; x_wconf 78' lang='grc' dir='ltr'>οἱ</span> <span class='ocrx_word' id='word_1_138' title='bbox 611 1871 726 1925; x_wconf 82' lang='grc' dir='ltr'>δύο</span> <span class='ocrx_word' id='word_1_139' title='bbox 755 1875 844 1938; x_wconf 83' lang='grc' dir='ltr'>εἰς</span> <span class='ocrx_word' id='word_1_140' title='bbox 876 1872 1074 1941; x_wconf 79' lang='grc' dir='ltr'>σάρκα</span> <span class='ocrx_word' id='word_1_141' title='bbox 1109 1875 1276 1943; x_wconf 80' lang='grc' dir='ltr'>μίαν.</span> <span class='ocrx_word' id='word_1_142' title='bbox 1319 1872 1474 1940; x_wconf 83' lang='grc' dir='ltr'>Εἶδες</span> <span class='ocrx_word' id='word_1_143' title='bbox 1518 1877 1639 1940; x_wconf 87' lang='grc' dir='ltr'>πῶς</span> <span class='ocrx_word' id='word_1_144' title='bbox 1683 1877 1898 1932; x_wconf 78' lang='grc' dir='ltr'>ἅπαντα</span> 
     </span>
    </p>
   </div>
   <div class='ocr_carea' id='block_1_19' title="bbox 210 1958 1896 2037">
    <p class='ocr_par' dir='ltr' id='par_1_19' title="bbox 210 1958 1896 2037">
     <span class='ocr_line' id='line_1_19' title="bbox 210 1958 1896 2037; baseline 0.007 -28"><span class='ocrx_word' id='word_1_145' title='bbox 210 1958 346 2028; x_wconf 76' lang='grc' dir='ltr'>ἡμῖν</span> <span class='ocrx_word' id='word_1_146' title='bbox 388 1959 712 2030; x_wconf 81' lang='grc' dir='ltr'>παρήνοιξε,</span> <span class='ocrx_word' id='word_1_147' title='bbox 754 1960 846 2014; x_wconf 83' lang='grc' dir='ltr'>διὰ</span> <span class='ocrx_word' id='word_1_148' title='bbox 885 1962 986 2032; x_wconf 90' lang='grc' dir='ltr'>τῆς</span> <span class='ocrx_word' id='word_1_149' title='bbox 1035 1962 1244 2027; x_wconf 77' lang='grc' dir='ltr'>οἰκείας</span> <span class='ocrx_word' id='word_1_150' title='bbox 1286 1965 1623 2037; x_wconf 80' lang='grc' dir='ltr'>προφητείας</span> <span class='ocrx_word' id='word_1_151' title='bbox 1669 1966 1896 2022; x_wconf 76' lang='grc' dir='ltr'>ἕκαστον</span> 
     </span>
    </p>
   </div>
   <div class='ocr_carea' id='block_1_20' title="bbox 213 2045 1894 2124">
    <p class='ocr_par' dir='ltr' id='par_1_20' title="bbox 213 2045 1894 2124">
     <span class='ocr_line' id='line_1_20' title="bbox 213 2045 1894 2124; baseline 0.008 -28"><span class='ocrx_word' id='word_1_152' title='bbox 213 2045 354 2114; x_wconf 86' lang='grc' dir='ltr'>μετά</span> <span class='ocrx_word' id='word_1_153' title='bbox 369 2047 664 2117; x_wconf 83' lang='grc' dir='ltr'>ἀκριϐείας</span> <span class='ocrx_word' id='word_1_154' title='bbox 677 2048 945 2120; x_wconf 77' lang='grc' dir='ltr'>δηλώσαςς</span> <span class='ocrx_word' id='word_1_155' title='bbox 965 2050 1150 2119; x_wconf 85' lang='grc' dir='ltr'>Αὕτη,</span> <span class='ocrx_word' id='word_1_156' title='bbox 1163 2053 1315 2122; x_wconf 76' lang='grc' dir='ltr'>φησὶ,</span> <span class='ocrx_word' id='word_1_157' title='bbox 1329 2053 1702 2121; x_wconf 81' lang='grc' dir='ltr'>κληθήσεται</span> <span class='ocrx_word' id='word_1_158' title='bbox 1716 2056 1894 2124; x_wconf 72' lang='grc' dir='ltr'>γυνὴ,</span> 
     </span>
    </p>
   </div>
   <div class='ocr_carea' id='block_1_21' title="bbox 209 2132 1895 2215">
    <p class='ocr_par' dir='ltr' id='par_1_21' title="bbox 209 2132 1895 2215">
     <span class='ocr_line' id='line_1_21' title="bbox 209 2132 1895 2215; baseline 0.006 -29"><span class='ocrx_word' id='word_1_159' title='bbox 209 2132 300 2187; x_wconf 83' lang='grc' dir='ltr'>ὅτι</span> <span class='ocrx_word' id='word_1_160' title='bbox 346 2135 421 2188; x_wconf 76' lang='grc' dir='ltr'>ἐκ</span> <span class='ocrx_word' id='word_1_161' title='bbox 471 2136 579 2189; x_wconf 88' lang='grc' dir='ltr'>τοῦ</span> <span class='ocrx_word' id='word_1_162' title='bbox 612 2136 834 2205; x_wconf 83' lang='grc' dir='ltr'>ἀνδρὸς</span> <span class='ocrx_word' id='word_1_163' title='bbox 882 2137 1075 2207; x_wconf 80' lang='grc' dir='ltr'>αὐτῆς</span> <span class='ocrx_word' id='word_1_164' title='bbox 1121 2140 1378 2209; x_wconf 63' lang='grc' dir='ltr'>ἐλήφθη.</span> <span class='ocrx_word' id='word_1_165' title='bbox 1415 2141 1584 2196; x_wconf 86' lang='grc' dir='ltr'>Πάλιν</span> <span class='ocrx_word' id='word_1_166' title='bbox 1626 2145 1760 2213; x_wconf 82' lang='grc' dir='ltr'>ήμίν</span> <span class='ocrx_word' id='word_1_167' title='bbox 1795 2144 1895 2215; x_wconf 85' lang='grc' dir='ltr'>τὴν</span> 
     </span>
    </p>
   </div>
   <div class='ocr_carea' id='block_1_22' title="bbox 210 2222 1896 2302">
    <p class='ocr_par' dir='ltr' id='par_1_22' title="bbox 210 2222 1896 2302">
     <span class='ocr_line' id='line_1_22' title="bbox 210 2222 1896 2302; baseline 0.007 -28"><span class='ocrx_word' id='word_1_168' title='bbox 210 2222 504 2294; x_wconf 74' lang='grc' dir='ltr'>ἀφαίρεσιν</span> <span class='ocrx_word' id='word_1_169' title='bbox 537 2226 638 2296; x_wconf 84' lang='grc' dir='ltr'>τῆς</span> <span class='ocrx_word' id='word_1_170' title='bbox 671 2225 912 2298; x_wconf 81' lang='grc' dir='ltr'>πλευρᾶς</span> <span class='ocrx_word' id='word_1_171' title='bbox 947 2228 1262 2282; x_wconf 77' lang='grc' dir='ltr'>αἰνίττεται·</span> <span class='ocrx_word' id='word_1_172' title='bbox 1296 2225 1418 2284; x_wconf 75' lang='grc' dir='ltr'>εἶτα</span> <span class='ocrx_word' id='word_1_173' title='bbox 1439 2230 1615 2300; x_wconf 90' lang='grc' dir='ltr'>δηλῶν</span> <span class='ocrx_word' id='word_1_174' title='bbox 1649 2231 1720 2285; x_wconf 87' lang='grc' dir='ltr'>τά</span> <span class='ocrx_word' id='word_1_175' title='bbox 1766 2233 1896 2302; x_wconf 76' lang='grc' dir='ltr'>μέλ-</span> 
     </span>
    </p>
   </div>
   <div class='ocr_carea' id='block_1_23' title="bbox 209 2307 1895 2390">
    <p class='ocr_par' dir='ltr' id='par_1_23' title="bbox 209 2307 1895 2390">
     <span class='ocr_line' id='line_1_23' title="bbox 209 2307 1895 2390; baseline 0.008 -29"><span class='ocrx_word' id='word_1_176' title='bbox 209 2307 370 2363; x_wconf 81' lang='grc' dir='ltr'>λοντα</span> <span class='ocrx_word' id='word_1_177' title='bbox 400 2313 804 2382; x_wconf 86' lang='grc' dir='ltr'>συμϐήσεσθαι,</span> <span class='ocrx_word' id='word_1_178' title='bbox 843 2316 1027 2386; x_wconf 78' lang='grc' dir='ltr'>φησιν’</span> <span class='ocrx_word' id='word_1_179' title='bbox 1076 2318 1234 2371; x_wconf 72' lang='grc' dir='ltr'>Ἀντί</span> <span class='ocrx_word' id='word_1_180' title='bbox 1281 2319 1498 2374; x_wconf 84' lang='grc' dir='ltr'>τούτου</span> <span class='ocrx_word' id='word_1_181' title='bbox 1545 2321 1895 2390; x_wconf 79' lang='grc' dir='ltr'>καταλείψει</span> 
     </span>
    </p>
   </div>
   <div class='ocr_carea' id='block_1_24' title="bbox 209 2395 1890 2477">
    <p class='ocr_par' dir='ltr' id='par_1_24' title="bbox 209 2395 1890 2477">
     <span class='ocr_line' id='line_1_24' title="bbox 209 2395 1890 2477; baseline 0.008 -27"><span class='ocrx_word' id='word_1_182' title='bbox 209 2395 526 2466; x_wconf 77' lang='grc' dir='ltr'>ἄνθρωπος</span> <span class='ocrx_word' id='word_1_183' title='bbox 551 2401 660 2453; x_wconf 80' lang='grc' dir='ltr'>τὸν</span> <span class='ocrx_word' id='word_1_184' title='bbox 691 2403 914 2471; x_wconf 84' lang='grc' dir='ltr'>πατέρα</span> <span class='ocrx_word' id='word_1_185' title='bbox 947 2404 1136 2458; x_wconf 83' lang='grc' dir='ltr'>αὐτοῦ</span> <span class='ocrx_word' id='word_1_186' title='bbox 1163 2406 1261 2459; x_wconf 79' lang='grc' dir='ltr'>καὶ</span> <span class='ocrx_word' id='word_1_187' title='bbox 1289 2405 1404 2474; x_wconf 81' lang='grc' dir='ltr'>τὴν</span> <span class='ocrx_word' id='word_1_188' title='bbox 1426 2407 1656 2477; x_wconf 82' lang='grc' dir='ltr'>μητέρα</span> <span class='ocrx_word' id='word_1_189' title='bbox 1678 2409 1890 2474; x_wconf 84' lang='grc' dir='ltr'>αὐτοῦ,</span> 
     </span>
    </p>
   </div>
   <div class='ocr_carea' id='block_1_25' title="bbox 207 2485 1890 2564">
    <p class='ocr_par' dir='ltr' id='par_1_25' title="bbox 207 2485 1890 2564">
     <span class='ocr_line' id='line_1_25' title="bbox 207 2485 1890 2564; baseline 0.007 -26"><span class='ocrx_word' id='word_1_190' title='bbox 207 2485 304 2538; x_wconf 75' lang='grc' dir='ltr'>καὶ</span> <span class='ocrx_word' id='word_1_191' title='bbox 366 2488 986 2556; x_wconf 70' lang='grc' dir='ltr'>προσκολληθήσεται</span> <span class='ocrx_word' id='word_1_192' title='bbox 1030 2490 1179 2561; x_wconf 82' lang='grc' dir='ltr'>πρὸς</span> <span class='ocrx_word' id='word_1_193' title='bbox 1224 2494 1340 2560; x_wconf 76' lang='grc' dir='ltr'>τὴν</span> <span class='ocrx_word' id='word_1_194' title='bbox 1383 2495 1639 2564; x_wconf 72' lang='grc' dir='ltr'>γυναῖκα</span> <span class='ocrx_word' id='word_1_195' title='bbox 1679 2496 1890 2561; x_wconf 86' lang='grc' dir='ltr'>αὐτοῦ,</span> 
     </span>
    </p>
   </div>
   <div class='ocr_carea' id='block_1_26' title="bbox 207 2573 1890 2654">
    <p class='ocr_par' dir='ltr' id='par_1_26' title="bbox 207 2573 1890 2654">
     <span class='ocr_line' id='line_1_26' title="bbox 207 2573 1890 2654; baseline 0.008 -30"><span class='ocrx_word' id='word_1_196' title='bbox 207 2573 304 2624; x_wconf 75' lang='grc' dir='ltr'>καὶ</span> <span class='ocrx_word' id='word_1_197' title='bbox 334 2573 592 2628; x_wconf 75' lang='grc' dir='ltr'>ἔσονται</span> <span class='ocrx_word' id='word_1_198' title='bbox 625 2578 682 2629; x_wconf 77' lang='grc' dir='ltr'>οἱ</span> <span class='ocrx_word' id='word_1_199' title='bbox 714 2575 824 2631; x_wconf 81' lang='grc' dir='ltr'>δύο</span> <span class='ocrx_word' id='word_1_200' title='bbox 851 2579 939 2644; x_wconf 82' lang='grc' dir='ltr'>εἰς</span> <span class='ocrx_word' id='word_1_201' title='bbox 976 2578 1176 2647; x_wconf 83' lang='grc' dir='ltr'>σάρκα</span> <span class='ocrx_word' id='word_1_202' title='bbox 1202 2581 1371 2648; x_wconf 81' lang='grc' dir='ltr'>μίαν.</span> <span class='ocrx_word' id='word_1_203' title='bbox 1407 2582 1600 2645; x_wconf 82' lang='grc' dir='ltr'>Πόθεν,</span> <span class='ocrx_word' id='word_1_204' title='bbox 1623 2585 1745 2636; x_wconf 88' lang='grc' dir='ltr'>εἰπέ</span> <span class='ocrx_word' id='word_1_205' title='bbox 1777 2602 1890 2654; x_wconf 90' lang='grc' dir='ltr'>μοι,</span> 
     </span>
    </p>
   </div>
   <div class='ocr_carea' id='block_1_27' title="bbox 206 2659 1890 2743">
    <p class='ocr_par' dir='ltr' id='par_1_27' title="bbox 206 2659 1890 2743">
     <span class='ocr_line' id='line_1_27' title="bbox 206 2659 1890 2743; baseline 0.008 -30"><span class='ocrx_word' id='word_1_206' title='bbox 206 2659 379 2743; x_wconf 68' lang='grc' dir='ltr'>ταῦτα</span> <span class='ocrx_word' id='word_1_207' title='bbox 433 2663 670 2733; x_wconf 75' lang='grc' dir='ltr'>ἐπῆλθεν</span> <span class='ocrx_word' id='word_1_208' title='bbox 708 2664 857 2736; x_wconf 87' lang='grc' dir='ltr'>αὐτῷ</span> <span class='ocrx_word' id='word_1_209' title='bbox 893 2665 1255 2736; x_wconf 80' lang='grc' dir='ltr'>φθέγξασθαι;</span> <span class='ocrx_word' id='word_1_210' title='bbox 1298 2668 1462 2724; x_wconf 88' lang='grc' dir='ltr'>πόθεν</span> <span class='ocrx_word' id='word_1_211' title='bbox 1490 2671 1608 2741; x_wconf 78' lang='grc' dir='ltr'>ᾔδει</span> <span class='ocrx_word' id='word_1_212' title='bbox 1651 2671 1722 2725; x_wconf 78' lang='grc' dir='ltr'>τὰ</span> <span class='ocrx_word' id='word_1_213' title='bbox 1761 2673 1890 2743; x_wconf 88' lang='grc' dir='ltr'>μέλ-</span> 
     </span>
    </p>
   </div>
   <div class='ocr_carea' id='block_1_28' title="bbox 205 2739 1890 2826">
    <p class='ocr_par' dir='ltr' id='par_1_28' title="bbox 205 2739 1890 2826">
     <span class='ocr_line' id='line_1_28' title="bbox 205 2739 1890 2826; baseline 0.009 -32"><span class='ocrx_word' id='word_1_214' title='bbox 205 2739 389 2808; x_wconf 80' lang='grc' dir='ltr'>λοντα,</span> <span class='ocrx_word' id='word_1_215' title='bbox 441 2746 540 2798; x_wconf 71' lang='grc' dir='ltr'>καὶ</span> <span class='ocrx_word' id='word_1_216' title='bbox 571 2746 655 2799; x_wconf 87' lang='grc' dir='ltr'>ὅτι</span> <span class='ocrx_word' id='word_1_217' title='bbox 699 2748 781 2812; x_wconf 89' lang='grc' dir='ltr'>εἰς</span> <span class='ocrx_word' id='word_1_218' title='bbox 809 2749 1010 2818; x_wconf 79' lang='grc' dir='ltr'>πλῆθος</span> <span class='ocrx_word' id='word_1_219' title='bbox 1051 2752 1306 2805; x_wconf 79' lang='grc' dir='ltr'>ἐπιδώσει</span> <span class='ocrx_word' id='word_1_220' title='bbox 1343 2753 1403 2806; x_wconf 88' lang='grc' dir='ltr'>τὸ</span> <span class='ocrx_word' id='word_1_221' title='bbox 1444 2739 1553 2807; x_wconf 79' lang='grc' dir='ltr'>τῶν</span> <span class='ocrx_word' id='word_1_222' title='bbox 1587 2739 1890 2826; x_wconf 80' lang='grc' dir='ltr'>ἀνθρώπων</span> 
     </span>
    </p>
   </div>
   <div class='ocr_carea' id='block_1_29' title="bbox 206 2829 1891 2913">
    <p class='ocr_par' dir='ltr' id='par_1_29' title="bbox 206 2829 1891 2913">
     <span class='ocr_line' id='line_1_29' title="bbox 206 2829 1891 2913; baseline 0.008 -31"><span class='ocrx_word' id='word_1_223' title='bbox 206 2829 396 2897; x_wconf 86' lang='grc' dir='ltr'>γένος;</span> <span class='ocrx_word' id='word_1_224' title='bbox 463 2833 547 2886; x_wconf 81' lang='grc' dir='ltr'>ὅτι</span> <span class='ocrx_word' id='word_1_225' title='bbox 604 2835 714 2906; x_wconf 85' lang='grc' dir='ltr'>γάρ</span> <span class='ocrx_word' id='word_1_226' title='bbox 771 2837 1026 2891; x_wconf 87' lang='grc' dir='ltr'>συνουσία</span> <span class='ocrx_word' id='word_1_227' title='bbox 1092 2839 1242 2894; x_wconf 82' lang='grc' dir='ltr'>ἔσται</span> <span class='ocrx_word' id='word_1_228' title='bbox 1296 2841 1484 2913; x_wconf 80' lang='grc' dir='ltr'>ἀνδρὸς</span> <span class='ocrx_word' id='word_1_229' title='bbox 1547 2843 1643 2896; x_wconf 77' lang='grc' dir='ltr'>καὶ</span> <span class='ocrx_word' id='word_1_230' title='bbox 1703 2861 1891 2912; x_wconf 87' lang='grc' dir='ltr'>γυναι-</span> 
     </span>
    </p>
   </div>
   <div class='ocr_carea' id='block_1_30' title="bbox 203 2918 1891 3001">
    <p class='ocr_par' dir='ltr' id='par_1_30' title="bbox 203 2918 1891 3001">
     <span class='ocr_line' id='line_1_30' title="bbox 203 2918 1891 3001; baseline 0.009 -31"><span class='ocrx_word' id='word_1_231' title='bbox 203 2918 321 2982; x_wconf 76' lang='grc' dir='ltr'>κὸς,</span> <span class='ocrx_word' id='word_1_232' title='bbox 379 2918 554 2974; x_wconf 82' lang='grc' dir='ltr'>πόθεν</span> <span class='ocrx_word' id='word_1_233' title='bbox 601 2923 902 2992; x_wconf 73' lang='grc' dir='ltr'>ἡπίστατος</span> <span class='ocrx_word' id='word_1_234' title='bbox 958 2926 1114 2981; x_wconf 83' lang='grc' dir='ltr'>Μετά</span> <span class='ocrx_word' id='word_1_235' title='bbox 1163 2928 1272 3000; x_wconf 77' lang='grc' dir='ltr'>γὰρ</span> <span class='ocrx_word' id='word_1_236' title='bbox 1325 2929 1424 3001; x_wconf 83' lang='grc' dir='ltr'>τὴν</span> <span class='ocrx_word' id='word_1_237' title='bbox 1462 2930 1775 3001; x_wconf 88' lang='grc' dir='ltr'>παράϐασιν</span> <span class='ocrx_word' id='word_1_238' title='bbox 1822 2932 1891 2986; x_wconf 76' lang='grc' dir='ltr'>τὰ</span> 
     </span>
    </p>
   </div>
   <div class='ocr_carea' id='block_1_31' title="bbox 202 3007 1888 3091">
    <p class='ocr_par' dir='ltr' id='par_1_31' title="bbox 202 3007 1888 3091">
     <span class='ocr_line' id='line_1_31' title="bbox 202 3007 1888 3091; baseline 0.009 -33"><span class='ocrx_word' id='word_1_239' title='bbox 202 3008 300 3076; x_wconf 73' lang='grc' dir='ltr'>τῆς</span> <span class='ocrx_word' id='word_1_240' title='bbox 329 3007 625 3072; x_wconf 85' lang='grc' dir='ltr'>συνουσίας</span> <span class='ocrx_word' id='word_1_241' title='bbox 657 3011 914 3078; x_wconf 84' lang='grc' dir='ltr'>γέγονεν·</span> <span class='ocrx_word' id='word_1_242' title='bbox 961 3015 1083 3067; x_wconf 81' lang='grc' dir='ltr'>ἐπεὶ</span> <span class='ocrx_word' id='word_1_243' title='bbox 1133 3015 1326 3087; x_wconf 88' lang='grc' dir='ltr'>μέχρις</span> <span class='ocrx_word' id='word_1_244' title='bbox 1371 3017 1582 3071; x_wconf 87' lang='grc' dir='ltr'>ἐκείνου</span> <span class='ocrx_word' id='word_1_245' title='bbox 1634 3018 1888 3091; x_wconf 88' lang='grc' dir='ltr'>καθάπερ</span> 
     </span>
    </p>
   </div>
   <div class='ocr_carea' id='block_1_32' title="bbox 201 3093 1890 3178">
    <p class='ocr_par' dir='ltr' id='par_1_32' title="bbox 201 3093 1890 3178">
     <span class='ocr_line' id='line_1_32' title="bbox 201 3093 1890 3178; baseline 0.008 -33"><span class='ocrx_word' id='word_1_246' title='bbox 201 3093 427 3162; x_wconf 71' lang='grc' dir='ltr'>ἄγγελοι</span> <span class='ocrx_word' id='word_1_247' title='bbox 454 3095 601 3150; x_wconf 80' lang='grc' dir='ltr'>οὕτω</span> <span class='ocrx_word' id='word_1_248' title='bbox 631 3097 890 3170; x_wconf 83' lang='grc' dir='ltr'>διῃτῶντο</span> <span class='ocrx_word' id='word_1_249' title='bbox 917 3102 977 3154; x_wconf 91' lang='grc' dir='ltr'>ἐν</span> <span class='ocrx_word' id='word_1_250' title='bbox 1013 3102 1091 3173; x_wconf 85' lang='grc' dir='ltr'>τῷ</span> <span class='ocrx_word' id='word_1_251' title='bbox 1123 3104 1458 3176; x_wconf 85' lang='grc' dir='ltr'>παραδείσῳ,</span> <span class='ocrx_word' id='word_1_252' title='bbox 1507 3106 1608 3178; x_wconf 85' lang='grc' dir='ltr'>οὐχ</span> <span class='ocrx_word' id='word_1_253' title='bbox 1632 3107 1738 3161; x_wconf 79' lang='grc' dir='ltr'>ὑπὸ</span> <span class='ocrx_word' id='word_1_254' title='bbox 1768 3109 1890 3161; x_wconf 74' lang='grc' dir='ltr'>ἐπι·</span> 
     </span>
    </p>
   </div>
   <div class='ocr_carea' id='block_1_33' title="bbox 202 3181 1886 3266">
    <p class='ocr_par' dir='ltr' id='par_1_33' title="bbox 202 3181 1886 3266">
     <span class='ocr_line' id='line_1_33' title="bbox 202 3181 1886 3266; baseline 0.009 -32"><span class='ocrx_word' id='word_1_255' title='bbox 202 3181 408 3252; x_wconf 79' lang='grc' dir='ltr'>θυμίας</span> <span class='ocrx_word' id='word_1_256' title='bbox 440 3183 783 3256; x_wconf 75' lang='grc' dir='ltr'>φλεγόμενοι,</span> <span class='ocrx_word' id='word_1_257' title='bbox 835 3187 934 3260; x_wconf 87' lang='grc' dir='ltr'>οὐχ</span> <span class='ocrx_word' id='word_1_258' title='bbox 959 3189 1065 3242; x_wconf 77' lang='grc' dir='ltr'>ὑπὸ</span> <span class='ocrx_word' id='word_1_259' title='bbox 1097 3191 1299 3262; x_wconf 89' lang='grc' dir='ltr'>ἐτέρων</span> <span class='ocrx_word' id='word_1_260' title='bbox 1340 3191 1532 3246; x_wconf 86' lang='grc' dir='ltr'>παθῶν</span> <span class='ocrx_word' id='word_1_261' title='bbox 1569 3194 1886 3266; x_wconf 89' lang='grc' dir='ltr'>πολιορκού-</span> 
     </span>
    </p>
   </div>
   <div class='ocr_carea' id='block_1_34' title="bbox 202 3273 1886 3352">
    <p class='ocr_par' dir='ltr' id='par_1_34' title="bbox 202 3273 1886 3352">
     <span class='ocr_line' id='line_1_34' title="bbox 202 3273 1886 3352; baseline 0.01 -30"><span class='ocrx_word' id='word_1_262' title='bbox 202 3287 380 3338; x_wconf 81' lang='grc' dir='ltr'>μενοι,</span> <span class='ocrx_word' id='word_1_263' title='bbox 410 3273 473 3324; x_wconf 86' lang='grc' dir='ltr'>οὐ</span> <span class='ocrx_word' id='word_1_264' title='bbox 503 3276 626 3336; x_wconf 85' lang='grc' dir='ltr'>ταῖς</span> <span class='ocrx_word' id='word_1_265' title='bbox 671 3275 941 3342; x_wconf 80' lang='grc' dir='ltr'>ἀνάγκαις</span> <span class='ocrx_word' id='word_1_266' title='bbox 973 3279 1072 3349; x_wconf 84' lang='grc' dir='ltr'>τῆς</span> <span class='ocrx_word' id='word_1_267' title='bbox 1097 3279 1313 3348; x_wconf 88' lang='grc' dir='ltr'>φύσεως</span> <span class='ocrx_word' id='word_1_268' title='bbox 1349 3281 1718 3352; x_wconf 86' lang='grc' dir='ltr'>ὐποκείμενοι,</span> <span class='ocrx_word' id='word_1_269' title='bbox 1750 3283 1886 3338; x_wconf 84' lang='grc' dir='ltr'>ἀλλά</span> 
     </span>
    </p>
   </div>
   <div class='ocr_carea' id='block_1_35' title="bbox 197 3357 1885 3439">
    <p class='ocr_par' dir='ltr' id='par_1_35' title="bbox 197 3357 1885 3439">
     <span class='ocr_line' id='line_1_35' title="bbox 197 3357 1885 3439; baseline 0.01 -30"><span class='ocrx_word' id='word_1_270' title='bbox 197 3357 266 3409; x_wconf 79' lang='grc' dir='ltr'>δι’</span> <span class='ocrx_word' id='word_1_271' title='bbox 293 3358 423 3412; x_wconf 84' lang='grc' dir='ltr'>ὅλου</span> <span class='ocrx_word' id='word_1_272' title='bbox 444 3360 720 3434; x_wconf 75' lang='grc' dir='ltr'>ἄφθαρτοι</span> <span class='ocrx_word' id='word_1_273' title='bbox 751 3365 1062 3431; x_wconf 72' lang='grc' dir='ltr'>κτισθέντες</span> <span class='ocrx_word' id='word_1_274' title='bbox 1093 3369 1187 3421; x_wconf 77' lang='grc' dir='ltr'>καὶ</span> <span class='ocrx_word' id='word_1_275' title='bbox 1202 3369 1481 3433; x_wconf 86' lang='grc' dir='ltr'>ἀθάνατοι,</span> <span class='ocrx_word' id='word_1_276' title='bbox 1521 3372 1654 3424; x_wconf 82' lang='grc' dir='ltr'>ὅπου</span> <span class='ocrx_word' id='word_1_277' title='bbox 1677 3388 1745 3439; x_wconf 88' lang='grc' dir='ltr'>γε</span> <span class='ocrx_word' id='word_1_278' title='bbox 1763 3373 1885 3427; x_wconf 85' lang='grc' dir='ltr'>οὐδὲ</span> 
     </span>
    </p>
   </div>
   <div class='ocr_carea' id='block_1_36' title="bbox 196 3447 1881 3533">
    <p class='ocr_par' dir='ltr' id='par_1_36' title="bbox 196 3447 1881 3533">
     <span class='ocr_line' id='line_1_36' title="bbox 196 3447 1881 3533; baseline 0.01 -35"><span class='ocrx_word' id='word_1_279' title='bbox 196 3449 297 3517; x_wconf 80' lang='grc' dir='ltr'>τῆς</span> <span class='ocrx_word' id='word_1_280' title='bbox 317 3447 434 3501; x_wconf 77' lang='grc' dir='ltr'>τῶν</span> <span class='ocrx_word' id='word_1_281' title='bbox 463 3451 699 3520; x_wconf 78' lang='grc' dir='ltr'>ἱματίων</span> <span class='ocrx_word' id='word_1_282' title='bbox 719 3453 1010 3526; x_wconf 87' lang='grc' dir='ltr'>περιϐολῆς</span> <span class='ocrx_word' id='word_1_283' title='bbox 1041 3457 1266 3512; x_wconf 85' lang='grc' dir='ltr'>ἐδέοντο.</span> <span class='ocrx_word' id='word_1_284' title='bbox 1297 3453 1506 3513; x_wconf 77' lang='grc' dir='ltr'>Ἦσαν</span> <span class='ocrx_word' id='word_1_285' title='bbox 1531 3459 1660 3531; x_wconf 90' lang='grc' dir='ltr'>γάρ,</span> <span class='ocrx_word' id='word_1_286' title='bbox 1694 3461 1881 3533; x_wconf 74' lang='grc' dir='ltr'>φησὶν,</span> 
     </span>
    </p>
   </div>
   <div class='ocr_carea' id='block_1_37' title="bbox 196 3533 1886 3619">
    <p class='ocr_par' dir='ltr' id='par_1_37' title="bbox 196 3533 1886 3619">
     <span class='ocr_line' id='line_1_37' title="bbox 196 3533 1886 3619; baseline 0.009 -33"><span class='ocrx_word' id='word_1_287' title='bbox 196 3536 250 3586; x_wconf 74' lang='grc' dir='ltr'>οἱ</span> <span class='ocrx_word' id='word_1_288' title='bbox 281 3533 400 3590; x_wconf 78' lang='grc' dir='ltr'>δύο</span> <span class='ocrx_word' id='word_1_289' title='bbox 424 3537 663 3605; x_wconf 70' lang='grc' dir='ltr'>γυμνοὶ,</span> <span class='ocrx_word' id='word_1_290' title='bbox 697 3539 796 3592; x_wconf 75' lang='grc' dir='ltr'>καί</span> <span class='ocrx_word' id='word_1_291' title='bbox 835 3543 946 3595; x_wconf 83' lang='grc' dir='ltr'>οὐκ</span> <span class='ocrx_word' id='word_1_292' title='bbox 973 3543 1340 3612; x_wconf 74' lang='grc' dir='ltr'>ᾐσχύνοντο.</span> <span class='ocrx_word' id='word_1_293' title='bbox 1400 3545 1626 3600; x_wconf 78' lang='grc' dir='ltr'>Οὐδέπω</span> <span class='ocrx_word' id='word_1_294' title='bbox 1655 3546 1765 3618; x_wconf 86' lang='grc' dir='ltr'>γὰρ</span> <span class='ocrx_word' id='word_1_295' title='bbox 1786 3549 1886 3619; x_wconf 89' lang='grc' dir='ltr'>τῆς</span> 
     </span>
    </p>
   </div>
   <div class='ocr_carea' id='block_1_38' title="bbox 198 3622 1882 3706">
    <p class='ocr_par' dir='ltr' id='par_1_38' title="bbox 198 3622 1882 3706">
     <span class='ocr_line' id='line_1_38' title="bbox 198 3622 1882 3706; baseline 0.01 -33"><span class='ocrx_word' id='word_1_296' title='bbox 198 3622 484 3692; x_wconf 80' lang='grc' dir='ltr'>ἁμαρτίας</span> <span class='ocrx_word' id='word_1_297' title='bbox 513 3625 937 3698; x_wconf 86' lang='grc' dir='ltr'>ὑπεισελθούσης</span> <span class='ocrx_word' id='word_1_298' title='bbox 962 3641 1010 3692; x_wconf 75' lang='grc' dir='ltr'>α,</span> <span class='ocrx_word' id='word_1_299' title='bbox 1038 3631 1130 3684; x_wconf 67' lang='grc' dir='ltr'>καὶ⁵</span> <span class='ocrx_word' id='word_1_300' title='bbox 1153 3631 1255 3702; x_wconf 83' lang='grc' dir='ltr'>τῆς</span> <span class='ocrx_word' id='word_1_301' title='bbox 1275 3635 1590 3704; x_wconf 81' lang='grc' dir='ltr'>παρακοῆς,</span> <span class='ocrx_word' id='word_1_302' title='bbox 1642 3637 1708 3706; x_wconf 83' lang='grc' dir='ltr'>τῇ</span> <span class='ocrx_word' id='word_1_303' title='bbox 1741 3637 1882 3690; x_wconf 77' lang='grc' dir='ltr'>ἄνω-</span> 
     </span>
    </p>
   </div>
   <div class='ocr_carea' id='block_1_39' title="bbox 195 3706 1882 3792">
    <p class='ocr_par' dir='ltr' id='par_1_39' title="bbox 195 3706 1882 3792">
     <span class='ocr_line' id='line_1_39' title="bbox 195 3706 1882 3792; baseline 0.009 -31"><span class='ocrx_word' id='word_1_304' title='bbox 195 3707 288 3762; x_wconf 83' lang='grc' dir='ltr'>θεν</span> <span class='ocrx_word' id='word_1_305' title='bbox 313 3706 458 3780; x_wconf 81' lang='grc' dir='ltr'>ἦσαν</span> <span class='ocrx_word' id='word_1_306' title='bbox 487 3710 614 3784; x_wconf 82' lang='grc' dir='ltr'>δόξῃ</span> <span class='ocrx_word' id='word_1_307' title='bbox 639 3715 1023 3786; x_wconf 76' lang='grc' dir='ltr'>ἠμφιεσμένοι.</span> <span class='ocrx_word' id='word_1_308' title='bbox 1070 3718 1137 3771; x_wconf 89' lang='grc' dir='ltr'>δι’</span> <span class='ocrx_word' id='word_1_309' title='bbox 1165 3719 1196 3771; x_wconf 80' lang='grc' dir='ltr'><strong>ὃ</strong></span> <span class='ocrx_word' id='word_1_310' title='bbox 1237 3719 1358 3772; x_wconf 83' lang='grc' dir='ltr'>οὐδὲ</span> <span class='ocrx_word' id='word_1_311' title='bbox 1387 3721 1709 3792; x_wconf 79' lang='grc' dir='ltr'>ᾐσχύνοντοο</span> <span class='ocrx_word' id='word_1_312' title='bbox 1745 3723 1882 3792; x_wconf 84' lang='grc' dir='ltr'>μετά</span> 
     </span>
    </p>
   </div>
   <div class='ocr_carea' id='block_1_40' title="bbox 193 3795 1879 3881">
    <p class='ocr_par' dir='ltr' id='par_1_40' title="bbox 193 3795 1879 3881">
     <span class='ocr_line' id='line_1_40' title="bbox 193 3795 1879 3881; baseline 0.01 -34"><span class='ocrx_word' id='word_1_313' title='bbox 193 3795 249 3848; x_wconf 76' lang='grc' dir='ltr'>δέ</span> <span class='ocrx_word' id='word_1_314' title='bbox 283 3797 388 3867; x_wconf 82' lang='grc' dir='ltr'>τὴν</span> <span class='ocrx_word' id='word_1_315' title='bbox 417 3799 732 3869; x_wconf 83' lang='grc' dir='ltr'>παράϐασιν</span> <span class='ocrx_word' id='word_1_316' title='bbox 757 3803 855 3872; x_wconf 85' lang='grc' dir='ltr'>τῆς</span> <span class='ocrx_word' id='word_1_317' title='bbox 887 3804 1132 3875; x_wconf 83' lang='grc' dir='ltr'>ἐντολῆς,</span> <span class='ocrx_word' id='word_1_318' title='bbox 1171 3805 1293 3860; x_wconf 88' lang='grc' dir='ltr'>τότε</span> <span class='ocrx_word' id='word_1_319' title='bbox 1321 3809 1414 3861; x_wconf 74' lang='grc' dir='ltr'>καὶ</span> <span class='ocrx_word' id='word_1_320' title='bbox 1460 3809 1493 3880; x_wconf 80' lang='grc' dir='ltr'>ή</span> <span class='ocrx_word' id='word_1_321' title='bbox 1527 3810 1754 3881; x_wconf 83' lang='grc' dir='ltr'>αἰσχύνη</span> <span class='ocrx_word' id='word_1_322' title='bbox 1779 3813 1879 3864; x_wconf 83' lang='grc' dir='ltr'>ἐπ-</span> 
     </span>
    </p>
   </div>
   <div class='ocr_carea' id='block_1_41' title="bbox 194 3885 1878 3965">
    <p class='ocr_par' dir='ltr' id='par_1_41' title="bbox 194 3885 1878 3965">
     <span class='ocr_line' id='line_1_41' title="bbox 194 3885 1878 3965; baseline 0.01 -29"><span class='ocrx_word' id='word_1_323' title='bbox 194 3885 437 3956; x_wconf 81' lang='grc' dir='ltr'>εισῆλθε,</span> <span class='ocrx_word' id='word_1_324' title='bbox 470 3888 566 3940; x_wconf 79' lang='grc' dir='ltr'>καὶ</span> <span class='ocrx_word' id='word_1_325' title='bbox 593 3890 626 3959; x_wconf 86' lang='grc' dir='ltr'>ή</span> <span class='ocrx_word' id='word_1_326' title='bbox 653 3889 856 3956; x_wconf 85' lang='grc' dir='ltr'>γνῶσις</span> <span class='ocrx_word' id='word_1_327' title='bbox 883 3895 983 3962; x_wconf 86' lang='grc' dir='ltr'>τῆς</span> <span class='ocrx_word' id='word_1_328' title='bbox 1003 3894 1361 3965; x_wconf 90' lang='grc' dir='ltr'>γυμνότητος.</span> <span class='ocrx_word' id='word_1_329' title='bbox 1393 3895 1564 3950; x_wconf 85' lang='grc' dir='ltr'>Πόθεν</span> <span class='ocrx_word' id='word_1_330' title='bbox 1593 3893 1710 3960; x_wconf 85' lang='grc' dir='ltr'>οὖν,</span> <span class='ocrx_word' id='word_1_331' title='bbox 1755 3899 1878 3953; x_wconf 87' lang='grc' dir='ltr'>εἰπέ</span> 
     </span>
    </p>
   </div>
   <div class='ocr_carea' id='block_1_42' title="bbox 196 3973 1880 4059">
    <p class='ocr_par' dir='ltr' id='par_1_42' title="bbox 196 3973 1880 4059">
     <span class='ocr_line' id='line_1_42' title="bbox 196 3973 1880 4059; baseline 0.01 -35"><span class='ocrx_word' id='word_1_332' title='bbox 196 3989 309 4041; x_wconf 87' lang='grc' dir='ltr'>μοι,</span> <span class='ocrx_word' id='word_1_333' title='bbox 331 3973 513 4026; x_wconf 83' lang='grc' dir='ltr'>ταῦτα</span> <span class='ocrx_word' id='word_1_334' title='bbox 541 3976 690 4047; x_wconf 82' lang='grc' dir='ltr'>αὐτῷ</span> <span class='ocrx_word' id='word_1_335' title='bbox 710 3977 910 4048; x_wconf 81' lang='grc' dir='ltr'>ἐπῆλθε</span> <span class='ocrx_word' id='word_1_336' title='bbox 935 3980 1268 4050; x_wconf 85' lang='grc' dir='ltr'>φθέγγεσθαι</span> <span class='ocrx_word' id='word_1_337' title='bbox 1297 3982 1360 4048; x_wconf 59' lang='grc' dir='ltr'>1η</span> <span class='ocrx_word' id='word_1_338' title='bbox 1389 3983 1422 4053; x_wconf 76' lang='grc' dir='ltr'>ἢ</span> <span class='ocrx_word' id='word_1_339' title='bbox 1449 3983 1609 4054; x_wconf 84' lang='grc' dir='ltr'>δῆλον</span> <span class='ocrx_word' id='word_1_340' title='bbox 1637 3985 1719 4038; x_wconf 80' lang='grc' dir='ltr'>ὅτι</span> <span class='ocrx_word' id='word_1_341' title='bbox 1745 4004 1880 4059; x_wconf 75' lang='grc' dir='ltr'>προ-</span> 
     </span>
    </p>
   </div>
   <div class='ocr_carea' id='block_1_43' title="bbox 195 4060 1877 4142">
    <p class='ocr_par' dir='ltr' id='par_1_43' title="bbox 195 4060 1877 4142">
     <span class='ocr_line' id='line_1_43' title="bbox 195 4060 1877 4142; baseline 0.008 -29"><span class='ocrx_word' id='word_1_342' title='bbox 195 4060 434 4130; x_wconf 77' lang='grc' dir='ltr'>φητικοῦ</span> <span class='ocrx_word' id='word_1_343' title='bbox 458 4064 796 4133; x_wconf 76' lang='grc' dir='ltr'>χαρίσματος</span> <span class='ocrx_word' id='word_1_344' title='bbox 817 4067 1060 4139; x_wconf 81' lang='grc' dir='ltr'>μετέχων</span> <span class='ocrx_word' id='word_1_345' title='bbox 1083 4069 1191 4140; x_wconf 80' lang='grc' dir='ltr'>πρὸ</span> <span class='ocrx_word' id='word_1_346' title='bbox 1210 4071 1309 4141; x_wconf 86' lang='grc' dir='ltr'>τῆς</span> <span class='ocrx_word' id='word_1_347' title='bbox 1327 4072 1634 4142; x_wconf 88' lang='grc' dir='ltr'>παρακοῆς,</span> <span class='ocrx_word' id='word_1_348' title='bbox 1662 4073 1877 4128; x_wconf 80' lang='grc' dir='ltr'>ἅπαντα</span> 
     </span>
    </p>
   </div>
   <div class='ocr_carea' id='block_1_44' title="bbox 192 4150 1876 4232">
    <p class='ocr_par' dir='ltr' id='par_1_44' title="bbox 192 4150 1876 4232">
     <span class='ocr_line' id='line_1_44' title="bbox 192 4150 1876 4232; baseline 0.007 -30"><span class='ocrx_word' id='word_1_349' title='bbox 192 4150 369 4202; x_wconf 82' lang='grc' dir='ltr'>ταῦτα</span> <span class='ocrx_word' id='word_1_350' title='bbox 391 4151 543 4223; x_wconf 85' lang='grc' dir='ltr'>ἐώρα</span> <span class='ocrx_word' id='word_1_351' title='bbox 574 4156 689 4215; x_wconf 86' lang='grc' dir='ltr'>τοῖς</span> <span class='ocrx_word' id='word_1_352' title='bbox 716 4158 1104 4223; x_wconf 85' lang='grc' dir='ltr'>πνευματικοῖς</span> <span class='ocrx_word' id='word_1_353' title='bbox 1132 4157 1465 4228; x_wconf 78' lang='grc' dir='ltr'>όφθαλμοῖς;</span> <span class='ocrx_word' id='word_1_354' title='bbox 1494 4158 1678 4212; x_wconf 88' lang='grc' dir='ltr'>Ταῦτα</span> <span class='ocrx_word' id='word_1_355' title='bbox 1696 4160 1753 4214; x_wconf 87' lang='grc' dir='ltr'>δέ</span> <span class='ocrx_word' id='word_1_356' title='bbox 1777 4161 1876 4232; x_wconf 88' lang='grc' dir='ltr'>οὐχ</span> 
     </span>
    </p>
   </div>
   <div class='ocr_carea' id='block_1_45' title="bbox 192 4237 1874 4320">
    <p class='ocr_par' dir='ltr' id='par_1_45' title="bbox 192 4237 1874 4320">
     <span class='ocr_line' id='line_1_45' title="bbox 192 4237 1874 4320; baseline 0.008 -32"><span class='ocrx_word' id='word_1_357' title='bbox 192 4237 383 4320; x_wconf 50' lang='lat'>61:16);</span> <span class='ocrx_word' id='word_1_358' title='bbox 421 4238 521 4291; x_wconf 88' lang='grc' dir='ltr'>νῦν</span> <span class='ocrx_word' id='word_1_359' title='bbox 551 4239 762 4310; x_wconf 82' lang='grc' dir='ltr'>μηνύω,</span> <span class='ocrx_word' id='word_1_360' title='bbox 789 4242 903 4295; x_wconf 82' lang='grc' dir='ltr'>ἀλλ’</span> <span class='ocrx_word' id='word_1_361' title='bbox 936 4243 1022 4296; x_wconf 74' lang='grc' dir='ltr'>ἵνα</span> <span class='ocrx_word' id='word_1_362' title='bbox 1048 4243 1300 4297; x_wconf 81' lang='grc' dir='ltr'>ἐντεῦθεν</span> <span class='ocrx_word' id='word_1_363' title='bbox 1321 4245 1422 4316; x_wconf 76' lang='grc' dir='ltr'>ήδη</span> <span class='ocrx_word' id='word_1_364' title='bbox 1463 4247 1558 4299; x_wconf 79' lang='grc' dir='ltr'>καὶ</span> <span class='ocrx_word' id='word_1_365' title='bbox 1579 4247 1678 4318; x_wconf 83' lang='grc' dir='ltr'>τὴν</span> <span class='ocrx_word' id='word_1_366' title='bbox 1702 4249 1874 4320; x_wconf 85' lang='grc' dir='ltr'>ὐπερ-</span> 
     </span>
    </p>
   </div>
   <div class='ocr_carea' id='block_1_46' title="bbox 195 4319 1876 4406">
    <p class='ocr_par' dir='ltr' id='par_1_46' title="bbox 195 4319 1876 4406">
     <span class='ocr_line' id='line_1_46' title="bbox 195 4319 1876 4406; baseline 0.008 -29"><span class='ocrx_word' id='word_1_367' title='bbox 195 4319 502 4380; x_wconf 74' lang='grc' dir='ltr'>ϐάλλουσαν</span> <span class='ocrx_word' id='word_1_368' title='bbox 531 4327 626 4380; x_wconf 82' lang='grc' dir='ltr'>τοῦ</span> <span class='ocrx_word' id='word_1_369' title='bbox 653 4328 788 4381; x_wconf 82' lang='grc' dir='ltr'>Θεοῦ</span> <span class='ocrx_word' id='word_1_370' title='bbox 816 4329 1223 4401; x_wconf 84' lang='grc' dir='ltr'>φιλανθρωπίαν</span> <span class='ocrx_word' id='word_1_371' title='bbox 1247 4332 1624 4404; x_wconf 81' lang='grc' dir='ltr'>καταμάθητε,</span> <span class='ocrx_word' id='word_1_372' title='bbox 1650 4335 1717 4406; x_wconf 76' lang='grc' dir='ltr'>ἢν</span> <span class='ocrx_word' id='word_1_373' title='bbox 1745 4319 1876 4406; x_wconf 75' lang='grc' dir='ltr'>περὶ</span> 
     </span>
    </p>
   </div>
   <div class='ocr_carea' id='block_1_47' title="bbox 192 4415 1874 4496">
    <p class='ocr_par' dir='ltr' id='par_1_47' title="bbox 192 4415 1874 4496">
     <span class='ocr_line' id='line_1_47' title="bbox 192 4415 1874 4496; baseline 0.01 -32"><span class='ocrx_word' id='word_1_374' title='bbox 192 4415 283 4466; x_wconf 73' lang='grc' dir='ltr'>τὸν</span> <span class='ocrx_word' id='word_1_375' title='bbox 306 4415 599 4486; x_wconf 83' lang='grc' dir='ltr'>ἄνθρωπον</span> <span class='ocrx_word' id='word_1_376' title='bbox 622 4417 952 4484; x_wconf 78' lang='grc' dir='ltr'>ἐπεδείξατο,</span> <span class='ocrx_word' id='word_1_377' title='bbox 977 4420 1268 4489; x_wconf 80' lang='grc' dir='ltr'>ἀγγελικδν</span> <span class='ocrx_word' id='word_1_378' title='bbox 1284 4421 1440 4493; x_wconf 82' lang='grc' dir='ltr'>αὐτῷ</span> <span class='ocrx_word' id='word_1_379' title='bbox 1465 4423 1578 4494; x_wconf 83' lang='grc' dir='ltr'>βίον</span> <span class='ocrx_word' id='word_1_380' title='bbox 1609 4425 1667 4492; x_wconf 79' lang='grc' dir='ltr'>ἐξ</span> <span class='ocrx_word' id='word_1_381' title='bbox 1697 4425 1874 4496; x_wconf 81' lang='grc' dir='ltr'>ἀρχῆς</span> 
     </span>
    </p>
   </div>
   <div class='ocr_carea' id='block_1_48' title="bbox 192 4499 1870 4578">
    <p class='ocr_par' dir='ltr' id='par_1_48' title="bbox 192 4499 1870 4578">
     <span class='ocr_line' id='line_1_48' title="bbox 192 4499 1870 4578; baseline 0.008 -28"><span class='ocrx_word' id='word_1_382' title='bbox 192 4499 586 4568; x_wconf 76' lang='grc' dir='ltr'>χαρισάμενος,</span> <span class='ocrx_word' id='word_1_383' title='bbox 622 4502 716 4554; x_wconf 77' lang='grc' dir='ltr'>καὶ</span> <span class='ocrx_word' id='word_1_384' title='bbox 751 4503 949 4575; x_wconf 89' lang='grc' dir='ltr'>μυρίας</span> <span class='ocrx_word' id='word_1_385' title='bbox 973 4505 1054 4567; x_wconf 88' lang='grc' dir='ltr'>εἰς</span> <span class='ocrx_word' id='word_1_386' title='bbox 1086 4505 1249 4558; x_wconf 90' lang='grc' dir='ltr'>αὐτὸν</span> <span class='ocrx_word' id='word_1_387' title='bbox 1278 4508 1596 4577; x_wconf 84' lang='grc' dir='ltr'>εὐεργεσίας</span> <span class='ocrx_word' id='word_1_388' title='bbox 1625 4509 1870 4578; x_wconf 83' lang='grc' dir='ltr'>παραθέ-</span> 
     </span>
    </p>
   </div>
   <div class='ocr_carea' id='block_1_49' title="bbox 197 4585 1868 4664">
    <p class='ocr_par' dir='ltr' id='par_1_49' title="bbox 197 4585 1868 4664">
     <span class='ocr_line' id='line_1_49' title="bbox 197 4585 1868 4664; baseline 0.009 -31"><span class='ocrx_word' id='word_1_389' title='bbox 197 4598 355 4650; x_wconf 80' lang='grc' dir='ltr'>μενος</span> <span class='ocrx_word' id='word_1_390' title='bbox 393 4594 441 4648; x_wconf 77' lang='grc' dir='ltr'>ε,</span> <span class='ocrx_word' id='word_1_391' title='bbox 479 4585 574 4636; x_wconf 81' lang='grc' dir='ltr'>καὶ</span> <span class='ocrx_word' id='word_1_392' title='bbox 603 4585 740 4654; x_wconf 77' lang='grc' dir='ltr'>μετὰ</span> <span class='ocrx_word' id='word_1_393' title='bbox 769 4585 880 4638; x_wconf 87' lang='grc' dir='ltr'>τῶν</span> <span class='ocrx_word' id='word_1_394' title='bbox 901 4585 1073 4640; x_wconf 79' lang='grc' dir='ltr'>ἄλλων</span> <span class='ocrx_word' id='word_1_395' title='bbox 1112 4589 1367 4643; x_wconf 84' lang='grc' dir='ltr'>ἁπάντων</span> <span class='ocrx_word' id='word_1_396' title='bbox 1399 4593 1492 4644; x_wconf 71' lang='grc' dir='ltr'>καὶ</span> <span class='ocrx_word' id='word_1_397' title='bbox 1527 4596 1868 4664; x_wconf 88' lang='grc' dir='ltr'>προφητικοῦ</span> 
     </span>
    </p>
   </div>
   <div class='ocr_carea' id='block_1_50' title="bbox 191 4666 1867 4750">
    <p class='ocr_par' dir='ltr' id='par_1_50' title="bbox 191 4666 1867 4750">
     <span class='ocr_line' id='line_1_50' title="bbox 191 4666 1867 4750; baseline 0.009 -33"><span class='ocrx_word' id='word_1_398' title='bbox 191 4666 534 4750; x_wconf 78' lang='grc' dir='ltr'>χαρίσματος</span> <span class='ocrx_word' id='word_1_399' title='bbox 557 4667 721 4721; x_wconf 79' lang='grc' dir='ltr'>αὐτὸν</span> <span class='ocrx_word' id='word_1_400' title='bbox 765 4669 1023 4734; x_wconf 79' lang='grc' dir='ltr'>ἀξιώσας,</span> <span class='ocrx_word' id='word_1_401' title='bbox 1083 4673 1180 4726; x_wconf 60' lang='grc' dir='ltr'>καὶ⁹</span> <span class='ocrx_word' id='word_1_402' title='bbox 1217 4674 1312 4728; x_wconf 87' lang='grc' dir='ltr'>τοῦ</span> <span class='ocrx_word' id='word_1_403' title='bbox 1341 4677 1628 4748; x_wconf 85' lang='grc' dir='ltr'>ἀνθρώπου</span> <span class='ocrx_word' id='word_1_404' title='bbox 1675 4679 1733 4731; x_wconf 90' lang='grc' dir='ltr'>δέ</span> <span class='ocrx_word' id='word_1_405' title='bbox 1768 4679 1867 4750; x_wconf 77' lang='grc' dir='ltr'>τὴν</span> 
     </span>
    </p>
   </div>
   <div class='ocr_carea' id='block_1_51' title="bbox 197 4749 1867 4834">
    <p class='ocr_par' dir='ltr' id='par_1_51' title="bbox 197 4749 1867 4834">
     <span class='ocr_line' id='line_1_51' title="bbox 197 4749 1867 4834; baseline 0.01 -33"><span class='ocrx_word' id='word_1_406' title='bbox 197 4749 332 4834; x_wconf 73' lang='grc' dir='ltr'>μετά</span> <span class='ocrx_word' id='word_1_407' title='bbox 354 4751 622 4816; x_wconf 81' lang='grc' dir='ltr'>τοσαύτας</span> <span class='ocrx_word' id='word_1_408' title='bbox 655 4754 973 4825; x_wconf 77' lang='grc' dir='ltr'>εὐεργεσίας</span> <span class='ocrx_word' id='word_1_409' title='bbox 999 4757 1270 4828; x_wconf 80' lang='grc' dir='ltr'>ρᾳθυμίαν</span> <span class='ocrx_word' id='word_1_410' title='bbox 1298 4759 1519 4827; x_wconf 88' lang='grc' dir='ltr'>ἰδόντες,</span> <span class='ocrx_word' id='word_1_411' title='bbox 1549 4763 1748 4834; x_wconf 81' lang='grc' dir='ltr'>μηκέτι</span> <span class='ocrx_word' id='word_1_412' title='bbox 1773 4749 1867 4818; x_wconf 80' lang='grc' dir='ltr'>ἐπὶ</span> 
     </span>
    </p>
   </div>
   <div class='ocr_carea' id='block_1_52' title="bbox 192 4833 1866 4916">
    <p class='ocr_par' dir='ltr' id='par_1_52' title="bbox 192 4833 1866 4916">
     <span class='ocr_line' id='line_1_52' title="bbox 192 4833 1866 4916; baseline 0.01 -32"><span class='ocrx_word' id='word_1_413' title='bbox 192 4833 282 4916; x_wconf 57' lang='grc' dir='ltr'>τὸν</span> <span class='ocrx_word' id='word_1_414' title='bbox 307 4834 444 4916; x_wconf 68' lang='grc' dir='ltr'>Θεὸν</span> <span class='ocrx_word' id='word_1_415' title='bbox 476 4835 576 4906; x_wconf 78' lang='grc' dir='ltr'>τὴν</span> <span class='ocrx_word' id='word_1_416' title='bbox 604 4837 781 4890; x_wconf 86' lang='grc' dir='ltr'>αἰτίαν</span> <span class='ocrx_word' id='word_1_417' title='bbox 817 4839 1112 4909; x_wconf 88' lang='grc' dir='ltr'>μετάγητε,</span> <span class='ocrx_word' id='word_1_418' title='bbox 1141 4841 1278 4895; x_wconf 86' lang='grc' dir='ltr'>ἀλλά</span> <span class='ocrx_word' id='word_1_419' title='bbox 1306 4843 1479 4915; x_wconf 85' lang='grc' dir='ltr'>τούτῳ</span> <span class='ocrx_word' id='word_1_420' title='bbox 1505 4845 1565 4897; x_wconf 85' lang='grc' dir='ltr'>τὸ</span> <span class='ocrx_word' id='word_1_421' title='bbox 1590 4847 1696 4898; x_wconf 79' lang='grc' dir='ltr'>πᾶν</span> <span class='ocrx_word' id='word_1_422' title='bbox 1720 4846 1866 4916; x_wconf 86' lang='grc' dir='ltr'>λογί-</span> 
     </span>
    </p>
   </div>
   <div class='ocr_carea' id='block_1_53' title="bbox 194 4912 1866 4996">
    <p class='ocr_par' dir='ltr' id='par_1_53' title="bbox 194 4912 1866 4996">
     <span class='ocr_line' id='line_1_53' title="bbox 194 4912 1866 4996; baseline 0.008 -29"><span class='ocrx_word' id='word_1_423' title='bbox 194 4912 377 4984; x_wconf 78' lang='grc' dir='ltr'>ζησθε.</span> <span class='ocrx_word' id='word_1_424' title='bbox 408 4917 586 4982; x_wconf 79' lang='grc' dir='ltr'>Αὐτὸς</span> <span class='ocrx_word' id='word_1_425' title='bbox 607 4919 716 4989; x_wconf 80' lang='grc' dir='ltr'>γάρ</span> <span class='ocrx_word' id='word_1_426' title='bbox 744 4921 923 4992; x_wconf 84' lang='grc' dir='ltr'>ἐαυτῷ</span> <span class='ocrx_word' id='word_1_427' title='bbox 954 4922 1172 4977; x_wconf 86' lang='grc' dir='ltr'>πάντων</span> <span class='ocrx_word' id='word_1_428' title='bbox 1203 4925 1380 4990; x_wconf 77' lang='grc' dir='ltr'>αἴτιος</span> <span class='ocrx_word' id='word_1_429' title='bbox 1413 4912 1604 4996; x_wconf 80' lang='grc' dir='ltr'>γέγονε</span> <span class='ocrx_word' id='word_1_430' title='bbox 1627 4925 1736 4981; x_wconf 91' lang='grc' dir='ltr'>τῶν</span> <span class='ocrx_word' id='word_1_431' title='bbox 1761 4912 1866 4980; x_wconf 82' lang='grc' dir='ltr'>κα-</span> 
     </span>
    </p>
   </div>
   <div class='ocr_carea' id='block_1_54' title="bbox 193 4996 1864 5078">
    <p class='ocr_par' dir='ltr' id='par_1_54' title="bbox 193 4996 1864 5078">
     <span class='ocr_line' id='line_1_54' title="bbox 193 4996 1864 5078; baseline 0.01 -31"><span class='ocrx_word' id='word_1_432' title='bbox 193 4996 324 5059; x_wconf 84' lang='grc' dir='ltr'>κῶν,</span> <span class='ocrx_word' id='word_1_433' title='bbox 346 4999 424 5060; x_wconf 87' lang='grc' dir='ltr'>ώς</span> <span class='ocrx_word' id='word_1_434' title='bbox 453 5001 548 5052; x_wconf 78' lang='grc' dir='ltr'>καὶ</span> <span class='ocrx_word' id='word_1_435' title='bbox 577 5002 716 5070; x_wconf 89' lang='grc' dir='ltr'>μετά</span> <span class='ocrx_word' id='word_1_436' title='bbox 739 5003 911 5057; x_wconf 90' lang='grc' dir='ltr'>ταῦτα</span> <span class='ocrx_word' id='word_1_437' title='bbox 934 5003 1264 5075; x_wconf 82' lang='grc' dir='ltr'>μαθήσεσθε,</span> <span class='ocrx_word' id='word_1_438' title='bbox 1286 5009 1381 5060; x_wconf 81' lang='grc' dir='ltr'>καὶ</span> <span class='ocrx_word' id='word_1_439' title='bbox 1409 5008 1510 5078; x_wconf 81' lang='grc' dir='ltr'>τῆς</span> <span class='ocrx_word' id='word_1_440' title='bbox 1535 5008 1864 5074; x_wconf 73' lang='grc' dir='ltr'>ἐκπτώσεως</span> 
     </span>
    </p>
   </div>
   <div class='ocr_carea' id='block_1_55' title="bbox 192 5079 1866 5164">
    <p class='ocr_par' dir='ltr' id='par_1_55' title="bbox 192 5079 1866 5164">
     <span class='ocr_line' id='line_1_55' title="bbox 192 5079 1866 5164; baseline 0.011 -34"><span class='ocrx_word' id='word_1_441' title='bbox 192 5079 300 5131; x_wconf 85' lang='grc' dir='ltr'>τῶν</span> <span class='ocrx_word' id='word_1_442' title='bbox 325 5081 601 5135; x_wconf 80' lang='grc' dir='ltr'>τοσούτων</span> <span class='ocrx_word' id='word_1_443' title='bbox 649 5085 870 5153; x_wconf 84' lang='grc' dir='ltr'>ἀγαθῶν</span> <span class='ocrx_word' id='word_1_444' title='bbox 913 5089 1009 5140; x_wconf 83' lang='grc' dir='ltr'>καὶ</span> <span class='ocrx_word' id='word_1_445' title='bbox 1045 5089 1147 5160; x_wconf 84' lang='grc' dir='ltr'>τῆς</span> <span class='ocrx_word' id='word_1_446' title='bbox 1181 5091 1503 5164; x_wconf 87' lang='grc' dir='ltr'>καταδίκης,</span> <span class='ocrx_word' id='word_1_447' title='bbox 1537 5095 1603 5162; x_wconf 78' lang='grc' dir='ltr'>ἢν</span> <span class='ocrx_word' id='word_1_448' title='bbox 1651 5095 1740 5148; x_wconf 81' lang='grc' dir='ltr'>διὰ</span> <span class='ocrx_word' id='word_1_449' title='bbox 1767 5094 1866 5163; x_wconf 82' lang='grc' dir='ltr'>τὴν</span> 
     </span>
    </p>
   </div>
   <div class='ocr_carea' id='block_1_56' title="bbox 191 5165 1866 5248">
    <p class='ocr_par' dir='ltr' id='par_1_56' title="bbox 191 5165 1866 5248">
     <span class='ocr_line' id='line_1_56' title="bbox 191 5165 1866 5248; baseline 0.013 -36"><span class='ocrx_word' id='word_1_450' title='bbox 191 5165 480 5248; x_wconf 49' lang='grc' dir='ltr'>παρακοήν</span> <span class='ocrx_word' id='word_1_451' title='bbox 511 5166 822 5236; x_wconf 82' lang='grc' dir='ltr'>ὑπέμεινεν.</span> <span class='ocrx_word' id='word_1_452' title='bbox 862 5169 1028 5223; x_wconf 85' lang='grc' dir='ltr'>Ὅταν</span> <span class='ocrx_word' id='word_1_453' title='bbox 1055 5172 1164 5242; x_wconf 86' lang='grc' dir='ltr'>γὰρ</span> <span class='ocrx_word' id='word_1_454' title='bbox 1194 5175 1431 5244; x_wconf 85' lang='grc' dir='ltr'>ἐννοήσω</span> <span class='ocrx_word' id='word_1_455' title='bbox 1463 5176 1560 5246; x_wconf 84' lang='grc' dir='ltr'>τῆς</span> <span class='ocrx_word' id='word_1_456' title='bbox 1585 5175 1866 5248; x_wconf 76' lang='grc' dir='ltr'>διαγωγῆς</span> 
     </span>
    </p>
   </div>
   <div class='ocr_carea' id='block_1_57' title="bbox 191 5243 1860 5330">
    <p class='ocr_par' dir='ltr' id='par_1_57' title="bbox 191 5243 1860 5330">
     <span class='ocr_line' id='line_1_57' title="bbox 191 5243 1860 5330; baseline 0.013 -37"><span class='ocrx_word' id='word_1_457' title='bbox 191 5243 356 5297; x_wconf 84' lang='grc' dir='ltr'>αὐτοῦ</span> <span class='ocrx_word' id='word_1_458' title='bbox 386 5246 487 5317; x_wconf 79' lang='grc' dir='ltr'>τὴν</span> <span class='ocrx_word' id='word_1_459' title='bbox 519 5249 879 5316; x_wconf 82' lang='grc' dir='ltr'>κατάστασιν,</span> <span class='ocrx_word' id='word_1_460' title='bbox 907 5252 974 5324; x_wconf 81' lang='grc' dir='ltr'>ἢν</span> <span class='ocrx_word' id='word_1_461' title='bbox 1003 5255 1032 5306; x_wconf 88' lang='grc' dir='ltr'>ὁ</span> <span class='ocrx_word' id='word_1_462' title='bbox 1066 5243 1344 5328; x_wconf 85' lang='grc' dir='ltr'>Δεσπότης</span> <span class='ocrx_word' id='word_1_463' title='bbox 1372 5257 1517 5328; x_wconf 83' lang='grc' dir='ltr'>αὐτῷ</span> <span class='ocrx_word' id='word_1_464' title='bbox 1549 5260 1860 5330; x_wconf 83' lang='grc' dir='ltr'>ἐχαρίσατο,</span> 
     </span>
    </p>
   </div>
   <div class='ocr_carea' id='block_1_58' title="bbox 190 5325 1864 5411">
    <p class='ocr_par' dir='ltr' id='par_1_58' title="bbox 190 5325 1864 5411">
     <span class='ocr_line' id='line_1_58' title="bbox 190 5325 1864 5411; baseline 0.013 -35"><span class='ocrx_word' id='word_1_465' title='bbox 190 5325 334 5380; x_wconf 73' lang='grc' dir='ltr'>οὕτω</span> <span class='ocrx_word' id='word_1_466' title='bbox 361 5328 603 5399; x_wconf 76' lang='grc' dir='ltr'>δαψιλεῖς</span> <span class='ocrx_word' id='word_1_467' title='bbox 630 5334 708 5396; x_wconf 82' lang='grc' dir='ltr'>εἰς</span> <span class='ocrx_word' id='word_1_468' title='bbox 737 5336 899 5391; x_wconf 86' lang='grc' dir='ltr'>αὐτὸν</span> <span class='ocrx_word' id='word_1_469' title='bbox 935 5337 1254 5409; x_wconf 81' lang='grc' dir='ltr'>εὐεργεσίας</span> <span class='ocrx_word' id='word_1_470' title='bbox 1291 5325 1696 5411; x_wconf 66' lang='grc' dir='ltr'>ἐπιδειξάμενος</span> <span class='ocrx_word' id='word_1_471' title='bbox 1719 5357 1734 5373; x_wconf 83' lang='grc'><strong><em>⁸</em></strong></span> <span class='ocrx_word' id='word_1_472' title='bbox 1770 5345 1864 5398; x_wconf 78' lang='grc' dir='ltr'>καὶ</span> 
     </span>
    </p>
   </div>
   <div class='ocr_carea' id='block_1_59' title="bbox 190 5411 1866 5492">
    <p class='ocr_par' dir='ltr' id='par_1_59' title="bbox 190 5411 1866 5492">
     <span class='ocr_line' id='line_1_59' title="bbox 190 5411 1866 5492; baseline 0.01 -30"><span class='ocrx_word' id='word_1_473' title='bbox 190 5411 409 5480; x_wconf 81' lang='grc' dir='ltr'>πρῶτον</span> <span class='ocrx_word' id='word_1_474' title='bbox 446 5415 566 5483; x_wconf 87' lang='grc' dir='ltr'>μέν,</span> <span class='ocrx_word' id='word_1_475' title='bbox 599 5417 701 5482; x_wconf 87' lang='grc' dir='ltr'>ὅτι,</span> <span class='ocrx_word' id='word_1_476' title='bbox 730 5420 824 5472; x_wconf 76' lang='grc' dir='ltr'>καὶ</span> <span class='ocrx_word' id='word_1_477' title='bbox 855 5421 962 5491; x_wconf 88' lang='grc' dir='ltr'>πρὸ</span> <span class='ocrx_word' id='word_1_478' title='bbox 988 5422 1088 5492; x_wconf 88' lang='grc' dir='ltr'>τῆς</span> <span class='ocrx_word' id='word_1_479' title='bbox 1115 5423 1279 5476; x_wconf 88' lang='grc' dir='ltr'>αὐτοῦ</span> <span class='ocrx_word' id='word_1_480' title='bbox 1330 5425 1688 5489; x_wconf 87' lang='grc' dir='ltr'>διαπλάσεως,</span> <span class='ocrx_word' id='word_1_481' title='bbox 1741 5427 1866 5478; x_wconf 82' lang='grc' dir='ltr'>τοῦ·</span> 
     </span>
    </p>
   </div>
   <div class='ocr_carea' id='block_1_60' title="bbox 189 5495 1861 5581">
    <p class='ocr_par' dir='ltr' id='par_1_60' title="bbox 189 5495 1861 5581">
     <span class='ocr_line' id='line_1_60' title="bbox 189 5495 1861 5581; baseline 0.011 -37"><span class='ocrx_word' id='word_1_482' title='bbox 189 5509 280 5546; x_wconf 85' lang='grc' dir='ltr'>τον</span> <span class='ocrx_word' id='word_1_483' title='bbox 300 5495 327 5534; x_wconf 74' lang='grc' dir='ltr'><em>ά</em></span> <span class='ocrx_word' id='word_1_484' title='bbox 354 5497 477 5549; x_wconf 87' lang='grc' dir='ltr'>ὀλον</span> <span class='ocrx_word' id='word_1_485' title='bbox 496 5501 595 5568; x_wconf 83' lang='grc' dir='ltr'>τῆς</span> <span class='ocrx_word' id='word_1_486' title='bbox 622 5501 852 5568; x_wconf 86' lang='grc' dir='ltr'>κτίσεως</span> <span class='ocrx_word' id='word_1_487' title='bbox 872 5505 1070 5576; x_wconf 82' lang='grc' dir='ltr'>κόσμον</span> <span class='ocrx_word' id='word_1_488' title='bbox 1091 5507 1158 5560; x_wconf 84' lang='grc' dir='ltr'>δι’</span> <span class='ocrx_word' id='word_1_489' title='bbox 1181 5507 1341 5561; x_wconf 82' lang='grc' dir='ltr'>αὐτὸν</span> <span class='ocrx_word' id='word_1_490' title='bbox 1369 5512 1680 5581; x_wconf 86' lang='grc' dir='ltr'>παρήγαγε,</span> <span class='ocrx_word' id='word_1_491' title='bbox 1707 5508 1861 5581; x_wconf 72' lang='grc'>[121]</span> 
     </span>
    </p>
   </div>
   <div class='ocr_carea' id='block_1_61' title="bbox 191 5579 1859 5665">
    <p class='ocr_par' dir='ltr' id='par_1_61' title="bbox 191 5579 1859 5665">
     <span class='ocr_line' id='line_1_61' title="bbox 191 5579 1859 5665; baseline 0.011 -37"><span class='ocrx_word' id='word_1_492' title='bbox 191 5579 286 5629; x_wconf 74' lang='grc' dir='ltr'>καὶ</span> <span class='ocrx_word' id='word_1_493' title='bbox 311 5580 436 5633; x_wconf 88' lang='grc' dir='ltr'>τότε</span> <span class='ocrx_word' id='word_1_494' title='bbox 457 5583 622 5637; x_wconf 77' lang='grc' dir='ltr'>αὐτὸν</span> <span class='ocrx_word' id='word_1_495' title='bbox 651 5585 1105 5660; x_wconf 70' lang='grc' dir='ltr'>ἐδημιούργησεν,</span> <span class='ocrx_word' id='word_1_496' title='bbox 1139 5589 1225 5643; x_wconf 81' lang='grc' dir='ltr'>ἵνα</span> <span class='ocrx_word' id='word_1_497' title='bbox 1254 5579 1542 5662; x_wconf 84' lang='grc' dir='ltr'>γενόμενος</span> <span class='ocrx_word' id='word_1_498' title='bbox 1575 5579 1859 5665; x_wconf 67' lang='grc' dir='ltr'>ἀπολαύσῄ</span> 
     </span>
    </p>
   </div>
   <div class='ocr_carea' id='block_1_62' title="bbox 250 5693 1862 5762">
    <p class='ocr_par' dir='ltr' id='par_1_62' title="bbox 250 5693 1862 5762">
     <span class='ocr_line' id='line_1_62' title="bbox 250 5693 1862 5762; baseline 0.009 -21"><span class='ocrx_word' id='word_1_499' title='bbox 250 5693 456 5762; x_wconf 40' lang='grc' dir='ltr'>ξ-Βεςίι.</span> <span class='ocrx_word' id='word_1_500' title='bbox 480 5700 542 5762; x_wconf 76' lang='lat' dir='ltr'>et_</span> <span class='ocrx_word' id='word_1_501' title='bbox 556 5697 750 5762; x_wconf 71' lang='lat' dir='ltr'><strong>qudam</strong></span> <span class='ocrx_word' id='word_1_502' title='bbox 779 5715 896 5750; x_wconf 82' lang='lat' dir='ltr'>mss.</span> <span class='ocrx_word' id='word_1_503' title='bbox 933 5701 1305 5762; x_wconf 76' lang='grc' dir='ltr'>ἐπεισελθούσης.</span> <span class='ocrx_word' id='word_1_504' title='bbox 1348 5704 1519 5754; x_wconf 79' lang='lat' dir='ltr'>Morel.</span> <span class='ocrx_word' id='word_1_505' title='bbox 1546 5711 1600 5752; x_wconf 78' lang='lat' dir='ltr'>ut</span> <span class='ocrx_word' id='word_1_506' title='bbox 1631 5706 1714 5753; x_wconf 83' lang='lat' dir='ltr'>alii</span> <span class='ocrx_word' id='word_1_507' title='bbox 1734 5708 1862 5755; x_wconf 83' lang='grc' dir='ltr'>ὑπει-</span> 
     </span>
    </p>
   </div>
   <div class='ocr_carea' id='block_1_63' title="bbox 188 5755 1855 5842">
    <p class='ocr_par' dir='ltr' id='par_1_63' title="bbox 188 5755 1855 5842">
     <span class='ocr_line' id='line_1_63' title="bbox 188 5755 1855 5842; baseline 0.01 -43"><span class='ocrx_word' id='word_1_508' title='bbox 188 5755 462 5842; x_wconf 41' lang='grc' dir='ltr'>ἷελνθ-οεῆοῃς.</span> <span class='ocrx_word' id='word_1_509' title='bbox 531 5755 755 5842; x_wconf 40' lang='lat' dir='ltr'>[fl-0:91.</span> <span class='ocrx_word' id='word_1_510' title='bbox 782 5765 1076 5842; x_wconf 57' lang='grc' dir='ltr'>φθέγγεσθαι,</span> <span class='ocrx_word' id='word_1_511' title='bbox 1094 5755 1492 5842; x_wconf 41' lang='grc' dir='ltr'>εΙίἱνφθέγξασθαι.</span> <span class='ocrx_word' id='word_1_512' title='bbox 1557 5768 1580 5796; x_wconf 70' lang='grc'><strong><em>⁸</em></strong></span> <span class='ocrx_word' id='word_1_513' title='bbox 1606 5766 1688 5839; x_wconf 68' lang='lat' dir='ltr'>Sic</span> <span class='ocrx_word' id='word_1_514' title='bbox 1703 5766 1855 5816; x_wconf 81' lang='lat' dir='ltr'>Savil.</span> 
     </span>
    </p>
   </div>
   <div class='ocr_carea' id='block_1_64' title="bbox 191 5819 1858 5902">
    <p class='ocr_par' dir='ltr' id='par_1_64' title="bbox 191 5819 1858 5902">
     <span class='ocr_line' id='line_1_64' title="bbox 191 5819 1858 5902; baseline 0.009 -41"><span class='ocrx_word' id='word_1_515' title='bbox 191 5821 250 5902; x_wconf 43' lang='lat' dir='ltr'>Et</span> <span class='ocrx_word' id='word_1_516' title='bbox 260 5819 402 5865; x_wconf 77' lang='lat' dir='ltr'>mulli</span> <span class='ocrx_word' id='word_1_517' title='bbox 576 5821 643 5870; x_wconf 82' lang='lat' dir='ltr'>Al.</span> <span class='ocrx_word' id='word_1_518' title='bbox 668 5819 840 5902; x_wconf 54' lang='grc' dir='ltr'>μαγείιῖ</span> <span class='ocrx_word' id='word_1_519' title='bbox 863 5819 945 5871; x_wconf 72' lang='grc' dir='ltr'>καὶ</span> <span class='ocrx_word' id='word_1_520' title='bbox 968 5819 1134 5902; x_wconf 54' lang='grc' dir='ltr'>μυρίας</span> <span class='ocrx_word' id='word_1_521' title='bbox 1153 5819 1390 5902; x_wconf 51' lang='grc' dir='ltr'>εἰςμαύτόν</span> <span class='ocrx_word' id='word_1_522' title='bbox 1423 5829 1686 5902; x_wconf 70' lang='grc' dir='ltr'>εὐεργεσίας</span> <span class='ocrx_word' id='word_1_523' title='bbox 1715 5845 1858 5902; x_wconf 51' lang='grc' dir='ltr'>ποιητ-</span> 
     </span>
    </p>
   </div>
   <div class='ocr_carea' id='block_1_65' title="bbox 190 5879 1858 5958">
    <p class='ocr_par' dir='ltr' id='par_1_65' title="bbox 190 5879 1858 5958">
     <span class='ocr_line' id='line_1_65' title="bbox 190 5879 1858 5958; baseline 0.013 -40"><span class='ocrx_word' id='word_1_524' title='bbox 190 5879 406 5935; x_wconf 76' lang='grc' dir='ltr'>σάμενος.</span> <span class='ocrx_word' id='word_1_525' title='bbox 431 5879 582 5958; x_wconf 41' lang='lat' dir='ltr'>.Ulnus</span> <span class='ocrx_word' id='word_1_526' title='bbox 605 5885 686 5930; x_wconf 79' lang='grc' dir='ltr'>καὶ</span> <span class='ocrx_word' id='word_1_527' title='bbox 728 5884 891 5958; x_wconf 56' lang='grc' dir='ltr'>μορίας</span> <span class='ocrx_word' id='word_1_528' title='bbox 927 5879 1314 5958; x_wconf 39' lang='grc' dir='ltr'>αὑτῷἒςεξιζίιίυε</span> <span class='ocrx_word' id='word_1_529' title='bbox 1339 5879 1858 5958; x_wconf 45' lang='lat' dir='ltr'>exfohjectui‘glﬂlqéi</span> 
     </span>
    </p>
   </div>
   <div class='ocr_carea' id='block_1_66' title="bbox 193 5947 1861 6012">
    <p class='ocr_par' dir='ltr' id='par_1_66' title="bbox 193 5947 1861 6012">
     <span class='ocr_line' id='line_1_66' title="bbox 193 5947 1861 6012; baseline 0.009 -27"><span class='ocrx_word' id='word_1_530' title='bbox 193 5948 336 6012; x_wconf 59' lang='lat' dir='ltr'>gosse</span> <span class='ocrx_word' id='word_1_531' title='bbox 355 5954 423 6012; x_wconf 72' lang='lat' dir='ltr'>pu</span> <span class='ocrx_word' id='word_1_532' title='bbox 431 5947 511 6012; x_wconf 59' lang='grc' dir='ltr'>[εἰ.Δ</span> <span class='ocrx_word' id='word_1_533' title='bbox 520 5947 977 6012; x_wconf 70' lang='grc' dir='ltr'>παρακαταθέμενρς.</span> <span class='ocrx_word' id='word_1_534' title='bbox 999 5955 1054 5997; x_wconf 72' lang='grc' dir='ltr'>ει</span> <span class='ocrx_word' id='word_1_535' title='bbox 1073 5948 1266 5999; x_wconf 78' lang='lat' dir='ltr'>Boisius</span> <span class='ocrx_word' id='word_1_536' title='bbox 1285 5947 1610 6012; x_wconf 82' lang='grc' dir='ltr'>καταθέμενος.</span> <span class='ocrx_word' id='word_1_537' title='bbox 1677 5947 1705 5988; x_wconf 72' lang='grc' dir='ltr'>(ι</span> <span class='ocrx_word' id='word_1_538' title='bbox 1725 5947 1861 6001; x_wconf 66' lang='grc' dir='ltr'>(Ξοἰέ-</span> 
     </span>
    </p>
   </div>
   <div class='ocr_carea' id='block_1_67' title="bbox 195 5998 1029 6067">
    <p class='ocr_par' dir='ltr' id='par_1_67' title="bbox 195 5998 1029 6067">
     <span class='ocr_line' id='line_1_67' title="bbox 195 5998 1029 6067; baseline 0.012 -21"><span class='ocrx_word' id='word_1_539' title='bbox 195 5998 281 6048; x_wconf 77' lang='grc' dir='ltr'>Ιίη.</span> <span class='ocrx_word' id='word_1_540' title='bbox 316 5998 463 6051; x_wconf 77' lang='grc' dir='ltr'>αὐτοῦ</span> <span class='ocrx_word' id='word_1_541' title='bbox 488 5998 808 6067; x_wconf 77' lang='grc' dir='ltr'>δημίουργίας,</span> <span class='ocrx_word' id='word_1_542' title='bbox 826 5998 1029 6057; x_wconf 75' lang='grc' dir='ltr'>’τοῦτον.</span> 
     </span>
    </p>
   </div>
   <div class='ocr_carea' id='block_1_68' title="bbox 615 6131 1258 6198">
    <p class='ocr_par' dir='ltr' id='par_1_68' title="bbox 615 6131 1258 6198">
     <span class='ocr_line' id='line_1_68' title="bbox 615 6131 1258 6198; baseline 0 -1"><span class='ocrx_word' id='word_1_543' title='bbox 615 6137 884 6198; x_wconf 77' lang='grc' dir='ltr'>ΡΑτιιοῑ..</span> <span class='ocrx_word' id='word_1_544' title='bbox 932 6136 1047 6197; x_wconf 80' lang='lat' dir='ltr'>Gn.</span> <span class='ocrx_word' id='word_1_545' title='bbox 1099 6131 1258 6197; x_wconf 85' lang='lat' dir='ltr'>LHI.</span> 
     </span>
    </p>
   </div>
   <div class='ocr_carea' id='block_1_69' title="bbox 1445 359 2516 429">
    <p class='ocr_par' dir='ltr' id='par_1_69' title="bbox 1445 359 2516 429">
     <span class='ocr_line' id='line_1_69' title="bbox 1445 359 2516 429; baseline 0.012 -16"><span class='ocrx_word' id='word_1_546' title='bbox 1445 359 1512 414; x_wconf 81' lang='grc' dir='ltr'>ΙΝ</span> <span class='ocrx_word' id='word_1_547' title='bbox 1543 360 1698 416; x_wconf 82' lang='lat' dir='ltr'>CAP.</span> <span class='ocrx_word' id='word_1_548' title='bbox 1747 362 1791 416; x_wconf 92' lang='lat' dir='ltr'><strong>Il</strong></span> <span class='ocrx_word' id='word_1_549' title='bbox 1829 363 2078 424; x_wconf 83' lang='lat' dir='ltr'>GENES.</span> <span class='ocrx_word' id='word_1_550' title='bbox 2122 366 2357 429; x_wconf 81' lang='lat' dir='ltr'>HOMIL.</span> <span class='ocrx_word' id='word_1_551' title='bbox 2400 371 2516 426; x_wconf 81' lang='lat' dir='ltr'>XV.</span> 
     </span>
    </p>
   </div>
   <div class='ocr_carea' id='block_1_70' title="bbox 3583 385 3681 439">
    <p class='ocr_par' dir='ltr' id='par_1_70' title="bbox 3583 385 3681 439">
     <span class='ocr_line' id='line_1_70' title="bbox 3583 385 3681 439; baseline 0.01 -1"><span class='ocrx_word' id='word_1_552' title='bbox 3583 385 3681 439; x_wconf 63' lang='lat'>12-5</span> 
     </span>
    </p>
   </div>
   <div class='ocr_carea' id='block_1_71' title="bbox 2015 484 3678 566">
    <p class='ocr_par' dir='ltr' id='par_1_71' title="bbox 2015 484 3678 566">
     <span class='ocr_line' id='line_1_71' title="bbox 2015 484 3678 566; baseline 0.009 -28"><span class='ocrx_word' id='word_1_553' title='bbox 2015 484 2232 538; x_wconf 84' lang='grc' dir='ltr'>πάντων</span> <span class='ocrx_word' id='word_1_554' title='bbox 2261 487 2371 541; x_wconf 88' lang='grc' dir='ltr'>τῶν</span> <span class='ocrx_word' id='word_1_555' title='bbox 2416 489 2736 560; x_wconf 83' lang='grc' dir='ltr'>ὁρωμένων·</span> <span class='ocrx_word' id='word_1_556' title='bbox 2794 488 2914 546; x_wconf 73' lang='grc' dir='ltr'>εἶτα</span> <span class='ocrx_word' id='word_1_557' title='bbox 2947 492 3039 546; x_wconf 82' lang='grc' dir='ltr'>τὸν</span> <span class='ocrx_word' id='word_1_558' title='bbox 3071 495 3397 566; x_wconf 77' lang='grc' dir='ltr'>παράδεισον</span> <span class='ocrx_word' id='word_1_559' title='bbox 3427 498 3678 564; x_wconf 88' lang='grc' dir='ltr'>γενέσθαι</span> 
     </span>
    </p>
   </div>
   <div class='ocr_carea' id='block_1_72' title="bbox 2013 573 3682 657">
    <p class='ocr_par' dir='ltr' id='par_1_72' title="bbox 2013 573 3682 657">
     <span class='ocr_line' id='line_1_72' title="bbox 2013 573 3682 657; baseline 0.01 -33"><span class='ocrx_word' id='word_1_560' title='bbox 2013 573 2344 644; x_wconf 81' lang='grc' dir='ltr'>προστάξας,</span> <span class='ocrx_word' id='word_1_561' title='bbox 2379 577 2497 628; x_wconf 88' lang='grc' dir='ltr'>ἐκεῖ</span> <span class='ocrx_word' id='word_1_562' title='bbox 2527 577 2690 631; x_wconf 86' lang='grc' dir='ltr'>αὐτὸν</span> <span class='ocrx_word' id='word_1_563' title='bbox 2727 579 3092 635; x_wconf 81' lang='grc' dir='ltr'>ἐνδιαιτᾶσθαι</span> <span class='ocrx_word' id='word_1_564' title='bbox 3121 582 3410 656; x_wconf 89' lang='grc' dir='ltr'>ἐϐουλήθη,</span> <span class='ocrx_word' id='word_1_565' title='bbox 3439 587 3682 657; x_wconf 85' lang='grc' dir='ltr'>χωρίσας</span> 
     </span>
    </p>
   </div>
   <div class='ocr_carea' id='block_1_73' title="bbox 2009 658 3678 742">
    <p class='ocr_par' dir='ltr' id='par_1_73' title="bbox 2009 658 3678 742">
     <span class='ocr_line' id='line_1_73' title="bbox 2009 658 3678 742; baseline 0.01 -31"><span class='ocrx_word' id='word_1_566' title='bbox 2009 658 2120 714; x_wconf 88' lang='grc' dir='ltr'>τῶν</span> <span class='ocrx_word' id='word_1_567' title='bbox 2145 661 2355 730; x_wconf 80' lang='grc' dir='ltr'>ἀλόγων</span> <span class='ocrx_word' id='word_1_568' title='bbox 2382 663 2556 729; x_wconf 77' lang='grc' dir='ltr'>ζώων,</span> <span class='ocrx_word' id='word_1_569' title='bbox 2585 667 2679 718; x_wconf 75' lang='grc' dir='ltr'>καὶ</span> <span class='ocrx_word' id='word_1_570' title='bbox 2709 668 2926 722; x_wconf 86' lang='grc' dir='ltr'>πάντων</span> <span class='ocrx_word' id='word_1_571' title='bbox 2947 669 3094 740; x_wconf 85' lang='grc' dir='ltr'>αὐτῷ</span> <span class='ocrx_word' id='word_1_572' title='bbox 3117 670 3215 742; x_wconf 85' lang='grc' dir='ltr'>τὴν</span> <span class='ocrx_word' id='word_1_573' title='bbox 3245 671 3491 738; x_wconf 83' lang='grc' dir='ltr'>ἐξουσίαν</span> <span class='ocrx_word' id='word_1_574' title='bbox 3513 675 3678 727; x_wconf 85' lang='grc' dir='ltr'>δεδω-</span> 
     </span>
    </p>
   </div>
   <div class='ocr_carea' id='block_1_74' title="bbox 2011 745 3680 833">
    <p class='ocr_par' dir='ltr' id='par_1_74' title="bbox 2011 745 3680 833">
     <span class='ocr_line' id='line_1_74' title="bbox 2011 745 3680 833; baseline 0.01 -33"><span class='ocrx_word' id='word_1_575' title='bbox 2011 745 2142 814; x_wconf 86' lang='grc' dir='ltr'>κὼς,</span> <span class='ocrx_word' id='word_1_576' title='bbox 2174 750 2426 822; x_wconf 88' lang='grc' dir='ltr'>καθάπερ</span> <span class='ocrx_word' id='word_1_577' title='bbox 2466 752 2734 825; x_wconf 86' lang='grc' dir='ltr'>δεσπότην</span> <span class='ocrx_word' id='word_1_578' title='bbox 2783 757 2903 809; x_wconf 84' lang='grc' dir='ltr'>τινὰ</span> <span class='ocrx_word' id='word_1_579' title='bbox 2934 757 3141 822; x_wconf 85' lang='grc' dir='ltr'>δούλοις</span> <span class='ocrx_word' id='word_1_580' title='bbox 3194 761 3286 813; x_wconf 75' lang='grc' dir='ltr'>καὶ</span> <span class='ocrx_word' id='word_1_581' title='bbox 3314 761 3574 833; x_wconf 85' lang='grc' dir='ltr'>ὑπηκόοις</span> <span class='ocrx_word' id='word_1_582' title='bbox 3609 763 3680 816; x_wconf 90' lang='grc' dir='ltr'>τά</span> 
     </span>
    </p>
   </div>
   <div class='ocr_carea' id='block_1_75' title="bbox 2009 834 3680 918">
    <p class='ocr_par' dir='ltr' id='par_1_75' title="bbox 2009 834 3680 918">
     <span class='ocr_line' id='line_1_75' title="bbox 2009 834 3680 918; baseline 0.01 -32"><span class='ocrx_word' id='word_1_583' title='bbox 2009 834 2248 905; x_wconf 91' lang='grc' dir='ltr'>όνόματα</span> <span class='ocrx_word' id='word_1_584' title='bbox 2281 836 2450 892; x_wconf 88' lang='grc' dir='ltr'>θεῖναι</span> <span class='ocrx_word' id='word_1_585' title='bbox 2481 841 2646 892; x_wconf 84' lang='grc' dir='ltr'>πᾶσιν</span> <span class='ocrx_word' id='word_1_586' title='bbox 2686 840 2946 907; x_wconf 82' lang='grc' dir='ltr'>ἐπέταξεν</span> <span class='ocrx_word' id='word_1_587' title='bbox 2968 860 2983 874; x_wconf 81' lang='grc'><em>’</em></span> <span class='ocrx_word' id='word_1_588' title='bbox 3031 839 3150 898; x_wconf 76' lang='grc' dir='ltr'>εἶτα</span> <span class='ocrx_word' id='word_1_589' title='bbox 3193 847 3380 918; x_wconf 80' lang='grc' dir='ltr'>ἐπειδὴ</span> <span class='ocrx_word' id='word_1_590' title='bbox 3415 849 3574 917; x_wconf 89' lang='grc' dir='ltr'>μόνος</span> <span class='ocrx_word' id='word_1_591' title='bbox 3603 849 3680 902; x_wconf 85' lang='grc' dir='ltr'>ὢν</span> 
     </span>
    </p>
   </div>
   <div class='ocr_carea' id='block_1_76' title="bbox 2009 923 3679 1009">
    <p class='ocr_par' dir='ltr' id='par_1_76' title="bbox 2009 923 3679 1009">
     <span class='ocr_line' id='line_1_76' title="bbox 2009 923 3679 1009; baseline 0.01 -35"><span class='ocrx_word' id='word_1_592' title='bbox 2009 923 2178 977; x_wconf 84' lang='grc' dir='ltr'>ἐδεῖτό</span> <span class='ocrx_word' id='word_1_593' title='bbox 2211 942 2355 988; x_wconf 90' lang='grc' dir='ltr'>τινος</span> <span class='ocrx_word' id='word_1_594' title='bbox 2376 927 2472 996; x_wconf 86' lang='grc' dir='ltr'>τῆς</span> <span class='ocrx_word' id='word_1_595' title='bbox 2507 927 2681 996; x_wconf 85' lang='grc' dir='ltr'>αὐτῆς</span> <span class='ocrx_word' id='word_1_596' title='bbox 2709 930 2858 1000; x_wconf 81' lang='grc' dir='ltr'>αὐτῷ</span> <span class='ocrx_word' id='word_1_597' title='bbox 2900 933 3282 998; x_wconf 78' lang='grc' dir='ltr'>κοινωνοῦντος</span> <span class='ocrx_word' id='word_1_598' title='bbox 3328 937 3515 1000; x_wconf 86' lang='grc' dir='ltr'>οὐσίας</span> <span class='ocrx_word' id='word_1_599' title='bbox 3548 937 3679 1009; x_wconf 82' lang='grc' dir='ltr'>βοη-</span> 
     </span>
    </p>
   </div>
   <div class='ocr_carea' id='block_1_77' title="bbox 2010 1009 3679 1096">
    <p class='ocr_par' dir='ltr' id='par_1_77' title="bbox 2010 1009 3679 1096">
     <span class='ocr_line' id='line_1_77' title="bbox 2010 1009 3679 1096; baseline 0.01 -33"><span class='ocrx_word' id='word_1_600' title='bbox 2010 1009 2124 1076; x_wconf 88' lang='grc' dir='ltr'>θοῦ,</span> <span class='ocrx_word' id='word_1_601' title='bbox 2154 1013 2275 1066; x_wconf 87' lang='grc' dir='ltr'>οὐδέ</span> <span class='ocrx_word' id='word_1_602' title='bbox 2302 1017 2460 1070; x_wconf 83' lang='grc' dir='ltr'>τοῦτο</span> <span class='ocrx_word' id='word_1_603' title='bbox 2487 1016 2809 1087; x_wconf 83' lang='grc' dir='ltr'>παρέλιπεν,</span> <span class='ocrx_word' id='word_1_604' title='bbox 2840 1019 2971 1072; x_wconf 83' lang='grc' dir='ltr'>ἀλλά</span> <span class='ocrx_word' id='word_1_605' title='bbox 3001 1021 3099 1092; x_wconf 80' lang='grc' dir='ltr'>τὴν</span> <span class='ocrx_word' id='word_1_606' title='bbox 3146 1025 3380 1091; x_wconf 83' lang='grc' dir='ltr'>γυναῖκα</span> <span class='ocrx_word' id='word_1_607' title='bbox 3424 1041 3679 1096; x_wconf 88' lang='grc' dir='ltr'>παραγα-</span> 
     </span>
    </p>
   </div>
   <div class='ocr_carea' id='block_1_78' title="bbox 2007 1097 3676 1184">
    <p class='ocr_par' dir='ltr' id='par_1_78' title="bbox 2007 1097 3676 1184">
     <span class='ocr_line' id='line_1_78' title="bbox 2007 1097 3676 1184; baseline 0.01 -34"><span class='ocrx_word' id='word_1_608' title='bbox 2007 1097 2140 1166; x_wconf 87' lang='grc' dir='ltr'>γὼν,</span> <span class='ocrx_word' id='word_1_609' title='bbox 2167 1101 2288 1154; x_wconf 87' lang='grc' dir='ltr'>καθ’</span> <span class='ocrx_word' id='word_1_610' title='bbox 2319 1101 2377 1156; x_wconf 84' lang='grc' dir='ltr'>ὃν</span> <span class='ocrx_word' id='word_1_611' title='bbox 2402 1102 2562 1167; x_wconf 87' lang='grc' dir='ltr'>αὐτὸς</span> <span class='ocrx_word' id='word_1_612' title='bbox 2598 1103 2862 1175; x_wconf 86' lang='grc' dir='ltr'>ἐϐουλήθη</span> <span class='ocrx_word' id='word_1_613' title='bbox 2903 1109 3134 1179; x_wconf 88' lang='grc' dir='ltr'>τρόπον,</span> <span class='ocrx_word' id='word_1_614' title='bbox 3167 1110 3490 1182; x_wconf 89' lang='grc' dir='ltr'>ἐνεχείρισεν</span> <span class='ocrx_word' id='word_1_615' title='bbox 3528 1113 3676 1184; x_wconf 86' lang='grc' dir='ltr'>αὐτῷ</span> 
     </span>
    </p>
   </div>
   <div class='ocr_carea' id='block_1_79' title="bbox 1935 1188 3678 1272">
    <p class='ocr_par' dir='ltr' id='par_1_79' title="bbox 1935 1188 3678 1272">
     <span class='ocr_line' id='line_1_79' title="bbox 1935 1188 3678 1272; baseline 0.01 -34"><span class='ocrx_word' id='word_1_616' title='bbox 1935 1242 1950 1252; x_wconf 42' lang='grc' dir='ltr'><strong>η</strong></span> <span class='ocrx_word' id='word_1_617' title='bbox 2004 1188 2229 1258; x_wconf 88' lang='grc' dir='ltr'>ταύτην,</span> <span class='ocrx_word' id='word_1_618' title='bbox 2261 1190 2355 1243; x_wconf 75' lang='grc' dir='ltr'>καὶ</span> <span class='ocrx_word' id='word_1_619' title='bbox 2384 1191 2520 1258; x_wconf 87' lang='grc' dir='ltr'>μετὰ</span> <span class='ocrx_word' id='word_1_620' title='bbox 2546 1191 2751 1246; x_wconf 89' lang='grc' dir='ltr'>τούτων</span> <span class='ocrx_word' id='word_1_621' title='bbox 2772 1197 3025 1250; x_wconf 85' lang='grc' dir='ltr'>ἁπάντων</span> <span class='ocrx_word' id='word_1_622' title='bbox 3049 1198 3143 1250; x_wconf 79' lang='grc' dir='ltr'>καὶ</span> <span class='ocrx_word' id='word_1_623' title='bbox 3171 1201 3508 1269; x_wconf 76' lang='grc' dir='ltr'>προφητείας</span> <span class='ocrx_word' id='word_1_624' title='bbox 3529 1201 3678 1272; x_wconf 88' lang='grc' dir='ltr'>αὐτῷ</span> 
     </span>
    </p>
   </div>
   <div class='ocr_carea' id='block_1_80' title="bbox 2005 1275 3676 1356">
    <p class='ocr_par' dir='ltr' id='par_1_80' title="bbox 2005 1275 3676 1356">
     <span class='ocr_line' id='line_1_80' title="bbox 2005 1275 3676 1356; baseline 0.01 -28"><span class='ocrx_word' id='word_1_625' title='bbox 2005 1275 2224 1346; x_wconf 79' lang='grc' dir='ltr'>ἀξίωμα</span> <span class='ocrx_word' id='word_1_626' title='bbox 2274 1279 2670 1350; x_wconf 74' lang='grc' dir='ltr'>χαρισάμενοςο</span> <span class='ocrx_word' id='word_1_627' title='bbox 2709 1285 2803 1337; x_wconf 77' lang='grc' dir='ltr'>καὶ</span> <span class='ocrx_word' id='word_1_628' title='bbox 2859 1285 2997 1354; x_wconf 87' lang='grc' dir='ltr'>μετά</span> <span class='ocrx_word' id='word_1_629' title='bbox 3043 1287 3141 1350; x_wconf 79' lang='grc' dir='ltr'>τὰς</span> <span class='ocrx_word' id='word_1_630' title='bbox 3185 1289 3425 1356; x_wconf 79' lang='grc' dir='ltr'>ἀφάτους</span> <span class='ocrx_word' id='word_1_631' title='bbox 3473 1290 3676 1355; x_wconf 88' lang='grc' dir='ltr'>ταύτας</span> 
     </span>
    </p>
   </div>
   <div class='ocr_carea' id='block_1_81' title="bbox 2005 1364 3676 1446">
    <p class='ocr_par' dir='ltr' id='par_1_81' title="bbox 2005 1364 3676 1446">
     <span class='ocr_line' id='line_1_81' title="bbox 2005 1364 3676 1446; baseline 0.009 -31"><span class='ocrx_word' id='word_1_632' title='bbox 2005 1364 2323 1434; x_wconf 83' lang='grc' dir='ltr'>εὐεργεσίας</span> <span class='ocrx_word' id='word_1_633' title='bbox 2351 1369 2446 1420; x_wconf 70' lang='grc' dir='ltr'>καὶ</span> <span class='ocrx_word' id='word_1_634' title='bbox 2484 1368 2544 1421; x_wconf 86' lang='grc' dir='ltr'>τὸ</span> <span class='ocrx_word' id='word_1_635' title='bbox 2572 1370 2863 1440; x_wconf 81' lang='grc' dir='ltr'>κεφάλαιον</span> <span class='ocrx_word' id='word_1_636' title='bbox 2893 1373 3143 1426; x_wconf 81' lang='grc' dir='ltr'>ἁπάντων</span> <span class='ocrx_word' id='word_1_637' title='bbox 3178 1375 3504 1446; x_wconf 86' lang='grc' dir='ltr'>ἐδωρήσατο,</span> <span class='ocrx_word' id='word_1_638' title='bbox 3540 1378 3676 1431; x_wconf 85' lang='grc' dir='ltr'>πάν-</span> 
     </span>
    </p>
   </div>
   <div class='ocr_carea' id='block_1_82' title="bbox 2002 1453 3670 1531">
    <p class='ocr_par' dir='ltr' id='par_1_82' title="bbox 2002 1453 3670 1531">
     <span class='ocr_line' id='line_1_82' title="bbox 2002 1453 3670 1531; baseline 0.008 -27"><span class='ocrx_word' id='word_1_639' title='bbox 2002 1469 2110 1504; x_wconf 91' lang='grc' dir='ltr'>των</span> <span class='ocrx_word' id='word_1_640' title='bbox 2137 1453 2302 1507; x_wconf 86' lang='grc' dir='ltr'>αὐτὸν</span> <span class='ocrx_word' id='word_1_641' title='bbox 2351 1455 2720 1526; x_wconf 81' lang='grc' dir='ltr'>ἐλευθερώσας</span> <span class='ocrx_word' id='word_1_642' title='bbox 2773 1457 2882 1511; x_wconf 91' lang='grc' dir='ltr'>τῶν</span> <span class='ocrx_word' id='word_1_643' title='bbox 2932 1459 3027 1512; x_wconf 83' lang='grc' dir='ltr'>τοῦ</span> <span class='ocrx_word' id='word_1_644' title='bbox 3069 1459 3319 1531; x_wconf 87' lang='grc' dir='ltr'>σώματος</span> <span class='ocrx_word' id='word_1_645' title='bbox 3352 1464 3670 1531; x_wconf 80' lang='grc' dir='ltr'>φροντίδων,</span> 
     </span>
    </p>
   </div>
   <div class='ocr_carea' id='block_1_83' title="bbox 2003 1541 3674 1622">
    <p class='ocr_par' dir='ltr' id='par_1_83' title="bbox 2003 1541 3674 1622">
     <span class='ocr_line' id='line_1_83' title="bbox 2003 1541 3674 1622; baseline 0.008 -30"><span class='ocrx_word' id='word_1_646' title='bbox 2003 1541 2096 1593; x_wconf 77' lang='grc' dir='ltr'>καὶ</span> <span class='ocrx_word' id='word_1_647' title='bbox 2127 1541 2264 1612; x_wconf 87' lang='grc' dir='ltr'>μήτε</span> <span class='ocrx_word' id='word_1_648' title='bbox 2295 1541 2524 1612; x_wconf 89' lang='grc' dir='ltr'>ἰματίων</span> <span class='ocrx_word' id='word_1_649' title='bbox 2557 1545 2868 1616; x_wconf 88' lang='grc' dir='ltr'>περιϐολῆς,</span> <span class='ocrx_word' id='word_1_650' title='bbox 2906 1550 3041 1618; x_wconf 85' lang='grc' dir='ltr'>μήτε</span> <span class='ocrx_word' id='word_1_651' title='bbox 3080 1549 3272 1620; x_wconf 86' lang='grc' dir='ltr'>ἐτέρας</span> <span class='ocrx_word' id='word_1_652' title='bbox 3308 1551 3454 1615; x_wconf 88' lang='grc' dir='ltr'>τινὸς</span> <span class='ocrx_word' id='word_1_653' title='bbox 3485 1553 3674 1622; x_wconf 87' lang='grc' dir='ltr'>χρείας</span> 
     </span>
    </p>
   </div>
   <div class='ocr_carea' id='block_1_84' title="bbox 2000 1631 3671 1710">
    <p class='ocr_par' dir='ltr' id='par_1_84' title="bbox 2000 1631 3671 1710">
     <span class='ocr_line' id='line_1_84' title="bbox 2000 1631 3671 1710; baseline 0.008 -26"><span class='ocrx_word' id='word_1_654' title='bbox 2000 1631 2207 1685; x_wconf 85' lang='grc' dir='ltr'>δεῖσθαι</span> <span class='ocrx_word' id='word_1_655' title='bbox 2237 1634 2617 1705; x_wconf 86' lang='grc' dir='ltr'>συγχωρήσας,</span> <span class='ocrx_word' id='word_1_656' title='bbox 2671 1636 2823 1698; x_wconf 85' lang='grc' dir='ltr'>ἀλλὰ,</span> <span class='ocrx_word' id='word_1_657' title='bbox 2856 1637 3108 1709; x_wconf 85' lang='grc' dir='ltr'>καθάπερ</span> <span class='ocrx_word' id='word_1_658' title='bbox 3149 1639 3318 1710; x_wconf 78' lang='grc' dir='ltr'>ἔφθην</span> <span class='ocrx_word' id='word_1_659' title='bbox 3369 1643 3558 1708; x_wconf 85' lang='grc' dir='ltr'>εἰπὼν,</span> <span class='ocrx_word' id='word_1_660' title='bbox 3593 1645 3671 1708; x_wconf 88' lang='grc' dir='ltr'>ώς</span> 
     </span>
    </p>
   </div>
   <div class='ocr_carea' id='block_1_85' title="bbox 1999 1718 3670 1800">
    <p class='ocr_par' dir='ltr' id='par_1_85' title="bbox 1999 1718 3670 1800">
     <span class='ocr_line' id='line_1_85' title="bbox 1999 1718 3670 1800; baseline 0.006 -27"><span class='ocrx_word' id='word_1_661' title='bbox 1999 1718 2229 1786; x_wconf 79' lang='grc' dir='ltr'>ἄγγελον</span> <span class='ocrx_word' id='word_1_662' title='bbox 2260 1720 2520 1788; x_wconf 87' lang='grc' dir='ltr'>ἐπίγειον,</span> <span class='ocrx_word' id='word_1_663' title='bbox 2547 1719 2720 1784; x_wconf 79' lang='grc' dir='ltr'>οὑτως</span> <span class='ocrx_word' id='word_1_664' title='bbox 2747 1723 2909 1776; x_wconf 77' lang='grc' dir='ltr'>αὐτὸν</span> <span class='ocrx_word' id='word_1_665' title='bbox 2938 1725 3032 1778; x_wconf 72' lang='grc' dir='ltr'>ἐπὶ</span> <span class='ocrx_word' id='word_1_666' title='bbox 3066 1725 3166 1796; x_wconf 88' lang='grc' dir='ltr'>τῆς</span> <span class='ocrx_word' id='word_1_667' title='bbox 3186 1727 3286 1798; x_wconf 88' lang='grc' dir='ltr'>γῆς</span> <span class='ocrx_word' id='word_1_668' title='bbox 3314 1727 3518 1796; x_wconf 89' lang='grc' dir='ltr'>διάγειν</span> <span class='ocrx_word' id='word_1_669' title='bbox 3545 1729 3670 1800; x_wconf 81' lang='grc' dir='ltr'>βου-</span> 
     </span>
    </p>
   </div>
   <div class='ocr_carea' id='block_1_86' title="bbox 1999 1805 3667 1886">
    <p class='ocr_par' dir='ltr' id='par_1_86' title="bbox 1999 1805 3667 1886">
     <span class='ocr_line' id='line_1_86' title="bbox 1999 1805 3667 1886; baseline 0.008 -28"><span class='ocrx_word' id='word_1_670' title='bbox 1999 1805 2214 1876; x_wconf 86' lang='grc' dir='ltr'>ληθείς·</span> <span class='ocrx_word' id='word_1_671' title='bbox 2260 1807 2386 1860; x_wconf 85' lang='grc' dir='ltr'>ὅταν</span> <span class='ocrx_word' id='word_1_672' title='bbox 2435 1807 2618 1861; x_wconf 86' lang='grc' dir='ltr'>τοίνυν</span> <span class='ocrx_word' id='word_1_673' title='bbox 2644 1810 2820 1864; x_wconf 86' lang='grc' dir='ltr'>πάντα</span> <span class='ocrx_word' id='word_1_674' title='bbox 2853 1811 3023 1866; x_wconf 90' lang='grc' dir='ltr'>ταῦτα</span> <span class='ocrx_word' id='word_1_675' title='bbox 3071 1812 3394 1886; x_wconf 88' lang='grc' dir='ltr'>λογίσωμαι,</span> <span class='ocrx_word' id='word_1_676' title='bbox 3432 1820 3525 1871; x_wconf 76' lang='grc' dir='ltr'>καὶ</span> <span class='ocrx_word' id='word_1_677' title='bbox 3571 1819 3667 1872; x_wconf 87' lang='grc' dir='ltr'>τοῦ</span> 
     </span>
    </p>
   </div>
   <div class='ocr_carea' id='block_1_87' title="bbox 1998 1893 3668 1978">
    <p class='ocr_par' dir='ltr' id='par_1_87' title="bbox 1998 1893 3668 1978">
     <span class='ocr_line' id='line_1_87' title="bbox 1998 1893 3668 1978; baseline 0.009 -33"><span class='ocrx_word' id='word_1_678' title='bbox 1998 1893 2267 1947; x_wconf 82' lang='grc' dir='ltr'>Δεσπότου</span> <span class='ocrx_word' id='word_1_679' title='bbox 2317 1894 2690 1966; x_wconf 84' lang='grc' dir='ltr'>ἐκπλήττομαι</span> <span class='ocrx_word' id='word_1_680' title='bbox 2724 1897 2821 1969; x_wconf 87' lang='grc' dir='ltr'>τὴν</span> <span class='ocrx_word' id='word_1_681' title='bbox 2855 1901 2984 1970; x_wconf 79' lang='grc' dir='ltr'>περὶ</span> <span class='ocrx_word' id='word_1_682' title='bbox 3032 1901 3093 1954; x_wconf 79' lang='grc' dir='ltr'>τὸ</span> <span class='ocrx_word' id='word_1_683' title='bbox 3123 1902 3276 1970; x_wconf 88' lang='grc' dir='ltr'>γένος</span> <span class='ocrx_word' id='word_1_684' title='bbox 3308 1904 3369 1956; x_wconf 81' lang='grc' dir='ltr'>τὸ</span> <span class='ocrx_word' id='word_1_685' title='bbox 3399 1907 3668 1978; x_wconf 83' lang='grc' dir='ltr'>ἡμέτερον</span> 
     </span>
    </p>
   </div>
   <div class='ocr_carea' id='block_1_88' title="bbox 1999 1978 3667 2060">
    <p class='ocr_par' dir='ltr' id='par_1_88' title="bbox 1999 1978 3667 2060">
     <span class='ocr_line' id='line_1_88' title="bbox 1999 1978 3667 2060; baseline 0.01 -31"><span class='ocrx_word' id='word_1_686' title='bbox 1999 1978 2444 2050; x_wconf 83' lang='grc' dir='ltr'>φιλανθρωπίαν,</span> <span class='ocrx_word' id='word_1_687' title='bbox 2495 1982 2591 2033; x_wconf 80' lang='grc' dir='ltr'>καὶ</span> <span class='ocrx_word' id='word_1_688' title='bbox 2622 1981 2715 2034; x_wconf 88' lang='grc' dir='ltr'>τοῦ</span> <span class='ocrx_word' id='word_1_689' title='bbox 2763 1982 3056 2055; x_wconf 86' lang='grc' dir='ltr'>ἀνθρώπου</span> <span class='ocrx_word' id='word_1_690' title='bbox 3111 1985 3210 2057; x_wconf 81' lang='grc' dir='ltr'>τὴν</span> <span class='ocrx_word' id='word_1_691' title='bbox 3244 1989 3538 2060; x_wconf 75' lang='grc' dir='ltr'>ρᾳθυμίαν,</span> <span class='ocrx_word' id='word_1_692' title='bbox 3573 1995 3667 2046; x_wconf 75' lang='grc' dir='ltr'>καὶ</span> 
     </span>
    </p>
   </div>
   <div class='ocr_carea' id='block_1_89' title="bbox 1995 2061 3669 2146">
    <p class='ocr_par' dir='ltr' id='par_1_89' title="bbox 1995 2061 3669 2146">
     <span class='ocr_line' id='line_1_89' title="bbox 1995 2061 3669 2146; baseline 0.008 -31"><span class='ocrx_word' id='word_1_693' title='bbox 1995 2061 2090 2115; x_wconf 81' lang='grc' dir='ltr'>τοῦ</span> <span class='ocrx_word' id='word_1_694' title='bbox 2119 2062 2366 2146; x_wconf 87' lang='grc' dir='ltr'>διαϐόλου</span> <span class='ocrx_word' id='word_1_695' title='bbox 2386 2062 2482 2134; x_wconf 81' lang='grc' dir='ltr'>τὴν</span> <span class='ocrx_word' id='word_1_696' title='bbox 2519 2063 2816 2146; x_wconf 79' lang='grc' dir='ltr'>βασκανίαν</span> <span class='ocrx_word' id='word_1_697' title='bbox 2837 2083 2851 2098; x_wconf 79' lang='grc' dir='ltr'>ο</span> <span class='ocrx_word' id='word_1_698' title='bbox 2881 2067 2943 2119; x_wconf 91' lang='grc' dir='ltr'>οὐ</span> <span class='ocrx_word' id='word_1_699' title='bbox 2977 2067 3085 2136; x_wconf 85' lang='grc' dir='ltr'>γὰρ</span> <span class='ocrx_word' id='word_1_700' title='bbox 3115 2070 3346 2141; x_wconf 81' lang='grc' dir='ltr'>ήνεγκεν</span> <span class='ocrx_word' id='word_1_701' title='bbox 3379 2076 3406 2127; x_wconf 90' lang='grc' dir='ltr'>ό</span> <span class='ocrx_word' id='word_1_702' title='bbox 3432 2076 3669 2146; x_wconf 83' lang='grc' dir='ltr'>πονηρὸς</span> 
     </span>
    </p>
   </div>
   <div class='ocr_carea' id='block_1_90' title="bbox 1995 2145 3662 2229">
    <p class='ocr_par' dir='ltr' id='par_1_90' title="bbox 1995 2145 3662 2229">
     <span class='ocr_line' id='line_1_90' title="bbox 1995 2145 3662 2229; baseline 0.009 -31"><span class='ocrx_word' id='word_1_703' title='bbox 1995 2145 2203 2216; x_wconf 87' lang='grc' dir='ltr'>δαίμων</span> <span class='ocrx_word' id='word_1_704' title='bbox 2223 2145 2364 2229; x_wconf 86' lang='grc' dir='ltr'>όρῶν</span> <span class='ocrx_word' id='word_1_705' title='bbox 2393 2148 2452 2199; x_wconf 87' lang='grc' dir='ltr'>ἐν</span> <span class='ocrx_word' id='word_1_706' title='bbox 2478 2145 2689 2216; x_wconf 88' lang='grc' dir='ltr'>σώματι</span> <span class='ocrx_word' id='word_1_707' title='bbox 2709 2147 3037 2220; x_wconf 85' lang='grc' dir='ltr'>ἀνθρωπίνῳ</span> <span class='ocrx_word' id='word_1_708' title='bbox 3053 2153 3348 2225; x_wconf 79' lang='grc' dir='ltr'>ἀγγελικὴν</span> <span class='ocrx_word' id='word_1_709' title='bbox 3363 2145 3662 2229; x_wconf 84' lang='grc' dir='ltr'>διαγωγήν.</span> 
     </span>
    </p>
   </div>
   <div class='ocr_carea' id='block_1_91' title="bbox 2066 2228 3662 2312">
    <p class='ocr_par' dir='ltr' id='par_1_91' title="bbox 2066 2228 3662 2312">
     <span class='ocr_line' id='line_1_91' title="bbox 2066 2228 3662 2312; baseline 0.007 -29"><span class='ocrx_word' id='word_1_710' title='bbox 2066 2236 2127 2285; x_wconf 86' lang='grc' dir='ltr'>ε’.</span> <span class='ocrx_word' id='word_1_711' title='bbox 2161 2228 2300 2282; x_wconf 86' lang='grc' dir='ltr'>Ἀλλ’</span> <span class='ocrx_word' id='word_1_712' title='bbox 2327 2230 2414 2282; x_wconf 79' lang='grc' dir='ltr'>ἵνα</span> <span class='ocrx_word' id='word_1_713' title='bbox 2444 2229 2518 2300; x_wconf 85' lang='grc' dir='ltr'>μὴ</span> <span class='ocrx_word' id='word_1_714' title='bbox 2545 2232 2625 2294; x_wconf 85' lang='grc' dir='ltr'>είς</span> <span class='ocrx_word' id='word_1_715' title='bbox 2648 2231 2780 2286; x_wconf 87' lang='grc' dir='ltr'>πολύ</span> <span class='ocrx_word' id='word_1_716' title='bbox 2811 2233 2984 2302; x_wconf 90' lang='grc' dir='ltr'>μῆκος</span> <span class='ocrx_word' id='word_1_717' title='bbox 3011 2235 3102 2288; x_wconf 86' lang='grc' dir='ltr'>τὸν</span> <span class='ocrx_word' id='word_1_718' title='bbox 3130 2236 3285 2306; x_wconf 90' lang='grc' dir='ltr'>λόγον</span> <span class='ocrx_word' id='word_1_719' title='bbox 3311 2228 3662 2312; x_wconf 86' lang='grc' dir='ltr'>ἐκτείνωμεν.</span> 
     </span>
    </p>
   </div>
   <div class='ocr_carea' id='block_1_92' title="bbox 1995 2313 3664 2397">
    <p class='ocr_par' dir='ltr' id='par_1_92' title="bbox 1995 2313 3664 2397">
     <span class='ocr_line' id='line_1_92' title="bbox 1995 2313 3664 2397; baseline 0.005 -29"><span class='ocrx_word' id='word_1_720' title='bbox 1995 2316 2042 2368; x_wconf 85' lang='grc' dir='ltr'>εἰ</span> <span class='ocrx_word' id='word_1_721' title='bbox 2081 2313 2244 2378; x_wconf 86' lang='grc' dir='ltr'>δοκεῖ,</span> <span class='ocrx_word' id='word_1_722' title='bbox 2277 2313 2346 2364; x_wconf 76' lang='grc' dir='ltr'>τὰ</span> <span class='ocrx_word' id='word_1_723' title='bbox 2388 2313 2530 2366; x_wconf 79' lang='grc' dir='ltr'>κατὰ</span> <span class='ocrx_word' id='word_1_724' title='bbox 2563 2314 2664 2383; x_wconf 85' lang='grc' dir='ltr'>τὴν</span> <span class='ocrx_word' id='word_1_725' title='bbox 2694 2313 2787 2368; x_wconf 85' lang='grc' dir='ltr'>τοῦ</span> <span class='ocrx_word' id='word_1_726' title='bbox 2819 2317 3056 2387; x_wconf 86' lang='grc' dir='ltr'>πονηροῦ</span> <span class='ocrx_word' id='word_1_727' title='bbox 3088 2319 3340 2390; x_wconf 88' lang='grc' dir='ltr'>δαίμονος</span> <span class='ocrx_word' id='word_1_728' title='bbox 3373 2324 3664 2397; x_wconf 82' lang='grc' dir='ltr'>ἐπιϐουλήν</span> 
     </span>
    </p>
   </div>
   <div class='ocr_carea' id='block_1_93' title="bbox 1993 2397 3664 2478">
    <p class='ocr_par' dir='ltr' id='par_1_93' title="bbox 1993 2397 3664 2478">
     <span class='ocr_line' id='line_1_93' title="bbox 1993 2397 3664 2478; baseline 0.005 -26"><span class='ocrx_word' id='word_1_729' title='bbox 1993 2400 2074 2462; x_wconf 90' lang='grc' dir='ltr'>εἰς</span> <span class='ocrx_word' id='word_1_730' title='bbox 2095 2397 2191 2468; x_wconf 80' lang='grc' dir='ltr'>τὴν</span> <span class='ocrx_word' id='word_1_731' title='bbox 2219 2397 2345 2466; x_wconf 80' lang='grc' dir='ltr'>ἑξῆς</span> <span class='ocrx_word' id='word_1_732' title='bbox 2373 2397 2816 2468; x_wconf 84' lang='grc' dir='ltr'>ταμιευσάμενοι,</span> <span class='ocrx_word' id='word_1_733' title='bbox 2844 2400 3077 2455; x_wconf 64' lang='grc' dir='ltr'>ἐπαῦθα</span> <span class='ocrx_word' id='word_1_734' title='bbox 3103 2406 3542 2478; x_wconf 87' lang='grc' dir='ltr'>καταπαύσωμεν</span> <span class='ocrx_word' id='word_1_735' title='bbox 3571 2409 3664 2462; x_wconf 86' lang='grc' dir='ltr'>τὸν</span> 
     </span>
    </p>
   </div>
   <div class='ocr_carea' id='block_1_94' title="bbox 1993 2480 3664 2562">
    <p class='ocr_par' dir='ltr' id='par_1_94' title="bbox 1993 2480 3664 2562">
     <span class='ocr_line' id='line_1_94' title="bbox 1993 2480 3664 2562; baseline 0 -29"><span class='ocrx_word' id='word_1_736' title='bbox 1993 2482 2149 2550; x_wconf 86' lang='grc' dir='ltr'>λόγον</span> <span class='ocrx_word' id='word_1_737' title='bbox 2172 2519 2186 2542; x_wconf 91' lang='grc'>,</span> <span class='ocrx_word' id='word_1_738' title='bbox 2221 2480 2396 2532; x_wconf 87' lang='grc' dir='ltr'>ἐκεῖνο</span> <span class='ocrx_word' id='word_1_739' title='bbox 2439 2480 2921 2550; x_wconf 84' lang='grc' dir='ltr'>παρακαλέσαντες</span> <span class='ocrx_word' id='word_1_740' title='bbox 2957 2484 3112 2554; x_wconf 88' lang='grc' dir='ltr'>ὑμῶν</span> <span class='ocrx_word' id='word_1_741' title='bbox 3149 2487 3248 2558; x_wconf 85' lang='grc' dir='ltr'>τὴν</span> <span class='ocrx_word' id='word_1_742' title='bbox 3285 2489 3536 2559; x_wconf 82' lang='grc' dir='ltr'>ἀγάπην,</span> <span class='ocrx_word' id='word_1_743' title='bbox 3569 2509 3664 2562; x_wconf 84' lang='grc' dir='ltr'>με..</span> 
     </span>
    </p>
   </div>
   <div class='ocr_carea' id='block_1_95' title="bbox 1996 2562 3664 2639">
    <p class='ocr_par' dir='ltr' id='par_1_95' title="bbox 1996 2562 3664 2639">
     <span class='ocr_line' id='line_1_95' title="bbox 1996 2562 3664 2639; baseline 0.01 -26"><span class='ocrx_word' id='word_1_744' title='bbox 1996 2562 2232 2632; x_wconf 84' lang='grc' dir='ltr'>μνῆσθαι</span> <span class='ocrx_word' id='word_1_745' title='bbox 2259 2563 2367 2616; x_wconf 91' lang='grc' dir='ltr'>τῶν</span> <span class='ocrx_word' id='word_1_746' title='bbox 2405 2563 2711 2634; x_wconf 85' lang='grc' dir='ltr'>εἰρημένων</span> <span class='ocrx_word' id='word_1_747' title='bbox 2744 2565 2881 2634; x_wconf 88' lang='grc' dir='ltr'>μετά</span> <span class='ocrx_word' id='word_1_748' title='bbox 2913 2567 3217 2639; x_wconf 84' lang='grc' dir='ltr'>ἀκριϐείας,</span> <span class='ocrx_word' id='word_1_749' title='bbox 3253 2574 3348 2626; x_wconf 74' lang='grc' dir='ltr'>καὶ</span> <span class='ocrx_word' id='word_1_750' title='bbox 3380 2575 3502 2628; x_wconf 87' lang='grc' dir='ltr'>καθ’</span> <span class='ocrx_word' id='word_1_751' title='bbox 3536 2577 3664 2628; x_wconf 78' lang='grc' dir='ltr'>ἐαυ-</span> 
     </span>
    </p>
   </div>
   <div class='ocr_carea' id='block_1_96' title="bbox 1977 2646 3659 2731">
    <p class='ocr_par' dir='ltr' id='par_1_96' title="bbox 1977 2646 3659 2731">
     <span class='ocr_line' id='line_1_96' title="bbox 1977 2646 3659 2731; baseline 0.008 -31"><span class='ocrx_word' id='word_1_752' title='bbox 1977 2646 2116 2709; x_wconf 81' lang='grc' dir='ltr'>’τοὺς</span> <span class='ocrx_word' id='word_1_753' title='bbox 2146 2647 2360 2700; x_wconf 76' lang='grc' dir='ltr'>ἅπαντα</span> <span class='ocrx_word' id='word_1_754' title='bbox 2391 2647 2823 2718; x_wconf 75' lang='grc' dir='ltr'>ἀναλογίζεσθαι,</span> <span class='ocrx_word' id='word_1_755' title='bbox 2873 2651 2959 2704; x_wconf 80' lang='grc' dir='ltr'>ἵνα</span> <span class='ocrx_word' id='word_1_756' title='bbox 2983 2653 3138 2724; x_wconf 83' lang='grc' dir='ltr'>ἔχητε</span> <span class='ocrx_word' id='word_1_757' title='bbox 3169 2657 3309 2710; x_wconf 88' lang='grc' dir='ltr'>αὐτά</span> <span class='ocrx_word' id='word_1_758' title='bbox 3336 2659 3659 2731; x_wconf 85' lang='grc' dir='ltr'>ἐνιδρυμένα</span> 
     </span>
    </p>
   </div>
   <div class='ocr_carea' id='block_1_97' title="bbox 1989 2729 3661 2810">
    <p class='ocr_par' dir='ltr' id='par_1_97' title="bbox 1989 2729 3661 2810">
     <span class='ocr_line' id='line_1_97' title="bbox 1989 2729 3661 2810; baseline 0.007 -27"><span class='ocrx_word' id='word_1_759' title='bbox 1989 2733 2110 2794; x_wconf 88' lang='grc' dir='ltr'>ταῖς</span> <span class='ocrx_word' id='word_1_760' title='bbox 2135 2729 2396 2793; x_wconf 84' lang='grc' dir='ltr'>διανοίαις</span> <span class='ocrx_word' id='word_1_761' title='bbox 2416 2732 2540 2793; x_wconf 87' lang='grc' dir='ltr'>ταῖς</span> <span class='ocrx_word' id='word_1_762' title='bbox 2586 2731 2898 2803; x_wconf 86' lang='grc' dir='ltr'>ὑμετέραις.</span> <span class='ocrx_word' id='word_1_763' title='bbox 2945 2735 3070 2788; x_wconf 85' lang='grc' dir='ltr'>Ἑάν</span> <span class='ocrx_word' id='word_1_764' title='bbox 3121 2737 3229 2808; x_wconf 88' lang='grc' dir='ltr'>γάρ</span> <span class='ocrx_word' id='word_1_765' title='bbox 3263 2729 3502 2810; x_wconf 86' lang='grc' dir='ltr'>συνεχῶς</span> <span class='ocrx_word' id='word_1_766' title='bbox 3533 2743 3661 2796; x_wconf 87' lang='grc' dir='ltr'>ἁνα-</span> 
     </span>
    </p>
   </div>
   <div class='ocr_carea' id='block_1_98' title="bbox 1995 2812 3658 2897">
    <p class='ocr_par' dir='ltr' id='par_1_98' title="bbox 1995 2812 3658 2897">
     <span class='ocr_line' id='line_1_98' title="bbox 1995 2812 3658 2897; baseline 0.008 -32"><span class='ocrx_word' id='word_1_767' title='bbox 1995 2812 2432 2884; x_wconf 88' lang='grc' dir='ltr'>μιμνησκώμεθα</span> <span class='ocrx_word' id='word_1_768' title='bbox 2487 2813 2596 2868; x_wconf 91' lang='grc' dir='ltr'>τῶν</span> <span class='ocrx_word' id='word_1_769' title='bbox 2647 2815 2972 2885; x_wconf 83' lang='grc' dir='ltr'>εὐεργεσιῶν</span> <span class='ocrx_word' id='word_1_770' title='bbox 3004 2817 3097 2871; x_wconf 89' lang='grc' dir='ltr'>τοῦ</span> <span class='ocrx_word' id='word_1_771' title='bbox 3131 2819 3286 2886; x_wconf 89' lang='grc' dir='ltr'>Θεοῦ,</span> <span class='ocrx_word' id='word_1_772' title='bbox 3326 2817 3401 2876; x_wconf 85' lang='grc' dir='ltr'>ὧν</span> <span class='ocrx_word' id='word_1_773' title='bbox 3430 2825 3509 2886; x_wconf 86' lang='grc' dir='ltr'>εἰς</span> <span class='ocrx_word' id='word_1_774' title='bbox 3559 2826 3658 2897; x_wconf 80' lang='grc' dir='ltr'>τὴν</span> 
     </span>
    </p>
   </div>
   <div class='ocr_carea' id='block_1_99' title="bbox 1987 2897 3656 2977">
    <p class='ocr_par' dir='ltr' id='par_1_99' title="bbox 1987 2897 3656 2977">
     <span class='ocr_line' id='line_1_99' title="bbox 1987 2897 3656 2977; baseline 0.008 -29"><span class='ocrx_word' id='word_1_775' title='bbox 1987 2897 2265 2968; x_wconf 81' lang='grc' dir='ltr'>ἡμετέραν</span> <span class='ocrx_word' id='word_1_776' title='bbox 2297 2897 2456 2966; x_wconf 88' lang='grc' dir='ltr'>φύσιν</span> <span class='ocrx_word' id='word_1_777' title='bbox 2475 2898 2749 2963; x_wconf 88' lang='grc' dir='ltr'>κατέθετο,</span> <span class='ocrx_word' id='word_1_778' title='bbox 2773 2901 2926 2954; x_wconf 88' lang='grc' dir='ltr'>αὐτοί</span> <span class='ocrx_word' id='word_1_779' title='bbox 2959 2919 3018 2954; x_wconf 89' lang='grc' dir='ltr'>τε</span> <span class='ocrx_word' id='word_1_780' title='bbox 3035 2902 3374 2974; x_wconf 86' lang='grc' dir='ltr'>εὐγνώμονες</span> <span class='ocrx_word' id='word_1_781' title='bbox 3398 2908 3656 2977; x_wconf 80' lang='grc' dir='ltr'>ἐσόμεθα,</span> 
     </span>
    </p>
   </div>
   <div class='ocr_carea' id='block_1_100' title="bbox 1988 2979 3656 3062">
    <p class='ocr_par' dir='ltr' id='par_1_100' title="bbox 1988 2979 3656 3062">
     <span class='ocr_line' id='line_1_100' title="bbox 1988 2979 3656 3062; baseline 0.007 -30"><span class='ocrx_word' id='word_1_782' title='bbox 1988 2979 2084 3062; x_wconf 67' lang='grc' dir='ltr'>καί</span> <span class='ocrx_word' id='word_1_783' title='bbox 2125 2979 2261 3050; x_wconf 82' lang='grc' dir='ltr'>πρὸς</span> <span class='ocrx_word' id='word_1_784' title='bbox 2281 2979 2380 3052; x_wconf 81' lang='grc' dir='ltr'>τὴν</span> <span class='ocrx_word' id='word_1_785' title='bbox 2407 2979 2508 3050; x_wconf 84' lang='grc' dir='ltr'>τῆς</span> <span class='ocrx_word' id='word_1_786' title='bbox 2548 2981 2750 3053; x_wconf 83' lang='grc' dir='ltr'>ἀρετῆς</span> <span class='ocrx_word' id='word_1_787' title='bbox 2784 2980 2901 3035; x_wconf 79' lang='grc' dir='ltr'>ὁδὸν</span> <span class='ocrx_word' id='word_1_788' title='bbox 2935 2985 3217 3057; x_wconf 86' lang='grc' dir='ltr'>προτροπὴ</span> <span class='ocrx_word' id='word_1_789' title='bbox 3256 2989 3388 3058; x_wconf 78' lang='grc' dir='ltr'>ἡμῖν</span> <span class='ocrx_word' id='word_1_790' title='bbox 3424 2991 3656 3062; x_wconf 86' lang='grc' dir='ltr'>μεγίστη</span> 
     </span>
    </p>
   </div>
   <div class='ocr_carea' id='block_1_101' title="bbox 1987 3061 3658 3143">
    <p class='ocr_par' dir='ltr' id='par_1_101' title="bbox 1987 3061 3658 3143">
     <span class='ocr_line' id='line_1_101' title="bbox 1987 3061 3658 3143; baseline 0.004 -27"><span class='ocrx_word' id='word_1_791' title='bbox 1987 3061 2147 3118; x_wconf 88' lang='grc' dir='ltr'>τοῦτο</span> <span class='ocrx_word' id='word_1_792' title='bbox 2169 3065 2476 3133; x_wconf 87' lang='grc' dir='ltr'>γενήσεται.</span> <span class='ocrx_word' id='word_1_793' title='bbox 2539 3064 2596 3117; x_wconf 80' lang='lat'>’0</span> <span class='ocrx_word' id='word_1_794' title='bbox 2628 3065 2737 3136; x_wconf 83' lang='grc' dir='ltr'>γὰρ</span> <span class='ocrx_word' id='word_1_795' title='bbox 2785 3064 2894 3118; x_wconf 89' lang='grc' dir='ltr'>τῶν</span> <span class='ocrx_word' id='word_1_796' title='bbox 2946 3069 3274 3138; x_wconf 85' lang='grc' dir='ltr'>εὐεργεσιῶν</span> <span class='ocrx_word' id='word_1_797' title='bbox 3311 3061 3658 3143; x_wconf 59' lang='grc' dir='ltr'>μεμνημένης</span> 
     </span>
    </p>
   </div>
   <div class='ocr_carea' id='block_1_102' title="bbox 1986 3146 3656 3221">
    <p class='ocr_par' dir='ltr' id='par_1_102' title="bbox 1986 3146 3656 3221">
     <span class='ocr_line' id='line_1_102' title="bbox 1986 3146 3656 3221; baseline 0.007 -20"><span class='ocrx_word' id='word_1_798' title='bbox 1986 3146 2080 3201; x_wconf 84' lang='grc' dir='ltr'>τοῦ</span> <span class='ocrx_word' id='word_1_799' title='bbox 2113 3146 2268 3211; x_wconf 87' lang='grc' dir='ltr'>Θεοῦ,</span> <span class='ocrx_word' id='word_1_800' title='bbox 2305 3146 2543 3218; x_wconf 81' lang='grc' dir='ltr'>δηλονότι</span> <span class='ocrx_word' id='word_1_801' title='bbox 2592 3149 2882 3202; x_wconf 81' lang='grc' dir='ltr'>σπουδάσει</span> <span class='ocrx_word' id='word_1_802' title='bbox 2941 3150 3014 3221; x_wconf 82' lang='grc' dir='ltr'>μὴ</span> <span class='ocrx_word' id='word_1_803' title='bbox 3042 3153 3258 3218; x_wconf 80' lang='grc' dir='ltr'>ἀνάξιον</span> <span class='ocrx_word' id='word_1_804' title='bbox 3297 3157 3487 3209; x_wconf 81' lang='grc' dir='ltr'>ἑαυτὸν</span> <span class='ocrx_word' id='word_1_805' title='bbox 3519 3161 3656 3211; x_wconf 70' lang='grc' dir='ltr'>ἀπο-</span> 
     </span>
    </p>
   </div>
   <div class='ocr_carea' id='block_1_103' title="bbox 1987 3230 3656 3311">
    <p class='ocr_par' dir='ltr' id='par_1_103' title="bbox 1987 3230 3656 3311">
     <span class='ocr_line' id='line_1_103' title="bbox 1987 3230 3656 3311; baseline 0.008 -29"><span class='ocrx_word' id='word_1_806' title='bbox 1987 3230 2175 3300; x_wconf 88' lang='grc' dir='ltr'>φῆναι,</span> <span class='ocrx_word' id='word_1_807' title='bbox 2233 3231 2370 3285; x_wconf 84' lang='grc' dir='ltr'>ἀλλὰ</span> <span class='ocrx_word' id='word_1_808' title='bbox 2402 3230 2668 3302; x_wconf 84' lang='grc' dir='ltr'>τοσαύτην</span> <span class='ocrx_word' id='word_1_809' title='bbox 2700 3231 3069 3297; x_wconf 81' lang='grc' dir='ltr'>ἐπιδείξασθαι</span> <span class='ocrx_word' id='word_1_810' title='bbox 3098 3234 3194 3307; x_wconf 86' lang='grc' dir='ltr'>τὴν</span> <span class='ocrx_word' id='word_1_811' title='bbox 3234 3239 3470 3311; x_wconf 86' lang='grc' dir='ltr'>σπουδὴν</span> <span class='ocrx_word' id='word_1_812' title='bbox 3493 3281 3508 3303; x_wconf 96' lang='grc'>,</span> <span class='ocrx_word' id='word_1_813' title='bbox 3559 3244 3656 3296; x_wconf 79' lang='grc' dir='ltr'>καὶ</span> 
     </span>
    </p>
   </div>
   <div class='ocr_carea' id='block_1_104' title="bbox 1985 3313 3651 3394">
    <p class='ocr_par' dir='ltr' id='par_1_104' title="bbox 1985 3313 3651 3394">
     <span class='ocr_line' id='line_1_104' title="bbox 1985 3313 3651 3394; baseline 0.008 -28"><span class='ocrx_word' id='word_1_814' title='bbox 1985 3313 2083 3385; x_wconf 86' lang='grc' dir='ltr'>τὴν</span> <span class='ocrx_word' id='word_1_815' title='bbox 2135 3315 2554 3386; x_wconf 85' lang='grc' dir='ltr'>εὐγνωμοσύνην</span> <span class='ocrx_word' id='word_1_816' title='bbox 2586 3356 2600 3379; x_wconf 96' lang='grc'>,</span> <span class='ocrx_word' id='word_1_817' title='bbox 2638 3316 2716 3377; x_wconf 83' lang='grc' dir='ltr'>ὡς</span> <span class='ocrx_word' id='word_1_818' title='bbox 2762 3317 2856 3370; x_wconf 78' lang='grc' dir='ltr'>καὶ</span> <span class='ocrx_word' id='word_1_819' title='bbox 2886 3319 3087 3389; x_wconf 86' lang='grc' dir='ltr'>ἐτέρων</span> <span class='ocrx_word' id='word_1_820' title='bbox 3143 3320 3306 3373; x_wconf 88' lang='grc' dir='ltr'>πάλιν</span> <span class='ocrx_word' id='word_1_821' title='bbox 3337 3322 3651 3394; x_wconf 81' lang='grc' dir='ltr'>ἀξιωθῆναι.</span> 
     </span>
    </p>
   </div>
   <div class='ocr_carea' id='block_1_105' title="bbox 1984 3397 3656 3481">
    <p class='ocr_par' dir='ltr' id='par_1_105' title="bbox 1984 3397 3656 3481">
     <span class='ocr_line' id='line_1_105' title="bbox 1984 3397 3656 3481; baseline 0.007 -31"><span class='ocrx_word' id='word_1_822' title='bbox 1984 3397 2269 3467; x_wconf 80' lang='grc' dir='ltr'>Φιλότιμος</span> <span class='ocrx_word' id='word_1_823' title='bbox 2295 3397 2402 3468; x_wconf 79' lang='grc' dir='ltr'>γάρ</span> <span class='ocrx_word' id='word_1_824' title='bbox 2431 3400 2459 3452; x_wconf 87' lang='grc' dir='ltr'>ό</span> <span class='ocrx_word' id='word_1_825' title='bbox 2491 3399 2768 3468; x_wconf 88' lang='grc' dir='ltr'>Δεσπότης</span> <span class='ocrx_word' id='word_1_826' title='bbox 2799 3401 2828 3452; x_wconf 88' lang='lat'>6</span> <span class='ocrx_word' id='word_1_827' title='bbox 2853 3401 3144 3472; x_wconf 79' lang='grc' dir='ltr'>ἡμέτερος,</span> <span class='ocrx_word' id='word_1_828' title='bbox 3169 3404 3264 3456; x_wconf 73' lang='grc' dir='ltr'>καὶ</span> <span class='ocrx_word' id='word_1_829' title='bbox 3310 3405 3529 3460; x_wconf 86' lang='grc' dir='ltr'>ἐπειδὰν</span> <span class='ocrx_word' id='word_1_830' title='bbox 3568 3408 3656 3481; x_wconf 82' lang='grc' dir='ltr'>ίδῃ</span> 
     </span>
    </p>
   </div>
   <div class='ocr_carea' id='block_1_106' title="bbox 1985 3481 3655 3558">
    <p class='ocr_par' dir='ltr' id='par_1_106' title="bbox 1985 3481 3655 3558">
     <span class='ocr_line' id='line_1_106' title="bbox 1985 3481 3655 3558; baseline 0.006 -25"><span class='ocrx_word' id='word_1_831' title='bbox 1985 3481 2116 3552; x_wconf 76' lang='grc' dir='ltr'>περὶ</span> <span class='ocrx_word' id='word_1_832' title='bbox 2142 3482 2210 3534; x_wconf 82' lang='grc' dir='ltr'>τὰ</span> <span class='ocrx_word' id='word_1_833' title='bbox 2259 3481 2359 3552; x_wconf 76' lang='grc' dir='ltr'>ήδη</span> <span class='ocrx_word' id='word_1_834' title='bbox 2389 3483 2524 3552; x_wconf 77' lang='grc' dir='ltr'>ἡμῖν</span> <span class='ocrx_word' id='word_1_835' title='bbox 2556 3481 2872 3552; x_wconf 79' lang='grc' dir='ltr'>ὑπάρξαντα</span> <span class='ocrx_word' id='word_1_836' title='bbox 2905 3487 3034 3553; x_wconf 81' lang='grc' dir='ltr'>παρ’</span> <span class='ocrx_word' id='word_1_837' title='bbox 3082 3485 3248 3538; x_wconf 87' lang='grc' dir='ltr'>αὐτοῦ</span> <span class='ocrx_word' id='word_1_838' title='bbox 3303 3487 3655 3558; x_wconf 82' lang='grc' dir='ltr'>εὐγνώμονας</span> 
     </span>
    </p>
   </div>
   <div class='ocr_carea' id='block_1_107' title="bbox 1983 3564 3652 3644">
    <p class='ocr_par' dir='ltr' id='par_1_107' title="bbox 1983 3564 3652 3644">
     <span class='ocr_line' id='line_1_107' title="bbox 1983 3564 3652 3644; baseline 0 -28"><span class='ocrx_word' id='word_1_839' title='bbox 1983 3565 2329 3635; x_wconf 88' lang='grc' dir='ltr'>γενομένους,</span> <span class='ocrx_word' id='word_1_840' title='bbox 2362 3564 2560 3635; x_wconf 82' lang='grc' dir='ltr'>πολλὴν</span> <span class='ocrx_word' id='word_1_841' title='bbox 2595 3565 3030 3634; x_wconf 80' lang='grc' dir='ltr'>ἐπιδαψιλεύεται</span> <span class='ocrx_word' id='word_1_842' title='bbox 3057 3568 3154 3639; x_wconf 82' lang='grc' dir='ltr'>τὴν</span> <span class='ocrx_word' id='word_1_843' title='bbox 3183 3571 3361 3640; x_wconf 91' lang='grc' dir='ltr'>χάριν,</span> <span class='ocrx_word' id='word_1_844' title='bbox 3399 3573 3493 3626; x_wconf 69' lang='grc' dir='ltr'>καὶ</span> <span class='ocrx_word' id='word_1_845' title='bbox 3530 3592 3652 3644; x_wconf 86' lang='grc' dir='ltr'>μει..</span> 
     </span>
    </p>
   </div>
   <div class='ocr_carea' id='block_1_108' title="bbox 1983 3647 3652 3725">
    <p class='ocr_par' dir='ltr' id='par_1_108' title="bbox 1983 3647 3652 3725">
     <span class='ocr_line' id='line_1_108' title="bbox 1983 3647 3652 3725; baseline 0.001 -23"><span class='ocrx_word' id='word_1_846' title='bbox 1983 3648 2152 3712; x_wconf 78' lang='grc' dir='ltr'>ξόνων</span> <span class='ocrx_word' id='word_1_847' title='bbox 2175 3649 2323 3718; x_wconf 76' lang='grc' dir='ltr'>ἡμᾶς</span> <span class='ocrx_word' id='word_1_848' title='bbox 2359 3648 2520 3701; x_wconf 88' lang='grc' dir='ltr'>πάλιν</span> <span class='ocrx_word' id='word_1_849' title='bbox 2560 3647 2702 3713; x_wconf 82' lang='grc' dir='ltr'>ἀξιοῖ</span> <span class='ocrx_word' id='word_1_850' title='bbox 2719 3649 2828 3701; x_wconf 87' lang='grc' dir='ltr'>τῶν</span> <span class='ocrx_word' id='word_1_851' title='bbox 2865 3649 3082 3721; x_wconf 86' lang='grc' dir='ltr'>δωρεῶν</span> <span class='ocrx_word' id='word_1_852' title='bbox 3105 3669 3119 3682; x_wconf 86' lang='grc'><strong>·</strong></span> <span class='ocrx_word' id='word_1_853' title='bbox 3164 3653 3323 3720; x_wconf 88' lang='grc' dir='ltr'>μόνον</span> <span class='ocrx_word' id='word_1_854' title='bbox 3351 3654 3444 3706; x_wconf 88' lang='grc' dir='ltr'>ἐὰν</span> <span class='ocrx_word' id='word_1_855' title='bbox 3489 3658 3652 3725; x_wconf 80' lang='grc' dir='ltr'>ἡμεῖς</span> 
     </span>
    </p>
   </div>
   <div class='ocr_carea' id='block_1_109' title="bbox 1980 3731 3650 3808">
    <p class='ocr_par' dir='ltr' id='par_1_109' title="bbox 1980 3731 3650 3808">
     <span class='ocr_line' id='line_1_109' title="bbox 1980 3731 3650 3808; baseline 0.005 -25"><span class='ocrx_word' id='word_1_856' title='bbox 1980 3733 2079 3802; x_wconf 83' lang='grc' dir='ltr'>τῆς</span> <span class='ocrx_word' id='word_1_857' title='bbox 2101 3731 2308 3784; x_wconf 89' lang='grc' dir='ltr'>ἐαυτῶν</span> <span class='ocrx_word' id='word_1_858' title='bbox 2337 3731 2606 3804; x_wconf 88' lang='grc' dir='ltr'>σωτηρίας</span> <span class='ocrx_word' id='word_1_859' title='bbox 2635 3731 3009 3802; x_wconf 78' lang='grc' dir='ltr'>φροντίζοντες</span> <span class='ocrx_word' id='word_1_860' title='bbox 3036 3733 3110 3804; x_wconf 83' lang='grc' dir='ltr'>μὴ</span> <span class='ocrx_word' id='word_1_861' title='bbox 3139 3734 3324 3798; x_wconf 82' lang='grc' dir='ltr'>ἁπλῶς</span> <span class='ocrx_word' id='word_1_862' title='bbox 3344 3737 3436 3789; x_wconf 86' lang='grc' dir='ltr'>τὸν</span> <span class='ocrx_word' id='word_1_863' title='bbox 3459 3741 3650 3808; x_wconf 86' lang='grc' dir='ltr'>χρόνον</span> 
     </span>
    </p>
   </div>
   <div class='ocr_carea' id='block_1_110' title="bbox 1981 3814 3648 3892">
    <p class='ocr_par' dir='ltr' id='par_1_110' title="bbox 1981 3814 3648 3892">
     <span class='ocr_line' id='line_1_110' title="bbox 1981 3814 3648 3892; baseline 0.004 -24"><span class='ocrx_word' id='word_1_864' title='bbox 1981 3815 2437 3885; x_wconf 84' lang='grc' dir='ltr'>παρατρέχωμεν,</span> <span class='ocrx_word' id='word_1_865' title='bbox 2477 3814 2612 3885; x_wconf 87' lang='grc' dir='ltr'>μηδέ</span> <span class='ocrx_word' id='word_1_866' title='bbox 2648 3815 2808 3868; x_wconf 89' lang='grc' dir='ltr'>τοῦτο</span> <span class='ocrx_word' id='word_1_867' title='bbox 2839 3815 3149 3886; x_wconf 89' lang='grc' dir='ltr'>σκοπῶμεν,</span> <span class='ocrx_word' id='word_1_868' title='bbox 3189 3820 3238 3870; x_wconf 81' lang='grc' dir='ltr'>εἰ</span> <span class='ocrx_word' id='word_1_869' title='bbox 3265 3819 3325 3871; x_wconf 83' lang='grc' dir='ltr'>τὸ</span> <span class='ocrx_word' id='word_1_870' title='bbox 3352 3821 3522 3890; x_wconf 82' lang='grc' dir='ltr'>ἥμισυ</span> <span class='ocrx_word' id='word_1_871' title='bbox 3547 3823 3648 3892; x_wconf 86' lang='grc' dir='ltr'>τῆς</span> 
     </span>
    </p>
   </div>
   <div class='ocr_carea' id='block_1_111' title="bbox 1979 3896 3648 3976">
    <p class='ocr_par' dir='ltr' id='par_1_111' title="bbox 1979 3896 3648 3976">
     <span class='ocr_line' id='line_1_111' title="bbox 1979 3896 3648 3976; baseline 0.005 -26"><span class='ocrx_word' id='word_1_872' title='bbox 1979 3898 2140 3966; x_wconf 80' lang='grc' dir='ltr'>ἁγίας</span> <span class='ocrx_word' id='word_1_873' title='bbox 2182 3896 2637 3968; x_wconf 83' lang='grc' dir='ltr'>Τεσσαρακοστῆς</span> <span class='ocrx_word' id='word_1_874' title='bbox 2685 3898 3055 3969; x_wconf 86' lang='grc' dir='ltr'>παρέδραμεν,</span> <span class='ocrx_word' id='word_1_875' title='bbox 3103 3899 3216 3953; x_wconf 83' lang='grc' dir='ltr'>ἀλλ’</span> <span class='ocrx_word' id='word_1_876' title='bbox 3254 3901 3308 3954; x_wconf 86' lang='grc' dir='ltr'>εί</span> <span class='ocrx_word' id='word_1_877' title='bbox 3345 3919 3463 3957; x_wconf 87' lang='grc' dir='ltr'>τινα</span> <span class='ocrx_word' id='word_1_878' title='bbox 3515 3906 3648 3976; x_wconf 84' lang='grc' dir='ltr'>ήμίν</span> 
     </span>
    </p>
   </div>
   <div class='ocr_carea' id='block_1_112' title="bbox 1980 3979 3648 4053">
    <p class='ocr_par' dir='ltr' id='par_1_112' title="bbox 1980 3979 3648 4053">
     <span class='ocr_line' id='line_1_112' title="bbox 1980 3979 3648 4053; baseline 0.005 -21"><span class='ocrx_word' id='word_1_879' title='bbox 1980 3979 2337 4050; x_wconf 86' lang='grc' dir='ltr'>κατώρθωται</span> <span class='ocrx_word' id='word_1_880' title='bbox 2392 3982 2451 4034; x_wconf 89' lang='grc' dir='ltr'>ἐν</span> <span class='ocrx_word' id='word_1_881' title='bbox 2493 3979 2667 4050; x_wconf 90' lang='grc' dir='ltr'>τούτῳ</span> <span class='ocrx_word' id='word_1_882' title='bbox 2711 3980 2788 4050; x_wconf 82' lang='grc' dir='ltr'>τῷ</span> <span class='ocrx_word' id='word_1_883' title='bbox 2820 3983 3032 4053; x_wconf 85' lang='grc' dir='ltr'>χρόνῳ,</span> <span class='ocrx_word' id='word_1_884' title='bbox 3094 3983 3190 4037; x_wconf 78' lang='grc' dir='ltr'>καὶ</span> <span class='ocrx_word' id='word_1_885' title='bbox 3232 3984 3286 4038; x_wconf 84' lang='grc' dir='ltr'>εῐ</span> <span class='ocrx_word' id='word_1_886' title='bbox 3321 4003 3373 4038; x_wconf 92' lang='grc' dir='ltr'>τι</span> <span class='ocrx_word' id='word_1_887' title='bbox 3411 3987 3518 4041; x_wconf 88' lang='grc' dir='ltr'>τῶν</span> <span class='ocrx_word' id='word_1_888' title='bbox 3563 3991 3648 4041; x_wconf 83' lang='grc' dir='ltr'>ἐν·</span> 
     </span>
    </p>
   </div>
   <div class='ocr_carea' id='block_1_113' title="bbox 1978 4064 3646 4144">
    <p class='ocr_par' dir='ltr' id='par_1_113' title="bbox 1978 4064 3646 4144">
     <span class='ocr_line' id='line_1_113' title="bbox 1978 4064 3646 4144; baseline 0.006 -27"><span class='ocrx_word' id='word_1_889' title='bbox 1978 4065 2277 4136; x_wconf 89' lang='grc' dir='ltr'>οχλούντων</span> <span class='ocrx_word' id='word_1_890' title='bbox 2309 4067 2447 4144; x_wconf 67' lang='grc' dir='ltr'>ἡμῖν</span> <span class='ocrx_word' id='word_1_891' title='bbox 2468 4064 2656 4118; x_wconf 87' lang='grc' dir='ltr'>παθῶν</span> <span class='ocrx_word' id='word_1_892' title='bbox 2688 4066 3094 4137; x_wconf 87' lang='grc' dir='ltr'>διωρθώσαμεν.</span> <span class='ocrx_word' id='word_1_893' title='bbox 3124 4070 3188 4123; x_wconf 83' lang='grc' dir='ltr'>Εἰ</span> <span class='ocrx_word' id='word_1_894' title='bbox 3221 4070 3331 4142; x_wconf 86' lang='grc' dir='ltr'>γὰρ</span> <span class='ocrx_word' id='word_1_895' title='bbox 3357 4071 3646 4144; x_wconf 82' lang='grc' dir='ltr'>μέλλοιμεν</span> 
     </span>
    </p>
   </div>
   <div class='ocr_carea' id='block_1_114' title="bbox 1978 4135 3646 4222">
    <p class='ocr_par' dir='ltr' id='par_1_114' title="bbox 1978 4135 3646 4222">
     <span class='ocr_line' id='line_1_114' title="bbox 1978 4135 3646 4222; baseline 0.004 -20"><span class='ocrx_word' id='word_1_896' title='bbox 1978 4135 2101 4202; x_wconf 83' lang='grc' dir='ltr'>καθ’</span> <span class='ocrx_word' id='word_1_897' title='bbox 2161 4147 2398 4219; x_wconf 79' lang='grc' dir='ltr'>ἑκάστην</span> <span class='ocrx_word' id='word_1_898' title='bbox 2435 4135 2660 4219; x_wconf 80' lang='grc' dir='ltr'>’ἡμέραν</span> <span class='ocrx_word' id='word_1_899' title='bbox 2714 4135 2814 4218; x_wconf 84' lang='grc' dir='ltr'>τῆς</span> <span class='ocrx_word' id='word_1_900' title='bbox 2866 4135 3244 4222; x_wconf 76' lang='grc' dir='ltr'>πνευματικῆς</span> <span class='ocrx_word' id='word_1_901' title='bbox 3298 4135 3646 4220; x_wconf 77' lang='grc' dir='ltr'>διδασκαλίας</span> 
     </span>
    </p>
   </div>
   <div class='ocr_carea' id='block_1_115' title="bbox 1977 4231 3646 4308">
    <p class='ocr_par' dir='ltr' id='par_1_115' title="bbox 1977 4231 3646 4308">
     <span class='ocr_line' id='line_1_115' title="bbox 1977 4231 3646 4308; baseline 0.004 -24"><span class='ocrx_word' id='word_1_902' title='bbox 1977 4231 2338 4295; x_wconf 79' lang='grc' dir='ltr'>ἀπολαύοντες</span> <span class='ocrx_word' id='word_1_903' title='bbox 2363 4233 2413 4286; x_wconf 91' lang='grc' dir='ltr'>οἰ</span> <span class='ocrx_word' id='word_1_904' title='bbox 2449 4232 2604 4284; x_wconf 82' lang='grc' dir='ltr'>αὐτοὶ</span> <span class='ocrx_word' id='word_1_905' title='bbox 2624 4231 2922 4301; x_wconf 87' lang='grc' dir='ltr'>διαμένειν,</span> <span class='ocrx_word' id='word_1_906' title='bbox 2943 4234 3037 4285; x_wconf 74' lang='grc' dir='ltr'>καὶ</span> <span class='ocrx_word' id='word_1_907' title='bbox 3075 4234 3148 4303; x_wconf 85' lang='grc' dir='ltr'>μὴ</span> <span class='ocrx_word' id='word_1_908' title='bbox 3179 4235 3475 4290; x_wconf 87' lang='grc' dir='ltr'>ἐπιδιδόναι</span> <span class='ocrx_word' id='word_1_909' title='bbox 3509 4239 3646 4308; x_wconf 82' lang='grc' dir='ltr'>πρὸς</span> 
     </span>
    </p>
   </div>
   <div class='ocr_carea' id='block_1_116' title="bbox 1975 4315 3646 4390">
    <p class='ocr_par' dir='ltr' id='par_1_116' title="bbox 1975 4315 3646 4390">
     <span class='ocr_line' id='line_1_116' title="bbox 1975 4315 3646 4390; baseline 0.004 -22"><span class='ocrx_word' id='word_1_910' title='bbox 1975 4315 2197 4386; x_wconf 83' lang='grc' dir='ltr'>ἀρετὴν,</span> <span class='ocrx_word' id='word_1_911' title='bbox 2222 4315 2356 4386; x_wconf 79' lang='grc' dir='ltr'>μηδὲ</span> <span class='ocrx_word' id='word_1_912' title='bbox 2383 4315 2452 4371; x_wconf 83' lang='grc' dir='ltr'>τά</span> <span class='ocrx_word' id='word_1_913' title='bbox 2477 4315 2575 4385; x_wconf 89' lang='grc' dir='ltr'>τῆς</span> <span class='ocrx_word' id='word_1_914' title='bbox 2601 4315 2800 4378; x_wconf 88' lang='grc' dir='ltr'>κακίας</span> <span class='ocrx_word' id='word_1_915' title='bbox 2842 4315 2956 4386; x_wconf 74' lang='grc' dir='ltr'>εἴδη</span> <span class='ocrx_word' id='word_1_916' title='bbox 3002 4315 3265 4386; x_wconf 79' lang='grc' dir='ltr'>ἐξορίζειν</span> <span class='ocrx_word' id='word_1_917' title='bbox 3307 4319 3405 4390; x_wconf 84' lang='grc' dir='ltr'>τῆς</span> <span class='ocrx_word' id='word_1_918' title='bbox 3433 4320 3646 4375; x_wconf 75' lang='grc' dir='ltr'>ἑαυτῶν</span> 
     </span>
    </p>
   </div>
   <div class='ocr_carea' id='block_1_117' title="bbox 1975 4397 3645 4479">
    <p class='ocr_par' dir='ltr' id='par_1_117' title="bbox 1975 4397 3645 4479">
     <span class='ocr_line' id='line_1_117' title="bbox 1975 4397 3645 4479; baseline 0.005 -29"><span class='ocrx_word' id='word_1_919' title='bbox 1975 4397 2171 4469; x_wconf 73' lang='grc' dir='ltr'>ψυχῆς,</span> <span class='ocrx_word' id='word_1_920' title='bbox 2187 4400 2248 4452; x_wconf 93' lang='grc' dir='ltr'>οὐ</span> <span class='ocrx_word' id='word_1_921' title='bbox 2270 4403 2429 4468; x_wconf 87' lang='grc' dir='ltr'>μόνον</span> <span class='ocrx_word' id='word_1_922' title='bbox 2448 4400 2580 4470; x_wconf 79' lang='grc' dir='ltr'>ἡμῖν</span> <span class='ocrx_word' id='word_1_923' title='bbox 2605 4398 2756 4452; x_wconf 82' lang='grc' dir='ltr'>οὐδὲν</span> <span class='ocrx_word' id='word_1_924' title='bbox 2772 4398 2961 4479; x_wconf 77' lang='grc' dir='ltr'>ὄφελος</span> <span class='ocrx_word' id='word_1_925' title='bbox 2984 4399 3155 4464; x_wconf 77' lang='grc' dir='ltr'>ἔσται,</span> <span class='ocrx_word' id='word_1_926' title='bbox 3175 4401 3310 4454; x_wconf 85' lang='grc' dir='ltr'>ἀλλὰ</span> <span class='ocrx_word' id='word_1_927' title='bbox 3333 4403 3427 4456; x_wconf 70' lang='grc' dir='ltr'>καὶ</span> <span class='ocrx_word' id='word_1_928' title='bbox 3445 4404 3645 4458; x_wconf 85' lang='grc' dir='ltr'>πλείων</span> 
     </span>
    </p>
   </div>
   <div class='ocr_carea' id='block_1_118' title="bbox 1973 4480 3643 4556">
    <p class='ocr_par' dir='ltr' id='par_1_118' title="bbox 1973 4480 3643 4556">
     <span class='ocr_line' id='line_1_118' title="bbox 1973 4480 3643 4556; baseline 0.004 -24"><span class='ocrx_word' id='word_1_929' title='bbox 1973 4482 2007 4550; x_wconf 85' lang='grc' dir='ltr'>ή</span> <span class='ocrx_word' id='word_1_930' title='bbox 2037 4480 2230 4553; x_wconf 87' lang='grc' dir='ltr'>βλάϐη.</span> <span class='ocrx_word' id='word_1_931' title='bbox 2259 4481 2428 4534; x_wconf 87' lang='grc' dir='ltr'>Ὅταν</span> <span class='ocrx_word' id='word_1_932' title='bbox 2459 4481 2566 4553; x_wconf 87' lang='grc' dir='ltr'>γάρ</span> <span class='ocrx_word' id='word_1_933' title='bbox 2593 4497 2675 4543; x_wconf 91' lang='grc' dir='ltr'>τις</span> <span class='ocrx_word' id='word_1_934' title='bbox 2708 4481 2802 4533; x_wconf 80' lang='grc' dir='ltr'>καὶ</span> <span class='ocrx_word' id='word_1_935' title='bbox 2837 4482 3155 4552; x_wconf 85' lang='grc' dir='ltr'>ἐπιμελείας</span> <span class='ocrx_word' id='word_1_936' title='bbox 3190 4485 3463 4556; x_wconf 79' lang='grc' dir='ltr'>τοσαύτης</span> <span class='ocrx_word' id='word_1_937' title='bbox 3507 4487 3643 4540; x_wconf 84' lang='grc' dir='ltr'>ἁπο-</span> 
     </span>
    </p>
   </div>
   <div class='ocr_carea' id='block_1_119' title="bbox 1972 4561 3640 4642">
    <p class='ocr_par' dir='ltr' id='par_1_119' title="bbox 1972 4561 3640 4642">
     <span class='ocr_line' id='line_1_119' title="bbox 1972 4561 3640 4642; baseline 0.001 -22"><span class='ocrx_word' id='word_1_938' title='bbox 1972 4568 2150 4622; x_wconf 89' lang='grc' dir='ltr'>λαύων</span> <span class='ocrx_word' id='word_1_939' title='bbox 2177 4565 2340 4638; x_wconf 86' lang='grc' dir='ltr'>μηδὲν</span> <span class='ocrx_word' id='word_1_940' title='bbox 2368 4566 2644 4638; x_wconf 78' lang='grc' dir='ltr'>κερδαίνῃ,</span> <span class='ocrx_word' id='word_1_941' title='bbox 2684 4561 2865 4634; x_wconf 80' lang='grc' dir='ltr'>μεῖζον</span> <span class='ocrx_word' id='word_1_942' title='bbox 2894 4564 3070 4636; x_wconf 81' lang='grc' dir='ltr'>ἐαυτῷ</span> <span class='ocrx_word' id='word_1_943' title='bbox 3101 4568 3424 4639; x_wconf 84' lang='grc' dir='ltr'>ἐπισωρεύει</span> <span class='ocrx_word' id='word_1_944' title='bbox 3457 4569 3517 4622; x_wconf 74' lang='grc' dir='ltr'>τὸ</span> <span class='ocrx_word' id='word_1_945' title='bbox 3542 4571 3640 4642; x_wconf 87' lang='grc' dir='ltr'>τῆς</span> 
     </span>
    </p>
   </div>
   <div class='ocr_carea' id='block_1_120' title="bbox 1971 4647 3639 4724">
    <p class='ocr_par' dir='ltr' id='par_1_120' title="bbox 1971 4647 3639 4724">
     <span class='ocr_line' id='line_1_120' title="bbox 1971 4647 3639 4724; baseline 0.001 -19"><span class='ocrx_word' id='word_1_946' title='bbox 1971 4653 2196 4721; x_wconf 82' lang='grc' dir='ltr'>γεέννης</span> <span class='ocrx_word' id='word_1_947' title='bbox 2251 4650 2382 4722; x_wconf 90' lang='grc' dir='ltr'>πῦρ.</span> <span class='ocrx_word' id='word_1_948' title='bbox 2420 4649 2531 4712; x_wconf 82' lang='grc' dir='ltr'>Διὸ,</span> <span class='ocrx_word' id='word_1_949' title='bbox 2593 4647 2914 4720; x_wconf 88' lang='grc' dir='ltr'>παρακαλῶ,</span> <span class='ocrx_word' id='word_1_950' title='bbox 2947 4648 3051 4702; x_wconf 86' lang='grc' dir='ltr'>κᾶν</span> <span class='ocrx_word' id='word_1_951' title='bbox 3097 4649 3176 4719; x_wconf 84' lang='grc' dir='ltr'>τῷ</span> <span class='ocrx_word' id='word_1_952' title='bbox 3229 4651 3639 4724; x_wconf 81' lang='grc' dir='ltr'>ὑπολειπομένῳ</span> 
     </span>
    </p>
   </div>
   <div class='ocr_carea' id='block_1_121' title="bbox 1973 4729 3638 4805">
    <p class='ocr_par' dir='ltr' id='par_1_121' title="bbox 1973 4729 3638 4805">
     <span class='ocr_line' id='line_1_121' title="bbox 1973 4729 3638 4805; baseline 0.002 -19"><span class='ocrx_word' id='word_1_953' title='bbox 1973 4733 2148 4805; x_wconf 86' lang='grc' dir='ltr'>χρόνῳ</span> <span class='ocrx_word' id='word_1_954' title='bbox 2175 4733 2273 4803; x_wconf 81' lang='grc' dir='ltr'>τῆς</span> <span class='ocrx_word' id='word_1_955' title='bbox 2301 4732 2556 4804; x_wconf 90' lang='grc' dir='ltr'>νηστείας</span> <span class='ocrx_word' id='word_1_956' title='bbox 2576 4733 2656 4794; x_wconf 87' lang='grc' dir='ltr'>εἰς</span> <span class='ocrx_word' id='word_1_957' title='bbox 2680 4731 2799 4784; x_wconf 87' lang='grc' dir='ltr'>δέον</span> <span class='ocrx_word' id='word_1_958' title='bbox 2823 4729 2971 4802; x_wconf 67' lang='grc' dir='ltr'>[ηε]</span> <span class='ocrx_word' id='word_1_959' title='bbox 3005 4731 3360 4803; x_wconf 88' lang='grc' dir='ltr'>χρησώμεθα,</span> <span class='ocrx_word' id='word_1_960' title='bbox 3397 4737 3488 4788; x_wconf 76' lang='grc' dir='ltr'>καὶ</span> <span class='ocrx_word' id='word_1_961' title='bbox 3515 4737 3638 4790; x_wconf 84' lang='grc' dir='ltr'>καθ’</span> 
     </span>
    </p>
   </div>
   <div class='ocr_carea' id='block_1_122' title="bbox 1971 4814 3639 4888">
    <p class='ocr_par' dir='ltr' id='par_1_122' title="bbox 1971 4814 3639 4888">
     <span class='ocr_line' id='line_1_122' title="bbox 1971 4814 3639 4888; baseline -0.005 -19"><span class='ocrx_word' id='word_1_962' title='bbox 1971 4816 2205 4886; x_wconf 87' lang='grc' dir='ltr'>ἐκάστην</span> <span class='ocrx_word' id='word_1_963' title='bbox 2232 4815 2519 4886; x_wconf 79' lang='grc' dir='ltr'>ἑϐδομάδα,</span> <span class='ocrx_word' id='word_1_964' title='bbox 2549 4815 2749 4885; x_wconf 80' lang='grc' dir='ltr'>μᾶλλον</span> <span class='ocrx_word' id='word_1_965' title='bbox 2773 4814 2829 4867; x_wconf 85' lang='grc' dir='ltr'>δὲ</span> <span class='ocrx_word' id='word_1_966' title='bbox 2863 4815 2985 4868; x_wconf 88' lang='grc' dir='ltr'>καθ’</span> <span class='ocrx_word' id='word_1_967' title='bbox 3015 4816 3250 4886; x_wconf 87' lang='grc' dir='ltr'>ἐκάστην</span> <span class='ocrx_word' id='word_1_968' title='bbox 3281 4817 3492 4888; x_wconf 67' lang='grc' dir='ltr'>ἡμέραν</span> <span class='ocrx_word' id='word_1_969' title='bbox 3513 4821 3639 4872; x_wconf 75' lang='grc' dir='ltr'>ἐαυ-</span> 
     </span>
    </p>
   </div>
   <div class='ocr_carea' id='block_1_123' title="bbox 1968 4896 3639 4971">
    <p class='ocr_par' dir='ltr' id='par_1_123' title="bbox 1968 4896 3639 4971">
     <span class='ocr_line' id='line_1_123' title="bbox 1968 4896 3639 4971; baseline -0.001 -17"><span class='ocrx_word' id='word_1_970' title='bbox 1968 4901 2095 4963; x_wconf 80' lang='grc' dir='ltr'>τοὺς</span> <span class='ocrx_word' id='word_1_971' title='bbox 2127 4898 2570 4971; x_wconf 88' lang='grc' dir='ltr'>περισκοπῶμεν,</span> <span class='ocrx_word' id='word_1_972' title='bbox 2604 4898 2699 4950; x_wconf 78' lang='grc' dir='ltr'>καὶ</span> <span class='ocrx_word' id='word_1_973' title='bbox 2731 4896 2800 4950; x_wconf 81' lang='grc' dir='ltr'>τὰ</span> <span class='ocrx_word' id='word_1_974' title='bbox 2833 4896 2931 4966; x_wconf 86' lang='grc' dir='ltr'>μὲν</span> <span class='ocrx_word' id='word_1_975' title='bbox 2960 4896 3315 4967; x_wconf 88' lang='grc' dir='ltr'>ἐλαττώματα</span> <span class='ocrx_word' id='word_1_976' title='bbox 3357 4901 3511 4969; x_wconf 84' lang='grc' dir='ltr'>ἡμῶν</span> <span class='ocrx_word' id='word_1_977' title='bbox 3551 4901 3639 4966; x_wconf 80' lang='grc' dir='ltr'>ἐξ·</span> 
     </span>
    </p>
   </div>
   <div class='ocr_carea' id='block_1_124' title="bbox 1969 4978 3634 5058">
    <p class='ocr_par' dir='ltr' id='par_1_124' title="bbox 1969 4978 3634 5058">
     <span class='ocr_line' id='line_1_124' title="bbox 1969 4978 3634 5058; baseline -0.007 -17"><span class='ocrx_word' id='word_1_978' title='bbox 1969 4987 2240 5058; x_wconf 79' lang='grc' dir='ltr'>ορίζωμεν</span> <span class='ocrx_word' id='word_1_979' title='bbox 2286 4984 2384 5052; x_wconf 85' lang='grc' dir='ltr'>τῆς</span> <span class='ocrx_word' id='word_1_980' title='bbox 2420 4979 2626 5033; x_wconf 79' lang='grc' dir='ltr'>ἑαυτῶν</span> <span class='ocrx_word' id='word_1_981' title='bbox 2650 4978 2848 5049; x_wconf 78' lang='grc' dir='ltr'>ψυχῆς,</span> <span class='ocrx_word' id='word_1_982' title='bbox 2877 4978 3314 5050; x_wconf 88' lang='grc' dir='ltr'>κατορθωμάτων</span> <span class='ocrx_word' id='word_1_983' title='bbox 3347 4981 3404 5033; x_wconf 85' lang='grc' dir='ltr'>δὲ</span> <span class='ocrx_word' id='word_1_984' title='bbox 3444 4983 3634 5054; x_wconf 82' lang='grc' dir='ltr'>κτῆσιν</span> 
     </span>
    </p>
   </div>
   <div class='ocr_carea' id='block_1_125' title="bbox 1970 5062 3636 5142">
    <p class='ocr_par' dir='ltr' id='par_1_125' title="bbox 1970 5062 3636 5142">
     <span class='ocr_line' id='line_1_125' title="bbox 1970 5062 3636 5142; baseline -0.002 -19"><span class='ocrx_word' id='word_1_985' title='bbox 1970 5067 2500 5142; x_wconf 87' lang='grc' dir='ltr'>προσλαμϐάνωμεν,</span> <span class='ocrx_word' id='word_1_986' title='bbox 2537 5062 2788 5134; x_wconf 87' lang='grc' dir='ltr'>καθάπερ</span> <span class='ocrx_word' id='word_1_987' title='bbox 2818 5063 2846 5114; x_wconf 89' lang='grc' dir='ltr'>ὁ</span> <span class='ocrx_word' id='word_1_988' title='bbox 2875 5063 3159 5132; x_wconf 84' lang='grc' dir='ltr'>προφήτης</span> <span class='ocrx_word' id='word_1_989' title='bbox 3189 5065 3512 5135; x_wconf 78' lang='grc' dir='ltr'>παρῄνεσεν,</span> <span class='ocrx_word' id='word_1_990' title='bbox 3541 5069 3636 5119; x_wconf 83' lang='grc' dir='ltr'>καὶ</span> 
     </span>
    </p>
   </div>
   <div class='ocr_carea' id='block_1_126' title="bbox 1969 5143 3634 5220">
    <p class='ocr_par' dir='ltr' id='par_1_126' title="bbox 1969 5143 3634 5220">
     <span class='ocr_line' id='line_1_126' title="bbox 1969 5143 3634 5220; baseline -0.002 -15"><span class='ocrx_word' id='word_1_991' title='bbox 1969 5151 2300 5220; x_wconf 87' lang='grc' dir='ltr'>ἐκκλίνωμεν</span> <span class='ocrx_word' id='word_1_992' title='bbox 2343 5145 2450 5200; x_wconf 81' lang='grc' dir='ltr'>ἀπὸ</span> <span class='ocrx_word' id='word_1_993' title='bbox 2489 5145 2597 5199; x_wconf 89' lang='grc' dir='ltr'>τῶν</span> <span class='ocrx_word' id='word_1_994' title='bbox 2629 5144 2845 5204; x_wconf 88' lang='grc' dir='ltr'>κακῶν,</span> <span class='ocrx_word' id='word_1_995' title='bbox 2879 5145 2971 5196; x_wconf 75' lang='grc' dir='ltr'>καὶ</span> <span class='ocrx_word' id='word_1_996' title='bbox 3005 5143 3354 5214; x_wconf 88' lang='grc' dir='ltr'>μετέλθωμεν</span> <span class='ocrx_word' id='word_1_997' title='bbox 3399 5147 3490 5199; x_wconf 80' lang='grc' dir='ltr'>ἐπὶ</span> <span class='ocrx_word' id='word_1_998' title='bbox 3536 5149 3634 5219; x_wconf 82' lang='grc' dir='ltr'>τὴν</span> 
     </span>
    </p>
   </div>
   <div class='ocr_carea' id='block_1_127' title="bbox 1970 5225 3634 5305">
    <p class='ocr_par' dir='ltr' id='par_1_127' title="bbox 1970 5225 3634 5305">
     <span class='ocr_line' id='line_1_127' title="bbox 1970 5225 3634 5305; baseline -0.004 -16"><span class='ocrx_word' id='word_1_999' title='bbox 1970 5235 2169 5305; x_wconf 85' lang='grc' dir='ltr'>ἀρετήν</span> <span class='ocrx_word' id='word_1_1000' title='bbox 2190 5253 2202 5266; x_wconf 90' lang='grc'><strong>·</strong></span> <span class='ocrx_word' id='word_1_1001' title='bbox 2225 5230 2362 5300; x_wconf 76' lang='grc' dir='ltr'>αὐτη</span> <span class='ocrx_word' id='word_1_1002' title='bbox 2385 5230 2493 5302; x_wconf 86' lang='grc' dir='ltr'>γὰρ</span> <span class='ocrx_word' id='word_1_1003' title='bbox 2520 5230 2553 5298; x_wconf 86' lang='grc' dir='ltr'>ή</span> <span class='ocrx_word' id='word_1_1004' title='bbox 2575 5227 2780 5297; x_wconf 82' lang='grc' dir='ltr'>ἀληθὴς</span> <span class='ocrx_word' id='word_1_1005' title='bbox 2811 5225 3050 5296; x_wconf 86' lang='grc' dir='ltr'>νηστεία.</span> <span class='ocrx_word' id='word_1_1006' title='bbox 3085 5226 3144 5280; x_wconf 81' lang='grc' dir='ltr'><strong>Ὀ</strong></span> <span class='ocrx_word' id='word_1_1007' title='bbox 3174 5227 3428 5300; x_wconf 87' lang='grc' dir='ltr'>θυμώδης</span> <span class='ocrx_word' id='word_1_1008' title='bbox 3451 5229 3511 5282; x_wconf 86' lang='grc' dir='ltr'>τὸ</span> <span class='ocrx_word' id='word_1_1009' title='bbox 3535 5231 3634 5300; x_wconf 83' lang='grc' dir='ltr'>μὲν</span> 
     </span>
    </p>
   </div>
   <div class='ocr_carea' id='block_1_128' title="bbox 1969 5309 3630 5384">
    <p class='ocr_par' dir='ltr' id='par_1_128' title="bbox 1969 5309 3630 5384">
     <span class='ocr_line' id='line_1_128' title="bbox 1969 5309 3630 5384; baseline -0.01 -12"><span class='ocrx_word' id='word_1_1010' title='bbox 1969 5318 2140 5380; x_wconf 87' lang='grc' dir='ltr'>πάθος</span> <span class='ocrx_word' id='word_1_1011' title='bbox 2171 5316 2232 5369; x_wconf 84' lang='grc' dir='ltr'>τὸ</span> <span class='ocrx_word' id='word_1_1012' title='bbox 2266 5313 2518 5384; x_wconf 79' lang='grc' dir='ltr'>ἐνοχλοῦν</span> <span class='ocrx_word' id='word_1_1013' title='bbox 2541 5311 2758 5364; x_wconf 78' lang='grc' dir='ltr'>εὐσεϐεῖ</span> <span class='ocrx_word' id='word_1_1014' title='bbox 2795 5309 3040 5380; x_wconf 87' lang='grc' dir='ltr'>λογισμῷ</span> <span class='ocrx_word' id='word_1_1015' title='bbox 3083 5310 3372 5378; x_wconf 77' lang='grc' dir='ltr'>ἐξοριζέτω</span> <span class='ocrx_word' id='word_1_1016' title='bbox 3396 5312 3495 5382; x_wconf 87' lang='grc' dir='ltr'>τῆς</span> <span class='ocrx_word' id='word_1_1017' title='bbox 3525 5312 3630 5380; x_wconf 79' lang='grc' dir='ltr'>ψυ-</span> 
     </span>
    </p>
   </div>
   <div class='ocr_carea' id='block_1_129' title="bbox 1965 5393 3631 5471">
    <p class='ocr_par' dir='ltr' id='par_1_129' title="bbox 1965 5393 3631 5471">
     <span class='ocr_line' id='line_1_129' title="bbox 1965 5393 3631 5471; baseline -0.005 -17"><span class='ocrx_word' id='word_1_1018' title='bbox 1965 5402 2095 5471; x_wconf 64' lang='grc' dir='ltr'>φῆς,</span> <span class='ocrx_word' id='word_1_1019' title='bbox 2127 5399 2408 5470; x_wconf 88' lang='grc' dir='ltr'>πραότητα</span> <span class='ocrx_word' id='word_1_1020' title='bbox 2433 5395 2492 5448; x_wconf 77' lang='grc' dir='ltr'>δὲ</span> <span class='ocrx_word' id='word_1_1021' title='bbox 2516 5394 2610 5449; x_wconf 79' lang='grc' dir='ltr'>καὶ</span> <span class='ocrx_word' id='word_1_1022' title='bbox 2638 5394 2937 5448; x_wconf 76' lang='grc' dir='ltr'>ἐπιείκειαν</span> <span class='ocrx_word' id='word_1_1023' title='bbox 2969 5393 3318 5456; x_wconf 81' lang='grc' dir='ltr'>ἁσπαζέσθω.</span> <span class='ocrx_word' id='word_1_1024' title='bbox 3369 5393 3429 5446; x_wconf 84' lang='lat' dir='ltr'><strong>&#39;O</strong></span> <span class='ocrx_word' id='word_1_1025' title='bbox 3465 5395 3631 5464; x_wconf 78' lang='grc' dir='ltr'>ῥᾴθυ-</span> 
     </span>
    </p>
   </div>
   <div class='ocr_carea' id='block_1_130' title="bbox 1971 5474 3630 5552">
    <p class='ocr_par' dir='ltr' id='par_1_130' title="bbox 1971 5474 3630 5552">
     <span class='ocr_line' id='line_1_130' title="bbox 1971 5474 3630 5552; baseline -0.005 -17"><span class='ocrx_word' id='word_1_1026' title='bbox 1971 5499 2068 5552; x_wconf 86' lang='grc' dir='ltr'>μος</span> <span class='ocrx_word' id='word_1_1027' title='bbox 2099 5483 2192 5534; x_wconf 77' lang='grc' dir='ltr'>καὶ</span> <span class='ocrx_word' id='word_1_1028' title='bbox 2223 5478 2538 5542; x_wconf 86' lang='grc' dir='ltr'>ἀκόλαστος,</span> <span class='ocrx_word' id='word_1_1029' title='bbox 2591 5475 2685 5528; x_wconf 76' lang='grc' dir='ltr'>καὶ</span> <span class='ocrx_word' id='word_1_1030' title='bbox 2735 5476 2873 5545; x_wconf 88' lang='grc' dir='ltr'>μετά</span> <span class='ocrx_word' id='word_1_1031' title='bbox 2925 5475 3109 5536; x_wconf 87' lang='grc' dir='ltr'>ἀδείας</span> <span class='ocrx_word' id='word_1_1032' title='bbox 3155 5474 3291 5546; x_wconf 79' lang='grc' dir='ltr'>πρὸς</span> <span class='ocrx_word' id='word_1_1033' title='bbox 3337 5476 3406 5528; x_wconf 89' lang='grc' dir='ltr'>τά</span> <span class='ocrx_word' id='word_1_1034' title='bbox 3459 5477 3630 5548; x_wconf 86' lang='grc' dir='ltr'>κάλλη</span> 
     </span>
    </p>
   </div>
   <div class='ocr_carea' id='block_1_131' title="bbox 1966 5555 3633 5632">
    <p class='ocr_par' dir='ltr' id='par_1_131' title="bbox 1966 5555 3633 5632">
     <span class='ocr_line' id='line_1_131' title="bbox 1966 5555 3633 5632; baseline -0.007 -15"><span class='ocrx_word' id='word_1_1035' title='bbox 1966 5565 2074 5617; x_wconf 88' lang='grc' dir='ltr'>τῶν</span> <span class='ocrx_word' id='word_1_1036' title='bbox 2105 5562 2372 5632; x_wconf 90' lang='grc' dir='ltr'>σωμάτων</span> <span class='ocrx_word' id='word_1_1037' title='bbox 2400 5558 2752 5630; x_wconf 87' lang='grc' dir='ltr'>ἐπτοημένος,</span> <span class='ocrx_word' id='word_1_1038' title='bbox 2811 5555 3112 5626; x_wconf 84' lang='grc' dir='ltr'>χαλινώσας</span> <span class='ocrx_word' id='word_1_1039' title='bbox 3155 5557 3321 5610; x_wconf 82' lang='grc' dir='ltr'>αὑτοῦ</span> <span class='ocrx_word' id='word_1_1040' title='bbox 3349 5556 3441 5609; x_wconf 85' lang='grc' dir='ltr'>τὸν</span> <span class='ocrx_word' id='word_1_1041' title='bbox 3487 5557 3633 5626; x_wconf 83' lang='grc' dir='ltr'>λογι-</span> 
     </span>
    </p>
   </div>
   <div class='ocr_carea' id='block_1_132' title="bbox 1969 5637 3629 5715">
    <p class='ocr_par' dir='ltr' id='par_1_132' title="bbox 1969 5637 3629 5715">
     <span class='ocr_line' id='line_1_132' title="bbox 1969 5637 3629 5715; baseline -0.004 -16"><span class='ocrx_word' id='word_1_1042' title='bbox 1969 5646 2122 5715; x_wconf 87' lang='grc' dir='ltr'>σμὸν,</span> <span class='ocrx_word' id='word_1_1043' title='bbox 2152 5644 2245 5696; x_wconf 74' lang='grc' dir='ltr'>καὶ</span> <span class='ocrx_word' id='word_1_1044' title='bbox 2282 5641 2372 5695; x_wconf 81' lang='grc' dir='ltr'>τὸν</span> <span class='ocrx_word' id='word_1_1045' title='bbox 2412 5640 2574 5710; x_wconf 89' lang='grc' dir='ltr'>νόμον</span> <span class='ocrx_word' id='word_1_1046' title='bbox 2614 5639 2706 5692; x_wconf 88' lang='grc' dir='ltr'>τοῦ</span> <span class='ocrx_word' id='word_1_1047' title='bbox 2738 5638 2975 5710; x_wconf 85' lang='grc' dir='ltr'>Χριστοῦ</span> <span class='ocrx_word' id='word_1_1048' title='bbox 3026 5640 3106 5700; x_wconf 87' lang='grc' dir='ltr'>εἰς</span> <span class='ocrx_word' id='word_1_1049' title='bbox 3136 5638 3195 5691; x_wconf 86' lang='grc' dir='ltr'>τὸ</span> <span class='ocrx_word' id='word_1_1050' title='bbox 3222 5637 3425 5702; x_wconf 89' lang='grc' dir='ltr'>πλάτος</span> <span class='ocrx_word' id='word_1_1051' title='bbox 3463 5640 3629 5693; x_wconf 71' lang='grc' dir='ltr'>αὐτοῦ</span> 
     </span>
    </p>
   </div>
   <div class='ocr_carea' id='block_1_133' title="bbox 1965 5721 3629 5799">
    <p class='ocr_par' dir='ltr' id='par_1_133' title="bbox 1965 5721 3629 5799">
     <span class='ocr_line' id='line_1_133' title="bbox 1965 5721 3629 5799; baseline -0.003 -19"><span class='ocrx_word' id='word_1_1052' title='bbox 1965 5729 2064 5799; x_wconf 87' lang='grc' dir='ltr'>τῆς</span> <span class='ocrx_word' id='word_1_1053' title='bbox 2112 5725 2348 5788; x_wconf 89' lang='grc' dir='ltr'>διανοίας</span> <span class='ocrx_word' id='word_1_1054' title='bbox 2397 5723 2712 5793; x_wconf 78' lang='grc' dir='ltr'>ἐγγράψας,</span> <span class='ocrx_word' id='word_1_1055' title='bbox 2759 5722 2850 5775; x_wconf 86' lang='grc' dir='ltr'>τὸν</span> <span class='ocrx_word' id='word_1_1056' title='bbox 2903 5721 3157 5789; x_wconf 87' lang='grc' dir='ltr'>λέγοντα,</span> <span class='ocrx_word' id='word_1_1057' title='bbox 3226 5722 3278 5773; x_wconf 89' lang='grc' dir='ltr'><strong><em>Ὁ</em></strong></span> <span class='ocrx_word' id='word_1_1058' title='bbox 3324 5721 3629 5790; x_wconf 70' lang='grc' dir='ltr'>ἐμϐλέψας</span> 
     </span>
    </p>
   </div>
   <div class='ocr_carea' id='block_1_134' title="bbox 1970 5803 3632 5883">
    <p class='ocr_par' dir='ltr' id='par_1_134' title="bbox 1970 5803 3632 5883">
     <span class='ocr_line' id='line_1_134' title="bbox 1970 5803 3632 5883; baseline -0.011 -16"><span class='ocrx_word' id='word_1_1059' title='bbox 1970 5812 2208 5883; x_wconf 70' lang='grc' dir='ltr'>γυναικί</span> <span class='ocrx_word' id='word_1_1060' title='bbox 2235 5808 2384 5876; x_wconf 83' lang='grc' dir='ltr'>πρὸς</span> <span class='ocrx_word' id='word_1_1061' title='bbox 2405 5807 2471 5860; x_wconf 85' lang='grc' dir='ltr'>τὸ</span> <span class='ocrx_word' id='word_1_1062' title='bbox 2501 5805 2863 5874; x_wconf 79' lang='grc' dir='ltr'>ἐπιθυμῆσαι</span> <span class='ocrx_word' id='word_1_1063' title='bbox 2895 5803 3103 5871; x_wconf 83' lang='grc' dir='ltr'>αὐτῆς,</span> <span class='ocrx_word' id='word_1_1064' title='bbox 3127 5803 3244 5872; x_wconf 80' lang='grc' dir='ltr'>ἤδη</span> <span class='ocrx_word' id='word_1_1065' title='bbox 3275 5803 3632 5873; x_wconf 80' lang='grc' dir='ltr'>ἐμοίχευσεν</span> 
     </span>
    </p>
   </div>
   <div class='ocr_carea' id='block_1_135' title="bbox 1964 5887 3626 5963">
    <p class='ocr_par' dir='ltr' id='par_1_135' title="bbox 1964 5887 3626 5963">
     <span class='ocr_line' id='line_1_135' title="bbox 1964 5887 3626 5963; baseline -0.013 -13"><span class='ocrx_word' id='word_1_1066' title='bbox 1964 5895 2158 5963; x_wconf 72' lang='grc' dir='ltr'>αὐτὴν</span> <span class='ocrx_word' id='word_1_1067' title='bbox 2180 5896 2250 5947; x_wconf 82' lang='grc' dir='ltr'>ἐν</span> <span class='ocrx_word' id='word_1_1068' title='bbox 2281 5891 2355 5959; x_wconf 77' lang='grc' dir='ltr'>τῇ</span> <span class='ocrx_word' id='word_1_1069' title='bbox 2381 5890 2591 5958; x_wconf 82' lang='grc' dir='ltr'>καρδίᾳ</span> <span class='ocrx_word' id='word_1_1070' title='bbox 2613 5889 2820 5952; x_wconf 82' lang='grc' dir='ltr'>αὐτοῦ,</span> <span class='ocrx_word' id='word_1_1071' title='bbox 2854 5889 2914 5942; x_wconf 83' lang='grc' dir='ltr'>τὸ</span> <span class='ocrx_word' id='word_1_1072' title='bbox 2944 5889 3042 5958; x_wconf 83' lang='grc' dir='ltr'>μὲν</span> <span class='ocrx_word' id='word_1_1073' title='bbox 3078 5888 3175 5957; x_wconf 88' lang='grc' dir='ltr'>τῆς</span> <span class='ocrx_word' id='word_1_1074' title='bbox 3202 5887 3493 5950; x_wconf 84' lang='grc' dir='ltr'>ἀκολασίας</span> <span class='ocrx_word' id='word_1_1075' title='bbox 3518 5889 3626 5941; x_wconf 82' lang='grc' dir='ltr'>πά..</span> 
     </span>
    </p>
   </div>
   <div class='ocr_carea' id='block_1_136' title="bbox 1967 5968 3430 6049">
    <p class='ocr_par' dir='ltr' id='par_1_136' title="bbox 1967 5968 3430 6049">
     <span class='ocr_line' id='line_1_136' title="bbox 1967 5968 3430 6049; baseline -0.007 -15"><span class='ocrx_word' id='word_1_1076' title='bbox 1967 5982 2059 6044; x_wconf 90' lang='grc' dir='ltr'>θος</span> <span class='ocrx_word' id='word_1_1077' title='bbox 2091 5977 2454 6049; x_wconf 80' lang='grc' dir='ltr'>φυγαδευέτω,</span> <span class='ocrx_word' id='word_1_1078' title='bbox 2486 5975 2582 6044; x_wconf 78' lang='grc' dir='ltr'>τὴν</span> <span class='ocrx_word' id='word_1_1079' title='bbox 2603 5973 2658 6027; x_wconf 81' lang='grc' dir='ltr'>δὲ</span> <span class='ocrx_word' id='word_1_1080' title='bbox 2688 5977 3039 6045; x_wconf 74' lang='grc' dir='ltr'>σωφροσύνην</span> <span class='ocrx_word' id='word_1_1081' title='bbox 3065 5968 3430 6042; x_wconf 81' lang='grc' dir='ltr'>κατορθούτω.</span> 
     </span>
    </p>
   </div>
   <div class='ocr_carea' id='block_1_137' title="bbox 3159 6120 3195 6178">
    <p class='ocr_par' dir='ltr' id='par_1_137' title="bbox 3159 6120 3195 6178">
     <span class='ocr_line' id='line_1_137' title="bbox 3159 6120 3195 6178; baseline 0 0"><span class='ocrx_word' id='word_1_1082' title='bbox 3159 6120 3195 6178; x_wconf 90' lang='grc'>8</span> 
     </span>
    </p>
   </div>
  </div>
