4038 6394
425 341 526 396 125

490 453 678 508 Contra
711 463 916 525 peccata
949 453 1156 526 lingua.
1190 485 1260 496 —
1287 455 1388 522 Qui
1429 456 1717 526 praecipitis
1746 465 1800 512 et
1830 465 1995 511 teme-

417 545 574 600 raria;
612 546 806 617 lingua:
831 556 915 602 est
934 588 950 612 ,
982 556 1038 602 et
1060 563 1408 618 quacumque
1436 547 1770 605 obvenientia
1799 549 2002 614 eﬂ‘utit,

417 636 655 690 imitetur
678 637 892 692 beatum
923 639 1257 708 prophetam,
1282 649 1338 695 et
1360 640 1501 695 dicat
1529 659 1542 694 :
1573 641 1736 708 Pone,
1765 642 2000 710 Domine,

417 727 698 780 custodiam
745 729 822 782 ori
869 745 1008 796 meo,
1047 740 1094 784 et
1132 733 1315 786 ostium
1360 735 1649 788 munitionis
1693 734 1838 789 labiis
1879 736 2003 790 meis

418 817 588 884 (Psat.
623 820 746 875 HO.
777 821 833 888 5)
863 835 882 879 :
909 831 962 876 et
999 837 1288 892 numquam
1317 833 1517 880 temere
1546 837 1599 881 et
1637 827 1838 898 absque
1864 830 2004 882 utili-

417 919 525 966 tate
564 911 804 980 proferat
851 917 1008 970 verba
1036 959 1051 982 ,
1095 920 1188 972 sed
1229 921 1410 974 audiat
1446 921 1662 976 Paulum
1691 923 1952 978 dicentem
1983 941 1998 979 :

343 1016 356 1028 ο
417 1001 596 1055 Omnis
621 1006 910 1073 vociferatio
928 1048 943 1073 ,
975 1018 1021 1061 et
1048 1013 1210 1079 furor,
1236 1019 1282 1063 et
1308 1010 1616 1082 blasphemia
1637 1055 1650 1076 ,
1680 1027 1726 1067 et
1753 1015 2000 1068 obscaeni-

413 1103 529 1155 tas,
561 1103 606 1148 et
639 1098 917 1153 scurrilitas
952 1101 1160 1154 tollatur
1197 1117 1240 1154 α.
1264 1103 1435 1171 vobis,
1473 1121 1587 1157 cum
1630 1107 1767 1158 onmi
1806 1107 2000 1161 malitia

412 1187 430 1250 (
456 1184 645 1254 Epltes.
673 1187 728 1242 4.
761 1189 899 1258 51);
930 1201 984 1244 et
1014 1190 1204 1246 iterum
1238 1211 1251 1246 :
1281 1193 1344 1248 Si
1374 1196 1485 1263 quis
1518 1212 1682 1250 sermo
1714 1197 1902 1263 bonus,
1933 1199 2000 1252 ad

407 1277 800 1346 (adiﬁcationem
824 1282 994 1347 utilis,
1025 1293 1080 1336 ut
1105 1284 1188 1337 det
1221 1285 1438 1355 gratiam
1467 1289 1785 1342 audientibus
1819 1289 1994 1359 (Ibid.

409 1382 456 1421 ν.
483 1367 596 1439 29).
625 1369 935 1427 Juratnenta
961 1389 1171 1444 quoque
1200 1377 1372 1432 modis
1401 1379 1646 1434 omnibus
1673 1378 1869 1450 fugiat,
1901 1397 1998 1434 au-

407 1460 560 1516 diens
583 1465 902 1518 sententiam
929 1466 1148 1534 Christi,
1175 1484 1293 1538 quae
1318 1470 1446 1523 dicit
1473 1486 1491 1523 :
1519 1471 1722 1525 Dictum
1756 1485 1828 1527 est
1857 1477 1994 1529 anti-

406 1552 519 1620 quis
544 1567 566 1606 .'
594 1569 695 1607 non
720 1555 964 1624 pejerabis
993 1571 1010 1610 :
1040 1575 1131 1628 ego
1159 1569 1325 1621 autem
1353 1562 1465 1615 dico
1500 1564 1654 1629 vobis,
1689 1582 1790 1618 non
1809 1567 1997 1635 furan-

404 1642 526 1695 dum
546 1646 751 1698 omnino
777 1645 987 1718 (Matth.
1016 1649 1068 1703 5.
1094 1651 1180 1705 55.
1205 1652 1319 1722 5-1).
1342 1652 1418 1706 Ne
1445 1654 1600 1723 igitur
1621 1656 1759 1711 dicat
1779 1659 1991 1729 aliquis,

399 1729 465 1787 In
502 1749 562 1788 re
596 1734 740 1804 justa
779 1738 902 1806 juro
934 1755 948 1790 :
982 1756 1152 1808 neque
1187 1743 1328 1797 enim
1364 1745 1416 1799 in
1454 1761 1514 1800 re
1549 1747 1690 1815 justa
1729 1765 1901 1820 neque
1941 1754 1992 1806 in

403 1822 596 1893 injusta
623 1827 807 1896 jurare
831 1829 972 1884 licet.
1002 1831 1198 1887 l’urum
1231 1835 1390 1904 igitur
1408 1852 1438 1890 a
1459 1837 1776 1906 juramentis
1801 1857 1862 1896 os
1889 1857 1994 1898 scr-

400 1932 587 1972 vemus
619 1928 717 1974 :et
753 1921 836 1976 his
865 1924 1112 1980 omnibus
1144 1928 1442 1985 muniamus
1470 1945 1704 1986 nusuam
1736 1934 1988 2005 linguam,

397 2008 558 2075 labia,
589 2020 643 2066 et
669 2023 924 2081 mentem,
957 2032 1023 2070 ne
1053 2017 1137 2072 vel
1164 2019 1289 2089 quid
1321 2022 1577 2077 malarum
1609 2027 1987 2095 cogitationum

399 2101 722 2160 intrinsecus
761 2122 1042 2176 nascatur,
1074 2113 1154 2167 vel
1183 2128 1281 2182 per
1305 2113 1536 2186 linguam
1569 2117 1710 2172 loras
1750 2119 1990 2188 profera-

397 2205 503 2250 tur.
533 2199 704 2252 Aures
728 2215 942 2270 quoque
967 2202 1252 2273 diligenter
1280 2207 1568 2277 sepiamus,
1594 2225 1661 2265 ne
1681 2227 1867 2266 vanam
1895 2230 1992 2268 au-

394 2286 653 2342 ditionem
685 2291 976 2360 suscipiant
999 2310 1018 2347 :
1041 2295 1178 2349 sicut
1203 2305 1257 2351 ct
1285 2298 1469 2354 beatus
1493 2300 1666 2356 Moses
1694 2306 1944 2374 praecepit
1968 2347 1986 2372 ,

396 2377 583 2432 dicens
618 2398 630 2433 :
660 2381 987 2438 Auditionem
1025 2401 1207 2442 vanam
1241 2406 1342 2442 non
1383 2393 1624 2462 suscipies
1652 2395 1669 2464 (
1693 2396 1802 2450 Exi.
1815 2396 1864 2454 .1.
1893 2397 1984 2451 25.

395 2468 494 2537 1);
541 2481 598 2524 et
639 2471 830 2526 iterum
880 2475 1066 2533 beatus
1110 2481 1274 2536 David
1315 2483 1526 2539 dicebat
1571 2503 1586 2538 :
1630 2485 1988 2543 Detraltentem

391 2571 580 2615 secreto
605 2566 838 2633 proximo
873 2585 966 2622 suo
987 2610 1002 2633 ,
1030 2571 1163 2625 hunc
1191 2577 1518 2644 persequebar
1550 2577 1718 2650 (Psal.
1749 2580 1869 2636 100.
1903 2583 1981 2652 5).

397 2651 609 2720 Vidisti,
637 2655 850 2723 dilecte,
879 2670 1075 2729 quanta
1103 2665 1257 2718 nobis
1293 2669 1654 2735 contentione,
1687 2683 1880 2740 quanta
1907 2651 1985 2728 vi.-

394 2746 612 2815 gilantia
638 2750 704 2804 ad
734 2753 980 2808 virtutem
1020 2758 1312 2824 parandam
1340 2777 1476 2830 opus
1507 2763 1612 2816 sit?
1635 2767 1901 2833 quomodo
1931 2776 1984 2822 et

395 2856 557 2909 parva
605 2846 862 2914 particula
911 2850 1188 2918 neglecta,
1237 2855 1396 2907 totius
1444 2858 1734 2922 periculum
1781 2860 1984 2915 infert?

388 2931 650 2998 Quocirca
676 2946 734 2990 et
760 2937 884 2992 alibi
908 2940 1108 2995 clamat
1137 2943 1322 2997 beatus
1361 2945 1520 3000 David
1541 2990 1554 3009 .
1587 2964 1843 3004 accusans
1881 2951 1983 3007 hoc

388 3023 673 3079 iacientem
705 3043 718 3080 :
747 3027 941 3083 Sedens
968 3033 1206 3088 adversus
1235 3039 1445 3106 fratrem
1479 3048 1620 3092 tum
1661 3041 1940 3110 loquebaris
1963 3085 1979 3111 ,

387 3122 436 3165 et
471 3125 649 3168 contra
688 3118 852 3185 ﬁlium
891 3124 1068 3177 matris
1095 3133 1195 3178 tua!
1228 3128 1446 3194 ponebas
1470 3132 1766 3186 scandalum
1791 3133 1978 3207 (Psal.

389 3204 480 3258 49.
511 3205 623 3275 20).
661 3207 719 3262 Si
753 3211 830 3265 sic
868 3222 1048 3267 nostra
1079 3219 1256 3271 omnia
1285 3222 1523 3276 membra
1550 3204 1939 3283 muniverintus
1961 3269 1978 3296 ,

387 3299 682 3365 poterimus
715 3301 780 3354 ad
821 3304 1030 3359 virtutis
1062 3322 1222 3377 opera
1263 3311 1524 3377 excitari,
1564 3325 1615 3369 et
1655 3315 1887 3386 linguam
1928 3319 1978 3374 in

387 3387 635 3445 laudibus
663 3401 718 3447 et
741 3395 1130 3461 gloriticatione
1169 3400 1260 3455 Dei
1291 3417 1554 3472 occupare
1575 3447 1590 3470 ,
1615 3422 1773 3462 aures
1801 3418 1978 3466 autem

388 3478 441 3532 in
467 3481 651 3536 auditu
675 3494 730 3537 et
756 3485 1034 3555 disciplina
1056 3487 1355 3546 divinorum
1378 3495 1731 3565 cloquiorum,
1752 3509 1807 3554 et
1831 3515 1980 3555 men-

389 3580 498 3625 tem
539 3573 592 3626 in
621 3575 984 3643 spiritualibus
1015 3579 1348 3652 dogmatibus
1381 3590 1835 3658 contemplanda,
1867 3609 1982 3646 ma-

387 3680 491 3717 nus
516 3681 640 3721 vero
667 3683 774 3723 non
805 3671 857 3724 in
888 3673 1072 3742 rapina
1101 3685 1155 3729 et
1179 3679 1420 3745 avaritia,
1445 3681 1539 3735 sed
1566 3682 1616 3735 in
1640 3683 1977 3741 eleetttorvna

387 3766 442 3809 et
481 3757 633 3812 bonis
657 3761 911 3829 Operibus
943 3764 1231 3836 faciendis,
1259 3777 1312 3824 et
1349 3771 1513 3840 pedes
1543 3788 1646 3827 non
1680 3775 1730 3828 in
1760 3772 1978 3834 theatris

387 3859 443 3901 et
471 3853 789 3918 spectaculis
815 3855 1106 3917 damnosis.
1139 3863 1578 3934 equestribusque
1617 3865 1772 3933 ludis,
1803 3869 1896 3923 sed
1925 3871 1977 3924 in

387 3943 649 4010 ecclesiis,
676 3957 728 3999 et
747 3948 991 4004 domibus
1017 3954 1404 4021 precationum,
1434 3967 1489 4012 et
1512 3970 1816 4014 sanctorum
1845 3979 1978 4017 mar-

389 4043 564 4102 tyrum
597 4037 783 4095 loculis
810 4042 886 4111 (a)
913 4059 928 4104 ;
959 4055 1016 4096 ut
1049 4047 1116 4100 ab
1144 4047 1246 4101 illis
1274 4049 1696 4106 benedictionem
1721 4055 1880 4122 percij
1903 4054 1978 4109 ia-

388 4140 524 4182 mus.
554 4139 605 4181 et
632 4145 728 4184 nos
753 4147 782 4184 a
812 4132 1090 4190 diabolicis
1119 4137 1321 4208 laqueis
1347 4141 1543 4196 irretiri
1579 4158 1682 4196 non
1717 4145 1973 4200 simnnus.

387 4213 442 4268 Si
475 4217 551 4272 sic
585 4220 794 4274 solliciti
826 4233 1060 4279 nostram
1099 4229 1325 4284 salutem
1354 4233 1752 4301 curaverimus,
1782 4238 1975 4305 poteri-

387 4322 510 4362 mus
533 4320 587 4364 et
611 4327 676 4365 ex
700 4312 907 4382 jejunio
937 4317 1137 4372 lucrum
1171 4321 1363 4384 facere,
1389 4333 1443 4377 et
1468 4323 1726 4381 daemonis
1758 4327 1976 4383 insidias

388 4402 638 4472 elfugerc,
671 4416 727 4460 et
755 4423 997 4477 magnam
1023 4427 1254 4482 superne
1277 4416 1500 4484 gratiam
1529 4420 1737 4490 assequi
1771 4438 1784 4474 :
1813 4436 1974 4491 quam

387 4505 446 4546 ut
477 4511 572 4549 nos
599 4514 785 4553 omnes
823 4514 1187 4571 assequamur,
1220 4507 1478 4561 concedat
1511 4512 1680 4578 gratia
1718 4521 1773 4566 et
1810 4514 1974 4568 mise-

387 4586 614 4641 ricordia
645 4589 850 4643 Domini
889 4595 1055 4646 nostri
1092 4593 1219 4648 Jesu
1245 4597 1438 4651 Christi
1464 4639 1478 4661 ,
1510 4614 1628 4652 cum
1659 4616 1765 4669 quo
1790 4602 1930 4658 Patri
1955 4645 1970 4669 ,

386 4687 679 4746 sanctoque
703 4678 922 4749 Spiritui
953 4683 1022 4737 sit
1047 4685 1235 4753 gloria,
1264 4688 1542 4757 imperium
1567 4731 1582 4755 ,
1609 4690 1798 4758 honor,
1828 4709 1971 4750 nunc

384 4777 442 4822 et
468 4783 699 4840 semper,
730 4781 788 4827 et
815 4773 866 4826 in
894 4776 1086 4830 smcula
1115 4779 1459 4838 saeculorum.
1489 4785 1678 4838 Amen.

949 4973 1226 5028 llOMlLIA
1265 4973 1405 5028 XVI.

388 5056 449 5114 In
481 5062 972 5131 prtevaricadonem
1002 5065 1229 5133 primum
1257 5066 1614 5120 crcatorum‘.
1632 5065 1695 5118 Et
1711 5076 1852 5120 erant
1867 5084 1977 5120 am-

461 5157 524 5206 bo
549 5155 704 5216 nudi,
735 5164 780 5207 et
808 5155 1002 5221 Adam,
1027 5166 1074 5210 et
1098 5172 1230 5210 uxor
1251 5157 1394 5222 eius,
1421 5166 1467 5210 et
1495 5173 1595 5210 non
1627 5157 1976 5213 erubescebant

466 5243 615 5314 (Gen.
643 5245 698 5298 2.
726 5245 840 5316 9.5).

466 5360 492 5414 1
505 5399 518 5412 .
546 5360 749 5426 Aliquot
771 5360 833 5412 de
857 5358 1238 5428 Scripturarum
1261 5360 1560 5415 inexhausta
1579 5363 1724 5434 cOpia
1744 5363 1888 5417 dictis
1907 5365 1976 5417 ad

389 5468 599 5522 scopum
623 5454 802 5524 pergit.
824 5483 895 5494 --
919 5454 1086 5510 Hodie
1115 5455 1265 5511 vobis
1287 5496 1303 5520 ,
1329 5454 1698 5525 dilectissimi,
1729 5457 1976 5528 Spiritua-

452 5649 526 5708 (a)
557 5655 832 5721 sanctorum
854 5659 1113 5721 martyrum
1139 5653 1279 5704 loculi
1301 5656 1530 5721 etthecte
1552 5656 1840 5721 frequenter
1862 5673 1968 5711 tne-

390 5719 636 5782 morantur
655 5724 687 5760 ι
1059 5719 1108 5782 in
1132 5720 1434 5782 Panegyricis
1456 5727 1601 5772 Tomo
1623 5713 1674 5782 li,
1697 5722 1781 5772 ubi
1796 5722 1858 5772 iis
1877 5723 1959 5773 ha-

388 5775 518 5829 bitus
541 5779 694 5831 bonos
715 5793 848 5841 saepe
867 5777 1180 5832 describitur.

1523 341 1590 397 IN
1626 341 1862 398 CAPJI.
1891 341 2132 398 GENES.
2177 342 2411 400 IIOMIL.
2447 346 2589 402 XVI.

3594 357 3692 414 426

2110 456 2218 511 lem
2257 457 2568 515 thesaurum
2595 463 2803 532 aperire
2844 463 2998 531 volo,
3027 465 3156 535 qui,
3183 467 3306 525 licet
3331 468 3471 526 inter
3498 475 3695 530 multos

2110 547 2411 613 dividatur,
2453 567 2741 623 numquam
2783 564 2958 612 tamen
3001 558 3341 617 absumitur:
3373 565 3463 632 qui
3507 581 3693 621 onmes

2111 639 2438 711 locupletat,
2470 653 2524 698 et
2563 644 2614 699 in
2658 646 2804 702 nullo
2845 647 3174 704 imminuitur
3195 693 3212 718 ,
3244 653 3338 708 sed
3367 664 3423 709 et
3449 668 3689 726 augetur.

2109 733 2568 798 Quemadmodum
2597 738 2737 793 enim
2765 739 2817 794 in
2849 742 3082 796 sensibili
3113 743 3362 800 thesauro
3388 748 3432 800 si
3460 751 3580 816 quis
3612 749 3695 804 vel

2109 839 2323 892 parvam
2353 829 2622 898 acceperit
2661 830 2954 898 portionem
2980 875 2994 892 .
3038 837 3232 888 multas
3264 849 3441 892 tamen
3485 839 3694 894 divitias

2107 919 2232 974 inde
2270 921 2369 974 sibi
2411 923 2615 990 parabit
2644 943 2656 977 :
2687 924 2758 978 ita
2786 933 2841 979 et
2869 926 2920 978 in
2953 926 3143 981 divinis
3181 928 3470 999 Scripturis
3490 973 3503 995 ,
3532 933 3691 988 etiam

2105 1011 2158 1064 in
2188 1027 2347 1081 parva
2374 1013 2606 1068 dictione
2630 1030 2881 1070 sensuum
2907 1018 3138 1086 gravitas
3163 1029 3216 1073 et
3239 1020 3512 1076 immensa:
3542 1023 3695 1079 inve—

2105 1102 2322 1156 niuntur
2345 1104 2561 1158 divitiae.
2590 1105 2734 1162 Talis
2761 1108 2902 1162 enim
2933 1118 3118 1164 natura
3151 1113 3305 1181 hujus
3334 1113 3563 1168 thesauri
3589 1158 3604 1180 ,
3638 1128 3693 1171 ut

2101 1197 2384 1264 opulentos
2428 1196 2587 1253 faciat
2624 1214 2718 1253 eos
2754 1201 2842 1270 qui
2883 1217 2942 1256 se
2987 1203 3289 1269 inveniunt,
3322 1218 3374 1261 et
3404 1224 3688 1278 numquam

2101 1285 2314 1341 deﬁciat
2336 1305 2348 1338 :
2373 1286 2491 1340 fons
2512 1289 2653 1342 enim
2677 1289 2906 1359 Spiritus
2931 1294 3096 1347 sancti
3123 1292 3276 1363 hujus
3296 1299 3562 1368 scaturigo
3585 1311 3688 1354 est.

2099 1375 2383 1445 Reliquum
2412 1377 2570 1433 fuerit
2593 1420 2606 1442 ,
2645 1395 2741 1435 vos
2765 1397 2884 1452 quae
2917 1387 3182 1452 proposita
3210 1397 3336 1440 sunt
3369 1405 3573 1444 summa
3603 1391 3686 1444 di-

2099 1466 2310 1535 ligentia
2340 1469 2392 1522 in
2424 1471 2678 1525 memoria
2710 1483 2963 1542 perpetuo
2984 1490 3228 1541 servare;
3254 1487 3310 1531 ut
3332 1488 3506 1535 autem
3537 1482 3688 1538 facile

2095 1558 2240 1614 dicta
2273 1563 2484 1631 assequi
2517 1565 2752 1632 possitis,
2788 1575 2988 1620 tantum
3019 1568 3161 1637 quod
3192 1580 3430 1626 nostrum
3461 1585 3542 1628 est
3571 1593 3685 1629 ma-

2097 1665 2202 1720 gno
2231 1653 2406 1707 studio
2432 1653 2736 1710 at‘feramus.
2770 1657 2946 1713 Gratia
2978 1663 3119 1715 enim
3152 1675 3332 1730 parata
3363 1675 3445 1720 est
3467 1709 3480 1730 ,
3513 1678 3566 1722 et
3597 1685 3688 1724 re-

2095 1743 2257 1811 quirit
2300 1759 2393 1798 eos
2434 1747 2523 1814 qui
2569 1747 2734 1816 ipsam
2782 1749 3000 1820 largiter
3036 1754 3349 1825 suscipiant.
3394 1758 3686 1815 Audiamus

2097 1833 2256 1903 igitur
2278 1852 2398 1905 qua:
2435 1838 2594 1894 hodie
2630 1850 2752 1894 sunt
2796 1842 2930 1897 lecta
2950 1885 2964 1909 ,
2994 1854 3052 1900 ut
3078 1845 3346 1902 discamus
3371 1849 3683 1908 immensam

2063 1947 2066 1950 ’
2096 1925 2189 1978 Dei
2215 1927 2614 1998 benignitatem,
2645 1942 2698 1985 et
2722 1943 2918 2002 quanto
2943 1937 3128 1991 salutis
3156 1950 3351 1994 nostrae
3374 1943 3543 2010 gratia
3572 1961 3686 1999 ser-

2095 2020 2268 2074 monis
2292 2029 2712 2092 temperamento
2735 2026 2805 2080 sit
2830 2043 2976 2083 usus.
3003 2029 3092 2084 25.
3122 2030 3187 2084 Et
3207 2045 3350 2087 erant
3370 2037 3516 2090 ambo
3537 2041 3680 2106 nudi,

2095 2118 2198 2162 tam
2220 2111 2414 2175 Adam,
2441 2130 2593 2184 quam
2614 2132 2744 2170 uxor
2766 2119 2875 2190 ejus
2895 2160 2909 2183 ,
2935 2129 2982 2172 et
3014 2137 3114 2174 non
3140 2124 3510 2180 erubescebant.
3539 2127 3682 2183 Con-

2092 2203 2265 2256 sidera
2287 2245 2302 2270 ,
2329 2219 2512 2274 qumso
2535 2248 2550 2270 ,
2593 2208 2917 2265 eminentem
2961 2212 3339 2269 beatitudinem
3364 2259 3380 2285 ,
3416 2223 3683 2286 quomodo

2091 2297 2394 2362 superiores
2434 2297 2630 2354 fuerint
2672 2303 2920 2357 omnibus
2962 2308 3369 2375 corporalibus,
3416 2313 3682 2379 quomodo

2092 2393 2285 2440 terram
2323 2390 2474 2458 quasi
2519 2391 2706 2445 cadum
2751 2394 3109 2462 incoluerint;
3149 2409 3203 2453 et
3241 2416 3361 2454 cum
3409 2414 3588 2458 essent
3627 2406 3679 2459 in

2088 2492 2317 2547 corpore
2347 2479 2475 2536 nihil
2503 2483 2780 2551 corporale
2811 2487 3027 2542 tulerint
3055 2508 3069 2543 :
3098 2505 3271 2560 neque
3300 2504 3439 2548 tecto
3458 2536 3473 2559 ,
3507 2511 3680 2565 neque

2087 2580 2240 2627 veste
2265 2613 2280 2638 ,
2314 2587 2488 2642 neque
2516 2574 2622 2629 alio
2661 2577 2751 2630 tali
2796 2593 2931 2646 opus
2974 2580 3250 2638 habentes.
3292 2584 3460 2640 Porro
3496 2588 3676 2642 divina

2088 2661 2358 2732 Scriptura
2389 2681 2494 2720 non
2523 2667 2836 2737 simpliciter
2859 2682 2912 2727 et
2937 2672 3139 2744 absque
3162 2677 3370 2733 ratione
3400 2679 3500 2734 hoc
3525 2683 3680 2739 nobis

2087 2755 2441 2826 significavit,
2483 2759 2576 2816 sed
2616 2771 2673 2815 ιιι
2713 2777 2831 2818 cum
2876 2764 3216 2822 didicerimus
3255 2771 3416 2825 vitam
3465 2774 3675 2830 illorum

2092 2847 2318 2902 tristitiae
2342 2847 2652 2920 dolorisque
2677 2864 2971 2922 expertem,
2995 2867 3050 2911 et
3072 2861 3366 2928 angelicum
3389 2867 3673 2933 quemdam

2086 2945 2305 3005 statum,
2339 2947 2396 2993 ut
2433 2941 2502 2994 ita
2533 2941 2726 3011 dicam,
2757 2954 2812 2999 et
2852 2958 3034 3015 postea
3063 2944 3351 3008 viderimus
3380 2969 3473 3010 eos
3502 2961 3677 3012 omni-

2084 3027 2185 3083 bus
2221 3029 2326 3084 illis
2362 3029 2612 3097 destitui,
2643 3043 2698 3089 et
2723 3037 2872 3104 quasi
2899 3053 2930 3092 e
2958 3041 3164 3111 magnis
3186 3041 3384 3099 divitiis
3415 3047 3465 3099 in
3494 3061 3676 3106 extre-

2084 3135 2225 3174 mam
2251 3120 2480 3191 inopiam
2505 3125 2696 3195 redigi,
2725 3126 2957 3196 ipsorum
2982 3133 3314 3203 negligentire
3337 3145 3505 3193 totum
3527 3144 3668 3211 quod

2084 3213 2142 3266 lit
2167 3214 2514 3272 ascribamus.
2546 3218 2735 3288 Operae
2779 3224 3004 3290 pretium
3035 3236 3212 3282 autem
3254 3229 3387 3285 lecta
3426 3233 3537 3302 ipsa
3571 3252 3672 3290 au-

2083 3303 2216 3360 dire.
2247 3305 2411 3371 Nam,
2439 3318 2500 3364 ut
2525 3309 2657 3365 dixit
2698 3312 2887 3369 beatus
2916 3315 3088 3373 Moses
3109 3360 3124 3385 ,
3152 3321 3294 3389 quod
3324 3325 3446 3378 nudi
3478 3336 3670 3395 erant,

2081 3408 2136 3452 et
2165 3413 2268 3453 non
2308 3400 2696 3457 erubescebant
2727 3404 2934 3476 (neque
2967 3410 3110 3463 enim
3151 3413 3390 3470 sciebant
3415 3431 3472 3472 se
3498 3419 3672 3476 nudos

2081 3505 2202 3546 esse
2227 3533 2241 3557 ,
2275 3493 2406 3546 mira
2434 3493 2599 3563 gloria
2631 3496 2748 3551 illos
2776 3500 3037 3555 vestiente
3063 3512 3116 3556 et
3144 3505 3314 3574 magis
3341 3524 3498 3576 quam
3533 3512 3670 3567 ullus

2080 3585 2306 3638 vestitus
2331 3585 2611 3654 ornante),
2643 3587 2840 3658 inquit,
2877 3592 2927 3646 1.
2964 3591 3188 3663 Serpens
3222 3607 3387 3651 autem
3411 3611 3518 3654 erat
3547 3620 3668 3670 pru-

2080 3674 2400 3730 dentissimus
2427 3678 2650 3732 omnium
2679 3681 2968 3749 bestiarum,
2995 3701 3108 3755 qua:
3133 3703 3285 3754 super
3312 3699 3518 3758 terram,
3543 3711 3666 3763 quas

2080 3770 2266 3839 fecerat
2299 3768 2542 3824 Dominus
2570 3771 2727 3827 Deus.
2763 3773 2830 3827 Et
2859 3775 2985 3829 dixit
3013 3794 3220 3848 serpens
3257 3783 3453 3836 mulieri
3484 3801 3502 3838 :
3533 3787 3666 3851 Quia

2079 3860 2213 3923 quod
2241 3860 2370 3913 dixit
2411 3859 2548 3914 Deus
2567 3903 2585 3926 ,
2618 3861 2702 3918 Ne
2726 3866 2994 3920 comedatis
3020 3885 3084 3922 ex
3109 3871 3246 3924 omni
3272 3874 3410 3944 ligno
3433 3879 3568 3940 quod
3596 3891 3666 3932 est

2077 3949 2132 4002 in
2159 3951 2395 4020 paradiso
2426 3949 2576 4021 (Gen.
2606 3954 2708 4024 5)?
2739 3955 2870 4011 Vide
2900 3958 3116 4029 maligni
3141 3961 3398 4016 daemonis
3428 3965 3667 4022 inviden-

2080 4040 2206 4096 tiam
2233 4084 2245 4106 ,
2288 4054 2338 4098 et
2388 4045 2710 4116 multiplices
2756 4048 2992 4104 technas.
3035 4050 3472 4124 Quandoquidem
3511 4060 3673 4114 scivit

2080 4131 2348 4188 hominem
2384 4135 2673 4191 formatum
2702 4138 2755 4192 in
2781 4155 2989 4195 summo
3014 4157 3132 4197 esse
3161 4143 3363 4201 honore
3383 4148 3421 4213 ί,
3449 4158 3502 4202 et
3538 4165 3664 4218 pro-

2081 4227 2364 4294 pemodum
2396 4229 2528 4283 nihil
2559 4229 2735 4284 minus
2777 4229 2972 4287 habere
3010 4234 3210 4304 angelis
3250 4238 3378 4306 ipsis
3403 4279 3418 4303 ,
3447 4239 3584 4295 sicut
3611 4253 3668 4298 et

2079 4320 2263 4374 beatus
2292 4320 2452 4374 David
2482 4321 2650 4388 inquit
2673 4339 2687 4375 :
2716 4321 2948 4376 Minuisti
2973 4341 3085 4378 eum
3109 4328 3261 4394 paulo
3295 4330 3458 4384 minus
3481 4335 3543 4384 ab
3563 4347 3664 4383 an-

2076 4412 2201 4481 gelis
2230 4410 2399 4482 (Psal.
2423 4411 2476 4466 8.
2508 4412 2565 4482 6)
2595 4429 2608 4465 :
2637 4422 2796 4483 atque
2825 4414 2927 4468 hoc
2956 4415 3126 4484 ipsum
3152 4417 3322 4472 Paulo
3356 4421 3520 4475 minus
3550 4423 3666 4477 ino-

2076 4503 2358 4557 bedientia:
2388 4515 2663 4572 peceatum
2693 4505 3020 4570 introduxit;
3053 4525 3172 4563 nam
3203 4523 3322 4581 post
3350 4515 3662 4581 przevarica-

2078 4594 2278 4662 tionem
2323 4597 2425 4649 hoc
2475 4595 2721 4665 loquutus
2765 4607 2849 4653 est
2892 4599 3148 4669 propheta
3194 4621 3208 4656 :
3249 4604 3460 4660 videbat
3507 4609 3665 4677 igitur

2076 4701 2240 4758 super
2269 4697 2464 4742 terram
2491 4688 2736 4758 angelum
2765 4700 3094 4758 terrestrem,
3117 4703 3171 4748 et
3195 4709 3226 4747 a
3254 4708 3348 4749 sua
3377 4697 3664 4754 rodebatur

2077 4778 2272 4832 invidia
2303 4777 2512 4833 daemon
2549 4780 2812 4835 malorum
2854 4794 3040 4837 auctor
3069 4801 3083 4837 :
3114 4787 3364 4853 quoniam
3390 4803 3512 4842 cum
3549 4790 3664 4858 ipse

2077 4869 2216 4926 inter
2255 4883 2513 4938 supernas
2556 4871 2780 4927 virtutes
2817 4883 2956 4927 esset
2979 4915 2994 4939 ,
3027 4883 3082 4928 et
3118 4874 3187 4930 ob
3225 4877 3516 4935 voluntatis
3551 4895 3663 4935 sua:

2077 4962 2384 5032 nequitiam,
2412 4973 2467 5017 et
2499 4963 2764 5034 ingentem
2792 4965 3066 5030 malitiam,
3093 4982 3124 5022 e
3147 4982 3358 5026 summo
3382 4974 3515 5028 caelo
3540 4990 3664 5043 pro-

2071 5054 2247 5124 jectus
2271 5056 2447 5123 fuerit,
2475 5074 2664 5128 magna
2691 5074 2816 5114 usus
2846 5069 2927 5114 est
2958 5062 3370 5131 machinatione,
3400 5077 3458 5122 ut
3483 5079 3536 5123 et
3567 5071 3663 5125 ho-

2076 5147 2273 5203 minem
2300 5149 2468 5218 gratia
2500 5151 2589 5205 Dei
2623 5152 2848 5219 privare,
2881 5161 2934 5205 et
2963 5152 3225 5221 ingratum
3252 5155 3469 5219 factum,
3502 5163 3662 5214 tantis

2076 5235 2230 5292 bonis
2274 5254 2369 5308 per
2402 5239 2635 5294 divinam
2677 5240 2967 5295 bonitatem
3008 5242 3138 5311 ipsis
3162 5247 3436 5302 concessis
3461 5249 3662 5303 nudare

2075 5337 2274 5398 posset.
2307 5332 2372 5386 Et
2395 5331 2520 5400 quid
2548 5331 2708 5387 fecit?
2731 5331 2952 5387 lnvento
2974 5336 3189 5390 animali
3212 5337 3333 5403 hoc,
3357 5351 3659 5409 serpentem

2074 5422 2217 5489 dico,
2247 5424 2336 5493 qui
2366 5433 2555 5478 caetera
2583 5424 2871 5480 calliditate
2892 5441 2990 5481 sua
3015 5427 3280 5495 vincebat,
3307 5431 3445 5486 sicut
3465 5443 3519 5487 et
3546 5433 3660 5487 Mn-

2074 5531 2164 5572 ses
2193 5523 2416 5571 testatus
2442 5523 2556 5582 est,
2583 5531 2703 5570 cum
2732 5516 2894 5584 dixit,
2936 5517 3064 5572 Erat
3099 5530 3265 5574 autem
3303 5538 3506 5593 serpens
3535 5543 3661 5595 pru-

2074 5610 2392 5665 dentissimus
2419 5612 2644 5665 omnium
2668 5611 2938 5667 bestiarum
2967 5629 3082 5684 quae
3105 5631 3256 5684 super
3283 5624 3467 5670 terram
3490 5659 3504 5685 ,
3525 5634 3659 5688 quas

2138 5767 2155 5797 ¹
2189 5762 2403 5827 Coislin.,
2426 5763 2492 5816 ad
2515 5777 2752 5818 summum
2774 5767 2998 5820 honorem
3017 5767 3040 5835 ι’
3038 5767 3164 5821 uisse
3185 5777 3415 5822 evectum.
