4038 6394
377 356 481 408 127

376 469 488 521 fecit
532 466 781 521 Dominus
820 463 958 518 Deus
996 478 1015 515 :
1040 477 1108 517 eo
1146 460 1300 529 quasi
1343 460 1695 515 instrumento
1728 454 1959 527 quodam

374 573 501 613 usus
528 568 632 622 est,
664 573 758 628 per
785 555 928 626 quod
954 553 1251 618 mulierem,
1280 559 1462 620 utpote
1488 548 1781 618 simplicius
1808 555 1863 602 et
1888 547 1970 601 in-

368 652 580 704 ﬁrmius
600 664 714 715 vas,
739 648 879 702 illius
900 644 1257 699 familiaritate
1279 643 1331 695 in
1358 655 1601 696 errorem
1621 647 1676 693 et
1697 637 1970 707 deceptio-

376 756 496 796 nem
524 748 856 812 provocarat.
882 736 948 791 Et
973 736 1120 800 dixit,
1148 735 1337 804 inquit,
1359 747 1564 803 serpens
1587 730 1810 783 mulieri.
1835 729 1971 783 Hinc

373 832 564 902 collige
590 830 658 885 ab
687 830 839 884 initio
868 827 1065 883 nullam
1106 826 1397 881 bestiarum
1424 825 1595 878 virum
1618 865 1633 887 ,
1662 822 1746 876 vel
1777 820 1969 876 mulie-

374 938 489 979 rem
531 923 782 977 terruisse
805 961 820 987 ,
852 919 945 975 sed
970 919 1262 974 dominium
1299 926 1349 971 et
1386 916 1771 984 subjectionem
1800 928 1968 984 agno-

375 1020 537 1082 visse,
564 1025 619 1070 et
643 1016 781 1070 sicut
814 1029 955 1068 nunc
982 1011 1273 1067 domestica
1301 1008 1569 1074 animalia,
1602 1008 1672 1061 ita
1699 1015 1755 1061 et
1784 1004 1890 1060 fera
1914 1013 1970 1060 et

376 1114 729 1166 immansueta
760 1117 887 1162 tunc
913 1105 1059 1160 mitia
1090 1104 1273 1158 fuisse.

448 1203 503 1257 2.
527 1203 747 1271 Serpens
763 1201 849 1272 qui
868 1198 1027 1253 Evam
1041 1196 1232 1267 decepit
1248 1211 1349 1249 non
1369 1201 1477 1246 erat
1493 1192 1686 1245 ratione
1703 1191 1964 1261 praeditus.

372 1297 515 1352 --At
534 1296 669 1351 forte
691 1295 776 1349 hic
795 1291 1112 1349 dubitaverit
1131 1288 1250 1359 quis
1265 1296 1318 1342 et
1338 1285 1626 1356 quaesierit,
1648 1299 1772 1337 num
1795 1282 1968 1337 ethoc

376 1388 573 1442 animal
610 1385 832 1440 ratioais
872 1382 1032 1437 fuerit
1070 1381 1355 1451 particeps.
1396 1376 1509 1430 Non
1538 1376 1610 1429 ita
1638 1383 1758 1429 est:
1791 1373 1962 1438 absit;

368 1480 468 1535 sed
496 1480 530 1533 ii
568 1478 657 1547 qui
706 1475 1010 1545 Scripturas
1054 1480 1349 1542 sequuntur
1395 1467 1689 1537 intelligant
1732 1473 1963 1533 oportet,

375 1573 537 1627 verba
567 1570 783 1641 quidem
811 1584 931 1623 esse
956 1565 1353 1633 diaboli,quem
1404 1559 1597 1614 invidia
1639 1556 1964 1622 concitabat,

372 1673 435 1718 ut
464 1664 534 1717 ita
557 1662 825 1716 hominem
871 1658 1079 1712 falleret
1110 1673 1126 1711 :
1154 1654 1366 1708 animali
1394 1662 1572 1706 autem
1602 1649 1705 1704 hoc
1746 1659 1803 1702 ut
1847 1649 1965 1703 ido-

378 1771 482 1811 neo
503 1756 859 1809 instrumento
882 1749 1128 1805 utebatur
1157 1746 1424 1809 diabolus,
1453 1761 1559 1814 quo
1588 1758 1802 1797 suarum
1828 1742 1969 1796 frau-

375 1847 523 1901 dium
550 1860 671 1901 esca
700 1845 957 1906 immissa,
984 1840 1334 1909 supplantare
1362 1837 1588 1906 primum
1636 1842 1816 1904 posset
1844 1848 1965 1887 mu-

374 1939 593 2003 lierem,
643 1950 763 2005 quas
802 1934 1006 1987 facilius
1043 1930 1215 2000 decipi
1250 1936 1503 1999 poterat,
1544 1938 1597 1979 et
1638 1934 1822 1995 postea
1872 1939 1966 1992 per

375 2030 517 2083 illam
567 2026 726 2080 etiam
788 2024 1168 2093 protuplastunt
1213 2018 1595 2087 supplanta-ret.
1642 2018 1820 2084 Itaque
1864 2012 1969 2067 hoc

374 2123 531 2175 bruto
554 2119 716 2171 utitur
736 2118 801 2170 ad
830 2116 1048 2169 insidias
1093 2111 1395 2171 struendas.
1422 2118 1476 2163 et
1504 2124 1596 2177 per
1636 2107 1807 2177 ipsum
1846 2122 1965 2159 mu-

376 2211 495 2264 lieri
546 2208 799 2278 loquitur,
843 2216 897 2260 et
938 2205 1054 2259 ait:
1087 2203 1259 2268 Quare
1300 2200 1427 2254 dixit
1475 2198 1637 2260 Deus,
1682 2195 1766 2250 Ne
1803 2213 1967 2249 come-

374 2300 506 2355 dutis
522 2316 587 2352 ex
615 2299 751 2352 omni
781 2298 917 2367 ligno
941 2294 1077 2366 quod
1103 2303 1174 2348 est
1201 2293 1252 2345 in
1283 2290 1559 2362 paradiso?
1593 2286 1963 2353 Considerate,

374 2394 618 2458 obsecro,
647 2389 989 2460 malignitatis
1007 2385 1404 2441 callidissimam
1432 2378 1970 2436 subtilitatemJndu-

374 2484 449 2538 cit
492 2485 633 2538 enim
682 2483 888 2535 ratione
932 2476 1162 2541 consilii,
1209 2486 1265 2529 et
1308 2472 1759 2542 interrogationis,
1805 2470 1965 2524 etiam

378 2575 520 2646 quod
551 2576 714 2629 aDeo
760 2572 959 2627 dictum
1012 2584 1116 2624 non
1164 2577 1300 2633 erat,
1346 2566 1498 2635 quasi
1543 2564 1746 2618 scilicet
1781 2578 1964 2617 curam

380 2671 615 2737 ipsorum
646 2666 867 2721 haberet
894 2683 907 2719 :
941 2663 992 2718 id
1014 2662 1155 2733 quod
1177 2658 1492 2721 ostenditur,
1507 2672 1626 2712 cum
1644 2656 1814 2726 inquit
1834 2673 1846 2707 :
1865 2653 1969 2709 Car

377 2761 505 2814 dixit
534 2758 690 2825 Deus,
718 2758 799 2812 Ne
818 2756 1092 2812 comedatis
1127 2756 1189 2807 de
1227 2753 1363 2807 omni
1393 2753 1529 2822 ligno
1553 2750 1688 2821 quod
1703 2760 1774 2805 est
1794 2751 1846 2803 in
1871 2768 1966 2820 pa-

376 2850 588 2904 radiso?
634 2850 783 2919 quasi
829 2848 1031 2903 diceret
1073 2844 1335 2916 malignus
1378 2843 1466 2897 ille
1507 2841 1718 2895 daemon
1748 2858 1761 2895 :
1792 2840 1969 2909 Quare

380 2943 521 2996 Deus
554 2941 781 3010 privavit
804 2954 898 2994 vos
930 2946 1075 2992 tanta
1106 2936 1399 2990 fruitione?
1436 2948 1535 2987 cur
1574 2947 1679 2986 non
1723 2933 1968 2987 concedit

379 3043 437 3088 ut
456 3034 741 3106 participes
768 3031 884 3085 sitis
908 3030 1168 3085 bonorqu
1198 3042 1316 3097 qua:
1343 3034 1466 3080 sunt
1492 3024 1542 3078 in
1567 3024 1841 3096 paradiso;
1871 3024 1967 3079 sed

378 3125 625 3196 praestitit
670 3124 886 3193 quidem
927 3128 984 3176 ut
1010 3120 1125 3175 visu
1173 3117 1503 3181 frueremini,
1544 3131 1651 3170 non
1694 3124 1872 3171 tamen
1903 3132 1968 3170 eo

380 3218 480 3272 frui
529 3216 674 3283 sinit,
704 3225 758 3269 et
796 3212 984 3284 majori
1039 3211 1311 3280 voluptate
1362 3206 1649 3263 interdicit.
1696 3204 1800 3261 Cur
1841 3207 1969 3260 dixit

382 3310 520 3365 Deus
538 3309 563 3363 .9
581 3310 777 3376 Quare,
809 3308 1002 3375 inquit,
1034 3304 1165 3360 hoc?
1188 3320 1305 3373 qua:
1344 3302 1539 3355 utilitas
1567 3300 1765 3354 versari
1796 3299 1847 3353 in
1870 3314 1968 3368 pa-

383 3403 581 3465 radiso,
610 3410 664 3455 et
692 3416 798 3454 non
814 3397 917 3453 frui
947 3398 1029 3452 his
1056 3410 1175 3467 quae
1203 3395 1255 3449 in
1288 3394 1377 3448 illo
1404 3401 1547 3457 sunt,
1572 3390 1667 3446 sed
1708 3390 1829 3445 ideo
1856 3404 1965 3443 ma-

376 3499 549 3567 jorem
600 3497 739 3550 ferre
776 3493 1054 3553 dolorem,
1091 3487 1233 3559 quod
1279 3494 1521 3557 Spectare
1565 3483 1782 3555 quidem
1820 3482 1970 3538 vobis

379 3590 555 3655 liceat,
605 3587 709 3643 frui
745 3602 850 3641 non
892 3583 1084 3640 liccat?
1135 3581 1324 3637 Vidisti
1365 3579 1637 3651 quomodo
1662 3594 1755 3648 per
1782 3578 1963 3643 verba,

379 3682 530 3753 quasi
554 3696 651 3753 per
690 3694 867 3735 escam
906 3678 1053 3733 virus
1090 3690 1245 3731 suum
1290 3670 1559 3728 immittit?
1590 3670 1821 3726 Debebat
1849 3686 1970 3723 mu-

379 3774 478 3829 lier
502 3789 568 3829 ex
592 3774 706 3843 ipso
734 3784 984 3842 aggressa
1007 3768 1332 3823 eminentem
1354 3763 1658 3833 conjectare
1692 3760 1967 3827 malitiam,

386 3877 497 3919 tum
522 3863 663 3935 quod
689 3862 757 3917 de
788 3862 1044 3917 industria
1075 3874 1195 3929 qua:
1233 3873 1342 3912 non
1389 3865 1543 3912 erant
1588 3855 1810 3922 diceret,
1857 3863 1968 3908 tum

383 3957 527 4028 quod
553 3954 703 4025 quasi
745 3968 927 4009 curam
970 3952 1207 4020 ipsorum
1251 3956 1482 4019 gereret,
1515 3955 1573 4001 ut
1614 3946 1754 4000 scire
1793 3953 1973 4014 posset

382 4065 503 4119 qua:
542 4049 647 4103 illis
670 4061 700 4099 a
732 4046 842 4101 Deo
883 4052 1170 4114 pra-cepta,
1202 4051 1257 4097 et
1289 4041 1367 4095 sie
1391 4040 1459 4095 ad
1478 4038 1970 4111 praevaricationem

382 4144 526 4211 ipsos
552 4139 805 4195 traheret.
837 4137 996 4209 Igitur
1020 4152 1141 4193 cum
1173 4143 1357 4207 posset
1400 4134 1578 4189 statim
1622 4133 1969 4202 itnposturam

382 4234 590 4301 videre,
622 4241 677 4288 et
712 4232 946 4287 aversari
992 4231 1151 4285 verba
1191 4229 1267 4283 uti
1298 4228 1538 4298 nugacia,
1570 4235 1623 4280 et
1661 4225 1891 4295 seipsam
1918 4226 1971 4279 in

383 4331 582 4379 tantam
626 4321 881 4377 vilitatem
913 4334 1018 4374 non
1046 4319 1298 4389 dejicere.
1326 4318 1517 4372 noluit.
1541 4314 1853 4385 Oportebat,
1886 4317 1971 4369 iu-

382 4432 563 4487 quam,
585 4415 735 4469 initio
762 4414 1087 4483 colloquium
1116 4413 1255 4466 illius
1299 4426 1407 4466 non
1445 4409 1606 4475 ferre,
1640 4409 1736 4464 sed
1770 4410 1844 4463 illi
1870 4409 1971 4464 soli

373 4506 551 4576 loqui,
578 4514 793 4576 propter
820 4520 1003 4575 quem,
1021 4513 1077 4559 et
1105 4504 1156 4558 in
1187 4501 1338 4571 cuius
1367 4501 1686 4571 adjutorium
1716 4498 1972 4569 producta

380 4606 518 4665 erat,
548 4596 812 4668 particeps
833 4596 1102 4666 dignitatis
1129 4595 1270 4648 illius
1295 4594 1450 4648 facta.
1480 4592 1613 4660 Quia
1641 4600 1841 4660 autem,
1871 4606 1969 4647 ne-

384 4690 497 4744 scio
516 4687 786 4760 quomodo
812 4686 1022 4751 allecta,
1049 4686 1369 4756 colloquium
1418 4684 1681 4754 serpentis
1717 4684 1858 4751 tulit,
1878 4698 1973 4752 per

383 4797 543 4853 quem
569 4822 585 4848 ,
633 4789 692 4836 ut
734 4782 1176 4843 instrumentum,
1227 4777 1524 4849 perniciosa
1566 4776 1763 4831 diaboli
1806 4776 1974 4832 verba

385 4873 641 4945 suscepit,
657 4888 950 4943 congruum
974 4879 1090 4926 erat
1110 4871 1286 4925 statim
1311 4884 1433 4924 cum
1453 4869 1685 4925 disceret
1707 4883 1771 4923 ex
1797 4868 1974 4923 verbis

384 4969 520 5039 ejus,
550 4982 669 5024 esse
696 4967 785 5022 illa
807 4982 928 5021 eum
960 4967 1184 5020 veritate
1212 4963 1496 5035 pugnantia
1523 4972 1577 5017 et
1614 4962 1717 5016 alia
1760 4961 1973 5031 quidem

384 5060 724 5116 Conditorem
773 5059 1085 5129 imperasse,
1133 5056 1237 5111 alia
1281 5062 1459 5110 autem
1508 5054 1678 5119 illum,
1723 5063 1779 5108 et
1817 5053 1975 5123 plane

384 5151 652 5205 contraria
678 5150 789 5206 Deo
833 5149 1033 5214 dicere,
1057 5156 1115 5202 ut
1139 5148 1253 5217 ipsa
1298 5153 1655 5208 aversaretur,
1687 5154 1741 5199 et
1769 5143 1976 5214 fugeret

386 5242 531 5296 illius
575 5240 1013 5295 consuetudinem
1038 5278 1053 5303 ,
1104 5237 1605 5305 abcminareturque
1644 5234 1792 5288 illum
1817 5275 1832 5297 ,
1882 5234 1975 5303 qui

388 5334 640 5404 linguam,
669 5342 854 5387 contra
880 5331 1061 5385 datum
1084 5330 1188 5385 illis
1226 5329 1534 5383 mandatum
1569 5341 1763 5382 acuere
1806 5326 1975 5381 aude-

388 5433 485 5481 tet.
519 5424 714 5479 Verum
736 5424 858 5494 quia
882 5439 990 5492 pra:
1019 5437 1207 5492 magna
1231 5421 1549 5492 negligentia
1579 5434 1691 5473 non.
1724 5416 1972 5471 attende-

387 5516 502 5583 bat,
531 5532 638 5572 uon
688 5516 863 5572 solum
904 5531 1013 5571 non
1058 5525 1141 5570 est
1190 5514 1337 5568 illum
1384 5522 1641 5577 aversata,
1675 5510 1768 5566 sed
1816 5524 1975 5567 omne

385 5607 696 5662 mandatum
744 5607 820 5662 illi
859 5606 1081 5674 detexit,
1112 5614 1168 5662 et
1195 5621 1357 5675 porco
1404 5605 1717 5673 margaritas
1756 5602 1969 5671 ohjccit,

391 5697 729 5778 implevitque
750 5699 891 5771 quod
913 5714 944 5753 a
969 5698 1185 5755 Christo
1228 5696 1427 5751 dictum
1469 5707 1552 5749 est
1584 5712 1597 5748 :
1630 5693 1714 5748 Ne
1762 5694 1974 5748 mittatis

388 5794 904 5861 margaritosvestras
925 5802 1043 5846 ante
1068 5803 1268 5862 porcos,
1302 5803 1364 5842 ne
1386 5790 1517 5859 forte
1541 5784 1832 5841 canculcent
1854 5785 1973 5840 illos

1124 347 1180 403 S.
1219 342 1498 401 JOANNIS
1533 339 2012 397 CHRYSOSTOMI
2052 338 2366 396 ARCIllEP.
2407 338 2937 395 CGNSTANTINOP.

3562 343 3661 399 128

2075 455 2286 528 pedibus
2313 454 2439 520 suis,
2464 465 2511 510 et
2535 456 2758 513 conversi
2783 472 2869 510 vos
2900 455 3216 525 disrumpunt
3241 456 3453 525 (Matth.
3482 457 3536 512 Ἰ.
3559 459 3612 526 6)
3640 476 3653 512 :

2075 547 2127 602 id
2157 547 2298 618 quod
2327 557 2384 602 et
2404 548 2489 603 hic
2512 547 2708 603 factum
2736 557 2837 603 est.
2865 547 3127 617 Apposuit
3152 548 3295 603 enim
3322 563 3504 617 porco,
3536 547 3662 603 huic

2075 639 2231 694 make
2268 639 2473 705 bestias,
2516 639 2745 695 dzemoni
2786 638 3054 705 videlicet,
3077 639 3169 709 qui
3211 654 3307 709 per
3351 649 3659 708 serpentem

2075 731 2414 799 operabatur,
2470 731 2678 786 divinas
2727 732 3060 802 margaritas,
3095 740 3151 786 et
3179 746 3284 786 non
3327 732 3503 786 solum
3541 732 3661 785 illas

2072 822 2424 888 conculcavit,
2456 834 2508 878 et
2538 823 2693 877 dictis
2731 838 2790 878 se
2833 824 3100 893 opposuit,
3132 823 3227 878 sed
3258 830 3312 878 et
3345 837 3659 885 conversus,

2074 929 2179 969 non
2220 914 2389 984 ipsam
2430 915 2626 980 solum,
2653 914 2748 970 sed
2777 930 2898 970 cum
2929 916 3042 985 ipsa
3071 915 3443 985 primigenium
3491 915 3666 969 homi-

2074 1024 2194 1063 nem
2240 1024 2451 1079 quoque
2492 1010 2543 1065 in
2577 1010 2921 1080 praecipitium
2968 1010 3340 1065 inobedicntiaa
3385 1011 3685 1080 perduxit.’

2072 1100 2300 1155 Tantum
2350 1102 2547 1156 malum
2595 1112 2679 1158 est
2712 1103 2912 1173 absque
2940 1103 3150 1158 delectu
3177 1104 3347 1157 cuivis
3374 1112 3427 1156 et
3456 1104 3662 1172 promi-

2073 1209 2199 1249 scue
2238 1195 2416 1249 divina
2459 1196 2706 1267 mysteria
2728 1196 2994 1266 detegere.
3021 1196 3257 1251 Audiant
3285 1196 3374 1265 qui
3404 1198 3518 1251 sine
3541 1197 3664 1250 dis-

2070 1287 2295 1340 crimine
2347 1287 2658 1357 simpliciter
2690 1302 2811 1343 cum
2841 1288 3090 1341 omnibus
3129 1287 3523 1355 colloquuntur.
3550 1287 3661 1342 Ne-

2072 1394 2174 1447 que
2196 1380 2338 1433 enim
2381 1380 2452 1433 ibi
2497 1379 2744 1435 Christus
2783 1380 2851 1441 de
2892 1381 3127 1435 sensibili
3175 1397 3337 1450 porco
3384 1382 3658 1452 pra'cepit,

2072 1472 2166 1526 sed
2190 1473 2434 1526 homines
2481 1473 2712 1542 porcinis
2754 1474 2993 1527 moribus
3036 1474 3354 1540 subindicat,
3385 1476 3475 1545 qui
3520 1476 3661 1531 sicut

2072 1564 2227 1619 bruta
2257 1565 2340 1619 illa
2375 1565 2428 1618 in
2459 1566 2658 1633 peccati
2688 1565 2801 1621 luto
2838 1566 3197 1630 involvuntur,
3227 1566 3427 1620 docens
3453 1582 3568 1629 nos,
3601 1575 3661 1621 ut

2074 1671 2423 1725 personarum
2448 1657 2808 1711 diversitatem
2840 1657 3232 1726 dignoscamus,
3260 1667 3313 1712 et
3342 1658 3461 1711 vita:
3490 1658 3659 1711 ratio-

2073 1761 2170 1801 nes
2198 1746 2546 1815 inquiramus,
2571 1747 2784 1817 quando
2826 1747 3024 1817 aliquid
3069 1747 3369 1802 divinorum
3416 1748 3659 1817 cloquio~

2073 1854 2193 1893 rum
2223 1855 2495 1909 exponere
2525 1856 2659 1910 opus
2687 1840 2872 1906 fuerit,
2909 1857 2973 1895 ne
2993 1852 3045 1895 et
3078 1842 3196 1895 illos
3226 1850 3279 1895 ct
3308 1844 3659 1912 nosmetipsos

2074 1931 2349 1986 ltedamus.
2383 1932 2511 1985 Nam
2543 1934 2632 2002 qui
2661 1934 2791 1988 tales
2812 1943 2954 1998 sunt,
2989 1949 3092 1987 non
3130 1933 3299 1987 solum
3346 1934 3478 1987 nihil
3526 1936 3659 1990 lucri

2074 2039 2139 2077 ex
2165 2023 2323 2078 dietis
2361 2026 2593 2092 capiunt,
2628 2024 2721 2079 sed
2751 2034 2806 2079 et
2828 2040 2922 2078 eos
2942 2026 3031 2094 qui
3061 2025 3225 2079 bonas
3257 2026 3373 2078 illas
3402 2026 3659 2095 margari-

2073 2124 2154 2168 tas
2182 2114 2383 2185 absque
2411 2116 2779 2186 disquisitione
2819 2117 2921 2170 illis
2965 2127 3370 2187 proposuerant.
3403 2133 3579 2172 secum
3606 2119 3658 2172 in

2072 2219 2184 2261 sua:
2212 2206 2526 2276 perditionis
2556 2208 2873 2277 profundum
2904 2224 3047 2277 saepe
3096 2219 3482 2277 pertraxerunt.
3537 2209 3660 2265 ldco

2071 2314 2193 2354 cum
2235 2300 2507 2371 diligentia
2556 2302 2885 2356 observanda
2930 2314 3054 2357 sunt
3083 2303 3216 2365 have,
3250 2318 3316 2357 ne
3345 2303 3528 2357 eadem
3562 2318 3657 2372 pa-

2073 2393 2267 2447 tiamur
2285 2409 2405 2463 quae
2430 2394 2502 2448 illi
2526 2395 2617 2464 qui
2647 2394 2733 2450 hic
2757 2394 2966 2464 decepti
3010 2404 3153 2449 sunt.
3206 2394 3336 2449 Nam
3367 2404 3421 2450 ct
3448 2412 3588 2450 nunc
3614 2397 3657 2449 si

2074 2488 2330 2541 voluisset
2369 2488 2560 2542 mulier
2607 2503 2711 2542 non
2761 2504 3063 2558 proponere
3115 2490 3424 2557 margaritas
3474 2503 3655 2556 porco,

2074 2592 2248 2647 neque
2278 2578 2391 2648 ipsa
2416 2577 2468 2632 in
2512 2578 2861 2648 prmcipitium
2910 2570 3125 2646 ruisset,
3150 2594 3322 2649 neque
3366 2580 3537 2635 virum
3566 2595 3657 2633 se—

2041 2656 2194 2725 'cum
2227 2672 2491 2727 traxisset.

2144 2762 2197 2818 3.
2236 2763 2340 2817 Sed
2379 2764 2654 2820 audiamus
2683 2764 2810 2835 quid
2841 2765 2911 2819 illi
2943 2766 3281 2835 respondeat.
3330 2765 3460 2820 Nam
3490 2776 3546 2820 ut
3573 2767 3658 2821 di-

2072 2862 2244 2919 xerat,
2273 2853 2374 2910 Cur
2398 2855 2527 2909 dixit
2551 2854 2710 2923 Deus,
2739 2855 2816 2911 De
2835 2858 2971 2911 onmi
2991 2856 3129 2927 ligno
3159 2858 3386 2926 paradisi
3411 2875 3473 2911 ne
3495 2874 3661 2911 come-

2074 2947 2248 3000 datis?
2273 2947 2443 3017 inquit
2466 2948 2656 3002 mulier
2676 2948 2910 3017 serpenti
2945 2968 2956 3001 :
2985 2948 3039 3002 2.
3065 2949 3143 3003 De
3169 2950 3305 3002 omni
3332 2950 3469 3021 ligno
3509 2966 3661 3019 parn-

2072 3037 2173 3091 disi
2198 3038 2535 3104 comedimus;
2580 3040 2631 3094 5.
2666 3040 2730 3093 de
2756 3044 2924 3110 [ructu
2949 3051 3118 3094 autem
3153 3042 3296 3111 ligni,
3338 3041 3474 3112 quod
3501 3054 3572 3095 est
3606 3042 3662 3095 in

2074 3132 2236 3185 medio
2274 3132 2519 3203 paradisi,
2573 3132 2700 3186 dixit
2738 3131 2896 3197 Deus,
2941 3149 3002 3185 ne
3038 3132 3330 3197 comedetis,
3355 3149 3509 3202 neque
3535 3134 3662 3185 atti-

2073 3222 2243 3291 geritis
2270 3224 2457 3290 ipsum,
2484 3232 2535 3274 ut
2566 3239 2665 3275 non
2691 3222 2995 3275 moriamini.
3022 3222 3207 3279 Vidisti
3240 3223 3617 3292 malignitatem
3637 3224 3664 3276 ?

2077 3311 2219 3365 Dixit
2246 3312 2388 3381 quod
2418 3328 2520 3367 non
2551 3322 2685 3376 erat,
2717 3321 2775 3367 ut
2802 3314 2852 3366 in
2883 3313 3206 3382 colloquium
3235 3324 3565 3382 provocaret,
3607 3321 3663 3368 et

2074 3402 2307 3457 disceret
2344 3402 2394 3457 id
2433 3403 2575 3472 quod
2619 3412 2754 3457 erat.
2785 3403 2970 3458 Mulier
3004 3404 3146 3459 enim
3175 3412 3358 3475 postea
3388 3404 3662 3459 confidens

2075 3494 2223 3563 quasi
2252 3493 2510 3549 benevole
2538 3510 2661 3564 erga
2686 3509 2745 3549 se
2773 3494 2991 3550 affectus
3015 3505 3177 3558 esset,
3230 3504 3396 3550 totum
3434 3495 3662 3550 manda-

2078 3594 2188 3639 tum
2232 3583 2469 3651 detexit,
2526 3585 2910 3656 diligenterque
2957 3586 3227 3641 recensuit
3250 3586 3448 3651 omnia,
3493 3599 3547 3642 et
3576 3602 3664 3643 re-

2074 3689 2273 3744 Sponso
2306 3691 2404 3731 suo
2442 3691 2655 3731 omnem
2692 3677 3007 3747 sibimetipsi
3033 3677 3393 3734 defensionem
3420 3679 3660 3735 abstulit.

2075 3767 2213 3834 Quid
2244 3768 2386 3823 enim
2415 3776 2566 3837 potes
2587 3768 2789 3836 dicere,
2820 3785 2854 3825 ο
2880 3770 3108 3825 mulier?
3149 3769 3294 3825 Dixit
3336 3770 3473 3825 Deus
3505 3774 3544 3837 ²,
3578 3772 3664 3827 Ne

2075 3860 2350 3917 comedetis
2378 3860 2442 3914 de
2468 3861 2605 3915 omni
2625 3862 2761 3932 ligno
2786 3862 2919 3931 quod
2949 3872 3019 3914 est
3052 3862 3107 3915 in
3131 3862 3388 3932 paradiso.
3437 3862 3665 3933 Oporte-

2076 3950 2168 4005 bat
2212 3959 2262 4006 te
2300 3952 2534 4006 aversari
2582 3966 2726 4016 eum,
2755 3952 2846 4021 qui
2892 3952 3103 4008 diversa
3132 3968 3162 4006 a
3194 3953 3302 4007 Deo
3328 3954 3554 4018 dixerat,
3606 3963 3666 4009 et

2076 4043 2257 4099 dicere
2309 4060 2323 4097 :
2371 4046 2572 4114 Apage,
2617 4044 2879 4114 impostor
2902 4060 2962 4101 es
2993 4054 3068 4109 tu,
3112 4046 3287 4101 nescis
3314 4061 3484 4116 neque
3508 4062 3665 4101 man-

2076 4136 2186 4192 dati
2227 4137 2381 4195 nobis
2426 4137 2536 4192 dati
2586 4139 2912 4207 potentiam,
2972 4153 3145 4208 neque
3174 4139 3385 4209 quantis
3413 4139 3662 4207 fruimur,

2078 4243 2252 4299 neque
2278 4231 2484 4298 copiam
2511 4243 2698 4283 eorum
2742 4244 2861 4299 qua:
2891 4228 3044 4284 nobis
3082 4230 3504 4299 suppeditantur.
3527 4230 3665 4286 Nam

2079 4329 2136 4374 tu
2173 4320 2384 4391 quidem
2427 4321 2506 4375 ais
2535 4321 2700 4375 Deum
2729 4320 2945 4385 dixisse,
2997 4321 3200 4375 nullum
3241 4336 3340 4377 nos
3381 4322 3666 4392 degustare

2076 4411 2275 4469 debere
2308 4412 2550 4482 lignum;
2600 4412 2853 4467 Dominus
2892 4423 3067 4467 autem
3097 4423 3151 4466 et
3178 4412 3435 4467 Conditor
3462 4413 3532 4467 ob
3559 4413 3665 4466 im-

2078 4520 2317 4561 mensam
2344 4521 2494 4561 suam
2525 4504 2813 4560 bonitatem
2844 4504 2996 4559 nobis
3018 4505 3259 4575 permisit
3284 4505 3407 4571 frui,
3430 4514 3485 4561 et
3507 4517 3665 4575 pete-

2077 4607 2270 4654 statem
2317 4598 2517 4654 habere
2556 4598 2832 4663 omnium;
2872 4598 2940 4652 ab
2985 4613 3093 4651 uno
3148 4605 3349 4651 tantum
3392 4598 3666 4653 abstinere

2073 4692 2252 4761 jussit,
2306 4691 2467 4760 idque
2516 4690 2670 4744 nobis
2715 4690 3022 4755 consulens,
3070 4697 3129 4743 ut
3170 4704 3236 4743 ne
3274 4698 3486 4758 gustato
3539 4690 3661 4755 illo,

2077 4797 2251 4840 morte
2278 4783 2736 4839 occumberemus.
2777 4783 3088 4852 Oportebat,
3121 4783 3166 4836 si
3195 4782 3410 4852 quidem
3429 4783 3665 4853 prudens

2077 4876 2282 4942 fuisset,
2330 4876 2414 4932 his
2456 4876 2610 4931 dictis
2650 4876 2796 4930 illum
2837 4875 3055 4929 omnino
3096 4875 3367 4941 aversari,
3422 4875 3666 4945 nihilque

2080 4970 2217 5024 ultra
2258 4968 2332 5022 illi
2376 4968 2550 5037 loqui,
2593 4981 2766 5036 neque
2788 4966 2974 5021 audire
3016 4965 3320 5036 loquentem
3355 4984 3368 5019 :
3403 4966 3496 5020 sed
3534 4967 3662 5029 ista,

2081 5062 2319 5118 revelato
2361 5068 2660 5131 pra-cepto.
2710 5067 2767 5115 et
2817 5060 3047 5113 narratis
3102 5060 3195 5113 Dei
3239 5060 3454 5125 verbis,
3512 5058 3664 5113 aliud

2078 5154 2341 5209 letiferum
2386 5160 2440 5207 et
2490 5150 2847 5221 perniciosum
2886 5151 3165 5205 consilium
3211 5151 3280 5207 ab
3320 5150 3411 5205 illo
3448 5150 3662 5219 accipit.

2079 5247 2209 5302 Nam
2238 5254 2519 5317 postquam
2546 5245 2679 5299 dixit
2704 5245 2895 5298 mulier
2943 5261 2957 5298 :
3006 5242 3085 5297 De
3113 5245 3249 5296 omni
3275 5244 3414 5314 ligno
3439 5243 3666 5313 paradisi

2077 5340 2293 5406 edimus,
2333 5338 2397 5393 de
2437 5340 2607 5410 [ructu
2637 5346 2805 5391 autent
2848 5336 2974 5406 ligni
3014 5335 3150 5402 quod
3186 5344 3257 5390 est
3286 5336 3340 5388 in
3381 5335 3543 5387 medio
3570 5351 3667 5403 pa-

2080 5436 2257 5500 radisi,
2308 5434 2439 5491 dixit
2488 5432 2647 5499 Deus,
2695 5448 2756 5486 ne
2787 5432 3062 5486 comedetis
3101 5447 3163 5484 ea:
3196 5429 3307 5489 illo.
3350 5444 3507 5499 neque
3538 5429 3663 5479 atti-

2077 5530 2251 5602 geritis
2273 5530 2459 5599 ipsum,
2510 5545 2573 5581 ne
2600 5526 2884 5581 moriamini
2905 5542 2926 5593 ;
2963 5525 3152 5579 iterum
3194 5522 3455 5592 malignus
3474 5520 3667 5575 salutis

2144 5730 2160 5759 ι
2184 5729 2333 5778 Savil.
2356 5725 2821 5797 additlumargine,
2847 5739 2998 5790 quare
3027 5725 3091 5788 (τί
3116 5722 3229 5787 ὅτι),
3252 5722 3656 5778 sententiamque

2082 5790 2440 5856 interrogative
2464 5790 2742 5851 distinguit.
