  <div class='ocr_page' id='page_1' title='image "/cluster/home/n/w/nwhite01/storage/ocr_20150623/53/nnc1.0046978453/126.png"; bbox 0 0 4038 6394; ppageno 0'>
   <div class='ocr_carea' id='block_1_1' title="bbox 331 359 435 415">
    <p class='ocr_par' dir='ltr' id='par_1_1' title="bbox 331 359 435 415">
     <span class='ocr_line' id='line_1_1' title="bbox 331 359 435 415; baseline -0.019 0"><span class='ocrx_word' id='word_1_1' title='bbox 331 359 435 415; x_wconf 68' lang='grc'><strong>127</strong></span> 
     </span>
    </p>
   </div>
   <div class='ocr_carea' id='block_1_2' title="bbox 334 469 2005 543">
    <p class='ocr_par' dir='ltr' id='par_1_2' title="bbox 334 469 2005 543">
     <span class='ocr_line' id='line_1_2' title="bbox 334 469 2005 543; baseline -0.002 -15"><span class='ocrx_word' id='word_1_2' title='bbox 334 475 582 540; x_wconf 77' lang='grc' dir='ltr'><strong>ἐποίησε</strong></span> <span class='ocrx_word' id='word_1_3' title='bbox 627 473 846 541; x_wconf 84' lang='grc' dir='ltr'><strong>Κύριος</strong></span> <span class='ocrx_word' id='word_1_4' title='bbox 879 473 913 526; x_wconf 81' lang='grc' dir='ltr'><em>ὀ</em></span> <span class='ocrx_word' id='word_1_5' title='bbox 963 473 1140 538; x_wconf 84' lang='grc' dir='ltr'><strong>Θεός·</strong></span> <span class='ocrx_word' id='word_1_6' title='bbox 1173 469 1348 540; x_wconf 88' lang='grc' dir='ltr'><strong>τούτῳ</strong></span> <span class='ocrx_word' id='word_1_7' title='bbox 1401 470 1591 542; x_wconf 84' lang='grc' dir='ltr'><strong>ὥσπερ</strong></span> <span class='ocrx_word' id='word_1_8' title='bbox 1647 474 1862 543; x_wconf 80' lang='grc' dir='ltr'><strong>ὀργάνῳ</strong></span> <span class='ocrx_word' id='word_1_9' title='bbox 1899 473 2005 525; x_wconf 74' lang='grc' dir='ltr'><strong>τινὶ</strong></span> 
     </span>
    </p>
   </div>
   <div class='ocr_carea' id='block_1_3' title="bbox 328 558 2006 634">
    <p class='ocr_par' dir='ltr' id='par_1_3' title="bbox 328 558 2006 634">
     <span class='ocr_line' id='line_1_3' title="bbox 328 558 2006 634; baseline 0 -22"><span class='ocrx_word' id='word_1_10' title='bbox 328 561 614 634; x_wconf 80' lang='grc' dir='ltr'><strong>χρώμενος</strong></span> <span class='ocrx_word' id='word_1_11' title='bbox 643 574 693 624; x_wconf 75' lang='grc' dir='ltr'><strong>ιι,</strong></span> <span class='ocrx_word' id='word_1_12' title='bbox 731 560 801 612; x_wconf 82' lang='grc' dir='ltr'><strong>δι’</strong></span> <span class='ocrx_word' id='word_1_13' title='bbox 851 558 1014 612; x_wconf 88' lang='grc' dir='ltr'><strong>αὑτοῦ</strong></span> <span class='ocrx_word' id='word_1_14' title='bbox 1052 558 1115 611; x_wconf 82' lang='grc' dir='ltr'><strong>τὸ</strong></span> <span class='ocrx_word' id='word_1_15' title='bbox 1177 558 1451 613; x_wconf 77' lang='grc' dir='ltr'><strong>ἄπλαστον</strong></span> <span class='ocrx_word' id='word_1_16' title='bbox 1493 559 1589 612; x_wconf 74' lang='grc' dir='ltr'><strong>καὶ</strong></span> <span class='ocrx_word' id='word_1_17' title='bbox 1619 558 2006 630; x_wconf 88' lang='grc' dir='ltr'><strong>ἀσθενέστερον</strong></span> 
     </span>
    </p>
   </div>
   <div class='ocr_carea' id='block_1_4' title="bbox 332 646 2009 719">
    <p class='ocr_par' dir='ltr' id='par_1_4' title="bbox 332 646 2009 719">
     <span class='ocr_line' id='line_1_4' title="bbox 332 646 2009 719; baseline -0.001 -17"><span class='ocrx_word' id='word_1_18' title='bbox 332 649 549 710; x_wconf 87' lang='grc' dir='ltr'><strong>σκεῦος,</strong></span> <span class='ocrx_word' id='word_1_19' title='bbox 575 648 676 719; x_wconf 79' lang='grc' dir='ltr'><strong>τήν</strong></span> <span class='ocrx_word' id='word_1_20' title='bbox 705 651 939 717; x_wconf 84' lang='grc' dir='ltr'><strong>γυναῖκα</strong></span> <span class='ocrx_word' id='word_1_21' title='bbox 962 647 1127 715; x_wconf 89' lang='grc' dir='ltr'><strong>λέγω,</strong></span> <span class='ocrx_word' id='word_1_22' title='bbox 1157 646 1244 699; x_wconf 83' lang='grc' dir='ltr'><strong>διὰ</strong></span> <span class='ocrx_word' id='word_1_23' title='bbox 1268 647 1367 717; x_wconf 89' lang='grc' dir='ltr'><strong>τῆς</strong></span> <span class='ocrx_word' id='word_1_24' title='bbox 1397 647 1612 718; x_wconf 79' lang='grc' dir='ltr'><strong>ὁμιλίας</strong></span> <span class='ocrx_word' id='word_1_25' title='bbox 1653 649 1733 710; x_wconf 92' lang='grc' dir='ltr'><strong>εἰς</strong></span> <span class='ocrx_word' id='word_1_26' title='bbox 1757 647 1856 719; x_wconf 83' lang='grc' dir='ltr'><strong>τὴν</strong></span> <span class='ocrx_word' id='word_1_27' title='bbox 1882 649 2009 700; x_wconf 85' lang='grc' dir='ltr'><strong>ἐαυ-</strong></span> 
     </span>
    </p>
   </div>
   <div class='ocr_carea' id='block_1_5' title="bbox 331 731 2010 805">
    <p class='ocr_par' dir='ltr' id='par_1_5' title="bbox 331 731 2010 805">
     <span class='ocr_line' id='line_1_5' title="bbox 331 731 2010 805; baseline -0.001 -16"><span class='ocrx_word' id='word_1_28' title='bbox 331 738 426 790; x_wconf 88' lang='grc' dir='ltr'><strong>τοῦ</strong></span> <span class='ocrx_word' id='word_1_29' title='bbox 462 737 679 805; x_wconf 88' lang='grc' dir='ltr'><strong>ἀπάτην</strong></span> <span class='ocrx_word' id='word_1_30' title='bbox 719 735 1050 790; x_wconf 78' lang='grc' dir='ltr'><strong>ἐκκαλεῖται.</strong></span> <span class='ocrx_word' id='word_1_31' title='bbox 1091 735 1202 790; x_wconf 70' lang='grc' dir='ltr'><strong>Καὶ</strong></span> <span class='ocrx_word' id='word_1_32' title='bbox 1233 731 1387 798; x_wconf 72' lang='grc' dir='ltr'><strong>εἶπε,</strong></span> <span class='ocrx_word' id='word_1_33' title='bbox 1434 736 1620 805; x_wconf 76' lang='grc' dir='ltr'><strong>φησὶν,</strong></span> <span class='ocrx_word' id='word_1_34' title='bbox 1671 738 1705 789; x_wconf 86' lang='grc' dir='ltr'><em>ὀ</em></span> <span class='ocrx_word' id='word_1_35' title='bbox 1743 737 1879 804; x_wconf 71' lang='grc' dir='ltr'><strong>ὄφις</strong></span> <span class='ocrx_word' id='word_1_36' title='bbox 1934 734 2010 804; x_wconf 78' lang='grc' dir='ltr'><strong>τῇ</strong></span> 
     </span>
    </p>
   </div>
   <div class='ocr_carea' id='block_1_6' title="bbox 331 818 2010 894">
    <p class='ocr_par' dir='ltr' id='par_1_6' title="bbox 331 818 2010 894">
     <span class='ocr_line' id='line_1_6' title="bbox 331 818 2010 894; baseline 0 -18"><span class='ocrx_word' id='word_1_37' title='bbox 331 825 576 894; x_wconf 75' lang='grc' dir='ltr'><strong>γυναικί</strong></span> <span class='ocrx_word' id='word_1_38' title='bbox 583 865 596 876; x_wconf 93' lang='grc'><strong>.</strong></span> <span class='ocrx_word' id='word_1_39' title='bbox 630 823 883 893; x_wconf 78' lang='grc' dir='ltr'><strong>Λογίζου,</strong></span> <span class='ocrx_word' id='word_1_40' title='bbox 907 823 1180 892; x_wconf 45' lang='grc' dir='ltr'><strong>ἀγαπητὴ</strong></span> <span class='ocrx_word' id='word_1_41' title='bbox 1215 824 1281 875; x_wconf 90' lang='grc' dir='ltr'><strong>ἐκ</strong></span> <span class='ocrx_word' id='word_1_42' title='bbox 1299 823 1512 888; x_wconf 90' lang='grc' dir='ltr'><strong>τούτου,</strong></span> <span class='ocrx_word' id='word_1_43' title='bbox 1538 824 1656 886; x_wconf 83' lang='grc' dir='ltr'><strong>πῶς</strong></span> <span class='ocrx_word' id='word_1_44' title='bbox 1678 823 1830 876; x_wconf 81' lang='grc' dir='ltr'><strong>οὐδὲν</strong></span> <span class='ocrx_word' id='word_1_45' title='bbox 1856 818 1925 893; x_wconf 84' lang='grc' dir='ltr'><strong>ἦν</strong></span> <span class='ocrx_word' id='word_1_46' title='bbox 1951 824 2010 876; x_wconf 88' lang='grc' dir='ltr'><strong>ἐν</strong></span> 
     </span>
    </p>
   </div>
   <div class='ocr_carea' id='block_1_7' title="bbox 329 909 2010 982">
    <p class='ocr_par' dir='ltr' id='par_1_7' title="bbox 329 909 2010 982">
     <span class='ocr_line' id='line_1_7' title="bbox 329 909 2010 982; baseline -0.001 -19"><span class='ocrx_word' id='word_1_47' title='bbox 329 912 645 982; x_wconf 79' lang='grc' dir='ltr'><strong>προοιμίοις</strong></span> <span class='ocrx_word' id='word_1_48' title='bbox 675 910 905 980; x_wconf 78' lang='grc' dir='ltr'><strong>φοϐερὸν</strong></span> <span class='ocrx_word' id='word_1_49' title='bbox 941 909 1051 962; x_wconf 82' lang='grc' dir='ltr'><strong>τῶν</strong></span> <span class='ocrx_word' id='word_1_50' title='bbox 1079 910 1285 981; x_wconf 91' lang='grc' dir='ltr'><strong>θηρίων</strong></span> <span class='ocrx_word' id='word_1_51' title='bbox 1312 910 1420 963; x_wconf 83' lang='grc' dir='ltr'><strong>τῶν</strong></span> <span class='ocrx_word' id='word_1_52' title='bbox 1458 911 1859 980; x_wconf 82' lang='grc' dir='ltr'><strong>γεγενημένων,</strong></span> <span class='ocrx_word' id='word_1_53' title='bbox 1886 909 2010 962; x_wconf 81' lang='grc' dir='ltr'><strong>οὔτε</strong></span> 
     </span>
    </p>
   </div>
   <div class='ocr_carea' id='block_1_8' title="bbox 327 997 2009 1070">
    <p class='ocr_par' dir='ltr' id='par_1_8' title="bbox 327 997 2009 1070">
     <span class='ocr_line' id='line_1_8' title="bbox 327 997 2009 1070; baseline -0.002 -18"><span class='ocrx_word' id='word_1_54' title='bbox 327 1001 410 1070; x_wconf 80' lang='grc' dir='ltr'><strong>τῷ</strong></span> <span class='ocrx_word' id='word_1_55' title='bbox 435 1000 608 1068; x_wconf 80' lang='grc' dir='ltr'><strong>ἀνδρὶ,</strong></span> <span class='ocrx_word' id='word_1_56' title='bbox 645 997 768 1050; x_wconf 76' lang='grc' dir='ltr'><strong>οὔτε</strong></span> <span class='ocrx_word' id='word_1_57' title='bbox 816 1000 883 1068; x_wconf 88' lang='grc' dir='ltr'><strong>τῇ</strong></span> <span class='ocrx_word' id='word_1_58' title='bbox 912 998 1154 1062; x_wconf 76' lang='grc' dir='ltr'><strong>γυναικὶ,</strong></span> <span class='ocrx_word' id='word_1_59' title='bbox 1187 997 1325 1051; x_wconf 87' lang='grc' dir='ltr'><strong>ἀλλά</strong></span> <span class='ocrx_word' id='word_1_60' title='bbox 1352 999 1450 1068; x_wconf 85' lang='grc' dir='ltr'><strong>τὴν</strong></span> <span class='ocrx_word' id='word_1_61' title='bbox 1476 997 1754 1068; x_wconf 79' lang='grc' dir='ltr'><strong>ὑποταγὴν</strong></span> <span class='ocrx_word' id='word_1_62' title='bbox 1785 997 1878 1050; x_wconf 76' lang='grc' dir='ltr'><strong>καὶ</strong></span> <span class='ocrx_word' id='word_1_63' title='bbox 1911 997 2009 1067; x_wconf 81' lang='grc' dir='ltr'><strong>τὴν</strong></span> 
     </span>
    </p>
   </div>
   <div class='ocr_carea' id='block_1_9' title="bbox 326 1084 2007 1156">
    <p class='ocr_par' dir='ltr' id='par_1_9' title="bbox 326 1084 2007 1156">
     <span class='ocr_line' id='line_1_9' title="bbox 326 1084 2007 1156; baseline -0.002 -15"><span class='ocrx_word' id='word_1_64' title='bbox 326 1088 654 1141; x_wconf 78' lang='grc' dir='ltr'><strong>δεσποτείαν</strong></span> <span class='ocrx_word' id='word_1_65' title='bbox 688 1087 1077 1153; x_wconf 85' lang='grc' dir='ltr'><strong>ἐπεγίνωσκον,</strong></span> <span class='ocrx_word' id='word_1_66' title='bbox 1132 1086 1225 1138; x_wconf 79' lang='grc' dir='ltr'><strong>καὶ</strong></span> <span class='ocrx_word' id='word_1_67' title='bbox 1263 1085 1514 1156; x_wconf 88' lang='grc' dir='ltr'><strong>καθάπερ</strong></span> <span class='ocrx_word' id='word_1_68' title='bbox 1546 1084 1643 1139; x_wconf 90' lang='grc' dir='ltr'><strong>νῦν</strong></span> <span class='ocrx_word' id='word_1_69' title='bbox 1685 1084 1752 1139; x_wconf 82' lang='grc' dir='ltr'><strong>τὰ</strong></span> <span class='ocrx_word' id='word_1_70' title='bbox 1803 1086 2007 1156; x_wconf 75' lang='grc' dir='ltr'><strong>ἥμερα,</strong></span> 
     </span>
    </p>
   </div>
   <div class='ocr_carea' id='block_1_10' title="bbox 326 1171 2004 1244">
    <p class='ocr_par' dir='ltr' id='par_1_10' title="bbox 326 1171 2004 1244">
     <span class='ocr_line' id='line_1_10' title="bbox 326 1171 2004 1244; baseline -0.002 -15"><span class='ocrx_word' id='word_1_71' title='bbox 326 1177 475 1229; x_wconf 75' lang='grc' dir='ltr'><strong>οὕτω</strong></span> <span class='ocrx_word' id='word_1_72' title='bbox 492 1176 588 1229; x_wconf 70' lang='grc' dir='ltr'><strong>καὶ</strong></span> <span class='ocrx_word' id='word_1_73' title='bbox 603 1177 673 1228; x_wconf 83' lang='grc' dir='ltr'><strong>τά</strong></span> <span class='ocrx_word' id='word_1_74' title='bbox 689 1175 859 1244; x_wconf 84' lang='grc' dir='ltr'><strong>ἀγρια</strong></span> <span class='ocrx_word' id='word_1_75' title='bbox 881 1175 975 1228; x_wconf 77' lang='grc' dir='ltr'><strong>καὶ</strong></span> <span class='ocrx_word' id='word_1_76' title='bbox 993 1173 1256 1227; x_wconf 85' lang='grc' dir='ltr'><strong>ἀτίθασσα</strong></span> <span class='ocrx_word' id='word_1_77' title='bbox 1277 1176 1396 1226; x_wconf 89' lang='grc' dir='ltr'><strong>τότε</strong></span> <span class='ocrx_word' id='word_1_78' title='bbox 1417 1172 1672 1244; x_wconf 83' lang='grc' dir='ltr'><strong>χειροήθη</strong></span> <span class='ocrx_word' id='word_1_79' title='bbox 1690 1171 2004 1242; x_wconf 78' lang='grc' dir='ltr'><strong>ἐτύγχανεν.</strong></span> 
     </span>
    </p>
   </div>
   <div class='ocr_carea' id='block_1_11' title="bbox 403 1260 2009 1333">
    <p class='ocr_par' dir='ltr' id='par_1_11' title="bbox 403 1260 2009 1333">
     <span class='ocr_line' id='line_1_11' title="bbox 403 1260 2009 1333; baseline -0.002 -17"><span class='ocrx_word' id='word_1_80' title='bbox 403 1263 474 1333; x_wconf 82' lang='grc' dir='ltr'><strong>β’.</strong></span> <span class='ocrx_word' id='word_1_81' title='bbox 501 1263 640 1316; x_wconf 84' lang='grc' dir='ltr'><strong>Ἀλλ’</strong></span> <span class='ocrx_word' id='word_1_82' title='bbox 663 1265 792 1324; x_wconf 72' lang='grc' dir='ltr'><strong>ἴσως</strong></span> <span class='ocrx_word' id='word_1_83' title='bbox 807 1261 1045 1316; x_wconf 90' lang='grc' dir='ltr'><strong>ἐνταῦθα</strong></span> <span class='ocrx_word' id='word_1_84' title='bbox 1069 1262 1451 1331; x_wconf 78' lang='grc' dir='ltr'><strong>διαπορήσειεν</strong></span> <span class='ocrx_word' id='word_1_85' title='bbox 1471 1262 1535 1314; x_wconf 84' lang='grc' dir='ltr'><strong>ἄν</strong></span> <span class='ocrx_word' id='word_1_86' title='bbox 1561 1277 1668 1323; x_wconf 87' lang='grc' dir='ltr'><strong>τις,</strong></span> <span class='ocrx_word' id='word_1_87' title='bbox 1692 1261 1786 1313; x_wconf 77' lang='grc' dir='ltr'><strong>καὶ</strong></span> <span class='ocrx_word' id='word_1_88' title='bbox 1817 1260 2009 1330; x_wconf 74' lang='grc' dir='ltr'><strong>μαθεῖν</strong></span> 
     </span>
    </p>
   </div>
   <div class='ocr_carea' id='block_1_12' title="bbox 327 1345 2006 1422">
    <p class='ocr_par' dir='ltr' id='par_1_12' title="bbox 327 1345 2006 1422">
     <span class='ocr_line' id='line_1_12' title="bbox 327 1345 2006 1422; baseline -0.002 -19"><span class='ocrx_word' id='word_1_89' title='bbox 327 1351 644 1422; x_wconf 80' lang='grc' dir='ltr'><strong>ζητήσειεν,</strong></span> <span class='ocrx_word' id='word_1_90' title='bbox 667 1351 715 1403; x_wconf 90' lang='grc' dir='ltr'><strong>εἰ</strong></span> <span class='ocrx_word' id='word_1_91' title='bbox 747 1350 842 1403; x_wconf 80' lang='grc' dir='ltr'><strong>καὶ</strong></span> <span class='ocrx_word' id='word_1_92' title='bbox 871 1349 932 1402; x_wconf 87' lang='grc' dir='ltr'><strong>τὸ</strong></span> <span class='ocrx_word' id='word_1_93' title='bbox 967 1347 1156 1419; x_wconf 81' lang='grc' dir='ltr'><strong>θηρίον</strong></span> <span class='ocrx_word' id='word_1_94' title='bbox 1185 1347 1345 1416; x_wconf 82' lang='grc' dir='ltr'><strong>λόγου</strong></span> <span class='ocrx_word' id='word_1_95' title='bbox 1394 1350 1663 1418; x_wconf 77' lang='grc' dir='ltr'><strong>μετεῖχεν.</strong></span> <span class='ocrx_word' id='word_1_96' title='bbox 1704 1348 1780 1400; x_wconf 89' lang='grc' dir='ltr'><strong>Οὑ</strong></span> <span class='ocrx_word' id='word_1_97' title='bbox 1817 1345 2006 1400; x_wconf 87' lang='grc' dir='ltr'><strong>τοῦτο·</strong></span> 
     </span>
    </p>
   </div>
   <div class='ocr_carea' id='block_1_13' title="bbox 331 1433 2009 1509">
    <p class='ocr_par' dir='ltr' id='par_1_13' title="bbox 331 1433 2009 1509">
     <span class='ocr_line' id='line_1_13' title="bbox 331 1433 2009 1509; baseline -0.002 -19"><span class='ocrx_word' id='word_1_98' title='bbox 331 1438 412 1509; x_wconf 82' lang='grc' dir='ltr'><strong>μὴ</strong></span> <span class='ocrx_word' id='word_1_99' title='bbox 435 1439 646 1506; x_wconf 83' lang='grc' dir='ltr'><strong>γένοιτο</strong></span> <span class='ocrx_word' id='word_1_100' title='bbox 670 1455 684 1467; x_wconf 76' lang='grc'><strong><em>⁸</em></strong></span> <span class='ocrx_word' id='word_1_101' title='bbox 735 1436 852 1490; x_wconf 87' lang='grc' dir='ltr'><strong>ἀλλ’</strong></span> <span class='ocrx_word' id='word_1_102' title='bbox 877 1437 965 1491; x_wconf 76' lang='grc' dir='ltr'><strong>ἀεὶ</strong></span> <span class='ocrx_word' id='word_1_103' title='bbox 1005 1436 1430 1499; x_wconf 89' lang='grc' dir='ltr'><strong>ἀκολουθοῦντας</strong></span> <span class='ocrx_word' id='word_1_104' title='bbox 1465 1436 1494 1476; x_wconf 70' lang='grc' dir='ltr'><strong>δ</strong></span> <span class='ocrx_word' id='word_1_105' title='bbox 1527 1438 1592 1506; x_wconf 87' lang='grc' dir='ltr'><strong>τῇ</strong></span> <span class='ocrx_word' id='word_1_106' title='bbox 1629 1435 1817 1505; x_wconf 81' lang='grc' dir='ltr'><strong>Γραφῇ</strong></span> <span class='ocrx_word' id='word_1_107' title='bbox 1851 1433 2009 1486; x_wconf 82' lang='grc' dir='ltr'><strong>τοῦτο</strong></span> 
     </span>
    </p>
   </div>
   <div class='ocr_carea' id='block_1_14' title="bbox 327 1521 2007 1599">
    <p class='ocr_par' dir='ltr' id='par_1_14' title="bbox 327 1521 2007 1599">
     <span class='ocr_line' id='line_1_14' title="bbox 327 1521 2007 1599; baseline -0.004 -17"><span class='ocrx_word' id='word_1_108' title='bbox 327 1528 647 1598; x_wconf 75' lang='grc' dir='ltr'><strong>λογίζεσθαι</strong></span> <span class='ocrx_word' id='word_1_109' title='bbox 675 1527 801 1599; x_wconf 83' lang='grc' dir='ltr'><strong>χρὴ,</strong></span> <span class='ocrx_word' id='word_1_110' title='bbox 823 1529 905 1580; x_wconf 83' lang='grc' dir='ltr'><strong>ὅτι</strong></span> <span class='ocrx_word' id='word_1_111' title='bbox 939 1527 1006 1580; x_wconf 79' lang='grc' dir='ltr'><strong>τά</strong></span> <span class='ocrx_word' id='word_1_112' title='bbox 1032 1527 1130 1596; x_wconf 89' lang='grc' dir='ltr'><strong>μὲν</strong></span> <span class='ocrx_word' id='word_1_113' title='bbox 1161 1529 1382 1598; x_wconf 85' lang='grc' dir='ltr'><strong>ῥήματα</strong></span> <span class='ocrx_word' id='word_1_114' title='bbox 1411 1521 1480 1597; x_wconf 82' lang='grc' dir='ltr'><strong>ἦν</strong></span> <span class='ocrx_word' id='word_1_115' title='bbox 1518 1525 1612 1578; x_wconf 89' lang='grc' dir='ltr'><strong>τοῦ</strong></span> <span class='ocrx_word' id='word_1_116' title='bbox 1637 1524 1884 1578; x_wconf 86' lang='grc' dir='ltr'><strong>διαϐόλου</strong></span> <span class='ocrx_word' id='word_1_117' title='bbox 1911 1522 2007 1577; x_wconf 90' lang='grc' dir='ltr'><strong>τοῦ</strong></span> 
     </span>
    </p>
   </div>
   <div class='ocr_carea' id='block_1_15' title="bbox 327 1614 2008 1686">
    <p class='ocr_par' dir='ltr' id='par_1_15' title="bbox 327 1614 2008 1686">
     <span class='ocr_line' id='line_1_15' title="bbox 327 1614 2008 1686; baseline -0.004 -15"><span class='ocrx_word' id='word_1_118' title='bbox 327 1618 422 1672; x_wconf 70' lang='grc' dir='ltr'><strong>διὰ</strong></span> <span class='ocrx_word' id='word_1_119' title='bbox 457 1619 548 1670; x_wconf 84' lang='grc' dir='ltr'><strong>τὸν</strong></span> <span class='ocrx_word' id='word_1_120' title='bbox 572 1619 770 1670; x_wconf 80' lang='grc' dir='ltr'><strong>οἰκεῖον</strong></span> <span class='ocrx_word' id='word_1_121' title='bbox 793 1616 986 1685; x_wconf 82' lang='grc' dir='ltr'><strong>φθόνον</strong></span> <span class='ocrx_word' id='word_1_122' title='bbox 1020 1616 1156 1686; x_wconf 88' lang='grc' dir='ltr'><strong>πρὸς</strong></span> <span class='ocrx_word' id='word_1_123' title='bbox 1182 1615 1278 1686; x_wconf 86' lang='grc' dir='ltr'><strong>τὴν</strong></span> <span class='ocrx_word' id='word_1_124' title='bbox 1324 1616 1541 1686; x_wconf 78' lang='grc' dir='ltr'><strong>ἀπάτην</strong></span> <span class='ocrx_word' id='word_1_125' title='bbox 1569 1614 1772 1684; x_wconf 88' lang='grc' dir='ltr'><strong>ταύτην</strong></span> <span class='ocrx_word' id='word_1_126' title='bbox 1797 1615 2008 1686; x_wconf 88' lang='grc' dir='ltr'><strong>διεγερ-</strong></span> 
     </span>
    </p>
   </div>
   <div class='ocr_carea' id='block_1_16' title="bbox 330 1701 2008 1774">
    <p class='ocr_par' dir='ltr' id='par_1_16' title="bbox 330 1701 2008 1774">
     <span class='ocr_line' id='line_1_16' title="bbox 330 1701 2008 1774; baseline -0.004 -16"><span class='ocrx_word' id='word_1_127' title='bbox 330 1704 518 1764; x_wconf 86' lang='grc' dir='ltr'><strong>θέντος</strong></span> <span class='ocrx_word' id='word_1_128' title='bbox 544 1720 559 1736; x_wconf 76' lang='grc' dir='ltr'><strong>ο</strong></span> <span class='ocrx_word' id='word_1_129' title='bbox 588 1703 667 1773; x_wconf 79' lang='grc' dir='ltr'><strong>τῷ</strong></span> <span class='ocrx_word' id='word_1_130' title='bbox 711 1704 768 1754; x_wconf 81' lang='grc' dir='ltr'><strong>δὲ</strong></span> <span class='ocrx_word' id='word_1_131' title='bbox 797 1702 970 1774; x_wconf 87' lang='grc' dir='ltr'><strong>θηρίῳ</strong></span> <span class='ocrx_word' id='word_1_132' title='bbox 1008 1702 1180 1770; x_wconf 83' lang='grc' dir='ltr'><strong>τούτῳ</strong></span> <span class='ocrx_word' id='word_1_133' title='bbox 1235 1701 1422 1773; x_wconf 74' lang='grc' dir='ltr'><strong>ὥσπερ</strong></span> <span class='ocrx_word' id='word_1_134' title='bbox 1475 1703 1762 1773; x_wconf 77' lang='grc' dir='ltr'><strong>ἐπιτηδείῳ</strong></span> <span class='ocrx_word' id='word_1_135' title='bbox 1791 1703 2008 1772; x_wconf 82' lang='grc' dir='ltr'><strong>ὀργάνῳ</strong></span> 
     </span>
    </p>
   </div>
   <div class='ocr_carea' id='block_1_17' title="bbox 329 1789 2007 1862">
    <p class='ocr_par' dir='ltr' id='par_1_17' title="bbox 329 1789 2007 1862">
     <span class='ocr_line' id='line_1_17' title="bbox 329 1789 2007 1862; baseline -0.001 -20"><span class='ocrx_word' id='word_1_136' title='bbox 329 1792 627 1862; x_wconf 85' lang='grc' dir='ltr'><strong>ἐχρήσατο,</strong></span> <span class='ocrx_word' id='word_1_137' title='bbox 687 1790 776 1843; x_wconf 78' lang='grc' dir='ltr'><strong>ἵνα</strong></span> <span class='ocrx_word' id='word_1_138' title='bbox 819 1789 1018 1861; x_wconf 83' lang='grc' dir='ltr'><strong>δυνηθῇ</strong></span> <span class='ocrx_word' id='word_1_139' title='bbox 1071 1791 1131 1843; x_wconf 74' lang='grc' dir='ltr'><strong>τὸ</strong></span> <span class='ocrx_word' id='word_1_140' title='bbox 1158 1791 1348 1862; x_wconf 91' lang='grc' dir='ltr'><strong>δέλεαρ</strong></span> <span class='ocrx_word' id='word_1_141' title='bbox 1388 1791 1487 1861; x_wconf 88' lang='grc' dir='ltr'><strong>τῆς</strong></span> <span class='ocrx_word' id='word_1_142' title='bbox 1533 1792 1740 1854; x_wconf 88' lang='grc' dir='ltr'><strong>οἰκείας</strong></span> <span class='ocrx_word' id='word_1_143' title='bbox 1792 1789 2007 1858; x_wconf 85' lang='grc' dir='ltr'><strong>ἀπάτης</strong></span> 
     </span>
    </p>
   </div>
   <div class='ocr_carea' id='block_1_18' title="bbox 329 1877 2008 1951">
    <p class='ocr_par' dir='ltr' id='par_1_18' title="bbox 329 1877 2008 1951">
     <span class='ocr_line' id='line_1_18' title="bbox 329 1877 2008 1951; baseline -0.002 -19"><span class='ocrx_word' id='word_1_144' title='bbox 329 1881 514 1943; x_wconf 76' lang='grc' dir='ltr'><strong>ἐνιεὶς,</strong></span> <span class='ocrx_word' id='word_1_145' title='bbox 548 1879 904 1932; x_wconf 85' lang='grc' dir='ltr'><strong>ὑποσκελίσαι</strong></span> <span class='ocrx_word' id='word_1_146' title='bbox 942 1879 1206 1951; x_wconf 84' lang='grc' dir='ltr'><strong>πρότερον</strong></span> <span class='ocrx_word' id='word_1_147' title='bbox 1240 1879 1338 1945; x_wconf 78' lang='grc' dir='ltr'><strong>μὲν</strong></span> <span class='ocrx_word' id='word_1_148' title='bbox 1377 1880 1476 1949; x_wconf 84' lang='grc' dir='ltr'><strong>τὴν</strong></span> <span class='ocrx_word' id='word_1_149' title='bbox 1510 1881 1761 1947; x_wconf 89' lang='grc' dir='ltr'><strong>γυναῖκα,</strong></span> <span class='ocrx_word' id='word_1_150' title='bbox 1799 1877 1893 1930; x_wconf 81' lang='grc' dir='ltr'><strong>ἆτε</strong></span> <span class='ocrx_word' id='word_1_151' title='bbox 1920 1877 2008 1930; x_wconf 79' lang='grc' dir='ltr'><strong>ἀεὶ</strong></span> 
     </span>
    </p>
   </div>
   <div class='ocr_carea' id='block_1_19' title="bbox 329 1965 2007 2038">
    <p class='ocr_par' dir='ltr' id='par_1_19' title="bbox 329 1965 2007 2038">
     <span class='ocr_line' id='line_1_19' title="bbox 329 1965 2007 2038; baseline -0.001 -20"><span class='ocrx_word' id='word_1_152' title='bbox 329 1965 700 2038; x_wconf 81' lang='grc' dir='ltr'><strong>εὐκολώτερον</strong></span> <span class='ocrx_word' id='word_1_153' title='bbox 723 1967 1026 2036; x_wconf 84' lang='grc' dir='ltr'><strong>δυναμένην</strong></span> <span class='ocrx_word' id='word_1_154' title='bbox 1054 1966 1421 2036; x_wconf 85' lang='grc' dir='ltr'><strong>ἀπατηθῆναι,</strong></span> <span class='ocrx_word' id='word_1_155' title='bbox 1452 1966 1642 2018; x_wconf 76' lang='grc' dir='ltr'><strong>ἔπειτα</strong></span> <span class='ocrx_word' id='word_1_156' title='bbox 1665 1966 1721 2018; x_wconf 80' lang='grc' dir='ltr'><strong>δὲ</strong></span> <span class='ocrx_word' id='word_1_157' title='bbox 1750 1965 1816 2019; x_wconf 83' lang='grc' dir='ltr'><strong>δι’</strong></span> <span class='ocrx_word' id='word_1_158' title='bbox 1839 1965 2007 2034; x_wconf 85' lang='grc' dir='ltr'><strong>αὑτῆς</strong></span> 
     </span>
    </p>
   </div>
   <div class='ocr_carea' id='block_1_20' title="bbox 331 2046 2007 2120">
    <p class='ocr_par' dir='ltr' id='par_1_20' title="bbox 331 2046 2007 2120">
     <span class='ocr_line' id='line_1_20' title="bbox 331 2046 2007 2120; baseline -0.002 -18"><span class='ocrx_word' id='word_1_159' title='bbox 331 2051 434 2102; x_wconf 77' lang='grc' dir='ltr'><strong>καὶ</strong></span> <span class='ocrx_word' id='word_1_160' title='bbox 464 2049 554 2101; x_wconf 82' lang='grc' dir='ltr'><strong>τὸν</strong></span> <span class='ocrx_word' id='word_1_161' title='bbox 585 2049 1030 2120; x_wconf 83' lang='grc' dir='ltr'><strong>πρωτόπλαστον.</strong></span> <span class='ocrx_word' id='word_1_162' title='bbox 1061 2049 1150 2120; x_wconf 84' lang='grc' dir='ltr'><strong>Τῷ</strong></span> <span class='ocrx_word' id='word_1_163' title='bbox 1179 2046 1271 2103; x_wconf 86' lang='grc' dir='ltr'><strong>οὖν</strong></span> <span class='ocrx_word' id='word_1_164' title='bbox 1300 2049 1481 2120; x_wconf 82' lang='grc' dir='ltr'><strong>ἀλόγῳ</strong></span> <span class='ocrx_word' id='word_1_165' title='bbox 1509 2047 1682 2118; x_wconf 87' lang='grc' dir='ltr'><strong>τούτῳ</strong></span> <span class='ocrx_word' id='word_1_166' title='bbox 1735 2048 2007 2118; x_wconf 86' lang='grc' dir='ltr'><strong>χρησάμε-</strong></span> 
     </span>
    </p>
   </div>
   <div class='ocr_carea' id='block_1_21' title="bbox 331 2133 2005 2208">
    <p class='ocr_par' dir='ltr' id='par_1_21' title="bbox 331 2133 2005 2208">
     <span class='ocr_line' id='line_1_21' title="bbox 331 2133 2005 2208; baseline -0.004 -17"><span class='ocrx_word' id='word_1_167' title='bbox 331 2155 424 2202; x_wconf 85' lang='grc' dir='ltr'><strong>νος</strong></span> <span class='ocrx_word' id='word_1_168' title='bbox 470 2138 606 2208; x_wconf 67' lang='grc' dir='ltr'><strong>πρὸς</strong></span> <span class='ocrx_word' id='word_1_169' title='bbox 639 2139 741 2206; x_wconf 87' lang='grc' dir='ltr'><strong>τὴν</strong></span> <span class='ocrx_word' id='word_1_170' title='bbox 770 2139 866 2207; x_wconf 82' lang='grc' dir='ltr'><strong>τῆς</strong></span> <span class='ocrx_word' id='word_1_171' title='bbox 895 2137 1187 2208; x_wconf 86' lang='grc' dir='ltr'><strong>ἐπιϐουλῆς</strong></span> <span class='ocrx_word' id='word_1_172' title='bbox 1233 2137 1598 2205; x_wconf 85' lang='grc' dir='ltr'><strong>κατασκευὴν,</strong></span> <span class='ocrx_word' id='word_1_173' title='bbox 1651 2136 1717 2190; x_wconf 89' lang='grc' dir='ltr'><strong>δι’</strong></span> <span class='ocrx_word' id='word_1_174' title='bbox 1747 2133 1912 2188; x_wconf 86' lang='grc' dir='ltr'><strong>αὑτοῦ</strong></span> <span class='ocrx_word' id='word_1_175' title='bbox 1937 2137 2005 2205; x_wconf 84' lang='grc' dir='ltr'><strong>τῇ</strong></span> 
     </span>
    </p>
   </div>
   <div class='ocr_carea' id='block_1_22' title="bbox 331 2220 2005 2297">
    <p class='ocr_par' dir='ltr' id='par_1_22' title="bbox 331 2220 2005 2297">
     <span class='ocr_line' id='line_1_22' title="bbox 331 2220 2005 2297; baseline -0.002 -20"><span class='ocrx_word' id='word_1_176' title='bbox 331 2228 556 2294; x_wconf 77' lang='grc' dir='ltr'><strong>γυναικὶ</strong></span> <span class='ocrx_word' id='word_1_177' title='bbox 576 2225 902 2294; x_wconf 81' lang='grc' dir='ltr'><strong>διαλέγεται,</strong></span> <span class='ocrx_word' id='word_1_178' title='bbox 929 2226 1022 2278; x_wconf 90' lang='grc' dir='ltr'><strong>καί</strong></span> <span class='ocrx_word' id='word_1_179' title='bbox 1044 2242 1206 2297; x_wconf 67' lang='grc' dir='ltr'><strong>φησι*</strong></span> <span class='ocrx_word' id='word_1_180' title='bbox 1243 2227 1304 2280; x_wconf 88' lang='grc' dir='ltr'><strong>Τί</strong></span> <span class='ocrx_word' id='word_1_181' title='bbox 1335 2225 1423 2278; x_wconf 85' lang='grc' dir='ltr'><strong>ὅτι</strong></span> <span class='ocrx_word' id='word_1_182' title='bbox 1453 2220 1622 2278; x_wconf 78' lang='grc' dir='ltr'><strong>εἶπεν</strong></span> <span class='ocrx_word' id='word_1_183' title='bbox 1654 2225 1687 2276; x_wconf 85' lang='grc' dir='ltr'><strong>ὸ</strong></span> <span class='ocrx_word' id='word_1_184' title='bbox 1711 2222 1875 2288; x_wconf 84' lang='grc' dir='ltr'><strong>Θεὸς,</strong></span> <span class='ocrx_word' id='word_1_185' title='bbox 1921 2223 2005 2274; x_wconf 89' lang='grc' dir='ltr'><strong>οὺ</strong></span> 
     </span>
    </p>
   </div>
   <div class='ocr_carea' id='block_1_23' title="bbox 323 2311 2004 2383">
    <p class='ocr_par' dir='ltr' id='par_1_23' title="bbox 323 2311 2004 2383">
     <span class='ocr_line' id='line_1_23' title="bbox 323 2311 2004 2383; baseline 0 -18"><span class='ocrx_word' id='word_1_186' title='bbox 323 2313 417 2383; x_wconf 80' lang='grc' dir='ltr'><strong>μὴ</strong></span> <span class='ocrx_word' id='word_1_187' title='bbox 453 2313 684 2382; x_wconf 64' lang='grc' dir='ltr'><strong>φάγητε</strong></span> <span class='ocrx_word' id='word_1_188' title='bbox 726 2313 846 2367; x_wconf 84' lang='grc' dir='ltr'><strong>ἀπὸ</strong></span> <span class='ocrx_word' id='word_1_189' title='bbox 893 2315 1121 2379; x_wconf 84' lang='grc' dir='ltr'><strong>παντὸς</strong></span> <span class='ocrx_word' id='word_1_190' title='bbox 1169 2313 1360 2378; x_wconf 80' lang='grc' dir='ltr'><strong>ξύλου</strong></span> <span class='ocrx_word' id='word_1_191' title='bbox 1393 2313 1500 2366; x_wconf 85' lang='grc' dir='ltr'><strong>τοῦ</strong></span> <span class='ocrx_word' id='word_1_192' title='bbox 1544 2311 1914 2381; x_wconf 81' lang='grc' dir='ltr'><strong>παραδείσου</strong></span> <span class='ocrx_word' id='word_1_193' title='bbox 1944 2321 2004 2376; x_wconf 77' lang='lat' dir='ltr'><strong>c;</strong></span> 
     </span>
    </p>
   </div>
   <div class='ocr_carea' id='block_1_24' title="bbox 330 2400 2000 2472">
    <p class='ocr_par' dir='ltr' id='par_1_24' title="bbox 330 2400 2000 2472">
     <span class='ocr_line' id='line_1_24' title="bbox 330 2400 2000 2472; baseline -0.001 -18"><span class='ocrx_word' id='word_1_194' title='bbox 330 2403 593 2454; x_wconf 86' lang='grc' dir='ltr'><strong>Σκοπεῖτε</strong></span> <span class='ocrx_word' id='word_1_195' title='bbox 639 2400 874 2454; x_wconf 88' lang='grc' dir='ltr'><strong>ἐνταῦθα</strong></span> <span class='ocrx_word' id='word_1_196' title='bbox 922 2402 1260 2472; x_wconf 86' lang='grc' dir='ltr'><strong>κακουργίας</strong></span> <span class='ocrx_word' id='word_1_197' title='bbox 1289 2400 1598 2472; x_wconf 81' lang='grc' dir='ltr'><strong>ὑπερϐολὴν</strong></span> <span class='ocrx_word' id='word_1_198' title='bbox 1649 2400 2000 2470; x_wconf 87' lang='grc' dir='ltr'><strong>λεπτοτάτην.</strong></span> 
     </span>
    </p>
   </div>
   <div class='ocr_carea' id='block_1_25' title="bbox 329 2488 2006 2561">
    <p class='ocr_par' dir='ltr' id='par_1_25' title="bbox 329 2488 2006 2561">
     <span class='ocr_line' id='line_1_25' title="bbox 329 2488 2006 2561; baseline -0.001 -18"><span class='ocrx_word' id='word_1_199' title='bbox 329 2491 409 2544; x_wconf 79' lang='grc' dir='ltr'><strong>Τὸ</strong></span> <span class='ocrx_word' id='word_1_200' title='bbox 437 2492 512 2561; x_wconf 82' lang='grc' dir='ltr'><strong>μὴ</strong></span> <span class='ocrx_word' id='word_1_201' title='bbox 543 2489 709 2561; x_wconf 84' lang='grc' dir='ltr'><strong>ῥηθὲν</strong></span> <span class='ocrx_word' id='word_1_202' title='bbox 738 2489 844 2543; x_wconf 83' lang='grc' dir='ltr'><strong>ὑπὸ</strong></span> <span class='ocrx_word' id='word_1_203' title='bbox 865 2489 958 2542; x_wconf 85' lang='grc' dir='ltr'><strong>τοῦ</strong></span> <span class='ocrx_word' id='word_1_204' title='bbox 982 2488 1116 2542; x_wconf 83' lang='grc' dir='ltr'><strong>Θεοῦ</strong></span> <span class='ocrx_word' id='word_1_205' title='bbox 1142 2491 1200 2541; x_wconf 89' lang='grc' dir='ltr'><strong>ἐν</strong></span> <span class='ocrx_word' id='word_1_206' title='bbox 1224 2488 1376 2554; x_wconf 88' lang='grc' dir='ltr'><strong>τάξει</strong></span> <span class='ocrx_word' id='word_1_207' title='bbox 1409 2489 1721 2560; x_wconf 87' lang='grc' dir='ltr'><strong>συμϐουλῆς</strong></span> <span class='ocrx_word' id='word_1_208' title='bbox 1744 2490 1840 2542; x_wconf 63' lang='grc' dir='ltr'><strong>καί⁵</strong></span> <span class='ocrx_word' id='word_1_209' title='bbox 1865 2490 2006 2559; x_wconf 81' lang='grc' dir='ltr'><strong>ἐρω-</strong></span> 
     </span>
    </p>
   </div>
   <div class='ocr_carea' id='block_1_26' title="bbox 329 2575 2003 2649">
    <p class='ocr_par' dir='ltr' id='par_1_26' title="bbox 329 2575 2003 2649">
     <span class='ocr_line' id='line_1_26' title="bbox 329 2575 2003 2649; baseline -0.001 -18"><span class='ocrx_word' id='word_1_210' title='bbox 329 2580 542 2649; x_wconf 87' lang='grc' dir='ltr'><strong>τήσεως</strong></span> <span class='ocrx_word' id='word_1_211' title='bbox 567 2578 802 2646; x_wconf 84' lang='grc' dir='ltr'><strong>εἰσάγει,</strong></span> <span class='ocrx_word' id='word_1_212' title='bbox 836 2579 930 2632; x_wconf 80' lang='grc' dir='ltr'><strong>καὶ</strong></span> <span class='ocrx_word' id='word_1_213' title='bbox 954 2578 1154 2630; x_wconf 77' lang='grc' dir='ltr'><strong>ὡσανεὶ</strong></span> <span class='ocrx_word' id='word_1_214' title='bbox 1185 2575 1335 2648; x_wconf 71' lang='grc'><strong>[125]</strong></span> <span class='ocrx_word' id='word_1_215' title='bbox 1368 2577 1467 2647; x_wconf 84' lang='grc' dir='ltr'><strong>τὴν</strong></span> <span class='ocrx_word' id='word_1_216' title='bbox 1512 2577 1652 2648; x_wconf 86' lang='grc' dir='ltr'><strong>ὑπὲρ</strong></span> <span class='ocrx_word' id='word_1_217' title='bbox 1685 2576 1866 2630; x_wconf 86' lang='grc' dir='ltr'><strong>αὑτῶν</strong></span> <span class='ocrx_word' id='word_1_218' title='bbox 1898 2593 2003 2646; x_wconf 87' lang='grc' dir='ltr'><strong>κη·-</strong></span> 
     </span>
    </p>
   </div>
   <div class='ocr_carea' id='block_1_27' title="bbox 327 2663 2006 2736">
    <p class='ocr_par' dir='ltr' id='par_1_27' title="bbox 327 2663 2006 2736">
     <span class='ocr_line' id='line_1_27' title="bbox 327 2663 2006 2736; baseline -0.002 -17"><span class='ocrx_word' id='word_1_219' title='bbox 327 2666 585 2735; x_wconf 85' lang='grc' dir='ltr'><strong>δεμονίαν</strong></span> <span class='ocrx_word' id='word_1_220' title='bbox 605 2665 926 2736; x_wconf 86' lang='grc' dir='ltr'><strong>ποιούμενος</strong></span> <span class='ocrx_word' id='word_1_221' title='bbox 944 2683 956 2695; x_wconf 86' lang='grc'><strong>·</strong></span> <span class='ocrx_word' id='word_1_222' title='bbox 985 2665 1143 2718; x_wconf 85' lang='grc' dir='ltr'><strong>τοῦτο</strong></span> <span class='ocrx_word' id='word_1_223' title='bbox 1166 2665 1274 2736; x_wconf 88' lang='grc' dir='ltr'><strong>γάρ</strong></span> <span class='ocrx_word' id='word_1_224' title='bbox 1307 2667 1452 2718; x_wconf 83' lang='grc' dir='ltr'><strong>ἐστιν</strong></span> <span class='ocrx_word' id='word_1_225' title='bbox 1479 2665 1909 2735; x_wconf 85' lang='grc' dir='ltr'><strong>ἐνδεικνυμένου,</strong></span> <span class='ocrx_word' id='word_1_226' title='bbox 1942 2663 2006 2716; x_wconf 70' lang='grc' dir='ltr'><strong>’ὡ</strong></span> 
     </span>
    </p>
   </div>
   <div class='ocr_carea' id='block_1_28' title="bbox 329 2749 2004 2822">
    <p class='ocr_par' dir='ltr' id='par_1_28' title="bbox 329 2749 2004 2822">
     <span class='ocr_line' id='line_1_28' title="bbox 329 2749 2004 2822; baseline -0.001 -17"><span class='ocrx_word' id='word_1_227' title='bbox 329 2753 535 2822; x_wconf 87' lang='grc' dir='ltr'><strong>λέγειν,</strong></span> <span class='ocrx_word' id='word_1_228' title='bbox 563 2755 624 2808; x_wconf 86' lang='grc' dir='ltr'><strong>Τί</strong></span> <span class='ocrx_word' id='word_1_229' title='bbox 649 2753 739 2807; x_wconf 86' lang='grc' dir='ltr'><strong>ὅτι</strong></span> <span class='ocrx_word' id='word_1_230' title='bbox 771 2749 942 2807; x_wconf 80' lang='grc' dir='ltr'><strong>εἶπεν</strong></span> <span class='ocrx_word' id='word_1_231' title='bbox 970 2756 1003 2806; x_wconf 81' lang='lat' dir='ltr'>d</span> <span class='ocrx_word' id='word_1_232' title='bbox 1027 2751 1194 2817; x_wconf 85' lang='grc' dir='ltr'><strong>Θεὸς,</strong></span> <span class='ocrx_word' id='word_1_233' title='bbox 1228 2754 1311 2806; x_wconf 83' lang='grc' dir='ltr'><strong>Οὐ</strong></span> <span class='ocrx_word' id='word_1_234' title='bbox 1339 2751 1427 2821; x_wconf 79' lang='grc' dir='ltr'><strong>μὴ</strong></span> <span class='ocrx_word' id='word_1_235' title='bbox 1455 2751 1684 2822; x_wconf 72' lang='grc' dir='ltr'><strong>φάγητε</strong></span> <span class='ocrx_word' id='word_1_236' title='bbox 1710 2751 1828 2806; x_wconf 80' lang='grc' dir='ltr'><strong>ἀπὸ</strong></span> <span class='ocrx_word' id='word_1_237' title='bbox 1853 2764 2004 2804; x_wconf 84' lang='grc' dir='ltr'><strong>παν-</strong></span> 
     </span>
    </p>
   </div>
   <div class='ocr_carea' id='block_1_29' title="bbox 327 2839 2003 2910">
    <p class='ocr_par' dir='ltr' id='par_1_29' title="bbox 327 2839 2003 2910">
     <span class='ocr_line' id='line_1_29' title="bbox 327 2839 2003 2910; baseline -0.001 -16"><span class='ocrx_word' id='word_1_238' title='bbox 327 2841 436 2906; x_wconf 84' lang='grc' dir='ltr'><strong>τὸς</strong></span> <span class='ocrx_word' id='word_1_239' title='bbox 457 2841 651 2904; x_wconf 78' lang='grc' dir='ltr'><strong>ξύλου</strong></span> <span class='ocrx_word' id='word_1_240' title='bbox 677 2841 781 2895; x_wconf 87' lang='grc' dir='ltr'><strong>τοῦ</strong></span> <span class='ocrx_word' id='word_1_241' title='bbox 811 2840 1214 2909; x_wconf 70' lang='grc' dir='ltr'><strong>παραδείσους</strong></span> <span class='ocrx_word' id='word_1_242' title='bbox 1264 2840 1542 2910; x_wconf 80' lang='grc' dir='ltr'><strong>μονονουχὶ</strong></span> <span class='ocrx_word' id='word_1_243' title='bbox 1568 2839 1740 2908; x_wconf 88' lang='grc' dir='ltr'><strong>λέγων</strong></span> <span class='ocrx_word' id='word_1_244' title='bbox 1779 2841 1808 2891; x_wconf 99' lang='lat'><strong>6</strong></span> <span class='ocrx_word' id='word_1_245' title='bbox 1846 2857 2003 2908; x_wconf 91' lang='grc' dir='ltr'><strong>πονη-</strong></span> 
     </span>
    </p>
   </div>
   <div class='ocr_carea' id='block_1_30' title="bbox 331 2926 2002 3000">
    <p class='ocr_par' dir='ltr' id='par_1_30' title="bbox 331 2926 2002 3000">
     <span class='ocr_line' id='line_1_30' title="bbox 331 2926 2002 3000; baseline -0.002 -18"><span class='ocrx_word' id='word_1_246' title='bbox 331 2929 425 3000; x_wconf 83' lang='grc' dir='ltr'><strong>ρὸς</strong></span> <span class='ocrx_word' id='word_1_247' title='bbox 453 2926 607 2992; x_wconf 77' lang='grc' dir='ltr'><strong>οὗτος</strong></span> <span class='ocrx_word' id='word_1_248' title='bbox 640 2929 870 2998; x_wconf 89' lang='grc' dir='ltr'><strong>δαίμων,</strong></span> <span class='ocrx_word' id='word_1_249' title='bbox 902 2929 1060 2991; x_wconf 86' lang='grc' dir='ltr'><strong>Τίνος</strong></span> <span class='ocrx_word' id='word_1_250' title='bbox 1089 2929 1275 2981; x_wconf 72' lang='grc' dir='ltr'><strong>ἕνεκεν</strong></span> <span class='ocrx_word' id='word_1_251' title='bbox 1311 2927 1684 2998; x_wconf 85' lang='grc' dir='ltr'><strong>ἀπεστέρησεν</strong></span> <span class='ocrx_word' id='word_1_252' title='bbox 1739 2928 1880 2997; x_wconf 81' lang='grc' dir='ltr'><strong>ὑμᾶς</strong></span> <span class='ocrx_word' id='word_1_253' title='bbox 1903 2929 2002 2996; x_wconf 85' lang='grc' dir='ltr'><strong>τῆς</strong></span> 
     </span>
    </p>
   </div>
   <div class='ocr_carea' id='block_1_31' title="bbox 327 3015 2001 3088">
    <p class='ocr_par' dir='ltr' id='par_1_31' title="bbox 327 3015 2001 3088">
     <span class='ocr_line' id='line_1_31' title="bbox 327 3015 2001 3088; baseline -0.002 -17"><span class='ocrx_word' id='word_1_254' title='bbox 327 3017 599 3088; x_wconf 79' lang='grc' dir='ltr'><strong>τοσαύτης</strong></span> <span class='ocrx_word' id='word_1_255' title='bbox 621 3016 976 3079; x_wconf 82' lang='grc' dir='ltr'><strong>ἀπολαύσεως</strong></span> <span class='ocrx_word' id='word_1_256' title='bbox 1001 3033 1016 3081; x_wconf 87' lang='grc'>;</span> <span class='ocrx_word' id='word_1_257' title='bbox 1045 3016 1133 3070; x_wconf 80' lang='grc' dir='ltr'><strong>διὰ</strong></span> <span class='ocrx_word' id='word_1_258' title='bbox 1157 3015 1208 3068; x_wconf 88' lang='grc' dir='ltr'><strong>τί</strong></span> <span class='ocrx_word' id='word_1_259' title='bbox 1233 3015 1294 3067; x_wconf 90' lang='grc' dir='ltr'><strong>οὑ</strong></span> <span class='ocrx_word' id='word_1_260' title='bbox 1321 3018 1592 3086; x_wconf 87' lang='grc' dir='ltr'><strong>συγχωρεῖ</strong></span> <span class='ocrx_word' id='word_1_261' title='bbox 1619 3016 1866 3086; x_wconf 83' lang='grc' dir='ltr'><strong>μετέχειν</strong></span> <span class='ocrx_word' id='word_1_262' title='bbox 1891 3015 2001 3068; x_wconf 82' lang='grc' dir='ltr'><strong>τῶν</strong></span> 
     </span>
    </p>
   </div>
   <div class='ocr_carea' id='block_1_32' title="bbox 325 3103 1999 3176">
    <p class='ocr_par' dir='ltr' id='par_1_32' title="bbox 325 3103 1999 3176">
     <span class='ocr_line' id='line_1_32' title="bbox 325 3103 1999 3176; baseline -0.002 -17"><span class='ocrx_word' id='word_1_263' title='bbox 325 3107 389 3158; x_wconf 84' lang='grc' dir='ltr'><strong>ἐν</strong></span> <span class='ocrx_word' id='word_1_264' title='bbox 419 3107 497 3176; x_wconf 86' lang='grc' dir='ltr'><strong>τῷ</strong></span> <span class='ocrx_word' id='word_1_265' title='bbox 524 3105 840 3176; x_wconf 85' lang='grc' dir='ltr'><strong>παραδείσῳ</strong></span> <span class='ocrx_word' id='word_1_266' title='bbox 864 3103 1105 3172; x_wconf 83' lang='grc' dir='ltr'><strong>ἀγαθῶν,</strong></span> <span class='ocrx_word' id='word_1_267' title='bbox 1133 3103 1267 3157; x_wconf 74' lang='grc' dir='ltr'><strong>ἀλλὰ</strong></span> <span class='ocrx_word' id='word_1_268' title='bbox 1294 3104 1393 3174; x_wconf 85' lang='grc' dir='ltr'><strong>τῆς</strong></span> <span class='ocrx_word' id='word_1_269' title='bbox 1440 3105 1535 3174; x_wconf 80' lang='grc' dir='ltr'><strong>μὲν</strong></span> <span class='ocrx_word' id='word_1_270' title='bbox 1573 3103 1700 3167; x_wconf 87' lang='grc' dir='ltr'><strong>θέας</strong></span> <span class='ocrx_word' id='word_1_271' title='bbox 1728 3104 1826 3173; x_wconf 81' lang='grc' dir='ltr'><strong>τὴν</strong></span> <span class='ocrx_word' id='word_1_272' title='bbox 1862 3103 1999 3156; x_wconf 88' lang='grc' dir='ltr'><strong>ἀπό-</strong></span> 
     </span>
    </p>
   </div>
   <div class='ocr_carea' id='block_1_33' title="bbox 325 3181 2002 3264">
    <p class='ocr_par' dir='ltr' id='par_1_33' title="bbox 325 3181 2002 3264">
     <span class='ocr_line' id='line_1_33' title="bbox 325 3181 2002 3264; baseline -0.002 -17"><span class='ocrx_word' id='word_1_273' title='bbox 325 3195 515 3247; x_wconf 87' lang='grc' dir='ltr'><strong>λαυσιν</strong></span> <span class='ocrx_word' id='word_1_274' title='bbox 531 3195 862 3264; x_wconf 80' lang='grc' dir='ltr'><strong>ἐδωρήσατο,</strong></span> <span class='ocrx_word' id='word_1_275' title='bbox 891 3193 991 3245; x_wconf 84' lang='grc' dir='ltr'><strong>οὑκ</strong></span> <span class='ocrx_word' id='word_1_276' title='bbox 1011 3191 1275 3261; x_wconf 82' lang='grc' dir='ltr'><strong>ἀφίησιδὲ</strong></span> <span class='ocrx_word' id='word_1_277' title='bbox 1295 3181 1633 3262; x_wconf 82' lang='grc' dir='ltr'><strong>μεταλαϐεῖν,</strong></span> <span class='ocrx_word' id='word_1_278' title='bbox 1665 3190 1759 3243; x_wconf 84' lang='grc' dir='ltr'><strong>καὶ</strong></span> <span class='ocrx_word' id='word_1_279' title='bbox 1785 3191 2002 3244; x_wconf 83' lang='grc' dir='ltr'><strong>πλείονα</strong></span> 
     </span>
    </p>
   </div>
   <div class='ocr_carea' id='block_1_34' title="bbox 326 3276 1998 3354">
    <p class='ocr_par' dir='ltr' id='par_1_34' title="bbox 326 3276 1998 3354">
     <span class='ocr_line' id='line_1_34' title="bbox 326 3276 1998 3354; baseline -0.004 -18"><span class='ocrx_word' id='word_1_280' title='bbox 326 3281 726 3354; x_wconf 84' lang='grc' dir='ltr'><strong>καρπώσασθαι</strong></span> <span class='ocrx_word' id='word_1_281' title='bbox 753 3281 851 3353; x_wconf 83' lang='grc' dir='ltr'><strong>τὴν</strong></span> <span class='ocrx_word' id='word_1_282' title='bbox 880 3281 1110 3352; x_wconf 86' lang='grc' dir='ltr'><strong>ήδονήν;</strong></span> <span class='ocrx_word' id='word_1_283' title='bbox 1137 3279 1201 3333; x_wconf 84' lang='grc' dir='ltr'><strong>Τί</strong></span> <span class='ocrx_word' id='word_1_284' title='bbox 1226 3279 1316 3333; x_wconf 88' lang='grc' dir='ltr'><strong>ὅτι</strong></span> <span class='ocrx_word' id='word_1_285' title='bbox 1333 3276 1502 3334; x_wconf 77' lang='grc' dir='ltr'><strong>εἶπεν</strong></span> <span class='ocrx_word' id='word_1_286' title='bbox 1525 3283 1557 3332; x_wconf 87' lang='grc' dir='ltr'><strong>ό</strong></span> <span class='ocrx_word' id='word_1_287' title='bbox 1584 3281 1761 3346; x_wconf 84' lang='grc' dir='ltr'><strong>Θεός;</strong></span> <span class='ocrx_word' id='word_1_288' title='bbox 1794 3279 1894 3331; x_wconf 88' lang='grc' dir='ltr'><strong>Διά</strong></span> <span class='ocrx_word' id='word_1_289' title='bbox 1922 3277 1998 3340; x_wconf 89' lang='grc' dir='ltr'><strong>τί,</strong></span> 
     </span>
    </p>
   </div>
   <div class='ocr_carea' id='block_1_35' title="bbox 325 3366 2002 3441">
    <p class='ocr_par' dir='ltr' id='par_1_35' title="bbox 325 3366 2002 3441">
     <span class='ocr_line' id='line_1_35' title="bbox 325 3366 2002 3441; baseline -0.002 -18"><span class='ocrx_word' id='word_1_290' title='bbox 325 3370 483 3441; x_wconf 78' lang='grc' dir='ltr'><strong>φησὶ,</strong></span> <span class='ocrx_word' id='word_1_291' title='bbox 516 3369 708 3433; x_wconf 88' lang='grc' dir='ltr'><strong>τοῦτο;</strong></span> <span class='ocrx_word' id='word_1_292' title='bbox 737 3369 790 3421; x_wconf 89' lang='grc' dir='ltr'><strong>τί</strong></span> <span class='ocrx_word' id='word_1_293' title='bbox 811 3369 874 3421; x_wconf 80' lang='grc' dir='ltr'><strong>τὸ</strong></span> <span class='ocrx_word' id='word_1_294' title='bbox 897 3368 1088 3438; x_wconf 77' lang='grc' dir='ltr'><strong>ὄφελος</strong></span> <span class='ocrx_word' id='word_1_295' title='bbox 1112 3367 1207 3437; x_wconf 83' lang='grc' dir='ltr'><strong>τῆς</strong></span> <span class='ocrx_word' id='word_1_296' title='bbox 1238 3368 1297 3419; x_wconf 90' lang='grc' dir='ltr'><strong>ἐν</strong></span> <span class='ocrx_word' id='word_1_297' title='bbox 1336 3367 1414 3438; x_wconf 82' lang='grc' dir='ltr'><strong>τῷ</strong></span> <span class='ocrx_word' id='word_1_298' title='bbox 1443 3366 1754 3438; x_wconf 80' lang='grc' dir='ltr'><strong>παραδείσῳ</strong></span> <span class='ocrx_word' id='word_1_299' title='bbox 1801 3367 2002 3434; x_wconf 65' lang='grc' dir='ltr'><strong>διαγωο</strong></span> 
     </span>
    </p>
   </div>
   <div class='ocr_carea' id='block_1_36' title="bbox 325 3453 2000 3528">
    <p class='ocr_par' dir='ltr' id='par_1_36' title="bbox 325 3453 2000 3528">
     <span class='ocr_line' id='line_1_36' title="bbox 325 3453 2000 3528; baseline -0.004 -17"><span class='ocrx_word' id='word_1_300' title='bbox 325 3459 450 3528; x_wconf 88' lang='grc' dir='ltr'><strong>γῆς,</strong></span> <span class='ocrx_word' id='word_1_301' title='bbox 486 3458 616 3510; x_wconf 85' lang='grc' dir='ltr'><strong>ὅταν</strong></span> <span class='ocrx_word' id='word_1_302' title='bbox 643 3458 719 3527; x_wconf 84' lang='grc' dir='ltr'><strong>μὴ</strong></span> <span class='ocrx_word' id='word_1_303' title='bbox 746 3456 840 3527; x_wconf 83' lang='grc' dir='ltr'><strong>ἐξῇ</strong></span> <span class='ocrx_word' id='word_1_304' title='bbox 875 3457 983 3508; x_wconf 85' lang='grc' dir='ltr'><strong>τῶν</strong></span> <span class='ocrx_word' id='word_1_305' title='bbox 1012 3458 1070 3508; x_wconf 85' lang='grc' dir='ltr'><strong>ἐν</strong></span> <span class='ocrx_word' id='word_1_306' title='bbox 1119 3455 1268 3525; x_wconf 87' lang='grc' dir='ltr'><strong>αὑτῴ</strong></span> <span class='ocrx_word' id='word_1_307' title='bbox 1302 3455 1596 3508; x_wconf 83' lang='grc' dir='ltr'><strong>ἀπολαύειν</strong></span> <span class='ocrx_word' id='word_1_308' title='bbox 1620 3494 1635 3518; x_wconf 94' lang='grc'><strong>,</strong></span> <span class='ocrx_word' id='word_1_309' title='bbox 1669 3453 1804 3507; x_wconf 77' lang='grc' dir='ltr'><strong>ἀλλὰ</strong></span> <span class='ocrx_word' id='word_1_310' title='bbox 1827 3454 2000 3525; x_wconf 82' lang='grc' dir='ltr'><strong>ταύτῃ</strong></span> 
     </span>
    </p>
   </div>
   <div class='ocr_carea' id='block_1_37' title="bbox 327 3538 1996 3617">
    <p class='ocr_par' dir='ltr' id='par_1_37' title="bbox 327 3538 1996 3617">
     <span class='ocr_line' id='line_1_37' title="bbox 327 3538 1996 3617; baseline -0.002 -19"><span class='ocrx_word' id='word_1_311' title='bbox 327 3546 564 3617; x_wconf 82' lang='grc' dir='ltr'><strong>μάλιστα</strong></span> <span class='ocrx_word' id='word_1_312' title='bbox 590 3545 810 3598; x_wconf 86' lang='grc' dir='ltr'><strong>πλείονα</strong></span> <span class='ocrx_word' id='word_1_313' title='bbox 837 3545 936 3616; x_wconf 80' lang='grc' dir='ltr'><strong>τὴν</strong></span> <span class='ocrx_word' id='word_1_314' title='bbox 957 3543 1150 3614; x_wconf 79' lang='grc' dir='ltr'><strong>ὀδύνην</strong></span> <span class='ocrx_word' id='word_1_315' title='bbox 1179 3543 1344 3614; x_wconf 78' lang='grc' dir='ltr'><strong>ἔχειν,</strong></span> <span class='ocrx_word' id='word_1_316' title='bbox 1370 3544 1496 3595; x_wconf 84' lang='grc' dir='ltr'><strong>ὅταν</strong></span> <span class='ocrx_word' id='word_1_317' title='bbox 1522 3543 1617 3595; x_wconf 86' lang='grc' dir='ltr'><strong>θέα</strong></span> <span class='ocrx_word' id='word_1_318' title='bbox 1655 3542 1752 3612; x_wconf 82' lang='grc' dir='ltr'><strong>μὲν</strong></span> <span class='ocrx_word' id='word_1_319' title='bbox 1775 3538 1831 3615; x_wconf 83' lang='grc' dir='ltr'><strong>ᾗ,</strong></span> <span class='ocrx_word' id='word_1_320' title='bbox 1861 3543 1996 3594; x_wconf 79' lang='grc' dir='ltr'><strong>ἀπό-</strong></span> 
     </span>
    </p>
   </div>
   <div class='ocr_carea' id='block_1_38' title="bbox 324 3629 1997 3702">
    <p class='ocr_par' dir='ltr' id='par_1_38' title="bbox 324 3629 1997 3702">
     <span class='ocr_line' id='line_1_38' title="bbox 324 3629 1997 3702; baseline -0.001 -18"><span class='ocrx_word' id='word_1_321' title='bbox 324 3633 513 3692; x_wconf 84' lang='grc' dir='ltr'><strong>λαυσις</strong></span> <span class='ocrx_word' id='word_1_322' title='bbox 547 3634 606 3686; x_wconf 83' lang='grc' dir='ltr'><strong>δὲ</strong></span> <span class='ocrx_word' id='word_1_323' title='bbox 639 3635 672 3702; x_wconf 87' lang='grc' dir='ltr'><strong>ή</strong></span> <span class='ocrx_word' id='word_1_324' title='bbox 718 3631 827 3686; x_wconf 84' lang='grc' dir='ltr'><strong>ἀπὸ</strong></span> <span class='ocrx_word' id='word_1_325' title='bbox 865 3635 963 3702; x_wconf 84' lang='grc' dir='ltr'><strong>τῆς</strong></span> <span class='ocrx_word' id='word_1_326' title='bbox 1005 3631 1357 3702; x_wconf 75' lang='grc' dir='ltr'><strong>μεταλήψεως</strong></span> <span class='ocrx_word' id='word_1_327' title='bbox 1387 3631 1413 3670; x_wconf 78' lang='lat' dir='ltr'><strong>d</strong></span> <span class='ocrx_word' id='word_1_328' title='bbox 1446 3632 1520 3701; x_wconf 84' lang='grc' dir='ltr'><strong>μὴ</strong></span> <span class='ocrx_word' id='word_1_329' title='bbox 1557 3631 1802 3702; x_wconf 77' lang='grc' dir='ltr'><strong>γίνηταις</strong></span> <span class='ocrx_word' id='word_1_330' title='bbox 1846 3629 1997 3692; x_wconf 78' lang='grc' dir='ltr'><strong>Εἶδες</strong></span> 
     </span>
    </p>
   </div>
   <div class='ocr_carea' id='block_1_39' title="bbox 324 3718 1994 3792">
    <p class='ocr_par' dir='ltr' id='par_1_39' title="bbox 324 3718 1994 3792">
     <span class='ocr_line' id='line_1_39' title="bbox 324 3718 1994 3792; baseline -0.002 -18"><span class='ocrx_word' id='word_1_331' title='bbox 324 3721 462 3783; x_wconf 80' lang='grc' dir='ltr'><strong>πῶς,</strong></span> <span class='ocrx_word' id='word_1_332' title='bbox 493 3721 742 3792; x_wconf 87' lang='grc' dir='ltr'><strong>καθάπερ</strong></span> <span class='ocrx_word' id='word_1_333' title='bbox 763 3719 977 3789; x_wconf 86' lang='grc' dir='ltr'><strong>δέλεαρ,</strong></span> <span class='ocrx_word' id='word_1_334' title='bbox 1010 3718 1099 3771; x_wconf 79' lang='grc' dir='ltr'><strong>διὰ</strong></span> <span class='ocrx_word' id='word_1_335' title='bbox 1137 3719 1245 3772; x_wconf 83' lang='grc' dir='ltr'><strong>τῶν</strong></span> <span class='ocrx_word' id='word_1_336' title='bbox 1292 3719 1552 3790; x_wconf 88' lang='grc' dir='ltr'><strong>ῥημάτων</strong></span> <span class='ocrx_word' id='word_1_337' title='bbox 1589 3721 1792 3790; x_wconf 81' lang='grc' dir='ltr'><strong>ἐνίησιν</strong></span> <span class='ocrx_word' id='word_1_338' title='bbox 1831 3719 1994 3771; x_wconf 89' lang='grc' dir='ltr'><strong>αὑτοῦ</strong></span> 
     </span>
    </p>
   </div>
   <div class='ocr_carea' id='block_1_40' title="bbox 324 3808 1996 3880">
    <p class='ocr_par' dir='ltr' id='par_1_40' title="bbox 324 3808 1996 3880">
     <span class='ocr_line' id='line_1_40' title="bbox 324 3808 1996 3880; baseline -0.001 -18"><span class='ocrx_word' id='word_1_339' title='bbox 324 3811 415 3863; x_wconf 71' lang='grc' dir='ltr'><strong>τὸν</strong></span> <span class='ocrx_word' id='word_1_340' title='bbox 445 3812 554 3873; x_wconf 89' lang='grc' dir='ltr'><strong>ἰόν;</strong></span> <span class='ocrx_word' id='word_1_341' title='bbox 583 3811 712 3862; x_wconf 83' lang='grc' dir='ltr'><strong>Δέον</strong></span> <span class='ocrx_word' id='word_1_342' title='bbox 731 3809 830 3880; x_wconf 82' lang='grc' dir='ltr'><strong>τὴν</strong></span> <span class='ocrx_word' id='word_1_343' title='bbox 876 3811 1108 3877; x_wconf 86' lang='grc' dir='ltr'><strong>γυναῖκα</strong></span> <span class='ocrx_word' id='word_1_344' title='bbox 1139 3808 1198 3872; x_wconf 83' lang='grc' dir='ltr'><strong>ἐξ</strong></span> <span class='ocrx_word' id='word_1_345' title='bbox 1245 3809 1411 3878; x_wconf 91' lang='grc' dir='ltr'><strong>αὑτῆς</strong></span> <span class='ocrx_word' id='word_1_346' title='bbox 1462 3811 1560 3878; x_wconf 85' lang='grc' dir='ltr'><strong>τῆς</strong></span> <span class='ocrx_word' id='word_1_347' title='bbox 1603 3810 1996 3879; x_wconf 85' lang='grc' dir='ltr'><strong>ἐπιχειρήσεως</strong></span> 
     </span>
    </p>
   </div>
   <div class='ocr_carea' id='block_1_41' title="bbox 325 3895 1995 3967">
    <p class='ocr_par' dir='ltr' id='par_1_41' title="bbox 325 3895 1995 3967">
     <span class='ocr_line' id='line_1_41' title="bbox 325 3895 1995 3967; baseline -0.002 -17"><span class='ocrx_word' id='word_1_348' title='bbox 325 3899 656 3967; x_wconf 78' lang='grc' dir='ltr'><strong>κατανοῆσαι</strong></span> <span class='ocrx_word' id='word_1_349' title='bbox 691 3899 788 3966; x_wconf 87' lang='grc' dir='ltr'><strong>τῆς</strong></span> <span class='ocrx_word' id='word_1_350' title='bbox 825 3896 1020 3966; x_wconf 88' lang='grc' dir='ltr'><strong>μανίας</strong></span> <span class='ocrx_word' id='word_1_351' title='bbox 1051 3895 1150 3966; x_wconf 82' lang='grc' dir='ltr'><strong>τὴν</strong></span> <span class='ocrx_word' id='word_1_352' title='bbox 1204 3896 1530 3966; x_wconf 80' lang='grc' dir='ltr'><strong>ὑπερϐολὴν,</strong></span> <span class='ocrx_word' id='word_1_353' title='bbox 1567 3895 1660 3948; x_wconf 80' lang='grc' dir='ltr'><strong>καὶ</strong></span> <span class='ocrx_word' id='word_1_354' title='bbox 1690 3897 1771 3947; x_wconf 82' lang='grc' dir='ltr'><strong>ὅτι</strong></span> <span class='ocrx_word' id='word_1_355' title='bbox 1803 3899 1872 3948; x_wconf 80' lang='grc' dir='ltr'><strong>τά</strong></span> <span class='ocrx_word' id='word_1_356' title='bbox 1919 3895 1995 3966; x_wconf 85' lang='grc' dir='ltr'><strong>μὴ</strong></span> 
     </span>
    </p>
   </div>
   <div class='ocr_carea' id='block_1_42' title="bbox 324 3982 1994 4056">
    <p class='ocr_par' dir='ltr' id='par_1_42' title="bbox 324 3982 1994 4056">
     <span class='ocr_line' id='line_1_42' title="bbox 324 3982 1994 4056; baseline -0.003 -18"><span class='ocrx_word' id='word_1_357' title='bbox 324 3987 452 4040; x_wconf 77' lang='grc' dir='ltr'><strong>δντα</strong></span> <span class='ocrx_word' id='word_1_358' title='bbox 495 3986 748 4056; x_wconf 79' lang='grc' dir='ltr'><strong>ἐπίτηδες</strong></span> <span class='ocrx_word' id='word_1_359' title='bbox 771 3983 938 4052; x_wconf 81' lang='grc' dir='ltr'><strong>λέγει,</strong></span> <span class='ocrx_word' id='word_1_360' title='bbox 965 3985 1058 4037; x_wconf 76' lang='grc' dir='ltr'><strong>καὶ</strong></span> <span class='ocrx_word' id='word_1_361' title='bbox 1085 3986 1142 4036; x_wconf 89' lang='grc' dir='ltr'><strong>ἐν</strong></span> <span class='ocrx_word' id='word_1_362' title='bbox 1164 3984 1312 4048; x_wconf 83' lang='grc' dir='ltr'><strong>τάξει</strong></span> <span class='ocrx_word' id='word_1_363' title='bbox 1343 3983 1505 4054; x_wconf 83' lang='grc' dir='ltr'><strong>δῆθεν</strong></span> <span class='ocrx_word' id='word_1_364' title='bbox 1537 3983 1878 4054; x_wconf 78' lang='grc' dir='ltr'><strong>κηδεμονίας,</strong></span> <span class='ocrx_word' id='word_1_365' title='bbox 1908 3982 1994 4034; x_wconf 82' lang='grc' dir='ltr'><strong>ἵνα</strong></span> 
     </span>
    </p>
   </div>
   <div class='ocr_carea' id='block_1_43' title="bbox 326 4069 1994 4144">
    <p class='ocr_par' dir='ltr' id='par_1_43' title="bbox 326 4069 1994 4144">
     <span class='ocr_line' id='line_1_43' title="bbox 326 4069 1994 4144; baseline -0.004 -18"><span class='ocrx_word' id='word_1_366' title='bbox 326 4074 515 4144; x_wconf 83' lang='grc' dir='ltr'><strong>μαθεῖν</strong></span> <span class='ocrx_word' id='word_1_367' title='bbox 537 4072 742 4144; x_wconf 78' lang='grc' dir='ltr'><strong>δυνηθῇ</strong></span> <span class='ocrx_word' id='word_1_368' title='bbox 772 4072 840 4124; x_wconf 88' lang='grc' dir='ltr'><strong>τά</strong></span> <span class='ocrx_word' id='word_1_369' title='bbox 863 4071 1016 4142; x_wconf 72' lang='grc' dir='ltr'><strong>παρὰ</strong></span> <span class='ocrx_word' id='word_1_370' title='bbox 1044 4071 1136 4124; x_wconf 90' lang='grc' dir='ltr'><strong>τοῦ</strong></span> <span class='ocrx_word' id='word_1_371' title='bbox 1163 4071 1297 4124; x_wconf 83' lang='grc' dir='ltr'><strong>Θεοῦ</strong></span> <span class='ocrx_word' id='word_1_372' title='bbox 1321 4071 1501 4135; x_wconf 90' lang='grc' dir='ltr'><strong>αὑτοῖς</strong></span> <span class='ocrx_word' id='word_1_373' title='bbox 1536 4070 1877 4132; x_wconf 85' lang='grc' dir='ltr'><strong>ἐνταλθέντα,</strong></span> <span class='ocrx_word' id='word_1_374' title='bbox 1899 4069 1994 4121; x_wconf 74' lang='grc' dir='ltr'><strong>καὶ</strong></span> 
     </span>
    </p>
   </div>
   <div class='ocr_carea' id='block_1_44' title="bbox 323 4159 1995 4234">
    <p class='ocr_par' dir='ltr' id='par_1_44' title="bbox 323 4159 1995 4234">
     <span class='ocr_line' id='line_1_44' title="bbox 323 4159 1995 4234; baseline -0.004 -17"><span class='ocrx_word' id='word_1_375' title='bbox 323 4163 465 4217; x_wconf 76' lang='grc' dir='ltr'><strong>οὕτω</strong></span> <span class='ocrx_word' id='word_1_376' title='bbox 484 4164 618 4234; x_wconf 80' lang='grc' dir='ltr'><strong>πρὸς</strong></span> <span class='ocrx_word' id='word_1_377' title='bbox 639 4163 737 4233; x_wconf 80' lang='grc' dir='ltr'><strong>τὴν</strong></span> <span class='ocrx_word' id='word_1_378' title='bbox 766 4162 1077 4232; x_wconf 87' lang='grc' dir='ltr'><strong>παράϐασιν</strong></span> <span class='ocrx_word' id='word_1_379' title='bbox 1103 4161 1300 4224; x_wconf 78' lang='grc' dir='ltr'><strong>αὑτοὺς</strong></span> <span class='ocrx_word' id='word_1_380' title='bbox 1321 4160 1541 4231; x_wconf 84' lang='grc' dir='ltr'><strong>ἐλκύσῃ.</strong></span> <span class='ocrx_word' id='word_1_381' title='bbox 1577 4159 1856 4228; x_wconf 85' lang='grc' dir='ltr'><strong>Δυναμένη</strong></span> <span class='ocrx_word' id='word_1_382' title='bbox 1885 4159 1995 4211; x_wconf 82' lang='grc' dir='ltr'><strong>τοί-</strong></span> 
     </span>
    </p>
   </div>
   <div class='ocr_carea' id='block_1_45' title="bbox 322 4249 1991 4321">
    <p class='ocr_par' dir='ltr' id='par_1_45' title="bbox 322 4249 1991 4321">
     <span class='ocr_line' id='line_1_45' title="bbox 322 4249 1991 4321; baseline -0.004 -16"><span class='ocrx_word' id='word_1_383' title='bbox 322 4270 416 4306; x_wconf 87' lang='grc' dir='ltr'><strong>νυν</strong></span> <span class='ocrx_word' id='word_1_384' title='bbox 446 4253 652 4315; x_wconf 80' lang='grc' dir='ltr'><strong>εὐθέως</strong></span> <span class='ocrx_word' id='word_1_385' title='bbox 682 4251 913 4305; x_wconf 82' lang='grc' dir='ltr'><strong>συνιδεῖν</strong></span> <span class='ocrx_word' id='word_1_386' title='bbox 939 4251 1104 4304; x_wconf 89' lang='grc' dir='ltr'><strong>αὑτοῦ</strong></span> <span class='ocrx_word' id='word_1_387' title='bbox 1129 4249 1227 4321; x_wconf 80' lang='grc' dir='ltr'><strong>τὴν</strong></span> <span class='ocrx_word' id='word_1_388' title='bbox 1253 4249 1488 4318; x_wconf 85' lang='grc' dir='ltr'><strong>ἀπάτην,</strong></span> <span class='ocrx_word' id='word_1_389' title='bbox 1514 4249 1608 4300; x_wconf 72' lang='grc' dir='ltr'><strong>καὶ</strong></span> <span class='ocrx_word' id='word_1_390' title='bbox 1635 4249 1991 4318; x_wconf 79' lang='grc' dir='ltr'><strong>ἀποστραφῆ-</strong></span> 
     </span>
    </p>
   </div>
   <div class='ocr_carea' id='block_1_46' title="bbox 322 4333 1988 4408">
    <p class='ocr_par' dir='ltr' id='par_1_46' title="bbox 322 4333 1988 4408">
     <span class='ocr_line' id='line_1_46' title="bbox 322 4333 1988 4408; baseline -0.002 -18"><span class='ocrx_word' id='word_1_391' title='bbox 322 4356 410 4390; x_wconf 85' lang='grc' dir='ltr'><strong>ναι</strong></span> <span class='ocrx_word' id='word_1_392' title='bbox 429 4338 614 4391; x_wconf 72' lang='grc' dir='ltr'><strong>λοιπὸν</strong></span> <span class='ocrx_word' id='word_1_393' title='bbox 645 4337 743 4408; x_wconf 82' lang='grc' dir='ltr'><strong>τὴν</strong></span> <span class='ocrx_word' id='word_1_394' title='bbox 778 4337 914 4408; x_wconf 84' lang='grc' dir='ltr'><strong>πρὸς</strong></span> <span class='ocrx_word' id='word_1_395' title='bbox 936 4336 1097 4390; x_wconf 85' lang='grc' dir='ltr'><strong>αὑτὸν</strong></span> <span class='ocrx_word' id='word_1_396' title='bbox 1133 4333 1364 4400; x_wconf 84' lang='grc' dir='ltr'><strong>διάλεξιν</strong></span> <span class='ocrx_word' id='word_1_397' title='bbox 1391 4335 1465 4394; x_wconf 82' lang='grc' dir='ltr'><strong>ὡς</strong></span> <span class='ocrx_word' id='word_1_398' title='bbox 1492 4333 1720 4404; x_wconf 88' lang='grc' dir='ltr'><strong>περιττά</strong></span> <span class='ocrx_word' id='word_1_399' title='bbox 1740 4333 1988 4401; x_wconf 87' lang='grc' dir='ltr'><strong>λέγοντα,</strong></span> 
     </span>
    </p>
   </div>
   <div class='ocr_carea' id='block_1_47' title="bbox 324 4423 1986 4497">
    <p class='ocr_par' dir='ltr' id='par_1_47' title="bbox 324 4423 1986 4497">
     <span class='ocr_line' id='line_1_47' title="bbox 324 4423 1986 4497; baseline -0.004 -19"><span class='ocrx_word' id='word_1_400' title='bbox 324 4427 418 4478; x_wconf 74' lang='grc' dir='ltr'><strong>καὶ</strong></span> <span class='ocrx_word' id='word_1_401' title='bbox 447 4427 522 4497; x_wconf 78' lang='grc' dir='ltr'><strong>μὴ</strong></span> <span class='ocrx_word' id='word_1_402' title='bbox 562 4425 766 4496; x_wconf 79' lang='grc' dir='ltr'><strong>ἑαυτὴν</strong></span> <span class='ocrx_word' id='word_1_403' title='bbox 798 4428 878 4487; x_wconf 90' lang='grc' dir='ltr'><strong>εἰς</strong></span> <span class='ocrx_word' id='word_1_404' title='bbox 921 4424 1190 4495; x_wconf 84' lang='grc' dir='ltr'><strong>τοσαύτην</strong></span> <span class='ocrx_word' id='word_1_405' title='bbox 1221 4423 1583 4493; x_wconf 89' lang='grc' dir='ltr'><strong>ταπεινότητα</strong></span> <span class='ocrx_word' id='word_1_406' title='bbox 1616 4423 1949 4489; x_wconf 84' lang='grc' dir='ltr'><strong>καταγαγεῖν</strong></span> <span class='ocrx_word' id='word_1_407' title='bbox 1970 4462 1986 4488; x_wconf 90' lang='grc'><strong>,</strong></span> 
     </span>
    </p>
   </div>
   <div class='ocr_carea' id='block_1_48' title="bbox 320 4509 1990 4584">
    <p class='ocr_par' dir='ltr' id='par_1_48' title="bbox 320 4509 1990 4584">
     <span class='ocr_line' id='line_1_48' title="bbox 320 4509 1990 4584; baseline -0.002 -18"><span class='ocrx_word' id='word_1_408' title='bbox 320 4515 422 4566; x_wconf 86' lang='grc' dir='ltr'><strong>οὑκ</strong></span> <span class='ocrx_word' id='word_1_409' title='bbox 451 4514 739 4584; x_wconf 74' lang='grc' dir='ltr'><strong>ἠθέλησεν.</strong></span> <span class='ocrx_word' id='word_1_410' title='bbox 769 4513 915 4566; x_wconf 85' lang='grc' dir='ltr'><strong>Ἔδει</strong></span> <span class='ocrx_word' id='word_1_411' title='bbox 939 4511 1036 4583; x_wconf 82' lang='grc' dir='ltr'><strong>μὲν</strong></span> <span class='ocrx_word' id='word_1_412' title='bbox 1063 4511 1172 4582; x_wconf 84' lang='grc' dir='ltr'><strong>γάρ</strong></span> <span class='ocrx_word' id='word_1_413' title='bbox 1206 4510 1342 4581; x_wconf 85' lang='grc' dir='ltr'><strong>μηδὲ</strong></span> <span class='ocrx_word' id='word_1_414' title='bbox 1369 4510 1430 4574; x_wconf 86' lang='grc' dir='ltr'><strong>ἐξ</strong></span> <span class='ocrx_word' id='word_1_415' title='bbox 1455 4510 1628 4582; x_wconf 84' lang='grc' dir='ltr'><strong>ἀρχῆς</strong></span> <span class='ocrx_word' id='word_1_416' title='bbox 1657 4509 1990 4580; x_wconf 86' lang='grc' dir='ltr'><strong>ἀνασχέσθαι</strong></span> 
     </span>
    </p>
   </div>
   <div class='ocr_carea' id='block_1_49' title="bbox 319 4597 1985 4675">
    <p class='ocr_par' dir='ltr' id='par_1_49' title="bbox 319 4597 1985 4675">
     <span class='ocr_line' id='line_1_49' title="bbox 319 4597 1985 4675; baseline -0.004 -17"><span class='ocrx_word' id='word_1_417' title='bbox 319 4606 420 4675; x_wconf 87' lang='grc' dir='ltr'><strong>τῆς</strong></span> <span class='ocrx_word' id='word_1_418' title='bbox 443 4604 581 4675; x_wconf 72' lang='grc' dir='ltr'><strong>πρὸς</strong></span> <span class='ocrx_word' id='word_1_419' title='bbox 597 4604 756 4657; x_wconf 75' lang='grc' dir='ltr'><strong>αὑτὸν</strong></span> <span class='ocrx_word' id='word_1_420' title='bbox 773 4602 1079 4666; x_wconf 83' lang='grc' dir='ltr'><strong>διαλέξεως,</strong></span> <span class='ocrx_word' id='word_1_421' title='bbox 1096 4600 1210 4654; x_wconf 83' lang='grc' dir='ltr'><strong>ἀλλ’</strong></span> <span class='ocrx_word' id='word_1_422' title='bbox 1228 4600 1422 4672; x_wconf 88' lang='grc' dir='ltr'><strong>ἐκείνῳ</strong></span> <span class='ocrx_word' id='word_1_423' title='bbox 1451 4600 1598 4670; x_wconf 86' lang='grc' dir='ltr'><strong>μόνῳ</strong></span> <span class='ocrx_word' id='word_1_424' title='bbox 1621 4597 1985 4666; x_wconf 83' lang='grc' dir='ltr'><strong>διαλέγεσθαι,</strong></span> 
     </span>
    </p>
   </div>
   <div class='ocr_carea' id='block_1_50' title="bbox 319 4684 1986 4762">
    <p class='ocr_par' dir='ltr' id='par_1_50' title="bbox 319 4684 1986 4762">
     <span class='ocr_line' id='line_1_50' title="bbox 319 4684 1986 4762; baseline -0.004 -16"><span class='ocrx_word' id='word_1_425' title='bbox 319 4695 386 4747; x_wconf 84' lang='grc' dir='ltr'><strong>δι’</strong></span> <span class='ocrx_word' id='word_1_426' title='bbox 415 4693 475 4746; x_wconf 83' lang='grc' dir='ltr'><strong>ὃν</strong></span> <span class='ocrx_word' id='word_1_427' title='bbox 506 4691 762 4762; x_wconf 81' lang='grc' dir='ltr'><strong>παρήχθη</strong></span> <span class='ocrx_word' id='word_1_428' title='bbox 783 4731 797 4753; x_wconf 94' lang='grc'><strong>,</strong></span> <span class='ocrx_word' id='word_1_429' title='bbox 833 4691 928 4744; x_wconf 73' lang='grc' dir='ltr'><strong>καὶ</strong></span> <span class='ocrx_word' id='word_1_430' title='bbox 957 4688 1210 4752; x_wconf 85' lang='grc' dir='ltr'><strong>κοινωνὸς</strong></span> <span class='ocrx_word' id='word_1_431' title='bbox 1254 4686 1396 4742; x_wconf 83' lang='grc' dir='ltr'><strong>κατὰ</strong></span> <span class='ocrx_word' id='word_1_432' title='bbox 1433 4687 1532 4757; x_wconf 88' lang='grc' dir='ltr'><strong>τὴν</strong></span> <span class='ocrx_word' id='word_1_433' title='bbox 1574 4684 1730 4751; x_wconf 80' lang='grc' dir='ltr'><strong>ἀξίαν</strong></span> <span class='ocrx_word' id='word_1_434' title='bbox 1769 4685 1986 4754; x_wconf 88' lang='grc' dir='ltr'><strong>γέγονε,</strong></span> 
     </span>
    </p>
   </div>
   <div class='ocr_carea' id='block_1_51' title="bbox 319 4770 1985 4850">
    <p class='ocr_par' dir='ltr' id='par_1_51' title="bbox 319 4770 1985 4850">
     <span class='ocr_line' id='line_1_51' title="bbox 319 4770 1985 4850; baseline -0.005 -15"><span class='ocrx_word' id='word_1_435' title='bbox 319 4784 418 4835; x_wconf 73' lang='grc' dir='ltr'><strong>καὶ</strong></span> <span class='ocrx_word' id='word_1_436' title='bbox 463 4782 546 4843; x_wconf 85' lang='grc' dir='ltr'><strong>εἰς</strong></span> <span class='ocrx_word' id='word_1_437' title='bbox 589 4779 837 4850; x_wconf 82' lang='grc' dir='ltr'><strong>βοήθειαν</strong></span> <span class='ocrx_word' id='word_1_438' title='bbox 889 4776 1312 4848; x_wconf 85' lang='grc' dir='ltr'><strong>ἐδημιουργήθη.</strong></span> <span class='ocrx_word' id='word_1_439' title='bbox 1378 4773 1594 4845; x_wconf 84' lang='grc' dir='ltr'><strong>Ἐπειδὴ</strong></span> <span class='ocrx_word' id='word_1_440' title='bbox 1639 4774 1697 4828; x_wconf 85' lang='grc' dir='ltr'><strong>δὲ</strong></span> <span class='ocrx_word' id='word_1_441' title='bbox 1744 4775 1845 4827; x_wconf 88' lang='grc' dir='ltr'><strong>οὑκ</strong></span> <span class='ocrx_word' id='word_1_442' title='bbox 1889 4770 1985 4827; x_wconf 76' lang='grc' dir='ltr'><strong>οἷδ’</strong></span> 
     </span>
    </p>
   </div>
   <div class='ocr_carea' id='block_1_52' title="bbox 316 4861 1988 4937">
    <p class='ocr_par' dir='ltr' id='par_1_52' title="bbox 316 4861 1988 4937">
     <span class='ocr_line' id='line_1_52' title="bbox 316 4861 1988 4937; baseline -0.005 -15"><span class='ocrx_word' id='word_1_443' title='bbox 316 4869 463 4931; x_wconf 83' lang='grc' dir='ltr'><strong>ὅπως</strong></span> <span class='ocrx_word' id='word_1_444' title='bbox 512 4868 896 4937; x_wconf 84' lang='grc' dir='ltr'><strong>παρασυρεῖσα</strong></span> <span class='ocrx_word' id='word_1_445' title='bbox 924 4865 1183 4935; x_wconf 76' lang='grc' dir='ltr'><strong>⁴ήνέσχετο</strong></span> <span class='ocrx_word' id='word_1_446' title='bbox 1216 4863 1318 4932; x_wconf 88' lang='grc' dir='ltr'><strong>τῆς</strong></span> <span class='ocrx_word' id='word_1_447' title='bbox 1363 4861 1578 4932; x_wconf 81' lang='grc' dir='ltr'><strong>ὁμιλίας</strong></span> <span class='ocrx_word' id='word_1_448' title='bbox 1607 4863 1706 4932; x_wconf 84' lang='grc' dir='ltr'><strong>τῆς</strong></span> <span class='ocrx_word' id='word_1_449' title='bbox 1735 4863 1870 4931; x_wconf 85' lang='grc' dir='ltr'><strong>πρὸς</strong></span> <span class='ocrx_word' id='word_1_450' title='bbox 1896 4861 1988 4914; x_wconf 83' lang='grc' dir='ltr'><strong>τὸν</strong></span> 
     </span>
    </p>
   </div>
   <div class='ocr_carea' id='block_1_53' title="bbox 315 4949 1988 5024">
    <p class='ocr_par' dir='ltr' id='par_1_53' title="bbox 315 4949 1988 5024">
     <span class='ocr_line' id='line_1_53' title="bbox 315 4949 1988 5024; baseline -0.004 -16"><span class='ocrx_word' id='word_1_451' title='bbox 315 4957 470 5024; x_wconf 73' lang='grc' dir='ltr'><strong>ὅφιν,</strong></span> <span class='ocrx_word' id='word_1_452' title='bbox 527 4955 626 5009; x_wconf 73' lang='grc' dir='ltr'><strong>καὶ</strong></span> <span class='ocrx_word' id='word_1_453' title='bbox 669 4954 885 5024; x_wconf 84' lang='grc' dir='ltr'><strong>ἐδέχετο</strong></span> <span class='ocrx_word' id='word_1_454' title='bbox 934 4953 1002 5006; x_wconf 91' lang='grc' dir='ltr'><strong>τά</strong></span> <span class='ocrx_word' id='word_1_455' title='bbox 1055 4951 1276 5022; x_wconf 85' lang='grc' dir='ltr'><strong>ὀλέθρια</strong></span> <span class='ocrx_word' id='word_1_456' title='bbox 1333 4953 1555 5022; x_wconf 90' lang='grc' dir='ltr'><strong>ῥήματα</strong></span> <span class='ocrx_word' id='word_1_457' title='bbox 1597 4949 1692 5003; x_wconf 90' lang='grc' dir='ltr'><strong>τοῦ</strong></span> <span class='ocrx_word' id='word_1_458' title='bbox 1740 4950 1988 5004; x_wconf 90' lang='grc' dir='ltr'><strong>διαϐόλου</strong></span> 
     </span>
    </p>
   </div>
   <div class='ocr_carea' id='block_1_54' title="bbox 314 5033 1984 5110">
    <p class='ocr_par' dir='ltr' id='par_1_54' title="bbox 314 5033 1984 5110">
     <span class='ocr_line' id='line_1_54' title="bbox 314 5033 1984 5110; baseline -0.002 -15"><span class='ocrx_word' id='word_1_459' title='bbox 314 5043 404 5096; x_wconf 81' lang='grc' dir='ltr'><strong>διά</strong></span> <span class='ocrx_word' id='word_1_460' title='bbox 445 5043 636 5098; x_wconf 83' lang='grc' dir='ltr'><strong>τούτου</strong></span> <span class='ocrx_word' id='word_1_461' title='bbox 684 5043 759 5104; x_wconf 83' lang='grc' dir='ltr'><strong>ὡς</strong></span> <span class='ocrx_word' id='word_1_462' title='bbox 795 5041 862 5094; x_wconf 86' lang='grc' dir='ltr'><strong>δι’</strong></span> <span class='ocrx_word' id='word_1_463' title='bbox 902 5040 1163 5110; x_wconf 87' lang='grc' dir='ltr'><strong>ὀργάνου,</strong></span> <span class='ocrx_word' id='word_1_464' title='bbox 1202 5038 1490 5092; x_wconf 87' lang='grc' dir='ltr'><strong>ἀκόλουθον</strong></span> <span class='ocrx_word' id='word_1_465' title='bbox 1525 5033 1594 5109; x_wconf 80' lang='grc' dir='ltr'><strong>ἦν</strong></span> <span class='ocrx_word' id='word_1_466' title='bbox 1637 5037 1840 5102; x_wconf 82' lang='grc' dir='ltr'><strong>εὑθέως</strong></span> <span class='ocrx_word' id='word_1_467' title='bbox 1876 5057 1984 5108; x_wconf 84' lang='grc' dir='ltr'><strong>μα-</strong></span> 
     </span>
    </p>
   </div>
   <div class='ocr_carea' id='block_1_55' title="bbox 317 5124 2040 5201">
    <p class='ocr_par' dir='ltr' id='par_1_55' title="bbox 317 5124 2040 5201">
     <span class='ocr_line' id='line_1_55' title="bbox 317 5124 2040 5201; baseline -0.004 -18"><span class='ocrx_word' id='word_1_468' title='bbox 317 5131 516 5185; x_wconf 83' lang='grc' dir='ltr'><strong>θοῦσαν</strong></span> <span class='ocrx_word' id='word_1_469' title='bbox 568 5133 634 5183; x_wconf 86' lang='grc' dir='ltr'><strong>ἐκ</strong></span> <span class='ocrx_word' id='word_1_470' title='bbox 682 5129 791 5182; x_wconf 87' lang='grc' dir='ltr'><strong>τῶν</strong></span> <span class='ocrx_word' id='word_1_471' title='bbox 842 5129 972 5201; x_wconf 87' lang='grc' dir='ltr'><strong>παρ’</strong></span> <span class='ocrx_word' id='word_1_472' title='bbox 1023 5125 1184 5180; x_wconf 88' lang='grc' dir='ltr'><strong>αὑτοῦ</strong></span> <span class='ocrx_word' id='word_1_473' title='bbox 1235 5125 1531 5196; x_wconf 83' lang='grc' dir='ltr'><strong>λεχθέντων</strong></span> <span class='ocrx_word' id='word_1_474' title='bbox 1566 5125 1666 5194; x_wconf 85' lang='grc' dir='ltr'><strong>τὴν</strong></span> <span class='ocrx_word' id='word_1_475' title='bbox 1716 5124 1994 5200; x_wconf 51' lang='grc' dir='ltr'><strong>ἐναντίωτ</strong></span> <span class='ocrx_word' id='word_1_476' title='bbox 2019 5145 2040 5176; x_wconf 78' lang='grc' dir='ltr'><strong>ε-</strong></span> 
     </span>
    </p>
   </div>
   <div class='ocr_carea' id='block_1_56' title="bbox 320 5213 1986 5290">
    <p class='ocr_par' dir='ltr' id='par_1_56' title="bbox 320 5213 1986 5290">
     <span class='ocr_line' id='line_1_56' title="bbox 320 5213 1986 5290; baseline -0.007 -16"><span class='ocrx_word' id='word_1_477' title='bbox 320 5237 403 5273; x_wconf 88' lang='grc' dir='ltr'><strong>σιν</strong></span> <span class='ocrx_word' id='word_1_478' title='bbox 428 5221 537 5274; x_wconf 83' lang='grc' dir='ltr'><strong>τῶν</strong></span> <span class='ocrx_word' id='word_1_479' title='bbox 588 5217 883 5290; x_wconf 88' lang='grc' dir='ltr'><strong>ῥημάτων,</strong></span> <span class='ocrx_word' id='word_1_480' title='bbox 927 5215 1022 5268; x_wconf 69' lang='grc' dir='ltr'><strong>καὶ</strong></span> <span class='ocrx_word' id='word_1_481' title='bbox 1051 5216 1133 5267; x_wconf 83' lang='grc' dir='ltr'><strong>ὅτι</strong></span> <span class='ocrx_word' id='word_1_482' title='bbox 1178 5214 1340 5285; x_wconf 75' lang='grc' dir='ltr'><strong>ἔτερα</strong></span> <span class='ocrx_word' id='word_1_483' title='bbox 1381 5214 1478 5283; x_wconf 80' lang='grc' dir='ltr'><strong>μὲν</strong></span> <span class='ocrx_word' id='word_1_484' title='bbox 1509 5214 1538 5265; x_wconf 91' lang='lat'><strong>6</strong></span> <span class='ocrx_word' id='word_1_485' title='bbox 1579 5213 1986 5282; x_wconf 83' lang='grc' dir='ltr'><strong>δημιουργήσας</strong></span> 
     </span>
    </p>
   </div>
   <div class='ocr_carea' id='block_1_57' title="bbox 318 5295 1983 5380">
    <p class='ocr_par' dir='ltr' id='par_1_57' title="bbox 318 5295 1983 5380">
     <span class='ocr_line' id='line_1_57' title="bbox 318 5295 1983 5380; baseline -0.006 -18"><span class='ocrx_word' id='word_1_486' title='bbox 318 5307 669 5380; x_wconf 84' lang='grc' dir='ltr'><strong>προσέταξεν,</strong></span> <span class='ocrx_word' id='word_1_487' title='bbox 723 5305 886 5376; x_wconf 73' lang='grc' dir='ltr'><strong>ἕτερα</strong></span> <span class='ocrx_word' id='word_1_488' title='bbox 920 5303 978 5356; x_wconf 85' lang='grc' dir='ltr'><strong>δὲ</strong></span> <span class='ocrx_word' id='word_1_489' title='bbox 1019 5295 1172 5366; x_wconf 73' lang='grc' dir='ltr'><strong>οὗτος</strong></span> <span class='ocrx_word' id='word_1_490' title='bbox 1200 5311 1225 5340; x_wconf 76' lang='grc' dir='ltr'><strong><em>ο</em></strong></span> <span class='ocrx_word' id='word_1_491' title='bbox 1266 5301 1362 5354; x_wconf 75' lang='grc' dir='ltr'><strong>καὶ</strong></span> <span class='ocrx_word' id='word_1_492' title='bbox 1403 5299 1730 5363; x_wconf 89' lang='grc' dir='ltr'><strong>ἀπεναντίας</strong></span> <span class='ocrx_word' id='word_1_493' title='bbox 1768 5298 1843 5369; x_wconf 84' lang='grc' dir='ltr'><strong>τῷ</strong></span> <span class='ocrx_word' id='word_1_494' title='bbox 1887 5299 1983 5369; x_wconf 72' lang='grc' dir='ltr'><strong>δηο</strong></span> 
     </span>
    </p>
   </div>
   <div class='ocr_carea' id='block_1_58' title="bbox 319 5387 1984 5467">
    <p class='ocr_par' dir='ltr' id='par_1_58' title="bbox 319 5387 1984 5467">
     <span class='ocr_line' id='line_1_58' title="bbox 319 5387 1984 5467; baseline -0.006 -18"><span class='ocrx_word' id='word_1_495' title='bbox 319 5395 564 5467; x_wconf 82' lang='grc' dir='ltr'><strong>μιουργῷ</strong></span> <span class='ocrx_word' id='word_1_496' title='bbox 589 5395 808 5462; x_wconf 75' lang='grc' dir='ltr'><strong>ἔλεγεν,</strong></span> <span class='ocrx_word' id='word_1_497' title='bbox 843 5390 1256 5461; x_wconf 82' lang='grc' dir='ltr'><strong>ἀποστραφῆναι</strong></span> <span class='ocrx_word' id='word_1_498' title='bbox 1298 5387 1393 5441; x_wconf 74' lang='grc' dir='ltr'><strong>καὶ</strong></span> <span class='ocrx_word' id='word_1_499' title='bbox 1441 5389 1634 5456; x_wconf 85' lang='grc' dir='ltr'><strong>φυγεῖν</strong></span> <span class='ocrx_word' id='word_1_500' title='bbox 1661 5387 1845 5440; x_wconf 85' lang='grc' dir='ltr'><strong>λοιπὸν</strong></span> <span class='ocrx_word' id='word_1_501' title='bbox 1884 5388 1984 5458; x_wconf 82' lang='grc' dir='ltr'><strong>τὴν</strong></span> 
     </span>
    </p>
   </div>
   <div class='ocr_carea' id='block_1_59' title="bbox 313 5476 1985 5556">
    <p class='ocr_par' dir='ltr' id='par_1_59' title="bbox 313 5476 1985 5556">
     <span class='ocr_line' id='line_1_59' title="bbox 313 5476 1985 5556; baseline -0.005 -19"><span class='ocrx_word' id='word_1_502' title='bbox 313 5484 450 5556; x_wconf 70' lang='grc' dir='ltr'><strong>πρὸς</strong></span> <span class='ocrx_word' id='word_1_503' title='bbox 489 5484 652 5537; x_wconf 84' lang='grc' dir='ltr'><strong>αὑτὸν</strong></span> <span class='ocrx_word' id='word_1_504' title='bbox 683 5481 930 5553; x_wconf 87' lang='grc' dir='ltr'><strong>ὁμιλίαν,</strong></span> <span class='ocrx_word' id='word_1_505' title='bbox 973 5481 1066 5534; x_wconf 76' lang='grc' dir='ltr'><strong>καὶ</strong></span> <span class='ocrx_word' id='word_1_506' title='bbox 1114 5476 1465 5549; x_wconf 84' lang='grc' dir='ltr'><strong>βδελύξασθαι</strong></span> <span class='ocrx_word' id='word_1_507' title='bbox 1501 5477 1593 5530; x_wconf 84' lang='grc' dir='ltr'><strong>τὸν</strong></span> <span class='ocrx_word' id='word_1_508' title='bbox 1638 5477 1985 5547; x_wconf 82' lang='grc' dir='ltr'><strong>τολμήσαντα</strong></span> 
     </span>
    </p>
   </div>
   <div class='ocr_carea' id='block_1_60' title="bbox 309 5563 1984 5643">
    <p class='ocr_par' dir='ltr' id='par_1_60' title="bbox 309 5563 1984 5643">
     <span class='ocr_line' id='line_1_60' title="bbox 309 5563 1984 5643; baseline -0.006 -17"><span class='ocrx_word' id='word_1_509' title='bbox 309 5575 411 5643; x_wconf 82' lang='grc' dir='ltr'><strong>τὴν</strong></span> <span class='ocrx_word' id='word_1_510' title='bbox 435 5571 644 5626; x_wconf 84' lang='grc' dir='ltr'><strong>οἰκείαν</strong></span> <span class='ocrx_word' id='word_1_511' title='bbox 664 5571 915 5639; x_wconf 86' lang='grc' dir='ltr'><strong>γλῶσσαν</strong></span> <span class='ocrx_word' id='word_1_512' title='bbox 942 5569 1205 5636; x_wconf 82' lang='grc' dir='ltr'><strong>ἀκονῆσαι</strong></span> <span class='ocrx_word' id='word_1_513' title='bbox 1237 5565 1378 5620; x_wconf 83' lang='grc' dir='ltr'><strong>κατά</strong></span> <span class='ocrx_word' id='word_1_514' title='bbox 1411 5565 1508 5634; x_wconf 90' lang='grc' dir='ltr'><strong>τῆς</strong></span> <span class='ocrx_word' id='word_1_515' title='bbox 1529 5563 1774 5635; x_wconf 82' lang='grc' dir='ltr'><strong>δοθείσης</strong></span> <span class='ocrx_word' id='word_1_516' title='bbox 1803 5563 1984 5627; x_wconf 90' lang='grc' dir='ltr'><strong>αὑτοῖς</strong></span> 
     </span>
    </p>
   </div>
   <div class='ocr_carea' id='block_1_61' title="bbox 311 5649 1984 5730">
    <p class='ocr_par' dir='ltr' id='par_1_61' title="bbox 311 5649 1984 5730">
     <span class='ocr_line' id='line_1_61' title="bbox 311 5649 1984 5730; baseline -0.005 -18"><span class='ocrx_word' id='word_1_517' title='bbox 311 5660 552 5730; x_wconf 88' lang='grc' dir='ltr'><strong>ἐντολῆς.</strong></span> <span class='ocrx_word' id='word_1_518' title='bbox 592 5657 754 5711; x_wconf 85' lang='grc' dir='ltr'><strong>’Λλλά</strong></span> <span class='ocrx_word' id='word_1_519' title='bbox 777 5656 864 5710; x_wconf 74' lang='grc' dir='ltr'><strong>διά</strong></span> <span class='ocrx_word' id='word_1_520' title='bbox 895 5655 991 5727; x_wconf 84' lang='grc' dir='ltr'><strong>τὴν</strong></span> <span class='ocrx_word' id='word_1_521' title='bbox 1023 5653 1223 5725; x_wconf 78' lang='grc' dir='ltr'><strong>πολλὴν</strong></span> <span class='ocrx_word' id='word_1_522' title='bbox 1253 5649 1580 5722; x_wconf 78' lang='grc' dir='ltr'><strong>ἀπροσεξίαν</strong></span> <span class='ocrx_word' id='word_1_523' title='bbox 1603 5651 1664 5703; x_wconf 91' lang='grc' dir='ltr'><strong>οὑ</strong></span> <span class='ocrx_word' id='word_1_524' title='bbox 1699 5651 1856 5720; x_wconf 91' lang='grc' dir='ltr'><strong>μόνον</strong></span> <span class='ocrx_word' id='word_1_525' title='bbox 1884 5651 1984 5704; x_wconf 91' lang='grc' dir='ltr'><strong>οὑκ</strong></span> 
     </span>
    </p>
   </div>
   <div class='ocr_carea' id='block_1_62' title="bbox 311 5737 1981 5820">
    <p class='ocr_par' dir='ltr' id='par_1_62' title="bbox 311 5737 1981 5820">
     <span class='ocr_line' id='line_1_62' title="bbox 311 5737 1981 5820; baseline -0.007 -19"><span class='ocrx_word' id='word_1_526' title='bbox 311 5748 656 5820; x_wconf 74' lang='grc' dir='ltr'><strong>ἀπεστράφη,</strong></span> <span class='ocrx_word' id='word_1_527' title='bbox 684 5744 820 5799; x_wconf 88' lang='grc' dir='ltr'><strong>ἀλλά</strong></span> <span class='ocrx_word' id='word_1_528' title='bbox 850 5744 943 5798; x_wconf 77' lang='grc' dir='ltr'><strong>καὶ</strong></span> <span class='ocrx_word' id='word_1_529' title='bbox 989 5742 1086 5814; x_wconf 81' lang='grc' dir='ltr'><strong>τὴν</strong></span> <span class='ocrx_word' id='word_1_530' title='bbox 1117 5739 1332 5811; x_wconf 85' lang='grc' dir='ltr'><strong>ἐντολὴν</strong></span> <span class='ocrx_word' id='word_1_531' title='bbox 1370 5740 1586 5794; x_wconf 76' lang='grc' dir='ltr'><strong>ἃπασαν</strong></span> <span class='ocrx_word' id='word_1_532' title='bbox 1620 5737 1768 5809; x_wconf 85' lang='grc' dir='ltr'><strong>αὑτῷ</strong></span> <span class='ocrx_word' id='word_1_533' title='bbox 1812 5739 1981 5790; x_wconf 79' lang='grc' dir='ltr'><strong>ἐκκα-</strong></span> 
     </span>
    </p>
   </div>
   <div class='ocr_carea' id='block_1_63' title="bbox 312 5825 1985 5903">
    <p class='ocr_par' dir='ltr' id='par_1_63' title="bbox 312 5825 1985 5903">
     <span class='ocr_line' id='line_1_63' title="bbox 312 5825 1985 5903; baseline -0.007 -15"><span class='ocrx_word' id='word_1_534' title='bbox 312 5836 534 5897; x_wconf 86' lang='grc' dir='ltr'><strong>λύπτει,</strong></span> <span class='ocrx_word' id='word_1_535' title='bbox 566 5834 660 5886; x_wconf 72' lang='grc' dir='ltr'><strong>καὶ</strong></span> <span class='ocrx_word' id='word_1_536' title='bbox 685 5833 809 5896; x_wconf 79' lang='grc' dir='ltr'><strong>τοὺς</strong></span> <span class='ocrx_word' id='word_1_537' title='bbox 838 5830 1180 5903; x_wconf 85' lang='grc' dir='ltr'><strong>μαργαρίτας</strong></span> <span class='ocrx_word' id='word_1_538' title='bbox 1219 5827 1298 5899; x_wconf 82' lang='grc' dir='ltr'><strong>τῷ</strong></span> <span class='ocrx_word' id='word_1_539' title='bbox 1329 5827 1496 5898; x_wconf 85' lang='grc' dir='ltr'><strong>χοίρῳ</strong></span> <span class='ocrx_word' id='word_1_540' title='bbox 1525 5825 1847 5896; x_wconf 89' lang='grc' dir='ltr'><strong>προτίθησι,</strong></span> <span class='ocrx_word' id='word_1_541' title='bbox 1888 5826 1985 5877; x_wconf 71' lang='grc' dir='ltr'><strong>καὶ</strong></span> 
     </span>
    </p>
   </div>
   <div class='ocr_carea' id='block_1_64' title="bbox 372 5925 1977 5997">
    <p class='ocr_par' dir='ltr' id='par_1_64' title="bbox 372 5925 1977 5997">
     <span class='ocr_line' id='line_1_64' title="bbox 372 5925 1977 5997; baseline -0.008 -12"><span class='ocrx_word' id='word_1_542' title='bbox 372 5937 400 5966; x_wconf 77' lang='grc'><strong>⁸</strong></span> <span class='ocrx_word' id='word_1_543' title='bbox 439 5937 535 5987; x_wconf 80' lang='lat' dir='ltr'><strong>Alii</strong></span> <span class='ocrx_word' id='word_1_544' title='bbox 574 5933 884 5997; x_wconf 79' lang='grc' dir='ltr'><strong>χρησάμενος.</strong></span> <span class='ocrx_word' id='word_1_545' title='bbox 945 5932 1166 5997; x_wconf 30' lang='grc' dir='ltr'><strong>ψᾼδεγὶἰ.</strong></span> <span class='ocrx_word' id='word_1_546' title='bbox 1211 5926 1687 5997; x_wconf 77' lang='grc' dir='ltr'><strong>και-ἀκολουθοῦντας.</strong></span> <span class='ocrx_word' id='word_1_547' title='bbox 1778 5925 1977 5997; x_wconf 46' lang='grc' dir='ltr'><strong>ο-εέν-ξι.</strong></span> 
     </span>
    </p>
   </div>
   <div class='ocr_carea' id='block_1_65' title="bbox 309 5986 1976 6124">
    <p class='ocr_par' dir='ltr' id='par_1_65' title="bbox 309 5986 1976 6124">
     <span class='ocr_line' id='line_1_65' title="bbox 309 5986 1976 6060; baseline -0.007 -14"><span class='ocrx_word' id='word_1_548' title='bbox 309 5999 395 6046; x_wconf 75' lang='grc' dir='ltr'><strong>τοῦ</strong></span> <span class='ocrx_word' id='word_1_549' title='bbox 419 5999 467 6046; x_wconf 77' lang='grc' dir='ltr'><strong>ἐν</strong></span> <span class='ocrx_word' id='word_1_550' title='bbox 489 5986 558 6058; x_wconf 77' lang='grc' dir='ltr'><strong>τῷ</strong></span> <span class='ocrx_word' id='word_1_551' title='bbox 575 5986 869 6060; x_wconf 62' lang='grc' dir='ltr'><strong>παραδείσῳξ</strong></span> <span class='ocrx_word' id='word_1_552' title='bbox 934 5993 961 6036; x_wconf 82' lang='lat' dir='ltr'><strong>d</strong></span> <span class='ocrx_word' id='word_1_553' title='bbox 982 5995 1188 6058; x_wconf 83' lang='lat' dir='ltr'><strong>Quidam</strong></span> <span class='ocrx_word' id='word_1_554' title='bbox 1205 6006 1320 6044; x_wconf 86' lang='lat' dir='ltr'><strong>mss.</strong></span> <span class='ocrx_word' id='word_1_555' title='bbox 1349 5994 1378 6052; x_wconf 81' lang='grc' dir='ltr'><strong>ή</strong></span> <span class='ocrx_word' id='word_1_556' title='bbox 1403 5991 1497 6040; x_wconf 84' lang='grc' dir='ltr'><strong>ἀπὸ</strong></span> <span class='ocrx_word' id='word_1_557' title='bbox 1516 5997 1597 6050; x_wconf 81' lang='grc' dir='ltr'><strong>τῆς</strong></span> <span class='ocrx_word' id='word_1_558' title='bbox 1617 5993 1740 6046; x_wconf 83' lang='grc' dir='ltr'><strong>θέας.</strong></span> <span class='ocrx_word' id='word_1_559' title='bbox 1801 5992 1822 6020; x_wconf 76' lang='grc' dir='ltr'><strong>ο</strong></span> <span class='ocrx_word' id='word_1_560' title='bbox 1844 5986 1976 6040; x_wconf 85' lang='lat' dir='ltr'><strong>Colb.</strong></span> 
     </span>
     <span class='ocr_line' id='line_1_66' title="bbox 313 6059 694 6124; baseline 0.008 -19"><span class='ocrx_word' id='word_1_561' title='bbox 313 6061 447 6124; x_wconf 66' lang='grc' dir='ltr'><strong>ἔτερα</strong></span> <span class='ocrx_word' id='word_1_562' title='bbox 470 6060 520 6110; x_wconf 85' lang='grc' dir='ltr'><strong>δέ</strong></span> <span class='ocrx_word' id='word_1_563' title='bbox 537 6059 694 6114; x_wconf 71' lang='grc' dir='ltr'><strong>αὑτός.</strong></span> 
     </span>
    </p>
   </div>
   <div class='ocr_carea' id='block_1_66' title="bbox 1463 353 2547 417">
    <p class='ocr_par' dir='ltr' id='par_1_66' title="bbox 1463 353 2547 417">
     <span class='ocr_line' id='line_1_67' title="bbox 1463 353 2547 417; baseline 0.006 -8"><span class='ocrx_word' id='word_1_564' title='bbox 1463 353 1530 409; x_wconf 83' lang='lat' dir='ltr'><strong>IN</strong></span> <span class='ocrx_word' id='word_1_565' title='bbox 1567 355 1720 412; x_wconf 81' lang='lat' dir='ltr'><strong>CAP.</strong></span> <span class='ocrx_word' id='word_1_566' title='bbox 1749 353 1800 410; x_wconf 80' lang='grc' dir='ltr'><strong>ιι</strong></span> <span class='ocrx_word' id='word_1_567' title='bbox 1857 356 2099 414; x_wconf 79' lang='lat' dir='ltr'><strong>GENES.</strong></span> <span class='ocrx_word' id='word_1_568' title='bbox 2140 357 2371 415; x_wconf 75' lang='lat' dir='ltr'><strong>HOMIL.</strong></span> <span class='ocrx_word' id='word_1_569' title='bbox 2406 359 2547 417; x_wconf 76' lang='lat' dir='ltr'><strong>XVI.</strong></span> 
     </span>
    </p>
   </div>
   <div class='ocr_carea' id='block_1_67' title="bbox 3691 365 3816 419">
    <p class='ocr_par' dir='ltr' id='par_1_67' title="bbox 3691 365 3816 419">
     <span class='ocr_line' id='line_1_68' title="bbox 3691 365 3816 419; baseline -0.024 -1"><span class='ocrx_word' id='word_1_570' title='bbox 3691 365 3816 419; x_wconf 65' lang='lat'><strong>128.</strong></span> 
     </span>
    </p>
   </div>
   <div class='ocr_carea' id='block_1_68' title="bbox 2113 475 3781 548">
    <p class='ocr_par' dir='ltr' id='par_1_68' title="bbox 2113 475 3781 548">
     <span class='ocr_line' id='line_1_69' title="bbox 2113 475 3781 548; baseline 0.004 -22"><span class='ocrx_word' id='word_1_571' title='bbox 2113 476 2413 548; x_wconf 78' lang='grc' dir='ltr'><strong>πληροῦται</strong></span> <span class='ocrx_word' id='word_1_572' title='bbox 2431 477 2491 530; x_wconf 84' lang='grc' dir='ltr'><strong>τὸ</strong></span> <span class='ocrx_word' id='word_1_573' title='bbox 2506 475 2654 548; x_wconf 87' lang='grc' dir='ltr'><strong>παρά</strong></span> <span class='ocrx_word' id='word_1_574' title='bbox 2677 475 2769 530; x_wconf 85' lang='grc' dir='ltr'><strong>τοῦ</strong></span> <span class='ocrx_word' id='word_1_575' title='bbox 2795 476 3035 548; x_wconf 84' lang='grc' dir='ltr'><strong>Χριστοῦ</strong></span> <span class='ocrx_word' id='word_1_576' title='bbox 3059 477 3366 548; x_wconf 84' lang='grc' dir='ltr'><strong>εἰρημένον·</strong></span> <span class='ocrx_word' id='word_1_577' title='bbox 3394 478 3490 546; x_wconf 77' lang='grc' dir='ltr'><strong>Μὴ</strong></span> <span class='ocrx_word' id='word_1_578' title='bbox 3511 477 3781 546; x_wconf 64' lang='grc' dir='ltr'><strong>βάλητε(</strong></span> 
     </span>
    </p>
   </div>
   <div class='ocr_carea' id='block_1_69' title="bbox 2113 561 3789 635">
    <p class='ocr_par' dir='ltr' id='par_1_69' title="bbox 2113 561 3789 635">
     <span class='ocr_line' id='line_1_70' title="bbox 2113 561 3789 635; baseline 0.004 -20"><span class='ocrx_word' id='word_1_579' title='bbox 2113 561 2242 632; x_wconf 85' lang='grc' dir='ltr'><strong>γὰρ,</strong></span> <span class='ocrx_word' id='word_1_580' title='bbox 2279 565 2448 635; x_wconf 78' lang='grc' dir='ltr'><strong>φησὶ,</strong></span> <span class='ocrx_word' id='word_1_581' title='bbox 2497 563 2641 630; x_wconf 85' lang='grc' dir='ltr'><strong>τοὺς</strong></span> <span class='ocrx_word' id='word_1_582' title='bbox 2664 565 3032 632; x_wconf 75' lang='grc' dir='ltr'><strong>μαργαρίτας</strong></span> <span class='ocrx_word' id='word_1_583' title='bbox 3074 563 3244 634; x_wconf 82' lang='grc' dir='ltr'><strong>ὑμῶν</strong></span> <span class='ocrx_word' id='word_1_584' title='bbox 3291 566 3634 634; x_wconf 76' lang='grc' dir='ltr'><strong>ἔμπροσθεν</strong></span> <span class='ocrx_word' id='word_1_585' title='bbox 3670 565 3789 620; x_wconf 71' lang='grc' dir='ltr'><strong>τῶν</strong></span> 
     </span>
    </p>
   </div>
   <div class='ocr_carea' id='block_1_70' title="bbox 2113 649 3786 720">
    <p class='ocr_par' dir='ltr' id='par_1_70' title="bbox 2113 649 3786 720">
     <span class='ocr_line' id='line_1_71' title="bbox 2113 649 3786 720; baseline 0.003 -17"><span class='ocrx_word' id='word_1_586' title='bbox 2113 651 2351 718; x_wconf 78' lang='grc' dir='ltr'><strong>χοίρων,</strong></span> <span class='ocrx_word' id='word_1_587' title='bbox 2381 649 2616 720; x_wconf 81' lang='grc' dir='ltr'><strong>μήποτε</strong></span> <span class='ocrx_word' id='word_1_588' title='bbox 2649 652 3158 717; x_wconf 79' lang='grc' dir='ltr'><strong>καταπατήσωσιν</strong></span> <span class='ocrx_word' id='word_1_589' title='bbox 3184 652 3408 718; x_wconf 80' lang='grc' dir='ltr'><strong>αὐτοὺς</strong></span> <span class='ocrx_word' id='word_1_590' title='bbox 3436 655 3507 707; x_wconf 85' lang='grc' dir='ltr'><strong>ἐν</strong></span> <span class='ocrx_word' id='word_1_591' title='bbox 3533 654 3656 720; x_wconf 80' lang='grc' dir='ltr'><strong>τοῖς</strong></span> <span class='ocrx_word' id='word_1_592' title='bbox 3681 671 3786 708; x_wconf 86' lang='grc' dir='ltr'><strong>πο-</strong></span> 
     </span>
    </p>
   </div>
   <div class='ocr_carea' id='block_1_71' title="bbox 2110 737 3786 814">
    <p class='ocr_par' dir='ltr' id='par_1_71' title="bbox 2110 737 3786 814">
     <span class='ocr_line' id='line_1_72' title="bbox 2110 737 3786 814; baseline 0.005 -24"><span class='ocrx_word' id='word_1_593' title='bbox 2110 737 2214 790; x_wconf 78' lang='grc' dir='ltr'><strong>σὶν</strong></span> <span class='ocrx_word' id='word_1_594' title='bbox 2235 738 2450 803; x_wconf 78' lang='grc' dir='ltr'><strong>αὐτῶν,</strong></span> <span class='ocrx_word' id='word_1_595' title='bbox 2478 739 2577 792; x_wconf 76' lang='grc' dir='ltr'><strong>καί</strong></span> <span class='ocrx_word' id='word_1_596' title='bbox 2612 738 2984 808; x_wconf 69' lang='grc' dir='ltr'><strong>στραφέντες</strong></span> <span class='ocrx_word' id='word_1_597' title='bbox 3007 739 3280 807; x_wconf 82' lang='grc' dir='ltr'><strong>ῥήξωσιν</strong></span> <span class='ocrx_word' id='word_1_598' title='bbox 3318 740 3502 810; x_wconf 76' lang='grc' dir='ltr'><strong>ὑμᾶς·</strong></span> <span class='ocrx_word' id='word_1_599' title='bbox 3537 741 3666 814; x_wconf 68' lang='grc' dir='ltr'><strong>ὃτδὴ</strong></span> <span class='ocrx_word' id='word_1_600' title='bbox 3694 746 3786 798; x_wconf 82' lang='grc' dir='ltr'><strong>καὶ</strong></span> 
     </span>
    </p>
   </div>
   <div class='ocr_carea' id='block_1_72' title="bbox 2110 823 3788 902">
    <p class='ocr_par' dir='ltr' id='par_1_72' title="bbox 2110 823 3788 902">
     <span class='ocr_line' id='line_1_73' title="bbox 2110 823 3788 902; baseline 0.004 -26"><span class='ocrx_word' id='word_1_601' title='bbox 2110 823 2204 876; x_wconf 86' lang='grc' dir='ltr'><strong>νῦν</strong></span> <span class='ocrx_word' id='word_1_602' title='bbox 2237 823 2450 892; x_wconf 86' lang='grc' dir='ltr'><strong>γέγονε.</strong></span> <span class='ocrx_word' id='word_1_603' title='bbox 2485 824 2773 895; x_wconf 87' lang='grc' dir='ltr'><strong>Παρέθηκε</strong></span> <span class='ocrx_word' id='word_1_604' title='bbox 2807 824 2914 896; x_wconf 81' lang='grc' dir='ltr'><strong>γάρ</strong></span> <span class='ocrx_word' id='word_1_605' title='bbox 2937 824 3014 895; x_wconf 84' lang='grc' dir='ltr'><strong>τῷ</strong></span> <span class='ocrx_word' id='word_1_606' title='bbox 3043 825 3231 896; x_wconf 84' lang='grc' dir='ltr'><strong>χοίρῳ,</strong></span> <span class='ocrx_word' id='word_1_607' title='bbox 3257 827 3337 895; x_wconf 83' lang='grc' dir='ltr'><strong>τῷ</strong></span> <span class='ocrx_word' id='word_1_608' title='bbox 3364 829 3588 900; x_wconf 79' lang='grc' dir='ltr'><strong>πονηρῷ</strong></span> <span class='ocrx_word' id='word_1_609' title='bbox 3612 829 3788 902; x_wconf 85' lang='grc' dir='ltr'><strong>τούτῳ</strong></span> 
     </span>
    </p>
   </div>
   <div class='ocr_carea' id='block_1_73' title="bbox 2111 909 3788 986">
    <p class='ocr_par' dir='ltr' id='par_1_73' title="bbox 2111 909 3788 986">
     <span class='ocr_line' id='line_1_74' title="bbox 2111 909 3788 986; baseline 0.005 -25"><span class='ocrx_word' id='word_1_610' title='bbox 2111 909 2306 980; x_wconf 87' lang='grc' dir='ltr'><strong>θηρίῳ,</strong></span> <span class='ocrx_word' id='word_1_611' title='bbox 2336 912 2453 982; x_wconf 84' lang='grc' dir='ltr'><strong>ῆτοι</strong></span> <span class='ocrx_word' id='word_1_612' title='bbox 2495 910 2574 981; x_wconf 82' lang='grc' dir='ltr'><strong>τῷ</strong></span> <span class='ocrx_word' id='word_1_613' title='bbox 2604 911 2817 982; x_wconf 85' lang='grc' dir='ltr'><strong>δαίμονι</strong></span> <span class='ocrx_word' id='word_1_614' title='bbox 2857 911 2934 981; x_wconf 80' lang='grc' dir='ltr'><strong>τῷ</strong></span> <span class='ocrx_word' id='word_1_615' title='bbox 2973 911 3040 964; x_wconf 87' lang='grc' dir='ltr'><strong>δι’</strong></span> <span class='ocrx_word' id='word_1_616' title='bbox 3083 912 3249 965; x_wconf 77' lang='grc' dir='ltr'><strong>αὑτοῦ</strong></span> <span class='ocrx_word' id='word_1_617' title='bbox 3295 915 3636 986; x_wconf 83' lang='grc' dir='ltr'><strong>ἐνεργοῦντι,</strong></span> <span class='ocrx_word' id='word_1_618' title='bbox 3661 918 3788 981; x_wconf 79' lang='grc' dir='ltr'><strong>τοὺς</strong></span> 
     </span>
    </p>
   </div>
   <div class='ocr_carea' id='block_1_74' title="bbox 2111 995 3784 1074">
    <p class='ocr_par' dir='ltr' id='par_1_74' title="bbox 2111 995 3784 1074">
     <span class='ocr_line' id='line_1_75' title="bbox 2111 995 3784 1074; baseline 0.005 -26"><span class='ocrx_word' id='word_1_619' title='bbox 2111 995 2288 1060; x_wconf 77' lang='grc' dir='ltr'><strong>θείους</strong></span> <span class='ocrx_word' id='word_1_620' title='bbox 2329 997 2692 1069; x_wconf 82' lang='grc' dir='ltr'><strong>μαργαρίτας,</strong></span> <span class='ocrx_word' id='word_1_621' title='bbox 2733 997 2828 1051; x_wconf 77' lang='grc' dir='ltr'><strong>καὶ</strong></span> <span class='ocrx_word' id='word_1_622' title='bbox 2871 999 2932 1050; x_wconf 90' lang='grc' dir='ltr'><strong>οὑ</strong></span> <span class='ocrx_word' id='word_1_623' title='bbox 2969 998 3130 1068; x_wconf 91' lang='grc' dir='ltr'><strong>μόνον</strong></span> <span class='ocrx_word' id='word_1_624' title='bbox 3168 999 3364 1064; x_wconf 82' lang='grc' dir='ltr'><strong>αὑτοὺς</strong></span> <span class='ocrx_word' id='word_1_625' title='bbox 3400 1004 3784 1074; x_wconf 85' lang='grc' dir='ltr'><strong>κατεπάτησε,</strong></span> 
     </span>
    </p>
   </div>
   <div class='ocr_carea' id='block_1_75' title="bbox 2109 1084 3785 1159">
    <p class='ocr_par' dir='ltr' id='par_1_75' title="bbox 2109 1084 3785 1159">
     <span class='ocr_line' id='line_1_76' title="bbox 2109 1084 3785 1159; baseline 0.005 -25"><span class='ocrx_word' id='word_1_626' title='bbox 2109 1084 2204 1135; x_wconf 73' lang='grc' dir='ltr'><strong>καὶ</strong></span> <span class='ocrx_word' id='word_1_627' title='bbox 2241 1084 2568 1148; x_wconf 83' lang='grc' dir='ltr'><strong>ἀντετάξατο</strong></span> <span class='ocrx_word' id='word_1_628' title='bbox 2601 1087 2712 1148; x_wconf 88' lang='grc' dir='ltr'><strong>τοῖς</strong></span> <span class='ocrx_word' id='word_1_629' title='bbox 2756 1085 3018 1156; x_wconf 78' lang='grc' dir='ltr'><strong>ῥηθεῖσιν,</strong></span> <span class='ocrx_word' id='word_1_630' title='bbox 3065 1085 3203 1140; x_wconf 90' lang='grc' dir='ltr'><strong>ἀλλά</strong></span> <span class='ocrx_word' id='word_1_631' title='bbox 3237 1089 3330 1139; x_wconf 73' lang='grc' dir='ltr'><strong>καὶ</strong></span> <span class='ocrx_word' id='word_1_632' title='bbox 3378 1089 3640 1159; x_wconf 70' lang='grc' dir='ltr'><strong>στραφεὶς</strong></span> <span class='ocrx_word' id='word_1_633' title='bbox 3685 1091 3785 1144; x_wconf 85' lang='grc' dir='ltr'><strong>οὑκ</strong></span> 
     </span>
    </p>
   </div>
   <div class='ocr_carea' id='block_1_76' title="bbox 2110 1171 3788 1246">
    <p class='ocr_par' dir='ltr' id='par_1_76' title="bbox 2110 1171 3788 1246">
     <span class='ocr_line' id='line_1_77' title="bbox 2110 1171 3788 1246; baseline 0.004 -22"><span class='ocrx_word' id='word_1_634' title='bbox 2110 1171 2280 1242; x_wconf 81' lang='grc' dir='ltr'><strong>αὑτήν</strong></span> <span class='ocrx_word' id='word_1_635' title='bbox 2308 1172 2490 1242; x_wconf 85' lang='grc' dir='ltr'><strong>μόνον,</strong></span> <span class='ocrx_word' id='word_1_636' title='bbox 2525 1172 2661 1226; x_wconf 87' lang='grc' dir='ltr'><strong>ἀλλά</strong></span> <span class='ocrx_word' id='word_1_637' title='bbox 2695 1172 2812 1244; x_wconf 87' lang='grc' dir='ltr'><strong>μετ’</strong></span> <span class='ocrx_word' id='word_1_638' title='bbox 2833 1173 3004 1244; x_wconf 81' lang='grc' dir='ltr'><strong>αὑτῆς</strong></span> <span class='ocrx_word' id='word_1_639' title='bbox 3028 1173 3122 1226; x_wconf 76' lang='grc' dir='ltr'><strong>καὶ</strong></span> <span class='ocrx_word' id='word_1_640' title='bbox 3143 1174 3233 1226; x_wconf 81' lang='grc' dir='ltr'><strong>τὸν</strong></span> <span class='ocrx_word' id='word_1_641' title='bbox 3263 1175 3686 1246; x_wconf 90' lang='grc' dir='ltr'><strong>πρωτόπλαστον</strong></span> <span class='ocrx_word' id='word_1_642' title='bbox 3706 1179 3788 1243; x_wconf 83' lang='grc' dir='ltr'><strong>εἰς</strong></span> 
     </span>
    </p>
   </div>
   <div class='ocr_carea' id='block_1_77' title="bbox 2109 1259 3788 1334">
    <p class='ocr_par' dir='ltr' id='par_1_77' title="bbox 2109 1259 3788 1334">
     <span class='ocr_line' id='line_1_78' title="bbox 2109 1259 3788 1334; baseline 0.007 -24"><span class='ocrx_word' id='word_1_643' title='bbox 2109 1259 2172 1310; x_wconf 84' lang='grc' dir='ltr'><strong>τὸ</strong></span> <span class='ocrx_word' id='word_1_644' title='bbox 2197 1260 2298 1330; x_wconf 89' lang='grc' dir='ltr'><strong>τῆς</strong></span> <span class='ocrx_word' id='word_1_645' title='bbox 2329 1263 2615 1333; x_wconf 83' lang='grc' dir='ltr'><strong>παρακοῆς</strong></span> <span class='ocrx_word' id='word_1_646' title='bbox 2653 1261 2842 1334; x_wconf 80' lang='grc' dir='ltr'><strong>ῥῆγμα</strong></span> <span class='ocrx_word' id='word_1_647' title='bbox 2873 1264 3172 1334; x_wconf 86' lang='grc' dir='ltr'><strong>κατήγαγε.</strong></span> <span class='ocrx_word' id='word_1_648' title='bbox 3209 1263 3473 1317; x_wconf 87' lang='grc' dir='ltr'><strong>Τοσοῦτόν</strong></span> <span class='ocrx_word' id='word_1_649' title='bbox 3531 1267 3647 1320; x_wconf 84' lang='grc' dir='ltr'><strong>ἐστι</strong></span> <span class='ocrx_word' id='word_1_650' title='bbox 3687 1285 3788 1320; x_wconf 91' lang='grc' dir='ltr'><strong>κα-</strong></span> 
     </span>
    </p>
   </div>
   <div class='ocr_carea' id='block_1_78' title="bbox 2111 1347 3790 1421">
    <p class='ocr_par' dir='ltr' id='par_1_78' title="bbox 2111 1347 3790 1421">
     <span class='ocr_line' id='line_1_79' title="bbox 2111 1347 3790 1421; baseline 0.001 -19"><span class='ocrx_word' id='word_1_651' title='bbox 2111 1347 2206 1402; x_wconf 77' lang='grc' dir='ltr'><strong>κὸν</strong></span> <span class='ocrx_word' id='word_1_652' title='bbox 2245 1350 2432 1414; x_wconf 84' lang='grc' dir='ltr'><strong>ἁπλῶς</strong></span> <span class='ocrx_word' id='word_1_653' title='bbox 2474 1350 2566 1403; x_wconf 80' lang='grc' dir='ltr'><strong>καὶ</strong></span> <span class='ocrx_word' id='word_1_654' title='bbox 2604 1351 2679 1414; x_wconf 84' lang='grc' dir='ltr'><strong>ὠς</strong></span> <span class='ocrx_word' id='word_1_655' title='bbox 2727 1350 2886 1421; x_wconf 83' lang='grc' dir='ltr'><strong>ἐτυχε</strong></span> <span class='ocrx_word' id='word_1_656' title='bbox 2924 1353 3091 1404; x_wconf 83' lang='grc' dir='ltr'><strong>πᾶσιν</strong></span> <span class='ocrx_word' id='word_1_657' title='bbox 3125 1353 3150 1393; x_wconf 74' lang='grc' dir='ltr'>ε</span> <span class='ocrx_word' id='word_1_658' title='bbox 3182 1352 3544 1406; x_wconf 79' lang='grc' dir='ltr'><strong>ἐκκαλύπτειν</strong></span> <span class='ocrx_word' id='word_1_659' title='bbox 3566 1355 3633 1408; x_wconf 84' lang='grc' dir='ltr'><strong>τά</strong></span> <span class='ocrx_word' id='word_1_660' title='bbox 3668 1355 3790 1409; x_wconf 78' lang='grc' dir='ltr'><strong>θεῖα,</strong></span> 
     </span>
    </p>
   </div>
   <div class='ocr_carea' id='block_1_79' title="bbox 2113 1438 3799 1516">
    <p class='ocr_par' dir='ltr' id='par_1_79' title="bbox 2113 1438 3799 1516">
     <span class='ocr_line' id='line_1_80' title="bbox 2113 1438 3799 1516; baseline 0.005 -27"><span class='ocrx_word' id='word_1_661' title='bbox 2113 1439 2406 1510; x_wconf 86' lang='grc' dir='ltr'><strong>μυστήρια.</strong></span> <span class='ocrx_word' id='word_1_662' title='bbox 2452 1438 2822 1492; x_wconf 84' lang='grc' dir='ltr'><strong>Ἀκουέτωσαν</strong></span> <span class='ocrx_word' id='word_1_663' title='bbox 2853 1441 2901 1492; x_wconf 89' lang='grc' dir='ltr'><strong>οἰ</strong></span> <span class='ocrx_word' id='word_1_664' title='bbox 2935 1439 3122 1503; x_wconf 87' lang='grc' dir='ltr'><strong>ἀπλῶς</strong></span> <span class='ocrx_word' id='word_1_665' title='bbox 3171 1441 3262 1494; x_wconf 79' lang='grc' dir='ltr'><strong>καὶ</strong></span> <span class='ocrx_word' id='word_1_666' title='bbox 3297 1442 3604 1513; x_wconf 81' lang='grc' dir='ltr'><strong>ἀδιαφόρως</strong></span> <span class='ocrx_word' id='word_1_667' title='bbox 3650 1445 3799 1516; x_wconf 52' lang='grc' dir='ltr'><strong>πρὸς,</strong></span> 
     </span>
    </p>
   </div>
   <div class='ocr_carea' id='block_1_80' title="bbox 2112 1524 3785 1604">
    <p class='ocr_par' dir='ltr' id='par_1_80' title="bbox 2112 1524 3785 1604">
     <span class='ocr_line' id='line_1_81' title="bbox 2112 1524 3785 1604; baseline 0.005 -26"><span class='ocrx_word' id='word_1_668' title='bbox 2112 1524 2354 1590; x_wconf 77' lang='grc' dir='ltr'><strong>ἅπαντας</strong></span> <span class='ocrx_word' id='word_1_669' title='bbox 2382 1525 2773 1596; x_wconf 87' lang='grc' dir='ltr'><strong>διαλεγόμενοι.</strong></span> <span class='ocrx_word' id='word_1_670' title='bbox 2802 1527 2936 1580; x_wconf 87' lang='grc' dir='ltr'><strong>Οὑδέ</strong></span> <span class='ocrx_word' id='word_1_671' title='bbox 2964 1527 3073 1599; x_wconf 77' lang='grc' dir='ltr'><strong>γὰρ</strong></span> <span class='ocrx_word' id='word_1_672' title='bbox 3096 1530 3212 1582; x_wconf 86' lang='grc' dir='ltr'><strong>ἐκεῖ</strong></span> <span class='ocrx_word' id='word_1_673' title='bbox 3234 1531 3361 1601; x_wconf 78' lang='grc' dir='ltr'><strong>περὶ</strong></span> <span class='ocrx_word' id='word_1_674' title='bbox 3387 1530 3570 1601; x_wconf 88' lang='grc' dir='ltr'><strong>χοίρου</strong></span> <span class='ocrx_word' id='word_1_675' title='bbox 3593 1533 3785 1604; x_wconf 84' lang='grc' dir='ltr'><strong>αἰσθη-</strong></span> 
     </span>
    </p>
   </div>
   <div class='ocr_carea' id='block_1_81' title="bbox 2109 1611 3806 1689">
    <p class='ocr_par' dir='ltr' id='par_1_81' title="bbox 2109 1611 3806 1689">
     <span class='ocr_line' id='line_1_82' title="bbox 2109 1611 3806 1689; baseline 0.006 -26"><span class='ocrx_word' id='word_1_676' title='bbox 2109 1611 2204 1665; x_wconf 81' lang='grc' dir='ltr'><strong>τοῦ</strong></span> <span class='ocrx_word' id='word_1_677' title='bbox 2231 1612 2260 1665; x_wconf 88' lang='lat' dir='ltr'><strong>o&#39;</strong></span> <span class='ocrx_word' id='word_1_678' title='bbox 2287 1613 2520 1684; x_wconf 86' lang='grc' dir='ltr'><strong>Χριστὸς</strong></span> <span class='ocrx_word' id='word_1_679' title='bbox 2547 1613 2720 1682; x_wconf 88' lang='grc' dir='ltr'><strong>λέγει,</strong></span> <span class='ocrx_word' id='word_1_680' title='bbox 2739 1613 2874 1668; x_wconf 87' lang='grc' dir='ltr'><strong>ἀλλά</strong></span> <span class='ocrx_word' id='word_1_681' title='bbox 2899 1616 3022 1680; x_wconf 83' lang='grc' dir='ltr'><strong>τοὺς</strong></span> <span class='ocrx_word' id='word_1_682' title='bbox 3054 1615 3332 1686; x_wconf 84' lang='grc' dir='ltr'><strong>χοιρώδεις</strong></span> <span class='ocrx_word' id='word_1_683' title='bbox 3355 1617 3464 1671; x_wconf 82' lang='grc' dir='ltr'><strong>τῶν</strong></span> <span class='ocrx_word' id='word_1_684' title='bbox 3483 1618 3578 1672; x_wconf 92' lang='grc' dir='ltr'><strong>ἀνθ</strong></span> <span class='ocrx_word' id='word_1_685' title='bbox 3589 1619 3806 1689; x_wconf 86' lang='grc' dir='ltr'><strong>ρώπων-</strong></span> 
     </span>
    </p>
   </div>
   <div class='ocr_carea' id='block_1_82' title="bbox 2111 1701 3793 1778">
    <p class='ocr_par' dir='ltr' id='par_1_82' title="bbox 2111 1701 3793 1778">
     <span class='ocr_line' id='line_1_83' title="bbox 2111 1701 3793 1778; baseline 0.005 -26"><span class='ocrx_word' id='word_1_686' title='bbox 2111 1701 2498 1772; x_wconf 89' lang='grc' dir='ltr'><strong>αἰνιττόμενος,</strong></span> <span class='ocrx_word' id='word_1_687' title='bbox 2535 1701 2630 1754; x_wconf 71' lang='grc' dir='ltr'><strong>καὶ</strong></span> <span class='ocrx_word' id='word_1_688' title='bbox 2659 1703 2860 1773; x_wconf 86' lang='grc' dir='ltr'><strong>ὁμοίως</strong></span> <span class='ocrx_word' id='word_1_689' title='bbox 2887 1706 3000 1767; x_wconf 88' lang='grc' dir='ltr'><strong>τοῖς</strong></span> <span class='ocrx_word' id='word_1_690' title='bbox 3033 1704 3251 1773; x_wconf 84' lang='grc' dir='ltr'><strong>ἀλόγοις</strong></span> <span class='ocrx_word' id='word_1_691' title='bbox 3274 1706 3793 1778; x_wconf 60' lang='grc' dir='ltr'><strong>ἐγκυλινδουμένουςι</strong></span> 
     </span>
    </p>
   </div>
   <div class='ocr_carea' id='block_1_83' title="bbox 2109 1786 3785 1863">
    <p class='ocr_par' dir='ltr' id='par_1_83' title="bbox 2109 1786 3785 1863">
     <span class='ocr_line' id='line_1_84' title="bbox 2109 1786 3785 1863; baseline 0.006 -25"><span class='ocrx_word' id='word_1_692' title='bbox 2109 1786 2188 1858; x_wconf 78' lang='grc' dir='ltr'><strong>τῷ</strong></span> <span class='ocrx_word' id='word_1_693' title='bbox 2217 1788 2316 1857; x_wconf 90' lang='grc' dir='ltr'><strong>τῆς</strong></span> <span class='ocrx_word' id='word_1_694' title='bbox 2352 1789 2626 1860; x_wconf 85' lang='grc' dir='ltr'><strong>ἁμαρτίας</strong></span> <span class='ocrx_word' id='word_1_695' title='bbox 2655 1788 2925 1862; x_wconf 86' lang='grc' dir='ltr'><strong>βορϐόρῳ,</strong></span> <span class='ocrx_word' id='word_1_696' title='bbox 2971 1791 3245 1845; x_wconf 89' lang='grc' dir='ltr'><strong>παιδεύων</strong></span> <span class='ocrx_word' id='word_1_697' title='bbox 3274 1793 3421 1863; x_wconf 77' lang='grc' dir='ltr'><strong>ἡμᾶς</strong></span> <span class='ocrx_word' id='word_1_698' title='bbox 3459 1793 3656 1848; x_wconf 86' lang='grc' dir='ltr'><strong>εἰδέναι</strong></span> <span class='ocrx_word' id='word_1_699' title='bbox 3690 1796 3785 1848; x_wconf 76' lang='grc' dir='ltr'><strong>καὶ</strong></span> 
     </span>
    </p>
   </div>
   <div class='ocr_carea' id='block_1_84' title="bbox 2112 1875 3782 1956">
    <p class='ocr_par' dir='ltr' id='par_1_84' title="bbox 2112 1875 3782 1956">
     <span class='ocr_line' id='line_1_85' title="bbox 2112 1875 3782 1956; baseline 0.006 -31"><span class='ocrx_word' id='word_1_700' title='bbox 2112 1875 2418 1944; x_wconf 85' lang='grc' dir='ltr'><strong>προσώπων</strong></span> <span class='ocrx_word' id='word_1_701' title='bbox 2465 1877 2756 1946; x_wconf 78' lang='grc' dir='ltr'><strong>διαφορὰν,</strong></span> <span class='ocrx_word' id='word_1_702' title='bbox 2811 1877 2905 1930; x_wconf 70' lang='grc' dir='ltr'><strong>καὶ</strong></span> <span class='ocrx_word' id='word_1_703' title='bbox 2953 1877 3229 1944; x_wconf 86' lang='grc' dir='ltr'><strong>πολιτείας</strong></span> <span class='ocrx_word' id='word_1_704' title='bbox 3275 1879 3559 1951; x_wconf 74' lang='grc' dir='ltr'><strong>ἐπιζητεῖν</strong></span> <span class='ocrx_word' id='word_1_705' title='bbox 3608 1882 3782 1956; x_wconf 71' lang='grc'>[126]</span> 
     </span>
    </p>
   </div>
   <div class='ocr_carea' id='block_1_85' title="bbox 2110 1961 3785 2037">
    <p class='ocr_par' dir='ltr' id='par_1_85' title="bbox 2110 1961 3785 2037">
     <span class='ocr_line' id='line_1_86' title="bbox 2110 1961 3785 2037; baseline 0.005 -23"><span class='ocrx_word' id='word_1_706' title='bbox 2110 1961 2416 2032; x_wconf 89' lang='grc' dir='ltr'><strong>ἀκρίϐειαν,</strong></span> <span class='ocrx_word' id='word_1_707' title='bbox 2451 1963 2615 2033; x_wconf 88' lang='grc' dir='ltr'><strong>ήνίκα</strong></span> <span class='ocrx_word' id='word_1_708' title='bbox 2664 1963 2730 2018; x_wconf 85' lang='grc' dir='ltr'><strong>ἂν</strong></span> <span class='ocrx_word' id='word_1_709' title='bbox 2758 1964 2854 2037; x_wconf 81' lang='grc' dir='ltr'><strong>δέῃ</strong></span> <span class='ocrx_word' id='word_1_710' title='bbox 2896 1983 2948 2018; x_wconf 91' lang='grc' dir='ltr'><strong>τι</strong></span> <span class='ocrx_word' id='word_1_711' title='bbox 2975 1965 3084 2018; x_wconf 83' lang='grc' dir='ltr'><strong>τῶν</strong></span> <span class='ocrx_word' id='word_1_712' title='bbox 3127 1964 3289 2020; x_wconf 90' lang='grc' dir='ltr'><strong>θείων</strong></span> <span class='ocrx_word' id='word_1_713' title='bbox 3327 1966 3524 2035; x_wconf 90' lang='grc' dir='ltr'><strong>λογίων</strong></span> <span class='ocrx_word' id='word_1_714' title='bbox 3550 1970 3785 2022; x_wconf 85' lang='grc' dir='ltr'><strong>ἐκκαλύ-</strong></span> 
     </span>
    </p>
   </div>
   <div class='ocr_carea' id='block_1_86' title="bbox 2112 2050 3802 2124">
    <p class='ocr_par' dir='ltr' id='par_1_86' title="bbox 2112 2050 3802 2124">
     <span class='ocr_line' id='line_1_87' title="bbox 2112 2050 3802 2124; baseline 0.006 -24"><span class='ocrx_word' id='word_1_715' title='bbox 2112 2065 2286 2113; x_wconf 89' lang='grc' dir='ltr'><strong>πτειν,</strong></span> <span class='ocrx_word' id='word_1_716' title='bbox 2323 2051 2410 2102; x_wconf 82' lang='grc' dir='ltr'><strong>ἴνα</strong></span> <span class='ocrx_word' id='word_1_717' title='bbox 2442 2050 2518 2121; x_wconf 83' lang='grc' dir='ltr'><strong>μὴ</strong></span> <span class='ocrx_word' id='word_1_718' title='bbox 2559 2052 2846 2115; x_wconf 88' lang='grc' dir='ltr'><strong>κάκείνους</strong></span> <span class='ocrx_word' id='word_1_719' title='bbox 2874 2054 2968 2106; x_wconf 78' lang='grc' dir='ltr'><strong>καὶ</strong></span> <span class='ocrx_word' id='word_1_720' title='bbox 3008 2053 3234 2114; x_wconf 86' lang='grc' dir='ltr'><strong>ἐαυτοὺς</strong></span> <span class='ocrx_word' id='word_1_721' title='bbox 3277 2053 3684 2124; x_wconf 68' lang='grc' dir='ltr'><strong>λδμαινώμεθα.</strong></span> <span class='ocrx_word' id='word_1_722' title='bbox 3717 2058 3802 2110; x_wconf 69' lang='lat' dir='ltr'><strong>Ol.</strong></span> 
     </span>
    </p>
   </div>
   <div class='ocr_carea' id='block_1_87' title="bbox 2109 2135 3780 2211">
    <p class='ocr_par' dir='ltr' id='par_1_87' title="bbox 2109 2135 3780 2211">
     <span class='ocr_line' id='line_1_88' title="bbox 2109 2135 3780 2211; baseline 0.007 -25"><span class='ocrx_word' id='word_1_723' title='bbox 2109 2135 2220 2206; x_wconf 71' lang='grc' dir='ltr'><strong>γὰρ</strong></span> <span class='ocrx_word' id='word_1_724' title='bbox 2253 2135 2481 2190; x_wconf 87' lang='grc' dir='ltr'><strong>τοιοῦτοι</strong></span> <span class='ocrx_word' id='word_1_725' title='bbox 2509 2138 2570 2191; x_wconf 85' lang='grc' dir='ltr'><strong>οὑ</strong></span> <span class='ocrx_word' id='word_1_726' title='bbox 2613 2139 2771 2208; x_wconf 91' lang='grc' dir='ltr'><strong>μόνον</strong></span> <span class='ocrx_word' id='word_1_727' title='bbox 2812 2139 2965 2192; x_wconf 76' lang='grc' dir='ltr'><strong>οὐδὲν</strong></span> <span class='ocrx_word' id='word_1_728' title='bbox 3006 2140 3377 2211; x_wconf 87' lang='grc' dir='ltr'><strong>κερδαίνουσιν</strong></span> <span class='ocrx_word' id='word_1_729' title='bbox 3412 2142 3522 2195; x_wconf 84' lang='grc' dir='ltr'><strong>ἀπὸ</strong></span> <span class='ocrx_word' id='word_1_730' title='bbox 3556 2143 3664 2195; x_wconf 80' lang='grc' dir='ltr'><strong>τῶν</strong></span> <span class='ocrx_word' id='word_1_731' title='bbox 3690 2144 3780 2197; x_wconf 87' lang='grc' dir='ltr'><strong>λε-</strong></span> 
     </span>
    </p>
   </div>
   <div class='ocr_carea' id='block_1_88' title="bbox 2107 2223 3797 2300">
    <p class='ocr_par' dir='ltr' id='par_1_88' title="bbox 2107 2223 3797 2300">
     <span class='ocr_line' id='line_1_89' title="bbox 2107 2223 3797 2300; baseline 0.005 -24"><span class='ocrx_word' id='word_1_732' title='bbox 2107 2223 2373 2294; x_wconf 86' lang='grc' dir='ltr'><strong>γομένων,</strong></span> <span class='ocrx_word' id='word_1_733' title='bbox 2403 2224 2540 2278; x_wconf 89' lang='grc' dir='ltr'><strong>ἀλλά</strong></span> <span class='ocrx_word' id='word_1_734' title='bbox 2571 2226 2666 2278; x_wconf 78' lang='grc' dir='ltr'><strong>καί</strong></span> <span class='ocrx_word' id='word_1_735' title='bbox 2697 2227 2824 2289; x_wconf 80' lang='grc' dir='ltr'><strong>τοὺς</strong></span> <span class='ocrx_word' id='word_1_736' title='bbox 2851 2226 3222 2294; x_wconf 83' lang='grc' dir='ltr'><strong>ἀνεξετάστως</strong></span> <span class='ocrx_word' id='word_1_737' title='bbox 3263 2229 3606 2300; x_wconf 85' lang='grc' dir='ltr'><strong>παραθέντας</strong></span> <span class='ocrx_word' id='word_1_738' title='bbox 3651 2232 3797 2296; x_wconf 63' lang='grc' dir='ltr'><strong>’τοὺς⁸</strong></span> 
     </span>
    </p>
   </div>
   <div class='ocr_carea' id='block_1_89' title="bbox 2111 2312 3797 2392">
    <p class='ocr_par' dir='ltr' id='par_1_89' title="bbox 2111 2312 3797 2392">
     <span class='ocr_line' id='line_1_90' title="bbox 2111 2312 3797 2392; baseline 0.001 -27"><span class='ocrx_word' id='word_1_739' title='bbox 2111 2312 2305 2376; x_wconf 75' lang='grc' dir='ltr'><strong>καλοὺς</strong></span> <span class='ocrx_word' id='word_1_740' title='bbox 2345 2312 2567 2377; x_wconf 88' lang='grc' dir='ltr'><strong>τούτους</strong></span> <span class='ocrx_word' id='word_1_741' title='bbox 2601 2314 2976 2386; x_wconf 85' lang='grc' dir='ltr'><strong>μαργαρίτας,</strong></span> <span class='ocrx_word' id='word_1_742' title='bbox 3011 2319 3091 2379; x_wconf 90' lang='grc' dir='ltr'><strong>εἰς</strong></span> <span class='ocrx_word' id='word_1_743' title='bbox 3127 2316 3190 2369; x_wconf 82' lang='grc' dir='ltr'><strong>τὸ</strong></span> <span class='ocrx_word' id='word_1_744' title='bbox 3215 2317 3350 2370; x_wconf 81' lang='grc' dir='ltr'><strong>αὑτὸ</strong></span> <span class='ocrx_word' id='word_1_745' title='bbox 3396 2319 3580 2392; x_wconf 78' lang='grc' dir='ltr'><strong>αὐτοῖς</strong></span> <span class='ocrx_word' id='word_1_746' title='bbox 3610 2319 3797 2390; x_wconf 61' lang='grc' dir='ltr'><strong>βάραε.</strong></span> 
     </span>
    </p>
   </div>
   <div class='ocr_carea' id='block_1_90' title="bbox 2109 2401 3786 2478">
    <p class='ocr_par' dir='ltr' id='par_1_90' title="bbox 2109 2401 3786 2478">
     <span class='ocr_line' id='line_1_91' title="bbox 2109 2401 3786 2478; baseline 0.005 -24"><span class='ocrx_word' id='word_1_747' title='bbox 2109 2402 2236 2472; x_wconf 90' lang='grc' dir='ltr'><strong>θρον</strong></span> <span class='ocrx_word' id='word_1_748' title='bbox 2260 2401 2360 2470; x_wconf 87' lang='grc' dir='ltr'><strong>τῆς</strong></span> <span class='ocrx_word' id='word_1_749' title='bbox 2388 2401 2665 2466; x_wconf 78' lang='grc' dir='ltr'><strong>ἀπωλείας</strong></span> <span class='ocrx_word' id='word_1_750' title='bbox 2709 2403 2970 2467; x_wconf 85' lang='grc' dir='ltr'><strong>πολλάκις</strong></span> <span class='ocrx_word' id='word_1_751' title='bbox 3011 2406 3348 2475; x_wconf 84' lang='grc' dir='ltr'><strong>κατήγαγον.</strong></span> <span class='ocrx_word' id='word_1_752' title='bbox 3377 2405 3468 2458; x_wconf 84' lang='grc' dir='ltr'><strong>Διὸ</strong></span> <span class='ocrx_word' id='word_1_753' title='bbox 3500 2408 3602 2478; x_wconf 84' lang='grc' dir='ltr'><strong>χρὴ</strong></span> <span class='ocrx_word' id='word_1_754' title='bbox 3642 2409 3786 2478; x_wconf 88' lang='grc' dir='ltr'><strong>μετά</strong></span> 
     </span>
    </p>
   </div>
   <div class='ocr_carea' id='block_1_91' title="bbox 2107 2489 3783 2563">
    <p class='ocr_par' dir='ltr' id='par_1_91' title="bbox 2107 2489 3783 2563">
     <span class='ocr_line' id='line_1_92' title="bbox 2107 2489 3783 2563; baseline 0.005 -23"><span class='ocrx_word' id='word_1_755' title='bbox 2107 2489 2390 2560; x_wconf 87' lang='grc' dir='ltr'><strong>ἀκριϐείας</strong></span> <span class='ocrx_word' id='word_1_756' title='bbox 2417 2489 2590 2544; x_wconf 88' lang='grc' dir='ltr'><strong>ταῦτα</strong></span> <span class='ocrx_word' id='word_1_757' title='bbox 2615 2490 3150 2562; x_wconf 87' lang='grc' dir='ltr'><strong>παραφυλάττεσθαι,</strong></span> <span class='ocrx_word' id='word_1_758' title='bbox 3179 2493 3268 2546; x_wconf 81' lang='grc' dir='ltr'><strong>ἵνα</strong></span> <span class='ocrx_word' id='word_1_759' title='bbox 3300 2493 3374 2563; x_wconf 85' lang='grc' dir='ltr'><strong>μὴ</strong></span> <span class='ocrx_word' id='word_1_760' title='bbox 3403 2493 3474 2546; x_wconf 82' lang='grc' dir='ltr'><strong>τὰ</strong></span> <span class='ocrx_word' id='word_1_761' title='bbox 3500 2495 3638 2548; x_wconf 87' lang='grc' dir='ltr'><strong>αὑτά</strong></span> <span class='ocrx_word' id='word_1_762' title='bbox 3671 2498 3783 2560; x_wconf 89' lang='grc' dir='ltr'><strong>τοῖς</strong></span> 
     </span>
    </p>
   </div>
   <div class='ocr_carea' id='block_1_92' title="bbox 2107 2577 3780 2655">
    <p class='ocr_par' dir='ltr' id='par_1_92' title="bbox 2107 2577 3780 2655">
     <span class='ocr_line' id='line_1_93' title="bbox 2107 2577 3780 2655; baseline 0.003 -26"><span class='ocrx_word' id='word_1_763' title='bbox 2107 2577 2202 2630; x_wconf 91' lang='grc' dir='ltr'><strong>νῦν</strong></span> <span class='ocrx_word' id='word_1_764' title='bbox 2243 2578 2602 2649; x_wconf 89' lang='grc' dir='ltr'><strong>ἀπατηθείσιν</strong></span> <span class='ocrx_word' id='word_1_765' title='bbox 2636 2579 3017 2650; x_wconf 83' lang='grc' dir='ltr'><strong>ὑπομένωμεν.</strong></span> <span class='ocrx_word' id='word_1_766' title='bbox 3052 2581 3116 2635; x_wconf 74' lang='lat' dir='ltr'><strong>EE</strong></span> <span class='ocrx_word' id='word_1_767' title='bbox 3162 2580 3271 2652; x_wconf 82' lang='grc' dir='ltr'><strong>γάρ</strong></span> <span class='ocrx_word' id='word_1_768' title='bbox 3311 2581 3405 2634; x_wconf 80' lang='grc' dir='ltr'><strong>καὶ</strong></span> <span class='ocrx_word' id='word_1_769' title='bbox 3449 2580 3544 2634; x_wconf 88' lang='grc' dir='ltr'><strong>νῦν</strong></span> <span class='ocrx_word' id='word_1_770' title='bbox 3580 2583 3612 2651; x_wconf 88' lang='grc' dir='ltr'><strong>ή</strong></span> <span class='ocrx_word' id='word_1_771' title='bbox 3643 2583 3780 2655; x_wconf 86' lang='grc' dir='ltr'><strong>γυνὴ</strong></span> 
     </span>
    </p>
   </div>
   <div class='ocr_carea' id='block_1_93' title="bbox 2107 2663 3778 2741">
    <p class='ocr_par' dir='ltr' id='par_1_93' title="bbox 2107 2663 3778 2741">
     <span class='ocr_line' id='line_1_94' title="bbox 2107 2663 3778 2741; baseline 0.002 -25"><span class='ocrx_word' id='word_1_772' title='bbox 2107 2663 2371 2736; x_wconf 84' lang='grc' dir='ltr'><strong>ἐϐουλήθη</strong></span> <span class='ocrx_word' id='word_1_773' title='bbox 2392 2667 2517 2730; x_wconf 81' lang='grc' dir='ltr'><strong>τοὺς</strong></span> <span class='ocrx_word' id='word_1_774' title='bbox 2535 2665 2714 2730; x_wconf 90' lang='grc' dir='ltr'><strong>θείους</strong></span> <span class='ocrx_word' id='word_1_775' title='bbox 2737 2667 3080 2738; x_wconf 86' lang='grc' dir='ltr'><strong>μαργαρίτας</strong></span> <span class='ocrx_word' id='word_1_776' title='bbox 3103 2667 3178 2738; x_wconf 81' lang='grc' dir='ltr'><strong>μὴ</strong></span> <span class='ocrx_word' id='word_1_777' title='bbox 3198 2670 3476 2738; x_wconf 87' lang='grc' dir='ltr'><strong>προθεῖναι</strong></span> <span class='ocrx_word' id='word_1_778' title='bbox 3495 2667 3572 2738; x_wconf 85' lang='grc' dir='ltr'><strong>τῷ</strong></span> <span class='ocrx_word' id='word_1_779' title='bbox 3589 2669 3778 2741; x_wconf 88' lang='grc' dir='ltr'><strong>χοίρῳ,</strong></span> 
     </span>
    </p>
   </div>
   <div class='ocr_carea' id='block_1_94' title="bbox 2105 2747 3790 2824">
    <p class='ocr_par' dir='ltr' id='par_1_94' title="bbox 2105 2747 3790 2824">
     <span class='ocr_line' id='line_1_95' title="bbox 2105 2747 3790 2824; baseline 0.002 -24"><span class='ocrx_word' id='word_1_780' title='bbox 2105 2749 2205 2800; x_wconf 87' lang='grc' dir='ltr'><strong>οὑκ</strong></span> <span class='ocrx_word' id='word_1_781' title='bbox 2253 2749 2318 2802; x_wconf 86' lang='grc' dir='ltr'><strong>ἂν</strong></span> <span class='ocrx_word' id='word_1_782' title='bbox 2360 2747 2485 2801; x_wconf 85' lang='grc' dir='ltr'><strong>οὑτε</strong></span> <span class='ocrx_word' id='word_1_783' title='bbox 2531 2751 2667 2821; x_wconf 83' lang='grc' dir='ltr'><strong>αὑτὴ</strong></span> <span class='ocrx_word' id='word_1_784' title='bbox 2711 2753 2790 2812; x_wconf 89' lang='grc' dir='ltr'><strong>είς</strong></span> <span class='ocrx_word' id='word_1_785' title='bbox 2821 2751 2909 2803; x_wconf 89' lang='grc' dir='ltr'><strong>τὸν</strong></span> <span class='ocrx_word' id='word_1_786' title='bbox 2940 2752 3181 2821; x_wconf 83' lang='grc' dir='ltr'><strong>κρημνὸν</strong></span> <span class='ocrx_word' id='word_1_787' title='bbox 3212 2751 3399 2804; x_wconf 85' lang='grc' dir='ltr'><strong>τοῦτον</strong></span> <span class='ocrx_word' id='word_1_788' title='bbox 3439 2752 3790 2824; x_wconf 67' lang='grc' dir='ltr'><strong>κατηνέχθη,⁵</strong></span> 
     </span>
    </p>
   </div>
   <div class='ocr_carea' id='block_1_95' title="bbox 2105 2834 3044 2907">
    <p class='ocr_par' dir='ltr' id='par_1_95' title="bbox 2105 2834 3044 2907">
     <span class='ocr_line' id='line_1_96' title="bbox 2105 2834 3044 2907; baseline 0.003 -19"><span class='ocrx_word' id='word_1_789' title='bbox 2105 2834 2228 2888; x_wconf 78' lang='grc' dir='ltr'><strong>οὔτε</strong></span> <span class='ocrx_word' id='word_1_790' title='bbox 2254 2835 2346 2889; x_wconf 81' lang='grc' dir='ltr'><strong>τὸν</strong></span> <span class='ocrx_word' id='word_1_791' title='bbox 2373 2836 2540 2907; x_wconf 80' lang='grc' dir='ltr'><strong>ἄνδρα</strong></span> <span class='ocrx_word' id='word_1_792' title='bbox 2573 2837 3044 2906; x_wconf 87' lang='grc' dir='ltr'><strong>συγκατέσπασεν.</strong></span> 
     </span>
    </p>
   </div>
   <div class='ocr_carea' id='block_1_96' title="bbox 2174 2923 3800 2996">
    <p class='ocr_par' dir='ltr' id='par_1_96' title="bbox 2174 2923 3800 2996">
     <span class='ocr_line' id='line_1_97' title="bbox 2174 2923 3800 2996; baseline 0.003 -20"><span class='ocrx_word' id='word_1_793' title='bbox 2174 2930 2243 2992; x_wconf 93' lang='lat'><strong>7’.</strong></span> <span class='ocrx_word' id='word_1_794' title='bbox 2281 2923 2419 2977; x_wconf 80' lang='grc' dir='ltr'><strong>Ἀλλ’</strong></span> <span class='ocrx_word' id='word_1_795' title='bbox 2449 2924 2772 2995; x_wconf 85' lang='grc' dir='ltr'><strong>ἀκούσωμεν</strong></span> <span class='ocrx_word' id='word_1_796' title='bbox 2788 2925 2841 2976; x_wconf 89' lang='grc' dir='ltr'><strong>τί</strong></span> <span class='ocrx_word' id='word_1_797' title='bbox 2860 2925 2995 2996; x_wconf 78' lang='grc' dir='ltr'><strong>πρὸς</strong></span> <span class='ocrx_word' id='word_1_798' title='bbox 3011 2925 3170 2978; x_wconf 81' lang='grc' dir='ltr'><strong>αὑτὸν</strong></span> <span class='ocrx_word' id='word_1_799' title='bbox 3191 2925 3563 2996; x_wconf 87' lang='grc' dir='ltr'><strong>ἀποκρίνεται,</strong></span> <span class='ocrx_word' id='word_1_800' title='bbox 3582 2929 3800 2981; x_wconf 65' lang='grc' dir='ltr'><strong>Εἰπόνι.</strong></span> 
     </span>
    </p>
   </div>
   <div class='ocr_carea' id='block_1_97' title="bbox 2105 3009 3795 3083">
    <p class='ocr_par' dir='ltr' id='par_1_97' title="bbox 2105 3009 3795 3083">
     <span class='ocr_line' id='line_1_98' title="bbox 2105 3009 3795 3083; baseline -0.001 -18"><span class='ocrx_word' id='word_1_801' title='bbox 2105 3029 2194 3075; x_wconf 90' lang='grc' dir='ltr'><strong>τος</strong></span> <span class='ocrx_word' id='word_1_802' title='bbox 2213 3011 2323 3083; x_wconf 91' lang='grc' dir='ltr'><strong>γάρ</strong></span> <span class='ocrx_word' id='word_1_803' title='bbox 2343 3012 2572 3076; x_wconf 89' lang='grc' dir='ltr'><strong>ἐκείνου,</strong></span> <span class='ocrx_word' id='word_1_804' title='bbox 2607 3013 2666 3066; x_wconf 69' lang='lat' dir='ltr'><strong>Ti</strong></span> <span class='ocrx_word' id='word_1_805' title='bbox 2691 3013 2781 3066; x_wconf 85' lang='grc' dir='ltr'><strong>ὅτι</strong></span> <span class='ocrx_word' id='word_1_806' title='bbox 2805 3009 2974 3066; x_wconf 78' lang='grc' dir='ltr'><strong>εἶπεν</strong></span> <span class='ocrx_word' id='word_1_807' title='bbox 3000 3015 3032 3065; x_wconf 83' lang='grc' dir='ltr'><strong>ό</strong></span> <span class='ocrx_word' id='word_1_808' title='bbox 3057 3011 3220 3078; x_wconf 82' lang='grc' dir='ltr'><strong>Θεὸς,</strong></span> <span class='ocrx_word' id='word_1_809' title='bbox 3262 3013 3404 3067; x_wconf 83' lang='grc' dir='ltr'><strong>Ἀπὸ</strong></span> <span class='ocrx_word' id='word_1_810' title='bbox 3432 3013 3658 3081; x_wconf 82' lang='grc' dir='ltr'><strong>παντὸς</strong></span> <span class='ocrx_word' id='word_1_811' title='bbox 3677 3015 3795 3080; x_wconf 60' lang='grc' dir='ltr'><strong>ξύ..</strong></span> 
     </span>
    </p>
   </div>
   <div class='ocr_carea' id='block_1_98' title="bbox 2103 3099 3805 3176">
    <p class='ocr_par' dir='ltr' id='par_1_98' title="bbox 2103 3099 3805 3176">
     <span class='ocr_line' id='line_1_99' title="bbox 2103 3099 3805 3176; baseline 0.001 -23"><span class='ocrx_word' id='word_1_812' title='bbox 2103 3103 2218 3154; x_wconf 83' lang='grc' dir='ltr'><strong>λου</strong></span> <span class='ocrx_word' id='word_1_813' title='bbox 2246 3099 2354 3154; x_wconf 86' lang='grc' dir='ltr'><strong>τοῦ</strong></span> <span class='ocrx_word' id='word_1_814' title='bbox 2380 3099 2753 3168; x_wconf 81' lang='grc' dir='ltr'><strong>παραδείσου</strong></span> <span class='ocrx_word' id='word_1_815' title='bbox 2787 3101 2859 3154; x_wconf 89' lang='grc' dir='ltr'><strong>οὺ</strong></span> <span class='ocrx_word' id='word_1_816' title='bbox 2890 3101 2976 3169; x_wconf 77' lang='grc' dir='ltr'><strong>μὴ</strong></span> <span class='ocrx_word' id='word_1_817' title='bbox 3000 3099 3262 3170; x_wconf 66' lang='grc' dir='ltr'><strong>φάγητε;</strong></span> <span class='ocrx_word' id='word_1_818' title='bbox 3291 3101 3456 3171; x_wconf 74' lang='grc' dir='ltr'><strong>φησὶν</strong></span> <span class='ocrx_word' id='word_1_819' title='bbox 3478 3103 3512 3173; x_wconf 79' lang='grc' dir='ltr'>ὴ</span> <span class='ocrx_word' id='word_1_820' title='bbox 3539 3103 3805 3176; x_wconf 31' lang='grc' dir='ltr'><strong>γυνὴιτῷ.</strong></span> 
     </span>
    </p>
   </div>
   <div class='ocr_carea' id='block_1_99' title="bbox 2103 3187 3776 3260">
    <p class='ocr_par' dir='ltr' id='par_1_99' title="bbox 2103 3187 3776 3260">
     <span class='ocr_line' id='line_1_100' title="bbox 2103 3187 3776 3260; baseline 0.003 -21"><span class='ocrx_word' id='word_1_821' title='bbox 2103 3187 2223 3256; x_wconf 70' lang='grc' dir='ltr'><strong>ὕφει</strong></span> <span class='ocrx_word' id='word_1_822' title='bbox 2243 3206 2255 3220; x_wconf 78' lang='grc' dir='ltr'><strong><em>ο</em></strong></span> <span class='ocrx_word' id='word_1_823' title='bbox 2293 3189 2424 3242; x_wconf 83' lang='grc' dir='ltr'><strong>Ἀπὸ</strong></span> <span class='ocrx_word' id='word_1_824' title='bbox 2448 3188 2676 3254; x_wconf 85' lang='grc' dir='ltr'><strong>παντὸς</strong></span> <span class='ocrx_word' id='word_1_825' title='bbox 2697 3188 2888 3252; x_wconf 81' lang='grc' dir='ltr'><strong>ξύλου</strong></span> <span class='ocrx_word' id='word_1_826' title='bbox 2910 3187 3017 3241; x_wconf 87' lang='grc' dir='ltr'><strong>τοῦ</strong></span> <span class='ocrx_word' id='word_1_827' title='bbox 3040 3187 3411 3256; x_wconf 84' lang='grc' dir='ltr'><strong>παραδείσου</strong></span> <span class='ocrx_word' id='word_1_828' title='bbox 3431 3192 3737 3260; x_wconf 73' lang='grc' dir='ltr'><strong>φαγόμεθα</strong></span> <span class='ocrx_word' id='word_1_829' title='bbox 3761 3208 3776 3221; x_wconf 91' lang='grc'><strong>·</strong></span> 
     </span>
    </p>
   </div>
   <div class='ocr_carea' id='block_1_100' title="bbox 2102 3275 3782 3346">
    <p class='ocr_par' dir='ltr' id='par_1_100' title="bbox 2102 3275 3782 3346">
     <span class='ocr_line' id='line_1_101' title="bbox 2102 3275 3782 3346; baseline 0.001 -16"><span class='ocrx_word' id='word_1_830' title='bbox 2102 3276 2223 3330; x_wconf 76' lang='grc' dir='ltr'><strong>ἀπὸ</strong></span> <span class='ocrx_word' id='word_1_831' title='bbox 2242 3275 2310 3328; x_wconf 83' lang='grc' dir='ltr'><strong>δὲ</strong></span> <span class='ocrx_word' id='word_1_832' title='bbox 2342 3275 2450 3329; x_wconf 83' lang='grc' dir='ltr'><strong>τοῦ</strong></span> <span class='ocrx_word' id='word_1_833' title='bbox 2483 3277 2712 3345; x_wconf 78' lang='grc' dir='ltr'><strong>καρποῦ</strong></span> <span class='ocrx_word' id='word_1_834' title='bbox 2743 3275 2850 3330; x_wconf 86' lang='grc' dir='ltr'><strong>τοῦ</strong></span> <span class='ocrx_word' id='word_1_835' title='bbox 2877 3276 3069 3341; x_wconf 87' lang='grc' dir='ltr'><strong>ξύλου</strong></span> <span class='ocrx_word' id='word_1_836' title='bbox 3097 3277 3204 3330; x_wconf 83' lang='grc' dir='ltr'><strong>τοῦ</strong></span> <span class='ocrx_word' id='word_1_837' title='bbox 3227 3277 3298 3330; x_wconf 80' lang='grc' dir='ltr'><strong>ἐν</strong></span> <span class='ocrx_word' id='word_1_838' title='bbox 3324 3277 3494 3346; x_wconf 82' lang='grc' dir='ltr'><strong>μέσῳ</strong></span> <span class='ocrx_word' id='word_1_839' title='bbox 3529 3277 3637 3332; x_wconf 85' lang='grc' dir='ltr'><strong>τοῦ</strong></span> <span class='ocrx_word' id='word_1_840' title='bbox 3668 3295 3782 3332; x_wconf 82' lang='grc' dir='ltr'><strong>πα-</strong></span> 
     </span>
    </p>
   </div>
   <div class='ocr_carea' id='block_1_101' title="bbox 2094 3361 3780 3436">
    <p class='ocr_par' dir='ltr' id='par_1_101' title="bbox 2094 3361 3780 3436">
     <span class='ocr_line' id='line_1_102' title="bbox 2094 3361 3780 3436; baseline 0.004 -19"><span class='ocrx_word' id='word_1_841' title='bbox 2094 3363 2406 3432; x_wconf 85' lang='grc' dir='ltr'><strong>ραδείσου,</strong></span> <span class='ocrx_word' id='word_1_842' title='bbox 2429 3361 2600 3418; x_wconf 77' lang='grc' dir='ltr'><strong>εἶπεν</strong></span> <span class='ocrx_word' id='word_1_843' title='bbox 2617 3368 2649 3418; x_wconf 84' lang='grc' dir='ltr'><strong>ὸ</strong></span> <span class='ocrx_word' id='word_1_844' title='bbox 2668 3365 2832 3430; x_wconf 78' lang='grc' dir='ltr'><strong>Θεὸς.</strong></span> <span class='ocrx_word' id='word_1_845' title='bbox 2855 3366 2936 3418; x_wconf 84' lang='grc' dir='ltr'><strong>Οὐ</strong></span> <span class='ocrx_word' id='word_1_846' title='bbox 2957 3363 3249 3434; x_wconf 63' lang='grc' dir='ltr'><strong>φάγησθε,</strong></span> <span class='ocrx_word' id='word_1_847' title='bbox 3273 3364 3414 3418; x_wconf 74' lang='grc' dir='ltr'><strong>οὐδὲ</strong></span> <span class='ocrx_word' id='word_1_848' title='bbox 3429 3365 3516 3435; x_wconf 82' lang='grc' dir='ltr'><strong>μὴ</strong></span> <span class='ocrx_word' id='word_1_849' title='bbox 3538 3367 3780 3436; x_wconf 73' lang='grc' dir='ltr'><strong>ἅψησΟε</strong></span> 
     </span>
    </p>
   </div>
   <div class='ocr_carea' id='block_1_102' title="bbox 2101 3451 3786 3523">
    <p class='ocr_par' dir='ltr' id='par_1_102' title="bbox 2101 3451 3786 3523">
     <span class='ocr_line' id='line_1_103' title="bbox 2101 3451 3786 3523; baseline 0.004 -20"><span class='ocrx_word' id='word_1_850' title='bbox 2101 3451 2311 3515; x_wconf 82' lang='grc' dir='ltr'><strong>αὑτοῦ,</strong></span> <span class='ocrx_word' id='word_1_851' title='bbox 2353 3452 2454 3506; x_wconf 79' lang='grc' dir='ltr'><strong>ἵνα</strong></span> <span class='ocrx_word' id='word_1_852' title='bbox 2475 3452 2558 3522; x_wconf 77' lang='grc' dir='ltr'><strong>μὴ</strong></span> <span class='ocrx_word' id='word_1_853' title='bbox 2581 3451 2942 3518; x_wconf 78' lang='grc' dir='ltr'><strong>ἀποθάνητε.</strong></span> <span class='ocrx_word' id='word_1_854' title='bbox 2974 3451 3126 3515; x_wconf 84' lang='grc' dir='ltr'><strong>Εἶδες</strong></span> <span class='ocrx_word' id='word_1_855' title='bbox 3147 3455 3484 3523; x_wconf 84' lang='grc' dir='ltr'><strong>κακουργίαν</strong></span> <span class='ocrx_word' id='word_1_856' title='bbox 3509 3472 3522 3520; x_wconf 94' lang='grc'><strong>;</strong></span> <span class='ocrx_word' id='word_1_857' title='bbox 3562 3452 3696 3509; x_wconf 81' lang='grc' dir='ltr'><strong>Εἷπε</strong></span> <span class='ocrx_word' id='word_1_858' title='bbox 3717 3457 3786 3510; x_wconf 82' lang='grc' dir='ltr'><strong>τὸ-</strong></span> 
     </span>
    </p>
   </div>
   <div class='ocr_carea' id='block_1_103' title="bbox 2105 3539 3802 3614">
    <p class='ocr_par' dir='ltr' id='par_1_103' title="bbox 2105 3539 3802 3614">
     <span class='ocr_line' id='line_1_104' title="bbox 2105 3539 3802 3614; baseline 0.002 -20"><span class='ocrx_word' id='word_1_859' title='bbox 2105 3542 2178 3612; x_wconf 82' lang='grc' dir='ltr'><strong>μὴ</strong></span> <span class='ocrx_word' id='word_1_860' title='bbox 2205 3541 2285 3600; x_wconf 80' lang='grc' dir='ltr'><strong>δν.</strong></span> <span class='ocrx_word' id='word_1_861' title='bbox 2343 3541 2430 3592; x_wconf 75' lang='grc' dir='ltr'><strong>ἵνα</strong></span> <span class='ocrx_word' id='word_1_862' title='bbox 2472 3539 2908 3610; x_wconf 86' lang='grc' dir='ltr'><strong>ἐκκαλεσάμενος</strong></span> <span class='ocrx_word' id='word_1_863' title='bbox 2953 3540 3123 3610; x_wconf 84' lang='grc' dir='ltr'><strong>αὑτὴν</strong></span> <span class='ocrx_word' id='word_1_864' title='bbox 3170 3541 3249 3604; x_wconf 78' lang='grc' dir='ltr'><strong>εἰς</strong></span> <span class='ocrx_word' id='word_1_865' title='bbox 3280 3539 3514 3605; x_wconf 87' lang='grc' dir='ltr'><strong>διάλεξιν</strong></span> <span class='ocrx_word' id='word_1_866' title='bbox 3541 3542 3688 3614; x_wconf 86' lang='grc' dir='ltr'><strong>μάθῃ</strong></span> <span class='ocrx_word' id='word_1_867' title='bbox 3715 3545 3802 3599; x_wconf 76' lang='grc' dir='ltr'><strong>τὸ..</strong></span> 
     </span>
    </p>
   </div>
   <div class='ocr_carea' id='block_1_104' title="bbox 2100 3626 3776 3700">
    <p class='ocr_par' dir='ltr' id='par_1_104' title="bbox 2100 3626 3776 3700">
     <span class='ocr_line' id='line_1_105' title="bbox 2100 3626 3776 3700; baseline -0.004 -20"><span class='ocrx_word' id='word_1_868' title='bbox 2100 3629 2173 3682; x_wconf 79' lang='grc' dir='ltr'><strong>δν.</strong></span> <span class='ocrx_word' id='word_1_869' title='bbox 2221 3629 2282 3682; x_wconf 88' lang='grc' dir='ltr'><strong><em>Ἡ</em></strong></span> <span class='ocrx_word' id='word_1_870' title='bbox 2328 3627 2436 3698; x_wconf 80' lang='grc' dir='ltr'><strong>γὰρ</strong></span> <span class='ocrx_word' id='word_1_871' title='bbox 2471 3627 2605 3697; x_wconf 86' lang='grc' dir='ltr'><strong>γυνὴ</strong></span> <span class='ocrx_word' id='word_1_872' title='bbox 2637 3626 2821 3680; x_wconf 86' lang='grc' dir='ltr'><strong>λοιπὸν</strong></span> <span class='ocrx_word' id='word_1_873' title='bbox 2843 3667 2858 3691; x_wconf 98' lang='grc'><strong>,</strong></span> <span class='ocrx_word' id='word_1_874' title='bbox 2887 3627 2963 3692; x_wconf 87' lang='grc' dir='ltr'><strong>ὼς</strong></span> <span class='ocrx_word' id='word_1_875' title='bbox 2999 3627 3256 3690; x_wconf 87' lang='grc' dir='ltr'><strong>εὑνοῖκῶς</strong></span> <span class='ocrx_word' id='word_1_876' title='bbox 3287 3629 3415 3698; x_wconf 87' lang='grc' dir='ltr'><strong>περί</strong></span> <span class='ocrx_word' id='word_1_877' title='bbox 3457 3629 3626 3700; x_wconf 73' lang='grc' dir='ltr'><strong>αὐτὴν</strong></span> <span class='ocrx_word' id='word_1_878' title='bbox 3656 3631 3776 3684; x_wconf 83' lang='grc' dir='ltr'><strong>δια-</strong></span> 
     </span>
    </p>
   </div>
   <div class='ocr_carea' id='block_1_105' title="bbox 2103 3713 3776 3789">
    <p class='ocr_par' dir='ltr' id='par_1_105' title="bbox 2103 3713 3776 3789">
     <span class='ocr_line' id='line_1_106' title="bbox 2103 3713 3776 3789; baseline 0.001 -20"><span class='ocrx_word' id='word_1_879' title='bbox 2103 3716 2356 3787; x_wconf 90' lang='grc' dir='ltr'><strong>κειμένου</strong></span> <span class='ocrx_word' id='word_1_880' title='bbox 2379 3756 2394 3779; x_wconf 96' lang='grc'><strong>,</strong></span> <span class='ocrx_word' id='word_1_881' title='bbox 2441 3716 2762 3786; x_wconf 85' lang='grc' dir='ltr'><strong>θσρῥήσασα</strong></span> <span class='ocrx_word' id='word_1_882' title='bbox 2803 3716 2981 3768; x_wconf 78' lang='grc' dir='ltr'><strong>πᾶσαν</strong></span> <span class='ocrx_word' id='word_1_883' title='bbox 3019 3713 3349 3768; x_wconf 83' lang='grc' dir='ltr'><strong>ἐκκαλύπτει</strong></span> <span class='ocrx_word' id='word_1_884' title='bbox 3385 3716 3482 3785; x_wconf 83' lang='grc' dir='ltr'><strong>τὴν</strong></span> <span class='ocrx_word' id='word_1_885' title='bbox 3522 3718 3776 3789; x_wconf 81' lang='grc' dir='ltr'><strong>ἐντολὴν,</strong></span> 
     </span>
    </p>
   </div>
   <div class='ocr_carea' id='block_1_106' title="bbox 2100 3797 3794 3876">
    <p class='ocr_par' dir='ltr' id='par_1_106' title="bbox 2100 3797 3794 3876">
     <span class='ocr_line' id='line_1_107' title="bbox 2100 3797 3794 3876; baseline 0.002 -18"><span class='ocrx_word' id='word_1_886' title='bbox 2100 3805 2194 3858; x_wconf 78' lang='grc' dir='ltr'><strong>καὶ</strong></span> <span class='ocrx_word' id='word_1_887' title='bbox 2231 3805 2377 3872; x_wconf 87' lang='grc' dir='ltr'><strong>λέγει</strong></span> <span class='ocrx_word' id='word_1_888' title='bbox 2407 3805 2583 3858; x_wconf 89' lang='grc' dir='ltr'><strong>πάντα</strong></span> <span class='ocrx_word' id='word_1_889' title='bbox 2616 3804 2754 3874; x_wconf 88' lang='grc' dir='ltr'><strong>μετά</strong></span> <span class='ocrx_word' id='word_1_890' title='bbox 2788 3804 3094 3874; x_wconf 84' lang='grc' dir='ltr'><strong>ἀκριϐείας,</strong></span> <span class='ocrx_word' id='word_1_891' title='bbox 3127 3803 3220 3855; x_wconf 81' lang='grc' dir='ltr'><strong>καὶ</strong></span> <span class='ocrx_word' id='word_1_892' title='bbox 3244 3803 3314 3855; x_wconf 80' lang='grc' dir='ltr'><strong>δι’</strong></span> <span class='ocrx_word' id='word_1_893' title='bbox 3338 3797 3414 3856; x_wconf 87' lang='grc' dir='ltr'><strong>ὦν</strong></span> <span class='ocrx_word' id='word_1_894' title='bbox 3441 3804 3794 3876; x_wconf 71' lang='grc' dir='ltr'><strong>ἀπεκρίνατο.</strong></span> 
     </span>
    </p>
   </div>
   <div class='ocr_carea' id='block_1_107' title="bbox 2100 3890 3794 3963">
    <p class='ocr_par' dir='ltr' id='par_1_107' title="bbox 2100 3890 3794 3963">
     <span class='ocr_line' id='line_1_108' title="bbox 2100 3890 3794 3963; baseline 0.001 -18"><span class='ocrx_word' id='word_1_895' title='bbox 2100 3894 2280 3962; x_wconf 87' lang='grc' dir='ltr'><strong>πάσης</strong></span> <span class='ocrx_word' id='word_1_896' title='bbox 2320 3893 2518 3962; x_wconf 78' lang='grc' dir='ltr'><strong>ἑαυτὴν</strong></span> <span class='ocrx_word' id='word_1_897' title='bbox 2565 3893 2856 3961; x_wconf 83' lang='grc' dir='ltr'><strong>ἀποστερεῖ</strong></span> <span class='ocrx_word' id='word_1_898' title='bbox 2897 3890 3212 3959; x_wconf 77' lang='grc' dir='ltr'><strong>ἀπολογίας.</strong></span> <span class='ocrx_word' id='word_1_899' title='bbox 3255 3891 3321 3943; x_wconf 85' lang='grc' dir='ltr'><strong>Τί</strong></span> <span class='ocrx_word' id='word_1_900' title='bbox 3365 3892 3474 3963; x_wconf 83' lang='grc' dir='ltr'><strong>γὰρ</strong></span> <span class='ocrx_word' id='word_1_901' title='bbox 3512 3893 3578 3944; x_wconf 84' lang='grc' dir='ltr'><strong>ἂν</strong></span> <span class='ocrx_word' id='word_1_902' title='bbox 3629 3893 3794 3963; x_wconf 78' lang='grc' dir='ltr'><strong>ἔχοις</strong></span> 
     </span>
    </p>
   </div>
   <div class='ocr_carea' id='block_1_108' title="bbox 2098 3976 3774 4048">
    <p class='ocr_par' dir='ltr' id='par_1_108' title="bbox 2098 3976 3774 4048">
     <span class='ocr_line' id='line_1_109' title="bbox 2098 3976 3774 4048; baseline 0.002 -15"><span class='ocrx_word' id='word_1_903' title='bbox 2098 3983 2291 4045; x_wconf 83' lang='grc' dir='ltr'><strong>εἰπεῖν,</strong></span> <span class='ocrx_word' id='word_1_904' title='bbox 2323 3976 2368 4032; x_wconf 84' lang='grc' dir='ltr'><strong>ὦ</strong></span> <span class='ocrx_word' id='word_1_905' title='bbox 2404 3979 2600 4048; x_wconf 82' lang='grc' dir='ltr'><strong>γύναι;</strong></span> <span class='ocrx_word' id='word_1_906' title='bbox 2633 3976 2817 4034; x_wconf 75' lang='grc' dir='ltr'><strong>Εἶπεν</strong></span> <span class='ocrx_word' id='word_1_907' title='bbox 2856 3983 2889 4032; x_wconf 85' lang='grc' dir='ltr'><strong>ὀ</strong></span> <span class='ocrx_word' id='word_1_908' title='bbox 2927 3979 3091 4044; x_wconf 86' lang='grc' dir='ltr'><strong>Θεὸς,</strong></span> <span class='ocrx_word' id='word_1_909' title='bbox 3115 3980 3200 4031; x_wconf 86' lang='grc' dir='ltr'><strong>Οὐ</strong></span> <span class='ocrx_word' id='word_1_910' title='bbox 3236 3977 3325 4047; x_wconf 78' lang='grc' dir='ltr'><strong>μὴ</strong></span> <span class='ocrx_word' id='word_1_911' title='bbox 3373 3979 3602 4048; x_wconf 67' lang='grc' dir='ltr'><strong>φάγητε</strong></span> <span class='ocrx_word' id='word_1_912' title='bbox 3652 3983 3774 4036; x_wconf 83' lang='grc' dir='ltr'><strong>ἀπὸ</strong></span> 
     </span>
    </p>
   </div>
   <div class='ocr_carea' id='block_1_109' title="bbox 2097 4066 3774 4134">
    <p class='ocr_par' dir='ltr' id='par_1_109' title="bbox 2097 4066 3774 4134">
     <span class='ocr_line' id='line_1_110' title="bbox 2097 4066 3774 4134; baseline 0 -13"><span class='ocrx_word' id='word_1_913' title='bbox 2097 4069 2323 4134; x_wconf 76' lang='grc' dir='ltr'><strong>παντὸς</strong></span> <span class='ocrx_word' id='word_1_914' title='bbox 2372 4069 2564 4133; x_wconf 81' lang='grc' dir='ltr'><strong>ξύλου</strong></span> <span class='ocrx_word' id='word_1_915' title='bbox 2601 4068 2707 4120; x_wconf 88' lang='grc' dir='ltr'><strong>τοῦ</strong></span> <span class='ocrx_word' id='word_1_916' title='bbox 2751 4067 3142 4134; x_wconf 79' lang='grc' dir='ltr'><strong>παραδείσου.</strong></span> <span class='ocrx_word' id='word_1_917' title='bbox 3177 4066 3309 4119; x_wconf 82' lang='grc' dir='ltr'><strong>Δέον</strong></span> <span class='ocrx_word' id='word_1_918' title='bbox 3351 4067 3412 4118; x_wconf 82' lang='grc' dir='ltr'><strong>σὲ</strong></span> <span class='ocrx_word' id='word_1_919' title='bbox 3455 4068 3532 4130; x_wconf 83' lang='grc' dir='ltr'><strong>ὡς</strong></span> <span class='ocrx_word' id='word_1_920' title='bbox 3555 4068 3774 4122; x_wconf 77' lang='grc' dir='ltr'><strong>ἐναντία</strong></span> 
     </span>
    </p>
   </div>
   <div class='ocr_carea' id='block_1_110' title="bbox 2096 4151 3770 4226">
    <p class='ocr_par' dir='ltr' id='par_1_110' title="bbox 2096 4151 3770 4226">
     <span class='ocr_line' id='line_1_111' title="bbox 2096 4151 3770 4226; baseline -0.001 -19"><span class='ocrx_word' id='word_1_921' title='bbox 2096 4155 2356 4226; x_wconf 85' lang='grc' dir='ltr'><strong>εἰρηκότα</strong></span> <span class='ocrx_word' id='word_1_922' title='bbox 2381 4153 2795 4223; x_wconf 74' lang='grc' dir='ltr'><strong>ἀποστραφῆναι</strong></span> <span class='ocrx_word' id='word_1_923' title='bbox 2829 4153 2919 4206; x_wconf 84' lang='grc' dir='ltr'><strong>καί</strong></span> <span class='ocrx_word' id='word_1_924' title='bbox 2939 4154 3114 4204; x_wconf 83' lang='grc' dir='ltr'><strong>εἰπεῖν</strong></span> <span class='ocrx_word' id='word_1_925' title='bbox 3149 4151 3284 4222; x_wconf 80' lang='grc' dir='ltr'><strong>πρὸς</strong></span> <span class='ocrx_word' id='word_1_926' title='bbox 3311 4153 3504 4206; x_wconf 79' lang='grc' dir='ltr'><strong>αὑτὸν·</strong></span> <span class='ocrx_word' id='word_1_927' title='bbox 3529 4156 3770 4223; x_wconf 81' lang='grc' dir='ltr'><strong>Ἀπαγε,</strong></span> 
     </span>
    </p>
   </div>
   <div class='ocr_carea' id='block_1_111' title="bbox 2095 4235 3794 4310">
    <p class='ocr_par' dir='ltr' id='par_1_111' title="bbox 2095 4235 3794 4310">
     <span class='ocr_line' id='line_1_112' title="bbox 2095 4235 3794 4310; baseline 0 -16"><span class='ocrx_word' id='word_1_928' title='bbox 2095 4241 2348 4294; x_wconf 89' lang='grc' dir='ltr'><strong>ἀπατεὼν</strong></span> <span class='ocrx_word' id='word_1_929' title='bbox 2380 4239 2426 4294; x_wconf 77' lang='grc' dir='ltr'><strong>εἷ</strong></span> <span class='ocrx_word' id='word_1_930' title='bbox 2451 4242 2537 4306; x_wconf 82' lang='grc' dir='ltr'><strong>σὺ,</strong></span> <span class='ocrx_word' id='word_1_931' title='bbox 2559 4241 2658 4294; x_wconf 90' lang='grc' dir='ltr'><strong>οὑκ</strong></span> <span class='ocrx_word' id='word_1_932' title='bbox 2695 4235 2852 4293; x_wconf 78' lang='grc' dir='ltr'><strong>οἶσθα</strong></span> <span class='ocrx_word' id='word_1_933' title='bbox 2879 4238 3000 4292; x_wconf 82' lang='grc' dir='ltr'><strong>οὑδὲ</strong></span> <span class='ocrx_word' id='word_1_934' title='bbox 3043 4238 3144 4307; x_wconf 86' lang='grc' dir='ltr'><strong>τῆς</strong></span> <span class='ocrx_word' id='word_1_935' title='bbox 3177 4239 3398 4308; x_wconf 82' lang='grc' dir='ltr'><strong>ἐντολῆς</strong></span> <span class='ocrx_word' id='word_1_936' title='bbox 3422 4241 3520 4310; x_wconf 83' lang='grc' dir='ltr'><strong>τῆς</strong></span> <span class='ocrx_word' id='word_1_937' title='bbox 3555 4241 3794 4310; x_wconf 56' lang='grc' dir='ltr'><strong>δεδομές</strong></span> 
     </span>
    </p>
   </div>
   <div class='ocr_carea' id='block_1_112' title="bbox 2095 4325 3770 4400">
    <p class='ocr_par' dir='ltr' id='par_1_112' title="bbox 2095 4325 3770 4400">
     <span class='ocr_line' id='line_1_113' title="bbox 2095 4325 3770 4400; baseline -0.004 -14"><span class='ocrx_word' id='word_1_938' title='bbox 2095 4345 2191 4399; x_wconf 88' lang='grc' dir='ltr'><strong>νης</strong></span> <span class='ocrx_word' id='word_1_939' title='bbox 2219 4330 2351 4399; x_wconf 76' lang='grc' dir='ltr'><strong>ἡμῖν</strong></span> <span class='ocrx_word' id='word_1_940' title='bbox 2377 4329 2474 4400; x_wconf 80' lang='grc' dir='ltr'><strong>τὴν</strong></span> <span class='ocrx_word' id='word_1_941' title='bbox 2497 4327 2744 4399; x_wconf 85' lang='grc' dir='ltr'><strong>δύναμιν,</strong></span> <span class='ocrx_word' id='word_1_942' title='bbox 2772 4325 2892 4380; x_wconf 84' lang='grc' dir='ltr'><strong>οὑδὲ</strong></span> <span class='ocrx_word' id='word_1_943' title='bbox 2912 4325 3010 4396; x_wconf 90' lang='grc' dir='ltr'><strong>τῆς</strong></span> <span class='ocrx_word' id='word_1_944' title='bbox 3033 4325 3383 4390; x_wconf 88' lang='grc' dir='ltr'><strong>ἀπολαύσεως</strong></span> <span class='ocrx_word' id='word_1_945' title='bbox 3409 4327 3471 4380; x_wconf 84' lang='grc' dir='ltr'><strong>τὸ</strong></span> <span class='ocrx_word' id='word_1_946' title='bbox 3503 4328 3731 4399; x_wconf 84' lang='grc' dir='ltr'><strong>μέγεθος</strong></span> <span class='ocrx_word' id='word_1_947' title='bbox 3752 4371 3770 4395; x_wconf 92' lang='grc'><strong>,</strong></span> 
     </span>
    </p>
   </div>
   <div class='ocr_carea' id='block_1_113' title="bbox 2094 4413 3772 4487">
    <p class='ocr_par' dir='ltr' id='par_1_113' title="bbox 2094 4413 3772 4487">
     <span class='ocr_line' id='line_1_114' title="bbox 2094 4413 3772 4487; baseline -0.001 -19"><span class='ocrx_word' id='word_1_948' title='bbox 2094 4416 2216 4470; x_wconf 85' lang='grc' dir='ltr'><strong>οὑδέ</strong></span> <span class='ocrx_word' id='word_1_949' title='bbox 2240 4417 2340 4486; x_wconf 85' lang='grc' dir='ltr'><strong>τὴν</strong></span> <span class='ocrx_word' id='word_1_950' title='bbox 2363 4415 2641 4485; x_wconf 76' lang='grc' dir='ltr'><strong>δαψίλειαν</strong></span> <span class='ocrx_word' id='word_1_951' title='bbox 2671 4415 2769 4485; x_wconf 93' lang='grc' dir='ltr'><strong>τῆς</strong></span> <span class='ocrx_word' id='word_1_952' title='bbox 2795 4413 3077 4485; x_wconf 85' lang='grc' dir='ltr'><strong>χορηγίας.</strong></span> <span class='ocrx_word' id='word_1_953' title='bbox 3105 4414 3178 4466; x_wconf 86' lang='grc' dir='ltr'><strong>Σὺ</strong></span> <span class='ocrx_word' id='word_1_954' title='bbox 3210 4414 3308 4485; x_wconf 83' lang='grc' dir='ltr'><strong>μὲν</strong></span> <span class='ocrx_word' id='word_1_955' title='bbox 3335 4413 3443 4485; x_wconf 87' lang='grc' dir='ltr'><strong>γὰρ</strong></span> <span class='ocrx_word' id='word_1_956' title='bbox 3473 4415 3607 4487; x_wconf 77' lang='grc' dir='ltr'><strong>ἔφης</strong></span> <span class='ocrx_word' id='word_1_957' title='bbox 3628 4418 3772 4487; x_wconf 76' lang='grc' dir='ltr'><strong>εἰρηο</strong></span> 
     </span>
    </p>
   </div>
   <div class='ocr_carea' id='block_1_114' title="bbox 2095 4500 3838 4573">
    <p class='ocr_par' dir='ltr' id='par_1_114' title="bbox 2095 4500 3838 4573">
     <span class='ocr_line' id='line_1_115' title="bbox 2095 4500 3838 4573; baseline 0.001 -17"><span class='ocrx_word' id='word_1_958' title='bbox 2095 4503 2249 4556; x_wconf 91' lang='grc' dir='ltr'><strong>κέναι</strong></span> <span class='ocrx_word' id='word_1_959' title='bbox 2275 4504 2365 4556; x_wconf 83' lang='grc' dir='ltr'><strong>τὸν</strong></span> <span class='ocrx_word' id='word_1_960' title='bbox 2384 4503 2538 4568; x_wconf 84' lang='grc' dir='ltr'><strong>Θεὸν,</strong></span> <span class='ocrx_word' id='word_1_961' title='bbox 2568 4500 2674 4556; x_wconf 81' lang='grc' dir='ltr'><strong>ἀπὸ</strong></span> <span class='ocrx_word' id='word_1_962' title='bbox 2699 4501 2924 4573; x_wconf 82' lang='grc' dir='ltr'><strong>μηδενὸς</strong></span> <span class='ocrx_word' id='word_1_963' title='bbox 2955 4500 3109 4567; x_wconf 83' lang='grc' dir='ltr'><strong>ξύλου</strong></span> <span class='ocrx_word' id='word_1_964' title='bbox 3143 4505 3176 4573; x_wconf 91' lang='grc' dir='ltr'><strong>ή</strong></span> <span class='ocrx_word' id='word_1_965' title='bbox 3187 4503 3294 4571; x_wconf 81' lang='grc' dir='ltr'><strong>μᾶς</strong></span> <span class='ocrx_word' id='word_1_966' title='bbox 3326 4502 3731 4570; x_wconf 87' lang='grc' dir='ltr'><strong>ἀπογεύσασθαι</strong></span> <span class='ocrx_word' id='word_1_967' title='bbox 3749 4543 3787 4570; x_wconf 69' lang='grc'><strong>,,,</strong></span> <span class='ocrx_word' id='word_1_968' title='bbox 3835 4564 3838 4566; x_wconf 20' lang='grc' dir='ltr'><strong>ν</strong></span> 
     </span>
    </p>
   </div>
   <div class='ocr_carea' id='block_1_115' title="bbox 2092 4589 3769 4660">
    <p class='ocr_par' dir='ltr' id='par_1_115' title="bbox 2092 4589 3769 4660">
     <span class='ocr_line' id='line_1_116' title="bbox 2092 4589 3769 4660; baseline 0.001 -18"><span class='ocrx_word' id='word_1_969' title='bbox 2092 4592 2121 4642; x_wconf 91' lang='grc' dir='ltr'><strong>ὀ</strong></span> <span class='ocrx_word' id='word_1_970' title='bbox 2149 4591 2204 4644; x_wconf 85' lang='grc' dir='ltr'><strong>δὲ</strong></span> <span class='ocrx_word' id='word_1_971' title='bbox 2247 4591 2522 4658; x_wconf 89' lang='grc' dir='ltr'><strong>Δεσπότης</strong></span> <span class='ocrx_word' id='word_1_972' title='bbox 2562 4589 2655 4643; x_wconf 78' lang='grc' dir='ltr'><strong>καὶ</strong></span> <span class='ocrx_word' id='word_1_973' title='bbox 2701 4589 3044 4660; x_wconf 82' lang='grc' dir='ltr'><strong>Δημιουργὺς</strong></span> <span class='ocrx_word' id='word_1_974' title='bbox 3085 4589 3174 4641; x_wconf 79' lang='grc' dir='ltr'><strong>διὰ</strong></span> <span class='ocrx_word' id='word_1_975' title='bbox 3213 4589 3417 4660; x_wconf 81' lang='grc' dir='ltr'><strong>πολλὴν</strong></span> <span class='ocrx_word' id='word_1_976' title='bbox 3456 4589 3769 4660; x_wconf 88' lang='grc' dir='ltr'><strong>ἀγαθότητα</strong></span> 
     </span>
    </p>
   </div>
   <div class='ocr_carea' id='block_1_116' title="bbox 2093 4675 3766 4748">
    <p class='ocr_par' dir='ltr' id='par_1_116' title="bbox 2093 4675 3766 4748">
     <span class='ocr_line' id='line_1_117' title="bbox 2093 4675 3766 4748; baseline 0 -17"><span class='ocrx_word' id='word_1_977' title='bbox 2093 4679 2310 4732; x_wconf 87' lang='grc' dir='ltr'><strong>πάντων</strong></span> <span class='ocrx_word' id='word_1_978' title='bbox 2357 4679 2487 4747; x_wconf 78' lang='grc' dir='ltr'><strong>ἡμῖν</strong></span> <span class='ocrx_word' id='word_1_979' title='bbox 2531 4677 2680 4739; x_wconf 81' lang='grc' dir='ltr'><strong>ἀνεὶς</strong></span> <span class='ocrx_word' id='word_1_980' title='bbox 2733 4676 2830 4746; x_wconf 81' lang='grc' dir='ltr'><strong>τὴν</strong></span> <span class='ocrx_word' id='word_1_981' title='bbox 2880 4675 3178 4729; x_wconf 88' lang='grc' dir='ltr'><strong>ἀπόλαυσιν</strong></span> <span class='ocrx_word' id='word_1_982' title='bbox 3224 4675 3318 4730; x_wconf 78' lang='grc' dir='ltr'><strong>καὶ</strong></span> <span class='ocrx_word' id='word_1_983' title='bbox 3358 4677 3457 4748; x_wconf 83' lang='grc' dir='ltr'><strong>τὴν</strong></span> <span class='ocrx_word' id='word_1_984' title='bbox 3496 4677 3766 4743; x_wconf 84' lang='grc' dir='ltr'><strong>ἐξουσίαν,</strong></span> 
     </span>
    </p>
   </div>
   <div class='ocr_carea' id='block_1_117' title="bbox 2093 4759 3767 4831">
    <p class='ocr_par' dir='ltr' id='par_1_117' title="bbox 2093 4759 3767 4831">
     <span class='ocr_line' id='line_1_118' title="bbox 2093 4759 3767 4831; baseline 0.001 -17"><span class='ocrx_word' id='word_1_985' title='bbox 2093 4761 2212 4824; x_wconf 80' lang='grc' dir='ltr'><strong>ἐνὸς</strong></span> <span class='ocrx_word' id='word_1_986' title='bbox 2260 4761 2426 4830; x_wconf 81' lang='grc' dir='ltr'><strong>μόνου</strong></span> <span class='ocrx_word' id='word_1_987' title='bbox 2459 4759 2798 4831; x_wconf 89' lang='grc' dir='ltr'><strong>ἀποσχέσθαι</strong></span> <span class='ocrx_word' id='word_1_988' title='bbox 2839 4759 3116 4820; x_wconf 81' lang='grc' dir='ltr'><strong>ἐκέλευσε,</strong></span> <span class='ocrx_word' id='word_1_989' title='bbox 3155 4759 3434 4812; x_wconf 75' lang='grc' dir='ltr'><strong>καὶτοῦτο</strong></span> <span class='ocrx_word' id='word_1_990' title='bbox 3481 4760 3645 4813; x_wconf 88' lang='grc' dir='ltr'><strong>πάλιν</strong></span> <span class='ocrx_word' id='word_1_991' title='bbox 3677 4761 3767 4816; x_wconf 87' lang='grc' dir='ltr'><strong>διά</strong></span> 
     </span>
    </p>
   </div>
   <div class='ocr_carea' id='block_1_118' title="bbox 2090 4841 3765 4914">
    <p class='ocr_par' dir='ltr' id='par_1_118' title="bbox 2090 4841 3765 4914">
     <span class='ocr_line' id='line_1_119' title="bbox 2090 4841 3765 4914; baseline 0 -18"><span class='ocrx_word' id='word_1_992' title='bbox 2090 4843 2189 4914; x_wconf 83' lang='grc' dir='ltr'><strong>τὴν</strong></span> <span class='ocrx_word' id='word_1_993' title='bbox 2213 4843 2341 4914; x_wconf 74' lang='grc' dir='ltr'><strong>περὶ</strong></span> <span class='ocrx_word' id='word_1_994' title='bbox 2373 4844 2519 4913; x_wconf 85' lang='grc' dir='ltr'><strong>ήμᾶς</strong></span> <span class='ocrx_word' id='word_1_995' title='bbox 2550 4842 2896 4914; x_wconf 89' lang='grc' dir='ltr'><strong>κηδεμονίαν,</strong></span> <span class='ocrx_word' id='word_1_996' title='bbox 2929 4842 3068 4894; x_wconf 81' lang='grc' dir='ltr'><strong>ὥστε</strong></span> <span class='ocrx_word' id='word_1_997' title='bbox 3106 4841 3179 4911; x_wconf 85' lang='grc' dir='ltr'><strong>μὴ</strong></span> <span class='ocrx_word' id='word_1_998' title='bbox 3219 4841 3586 4912; x_wconf 89' lang='grc' dir='ltr'><strong>μετασχόντας</strong></span> <span class='ocrx_word' id='word_1_999' title='bbox 3622 4843 3765 4896; x_wconf 83' lang='grc' dir='ltr'><strong>ἁλῶ-</strong></span> 
     </span>
    </p>
   </div>
   <div class='ocr_carea' id='block_1_119' title="bbox 2091 4920 3765 4996">
    <p class='ocr_par' dir='ltr' id='par_1_119' title="bbox 2091 4920 3765 4996">
     <span class='ocr_line' id='line_1_120' title="bbox 2091 4920 3765 4996; baseline -0.002 -17"><span class='ocrx_word' id='word_1_1000' title='bbox 2091 4943 2180 4980; x_wconf 82' lang='grc' dir='ltr'><strong>ναι</strong></span> <span class='ocrx_word' id='word_1_1001' title='bbox 2211 4927 2446 4996; x_wconf 83' lang='grc' dir='ltr'><strong>θανάτῳ.</strong></span> <span class='ocrx_word' id='word_1_1002' title='bbox 2476 4927 2630 4990; x_wconf 91' lang='grc' dir='ltr'><strong>Δέον,</strong></span> <span class='ocrx_word' id='word_1_1003' title='bbox 2656 4925 2814 4996; x_wconf 81' lang='grc' dir='ltr'><strong>εἴπερ</strong></span> <span class='ocrx_word' id='word_1_1004' title='bbox 2844 4924 3141 4994; x_wconf 78' lang='grc' dir='ltr'><strong>εὐγνώμων</strong></span> <span class='ocrx_word' id='word_1_1005' title='bbox 3163 4920 3251 4993; x_wconf 84' lang='grc' dir='ltr'><strong>ἦν,</strong></span> <span class='ocrx_word' id='word_1_1006' title='bbox 3289 4923 3459 4976; x_wconf 88' lang='grc' dir='ltr'><strong>ταῦτα</strong></span> <span class='ocrx_word' id='word_1_1007' title='bbox 3501 4926 3638 4996; x_wconf 85' lang='grc' dir='ltr'><strong>πρὸς</strong></span> <span class='ocrx_word' id='word_1_1008' title='bbox 3667 4928 3765 4983; x_wconf 58' lang='grc' dir='ltr'><strong>αὑ,</strong></span> 
     </span>
    </p>
   </div>
   <div class='ocr_carea' id='block_1_120' title="bbox 2088 5005 3765 5084">
    <p class='ocr_par' dir='ltr' id='par_1_120' title="bbox 2088 5005 3765 5084">
     <span class='ocr_line' id='line_1_121' title="bbox 2088 5005 3765 5084; baseline -0.002 -21"><span class='ocrx_word' id='word_1_1009' title='bbox 2088 5011 2180 5063; x_wconf 83' lang='grc' dir='ltr'><strong>τὸν</strong></span> <span class='ocrx_word' id='word_1_1010' title='bbox 2208 5009 2436 5063; x_wconf 83' lang='grc' dir='ltr'><strong>εἰποῦσα</strong></span> <span class='ocrx_word' id='word_1_1011' title='bbox 2474 5010 2541 5063; x_wconf 87' lang='grc' dir='ltr'><strong>τά</strong></span> <span class='ocrx_word' id='word_1_1012' title='bbox 2575 5011 2816 5080; x_wconf 85' lang='grc' dir='ltr'><strong>ῥήματα,</strong></span> <span class='ocrx_word' id='word_1_1013' title='bbox 2849 5010 3022 5077; x_wconf 88' lang='grc' dir='ltr'><strong>πάντη</strong></span> <span class='ocrx_word' id='word_1_1014' title='bbox 3057 5005 3504 5075; x_wconf 86' lang='grc' dir='ltr'><strong>ἀποστραφῆναι,</strong></span> <span class='ocrx_word' id='word_1_1015' title='bbox 3534 5009 3626 5060; x_wconf 78' lang='grc' dir='ltr'><strong>καὶ</strong></span> <span class='ocrx_word' id='word_1_1016' title='bbox 3655 5027 3765 5084; x_wconf 61' lang='grc' dir='ltr'><strong>μητ</strong></span> 
     </span>
    </p>
   </div>
   <div class='ocr_carea' id='block_1_121' title="bbox 2090 5088 3762 5166">
    <p class='ocr_par' dir='ltr' id='par_1_121' title="bbox 2090 5088 3762 5166">
     <span class='ocr_line' id='line_1_122' title="bbox 2090 5088 3762 5166; baseline 0.001 -22"><span class='ocrx_word' id='word_1_1017' title='bbox 2090 5092 2206 5147; x_wconf 87' lang='grc' dir='ltr'><strong>κέτι</strong></span> <span class='ocrx_word' id='word_1_1018' title='bbox 2243 5096 2381 5166; x_wconf 88' lang='grc' dir='ltr'><strong>μήτε</strong></span> <span class='ocrx_word' id='word_1_1019' title='bbox 2406 5094 2775 5165; x_wconf 87' lang='grc' dir='ltr'><strong>διαλεχθῆναι,</strong></span> <span class='ocrx_word' id='word_1_1020' title='bbox 2818 5093 2956 5162; x_wconf 87' lang='grc' dir='ltr'><strong>μήτε</strong></span> <span class='ocrx_word' id='word_1_1021' title='bbox 2988 5088 3217 5143; x_wconf 88' lang='grc' dir='ltr'><strong>ἀκοῦσαί</strong></span> <span class='ocrx_word' id='word_1_1022' title='bbox 3244 5105 3296 5141; x_wconf 89' lang='grc' dir='ltr'><strong>τι</strong></span> <span class='ocrx_word' id='word_1_1023' title='bbox 3320 5088 3426 5141; x_wconf 87' lang='grc' dir='ltr'><strong>τῶν</strong></span> <span class='ocrx_word' id='word_1_1024' title='bbox 3451 5092 3580 5161; x_wconf 87' lang='grc' dir='ltr'><strong>παρ’</strong></span> <span class='ocrx_word' id='word_1_1025' title='bbox 3596 5093 3762 5146; x_wconf 90' lang='grc' dir='ltr'><strong>αὑτοῦ</strong></span> 
     </span>
    </p>
   </div>
   <div class='ocr_carea' id='block_1_122' title="bbox 2046 5169 3784 5248">
    <p class='ocr_par' dir='ltr' id='par_1_122' title="bbox 2046 5169 3784 5248">
     <span class='ocr_line' id='line_1_123' title="bbox 2046 5169 3784 5248; baseline 0 -22"><span class='ocrx_word' id='word_1_1026' title='bbox 2046 5178 2059 5194; x_wconf 87' lang='grc'><em>¹</em></span> <span class='ocrx_word' id='word_1_1027' title='bbox 2089 5177 2418 5248; x_wconf 85' lang='grc' dir='ltr'><strong>λεγομένων·</strong></span> <span class='ocrx_word' id='word_1_1028' title='bbox 2455 5177 2593 5230; x_wconf 84' lang='grc' dir='ltr'><strong>ἀλλά</strong></span> <span class='ocrx_word' id='word_1_1029' title='bbox 2621 5176 2720 5247; x_wconf 81' lang='grc' dir='ltr'><strong>τὴν</strong></span> <span class='ocrx_word' id='word_1_1030' title='bbox 2753 5173 2970 5243; x_wconf 77' lang='grc' dir='ltr'><strong>ἐντολὴν</strong></span> <span class='ocrx_word' id='word_1_1031' title='bbox 3006 5169 3362 5240; x_wconf 77' lang='grc' dir='ltr'><strong>ἐκκαλύψασα</strong></span> <span class='ocrx_word' id='word_1_1032' title='bbox 3399 5172 3493 5225; x_wconf 80' lang='grc' dir='ltr'><strong>καὶ</strong></span> <span class='ocrx_word' id='word_1_1033' title='bbox 3532 5174 3784 5230; x_wconf 88' lang='grc' dir='ltr'><strong>εἰποῦσα.</strong></span> 
     </span>
    </p>
   </div>
   <div class='ocr_carea' id='block_1_123' title="bbox 2086 5256 3760 5331">
    <p class='ocr_par' dir='ltr' id='par_1_123' title="bbox 2086 5256 3760 5331">
     <span class='ocr_line' id='line_1_124' title="bbox 2086 5256 3760 5331; baseline -0.002 -19"><span class='ocrx_word' id='word_1_1034' title='bbox 2086 5260 2156 5313; x_wconf 86' lang='grc' dir='ltr'><strong>τὰ</strong></span> <span class='ocrx_word' id='word_1_1035' title='bbox 2187 5261 2338 5331; x_wconf 90' lang='grc' dir='ltr'><strong>παρά</strong></span> <span class='ocrx_word' id='word_1_1036' title='bbox 2367 5260 2462 5314; x_wconf 90' lang='grc' dir='ltr'><strong>τοῦ</strong></span> <span class='ocrx_word' id='word_1_1037' title='bbox 2490 5259 2623 5313; x_wconf 88' lang='grc' dir='ltr'><strong>Θεοῦ</strong></span> <span class='ocrx_word' id='word_1_1038' title='bbox 2653 5261 2834 5320; x_wconf 80' lang='grc' dir='ltr'><strong>αὑτοῖς</strong></span> <span class='ocrx_word' id='word_1_1039' title='bbox 2873 5256 3126 5328; x_wconf 85' lang='grc' dir='ltr'><strong>ῥηθέντα,</strong></span> <span class='ocrx_word' id='word_1_1040' title='bbox 3167 5256 3334 5327; x_wconf 84' lang='grc' dir='ltr'><strong>ἀλλην</strong></span> <span class='ocrx_word' id='word_1_1041' title='bbox 3373 5257 3584 5326; x_wconf 85' lang='grc' dir='ltr'><strong>δέχεται</strong></span> <span class='ocrx_word' id='word_1_1042' title='bbox 3627 5261 3760 5329; x_wconf 87' lang='grc' dir='ltr'><strong>παρ’</strong></span> 
     </span>
    </p>
   </div>
   <div class='ocr_carea' id='block_1_124' title="bbox 2088 5339 3781 5414">
    <p class='ocr_par' dir='ltr' id='par_1_124' title="bbox 2088 5339 3781 5414">
     <span class='ocr_line' id='line_1_125' title="bbox 2088 5339 3781 5414; baseline -0.002 -18"><span class='ocrx_word' id='word_1_1043' title='bbox 2088 5343 2253 5396; x_wconf 88' lang='grc' dir='ltr'><strong>αὑτοῦ</strong></span> <span class='ocrx_word' id='word_1_1044' title='bbox 2282 5343 2590 5414; x_wconf 80' lang='grc' dir='ltr'><strong>συμϐουλὴν</strong></span> <span class='ocrx_word' id='word_1_1045' title='bbox 2621 5341 2869 5412; x_wconf 84' lang='grc' dir='ltr'><strong>ὀλεθρίαν</strong></span> <span class='ocrx_word' id='word_1_1046' title='bbox 2915 5341 3008 5394; x_wconf 65' lang='grc' dir='ltr'><strong>καὶ¹</strong></span> <span class='ocrx_word' id='word_1_1047' title='bbox 3037 5339 3349 5409; x_wconf 88' lang='grc' dir='ltr'><strong>θανάσιμον.</strong></span> <span class='ocrx_word' id='word_1_1048' title='bbox 3411 5339 3624 5409; x_wconf 83' lang='grc' dir='ltr'><strong>Ἐπειδὴ</strong></span> <span class='ocrx_word' id='word_1_1049' title='bbox 3651 5341 3781 5412; x_wconf 78' lang='grc' dir='ltr'><strong>γάρ,</strong></span> 
     </span>
    </p>
   </div>
   <div class='ocr_carea' id='block_1_125' title="bbox 2087 5422 3760 5497">
    <p class='ocr_par' dir='ltr' id='par_1_125' title="bbox 2087 5422 3760 5497">
     <span class='ocr_line' id='line_1_126' title="bbox 2087 5422 3760 5497; baseline -0.001 -19"><span class='ocrx_word' id='word_1_1050' title='bbox 2087 5422 2240 5479; x_wconf 85' lang='grc' dir='ltr'><strong>εἶπεν</strong></span> <span class='ocrx_word' id='word_1_1051' title='bbox 2277 5425 2490 5497; x_wconf 34' lang='grc' dir='ltr'><strong>ήηγυνὴ,</strong></span> <span class='ocrx_word' id='word_1_1052' title='bbox 2523 5427 2605 5479; x_wconf 83' lang='grc' dir='ltr'><strong>ὅτι</strong></span> <span class='ocrx_word' id='word_1_1053' title='bbox 2649 5425 2781 5480; x_wconf 83' lang='grc' dir='ltr'><strong>Ἀπὸ</strong></span> <span class='ocrx_word' id='word_1_1054' title='bbox 2813 5424 3040 5490; x_wconf 72' lang='grc' dir='ltr'><strong>παντὸς</strong></span> <span class='ocrx_word' id='word_1_1055' title='bbox 3070 5423 3180 5477; x_wconf 82' lang='grc' dir='ltr'><strong>τοῦ</strong></span> <span class='ocrx_word' id='word_1_1056' title='bbox 3210 5423 3402 5487; x_wconf 81' lang='grc' dir='ltr'><strong>ξύλου</strong></span> <span class='ocrx_word' id='word_1_1057' title='bbox 3441 5422 3548 5476; x_wconf 85' lang='grc' dir='ltr'><strong>τοῦ</strong></span> <span class='ocrx_word' id='word_1_1058' title='bbox 3568 5437 3760 5492; x_wconf 82' lang='grc' dir='ltr'><strong>παρα-</strong></span> 
     </span>
    </p>
   </div>
   <div class='ocr_carea' id='block_1_126' title="bbox 2086 5506 3760 5579">
    <p class='ocr_par' dir='ltr' id='par_1_126' title="bbox 2086 5506 3760 5579">
     <span class='ocr_line' id='line_1_127' title="bbox 2086 5506 3760 5579; baseline 0.001 -18"><span class='ocrx_word' id='word_1_1059' title='bbox 2086 5508 2296 5564; x_wconf 87' lang='grc' dir='ltr'><strong>δείσου</strong></span> <span class='ocrx_word' id='word_1_1060' title='bbox 2324 5510 2644 5579; x_wconf 74' lang='grc' dir='ltr'><strong>φαγόμεθα,</strong></span> <span class='ocrx_word' id='word_1_1061' title='bbox 2671 5507 2791 5563; x_wconf 79' lang='grc' dir='ltr'><strong>ἀπὸ</strong></span> <span class='ocrx_word' id='word_1_1062' title='bbox 2818 5508 2886 5561; x_wconf 79' lang='grc' dir='ltr'><strong>δὲ</strong></span> <span class='ocrx_word' id='word_1_1063' title='bbox 2914 5507 3019 5561; x_wconf 77' lang='grc' dir='ltr'><strong>τοῦ</strong></span> <span class='ocrx_word' id='word_1_1064' title='bbox 3041 5506 3272 5574; x_wconf 79' lang='grc' dir='ltr'><strong>καρποῦ</strong></span> <span class='ocrx_word' id='word_1_1065' title='bbox 3301 5506 3406 5560; x_wconf 86' lang='grc' dir='ltr'><strong>τοῦ</strong></span> <span class='ocrx_word' id='word_1_1066' title='bbox 3437 5506 3628 5570; x_wconf 86' lang='grc' dir='ltr'><strong>ξύλου</strong></span> <span class='ocrx_word' id='word_1_1067' title='bbox 3652 5509 3760 5563; x_wconf 85' lang='grc' dir='ltr'><strong>τοῦ</strong></span> 
     </span>
    </p>
   </div>
   <div class='ocr_carea' id='block_1_127' title="bbox 2085 5586 3761 5662">
    <p class='ocr_par' dir='ltr' id='par_1_127' title="bbox 2085 5586 3761 5662">
     <span class='ocr_line' id='line_1_128' title="bbox 2085 5586 3761 5662; baseline -0.002 -16"><span class='ocrx_word' id='word_1_1068' title='bbox 2085 5593 2156 5646; x_wconf 80' lang='grc' dir='ltr'><strong>ἐν</strong></span> <span class='ocrx_word' id='word_1_1069' title='bbox 2179 5592 2348 5662; x_wconf 82' lang='grc' dir='ltr'><strong>μέσῳ</strong></span> <span class='ocrx_word' id='word_1_1070' title='bbox 2368 5591 2474 5645; x_wconf 86' lang='grc' dir='ltr'><strong>τοῦ</strong></span> <span class='ocrx_word' id='word_1_1071' title='bbox 2510 5592 2902 5659; x_wconf 85' lang='grc' dir='ltr'><strong>παραδείσου,</strong></span> <span class='ocrx_word' id='word_1_1072' title='bbox 2936 5586 3107 5644; x_wconf 75' lang='grc' dir='ltr'><strong>εἶπεν</strong></span> <span class='ocrx_word' id='word_1_1073' title='bbox 3139 5591 3171 5641; x_wconf 85' lang='grc' dir='ltr'><strong>ό</strong></span> <span class='ocrx_word' id='word_1_1074' title='bbox 3207 5587 3384 5655; x_wconf 89' lang='grc' dir='ltr'><strong>Θεὸς,</strong></span> <span class='ocrx_word' id='word_1_1075' title='bbox 3420 5591 3503 5642; x_wconf 87' lang='grc' dir='ltr'><strong>Οὐ</strong></span> <span class='ocrx_word' id='word_1_1076' title='bbox 3531 5589 3761 5658; x_wconf 67' lang='grc' dir='ltr'><strong>φάγητε</strong></span> 
     </span>
    </p>
   </div>
   <div class='ocr_carea' id='block_1_128' title="bbox 2086 5670 3758 5742">
    <p class='ocr_par' dir='ltr' id='par_1_128' title="bbox 2086 5670 3758 5742">
     <span class='ocr_line' id='line_1_129' title="bbox 2086 5670 3758 5742; baseline -0.002 -15"><span class='ocrx_word' id='word_1_1077' title='bbox 2086 5675 2187 5728; x_wconf 83' lang='grc' dir='ltr'><strong>ἀπ’</strong></span> <span class='ocrx_word' id='word_1_1078' title='bbox 2216 5671 2424 5736; x_wconf 84' lang='grc' dir='ltr'><strong>αὑτοῦ,</strong></span> <span class='ocrx_word' id='word_1_1079' title='bbox 2461 5672 2589 5727; x_wconf 81' lang='grc' dir='ltr'><strong>οὐδ’</strong></span> <span class='ocrx_word' id='word_1_1080' title='bbox 2622 5675 2694 5727; x_wconf 88' lang='grc' dir='ltr'><strong>οὐ</strong></span> <span class='ocrx_word' id='word_1_1081' title='bbox 2715 5672 2801 5742; x_wconf 80' lang='grc' dir='ltr'><strong>μὴ</strong></span> <span class='ocrx_word' id='word_1_1082' title='bbox 2839 5671 3078 5740; x_wconf 69' lang='grc' dir='ltr'><strong>ἅψησθε</strong></span> <span class='ocrx_word' id='word_1_1083' title='bbox 3117 5671 3324 5737; x_wconf 85' lang='grc' dir='ltr'><strong>αὐτοῦ,</strong></span> <span class='ocrx_word' id='word_1_1084' title='bbox 3368 5670 3468 5725; x_wconf 79' lang='grc' dir='ltr'><strong>ἵνα</strong></span> <span class='ocrx_word' id='word_1_1085' title='bbox 3497 5671 3584 5740; x_wconf 82' lang='grc' dir='ltr'><strong>μὴ</strong></span> <span class='ocrx_word' id='word_1_1086' title='bbox 3611 5673 3758 5726; x_wconf 81' lang='grc' dir='ltr'><strong>ἁπο-</strong></span> 
     </span>
    </p>
   </div>
   <div class='ocr_carea' id='block_1_129' title="bbox 2087 5753 3759 5826">
    <p class='ocr_par' dir='ltr' id='par_1_129' title="bbox 2087 5753 3759 5826">
     <span class='ocr_line' id='line_1_130' title="bbox 2087 5753 3759 5826; baseline -0.002 -15"><span class='ocrx_word' id='word_1_1087' title='bbox 2087 5757 2334 5823; x_wconf 74' lang='grc' dir='ltr'><strong>θάνητε’</strong></span> <span class='ocrx_word' id='word_1_1088' title='bbox 2399 5755 2559 5810; x_wconf 85' lang='grc' dir='ltr'><strong>πάλιν</strong></span> <span class='ocrx_word' id='word_1_1089' title='bbox 2604 5757 2633 5809; x_wconf 92' lang='lat'><strong>6</strong></span> <span class='ocrx_word' id='word_1_1090' title='bbox 2679 5753 2911 5826; x_wconf 80' lang='grc' dir='ltr'><strong>πονηρὸς</strong></span> <span class='ocrx_word' id='word_1_1091' title='bbox 2963 5753 3057 5806; x_wconf 75' lang='grc' dir='ltr'><strong>καὶ</strong></span> <span class='ocrx_word' id='word_1_1092' title='bbox 3101 5753 3294 5823; x_wconf 84' lang='grc' dir='ltr'><strong>ἐχθρὸς</strong></span> <span class='ocrx_word' id='word_1_1093' title='bbox 3343 5753 3442 5824; x_wconf 85' lang='grc' dir='ltr'><strong>τῆς</strong></span> <span class='ocrx_word' id='word_1_1094' title='bbox 3482 5755 3759 5826; x_wconf 80' lang='grc' dir='ltr'><strong>ἡμετέρας</strong></span> 
     </span>
    </p>
   </div>
   <div class='ocr_carea' id='block_1_130' title="bbox 2153 5852 3759 5920">
    <p class='ocr_par' dir='ltr' id='par_1_130' title="bbox 2153 5852 3759 5920">
     <span class='ocr_line' id='line_1_131' title="bbox 2153 5852 3759 5920; baseline -0.003 -13"><span class='ocrx_word' id='word_1_1095' title='bbox 2153 5857 2173 5896; x_wconf 71' lang='grc' dir='ltr'><strong>ί</strong></span> <span class='ocrx_word' id='word_1_1096' title='bbox 2201 5859 2350 5907; x_wconf 85' lang='lat' dir='ltr'><strong>Savil.</strong></span> <span class='ocrx_word' id='word_1_1097' title='bbox 2385 5864 2439 5906; x_wconf 73' lang='lat' dir='ltr'><strong>et</strong></span> <span class='ocrx_word' id='word_1_1098' title='bbox 2461 5857 2656 5920; x_wconf 85' lang='lat' dir='ltr'><strong>quidam</strong></span> <span class='ocrx_word' id='word_1_1099' title='bbox 2689 5855 2900 5920; x_wconf 47' lang='lat' dir='ltr'><strong>may-ig</strong></span> <span class='ocrx_word' id='word_1_1100' title='bbox 2930 5852 3142 5920; x_wconf 53' lang='grc' dir='ltr'><strong>βάλλετε</strong></span> <span class='ocrx_word' id='word_1_1101' title='bbox 3210 5853 3234 5891; x_wconf 78' lang='grc' dir='ltr'><strong>ϐ</strong></span> <span class='ocrx_word' id='word_1_1102' title='bbox 3257 5852 3380 5915; x_wconf 80' lang='lat' dir='ltr'><strong>Reg.</strong></span> <span class='ocrx_word' id='word_1_1103' title='bbox 3411 5855 3634 5920; x_wconf 40' lang='grc' dir='ltr'><strong>ηερε-’ὡς</strong></span> <span class='ocrx_word' id='word_1_1104' title='bbox 3654 5854 3759 5902; x_wconf 73' lang='grc' dir='ltr'><strong>ιω-</strong></span> 
     </span>
    </p>
   </div>
   <div class='ocr_carea' id='block_1_131' title="bbox 2086 5913 3762 5983">
    <p class='ocr_par' dir='ltr' id='par_1_131' title="bbox 2086 5913 3762 5983">
     <span class='ocr_line' id='line_1_132' title="bbox 2086 5913 3762 5983; baseline -0.002 -14"><span class='ocrx_word' id='word_1_1105' title='bbox 2086 5938 2167 5983; x_wconf 87' lang='grc' dir='ltr'><strong>χεν</strong></span> <span class='ocrx_word' id='word_1_1106' title='bbox 2188 5921 2381 5977; x_wconf 83' lang='grc' dir='ltr'><strong>ἀναίδην</strong></span> <span class='ocrx_word' id='word_1_1107' title='bbox 2397 5913 2533 5967; x_wconf 73' lang='grc' dir='ltr'><strong>πᾶὰι.</strong></span> <span class='ocrx_word' id='word_1_1108' title='bbox 2562 5920 2711 5983; x_wconf 11' lang='grc' dir='ltr'><strong>ξενιξι.</strong></span> <span class='ocrx_word' id='word_1_1109' title='bbox 2739 5913 2939 5983; x_wconf 43' lang='lat' dir='ltr'><strong>suam;</strong></span> <span class='ocrx_word' id='word_1_1110' title='bbox 2954 5915 3081 5983; x_wconf 60' lang='lat' dir='ltr'><strong>Infra</strong></span> <span class='ocrx_word' id='word_1_1111' title='bbox 3105 5915 3228 5977; x_wconf 81' lang='lat' dir='ltr'><strong>Reg.</strong></span> <span class='ocrx_word' id='word_1_1112' title='bbox 3250 5913 3378 5983; x_wconf 69' lang='lat' dir='ltr'><strong>u_qtis</strong></span> <span class='ocrx_word' id='word_1_1113' title='bbox 3399 5919 3453 5983; x_wconf 71' lang='grc' dir='ltr'><strong>ει</strong></span> <span class='ocrx_word' id='word_1_1114' title='bbox 3473 5913 3608 5983; x_wconf 53' lang='lat' dir='ltr'><strong>Coll).</strong></span> <span class='ocrx_word' id='word_1_1115' title='bbox 3630 5928 3762 5983; x_wconf 31' lang='lat' dir='ltr'><strong>ulnus</strong></span> 
     </span>
    </p>
   </div>
   <div class='ocr_carea' id='block_1_132' title="bbox 2086 5975 3765 6104">
    <p class='ocr_par' dir='ltr' id='par_1_132' title="bbox 2086 5975 3765 6104">
     <span class='ocr_line' id='line_1_133' title="bbox 2086 5975 3765 6104; baseline -0.006 -74"><span class='ocrx_word' id='word_1_1116' title='bbox 2086 5975 2260 6104; x_wconf 52' lang='grc' dir='ltr'><strong>Ξοὲπόῒῖν</strong></span> <span class='ocrx_word' id='word_1_1117' title='bbox 2281 5975 2533 6051; x_wconf 66' lang='grc' dir='ltr'><strong>αἰσθητῶν.</strong></span> <span class='ocrx_word' id='word_1_1118' title='bbox 2557 5980 2706 6034; x_wconf 77' lang='lat' dir='ltr'><strong>Savil.</strong></span> <span class='ocrx_word' id='word_1_1119' title='bbox 2730 5980 2836 6044; x_wconf 82' lang='grc' dir='ltr'><strong>περὶ</strong></span> <span class='ocrx_word' id='word_1_1120' title='bbox 2857 5977 3030 6042; x_wconf 86' lang='grc' dir='ltr'><strong>χοίρων</strong></span> <span class='ocrx_word' id='word_1_1121' title='bbox 3047 5975 3248 6030; x_wconf 60' lang='lat' dir='ltr'><strong>tantum.</strong></span> <span class='ocrx_word' id='word_1_1122' title='bbox 3273 5975 3445 6027; x_wconf 73' lang='lat' dir='ltr'><strong>Morel.</strong></span> <span class='ocrx_word' id='word_1_1123' title='bbox 3468 5975 3572 6039; x_wconf 82' lang='grc' dir='ltr'><strong>περὶ</strong></span> <span class='ocrx_word' id='word_1_1124' title='bbox 3591 5976 3765 6041; x_wconf 60' lang='grc' dir='ltr'><strong>χοίρου</strong></span> 
     </span>
     <span class='ocr_line' id='line_1_134' title="bbox 2089 6061 2332 6094; baseline -0.012 0"><span class='ocrx_word' id='word_1_1125' title='bbox 2089 6061 2138 6094; x_wconf 86' lang='grc' dir='ltr'><strong>αι</strong></span> <span class='ocrx_word' id='word_1_1126' title='bbox 2231 6061 2332 6094; x_wconf 72' lang='grc' dir='ltr'><strong>του.</strong></span> 
     </span>
    </p>
   </div>
   <div class='ocr_carea' id='block_1_133' title="bbox 2089 6061 2332 6094">
    <p class='ocr_par' dir='ltr' id='par_1_133' title="bbox 2089 6061 2332 6094">
     <span class='ocr_line' id='line_1_135' title="bbox 2089 6061 2332 6094; baseline -0.012 0"><span class='ocrx_word' id='word_1_1127' title='bbox 2089 6061 2332 6094; x_wconf 71' lang='grc' dir='ltr'><strong>αισυητου.</strong></span> 
     </span>
    </p>
   </div>
  </div>
