4038 6394
331 285 430 340 1'29

327 407 524 454 nostra:
567 397 816 452 inimicus
871 394 1196 450 contrarium
1248 393 1358 448 Deo
1407 391 1686 448 consilium
1740 389 1928 446 all‘ert-

325 492 534 561 Quippe
573 506 696 546 cum
735 489 996 560 benignus
1039 487 1178 542 Deus
1207 485 1278 540 ob
1327 499 1569 556 magnam
1614 483 1782 538 nostri
1823 498 1919 537 eu-

324 599 440 638 ram
493 582 562 637 de
606 581 748 651 ligno
781 593 994 634 sumere
1024 576 1374 647 prohibuerit,
1422 584 1479 630 ut
1505 591 1572 630 ne
1599 590 1694 644 per
1731 574 1919 629 inobe-

321 677 582 732 dientiam
624 673 882 728 mortales
911 671 1164 726 ﬁeremus
1211 687 1226 724 :
1279 669 1372 724 1110
1407 669 1535 724 (11011
1575 669 1784 723 mulieri
1818 670 1914 724 :4.

323 767 452 822 Non
495 775 656 821 morte
690 762 993 818 moriemini.
1041 761 1196 830 Quali
1241 759 1394 815 venia
1439 760 1740 830 dignabitur
1781 760 1921 815 ullus

321 859 630 924 mulierem,
667 855 811 926 quod
837 855 1056 910 omnino
1078 869 1240 909 aures
1277 853 1542 920 aperuerit
1571 861 1678 906 tam
1701 851 1918 906 audacia

323 947 564 1003 dicenti?
633 947 766 1002 Nam
830 961 954 1001 cum
1001 945 1142 1000 Deus
1198 945 1418 1010 dixerit,
1474 942 1552 998 Ne
1604 942 1914 1008 comedatis,

321 1055 382 1096 ut
439 1057 508 1096 ne
541 1038 850 1094 moriamini
878 1056 890 1092 :
921 1039 1011 1094 ille
1049 1037 1240 1108 inquit,
1275 1035 1396 1090 Non
1421 1045 1582 1090 morte
1617 1035 1916 1089 moriemini.

257 1145 272 1156 “
325 1133 460 1187 Dein
505 1147 614 1187 non
655 1140 940 1186 contentus
977 1129 1243 1184 contraria
1274 1128 1430 1183 dictis
1473 1127 1570 1182 Dei
1613 1127 1915 1197 protulisse,

321 1224 536 1278 incusat
587 1237 710 1278 eum
769 1221 931 1277 etiam
978 1231 1036 1275 ut
1083 1219 1317 1275 invidum
1345 1218 1638 1289 Opiﬁcem,
1687 1235 1795 1289 quo
1840 1220 1919 1274 sic

323 1314 569 1371 {tandem
619 1315 874 1370 inducere
921 1322 1133 1383 posset,
1203 1323 1258 1368 et
1315 1312 1656 1382 supplantata
1695 1311 1918 1366 muliere

323 1408 660 1478 propositum
709 1423 865 1461 suum
909 1407 1170 1476 impleret.
1234 1404 1357 1459 Non
1413 1415 1572 1459 morte
1613 1405 1916 1458 moriemini.

323 1502 378 1556 5.
426 1501 628 1556 Sciebat
668 1501 800 1554 enim
835 1499 992 1566 Deus,
1037 1501 1170 1568 quod
1208 1513 1522 1570 quocumque
1546 1498 1628 1550 die
1652 1496 1918 1550 comedetis

323 1613 390 1650 ea:
408 1611 489 1660 eo,
518 1593 810 1664 aperientur
840 1593 974 1646 oculi
1000 1591 1168 1657 vestri,
1200 1601 1246 1644 et
1273 1591 1414 1644 eritis
1439 1590 1565 1643 sicut
1592 1588 1684 1652 dii,
1713 1587 1919 1642 scierim

326 1690 511 1742 bonum
552 1699 598 1740 et
637 1685 848 1738 malum.
885 1683 1024 1738 Ecce
1069 1692 1231 1737 totam
1275 1697 1454 1737 escam
1487 1700 1500 1734 :
1529 1681 1746 1735 calicem
1777 1679 1918 1734 enim

325 1779 633 1850 pernicioso
663 1793 872 1832 veneno
901 1778 1115 1847 plenum
1149 1776 1360 1832 mulieri
1395 1771 1592 1840 dedit,
1640 1789 1756 1844 quze
1800 1773 1920 1827 leti-

326 1876 498 1928 ferum
523 1873 628 1928 hoc
655 1888 774 1928 esse
799 1872 978 1926 videre
1007 1872 1194 1926 nolens
1229 1889 1242 1924 :
1278 1881 1482 1940 poterat
1513 1870 1653 1923 enim
1675 1910 1690 1935 ,
1741 1869 1784 1923 si
1829 1885 1922 1921 vo-

326 1967 538 2032 luisset,
577 1965 646 2020 ab
672 1964 822 2018 initio
853 1963 954 2018 hoc
978 1963 1152 2028 scire;
1195 1963 1300 2018 sed'
1334 1973 1386 2016 ut
1433 1961 1634 2017 audivit
1676 1961 1743 2016 ab
1791 1962 1914 2026 illo,

325 2055 471 2127 quod
515 2055 635 2112 ideo
663 2071 811 2110 csum
841 2055 982 2110 hunc
1007 2055 1370 2126 prohibuisset
1393 2053 1552 2120 Deus,
1596 2055 1717 2121 quia
1759 2055 1922 2108 sciret

325 2149 514 2202 oculos
551 2148 792 2218 ipsorum
819 2146 1155 2216 aperiendus,
1187 2161 1387 2216 eosque
1425 2147 1562 2199 sicut
1599 2145 1726 2199 deos
1772 2145 1918 2212 ﬁre,

329 2239 563 2295 scientes
601 2239 800 2294 bonum
831 2248 884 2294 et
911 2239 1108 2293 malum
1141 2255 1155 2292 :
1189 2237 1464 2308 aequandae
1489 2237 1780 2291 divinitatis
1826 2253 1922 2306 spe

327 2329 534 2398 inﬂata,
580 2346 776 2402 magna
824 2331 1066 2401 quaedam
1115 2347 1298 2385 secum
1356 2330 1707 2399 concipiebat:
1763 2327 1922 2385 Tales

327 2423 472 2476 enim
521 2431 648 2478 sunt
689 2422 1110 2478 machinationes
1155 2421 1392 2489 inimici,
1447 2430 1505 2476 ut
1558 2421 1770 2491 quando
1829 2437 1922 2490 per

327 2513 702 2582 deceptionem
752 2515 804 2567 in
851 2513 1080 2568 sublime
1125 2513 1472 2579 subduxerit,
1507 2513 1718 2568 tandem
1763 2523 1818 2568 et
1869 2515 1919 2567 in

329 2602 652 2673 profundum
681 2620 778 2673 per
809 2618 1046 2673 prwceps
1077 2585 1308 2672 dejiciat.
1359 2603 1522 2669 Igitur
1567 2611 1625 2658 ut
1661 2611 1920 2674 aequalem

327 2695 531 2750 sciere
577 2696 688 2750 Deo
728 2696 1010 2765 imaginata
1059 2704 1161 2760 est,
1207 2695 1276 2750 ad
1302 2711 1452 2751 csum
1496 2695 1822 2766 properavit,
1867 2706 1926 2752 et.

327 2787 456 2841 illuc
503 2799 686 2859 postea
729 2789 848 2842 ﬁxit
891 2797 948 2844 et
986 2789 1368 2860 cogitationem
1411 2797 1466 2844 et.
1504 2797 1736 2846 mentem
1797 2807 1810 2845 :
1866 2798 1922 2844 et

325 2880 460 2934 nihil
509 2881 650 2936 aliud
691 2881 1063 2936 considerabat
1117 2898 1275 2950 quam
1328 2891 1388 2937 ut
1429 2883 1647 2938 calicem
1691 2899 1720 2937 a
1764 2883 1920 2938 mali-

325 2989 434 3043 gno
457 2973 704 3028 daemone
729 2981 1080 3042 temperatum
1122 2983 1381 3044 rpotaret.
1409 2973 1538 3028 Nam
1581 2975 1722 3044 quod
1764 2989 1918 3030 acce—

327 3077 422 3135 pto
457 3067 762 3138 pernicioso
799 3067 891 3121 illo
938 3069 1236 3138 serpentini
1283 3069 1490 3124 consilii
1535 3085 1758 3135 veneno,
1815 3068 1922 3124 tale

327 3159 426 3227 ipsi
457 3159 694 3213 studium
725 3159 904 3224 fuerit,
967 3160 1090 3215 audi
1130 3159 1460 3231 Scripturam
1507 3161 1770 3216 dicentem
1803 3178 1816 3214 :
1863 3159 1918 3215 6.

328 3249 398 3302 Et
421 3251 542 3303 vidit
569 3251 749 3303 mulier
772 3251 906 3320 quod
926 3249 1112 3304 bonum
1138 3261 1262 3305 esset
1282 3253 1476 3322 lignum
1506 3250 1574 3304 ad
1600 3250 1917 3316 vescendum,

327 3351 382 3392 et-
401 3351 599 3409 gratum
629 3339 790 3392 oculis
817 3341 885 3392 ad
904 3341 1191 3406 videndum,
1217 3345 1591 3412 formosuntque
1613 3341 1680 3392 ad
1701 3350 1925 3394 contem-

327 3433 574 3500 plandum
605 3448 622 3486 :
649 3443 695 3485 et
722 3433 911 3502 accepit
938 3436 1002 3488 de
1028 3438 1196 3504 fructu
1246 3435 1385 3489 illius
1424 3445 1470 3488 et
1519 3434 1753 3488 comedit.
1779 3433 1920 3491 Vere

327 3523 670 3594 Corrumpunt
703 3523 859 3578 bonos
889 3541 1050 3578 mores
1093 3525 1346 3595 colloquia
1385 3542 1540 3595 prava
1571 3523 1647 3597 (l.
1677 3523 1797 3580 Cor.
1830 3527 1918 3581 l5.

327 3615 444 3686 55).
486 3616 664 3682 Quare
691 3617 834 3670 enim
872 3631 975 3671 non
1005 3627 1130 3672 ante
1160 3618 1488 3672 diabolicum
1531 3619 1815 3674 consilium
1845 3619 1918 3674 illi

327 3707 434 3764 tale
478 3709 606 3778 quid
661 3710 712 3763 in
764 3720 995 3764 mentem
1039 3712 1204 3776 venit,
1255 3727 1355 3766 nec
1381 3711 1582 3781 lignum
1615 3711 1715 3766 hoc
1745 3713 1921 3767 cousi-

325 3800 553 3866 dcravit,
585 3817 684 3856 nee
712 3803 827 3872 ejus
855 3803 1298 3872 pulchritudinem
1331 3804 1503 3858 vidit?
1539 3805 1670 3873 Quia
1705 3805 1922 3860 timebat

327 3892 638 3948 mandatum
683 3893 815 3959 Dei,
869 3905 922 3950 et
967 3895 1418 3966 subsequuturum
1461 3913 1526 3952 ex
1574 3913 1668 3952 csu
1715 3899 1918 3969 suppli-

327 3985 468 4040 cium
493 4001 508 4039 :
529 4001 672 4040 nunc
697 3995 874 4041 autem
904 3997 1180 4058 postquam
1211 4003 1240 4042 a
1272 3989 1407 4042 mala
1439 3989 1538 4044 hac
1567 3989 1735 4044 bestia
1761 3989 1920 4044 dece-

333 4085 418 4148 pta
451 4087 554 4144 est,
601 4079 673 4132 ita
701 4087 756 4133 ut
784 4079 1031 4133 crederet
1069 4095 1175 4134 non
1227 4080 1400 4134 solum
1431 4079 1560 4134 nihil
1588 4081 1770 4135 damni
1795 4080 1920 4136 hinc

333 4184 602 4238 passuros,
627 4169 721 4224 sed
748 4178 802 4224 et
829 4170 940 4224 Deo
967 4171 1201 4238 :equales
1229 4187 1349 4226 esse
1375 4171 1599 4238 futuros,
1621 4181 1747 4227 tunc
1771 4173 1916 4228 illam

331 4275 452 4330 spes
472 4259 844 4330 promissionis
871 4261 937 4315 ad
965 4261 1283 4317 Stnncndum
1305 4264 1478 4318 cibum
1507 4263 1715 4332 impulit
1760 4281 1774 4318 :
1821 4281 1917 4319 ne-

331 4367 432 4420 que
461 4354 597 4405 intra
623 4364 750 4405 suos
771 4351 967 4406 limites
1007 4363 1281 4419 contenta,
1328 4354 1420 4408 sed
1449 4353 1665 4409 inimico
1699 4364 1750 4408 et
1777 4355 1916 4410 hosti

331 4443 516 4497 salutis
570 4451 767 4496 nostra:
799 4443 1053 4511 majorem
1083 4443 1242 4498 ﬁdem
1271 4443 1493 4509 habens,
1537 4462 1694 4516 quam
1739 4447 1918 4502 verbis

331 4538 422 4594 Dei
451 4558 468 4593 :
497 4542 826 4611 experientia
863 4558 958 4597 sua
1004 4559 1108 4598 non
1153 4545 1323 4599 multo
1353 4553 1471 4614 post
1494 4544 1678 4599 didicit
1707 4545 1916 4600 consilii

333 4633 642 4701 perniciem,
681 4644 736 4690 et
773 4645 970 4704 quanta
999 4637 1274 4690 calamitas
1333 4637 1478 4706 ipsos
1517 4636 1918 4705 deprehensum

327 4732 490 4777 esset.
535 4723 666 4778 Nam
692 4724 760 4779 Ut
789 4727 928 4788 vidit,
960 4727 1151 4796 inquit,
1183 4727 1318 4797 quod
1352 4727 1546 4798 lignum
1580 4736 1702 4781 esset
1732 4729 1916 4781 bonum

327 4815 408 4866 ad
435 4817 755 4880 vescendum,
793 4826 839 4870 et
874 4819 1008 4886 quod
1038 4819 1194 4872 oculis
1223 4828 1426 4889 gratum
1445 4819 1520 4871 ad-
1537 4819 1830 4884 ridendum,
1871 4830 1917 4873 et

333 4907 610 4961 ’ormosum
636 4909 706 4962 ad
747 4909 1210 4980 contemplandum,
1251 4911 1500 4980 cogitavit
1539 4925 1742 4977 secum,
1781 4911 1916 4966 forte

329 5014 393 5053 ex
431 4999 629 5054 diaboli
658 5001 993 5071 deceptione,
1029 5019 1186 5073 quam
1219 5019 1313 5072 per
1333 5015 1633 5074 serpentem
1660 5005 1749 5060 1110
1787 5005 1915 5061 all‘e-

333 5091 480 5144 rehat
527 5110 540 5145 :
574 5091 630 5146 Si
667 5102 721 5146 et
758 5094 825 5148 ad
856 5096 1178 5148 vescendum
1211 5096 1404 5149 bonum
1431 5107 1513 5150 est
1539 5097 1759 5168 lignum,
1791 5106 1844 5152 et
1871 5099 1913 5151 si

333 5190 530 5236 tantum
555 5185 738 5238 Oculos
766 5185 1032 5241 oblectare
1057 5195 1253 5256 potest,
1281 5197 1336 5243 et
1363 5189 1755 5258 pulchritudine
1781 5205 1918 5260 pra:-

333 5273 494 5328 ditum
533 5285 614 5329 est
661 5275 933 5340 inell'abili,
974 5278 1018 5332 si
1061 5277 1220 5334 etiam
1248 5277 1362 5348 ejus
1389 5280 1620 5348 sumptio
1647 5295 1914 5336 summum

333 5363 484 5418 nobis
535 5366 796 5434 prmhehit
845 5367 1142 5434 honorem,
1204 5379 1258 5423 ct
1319 5369 1628 5424 habebimus
1673 5371 1914 5426 eamdem

331 5469 488 5523 quam
533 5456 792 5512 Conditor
835 5459 1169 5530 dignitatem,
1217 5473 1381 5529 quare
1426 5477 1534 5515 non
1579 5477 1917 5517 sumeremus

333 5544 522 5600 :leeo?

401 5641 454 5693 4.
497 5637 686 5697 Vidisti
708 5641 982 5712 quomodo
1015 5643 1158 5698 illam
1185 5641 1427 5698 diabolus
1452 5645 1715 5714 captivam
1744 5644 1912 5712 duxit,

344 5741 396 5788 et
433 5735 616 5791 atterit.
647 5735 982 5792 ratiocinium
1030 5736 1179 5808 ejus,
1233 5736 1460 5810 fecitque
1503 5749 1560 5796 ut
1597 5755 1714 5812 qua:
1752 5755 1912 5814 supra

1429 279 1494 335 ΙΝ
1535 275 1768 335 CAPJI.
1809 275 2056 334 GENES.
2099 277 2328 334 HOMIL.
2374 277 2513 334 XVI.

3511 279 3610 338 150

2032 405 2182 444 suam
2231 390 2542 460 dignitatem
2592 401 2746 447 erant
2789 405 2979 462 sapere
3027 391 3269 459 auderet,
3296 407 3398 463 qut.
3428 395 3606 448 tnllata

2027 494 2316 549 Spe-vana,
2374 481 2442 535 ab
2485 481 2568 535 his
2612 497 2826 553 quoque
2869 499 2988 553 quae
3036 483 3137 552 ipsi
3167 499 3422 539 concessa
3458 496 3612 540 erant

2025 571 2344 626 excideret?
2373 570 2437 626 Et
2465 573 2670 644 accepi!
2683 573 2747 627 de
2777 576 2946 645 fructu
2978 575 3136 642 illius,
3174 585 3222 630 et
3262 577 3482 630 comedit
3510 593 3530 630 ξ
3565 591 3613 631 et

2025 662 2162 716 dedit
2199 663 2354 716 etiam
2385 663 2494 718 viro
2527 680 2639 728 suo,
2671 673 2718 719 et
2746 666 3063 720 comederunt
3093 681 3112 721 :
3139 667 3191 722 7.
3221 677 3266 720 et
3295 669 3462 736 aperti
3495 679 3612 723 sunt

2023 754 2158 808 oculi
2197 753 2423 820 illorum,
2469 767 2518 810 et
2557 766 2892 829 cognoverunt
2917 759 3052 829 quod
3091 761 3214 814 nudi
3242 772 3423 816 essent.
3474 763 3611 831 Quid

2023 845 2230 912 fecisti,
2270 863 2304 901 0
2343 849 2572 903 mulier?
2621 849 2736 904 Non
2785 851 2956 906 solum
3002 853 3314 921 pernicioso
3340 864 3562 923 accepto
3594 855 3611 884 ¹
3673 917 3688 930 ⁸

2023 939 2250 994 consilio
2277 940 2450 1010 legem
2485 957 2513 996 a
2555 942 2664 996 Deo
2691 931 2868 998 datam
2893 944 3237 1010 conculeasti,
3297 953 3360 1000 et-
3388 945 3614 1000 manda-

2025 1039 2134 1084 tum
2176 1033 2572 1102 contempsisti,
2625 1041 2682 1088 et
2713 1035 2763 1088 in
2804 1043 3002 1089 tantam
3029 1037 3218 1090 venisti
3252 1037 3614 1106 intemperan-

2024 1121 2171 1185 tiam,
2216 1131 2276 1178 ut
2319 1137 2423 1177 nou
2468 1133 2717 1178 contenta
2763 1133 2841 1180 tot
2890 1135 3265 1198 tantorumque
3311 1129 3605 1192 lruitione,

2023 1213 2182 1268 etiam
2231 1215 2447 1271 unicum
2491 1217 2595 1271 hoc
2635 1217 2838 1287 lignum
2862 1258 2878 1284 ,
2927 1218 2996 1274 de
3035 1234 3146 1290 quo
3181 1235 3259 1276 ne
3296 1223 3612 1276 comederes

2023 1317 2354 1379 praeceperat
2383 1308 2659 1376 Dominus,
2698 1325 2827 1366 ausa
2853 1311 2928 1367 sis
2955 1327 3186 1376 sumere,
3227 1322 3280 1368 et
3305 1313 3407 1368 ﬁde
3437 1313 3612 1368 habita

2023 1398 2090 1453 iis
2124 1415 2243 1470 qua:
2271 1415 2300 1454 a
2331 1411 2584 1470 serpente
2612 1401 2758 1456 dicta
2779 1411 2946 1470 sunt,
2992 1402 3200 1459 ﬁdelius
3243 1406 3436 1474 putasti
3471 1405 3614 1460 illius

2023 1493 2324 1560 consilium,
2357 1508 2514 1563 quam
2553 1493 2860 1549 mandatum
2907 1510 2938 1548 a
2981 1495 3270 1551 Conditore
3307 1500 3509 1564 datum,
3561 1507 3616 1553 et

2025 1584 2078 1638 in
2119 1593 2322 1638 tantum
2383 1584 2602 1654 decepta
2647 1601 2744 1650 es,
2805 1595 2861 1641 ut
2907 1603 2976 1642 ne
3017 1589 3168 1643 venia
3199 1589 3411 1659 quidem
3455 1590 3612 1658 digna

2025 1675 2099 1730 sis
2122 1675 2156 1727 ?'
2242 1675 2376 1729 Num
2439 1677 2582 1732 enim
2644 1678 2881 1746 ejusdem
2934 1691 3135 1734 natura:
3197 1691 3311 1735 erat
3365 1683 3453 1750 qui
3515 1683 3614 1739 hoc

2025 1767 2378 1821 consulebat?
2431 1769 2506 1823 Ex
2554 1770 2781 1824 subditis
2811 1781 2864 1825 et
2890 1773 3082 1836 servis,
3131 1782 3184 1826 et
3219 1775 3321 1828 sub
3349 1783 3434 1828 tua
3467 1784 3616 1845 pote-

2023 1869 2174 1914 state
2215 1869 2349 1916 erat.
2396 1861 2572 1930 Quare
2617 1863 2694 1917 sic
2743 1864 2966 1933 teipsam
3013 1865 3245 1933 l'mdasti,
3277 1877 3331 1921 et
3359 1868 3446 1920 illo
3485 1868 3612 1922 reli-

2024 1963 2132 2016 cto,
2168 1963 2384 2022 propter
2417 1969 2574 2023 quem
2613 1953 2844 2010 formata
2894 1969 2990 2022 es,
3043 1957 3108 2011 ad
3160 1958 3313 2027 cujus
3359 1959 3613 2013 atixilium

2027 2041 2282 2110 producta
2349 2057 2448 2109 es,
2516 2044 2669 2114 cujus
2731 2045 3045 2116 dignitatum
3102 2061 3160 2101 es
3207 2049 3510 2120 particeps,
3561 2059 3617 2106 et

2025 2151 2148 2189 cum
2202 2151 2307 2206 quo
2347 2135 2586 2205 ejusdem
2621 2153 2677 2192 es
2715 2138 3026 2193 substantia:
3071 2149 3126 2194 et
3157 2141 3323 2206 vocis,
3371 2141 3423 2194 in
3465 2141 3619 2196 fami-

2028 2226 2308 2282 liaritatem
2339 2229 2605 2297 serpentis
2647 2230 2830 2286 venire
2877 2229 3196 2298 sustinuisti,
3249 2240 3318 2284 ut-
3345 2247 3376 2284 a
3405 2231 3618 2287 diabolo

2025 2334 2121 2389 per
2141 2319 2280 2374 hanc
2304 2319 2529 2375 bestiam
2557 2321 2829 2390 acciperes
2868 2324 3455 2380 consilimn-manilbste
3486 2341 3618 2381 con-

2027 2413 2243 2466 trarium
2287 2413 2352 2468 iis
2398 2429 2518 2484 qua:
2578 2429 2609 2468 a
2661 2414 2774 2469 Deo
2817 2423 2956 2469 sunt
2983 2416 3221 2485 injuncta
3257 2435 3268 2470 :
3301 2433 3472 2488 neque
3541 2419 3620 2475 sic

2025 2515 2264 2560 aversata
2315 2521 2376 2561 es
2417 2497 2603 2574 illum,
2660 2505 2756 2561 sed
2801 2511 2900 2577 spe
2945 2508 3335 2577 promissionis.
3387 2509 3454 2564 de
3495 2511 3618 2565 cibo

2025 2599 2118 2654 illo
2146 2613 2360 2654 sumere
2389 2613 2515 2654 ausa
2547 2600 2652 2654 es?
2673 2600 2801 2655 Esto
2833 2601 3025 2669 igitur;
3075 2601 3298 2670 tcipsam
3339 2604 3389 2656 in
3415 2611 3616 2662 tantum

2025 2690 2377 2760 praecipitium
2418 2690 2708 2761 depuleris,
2752 2701 2807 2747 et
2834 2694 3038 2746 honore
3080 2694 3312 2748 maximo
3368 2695 3617 2766 privave-

2026 2783 2101 2838 ris
2148 2799 2162 2836 :
2235 2798 2400 2852 quare
2437 2791 2493 2837 et
2532 2782 2704 2837 virum
2754 2791 2919 2837 tanta:
2973 2783 3140 2838 ruina:
3188 2786 3391 2838 socium
3437 2785 3614 2840 facis?

2027 2883 2083 2931 et.
2125 2875 2282 2945 cujus
2331 2884 2385 2930 te
2413 2875 2728 2946 adjutricem
2770 2891 2892 2930 esse
2936 2877 3241 2946 Oportebat,
3288 2879 3430 2932 illius
3481 2878 3616 2934 facta

2025 2985 2086 3025 es
2109 2969 2425 3034 insidiatrix,
2472 2978 2526 3024 et
2559 2969 2628 3024 ob
2668 2969 2944 3022 minimum
2984 2970 3088 3024 cibi
3121 2970 3268 3024 illum
3297 2987 3509 3041 quoque
3543 2982 3618 3028 10-

2025 3078 2146 3118 eum
2175 3079 2208 3118 a
2248 3061 2418 3133 gratia
2451 3062 2542 3118 Dei
2572 3061 2890 3118 abalienes?
2936 3062 3064 3128 Quae
3107 3071 3160 3119 te
3204 3063 3502 3135 prodigiosa
3533 3065 3618 3118 in-

2025 3155 2173 3210 sania
2196 3155 2248 3209 in
2276 3162 2472 3208 tantam
2496 3153 2770 3208 audaciam
2803 3153 3043 3209 induxit?
3074 3154 3189 3209 Non
3223 3156 3353 3210 satis
3382 3167 3497 3212 erat
3525 3153 3618 3212 tibi

2027 3245 2235 3301 beatam
2266 3243 2403 3299 hanc
2427 3245 2587 3299 vitam
2615 3259 2795 3315 agere,
2825 3253 2881 3299 et
2905 3259 3130 3314 corpore
3167 3245 3380 3316 quidem
3409 3249 3624 3314 vestiri,

2027 3355 2199 3410 neque
2223 3339 2518 3409 corporalis
2557 3339 2634 3393 rei
2665 3339 2887 3407 alicujus
2919 3339 3147 3408 indigam
3180 3342 3336 3395 esse?
3373 3341 3640 3396 omnibus

2025 3432 2080 3486 in
2135 3431 2380 3500 paradiso
2420 3429 2557 3493 frui,
2605 3439 2828 3500 excepto
2877 3431 3032 3484 unico
3061 3432 3160 3485 hoc
3189 3431 3643 3502 lignolevisibilia.

2025 3524 2203 3578 onmia
2238 3523 2338 3577 sub
2363 3531 2540 3576 vestra
2569 3537 2688 3578 esse
2724 3531 3006 3593 potestate,
3053 3533 3107 3578 et
3143 3533 3210 3578 te.
3233 3539 3351 3579 esse
3379 3527 3615 3581 omnium

2024 3621 2336 3676 dominam?
2378 3621 2483 3678 Sed
2513 3621 2667 3676 vanis
2696 3621 2918 3690 decepta
2971 3622 3448 3692 promissionibus,
3495 3638 3616 3693 spe-

2024 3713 2152 3768 rasti
2181 3714 2339 3768 etiam
2370 3713 2424 3767 in
2452 3728 2717 3768 summum
2751 3713 3030 3782 pervenire
3059 3711 3282 3767 honoris
3307 3712 3618 3783 fastigium?

2026 3807 2230 3862 Idcirco
2257 3807 2430 3862 disces
2460 3823 2518 3862 re
2547 3807 2681 3876 ipsa,
2702 3816 2754 3862 te
2782 3821 2888 3860 non
2917 3805 3087 3860 solum
3117 3805 3206 3860 illa
3240 3821 3344 3860 non
3366 3821 3620 3876 assequu-

2025 3909 2196 3954 turam
2244 3914 2398 3965 esse,
2432 3897 2526 3954 sed
2574 3907 2629 3952 et
2672 3897 2919 3952 omnibus
2951 3897 3061 3966 jam
3095 3899 3132 3950 'a
3183 3896 3288 3951 Deo
3341 3897 3432 3952 tibi
3479 3897 3617 3952 datis

2023 3989 2332 4060 privandam
2363 3999 2417 4044 et
2447 3990 2690 4058 teipsam,
2743 3998 2798 4043 et
2834 3988 3007 4042 virum
3050 4005 3062 4040 :
3100 3997 3259 4058 atque
3305 3989 3355 4042 in
3413 3997 3615 4043 tantam

2025 4083 2394 4154 paenitentiam
2442 4083 2686 4147 venietis,
2729 4089 2788 4136 ut
2840 4091 2895 4137 01
2934 4095 3088 4136 serus
3115 4089 3294 4136 vester
3330 4081 3485 4137 dolor
3535 4081 3616 4138 fu-

2025 4185 2194 4246 turus,
2240 4187 2296 4232 et
2331 4177 2593 4247 malignus
2617 4175 2847 4238 daemon,
2879 4175 2968 4244 qui
2995 4174 3096 4229 hoc
3123 4173 3438 4228 damnosum
3464 4175 3628 4234 vobis

2023 4269 2304 4325 consilium
2321 4268 2586 4339 suggessit
2613 4267 2838 4333 risurus,
2861 4267 3119 4337 vobisque
3147 4267 3494 4323 insultaturus
3523 4269 3630 4334 sit,

2025 4371 2207 4432 utpote
2247 4361 2568 4431 jacentibus,
2600 4369 2654 4415 et
2680 4360 2868 4415 eadem
2895 4375 3014 4430 quae
3043 4361 3157 4429 ipse
3183 4361 3372 4430 passis.
3401 4361 3635 4424 Etenim,

2022 4456 2160 4508 sicut
2187 4453 2274 4508 ille
2298 4469 2456 4524 supra
2481 4468 2640 4522 quam
2683 4451 2906 4506 decebat
2937 4451 3006 4506 de
3041 4467 3100 4506 se
3142 4453 3400 4519 sentiens,
3429 4469 3460 4507 a
3487 4468 3616 4515 con.-

2021 4560 2170 4600 cessa
2201 4545 2455 4615 dignitate
2479 4543 2813 4610 deturbatus,
2862 4552 2915 4598 et
2944 4559 2975 4598 e
3011 4543 3156 4598 caelis
3191 4544 3243 4598 in
3287 4553 3481 4602 terram
3511 4545 3612 4607 de.-

2017 4637 2192 4707 jectus
2229 4646 2312 4692 est
2344 4654 2358 4690 :
2386 4635 2525 4690 istud
2553 4635 2727 4705 ipsum
2752 4643 2807 4689 et
2831 4649 2926 4689 vos
2956 4633 3233 4701 lacerc,.ct
3263 4651 3356 4705 per
3375 4635 3612 4694 mandati

2023 4729 2514 4798 praevaricationem
2573 4728 2626 4781 in
2679 4725 2868 4781 mortis
2915 4727 3098 4780 venire
3147 4740 3361 4794 patriam
3412 4727 3607 4791 voluit,

2022 4821 2094 4876 ita
2139 4837 2250 4875 suae
2274 4820 2603 4875 satisfaciens
2624 4818 2834 4873 invidia:
2865 4835 2876 4871 :
2911 4819 3050 4872 sicut
3077 4825 3131 4872 et
3155 4817 3368 4887 sapiens
3395 4817 3612 4887 quidam

2022 4912 2229 4968 dicebat
2257 4929 2270 4966 :
2301 4911 2506 4965 Invidia
2540 4921 2707 4965 autem
2747 4909 2956 4974 diaboli,
3004 4925 3140 4962 mors
3169 4909 3222 4962 in
3249 4908 3492 4966 mundum
3531 4911 3613 4964 in-

2023 5005 2169 5059 travit
2210 5003 2368 5075 (Sep.
2393 5003 2449 5057 ‘2.
2479 5001 2596 5072 21).
2645 5001 2714 5055 Et
2751 5001 2908 5066 dedit,
2939 4999 3130 5069 inquit,
3155 4991 3312 5074 etiam
3341 5001 3447 5055 viro
3475 5017 3568 5058 suo
3591 5021 3611 5068 ,-

2022 5107 2069 5150 et
2108 5097 2462 5159 comederunt,
2510 5104 2557 5148 et
2599 5095 2920 5162 apertisunt
2964 5091 3099 5144 oculi
3149 5091 3372 5150 illorum.
3423 5091 3609 5163 Magna

2021 5190 2180 5245 etiam
2230 5189 2326 5242 viri
2369 5187 2706 5257 negligentia.
2746 5183 2874 5243 Nam
2905 5183 3028 5238 licet
3056 5183 3143 5237 illa
3172 5183 3410 5253 ejusdem
3441 5200 3609 5255 gene-

2021 5283 2097 5338 ris
2128 5289 2310 5348 esset,
2338 5289 2390 5335 et
2431 5295 2584 5345 uxor,
2625 5287 2858 5338 attamen
2907 5275 3200 5345 Oportebat,
3233 5275 3406 5337 virum
3445 5275 3605 5345 pluris

2023 5377 2199 5433 facere
2244 5385 2562 5447 praeceptum
2617 5373 2740 5437 Dei,
2797 5385 2953 5442 quam
3007 5369 3238 5424 illicitam
3285 5369 3422 5424 hanc
3469 5369 3608 5424 illius

2021 5468 2525 5538 concupiscentiam,
2571 5475 2626 5520 et
2673 5481 2778 5519 non
2829 5463 2938 5517 fieri
2982 5459 3438 5532 praevaricatttmis
3483 5475 3600 5530 par,-

2023 5563 2256 5632 ticipem,
2285 5575 2454 5630 neque
2495 5559 2563 5613 ob
2586 5556 2836 5614 minimas
2861 5557 3155 5625 voluptates
3181 5554 3340 5608 tantis
3370 5553 3636 5624 seipsum

2093 5745 2122 5776 ί·
2145 5739 2292 5794 Savil.
2309 5745 2567 5800 etatissao
2589 5735 2804 5790 mulier?
2824 5748 2972 5801 quare
2989 5731 3260 5802 pernicioso
3273 5739 3486 5796 accepto,
3509 5740 3624 5788 etc._
