4038 6394
410 257 506 313 131

410 369 620 438 privare
645 364 820 426 bouis,
850 370 904 417 et
930 358 1202 414 offendere
1236 355 1649 417 benefacturem,
1693 352 1782 422 qui
1829 349 1977 405 illum

411 466 556 511 tanta
595 453 916 523 benignitate
946 450 962 480 ι
992 448 1324 516 amplexatus
1364 454 1500 507 erat,
1541 444 1807 511 vitamque
1834 439 1986 493 dolo-

410 550 487 603 ris
527 557 580 602 et
618 545 813 601 laboris
856 544 1029 597 omnis
1070 550 1341 609 expertem
1390 544 1749 593 concesserat.
1798 535 1988 587 Annon

412 639 556 694 enim
598 636 792 690 licebat
828 633 1074 689 omnibus
1121 632 1238 685 aliis
1287 645 1406 700 quae
1444 630 1494 681 in
1538 626 1783 695 paradiso
1836 628 1993 677 erant

411 731 621 787 abunde
652 727 788 782 frui?
831 742 993 797 quare
1033 736 1139 780 tam
1176 725 1293 779 leve
1335 722 1637 777 mandatum
1684 716 1993 784 nequeipse

413 822 623 875 voluisti
655 820 909 875 servare?
948 816 1052 873 Sed
1092 818 1227 869 forte
1265 814 1507 869 audivisti
1548 829 1576 865 a
1624 810 1844 865 muliere
1872 822 1993 878 pcr-

324 895 333 906 ’
412 913 600 967 niciosi
646 911 850 966 censiIii
896 908 1322 979 promissionem,
1370 916 1423 960 et
1464 919 1558 974 spe
1585 903 1744 956 etiam
1771 901 1885 969 ipse
1914 898 1996 950 in-

412 1004 589 1069 flatus,
612 1002 715 1057 cibi
743 1001 918 1054 statim
953 999 1215 1069 particeps
1242 997 1409 1050 factus
1435 1011 1514 1048 es.
1551 994 1749 1047 Idcirco
1774 999 1996 1058 uterque

416 1094 729 1164 supplicium
757 1092 912 1147 luetis
934 1131 950 1149 .
982 1090 1296 1158 docebitque
1323 1102 1413 1142 vos
1434 1101 1612 1141 rerum
1630 1079 1955 1153 experientia
1977 1120 1993 1145 ,

416 1205 521 1242 non
565 1202 683 1242 esse
726 1184 829 1239 fide
867 1182 1074 1252 dignius
1118 1179 1332 1249 maligni
1378 1175 1637 1230 dmmouis
1682 1171 1993 1236 consilium,

418 1294 574 1347 quam
607 1277 696 1331 Dei
726 1283 1068 1345 praeceptum.
1114 1269 1185 1327 Et
1213 1270 1351 1323 dedit
1380 1268 1527 1321 etiam
1548 1267 1653 1319 uiro
1672 1280 1799 1327 suo;
1836 1270 1883 1315 at
1907 1277 1995 1315 co-

418 1371 696 1430 medcrtmt,
727 1376 773 1421 et
799 1366 961 1436 aperti
988 1372 1103 1420 sunt
1133 1362 1265 1418 oculi
1285 1361 1568 1422 amborum,
1595 1368 1643 1412 et
1663 1360 1998 1429 cognoverunt

416 1461 551 1531 quod
577 1458 699 1512 nudi
724 1465 904 1511 essent.

486 1552 540 1605 5.
580 1549 815 1615 Quiestio
836 1560 1023 1615 magna
1048 1543 1202 1599 nobis
1232 1542 1355 1598 hinc
1385 1541 1651 1600 nascitur,
1679 1553 1739 1592 ea
1766 1535 1995 1601 scilicet,

419 1655 577 1710 quam
620 1653 788 1707 nuper
819 1634 1107 1706 pollicebar
1134 1632 1342 1687 caritati
1387 1638 1597 1685 vestrae.
1627 1627 1815 1681 Merito
1855 1626 1997 1679 enim

423 1734 543 1802 quis
573 1731 856 1801 rogaverit,
878 1744 1036 1798 quatn
1065 1726 1314 1780 virtutem
1354 1721 1596 1776 habuerit
1634 1718 1735 1773 hoc
1762 1718 1959 1787 lignum
1980 1757 1997 1782 ,

422 1825 575 1893 cujus
604 1837 727 1877 esus
755 1822 963 1879 illorum
999 1819 1180 1874 oculos
1201 1816 1504 1887 aperuerit,
1530 1821 1585 1867 et
1616 1826 1778 1882 quare
1801 1811 1999 1879 lignum

422 1916 659 1972 scientia:
680 1914 803 1970 boni
821 1923 873 1968 et
894 1912 1018 1966 mali
1037 1920 1274 1967 vocetur.
1298 1908 1367 1964 Et
1394 1908 1438 1961 si
1468 1906 1658 1976 placet,
1673 1911 1997 1973 exspectate,

421 2016 481 2061 ut
514 2021 677 2076 pauca
712 2005 870 2059 etiam
907 2002 976 2057 de
1026 2002 1107 2055 his
1140 2001 1409 2053 disserens
1455 1997 1729 2050 caritatem
1771 2001 2001 2047 vestram

420 2100 661 2162 doceam,
681 2097 723 2150 si
751 2094 1072 2149 voluerimus
1093 2090 1400 2161 prudenter.
1420 2104 1537 2158 quae
1572 2087 1622 2139 in
1647 2086 1825 2141 divina
1855 2083 2003 2138 Scri-

422 2200 575 2257 ptura
602 2187 869 2249 dicuntur,
906 2184 1218 2252 intelligere,
1247 2180 1377 2235 nihil
1404 2179 1666 2233 dictorum
1695 2176 1849 2229 nobis
1876 2174 2005 2228 diffi-

422 2282 527 2335 cile
569 2279 737 2335 visum
780 2278 866 2331 iri.
894 2276 1075 2344 Neque
1104 2274 1245 2328 enim
1290 2287 1413 2326 esus
1448 2286 1513 2324 ex
1542 2284 1608 2323 eo
1638 2268 1779 2337 ligno
1818 2265 2004 2320 oculos

424 2374 636 2427 illorum
682 2370 931 2438 aperuit:
968 2383 1088 2421 nam
1140 2375 1191 2421 ct
1235 2374 1361 2419 ante
1400 2379 1547 2419 esum
1599 2361 1880 2424 videbant;
1910 2358 2003 2413 scd

422 2465 544 2535 quia
573 2478 697 2516 esus
723 2460 811 2516 ille
837 2458 1207 2514 iuobcdientia:
1238 2464 1353 2509 crat
1379 2462 1770 2524 argumentum,
1791 2461 1843 2506 et
1872 2465 2006 2520 prte-

422 2554 677 2607 varicatio
720 2550 951 2605 mandati
994 2564 1024 2602 a
1056 2548 1165 2602 Deo
1207 2545 1384 2600 traditi
1418 2565 1428 2598 :
1463 2560 1619 2613 quam
1670 2544 1740 2597 ob
1785 2556 2003 2596 causam

424 2655 604 2717 postea
654 2643 835 2698 nudati
877 2652 999 2697 sunt
1046 2641 1243 2710 gloria,
1277 2655 1395 2709 quzu
1440 2638 1559 2692 illos
1605 2634 2004 2700 circumdabat,

421 2740 544 2807 quia
593 2752 651 2792 se
695 2737 939 2806 indignos
989 2734 1082 2788 tali
1131 2733 1334 2787 honore
1387 2731 1672 2786 fecerant:
1723 2738 2006 2800 pr0pterea

426 2831 698 2899 Scriptura
740 2844 941 2882 morem
979 2842 1132 2881 suum
1178 2825 1502 2890 observans,
1530 2823 1735 2893 inquit:
1766 2821 2009 2876 Comede-

425 2930 542 2977 runt
567 2963 579 2985 ,
605 2930 651 2974 et
676 2921 836 2989 aperti
877 2930 991 2975 sunt
1013 2919 1148 2973 oculi
1168 2916 1371 2971 illarum
1394 2958 1408 2982 ,
1440 2926 1484 2970 et
1506 2925 1844 2986 cognoverunt
1872 2915 2007 2987 quod

426 3013 550 3066 nudi
571 3020 729 3066 essent
754 3027 771 3074 ;
799 3010 975 3064 nudati
1007 3018 1225 3080 propter
1252 3019 1525 3078 peccatum
1554 3023 1795 3077 supernae
1824 3005 2010 3079 gratiae

426 3103 623 3155 amictu
643 3144 657 3162 .
689 3100 956 3155 sensibilis
998 3116 1108 3153 sua:
1137 3098 1387 3153 nuditatis
1414 3112 1626 3152 sensum
1654 3105 2010 3166 acceperunt,

428 3201 483 3245 ut
516 3208 608 3259 per
628 3189 1071 3252 erubescentiam,
1101 3204 1219 3258 quae
1247 3188 1529 3242 iuvadebat
1553 3189 1716 3260 ipsos.
1740 3197 1888 3242 certo
1908 3188 2012 3242 sci-

429 3292 554 3338 rent
588 3284 640 3336 in
690 3291 939 3350 quautam
976 3282 1183 3335 ruinam
1230 3281 1375 3350 ipsos
1423 3280 1730 3335 adduxisset
1778 3280 2011 3335 mandati

430 3373 680 3426 dominici
727 3372 1111 3439 pra-varicatio.
1157 3371 1255 3439 Qui
1311 3372 1454 3426 enim
1501 3382 1655 3426 antea
1702 3371 2014 3426 fruebantur

430 3472 573 3517 tanta
604 3462 816 3527 fiducia,
846 3471 899 3516 et
928 3478 1101 3531 neque
1128 3463 1228 3516 sibi
1258 3463 1457 3516 conscii
1504 3472 1657 3517 erant
1689 3477 1807 3518 sese
1841 3461 2013 3517 nudos

430 3570 589 3608 esse:
622 3569 720 3607 nec
771 3554 894 3606 nudi
941 3562 1112 3615 erant,
1142 3553 1567 3623 quandoquidem
1596 3570 1827 3625 superna
1868 3554 2014 3625 ipsos

427 3646 598 3715 gloria
642 3645 829 3714 quovis
884 3648 1202 3699 vestimento
1260 3644 1536 3699 honestius
1599 3647 1855 3715 tegebat:
1896 3656 2015 3718 post

429 3753 601 3801 esum,
630 3737 730 3790 hoc
757 3744 858 3799 cst,
892 3746 1011 3806 post
1039 3738 1533 3805 praevaricationem
1586 3747 1971 3808 praeceptorum
1993 3778 2009 3803 ,

431 3828 484 3880 in
514 3836 712 3880 tantam
744 3827 998 3880 vilitatem
1039 3826 1242 3883 redacti
1279 3838 1422 3892 sunt,
1451 3839 1509 3882 ut
1532 3829 1600 3882 ob
1625 3828 2012 3883 intolerabilem

436 3918 688 3987 pudorem
734 3928 936 3972 vestem
986 3927 1111 3973 tunc
1152 3929 1480 3989 quaarerent.
1529 3920 1737 3990 Quippe
1782 3921 2013 3974 mandati

437 4010 804 4080 prtevaricatio
843 4019 899 4062 ut
940 4012 1281 4078 supervenit,
1314 4021 1515 4065 vestem
1557 4011 1699 4064 illam
1744 4027 1930 4064 novam
1962 4021 2016 4065 et

432 4101 822 4168 admirabilem,
849 4101 1034 4171 gloriae
1060 4103 1273 4172 inquam
1295 4118 1354 4157 ac
1374 4118 1617 4172 superna:
1636 4102 2014 4158 benevolentia:

432 4208 539 4261 qua
568 4192 735 4246 induti
768 4202 922 4247 erant
945 4234 959 4259 ,
988 4194 1236 4259 abstulit,
1268 4205 1323 4248 et
1351 4196 1602 4249 nuditatis
1623 4211 1838 4250 sensum
1875 4211 2013 4266 prte-

434 4285 572 4350 huit,
603 4286 827 4357 illesque
860 4286 1058 4354 ingenti
1090 4287 1291 4355 pudore
1314 4287 1683 4342 circumdedit.
1713 4289 1766 4342 7.
1796 4286 1862 4340 Et
1890 4305 2014 4342 con-

432 4387 639 4429 suerunt
662 4376 787 4447 folia
816 4378 963 4445 licus,
989 4387 1032 4430 et
1061 4380 1283 4449 fecerunt
1310 4379 1628 4449 sibimetipsis
1661 4381 2011 4434 succinctorin.

433 4466 692 4533 Obsecro,
716 4466 942 4533 dilecte,
973 4470 1167 4540 cogita,
1200 4472 1465 4541 quomodo
1493 4481 1543 4527 et
1572 4487 1602 4526 a
1639 4481 1834 4542 quanto
1871 4472 2017 4526 fasti-

435 4562 524 4630 gio
563 4559 614 4613 in
661 4560 981 4630 profundum
1027 4564 1375 4633 praecipitium
1421 4565 1614 4635 dejccit
1658 4566 1779 4620 illos
1818 4566 2014 4622 diaboli

432 4653 735 4706 consilium.
756 4652 884 4707 Nam
916 4663 1059 4708 tanta
1103 4655 1267 4726 gloria
1294 4657 1489 4712 dudum
1515 4659 1847 4725 circumdati,
1878 4677 2017 4715 nunc

435 4745 559 4802 folia
591 4747 722 4801 ficus
750 4759 1035 4814 consuunt,
1067 4759 1121 4803 et
1148 4750 1245 4805 sibi
1278 4754 1625 4807 suceinctoria
1653 4754 1871 4809 faciunt.
1907 4756 2018 4812 lloc

431 4839 709 4893 diabolica:
739 4840 1066 4910 deceptionis
1110 4842 1312 4898 lucrum
1358 4856 1476 4901 est:
1507 4848 1610 4902 hoc
1659 4850 1864 4903 consilii
1901 4852 2016 4921 ejus

434 4930 779 4995 machinatio,
808 4941 864 4985 ut
893 4949 998 4987 non
1028 4933 1201 4989 solum
1226 4937 1426 5005 majora
1459 4954 1563 4992 non
1592 4941 1893 5007 conferret,
1923 4944 2015 4996 sed

433 5029 487 5073 et
512 5020 785 5090 acquisitis
812 5022 1073 5091 nudaret,
1114 5034 1168 5080 et
1188 5026 1469 5083 destitutos
1508 5031 1575 5084 ab
1601 5030 1665 5085 iis
1688 5048 1807 5102 qua:
1852 5032 2018 5089 habe-

439 5111 567 5165 bant
592 5113 918 5169 ostenderet.
948 5115 1128 5186 Itaque
1152 5119 1276 5187 quia
1309 5120 1411 5175 cibi
1446 5122 1659 5176 occasio
1699 5126 2015 5191 prtevarica-

438 5204 634 5257 tionem
676 5203 831 5270 fecit,
864 5206 1063 5261 ideirco
1114 5208 1278 5279 inquit
1329 5213 1600 5280 Scriptura
1632 5232 1645 5265 2
1673 5213 1739 5267 Et
1784 5217 2017 5272 comede-

438 5305 589 5359 runt,
624 5305 673 5349 et
699 5298 861 5365 aperti
881 5308 998 5352 sunt
1027 5302 1159 5354 oculi
1187 5318 1358 5356 eorum
1385 5318 1404 5357 :
1433 5321 1536 5359 non
1567 5306 1635 5360 de
1677 5307 2018 5364 sensibilibus

438 5388 607 5441 oculis
650 5388 852 5454 dicens,
885 5391 978 5444 sed
1025 5391 1094 5445 de
1142 5408 1302 5448 sensu
1347 5398 1560 5453 mentis.
1592 5397 1723 5453 Nam
1768 5401 2017 5471 quoniam

442 5478 688 5534 niandata
719 5483 1041 5555 transgressi
1065 5493 1209 5551 sunt,
1234 5486 1487 5543 Dominus
1510 5503 1603 5545 eos
1629 5492 1831 5548 sentire
1852 5492 2020 5548 voluit

505 5669 525 5708 ³
558 5674 633 5725 Sto
654 5674 818 5725 Morel.
843 5674 974 5740 Apud
996 5677 1133 5729 Savil.
1162 5686 1214 5729 et
1235 5684 1363 5740 uss,
1395 5688 1526 5734 tanta
1548 5689 1920 5750 magmhccntsa.

1114 247 1172 302 S.
1209 243 1484 300 JOANNIS
1515 235 1989 298 CIIRYSOSTOMI
2029 231 2349 290 ARCHIEP.
2389 222 2920 283 CONSTANTINOP.
3568 216 3672 271 {35!

2101 361 2163 400 ea
2183 359 2302 413 qua:
2327 350 2449 395 ante
2469 339 2539 395 ob
2563 339 2887 409 singularem
2914 336 3057 391 illius
3088 336 3140 389 in
3167 349 3226 390 se
3250 334 3674 389 benevolentiam

2095 451 2200 490 non
2223 432 2543 489 sentiebant.
2569 430 2730 499 Igitur
2756 444 2877 483 cum
2908 427 3171 492 audieris,
3199 426 3373 495 Aperti
3401 435 3517 479 sunt
3545 425 3676 479 oculi

2094 529 2299 583 illorum
2329 541 2347 579 :
2372 524 2474 579 hoc
2498 525 2693 595 cogita,
2716 522 2861 576 illum
2902 520 3141 577 effecisse
3168 529 3225 574 ut
3254 528 3435 591 postea
3462 520 3675 572 nuditao

2098 629 2204 674 tem
2247 619 2509 672 sentirent
2536 626 2587 671 et
2619 614 2972 685 privationem
3017 612 3201 683 gloriae
3234 626 3340 682 qua
3376 620 3499 665 ante
3526 626 3678 665 esum

2099 709 2428 764 fruebantur.
2457 706 2609 772 Quod
2652 715 2829 760 autem
2871 704 2986 758 hare
3014 704 3083 758 sit
3124 702 3413 772 Scripturte
3450 716 3680 757 consue-

2100 801 2247 867 tudo,
2278 800 2404 855 audi
2459 800 2603 852 illam
2640 797 2770 851 alibi
2814 796 3081 852 dicentem
3115 813 3130 849 :
3160 810 3282 850 nam
3321 810 3442 849 cum
3488 794 3678 849 ancilla

2098 892 2273 948 Sarra:
2299 890 2593 947 dominium
2618 891 2823 961 fugiens
2853 897 3079 955 erraret,
3097 897 3152 942 et
3172 888 3346 957 posito
3366 888 3517 957 juxta
3542 886 3681 942 able

2102 992 2206 1039 tem
2229 1000 2413 1054 puero,
2435 998 2467 1038 a
2496 983 2654 1052 longe
2681 981 3050 1038 consideraret
3093 981 3235 1035 illius
3281 990 3506 1034 mortem
3532 1020 3547 1044 ,
3594 980 3681 1034 in-

2101 1078 2215 1145 quit
2247 1093 2259 1128 :
2292 1076 2502 1145 Aperuit
2553 1074 2689 1130 Deus
2730 1075 2904 1129 oculos
2950 1074 3089 1145 Agar
3128 1072 3279 1142 (Gen.
3306 1072 3396 1127 2L
3432 1074 3541 1143 l9),
3575 1087 3681 1128 non

2100 1168 2241 1239 quod
2280 1168 2511 1223 antehae
2557 1184 2662 1223 non
2710 1168 2922 1233 viderit,
2954 1167 3047 1222 sed
3085 1166 3228 1237 quod
3273 1175 3504 1221 mentem
3542 1167 3684 1222 illius

2102 1261 2367 1315 excitarit.
2404 1260 2564 1315 Vides
2610 1260 2865 1324 verbum,
2892 1259 3137 1328 Aperuit,
3188 1273 3295 1314 non
3340 1258 3407 1315 de
3434 1274 3687 1330 carpem-

2105 1353 2243 1408 libus
2271 1352 2442 1407 oculis
2472 1352 2596 1415 dici,
2629 1351 2722 1405 sed
2743 1351 2811 1405 de
2840 1366 3001 1406 sensu
3032 1351 3245 1405 mentali
3269 1350 3293 1404 Τ

2174 1445 2277 1499 Cur
2306 1445 2498 1515 lignum
2526 1443 2747 1498 scientia!
2766 1442 3059 1497 dicatur.—
3086 1442 3315 1515 ldipsum
3342 1450 3397 1497 et
3422 1441 3491 1497 de
3515 1441 3685 1496 altera

2104 1537 2399 1606 quastione
2459 1536 2795 1598 dixerimus,
2846 1549 2966 1604 qua:
3024 1533 3148 1588 hinc
3194 1534 3455 1588 exoritur.
3497 1533 3689 1588 Dicunt

2103 1630 2246 1684 enim
2273 1646 2285 1683 :
2314 1629 2490 1697 Quare
2522 1629 2723 1699 lignum
2766 1627 3005 1683 scientia:
3044 1627 3168 1682 boni
3196 1638 3249 1683 et
3274 1629 3399 1683 mali
3427 1630 3689 1683 vocatur?

2105 1722 2239 1775 Sunt
2263 1722 2405 1777 enim
2435 1720 2755 1775 contentiosi
2799 1720 2948 1774 multi
2972 1719 3061 1789 qui
3087 1719 3268 1774 dicere
3293 1720 3525 1787 audent,
3560 1730 3683 1789 post

2106 1828 2253 1868 esum
2283 1812 2408 1884 ligni
2438 1812 2713 1867 scientiam
2753 1812 3002 1867 habuisse
3050 1811 3219 1868 Adam
3249 1813 3318 1867 ad
3363 1813 3681 1869 discernen-

2107 1905 2233 1959 dum
2281 1904 2479 1958 bonum
2533 1914 2588 1959 et
2622 1904 2820 1959 malum
2874 1922 2887 1957 :
2931 1904 2984 1959 id
3038 1905 3178 1976 quod
3234 1915 3495 1961 extremm
3532 1906 3692 1962 fuerit

2106 1997 2381 2050 amentiae.
2410 1996 2542 2051 Nam
2572 2005 2789 2067 promer
2818 1995 2921 2051 hoc
2948 2013 3111 2066 nuper
3144 1998 3691 2067 cumprteviderimus

2110 2087 2245 2153 lnec,
2275 2088 2341 2143 de
2386 2088 2647 2157 sapientia
2678 2088 2879 2143 homini
2922 2103 2954 2143 a
2986 2088 3095 2144 Deo
3123 2090 3317 2143 tradita
3362 2098 3468 2144 tam
3512 2090 3695 2147 multis

2110 2178 2456 2232 tractavimus
2477 2219 2491 2244 ,
2523 2178 2661 2232 hanc
2690 2178 3035 2233 ostendentes
3062 2193 3126 2231 ex
3156 2179 3428 2234 nominum
3473 2180 3695 2249 imposi-

2112 2270 2275 2334 tione,
2302 2286 2418 2340 qua:
2448 2270 2575 2325 feris
2600 2271 2846 2326 omnibus
2891 2281 2945 2326 et
2971 2271 3279 2327 volucribus
3299 2273 3416 2327 caeli
3445 2283 3496 2328 et
3526 2273 3697 2328 brutis

2111 2362 2342 2429 indidit;
2375 2372 2429 2419 et
2460 2363 2599 2433 quod
2631 2381 2750 2418 cum
2779 2366 2878 2418 bac
2908 2364 3251 2438 inenarrabili
3282 2366 3544 2434 sapientia
3568 2383 3697 2438 pro-

2114 2457 2306 2527 phetia:
2337 2457 2559 2527 gratiam
2602 2457 2758 2511 fuerit
2786 2463 3218 2526 assequutus,'ut
3245 2473 3313 2512 ne
3338 2459 3457 2528 quis
3488 2458 3589 2515 hoc
3616 2458 3697 2515 di-

2113 2564 2235 2604 cere
2260 2550 2417 2603 ausit.
2453 2548 2614 2618 Igitur
2642 2548 2732 2618 qui
2772 2549 2987 2603 nomina
3027 2549 3385 2604 animantibus
3423 2550 3697 2620 imposuit,

2112 2640 2311 2710 quique
2342 2650 2449 2695 tam
2475 2640 2843 2694 admirabilem
2864 2638 3194 2709 prophetiam
3225 2640 3294 2696 de
3325 2641 3548 2697 muliere
3570 2657 3701 2712 pro-

2114 2732 2410 2799 nuntiavit,
2467 2730 2918 2801 quemadmodum
2966 2731 3078 2802 jam
3134 2732 3392 2799 diximus,
3434 2735 3702 2804 quomodo

2115 2822 2384 2892 ignoraret
2412 2822 2537 2892 quid
2564 2822 2761 2876 bonum
2804 2822 2908 2890 sit,
2947 2832 3002 2877 et
3036 2823 3164 2894 quid
3213 2824 3448 2879 malum?
3477 2825 3631 2893 Quod
3657 2828 3702 2882 si

2116 2913 2475 2983 receperimus
2509 2912 2716 2983 (absit),
2742 2912 2935 2967 iterum
2966 2911 3330 2984 blaSphemias
3369 2915 3422 2970 in
3448 2916 3703 2972 Condito-

2117 3019 2231 3058 rem
2266 3002 2668 3058 transferemus.
2714 3003 2846 3058 Nam
2886 3005 3153 3075 quomodo
3185 3017 3506 3079 prteceptum
3551 3009 3707 3065 daret

2116 3095 2382 3166 ignoranti
2404 3137 2417 3159 ,
2442 3097 2922 3165 transgressionem
2951 3110 3073 3151 esse
3104 3099 3344 3153 malum?
3377 3100 3568 3155 Verum
3598 3118 3706 3157 non

2118 3191 2187 3242 ita
2236 3198 2352 3253 est,
2388 3179 2527 3243 absit
2558 3205 2572 3241 :
2603 3188 2695 3244 sed
2746 3189 2901 3243 scivit
2945 3189 3110 3244 clare.
3154 3191 3441 3247 Enimvero
3492 3193 3593 3249 hac
3638 3194 3707 3250 de

2118 3294 2276 3334 causa
2305 3278 2501 3332 animal
2534 3280 2633 3334 hoc
2672 3280 2739 3333 ab
2773 3280 2926 3334 initio
2958 3280 3128 3335 libero
3167 3282 3390 3339 arbitrio
3426 3285 3709 3354 praeditum

2118 3388 2237 3426 esse
2275 3371 2455 3424 voluit.
2481 3371 2633 3437 Quod
2659 3372 2703 3425 si
2733 3388 2836 3425 non
2866 3371 3086 3441 fuisset,
3121 3389 3295 3445 neque
3326 3392 3447 3431 cum
3489 3379 3710 3434 manda-

2121 3473 2230 3516 tum
2258 3464 2640 3532 prievaricatus
2663 3472 2763 3527 est,
2797 3464 2943 3517 illum
2975 3466 3181 3535 puniri,
3214 3483 3387 3537 neque
3414 3469 3457 3522 si
3496 3486 3710 3526 servas-

2120 3565 2223 3622 set,
2257 3555 2458 3610 laudari
2486 3556 2785 3627 oportebat.
2816 3556 2970 3623 Quod
2994 3558 3135 3612 enim
3164 3558 3335 3615 factus
3361 3562 3430 3614 sit
3470 3564 3711 3619 mortalis

2122 3657 2338 3719 propter
2358 3648 2873 3717 pnevaricationem,
2900 3657 2953 3704 et
2981 3665 3045 3704 ex
3074 3650 3175 3705 hoc
3198 3652 3464 3716 mandato.
3489 3663 3541 3709 et
3557 3670 3625 3710 ex
3648 3657 3712 3712 iis

2120 3759 2237 3812 qua:
2270 3752 2491 3813 sequuta
2522 3753 2664 3808 sunt,
2694 3744 2899 3797 clarum
2927 3754 3027 3799 est.
3058 3746 3195 3799 Audi
3241 3749 3383 3801 enim
3430 3750 3711 3805 mulierem

2124 3834 2290 3903 ipsam
2334 3835 2639 3905 loquentem
2668 3837 2902 3905 serpenti
2933 3855 2946 3891 :
2976 3837 3053 3891 De
3081 3839 3253 3907 fructu
3277 3841 3421 3911 tigni,
3464 3844 3603 3912 quod
3639 3853 3714 3899 est

2121 3928 2177 3979 in
2208 3926 2370 3979 medio
2397 3928 2622 3997 paradisi
2642 3968 2660 3993 ,
2699 3928 2827 3981 dixit
2858 3926 3022 3993 Deus,
3059 3947 3121 3983 ne
3147 3933 3422 3987 comedalis
3445 3949 3507 3988 ea:
3532 3950 3589 3988 eo
3611 3976 3627 4000 ,
3660 3944 3715 3988 ut

2122 4034 2224 4070 non
2245 4019 2550 4072 moriamiui.
2584 4019 2763 4091 Itaque
2801 4030 2925 4077 ante
2953 4024 3440 4091 praevaricationem
3488 4028 3714 4082 iuunor-

2124 4113 2259 4167 tales
2305 4122 2496 4178 erant;
2524 4114 2721 4183 alioqui
2759 4125 2880 4184 post
2910 4116 3090 4171 cibum
3143 4132 3250 4173 non
3302 4118 3547 4188 supplicii
3596 4120 3716 4176 loco

2123 4212 2351 4259 mortem
2380 4205 2739 4276 imposuisset.

2196 4294 2250 4349 6.
2290 4296 2456 4349 Adam
2494 4297 2754 4351 scientiam
2782 4297 2899 4351 boni
2926 4308 2974 4352 et
3001 4300 3123 4353 mali
3150 4317 3250 4354 non
3287 4318 3352 4356 ea:
3376 4319 3462 4357 esu
3509 4321 3542 4357 a
3575 4305 3715 4375 ligno

2124 4390 2337 4459 accepit.
2369 4416 2434 4429 ——
2457 4390 2587 4456 Quis
2613 4405 2742 4460 ergo
2766 4390 2905 4445 ferat
2925 4406 3019 4446 eos
3041 4394 3129 4463 qui
3150 4393 3330 4450 dicere
3361 4394 3579 4459 audent,
3615 4398 3715 4453 ho-

2127 4483 2323 4538 minem
2373 4492 2491 4553 post
2542 4498 2692 4537 esum
2736 4481 2804 4538 de
2844 4484 2990 4554 ligno
3037 4487 3385 4554 acquisivisse
3436 4489 3717 4544 scientiam

2126 4576 2252 4630 boni
2281 4586 2335 4630 et
2361 4576 2507 4639 mali,
2539 4576 2630 4645 qui
2658 4584 2715 4629 et
2743 4586 2866 4631 ante
2887 4593 3037 4632 csum
3069 4589 3211 4633 tanta
3239 4582 3498 4651 sapientia
3524 4584 3718 4651 plenus

2127 4674 2263 4731 erat,
2294 4660 2497 4720 etcum
2533 4666 2756 4720 scientia
2795 4668 2955 4722 etiam
2991 4669 3302 4738 prepbetica
3329 4673 3500 4741 gratia
3530 4674 3721 4742 digna-

2130 4766 2214 4812 tus
2240 4759 2365 4814 est?
2394 4758 2459 4812 Et
2490 4758 2760 4827 quomodo
2792 4758 2894 4813 hoe
2940 4760 3134 4814 rationi
3185 4778 3482 4818 consonum
3528 4775 3717 4832 esset,

2127 4866 2318 4920 capras
2344 4851 2559 4921 quidem
2602 4861 2656 4906 et
2702 4866 2832 4906 oves
2860 4855 3210 4922 etnuiumque
3248 4856 3526 4912 brutorum
3558 4870 3716 4915 uatu-

2128 4958 2241 4998 ram
2271 4944 2408 4996 scire
2430 4985 2444 5008 ,
2476 4959 2593 5011 quae
2624 4943 2787 4998 herba
2817 4944 2886 4997 sit
2917 4946 3195 5014 salutaris,
3230 4957 3282 5002 et
3308 4950 3429 5004 cibo
3457 4950 3600 5005 utilis
3620 4992 3639 5015 ,
3664 4962 3721 5008 et

2125 5051 2246 5104 quin
2277 5036 2596 5104 perniciosa,
2623 5047 2679 5089 ut
2709 5036 2853 5089 illam
2882 5037 3057 5102 adeat,
3081 5039 3217 5093 hanc
3241 5040 3480 5096 studiose
3512 5042 3678 5113 fugiat
3702 5064 3716 5100 :

2127 5136 2184 5180 et
2210 5126 2503 5193 hominem,
2537 5128 2801 5182 rationale
2839 5130 3077 5196 animal,
3108 5132 3317 5187 nescire
3343 5134 3471 5202 quid
3515 5134 3719 5191 bonum

2128 5228 2183 5272 et
2208 5218 2333 5288 quid
2366 5219 2562 5273 malum
2586 5220 2609 5273 ?
2633 5218 2738 5274 Sed
2781 5236 2944 5288 ecce,
2978 5222 3167 5292 inquit.
3211 5225 3483 5295 Scriptura
3516 5228 3719 5298 lignum

2130 5308 2233 5364 hoc
2262 5320 2418 5366 vocat
2465 5311 2667 5382 lignum
2702 5313 2939 5369 scientim
2972 5314 3098 5371 boni
3130 5326 3183 5371 et
3215 5293 3361 5373 mali.
3409 5293 3591 5391 Neque
3630 5339 3721 5378 me
3752 5293 3773 5311 '

2132 5404 2234 5459 hoc
2264 5404 2396 5458 latet
2429 5421 2442 5457 :
2472 5405 2565 5459 sed
2594 5406 2640 5459 si
2674 5407 3026 5477 proprietates
3065 5408 3260 5463 divina:
3298 5410 3592 5481 Scriptura:
3631 5415 3718 5467 di-

2130 5512 2280 5553 scere
2306 5498 2539 5553 volueris
2559 5539 2573 5563 ,
2598 5498 2735 5553 scies
2756 5515 2921 5570 quare
2947 5498 3049 5555 hoc
3074 5517 3268 5557 nomen
3295 5504 3418 5559 huic
3446 5505 3590 5574 ligno
3619 5508 3721 5558 tri-

2128 5590 2262 5667 buit.
2290 5588 2406 5645 Non
2427 5591 2569 5645 enim
2601 5591 2743 5661 quod
2788 5591 2991 5646 homini
3038 5593 3315 5648 scientiam
3358 5595 3607 5659 dederit,
3638 5598 3722 5653 sic

2132 5693 2377 5741 vocatum
2404 5691 2520 5739 est:
2551 5682 2644 5738 sed
2665 5684 2783 5755 quia
2808 5698 2906 5754 per
2934 5682 3063 5739 illud
3093 5683 3229 5741 facta
3252 5697 3335 5741 est
3362 5689 3724 5757 transgressio
