4038 6394
159 337 246 394 151

161 455 250 542 καὶ
281 454 486 524 μόχθου
514 457 716 524 παντὸς
745 459 1170 532 ἀπηλλαγμένον
1201 461 1313 532 βίον
1340 467 1710 539 χαρισαμένῳ.
1739 471 1830 542 Μὴ

161 540 273 628 γάρ
291 543 393 594 οὐκ
419 543 552 614 ἐξῆν
579 545 685 598 τῶν
709 547 886 600 ἀλλων
915 549 1170 602 ἀπάντων
1191 549 1300 602 τῶν
1325 552 1384 602 ἐν
1409 551 1486 622 τῷ
1523 540 1834 628 παραδείσῳ

162 627 293 695 μετὰ
329 629 614 698 δαψιλείας
659 634 980 700 ἀπολαύειν;
1013 636 1158 700 τίνος
1188 637 1373 690 ἕνεκεν
1405 638 1578 704 οὕτως
1613 627 1832 696 εὔκολον

161 708 320 765 οὖσαν
345 715 450 786 τὴν
479 718 696 790 ἐντολὴν
725 720 961 789 φυλάξαι
989 723 1110 776 οὐδὲ
1139 725 1301 788 αὐτὸς
1326 725 1654 797 ἐϐουλήθηςς
1690 731 1829 784 Ἀλλ’

329 802 576 868 ἀκούσας
619 807 773 878 παρὰ
817 809 918 878 τῆς
953 811 1214 878 γυναικὸς
1254 813 1354 882 τῆς
1401 813 1647 886 ὀλεθρίου
1696 835 1832 888 συμ-

161 885 353 976 ϐουλῆς
383 889 484 976 τῆν
529 891 845 962 ὑπόσχεσιν,
879 897 972 947 καὶ
1003 898 1067 968 τῇ
1103 896 1275 950 ἐλπίδι
1309 900 1402 950 καὶ
1445 885 1605 964 αὐτὸς
1652 885 1829 976 φυση-

161 969 282 1033 θεὶς,
327 975 562 1043 ἑτοίμως
591 978 956 1049 ἐκοινώνησας
992 983 1091 1050 τῆς
1123 982 1395 1052 βρώσεως.
1425 987 1521 1040 Διά
1553 969 1708 1042 τοῦτο
1737 969 1829 1044 καὶ

159 1057 212 1108 τὸ
251 1059 534 1130 ἐπιτίμιον
564 1065 905 1138 ἀμφοτέρους
945 1067 1266 1139 διαδέχεται,
1295 1074 1389 1126 καὶ¹
1427 1073 1536 1126 τῶν
1567 1078 1830 1147 πραγμά-

157 1160 258 1197 των
285 1149 318 1216 ἠ
356 1150 750 1242 Ἧέδάξει
789 1155 952 1224 ὑμᾶς.
985 1156 1058 1227 μὴ
1090 1157 1182 1210 τοῦ
1212 1157 1348 1212 Θεοῦ
1383 1160 1826 1234 ἀξιοπιστοτέραν

157 1233 404 1318 ἡγεῖσθαι
453 1233 562 1308 τῆἷὶ
589 1240 694 1294 τοῦ
749 1243 986 1313 πονηροῦ
1039 1244 1288 1314 δαίμονος
1340 1247 1670 1318 συμϐουλήν.
1714 1233 1826 1306 Καὶ

157 1317 332 1374 ἔδωκε
375 1323 476 1376 καί
507 1324 587 1390 τῷ
618 1327 791 1394 ἀνδρὶ
819 1329 1009 1398 αὐτῆς
1026 1347 1039 1360 ·
1065 1331 1164 1384 καὶ
1204 1317 1450 1402 ἐφαγοκ,
1481 1335 1578 1389 καί
1607 1317 1829 1404 διηνοί-

159 1409 395 1494 χθησαν
433 1414 486 1464 οι
517 1413 816 1484 ὀφθαλμοὶ
849 1415 969 1472 τῶν
995 1417 1124 1486 δύο,
1155 1420 1256 1474 καὶ
1299 1421 1578 1490 ἔγνωσαν
1601 1423 1695 1478 ὅτι
1729 1444 1828 1494 γυ-

151 1495 282 1561 μνοί
313 1492 504 1566 ἦσαν.

217 1591 279 1678 ες.
315 1587 569 1678 Ζητημα
608 1592 864 1662 μέγιστον
915 1598 1048 1668 ἡμῖν
1086 1597 1336 1652 ἐντεῦθεν
1371 1601 1612 1656 τίκτεται
1634 1643 1650 1668 ,
1688 1605 1825 1678 ὅπερ

157 1673 334 1763 gmw
366 1676 686 1750 ὑπεσχόμην
715 1685 780 1754 τῇ
826 1684 1064 1758 ὑμετέρα
1100 1687 1310 1759 ἀγάπῃ.
1337 1690 1572 1754 Δικαίως
1613 1691 1721 1763 γάρ
1757 1673 1823 1747 ἄν

153 1773 230 1820 τις
273 1761 476 1832 ἔροιτο,
520 1767 644 1820 τίνα
685 1770 840 1840 ἰσχὺν
878 1769 992 1842 εἶχε
1030 1773 1089 1825 τὸ
1123 1773 1276 1838 ξύλον
1321 1777 1514 1838 ἐκεῖνο,
1548 1761 1822 1851 ὥστε-τὴν

155 1847 206 1912 ἐξ
233 1849 403 1904 αὐτοῦ
441 1851 648 1921 βρῶσιν
683 1857 810 1920 τοὺς
850 1857 1160 1930 ὀφθαλμοὺς
1199 1863 1377 1916 αὐτῶν
1409 1863 1688 1932 διανοῖξαι,
1727 1847 1823 1922 καὶ

154 1939 232 1994 Eni
267 1941 320 1991 τί
375 1941 620 2008 γνωστὸν
669 1944 834 1998 καλοῦ
878 1947 972 1999 καὶ
1020 1947 1258 2019 πονηροῦ
1300 1950 1564 2006 καλεῖται.
1611 1954 1723 2008 Καὶ
1769 1957 1820 2009 εί

157 2025 424 2095 βούλεσθε,
451 2027 788 2097 ἀνάσχεσθε·
829 2032 1002 2102 μικρὰ
1039 2033 1147 2105 γὰρ
1177 2035 1304 2104 ὑμῖν
1337 2038 1428 2088 καὶ
1462 2039 1590 2108 περὶ
1629 2040 1818 2094 τούτου

153 2113 490 2184 διαλεχθῆναι
523 2114 804 2186 βούλομαι,
855 2120 948 2172 καὶ
981 2119 1192 2186 διδάξαι
1224 2123 1322 2192 τὴν
1371 2122 1642 2196 ὑμετέραν
1683 2127 1821 2194 ἀγά-

153 2218 275 2272 πην,
319 2203 407 2254 ὅτι
441 2203 494 2254 εἰ
543 2202 932 2274 βουληθείημεν
964 2207 1324 2278 εὐγνωμόνως
1359 2210 1606 2280 δέχεσθαι
1648 2213 1716 2270 τά
1759 2215 1819 2270 ἐν

153 2293 212 2372 τῇ
253 2289 374 2360 θεία
407 2289 600 2362 Γραφῇ
658 2291 954 2363 λεγόμενα,
997 2295 1153 2349 οὐδὲν
1195 2299 1329 2368 ημῖν
1360 2298 1468 2352 τῶν
1511 2301 1818 2372 εἰρημένων

153 2371 400 2443 δυσχερὲς
445 2376 712 2442 φανεῖται.
755 2375 890 2430 Ούδὲ
933 2376 1040 2448 γὰρ
1089 2379 1123 2448 ή
1172 2379 1236 2431 ἐκ
1274 2379 1364 2432 τοῦ
1401 2379 1560 2446 ξύλου
1612 2384 1818 2454 βρῶσις

151 2457 318 2511 αὑτῶν
347 2460 476 2522 τοὺς
511 2459 822 2530 ὀφθαλμοὺς
853 2462 1084 2533 διήνοιξε
1105 2481 1118 2494 ·
1151 2465 1244 2516 καὶ
1277 2467 1388 2537 γὰρ
1429 2470 1522 2521 καὶ
1569 2471 1674 2542 πρὸ
1717 2471 1818 2542 τῆς

155 2547 400 2616 βρώσεως
431 2549 690 2604 ἔϐλεπον
723 2549 838 2603 ἀλλ’
877 2553 1066 2624 ἐπειδὴ
1099 2555 1133 2624 ἡ
1169 2553 1358 2607 τούτου
1403 2555 1605 2626 βρῶσις
1639 2577 1819 2632 παρα-

151 2637 276 2706 κοῆς
297 2633 366 2708 ἦν
400 2638 674 2702 ὑπόθεσις,
704 2639 798 2692 καί⁸
829 2640 928 2710 τῆς
961 2641 1112 2712 παρὰ
1155 2641 1248 2694 τοῦ
1282 2643 1416 2696 Θεοῦ
1454 2644 1698 2718 δοθείσης
1732 2649 1817 2701 ἐν-

151 2721 299 2792 τολῆς
345 2721 680 2794 παράϐασις,
712 2723 780 2776 δι’
822 2725 888 2796 ῆν
920 2726 1102 2779 αἰτίαν
1148 2726 1335 2781 λοιπὸν
1383 2731 1477 2782 καὶ
1523 2732 1623 2803 τὴν
1660 2732 1816 2798 δόξαν

148 2807 240 2879 την
271 2810 730 2880 περιστέλλουσα-θ
765 2812 964 2877 αὐτοὺς
1004 2814 1377 2886 ἀφῃρέθησαν,
1411 2819 1661 2884 ἀναξίους
1691 2823 1816 2875 ἐαυ-

149 2897 264 2962 τοὺς
287 2899 390 2968 τῆς
415 2899 584 2969 τιμῆς
611 2899 711 2968 τῆς
737 2900 1006 2972 τοσαύτης
1037 2905 1482 2974 καταστήσαντες
1501 2923 1514 2936 ·
1539 2906 1626 2960 διὰ
1655 2909 1816 2963 τοῦτο

149 2987 209 3055 τῇ
249 2986 432 3058 οἰκείᾳ
485 2987 744 3060 συνηθείᾳ
797 2989 1272 3046 κατακολουθοῦσα
1316 2995 1348 3063 ἠ
1386 2993 1576 3066 Γραφή
1611 3013 1812 3066 φησιν·

153 3075 428 3142 Ἔφατον,
463 3077 562 3128 καί
591 3074 1028 3145 διηνοίχθησαν
1054 3076 1254 3132 αὐτῶν
1279 3083 1332 3134 οὶ
1372 3082 1686 3151 ὀφθαλμοὶ,
1715 3086 1814 3138 καί

146 3160 417 3230 ἔγνωσαν
463 3162 554 3215 ὅτι
601 3165 814 3234 γυμνοί
860 3161 1051 3235 ἦσαν·
1083 3165 1170 3220 διά
1206 3168 1305 3238 τὴν
1359 3171 1670 3242 παράϐασιν
1716 3174 1816 3244 τῆς

147 3247 362 3318 ἐντολῆς
393 3249 766 3320 γυμνωθέντες
799 3250 898 3322 τῆς
923 3251 1128 3305 ἀνωθεν
1159 3254 1352 3323 ῥοπῆς,
1391 3255 1641 3327 αἴσθησιν
1674 3258 1814 3329 λαμ-

147 3333 364 3388 ϐἀνουσι
393 3337 488 3389 καὶ
523 3337 623 3407 τῆς
655 3337 920 3408 αἰσθητῆς
957 3340 1316 3412 γυμνότητός,
1347 3342 1436 3396 ἵνα
1465 3343 1554 3396 διὰ
1587 3345 1687 3416 τῆς
1715 3363 1817 3400 κα-

145 3421 484 3492 ταλαϐούσης
519 3423 716 3488 αὐτοὺς
755 3425 1020 3496 αἰσχύνης
1060 3428 1262 3495 γνῶσιν
1301 3429 1565 3500 ἀκριϐῶς,
1593 3434 1674 3496 εἰς
1707 3431 1816 3488 οἷον

147 3512 340 3574 αὐτοὺς
379 3509 596 3564 ὄλισθον
635 3513 812 3582 ἤγαγε
838 3512 902 3566 τὸ
932 3514 1242 3585 παραϐῆναι
1265 3527 1292 3556 ι
1323 3518 1424 3588 τὴν
1461 3519 1680 3592 ἐντολὴν
1719 3521 1814 3576 τοῦ

145 3597 435 3651 Δεσπότου.
489 3599 549 3650 Οἱ
602 3600 710 3668 γάρ
764 3598 868 3669 πρὸ
935 3601 1126 3654 τούτου
1178 3601 1448 3674 τοσαύτης
1502 3609 1816 3676 παρρησίας

145 3683 570 3750 ἀπολαύσαντες,
609 3685 704 3737 καὶ
740 3685 862 3738 ούδέ
889 3687 1090 3752 εἰδότες
1116 3688 1198 3742 ὃτι
1225 3693 1422 3760 γυμνοὶ
1462 3695 1815 3762 τυγχάνουσιν

146 3771 280 3838 (οὐδὲ
310 3771 422 3844 γὰρ
446 3767 586 3844 ἦσαν
615 3774 831 3844 γυμνοί’
865 3775 898 3845 ἡ
931 3775 1038 3845 γάρ
1065 3775 1269 3830 ἄνωθεν
1298 3777 1424 3844 δόξα
1459 3781 1659 3844 παντὸς
1691 3784 1816 3852 ἰμα-

143 3860 253 3912 τίου
291 3860 496 3930 μᾶλλον
545 3860 742 3925 αὐτοὺς
787 3861 1170 3934 περιέσκεπε),
1207 3865 1344 3936 μετά
1375 3865 1430 3918 δὲ
1459 3867 1560 3938 τὴν
1589 3865 1812 3939 βρῶσιν,

143 3946 281 4000 τοῦτ’
311 3947 450 4010 ἐστι,
485 3947 624 4018 μετά
649 3948 748 4020 τὴν
775 3948 1080 4019 παράϐασιν
1103 3951 1211 4004 τῶν
1237 3955 1706 4024 προσταχθέντων,
1732 3961 1812 4022 εἰς

143 4035 410 4104 τοσαύτην
449 4034 600 4106 1150]
629 4036 992 4106 ταπεινότητα
1038 4037 1470 4110 κατηνέχθησαν,
1497 4041 1572 4106 ὠς
1607 4045 1814 4118 σκέπην

144 4117 324 4174 λοιπὸν
359 4121 638 4191 ἐπιζητεῖν
655 4121 746 4176 διά
763 4121 824 4174 τὸ
857 4123 930 4194 μὴ
955 4121 1139 4194 φέρειν
1169 4125 1265 4196 τὴν
1291 4128 1572 4200 αἰσχύνην.
1607 4129 1672 4182 Ἠ
1704 4117 1814 4205 γὰρ

145 4209 460 4280 παράϐασις
485 4213 586 4281 τῆς
625 4210 844 4281 ἐντολῆς
869 4211 1284 4278 ἐπεισελθοῦσα,
1313 4214 1372 4268 τὸ
1405 4215 1615 4284 ἱμάτιον
1639 4219 1814 4273 ἐκεῖνο

143 4297 200 4348 :6
232 4298 417 4350 καινὸν
451 4299 544 4350 καὶ
588 4297 910 4368 παράδοξον,
949 4298 1012 4350 τὸ
1056 4301 1155 4370 τῆς
1199 4299 1358 4371 δόξης
1399 4301 1541 4370 λέγω
1577 4304 1675 4358 καὶ
1714 4309 1814 4378 τῆς

145 4385 346 4438 ἀνωθεν
389 4386 622 4449 εὐνοίας,
663 4387 800 4456 ὅπερ
827 4381 967 4454 ἦσαν
1007 4387 1403 4456 ἠμφιεσμένοι,
1451 4391 1811 4461 περιελοῦσα,

146 4475 236 4524 καὶ
283 4475 387 4543 τῆς
429 4473 766 4543 γυμνότητος
820 4471 1070 4542 αἴσθησιν
1129 4474 1392 4547 παρέσχε,
1440 4478 1534 4530 καὶ
1581 4481 1813 4554 αἰσχύνῃ

145 4561 334 4632 ἀθεάτῳ
367 4560 676 4632 περιέϐαλε.
706 4559 815 4613 Καὶ
839 4561 1132 4628 ἐρῤαψαν,
1166 4563 1318 4630 φησὶ,
1343 4565 1548 4629 φύλλα
1587 4567 1808 4636 συκῆς,

147 4649 236 4701 καὶ
285 4649 584 4715 ἐποίησαν
635 4647 870 4714 ἑαυτοῖς
915 4649 1294 4718 περιζώματα.
1341 4651 1623 4723 Ἐννόησόν
1688 4672 1807 4725 μοι,

147 4736 414 4809 ἀγαπητέ,
443 4735 551 4789 ἀπὸ
581 4735 822 4788 ποταποῦ
870 4733 1037 4805 ὕψους
1083 4737 1201 4801 πῶς
1229 4739 1310 4800 εἰς
1352 4735 1519 4808 βαθὺν
1567 4743 1810 4812 κρημνὸν

147 4825 338 4887 αὐτοὺς
381 4824 758 4894 κατήγαγενή
801 4823 951 4892 παρά
989 4823 1082 4876 τοῦ
1125 4824 1372 4878 διαϐόλου
1415 4827 1713 4899 συμϐουλή.
1748 4832 1810 4884 Οί

145 4911 246 4982 γάρ
291 4911 532 4981 τοσαύτῃ
571 4909 698 4982 δόξῃ
745 4911 1229 4981 περιεσταλμένοι,
1275 4912 1369 4966 νῦν
1417 4913 1590 4983 φύλλα
1639 4923 1810 4988 συκῆς

147 4998 484 5067 ράπτπουσι,
519 4997 616 5050 καὶ
657 4995 900 5050 ποιοῦσιν
948 5000 1160 5061 ἑαυτοῖς
1212 4999 1590 5072 περιζώματα.
1638 5004 1810 5059 Τοῦτο

143 5087 240 5156 τῆς
269 5083 368 5138 τοῦ
396 5083 646 5138 διαϐόλου
673 5083 890 5155 ἀπάτης
921 5085 982 5137 τὸ
1016 5085 1234 5155 κέρδος·
1271 5085 1409 5158 αὓτη
1437 5091 1536 5158 τῆς
1575 5089 1810 5160 συμϐου-

143 5170 289 5242 λῆςδ
319 5171 529 5228 ἐκείνου
562 5173 598 5244 ή
653 5171 890 5242 μηχανὴ,
921 5171 983 5224 τὸ
1018 5171 1094 5243 μὴ
1151 5171 1308 5241 μόνον
1355 5173 1423 5228 τὰ
1463 5175 1687 5244 μείζονα
1732 5177 1808 5246 μὴ

143 5259 498 5329 προξενῆσαι,
543 5257 680 5310 ἀλλά
723 5249 972 5312 καὶτῶν
1008 5258 1174 5313 ὀντων
1228 5261 1430 5330 γυμνὸν
1481 5261 1572 5316 καὶ
1605 5263 1809 5334 ἔρημον

141 5349 438 5418 ἀποφῆναι.
481 5345 639 5399 Ἐπεὶ
670 5343 763 5400 οὖν
788 5348 822 5414 ή
863 5345 1086 5417 τοιαύτη
1121 5348 1390 5418 πρόφασις
1422 5352 1522 5420 τῆς
1555 5351 1809 5421 βρώσεως

139 5435 232 5506 τὴν
277 5435 570 5508 παρακοήν
602 5435 916 5508 εἰργάσατο,
958 5435 1044 5488 διὰ
1088 5437 1245 5489 τοῦτό
1297 5454 1462 5508 φησιν
1505 5440 1538 5510 ἡ
1586 5439 1803 5511 Γραφὴ,

141 5523 246 5578 Καὶ
265 5525 518 5595 ἔφαγον,
547 5523 646 5578 καί
672 5523 1109 5592 διηνοίχθησαν
1136 5535 1158 5564 ο
1189 5525 1387 5580 αὐτῶν
1406 5529 1460 5580 οὶ
1490 5528 1805 5598 ὀφθαλμοί,

141 5611 196 5663 ού
231 5611 364 5682 περὶ
395 5611 506 5664 τῶν
550 5611 820 5682 αἰσθητῶν
853 5611 1147 5683 ὀφθαλμῶν
1182 5615 1485 5682 φάσκουσα,
1518 5615 1654 5669 ἀλλά
1681 5619 1807 5689 περὶ

143 5701 234 5767 τῆς
273 5697 416 5754 κατά
459 5698 698 5756 διάνοιαν
726 5697 1049 5770 αίσθήσεως.
1089 5700 1307 5771 Ἐπειδὴ
1335 5703 1443 5770 γάο
1487 5703 1807 5774 παρέϐησαν

199 5827 228 5856 ⁸
265 5827 415 5893 Savil:
444 5835 498 5893 el_
521 5828 745 5893 plerique
767 5841 881 5893 ωδε.
921 5829 980 5893 τί)
1001 5835 1333 5893 παρακινῆσαι.
1365 5829 1536 5893 Μαι-εί.
1561 5832 1618 5877 τὸ
1645 5847 1799 5893 παρα-

145 5889 304 5960 ϐῆναι..
397 5888 574 5960 ἥλω
611 5895 696 5960 τῆς
735 5888 1238 5960 συμϐουλίας.η“ι³ε-υιο
1279 5891 1654 5960 posl._(;olbpljt._
1676 5888 1804 5941 uiuus

145 5949 340 6026 T419106:
349 5951 648 6070 καὶθέῑφήμους
663 5949 810 6014 ἀποφζ
875 5953 900 5982 θ
923 5949 1118 6004 Coislin.
1141 5949 1309 6017 ἔφαγον
1330 5953 1410 6002 καὶ
1434 5953 1802 6016 ἐνεπλήσθησαν,

147 6025 222 6060 ια’.
243 6027 427 6074 οιηνοιχ
488 6028 598 6060 σαν.

1358 347 1428 404 IN
1463 349 1615 406 CAP.
1647 353 1692 408 II
1755 353 1996 414 GENES.
2037 358 2267 415 HOMIL.
2299 359 2439 416 XVI.

3498 370 3599 424 I32

1937 474 2006 528 τά
2051 478 2494 548 προστεταγμένα
2517 515 2531 540 ,
2567 474 2915 529 αἰσθάνεσθαι
2961 476 3156 540 αύτούς
3193 476 3375 530 λοιπὸν
3413 479 3602 554 ἐποίη-

1941 577 2052 626 σεν,
2090 555 2165 616 ὧν
2196 564 2456 634 πρότερον
2483 563 2583 615 ούκ
2625 563 2928 634 ἐλάμϐανον
2964 562 3213 634 αἴσθησιν
3254 563 3342 618 διὰ
3384 567 3484 638 τὴν
3521 568 3604 622 εῦ-

1938 665 2102 712 νοιαν,
2149 650 2216 720 ἣν
2253 652 2380 722 περὶ
2427 651 2621 714 αὐτοὺς
2662 653 2690 703 6
2729 651 3002 722 Δεσπότης
3042 653 3402 706 ἐπεδείκνυτο.
3432 656 3602 710 Ὅταν

1937 733 2030 790 οὖν
2064 739 2320 810 ἀκούσῃς,
2368 741 2448 792 ὅτι
2482 741 2922 808 Διιηνοίχθησαν
2956 739 3155 793 αὐτῶν
3191 746 3242 794 οἱ
3285 742 3595 811 ὀφθαλμοὶ,

1935 823 2092 876 τοῦτο
2124 827 2261 890 νόει,
2309 827 2386 879 ὅτι
2445 827 2852 896 παρεσκεύασεν
2888 827 3082 890 αὐτοὺς
3132 827 3381 898 αἴσθησιν
3415 829 3598 883 λαϐεῖν

1935 910 2116 964 λοιπὸν
2144 915 2243 983 τῆς
2279 914 2635 984 γυμνότητος,
2667 915 2759 966 καὶ
2800 917 2900 985 τῆς
2940 913 3262 978 ἐκπτώσεως
3291 917 3388 986 τῆς
3419 915 3596 987 δόξης.

1933 993 2001 1070 ἧς
2028 999 2133 1070 πρό
2159 1003 2260 1070 τῆς
2300 1000 2554 1071 βρώσεως
2581 1001 2876 1072 ἀπήλαυον.
2909 1003 3031 1054 Ὀτι
3062 1003 3117 1055 δὲ
3146 1003 3303 1055 τοῦτο
3331 1005 3430 1074 τῆς
3457 1005 3597 1075 Γρα-

1935 1090 2042 1154 φῆς
2069 1089 2186 1138 ἐστι
2213 1087 2272 1139 τὸ
2311 1087 2449 1152 ἔθος,
2495 1089 2658 1142 ἄκουε
2695 1089 2863 1160 αὐτῆς
2889 1089 2984 1141 καὶ
3027 1089 3258 1158 ἀλλαχοῦ
3297 1089 3592 1160 λεγούσης·

1933 1172 2092 1241 ἡνίκα
2120 1173 2228 1242 γάρ
2259 1175 2292 1244 ἡ
2337 1175 2590 1246 παιδίσκη
2621 1178 2720 1244 τῆς
2749 1175 2964 1247 Σάρρας
3003 1175 3470 1247 ἀποδιδράσκουσα
3496 1177 3594 1249 τὴν

1932 1260 2246 1312 δεσποτείαν
2283 1261 2569 1322 ἐπλανᾶτο,
2617 1263 2819 1332 ῥίψασα
2851 1261 2912 1315 τὸ
2958 1261 3164 1316 παιδίον
3194 1263 3418 1332 πλησίον
3464 1267 3593 1334 μιᾶς

1932 1348 2145 1418 ἐλάτης,
2177 1349 2283 1402 ἀπὸ
2309 1350 2668 1421 διαστήματος
2697 1352 3045 1423 περιεσκόπει
3071 1352 3258 1405 τούτου
3291 1353 3388 1424 τὴν
3419 1355 3596 1408 τελευ-

1931 1435 2048 1504 τὴν,
2092 1435 2184 1488 καί
2231 1453 2398 1507 φησι·
2447 1438 2757 1504 Διήνοιξεν
2802 1441 2834 1492 ό
2874 1439 3016 1505 Θεὸς
3072 1440 3213 1505 τοὺς
3251 1441 3594 1510 ὀφθαλμοὺς

1934 1525 2040 1592 τῆς
2072 1527 2269 1595 Ἀταρ,
2310 1531 2408 1581 οὐκ
2457 1529 2639 1600 ἐπειδὴ
2677 1530 2782 1600 πρὸ
2825 1529 3012 1584 τούτου
3049 1530 3149 1583 οὐκ
3192 1529 3436 1594 ἔϐλεπεν,
3476 1531 3592 1584 ἀλλ’

1929 1615 2011 1668 ὅτι
2035 1615 2132 1686 τὴν
2160 1618 2396 1672 διάνοιαν
2429 1621 2598 1691 αὐτῆς
2623 1621 2913 1690 διήγειρεν.
2955 1622 3120 1692 ὐρᾷς
3143 1622 3225 1674 ὅτι
3257 1621 3338 1680 τὸ.
3365 1621 3594 1687 Διήνοι-

1929 1701 2054 1767 ξεν,
2099 1705 2157 1756 οὐ
2209 1707 2336 1776 περὶ
2382 1705 2490 1759 τῶν
2539 1708 2862 1776 σωματικῶν
2907 1707 3201 1778 ὀφθαλμῶν
3239 1708 3406 1778 λέγει,
3454 1711 3590 1764 ἀλλά

1929 1792 2056 1860 περὶ
2085 1794 2184 1862 τῆς
2213 1792 2516 1863 αἰσθήσεως
2537 1797 2636 1864 τῆς
2671 1794 2810 1848 κατὰ
2833 1795 3100 1860 διάνοιαν;

1997 1878 2070 1930 Τὸ
2097 1879 2224 1931 αὐτὸ
2243 1879 2306 1932 ἂν
2323 1881 2568 1950 εἴποιμεν
2587 1881 2682 1934 καὶ
2695 1881 2932 1952 περὶτοῦ
2949 1883 3132 1952 ἐτέρου
3163 1883 3471 1954 ζητήματος
3493 1885 3588 1938 τοῦ

1927 1961 2172 2017 ἐντεῦθεν
2199 1963 2619 2028 ἀνακύπτοντος.
2645 1968 2780 2020 Φασὶ
2817 1968 2946 2038 γάρ·
2978 1969 3076 2021 Διά
3103 1969 3156 2021 τί
3181 1969 3240 2022 τὸ
3270 1970 3424 2036 ξύλον
3448 1987 3589 2038 γνω-

1928 2049 2050 2103 στὸν
2078 2051 2243 2104 καλοῦ
2287 2053 2378 2106 καὶ
2411 2053 2648 2124 πονηροῦ
2683 2054 2948 2120 καλεῖταις
2987 2057 3096 2110 Καὶ
3131 2055 3238 2126 γὰρ
3263 2056 3446 2111 πολλοὶ
3478 2059 3588 2112 τῶν

1927 2135 2240 2206 φιλονείκως
2278 2139 2634 2210 διακειμένων
2673 2142 2850 2210 λέγειν
2895 2143 3290 2215 ἐπιχειροῦσιν.
3327 2143 3408 2198 ὅτι
3448 2147 3588 2215 μετά

1924 2226 2024 2295 τὴν
2058 2226 2260 2297 βρῶσιν
2303 2227 2398 2281 τοῦ
2433 2229 2588 2292 ξύλου
2621 2229 2718 2300 τὴν
2753 2230 2952 2298 γνῶσιν
2989 2231 3145 2301 ἔσχεν
3198 2235 3226 2285 ὀ
3279 2233 3448 2304 ’Δδάμ
3491 2234 3585 2286 τοῦ

1923 2311 2214 2384 διακρίνειν
2233 2315 2296 2367 τὸ
2320 2315 2482 2369 καλὸν
2512 2318 2606 2370 καὶ
2631 2319 2693 2370 τὸ
2723 2321 2932 2390 χεῖρον⁸
2963 2319 3121 2373 τοῦτο
3146 2319 3204 2372 δὲ
3223 2321 3324 2390 τῆς
3351 2321 3585 2393 ἐσχάτης

1923 2397 1990 2452 ἂν
2017 2400 2102 2470 εἴη
2133 2401 2336 2466 ἀνοίας.
2365 2403 2462 2456 Διά
2491 2403 2647 2457 τοῦτο
2672 2406 2783 2477 γὰρ
2808 2405 2997 2478 πρώην
3021 2407 3196 2460 ταῦτα
3223 2407 3584 2480 προορῶντες,

1923 2487 2160 2542 τοσαῦτα
2190 2490 2317 2560 περὶ
2349 2491 2448 2560 τῆς
2479 2492 2672 2558 σοφίας
2701 2493 2800 2563 τῆς
2832 2493 2982 2567 παρὰ
3005 2494 3100 2546 τοῦ
3137 2494 3273 2548 Θεοῦ
3310 2512 3588 2567 παρασχε-

1925 2573 2108 2645 θείσης
2130 2575 2207 2646 τῷ
2239 2576 2509 2647 ἀνθρώπῳ
2543 2577 2910 2650 διεξήλθομεν,
2935 2581 3241 2644 δεικνύντες
3270 2581 3471 2652 ταύτην
3518 2584 3586 2634 ἐκ

1921 2660 2021 2730 τῆς
2055 2661 2162 2716 τῶν
2201 2663 2477 2734 ὀνομάτων
2509 2665 2730 2730 θέσεως,
2775 2669 2839 2736 ῆν
2883 2669 2994 2730 τοῖς
3043 2668 3251 2739 θηρίοις
3284 2669 3439 2733 πᾶσι,
3489 2670 3584 2722 καὶ

1921 2751 2032 2811 τοῖς
2058 2751 2339 2814 πετεινοῖς,
2373 2751 2466 2804 καὶ
2499 2753 2609 2814 τοῖς
2638 2751 2854 2822 ἀλόγοις
2885 2753 3172 2825 ἐπέθηκεν,
3205 2757 3299 2808 καὶ
3330 2757 3413 2808 ὅτι
3445 2755 3584 2825 μετά

1921 2835 2022 2904 τῆς
2049 2837 2254 2905 ἀφάτου
2291 2838 2491 2908 ταύτης
2533 2839 2722 2906 σοφίας
2756 2840 2850 2892 καὶ
2878 2841 3214 2911 προφητικοῦ
3247 2841 3584 2912 χαρίσματος

1920 2917 1988 2993 ἦν
2029 2923 2348 2996 ἠξιωμένος,
2393 2925 2479 2978 ἵνα
2518 2926 2704 2997 μηδενὶ
2745 2925 2836 2998 ἐξῇ
2879 2925 3036 2980 τοῦτο
3075 2927 3274 2997 λέγειν.
3313 2929 3370 2981 Ὁ
3402 2929 3586 2982 τοίνυν

1922 3011 2148 3074 καὶτὰς
2193 3013 2564 3084 προσηγορίας
2617 3012 2858 3076 ἐπιθεὶς,
2905 3015 3001 3067 καὶ
3053 3015 3435 3086 προφητεύσας
3482 3015 3583 3086 τὴν

1921 3097 2064 3153 οὕτω
2095 3100 2412 3173 θαυμαστὴν
2443 3101 2778 3174 προφητείαν
2808 3101 2936 3173 περὶ
2961 3101 3059 3172 τῆς
3091 3101 3346 3170 γυναικὸς
3365 3144 3378 3164 .
3417 3103 3585 3157 καθά-

1922 3205 2030 3259 περ
2069 3189 2168 3262 ῆδη
2219 3192 2554 3262 εἰρήκαμεν,
2600 3191 2718 3255 πῶς
2761 3191 2828 3245 ἂν
2862 3193 3046 3261 ἠγνόει
3080 3192 3132 3244 τί
3182 3191 3280 3262 μὲν
3315 3191 3496 3257 καλὸν,
3529 3192 3584 3244 τί

1921 3275 1978 3328 δὲ
2013 3277 2277 3348 πονηρόν;
2307 3279 2371 3332 Εἰ
2403 3279 2512 3351 γὰρ
2557 3279 2620 3350 δὴ
2659 3279 2814 3333 τοῦτο
2843 3277 3264 3349 καταδεξώμεθα
3297 3279 3346 3351 (ὃ
3380 3280 3454 3351 μὴ
3491 3281 3584 3348 γέ-

1921 3367 2104 3434 νοιτο),
2147 3366 2310 3420 πάλιν
2361 3368 2440 3429 είς
2479 3365 2574 3419 τὸν
2605 3365 2944 3438 Δημιουργδν
2991 3365 3057 3418 τὰ
3097 3367 3194 3436 τῆς
3235 3365 3584 3436 βλασφημίας

1925 3453 2394 3524 μετενεχθήσεται.
2416 3453 2536 3517 ΙΙῶς
2550 3453 2658 3525 γὰρ
2679 3454 2772 3507 καὶ
2795 3453 3097 3508 ἐνετέλλετο
3112 3453 3414 3522 ἀγνοοῦντι,
3433 3453 3582 3525 [151]

1921 3539 2002 3591 ὅτι
2039 3539 2207 3593 κακὸν
2242 3542 2274 3610 ἠ
2315 3541 2656 3612 παράϐασις;
2692 3540 2832 3593 Ἀλλ’
2861 3541 2962 3594 οὐκ
3002 3540 3117 3593 ἐστι
3149 3539 3325 3603 τοῦτο,
3365 3541 3440 3611 μὴ
3487 3541 3582 3608 γέ-

1921 3643 2093 3680 νοιτο·
2125 3627 2244 3680 ἀλλ’
2270 3627 2385 3698 ᾔδει
2428 3627 2632 3696 σαφῶς.
2679 3631 2777 3680 Διά
2813 3627 2922 3697 γὰρ
2950 3627 3107 3681 τοῦτο
3149 3627 3209 3691 ἐξ
3253 3628 3430 3698 ἀρχῆς
3461 3629 3584 3681 αύτ-

1920 3714 2160 3780 εξούσιον
2185 3716 2334 3769 τουτὶ
2359 3715 2422 3768 τό
2463 3716 2599 3780 ζῶον
2633 3713 3056 3768 κατεσκεύασεν.
3087 3715 3149 3767 Εἰ
3181 3715 3289 3786 γὰρ
3319 3717 3394 3786 μὴ
3422 3715 3584 3769 τοῦτο

1918 3797 2007 3874 ἦν,
2044 3801 2168 3856 οὔτε
2199 3803 2526 3874 παραϐάντα
2551 3803 2650 3874 τὴν
2677 3802 2894 3874 ἐντολὴν
2937 3801 3262 3872 κολασθῆναι
3303 3801 3430 3867 ἔδει,
3457 3802 3596 3862 οὔτε⁹

1921 3889 2227 3958 φυλάξαντα
2261 3891 2532 3960 ἀποδοχῆς
2576 3888 2892 3960 ἀξιωθῆναι.
2925 3889 3048 3942 Ὅτι
3079 3888 3188 3958 γάρ
3215 3887 3306 3941 διὰ
3343 3889 3442 3960 τὴν
3473 3905 3582 3942 πα..

1923 3977 2150 4046 ράϐασιν
2189 3977 2380 4049 θνητὸς
2411 3974 2624 4046 γέγονε,
2656 3976 2816 4046 δῆλον
2863 3976 2956 4029 καὶ
2997 3975 3056 4042 ἐξ
3089 3975 3259 4046 αὐτῆς
3300 3977 3398 4046 τῆς
3429 3979 3588 4030 ἐντο-.

1920 4063 2036 4132 λῆς,
2067 4067 2160 4118 καὶ
2201 4066 2264 4116 ἐκ
2299 4064 2408 4116 τῶν
2445 4063 2582 4131 μετά
2621 4063 2798 4118 ταῦτα
2845 4061 3182 4133 συμϐάντων.
3225 4063 3422 4116 Ἄκουε
3470 4065 3594 4136 γὰρ,

1920 4152 2085 4222 αὐτῆς
2113 4151 2212 4220 τῆς
2249 4151 2502 4220 γυναικὸς
2529 4150 2795 4222 λαλούσης
2841 4149 2917 4221 τῷ
2954 4149 3105 4219 ὄφει·
3159 4149 3292 4203 ’Λπό
3345 4152 3595 4218 καρποῦ.

1917 4239 2025 4294 τοῦ
2067 4240 2255 4304 ξύλου
2292 4238 2399 4292 τοῦ
2447 4239 2515 4292 ὲν
2569 4237 2738 4308 μέσῳ
2783 4237 2889 4292 τοῦ
2937 4237 3330 4305 παραδείσου,
3367 4233 3520 4292 εἶπεν
3551 4241 3594 4300 ὀ,

1919 4326 2068 4392 Θεὸς,
2108 4328 2180 4380 οὐ
2207 4326 2292 4394 μὴ
2329 4329 2590 4396 φάγεσθε
2615 4324 2714 4380 ἀπ’
2742 4324 2948 4388 αὑτοῦ,
2981 4325 3081 4377 ἵνα
3113 4323 3199 4394 μὴ
3222 4323 3580 4393 ἀποθάνητε.

1922 4415 2082 4468 Ὥστε
2115 4415 2221 4486 πρὸ
2267 4415 2364 4484 τῆς
2414 4413 2667 4485 βρώσεως
2711 4412 2968 4466 ἀθάνατοι
3019 4411 3338 4482 ἐτύγχανον·
3373 4414 3423 4466 εἰ
3473 4413 3596 4483 γὰρ.

1922 4505 1996 4574 μὴ
2024 4501 2181 4554 τοῦτο
2208 4497 2296 4572 ἦν,
2319 4501 2420 4553 οὑκ
2449 4503 2514 4554 ἂν
2546 4500 2684 4570 μετὰ
2707 4499 2805 4572 τὴν
2831 4498 3030 4571 βρῶσιν
3053 4500 3111 4553 ἐν
3139 4501 3290 4566 τάξει
3313 4501 3588 4574 τιμωρίας,

1917 4590 2102 4652 αὐτοῖς
2131 4589 2378 4660 ἐπήγαγε
2403 4587 2494 4641 τόν
2525 4587 2773 4642 θάνατον.

1990 4691 2062 4751 ς’.
2087 4685 2182 4748 Τίς
2213 4685 2279 4738 ἂν
2310 4681 2402 4738 οὖν
2431 4685 2720 4754 ἀνάσχοιτο
2755 4681 2864 4738 τῶν
2891 4683 3068 4751 λέγειν
3105 4683 3463 4754 βουλομένων,
3495 4685 3587 4746 ὅτι

1921 4773 2058 4846 μετὰ
2101 4773 2202 4844 τὴν
2239 4773 2347 4826 ἀπὸ
2379 4771 2473 4825 τοῦ
2508 4771 2666 4838 ξύλου
2713 4771 2914 4842 βρῶσιν
2956 4771 3082 4840 ἐσχε
3109 4769 3208 4852 τὴν
3241 4769 3442 4838 γνῶσιν
3480 4771 3585 4824 τοῦ.

1915 4880 1975 4916 τε
2013 4861 2176 4916 καλοῦ
2221 4861 2316 4914 καὶ
2351 4859 2445 4914 τοῦ
2479 4857 2716 4933 πονηροῦ
2749 4861 2778 4912 6
2817 4857 3119 4930 ἄνθρωπος,
3153 4859 3314 4912 ὁπότε
3345 4861 3440 4912 καὶ
3472 4859 3586 4931 πρὸ

1915 4951 2015 5020 τῆς
2061 4947 2313 5021 βρώσεως
2353 4947 2622 5017 τοσαύτης
2660 4942 2728 5017 ἦν
2779 4947 2966 5014 σοφίας
2999 4945 3444 5016 πεπληρωμένος,
3481 4949 3576 5002 καὶ

1920 5037 2054 5108 μετά
2099 5037 2196 5105 τῆς
2238 5035 2430 5104 σοφίας
2459 5035 2552 5088 καὶ
2593 5033 2932 5106 προφητικοῦ
2968 5033 3303 5104 χαρίσματος
3337 5034 3577 5105 ἠξιωμέ-

1915 5137 2035 5184 νος;
2085 5119 2195 5171 Καὶ
2237 5117 2353 5180 πῶς
2403 5117 2468 5170 ἂν
2521 5116 2629 5186 ἔχοι
2675 5115 2840 5169 ταῦτα
2889 5115 3042 5182 λόγον
3063 5155 3078 5179 ,
3126 5111 3284 5181 αἶγας
3329 5115 3428 5185 μὲν
3479 5117 3578 5170 καὶ⁸

1915 5200 2180 5270 πρόϐατα,
2215 5201 2308 5253 καὶ
2349 5201 2528 5254 πᾶσαν
2571 5199 2670 5269 τὴν
2718 5198 2826 5251 τῶν
2869 5197 3076 5264 ἀλόγων
3124 5197 3284 5266 φύσιν
3339 5197 3534 5252 εἰδέναι
3554 5237 3575 5265 ,η

1915 5285 2043 5338 ποία
2080 5284 2180 5353 μὲν
2213 5283 2408 5353 βοτάνη
2451 5283 2589 5354 πρὸς
2626 5281 2828 5352 τροφὴν
2866 5279 3164 5350 ἐπιτηδεία,
3205 5279 3332 5332 ποία
3370 5280 3426 5333 δὲ
3456 5279 3576 5333 ὀλε-

1915 5367 2061 5438 θρία,
2090 5368 2181 5420 καὶ
2204 5365 2312 5420 τῶν
2343 5367 2440 5436 μὲν
2466 5365 2764 5435 ἀπέχεσθαι
2798 5363 2935 5434 μετά
2965 5364 3168 5434 πολλῆς
3193 5365 3292 5435 τῆς
3316 5363 3570 5434 σπουδῆς,

1912 5458 2031 5519 ταῖς
2061 5455 2117 5507 δέ
2151 5453 2482 5524 ἐπιτρέχειν·
2511 5451 2602 5506 τὸν
2639 5451 2695 5505 δὲ
2737 5451 3039 5522 ἄνθρωπον,
3067 5451 3129 5504 τὸ
3163 5451 3378 5518 λογικὸν
3409 5451 3570 5515 ζῶον,

1915 5544 2126 5610 ἀγνοεῖν
2151 5541 2202 5594 τί
2239 5539 2336 5610 μὲν
2368 5537 2550 5601 καλὸν,
2582 5538 2634 5590 τί
2675 5537 2732 5590 δὲ
2778 5538 3039 5609 πονηρόν;
3087 5536 3224 5590 Ἀλλ’
3253 5537 3380 5596 ἰδοὺ,
3413 5535 3568 5605 φησὶ,

1915 5631 2070 5697 ξύλον
2119 5627 2357 5697 γνωστὸν
2405 5625 2568 5679 καλοῦ
2618 5625 2712 5678 καὶ
2755 5625 2990 5697 πονηροῦ
3048 5625 3179 5679 αὐτὸ
3227 5625 3481 5678 ἐκάλεσεν
3529 5626 3563 5694 ή

1911 5717 2124 5789 Γραφή.
2173 5711 2302 5768 Οἶδα
2349 5713 2504 5782 κάγώ
2523 5730 2536 5743 °
2577 5713 2694 5767 ἀλλ’
2741 5713 2834 5766 ἐάν
2877 5713 2946 5766 τὰ
2983 5713 3244 5782 ἰδιώματα
3287 5712 3388 5782 τῆς
3419 5711 3571 5775 θείας

1917 5806 2138 5874 Γραφῆς
2174 5801 2365 5872 μαθεῖν
2395 5799 2681 5871 βουληθῇς,
2713 5799 2835 5872 εἴσῃ
2861 5801 3002 5863 τίνος
3034 5801 3220 5854 ’ἐνεκεν
3253 5801 3350 5871 τὴν
3377 5802 3570 5870 ὀνομα-

1909 5892 2032 5946 σίαν
2085 5889 2290 5960 ταύτην
2327 5888 2564 5960 ἐπέθηκε
2604 5887 2681 5960 τῷ
2732 5887 2894 5959 ξύλῳ.
2940 5889 3014 5944 Ού
3049 5889 3156 5959 γάρ
3201 5887 3388 5959 ἐπειδὴ
3435 5887 3568 5940 αὐτὸ

1909 5981 2006 6056 τὴν
2034 5978 2232 6054 γνῶσιν
2263 5979 2542 6050 παρεῖχεν,
2567 5975 2740 6042 οὕτως
2770 5977 3014 6038 ἐκαλεῖτο
3034 5994 3046 6009 ·
3080 5977 3196 6034 ἀλλ’
3221 5976 3404 6033 ἐπειδὴ
3439 5975 3570 6036 περὶ
