4038 6394
163 393 268 449 εδδ

156 507 434 572 mandati,
461 517 518 563 et
559 522 623 561 ex
668 505 760 560 illo
799 515 981 565 postea
1018 500 1236 557 intravit
1271 499 1473 569 peccati
1515 496 1749 566 cognitio

156 613 318 668 atque
346 598 546 668 pudor,
580 607 861 667 propterea
890 597 966 650 sic
989 594 1312 665 appellatum
1341 601 1443 648 cst.
1466 592 1578 646 Mos
1607 592 1747 644 enim

157 691 354 743 divina}
396 689 692 758 Scriptura:
719 697 821 751 est,
848 703 874 741 a
925 687 1086 742 rebus
1129 685 1491 740 accidentibus
1537 685 1748 737 nomina

157 783 287 835 locis
317 783 625 849 imponere,
658 781 747 834 ubi
794 794 882 833 res
931 778 1265 847 contingunt.
1310 776 1493 846 anue
1534 784 1750 845 propter

158 875 356 943 lignum
400 873 505 926 hoc
536 873 754 926 vocavit
779 871 1050 940 Scriptura
1084 870 1257 924 divina
1281 869 1480 939 lignum
1510 867 1748 922 scicntite

156 964 277 1017 boni
326 973 386 1018 et
417 963 568 1028 mali,
590 965 708 1032 quia
747 963 886 1016 circa
928 961 1052 1015 illud
1100 961 1453 1030 transgressio
1481 968 1536 1013 et
1561 959 1748 1013 obser-

157 1059 295 1110 vatio
333 1057 577 1110 mandati
610 1065 744 1110 erat.
778 1055 1044 1125 Beuignus
1069 1057 1209 1108 enim
1254 1053 1507 1106 Dominus
1535 1065 1564 1104 a
1599 1051 1747 1118 prin—

157 1149 293 1216 cipio
322 1148 529 1201 docere
559 1147 743 1200 volens
775 1145 1045 1200 hominem
1069 1187 1082 1209 ,
1112 1143 1445 1199 conditorem
1476 1150 1530 1196 et
1576 1140 1746 1195 facto-

157 1254 263 1293 rem
312 1255 474 1292 suum
520 1255 642 1294 esse
685 1239 971 1292 visibilium
1021 1237 1258 1292 omnium
1309 1234 1607 1306 Opilicem,
1657 1233 1745 1303 qui

157 1332 326 1400 ipsum
354 1331 646 1397 formavit,
675 1347 771 1400 per
798 1346 1015 1400 parvum
1048 1329 1187 1384 istud
1230 1329 1536 1382 mandatum
1569 1337 1749 1381 osten-

157 1424 279 1479 dere
301 1426 476 1478 voluit
506 1440 565 1479 se
592 1425 866 1478 dominum
891 1439 1012 1478 esse
1032 1441 1046 1486 ;
1067 1433 1123 1478 et
1147 1423 1297 1492 quasi
1325 1422 1554 1476 liberalis
1575 1421 1748 1475 domi-

159 1530 251 1570 nus
276 1558 290 1581 ,
333 1532 590 1586 magnam
625 1525 679 1570 et
704 1514 1071 1569 admirabilem
1094 1514 1376 1581 quamdam
1403 1512 1618 1566 domum
1649 1512 1747 1564 ali-

157 1608 303 1675 cujus
330 1608 456 1661 usui
484 1607 730 1671 donans,
761 1615 815 1660 et
845 1621 948 1658 non
980 1613 1145 1658 totum
1190 1603 1415 1672 pretium
1437 1644 1452 1668 ,
1503 1601 1597 1656 sed
1650 1601 1748 1654 ali-

155 1699 468 1768 quantulam
501 1699 619 1766 ejus
648 1707 850 1766 partem
880 1697 1122 1764 accipere
1159 1696 1303 1758 vult,
1335 1703 1392 1746 ttt
1415 1692 1635 1747 dominii
1660 1691 1745 1761 jus

155 1790 353 1843 Salvum
387 1789 490 1843 sibi
524 1797 772 1852 maneat,
803 1797 855 1840 et
883 1787 971 1842 ille
997 1787 1206 1841 interim
1230 1785 1383 1850 sciat,
1403 1799 1462 1838 se
1488 1799 1591 1836 non
1619 1783 1748 1836 tedi-

156 1880 249 1934 licii
276 1882 291 1912 ¹
326 1881 614 1934 dominum
642 1895 794 1944 esse,
836 1879 930 1934 sed
964 1879 1131 1948 gratia
1165 1889 1219 1932 et
1250 1877 1598 1932 beneﬁcentia
1640 1877 1743 1930 do-

155 1971 270 2023 mini
320 1970 426 2024 illo
469 1970 574 2025 frui
604 1987 620 2024 :
649 1971 728 2026 sic
778 1971 960 2039 utique
995 1980 1050 2024 et
1080 1969 1338 2023 Dominus
1378 1977 1592 2035 noster,
1623 1983 1743 2022 cum

157 2062 378 2115 visibilia
412 2061 534 2116 hmc
562 2063 740 2116 omnia
771 2061 971 2115 homini
1001 2060 1359 2125 concederet,
1383 2069 1436 2113 et
1465 2067 1746 2128 prmstaret

161 2155 229 2208 illi
256 2164 318 2208 ut
350 2166 668 2210 versaretur
711 2155 764 2208 in
793 2154 1039 2224 paradiso
1060 2194 1074 2215 ,
1104 2161 1158 2207 et
1200 2153 1468 2206 frueretur
1496 2151 1746 2205 omnibus

157 2262 267 2316 qua:
307 2246 363 2300 in
398 2246 492 2300 illo
542 2257 733 2314 erant,
761 2256 821 2300 ut
863 2262 929 2301 ne
961 2245 1216 2316 paulatim
1270 2245 1518 2300 seductus
1566 2243 1745 2297 animo

159 2346 368 2404 putaret
415 2352 531 2405 res,
577 2353 697 2406 qua:
745 2337 845 2392 sub
893 2348 1167 2408 aspectum
1220 2335 1434 2402 cadunt,
1477 2343 1744 2389 automata

154 2442 288 2492 esse,
312 2427 494 2496 deque
545 2442 642 2481 sua
680 2426 936 2496 dignitate
963 2428 1126 2482 altius
1164 2427 1434 2497 quidpiam
1480 2425 1742 2488 sentiret,

155 2516 301 2571 iussit
326 2518 399 2572 ab
424 2534 536 2572 uno
554 2518 702 2587 ligno
726 2519 1017 2584 abstinere,
1042 2533 1231 2588 magna
1257 2518 1472 2571 deﬁnita
1503 2531 1680 2586 pcena,
1699 2516 1742 2569 si

156 2610 254 2665 hoc
283 2611 778 2681 transgrederetur,
807 2621 866 2665 ut
913 2612 1052 2666 scire
1102 2609 1318 2680 posset,
1361 2625 1420 2665 se
1467 2609 1740 2663 dominum

156 2701 348 2756 habere
368 2743 386 2766 ,
417 2703 575 2772 cujus
604 2703 920 2758 liberalitate
963 2705 1124 2757 etiam
1168 2703 1378 2757 czctcris
1405 2701 1566 2756 rebus
1594 2699 1741 2754 frue-

153 2804 315 2849 retur.
350 2793 556 2849 Verum
589 2796 712 2865 quia
741 2795 966 2849 multum
1015 2795 1408 2851 incensiderate
1451 2809 1510 2848 se
1549 2806 1742 2862 gerens

154 2903 252 2941 una
272 2904 398 2942 cum
426 2904 600 2943 uxore
631 2889 680 2942 in
706 2898 902 2941 tantam
930 2888 1138 2943 ruinam
1163 2887 1415 2952 concidit,
1435 2887 1574 2957 quod
1602 2901 1742 2956 prte-

153 2991 363 3046 ceptum
401 2990 768 3049 transgressus
790 2989 953 3046 esset,
978 2988 1032 3033 et
1053 2980 1119 3034 de
1148 2981 1290 3048 ligno
1316 2986 1600 3048 gustasset,
1622 2976 1742 3032 ideo

155 3069 352 3138 lignum
383 3071 561 3138 ipsum
595 3069 832 3124 scientiae
875 3070 996 3123 boni
1029 3077 1083 3123 et
1113 3069 1234 3122 mali
1266 3068 1576 3122 nominavit.
1625 3066 1741 3120 Non

155 3161 291 3231 quod
320 3172 485 3215 antea
528 3161 858 3230 ignoraverit
890 3161 1088 3214 bonum
1131 3168 1185 3214 et
1221 3160 1423 3213 malum
1456 3175 1470 3212 :
1503 3172 1625 3211 nam
1665 3157 1744 3212 sic

153 3267 255 3305 non
288 3251 580 3322 ignoravit,
605 3261 664 3304 ut
683 3251 914 3326 serpenti
939 3251 1132 3304 mulier
1153 3249 1347 3304 dixerit
1373 3265 1385 3301 :
1417 3247 1560 3302 Dixit
1583 3247 1738 3314 Deus,

153 3340 234 3395 Ne
272 3340 553 3394 comedatis
589 3357 651 3394 ex
693 3341 818 3407 illo,
862 3357 925 3395 ne
973 3339 1494 3407 moriamini;itaque
1541 3338 1744 3392 sciebat

150 3444 381 3488 mortem
405 3448 621 3503 penam
649 3448 788 3497 esse,
808 3434 851 3488 si
875 3433 1182 3487 mandatum
1201 3430 1702 3501 transgrederentur
1723 3446 1738 3483 :

149 3525 244 3579 sed
273 3525 402 3594 quia
428 3533 552 3593 post
583 3523 740 3593 hujus
768 3538 920 3578 esum
951 3533 1005 3578 et
1035 3538 1264 3594 superna
1293 3523 1460 3594 gloria
1485 3523 1697 3592 spoliati
1721 3565 1737 3590 ,

151 3626 206 3671 et
228 3616 548 3670 sensibilem
581 3615 924 3670 nudationem
959 3616 1163 3686 experti
1195 3627 1319 3670 sunt
1348 3618 1395 3683 ¹,
1425 3615 1544 3671 ideo
1573 3631 1740 3670 voca-

148 3709 226 3761 vit
263 3708 475 3778 lignum
523 3708 762 3762 scientia:
795 3709 914 3763 boni
969 3717 1021 3763 et
1062 3709 1186 3762 mali
1224 3717 1376 3763 :erat
1422 3708 1564 3762 enim
1598 3709 1738 3762 circa

149 3801 277 3854 illud
307 3801 468 3870 quasi
498 3802 742 3870 quaedam
775 3801 1093 3856 obedientia:
1120 3802 1452 3856 exercitatio.

219 3892 448 3945 Horati;
469 3894 770 3946 exhortatio.
795 3924 862 3933 —
881 3894 1147 3948 Didieistis
1174 3911 1339 3964 quare
1363 3895 1496 3949 dixit
1525 3911 1540 3948 :
1568 3894 1742 3963 Aperti

149 3993 262 4035 sunt
292 3983 432 4036 oculi
463 3983 686 4050 illorum,
705 3995 749 4036 et
766 3996 1100 4055 cognoverunt
1123 3986 1259 4056 quod
1287 3987 1412 4040 nudi
1432 3997 1574 4040 erant
1593 3987 1617 4040 7
1638 3987 1739 4042 Co-

149 4075 418 4138 gnovistis
465 4091 630 4141 quare
681 4076 879 4144 lignum
927 4076 1028 4131 hoc
1078 4079 1315 4132 scientia).
1358 4079 1480 4132 boni
1523 4090 1578 4134 et
1615 4080 1738 4133 mali

149 4163 618 4234 vocetur?Cogita
647 4166 787 4220 enim
816 4175 1013 4235 quanto
1039 4166 1239 4235 pudore
1267 4167 1443 4223 aﬂecti
1467 4176 1592 4222 sunt
1621 4179 1740 4238 post

151 4255 314 4324 hujus
371 4272 560 4323 esum,
612 4272 730 4311 cum
782 4259 1096 4328 transgressi
1147 4258 1369 4315 fuissent
1417 4271 1738 4330 prteceptum

151 4349 372 4403 Domini
403 4347 751 4404 :Consuerunt
775 4352 915 4404 enim
945 4354 1069 4423 folia
1111 4354 1270 4420 ﬁcus.
1303 4364 1348 4406 et
1387 4359 1609 4423 fecerunt
1648 4355 1740 4408 sibi

149 4441 510 4494 succinctoria.
545 4441 678 4496 Vide
703 4457 732 4496 a
763 4455 956 4512 quanta
987 4445 1154 4513 gloria
1189 4445 1238 4497 in
1271 4453 1520 4512 quantam
1566 4445 1741 4500 vilita-

152 4539 260 4585 tem
307 4531 526 4586 deducti
554 4533 681 4587 sint.
709 4533 812 4599 Qui
844 4545 1000 4590 antea
1041 4536 1191 4604 quasi
1234 4544 1519 4591 terrestres
1563 4537 1738 4606 angeli

153 4623 435 4686 vivebant.
467 4634 675 4694 tegmen
715 4626 814 4680 sibi
863 4641 927 4681 ex
977 4625 1120 4682 foliis
1149 4630 1471 4698 excogitant.
1512 4629 1737 4683 Tantum

153 4716 361 4769 malum
389 4725 472 4770 est
494 4728 787 4784 peccatum.
820 4718 933 4772 Non
963 4720 1134 4773 solum
1164 4722 1306 4775 enim
1332 4737 1429 4775 nos
1451 4735 1480 4774 a
1508 4737 1736 4791 superna

152 4807 526 4860 benevolentia
553 4808 757 4862 alienos
781 4809 938 4875 facit,
972 4810 1066 4864 sed
1102 4822 1156 4866 et
1185 4811 1252 4864 ad
1294 4813 1517 4866 multum
1565 4812 1738 4881 pudo-

150 4914 266 4952 rem
296 4909 362 4952 et
383 4898 638 4953 vilitatem
684 4901 940 4955 deducit:
981 4912 1034 4955 et
1083 4919 1203 4956 cum
1231 4919 1330 4957 nos
1372 4905 1543 4972 privat
1584 4905 1738 4960 bonis

149 5006 270 5057 qua:
300 4989 416 5058 iam
440 4990 870 5059 possidebamus,
901 5009 1114 5047 omnem
1150 4995 1308 5049 etiam
1354 4995 1596 5049 ﬁduciam
1643 5012 1740 5049 au-

149 5081 265 5134 fert.
302 5079 417 5135 Sed
434 5096 502 5135 ne
527 5095 738 5135 sursum
762 5083 1118 5153 deorsumque
1148 5085 1409 5140 versando
1437 5098 1734 5156 peccatum,

147 5170 296 5237 quod
333 5184 427 5238 per
451 5185 602 5224 esum
651 5171 776 5241 ligni
812 5182 865 5227 et
893 5173 1304 5229 inobedientiam
1335 5176 1604 5232 hominem
1644 5179 1737 5232 de-

143 5261 295 5326 jeeit,
338 5259 629 5315 luctuosior
673 5263 863 5316 evadat
912 5266 1129 5320 oratio:
1160 5281 1276 5334 agc,
1307 5268 1351 5321 si
1415 5267 1621 5336 placet,
1670 5269 1738 5323 ab

148 5349 252 5405 hoc
288 5351 440 5419 ligno
468 5351 534 5405 ad
564 5352 728 5412 aliud,
761 5369 952 5422 nempe
981 5355 1046 5409 ad
1080 5356 1276 5425 ligmun
1303 5359 1507 5422 crucis,
1532 5372 1738 5412 sermo-

149 5458 270 5496 nem
309 5451 604 5508 vertamus,
623 5453 676 5498 et
706 5445 978 5500 videamus
1001 5462 1242 5516 quaenam
1272 5449 1406 5502 mala
1438 5449 1566 5503 illud
1598 5451 1739 5503 intu-

147 5531 226 5596 lit,
253 5542 314 5587 et
361 5549 478 5602 qua:
517 5535 655 5589 bona
701 5535 839 5589 istud
883 5537 1218 5603 conciliavit;
1248 5539 1354 5594 imo
1405 5555 1508 5594 non
1538 5541 1735 5610 lignum

212 5670 232 5701 ί
268 5678 455 5718 omnes
477 5669 583 5720 fere
597 5671 796 5732 habent,
821 5673 1092 5724 creationis.

181 5732 392 5801 "furi-es
417 5740 520 5780 MSS.
549 5732 737 5794 legunt,
761 5734 920 5798 gratia
941 5742 987 5786 et
1009 5735 1164 5800 gloria
1185 5737 1372 5791 δυοιὶώὶ
1393 5752 1444 5792 se
1466 5753 1603 5796 nosse
1625 5754 1734 5796 sen-

151 5791 353 5843 ziln'Iitcr
374 5791 642 5855 σαφεῖ-τιυὶ,

1212 383 1276 440 IN
1313 384 1462 441 CAP.
1504 383 1591 438 lll.
1629 377 1872 442 GENES.
1911 377 2142 436 IIOMIL.
2181 378 2342 436 XVII.
3339 389 3432 442 ,δέ

1861 492 2034 545 attulit
2055 493 2210 555 mala,
2241 493 2334 548 scd
2364 493 2606 550 voluntas
2630 495 2828 566 segnis,
2859 503 2913 551 et
2937 503 3269 568 contemptus
3299 513 3436 567 pm:-

1859 585 2024 652 cepti.
2075 584 2297 653 Lignum
2344 587 2470 640 illud
2513 596 2734 641 mortem
2783 589 3072 642 introduxit
3105 606 3118 641 :
3148 605 3270 643 nam
3315 604 3435 658 post

1861 678 2349 746 praevaricationem
2382 695 2525 734 mors
2557 680 2802 745 intravit,
2833 679 2927 735 sed
2950 680 3086 734 istud
3120 681 3431 737 immortali-

1860 777 2018 823 tatem
2050 769 2294 840 largitum
2340 781 2455 836 est;
2487 771 2614 825 illud
2657 787 2688 826 e
2727 772 2970 842 paradiso
2996 773 3184 842 ejecit,
3216 775 3353 829 istud
3385 777 3442 830 in

1855 859 2015 913 caalos
2040 875 2138 914 nos
2168 861 2416 925 reduxit;
2448 861 2574 916 illud
2607 874 2820 931 propter
2864 879 3019 916 unam
3063 868 3440 934 transgressio-

1856 964 1976 1002 nem
2005 951 2133 1003 tanti
2152 951 2395 1020 supplicii
2419 968 2564 1006 reum
2584 953 2749 1006 Adam
2775 953 3058 1017 fecit,istud
3081 971 3177 1008 nos
3194 957 3437 1024 plurimis

1856 1050 2190 1108 peccatorum
2235 1043 2456 1096 sarcinis
2483 1045 2817 1104 exoneravit.
2849 1045 3201 1114 ﬁduciamque
3229 1047 3294 1100 ad
3328 1049 3400 1101 Do
3419 1078 3436 1089 -

1855 1131 2055 1185 utinum
2085 1133 2237 1186 nobis
2267 1135 2775 1189 concessit.\’idistis
2800 1136 2923 1204 ligni
2953 1144 3009 1190 et
3035 1137 3156 1206 ligni
3186 1138 3435 1192 diﬁ'ereno

1855 1222 2020 1274 tiam?
2051 1223 2254 1276 vidistis
2295 1224 2490 1278 diaboli
2536 1225 2954 1294 malignitatem,
2986 1226 3215 1282 hominis
3254 1245 3410 1297 peeca

1855 1323 1962 1366 tum
1985 1355 1999 1378 ,
2023 1325 2075 1368 et
2108 1314 2316 1368 Domini
2345 1316 2762 1370 misericordiam
2786 1318 2809 1369 ?
2838 1319 3120 1372 Armenius
3143 1319 3318 1388 itaque
3338 1333 3436 1375 nos

1855 1404 2019 1472 ipsos,
2051 1405 2294 1472 obsecro,
2317 1407 2608 1474 carissimi,
2639 1410 2802 1461 armis
2845 1409 2972 1478 ligni
3010 1409 3166 1478 hujus
3214 1411 3426 1478 vivilici,

1853 1495 2121 1565 ipsiusque
2145 1499 2339 1551 virtute
2359 1499 2686 1568 perniciosos
2705 1501 2883 1554 animo
2904 1501 3126 1556 affectus
3148 1504 3434 1558 mortilice-

1851 1601 2005 1650 mus;
2033 1588 2106 1640 uti
2134 1596 2186 1641 et
2225 1589 2496 1656 apostolus
2526 1590 2720 1644 Paulus
2747 1591 2827 1644 his
2857 1592 3036 1646 verbis
3067 1604 3246 1648 monet
3279 1611 3293 1647 :
3328 1595 3428 1661 Qui

1849 1690 1964 1730 vero
1995 1687 2110 1731 sunt
2138 1679 2343 1743 Christi,
2373 1696 2573 1734 carnem
2619 1683 2976 1749 cruciﬁxerunt
3015 1699 3129 1736 cum
3176 1683 3438 1751 a/fectibus

1849 1777 1896 1819 et
1922 1769 2335 1837 concupiscentiis
2365 1769 2506 1839 (Gal.
2533 1772 2587 1825 5.
2615 1771 2739 1838 24).
2769 1773 2918 1841 Quod
2958 1784 3133 1828 autem
3169 1775 3326 1842 dicit,
3351 1785 3432 1831 est

1849 1860 2185 1930 hujusmodi:
2218 1862 2317 1928 Qui
2359 1876 2418 1916 se
2450 1872 2587 1916 totos
2627 1864 2840 1918 Christo
2882 1865 3214 1931 dcdiearunt,
3241 1868 3432 1922 absur-

1847 1951 1969 2005 dam
2012 1967 2228 2006 omnem
2255 1955 2738 2022 concupiscentiam
2786 1956 3168 2010 mortilicarunt
3195 1958 3246 2011 iu
3273 1973 3434 2013 carne

1848 2045 2140 2108 subortam.
2160 2056 2216 2099 ut
2241 2061 2427 2100 omnes
2447 2047 2609 2100 animi
2636 2059 2939 2117 corrumpat
2963 2050 3432 2117 operationesJ-los

1848 2138 2007 2204 igitur
2053 2147 2107 2191 et
2159 2151 2256 2190 nos
2301 2137 2606 2203 imitantes,
2640 2139 2876 2193 membra
2923 2151 3099 2194 nostra
3130 2142 3196 2194 ad
3228 2142 3421 2195 bellum

1849 2227 2173 2280 instruamus
2201 2227 2456 2282 adversus
2487 2229 2822 2299 tyrannidem
2852 2245 2916 2285 ex
2949 2230 3206 2286 diabolica
3237 2248 3432 2301 cpera-

1851 2321 1993 2372 tione
2019 2318 2070 2370 in
2095 2332 2193 2370 nos
2232 2319 2590 2388 insurgentem
2613 2360 2627 2383 ,
2658 2329 2713 2372 ut
2742 2329 2797 2373 et
2823 2321 2874 2373 in
2906 2334 3154 2388 praesenti
3185 2323 3286 2375 vita
3320 2331 3431 2376 tur-

1850 2409 2121 2463 bulentum
2152 2410 2252 2463 hoc
2271 2419 2326 2464 et
2352 2411 2706 2480 periculosum
2738 2427 2882 2465 mare
2910 2413 3171 2481 intrepide
3201 2415 3432 2482 trajicia.

1848 2517 1987 2566 mus,
2014 2510 2067 2554 et
2088 2501 2154 2554 ad
2185 2501 2376 2554 divime
2401 2502 2736 2570 benignitatis
2765 2504 3078 2570 tranquillos
3099 2512 3282 2572 portus
3311 2521 3431 2573 per-

1851 2594 2142 2659 venientes,
2177 2593 2314 2647 bona
2346 2594 2510 2648 Deum
2535 2595 2874 2663 diligentibus
2897 2595 3153 2664 promissa
3176 2597 3429 2665 consequi

1848 2687 2117 2740 valeamus
2139 2728 2154 2750 ,
2185 2687 2236 2739 in
2268 2685 2478 2739 Christo
2506 2685 2628 2738 Jesu
2658 2687 2882 2739 Domino
2911 2696 3093 2739 nostro
3114 2729 3130 2752 ,
3157 2687 3240 2740 cui
3261 2687 3429 2756 gloria

1847 2793 1968 2834 cum
1999 2778 2154 2832 Patre
2179 2787 2233 2832 et
2275 2785 2461 2832 sancto
2486 2776 2684 2845 Spiritu
2713 2821 2725 2840 ,
2755 2794 2893 2832 nunc
2928 2789 2981 2833 et
3019 2793 3264 2848 semper,
3291 2789 3342 2834 et
3376 2780 3428 2833 in

1847 2868 2040 2925 sarcula
2073 2871 2409 2924 surculorum.
2441 2872 2630 2924 Amen.

2399 3001 2670 3059 IIOMILIA
2714 3003 2875 3058 XVII.

1917 3116 1988 3172 Et
2014 3117 2311 3170 audiverunt
2353 3133 2522 3170 vocem
2563 3117 2770 3170 Domini
2817 3116 2913 3170 Dei
2954 3118 3320 3172 deambulanti:
3370 3120 3425 3174 in

2107 3211 2343 3281 paradiso
2369 3210 2421 3264 in
2449 3209 2656 3264 meridie
2683 3210 2755 3279 (a)
2789 3208 2808 3280 (
2831 3208 2956 3263 Gen.
2983 3211 3035 3265 3.
3061 3210 3095 3265 8
3120 3205 3162 3280 ).

1917 3323 1967 3377 1.
1997 3321 2138 3377 Satis
2160 3363 2175 3387 ,
2205 3322 2423 3391 opinor,
2453 3337 2548 3390 pro
2575 3329 2759 3376 nostra
2785 3321 2922 3375 virili
2950 3337 3118 3390 nuper
3149 3321 3321 3375 locum
3360 3321 3430 3376 de

1843 3412 1988 3483 ligno
2013 3413 2341 3481 interpretati
2368 3426 2572 3477 sumus,
2600 3411 2854 3466 docentes
2873 3412 3144 3466 caritatem
3170 3421 3418 3475 vestram,

1843 3517 2010 3572 quare
2037 3501 2212 3556 divina
2240 3501 2510 3568 Scriptura
2539 3501 2737 3570 lignum
2765 3501 3120 3570 cognoscendi
3150 3502 3346 3556 bonum
3373 3512 3429 3559 et

1843 3596 2040 3650 malum
2080 3596 2251 3664 ipsum
2291 3595 2529 3648 vocarit:
2558 3593 2780 3662 proinde
2823 3592 2980 3647 hodie
3023 3593 3229 3646 animus
3254 3604 3334 3648 est
3359 3594 3429 3648 ad

1843 3688 2117 3757 sequentia
2151 3702 2370 3756 pergere
2391 3727 2406 3752 ,
2440 3695 2498 3740 ut
2537 3685 2753 3740 discatis
2796 3684 3111 3739 inelfabilcm
3144 3686 3233 3741 Dei
3273 3687 3424 3740 beni-

1843 3781 2120 3848 gnitatem,
2145 3789 2199 3834 et
2225 3788 2418 3848 quanta
2444 3778 2706 3831 sermonis
2736 3777 3175 3846 attemperationc
3198 3794 3328 3832 usus
3354 3780 3424 3833 sit

1845 3883 2044 3928 nostra:
2075 3883 2280 3926 natura:
2302 3871 2685 3940 providentiam
2714 3883 2762 3923 et
2787 3885 2966 3924 curam
2996 3869 3213 3924 habens.
3239 3870 3425 3925 Omnia

1844 3965 1985 4018 enim
2017 3962 2140 4018 fecit
2176 3973 2231 4017 et
2250 3970 2502 4032 operatus
2524 3970 2642 4025 est,
2672 3972 2728 4014 ttt
2761 3962 3018 4015 rationale
3043 3961 3142 4016 hoc
3172 3961 3365 4014 animal
3391 3977 3422 4014 a

1843 4069 1902 4110 se
1926 4055 2216 4114 conditum,
2250 4053 2301 4108 in
2323 4053 2464 4106 omni
2495 4052 2696 4107 IiOthl‘e
2721 4061 2898 4114 esset,
2929 4060 2984 4106 et
3013 4052 3062 4104 in
3092 4053 3236 4105 nullo
3264 4068 3424 4121 ange-

1846 4146 2017 4200 lorum
2048 4147 2154 4200 vita
2185 4146 2420 4200 deterius
2451 4144 2624 4208 foret,
2652 4145 2743 4198 scd
2770 4153 2824 4199 et
2862 4144 2914 4197 in
2953 4159 3176 4213 corpore
3207 4145 3418 4199 illorum

1843 4238 2141 4307 possideret
2178 4237 2677 4308 impassihilitatem.
2708 4237 2968 4291 Caeterum
2999 4246 3053 4290 ut
3093 4237 3223 4291 vidit
3249 4246 3424 4292 utros-

1843 4341 1946 4396 que
1972 4326 2239 4396 peccando
2282 4336 2640 4396 transgressos
2671 4341 2764 4395 per
2793 4326 3162 4395 negligentiam
3196 4341 3258 4380 ca
3304 4343 3427 4396 quas

1843 4431 1872 4470 a
1895 4431 1952 4470 se
1973 4426 2232 4485 prtecepta
2253 4425 2422 4478 erant.
2448 4417 2604 4485 idque
2627 4426 2901 4485 postquam
2925 4417 3081 4470 minis
3102 4432 3195 4470 eos
3217 4433 3426 4486 repres-

1845 4517 2006 4572 serat,
2037 4516 2093 4562 ut
2122 4508 2348 4561 tutiores
2378 4507 2646 4571 redderet,
2682 4523 2748 4561 ne
2778 4507 2856 4561 sic
2883 4508 3093 4577 quidem
3125 4523 3152 4560 a
3183 4508 3424 4578 benigni-

1843 4605 1950 4652 tate
1973 4613 2066 4651 sua
2087 4607 2281 4663 cessat,
2309 4597 2398 4652 sed
2421 4613 2630 4666 semper
2651 4597 2729 4652 sui
2751 4597 2956 4663 similis,
2980 4598 3426 4667 quemadmodmn

1843 4689 2289 4744 clementissimus
2315 4697 2467 4758 pater
2493 4689 2656 4742 ﬁlium
2688 4688 2961 4757 indignum
2988 4690 3110 4758 quid
3151 4690 3426 4745 nobilitate

1846 4795 1940 4834 sua
1972 4795 2068 4848 per
2087 4779 2456 4848 negligentiam
2483 4779 2832 4843 commisisse,
2861 4788 2915 4833 et
2941 4795 2970 4833 a
2995 4794 3204 4834 summo
3223 4781 3426 4834 bonum

1845 4872 1898 4925 in
1929 4879 2222 4925 extremam
2251 4871 2500 4924 vilitatem
2529 4871 2797 4924 redactum
2825 4869 3031 4936 videns,
3062 4872 3298 4938 paternis
3344 4874 3416 4925 vi-

1842 4962 2078 5016 sceribus
2099 4973 2416 5024 commotus,
2436 4975 2539 5014 non
2563 4961 2706 5015 illum
2727 4960 2924 5014 auxilio
2944 4960 3251 5014 destitutum
3273 4961 3430 5027 sinit,

1843 5053 1934 5106 sed
1967 5053 2152 5106 iterum
2185 5066 2337 5104 suum
2363 5051 2470 5119 agit
2494 5049 2726 5105 ofﬁcium
2747 5092 2763 5113 ,
2809 5059 2866 5103 ut
2895 5049 3142 5118 paulatim
3189 5051 3364 5118 ipsum
3405 5067 3433 5105 a

1842 5141 2045 5195 vilitate
2088 5141 2172 5195 illa
2227 5141 2546 5205 liberatum,
2592 5139 2826 5209 pristiam
2871 5140 3112 5193 restituat
3156 5139 3427 5210 dignitati.

1845 5231 2013 5286 Simili
2044 5231 2200 5286 modo
2229 5231 2401 5285 bonus
2425 5231 2562 5284 Deus
2607 5229 2857 5284 misertus
2882 5239 2965 5283 est
3006 5228 3234 5285 hominis
3256 5271 3271 5296 ,
3298 5247 3420 5286 cum

1844 5338 2010 5376 uxore
2050 5337 2142 5375 sua
2170 5322 2366 5375 diaboli
2388 5321 2590 5375 insidiis
2609 5321 2976 5385 circumventi,
3006 5320 3156 5391 cujus
3182 5337 3277 5390 per
3300 5338 3417 5378 ser-

1841 5422 2056 5482 pentem
2078 5412 2355 5466 consilium
2386 5418 2663 5478 acceperat
2691 5428 2704 5464 :
2733 5410 2891 5464 veluti
2924 5410 3157 5464 medicus
3183 5412 3246 5464 ad
3271 5412 3420 5464 inﬁr-

1843 5519 1986 5557 mum
2006 5544 2019 5567 ,
2057 5510 2111 5556 et
2133 5511 2499 5571 aegrotantem,
2526 5500 2812 5568 jacentem,
2838 5500 3264 5570 indigentemque
3291 5517 3417 5555 cura

1841 5604 1896 5650 et
1923 5593 2112 5648 medici
2142 5608 2322 5658 manu,
2350 5591 2590 5660 protinus
2611 5590 2833 5645 accedit.
2864 5591 2968 5646 Sed
2996 5601 3055 5646 ut
3083 5602 3136 5646 et
3156 5608 3220 5646 ex
3244 5592 3417 5647 verbis

1903 5744 1976 5806 (a)
2007 5743 2091 5791 Hic
2105 5739 2294 5790 coislin.
2321 5747 2374 5789 et
2410 5747 2614 5803 quatuor
2645 5739 2723 5792 alii
2760 5741 2904 5793 Codd.
2941 5744 3192 5805 Scriptum
3226 5751 3418 5797 textum

1839 5803 1987 5869 longe
2007 5811 2375 5869 (exequuntur.

2903 5897 2928 5910 Ὦ
