4038 6394
623 364 723 421 155

624 464 842 532 daséztis
887 484 1041 543 quam
1086 470 1364 525 inell'abilis
1406 470 1475 524 sit
1507 468 1600 523 Dei
1644 467 1939 536 benignitas
1971 506 1986 530 ,
2029 480 2206 534 opera:

617 570 844 640 pretium
891 566 1051 619 fuerit
1076 564 1259 618 audire
1298 578 1416 632 qua:
1448 562 1580 616 lecta
1610 569 1753 613 sunt.
1796 557 1862 611 Et
1902 558 2206 623 audierunt,

613 662 819 730 inquit,
849 673 1014 711 vocem
1043 654 1246 708 Domini
1268 653 1362 707 Dei
1401 650 1769 705 deambulantis
1793 650 1844 703 in
1876 648 2114 718 paradiso
2140 647 2209 700 ad

613 751 871 805 meridiem
898 790 912 814 τ
948 758 994 801 et
1015 748 1317 800 delituerant
1349 756 1451 797 tam
1476 744 1660 808 Adam,
1682 758 1834 812 quam
1860 757 1987 795 uxor
2010 739 2149 793 illius
2174 756 2208 792 a

614 844 743 914 faeie
772 840 974 893 Domini
994 841 1047 891 in
1076 837 1240 890 medio
1268 837 1393 906 ligni
1422 834 1667 906 paradisi.
1699 832 1778 887 Ne
1808 830 2206 885 inconsideran-

609 942 711 996 ter,
743 930 948 997 dilecti,
977 938 1357 998 prtetereamus
1376 942 1493 996 qua:
1518 941 1547 979 a
1568 925 1742 979 divina
1768 924 2037 992 Scriptura
2064 923 2203 976 dicta

607 1032 753 1087 sunt,
787 1038 961 1093 neque
991 1024 1039 1075 in
1068 1022 1242 1077 verbis
1267 1021 1396 1091 ipsis
1421 1021 1750 1085 haereamus,
1782 1016 1873 1072 sed
1900 1016 2205 1073 considere-

609 1132 727 1169 mus
762 1116 832 1169 ob
862 1126 1097 1169 nostram
1142 1114 1558 1168 imbecillitatem
1594 1120 1795 1164 tantam
1834 1110 1921 1164 hic
1959 1108 2201 1163 adhiberi

610 1209 898 1281 verborum
928 1207 1301 1267 humilitatem,
1334 1216 1388 1259 ct
1417 1207 1485 1260 ob
1508 1206 1731 1259 salutem
1760 1213 1993 1258 nostram
2021 1203 2199 1257 omnia

610 1311 670 1355 ut
696 1303 805 1355 Deo
833 1301 1049 1369 dignum
1066 1310 1147 1355 est
1174 1300 1278 1370 agi.
1307 1298 1438 1353 Nam
1466 1298 1510 1353 si
1534 1298 1790 1353 vellemus
1810 1296 1965 1351 verba
1997 1304 2052 1349 ut
2078 1302 2203 1350 sunt

610 1393 948 1462 pronuntiata
979 1391 1191 1455 sectari,
1220 1401 1399 1445 etnon
1427 1389 1660 1458 indigne,
1684 1398 1741 1441 ut
1761 1388 1826 1441 de
1851 1388 1957 1443 Deo
1982 1388 2201 1457 loquen-

613 1492 696 1536 tes
724 1482 915 1547 decet,
946 1497 1233 1550 exponere.
1263 1482 1349 1536 dic
1368 1523 1381 1542 ,
1410 1496 1622 1551 quieso,
1656 1495 1835 1534 annon
1867 1480 2029 1533 multa
2078 1478 2200 1532 hinc

609 1584 970 1644 sequerentur
1011 1573 1284 1627 absurda?
1313 1575 1450 1627 Ecce
1489 1573 1631 1627 enim
1671 1572 1848 1627 statim
1889 1587 1953 1627 ex
1995 1572 2057 1625 iis
2081 1586 2199 1640 quze

609 1668 868 1736 principio
900 1668 1034 1722 lecta
1060 1676 1213 1732 sunt,
1246 1668 1347 1721 hoc
1376 1676 1621 1735 spectare
1662 1666 1803 1720 licet.
1832 1664 1901 1718 Et
1929 1664 2198 1718 audierunt

605 1774 771 1811 vocem
795 1758 997 1812 Domini
1026 1758 1121 1811 Dei
1148 1758 1455 1821 ambulantis
1480 1759 1531 1809 in
1562 1758 1800 1826 paradiso
1819 1757 1887 1809 ad
1909 1758 2191 1821 meridiem,

603 1859 649 1899 et
673 1848 989 1901 delituerant.
1014 1849 1150 1916 Quid
1180 1849 1439 1903 dicis?an
1470 1848 1776 1902 deambulat
1800 1847 1977 1901 Deus?
2006 1863 2071 1899 an
2106 1862 2199 1915 pe-

601 1940 697 1994 des
730 1942 829 2009 ipsi
858 1942 1149 1995 tribuemus
1173 1984 1186 2003 ,
1232 1952 1287 1996 et
1314 1943 1382 1996 de
1412 1956 1477 1995 eo
1508 1940 1640 1994 nihil
1679 1941 1906 1995 sublime
1942 1941 2196 2010 cogitabi-

600 2034 759 2087 tuus?
788 2032 902 2095 Non
934 2034 1175 2088 ambulat
1206 2035 1343 2088 Deus
1372 2052 1384 2088 :
1418 2034 1575 2088 absit.
1610 2032 1890 2100 Quomodo
1913 2033 2053 2086 enim
2076 2048 2193 2087 am-

598 2126 804 2180 bularet
830 2168 844 2192 ,
878 2128 966 2196 qui
1000 2127 1196 2195 ubique
1230 2142 1471 2195 prmsens
1517 2134 1598 2180 est
1622 2167 1637 2191 ,
1662 2135 1715 2180 et
1748 2126 1926 2178 omnia
1972 2125 2195 2193 implet?

598 2219 683 2272 cui
709 2220 904 2273 caelum
940 2220 1187 2286 thronus,
1222 2228 1276 2273 et
1305 2227 1445 2275 terra
1471 2219 1761 2273 scabellum
1787 2217 1952 2284 (1δαί.
1977 2218 2065 2272 66.
2099 2219 2123 2271 1
2149 2218 2191 2284 ),

599 2309 783 2374 ipsene
809 2311 859 2362 in
885 2310 1039 2363 horto
1060 2310 1401 2365 continetur?
1427 2309 1554 2376 Quis
1576 2310 1825 2363 cordatus
1847 2308 1949 2363 hoc
1969 2309 2194 2363 diceret?

596 2401 729 2467 Quid
747 2403 904 2471 igitur
920 2404 1308 2469 est,Audierunt
1328 2420 1495 2456 vocem
1512 2402 1714 2455 Domini
1723 2402 1813 2455 Dei
1823 2402 2194 2455 deambulantis

595 2497 644 2548 in
674 2497 815 2551 horto
844 2497 912 2550 ad
947 2498 1249 2551 meridiem?
1279 2498 1335 2551 ln
1364 2512 1578 2552 sensum
1622 2496 1747 2549 mali
1779 2496 1899 2549 illos
1925 2495 2194 2551 deducere

596 2586 781 2653 voluit,
815 2597 873 2640 ut
904 2588 952 2641 in
973 2602 1164 2657 magno
1192 2588 1383 2641 mentis
1407 2603 1606 2656 angore
1627 2586 2079 2641 constituerentur
2102 2605 2114 2639 :
2140 2586 2191 2640 id

594 2678 734 2747 quod
761 2688 816 2733 et
838 2678 1032 2733 factum
1059 2688 1163 2735 est.
1187 2679 1358 2734 Tanto
1376 2680 1635 2750 siquidem
1658 2695 1817 2734 sensu
1849 2679 2020 2733 allecti
2045 2688 2188 2745 sunt,

593 2782 647 2824 nt
664 2787 785 2825 cum
806 2771 1109 2826 advenisset
1131 2774 1285 2837 Deus,
1309 2788 1430 2827 sese
1446 2773 1714 2827 occultare
1733 2772 1908 2825 conati
1925 2772 2049 2825 sint.
2068 2771 2187 2827 Mox

592 2864 735 2917 enim
774 2875 832 2917 ut
862 2865 1082 2918 intravit
1109 2875 1406 2934 peccatutn,
1429 2874 1484 2919 et
1510 2865 1896 2935 prazvaricatio,
1932 2864 2103 2934 pudor
2128 2879 2190 2919 ac

593 2956 913 3009 verecundia
939 2956 1061 3009 illos
1094 2958 1302 3011 invasit.
1416 2968 1419 2971 '

662 3045 976 3100 Conscientia
1014 3048 1337 3118 incorruptus
1352 3049 1536 3119 judex.
1580 3048 1908 3104 Conscientia:
1944 3067 2090 3120 opus.
2116 3079 2187 3089 -—

592 3139 801 3207 Quippe
842 3140 1007 3209 jndex
1051 3141 1389 3211 incorruptus
1410 3182 1423 3203 ,
1453 3140 1834 3196 conscientiam
1873 3142 1993 3195 dico
2015 3182 2031 3207 ,
2063 3157 2184 3196 cum

593 3229 852 3284 adversus
892 3230 1161 3285 hominem
1218 3241 1549 3302 exsurgeret,
1570 3233 1713 3286 clara
1733 3247 1864 3285 voce
1898 3232 2181 3295 clamabat,

592 3320 873 3374 accusabat
894 3329 947 3375 et
968 3321 1303 3388 ostendebat,
1328 3332 1380 3376 et
1398 3323 1549 3392 quasi
1569 3335 1691 3377 ante
1711 3323 1894 3377 oculos
1916 3322 2187 3377 scribebat

591 3411 718 3479 ipsis
764 3422 1101 3482 peccatorum
1128 3415 1565 3484 magnitudinem.
1596 3415 1721 3469 Ideo
1754 3416 1893 3469 enim
1923 3416 2185 3487 benignus

598 3505 857 3557 Dominus
897 3507 1158 3576 principio
1202 3523 1320 3561 cum
1377 3508 1628 3563 formaret
1684 3509 1953 3565 hominem
1988 3554 2004 3578 ,
2047 3527 2179 3567 con-

596 3596 873 3649 scientiam
924 3598 997 3651 illi
1044 3598 1231 3651 indidit
1260 3601 1640 3654 accusatriccm
1688 3611 2033 3671 perpetuam,
2066 3620 2183 3671 qua:

599 3687 771 3755 decipi
806 3697 861 3741 et
907 3688 1165 3743 fallaciam
1197 3691 1336 3746 ferre
1366 3701 1544 3760 posset
1586 3709 1894 3762 numquam.
1929 3696 1994 3749 Et
2060 3696 2182 3750 licet

592 3780 713 3847 quis
742 3780 975 3834 admisso
1010 3791 1225 3851 peccato
1246 3824 1259 3846 ,
1293 3794 1704 3854 perpetratoque
1729 3787 1905 3855 aliquo
1947 3787 2181 3844 facinore

592 3870 807 3933 illicito,
840 3888 1025 3926 omnes
1070 3874 1312 3927 homines
1341 3876 1496 3941 celet,
1519 3876 1658 3929 illam
1683 3886 1856 3931 tamen
1885 3881 2179 3932 accusatri-

590 3978 707 4015 cetn
735 3978 840 4015 non
876 3965 1068 4031 poterit
1111 3965 1274 4019 latere
1298 4006 1311 4026 ,
1353 3966 1446 4019 sed
1477 3982 1808 4037 quocumque
1839 3968 2014 4024 abeat.
2038 3972 2177 4024 illam

587 4063 843 4123 perpetuo
863 4055 995 4108 intra
1013 4071 1071 4109 se
1093 4055 1248 4111 habet
1267 4056 1657 4121 obturbantem,
1679 4059 1984 4125 laniantem,
2002 4061 2177 4131 ﬂagel-

588 4144 801 4208 lantcm,
846 4163 1133 4216 numquam
1180 4150 1541 4217 quiescentem
1575 4168 1588 4205 :
1621 4152 1712 4207 sed
1739 4162 1793 4207 et
1827 4154 1995 4219 domi,
2026 4165 2079 4209 et
2126 4158 2176 4211 in

590 4236 724 4300 foro,
744 4246 796 4291 et
815 4238 865 4291 iu
890 4240 1135 4305 emtibus,
1155 4241 1272 4294 etin
1295 4256 1498 4307 mensa,
1519 4254 1566 4297 et
1589 4242 1961 4311 dormientem,
1982 4257 2034 4301 et
2056 4262 2178 4302 sur-

585 4338 797 4397 gentem
838 4329 1099 4395 adoritur,
1141 4330 1396 4386 rationem
1436 4332 1748 4389 delictorum
1777 4337 1957 4406 exigit,
2003 4340 2178 4407 ohque

586 4418 769 4471 oculos
783 4420 926 4487 ponit
942 4431 993 4473 et
1006 4422 1314 4475 delictorum
1331 4425 1526 4493 gravita
1538 4436 1721 4488 tem,ct
1734 4429 2175 4497 subsequutnram

588 4527 830 4579 pinnam,
874 4522 928 4566 ct
975 4517 1122 4583 quasi
1164 4516 1401 4570 medicus
1450 4519 1679 4586 Optimus
1724 4537 1826 4574 non
1869 4532 2042 4576 cessat
2079 4539 2176 4578 sua

586 4602 971 4658 medicamenta
1014 4622 1283 4674 apponere
1314 4624 1327 4659 :
1359 4618 1411 4662 et
1451 4610 1496 4662 si
1522 4611 1688 4666 semel
1729 4612 2045 4681 depellatur,
2077 4630 2173 4670 ne-

590 4708 694 4761 que
737 4694 814 4748 sic
848 4694 1073 4761 desistit,
1105 4697 1196 4751 sed
1222 4699 1525 4753 continuam
1564 4702 1972 4757 sollicitudinem
2017 4707 2173 4775 gerit.

664 4785 719 4839 2.
764 4786 877 4840 lloc
902 4788 1044 4841 enim
1074 4790 1415 4845 (εοηεοὶοιιιὶίυ
1444 4809 1577 4861 opus
1604 4803 1685 4848 cst
1709 4836 1722 4857 ,
1756 4805 1813 4849 ut
1836 4795 2029 4866 jugiter
2064 4814 2178 4852 me-

586 4880 808 4936 moriam
838 4880 1076 4951 ingerat,
1108 4899 1207 4937 nec
1237 4885 1507 4953 permittat
1554 4902 1801 4955 umquam
1832 4889 1882 4941 in
1916 4889 2172 4944 factorum

583 4974 907 5027 oblivionem
936 4990 1034 5028 nos
1060 4976 1242 5030 venire
1277 4993 1289 5027 :
1321 4975 1413 5029 sed
1446 4978 1514 5030 ob
1558 4979 1742 5033 oculos
1771 4991 2069 5050 proponat,
2101 4982 2175 5036 uti

582 5064 663 5116 vel
698 5064 797 5119 hac
829 5066 1030 5121 ratione
1053 5082 1150 5120 nos
1183 5067 1441 5122 tardiores
1470 5069 1643 5137 faciat,
1674 5088 1741 5125 ne
1774 5072 1823 5125 in
1846 5071 2029 5127 eadem
2055 5089 2176 5141 pec-

588 5164 703 5207 cata
738 5156 1099 5224 prolabamur.
1130 5158 1263 5213 Nam
1294 5160 1337 5213 si
1366 5176 1486 5215 cum
1514 5178 1577 5215 ex
1619 5165 1939 5219 conscientia
1974 5176 2173 5219 tantum

586 5248 740 5301 nobis
762 5249 831 5302 sit
857 5250 1100 5313 subsidii,
1132 5261 1184 5305 et
1215 5260 1418 5307 tantum
1447 5254 1693 5324 adjutorii
1718 5296 1733 5322 ,
1759 5266 1812 5311 et
1839 5258 1884 5310 si
1911 5257 2047 5312 hanc
2076 5258 2172 5311 ha-

585 5342 771 5403 bentes
792 5342 1161 5397 vehementem
1187 5347 1589 5412 accusatricem,
1620 5363 1737 5417 qua:
1762 5359 1997 5403 nostram
2027 5366 2176 5404 men-

582 5440 689 5485 tem
717 5431 965 5501 ﬂagellet,
998 5446 1050 5489 et
1079 5450 1174 5489 cor
1197 5437 1451 5503 lancinet,
1482 5449 1535 5492 et
1558 5440 1746 5509 quovis
1774 5441 2023 5497 carniﬁce
2046 5457 2174 5512 gra-

581 5525 697 5578 vius
725 5526 907 5591 instet,
942 5527 1180 5597 plerique
1204 5546 1373 5598 neque
1398 5532 1475 5586 sic
1501 5531 1762 5602 ignaviam
1792 5534 2052 5589 Vincimus
2087 5553 2099 5587 :
2128 5534 2173 5590 si

582 5616 683 5669 hoc
709 5617 1119 5672 destitueremur
1150 5620 1406 5684 subsidio,
1434 5638 1539 5690 quo
1567 5638 1673 5678 non
1707 5634 1832 5679 tunc
1874 5626 2050 5679 statim
2082 5641 2176 5680 ex-

580 5708 929 5764 cideremns?
971 5710 1257 5782 Propterea
1306 5713 1652 5783 primigenius
1703 5715 1865 5771 humo
1910 5726 1968 5771 ut
2023 5717 2171 5772 illum

581 5816 794 5856 sensum
822 5803 1055 5873 accepit,
1083 5804 1368 5861 adventum
1415 5804 1624 5861 Domini
1662 5821 1842 5864 secum
1886 5809 2127 5883 cogitans
2151 5854 2165 5881 ,

1266 356 1325 412 S.
1365 353 1643 412 JOANNIS
1678 350 2158 408 CHRYSOSTOMI
2198 352 2509 408 AliCllll-ZP.
2550 353 3083 412 CONSTANTINOP.

3802 359 3903 413 156

2322 468 2502 520 Statim
2544 484 2604 522 se
2647 470 2950 525 occultavit.
2979 472 3155 540 Quare
3174 513 3190 531 .
3216 472 3334 539 dic,
3363 472 3504 525 orn?
3531 469 3792 539 Quoniam
3820 477 3903 527 vi-

2316 557 2473 612 debat
2503 561 2600 613 sibi
2636 570 2837 615 trucem
2865 562 3076 617 adstare
3102 574 3489 624 aecusatorem.
3518 564 3903 619 conscientiam

2314 648 2455 704 dico.
2487 650 2669 721 Neque
2694 654 2837 707 enim
2870 654 3032 709 alium
3061 656 3225 710 ullum
3254 657 3651 726 objurgatorcm
3675 656 3902 711 habebat

2314 752 2369 795 et
2400 750 2585 797 testem
2609 755 2974 814 peccatorum,
3004 748 3096 803 sed
3120 749 3329 803 unicum
3353 749 3498 803 illum
3520 766 3676 819 quem
3710 751 3903 803 intrin-

2313 847 2470 887 secus
2519 834 2945 892 circumlerebat.
3011 840 3259 895 Attamen
3311 848 3503 908 praeter
3560 843 3902 895 conscientia:

2312 927 2739 995 accusationem,
2770 930 2930 983 etiam
2962 932 3193 999 privatio
3218 931 3425 1001 glorim,
3453 948 3569 1002 qua:
3598 932 3715 985 illos
3741 943 3905 986 antea

2310 1019 2459 1087 quasi
2504 1021 2882 1075 vestimentum
2913 1021 3166 1092 fulgidum
3197 1022 3498 1087 ambiebat,
3526 1022 3753 1077 docebat
3784 1023 3907 1077 illos

2310 1126 2404 1178 per
2438 1111 2602 1179 ipsam
2632 1112 2926 1167 nuditatem
2951 1113 3171 1167 admissi
3211 1115 3412 1184 peccati
3454 1114 3902 1184 magnitudinem.

2308 1200 2493 1270 Itaque
2514 1203 2633 1271 quia
2663 1213 2781 1271 post
2807 1219 2967 1273 grave
2990 1216 3263 1273 peccatum
3294 1204 3420 1259 illud
3447 1205 3647 1274 pudore
3670 1205 3901 1259 circum-

2306 1290 2407 1346 fusi
2442 1304 2593 1347 erant
2617 1335 2633 1360 ,
2665 1296 2978 1353 delitescere
3018 1306 3373 1352 tcnlaverunt.
3403 1297 3681 1350 Audierant
3709 1297 3852 1351 enim
3884 1337 3902 1356 .

2306 1383 2494 1453 inquit,
2526 1401 2693 1441 vocem
2721 1386 2929 1443 Domini
2952 1388 3049 1443 Dei
3068 1390 3436 1445 duambulantis
3459 1391 3512 1443 in
3540 1389 3685 1443 horto
3705 1392 3772 1442 ad
3793 1407 3874 1442 me

2303 1477 2503 1544 ridiem,
2526 1489 2572 1532 et
2600 1480 2975 1535 occultaverunt
3001 1499 3055 1536 se
3083 1492 3185 1534 tant
3214 1481 3376 1534 Adam
3396 1523 3411 1549 ,
3440 1498 3592 1552 quam
3620 1498 3748 1535 uxor
3786 1483 3901 1552 ejus

2303 1583 2334 1619 a
2375 1569 2505 1637 facie
2527 1568 2732 1623 Domini
2757 1569 2853 1624 Dei
2880 1572 2932 1623 in
2954 1572 3117 1625 medio
3150 1572 3397 1641 paradisi.

2377 1658 2525 1714 Nihil
2545 1672 2748 1731 peccato
2782 1662 2948 1733 pejus.
2971 1693 3041 1701 —
3060 1663 3199 1717 Nihil
3228 1672 3444 1733 peccato
3464 1662 3634 1733 pejus,
3660 1662 3856 1718 dilecte
3880 1704 3895 1717 ς

2303 1751 2474 1819 ipsum
2505 1755 2647 1807 enim
2680 1763 2736 1807 ut
2765 1754 3059 1819 introierit,
3096 1771 3199 1809 non
3246 1755 3419 1808 solum
3452 1753 3650 1823 pudore
3679 1769 3777 1807 nos
3805 1770 3895 1809 re-

2301 1844 2430 1911 plrt,
2466 1844 2561 1898 sed
2593 1855 2647 1899 et
2676 1845 2986 1915 insipientes
3020 1847 3308 1899 redditeos
3327 1847 3416 1916 qui
3440 1856 3594 1900 antea
3621 1846 3899 1900 intellectu

2300 1945 2355 1989 et
2397 1938 2653 2005 sapientia
2713 1937 2877 1991 multa
2923 1938 3129 2008 prtediti
3190 1937 3420 1992 fuerant.
3474 1937 3895 2003 Animadverte,

2299 2027 2543 2094 obsecro,
2570 2044 2730 2098 quam
2765 2030 3077 2099 insipienter
3099 2030 3208 2098 agit
3239 2045 3379 2083 nunc
3401 2070 3416 2094 ,
3443 2030 3531 2098 qui
3559 2039 3713 2083 antea
3745 2040 3895 2081 tanta

2301 2121 2536 2191 pollebat
2584 2122 2839 2190 sapientia
2867 2164 2881 2188 ,
2924 2124 3011 2193 qui
3038 2138 3102 2178 ex
3149 2124 3280 2177 actis
3329 2124 3459 2192 ipsis
3501 2123 3748 2177 traditam
3789 2124 3894 2177 sibi

2297 2220 2609 2288 Sapientiam
2656 2221 2806 2274 nobis
2851 2220 3196 2285 declarabat,
3226 2219 3315 2289 qui
3349 2220 3472 2273 talia
3517 2218 3892 2288 prophetabat.

2297 2310 2484 2363 Audita
2522 2328 2637 2364 voce
2669 2311 2872 2364 Domini
2916 2310 3012 2365 Dei
3041 2312 3410 2365 deambulantis
3435 2312 3485 2364 in
3512 2311 3657 2362 horto
3682 2311 3750 2362 ad
3783 2328 3895 2364 mc-

2296 2404 2495 2467 ridiem,
2514 2405 2776 2456 occultavit
2821 2422 2874 2457 se
2904 2415 3007 2457 tam
3047 2407 3158 2472 ipse
3186 2420 3338 2471 quam
3364 2418 3491 2455 uxor
3521 2403 3677 2470 ipsius
3703 2420 3731 2451 a
3760 2402 3896 2469 facie

2295 2493 2501 2548 Domini
2535 2494 2630 2549 Dei
2658 2496 2711 2549 in
2751 2498 2912 2550 medio
2947 2498 3069 2567 ligni
3097 2497 3343 2565 paradisi.
3395 2496 3613 2563 Quanta:
3660 2496 3761 2549 hoc
3806 2505 3895 2550 est

2296 2585 2611 2654 insipientia:
2634 2628 2651 2653 ,
2683 2587 2821 2657 quod
2849 2602 2878 2641 a
2909 2587 3017 2641 Deo
3040 2629 3055 2652 ,
3086 2588 3173 2657 qui
3220 2588 3415 2656 ubique
3454 2602 3685 2657 prresens
3708 2596 3790 2641 est
3814 2628 3828 2651 ,
3858 2605 3891 2641 a

2295 2675 2551 2732 Creatore
2576 2720 2593 2744 ,
2637 2680 2724 2748 qui
2754 2696 2819 2732 ex
2853 2679 3017 2731 nihilo
3047 2694 3133 2732 res
3164 2688 3223 2732 ut
3252 2689 3429 2732 essent
3460 2678 3748 2747 produxit,
3796 2680 3891 2748 qui

2298 2770 2614 2823 abscondita
2639 2771 2740 2824 scit
2778 2769 2797 2843 (
2826 2768 2981 2823 Psal.
3014 2770 3102 2824 52.
3153 2770 3221 2825 15
3242 2768 3291 2838 ),
3320 2770 3407 2838 qni
3440 2770 3589 2822 ﬁnxit
3619 2769 3889 2837 sigillatim

2292 2862 2453 2916 corda
2485 2862 2795 2930 hominum,
2824 2870 2876 2915 et
2905 2861 3149 2930 intelligit
3174 2861 3350 2913 omnia
3380 2876 3541 2928 opera
3559 2876 3765 2922 eorum,
3792 2862 3887 2929 qui

2291 2961 2561 3008 scrutatur
2600 2952 2761 3007 corda
2800 2960 2853 3006 et
2884 2967 3041 3006 renes
3081 2948 3267 3021 (Psal.
3314 2951 3364 3004 7.
3398 2949 3535 3020 10),
3579 2950 3666 3019 qui
3720 2950 3886 3004 etiam

2290 3046 2435 3115 ipsos
2464 3045 2638 3099 cordis
2662 3055 2840 3099 motus
2865 3044 3157 3115 cognoscit,
3198 3042 3526 3097 abscondere
3546 3059 3604 3096 se
3624 3051 3887 3097 conentur

2290 3138 2480 3211 (Psal.
2512 3140 2602 3193 45.
2632 3138 2705 3192 22
2727 3136 2909 3209 )‘ISed
2950 3154 3019 3193 ne
3048 3139 3261 3211 mireris
3280 3179 3294 3203 ,
3328 3137 3522 3191 dilecte
3550 3155 3562 3189 :
3592 3137 3713 3190 talis
3737 3138 3885 3192 enim

2290 3234 2616 3302 peccantium
2645 3232 2977 3285 consuetudo
3002 3240 3088 3287 est
3107 3274 3120 3292 .
3152 3241 3213 3285 ut
3237 3230 3449 3285 tametsi
3479 3231 3735 3284 occultari
3768 3246 3880 3284 non

2291 3324 2516 3393 possint,
2541 3322 2798 3377 occultari
2828 3334 3001 3376 tamen
3030 3322 3212 3385 velint,
3234 3331 3287 3375 et
3316 3321 3584 3375 studeant.
3615 3320 3679 3374 Ut
3700 3330 3884 3374 autem

2287 3418 2426 3471 scias
2452 3431 2545 3471 eos
2577 3432 2681 3469 non
2728 3415 2957 3470 ferentes
2985 3413 3281 3483 pudorem,
3309 3429 3415 3481 quo
3454 3422 3573 3481 post
3604 3422 3882 3481 peccatum

2285 3523 2404 3561 sese
2428 3507 2780 3569 sulTuderant,
2806 3506 2987 3560 nudati
3019 3505 3401 3573 incorrttptihili
3433 3505 3520 3557 illa
3550 3504 3711 3574 gloria
3732 3544 3748 3568 ,
3778 3502 3885 3557 hoc

2286 3599 2494 3663 fecisse,
2527 3598 2807 3653 considera
2835 3598 2921 3653 ubi
2943 3598 3310 3662 occultentur;
3342 3598 3392 3650 in
3420 3597 3597 3651 medio
3626 3596 3880 3663 paradisi.

2285 3688 2417 3744 Nam
2444 3690 2586 3743 sicut
2616 3689 2937 3743 verberones
2964 3698 3017 3743 et
3045 3689 3232 3758 ingrati
3263 3687 3477 3757 quidam
3510 3687 3723 3750 famuli,
3754 3703 3882 3741 cum

2284 3796 2389 3835 non
2415 3781 2621 3850 possint
2649 3796 2707 3835 se
2737 3781 2803 3834 ab
2830 3780 2958 3834 hero
2988 3795 3085 3833 suo
3114 3781 3385 3834 occultare
3409 3822 3424 3844 ,
3452 3779 3555 3833 huc
3586 3790 3639 3833 et
3670 3780 3796 3833 illuc
3823 3778 3880 3832 in

2284 3875 2507 3944 angulos
2530 3874 2719 3927 domus
2744 3889 2959 3928 currere
2986 3873 3159 3927 solent
3182 3914 3197 3935 ,
3227 3884 3371 3928 metu
3407 3873 3613 3925 illorum
3637 3872 3879 3925 animum

2282 3967 2620 4021 concutiente
2649 3983 2662 4017 :
2698 3966 2767 4019 ita
2809 3975 2863 4019 et
2891 3965 2943 4018 hi
2980 3964 3181 4017 nullum
3212 3963 3541 4017 invenientes
3582 3962 3833 4032 emtgium
3862 4004 3879 4028 ,

2288 4060 2339 4113 in
2372 4061 2484 4128 ipsa
2510 4060 2691 4123 domo,
2719 4058 2981 4127 paradiso,
3016 4062 3228 4127 inquam
3254 4098 3267 4118 ,
3297 4058 3744 4126 circumaguntur.
3770 4055 3882 4111 Nec

2282 4152 2486 4221 absque
2528 4151 2735 4204 ratione
2766 4159 2975 4218 tempus
3003 4150 3309 4217 assignatur
3335 4165 3349 4200 :
3382 4149 3660 4202 Audierant
3689 4148 3831 4202 enim
3859 4188 3877 4214 ,

2283 4243 2449 4313 inquit
2476 4283 2491 4308 ,
2514 4258 2683 4295 vocent
2714 4241 2922 4294 Domini
2952 4241 3049 4294 Dei
3078 4241 3443 4294 deambulantis
3481 4242 3531 4293 in
3561 4241 3803 4310 paradiso
3818 4241 3879 4295 il

2282 4334 2490 4389 meridie
2522 4350 2541 4388 :
2565 4334 2657 4388 sed
2686 4344 2740 4387 ιιι
2770 4334 2943 4387 discas
2976 4335 3182 4388 Domini
3210 4334 3607 4403 benignitatem,
3639 4335 3781 4403 quod
3805 4347 3877 4390 ne

2284 4428 2550 4481 modicum
2592 4427 2805 4497 quidem
2832 4427 3135 4491 distulerit,
3163 4427 3255 4481 sed
3284 4444 3405 4481 mox
3430 4468 3444 4489 ,
3476 4438 3530 4480 ttt
3563 4426 3693 4481 vidit
3730 4429 3877 4497 quod

2281 4519 2475 4574 factum
2500 4529 2635 4584 erat,
2664 4530 2719 4573 et
2742 4520 2935 4573 ulceris
2957 4521 3393 4590 magnitudinem,
3417 4520 3482 4573 ad
3505 4522 3879 4589 opitulandum

2281 4610 2607 4665 festiuaverit
2631 4652 2647 4675 ,
2677 4619 2733 4663 ut
2774 4626 2840 4664 ne
2880 4610 3031 4664 ulcus
3060 4611 3356 4679 grassando
3388 4610 3539 4665 fieret
3579 4612 3880 4667 iucurabile

2281 4703 2511 4757 vulnus:
2545 4702 2743 4757 idcirco
2779 4712 2838 4756 ut
2866 4702 3157 4772 prteveniat
3183 4705 3444 4756 accelerat
3470 4744 3484 4766 ,
3524 4714 3580 4757 et
3619 4704 3880 4759 velociter

2279 4799 2541 4853 crescenti
2570 4799 2731 4852 ulceri
2762 4798 2944 4861 adest,
2972 4812 3034 4850 ac
3061 4814 3155 4866 pro
3197 4814 3291 4851 sua
3320 4797 3561 4852 bonitate
3600 4813 3773 4867 neque
3805 4798 3879 4853 ad

2281 4908 2499 4961 parvum
2530 4901 2735 4960 tempus
2760 4906 2789 4944 a
2810 4906 2936 4945 cura
2963 4905 3057 4944 sua
3087 4889 3231 4943 illum
3257 4890 3566 4945 destitutqu
3596 4892 3878 4962 relinquit.

2280 4983 2411 5037 Nam
2444 4993 2639 5037 tantam
2672 4998 2780 5052 pra:
2807 4998 2865 5037 se
2889 4982 3089 5037 ferebat
3120 4981 3320 5035 rabiem
3343 4984 3528 5036 salutis
3551 4992 3746 5035 nostrte
3776 4983 3880 5036 ini-

2280 5077 2465 5138 micus,
2498 5076 2587 5145 qui
2624 5090 2836 5144 semper
2859 5075 3057 5129 nostris
3086 5075 3237 5129 bonis
3266 5072 3494 5137 invidet,
3522 5084 3579 5127 ut
3606 5089 3735 5127 mox
3778 5075 3883 5128 sub

2282 5167 2492 5223 initium
2520 5168 2801 5223 moliretur
2826 5168 3077 5234 insidias,
3109 5178 3164 5223 et
3198 5183 3297 5221 suo
3324 5168 3622 5236 pernicioso
3647 5169 3880 5221 consilio

2280 5259 2425 5328 ipsos
2452 5258 2745 5313 admirabili
2774 5259 2859 5313 illa
2890 5260 2993 5312 vita
3022 5259 3275 5327 privaret.
3303 5258 3407 5313 Sed
3436 5259 3607 5313 solers
3632 5258 3723 5312 ille
3745 5260 3890 5313 arti»

2281 5350 2364 5404 fex
2404 5351 2562 5415 Deus,
2589 5352 2676 5419 qui
2704 5366 2797 5403 sua
2826 5351 3083 5419 sapientia
3105 5366 3193 5404 res
3222 5360 3431 5404 nostras
3457 5350 3734 5420 dispensat
3753 5394 3769 5414 ,
3793 5350 3880 5405 vi-

2278 5441 2412 5496 dens
2437 5443 2633 5497 diaboli
2662 5444 3065 5512 malignitatem,
3093 5453 3147 5497 ct
3174 5444 3405 5498 hominis
3433 5445 3741 5514 segnitiem,
3772 5462 3880 5515 qua

2280 5550 2376 5604 per
2397 5536 2672 5589 mulierem
2692 5534 2965 5605 deceptus,
2986 5536 3035 5589 in
3055 5545 3253 5589 tantam
3277 5536 3462 5590 incidit
3480 5535 3881 5602 conlusmnem,

2281 5641 2404 5681 mox
2430 5626 2616 5689 adest,
2649 5636 2701 5681 et
2739 5626 2888 5695 quasi
2918 5635 3224 5681 mansuetus
3252 5635 3308 5680 et
3341 5625 3601 5697 benignus
3626 5626 3797 5695 judex
3824 5627 3885 5681 in

2283 5718 2529 5772 tribunali
2557 5727 2759 5771 terrore
2795 5727 2849 5772 et
2874 5717 3097 5771 horrore
3125 5717 3282 5787 pleno
3309 5717 3498 5784 sedet,
3523 5726 3575 5772 et
3605 5720 3886 5773 examinat

2281 5808 2561 5881 diligenter
2587 5826 2599 5861 :
2621 5826 2716 5883 per
2746 5810 2846 5865 hoc
2883 5825 2983 5866 nos
3007 5807 3251 5866 docendo
3272 5848 3291 5879 ,
3333 5830 3401 5874 ne
3430 5825 3764 5884 congenercs
3794 5825 3888 5865 ne.
