4038 6394
98 337 196 391 135

102 453 321 525 μάθητε
370 453 476 522 τὴν
502 452 712 521 ἄφατον
746 445 842 504 τοῦ
868 449 1007 504 Θεοῦ
1045 453 1483 521 συγκατάϐασιν,
1514 455 1813 524 ἀναγκαῖον

103 542 339 595 ἀκοῦσαι
383 542 498 596 τῶν
542 539 991 608 ἀνεγνωσμένων.
1029 539 1139 594 Καὶ
1171 539 1473 608 ἤκουσαν,
1511 543 1667 612 φησὶ,
1703 542 1814 611 τῆς

106 628 319 699 φωνῆς
348 630 585 698 Κυρίου
607 627 717 682 τοῦ
757 626 906 680 Θεοῦ
930 629 1406 696 περιπατοῦντος
1430 631 1500 684 ἐν
1526 630 1605 696 τῷ
1627 643 1814 699 παρα-

104 713 289 782 δείσῳ
330 715 407 770 τὸ
440 714 737 779 δειλινὸν,
773 713 872 768 καὶ
914 715 1265 784 ἐκρύϐησαν
1295 716 1329 770 ὅ
1358 735 1422 770 τε
1456 717 1629 786 Ἀδὰμ
1661 716 1812 789 [154]

108 805 198 858 καὶ
239 805 281 872 ἡ
328 803 496 874 γυνὴ
549 801 741 858 αὐτοῦ
780 803 900 857 ἀπὸ
934 803 1263 873 προσώπου
1300 805 1522 872 Κυρίου
1551 806 1622 858 ἐν
1645 805 1815 876 μέσῳ

109 891 209 945 τοῦ
247 892 455 956 ξύλου
486 890 596 945 τοῦ
644 891 1040 961 παραδείσου.
1083 893 1176 965 Μὴ
1212 893 1401 957 ἁπλῶς
1437 893 1813 965 παραδράμω-

110 997 223 1052 μεν,
275 981 588 1050 ἀγαπητοὶ,
626 979 696 1033 τά
735 980 1001 1053 εἰρημένα
1044 981 1196 1052 παρά
1234 982 1334 1051 τῆς
1383 981 1535 1046 Θείας
1567 981 1810 1053 Γραφῆςν

113 1068 246 1138 μηδὲ
287 1071 418 1134 ταῖς
448 1068 664 1136 λέξεσιν
713 1069 1183 1139 ἐναπομείνωμεν,
1231 1070 1349 1124 ἀλλ’
1390 1068 1686 1140 ἐννοῶμεν.
1730 1071 1812 1122 ὅτι

107 1155 189 1208 διὰ
209 1155 312 1226 τὴν
334 1156 637 1210 ἀσθένειαν
660 1156 761 1225 τὴν
784 1155 1060 1227 ἡμετέραν
1085 1158 1460 1229 ήταπεινότης
1477 1157 1586 1213 τῶν
1611 1156 1812 1223 λέξεων

109 1245 378 1310 ἔγκειται,
416 1244 513 1298 καὶ
543 1243 864 1315 θεοπρεπῶς
902 1245 1120 1298 ἅπαντα
1150 1245 1362 1314 γίνεται
1388 1246 1477 1299 διά
1507 1247 1608 1317 τὴν
1637 1263 1812 1316 σωτη-

109 1331 230 1401 ρίων
256 1331 362 1401 τὴν
391 1332 696 1402 ἡμετέραν.
731 1331 866 1385 Εἰπὲ
896 1331 1007 1402 γάρ
1039 1350 1152 1402 μοι,
1184 1335 1232 1386 εἰ
1269 1333 1664 1404 βουληθείημεν
1687 1347 1714 1374 ι
1743 1338 1810 1408 τῇ

113 1420 364 1489 προφορᾷ
388 1419 504 1472 τῶν
527 1419 792 1490 ῥημάτων
823 1419 1316 1490 ωτακολουθῆσαι,
1348 1421 1444 1474 καὶ
1482 1423 1556 1492 μὴ
1583 1421 1810 1493 θεοπρε-

111 1506 224 1568 πῶς
265 1506 534 1560 ἐκλαϐεῖν
574 1507 644 1560 τά
685 1505 990 1576 λεγόμενα,
1036 1507 1155 1570 πῶς
1201 1509 1261 1560 οὐ
1296 1507 1468 1562 πολλά
1516 1509 1706 1578 ἕψεται
1742 1510 1810 1563 τά

111 1596 316 1660 άτοπα;
357 1594 495 1648 Ἰδοὺ
535 1595 644 1667 γὰρ
668 1593 729 1659 ἐξ
754 1593 922 1648 αὑτοῦ
961 1595 1054 1648 τοῦ
1099 1595 1388 1666 προοιμίου
1419 1597 1529 1649 τῶν
1569 1599 1808 1666 ἀνεγνω-

113 1683 322 1752 σμένων
357 1683 760 1754 σκοπήσωμεν·
799 1682 910 1736 Καὶ
934 1681 1232 1751 ἥκουσαν.
1269 1685 1426 1754 φησὶ,
1463 1684 1575 1754 τῆς
1603 1685 1810 1755 φωνῆς

115 1771 331 1837 Κιψίου
353 1769 468 1823 τοῦ
494 1770 648 1824 Θεσῦ
677 1770 1152 1837 περιπατοῦντος
1171 1771 1243 1824 ἐν
1263 1770 1344 1837 τῷ
1369 1773 1714 1841 παραδείσῳ
1740 1773 1806 1826 τὸ

112 1856 400 1920 δειλινὸν,
424 1856 529 1910 καὶ
553 1857 922 1924 ἐκρύϐησαν.
945 1857 1011 1910 Τί
1039 1857 1219 1926 λέγεις
1238 1874 1252 1923 ;
1273 1860 1302 1911 ό
1325 1857 1458 1920 Θεὸς
1480 1861 1805 1929 περιπατεῖ;

114 1946 198 1996 καὶ
219 1945 401 2012 πόδας
427 1945 584 2015 αὐτῷ
615 1944 983 2016 περιάψομενς
1004 1945 1100 1998 καὶ
1129 1945 1280 1999 οὐδὲν
1300 1945 1504 2016 ὑψηλὸν
1531 1948 1596 1998 ἐκ
1617 1946 1806 2000 τούτου

113 2034 475 2103 ἑννοήσομενς
514 2033 590 2087 Οὐ
615 2037 910 2106 περιπατεί
931 2035 960 2088 ὁ
983 2031 1117 2097 Θεός
1139 2049 1154 2066 ο
1189 2033 1264 2106 μὴ
1287 2035 1514 2103 γένοιτο.
1550 2033 1676 2097 Πῶς
1699 2033 1808 2108 γὰρ

117 2122 192 2182 ἂν,
221 2123 250 2174 6
276 2120 570 2193 πανταχοῦ
604 2121 795 2194 παρὼν
829 2123 924 2177 καὶ
960 2120 1029 2176 τὰ
1059 2122 1237 2176 πάντα
1277 2122 1541 2194 πληρῶν;
1571 2116 1631 2176 οὗ
1663 2124 1692 2176 6
1719 2123 1810 2176 ού-

116 2209 269 2276 9mb;
319 2209 544 2280 θρόνος,
573 2212 608 2280 ή
645 2209 702 2266 δὲ
732 2210 805 2280 γῆ
849 2209 1164 2272 ὑποπόδιον,
1199 2203 1354 2273 οὗτος
1389 2209 1467 2281 τῷ
1495 2211 1808 2282 παραδείσῳ

114 2296 542 2367 ὲμπεριέχεταη
566 2297 680 2352 Καὶ
702 2297 786 2360 τίς
810 2295 984 2352 ταῦτα
1004 2297 1070 2352 ἂν
1090 2297 1238 2351 εἴποι
1259 2299 1369 2351 τῶν
1391 2298 1512 2353 νοῦν
1538 2299 1804 2369 ὲχόντωνς

113 2383 175 2433 Τί
198 2380 289 2437 οὖν
319 2387 443 2439 ἐστι
465 2385 553 2449 τὸ,
572 2387 887 2444 Ἤκουσαν
909 2384 1020 2453 τῆς
1041 2384 1252 2455 φωνῆς
1274 2387 1496 2453 Κυρίου
1523 2386 1628 2440 τοῦ
1658 2387 1806 2441 Θεοῦ

116 2470 596 2538 περιπατοῦντος
610 2473 680 2526 ἐν
697 2471 778 2539 τῷ
795 2472 1139 2542 παραδείσῳ
1158 2472 1225 2526 τὸ
1243 2472 1530 2538 δειλινόν;
1543 2474 1806 2543 Αίσθησιν

116 2559 292 2621 αὐτοῖς
325 2559 594 2632 τοιαύτην
639 2560 916 2632 ἠϐουλήθη
951 2563 1276 2634 παρασχεῖν,
1323 2561 1410 2616 ἵνα
1453 2563 1536 2626 είς
1564 2563 1806 2631 ἀγωνίαν

117 2647 306 2710 αὐτοὺς
345 2648 576 2720 ἐμϐάλῃ
594 2666 609 2680 ο
637 2648 666 2702 ὃ
693 2648 758 2720 δὴ
787 2649 882 2703 καὶ
907 2649 1119 2718 γέγονε.
1151 2650 1435 2721 Τοσαύτην
1462 2649 1570 2723 γὰρ
1597 2650 1753 2722 ἔσχον
1777 2653 1805 2691 b

115 2734 208 2804 τὴν
238 2735 530 2806 αἴσθησιν,
562 2737 639 2800 ὡς
667 2737 762 2791 τοῦ
799 2737 934 2790 Θεοῦ
968 2739 1416 2809 παραγενομένου
1464 2739 1806 2812 κρύπτεσθαι

114 2823 435 2896 ἐπιχειρεῖν.
463 2825 786 2896 Ἐπεισῆλθε
813 2827 923 2897 γὰρ
953 2827 987 2897 ή
1014 2826 1257 2898 ἁμαρτία
1284 2828 1378 2881 καὶ
1406 2829 1440 2899 ή
1469 2828 1803 2900 παράϐασις,

115 2912 205 2962 καὶ
235 2912 654 2984 κατεσκεδάσθη
687 2914 869 2978 αὐτοῖς
895 2916 930 2985 ή
964 2914 1220 2986 αἰσχύνη.

194 2999 252 3053 ’0
284 3001 401 3072 γὰρ
437 3001 738 3065 ἀδέκαστος
771 3001 1062 3076 δικαστὴς,
1099 3003 1160 3056 τὸ
1198 3003 1435 3066 συνειδὸς
1467 3003 1640 3070 λέγω,
1673 3022 1808 3059 κατ-

115 3088 546 3160 εξανιστάμενος
574 3089 804 3162 λαμπρᾷ
844 3094 910 3162 τῇ
952 3094 1104 3162 φωνῇ
1147 3091 1310 3153 ἐϐόα,
1357 3092 1452 3146 καὶ
1487 3093 1803 3164 κατηγόρει,

115 3175 207 3228 καὶ
236 3176 483 3239 ἐδείκνυ,
517 3177 612 3230 καὶ
656 3177 856 3231 ὡσανεὶ
889 3179 1000 3250 πρὸ
1035 3179 1144 3232 τῶν
1173 3178 1467 3250 ὀφθαλμῶν
1492 3180 1807 3252 ὑπέγραφεν

112 3264 295 3327 αὐτοῖς
319 3264 437 3317 τῶν
456 3265 876 3336 ἁμαρτημάτων
912 3266 972 3320 τὸ
1016 3266 1265 3337 μέγεθος.
1323 3267 1421 3321 Διά
1451 3267 1610 3321 τοῦτο
1640 3267 1750 3340 γάρ
1779 3270 1807 3322 6

113 3351 509 3422 φιλάνθρωπος
548 3353 826 3423 Δεσπότης
864 3353 1073 3408 ἄνωθεν
1115 3356 1210 3408 καὶ
1249 3355 1315 3408 ἐκ
1354 3357 1655 3426 προοιμίων
1691 3357 1808 3411 δια-

111 3439 372 3493 πλάττων
401 3440 499 3494 τὸν
543 3441 849 3512 ἄνθρωπον,
877 3443 940 3496 τὸ
971 3443 1212 3508 συνειδὸς
1252 3443 1402 3512 αὐτῷ
1440 3444 1652 3499 ἐνέθετο
1678 3463 1808 3499 κατ-

111 3527 313 3597 ήγορον
335 3515 707 3594 ἀδιάλειπτον,
730 3530 1197 3602 παραλογισθῆναι
1225 3531 1300 3604 μὴ
1332 3531 1646 3603 δυνάμενον,
1673 3533 1808 3604 μηδέ

110 3616 332 3686 ἀπάτην
363 3617 662 3688 ὑπομεῖναί
697 3635 846 3672 ποτε.
894 3618 1055 3673 Ἀλλά
1091 3619 1194 3672 κᾶν
1233 3621 1442 3684 πάντας
1485 3621 1807 3693 ἀνθρώπους

110 3703 293 3758 λαθεῖν
319 3722 410 3767 τις
446 3704 702 3777 δυνηθείη
731 3706 830 3776 τὴν
864 3707 1136 3777 ἁμαρτίαν
1166 3708 1541 3779 ἐργασάμενος
1577 3710 1672 3763 καὶ
1715 3709 1805 3781 τὴν

111 3791 314 3845 ἄτοπον
352 3792 558 3864 πρᾶξιν
602 3793 952 3858 ἐπιτελέσας,
990 3797 1195 3849 ἐκεῖνον
1236 3797 1322 3850 τὸν
1369 3797 1671 3869 κατήγορον
1709 3809 1804 3852 Λα-

110 3879 218 3931 θεῖν
251 3881 316 3932 οὐ
344 3880 598 3945 δύναται,
631 3880 770 3934 ἀλλά
797 3883 1146 3954 περιέρχεται
1179 3883 1443 3955 διηνεκῶς
1467 3885 1628 3939 αὐτὸν
1659 3885 1805 3940 ἔνδον

110 3967 249 4036 ἔχων
283 3968 648 4038 ἐνοχλοῦντα,
694 3969 1117 4037 καταξαίνοντα,
1151 3971 1513 4044 μαστίζοντα,
1553 3972 1806 4028 οὐδέποτε

109 4057 474 4127 ἠρεμοῦντα,
506 4057 643 4112 ἀλλά
683 4059 780 4111 καὶ
820 4059 878 4112 ἐν
915 4060 1112 4132 ἀγορᾷ,
1154 4061 1250 4114 καὶ
1287 4063 1347 4114 ἐν
1378 4061 1677 4131 συλλόγοις,
1713 4064 1806 4118 καὶ

109 4145 164 4195 ἐν
197 4143 486 4216 τραπέζῃ,
525 4145 620 4200 καὶ
653 4145 989 4210 καθεύδοντι,
1020 4149 1114 4204 καὶ
1147 4148 1548 4220 διανισταμένῳ
1569 4149 1804 4204 ἐπιτιθέο

113 4250 305 4300 μενον,
358 4234 458 4287 καὶ
493 4233 649 4305 δίκην
693 4234 1032 4290 ἀπαιτοῦντα
1082 4235 1190 4290 τῶν
1231 4237 1803 4310 πεπλημμελημένων,

110 4322 202 4374 καὶ
237 4322 338 4376 ὑπ’
372 4322 499 4390 δψιν
523 4323 727 4390 ἄγοντα
750 4323 976 4380 καὶτῶν
998 4325 1404 4397 ἡμαρτημένων
1423 4327 1521 4398 τὴν
1550 4326 1802 4394 ἀτοπίαν,

109 4412 206 4464 καὶ
238 4410 346 4481 τὴν
389 4411 665 4483 ἑπομένην
701 4410 851 4482 αύτῷ
887 4412 1142 4468 κόλασιν.
1190 4414 1290 4468 καὶ
1317 4413 1570 4487 καθάπερ
1623 4417 1806 4488 ἰατρὸς

109 4502 340 4566 ἄριστος
365 4497 428 4550 οὐ
457 4497 690 4552 παύεται
719 4499 788 4554 τά
825 4500 956 4571 παρ’
991 4500 1189 4555 ἑαυτοῦ
1228 4501 1496 4572 φάρμακα
1521 4503 1802 4569 ἐπιτιθείς⁴

112 4588 211 4639 κᾶν
262 4588 356 4657 ἴδῃ
410 4585 850 4657 διακρουόμενον,
896 4588 1018 4642 οὐδὲ
1065 4588 1240 4653 οὕτως
1292 4591 1618 4660 ἀφίσταται,
1669 4593 1806 4648 ἀλλά

112 4673 341 4742 διηνεκῆ
393 4673 492 4742 τὴν
535 4673 854 4743 ἐπιμέλειαν
877 4678 1134 4730 ποιεῖται.

182 4760 250 4830 β’.
279 4759 463 4813 τοῦτο
483 4760 592 4832 γάρ
621 4761 787 4816 αὐτοῦ
819 4762 1002 4834 ἔργον,
1045 4764 1388 4818 ἀδιάλειπτον
1431 4766 1730 4838 ὑπόμνησιν
1775 4779 1798 4808 ε

115 4846 387 4912 εἰσάγειν,
407 4845 501 4897 καὶ
525 4846 599 4915 μὴ
619 4849 922 4917 συγχωρεῖν
943 4847 1093 4918 αὐτῷ
1115 4847 1285 4919 λήθην
1310 4849 1441 4902 ποτὲ
1469 4852 1800 4922 ποιήσασθαι

113 4931 220 4983 τῶν
251 4930 665 5002 εἰργασμένων,
697 4929 813 4982 ἀλλ’
845 4931 936 4983 ὑπ’
970 4931 1094 5000 ὄψιν
1132 4931 1280 5002 αὐτῷ
1316 4932 1544 4994 τιθέναι,
1582 4935 1668 4988 ἵνα
1700 4936 1803 4992 κᾶν

113 5014 286 5084 ταύτῃ
316 5013 714 5085 ὸκνηροτέρους
740 5015 888 5084 ἡμᾶς
919 5015 1219 5086 ἐργάσηται
1248 5015 1381 5086 πρὸς
1403 5016 1464 5070 τὸ
1483 5019 1595 5083 τοῖς
1620 5019 1802 5086 αὐτοῖς

114 5101 465 5169 περιπεσεῖν.
486 5097 549 5151 Εἰ
569 5098 680 5169 γὰρ
701 5101 796 5153 καὶ
818 5099 918 5170 τὴν
947 5100 1204 5153 ἐντεῦθεν
1218 5099 1432 5170 ἔχοντες
1463 5103 1801 5173 συμμαχίαν,

114 5183 208 5235 καὶ
232 5183 352 5252 τὴν
364 5180 473 5234 ἀπὸ
489 5181 584 5235 τοῦ
603 5182 904 5246 συνειδότος
921 5182 1192 5253 βοήθειαν,
1207 5185 1301 5237 καὶ
1319 5183 1410 5236 τὸν
1433 5183 1661 5255 σφοδρὸν
1679 5185 1804 5239 τοῦ-

112 5282 200 5318 τόν
214 5266 534 5335 κατήγορον
549 5265 914 5336 ἐπικείμενον,
929 5267 1024 5321 καὶ
1037 5266 1365 5338 μαστίζοντα
1380 5268 1534 5338 ήμῶν
1553 5269 1614 5320 τὸ
1628 5285 1802 5323 συνει-

114 5350 217 5410 66;.
252 5347 659 5413 καταξαίνοντα
688 5349 789 5418 τὴν
813 5351 1061 5422 καρδίαν,
1088 5350 1239 5423 [135]
1261 5350 1356 5404 καὶ
1375 5350 1571 5420 δημίου
1601 5351 1802 5413 παντὸς

116 5432 424 5502 βαρύτερον
456 5431 863 5502 ἐπικείμενονά,
891 5433 1012 5486 οὐδὲ
1030 5432 1202 5496 οὕτως
1227 5434 1276 5486 οἱ
1293 5431 1476 5485 πολλοὶ
1501 5431 1600 5502 τῆς
1634 5432 1801 5504 ρᾳθυ-

121 5517 244 5585 μίας
272 5514 678 5585 περιγινόμεθα
696 5531 710 5545 ο
748 5517 798 5568 εὶ
829 5515 906 5586 μὴ
927 5515 1129 5587 ταύτην
1154 5515 1374 5586 εἴχομεν
1399 5514 1498 5586 τὴν
1523 5515 1798 5587 βοήθειαν,

119 5599 212 5651 τοῦ
253 5599 367 5651 οὐκ
401 5595 468 5650 ἂν
495 5596 703 5666 ταχέως
743 5596 1152 5668 ἐξωκείλαμεν;
1205 5597 1304 5651 Διά
1331 5615 1412 5650 τοι
1459 5597 1621 5651 τοῦτο
1651 5599 1746 5652 καὶ
1772 5601 1804 5654 6

176 5730 200 5758 ⁸
242 5729 352 5777 Alii
377 5729 437 5791 re!
479 5729 563 5791 μὲν
599 5728 689 5790 γὰρ
737 5727 1084 5791 βουληθείημεν.
1151 5725 1361 5791 P_Savi_l._
1397 5731 1449 5774 et
1487 5727 1629 5774 mulli
1678 5742 1795 5778 mss.

123 5792 326 5851 γέγονεν’
367 5787 528 5846 ἐπειδή
572 5787 674 5851 γὰρ’
699 5787 920 5847 τοιαύτην
943 5787 1104 5851 ἔσχον.
1153 5788 1258 5837 Mox
1290 5787 1444 5851 riidqrp
1472 5792 1797 5851 παραγενομέ-

124 5847 216 5908 νου,
258 5851 550 5913 κρύπτεσθαι
567 5847 918 5913 ’ἐπιχειροῦσιψ
965 5847 1209 5906 ἐπεισῆλθε
1241 5850 1346 5913 γάρ.
1378 5847 1489 5897 Mox
1513 5847 1638 5913 Reg.
1669 5847 1795 5901 uinus

125 5911 519 5974 ιπεσχεόιάσθη.
567 5911 695 5960 Infra
734 5911 818 5960 ﬁlii
857 5913 1048 5969 ἀνεϐόα,
1089 5917 1142 5958 ει
1167 5924 1275 5958 mox
1302 5911 1691 5974 [ἁμαρτηθέντων.
1764 5916 1788 5944 ο

126 5970 351 6024 Sambi
373 5979 495 6036 ocgoi
510 5984 622 6020 max.
650 5974 782 6036 ἔργον
803 5974 859 6021 τὸ
881 5975 1196 6036 ἀδιάλειπτον,
1220 5970 1500 6036 ὑπόμνησιν.
1529 5970 1580 6036 ll}
1609 5973 1781 6036 Morel.

127 6036 170 6082 τό
188 6036 355 6085 deest.
420 6032 450 6074 ει
469 6032 687 6096 Quatuoi
709 6032 823 6085 mss.
865 6043 916 6088 el
935 6034 1085 6085 Savil.
1133 6032 1385 6099 βαρύτερον
1421 6034 1778 6096 ὲπεμϐαίνοντα.

1270 336 1338 394 ΙΝ
1377 338 1526 396 CAP.
1569 337 1637 392 111
1675 336 1916 392 GENES.
1955 337 2186 394 IIOMIL.
2228 338 2390 395 XV".

3484 347 3589 405 136

1916 456 2340 527 πρωτόπλαστος
2393 454 2489 511 νῦν
2535 457 2786 530 αἴσθησιν
2818 459 2998 512 λαϐὼν
3044 460 3322 534 τοιαύτην,
3370 464 3465 518 καὶ
3493 465 3594 538 τὴν

1917 539 2221 608 παρουσίαν
2253 537 2347 591 τοῦ
2389 539 2662 593 Δεσπότου
2706 541 2994 612 ἐννοήσας,
3028 543 3228 607 εὐθέως
3267 537 3588 616 κρύπτεται.

1916 615 2074 680 Τίνος
2101 616 2309 680 ἕνεκεν,
2346 618 2466 670 είπέ
2499 635 2619 688 μοις
2655 619 2872 690 Ἐπειδὴ
2900 621 3046 692 ἐώρα
3078 615 3472 695 σφοδρὸνναύτῷ
3500 625 3592 678 τὸν

1915 697 2222 776 κατήγορον
2265 697 2581 766 ἐφεστῶτα,
2617 700 2678 752 τὸ
2733 701 2972 764 συνειδὸς
3017 700 3181 770 λέγω.
3229 704 3438 759 Οὐδένα
3483 707 3593 776 γὰρ

1915 774 2102 846 ἕτερον
2152 774 2267 847 εἶχε
2322 777 2417 830 τὸν
2469 778 2817 848 διελέγχοντα
2869 781 2962 833 καὶ
2996 781 3249 851 μάρτυρα
3300 783 3428 836 ὄντα
3481 774 3592 837 τῶν

1915 856 2316 926 ἐπταισμένων,
2341 857 2455 911 ἀλλ’
2482 860 2686 910 ἐκεῖνον
2713 859 2893 929 μόνον,
2917 861 2976 913 ὃν
3007 859 3216 914 ἔνδοθεν
3244 863 3588 932 περιέφερεν.

1919 935 2130 1000 Ἀλλως
2169 936 2227 989 δὲ
2259 937 2400 1007 μετά
2440 938 2539 1008 τῆς
2582 938 2677 992 τοῦ
2712 939 3008 1004 συνειδότος
3046 943 3382 1011 κατηγορίας
3425 943 3520 996 καὶ
3557 943 3591 1012 1'}

1913 1014 2204 1085 ἀφαίρεσις
2233 1017 2332 1086 τῆς
2355 1016 2512 1087 δόξης
2541 1019 2640 1087 τῆς
2671 1019 2935 1090 πρότερον
2958 1020 3152 1084 αὐτοὺς
3180 1021 3432 1092 καθάπερ
3467 1022 3594 1092 ἱμά-

1914 1113 2025 1150 τιον
2059 1096 2308 1167 λαμπρὸν
2347 1097 2806 1168 περιστελλούσης
2838 1098 3112 1152 ἐδίδασκεν
3144 1099 3340 1162 αὐτοὺς
3368 1100 3453 1152 διά
3491 1101 3593 1170 τῆς

1915 1176 2252 1246 γυμνότητός
2306 1178 2406 1248 τῆς
2451 1179 2727 1248 ἁμαρτίας
2767 1175 2836 1251 ἧς
2867 1178 3194 1251 εἰργάσαντο
3238 1179 3298 1232 τὸ
3339 1180 3589 1250 μέγεθος.

1925 1254 2081 1308 Ἐπεὶ
2109 1252 2201 1308 οὖν
2249 1255 2386 1327 μετὰ
2428 1257 2525 1328 τὴν
2557 1259 2829 1329 ἁμαρτίαν
2869 1259 3085 1330 ἐκείνην
3116 1257 3212 1329 τὴν
3245 1259 3486 1329 χαλεπὴν
3509 1261 3595 1312 αἰ-

1915 1335 2087 1409 σχύνῃ
2121 1337 2575 1409 περιεϐλήθησαν,
2616 1338 2955 1410 κρύπτεσθαι
3006 1340 3343 1410 ἐπεχείρουν.
3382 1340 3592 1393 Ἤκου-

1912 1435 2036 1471 σαν
2073 1417 2203 1490 γὰρ,
2248 1419 2401 1489 φησὶ,
2451 1418 2559 1486 τῆς
2586 1419 2792 1488 φωνῆς
2829 1421 3049 1485 Κυρίου
3087 1420 3194 1472 τοῦ
3240 1418 3389 1473 Θεοῦ
3426 1438 3592 1489 περι-

1912 1496 2252 1564 πατοῦντος
2288 1499 2357 1552 ὲν
2393 1497 2475 1563 τῷ
2505 1499 2849 1566 παραδείσῳ
2881 1497 2948 1551 τὸ
2976 1498 3262 1563 δειλινὸν,
3295 1498 3393 1551 καὶ
3421 1499 3592 1568 ἐκρύ-

1912 1577 2111 1644 ϐησαν
2131 1576 2166 1630 ὅ
2192 1595 2257 1630 τε
2291 1577 2461 1646 Ἀδὰμ
2499 1581 2597 1632 καὶ
2627 1579 2666 1645 ἡ
2699 1577 2854 1648 γυνὴ
2887 1577 3075 1632 αὐτοῦ
3118 1577 3238 1632 ἀπὸ
3267 1577 3592 1645 προσώπου

1912 1655 2137 1727 Κυρίου
2154 1657 2262 1711 τοῦ
2280 1657 2430 1712 Θεοῦ
2444 1657 2693 1728 ἐνμέσῳ
2707 1657 2814 1712 τοῦ
2831 1657 3082 1726 ποραδεί
3084 1673 3224 1713 σου.

1981 1747 2148 1800 Οὐδὲν
2172 1747 2448 1819 ἁμαρτίας
2472 1752 2671 1819 χεῖρον,
2707 1747 2959 1818 ἀγαπητέ
2982 1763 2996 1778 ο
3043 1747 3182 1817 αῦτη
3206 1745 3317 1820 γὰρ
3345 1745 3592 1798 ἐπεισελ-

1912 1825 2082 1880 θοῦσα
2107 1829 2168 1880 οὐ
2193 1827 2354 1898 μόνον
2377 1827 2638 1900 αἰσχύνης
2654 1829 2801 1899 ήμᾶς
2821 1827 3040 1898 πληροῖ,
3057 1827 3192 1880 ἀλλὰ
3211 1828 3305 1882 καὶ
3333 1827 3592 1896 ἀνοήτους

1909 1907 2201 1978 ἐργάζεται
2217 1908 2346 1970 τοὺς
2360 1909 2625 1980 πρότερον
2647 1909 2923 1970 συνετοὺς,
2946 1909 3041 1961 καὶ
3069 1908 3259 1976 σοφίας
3277 1906 3473 1977 πολλῆς
3496 1923 3594 1959 πε-

1911 1985 2018 2058 πλη
2027 1986 2318 2057 ρωμένους.
2329 1987 2611 2060 Ἐννόησον
2638 1987 2746 2058 γάρ
2765 2005 2858 2058 μοι
2879 1987 3020 2058 πόσῃ
3036 1988 3104 2057 τῇ
3124 1986 3278 2057 ἀνοίᾳ
3292 1985 3474 2039 λοιπὸν
3495 1985 3589 2039 κέ·

1910 2082 2108 2137 χρηται
2127 2067 2155 2118 6
2179 2072 2445 2139 τοσαύτης
2469 2068 2709 2137 μετέχων
2734 2066 2927 2136 σοφίας
2954 2065 3060 2137 πρὸ
3079 2064 3292 2127 τούτου,
3320 2066 3349 2117 6
3372 2064 3461 2117 διὰ
3483 2063 3594 2117 τῶν

1911 2147 2253 2216 πραγμάτων
2275 2149 2406 2217 ἡμῖν
2440 2147 2538 2218 τὴν
2575 2145 3019 2217 παρασχεθεῖσαν
3059 2143 3212 2214 αύτῷ
3245 2144 3436 2211 σοφίαν
3470 2147 3593 2196 ἐπι-

1907 2224 2273 2296 δεικνύμενος,
2291 2229 2319 2279 6
2334 2225 2560 2280 τοιαῦτα
2577 2224 2979 2298 προφητεύσας·
2998 2224 3299 2289 Ἀκούσας,
3313 2222 3468 2293 φησὶ,
3482 2221 3594 2294 τῆς

1907 2304 2113 2374 φωνῆς
2136 2306 2359 2373 Κυρίου
2394 2306 2502 2360 τοῦ
2536 2307 2684 2360 Θεοῦ
2712 2303 3186 2372 περιπατοῦντος
3212 2303 3282 2355 ἐν
3309 2301 3390 2367 τῷ
3408 2319 3595 2372 παρα-

1907 2383 1997 2438 δεί
1999 2400 2088 2450 σῳ
2102 2385 2169 2438 τὸ
2185 2385 2468 2451 δειλινὸν,
2486 2384 2708 2456 ἐκρύϐη
2726 2384 2909 2450 αὐτὸς
2927 2382 3024 2436 καὶ
3041 2383 3080 2452 ἠ
3104 2380 3260 2451 Τυνὴ
3271 2381 3458 2436 αὑτοῦ
3473 2379 3592 2436 ἀπὸ

1906 2467 2230 2533 προσώπου
2257 2467 2480 2534 Κυρίου
2504 2467 2611 2520 τοῦ
2649 2465 2798 2519 Θεοῦ
2823 2464 2894 2518 ἐν
2914 2463 3085 2533 μέσῳ
3119 2461 3228 2515 τοῦ
3255 2462 3447 2526 ξύλου
3484 2463 3596 2516 τοῦ

1907 2545 2299 2614 παραδείσου.
2326 2547 2508 2618 Πόσης
2523 2547 2624 2598 οὐκ
2646 2545 2713 2599 ἂν
2728 2545 2814 2616 είη
2832 2542 2991 2596 τοῦτο
3018 2543 3223 2606 ἀνοίας,
3240 2543 3331 2595 τὸν
3355 2542 3487 2596 Θεὸν
3502 2543 3592 2595 τὸν

1907 2625 2186 2697 πανταχοῦ
2207 2627 2470 2698 παρόντα,
2490 2628 2583 2681 τὸν
2603 2628 2678 2698 Δη
2687 2643 2808 2697 μιου
2817 2625 2964 2696 ργὸν,
2985 2625 3077 2678 τὸν
3099 2624 3208 2677 ἀπὸ
3227 2623 3321 2676 τοῦ
3346 2623 3420 2694 μὴ
3441 2623 3594 2686 ὄντος

1906 2708 1987 2768 εἰς
2017 2705 2080 2759 τὸ
2104 2703 2242 2760 εἶναι
2275 2706 2346 2760 τά
2369 2706 2549 2760 πάντα
2592 2705 3011 2778 παραγαγόντα,
3044 2704 3137 2758 τὸν
3165 2704 3236 2758 τὰ
3262 2703 3594 2758 λανθάνοντα

1906 2788 2292 2859 ἐπιστάμενον,
2322 2787 2414 2841 τὸν
2439 2787 2724 2842 πλάσαντα
2755 2786 3072 2856 καταμόνας
3098 2785 3200 2849 τὰς
3227 2784 3456 2855 καρδίας
3482 2783 3594 2838 τῶν

1906 2867 2232 2940 ἀνθρώπων,
2265 2869 2360 2923 καὶ
2391 2867 2645 2922 συνιέντα
2669 2869 2750 2930 εἰς
2786 2867 2967 2920 πάντα
2992 2865 3062 2920 τά
3098 2865 3235 2938 ἔργα
3265 2867 3466 2932 αὐτῶν,
3499 2864 3592 2917 τὸν

1907 2947 2169 3014 ὲτάζοντα
2213 2948 2442 3021 καρδίας
2489 2947 2582 3002 καὶ
2613 2948 2870 3018 νεφροὺς,
2902 2947 2992 3000 τὸν
3023 2946 3165 3000 αύτά
3203 2946 3273 3000 τά
3313 2946 3596 3017 κινήματα

1906 3029 2006 3100 τῆς
2029 3029 2260 3101 καρδίας
2281 3031 2314 3100 ή
2325 3029 2441 3098 μῶν
2475 3028 2862 3098 ἐπιστάμενον,
2895 3025 3084 3080 τοῦτον
3116 3026 3458 3099 κρύπτεσθαι
3486 3027 3591 3078 ἐϊι⁴

1907 3109 2184 3180 εχείρουν;
2218 3109 2379 3162 Ἀλλὰ
2409 3108 2484 3180 μὴ
2523 3107 2833 3178 θαυμάσῃς,
2871 3105 3156 3176 ἀγαπητέ·
3191 3105 3435 3160 τοιοῦτον
3479 3105 3594 3176 γὰρ

1905 3189 2014 3242 τῶν
2045 3189 2467 3262 ἁμαρτανόντων
2490 3186 2548 3240 τὸ
2573 3186 2724 3249 ἐθος’
2755 3185 2858 3240 κᾶν
2888 3185 2963 3257 μὴ
2987 3185 3252 3240 δύνωνται
3284 3186 3588 3248 λανθάνειν,

1905 3269 2056 3339 ὅμως
2095 3266 2456 3332 σπουδάζουσι
2499 3265 2802 3320 λανθάνειν.
2836 3267 2959 3318 Ὅτι
2985 3265 3095 3338 γὰρ
3127 3265 3190 3318 ού
3218 3265 3472 3336 φέροντες
3491 3264 3592 3338 τὴν

1906 3349 2170 3421 αἰσχύνην
2215 3350 2283 3420 ἢν
2317 3346 2458 3418 μετὰ
2498 3348 2600 3418 τὴν
2646 3345 2924 3417 ἁμαρτίαν
2975 3346 3203 3408 ἑαυτοὺς
3241 3345 3588 3415 περιέϐαλον,

1906 3431 2292 3502 γυμνώσαντες
2335 3429 2566 3491 ἑαυτοὺς
2605 3426 2709 3498 τῆς
2757 3425 3037 3495 ἀφθάρτου
3063 3436 3088 3466 ο
3141 3425 3301 3498 δόξης
3338 3426 3585 3496 ἐκείνης,

1905 3510 2064 3564 τοῦτο
2091 3511 2329 3572 ἐποίουν,
2354 3509 2524 3562 ἐννόει
2551 3509 2648 3561 καὶ
2677 3506 2782 3560 ποῦ
2817 3506 3179 3574 κρύπτονταιο
3223 3509 3282 3559 ἐν
3317 3506 3467 3578 μέσῳ
3493 3507 3590 3560 τοῦ

1907 3591 2262 3662 παραδείσου.
2299 3587 2570 3655 Καθάπερ
2603 3586 2712 3658 γάρ
2752 3586 3038 3656 μαστιγίαι
3065 3585 3211 3649 τινὲς
3237 3587 3332 3640 καὶ
3353 3587 3585 3649 οἰκέται,

1907 3670 2243 3740 ἀγνώμονες,
2273 3669 2335 3721 οὐ
2380 3667 2672 3738 δυνάμενοι
2716 3665 2900 3718 λαθεῖν
2934 3665 3026 3719 τὸν
3057 3667 3256 3720 οἰκεῖον
3298 3665 3585 3737 δεσπότην,

1907 3745 2010 3808 ὦδε
2035 3753 2258 3805 κάκεῖσε
2288 3748 2415 3818 περὶ
2436 3746 2537 3810 τὰς
2564 3746 2767 3815 γωνίας
2791 3743 2883 3800 τοῦ
2913 3745 3066 3800 οἴκου
3095 3746 3440 3818 περιτρέχειν
3474 3748 3590 3800 ἐπι-

1907 3832 2171 3904 χειροῦσι,
2197 3829 2291 3883 τοῦ
2335 3827 2500 3898 φόϐου
2547 3827 2930 3904 κατασείοντος
2965 3827 3143 3880 αὐτῶν
3176 3828 3275 3898 τὴν
3313 3827 3581 3881 διάνοιαν·

1905 3900 2006 3967 τὸν
2051 3911 2216 3965 αὑτὸν
2257 3910 2322 3982 δὴ
2374 3908 2577 3980 τρόπον
2617 3907 2713 3959 καὶ
2745 3900 2893 3959 οὗτοι
2941 3905 3198 3978 οὐδεμίαν
3238 3907 3586 3978 εὑρίσκοντες

1906 3991 2218 4062 ἀποφυγὴν,
2244 3992 2302 4043 ἐν
2327 3987 2478 4056 αὐτῷ
2514 3985 2592 4056 τῷ
2612 3987 2744 4057 οἴκῳ
2775 3986 3253 4057 πριστρέφονται,
3275 3987 3418 4039 τοῦτ’
3439 3986 3586 4042 ἔστιν

1907 4077 1964 4128 ἐν
2003 4074 2082 4145 τῷ
2108 4069 2446 4142 παραδείσῳ.
2483 4069 2596 4138 Οὐχ
2635 4066 2822 4128 ἁπλῶς
2852 4066 2909 4119 δὲ
2936 4066 3259 4138 πρόσκειται
3298 4068 3327 4120 6
3356 4067 3548 4140 καιρός
3566 4083 3583 4100 °

1909 4157 2218 4211 Ἤκουσαν
2245 4152 2386 4222 γὰρ,
2429 4149 2598 4219 φησὶ,
2635 4147 2747 4216 τῆς
2779 4145 2985 4216 φωνῆς
3019 4146 3242 4214 Κυρίου
3279 4145 3388 4200 τοῦ
3435 4146 3584 4201 Θεοῦ

1907 4232 2381 4305 περιπατοῦντος
2401 4230 2472 4283 ἐν
2491 4227 2573 4294 τῷ
2599 4226 2942 4295 παραδείσῳ
2963 4226 3028 4279 τὸ
3051 4225 3338 4280 δειλινόν·
3360 4225 3473 4279 ἀλλ’
3499 4228 3586 4280 ἵνα

1911 4317 2088 4389 μάθῃς
2107 4314 2202 4368 τοῦ
2225 4311 2496 4365 Δεσπότου
2521 4309 2620 4378 τὴν
2644 4306 3076 4389 φιλανθρωπία-ν,
3099 4307 3180 4359 ὅτι
3207 4305 3325 4389 ούδὲ
3355 4305 3502 4389 [156]
3523 4307 3586 4389 τὸ

1906 4373 2084 4466 ἒυχόϊ
2109 4392 2426 4454 ἀνεϐάλετο,
2463 4373 2587 4444 ἀλλ”
2615 4373 2816 4450 εύθέως
2844 4373 2955 4440 εἶδε
2983 4386 3046 4439 τὸ
3085 4387 3329 4456 γεγονὸς,
3356 4373 3462 4440 ’και
3482 4373 3584 4441 Ῐτοῦ

1905 4476 2099 4539 ἐλκους
2124 4474 2184 4527 τὸ
2217 4471 2471 4544 μέγεθος,
2500 4470 2594 4523 καὶ
2627 4469 2722 4522 ἐπὶ
2748 4467 2846 4539 τὴν
2891 4467 3137 4537 ἰατρείαν
3175 4466 3459 4531 ἔσπευσεν,
3496 4468 3584 4522 ἵνα

1908 4555 1984 4628 μὴ
2017 4555 2189 4626 νομὴν
2209 4552 2585 4625 ἐργασάμενον
2616 4548 2678 4601 τὸ
2714 4547 2895 4628 ἕλκος,
2922 4546 3139 4628 ἀνίατον
3160 4546 3222 4600 τὸ
3243 4548 3464 4619 τραῦμα
3485 4565 3585 4602 κα-

1904 4625 2220 4704 τασκευάσῃ
2243 4647 2256 4660 ·
2286 4631 2375 4684 διὰ
2401 4628 2559 4683 τοῦτο
2588 4625 3139 4699 προκαταλαμϐάνειν
3166 4628 3467 4696 ἐπείγεται,
3490 4630 3582 4682 καὶ

1904 4714 2108 4777 εὐθέως
2141 4711 2277 4784 πρὸς
2326 4709 2424 4778 τὴν
2461 4708 2634 4779 νομὴν
2676 4705 2772 4760 τοῦ
2818 4705 3011 4768 ἕλκους
3047 4705 3284 4771 ἵσταται,
3333 4706 3426 4758 καὶ
3462 4707 3582 4759 οὐδὲ

1905 4793 2042 4866 πρὸς
2059 4792 2230 4864 βραχὺ
2255 4790 2544 4844 κατέλιπεν
2561 4786 2918 4858 ἀπρονόητον,
2941 4785 3038 4855 τὴν
3053 4785 3259 4866 οἰκείαν
3274 4785 3583 4866 ἀγαθότητα

1908 4865 2262 4946 μιμούμενος.
2291 4871 2403 4924 Καὶ
2439 4869 2549 4939 γὰρ
2575 4867 2844 4938 τοσαύτην
2886 4865 3215 4946 ἀπεδείξατο
3244 4865 3344 4946 τὴν
3383 4867 3582 4946 μανίαν

1905 4945 1933 5008 6
1973 4945 2165 5025 ἐχθρὸς
2200 4955 2298 5024 τῆς
2345 4950 2619 5021 σωτηρίας
2654 4947 3102 5025 τῆςνήμετέρας,
3144 4945 3230 4997 ἀεὶ
3274 4945 3582 5025 βασκαίνων

1904 5024 2015 5098 τοῖς
2033 5033 2324 5104 ἡμετέροις
2357 5029 2604 5098 ἀγαθοῖς,
2624 5027 2700 5090 ὠς
2732 5024 2791 5090 ἐξ
2816 5025 2996 5080 αὐτῶν
3021 5025 3128 5104 τῶν
3153 5024 3452 5104 προοιμίων
3481 5024 3580 5104 τὴν

1904 5101 2194 5185 ἐπιϐουλὴν
2211 5101 2584 5184 ἐργάσασθαι,
2617 5107 2713 5162 καὶ
2747 5106 2836 5158 διὰ
2861 5105 2962 5174 τῆς
2993 5101 3237 5185 όλεθρίου
3271 5103 3578 5185 συμϐουλῆς

1903 5197 2002 5266 τῆς
2036 5183 2358 5265 θαυμαστῆς
2390 5189 2606 5257 ἐκείνης
2635 5185 2913 5266 διαγωγῆς
2952 5183 3150 5266 αὐτοὺς
3180 5183 3573 5266 ἀποστερῆσαι.

1915 5263 2058 5329 Ἀλλ’
2085 5277 2114 5328 6
2148 5263 2472 5344 εὐμήχανος
2511 5268 2665 5331 Θεὸς,
2703 5267 2732 5319 6
2754 5264 2910 5344 κατὰ
2947 5263 3043 5334 τὴν
3082 5263 3246 5317 αὐτοῦ
3287 5263 3478 5332 σοφίαν
3507 5264 3577 5317 τὰ

1903 5357 2150 5428 ήμέτερα
2175 5351 2497 5422 οἰκονομῶν,
2513 5349 2655 5422 ὁρῶν
2679 5343 2781 5428 μὲν
2796 5347 2904 5428 ᾐκαλ.
2919 5345 3012 5428 τοῦ
3028 5345 3278 5428 διαϐόλου
3300 5345 3398 5428 ⁸γὴν
3419 5361 3577 5428 γεγε-

1905 5423 2147 5507 νημένην
2183 5431 2554 5502 κακουργίαν,
2605 5427 2700 5480 καὶ
2728 5423 2824 5478 τοῦ
2871 5423 3157 5507 ἀνθρώπου
3184 5424 3242 5507 δὲ
3273 5424 3372 5494 τὴν
3411 5423 3577 5507 ῥᾳθυ-

1908 5503 2058 5588 μίαν,
2099 5515 2167 5568 δι’
2206 5508 2274 5585 ἦς
2316 5514 2395 5574 εἰς
2438 5507 2706 5577 τοσαύτην
2754 5506 3016 5588 αἰσχύνην
3049 5505 3240 5588 ἑαυτὸν
3283 5503 3546 5588 περιέϐαλ

1906 5584 2303 5665 συναπατηθεὶς
2328 5594 2396 5662 τῇ
2425 5588 2667 5658 γυναικὶ,
2689 5587 2998 5657 ἐφίσταται,
3023 5588 3115 5640 καὶ
3142 5586 3393 5656 καθάπερ
3416 5584 3572 5638 δικα-

1905 5677 2036 5748 στὴς
2058 5677 2264 5745 ἥμερος
2286 5673 2379 5724 καὶ
2401 5669 2780 5739 φιλάνθρωπος
2803 5667 3011 5731 καθίζει
3032 5667 3378 5748 δικαστήριον
3405 5667 3571 5748 φόϐου

1905 5747 2002 5812 καί
2048 5755 2249 5824 φρίκης
2294 5752 2495 5822 γέμον,
2544 5749 2639 5802 καὶ
2689 5748 2787 5820 τὴν
2816 5747 3060 5812 ἐξέτασιν
3103 5747 3240 5818 μετὰ
3287 5747 3574 5819 ἀκριϐείας

1907 5837 2170 5889 ποιεῖται·
2211 5832 2359 5903 ἡμᾶς
2389 5829 2478 5884 διὰ
2501 5829 2692 5882 τούτου
2719 5826 3009 5889 παιδεύων,
3044 5829 3119 5898 μὴ
3151 5827 3413 5899 πρότερον
3444 5828 3572 5891 τοὺς

1957 5970 1987 6000 ’⁸
2008 5965 2159 6015 Savil.
2207 5967 2263 6013 et
2285 5963 2481 6025 quidam
2529 5974 2643 6014 mss.
2695 5959 3010 6025 γυμνωθέντες
3039 5967 3123 6021 τῆς
3162 5962 3412 6024 ἀφθάρτου.
3439 5961 3568 6012 Tres

1891 6045 2003 6083 mss.
2038 6034 2121 6086 τῆς
2143 6027 2340 6088 ἀφάτου.
