4038 6394
480 298 579 353 157

488 414 766 485 ὁμογενεῖς
796 408 1199 474 καταδικάζειν,
1250 408 1379 480 πρὶν
1425 407 1491 461 ἂν
1532 407 1735 478 ἀκριϐῆ
1780 408 1879 477 τὴν
1914 404 2159 470 ἐξέτασιν

487 499 864 574 ποιησώμεθα.

560 597 628 659 γ’.
666 586 1010 654 ’Λκούσωμεν
1051 585 1251 644 τοίνυν,
1282 585 1330 637 εἱ
1362 583 1526 645 δοκεῖ,
1559 582 1679 635 τίνα
1714 586 1809 652 μὲν
1842 583 1871 635 6
1904 579 2164 649 δικαστής

488 676 761 748 ἐπερωτᾷ,
791 673 912 726 τίνα
939 672 995 725 δέ
1030 671 1079 723 οἰ
1125 670 1404 724 κατάδικοι
1434 669 1843 741 ἀποκρίνονται,
1883 668 1975 720 καὶ
2004 666 2163 727 ποίας

488 764 755 835 τιμωρίας
776 760 1041 831 δέχονται,
1060 759 1154 811 καὶ
1188 760 1317 828 ποία
1339 758 1607 828 καταδίκῃ
1629 756 1926 819 ὑπεύθυνος
1954 756 2163 823 γίνεται

487 856 515 906 ὁ
542 851 638 923 τήν
659 850 925 918 τοσαύτην
949 847 1240 918 ἐπιϐουλήν
1262 849 1340 909 εἰς
1362 846 1559 909 αὑτοὺς
1589 845 1985 917 ἐργασάμενος.
2005 842 2164 896 ’Λλλά

484 939 799 991 ησυντείνατέ
838 954 947 1007 μοι,
968 934 1291 1006 παρακαλῶ,
1312 934 1409 1000 τὴν
1441 933 1699 993 διάνοιαν,
1721 932 1815 985 καὶ
1848 930 1935 983 διὰ
1968 929 2163 982 πολλοῦ

480 1024 582 1079 τοῦ
613 1022 778 1094 φόϐου
828 1027 941 1087 τοῖς
979 1023 1292 1092 λεγομένοις
1329 1023 1647 1091 προσέχετε.
1670 1022 1731 1073 Εἰ
1768 1019 1877 1090 γάρ
1906 1018 2164 1087 δικαστὴν

478 1113 718 1181 ὁρῶντες
739 1112 977 1180 ἐπίγειον
994 1114 1077 1180 ἐφ’
1095 1109 1298 1181 ὑψηλοῦ
1320 1110 1562 1180 βήματος
1584 1109 1912 1180 καθήμενον,
1929 1109 2019 1159 καὶ
2040 1106 2165 1169 τοὺς

488 1200 812 1263 καταδίκους
833 1203 913 1263 εἰς
932 1200 1093 1269 μέσον
1115 1200 1333 1266 ἄγοντα,
1350 1199 1443 1251 καί
1472 1197 1884 1263 καταξαίνοντα,
1899 1195 2165 1263 καίτιμω·

482 1287 771 1357 ,ρούμενον,
799 1287 935 1357 μετά
963 1286 1159 1339 πολλοῦ
1183 1286 1276 1339 τοῦ
1302 1287 1456 1349 δέους
1481 1285 1905 1355 παρεστήκαμεν
1933 1280 2162 1334 ἀκοῦσαι

491 1376 824 1445 βουλόμενοι,
852 1377 905 1429 τί
944 1375 1042 1446 μὲν
1078 1377 1105 1427 6
1128 1375 1389 1445 δικαστής
1436 1373 1604 1442 λέγει,
1634 1373 1687 1424 τί
1728 1372 1784 1425 δέ
1811 1374 1838 1424 6
1866 1369 2163 1431 ὑπεύθυνος

490 1465 883 1535 ἀποκρίνεταιο
934 1462 1116 1533 πολλῷ
1153 1463 1352 1533 μᾶλλον
1378 1462 1473 1515 νῦν
1499 1460 1656 1515 τοῦτο
1700 1463 1871 1513 ποιεῖν
1914 1459 2059 1529 ἡμᾶς
2083 1457 2163 1509 δί-

488 1572 664 1617 καιον,
704 1554 945 1624 ὁρῶντας
974 1553 1065 1606 τὸν
1098 1552 1442 1623 Δημιουργὸν
1473 1552 1570 1621 τῆς
1608 1549 1822 1619 φύσεως
1851 1548 2004 1618 δίκην
2052 1547 2162 1598 εἰσ-

490 1642 861 1713 πραττόμενον
896 1640 1005 1693 τῶν
1035 1640 1125 1693 ὑπ’
1149 1639 1315 1693 αὑτοῦ
1344 1636 1879 1709 δημιουργηθέντων.
1906 1634 2043 1687 Ἀλλ’
2067 1632 2162 1685 ἐάν

490 1729 793 1798 προσέχητε
832 1728 969 1798 μετά
999 1726 1306 1798 ἀκριϐείας,
1338 1725 1535 1795 ὄψεσθε
1568 1725 1734 1777 πόσον
1766 1723 1828 1775 16
1871 1721 2033 1793 μέσον
2061 1720 2161 1789 τῆς

488 1814 583 1868 τοῦ
598 1814 738 1867 Θεοῦ
762 1814 951 1882 φιλανθ
961 1814 1192 1883 ρωπίας,
1210 1813 1304 1866 καὶ
1324 1812 1422 1881 τῆς
1438 1812 1544 1865 τῶν
1563 1810 1864 1883 ἀνθρώπων
1886 1826 1952 1861 πε
1962 1808 2014 1879 ρί
2036 1808 2161 1872 τοὺς

490 1904 771 1972 ὁμογενεῖς
815 1902 1238 1971 αὐστηρότητος.
1271 1900 1378 1953 Καὶ
1417 1898 1671 1953 ἐκάλεσε
1703 1898 1917 1966 Κύριος
1956 1898 1989 1949 ό
2018 1895 2162 1960 Θεὸς

488 1991 596 2045 τὸν
626 1991 814 2060 Ἀδὰμ,
854 1990 951 2043 καὶ
985 1991 1153 2043 εἶπεν
1175 1987 1355 2054 αὐτῷ,
1388 1988 1579 2058 Ἀδὰμ,
1608 1986 1725 2041 ποῦ
1757 1983 1841 2050 sl;
1880 1984 1968 2049 Ἐξ
1992 1983 2160 2053 αὐτῆς

486 2081 592 2151 τῆς
631 2082 953 2151 ἐρωτήσεως
996 2078 1144 2143 ἀξιον
1178 2079 1515 2148 ἐκπλαγῆναι
1554 2075 1648 2129 τοῦ
1684 2073 1819 2129 Θεοῦ
1856 2073 1953 2145 τὴν
1989 2074 2160 2143 ὑπερ-

491 2170 792 2222 ϐάλλουσαν
828 2167 1238 2238 φιλανθρωπίαν
1258 2210 1272 2231 ,
1309 2168 1407 2237 οὑχ
1438 2166 1519 2219 ὅτι
1551 2164 1780 2219 ἐκάλεσε
1830 2162 2009 2233 μόνον,
2043 2159 2159 2214 ἀλλ’

489 2258 571 2310 ὅτι
597 2257 694 2310 καὶ
721 2256 786 2309 δι’
809 2255 1004 2310 ἐαυτοῦ
1034 2255 1291 2309 ἐκάλεσεν
1312 2272 1325 2285 ’
1349 2255 1485 2325 ὅπερ
1509 2252 1785 2324 ἄνθρωποι
1807 2252 1906 2304 οὑκ
1934 2249 1999 2303 ἄν
2028 2264 2160 2301 ποτε

489 2346 810 2415 ἀνάσχοιντο
849 2345 942 2397 ἐπὶ
969 2343 1077 2397 τῶν
1121 2342 1418 2414 ὁμογενῶν,
1450 2342 1546 2395 καὶ
1579 2342 1676 2411 τῆς
1715 2341 1881 2410 αὐτῆς
1924 2338 2104 2400 αὑτοῖς
2131 2349 2157 2377 α

490 2432 703 2502 φύσεως
726 2433 1146 2486 κοινωνούντων.
1173 2434 1316 2485 ’ἰστε
1344 2431 1452 2503 γὰρ
1476 2432 1581 2495 ὅτι,
1606 2428 1824 2483 ἐπειδὰν
1848 2429 1933 2497 ἐφ’
1955 2425 2158 2497 ὑψηλοῦ

486 2522 582 2573 τοῦ
626 2521 869 2592 βήματος
920 2520 1221 2591 καθήμενοι
1269 2520 1426 2589 δίκην
1478 2519 1898 2590 εἰσπράττονται
1936 2516 2062 2579 τοὺς
2090 2513 2159 2568 τά

488 2608 667 2676 φαῦλα
699 2608 1136 2680 ἐργασαμένους,
1165 2608 1264 2661 οὐκ
1316 2607 1557 2672 ἀξιοῦσιν
1588 2606 1783 2669 αὐτοὺς
1815 2605 1914 2675 τῆς
1953 2602 2160 2667 οἰκείας

486 2698 853 2769 ἀποκρίσεως,
876 2698 971 2750 καί¹
995 2696 1081 2749 διά
1101 2695 1257 2750 τοῦτο
1282 2695 1589 2758 δεικνύντες
1614 2694 1815 2757 αὐτοῖς,
1837 2693 1935 2763 ὅσῃ
1965 2692 2159 2762 ἀτιμίᾳ

487 2787 714 2848 ἑαυτοὺς
736 2785 1054 2854 περιέϐαλον
1075 2785 1162 2838 διά
1186 2785 1284 2855 τῆς
1305 2784 1414 2837 τῶν
1437 2783 1688 2854 πονηρῶν
1716 2780 1967 2852 πράξεων
1995 2782 2159 2849 ἐργα-

488 2874 612 2937 σίας
635 2891 647 2903 ’
683 2872 797 2926 ἀλλ’
830 2875 858 2926 6
898 2873 999 2944 μέν
1042 2872 1302 2944 δικαστὴς
1336 2870 1709 2943 ἀποκρίνεται,
1751 2870 1935 2940 ἐτερος
1984 2866 2040 2919 δέ
2074 2884 2159 2930 τις
2194 2870 2199 2875 ’

487 2962 659 3025 ἐστὼς
686 2961 987 3025 διαϐιϐάζει
1024 2960 1093 3015 16
1127 2959 1279 3031 παρά
1320 2958 1414 3012 τοῦ
1452 2956 1705 3012 δικαστοῦ
1740 2956 1819 3027 τῷ
1848 2954 2156 3022 ὑπευθύνῳ,

487 3052 581 3104 καί⁵
603 3052 669 3103 τὰ
699 3053 827 3121 παρ’
857 3051 1067 3104 ἐκείνου
1092 3050 1253 3103 πάλιν
1274 3049 1666 3121 διαπορθμεύει
1682 3047 1759 3118 τῷ
1784 3048 2041 3117 δικαστῇ·
2067 3046 2159 3099 καὶ

486 3139 726 3193 τοιοῦτον
754 3138 819 3192 ἂν
852 3140 950 3192 ῐδοι
992 3156 1076 3201 τις
1114 3140 1222 3192 τῶν
1252 3138 1581 3202 δικαζόντων
1615 3135 1892 3206 πανταχοῦ
1930 3136 1990 3189 16
2014 3135 2154 3199 ἔθος.

503 3217 640 3281 Ἀλλ’
662 3230 690 3281 6
717 3228 848 3291 Θεὸς
885 3228 984 3297 οὑχ
1010 3226 1202 3291 οὑτως,
1236 3227 1374 3281 ἀλλά
1401 3228 1452 3280 τί
1471 3244 1486 3291 ;
1517 3226 1688 3289 Αὐτὸς
1726 3226 1791 3278 δι’
1828 3225 2022 3278 ἐαυτοῦ
2060 3242 2159 3277 κα-

486 3317 601 3370 λεῖ’
638 3316 747 3370 Καὶ
770 3316 1046 3381 ἐκάλεσε,
1077 3318 1230 3388 φησί.
1253 3318 1468 3385 Κύριος
1493 3320 1525 3371 ὀ
1555 3318 1698 3381 Θεὸς
1721 3317 1826 3369 τὸν
1862 3315 2032 3384 Ἀδὰμ
2060 3314 2157 3368 καὶ

486 3401 655 3459 εἶπεν
683 3403 863 3469 αὐτῷ,
900 3404 1090 3475 Ἀδὰμ,
1118 3404 1235 3459 ποῦ
1266 3401 1355 3470 ST;
1380 3406 1521 3477 Ὅρα
1547 3406 1687 3475 πόση
1715 3406 1941 3475 δύναμις
1963 3403 2159 3459 ἐναπό-

486 3510 666 3548 κειται
694 3495 751 3546 ἐν
784 3495 848 3563 τῇ
888 3492 1118 3565 βραχείᾳ
1152 3492 1323 3565 ταύτῃ
1356 3493 1518 3559 λέξει.
1560 3495 1671 3547 Καὶ
1712 3493 1844 3547 αὑτὸ
1876 3492 2028 3566 [157]
2060 3493 2158 3564 μὲν

487 3578 597 3654 γ’ἀρ
625 3582 684 3636 16
714 3581 939 3636 καλέσαι
983 3581 1186 3652 πολλῆς
1222 3582 1316 3635 καὶ
1361 3583 1569 3651 ἀφάτου
1604 3581 2034 3653 φιλανθρωπίας,
2063 3582 2158 3634 καὶ

485 3673 547 3725 16
571 3672 649 3741 τῷ
684 3672 1186 3743 καταισχυνομένῳ,
1216 3672 1311 3725 καὶ
1347 3672 1481 3743 μηδέ
1514 3668 1645 3743 ἆραι
1671 3673 1699 3712 δ
1735 3672 1797 3726 16
1834 3673 2007 3743 στόμα
2037 3672 2160 3724 τολ-

489 3761 681 3831 μῶντι,
736 3761 870 3831 μηδέ
906 3760 1165 3825 διανοῖξαι
1199 3761 1464 3829 γλῶτταν,
1509 3761 1605 3814 καὶ
1657 3762 1913 3833 ἀφορμήν
1951 3763 2156 3825 δοῦναι,

485 3850 572 3903 διὰ
596 3852 694 3917 τῆς
730 3851 1071 3921 ἐρωτήσεως,
1105 3847 1308 3918 πολλῆς
1344 3848 1679 3920 ἀγαθότητος
1705 3867 1718 3879 ·
1749 3851 1809 3903 τὸ
1847 3850 1905 3904 δέ
1945 3852 2039 3903 καὶ
2066 3850 2156 3904 λέ-

484 3954 625 4006 γειν,
651 3937 775 3991 Ποῦ
794 3934 881 4001 εῒ;
910 3938 1107 4009 πολλὴν
1131 3938 1241 4008 ἔχει
1263 3939 1360 4008 τὴν
1385 3939 1537 4008 ἰσχὺν
1561 3937 1699 4008 μετά
1723 3939 1824 4008 τῆς
1854 3938 2159 4009 φιλανθρω-

484 4027 634 4090 πίας.
659 4028 956 4096 Μονονουχί
984 4027 1093 4097 γὰρ
1133 4026 1425 4079 αἰνίττεται
1468 4026 1616 4096 αὑτῷ
1647 4027 1735 4080 διὰ
1766 4026 1953 4080 τούτου
1984 4028 2157 4097 λέγων

486 4114 624 4185 πρὸς
660 4114 851 4167 αὑτόν·
894 4114 959 4166 Τί
1005 4114 1266 4183 γέγονενς
1306 4113 1563 4184 Ἑτέρωθί
1606 4132 1664 4167 σε
1710 4115 2024 4182 κατέλιπον,
2065 4116 2159 4170 καὶ

478 4201 715 4271 ἑτέρωθι
744 4201 838 4254 νῦν
865 4202 1108 4272 εὑρίσκω
1129 4220 1140 4233 ·
1176 4202 1338 4273 ἑτέρᾳ
1368 4201 1492 4273 δόξῃ
1527 4202 1897 4272 ἠμφιεσμένον
1940 4204 2159 4257 καταλι-

486 4286 626 4349 πὼν,
654 4287 749 4339 νῦν
782 4280 940 4358 εῦρον
976 4289 1033 4339 ἐν
1062 4288 1381 4359 γυμνότητι.
1417 4288 1542 4342 Ποῦ
1569 4284 1659 4351 εἷ;
1699 4288 1867 4342 Πόθεν
1908 4306 1989 4342 σοι
2030 4307 2150 4343 συν⁹

485 4374 583 4445 έϐη
614 4375 802 4441 τοῦτο;
836 4375 931 4439 Τίς
959 4392 1018 4428 σε
1043 4378 1122 4439 εἰς
1144 4376 1410 4430 τοσαύτην
1433 4378 1609 4448 ήγαγε
1640 4376 1971 4449 μεταϐολήν;
2000 4379 2157 4434 Ποῖος

484 4463 687 4535 λῃστής
708 4464 801 4516 καὶ
827 4464 1159 4534 τοιχωρύχος
1196 4464 1368 4529 οὓτως
1396 4464 1590 4537 ἀθρόον
1621 4466 1838 4519 ἅπασαν
1868 4465 1963 4518 τοῦ
1989 4466 2152 4519 πλού-

483 4568 579 4605 του
623 4552 721 4622 τὴν
755 4553 1071 4623 περιουσίαν
1102 4552 1470 4623 ἀφελόμενος,
1518 4554 1577 4607 ἐν
1622 4554 1854 4625 τοσαύτῃ
1888 4572 1947 4607 σε
1998 4556 2157 4627 πενίᾳ

483 4639 815 4710 κατέστησε;
842 4638 1009 4693 Πόθεν
1030 4656 1110 4694 σοι
1130 4642 1227 4710 τῆς
1252 4639 1583 4711 γυμνώσεως
1605 4644 1636 4713 ή
1661 4642 1913 4711 αἴσθησις
1933 4645 2154 4712 γέγονες

484 4713 581 4792 Τίς
615 4745 695 4781 σοι
740 4728 913 4791 αἴτιος
945 4730 1044 4799 τῆς
1075 4728 1415 4799 ἀφαιρέσεως
1451 4730 1546 4781 τοῦ
1579 4729 1893 4799 θαυμαστοῦ
1943 4732 2153 4784 ἐκείνου

482 4816 800 4885 ἐνδύματος,
835 4817 862 4868 ὃ
902 4816 1365 4889 περιϐεϐλημένος
1405 4816 1732 4887 ἐτύγχανες;
1757 4818 1853 4880 Τίς
1902 4820 1934 4889 ή
1983 4818 2155 4889 ἀθρόα

483 4904 621 4975 αῦτη
677 4904 984 4975 μεταϐολή;
1042 4904 1178 4959 Ποία
1239 4906 1492 4973 καταιγίς
1523 4906 1666 4959 οὕτω
1701 4906 1904 4980 σφοδρά
1945 4908 2155 4978 ταχέως

481 4991 701 5045 ἅπαντά
732 5009 824 5045 σου
858 4993 948 5045 τὸν
983 4993 1182 5062 φόρτον
1217 4993 1517 5059 κατέδυσε;
1551 4994 1615 5047 Τί
1649 4994 1909 5062 γέγονεν,
1951 4995 2033 5049 ὅτι
2061 4998 2152 5050 τὸν

479 5078 717 5133 τοσαῦτα
766 5080 1223 5151 εὐεργετήσαντα,
1253 5080 1349 5133 καὶ
1386 5082 1467 5143 εἰς
1509 5081 1778 5152 τοσαύτην
1811 5084 2154 5152 ἀναγαγόντα

479 5165 646 5235 τιμὴν
681 5164 1016 5235 κρύπτεσθαι
1048 5169 1372 5237 ἐπιχειρεῖςς
1401 5167 1532 5220 Τίνα
1559 5167 1809 5232 δεδοικὼς
1833 5168 1927 5221 νῦν
1956 5170 2154 5224 λανθά-

479 5271 592 5306 νειν
636 5254 988 5321 σπουδάζεις;
1038 5255 1127 5326 Μὴ
1166 5256 1632 5332 γάρᾼκατήγορος
1683 5257 2033 5329 παρέστηκε;
2077 5260 2153 5332 μή

479 5342 588 5413 γὰρ
624 5342 902 5424 μάρτυρες
932 5327 1308 5414 ἐφεστήκασιῖ
1342 5345 1513 5397 Πόθεν
1549 5362 1629 5398 σοι
1660 5346 1692 5415 ή
1719 5327 1954 5416 τοσαύτη
1982 5327 2153 5401 δειλία

481 5431 620 5483 καὶὸ
649 5431 809 5497 φόϐος
840 5432 1244 5503 κατεσκεδάσθη
1274 5444 1332 5499 “-;
1371 5432 1484 5501 Τῆς
1507 5434 1711 5502 φωνῆς
1743 5448 1859 5488 σου
1890 5434 2150 5502 ἤκουσα,

479 5518 632 5587 φησί,
674 5518 1142 5585 περιπατοῦντος
1180 5520 1250 5573 ἐν
1276 5520 1357 5585 τῷ
1398 5521 1758 5590 παραδείσῳ,
1799 5523 1899 5576 καὶ
1930 5524 2149 5593 465.7061}-

479 5607 596 5671 θην
652 5603 741 5657 ὅτι
800 5607 1024 5674 γυμνός
1075 5609 1221 5676 εἰμι,
1277 5609 1376 5662 καὶ
1423 5609 1697 5677 ἐκρύϐην.
1754 5610 1922 5664 Πόθεν
1974 5629 2055 5664 σοι
2117 5614 2149 5684 ή

477 5690 677 5757 γνῶσις
716 5691 815 5760 τῆς
862 5693 1192 5763 γυμνώσεως
1233 5695 1490 5763 γέγονεν;
1534 5698 1656 5749 εἰπέ
1689 5716 1810 5767 μοι·
1847 5698 1899 5749 τί
1942 5698 2002 5751 τὸ
2032 5718 2152 5754 και-

477 5776 565 5831 νὸν
608 5778 702 5829 καὶ
733 5780 1069 5852 παράδοξονς
1113 5783 1209 5845 Τίς
1241 5781 1305 5835 ἂν
1346 5783 1502 5836 τοῦτο
1536 5785 1775 5855 ἠδυνήθη
1818 5786 1947 5838 ποτὲ
1984 5788 2150 5856 ἀναγ-

542 5863 769 5933 “.Morel.
797 5868 911 5930 ὅπερ
934 5868 1189 5931 ἀνθρώπων
1212 5886 1296 5924 τις.
1330 5908 1340 5917 .
1364 5870 1681 5931 ἀνάσχοιτο...
1707 5872 1854 5918 αὑτῶ.
1894 5870 1921 5910 Ι)
1946 5872 2017 5920 Re
2060 5909 2069 5918 .
2099 5878 2151 5921 et

546 5926 629 5973 VII.
687 5929 805 5984 μηδὲ
852 5930 1025 5984 διᾶραι.
1074 5931 1187 5980 llux
1252 5932 1401 5982 Savil.
1448 5923 1638 5984 κινῆσαι
1682 5920 1911 5984 γλῶτταν.
1978 5886 2146 5984 cfkez.

2067 5948 2130 5996 es

480 5923 629 5973 Savil.
687 5929 816 5994 Ma;
852 5923 1029 5991 διᾶραιζ
1074 5931 1187 5980 nox
1252 5923 1401 5982 Savil.
1448 5923 1638 5989 κίνῆσαι
1682 5923 1911 5994 γλῶτταν.
1978 5936 2000 5965 σ

482 6001 569 6035 κατ
577 5987 872 6047 εσχεδιάσθη.

1211 292 1270 349 S.
1303 289 1589 348 JOANNIS
1627 286 2119 347 CHRYSOSTOMI
2154 284 2473 342 ARCHIEP.
2513 282 3064 339 CONSTANTINOP.

2135 5974 2146 5984 .
2259 5938 2487 5998 ἐφίεσθαι.
2516 5938 2665 5987 Savil.
2694 5944 2747 5986 el
2770 5938 2867 5988 duo
2889 5951 3002 5987 mss.
3036 5937 3366 5994 ἐπιτεύξεσθαι.

3847 287 3951 344 138

2266 402 2445 471 γεῖλαί
2481 418 2592 464 σοι,
2633 401 2683 452 εἰ
2731 398 2806 470 μὴ
2846 398 2911 450 σὺ
2947 396 3129 468 σαυτῷ
3171 395 3377 468 ταύτης
3415 395 3588 460 αῖτιος
3625 397 3813 466 ἐγένου
3842 400 3949 470 τῆς

2265 488 2528 558 αἰσχύνης
2554 505 2567 551 ;
2608 488 2657 540 εἰ
2682 486 2755 557 μὴ
2779 485 2885 538 ἀπὸ
2905 484 2997 537 τοῦ
3031 484 3208 548 ξύλου,
3243 478 3302 538 οὗ
3332 484 3685 554 ἐνετειλάμην
3711 504 3795 539 σοι
3819 489 3950 543 τού-

2263 588 2358 623 του
2400 569 2562 638 μόνου
2606 567 2680 637 μὴ
2722 568 2934 634 φαγεῖν,
2971 564 3065 617 ἀπ’
3104 565 3267 617 αὑτοῦ
3304 564 3536 633 ἐφαγες;
3568 565 3709 636 Ὅρα
3745 567 3948 634 φιλαν-

2265 652 2510 724 θρωπίαν
2534 652 2803 703 Δεσπότου
2836 653 2931 703 καὶ
2962 648 3311 714 ἀνεξικακίας
3336 650 3662 723 ὑπερϐολήν.
3695 654 3949 723 Δυνάμε-

2265 752 2355 797 νος
2384 734 2491 805 γάρ
2516 733 2717 795 εὐθέως
2775 733 2907 803 μηδὲ
2950 734 3293 804 ἀποκρίσεως
3336 733 3567 801 ἀξιῶσαι
3596 734 3684 788 16v
3704 737 3951 791 τοσαῦτα

2266 816 2645 887 ἡμαρτηκότα,
2673 814 2789 867 ἀλλ’
2817 815 2921 867 ὑπὸ
2943 814 3002 867 16
3024 814 3300 884 ἐπιτίμιον
3328 817 3571 884 ἀγαγεῖν,
3601 816 3628 868 ὃ
3651 816 3948 887 προλαϐὼν

2267 898 2487 970 ὥρισεν,
2538 900 2586 951 εἰ
2634 896 2933 967 παραϐαίη,
2967 897 3329 967 μακροθυμεῖ,
3373 898 3469 950 καί
3522 898 3799 968 ἀνέχεται,
3850 902 3951 955 καὶ

2267 983 2464 1053 ἐρωτᾷ,
2505 981 2598 1034 καὶ
2645 981 2935 1049 ἀπόκρισιν
2962 979 3193 1048 δέχεται,
3232 980 3327 1032 καὶ
3352 980 3511 1034 πάλιν
3546 982 3725 1051 ἐρωτᾷ
3754 1000 3950 1051 μονον-

2264 1065 2384 1135 ουχὶ
2420 1065 2500 1126 εἰς
2545 1062 2838 1129 ἀπολογίαν
2884 1060 3044 1113 αὑτὸν
3085 1060 3513 1125 ἐκκαλούμενος,
3559 1063 3646 1115 ἵνα
3685 1064 3949 1135 ἀφορμήν

2265 1144 2468 1207 λαϐὼν,
2497 1144 2597 1215 τὴν
2630 1143 2837 1197 οἰκείαν
2876 1142 3285 1213 φιλανθρωπίαν
3328 1145 3421 1197 καὶ
3457 1144 3596 1213 μετὰ
3621 1145 3721 1216 τὴν
3745 1146 3948 1199 τοσαύ-

2264 1244 2363 1297 την
2395 1227 2704 1301 παράϐασιν
2735 1226 2863 1297 περί
2893 1225 3055 1278 αὑτὸν
3083 1227 3411 1296 ἐπιδείξηται
3437 1244 3450 1257 ·
3496 1228 3764 1280 παιδεύων
3794 1230 3948 1299 ἡμᾶς

2266 1315 2359 1367 καί
2387 1315 2473 1368 διά
2498 1315 2711 1375 τούτου,
2734 1312 2951 1366 ἐπειδάν
2967 1313 3274 1382 δικάζωμεν
3301 1315 3411 1376 τοῖς
3433 1312 3755 1376 ὑπευθύνοις
3773 1316 3829 1377 d;
3865 1316 3944 1387 μὴ

2264 1399 2556 1467 ἀνημέρως
2596 1397 2781 1458 αὐτοῖς
2819 1396 3243 1466 προσφέρεσθαι,
3293 1397 3427 1466 μηδέ
3466 1394 3564 1467 τήν
3590 1396 3699 1449 τῶν
3729 1396 3942 1467 θηρίων

2264 1480 2526 1551 ὠμότητα
2554 1481 2682 1550 περ).
2713 1480 2912 1541 αὑτοὺς
2932 1478 3355 1542 ἐπιδείκνυσθαι,
3383 1478 3517 1533 ἀλλά
3540 1479 3708 1551 πολλῇ
3737 1482 3805 1549 τῇ
3839 1497 3947 1549 μα-

2264 1564 2539 1635 κροθυμίᾳ
2568 1565 2660 1616 καὶ
2699 1565 2765 1633 τῇ
2804 1563 2977 1632 φειδοῖ
3017 1562 3337 1633 κεχρῆσθαι,
3388 1562 3481 1615 ᾶτε
3510 1562 3573 1633 δὴ
3603 1562 3681 1625 ώς
3717 1562 3947 1625 οἰκείοις

2268 1649 2454 1718 μέλεσι
2484 1648 2824 1713 δικάζοντας,
2865 1648 2959 1699 καὶ
3011 1646 3073 1699 τὸ
3102 1646 3363 1717 ὁμογενὲς
3400 1647 3714 1710 ἐννοοῦντας
3743 1647 3946 1716 φιλαν-

2265 1730 2485 1802 θρωπίᾳ
2503 1731 2604 1800 τὴν
2633 1730 2906 1800 τιμωρίαν
2945 1730 3291 1800 κεραννύναι.
3320 1729 3457 1782 Οὑδέ
3489 1730 3596 1800 γάρ
3629 1730 3821 1792 ἁπλῶς
3850 1746 3945 1781 το-

2264 1814 2439 1887 σαύτῃ
2472 1812 2877 1882 συγκαταϐάσει
2915 1813 2948 1882 ἡ
2992 1812 3108 1865 θεία
3152 1812 3191 1864 Γ
3198 1812 3341 1883 ραφὴ
3382 1813 3663 1885 κέχρηται,
3691 1812 3828 1866 ἀλλά
3854 1812 3947 1865 διὰ

2262 1898 2363 1967 τῆς
2383 1894 2734 1969 παχύτητοςέ
2763 1897 2870 1951 τῶν
2900 1896 3099 1963 λέξεων
3126 1896 3447 1950 διδάσκουσα
3468 1898 3613 1966 ἡμᾶς
3640 1898 3741 1967 τήν
3760 1914 3822 1950 τε
3842 1895 3944 1949 τοῦ

2262 1980 2398 2034 Θεοῦ
2434 1980 2868 2052 φιλανθρωπίαν,
2917 1981 3010 2034 καί
3051 1982 3129 2043 εἰς
3170 1978 3328 2048 ζῆλον
3367 1979 3593 2048 ἄγουσα,
3626 1979 3769 2033 ὥστε
3797 1980 3947 2034 κατά

2261 2061 2489 2133 δύναμιν
2515 2063 2859 2134 ἀνθρωπίνην
2886 2062 3173 2133 μιμεῖσθαι
3198 2062 3292 2115 τοῦ
3326 2062 3592 2116 Δεσπότου
3612 2064 3709 2134 τήν
3733 2064 3945 2132 ἀγαθός

2260 2161 2419 2213 τητα’
2453 2145 2563 2202 Καὶ
2585 2142 2754 2199 εἶπεν
2777 2144 2956 2209 αὐτῷ,
2990 2144 3084 2210 Τίς
3104 2143 3425 2213 ἁνήγγειλέ
3452 2162 3570 2207 σοι,
3595 2145 3682 2198 ὅτι
3706 2146 3942 2215 γυμνὸς

2263 2222 2334 2291 εἴ,
2377 2231 2427 2281 εἰ
2452 2227 2537 2297 μὴ
2570 2228 2687 2283 ἀπὸ
2716 2226 2822 2281 τοῦ
2849 2226 3040 2291 ξύλου
3069 2222 3140 2281 οὗ
3165 2226 3554 2296 ἐνετειλάμην
3579 2243 3679 2281 σοι
3717 2229 3942 2282 τούτου

2257 2312 2453 2379 μόνου
2480 2311 2567 2381 μὴ
2591 2310 2825 2381 φαγεῖν,
2862 2310 2963 2363 ἀπ’
2995 2308 3183 2363 αὑτοῦ
3222 2310 3475 2379 ἔφαγεςξ
3509 2311 3677 2363 Πόθεν
3707 2311 3796 2373 ἆνν
3827 2330 3944 2382 φη-

2264 2395 2372 2459 σὶν,
2408 2394 2681 2466 ήδυνήθης
2701 2393 2857 2447 τοῦτο
2880 2393 3103 2461 γνῶναι,
3134 2394 3228 2447 καὶ
3251 2393 3484 2465 τοσαύτῃ
3510 2394 3738 2465 αἰσχύνῃ
3774 2412 3943 2465 περι-

2262 2477 2551 2547 ϐληθῆναι,
2582 2479 2632 2531 εί
2679 2477 2754 2549 μὴ
2802 2478 2970 2548 πολλῇ
3004 2480 3069 2549 τῇ
3114 2477 3355 2549 ἀκρασίᾳ
3396 2478 3633 2548 ἐχρήσω,
3681 2478 3775 2532 καὶ
3802 2496 3941 2533 κατ-

2262 2561 2568 2633 εφῴνησάς
2602 2579 2702 2632 μου
2731 2562 2833 2631 τῆς
2858 2561 3110 2630 ἐντολῆς;

2335 2644 2484 2718 [158]
2500 2646 2562 2699 6'.
2579 2645 2797 2709 Σκόπει,
2815 2643 3089 2715 ἀγαπητέ,
3105 2644 3203 2714 τῆς
3222 2643 3553 2714 ἀγαθότητος
3571 2643 3666 2696 τοῦ
3682 2642 3817 2695 Θεοῦ
3841 2644 3945 2712 τὴν

2262 2730 2591 2802 ὑπερϐολὴν,
2614 2731 2761 2794 ὅπως
2792 2729 3042 2800 καθάπερ
3072 2728 3221 2798 φίλος
3255 2728 3393 2797 φίλῳ
3420 2727 3816 2797 διαλεγόμενος,
3845 2728 3945 2779 καὶ

2260 2814 2507 2882 ἐγκαλῶν
2533 2815 2609 2877 ὼς
2637 2812 2941 2883 παραϐάντι
2971 2812 3038 2866 τὰ
3069 2807 3197 2882 παρ’
3227 2810 3388 2864 αὑτοῦ
3419 2810 3759 2869 ἐνταλθέντα,
3793 2808 3946 2863 οὕτω

2260 2898 2399 2969 πρὸς
2428 2897 2590 2950 αὑτὸν
2618 2896 2715 2966 τὴν
2761 2896 2996 2959 διάλεξιν
3038 2898 3289 2948 ποιεῖται.
3342 2896 3437 2961 Τίς
3492 2892 3809 2962 ἀνήγγειλέ
3838 2908 3945 2946 σοι

2260 2981 2351 3035 ὅτι
2383 2982 2606 3050 γυμνὸς
2629 2977 2701 3041 εἴ,
2733 2982 2783 3034 εί
2798 2979 2882 3048 μὴ
2900 2979 3018 3033 ἀπὸ
3041 2979 3149 3034 τοῦ
3192 2979 3404 3043 ξύλου,
3445 2974 3516 3034 οὗ
3546 2977 3946 3045 ἐνετειλάμην

2262 3081 2364 3120 σοι
2396 3066 2611 3119 τούτου
2641 3066 2833 3134 μόνου
2861 3063 2947 3132 μὴ
2976 3063 3209 3133 φαγεῖν,
3242 3063 3345 3116 ἀπ’
3368 3062 3553 3115 αὐτοῦ
3575 3061 3825 3130 ἔφαγες
3866 3061 3945 3113 Οὑ

2265 3148 2467 3221 μικρὰν
2501 3148 2736 3219 ἔμφασιν
2764 3148 2878 3218 ἔχει
2906 3147 3001 3200 καὶ
3024 3147 3086 3200 16
3123 3147 3322 3214 λέγειν’
3354 3147 3573 3200 Τούτου
3602 3145 3813 3214 μόνου.
3848 3144 3945 3213 Μὴ

2261 3233 2370 3303 γὰρ
2428 3229 2845 3303 ἐστενοχώρησά
2893 3247 3010 3292 σου,
3071 3231 3225 3300 φησὶ,
3274 3230 3371 3300 τὴν
3422 3230 3749 3292 ἀπόλαυσιν;
3801 3228 3948 3298 υἱ)χὶ

2262 3316 2444 3367 πᾶσαν
2480 3313 2663 3367 ἄδειάν
2723 3329 2805 3365 σοι
2862 3312 3157 3384 παρέσχον,
3212 3314 3306 3365 καὶ
3357 3313 3574 3366 πάντων
3620 3311 3727 3364 τῶν
3765 3313 3821 3363 ἐν
3863 3311 3947 3381 τῷ

2263 3397 2577 3467 παραδείσῳ
2618 3394 2717 3467 τὴν
2759 3395 3006 3462 ἐξουσίαν
3052 3395 3320 3458 δεδωκὼς,
3372 3395 3491 3459 ἐνὸς
3542 3394 3733 3447 τούτου
3774 3394 3946 3464 μόνον

2259 3479 2560 3550 ἀπέχεσθαι
2584 3477 2957 3548 ἐνετειλάμην,
2992 3478 3077 3532 ἵνα
3103 3478 3299 3531 εἰδέναι
3331 3477 3483 3548 ἔχῃς,
3508 3478 3592 3531 ὅτι
3620 3476 3725 3529 ὑπὸ
3746 3476 3948 3529 δεσπό-

2261 3579 2361 3631 την
2393 3557 2444 3614 εἶ
2465 3560 2510 3624 τ,
2538 3561 2631 3614 καὶ
2661 3560 2900 3630 ὀφείλεις
2931 3562 3177 3630 ὑπακοήν
3227 3578 3347 3615 τινα
3401 3558 3801 3621 ἐπιδεικνύναι;
3845 3559 3949 3622 Τίς

2261 3642 2354 3700 οῦν
2382 3650 2413 3716 ή
2446 3647 2683 3715 τοσαύτη
2720 3644 2984 3716 ῥᾳθυμία,
3018 3644 3158 3697 ὥστε
3191 3644 3459 3714 τοσαύτην
3488 3643 3678 3713 έχοντα
3699 3640 3947 3695 ἀπόλαυ-

2264 3748 2367 3790 σιν,
2410 3730 2484 3800 μὴ
2512 3729 2841 3798 ἀνασχέσθαι
2892 3728 3027 3798 μηδὲ
3056 3728 3245 3780 τούτου
3282 3726 3374 3780 τοῦ
3424 3726 3544 3787 ἐνὸς
3578 3722 3945 3794 ἀποσχέσθαι,

2262 3816 2376 3871 ἀλλ’
2402 3814 2546 3868 οὕτω
2591 3813 2803 3884 ταχέως
2838 3814 2920 3875 εἰς
2961 3812 3059 3883 τὴν
3098 3812 3228 3883 παρ’
3263 3811 3399 3881 ἐμοῦ
3438 3809 3683 3863 δοθεῖσαν
3720 3809 3947 3879 ἐντολὴν

2262 3899 2563 3969 ἐξυϐρίσαι,
2593 3898 2686 3950 καὶ
2722 3898 2998 3959 τοσούτοις
3028 3898 3220 3958 κακοῖς
3260 3894 3450 3947 ἐαυτὸν
3480 3893 3832 3964 περιϐαλεῖνς
3880 3893 3947 3944 Τί

2265 4000 2345 4035 σοι
2382 3982 2443 4034 16
2474 3980 2663 4048 ὄφελος
2703 3981 2960 4049 γέγονεν;
2998 3980 3072 4032 Οὑ
3106 3978 3391 4049 προλαϐὼν
3433 3976 3605 4029 ταῦτα
3647 3972 3839 4043 εἷπον;
3884 3974 3945 4027 ού

2260 4063 2339 4135 τῷ
2369 4064 2519 4134 φόϐῳ
2546 4063 2639 4115 τοῦ
2683 4063 2958 4133 ἐπιτιμίου
2999 4061 3421 4133 προαναστεῖλαι
3465 4058 3801 4130 ἠϐουλήθην,
3850 4059 3948 4111 καὶ

2262 4146 2698 4218 ἀσφαλεστέρους
2729 4145 3097 4217 ἐργάσασθαι;
3146 4145 3247 4198 οὑκ
3286 4140 3437 4197 εἷπον
3473 4141 3535 4196 16
3586 4143 3784 4214 μέλλον
3812 4144 3947 4212 ὑμῖν

2261 4230 2637 4301 συμϐήσεσθαι
2659 4246 2673 4294 ς
2710 4231 2770 4282 οὑ
2795 4230 2883 4283 διὰ
2906 4230 3066 4283 τοῦτο
3094 4229 3191 4299 τὴν
3214 4228 3415 4300 βρῶσιν
3441 4227 3712 4291 ἐκώλυσα,
3750 4227 3841 4280 ἵνα
3871 4226 3950 4296 μὴ

2260 4314 2471 4376 τούτοις
2502 4312 2871 4383 περιπέσητε;
2899 4312 2993 4375 Τίς
3017 4312 3082 4365 ἀν
3111 4329 3169 4364 σε
3191 4311 3523 4381 συγγνώμης
3545 4309 3823 4374 ἀξιώσειε,
3852 4310 3948 4361 16v

2265 4400 2403 4471 μετά
2429 4399 2695 4463 τοσαύτας
2749 4398 3126 4471 παραγγελίας
3164 4398 3335 4461 οὕτως
3377 4397 3669 4468 ἀγνώμονα
3706 4398 3947 4468 γενόμε-

2260 4505 2383 4551 νον;
2436 4487 2512 4540 Οὑ
2553 4486 2803 4557 καθάπερ
2848 4486 3030 4557 πατὴρ
3075 4486 3228 4539 παιδί
3290 4485 3525 4555 γνησίῳ,
3570 4483 3716 4537 οὕτω
3760 4484 3947 4537 πάντα

2258 4566 2672 4636 διεστειλάμην,
2717 4566 2813 4619 καὶ
2865 4565 3077 4631 ἐδίδαξα
3122 4564 3230 4617 τῶν
3272 4566 3371 4635 μὲν
3414 4564 3588 4617 ἀλλων
3629 4565 3949 4632 ἀπογεύσα-

2266 4648 2411 4711 σθαι,
2447 4648 2637 4701 τούτου
2672 4649 2728 4701 δὲ
2754 4648 3110 4717 ἀποσχέσθαι,
3144 4648 3231 4701 ἵνα
3277 4646 3351 4718 μὴ
3373 4646 3507 4700 πᾶσί
3542 4664 3636 4699 σου
3666 4649 3783 4709 τοῖς
3808 4649 3948 4715 ἀγα-

2261 4728 2372 4793 θοῖς
2395 4730 2751 4800 λυμαίνηται;
2795 4729 2933 4783 Ἀλλ’
2971 4731 3101 4791 ἴσως
3138 4730 3349 4800 ἀγαθὴν
3373 4730 3468 4783 καὶ
3488 4728 3947 4801 ἀξιοπιστοτέραν

2265 4815 2613 4884 ἡγησάμενος
2655 4816 2754 4885 τῆς
2800 4813 2939 4882 ἐμῆς
2968 4812 3190 4879 ἐντολῆς
3230 4812 3330 4881 τὴν
3367 4812 3555 4881 ἐτέρου
3604 4812 3945 4884 συμϐουλὴν,

2259 4898 2355 4949 καὶ
2385 4896 2759 4966 προσδοκήσας
2791 4895 3049 4966 μειζόνων
3070 4895 3356 4962 ἐφικέσθαι
3379 4898 3405 4935 ε
3428 4895 3585 4948 τοῦτο
3604 4895 3943 4965 πεποίηκας,

2260 4985 2352 5037 καί
2382 4984 2479 5047 τὰς
2516 4984 2653 5054 ἐμὰς
2682 4984 2902 5046 ἐντολὰς
2939 4984 3341 5054 παρωσάμενος
3385 4982 3808 5052 κατετόλμησας
3840 4983 3945 5051 τῆς

2257 5065 2351 5118 τοῦ
2388 5066 2543 5130 ξύλου
2583 5065 2859 5137 βρώσεως.
2899 5065 3030 5118 Ἰδοὺ
3054 5064 3144 5118 διὰ
3162 5065 3261 5134 τῆς
3297 5065 3492 5135 πείρας
3521 5058 3597 5118 ὧν
3635 5065 3940 5127 πέπονθας,

2257 5149 2459 5219 ἔμαθες
2493 5151 2615 5202 ὅσον
2642 5148 2743 5217 τῆς
2772 5148 3081 5218 συμϐουλῆς
3115 5148 3329 5218 ἐκείνης
3359 5148 3420 5200 16
3452 5146 3715 5217 ὀλέθριον.
3755 5147 3942 5201 Εῖδετε

2255 5232 2509 5285 δικαστοῦ
2540 5230 2987 5303 φιλανθρωπίαν;
3020 5231 3186 5283 εἰδετε
3217 5230 3531 5301 ἡμερότητα
3562 5230 3657 5282 καί
3682 5230 3942 5294 ἀνεξικα-

2258 5316 2381 5367 κίαν
2411 5315 2616 5382 ἄφατον
2650 5312 2706 5378 Il;
2732 5314 2902 5366 εἴδετε
2934 5312 3346 5382 συγκατάϐασιν
3402 5313 3579 5365 πάντα
3632 5311 3795 5379 λόγον
3842 5312 3941 5365 καὶ

2254 5398 2495 5450 διάνοιαν
2526 5396 2997 5469 ύπερϐαίνουσαν;
3034 5397 3205 5449 εἴδετε
3227 5396 3343 5459 πῶς
3362 5396 3451 5449 διὰ
3478 5395 3578 5465 τῆς
3606 5395 3940 5465 ἐρωτήσεως

2256 5482 2349 5533 καὶ
2382 5480 2475 5533 τοῦ
2519 5480 2717 5544 λέγειν,
2760 5480 2856 5546 Τις
2896 5479 3217 5550 ἀνήγγειλέ
3249 5498 3349 5535 σοι
3382 5481 3471 5535 ὅτι
3509 5480 3739 5549 γυμνὸς
3765 5477 3839 5541 εἷ,
3886 5482 3941 5531 εἰ

2250 5565 2336 5633 μὴ
2366 5564 2485 5619 ἀπὸ
2517 5564 2623 5618 τοῦ
2660 5564 2870 5629 ξύλου,
2915 5559 2987 5619 οὗ
3029 5563 3421 5634 ἐνετειλάμην
3449 5580 3548 5619 σοι
3586 5565 3803 5617 τούτου
3827 5566 3941 5629 μό-

2253 5665 2364 5700 νου
2386 5648 2472 5716 μὴ
2503 5647 2733 5717 φαγεῖν,
2764 5649 2865 5702 ἀπ’
2888 5648 3075 5701 αὐτοῦ
3094 5649 3333 5716 ἔφαγες,
3357 5647 3523 5720 θύρας
3548 5646 3699 5717 αὐτῷ
3723 5646 3936 5709 ἀνοῖξαι

2259 5729 2508 5800 βούλεται
2537 5729 2852 5798 ἀπολογίας,
2896 5731 2983 5783 ἵνα
3020 5730 3116 5782 καὶ
3159 5730 3291 5801 πρὸς
3338 5730 3425 5783 16v
3474 5729 3643 5791 οὕτως
3674 5731 3936 5799 ἡμαρτη-

3040 5816 3063 5843 °
3096 5814 3219 5872 Reg.
3257 5826 3383 5861 unus
3407 5815 3484 5861 διὰ
3528 5814 3613 5868 τὴν
3660 5810 3932 5872 παχύτητα.

2263 5874 2285 5912 ἲ
2316 5876 2413 5925 Alii
2444 5876 2536 5923 ὑπὸ
2560 5864 2853 5923 δεσποτείαν.
2884 5864 3007 5924 Ibid.
3031 5864 3203 5924 Morel:
3241 5864 3602 5923 ἐπιδείκνυσθαί.
3674 5874 3699 5911 Β
3726 5864 3933 5921 δοίείὶῐι.

3437 5935 3465 5974 ιι
3498 5937 3619 5998 Reg.
3649 5947 3777 5985 unus
3797 5932 3939 5982 addit

2320 5813 2345 5853 ά
2368 5814 2516 5862 Savil.
2538 5814 2647 5868 τοὺς
2677 5813 2971 5868 ὑπευθύνους.

2259 6000 2509 6048 δεσπότου.
