4038 6394
468 302 568 357 I39

460 418 601 471 diam
628 428 776 468 suam
802 425 925 480 erga
955 423 1075 465 cum
1101 407 1191 477 qui
1218 414 1419 459 tantum
1446 410 1783 477 peccaverat,
1810 398 2047 454 declara-

464 509 580 566 ret?
629 505 920 561 Audiamus
957 510 1012 555 et
1051 514 1237 563 reum,
1276 494 1401 567 quid
1443 497 1511 551 ad
1554 496 1667 550 lucc
1705 488 2042 562 respondeat.

467 599 551 654 l2.
582 596 646 650 Et
672 595 799 648 dixit
829 592 992 646 Adam
1016 606 1033 644 :
1059 589 1244 643 Mulier
1264 602 1420 658 quam
1445 588 1625 641 dedisti
1652 595 1707 638 ut
1734 586 1797 638 sit
1827 596 2044 644 mecum,

463 690 574 757 ipsa
602 686 723 738 mihi
745 683 882 736 dedit
912 681 976 735 de
1004 681 1165 751 ligno,
1188 688 1234 732 ct
1263 679 1482 732 comedi.
1523 674 1839 732 Miserabilia
1860 672 2043 735 verba,

461 794 517 837 et
546 794 733 848 magna
761 775 1100 831 miseratione
1124 771 1301 841 plena,
1324 785 1387 825 ac
1407 770 1563 841 digna
1584 784 1700 838 qua:
1725 766 1789 821 ad
1813 766 2048 819 clemen-

465 872 589 924 tiam
621 869 903 923 Dominum
936 873 1256 934 provocent,
1289 875 1395 918 tam
1426 868 1756 916 mansuetum
1799 866 1852 911 et
1895 855 2046 909 boni-

467 973 575 1017 tate
614 977 707 1014 sua
750 960 1045 1013 vincentem
1084 963 1269 1011 nostra
1314 965 1549 1026 peccata.
1595 952 1725 1005 Nam
1770 958 2047 1018 postquam

466 1062 689 1108 multum
712 1049 986 1105 tolerando
1007 1048 1146 1102 illius
1170 1057 1403 1104 mentem
1421 1044 1720 1105 commovit,
1743 1052 1797 1097 et
1821 1039 2053 1094 ostendit

467 1144 667 1211 peccati
715 1140 1153 1210 magnitudinem,
1186 1139 1335 1209 quasi
1373 1136 1732 1193 defensionem
1760 1134 1949 1202 parans
1980 1131 2053 1183 ait

468 1235 541 1286 illi
571 1234 736 1287 Adam
769 1251 781 1285 :
817 1231 1002 1284 Mulier
1022 1249 1176 1302 quam
1198 1232 1377 1285 dediin
1399 1239 1453 1282 ut
1471 1230 1534 1282 sit
1562 1243 1774 1290 mecum,
1796 1226 1906 1294 ipsa
1930 1224 2051 1276 milii

467 1325 605 1378 dedit
644 1325 705 1379 de
744 1326 837 1377 hoc
883 1325 1045 1394 ligno,
1082 1336 1130 1381 et
1167 1325 1379 1379 comedi.
1419 1322 1562 1388 Scio,
1596 1321 1783 1390 inquit,
1814 1335 1901 1373 me
1925 1333 2052 1387 pec—

467 1432 621 1472 casse
649 1435 661 1470 :
692 1417 782 1470 sed
813 1416 1007 1473 mulier
1030 1434 1186 1488 quam
1209 1416 1400 1471 dedisti
1433 1424 1488 1467 ut
1515 1415 1582 1468 sit
1607 1428 1836 1475 mecum,
1857 1412 1923 1465 de
1952 1426 2053 1480 qua

469 1509 586 1577 ipse
609 1507 810 1570 dixisti,
855 1506 1126 1563 Faciamus
1168 1508 1245 1561 iui
1288 1507 1571 1575 adjutorem
1608 1504 1880 1557 secundum
1919 1518 2051 1561 eum,

473 1602 586 1671 ipsa
617 1600 743 1654 mihi
774 1600 932 1672 hujus
963 1603 1131 1656 ruime
1158 1614 1316 1654 causa
1344 1600 1457 1653 luit.
1489 1596 1678 1650 Mulier
1702 1612 1849 1665 quam
1874 1592 2054 1647 dedisti

474 1701 530 1743 ut
572 1691 638 1744 sit
682 1709 900 1748 mecum.
950 1692 1173 1762 Quando
1217 1693 1357 1746 enitn
1401 1698 1795 1758 exspectassem
1829 1695 1884 1739 ut
1914 1695 2056 1739 tanta

475 1784 762 1853 ignominia
791 1802 875 1842 me
903 1786 1157 1847 afficeret,
1186 1798 1304 1852 quae
1331 1782 1451 1836 ideo
1479 1781 1687 1834 condita
1720 1790 1820 1843 est,
1849 1785 1907 1831 ut
1929 1777 2057 1830 mihi

475 1875 667 1930 solatio
694 1876 872 1930 esset?
915 1875 995 1929 Tu
1029 1875 1157 1929 mihi
1200 1874 1364 1942 ipsam
1394 1872 1619 1933 dedisti,
1650 1882 1703 1924 tn
1736 1871 1902 1939 ipsam
1930 1870 2058 1924 mihi

479 1967 764 2020 adduxisti.
809 1967 943 2036 Ipsa.
975 1971 1156 2020 nescio
1184 1965 1325 2019 unde
1354 1974 1516 2026 mola,
1542 1963 1689 2016 dedit
1728 1964 1854 2015 mihi
1890 1962 1955 2017 de
1993 1964 2060 2015 li-

479 2073 605 2126 gno,
633 2067 687 2111 et
719 2056 948 2111 comedi.
985 2056 1241 2109 Videntur
1280 2055 1393 2109 lucc
1434 2054 1647 2123 quidem
1695 2052 2059 2107 defensionem

482 2146 763 2216 quamdam
806 2162 912 2214 pra:
957 2161 1016 2199 se
1054 2145 1211 2210 ferre,
1262 2144 1353 2198 sed
1404 2159 1618 2213 prorsus
1664 2144 1817 2196 venia
1856 2152 2059 2197 carent.

484 2242 597 2305 Qua
628 2239 768 2292 enim
798 2238 949 2292 venia
978 2237 1169 2306 dignus
1195 2251 1273 2300 es,
1304 2237 1489 2305 inquit,
1522 2235 1609 2304 qui
1650 2249 1767 2288 mea
1800 2244 2061 2304 prmcepta

483 2331 677 2385 oblitus
726 2329 910 2395 fueris,
953 2338 1007 2382 et
1049 2329 1139 2397 qui
1190 2328 1428 2382 mulieris
1472 2326 1666 2381 donum
1714 2328 1847 2381 meis
1889 2328 2064 2381 verbis

486 2420 867 2492 prmiorendum
899 2418 1203 2489 putaveris?
1246 2419 1375 2473 Nam
1407 2419 1530 2472 licet
1556 2419 1745 2473 mulier
1768 2418 1943 2473 cibum
1972 2418 2065 2472 de-

482 2513 656 2576 derit,
700 2511 994 2566 sufliciebat
1036 2521 1211 2565 tamen
1255 2509 1559 2563 mandatum
1590 2527 1786 2573 meum,
1816 2523 1869 2564 et
1906 2510 2065 2565 timor

483 2603 748 2675 supplicii,
780 2613 836 2656 ut
866 2613 919 2657 te
945 2602 1013 2656 ab
1040 2617 1135 2656 esu
1161 2601 1516 2655 deterrerent.
1550 2602 1630 2655 An
1660 2602 1972 2671 ignorabas?
1997 2618 2063 2656 an

489 2693 801 2749 nesciebas?
844 2693 967 2748 Ideo
1003 2709 1183 2747 curam
1216 2693 1377 2747 vestri
1404 2707 1594 2761 gerens
1631 2693 1847 2762 pnedixi
1869 2736 1884 2759 ,
1919 2709 1984 2748 nc
2013 2695 2063 2748 in

487 2784 602 2839 lure
646 2784 990 2839 incideretis:
1025 2784 1199 2853 itaque
1244 2784 1367 2838 licet
1409 2784 1599 2837 mulier
1645 2784 1737 2838 tibi
1784 2784 1850 2838 ad
1897 2795 2067 2838 trans-

484 2875 814 2945 gressionem
856 2874 1089 2928 mandati
1130 2875 1467 2938 ministrarit,
1498 2885 1553 2928 tu
1579 2885 1854 2944 propterea
1884 2876 2067 2931 insims

487 2982 591 3019 non
616 2966 741 3020 eris.
771 2965 1021 3035 Majorem
1044 2966 1183 3019 enim
1210 2965 1363 3019 fidem
1386 2965 1634 3018 mandato
1656 2981 1777 3020 meo
1798 2976 1847 3019 te
1872 2965 2069 3021 habere

485 3059 784 3127 oponebat,
825 3066 879 3111 et
916 3072 1021 3110 non
1063 3057 1235 3111 solum
1279 3067 1335 3110 ut
1374 3064 1429 3110 tu
1473 3056 1586 3125 ipse
1613 3056 1681 3109 ab
1709 3072 1800 3110 esu
1825 3072 2064 3123 caveres,

487 3149 580 3205 sed
617 3160 669 3203 et
713 3158 767 3202 ut
809 3149 1084 3201 mulierem
1123 3147 1343 3201 doceres
1378 3156 1719 3215 peccatorum
1752 3148 2068 3217 magnitudi-

487 3256 630 3294 nem.
663 3238 834 3307 Caput
859 3239 1001 3292 euim
1031 3252 1090 3293 es
1115 3237 1351 3291 mulieris
1379 3237 1453 3308 (l.
1488 3236 1605 3290 Cor.
1637 3237 1723 3290 ll.
1755 3237 1831 3305 3),
1862 3246 1917 3291 et
1942 3252 2066 3305 pro-

488 3338 605 3398 pter
632 3337 682 3383 te
707 3328 789 3381 illa
819 3327 1071 3397 producta
1090 3337 1174 3381 est
1203 3345 1215 3381 :
1246 3337 1303 3380 tu
1322 3336 1498 3381 autem
1517 3325 1758 3380 ordinem
1786 3326 2065 3391 invertisti,

485 3430 543 3476 et
569 3435 677 3477 non
701 3421 871 3474 solum
904 3421 1043 3473 illam
1077 3434 1180 3472 non
1210 3418 1489 3472 correxisti
1508 3460 1522 3483 ,
1552 3418 1644 3473 sed
1674 3427 1728 3472 et
1767 3418 1878 3487 ipse
1909 3419 2069 3472 simul

487 3514 738 3581 abreptus
763 3527 821 3566 es
855 3530 868 3566 :
898 3526 961 3565 ac
988 3527 1111 3565 cum
1136 3518 1409 3579 Oporteret
1437 3525 1629 3580 corpus
1670 3511 1931 3578 reliquum
1974 3525 2068 3564 ca-

488 3606 583 3676 piti
625 3606 867 3675 obsequi,
914 3605 1129 3659 diverso
1176 3604 1336 3657 modo
1383 3619 1470 3660 res
1515 3604 1709 3667 evenit,
1751 3604 2068 3671 corporique

488 3699 695 3767 reliquo
721 3706 881 3765 caput.
904 3696 1253 3766 obsequutum
1283 3706 1361 3749 est
1384 3736 1398 3757 ,
1428 3705 1482 3749 et
1506 3710 1624 3762 quae
1651 3710 1862 3748 sursum
1894 3704 2068 3756 erant,

491 3789 543 3842 in
565 3789 805 3843 inlimmn
827 3787 1000 3842 locum
1024 3795 1299 3841 venerunt.
1323 3786 1611 3854 Propterea
1633 3788 1879 3853 quoniam
1904 3794 2070 3838 totum

490 3880 731 3934 ordinem
779 3880 1056 3945 invertisti,
1098 3894 1164 3933 eo
1211 3894 1351 3932 nunc
1398 3878 1641 3932 redactus
1679 3893 1757 3942 es,
1787 3878 1875 3947 qui
1918 3888 2071 3932 antea

492 3982 637 4028 tanta
665 3974 831 4041 gloria
862 3974 1077 4026 vestitus
1104 3986 1241 4025 eras.
1269 3970 1397 4037 Quis
1427 3980 1476 4025 te
1496 3972 1623 4024 satis
1645 3970 1801 4039 digne
1829 3971 2073 4039 deplora-

494 4064 647 4127 verit,
670 4064 754 4117 cui
786 4072 862 4116 tot
886 4074 939 4117 et
964 4072 1106 4117 tanta
1136 4062 1273 4117 bona
1305 4062 1478 4116 ablata
1504 4062 1666 4116 sunt?
1698 4061 2071 4116 Verumtamen

494 4156 618 4210 licet
659 4155 772 4209 haec
813 4156 993 4209 omnia
1036 4156 1125 4209 tibi
1167 4155 1475 4221 acciderint,
1526 4155 1650 4209 nulli
1702 4163 1874 4209 tamen
1922 4155 2071 4208 alteri

493 4260 709 4298 causam
737 4244 978 4299 adseribe
998 4287 1012 4309 ,
1045 4245 1139 4301 sed
1166 4246 1360 4314 tibiipsi
1386 4256 1440 4299 et
1467 4256 1568 4299 tua:
1596 4246 1821 4315 ignaviae
1856 4264 1868 4299 :
1897 4245 2071 4299 neuti-

492 4350 651 4401 quam
678 4334 818 4388 enim
846 4344 899 4389 te
929 4335 1194 4390 nolentem
1231 4336 1420 4390 mulier
1456 4337 1508 4390 in
1551 4345 1749 4389 tantam
1778 4335 2074 4390 induxisset

496 4426 724 4479 ruinam.
756 4425 889 4479 Num
920 4426 1124 4481 hortata
1150 4429 1270 4482 est?
1302 4444 1429 4483 num
1460 4428 1747 4483 disseruit?
1771 4444 1894 4481 num
1919 4429 2075 4482 dece-

498 4516 609 4586 pit?
658 4517 811 4571 Dedit
857 4528 1080 4582 tantum,
1113 4530 1165 4574 et
1208 4521 1386 4575 statim
1428 4532 1643 4591 tamque
1684 4522 1837 4576 facile
1875 4522 1939 4575 ad
1986 4538 2077 4575 su-

495 4609 746 4664 mendum
775 4610 949 4664 cibum
974 4611 1230 4666 adductus
1252 4628 1330 4677 es,
1360 4614 1560 4667 nullam
1590 4614 1821 4667 mandati
1851 4615 1933 4668 vel
1960 4630 2072 4668 me-

496 4704 716 4756 moriam
756 4702 925 4756 fecisti
958 4721 969 4755 :
997 4706 1187 4773 putasti
1232 4721 1261 4759 a
1302 4722 1387 4760 me
1432 4716 1483 4760 te
1527 4706 1808 4775 deceptum
1853 4722 1989 4769 csse,
2021 4717 2075 4761 et

500 4802 779 4863 pr0pterea
826 4793 1002 4848 cibum
1042 4794 1183 4849 hunc
1225 4796 1317 4850 tibi
1359 4813 1467 4850 non
1506 4797 1853 4860 concessisse,
1906 4808 1965 4851 ut
2009 4812 2076 4852 ne

501 4883 787 4951 tnajoribus
816 4882 1085 4938 fruereris.
1132 4886 1200 4939 Et
1235 4902 1334 4956 qua
1377 4888 1583 4941 ratione
1610 4904 1707 4957 ego
1738 4898 1787 4941 te
1814 4889 2074 4951 fallerem,

496 4973 586 5042 qui
616 4981 692 5025 tot
717 4972 771 5026 in
802 4982 855 5026 te
878 4972 1133 5031 beneficia
1159 4977 1393 5031 contuli?
1422 4978 1487 5031 Et
1528 4978 1662 5030 istuc
1691 4979 1859 5047 ipsmn
1883 4987 2077 5045 quanta

501 5067 863 5123 beneficentia:
905 5072 1208 5137 magnitudo
1249 5082 1381 5138 erat,
1413 5081 1471 5127 ut
1515 5072 1848 5141 praedicendo
1887 5072 2076 5124 distin-

498 5173 714 5225 guerem
741 5174 769 5212 a
798 5176 902 5227 quo
932 5162 1301 5217 abstinendum
1332 5172 1495 5227 esset,
1521 5173 1577 5217 ut
1604 5179 1712 5216 non
1744 5163 2003 5217 ineidercs
2026 5164 2075 5216 in

498 5264 619 5316 qua:
664 5250 927 5304 incidisti?
972 5252 1074 5306 Sed
1119 5253 1233 5307 luce
1277 5255 1453 5307 omnia
1484 5254 1633 5307 nihili
1656 5254 1901 5307 faciebas.
1941 5253 2080 5307 Ecce

502 5354 642 5394 nunc
662 5342 984 5409 experientia
1011 5352 1061 5396 te
1088 5343 1265 5408 docet,
1286 5355 1481 5413 quanta
1505 5355 1836 5413 peccatorum
1868 5356 2080 5399 tuorum

503 5430 573 5480 sit
600 5430 906 5498 magnitudo
934 5449 948 5485 :
976 5432 1234 5500 reliquum
1264 5442 1347 5487 est
1366 5474 1379 5497 ,
1412 5444 1466 5488 ut
1500 5435 1599 5488 soli
1630 5434 1835 5489 mulieri
1870 5436 2080 5506 culpam

502 5534 608 5572 non
638 5521 925 5588 adscribas,
951 5523 1043 5577 sed
1074 5534 1129 5578 et
1148 5526 1478 5595 negligentiae
1510 5537 1635 5581 tute.

575 5610 628 5663 5.
655 5608 813 5678 Igitur
832 5613 963 5667 satis
992 5613 1250 5668 Adamnm
1278 5617 1606 5685 alloquutus,
1645 5628 1924 5689 postquam
1952 5634 2082 5675 con-

503 5696 787 5756 fessionem
814 5701 901 5758 ille
933 5700 1271 5773 delictorum,
1301 5715 1359 5760 ut
1384 5707 1621 5778 putabat,
1651 5710 1834 5778 edidit,
1862 5724 2080 5783 peccato

1182 289 1240 345 S.
1278 283 1560 344 JOANNIS
1595 280 2065 343 CIIRYSOSTOMI
2105 275 2423 335 ARCIIIEP.
2460 273 2993 331 CONSTANTINOP.

3633 273 3733 328 HO

2152 395 2205 448 in
2237 392 2512 447 mulierem
2538 391 2794 446 translato
2816 409 2831 446 :
2852 390 2972 446 vide
2993 390 3188 446 bonum
3214 390 3514 457 Dominum,
3538 402 3737 460 quanta

2156 487 2343 540 iterum
2372 485 2694 555 indulgentia
2714 486 2961 555 dignatur
2979 486 3137 539 etiam
3164 484 3309 538 illam
3331 499 3429 539 suo
3455 498 3734 554 responso.

2155 580 2241 634 l3.
2286 578 2354 632 Et
2392 579 2537 642 dixit,
2572 578 2757 647 inquit,
2808 577 2943 631 Deus
2989 577 3230 630 mulieri:
3257 575 3360 630 Cur
3399 576 3494 629 hoc
3533 577 3739 647 fecisti?

2154 670 2360 725 Audisti
2388 670 2557 723 virum
2599 670 2651 724 in
2687 680 2737 724 te
2775 670 2984 739 culpam
3014 667 3444 728 transferentem.
3473 679 3528 723 ct
3557 669 3739 721 omnia

2155 761 2247 815 tibi
2283 760 2696 826 adscribentem,
2739 774 2855 829 quae
2900 760 2998 827 ipsi
3044 759 3094 812 in
3133 758 3446 827 adjutricem
3484 757 3608 811 data
3654 772 3739 818 es,

2154 860 2313 919 atque
2342 850 2459 904 ideo
2487 850 2721 915 condita,
2752 860 2808 903 ut
2836 850 2938 904 tuis
2968 849 3170 903 solatiis
3196 849 3369 924 ipsum
3400 846 3626 909 foveres,
3657 858 3743 899 nt-

2156 955 2279 1012 pete
2303 942 2542 997 eamdem
2574 951 2815 996 naturam
2845 957 2964 996 cum
3001 942 3115 1010 ipso
3143 941 3350 994 sortita.
3393 940 3500 994 Cur
3532 941 3632 993 hoc
3665 940 3745 992 t'e-

2155 1034 2271 1089 cisti
2297 1076 2312 1099 ,
2347 1050 2381 1088 0
2409 1034 2635 1087 mulier?
2665 1049 2760 1087 cur
2784 1043 2836 1087 et
2868 1034 2978 1097 tibi,
3009 1044 3064 1086 et
3087 1034 3199 1085 viro
3230 1042 3389 1085 tanta:
3416 1031 3744 1085 confusionis

2158 1126 2293 1179 facta
2333 1142 2390 1180 cs
2432 1129 2650 1180 auctor?
2687 1126 2815 1193 Qum
2854 1126 3049 1178 utilitas
3090 1139 3152 1179 ex
3197 1123 3297 1178 hac
3337 1125 3744 1191 intemperantia

2158 1220 2250 1272 tibi
2290 1220 2564 1273 accrevit?
2604 1218 2743 1289 quod
2773 1234 2838 1273 ex
2875 1220 2974 1272 hoc
3002 1233 3184 1272 errore
3212 1217 3413 1270 lucrum
3441 1216 3530 1269 tibi
3560 1232 3746 1269 acces-

2158 1310 2246 1374 sit,
2278 1326 2383 1379 quo
2410 1320 2597 1378 sponte
2623 1310 2864 1379 decepta,
2893 1309 3049 1362 etiam
3071 1309 3255 1373 ,virum
3285 1307 3399 1377 ejus
3428 1308 3548 1360 mali
3580 1306 3749 1375 parti-

2157 1401 2328 1469 cipem
2358 1400 2563 1455 fecisti?
2588 1401 2723 1467 Quid
2750 1417 2879 1470 ergo
2907 1400 3128 1454 mulier?
3156 1398 3381 1465 Serpens
3404 1400 3595 1469 decepit
3626 1416 3741 1462 me,

2159 1503 2204 1544 et
2239 1492 2453 1545 comedi.
2497 1492 2628 1546 Vide
2657 1492 2817 1546 etiam
2848 1492 2982 1545 hanc
3008 1490 3275 1559 quomodo
3303 1492 3583 1560 perterrita
3616 1506 3746 1559 pec-

2159 1594 2274 1637 cata
2299 1597 2393 1637 sua
2422 1582 2692 1637 defendat.
2720 1584 2850 1638 Nam
2881 1583 3019 1637 sicut
3042 1584 3123 1637 vir
3150 1583 3358 1652 culpam
3389 1583 3441 1637 in
3466 1583 3744 1636 mulierem

2160 1676 2384 1743 rejicere
2409 1676 2614 1729 videtur
2639 1676 2822 1729 dicens
2852 1695 2865 1730 :
2895 1676 3079 1729 Mulier
3109 1675 3247 1738 tulit,
3270 1687 3324 1729 et
3344 1674 3489 1729 dedit
3514 1674 3664 1737 mihi,
3690 1683 3748 1728 et

2161 1768 2365 1821 cmnedi
2394 1786 2407 1821 :
2437 1768 2513 1821 sic
2535 1778 2587 1822 et
2618 1769 2728 1836 ipsa
2753 1769 2955 1822 nullum
2978 1767 3226 1837 effugium
3252 1768 3526 1821 inveniens
3549 1767 3749 1821 fatetur

2163 1858 2378 1922 factum,
2407 1871 2460 1913 et
2490 1860 2657 1930 inquit
2682 1879 2693 1913 :
2721 1860 2941 1929 Serpens
2966 1862 3158 1930 decepit
3180 1876 3277 1921 me,
3300 1869 3350 1912 et
3369 1859 3581 1912 comedi.
3610 1859 3747 1913 Mala

2164 1951 2271 2010 illa,
2304 1950 2489 2019 inquit,
2533 1951 2697 2005 bestia
2746 1951 2886 2005 hunc
2931 1952 3084 2005 nobis
3127 1952 3330 2018 lapsum
3371 1951 3561 2013 attulit,
3604 1951 3750 2004 illius

2165 2043 2517 2110 perniciosum
2548 2044 2823 2096 consilium
2873 2044 2923 2096 in
2967 2043 3103 2098 hanc
3141 2059 3237 2097 nos
3268 2044 3606 2113 ignominiam
3647 2043 3751 2097 ad-

2164 2136 2291 2204 egit,
2329 2134 2415 2188 ille
2444 2151 2528 2189 me
2555 2136 2781 2204 decepit,
2809 2146 2862 2190 et
2886 2136 3113 2189 comedi.
3157 2136 3345 2189 Dilecti
3364 2177 3379 2201 ,
3412 2151 3475 2189 ne
3504 2144 3750 2189 transea-

2166 2242 2285 2280 mus
2327 2227 2656 2296 simpliciter,
2686 2244 2804 2297 qua:
2847 2242 2987 2281 nunc
3029 2228 3308 2290 dicuntur;
3349 2227 3440 2282 sed
3467 2228 3753 2297 diligenter

2166 2328 2496 2385 scrutantes,
2541 2320 2821 2388 plurimam
2871 2319 2992 2374 inde
3040 2320 3318 2374 utilitatem
3370 2320 3750 2389 percipiamus.

2167 2410 2427 2466 Terribile
2476 2413 2615 2465 enim
2663 2412 2916 2479 judicium
2956 2422 3066 2478 est,
3104 2423 3158 2467 et
3212 2412 3435 2468 horrore
3481 2414 3747 2483 plenum:

2166 2511 2480 2573 oportetque
2519 2512 2766 2557 accurate
2804 2505 2980 2557 omnia
3010 2504 3318 2570 audientes,
3348 2521 3593 2575 magnum
3624 2506 3748 2561 tlte-

2166 2608 2379 2647 saurum
2430 2594 2625 2649 inferre
2668 2596 2853 2648 menti.
2898 2592 3186 2649 Considera
3216 2597 3357 2649 enim
3384 2607 3438 2650 et
3468 2598 3637 2651 virum
3668 2598 3754 2651 di-

2168 2694 2397 2744 centem.
2424 2684 2629 2747 Mulier,
2652 2702 2803 2755 quam
2836 2686 3015 2739 dedisti
3057 2697 3111 2739 ut
3152 2687 3215 2739 sit
3257 2702 3470 2750 mecum,
3494 2689 3606 2757 ipsa
3627 2689 3755 2741 mihi

2168 2776 2326 2839 dedit,
2355 2786 2399 2830 et
2434 2778 2647 2829 comedi.
2694 2777 2961 2846 Nusquam
3007 2779 3317 2843 necessitas,
3348 2793 3607 2846 nusquam
3633 2779 3753 2833 vio-

2171 2871 2351 2937 lentia,
2375 2871 2468 2926 sed
2497 2870 2686 2926 electio
2715 2880 2767 2925 et
2807 2872 3045 2925 voluntas
3073 2888 3086 2924 :
3116 2871 3260 2925 dedit
3299 2873 3508 2937 solum,
3548 2881 3602 2925 et
3646 2886 3755 2926 non

2169 2966 2360 3034 coegit,
2379 2980 2476 3019 nec
2496 2966 2601 3018 vim
2623 2964 2815 3018 attulit.
2843 2964 2977 3032 Quin
3004 2973 3058 3019 et
3084 2965 3196 3033 ipsa
3218 2979 3429 3034 quoque
3453 2965 3755 3033 apologiam

2170 3056 2494 3109 concinnans
2522 3072 2624 3108 non
2653 3055 2784 3108 dixit
2808 3074 2821 3109 :
2843 3054 3077 3125 Serpens
3103 3056 3277 3125 coegit
3301 3071 3407 3118 me,
3430 3065 3483 3109 et
3507 3056 3716 3110 comedi
3740 3074 3753 3109 :

2171 3146 2265 3199 sed
2293 3145 2458 3214 quid?
2487 3146 2706 3215 Serpens
2730 3146 2923 3210 decepit
2948 3164 3029 3200 me
3050 3162 3070 3201 :
3096 3156 3153 3200 ut
3180 3158 3356 3201 autem
3381 3146 3722 3217 deciperetur
3738 3189 3758 3215 ,

2171 3247 2262 3290 aut
2284 3252 2387 3289 non
2416 3236 2769 3305 deciperetur,
2795 3238 2845 3290 in
2871 3238 3034 3305 ipsius
3055 3247 3169 3291 erat
3196 3247 3475 3306 potestate.
3506 3238 3756 3308 Serpens,

2175 3330 2374 3400 inquit,
2426 3329 2618 3402 decepit
2662 3346 2759 3383 me.
2812 3328 3096 3383 lnimicus‘
3139 3330 3280 3385 enim
3325 3340 3523 3384 nostra:
3568 3330 3762 3384 salutis

2172 3437 2333 3491 opera
2365 3422 2519 3491 hujus
2546 3421 2699 3475 mala:
2733 3421 2913 3473 bestia:
2942 3435 3092 3483 usus,
3117 3421 3397 3475 consilium
3422 3420 3571 3474 dedit
3596 3430 3651 3475 et
3670 3421 3763 3475 de-

2172 3514 2313 3584 cepit
2344 3532 2357 3569 :
2384 3529 2488 3567 non
2530 3515 2635 3566 vim
2676 3512 2831 3578 fecit,
2874 3528 3047 3581 neque
3079 3513 3281 3583 coegit,
3323 3513 3418 3567 sed
3458 3513 3764 3582 pernicioso

2173 3606 2396 3659 consilio
2426 3605 2636 3659 frnules
2664 3620 2790 3659 suas
2815 3619 2976 3674 opere
3001 3604 3286 3673 complevit
3320 3623 3332 3659 :
3362 3607 3611 3673 quoniam
3645 3624 3766 3659 lllll-

2176 3697 2358 3750 lierem
2402 3694 2661 3761 offendit,
2705 3710 2822 3764 qum
2867 3694 3233 3764 deccptionem
3272 3696 3423 3751 facile
3460 3697 3765 3753 admissura

2175 3798 2310 3853 erat,
2340 3788 2481 3841 nulla
2512 3788 2663 3841 venia
2693 3787 2924 3855 dignam.
2960 3785 3185 3857 Serpens
3210 3788 3405 3857 decepit
3424 3805 3522 3856 me,
3549 3799 3596 3843 et
3622 3806 3769 3841 com-

2176 3879 2275 3931 edi.
2325 3878 2454 3931 Vide
2490 3879 2683 3932 bonum
2732 3877 3034 3943 Dominum,
3066 3879 3274 3932 illorum
3314 3879 3490 3934 verbis
3535 3892 3766 3934 c0nten-

2178 3981 2309 4036 tum,
2342 3980 2396 4024 ct
2425 3969 2490 4024 ad
2524 3970 2668 4038 plum
2699 3969 2921 4023 dicenda
2953 3986 3059 4023 non
3087 3982 3383 4039 cogentem.
3414 3972 3767 4043 Quandoqui-

2177 4063 2296 4117 dem
2324 4064 2463 4118 enim
2490 4063 2602 4117 haec
2623 4079 2728 4117 non
2751 4062 2998 4133 ignorans
3020 4064 3397 4133 interrogabat,
3426 4066 3520 4120 sed
3540 4082 3764 4136 gnarus,

2178 4166 2231 4209 et
2255 4155 2537 4208 admodum
2563 4168 2776 4224 gnarus,
2806 4163 2861 4208 ut
2888 4169 3038 4209 suam
3060 4154 3295 4209 declaret
3318 4157 3764 4222 misericordiam,

2178 4245 2242 4299 ad
2275 4246 2484 4299 illorum
2513 4261 2570 4299 se
2591 4246 2947 4300 infirmitatem
2974 4246 3222 4311 demittit,
3252 4258 3305 4301 et
3331 4248 3396 4301 ad
3425 4257 3767 4316 peccatorum

2178 4337 2565 4392 confessionem
2588 4340 2732 4408 ipsos
2759 4348 3027 4407 provocat.
3053 4339 3161 4393 Hac
3186 4341 3344 4409 igitur
3364 4341 3432 4395 de
3446 4356 3603 4395 causa
3633 4342 3770 4398 nihil

2180 4428 2401 4483 ulterius
2435 4444 2499 4483 ex
2535 4429 2614 4483 eis
2650 4430 2856 4499 quaerit.
2901 4430 3153 4485 Ediscere
3184 4430 3317 4485 forte
3345 4447 3439 4501 par
3465 4443 3580 4486 erat
3604 4434 3771 4487 dece-

2181 4520 2374 4588 ptionis
2399 4535 2600 4588 genus;
2642 4537 2827 4575 verum
2850 4531 2907 4574 ut
2935 4521 3088 4575 nobis
3116 4523 3363 4576 ostendat
3390 4538 3449 4577 se
3477 4540 3581 4577 non
3614 4526 3772 4594 igno-

2181 4621 2386 4665 rantem
2430 4612 2802 4682 interrogasse,
2833 4612 2930 4667 fuit
2969 4624 3249 4668 contentus
3291 4615 3466 4670 dictis.
3512 4616 3641 4670 Nam
3676 4618 3771 4673 illa

2181 4702 2408 4757 dicendo
2438 4722 2449 4756 :
2487 4705 2706 4774 Serpens
2725 4706 2917 4775 decepit
2945 4724 3042 4772 me,
3071 4717 3120 4760 et
3152 4710 3345 4761 comedi
3369 4752 3384 4773 ,
3415 4710 3776 4766 snbindicavit

2183 4795 2533 4862 perniciosum
2557 4796 2859 4858 consilium,
2880 4798 3020 4866 quod
3045 4814 3072 4850 a
3104 4799 3314 4853 diabolo
3345 4816 3439 4869 per
3462 4813 3773 4872 serpentem

2185 4888 2421 4954 accepit,
2463 4887 2611 4955 quasi
2644 4898 2761 4956 post
2789 4903 2937 4941 esum
2966 4887 3128 4942 futuri
3156 4900 3338 4944 essent
3374 4900 3640 4960 tamquam
3669 4892 3773 4946 dii.

2188 4975 2404 5029 Vidistis
2423 4986 2616 5045 quanta
2639 4977 2906 5046 diligentia
2930 4979 3096 5033 Adam
3123 4981 3477 5051 interrogatus
3502 4982 3615 5036 est?
3644 4999 3775 5038 cum

2185 5075 2379 5135 quanta
2430 5068 2751 5137 indulgentia
2797 5071 2846 5123 in
2888 5070 3143 5138 judicium
3176 5073 3398 5127 adducta
3430 5085 3513 5129 cst
3540 5077 3781 5132 mulier?

2186 5158 2453 5227 quomodo
2484 5168 2702 5229 uterque
2727 5176 2785 5215 se
2810 5161 3074 5216 defendit?
3105 5163 3296 5219 Videte
3323 5166 3535 5219 demum
3569 5168 3654 5221 hic
3684 5169 3779 5223 in-

2187 5248 2449 5305 ell‘abilem
2504 5252 2883 5306 misericordiae
2929 5252 3128 5308 Judicis
3173 5257 3561 5311 excellentiam.
3613 5259 3785 5314 Post-

2187 5357 2343 5410 quam
2383 5343 2573 5397 mulier
2612 5343 2740 5397 dixit
2776 5363 2788 5397 :
2821 5344 3042 5414 Serpens
3087 5347 3278 5417 decepit
3316 5366 3421 5412 me,
3447 5361 3493 5402 et
3532 5353 3731 5405 comedi
3765 5371 3789 5408 .-

2188 5447 2294 5486 non
2320 5432 2429 5503 jam
2457 5445 2760 5503 serpentem
2788 5436 3037 5506 dignatur
3065 5440 3442 5508 responsione,
3476 5458 3650 5513 neque
3688 5446 3784 5497 lo-

2188 5540 2309 5580 cum
2336 5526 2384 5581 ei
2411 5526 2502 5581 dat
2527 5542 2645 5584 sese
2670 5530 2930 5599 purgandi
2959 5547 2973 5584 :
3002 5547 3175 5601 neque
3201 5532 3495 5605 interrogat
3533 5537 3668 5591 sicut
3694 5538 3789 5591 vi-

2254 5658 2481 5729 ilionei...
2515 5660 2632 5729 Vide
2652 5660 2794 5729 enim,
2818 5660 3058 5715 inimicus.
3084 5669 3189 5718 Mss
3205 5678 3337 5728 pene
3358 5679 3531 5719 omnes
3554 5672 3789 5725 etsavit.:

2194 5719 2372 5772 Odium
2392 5720 2518 5772 enim
2534 5722 2701 5774 salutis
2718 5719 2909 5775 Wra’.
