4038 6394
215 353 348 412 130

233 473 393 526 κόττα
419 471 520 544 τὴν
555 466 766 526 οἰκείαν
794 469 1210 546 φιλανθρωπίαν
1251 473 1626 547 ἐπιδείξηταις
1669 477 1946 531 ’Ᾱκούσω-

229 570 362 624 μεν
397 557 580 612 τοίνυν
603 559 700 611 καὶ
731 559 826 622 τοῦ
865 560 1186 624 καταδίκου,
1207 559 1260 613 τί
1292 559 1430 628 πρὸς
1455 559 1632 614 ταῦτα
1656 561 1949 632 ἀποκρίνε-

223 657 366 694 ται.
396 641 503 695 Καί
532 638 684 707 εἷπε,
730 645 916 714 φησὶν,
951 648 984 698 ὁ
1019 643 1192 714 Ἀδάμ
1219 660 1236 676 ’
1287 644 1358 698 Ἦ
1392 644 1570 714 γυνὴ,
1610 643 1692 714 ἣν
1721 645 1948 710 ἔδωκας

221 725 380 788 μετ’
412 724 581 792 ἐμοῦ,
611 726 765 794 αὕτη
783 743 884 796 μοι
907 727 1131 781 ἔδωκεν
1157 726 1276 781 ἀπὸ
1300 725 1408 782 τοῦ
1436 727 1648 792 ξύλου,
1672 728 1770 782 καί
1803 728 1947 797 ἐφα-

227 819 388 868 τον.
441 805 680 860 Ἐλεεινά
723 808 794 861 τά
835 810 1085 879 ῥήματα,
1120 811 1214 862 καὶ
1253 809 1450 863 πολλοῦ
1497 809 1592 863 τοῦ
1632 811 1814 864 οίκτου
1853 810 1946 878 γέ-

235 903 453 954 μοντα,
485 891 582 944 καὶ
607 891 768 944 ἰκανά
806 893 944 963 πρὸς
977 893 1392 964 φιλανθρωπίαν
1422 895 1830 948 ἐπισπάσασθαι
1853 893 1944 947 τὸν

230 972 558 1043 Δεσπότην,
589 975 682 1027 τὸν
702 973 878 1039 οὕτως
897 976 1129 1046 ἥμερον,
1159 977 1254 1030 καὶ
1275 977 1576 1049 ἀγαθότητι
1610 979 1847 1032 νικῶντα
1875 977 1946 1031 τά

205 1057 506 1128 ,ἡμέτερα
554 1059 1032 1131 πλημμελήματα.
1078 1061 1296 1132 Ἐπειδὴ
1325 1063 1434 1133 γάρ
1471 1063 1560 1115 διά
1596 1062 1716 1130 τῆς.
1741 1063 1945 1132 πολλῆς

213 1143 652 1226 ξμακροθυμίας
669 1145 988 1198 κατέσεισεν
1015 1141 1182 1198 αὐτοῦ
1208 1145 1307 1216 τὴν
1327 1145 1586 1212 διάνοιαν,
1622 1146 1717 1198 καὶ
1747 1145 1944 1210 ἔδειξεν

221 1225 410 1298 ξαύτῷ
431 1225 526 1278 τοῦ
552 1228 951 1298 ἁμαρτήματος
971 1227 1032 1280 τὸ
1062 1227 1312 1298 μέγεθος,
1342 1229 1623 1298 μονονουχὶ
1650 1228 1944 1296 ἀπολογίαν

259 1309 446 1378 ’Δδάμ
475 1311 768 1374 συντιθεὶς,
802 1313 936 1382 φησί
960 1312 1098 1383 πρὸς
1127 1313 1308 1376 αὐτὸν,
1335 1314 1397 1366 Ἠ
1422 1313 1576 1383 γυνὴ
1610 1311 1690 1380 ῆν
1716 1312 1942 1380 ἔδωκας

241 1393 380 1458 μετ’
425 1391 598 1460 ἐμοῦ,
639 1393 792 1460 αὕτη
837 1411 939 1460 μοι
993 1393 1216 1448 ἔδωκεν
1263 1394 1380 1448 ἀπὸ
1428 1394 1536 1448 τοῦ
1579 1394 1792 1458 ξύλου.
1843 1395 1943 1450 καί

253 1476 505 1544 ἔφατον.
541 1471 696 1540 Οἶδα,
721 1477 907 1549 φησὶν,
943 1477 1302 1549 ἡμαρτηκὼς,
1334 1477 1446 1531 ἀλλ’
1477 1481 1510 1548 ἡ
1542 1477 1678 1549 γυνὴ
1719 1479 1788 1548 ἢν
1813 1479 1942 1532 ἐδω-

253 1575 356 1621 κας
385 1559 504 1628 μετ’
533 1558 693 1629 ἐμοῦ,
734 1563 862 1631 περὶ
883 1555 950 1632 ἧς
991 1561 1156 1624 αὐτὸς
1181 1558 1363 1628 εἶπας,
1393 1563 1744 1632 Ποιήσωμεν
1781 1563 1942 1628 αὐτῷ

247 1642 486 1709 ,ϐοηθὸν
505 1643 638 1695 κατ’
657 1644 864 1714 αὑτὸν,
888 1645 1026 1715 αὐτη
1053 1659 1141 1715 μοι
1164 1646 1312 1699 αἰτία
1335 1645 1429 1698 τοῦ
1454 1647 1666 1699 ὀλίσθου
1695 1645 1938 1713 γέγονεν.

265 1725 338 1778 Ἠ
367 1726 528 1792 γυνὴ
567 1724 651 1794 ἢν
671 1725 902 1794 ἔδωκας
923 1727 1051 1797 μετ’
1081 1731 1245 1799 ἐμοῦ.
1282 1729 1435 1802 [159]
1469 1731 1606 1785 Πότε
1635 1731 1743 1802 γὰρ
1774 1747 1942 1800 προσ-

251 1807 491 1879 εδόκησα
511 1809 716 1878 ταύτην
743 1812 808 1881 τῇ
835 1811 1067 1886 αἰσχύνῃ
1093 1831 1160 1882 με
1179 1813 1351 1886 ταύτῃ
1374 1815 1707 1885 περιϐαλεῖν,
1729 1815 1828 1885 τὴν
1853 1813 1940 1867 διά

251 1890 412 1943 τοῦτο
431 1892 960 1964 δημιουργηθείσαν,
987 1895 1074 1948 ἵνα
1106 1913 1198 1966 μοι
1234 1896 1334 1968 τὴν
1365 1899 1494 1968 παρ’
1541 1899 1742 1968 ἑαυτῆς
1769 1914 1940 1968 παρα·

255 1973 458 2042 μυθίαν
489 1975 796 2047 είσαγάγῃ;
820 1976 892 2029 Σύ
923 1995 1012 2048 μοι
1045 1979 1214 2050 αὐτὴν
1240 1979 1498 2044 δέδωκας,
1518 1982 1582 2033 σὺ
1605 1981 1772 2051 αὐτὴν
1804 1981 1940 2050 ῆγα-

253 2073 344 2124 γες
375 2057 520 2128 πρός
551 2076 642 2128 με.
682 2060 831 2130 Αῦτη
863 2061 1062 2127 τοίνυν,
1104 2065 1206 2117 οὐκ
1253 2062 1370 2118 οἰδα
1411 2067 1575 2119 πόθεν
1621 2066 1936 2134 κινουμένη,

251 2141 422 2194 ἔδωκέ
449 2159 542 2210 μοι
571 2143 682 2195 ἀπὸ
712 2143 806 2196 τοῦ
845 2143 1024 2212 ξύλου.
1064 2151 1158 2200 καὶ
1190 2147 1416 2217 ἔφαγον.
1449 2147 1634 2202 Ταῦτα
1661 2148 1809 2201 δοκεῖ
1841 2147 1938 2216 μὲν

251 2223 552 2291 ἀπολογίαν
585 2225 707 2278 τινὰ
752 2224 916 2297 ἔχειν,
950 2228 1134 2300 πάσης
1169 2230 1225 2282 δὲ
1277 2231 1646 2302 ἀπεστέρηται
1694 2227 1938 2298 συγγνώ-

253 2325 382 2376 μης.
426 2308 599 2372 Ποίας
640 2311 748 2380 γάρ
784 2310 850 2364 ἂν
889 2312 1011 2380 είης
1053 2313 1384 2385 συγγνώμης
1421 2315 1589 2380 ἄξιος,
1630 2315 1785 2384 φησι,
1824 2312 1938 2365 τῶν

249 2391 404 2460 ἐμῶν
439 2392 675 2447 ἐντολῶν
711 2394 1126 2466 ἐπιλαθόμενος,
1157 2397 1252 2451 καὶ
1278 2397 1385 2451 τῶν
1420 2397 1550 2468 παρ’
1582 2397 1716 2467 ἐμοῦ
1746 2395 1940 2467 ῥηθέν-

247 2490 357 2526 των
391 2477 798 2549 προτιμοτέραν
832 2479 1180 2550 ἡγησάμενος
1214 2480 1311 2552 τὴν
1355 2483 1507 2553 παρὰ
1543 2483 1642 2552 τῆς
1679 2481 1938 2549 γυναικὸς

249 2555 432 2620 δόσιν;
463 2558 529 2609 Εἰ
582 2559 694 2628 γὰρ
719 2561 814 2614 καὶ
843 2561 876 2631 ή
915 2561 1054 2630 γυνὴ
1085 2561 1306 2628 ἔδωκεν,
1338 2563 1453 2615 ἀλλ’
1481 2564 1513 2633 ὴ
1549 2563 1734 2632 ἐντολὴ
1764 2564 1796 2633 ἡ
1830 2563 1938 2632 ἐμὴ

251 2641 346 2692 καὶ
363 2643 394 2693 ό
406 2641 574 2709 φόϐος
589 2642 684 2694 τοῦ
709 2643 988 2714 ἐπιτιμίου
1013 2645 1197 2708 ἱκανὸς
1211 2641 1280 2716 ἦν
1295 2647 1818 2716 παρασκευάσασθαι
1838 2664 1938 2715 φυ-

251 2726 368 2790 γεῖν
395 2724 498 2794 τὴν
528 2725 850 2795 μετάληψιν.
879 2727 970 2796 Μὴ
1000 2727 1109 2798 γάρ
1129 2728 1414 2799 οὐκῇδειςς
1437 2729 1511 2800 μὴ
1546 2731 1654 2801 γὰρ
1683 2731 1934 2800 ὴγνόειςς

253 2804 558 2874 Προλαϐὼν
595 2806 683 2860 διά
703 2807 864 2860 τοῦτο
888 2803 1042 2862 εἷπον
1072 2811 1366 2882 κηδόμενος
1393 2813 1422 2866 ύ
1431 2813 1568 2881 μῶν,
1607 2813 1693 2866 ’ίνα
1722 2813 1796 2884 μὴ
1822 2813 1939 2866 τού-

251 2906 366 2954 τοις
393 2892 754 2964 περιπέσητε⁹
772 2892 937 2959 ὣστε,
958 2895 1006 2947 εἰ
1031 2895 1124 2948 καὶ
1149 2897 1182 2965 ή
1218 2897 1354 2964 γυνή
1375 2913 1457 2948 σοι
1479 2897 1614 2968 πρὸς
1642 2897 1740 2969 τὴν
1762 2898 1939 2967 παρά-

255 2974 414 3026 ϐασιν
438 2975 540 3046 τῆς
571 2975 792 3048 ἐντολῆς
822 2977 1238 3048 ὑπηρετήσατο,
1269 2977 1385 3032 ἀλλ’
1416 2979 1536 3032 οὐδὲ
1572 2979 1745 3043 οὕτως
1779 2978 1939 3032 ἀνεύ-

253 3061 414 3126 θυνος
445 3062 570 3134 ἔσῃ.
615 3063 1094 3136 Ἀξιοπιστοτέραν
1131 3065 1241 3138 γὰρ
1279 3066 1448 3136 ἐχρῆν
1486 3067 1796 3138 ἡγήσασθαι
1837 3067 1938 3140 τὴν

251 3152 388 3222 παρ’
420 3149 558 3220 ἐμοῦ
595 3150 837 3224 ἐντολὴν,
865 3152 963 3205 καὶ
999 3153 1062 3205 οὐ
1095 3153 1256 3224 μόνον
1289 3153 1455 3207 αὐτὸν
1486 3154 1544 3208 σὲ
1594 3157 1938 3226 παραιτήσα-

251 3239 380 3292 σθαι
409 3239 510 3310 τὴν
543 3238 770 3310 βρῶσιν,
795 3239 933 3294 ἀλλά
957 3241 1052 3294 καὶ
1081 3243 1148 3312 τῇ
1177 3243 1398 3310 γυναικὶ
1427 3242 1598 3310 δεῖξαι
1625 3243 1734 3299 τῶν
1766 3247 1940 3316 ήμαρ-

247 3327 507 3398 τημένων
536 3327 600 3380 τὸ
624 3326 875 3397 μέγεθος.
915 3329 1141 3402 Κεφαλὴ
1166 3329 1274 3398 γάρ
1304 3325 1357 3382 εἴ
1391 3329 1494 3402 τῆς
1528 3331 1803 3400 γυναικὸς,
1843 3331 1940 3386 καὶ

248 3415 340 3491 διά
369 3415 430 3467 σὲ
457 3414 644 3485 ἐκείνη
691 3414 948 3488 παρήχθη
969 3432 984 3448 ·
1016 3417 1082 3470 σὺ
1116 3417 1172 3470 δὲ
1205 3416 1304 3490 τὴν
1331 3417 1484 3484 τάξιν
1522 3420 1859 3491 ἀνέστρεψας
1886 3433 1936 3486 ι,

249 3489 346 3554 καὶ
375 3503 438 3554 οὐ
477 3503 638 3571 μόνον
664 3503 882 3574 ἐκείνην
914 3504 974 3556 οὐ
1005 3489 1344 3574 διώρθωσας,
1371 3505 1508 3560 ἀλλά
1537 3508 1629 3560 καὶ
1673 3489 1940 3576 συγκατε-

251 3588 508 3660 σπάσθης
526 3605 542 3619 ·
569 3591 662 3642 καὶ
689 3590 808 3644 δέον
838 3587 901 3642 τὸ
922 3590 1109 3645 λοιπὸν
1141 3592 1302 3661 σῶμα
1337 3595 1403 3664 τῇ
1435 3593 1643 3672 κεφαλῇ
1671 3594 1898 3648 ἕπεσθαι
1920 3636 1936 3661 ,

247 3677 311 3729 τὺ
359 3677 604 3732 ἐναντίον
649 3678 878 3747 γέγονε,
931 3679 1028 3734 καὶ
1057 3681 1091 3751 ή
1131 3679 1344 3752 κεφαλὴ
1386 3679 1466 3753 τῷ
1507 3679 1680 3752 λοιπῷ
1729 3682 1940 3754 σώματι

247 3765 674 3838 ἐξηκολούθησε,
725 3768 820 3822 καὶ
872 3767 940 3823 τά
987 3767 1101 3822 ἄνω
1157 3769 1308 3824 κάτω
1353 3769 1564 3839 γέγονε.
1614 3770 1714 3824 Διά
1744 3770 1936 3836 τοῦτο,

248 3854 442 3925 ἐπειδὴ
475 3854 576 3926 τὴν
607 3854 761 3920 τάξιν
795 3856 1014 3912 ἃπασαν
1041 3857 1398 3929 ἀνέστρεψας,
1430 3861 1488 3912 ἐν
1514 3858 1724 3922 τούτοις
1748 3856 1796 3912 εἰ
1821 3853 1935 3923 νῦν,

248 3942 278 3994 ὀ
311 3943 424 4013 πρὸ
449 3944 643 3996 τούτου
677 3944 918 4017 τοσαύτῃ
947 3945 1074 4017 δόξῃ
1119 3946 1607 4020 περιϐεϐλημένος.
1639 3949 1734 4012 Τίς
1758 3965 1816 4001 σε
1845 3945 1939 4002 οὖν

249 4032 376 4085 κατ’
409 4030 570 4096 ἀξίαν
593 4031 849 4103 ὀδύρηται
881 4033 983 4104 τῆς
1017 4033 1360 4106 ἀφαιρέσεως
1378 4033 1487 4088 τῶν
1515 4034 1782 4088 τοσούτων
1806 4037 1942 4104 ἀγα-

250 4121 399 4184 θῶν;
449 4119 592 4172 Ἀλλ’
616 4121 790 4191 ὅμως,
812 4121 858 4174 εἰ
895 4122 991 4175 καὶ
1018 4121 1191 4175 ταῦτά
1229 4139 1312 4176 σοι
1346 4122 1564 4176 ἅπαντα
1601 4124 1940 4195 συμϐέϐηκε,

253 4211 448 4282 μηδενὶ
491 4211 665 4282 ἑτέρῳ
695 4211 794 4283 τὴν
830 4211 1012 4266 αἰτίαν
1041 4212 1312 4283 ἐπίγραφε
1337 4255 1352 4277 ,
1376 4212 1512 4266 ἀλλά
1541 4213 1721 4285 σαυτῷ
1753 4215 1848 4267 καὶ
1871 4217 1940 4288 τῇ

251 4301 318 4370 σῇ
347 4299 600 4370 ῥᾳθυμίᾳ
625 4316 639 4330 ο
681 4301 744 4353 οὐ
795 4299 906 4372 γὰρ
943 4299 1030 4366 ἂν,
1071 4303 1119 4354 εἰ
1151 4301 1226 4373 μὴ
1267 4301 1599 4372 ἠϐουλήθης,
1633 4304 1667 4373 ἡ
1711 4304 1850 4373 γυνή
1882 4320 1942 4356 σε

247 4387 488 4458 ἠδύνατο
525 4391 606 4452 εἰς
642 4388 733 4444 τὸν
775 4387 988 4442 ὄλισθον
1025 4388 1212 4442 τοῦτον
1253 4390 1504 4458 ἀγαγεῖν.
1541 4389 1632 4461 Μὴ
1661 4391 1770 4460 γὰρ
1799 4407 1941 4462 παρ-

249 4475 518 4540 exalia-5's;
551 4474 628 4546 μὴ
657 4478 766 4548 γάρ
803 4475 1088 4547 διελέχθη;
1127 4476 1202 4548 μὴ
1235 4475 1346 4548 γὰρ
1369 4477 1690 4549 ὴπάτησενς
1731 4479 1942 4532 Ἔδωκε

253 4565 438 4634 μόνον,
463 4564 556 4616 καὶ
579 4563 786 4628 εὐθέως
809 4564 948 4635 μετά
969 4563 1240 4636 τοσαύτης
1264 4565 1512 4629 εὐκολίας
1539 4567 1633 4620 ἐπὶ
1653 4569 1752 4641 τὴν
1779 4569 1944 4638 μετά-

249 4651 418 4722 ληψιν
451 4648 730 4721 ὐπήχθης,
752 4650 1010 4721 οὐδεμίαν
1041 4653 1264 4722 μνήμην
1290 4655 1658 4724 ποιησάμενος
1684 4657 1784 4725 τῆς
1801 4656 1944 4727 ἐμῆς

249 4739 500 4810 ἐντολῆς,
544 4737 661 4792 ἀλλ’
695 4739 954 4810 ἐνόμισας
998 4739 1314 4810 ὴπατῆσθαι
1362 4745 1493 4814 παρ’
1534 4741 1669 4814 ἐμοῦ
1691 4783 1706 4808 ,
1734 4744 1942 4798 καὶδιά

249 4826 414 4880 τοῦτο
447 4825 524 4898 μὴ
561 4827 981 4899 συγχωρηθῆναι
1014 4845 1097 4881 σοι
1127 4828 1227 4900 τὴν
1263 4829 1486 4901 βρῶσιν,
1525 4831 1612 4884 ἵνα
1657 4832 1733 4902 μὴ
1763 4833 1944 4903 μειζό-

251 4932 364 4968 νων
395 4915 682 4986 ἐπιτύχῃς.
715 4917 824 4968 Καὶ
872 4915 990 4979 πῶς
1021 4916 1088 4970 ἂν
1119 4917 1232 4988 ἔχοι
1258 4918 1414 4986 λόγον
1463 4922 1604 4990 mp"
1625 4920 1760 4990 ἐμοῦ
1799 4921 1944 4990 ἡπα-

253 5004 456 5075 τῆσθαί
485 5023 567 5064 σε.
587 5003 681 5057 τοῦ
704 5005 974 5069 τοσαύτας
999 5007 1320 5076 εὐεργεσίας
1347 5011 1427 5072 εἰς
1454 5009 1513 5061 σέ
1537 5011 1736 5064 καταθε
1745 5012 1906 5081 μένου
1927 5027 1940 5076 ;

257 5092 373 5146 Καὶ
402 5090 562 5145 τοῦτο
592 5092 651 5144 δὲ
679 5093 812 5146 αὐτὸ
839 5094 969 5163 ὅσης
991 5089 1060 5165 ἦν
1085 5095 1406 5166 εὐεργεσίας
1435 5097 1684 5166 μέγεθος,
1722 5101 1784 5152 τὸ
1813 5117 1946 5170 προ-

253 5179 447 5234 λαϐεῖν
485 5181 584 5234 καὶ
607 5181 1012 5235 διαστείλασθαι
1053 5184 1152 5253 τὴν
1179 5185 1410 5256 ἀποχὴν,
1443 5185 1584 5238 ὥστε
1618 5187 1691 5258 μὴ
1734 5188 1946 5252 τούτοις

254 5273 620 5340 περιπεσεῖν,
657 5265 740 5334 οἷς
771 5271 867 5323 νῦν
902 5273 1096 5325 ἐαυτὸν
1146 5273 1505 5345 περιέϐαλες;
1555 5276 1714 5329 Ἀλλά
1766 5277 1944 5332 πάντα

255 5358 435 5412 ταῦτα
466 5360 597 5430 παρ’
620 5359 776 5413 οὐδὲν
801 5359 1048 5431 θέμενος,
1087 5361 1196 5414 ἰδοὺ
1242 5361 1330 5414 διά
1373 5365 1471 5432 τῆς
1501 5365 1698 5434 πείρας
1742 5364 1945 5435 ἔμαθες

253 5446 370 5498 τῶν
399 5447 811 5519 ἡμαρτημένων
855 5465 934 5500 σοι
975 5449 1035 5502 τὸ
1072 5449 1336 5519 μέγεθοςο
1364 5450 1548 5504 λοιπὸν
1582 5453 1715 5522 μηδέ
1742 5458 1806 5526 τῇ
1847 5472 1945 5522 γυ-

257 5535 409 5589 ναικὶ
441 5537 578 5615 μόνῃ
618 5535 719 5608 τὴν
753 5537 935 5591 αἰτίαν
963 5537 1238 5608 ἐπίγραφε
1264 5581 1277 5605 ,
1309 5539 1445 5592 ἀλλά
1477 5542 1572 5594 καὶ
1600 5545 1666 5612 τῇ
1702 5544 1946 5615 ῥᾳθυμίᾳ
1975 5577 1990 5592 .

253 5626 326 5677 τῆ
365 5613 590 5677 σαυτοῦ.

365 5641 590 5677 σαυτου.

290 5641 397 5762 na’.
415 5710 638 5781 Ἐπειδὴ
661 5711 838 5766 τοίνυν
861 5713 1175 5784 ἀρκούντως
1205 5715 1343 5786 πρὸς
1370 5716 1460 5769 τὸν
1489 5717 1659 5790 Ἀδάμ
1674 5719 1943 5792 διελέχθη,

253 5799 358 5854 καὶ
381 5797 483 5870 τὴν
510 5800 800 5870 ὁμολογίαν
823 5804 1040 5867 ἐκεῖνος
1058 5805 1354 5876 ἐποιήσατο
1387 5805 1494 5860 τῶν
1515 5809 1941 5881 ἡμαρτημένων,

253 5886 338 5951 ὡς
370 5887 592 5960 ἐνόμισε
644 5890 742 5961 τὴν
783 5891 963 5944 αἰτίαν
996 5893 1076 5955 εἰς
1123 5892 1222 5964 τὴν
1250 5897 1483 5962 γυναῖκα
1513 5896 1800 5966 μεταθείςο
1840 5900 1941 5971 ὅρα

327 6042 356 6072 ⁸
381 6041 586 6095 Coislin.
610 6045 924 6108 ἀπέστρεώας.
953 6045 1052 6098 Sex
1079 6061 1194 6099 mss.
1221 6054 1274 6099 el
1295 6049 1445 6100 Savil.
1469 6049 1802 6112 ἀπέστρεὼας.

677 6131 944 6210 Ρλτιιοι..
991 6151 1104 6210 Gn.
1165 6151 1288 6212 Lm

1393 355 1462 416 IN
1503 359 1658 416 CAP.
1700 359 1766 416 Ill
1805 361 2048 418 GENES.
2091 353 2324 419 ΙΙὈΜΙΙ..
2367 360 2528 420 XVII.

3611 365 3714 419 HO

2046 479 2137 531 τὸν
2191 479 2392 547 ἀγαθὸν
2441 479 2716 552 Δεσπότην
2737 521 2752 546 ,
2797 477 2940 551 πόσῃ
2996 481 3062 550 τῇ
3117 477 3521 548 συγκαταϐἀσει
3555 480 3717 534 πάλιν

2047 567 2334 638 κέχρηται,
2359 567 2456 620 καὶ
2494 567 2638 634 ἀξιοῖ
2662 567 2756 620 καὶ
2781 568 2986 638 ταύτην
3015 584 3116 636 της
3143 567 3272 637 παρ’
3306 566 3473 621 αὐτοῦ
3499 568 3724 638 ἀποκρί-

2049 671 2205 718 σεως.
2241 655 2352 708 Καὶ
2376 651 2536 721 εἶπε,
2563 656 2747 726 φησὶν,
2775 659 2809 710 ό
2849 654 2994 720 Θεὸς
3015 653 3089 722 τῇ
3123 655 3366 724 γυναικί
3389 669 3406 684 ·
3455 657 3516 711 Τί
3542 655 3720 710 τοῦτο

2043 743 2379 812 ἐποίησαςξ
2421 745 2720 808 Ἤκουσας,
2747 745 2902 815 φησὶ,
2941 741 3034 796 τοῦ
3065 741 3255 813 ἀνδρὸς
3279 742 3372 794 ἐπὶ
3413 741 3474 794 σέ
3508 741 3608 813 τὴν
3633 743 3721 796 αἰ·-

2044 831 2167 884 τίαν
2219 831 2654 902 μεταφέροντος,
2703 831 2797 884 καὶ
2840 831 2900 884 τὸ
2939 833 3048 884 πᾶν
3093 831 3489 904 ἐπιγράφοντός
3531 847 3614 882 σοι
3653 831 3720 901 τῇ

2044 919 2180 990 πρὸς
2212 919 2463 990 βοήθειαν
2489 919 2654 972 αὐτοῦ
2688 918 2970 990 δεδομένῃ,
2997 920 3096 972 καὶ
3127 919 3217 972 διά
3244 917 3403 971 τοῦτο
3434 917 3584 990 [140]
3613 935 3719 970 πα-

2047 1007 2328 1080 ραχθείσῃ,
2363 1008 2449 1062 ἵνα
2472 1008 2572 1078 τὴν
2611 1007 2762 1078 παρά
2795 1007 3000 1078 σαυτῆς
3031 1005 3383 1078 παραμυθίαν
3415 1007 3719 1078 εἰσαγάγῃς

2044 1093 2214 1166 αὐτῷ,
2239 1098 2328 1150 οἵα
2347 1096 2410 1164 δὴ
2437 1096 2703 1168 ὁμογενὴς
2726 1096 2820 1150 καί
2851 1097 2950 1165 τῆς
2983 1095 3154 1166 αὐτῆς
3177 1094 3328 1166 αὐτῷ
3354 1093 3567 1163 φύσεως
3609 1112 3724 1150 κοι-

2043 1185 2306 1240 νωνοῦσα.
2339 1185 2495 1248 Τίνος
2543 1181 2637 1238 οὖν
2677 1185 2862 1238 ἐνικεν
2909 1183 3068 1236 τοῦτο
3104 1183 3390 1253 ἐποίησας,
3429 1176 3476 1236 ὧ
3526 1182 3720 1251 γύναις

2043 1274 2137 1326 καὶ
2157 1272 2246 1326 διά
2273 1273 2326 1326 τί
2368 1273 2464 1327 καὶ
2508 1275 2678 1344 σαυτῇ
2717 1273 2813 1326 καὶ
2843 1272 2925 1343 τῷ
2968 1273 3124 1344 ἀνδρὶ
3149 1272 3422 1343 τοσαύτης
3458 1271 3721 1341 αἰσχύνης

2042 1361 2190 1414 αἰτία
2215 1361 2526 1430 κατέστης;
2563 1360 2629 1414 Τί
2675 1377 2758 1412 σοι
2791 1357 2853 1412 τὸ
2881 1359 3073 1428 ὄφελος
3101 1359 3324 1428 γέγονεν
3363 1359 3472 1413 ἀπὸ
3511 1359 3610 1428 τῆς
3635 1375 3721 1410 το-

2045 1447 2248 1519 σαύτης
2293 1449 2603 1518 ἀκρασίας;
2646 1447 2700 1502 τί
2744 1465 2827 1500 σοι
2875 1450 2976 1517 τῆς
3025 1448 3244 1518 ἀπάτης
3286 1447 3348 1500 τὸ
3403 1446 3616 1518 κέρδος.
3651 1445 3720 1515 ἣν

2043 1535 2242 1589 ἑκοῦσα
2269 1537 2580 1606 ὴπατήθης,
2612 1534 2825 1589 καὶτὸν
2871 1537 3038 1606 ἄνδρα
3077 1536 3331 1588 κοινωνὸν
3367 1534 3467 1604 τῆς
3503 1533 3722 1603 ἀπάτης

2041 1624 2312 1694 εἰργάσω;
2342 1624 2408 1676 Τί
2453 1620 2547 1676 οὖν
2589 1626 2624 1693 ή
2667 1625 2840 1694 γυνή·
2887 1624 2940 1676 Ὁ
2989 1623 3126 1691 ὄφις
3170 1621 3450 1690 ἠπάτησέ
3477 1639 3584 1690 με,
3620 1619 3722 1674 καί

2039 1713 2286 1781 ἔρανον.
2325 1712 2466 1782 Ὅρα
2495 1711 2586 1764 καὶ
2615 1710 2817 1780 ταύτην
2842 1712 2902 1763 ἐν
2937 1711 3104 1780 πολλῇ
3137 1707 3309 1778 δειλίᾳ
3333 1708 3684 1762 καθεστῶσαν
3705 1749 3719 1770 ,

2041 1801 2135 1853 καὶ
2159 1799 2601 1870 ἀπολογουμένην
2638 1798 2779 1870 ὑπὲρ
2825 1797 2934 1852 τῶν
2980 1798 3412 1869 ἡμαρτημένων.
3455 1795 3722 1866 Καθάπερ

2039 1888 2149 1959 γάρ
2181 1889 2210 1940 ὀ
2241 1885 2378 1958 ἀνὴρ
2406 1887 2506 1958 τὴν
2533 1885 2710 1940 αἰτίαν
2742 1885 2836 1938 ἐπὶ
2879 1884 2977 1956 τὴν
3018 1887 3255 1954 γυναῖκα
3285 1879 3430 1946 ἔδοξε
3469 1884 3722 1952 μετάγειν

2039 1973 2234 2042 λέγων·
2279 1973 2344 2026 Ἡ
2377 1973 2514 2045 γυνὴ
2564 1975 2762 2045 ἧνεγκε
2783 2015 2798 2039 ,
2833 1973 2928 2026 καὶ
2963 1972 3132 2027 ἐδωκέ
3181 1987 3270 2041 μοι
3296 2012 3311 2035 ,
3359 1969 3452 2024 καὶ
3486 1969 3717 2036 ἐφαγον·

2038 2061 2182 2116 οὕτω
2211 2061 2304 2116 καὶ
2335 2060 2474 2132 αὐτὴ
2499 2061 2754 2132 οὐδεμίαν
2783 2059 3116 2133 εὐρίσκουσα
3147 2057 3438 2126 ἀποφυγὴν
3469 2054 3725 2126 ὁμολογεῖ

2037 2149 2100 2202 τὸ
2131 2149 2520 2220 γεγενημένον,
2550 2149 2644 2202 καί
2682 2165 2868 2219 φησιν,
2905 2147 2960 2199 '0
2988 2147 3124 2216 ὄφις
3165 2143 3444 2213 ἠπάτησέ
3473 2158 3550 2212 με
3574 2181 3589 2206 ,
3623 2140 3723 2193 καὶ

2037 2237 2283 2307 ἔφαγον.
2320 2237 2392 2290 Τὺ
2415 2236 2651 2308 πονηρὸν
2693 2237 2890 2302 ἐκεῖνο,
2933 2235 3104 2306 φησὶ,
3141 2232 3330 2304 θηρίον
3367 2229 3556 2284 τοῦτον
3587 2231 3721 2300 ἡμῖν

2037 2325 2128 2378 τὸν
2161 2324 2374 2378 ὄλισθον
2405 2323 2790 2396 προεξένησεν,
2821 2323 3032 2377 ἐκείνου
3070 2323 3104 2392 ή
3153 2319 3398 2391 ὀλέθριος
3443 2316 3720 2389 συμϐουλὴ

2037 2415 2119 2476 εἰς
2151 2411 2355 2482 ταύτην
2377 2413 2526 2484 ἡμᾶς
2552 2411 2653 2482 τὴν
2677 2410 2941 2482 αἰσχύνην
2963 2411 3218 2480 ἤνεγκεν,
3248 2405 3456 2468 ἐκεῖνός
3481 2422 3548 2476 με
3579 2403 3721 2474 ὴπά-

2037 2515 2190 2571 τησε,
2223 2501 2318 2554 καί⁵
2345 2499 2568 2568 ἐφαγον.
2596 2499 2688 2570 Μὴ
2716 2498 2901 2562 ἁπλῶς
2931 2496 3390 2569 παρατρέχωμεν.
3421 2491 3718 2564 ἀγαπητοὶ,

2036 2587 2107 2641 τὰ
2137 2589 2426 2659 λεγόμενα,
2453 2587 2566 2641 ἀλλ’
2590 2587 2832 2658 ἀκριϐῶς
2861 2583 3277 2657 διερευνώμενοι
3303 2580 3503 2650 πολλὴν
3535 2577 3718 2632 ἐντεῦ-

2039 2679 2129 2730 θεν
2149 2675 2575 2748 καρπωσώμεθα
2610 2676 2711 2745 τὴν
2753 2674 3040 2744 ὠφέλειαν.
3081 2671 3438 2742 Δικαστήριον
3470 2668 3578 2737 γάρ
3603 2669 3720 2720 ἐστι

2039 2765 2288 2838 φοϐερὸν,
2314 2766 2408 2819 καὶ
2440 2764 2644 2836 φρίκης
2671 2763 2869 2833 γέμον,
2901 2761 2995 2814 καὶ
3023 2761 3104 2812 δεῖ
3133 2758 3313 2812 πάντα
3359 2757 3499 2827 μετὰ
3539 2757 3718 2824 ἀσφα-

2037 2854 2188 2918 λείας
2221 2853 2560 2914 ἀκούσαντας
2584 2851 2750 2905 πολὺν
2780 2851 2872 2904 τὸν
2901 2848 3008 2902 ἀπὸ
3032 2847 3142 2901 τῶν
3171 2844 3477 2915 λεγομένων
3512 2841 3718 2910 θησαυ-

2043 2943 2132 3014 ρὸν
2157 2939 2569 2996 ἐναποτίθεσθαι
2604 2942 2672 3011 τῇ
2703 2937 2924 3009 διανοίᾳ.
2955 2935 3157 2989 Σκόπει
3191 2933 3300 3004 γὰρ
3323 2930 3526 2984 καὶτὸν
3551 2929 3718 2997 ἄνδρα

2038 3031 2282 3100 λέγοντα,
2318 3030 2400 3084 ὅτι
2440 3023 2687 3099 ’ῙΙτ-υνὴ
2713 3025 2796 3094 ἣν
2831 3025 3060 3090 ἔδωκας
3083 3024 3212 3092 μετ’
3237 3019 3404 3090 ἐμοῦ,
3439 3018 3590 3084 αὕτη
3617 3034 3720 3085 μοι

2039 3117 2222 3173 ἔδωκε
2241 3159 2257 3184 ,
2289 3118 2390 3172 καὶ
2437 3118 2683 3187 ἔφαγον.
2731 3111 2980 3185 Οὐδαμοῦ
3025 3112 3239 3180 ἀνάγκη
3259 3147 3275 3174 ,
3307 3105 3545 3178 οὐδαμοῦ
3579 3105 3669 3175 βία
3699 3145 3715 3171 ,

2039 3206 2177 3262 ἀλλά
2215 3207 2536 3278 προαίρεσις
2583 3207 2679 3259 καὶ
2725 3202 2951 3274 γνώμηο
2982 3200 3152 3254 ἔδωκε
3185 3198 3378 3270 μόνον,
3419 3197 3520 3250 οὐκ
3553 3193 3722 3264 ἠνὰγά

2040 3309 2228 3360 κασεν,
2271 3294 2372 3346 οὐκ
2400 3292 2676 3346 ἐϐιάσατο.
2727 3289 2834 3344 Καὶ
2891 3287 3029 3358 αὐτὴ
3075 3286 3238 3341 πάλιν
3265 3283 3560 3352 ἀπολογίαν
3597 3299 3724 3334 συν-

2037 3383 2283 3446 τιθεῖσα,
2309 3381 2409 3435 οὐκ
2443 3378 2624 3434 εἶπεν·
2663 3379 2724 3432 '0
2747 3379 2870 3447 ὖφις
2900 3373 3181 3445 ἠνάγκασέ
3224 3391 3291 3444 με
3311 3415 3326 3438 ,
3356 3371 3450 3426 καὶ
3497 3370 3720 3440 ἔφαγον.

2053 3472 2212 3527 Ἀλλά
2267 3473 2352 3540 τί;
2397 3471 2461 3524 '0
2501 3471 2638 3540 ὄφις
2676 3467 2952 3536 ἡπάτησέ
2989 3483 3096 3536 με’
3125 3463 3219 3519 τοῦ
3247 3464 3306 3520 δὲ
3334 3461 3720 3532 ἀπατηθῆναι,

2040 3560 2136 3612 καὶ
2173 3557 2247 3629 μὴ
2280 3556 2627 3628 ἀπατηθῆναι
2661 3554 2826 3626 κυρία
2854 3549 2943 3626 ἦν.
2983 3553 3046 3607 '0
3067 3551 3222 3620 ὄφις,
3257 3545 3724 3620 φησὶν,ήπιίτησέ

2032 3666 2130 3718 με.
2149 3648 2206 3701 '0
2235 3647 2343 3719 γὰρ
2375 3644 2568 3717 ἐχθρὸς
2588 3645 2616 3685 b
2664 3645 2762 3714 τῆς
2821 3641 3096 3714 σωτηρίας
3128 3639 3228 3710 τῆς
3257 3639 3534 3708 ἡμετέρας
3573 3636 3724 3704 ἐνερ-

2037 3737 2213 3808 γήσας
2243 3735 2333 3788 διά
2352 3733 2447 3788 τοῦ
2478 3732 2716 3804 πονηροῦ
2749 3731 2959 3790 ἐκείνου
2989 3728 3178 3800 θηρίου
3197 3767 3212 3790 ,
3239 3726 3333 3780 καὶ
3358 3727 3457 3796 τὴν
3485 3725 3724 3793 συμϐουο

2038 3825 2136 3898 λὴν
2157 3821 2468 3893 εἰσαγαγὼν
2491 3821 2796 3892 ἠπάτησεν,
2813 3819 2913 3873 οὐκ
2937 3817 3269 3888 ἠνάγκασεν,
3295 3813 3416 3867 οὐδέ
3443 3811 3721 3898 ἐϐιάσατο,

2041 3897 2178 3966 ἀλλά
2206 3911 2296 3966 διὰ
2315 3910 2418 3979 τῆς
2439 3909 2690 3980 ὀλεθρίας
2721 3906 3031 3978 συμϐουλῆς
3066 3905 3164 3977 τὴν
3203 3903 3420 3973 ἀπάτην
3453 3901 3532 3963 εἰς
3564 3897 3722 3969 ἔργον

2039 4001 2268 4071 ἤγαγεν,
2309 3997 2497 4070 ἐπειδὴ
2543 3989 2672 4069 εὗρε
2710 3995 2808 4067 τὴν
2853 3996 3094 4064 γυναῖκα
3137 3990 3374 4052 εὐκόλως
3418 3985 3722 4056 δυναμένην

2038 4090 2288 4155 δέξασθαι
2318 4088 2414 4160 τὴν
2439 4087 2655 4158 ἀπάτην
2673 4085 2772 4158 τὴν
2803 4083 2983 4154 πάσης
3010 4081 3339 4151 συγγνώμης
3362 4088 3384 4117 ο
3417 4079 3724 4145 ἀπεστερη-

2044 4182 2233 4251 μένην.
2253 4179 2314 4232 '0
2349 4179 2485 4248 ὄφις
2535 4175 2818 4246 ἠπάτησέ
2863 4189 2960 4245 με,
2988 4172 3088 4225 καὶ
3117 4167 3516 4240 ἔφαγον-,Ὅρα
3545 4164 3726 4217 τοίνυν

2040 4268 2133 4322 τὸν
2166 4267 2370 4337 ἀγαθὸν
2401 4266 2680 4337 Δεσπότην
2729 4261 3068 4333 ἀρκούμενον
3105 4257 3288 4312 αὐτῶν
3323 4259 3436 4318 τοῖς
3475 4255 3681 4325 ῥήμασι
3707 4291 3722 4312 ,

2041 4357 2133 4410 καί
2185 4357 2336 4410 οὐδὲν
2370 4354 2681 4426 περαιτέρω
2723 4347 3210 4418 καταναγκάζοντα
3251 4345 3450 4414 λέγειν.
3505 4340 3725 4412 Ἐπειδὴ

2043 4447 2151 4518 γὰρ
2183 4447 2281 4500 οὐκ
2315 4445 2525 4516 ἀγνοῶν
2549 4443 2726 4498 ταῦτα
2771 4439 2960 4514 ὴρώτα
2979 4480 2993 4503 ,
3021 4437 3136 4492 ἀλλ’
3167 4435 3323 4498 εἰδὼς
3346 4475 3361 4500 ,
3397 4432 3492 4486 καὶ
3522 4431 3726 4501 σφόδρα

2043 4533 2218 4597 εἰδὼς,
2255 4533 2342 4587 ἵνα
2402 4533 2458 4587 δὲ
2499 4531 2599 4602 τὴν
2655 4529 2862 4584 οἰκείαν
2909 4523 3320 4596 φιλανθρωπίαν
3355 4519 3723 4589 ἐπιδείξηται,

2045 4619 2467 4690 συγκαταϐαίνει
2489 4617 2668 4672 αὐτῶν
2689 4620 2755 4690 τῇ
2782 4614 3057 4686 ἀσθενείᾳ,
3083 4613 3176 4666 καί
3201 4608 3727 4669 ἐκκαλεῖταιαύτοὺς

2044 4711 2122 4772 εἱς
2162 4707 2454 4778 ὁμολογίαν
2491 4705 2602 4760 τῶν
2647 4703 3049 4774 ἐπταισμένων.
3101 4700 3200 4753 Διά
3240 4696 3397 4751 τοῦτο
3434 4691 3528 4747 οὗν
3571 4693 3726 4746 οὐδὲν

2045 4795 2205 4850 πλέον
2237 4796 2434 4866 ἐρωτᾷ.
2479 4795 2678 4866 Ἐχρῆν
2707 4793 2820 4864 γὰρ
2862 4793 2970 4863 ἄρα
3004 4789 3192 4862 μαθεῖν
3226 4787 3319 4840 καὶ
3366 4784 3427 4837 τὸ
3456 4779 3594 4846 εἶδος
3625 4781 3728 4850 τῆς

2044 4886 2261 4956 ἀπάτης
2279 4901 2291 4914 ·
2317 4883 2540 4938 ἀλλ’ἵνα
2571 4885 2702 4954 ἡμῖν
2738 4881 2889 4953 δείξῃ
2925 4881 3007 4932 ὅτι
3043 4878 3145 4930 οὐκ
3172 4873 3396 4944 ἀγνοίας
3422 4867 3490 4944 ἦν
3525 4874 3556 4942 ἡ
3585 4869 3726 4941 ἐρώ-

2043 4990 2200 5044 τησις
2225 5013 2239 5037 ,
2291 4973 2542 5044 ἀρκεῖται
2586 4973 2699 5036 τοῖς
2727 4967 3008 5039 ρηθεῑσιν.,
3043 4962 3286 5017 Εἰποῦσα
3318 4961 3447 5032 γὰρ,
3492 4961 3554 5012 '0
3589 4960 3724 5027 ὄφις

2043 5061 2325 5130 ἠπάτησέ
2346 5077 2444 5130 με,
2487 5059 2588 5112 καί
2624 5059 2871 5130 ἔφαγον,
2918 5053 3133 5122 ἐκείνην
3182 5049 3401 5122 ᾐνίξατο
3459 5047 3556 5120 τὴν
3608 5047 3726 5100 ὀλε-

2048 5149 2203 5220 θρίαν
2256 5145 2586 5218 συμϐουλὴν,
2633 5147 2698 5214 ἢν
2743 5141 2960 5206 ἐδέξατο
3003 5139 3154 5211 παρᾶ
3193 5137 3288 5190 τοῦ
3341 5137 3588 5191 διαϐόλου
3636 5135 3726 5188 διὰ

2043 5237 2137 5291 τοῦ
2174 5237 2370 5306 ὄφεως,
2416 5237 2498 5290 ὅτι
2537 5231 2767 5288 Ἐσεσθε
2806 5231 2944 5304 μετὰ
2976 5229 3074 5302 τὴν
3109 5229 3311 5300 βρῶσιν
3349 5228 3424 5291 ὡς
3465 5226 3593 5280 θεοί.
3633 5223 3725 5277 Εἴ-

2044 5325 2163 5378 δετε
2208 5326 2324 5396 μεθ’
2359 5325 2494 5394 ὅσης
2531 5320 2817 5396 ἀκριϐείας
2847 5319 3108 5391 ἠρωτήθη
3141 5319 3168 5369 ὀ
3205 5317 3404 5386 Ἀδάμς
3446 5315 3566 5382 μεθ’
3595 5315 3727 5384 ὅσης

2047 5413 2394 5478 ἀνεξικακίας
2443 5411 2671 5482 εἰσήχθη
2722 5411 2801 5472 εἰς
2837 5409 2897 5462 τὸ
2942 5408 3288 5478 δικαστήριον
3336 5405 3430 5458 καὶ
3479 5405 3511 5473 ὴ
3554 5405 3722 5474 γυνής

2048 5502 2163 5565 πῶς
2199 5501 2460 5570 ἑκάτερος
2507 5498 2686 5554 αὐτῶν
2737 5497 2836 5568 τὴν
2886 5495 3181 5562 ἀπολογίαν
3231 5495 3552 5562 ἐ-ποιήσατος
3593 5489 3728 5542 Βλέ-

2046 5607 2176 5643 πετε
2230 5589 2417 5640 λοιπὸν
2469 5584 2704 5641 ἐνταῦθα
2751 5585 2852 5655 τῆς
2904 5583 3112 5652 ἀφάτου
3166 5580 3575 5652 φιλανθρωπίας
3630 5579 3726 5631 τοῦ

2045 5675 2298 5730 δικαστοῦ
2340 5677 2439 5745 τὴν
2481 5673 2806 5744 ὑπερϐολήν.
2844 5669 3024 5744 [Mi]
3085 5669 3304 5738 Ἐπειδὴ
3350 5667 3456 5737 γάρ
3498 5664 3646 5720 εἶπεν
3694 5669 3726 5736 ή

2049 5765 2204 5835 γυνὴ,
2227 5764 2306 5816 ὅτι
2337 5762 2392 5814 '0
2427 5763 2562 5831 ὄφις
2581 5759 2858 5828 ἠπάτησέ
2885 5777 2981 5829 με,
3009 5759 3108 5812 καὶ
3137 5759 3384 5826 ἔφαγον·
3408 5755 3590 5808 οὐκέτι
3619 5755 3728 5806 λοι-

2053 5851 2151 5906 πὸν
2185 5849 2527 5922 ἀποκρίσεως
2575 5847 2716 5913 ἀξιοί
2755 5847 2846 5903 τὸν
2879 5848 3022 5918 ὅφιν,
3050 5845 3170 5900 οὐδὲ
3209 5842 3505 5912 ἀπολογίας
3546 5840 3728 5912 χώραν

2115 5997 2144 6037 ιι
2169 5995 2341 6046 Morel.
2361 5997 2449 6052 ὅρα
2469 5993 2574 6059 γάρ·
2599 5993 2625 6059 ὃ
2645 5993 2819 6057 ἐχθρός.
2847 6005 3122 6059 mss._p¢ne
3146 6003 3318 6042 omnes
3341 5993 3394 6040 et
3419 5985 3569 6040 Βενἰῇ
3595 5988 3622 6036 ὸ
3642 5986 3730 6047 γὰρ

2057 6059 2231 6122 ἐχθρός.
2303 6061 2324 6090 ⁸
2359 6056 2826 6113 Μοτρίξπάσηςτῆς
2850 6056 3134 6118 συμϐουλῆς.

3224 6157 3262 6210 9
