4038 6394
387 364 478 412 Nl
1203 365 1257 417 S.
1300 361 1582 418 JOANMS
1620 359 2105 418 CIIRYSOSTOMI
2147 357 2463 415 ARCIIIEP.
2501 355 3046 413 CONSTANTINOP.

373 477 522 545 αὐτῷ
556 478 805 549 παρέχει,
839 479 956 532 οὐδέ
991 480 1168 549 ἐρωτᾷ
1200 479 1448 549 καθάπερ
1491 479 1582 532 τὸν
1621 479 1789 549 ἀνδρα
1828 480 1919 531 καὶ
1946 477 2044 545 τὴν

372 568 632 632 γυναῖκαο
671 566 804 620 ἀλλά
845 569 946 627 τὰς
979 566 1108 636 παρ’
1143 567 1367 619 ἐκείνων
1406 566 1702 632 ἀπολογίας
1733 565 2044 634 δεξάμενος,

373 654 467 706 ἐπὶ
492 654 678 706 τοῦτον
699 655 774 715 ὼς
793 654 966 707 αἴτιον
990 655 1098 708 τῶν
1121 654 1258 708 ὅλων
1284 654 1470 708 κακῶν
1495 654 1861 724 γεγενημένον
1879 656 2045 726 ὁρμᾷ.

376 739 485 792 Καὶ
516 741 703 810 ἐπειδὴ
730 741 806 804 ώς
830 742 964 805 Θεὸς
995 743 1090 795 καὶ
1116 742 1184 796 τά
1211 743 1499 814 ἀπόρρητα
1528 743 1888 810 ἐπιστάμενος
1909 742 2044 812 ᾔδει,

372 830 456 884 ὅτι
477 830 639 894 αὐτὸς
669 826 738 902 ἦν
775 833 802 884 ὀ
833 833 1317 903 ὑπηρετησάμενος
1339 835 1406 902 τῇ
1443 830 1538 885 τοῦ
1566 831 1811 884 διαϐόλου
1836 831 2048 884 ἐπιϐου-

374 921 438 988 λῇ
459 931 506 981 ι,
543 919 636 971 καὶ
665 923 730 990 τῇ
765 919 1055 991 βασκανίᾳ,
1084 921 1150 992 ὴν
1174 919 1305 991 περὶ
1332 920 1424 972 τὸν
1445 919 1732 991 ἄνθρωπον
1765 918 2047 983 ἐπεδείξα-

369 1021 450 1065 το,
491 1005 580 1059 ἴνα
610 1006 788 1078 μάθῃς
821 1005 987 1060 αὐτοῦ
1037 1007 1136 1076 τὴν
1180 1005 1513 1075 ἀγαθότητα,
1553 1005 1669 1068 πῶς
1710 1006 1795 1059 ἐπ’
1822 1005 2046 1058 ἐκείνων

359 1092 470 1161 ,μὲν
522 1093 617 1145 καὶ
659 1091 815 1156 εἰδὼς
847 1093 926 1162 τῷ
957 1094 1057 1164 μὲν
1106 1094 1277 1161 ἔλεγε,
1319 1094 1442 1148 Ποῦ
1471 1089 1556 1156 sl;
1607 1095 1698 1158 Τίς
1724 1092 2049 1162 ἀνήγγειλέ

371 1193 468 1232 σοι
498 1178 587 1231 ὅτι
619 1179 847 1248 γυμνὸς
876 1177 966 1246 sl;
1001 1184 1065 1250 τῇ
1101 1181 1157 1233 δὲ
1195 1181 1366 1248 ἔλεγε,
1410 1180 1478 1234 Τί
1507 1181 1684 1234 τοῦτο
1718 1181 2048 1248 ἐποίησας;

369 1266 462 1317 ἐπὶ
509 1266 602 1320 τοῦ
645 1267 884 1337 πονηροῦ
940 1266 1129 1320 τούτου
1175 1267 1366 1338 θηρίου
1405 1267 1558 1320 οὐδὲν
1596 1268 1836 1321 τοιοῦτον
1881 1270 2044 1334 ποιεῖ,

367 1352 501 1405 ἀλλά
524 1353 601 1415 τίς
643 1355 749 1407 Καὶ
771 1350 903 1407 εἷπε
934 1356 1147 1422 Κύριος
1181 1358 1213 1409 ό
1247 1355 1390 1421 Θεὸς
1417 1350 1496 1422 τῷ
1519 1355 1668 1424 ὄφει,
1689 1356 1808 1407 Ὅτι
1840 1355 2046 1421 ἐποίη-

365 1455 484 1505 σας
514 1439 710 1494 τοῦτο.
748 1438 900 1505 Εἶδες
927 1442 1226 1511 διαφοράν;
1274 1443 1351 1513 Τῇ
1404 1444 1503 1512 μὲν
1529 1443 1747 1511 γυναικὶ
1774 1443 1946 1510 ἔλεγε,
1986 1442 2047 1496 Τί

365 1527 541 1580 τοῦτο
579 1529 915 1594 ἐποιήσας;
959 1530 1038 1600 τῷ
1075 1530 1132 1583 δέ
1165 1530 1307 1598 ὄφει,
1350 1531 1469 1583 ’Ότι
1513 1531 1806 1598 ἐποίησας
1843 1530 2040 1583 τοῦτο.

369 1617 490 1670 Ὅτι
533 1616 595 1668 τὸ
627 1618 815 1681 κακὸν,
854 1619 1038 1689 φησὶν,
1080 1618 1239 1672 τοῦτο
1272 1620 1532 1690 εἰργάσω,
1564 1621 1644 1672 ὅτι
1683 1620 1781 1690 τὴν
1803 1617 2044 1690 ὀλέθριον

369 1702 677 1774 συμϐουλὴν
725 1705 930 1776 ταύτην
981 1707 1297 1776 εἰσήγαγες,
1349 1708 1430 1760 ὅτι
1483 1707 1718 1776 τοσαύτῃ
1775 1706 2042 1776 βασκανίᾳ

367 1791 715 1861 ὑπηρετήσω,
768 1793 850 1844 ὅτι
895 1792 1038 1844 οὑτω
1087 1793 1176 1846 τὸν
1230 1793 1422 1862 φθόνον
1455 1795 1729 1864 ἡκόνησας
1761 1792 1902 1846 κατὰ
1946 1791 2040 1844 τοῦ

362 1878 857 1948 δημιουργηθέντος
917 1880 1008 1932 ὑπ’
1052 1880 1208 1950 ἐμοῦ,
1254 1883 1719 1948 Ἐπικατάρατος
1775 1881 1857 1934 σὺ
1921 1881 2039 1934 ἀπὸ

364 1962 607 2018 πάντων
639 1963 758 2017 τῶν
779 1965 1038 2034 κτηνῶν,
1092 1967 1189 2020 καί
1229 1969 1346 2021 ἀπὸ
1390 1968 1631 2020 πάντων
1672 1965 1791 2020 τῶν
1824 1969 2042 2036 θηρίων

361 2050 474 2117 τῆς
498 2051 631 2120 γῆς.
673 2053 796 2105 Ἐπὶ
821 2051 900 2116 τῷ
925 2053 1132 2119 στήθει
1158 2055 1256 2108 καί
1286 2055 1360 2123 τῇ
1390 2057 1585 2122 κοιλίῃ
1613 2056 1906 2122 πορεύσῃ,
1941 2055 2038 2107 καὶ

360 2137 481 2206 γῆν
530 2138 694 2208 φάτνῃ
743 2139 948 2206 πάσας
1008 2141 1114 2207 τὰς
1168 2143 1392 2210 ήμέρας
1432 2142 1543 2211 τῆς
1573 2142 1721 2210 ζωῆς
1761 2159 1898 2196 σου.
1929 2145 2036 2196 Καὶ

359 2224 583 2292 ἔχθραν
616 2226 782 2292 θήσω
813 2227 930 2280 ἀνὰ
975 2227 1172 2296 μέσον
1225 2230 1341 2282 σοῦ
1401 2231 1498 2282 καί
1554 2230 1670 2283 ἀνὰ
1699 2231 1894 2299 μέσον
1927 2229 2038 2299 τῆς

359 2313 666 2382 γυναικὸς,
708 2314 805 2367 καὶ
855 2314 973 2368 ἀνὰ
1024 2316 1221 2384 μέσον
1259 2317 1366 2370 τοῦ
1411 2318 1754 2386 σπέρματός
1791 2335 1908 2371 σου
1940 2319 2038 2372 καί

358 2397 475 2450 ἀνὰ
495 2398 694 2467 μέσον
725 2400 832 2454 τοῦ
863 2400 1206 2470 σπέρματος
1238 2402 1450 2469 αὐτῆς.
1483 2406 1675 2470 Αὐτός
1709 2421 1826 2458 σου
1856 2405 2034 2473 τηρή-

358 2501 455 2538 σει
490 2487 787 2555 κεφαλὴν,
824 2489 920 2541 καὶ
949 2488 1031 2541 σὺ
1068 2490 1353 2556 τηρήσεις
1385 2491 1572 2545 αὐτοῦ
1599 2492 1879 2560 πτέρναν.

432 2581 506 2638 ς’.
537 2575 734 2628 Σκόπει
755 2591 844 2643 μοι
861 2575 1095 2630 ἐνταῦθα
1113 2576 1266 2641 τάξιν
1291 2579 1382 2631 καὶ
1403 2579 1722 2633 ἀκολουθίαν
1741 2580 2036 2652 φιλανθρωο

357 2662 488 2724 πίας
517 2663 973 2733 πεπληρωμένην.
1011 2664 1122 2734 Τήν
1159 2666 1257 2735 μὲν
1287 2669 1396 2737 γάρ
1424 2665 1691 2738 ἐρώτησιν
1714 2669 2033 2738 ποιούμενος

354 2749 466 2803 ἀπὸ
495 2749 589 2802 τοῦ
617 2751 808 2820 ἀνδρὸς
834 2749 1054 2821 ἦρξατο,
1083 2749 1198 2805 εἶτα
1229 2754 1498 2824 μετῆλθεν
1532 2757 1623 2808 ἐπὶ
1652 2756 1750 2826 τήν
1774 2759 2028 2825 γυναῖκα.

357 2838 466 2888 Καὶ
485 2837 671 2908 ἐπειδὴ
708 2833 860 2890 εἶπεν
890 2838 1028 2910 αὐτὴ
1052 2839 1142 2891 τὸν
1170 2842 1342 2893 αἴτιον
1371 2842 1508 2912 αὐτῇ
1535 2844 1919 2914 γεγενημένον,
1946 2845 2031 2898 ἐλ-

355 2919 463 2973 θὼν
487 2923 580 2974 ἐπὶ
609 2924 700 2975 τὸν
722 2923 865 2992 ὅφιν,
891 2925 982 2976 καὶ
1008 2925 1190 2978 οὐκέτι
1219 2925 1380 2978 αὐτὸν
1402 2927 1744 2997 ἀποκρίσεως
1771 2929 2027 2994 ἀξιώσας,

352 3007 452 3076 τὴν
491 3009 757 3078 τιμωρίαν
791 3011 1006 3078 ἐπάγει,
1035 3012 1128 3064 καὶ
1157 3013 1415 3084 τοιαύτην
1448 3013 1525 3076 ώς
1556 3017 1719 3068 παντὶ
1752 3015 1830 3086 τῷ
1856 3019 2031 3088 χρόνῳ

353 3095 827 3166 παρεκτείνεσθαι,
877 3097 970 3150 καὶ
1002 3098 1088 3152 διά
1131 3103 1231 3170 τῆς
1257 3099 1432 3169 ὅψεως
1460 3101 1680 3173 διηνεκῆ
1713 3103 2029 3158 διδάσκαλον

353 3182 596 3248 γίνεσθαι
629 3188 739 3248 τοῖς
777 3185 900 3256 ἑξῆς
931 3185 1124 3248 ἅπασι,
1161 3189 1356 3257 μηκέτι
1381 3190 1627 3259 δέχεσθαι
1656 3193 1754 3263 τὴν
1783 3193 2030 3264 ὀλεθρίαν

352 3272 570 3342 ἐκείνην
605 3273 932 3344 συμϐουλήν,
979 3275 1111 3345 μηδὲ
1161 3277 1470 3330 ἀπατᾶσθαι
1509 3281 1622 3342 τοῖς
1657 3281 1786 3350 παρ’
1820 3283 2027 3335 ἐκείνου

357 3361 762 3430 μηχανήμασιν.
814 3361 953 3414 Ἀλλ’
984 3362 1112 3426 ἴσως
1138 3363 1280 3418 είποι
1313 3383 1397 3428 τις
1421 3366 1504 3418 ἄν’
1533 3368 1625 3419 καὶ
1659 3370 1706 3420 εἰ
1727 3369 1754 3420 6
1785 3369 2030 3435 διάϐολος

352 3449 653 3517 ἐνεργήσας
678 3447 766 3500 διὰ
795 3447 888 3501 τοῦ
919 3449 1092 3516 δφεως
1113 3451 1210 3522 τὴν
1240 3453 1547 3524 συμϐουλὴν
1574 3457 1854 3525 εἰσήγαγε,
1885 3459 2028 3522 τίνος

351 3534 536 3587 ἕνεκεν
560 3537 620 3587 το
641 3535 825 3606 θηρίον
844 3537 1110 3609 τοσαύτην
1138 3540 1396 3610 ὑπέμεινε
1425 3543 1694 3612 τιμωρίαν
1713 3561 1726 3605 ς
1751 3544 1852 3598 Καὶ
1872 3546 2029 3600 τοῦτο

349 3623 450 3692 τῆς
472 3623 677 3690 ἀφάτου
714 3623 1120 3695 φιλανθρωπίας
1151 3627 1245 3679 τοῦ
1271 3627 1404 3681 Θεοῦ
1429 3629 1586 3698 ἔργον
1617 3632 1824 3700 γέγονε.
1851 3634 2030 3688 Καθά-

352 3725 458 3780 περ
491 3709 598 3778 γάρ
637 3709 820 3781 πατὴρ
853 3711 1201 3784 φιλόστοργος
1247 3716 1337 3768 τὸν
1391 3718 1739 3773 άπεκτακότα
1789 3721 1879 3774 τὸν
1913 3725 2028 3776 υίὸν

348 3792 440 3844 τὸν
474 3795 668 3846 ἐαυτοῦ
699 3797 1132 3867 τιμωρούμενος,
1164 3799 1257 3851 καὶ
1292 3799 1390 3870 τὴν
1425 3803 1702 3872 μάχαιραν
1737 3805 1912 3858 καὶτὸ
1947 3807 2025 3871 ξί-

351 3895 470 3946 φος,
504 3880 569 3933 δι’
594 3875 655 3934 οῦ
691 3882 779 3935 τὸν
823 3883 980 3951 φόνον
1007 3885 1318 3954 εἰργάσατο,
1352 3887 1574 3959 διασπᾷ,
1614 3891 1706 3943 καὶ
1751 3895 1829 3954 είς
1859 3894 2027 3946 πολλὰ

349 3967 678 4038 κατατέμνει
739 3970 900 4040 μέρη’
961 3971 1052 4024 τὸν
1095 3973 1256 4025 αὑτὸν
1303 3974 1366 4045 δὴ
1399 3976 1599 4046 τρόπον
1644 3979 1737 4031 καὶ
1770 3982 1797 4032 6
1825 3981 2025 4048 ἀγαθὸς

349 4053 502 4119 Θεὸς,
533 4057 720 4127 ἐπειδὴ
749 4056 935 4128 ὥσπερ
963 4059 1204 4130 μάχαιρά
1231 4079 1314 4124 τις
1342 4063 1449 4132 ὐπη
1461 4066 1722 4136 ρετήσατο
1746 4066 1806 4118 τὸ
1840 4067 2025 4138 θηρίον

347 4140 507 4195 τοῦτο
536 4146 600 4214 τῇ
638 4144 730 4197 τοῦ
763 4146 1007 4199 διαϐόλου
1043 4150 1364 4221 πανουργίᾳ,
1406 4153 1599 4220 ἐπάγει
1626 4155 1774 4224 αὐτῷ
1800 4156 2022 4227 διηνεκῆ

347 4229 446 4301 τὴν
469 4235 760 4303 τιμωρίαν,
786 4233 871 4285 ἵνα
899 4233 984 4287 διὰ
1011 4235 1106 4288 τοῦ
1137 4237 1394 4306 αἰσθητοῦ
1416 4239 1603 4292 τούτου
1635 4243 1726 4294 καὶ
1745 4245 2022 4313 ὁρωμένου

349 4315 688 4398 λογιζώμεθα
743 4321 800 4371 ἐν
843 4321 943 4391 ὅσῃ
989 4322 1182 4394 ἀτιμίᾳ
1214 4325 1462 4388 κάκεῖνος
1494 4329 1770 4395 τυγχάνει.
1813 4331 1870 4382 Εἰ
1914 4332 2022 4398 γάρ

345 4396 500 4468 οὗτος
550 4407 578 4458 6
635 4406 886 4478 καθάπερ
941 4408 1171 4478 ὄργανον
1217 4412 1700 4483 ὑπηρετησάμενος
1756 4417 2020 4486 τοσαύτης

346 4491 610 4563 ἐπειράθη
659 4494 1106 4564 ἀγανακτήσεως,
1155 4499 1314 4550 ποίαν
1353 4500 1495 4562 εἰκὸς
1529 4503 1734 4554 ἐκεῖνον
1767 4502 2018 4567 δέξασθαι

341 4579 646 4649 τιμωρίαν;
690 4580 903 4632 Μᾶλλον
955 4583 1010 4634 δέ
1058 4584 1151 4636 καὶ
1188 4585 1344 4638 τοῦτο
1390 4587 1488 4656 ἤδη
1527 4589 1672 4657 ἡμᾶς
1717 4590 1953 4654 ἐδίδαξεν
1990 4595 2019 4644 6

344 4665 576 4732 Χριστὸς
599 4667 687 4719 διὰ
721 4667 828 4720 τῶν
858 4668 1015 4720 θείων
1037 4671 1382 4740 Εὐαγγελίων
1413 4676 1638 4741 φάσκων
1661 4676 1793 4745 πρὸς
1812 4677 1938 4741 τοὺς
1959 4678 2018 4743 ἐξ

340 4754 636 4824 εὐωνύμων
667 4756 925 4819 ἑστῶτας.
957 4761 1290 4826 Πορεύεσθε
1326 4763 1426 4814 ἀπ’
1461 4763 1628 4831 ἐμοῦ,
1670 4767 1723 4818 οί
1763 4782 2012 4834 κατηρα-

336 4840 528 4909 μένοι,
567 4845 654 4905 εἱς
687 4843 753 4894 τὸ
790 4842 939 4914 [1421
971 4845 1090 4913 πῦρ
1113 4846 1179 4898 τὸ
1199 4847 1458 4910 αἰώνιον,
1484 4850 1547 4902 τὸ
1573 4851 2017 4921 ἡτοιμασμένον

338 4927 420 4991 τῷ
443 4928 700 4994 διαϐόλῳ
730 4932 826 4983 καὶ
850 4930 975 4998 τοῖς
996 4933 1272 5002 ἀγγέλοις
1298 4937 1503 4990 αὑτοῦ.
1541 4938 1764 5010 Ἐκείνῳ
1785 4942 1892 5012 γὰρ
1913 4942 2015 4995 πά-

338 5016 427 5069 λαι
459 5016 616 5068 τοῦτο
649 5017 990 5086 ἡτοίμασται,
1023 5023 1114 5073 καὶ
1138 5023 1314 5076 ἐκεῖνο
1345 5023 1406 5076 τὸ
1433 5025 1694 5078 ἄσϐεστον
1719 5027 1829 5097 πῦρ
1855 5029 2014 5082 αὐτὸν

337 5098 639 5168 ἐκδέχεται.
681 5098 746 5150 Τί
788 5095 879 5152 οῦν
916 5101 980 5154 ἂν
1022 5103 1108 5173 εἴη
1157 5105 1485 5178 ἀθλιώτερον
1518 5107 1624 5159 τῶν
1655 5108 1722 5161 δι’
1757 5095 2014 5178 ἀμέλειαν

336 5182 436 5250 τῆς
465 5182 670 5244 οἰκείας
701 5184 974 5253 σωτηρίας
1011 5187 1235 5250 ἐαυτοίις
1267 5189 1451 5262 ἐκείνῃ
1492 5193 1558 5260 τῇ
1605 5193 1844 5264 τιμωρίᾳ
1884 5195 2014 5247 καθ-

340 5262 610 5316 ιστώντων
642 5265 974 5350 ὑπευθύνους
1003 5273 1067 5339 τῇ
1099 5273 1290 5342 ἐκεινῳ
1323 5275 1696 5346 ήτοιμασμένῃ
1717 5292 1730 5337 ;
1754 5262 1878 5330 -Ὄ-τι
1905 5280 2013 5350 γὰρ

337 5349 489 5416 ἡμῖν,
529 5349 577 5399 εἰ
625 5347 1013 5421 βουληθείημεν
1057 5355 1256 5424 ἀρετὴν
1306 5357 1694 5424 ἐπιδείξασθαι,
1747 5361 1840 5413 καὶ
1900 5347 2012 5427 τοῖς

337 5431 490 5514 παρά
537 5431 632 5484 τοῦ
672 5433 909 5503 Χριστοῦ
960 5436 1163 5489 τεθεῖσι
1199 5439 1385 5508 νόμοις
1421 5442 1670 5504 ἕπεσθαι,
1701 5446 1733 5514 ή
1766 5444 2012 5514 βασιλεία

333 5511 685 5580 ἡτοίμασται,
723 5515 888 5568 αὐτοῦ
929 5517 1090 5570 πάλιν
1137 5521 1368 5573 ἄκουσον
1410 5522 1679 5592 λέγοντος·
1721 5511 1914 5580 ’Δεῦτε
1956 5531 2011 5580 οί

333 5596 726 5662 εὐλογημένοι
776 5597 881 5651 τοῦ
923 5602 1154 5669 Πατρός
1200 5620 1339 5670 μου·
1370 5596 1866 5676 κίὶηρονομήσιιτε
1897 5609 2012 5677 τὴν

337 5678 794 5760 ἡτοιμασμένην
845 5683 988 5750 ὑμῖν
1021 5686 1350 5747 ,βασιλείαν
1395 5688 1514 5741 ἀπὸ
1549 5691 1890 5760 καταϐολῆς
1920 5694 2014 5746 κό-

336 5757 694 5845 σμουιΕἷδες
722 5763 912 5834 ἐκείνῳ
943 5765 1041 5834 μὲν
1072 5767 1130 5819 τὸ
1161 5769 1422 5822 ἄσϐεστον
1450 5771 1560 5842 πῦρ
1587 5757 2007 5845 ἡτοιμασμένον,

337 5842 470 5910 ἡμῖν
491 5841 568 5907 δέ,
601 5846 650 5895 εί
677 5845 750 5916 μή
779 5848 1219 5919 ρᾳθυμήσαιμεν,
1247 5851 1343 5922 τήν
1369 5841 1677 5922 βασιλείαν;
1705 5841 1886 5910 Ταῦτα
1903 5860 2013 5911 τοί-

337 5939 433 5973 νυν
478 5923 784 5990 ἐννοοῦντες
828 5931 922 5980 καὶ
966 5929 1079 5998 βίου
1110 5933 1515 6006 ἐπιμελώμεθα,
1559 5938 1652 5992 καὶ
1685 5939 1782 6010 τὴν
1815 5943 2014 5996 κακίαν

407 6018 431 6048 ⁸
458 6018 582 6084 Reg.
608 6034 737 6072 unus
761 6026 1026 6088 συμϐουλῇ.

3726 359 3747 408 ι
3767 351 3837 403 Η

2157 474 2467 544 φεύγωμεν,
2500 475 2592 528 καὶ
2623 473 2893 544 μηδέποτε
2920 470 3255 542 ἀπατώμεθα
3293 472 3410 534 ταῖς
3448 470 3540 523 τοῦ
3582 468 3839 522 διαϐόλου

2156 565 2444 633 μηχαναῖς.
2491 562 2650 625 ’Δλλ’,
2679 564 2728 614 εί
2757 560 3008 632 βούλεσθε
3052 561 3146 613 καὶ
3187 560 3261 631 μὴ
3292 561 3627 626 άπεκάμετε,
3669 558 3843 610 πάλιν

2153 651 2234 712 εἰς
2276 651 2440 710 μέσον
2471 649 2767 718 ἀγάγωμεν
2796 648 2894 720 τὴν
2930 647 3204 717 τιμωρίαν
3233 646 3336 716 τὴν
3363 645 3442 715 τῷ
3473 647 3593 712 ὄφει
3624 647 3842 709 ἐπαγο-

2157 738 2346 807 μένην,
2371 737 2436 790 ίν⁹
2469 736 2613 790 οὕτω
2639 737 2781 790 κατὰ
2806 736 2997 807 μικρὸν
3020 737 3098 798 εἰς
3127 733 3188 788 τὸ
3209 734 3362 796 τέλος
3389 734 3490 804 τῆς
3515 733 3668 802 δίκης
3695 732 3845 800 φθά-

2156 840 2347 886 σαντες
2376 823 2573 893 ίδωμεν
2603 823 2704 894 τῆς
2734 821 3143 893 φιλανθρωπίας
3188 819 3281 873 τοῦ
3322 819 3456 872 Θεοῦ
3490 819 3549 872 τὸ
3578 819 3838 888 μέγεθος.

2153 911 2217 964 Εἰ
2265 913 2370 981 γὰρ
2409 911 2682 982 ἄνθρωποι
2721 910 2980 981 δικαστὴν
3022 909 3254 980 ὀριῖιντες
3294 908 3553 971 πολλάκις
3592 907 3843 978 δημοσίᾳ

2155 998 2480 1069 καθήμενον,
2512 999 2605 1052 καὶ
2634 999 2732 1070 τὴν
2754 998 2894 1052 κατά
2917 999 3026 1050 τῶν
3049 997 3352 1051 καταδίκων
3378 996 3555 1066 ψῆφον
3577 997 3856 1080 ἐκφέρονος

2153 1102 2240 1148 τα,
2265 1085 2350 1139 διὰ
2379 1087 2560 1156 πάσης
2589 1086 2800 1156 ἡμέρας
2833 1087 3232 1156 παραμένουσι,
3257 1087 3352 1137 καὶ
3372 1085 3470 1137 οὐκ
3499 1085 3853 1152 ἀφίστανται]

2157 1173 2350 1243 μέχρις
2392 1172 2459 1226 ἂν
2489 1173 2671 1226 ἴδωσιν
2697 1174 3003 1226 ἀναστάντα
3027 1173 3119 1225 τὸν
3154 1171 3435 1242 δικαστήν·
3469 1171 3650 1241 πολλῷ
3683 1170 3845 1241 μᾶλὲ

2153 1257 2244 1310 λον
2283 1261 2431 1330 ἡμᾶς
2477 1259 2573 1312 νῦν
2607 1263 2873 1329 προσήκει
2921 1260 3059 1329 μετά
3101 1259 3343 1321 πλείονος
3373 1259 3470 1329 τῆς
3517 1257 3843 1330 προθυμίας

2156 1347 2282 1401 ἰδεῖν
2301 1350 2391 1403 τὸν
2423 1350 2626 1416 ἀγαθὸν
2651 1350 2804 1412 Θεὸν,
2831 1349 2949 1412 πῶς
2973 1349 3071 1419 μὲν
3102 1347 3182 1418 τῷ
3209 1348 3328 1416 ὄφει
3362 1347 3594 1418 σφώρὰν
3619 1347 3717 1418 τὴν
3744 1363 3838 1400 τι-

2155 1438 2366 1506 μωρίαν
2397 1439 2721 1509 ἐπιτίθησιν,
2750 1439 2836 1491 ῖνα
2862 1438 2948 1491 διά
2972 1438 3065 1490 τοῦ
3101 1435 3362 1506 αἰσθητοῦ
3394 1435 3582 1489 τούτου
3607 1435 3830 1506 θηρίου⁹

2151 1517 2196 1593 ᾧ
2221 1526 2409 1597 ὥσπερ
2440 1528 2655 1597 ὀργάνῳ
2695 1528 2966 1597 ἐχρήσατο
3007 1527 3035 1578 6
3069 1525 3300 1595 πονηρὸς
3337 1525 3545 1594 δαίμων
3589 1524 3825 1584 ἐκεῖνος,

2150 1614 2400 1683 αἴσθησιν
2430 1615 2558 1684 ἡμῖν
2584 1615 2842 1686 παράσχῃ
2864 1617 2960 1683 τῆς
2991 1612 3290 1682 μελλούσης
3322 1614 3528 1664 ἐκεῖνον
3551 1610 3825 1681 τιμωρίας

2150 1700 2483 1770 ἐκδέχεσθαι·
2513 1702 2630 1765 πῶς
2665 1702 2721 1754 δέ
2762 1701 2896 1770 μετὰ
2928 1699 3140 1769 φειδοῦς
3171 1699 3481 1770 σύμμετρον
3507 1699 3700 1765 ἐπάγει
3727 1698 3824 1750 καὶ

2147 1793 2212 1860 τῇ
2245 1791 2460 1857 γυναικὶ
2489 1791 2582 1844 καὶ
2609 1790 2684 1859 τῷ
2710 1791 2861 1861 ἀνδρὶ
2890 1791 2986 1860 τὴν
3017 1789 3353 1858 ἐπιτίμησιν,
3384 1787 3657 1839 νουθεσίαν
3684 1785 3824 1855 μᾶλ-

2148 1877 2236 1929 λον
2263 1877 2508 1947 ἔχουσαν,
2537 1879 2568 1948 ἢ
2597 1879 2831 1931 κόλασιν’
2862 1879 2946 1930 ἵνα
2973 1877 3141 1930 ταῦτα
3167 1877 3344 1929 πάντα
3373 1876 3510 1945 μετὰ
3532 1875 3823 1945 ἀκριϐείας

2149 1966 2520 2034 σκοπήσαντες
2571 1964 2939 2035 θαυμάσωμεν
2983 1967 3082 2036 τὴν
3124 1964 3217 2017 τοῦ
3272 1963 3646 2032 φιλανθρώπου
3680 1963 3822 2014 Θεοῦ

2147 2053 2491 2122 κηδεμονίαν,
2525 2053 2592 2123 ἢν
2628 2053 2752 2124 περὶ
2783 2053 2880 2122 τὴν
2911 2053 3070 2120 φύσιν
3102 2051 3466 2104 ἐπιδείκνυται
3499 2050 3594 2120 τὴν
3623 2049 3825 2119 ἡμετέ·

2149 2157 2266 2209 ραν.
2297 2140 2338 2190 Τ
2346 2140 2360 2191 ί
2402 2135 2496 2192 οὖν
2533 2156 2699 2208 φησι;
2725 2141 2832 2192 Καὶ
2867 2136 2998 2192 εἷπε
3026 2141 3238 2207 Κύριος
3283 2143 3316 2194 ό
3362 2138 3506 2203 Θεὸς
3545 2136 3622 2202 τῷ
3662 2137 3820 2206 ὄρει,

2147 2229 2264 2278 Ὀτι
2288 2227 2580 2292 ἐποίησας
2608 2225 2802 2290 τοῦτο,
2837 2227 3258 2295 ἐπικατάρατος
3314 2227 3395 2280 σὺ
3426 2227 3542 2280 ἀπὸ
3575 2227 3822 2279 πάντων

2145 2313 2263 2365 τῶν
2301 2311 2558 2380 κτηνῶν,
2592 2315 2688 2367 καὶ
2729 2314 2847 2368 ἀπὸ
2872 2314 3114 2367 πάντων
3155 2312 3273 2367 τῶν
3291 2315 3510 2381 θηρίων
3537 2311 3645 2380 τῆς
3677 2309 3817 2381 γῆς.

2156 2401 2278 2452 Ἐπὶ
2319 2399 2397 2465 τῷ
2417 2400 2624 2466 στήθει
2655 2403 2751 2454 καὶ
2785 2401 2858 2470 τῇ
2886 2404 3084 2468 κοιλίᾳ
3110 2419 3227 2455 σου
3251 2403 3543 2469 πορεύσῃ,
3577 2401 3673 2454 καὶ
3695 2399 3823 2470 γῆν

2140 2487 2300 2556 φάγῃ
2338 2487 2540 2554 πάσας
2573 2491 2677 2554 τὰς
2707 2489 2929 2558 ἡμέρας
2957 2491 3066 2556 τῆς
3093 2490 3240 2557 ζωῆς
3279 2508 3414 2543 σου.
3455 2490 3563 2543 Καὶ
3593 2490 3823 2558 ἔχθραν

2141 2576 2308 2641 θήσω
2343 2577 2459 2629 ἀνὰ
2485 2577 2680 2644 μέσον
2713 2577 2828 2631 σοῦ
2861 2578 2960 2630 καί
2997 2579 3110 2631 ἀνὰ
3129 2577 3324 2646 μέσον
3361 2576 3470 2643 τῆς
3509 2578 3818 2645 γυναικὸς.

2141 2664 2238 2715 καί
2270 2665 2384 2717 ἀνὰ
2411 2663 2603 2732 μέσον
2637 2665 2742 2718 τοῦ
2779 2667 3122 2733 σπέρματός
3162 2683 3278 2716 σου
3330 2664 3425 2716 καί
3463 2665 3580 2717 ἀνὰ
3619 2663 3822 2732 μέσον

2139 2751 2246 2803 τοῦ
2273 2749 2613 2818 σπέρματος
2645 2751 2856 2820 αὐτῆς.
2885 2755 3076 2817 Αὐτός
3098 2771 3214 2805 σου
3243 2753 3486 2820 τηρήσει
3514 2751 3818 2821 κεφαλὴν,

2139 2839 2232 2890 καί
2269 2839 2350 2890 σὺ
2379 2840 2660 2906 τηρήσεις
2687 2840 2873 2894 αὐτοῦ
2904 2840 3183 2907 πτέρναν.

2208 2927 2271 2990 ζ’.
2301 2928 2526 2998 Μεγάλη
2551 2929 2643 2981 κα)⁸
2667 2928 2922 2998 σφοδράή
2952 2929 3345 2998 ἀγανάκτησις,
3377 2927 3562 2998 ἐπειδὴ
3589 2928 3681 2979 καὶ
3709 2943 3820 2996 με·

2137 3015 2274 3085 γάλη
2303 3017 2398 3084 τῆς
2433 3017 2646 3086 ἀπάτης
2675 3017 2706 3086 ἡ
2738 3015 3032 3086 ὑπερϐολὴ,
3066 3016 3133 3085 ἢν
3161 3016 3229 3068 δι’
3253 3015 3418 3069 αὐτοῦ
3458 3017 3821 3086 προσήγαγεν

2136 3104 2163 3154 6
2197 3103 2428 3171 πονηρὸς
2460 3103 2723 3164 διάϐολος.
2758 3104 2866 3155 Καὶ
2897 3103 3025 3156 εἷπε
3055 3103 3268 3170 Κύριος
3297 3106 3329 3156 ὀ
3368 3103 3513 3167 Θεὸς
3540 3100 3620 3168 τῷ
3653 3102 3815 3171 ὕει-ει,

2140 3191 2257 3242 Ὅτι
2290 3191 2582 3256 ἐποίησας
2620 3191 2819 3244 τοῦτο.
2838 3191 3077 3262 Ἐπειδὴ,
3109 3191 3262 3260 φησὶ,
3288 3190 3511 3263 τοιαύτῃ
3537 3191 3819 3262 ὑπηρετήο

2139 3293 2216 3328 σω
2252 3278 2574 3348 πανουργία,
2609 3279 2700 3330 καὶ
2745 3277 2887 3331 οῦτω
2918 3279 3016 3349 τήν
3039 3278 3256 3348 ἀπάτην
3291 3279 3370 3340 είς
3391 3278 3552 3348 ἔργον
3580 3279 3816 3347 ήγαγες,

2136 3365 2384 3434 ὀλεθρίαν
2421 3366 2729 3435 συμϐουλὴν
2765 3365 3099 3434 εἰσαγαγὼν,
3129 3367 3221 3418 καὶ
3248 3365 3308 3418 τὸ
3347 3365 3670 3436 δηλητήριον
3704 3367 3817 3418 αὐ-

2135 3456 2246 3513 τοῖς
2285 3453 2572 3521 φάρμακον
2603 3454 2860 3524 κεράσας·
2889 3453 3074 3525 ἐπειδὴ
3106 3453 3264 3506 τοῦτο
3293 3454 3552 3525 εἰργάσω,
3589 3455 3680 3506 καὶ
3711 3455 3820 3525 τῆς

2136 3540 2275 3608 ἐμῆς
2302 3539 2512 3602 εὐνοίας
2536 3542 2785 3594 ἐκϐαλεῖν
2815 3540 3116 3612 ἠϐουλήθης
3141 3542 3266 3605 τοὺς
3288 3542 3378 3594 ὑπ’
3397 3541 3532 3612 ἐμοῦ
3559 3541 3820 3614 δημιουρ·

2135 3629 2422 3695 γηθέντας,
2475 3629 2958 3698 ὑπηρετησάμενος
3013 3632 3079 3700 τῇ
3132 3629 3226 3682 τοῦ
3270 3630 3509 3701 πονηροῦ
3557 3630 3822 3701 δαίμονος

2136 3715 2346 3786 γνώμῃ,
2390 3715 2481 3768 τοῦ
2515 3715 2602 3768 διὰ
2641 3717 2740 3788 τήν
2787 3717 3082 3786 βασκανίαν
3115 3718 3208 3770 καὶ
3238 3716 3336 3788 τήν
3367 3717 3820 3788 ὑπερϐάλλουσαν

2135 3805 2512 3874 ὑπερηφανίαν
2535 3808 2598 3858 ἐκ
2622 3805 2731 3857 τῶν
2751 3806 2996 3876 οὐρανῶν
3026 3808 3106 3869 εἰς
3126 3805 3225 3876 τὴν
3247 3807 3352 3877 γῆν
3373 3807 3816 3876 κατενεχθέντοςο

2133 3891 2220 3943 διά
2267 3891 2442 3951 τοῦτο,
2506 3892 2692 3962 ἐπειδὴ
2747 3893 2804 3945 ἐν
2853 3892 3062 3956 τούτοις
3106 3894 3321 3964 ὀργάνῳ
3377 3894 3462 3946 σοὶ
3515 3895 3820 3964 ἐχρήσατο,

2132 3977 2350 4048 διηνεκῆ
2384 3995 2466 4029 σοι
2495 3977 2593 4048 τὴν
2625 3979 2893 4049 τιμωρίαν
2925 3979 3229 4048 ἐπιτίθημι,
3271 3981 3355 4033 ἵνα
3384 3980 3471 4033 διά
3496 3980 3604 4032 τῶν
3639 3981 3719 4042 εἰς
3755 3997 3818 4034 σε

2132 4065 2439 4132 γενομένων
2489 4066 2515 4105 δ
2557 4066 2808 4128 κάκεῖνος
2863 4065 3064 4119 εἰδέναι
3098 4066 3198 4139 ἔχῃ
3233 4067 3318 4120 οἶα
3359 4067 3604 4136 τιμωρία
3641 4067 3817 4120 αὐτὸν

2131 4153 2431 4221 ἐκδέχεται,
2481 4151 2636 4225 [145]
2684 4155 2780 4208 καὶ
2827 4156 2876 4207 οί
2924 4155 3049 4225 ἑξῆς
3101 4155 3377 4226 ἄνθρωποι
3420 4155 3811 4215 παιδεύωνται,

2133 4238 2331 4306 μηκέτι
2379 4237 2683 4305 ὑπάγεσθαι
2741 4241 2864 4303 ταῖς
2910 4239 3102 4293 τούτου
3145 4241 3496 4311 συμϐουλαῖς,
3529 4242 3664 4312 μηδέ
3708 4241 3816 4313 τὴν

2129 4326 2344 4394 ἀπάτην
2377 4325 2718 4394 προσίεσθαι,
2753 4327 2839 4379 ἵνα
2871 4327 2945 4398 μὴ
2974 4329 3088 4390 τοῖς
3118 4329 3302 4390 αὐτοῖς
3324 4329 3686 4398 περιπέσωσι.
3708 4329 3812 4382 Διά

2128 4411 2284 4464 τοῦτο
2313 4414 2714 4481 ἐπικατάρατος
2751 4415 2814 4468 σύ
2846 4415 2954 4467 ἀπὸ
2980 4417 3196 4469 πάντων
3224 4415 3332 4470 τῶν
3359 4416 3562 4486 θηρίων
3584 4428 3633 4479 ε,
3657 4418 3813 4470 ἐπει·

2126 4497 2190 4567 δὴ
2238 4499 2337 4551 οὐκ
2372 4501 2452 4559 εἰς
2489 4498 2605 4551 δέον
2640 4500 2858 4570 ἐχρήσω
2919 4504 2984 4570 τῇ
3041 4504 3326 4572 φρονήσει,
3383 4501 3520 4554 ἀλλὰ,
3572 4501 3636 4553 τὸ
3667 4520 3812 4573 προσ

2125 4587 2363 4656 τέρημα,
2402 4587 2540 4658 ὅπερ
2583 4583 2724 4657 εἶχες
2779 4589 2918 4659 ὑπὲρ
2950 4588 3167 4642 ἅπαντα
3223 4589 3290 4642 τά
3317 4588 3500 4660 θηρία,
3528 4588 3686 4642 τοῦτό
3724 4607 3812 4644 σοι

2125 4676 2313 4742 γέγονε
2360 4675 2465 4727 τῶν
2526 4675 2710 4728 κακῶν
2754 4677 3008 4730 ἀπάντων
3043 4677 3232 4730 αἴτιον.
3275 4679 3327 4729 Ὀ
3369 4677 3479 4748 γὰρ
3517 4678 3669 4746 ὄφις,
3704 4696 3809 4750 φη-

2125 4766 2230 4824 σὶν,
2257 4757 2337 4828 ἦν
2375 4763 2817 4831 φρονιμώτατος
2854 4764 3100 4817 πάντων
3123 4765 3243 4818 τῶν
3281 4765 3520 4834 κτηνῶν
3548 4767 3646 4820 καί
3687 4765 3812 4820 τῶν

2124 4849 2343 4912 θηρίων
2373 4845 2484 4914 τῆς
2512 4845 2643 4916 γῆς.
2688 4847 2784 4899 Διὰ
2809 4846 2968 4900 τοῦτο
3000 4847 3403 4918 ἐπικατάρατος
3444 4849 3507 4901 σὺ
3536 4849 3645 4902 άπὸ
3671 4851 3813 4905 πάν·

2121 4945 2229 4980 των
2291 4927 2399 4980 τῶν
2448 4929 2665 4998 κτηνῶν
2719 4930 2814 4981 καὶ
2870 4929 2978 4982 τῶν
3044 4931 3250 5001 θηρίων
3293 4932 3393 5002 τῆς
3426 4936 3526 5003 γῆς
3573 4934 3808 5007 γενήσῃ.

2135 5009 2274 5064 Ἀλλ’
2315 5011 2502 5082 ἐπειδὴ
2556 5012 2616 5064 τὸ
2665 5015 2764 5082 τῆς
2820 5012 3063 5083 κατάρας
3111 5013 3212 5065 οὐκ
3249 5008 3318 5084 ἦν
3368 5013 3648 5083 αἰσθητὸν,
3682 5016 3810 5069 οὐδὲ

2121 5093 2418 5162 ὀφθαλμοῖς
2462 5094 2822 5164 φαινόμενον,
2868 5095 2956 5148 διὰ
3001 5095 3158 5149 τοῦτο
3213 5099 3306 5150 καὶ
3350 5096 3612 5167 αἰσθητὴν
3655 5099 3812 5169 αὑτῷ

2119 5179 2391 5247 τιμωρίαν
2447 5178 2671 5245 ἐπάγει,
2729 5179 2816 5231 ἵνα
2872 5178 3136 5248 διηνεκῶς
3195 5180 3302 5250 πρὸ
3348 5180 3457 5232 τῶν
3513 5179 3808 5248 ὀφθαλμῶν

2121 5259 2333 5328 ἔχωμεν
2365 5261 2496 5330 όρᾷν
2524 5260 2623 5329 τῆς
2645 5261 2914 5330 τιμωρίας
2939 5260 3104 5314 αὐτοῦ
3138 5262 3206 5314 τὰ
3236 5263 3625 5332 ὑπομνήματα.
3670 5263 3808 5318 Ἐπί

2121 5341 2201 5408 τῷ
2251 5342 2460 5408 στήθει
2504 5344 2603 5396 καί
2641 5342 2714 5410 τῇ
2753 5344 2952 5408 κοιλίᾳ
2990 5346 3282 5413 πορεύσῃ,
3323 5347 3421 5400 καὶ
3471 5344 3591 5414 γῆν
3642 5346 3809 5415 φάγῃ

2121 5423 2324 5489 πάσας
2353 5424 2460 5489 τὰς
2492 5424 2716 5493 ἡμέρας
2762 5424 2872 5492 τῆς
2920 5424 3069 5494 ζωῆς
3111 5441 3249 5480 σου’
3299 5427 3504 5498 ἐπειδὴ,
3556 5430 3711 5497 φησὶ,
3738 5433 3806 5500 τῇ

2119 5507 2406 5559 διαπλάσει
2437 5507 2497 5559 οὐ
2523 5507 2752 5570 δεόντως
2774 5509 3013 5578 ἐχρήσω,
3043 5508 3179 5561 ἀλλά
3213 5509 3306 5561 καὶ
3349 5513 3429 5572 εἰς
3464 5510 3682 5580 ὁμιλίαν
3713 5513 3806 5563 ἐλ-

2121 5585 2233 5638 θεῖν
2271 5587 2575 5657 ἐτόλμησας
2623 5588 2699 5658 τῴ
2749 5590 2839 5641 ὑπ’
2893 5588 3026 5659 ἐμοῦ
3081 5589 3544 5662 δημιουργηθέντι
3596 5593 3809 5665 λογικῷ

2121 5667 2266 5740 ζώῳ.
2319 5672 2588 5742 Καθάπερ
2612 5673 2790 5726 τοίνυν
2823 5674 2852 5725 6
2879 5672 3124 5735 διάϐολος
3166 5675 3194 5726 6
3223 5677 3526 5747 ἐνεργήσας
3563 5676 3654 5730 διὰ
3686 5677 3805 5741 σοῦ,

2120 5755 2216 5806 καὶ
2253 5755 2468 5826 ὀργάνῳ
2520 5757 2602 5808 σοὶ
2639 5757 3004 5826 χρησάμενος,
3050 5757 3238 5828 ἐπειδὴ
3277 5759 3418 5830 ὑπὲρ
3449 5760 3549 5830 τὴν
3589 5761 3805 5813 οἰκείαν

2125 5831 2279 5895 ἀξίαν
2307 5834 2600 5906 ἐφρόνησεν
2620 5833 2670 5896 ἀ,
2697 5839 2761 5888 ἐκ
2785 5837 2891 5890 τῶν
2913 5836 3155 5907 οὐρανῶν
3175 5839 3503 5910 κατηνέχθηο
3524 5838 3614 5892 τὸν
3635 5839 3801 5893 αὐτὸν

2236 5918 2385 5992 Sa_vil.
2414 5928 2468 5970 et
2487 5923 2702 5994 qyidam
2727 5937 2853 5994 ynss;
2886 5925 3226 5994 γεχενημξνωγ.
3297 5928 3320 5956 ⁸
3345 5927 3446 5994 λιιι
3467 5928 3562 5973 τῶν
3605 5926 3803 5994 Θηρίων,

2126 5979 2208 6056 alij
2254 5983 2350 6058 τῶχ
2393 5979 2594 6059 κτηνῶν.
2639 5985 2758 6058 lbjd.
2819 5979 3023 6035 Coi'sl‘m.
3041 5979 3278 6063 ξέχρῄσω
3310 5993 3388 6062 ⁹τῇ
3439 5979 3800 6051 προσφωῦἦσαξ

2129 6037 2157 6079 τι
2202 6043 2380 6090 Επειοή
2403 6059 2463 6090 τα
2482 6061 2563 6090 un.
2586 6046 2656 6090 ἀξ.
2683 6062 2783 6090 amo.
2805 6048 2891 6090 τὴν
2913 6047 2962 6090 ἑο
2973 6063 3103 6090 utan-
3131 6051 3213 6090 hic
3237 6049 3433 6090 mnde
3472 6062 3589 6090 Imm-

2243 6043 2380 6101 πειδή
2403 6045 2463 6092 τὰ
2482 6047 2563 6094 ὑπ.
2586 6046 2656 6102 διξ-
2683 6046 2783 6097 ἐοο.
2805 6048 2891 6101 τὴν
2913 6047 2962 6096 to
2973 6043 3213 6100 υτοῦίέἱο
3237 6043 3434 6110 quidém
3472 6043 3589 6100 inn;
