4038 6394
233 426 320 480 ιιι
1334 445 1399 498 lN
1439 445 1587 498 CAP.
1619 445 1705 500 111.
1747 446 1988 506 GENES.
2034 451 2257 514 llOMlL.
2300 458 2459 522 XVII.

233 557 345 593 rum
374 550 426 595 et
458 543 742 602 mulierem
775 566 788 602 :
821 549 913 605 sed
941 562 1157 624 accepta
1189 556 1255 610 ab
1283 557 1382 612 illis
1403 558 1732 628 defensione,
1767 563 1818 616 in

231 633 396 696 illum,
419 639 574 704 quasi
599 639 858 696 malorum
883 654 1178 714 auctorem,
1197 663 1256 704 se
1277 654 1556 707 convertit.
1589 654 1656 709 Et
1675 658 1820 726 quia,

233 735 406 792 utpote
437 729 604 794 Deus,
633 732 718 786 cui
748 734 908 789 etiam
936 751 1128 792 arcana
1159 749 1282 796 nota
1311 755 1455 810 sunt,
1483 746 1684 800 sciebat
1710 763 1824 803 ser-

231 829 440 883 pentem
475 821 860 880 ministravisse
879 826 1072 883 diaboli
1100 830 1305 888 insidiis
1331 841 1384 888 et
1405 835 1637 902 invidias,
1662 853 1820 908 quam

229 923 348 975 erga
383 909 656 968 hominem
689 916 1021 987 exhibuerat,
1043 931 1098 976 ut
1116 922 1292 980 discas
1317 928 1482 996 ipsius
1505 929 1816 998 bonitatem,

230 1000 522 1068 quomodo,
549 1019 746 1072 gnarus
788 1017 984 1077 tamen,
1016 1013 1084 1068 ad
1133 1015 1300 1070 Adam
1340 1019 1552 1087 quidem
1596 1021 1691 1088 ait,
1725 1021 1824 1077 Ubi

230 1103 278 1141 es
293 1089 318 1141 .’
360 1089 491 1155 Quis
529 1099 846 1152 annuntiavit
873 1102 961 1155 tibi
983 1104 1122 1173 quod
1145 1108 1309 1162 nudus
1333 1111 1402 1162 sis
1422 1111 1449 1163 2
1490 1111 1616 1167 Evze
1642 1123 1819 1170 autem

229 1178 368 1233 dixit
399 1198 412 1234 :
449 1182 557 1236 Cur
581 1187 678 1240 hoc
703 1191 916 1257 fecisti?
957 1194 1080 1251 huic
1127 1198 1280 1252 malze
1320 1199 1506 1257 bestiae
1546 1203 1676 1258 nihil
1717 1208 1822 1262 tale

231 1271 356 1326 dicit
384 1291 398 1339 ;
428 1277 526 1330 sed
551 1280 722 1348 quid?
749 1284 835 1338 14.
871 1284 936 1339 Et
960 1289 1092 1342 dixit
1119 1289 1370 1348 Dominus
1395 1294 1532 1351 Deus
1555 1303 1772 1370 serpenti
1800 1316 1819 1353 :

233 1362 364 1426 Quia
398 1368 566 1436 feciin
603 1371 715 1426 hoc.
749 1373 936 1432 Vidisti
973 1379 1364 1439 differentiam?
1406 1387 1610 1444 Mulieri
1637 1362 1770 1446 dixit
1803 1411 1817 1447 :

230 1454 328 1509 Cur
373 1459 472 1513 hoc
520 1465 720 1533 fecisti?
765 1467 1010 1540 Serpenti
1062 1485 1238 1530 autem
1273 1496 1286 1532 :
1321 1478 1454 1546 Quia
1497 1484 1662 1554 fecisti
1701 1487 1814 1540 hoc.

227 1549 356 1616 Quia
387 1550 496 1608 hoc
519 1557 740 1624 malum,
770 1561 970 1632 inquit,
1001 1579 1251 1635 operatus
1276 1586 1336 1626 es
1355 1613 1370 1638 ,
1403 1575 1523 1644 quia
1551 1578 1819 1646 pernicio-

227 1653 342 1692 sum
367 1640 473 1698 hoc
499 1649 778 1704 consilium
817 1653 1087 1722 induxisti,
1117 1661 1240 1728 quia
1269 1661 1391 1718 huic
1414 1664 1622 1721 invidia:
1653 1670 1814 1724 mini—

225 1733 442 1798 strasti,
491 1737 614 1805 quia
670 1739 921 1798 invidiam
973 1748 1162 1803 acuisti
1215 1751 1470 1809 adversus
1517 1767 1814 1814 creaturam

227 1835 422 1888 meam,
459 1824 767 1885 Maledictus
808 1843 861 1887 tu
903 1853 1010 1905 prce
1048 1840 1278 1894 omnibus
1315 1845 1595 1914 pecoribus,
1631 1859 1677 1901 et
1711 1867 1817 1918 pra:

225 1915 456 1969 omnibus
502 1917 671 1973 bestiis
713 1931 879 1978 teme.
919 1925 1090 1998 Super
1117 1941 1290 2001 pectus
1322 1943 1464 1989 tuum
1507 1949 1554 1992 et
1599 1915 1817 1996 ventrem

139 2019 152 2033 -
225 2013 362 2058 tuum
382 2009 655 2076 gradieris,
690 2025 738 2068 et
773 2027 958 2072 terram
993 2027 1230 2078 comedes.
1254 2027 1481 2083 omnibus
1509 2031 1680 2086 diebus
1703 2035 1817 2088 vita:

224 2107 338 2151 tum.
373 2102 459 2156 15.
487 2101 555 2156 Et
577 2105 871 2164 inimicitias
893 2128 1078 2179 ponam
1099 2115 1230 2170 inter
1250 2127 1297 2171 te
1315 2129 1363 2172 et
1382 2121 1512 2174 inter
1531 2125 1812 2190 mulierem,

225 2201 270 2241 et
298 2192 430 2245 inter
457 2211 626 2250 semen
658 2209 800 2254 tuum
825 2211 870 2255 et
897 2205 1026 2258 inter
1053 2223 1220 2261 semen
1244 2209 1402 2264 illius.
1441 2211 1468 2266 Ι
1475 2231 1563 2284 pse
1583 2215 1812 2270 observa-

225 2279 292 2330 bit
313 2294 466 2350 caput
495 2293 655 2354 tuum,
686 2300 734 2343 et
762 2302 816 2344 tu
836 2295 1120 2352 observabis
1147 2299 1257 2368 ejus
1282 2279 1595 2361 calcaneutn.

291 2371 342 2424 6.
373 2373 640 2443 Serpentis
662 2380 938 2448 damnatio.
960 2416 1032 2427 —
1049 2390 1297 2457 Attende,
1323 2411 1440 2460 oro,
1463 2396 1550 2453 hic
1569 2400 1812 2457 ordinem

224 2473 504 2520 contextus
533 2468 791 2526 refertum
832 2473 926 2530 Dei
966 2493 1088 2549 erga
1129 2480 1377 2540 homines
1415 2486 1810 2548 benevolentia.

223 2554 350 2610 Nam
383 2559 718 2634 interrogans
745 2581 778 2621 a
803 2568 919 2624 viro
963 2569 1184 2644 incepit,
1214 2577 1408 2636 deinde
1426 2582 1492 2636 ad
1533 2585 1809 2640 mulierem

225 2649 454 2704 transiit.
483 2653 548 2708 Et
569 2667 848 2728 postquam
876 2663 988 2732 ipsa
1018 2667 1172 2734 dixit,
1199 2671 1317 2740 quis
1342 2674 1442 2728 sibi
1471 2688 1657 2733 auctor
1683 2679 1818 2736 fuis-

221 2750 302 2794 set
331 2761 346 2795 :
379 2753 436 2798 ut
466 2757 683 2802 ventum
711 2761 795 2807 est
821 2755 888 2808 ad
919 2769 1251 2830 serpentem,
1281 2779 1384 2819 non
1408 2765 1520 2836 jam
1551 2770 1698 2826 illum
1723 2773 1812 2827 di-

217 2845 430 2904 gnatur,
457 2848 519 2892 ut
547 2856 862 2911 responsum
887 2863 954 2904 ex
976 2865 1042 2906 eo
1065 2854 1264 2920 audiat,
1285 2858 1378 2912 sed
1406 2875 1615 2929 ptenam
1639 2864 1812 2922 inten-

221 2934 314 2991 tat,
341 2937 398 2983 et
429 2932 590 2986 talem
617 2949 736 3004 quae
763 2937 816 2992 in
843 2955 1004 2997 omne
1040 2954 1248 3016 tempus
1275 2953 1615 3024 extendatur,
1644 2964 1700 3012 et
1726 2959 1809 3013 sui

217 3024 524 3087 spectaculo
563 3029 811 3085 omnibus
854 3035 1074 3102 posthac
1113 3037 1306 3097 futuris
1346 3044 1586 3103 doctrina
1621 3051 1710 3116 sit,
1740 3069 1810 3107 ne

219 3111 353 3166 ultra
384 3117 640 3182 pestilens
678 3119 808 3177 illud
847 3127 1094 3182 audiatur
1115 3133 1419 3202 consilium,
1452 3153 1624 3210 neque
1660 3111 1809 3200 locus

217 3207 542 3261 concedatur
573 3209 774 3269 dolosis
807 3215 972 3286 ipsius
1011 3221 1238 3280 insidiis.
1285 3227 1389 3283 Sed
1433 3207 1572 3287 forte
1613 3233 1809 3292 dixerit

215 3293 408 3362 aliquis
439 3316 454 3352 :
481 3300 614 3356 Cum
645 3304 887 3363 diabolus
913 3317 1178 3382 serpentis
1213 3333 1375 3388 opera
1412 3338 1568 3389 usus,
1608 3329 1806 3382 malum

215 3388 458 3444 attulerit
484 3395 767 3451 consilium
791 3440 807 3464 ,
847 3415 944 3456 cur
977 3404 1165 3462 bestiae
1205 3410 1283 3464 illi
1323 3427 1480 3481 ptena
1513 3415 1808 3488 infligitur?

213 3478 310 3534 Est
335 3493 388 3538 et
415 3484 518 3540 hoc
543 3488 826 3548 ineﬂ'abilis
848 3495 1185 3568 benignitatis
1211 3503 1302 3558 Dei
1324 3478 1482 3575 opus.
1510 3478 1654 3564 Nan;
1671 3513 1809 3566 sient

211 3577 616 3634 amantissimus
643 3594 794 3652 pater
822 3590 1048 3656 puniens
1076 3608 1198 3650 eum
1227 3598 1316 3666 qui
1346 3597 1509 3654 lilium
1537 3619 1689 3657 suum
1712 3619 1806 3658 oc-

211 3664 421 3732 ciderit,
451 3679 506 3723 et
526 3670 757 3740 gladium
784 3687 838 3732 et
861 3695 1065 3746 ensem,
1091 3700 1187 3754 per
1208 3664 1366 3756 quem
1397 3690 1532 3745 filius
1557 3707 1684 3747 suus
1714 3709 1806 3748 oc-

211 3756 371 3823 cisus,
397 3759 647 3831 destruit,
671 3778 724 3821 et
749 3767 800 3822 in
825 3771 1020 3827 multas
1037 3787 1217 3844 partes
1239 3781 1552 3836 comminuit
1576 3802 1589 3836 :
1613 3785 1802 3840 eodem

210 3851 372 3904 modo
417 3854 560 3909 Deus
590 3859 731 3926 egit;
777 3863 898 3932 quia
925 3879 1147 3936 serpens
1170 3871 1320 3938 quasi
1354 3872 1561 3942 gladius
1589 3876 1800 3944 quidam

211 3941 410 3997 diaboli
439 3949 660 4002 servivit
685 3953 920 4018 malitia),
951 3967 1258 4028 perpetuam
1290 3941 1386 4030 ipsi
1421 3941 1629 4032 ptenam
1658 3968 1800 4022 inlli-

211 4033 304 4098 git,
335 4046 392 4088 ut
422 4052 521 4106 per
545 4038 646 4095 hoc
669 4043 810 4111 quod
837 4047 936 4101 sub
960 4064 1174 4104 sensum
1200 4063 1256 4107 et
1281 4056 1378 4110 sub
1403 4069 1678 4128 aspectum
1707 4077 1798 4116 ca-

209 4123 307 4190 dit,
352 4127 716 4200 intelligamus
758 4135 809 4190 in
849 4149 1044 4209 quanta
1091 4143 1378 4212 igno:ninia
1424 4123 1493 4202 sit
1532 4151 1795 4206 diabolus.

209 4212 338 4268 Nam
379 4219 426 4272 si
472 4220 517 4272 is
564 4223 650 4291 qui
693 4234 751 4279 ut
787 4227 1196 4289 instrumentum
1235 4237 1574 4308 ministravit,
1603 4253 1800 4298 tantam

209 4319 462 4375 expertus
485 4323 570 4366 est
598 4314 1012 4387 indignationem
1034 4366 1048 4390 ,
1080 4327 1238 4395 quale
1270 4331 1584 4400 supplicium
1611 4335 1800 4390 verisi-

209 4397 332 4452 mile
373 4409 460 4454 est
497 4418 868 4476 suscepturum
905 4413 1211 4472 diabolum?
1255 4419 1366 4478 [mo
1409 4424 1512 4480 hoc
1549 4441 1647 4481 nos
1687 4428 1797 4497 jam

207 4485 384 4543 docuit
406 4493 461 4546 in
485 4494 681 4552 divinis
709 4505 998 4572 evangeliis
1022 4507 1268 4566 Christus
1289 4513 1472 4570 dicens
1499 4517 1564 4573 ad
1592 4485 1798 4588 eos-qui

208 4596 236 4633 a
263 4584 482 4640 sinistra
511 4602 640 4646 sunt
666 4598 936 4653 constituti
969 4617 981 4653 :
1009 4599 1268 4659 Discedite
1297 4623 1330 4660 a
1365 4625 1443 4662 me
1467 4611 1719 4666 maledicti
1746 4613 1798 4666 in

205 4674 370 4743 ignem
409 4689 684 4753 aeternum,
713 4688 800 4755 qui
831 4705 1150 4760 praeparatus
1182 4707 1255 4751 est
1291 4699 1491 4756 diabolo
1523 4713 1570 4756 et
1607 4705 1800 4776 angelis

205 4771 314 4834 ejus
343 4769 562 4838 (Matth.
589 4773 678 4830 25.
697 4779 810 4849 41).
839 4781 918 4836 llli
941 4786 1081 4840 enim
1103 4789 1230 4842 olim
1253 4803 1578 4860 praeparatus
1607 4769 1696 4850 est
1717 4797 1798 4852 in-

205 4862 600 4933 exstinguihilis
627 4868 716 4924 ille
741 4871 900 4942 ignis.
938 4875 1074 4942 Quid
1103 4895 1231 4951 ergo
1259 4885 1504 4940 miserius
1534 4887 1638 4942 illis
1659 4930 1674 4954 ,
1703 4891 1794 4959 qui

206 4953 526 5024 negligenda
573 4959 794 5018 salutem
833 4980 982 5021 suam
1028 4970 1234 5040 seipsos
1276 4978 1536 5046 supplicio
1579 4979 1652 5033 illi
1696 4953 1795 5036 οἰ]-

205 5045 395 5099 noxios
423 5047 678 5119 reddunt,
706 5056 848 5124 quod
885 5057 1096 5116 diabolo
1120 5045 1472 5134 praeparatum
1503 5071 1624 5125 est?
1659 5071 1793 5128 Nam

203 5139 344 5200 quod
369 5140 524 5194 nobis
549 5183 563 5207 ,
591 5143 636 5198 si
667 5147 990 5206 voluerimus
1017 5153 1268 5211 virtutem
1293 5160 1604 5230 amplexari,
1634 5171 1689 5218 et
1713 5165 1792 5218 le-

200 5245 295 5298 ges
313 5247 341 5286 a
360 5233 579 5292 Christo
597 5247 822 5298 statutas
835 5247 1005 5316 sequi,
1025 5261 1263 5318 paratum
1280 5253 1602 5326 sitiregnum,
1623 5259 1791 5328 ipsum

196 5325 324 5378 audi
350 5328 654 5399 loquentem
687 5359 700 5392 :
737 5337 924 5406 Venite,
954 5342 1197 5401 benedicti
1217 5346 1391 5404 Patris
1413 5325 1529 5418 mei,
1553 5353 1605 5406 in
1627 5325 1791 5408 luere-

191 5423 414 5478 ditatem
451 5429 664 5497 accipite
690 5448 900 5502 regnum
923 5478 938 5502 ,
968 5441 1103 5507 quod
1135 5442 1271 5496 vobis
1296 5429 1732 5513 prxparatum'est
1759 5466 1791 5503 a

198 5515 560 5572 constitutione
587 5525 772 5588 mundi,
802 5525 963 5594 (Ibid.
986 5545 1037 5583 υ.
1067 5531 1178 5601 54).
1212 5533 1397 5590 Vidisti
1421 5536 1498 5592 illi
1527 5538 1788 5594 inexstin-

199 5605 454 5672 gnibilem
482 5611 656 5680 ignem
686 5628 1038 5688 praeparatum
1057 5661 1076 5690 ,
1104 5624 1257 5680 nobis
1285 5637 1461 5683 autem
1482 5670 1497 5694 ,
1525 5631 1624 5686 nisi
1650 5631 1791 5687 desi-

203 5701 298 5754 des
341 5704 622 5774 fuerimus,
652 5713 916 5780 regnum?
959 5715 1084 5770 Hice
1121 5717 1280 5787 igitur
1323 5721 1639 5794 cogitantes,
1665 5723 1788 5780 vitae

201 5807 403 5850 nostra:
431 5813 614 5854 curam
644 5817 893 5873 agamus,
932 5817 988 5861 et
1021 5807 1274 5866 malitiam
1313 5809 1595 5883 fugientes,
1629 5831 1786 5872 num-

203 5901 362 5955 quam
395 5890 670 5949 diabolicis
705 5897 908 5954 artibus
935 5897 1281 5972 decipiamur.
1319 5903 1386 5958 At
1416 5905 1459 5959 si
1488 5913 1662 5977 et_vos
1689 5923 1782 5964 vo-

3415 481 3518 537 H9.

1929 567 2156 639 lueritis,
2188 587 2242 630 et
2271 578 2504 635 nondum
2532 581 2658 639 fessi
2687 589 2834 656 estis,
2864 592 3054 646 iterum
3087 593 3138 648 in
3170 595 3402 652 medium
3430 601 3514 654 af-

1930 661 2158 719 feramus
2185 681 2394 736 ptenam
2423 687 2541 742 quze
2567 680 2798 746 serpenti
2829 681 3024 738 inflicta
3048 695 3150 752 est,
3177 697 3234 742 ut
3261 691 3512 758 paulatim

1927 753 1994 810 ad
2035 755 2192 814 finem
2235 761 2418 832 judicii
2465 781 2828 838 properantes,
2862 775 3138 834 videamus
3173 753 3366 838 divinae
3403 785 3514 840 cle-

1925 850 2142 906 mentiae
2167 855 2605 924 magnitudinem.
2645 860 2776 916 Nam
2821 864 2866 919 si
2907 865 3149 926 homines
3173 871 3403 941 judicem
3425 875 3512 930 vi-

1926 940 2114 998 dentes
2144 947 2354 1014 publice
2379 949 2675 1018 sedentem,
2703 965 2755 1010 ct
2801 967 2986 1013 contra
3029 977 3150 1018 reos
3181 940 3510 1021 sententiam

1925 1038 2355 1102 pronuntiantem
2377 1081 2393 1108 ,
2435 1057 2578 1112 saepe
2608 1054 2718 1100 toto
2746 1047 2832 1104 die
2871 1050 2942 1105 ibi
2981 1064 3219 1121 manent,
3250 1072 3348 1112 nec
3385 1057 3512 1115 inde

1923 1124 2238 1195 abscedunt,
2263 1130 2435 1188 donec
2458 1137 2756 1194 surrexisse
2781 1139 3013 1198 viderint
3035 1143 3269 1212 judicem
3301 1166 3314 1201 :
3343 1150 3513 1205 multo

1925 1219 2094 1296 magis
2118 1237 2260 1276 nunc
2287 1238 2384 1278 nos
2412 1224 2620 1282 decebit
2635 1229 2868 1298 judicem
2892 1235 3078 1304 majori
3101 1253 3222 1292 cum
3239 1241 3514 1298 alacritate

1926 1309 2111 1366 videre
2137 1312 2332 1370 bonum
2362 1317 2560 1384 Deum,
2591 1326 2858 1392 quomodo
2884 1331 3114 1398 serpenti
3143 1347 3357 1402 gravem
3400 1351 3516 1406 pte-

1923 1416 2046 1456 nam
2073 1403 2404 1476 imposuerit,
2429 1421 2486 1466 ut
2507 1427 2603 1482 per
2623 1417 2890 1472 sensibilis
2913 1419 3068 1490 hujus
3095 1423 3276 1480 bestia:
3299 1403 3506 1496 ptenas,

1923 1510 2025 1564 qua
2057 1497 2198 1552 velut
2224 1515 2423 1570 organo
2468 1519 2594 1561 usus
2631 1517 2714 1562 est
2748 1509 3012 1581 malignus
3037 1514 3126 1570 ille
3147 1515 3356 1572 daemon
3379 1561 3392 1582 ,
3426 1522 3513 1576 in-

1923 1589 2222 1661 telligamus
2241 1635 2256 1658 ,
2284 1611 2416 1666 quas
2441 1597 2514 1652 illi
2543 1615 2727 1669 ptenas
2753 1603 2804 1656 in
2833 1603 3012 1660 futuro
3051 1609 3246 1664 sxculo
3278 1611 3513 1668 inflictu-

1922 1695 2016 1735 rus
2042 1684 2112 1736 sit
2138 1703 2152 1738 :
2177 1687 2443 1754 quomodo
2473 1689 2596 1744 item
2621 1693 2951 1750 misericordi
2979 1701 3316 1770 correptione
3341 1704 3512 1759 virum

1922 1780 1977 1826 et
2005 1775 2280 1830 mulierem
2313 1784 2556 1850 castiget,
2579 1798 2698 1852 quae
2723 1785 3019 1843 admonitio
3047 1789 3225 1860 potius
3255 1793 3320 1848 sit
3354 1811 3512 1866 quam

1922 1865 2129 1932 punitio
2161 1883 2174 1920 :
2205 1878 2262 1922 ut
2299 1867 2383 1924 his
2410 1873 2657 1929 omnibus
2686 1875 2966 1947 diligenter
2987 1865 3392 1952 animadversis,
3419 1888 3516 1942 ad-

1920 1955 2178 2014 miremur
2204 1961 2483 2019 clemcntis
2509 1965 2602 2021 Dei
2629 1968 3016 2037 providentiam
3038 2015 3054 2040 ,
3081 1990 3240 2044 quam
3259 1959 3358 2033 ille
3386 1995 3512 2050 erga

1919 2059 2156 2104 nostram
2202 2063 2444 2108 naturam
2485 2057 2720 2113 exhibet.
2748 2061 2884 2127 Quid
2915 2077 3042 2134 ergo
3068 2065 3142 2120 illi
3173 2067 3413 2123 dictum?
3445 2071 3512 2124 ls't

1920 2139 2050 2194 dixit
2074 2140 2322 2200 Dominus
2347 2146 2482 2202 Deus
2505 2151 2723 2219 serpenti
2751 2168 2771 2205 :
2809 2153 2943 2218 Quia
2967 2156 3131 2227 fecisti
3159 2157 3271 2224 hoc,
3298 2161 3516 2214 maledi-

1919 2241 2030 2286 ctus
2067 2243 2121 2287 tu
2159 2252 2266 2303 prae
2291 2238 2522 2294 omnibus
2551 2243 2833 2310 pecoribus,
2859 2254 2906 2298 et
2945 2262 3054 2315 pra:
3082 2249 3312 2303 omnibus
3344 2251 3512 2304 bestiis

1919 2341 2032 2395 qua:
2058 2337 2174 2382 sunt
2200 2346 2354 2401 super
2377 2343 2583 2388 terram.
2614 2335 2783 2407 Super
2815 2347 2988 2408 pectus
3024 2349 3168 2394 tuum
3206 2352 3252 2395 et
3286 2353 3508 2397 ventrem

1919 2429 2061 2472 tuum
2085 2421 2352 2490 gradieris,
2384 2435 2431 2478 et
2470 2435 2658 2480 terram
2692 2431 2922 2484 comedes
2949 2433 3178 2488 omnibus
3199 2433 3373 2489 diebus
3398 2437 3510 2490 vitae

1916 2519 2036 2566 tute.
2080 2511 2150 2567 Et
2185 2515 2476 2570 inimicitias
2508 2535 2695 2587 ponam
2721 2521 2853 2574 inter
2877 2531 2924 2576 te
2943 2531 2990 2576 et
3009 2524 3139 2577 inter
3157 2526 3437 2588 mulierem,
3461 2537 3508 2582 et

1916 2603 2049 2658 inter
2085 2623 2254 2661 semen
2287 2617 2432 2662 tuum
2465 2618 2511 2664 et
2548 2625 2720 2665 semen
2755 2613 2886 2681 ejus.
2919 2611 3040 2680 Ipse
3063 2623 3206 2670 tuum
3229 2616 3510 2672 obseruabit

1915 2703 2088 2765 caput,
2111 2705 2158 2750 α
2178 2707 2232 2750 tu
2257 2698 2541 2754 observabis
2559 2701 2671 2772 ejus
2693 2702 3008 2759 calcaneum.

1987 2788 2042 2843 7.
2089 2788 2278 2845 Gravis
2321 2801 2376 2846 et
2417 2792 2709 2850 vehemens
2755 2793 3050 2866 indignatio
3096 2814 3108 2850 :
3145 2798 3269 2868 quia
3313 2813 3505 2870 magna

1915 2880 2075 2934 etiam
2106 2891 2160 2936 et
2205 2881 2392 2950 ingens
2433 2884 2698 2956 deceptio,
2747 2901 2906 2957 quam
2937 2903 3034 2957 per
3061 2888 3211 2944 illum
3237 2891 3504 2962 malignus

1913 2972 2124 3028 daemon
2172 2973 2368 3029 intulit.
2399 2975 2467 3030 Et
2492 2977 2622 3032 dixit
2647 2977 2896 3034 Dominus
2920 2979 3058 3035 Deus
3083 2985 3303 3053 serpenti
3326 2999 3346 3038 :
3372 2985 3508 3050 Quia

1916 3063 2077 3132 fecisti
2103 3063 2218 3118 hoc.
2261 3064 2394 3134 Quia
2434 3067 2547 3133 tali,
2595 3069 2786 3139 inquit,
2833 3071 3055 3127 malitim
3081 3073 3416 3144 ministrasti,
3444 3086 3507 3132 ut

1913 3153 2063 3210 fraus
2106 3155 2194 3208 illa
2243 3171 2406 3226 opere
2425 3159 2802 3228 compleretur,
2845 3161 3042 3218 malum
3067 3165 3347 3221 consilium
3372 3165 3507 3222 affe-

1913 3245 2103 3312 rendo,
2147 3255 2202 3300 et
2245 3246 2404 3302 letale
2433 3249 2680 3318 poculum
2711 3254 3088 3322 temperando;
3116 3257 3238 3326 quia
3267 3256 3344 3311 sic
3371 3256 3506 3314 feci-

1911 3341 2003 3406 sti,
2027 3349 2080 3396 et
2103 3356 2134 3396 a
2163 3357 2282 3398 mea
2309 3343 2676 3400 benevolentia
2698 3347 2984 3403 excludere
3001 3349 3208 3404 voluisti
3232 3361 3506 3406 creaturas

1912 3448 2080 3499 meas,
2127 3435 2427 3491 ministerio
2472 3438 2690 3508 maligni
2738 3439 2998 3496 daemonis
3041 3444 3323 3499 sententia:
3346 3445 3496 3500 exhi-

1912 3524 2046 3591 bito,
2077 3526 2166 3596 qui
2197 3526 2265 3582 ob
2292 3528 2540 3588 invidiam
2569 3539 2624 3585 et
2653 3531 2922 3599 ingentem
2949 3533 3252 3604 superbiam
3290 3549 3440 3590 suam
3471 3551 3504 3592 e

1912 3615 2057 3670 cadis
2085 3616 2136 3670 in
2167 3623 2362 3672 terram
2386 3618 2625 3688 dejectus
2654 3631 2734 3674 est
2765 3640 2776 3674 :
2803 3631 3083 3691 propterea
3109 3624 3228 3694 quia
3262 3633 3314 3680 te
3337 3625 3389 3679 in
3417 3624 3502 3679 his
3599 3631 3606 3638 ‘

1911 3715 1969 3760 ut
1993 3707 2347 3763 instrumento
2393 3721 2477 3764 cst
2518 3727 2666 3777 usus,
2694 3723 3003 3781 perpetuam
3032 3713 3124 3768 tibi
3153 3729 3363 3784 poenam
3393 3715 3499 3770 im-

1913 3815 2072 3869 pOno,
2123 3809 2182 3856 ut
2217 3817 2315 3872 per
2359 3817 2443 3870 ea,
2487 3819 2606 3874 qua:
2652 3803 2742 3858 tibi
2788 3806 3106 3874 inferuntur,
3148 3815 3204 3862 et
3241 3809 3332 3864 ille
3360 3810 3500 3865 scire

1911 3891 2098 3960 possit,
2127 3892 2395 3962 quodnam
2437 3893 2608 3964 ipsum
2650 3904 2863 3950 maneat
2886 3896 3227 3967 supplicium,
3260 3907 3314 3953 et
3335 3897 3499 3955 futuri

1913 3984 2155 4040 homines
2181 3985 2510 4054 crudiantur,
2551 4002 2620 4042 ne
2643 3988 2968 4042 seducantur
3003 3988 3200 4044 diaboli
3237 3991 3494 4057 consiliis,

1909 4093 2084 4150 neque
2113 4079 2256 4134 illius
2295 4078 2510 4136 fraudes
2539 4081 2842 4148 admittant,
2869 4089 2928 4136 ut
2952 4097 3020 4137 ne
3047 4082 3098 4136 in
3124 4083 3338 4138 easdem
3369 4085 3499 4140 inci-

1907 4173 2038 4228 dant
2075 4187 2280 4245 poenas.
2329 4174 2614 4245 Propterea
2642 4176 2954 4232 maledictus
2972 4191 3034 4232 es
3061 4186 3118 4232 tu
3144 4178 3282 4233 inter
3309 4193 3498 4235 omnes

1907 4266 2126 4333 bestias,
2174 4268 2295 4337 quia
2320 4267 2639 4324 ealliditate‘
2661 4269 2797 4324 male
2821 4277 2877 4324 et
2907 4285 3012 4325 non
3043 4277 3102 4324 ut
3129 4268 3410 4340 oportebat
3437 4286 3497 4326 es

1907 4373 2058 4424 usus,
2089 4359 2183 4413 sed
2212 4359 2544 4430 privilegium
2590 4360 2732 4431 quod
2775 4375 2935 4429 super
2978 4361 3156 4416 omnia
3204 4363 3496 4418 animantia

1907 4449 2240 4518 possidebas,
2271 4449 2372 4506 hoc
2399 4451 2494 4507 tibi
2523 4452 2574 4507 in
2605 4452 2842 4508 omnium
2867 4453 3128 4509 malorum
3151 4455 3314 4509 cessit
3335 4470 3494 4510 occa-

1906 4544 2134 4600 sionem.
2181 4544 2354 4614 Inquit
2401 4545 2546 4600 enim
2596 4563 2610 4599 :
2672 4545 2894 4615 Serpens
2943 4555 3052 4600 erat
3099 4547 3494 4618 prudentissima

1906 4636 2128 4690 omnium
2154 4635 2441 4701 bestiarum,
2469 4652 2584 4698 qua
2603 4647 2746 4691 erant
2781 4653 2934 4710 super
2971 4649 3177 4693 terram.
3206 4640 3492 4710 Propterea

1906 4728 2220 4784 maledictus
2247 4737 2302 4782 tu
2351 4729 2489 4782 inter
2513 4730 2690 4784 omnia
2736 4729 2974 4798 jumenta
2999 4739 3054 4786 et
3077 4745 3265 4786 omnes
3291 4731 3491 4786 bestias

1906 4829 2064 4875 terra:
2109 4818 2320 4874 futurus
2348 4835 2426 4874 es.
2458 4818 2526 4874 Et
2551 4819 2672 4890 quia
2702 4821 3004 4876 maledictio
3033 4837 3138 4875 non
3175 4831 3291 4876 erat
3314 4823 3492 4876 sensi-

1903 4913 2043 4978 bilis,
2077 4927 2249 4982 neque
2289 4913 2456 4967 oculis
2483 4913 2647 4968 videri
2679 4924 2905 4984 poterat,
2938 4923 3153 4983 propter
3187 4913 3289 4968 hoc
3314 4914 3490 4968 sensi-

1901 5006 2062 5060 bilem
2104 5005 2174 5059 illi
2215 5020 2424 5074 ptenam
2457 5005 2636 5072 infert,
2675 5016 2731 5060 ut
2761 5005 3013 5060 continuo
3039 5015 3162 5060 ante
3192 5004 3378 5062 oculos
3405 5009 3487 5058 vi-

1901 5097 2029 5154 dere
2059 5097 2322 5167 possimus
2347 5097 2588 5168 supplicii
2611 5097 2729 5166 ejus
2759 5098 3100 5152 monimenta.
3127 5095 3297 5168 Super
3317 5109 3490 5166 pectus

1902 5198 1951 5242 et
1991 5205 2142 5258 super
2169 5197 2388 5243 ventrem
2415 5188 2682 5260 gradieris,
2726 5197 2772 5242 et
2795 5199 2979 5241 terram
3002 5189 3227 5242 comedes
3255 5189 3487 5244 omnibus

1900 5281 2072 5336 diebus
2101 5281 2215 5336 uiue
2234 5291 2333 5336 tute
2356 5297 2373 5334 :
2401 5281 2523 5350 quia
2545 5280 2712 5336 forma
2737 5290 2822 5335 tua
2851 5281 3044 5336 abusus
3067 5295 3146 5350 es,
3173 5289 3229 5336 et
3251 5282 3302 5337 in
3330 5281 3484 5338 Lami—

1899 5374 2183 5430 liaritatem
2227 5374 2504 5428 rationalis
2546 5375 2789 5429 animalis
2833 5389 2862 5428 a
2911 5389 2998 5430 me
3051 5375 3253 5430 conditi
3293 5375 3482 5432 venire

1899 5483 2006 5522 non
2031 5465 2346 5522 formidasti.
2374 5465 2522 5522 Sicut
2547 5465 2708 5535 igitur
2731 5465 2993 5546 diabolus,
3033 5467 3122 5536 qui
3147 5481 3244 5536 per
3267 5474 3320 5522 te
3346 5481 3482 5536 0pc-

1897 5571 2064 5627 ratus,
2109 5568 2166 5616 et
2207 5569 2260 5614 te
2303 5560 2656 5614 instrumento
2697 5574 2826 5614 usus
2854 5569 2958 5624 est,
3002 5559 3202 5614 ecaelis
3225 5558 3477 5615 deorsum
3509 5643 3524 5658 ἢ

1897 5653 2150 5724 depulsus
2193 5657 2294 5715 est,
2346 5649 2468 5720 quia
2518 5650 2638 5720 plus
2681 5665 2840 5720 quam
2879 5649 3150 5722 dignitatis
3196 5667 3308 5706 sua:
3340 5657 3476 5736 erat,

1895 5756 2080 5814 sapere
2113 5742 2368 5798 volebat:
2401 5741 2474 5796 ita
2511 5742 2756 5798 similiter
2797 5742 3018 5814 impero,
3057 5751 3116 5798 ut
3153 5749 3206 5798 et
3231 5749 3287 5798 tu
3323 5744 3477 5799 aliam

1964 5919 1984 5952 ι
2009 5915 2371 5982 Coislln.,voce,
2397 5930 2501 5983 pro,
2527 5917 2824 5983 calliditate;
2847 5932 2940 5972 non
2975 5917 3118 5969 male.
