4038 6394
501 382 603 437 H3

499 495 828 551 furtnationis
871 496 1090 565 figuram
1139 494 1369 555 habeas;
1406 504 1463 548 et
1485 510 1645 562 super
1674 504 1867 548 terram
1901 511 2076 564 ruptis,

497 604 670 656 eaque
693 588 885 651 alaris;
913 595 1073 656 atque
1101 585 1237 641 adeo
1265 602 1331 640 ne
1359 587 1509 640 liceat
1542 586 1632 639 tibi
1660 585 1881 655 posthac
1906 587 2081 655 suspi-

498 694 643 741 cere,
685 677 777 732 sed
819 692 1031 745 semper
1077 676 1131 731 in
1180 676 1281 732 hoc
1316 691 1536 731 maneas
1579 685 1738 741 statu,
1771 686 1824 731 et
1848 677 1992 731 solus
2018 694 2083 732 ex

498 768 819 824 animalibus
840 778 981 824 terra
1012 769 1283 840 pascaris;
1308 778 1362 824 et
1386 784 1557 838 neque
1592 769 1693 823 hoc
1717 768 1887 823 solum
1912 786 1927 822 :
1958 784 2084 823 nam

502 860 573 914 Et
589 861 877 915 inimicitias
902 877 1088 929 ponam
1119 860 1250 914 inter
1276 870 1323 915 te
1340 870 1387 914 et
1414 862 1545 913 inter
1556 858 1834 925 mulierem,
1860 861 1989 914 inter
2000 878 2082 915 se-

495 970 611 1006 men
632 961 771 1005 tuum
792 960 838 1006 et
857 968 1022 1007 semen
1043 953 1172 1022 ejus.
1195 950 1373 1021 Neque
1394 950 1492 1005 hoc
1506 959 1782 1005 contentus
1802 966 1915 1014 ero,
1943 950 2085 1021 quod

494 1058 654 1112 super
705 1052 901 1098 terram
949 1052 1161 1112 reptes,
1213 1043 1307 1097 sed
1352 1052 1406 1097 et
1453 1043 1720 1097 inimicam
1766 1041 2084 1113 hederisque

493 1134 728 1189 nesciam
773 1134 961 1189 iaciam
1011 1135 1103 1189 tibi
1151 1135 1428 1189 mulierem
1468 1148 1686 1204 :neque
1727 1149 1845 1188 eam
1891 1134 2083 1201 solam,

492 1228 585 1283 scd
626 1237 680 1284 et
722 1244 907 1284 semen
936 1230 1053 1299 ejus
1095 1229 1286 1285 semini
1317 1238 1409 1284 tuo
1435 1231 1641 1285 hostem
1670 1240 1980 1300 perpetuum
2009 1229 2084 1284 fa-

493 1319 648 1373 ciam.
685 1318 713 1371 1
719 1335 807 1390 pse
834 1328 975 1373 tuum
999 1320 1276 1374 observabit
1296 1331 1470 1391 caput,
1513 1331 1561 1374 et
1586 1331 1641 1374 tu
1667 1322 1777 1391 ejus
1804 1322 2083 1376 observabis

495 1410 805 1463 calcaneum.
858 1411 1085 1465 Tantum
1132 1412 1275 1466 enim
1325 1412 1400 1466 illi
1446 1412 1611 1467 robur
1652 1412 1973 1479 concedam,
2024 1422 2083 1467 ut

491 1502 747 1556 continuo
795 1502 1067 1559 incumbat
1108 1502 1269 1574 capiti
1314 1513 1425 1570 tuo,
1460 1516 1511 1559 te
1556 1516 1735 1561 autem
1771 1506 1956 1559 faciam
1983 1506 2083 1560 sub

492 1593 714 1661 pedibus
757 1594 873 1663 ejus
915 1595 1117 1664 jacere.
1162 1595 1293 1651 Vide
1315 1596 1419 1659 hic,
1466 1597 1677 1659 dilecte.
1728 1612 1824 1667 per
1867 1612 2081 1666 pinnam

494 1685 616 1741 huic
643 1687 830 1742 bestia:
855 1688 1184 1757 deputatam,
1213 1699 1464 1758 quantam
1492 1689 1709 1744 humani
1750 1691 1964 1760 generis
1990 1705 2082 1745 cu-

492 1791 606 1830 ram
636 1777 787 1832 nobis
812 1776 1162 1834 demonstret.
1186 1779 1255 1833 Et
1283 1778 1385 1834 hoc
1412 1780 1627 1850 quidem
1657 1780 1725 1834 de
1754 1781 1944 1835 visibili
1966 1795 2082 1836 ser—

494 1878 653 1939 pente
681 1887 695 1924 :
728 1870 851 1924 licet
897 1880 1075 1926 autem
1103 1871 1302 1927 volenti
1348 1882 1533 1942 postea
1580 1873 1920 1929 considerare
1945 1874 2079 1928 scri-

494 1969 706 2028 ptorum
737 1961 953 2029 seriem,
976 1970 1031 2016 et
1053 1976 1379 2031 cognoscere
1405 1963 1446 2016 si
1470 1962 1539 2017 de
1567 1963 1805 2017 sensibili
1832 1972 2081 2032 serpente

493 2051 610 2106 luce
653 2052 791 2107 dicta
822 2064 965 2117 sunt,
1008 2054 1176 2109 multo
1205 2055 1373 2125 magis
1399 2056 1705 2126 accipienda
1734 2072 1856 2113 esse
1881 2056 1950 2111 de
1972 2057 2081 2128 spi-

492 2146 669 2200 rituali
722 2156 992 2217 serpente.
1040 2147 1250 2202 Etenim
1297 2156 1352 2203 et
1404 2149 1553 2203 illum
1612 2150 1834 2219 pedibus
1882 2150 2081 2205 nostris

492 2236 720 2306 subjecit
752 2238 1107 2305 humiliatum,
1134 2248 1189 2295 et
1218 2239 1269 2294 id
1312 2242 1555 2310 priestitit
1580 2251 1638 2295 ut
1662 2257 1757 2297 nos
1778 2242 1896 2312 ejus
1920 2242 2081 2311 capiti

491 2329 883 2385 incumbamus.
924 2332 1116 2386 Annon
1165 2331 1267 2387 hoc
1314 2333 1578 2403 significat
1625 2335 1829 2401 dicens,
1878 2335 2083 2391 Calcate

491 2435 646 2488 super
672 2430 946 2490 serpentes,
996 2431 1044 2475 et
1084 2422 1374 2491 scorpiones
1407 2422 1556 2493 (Luc.
1584 2426 1672 2479 1-0.
1716 2425 1842 2497 1'9)?
1878 2426 2082 2482 Deinde

492 2524 561 2564 ne
592 2518 836 2579 putemus
863 2511 931 2565 de
956 2512 1296 2568 sensibilibus
1328 2512 1454 2567 feris
1479 2529 1597 2569 esse
1623 2514 1843 2581 dictum,
1867 2516 2079 2572 subdit:

499 2600 565 2654 Et
591 2617 742 2671 super
765 2618 962 2656 omnem
990 2606 1221 2656 uirtutem
1260 2605 1470 2657 inimici.
1507 2604 1723 2659 Vidistis
1762 2622 1825 2661 ex
1856 2606 1937 2660 his
1962 2621 2082 2677 quae

490 2692 632 2747 dicta
678 2702 799 2747 sunt
843 2694 911 2748 de
956 2710 1112 2764 pmna
1163 2696 1517 2751 instrumento
1561 2697 1823 2752 diabolica
1861 2698 2080 2766 inflicta,

495 2785 765 2852 ingcntctn
807 2783 899 2839 Dei
954 2785 1377 2840 humanitatem?
1428 2787 1714 2843 Veniamus
1760 2793 1983 2856 iterum,
2037 2790 2082 2844 si

493 2876 687 2945 placet,
736 2876 801 2931 ad
849 2878 1146 2933 mulierem.
1176 2879 1406 2948 Serpens
1434 2882 1553 2950 quia
1584 2882 1842 2936 fallaciam
1884 2884 2080 2948 intulit,

494 2975 775 3034 propterea
818 2977 876 3023 et
922 2984 1132 3037 poenam
1177 2972 1289 3040 ipse
1328 2972 1532 3041 primus
1569 2975 1816 3043 accepit:
1860 2983 1914 3028 et
1959 2974 2083 3044 quia

494 3059 668 3125 primo
708 3058 982 3113 mulierem
1013 3060 1239 3129 decepit,
1275 3072 1327 3115 et
1358 3062 1449 3116 illa
1476 3073 1657 3131 postea
1698 3064 1868 3117 virum
1899 3079 2082 3119 secum

494 3150 675 3211 traxit,
710 3150 828 3205 ideo
856 3162 910 3205 et
938 3152 1052 3221 ipsa
1086 3154 1229 3221 prior
1256 3154 1504 3222 plectitur
1533 3170 1686 3222 pmna
1716 3172 1960 3225 magnam
1989 3156 2084 3209 ad-

499 3241 845 3295 monitionem
886 3241 1136 3297 habente.
1186 3244 1272 3298 16.
1301 3243 1370 3296 Et
1396 3245 1595 3297 mulieri
1623 3246 1751 3298 dixit
1774 3262 1792 3299 .'
1821 3244 2082 3315 Multipli-

496 3347 617 3384 cans
657 3332 995 3398 multiplicabo
1038 3350 1288 3389 (erumnas
1316 3345 1447 3402 tuas,
1477 3346 1522 3389 et
1548 3337 1787 3407 gemitum
1827 3348 1963 3391 tuum
1993 3354 2011 3391 :
2031 3340 2084 3393 in

494 3425 752 3478 doloribus
774 3429 940 3496 paries
968 3428 1136 3495 ﬁlios;
1171 3438 1220 3482 et
1246 3430 1314 3482 ad
1338 3432 1502 3483 virum
1528 3441 1665 3484 tuum
1694 3433 1948 3486 conversio
1975 3442 2081 3499 tua,

494 3527 538 3570 et
564 3519 670 3588 ipse
688 3520 759 3572 tui
778 3521 1137 3575 dominabitur.
1161 3522 1295 3578 Vide
1318 3523 1608 3581 bonitatem
1634 3525 1864 3590 Domini,
1888 3532 2082 3594 quanta

494 3622 615 3680 post
663 3622 863 3667 tantam
914 3616 1402 3683 praevaricationem
1444 3619 1853 3673 mansuetudine
1897 3621 2079 3674 utitur.

497 3703 847 3772 Multiplicans
887 3706 1227 3777 multiplicabo
1271 3725 1525 3763 (erumnas
1564 3720 1696 3764 tuas.
1732 3711 1844 3780 Ego
1870 3711 2082 3781 quidem

495 3796 763 3865 volebam,
797 3798 985 3867 inquit,
1004 3806 1056 3854 te
1076 3800 1206 3854 citra
1226 3799 1465 3855 dolorem
1491 3811 1544 3855 et
1564 3818 1855 3857 aerumnam
1880 3802 2079 3869 vivere,

494 3890 820 3959 liberamque
848 3891 915 3945 ab
943 3892 1085 3945 omni
1112 3907 1347 3948 mterore
1369 3902 1425 3948 et
1462 3895 1691 3958 tristitia,
1733 3904 1789 3948 et
1817 3896 1961 3949 omni
1990 3910 2083 3947 vo-

491 3979 692 4047 luptate
723 3981 939 4051 repleri,
966 3992 1019 4037 et
1048 3983 1172 4038 licet
1191 3999 1420 4053 corpore
1444 3985 1847 4049 circumdatam,
1883 4001 2080 4056 corpo-

492 4070 750 4139 poralium
804 4088 966 4128 sensu
1013 4090 1118 4129 non
1164 4075 1302 4130 affici
1337 4094 1350 4130 :
1380 4085 1433 4130 at
1477 4077 1599 4145 quia
1645 4094 1750 4132 non
1801 4094 1894 4133 usa
1938 4093 1997 4133 es
2024 4087 2083 4135 ut

491 4170 703 4227 Oportet
751 4170 896 4217 tanta
941 4166 1314 4234 prosperitate,
1362 4166 1456 4222 sed
1506 4167 1776 4223 affluentia
1817 4168 2077 4224 bonorum

496 4261 606 4306 tam
635 4253 897 4324 ingratum
943 4255 1037 4310 tibi
1087 4258 1323 4311 animum
1379 4260 1601 4323 invexit,
1658 4270 1935 4328 propterea
1985 4260 2079 4315 tibi

492 4345 698 4399 frenum
750 4347 987 4416 impono,
1046 4356 1107 4402 ut
1150 4364 1219 4404 ne
1274 4351 1500 4420 amplius
1551 4351 1816 4417 lascivias,
1861 4352 1927 4406 ad
1980 4354 2079 4407 tri-

492 4435 667 4490 stitias
726 4446 781 4491 et
848 4439 1076 4509 gemitus
1148 4449 1203 4495 te
1263 4441 1646 4496 condemnans.
1680 4442 1691 4461 ¹
1725 4441 2078 4512 Multiplicans

490 4529 833 4593 multiplicabo
892 4547 1146 4588 erumnas
1200 4544 1340 4599 tuas,
1400 4543 1448 4587 et
1500 4536 1737 4605 gemitum
1804 4546 1943 4589 tuum
1972 4554 1992 4589 :
2023 4538 2081 4591 in

492 4622 749 4676 doloribus
794 4624 959 4692 paries
998 4624 1153 4689 ﬁlios.
1197 4626 1353 4693 Rem,
1400 4627 1587 4696 inquit,
1637 4643 1842 4698 magnae
1887 4629 2080 4683 lmtitiaa

491 4723 547 4767 et
576 4714 801 4767 filiorqu
827 4717 1255 4786 prnpagationem
1280 4733 1309 4772 a
1338 4717 1523 4773 dolore
1545 4730 1601 4773 ut
1626 4720 1847 4789 incipias
1863 4719 2076 4786 faciam,

492 4814 549 4858 ut
577 4814 629 4860 et
657 4806 766 4875 ipsa
800 4821 896 4875 per
939 4808 1197 4878 cujusque
1227 4819 1406 4879 partus
1439 4810 1650 4866 dolores
1695 4822 1749 4867 et
1777 4828 2074 4881 :erumnas,

492 4906 751 4965 perpetuo
776 4898 1044 4951 monearis
1068 4910 1261 4968 quanta
1291 4902 1362 4953 sit
1386 4902 1588 4969 peccati
1611 4911 1665 4957 et
1702 4902 2077 4958 inobedientize

495 4988 823 5055 magnitudo,
870 4999 925 5044 et
966 5006 1032 5044 ne
1057 5006 1309 5059 processu
1339 4995 1591 5062 temporis
1614 4996 1865 5050 oblivioni
1898 4996 2075 5051 tradas

490 5079 633 5147 quod
665 5079 856 5133 factum
889 5090 989 5147 est,
1018 5082 1113 5137 sed
1141 5098 1328 5138 noscas
1358 5084 1659 5154 huiusmodi
1687 5086 1949 5144 fallaciam
1978 5089 2075 5143 ho-

491 5184 610 5223 rum
638 5172 729 5225 tibi
759 5188 969 5226 causam
998 5172 1179 5229 fuisse.
1210 5174 1496 5244 Propterea
1522 5178 1873 5250 Multiplicans
1899 5183 2073 5235 multi-

490 5262 685 5329 plicabo
724 5279 973 5318 (erumnas
1014 5276 1144 5333 tuas,
1185 5278 1232 5321 et
1257 5271 1495 5339 gemitum
1540 5281 1714 5327 tuum:
1740 5273 1793 5326 in
1818 5254 2074 5328 doloribus

490 5355 657 5421 paries
717 5355 869 5422 ﬁlios.
915 5356 1011 5410 llic
1058 5359 1319 5425 significat
1371 5362 1773 5429 parturientium
1834 5363 2069 5430 doleres,

492 5446 942 5517 multiplicemque
984 5450 1126 5503 illum
1179 5452 1434 5517 laborem,
1481 5471 1638 5523 quem
1668 5454 1807 5510 ferre
1852 5470 2074 5512 necesse

492 5546 577 5591 est
606 5555 619 5590 :
650 5553 841 5608 nctnpe
882 5547 960 5593 tot
1006 5543 1299 5604 mensibus.
1340 5546 1485 5599 velut
1523 5547 1786 5601 sarcinam
1817 5547 2071 5603 infantem

491 5638 727 5696 gestare,
777 5637 831 5684 et
866 5631 1068 5686 sentire
1111 5633 1421 5702 singulares,
1475 5653 1595 5705 qua:
1642 5638 1765 5693 inde
1803 5641 2068 5702 oriuntur,

494 5733 782 5785 aerumnas,
809 5720 1169 5777 membrorum
1200 5725 1597 5793 distorsioncm,
1630 5738 1684 5783 et
1711 5730 2072 5785 intolerabiles

494 5806 613 5861 illos
640 5808 847 5863 dolores
870 5825 1004 5879 quos
1034 5812 1159 5869 solm
1195 5812 1295 5870 illae
1318 5817 1646 5889 sciunt,qua:
1675 5831 1905 5891 experta:
1923 5830 2067 5876 sunt.

1239 380 1296 436 S.
1332 378 1609 435 JOANNIS
1646 379 2115 439 CIIRYSOSTOMI
2155 382 2469 446 ARClllEP.
2509 385 3043 443 CONSTANTINOP.

3673 390 3779 457 tet

2264 499 2316 554 8.
2350 500 2481 568 Spes
2507 500 2625 553 boni
2644 501 2801 570 futuri
2832 500 2967 553 mala
2994 502 3123 553 levat
3149 502 3438 568 pra'scntia.
3462 530 3529 540 —-
3553 500 3748 554 Verum

2192 594 2370 640 tamen
2399 588 2670 643 doloribus
2709 598 2851 643 tanta
2881 590 3071 643 solatia
3117 590 3274 644 simul
3312 590 3593 644 admiscuit
3620 591 3777 644 beni-

2190 694 2325 750 gnus
2354 680 2515 745 Deus,
2547 693 2601 734 ut
2631 680 2802 735 ferme
2831 682 3215 737 conferendum
3240 683 3310 735 sit
3333 682 3603 751 gaudium,
3633 682 3779 751 quod

2191 786 2257 827 ex
2288 782 2412 825 nato
2456 788 2623 843 puero
2658 774 2915 840 habetur,
2948 790 3069 828 cum
3109 774 3380 829 doloribus
3426 774 3532 829 illis
3567 775 3654 845 qui
3696 784 3780 827 tot

2192 864 2467 919 mensibus
2493 875 2731 920 ventrem
2771 866 3055 921 dissecant.
3088 865 3220 921 Nam
3245 881 3364 936 qua:
3393 875 3595 919 tantum
3628 866 3781 919 labo—

2192 972 2306 1012 rem
2338 955 2537 1021 ferunt,
2569 967 2752 1027 totque
2773 957 3015 1012 dolorum
3036 957 3356 1013 cruciatibus
3381 956 3778 1026 discerpuntur,

2190 1058 2248 1101 ut
2277 1062 2413 1118 pene
2437 1047 2503 1101 de
2533 1049 2643 1117 ipsa
2665 1050 2770 1102 vita
2791 1048 3108 1117 desperent;
3141 1058 3419 1119 postquam
3449 1050 3777 1118 pepererint,

2189 1146 2244 1191 et
2273 1137 2547 1191 doloribus
2574 1137 2769 1192 fuerint
2793 1140 3014 1205 Sttlttlm,
3043 1139 3328 1209 ltetitiaque
3360 1139 3462 1193 frui
3489 1140 3779 1208 cmperint,

2191 1229 2382 1283 iterum
2409 1230 2559 1300 quasi
2587 1230 2765 1285 oblita:
2795 1230 3032 1284 laborum
3061 1231 3322 1293 omnium,
3355 1231 3581 1284 filiorum
3612 1246 3782 1300 gene-

2190 1320 2380 1375 rationi
2426 1336 2644 1391 Operam
2691 1320 2819 1373 dant
2851 1338 2864 1373 :
2897 1320 2973 1374 sic
3002 1321 3343 1389 dispensante
3383 1320 3611 1389 benigno
3640 1321 3778 1384 Deo,

2189 1420 2246 1465 ut
2270 1411 2545 1464 hominum
2575 1420 2816 1465 servetur
2839 1425 3027 1481 genus.
3057 1411 3280 1479 Semper
3305 1410 3447 1464 enim
3477 1410 3779 1465 futurorum

2187 1503 2449 1558 honorum
2497 1520 2620 1574 spes
2664 1504 2714 1559 id
2765 1504 2966 1570 efficit,
3012 1514 3070 1558 ut
3112 1505 3392 1573 praesentia
3442 1503 3779 1557 incommoda

2186 1596 2355 1650 levius
2384 1596 2636 1650 ferantur.
2670 1596 2723 1651 ld
2753 1597 2893 1665 quod
2926 1597 2979 1650 in
3012 1595 3431 1665 negotiatoribus
3485 1596 3603 1664 quis
3629 1595 3782 1649 vide-

2186 1686 2288 1752 rit,
2321 1688 2410 1757 qui
2455 1688 2684 1757 ingentia
2732 1689 2897 1741 maria
2931 1694 3242 1752 transeunt,
3272 1686 3543 1756 naufragia
3575 1690 3779 1751 ferunt,

2187 1787 2242 1853 et
2276 1778 2473 1847 piratas
2496 1819 2511 1843 ,
2557 1794 2622 1833 ac
2664 1788 2781 1848 post
2826 1779 3061 1849 pericula
3093 1778 3257 1832 multa
3283 1820 3297 1844 ,
3328 1779 3521 1848 quibus
3565 1778 3779 1833 illorum

2185 1882 2310 1937 spes
2333 1868 2638 1933 frustratur,
2664 1884 2837 1938 neque
2864 1870 2940 1923 sic
2963 1879 3135 1923 tamen
3158 1868 3439 1933 desistunt,
3464 1869 3555 1923 sed
3584 1870 3780 1925 iterum

2184 1957 2373 2037 eadem
2419 1969 2702 2014 attentant.
2751 1960 2863 2015 Hoc
2900 1962 3060 2015 etiam
3103 1959 3171 2014 de
3201 1961 3450 2031 agricolis
3497 1975 3781 2030 possemus

2184 2054 2365 2108 dicere
2389 2054 2405 2085 ¹
2436 2070 2450 2106 :
2482 2055 2680 2108 etenim
2711 2063 2766 2109 et
2794 2054 2866 2108 illi
2903 2070 3024 2108 cum
3067 2053 3329 2124 profunde
3356 2054 3623 2109 secuerint
3662 2062 3779 2108 ter—

2184 2161 2322 2209 ram,
2356 2153 2411 2199 et
2448 2145 2734 2215 diligenter
2760 2146 3126 2208 exeoluerint,
3154 2160 3218 2200 ac
3255 2145 3454 2215 largam
3481 2156 3780 2200 sementem

2182 2237 2444 2306 jecerint,
2485 2251 2628 2306 saepe
2673 2237 2919 2291 ariditate
2958 2236 3043 2291 vel
3073 2237 3374 2291 immodicis
3425 2236 3651 2305 pluviis,
3686 2237 3780 2290 vel

2186 2329 2403 2382 tandem
2436 2329 2653 2400 quando
2684 2329 2936 2398 manipuli
2965 2329 3286 2400 colligendi,
3318 2329 3561 2399 rubigine
3586 2343 3780 2398 super-

2186 2424 2467 2486 veniente,
2500 2436 2593 2489 spe
2619 2437 2714 2477 sua
2742 2421 2998 2476 excidunt
3028 2438 3041 2474 ε
3089 2430 3455 2474 verumtamen
3498 2436 3668 2489 neque
3701 2421 3780 2474 illi

2187 2512 2263 2566 sic
2290 2511 2590 2577 desistunt;
2634 2513 2725 2566 sed
2756 2513 2945 2567 iterum
2975 2522 3032 2567 ut
3060 2520 3270 2582 tempus
3293 2510 3600 2581 appetierit,
3631 2513 3778 2580 agri-

2186 2603 2453 2655 culturam
2494 2611 2769 2657 exercent.
2804 2604 2978 2672 Atque
3025 2602 3079 2656 in
3123 2603 3543 2672 quibuscumque
3586 2603 3783 2656 studiis

2187 2705 2242 2749 et
2268 2695 2469 2748 artibus
2500 2695 2602 2749 hoc
2632 2695 2844 2749 obvium
2877 2704 2978 2748 est.
3008 2694 3097 2749 Sic
3125 2696 3317 2749 mulier
3346 2710 3555 2765 quoque
3582 2706 3636 2748 et
3663 2696 3781 2763 ipsa

2188 2801 2332 2856 smpe
2357 2797 2477 2856 post
2501 2798 2578 2841 tot
2603 2801 2820 2841 menses
2846 2787 2983 2849 illos,
3010 2794 3129 2855 post
3156 2785 3515 2839 intolerabiles
3541 2785 3781 2849 dolores,

2189 2890 2308 2948 post
2336 2889 2519 2933 noctes
2541 2879 2834 2943 insomnes,
2861 2887 2981 2947 post
3010 2878 3373 2932 membrorum
3394 2878 3780 2944 distensiones,

2189 2985 2353 3040 parvo
2394 2970 2627 3041 quodam
2674 2985 2799 3023 casu
2848 2970 3153 3035 incidente,
3201 2970 3323 3024 licet
3368 2980 3492 3024 ante
3524 2980 3781 3025 statutum

2190 3071 2402 3131 tempus
2452 3071 2658 3131 partqu
2708 3061 3021 3116 abortiverit
3071 3061 3389 3127 informem,
3440 3073 3493 3116 et
3541 3065 3782 3117 nondum

2191 3154 2528 3209 lineamentis
2576 3154 2897 3226 figuratum;
2930 3154 3015 3208 vel
3062 3152 3344 3207 formatum
3376 3155 3587 3223 quidem
3615 3195 3628 3217 ,
3671 3171 3781 3209 non

2192 3246 2454 3315 integrum
2487 3255 2683 3310 autem,
2720 3260 2894 3315 neque
2921 3260 3131 3312 Sanum,
3164 3246 3247 3300 vel
3278 3248 3435 3299 etiam
3468 3262 3609 3313 smpc
3635 3264 3785 3300 mur-

2190 3346 2338 3392 tuum
2364 3378 2378 3400 ,
2410 3337 2496 3391 vix
2539 3352 2569 3390 e
2598 3337 2847 3406 periculis
2877 3337 3055 3405 elapsa
3084 3353 3096 3389 :
3131 3345 3364 3390 attamen
3412 3337 3563 3405 quasi
3611 3336 3781 3391 oblita

2190 3430 2684 3495 horumomnium,
2731 3429 2920 3483 eadem
2959 3445 3078 3497 quin
3124 3438 3278 3482 antea
3324 3430 3425 3482 fert
3467 3438 3522 3483 et
3565 3430 3780 3482 tolerat.

2190 3521 2257 3575 Et
2286 3520 2411 3591 quid
2440 3521 2558 3574 dico
2587 3520 2819 3575 eadem?
2866 3518 3020 3589 Sa-pe
3047 3534 3167 3573 cum
3209 3518 3316 3573 fetu
3362 3528 3487 3572 nato
3516 3521 3781 3574 eonnnori

2189 3629 2281 3669 eas
2325 3614 2625 3683 contingit,
2672 3622 2726 3667 et
2756 3628 2928 3682 neque
2970 3614 3071 3667 hoc
3109 3621 3330 3667 ca‘teras
3358 3622 3561 3676 terret,
3606 3630 3782 3682 neque

2190 3706 2474 3774 persuadet
2502 3716 2557 3759 ut
2585 3722 2698 3760 rem
2728 3705 2928 3776 fugiant
2957 3723 2970 3759 :
3005 3714 3203 3759 tantam
3234 3705 3375 3759 Deus
3404 3706 3641 3759 tristibus
3671 3706 3781 3762 illis

2188 3798 2383 3851 insevit
2420 3797 2744 3866 voluptatem
2790 3796 2948 3851 simul
2991 3806 3045 3850 et
3093 3796 3353 3851 laetitiam.
3400 3796 3626 3867 Pmpter
3674 3798 3782 3853 huc

2186 3888 2397 3943 dicebat
2437 3906 2450 3941 :
2504 3888 2850 3959 Multiplicans
2906 3887 3251 3959 multiplicabo
3292 3905 3544 3943 (erumnas
3589 3900 3703 3944 tuas
3730 3901 3782 3945 et

2184 3980 2423 4047 gemitum
2455 3989 2595 4031 tuum
2616 3994 2637 4042 ;
2678 3979 2729 4031 in
2774 3978 3032 4031 doloribus
3077 3979 3242 4049 paries
3283 3978 3439 4047 ﬁlios.
3472 3979 3584 4033 Hoc
3613 3982 3779 4035 etiam

2187 4070 2434 4125 Christus
2460 4071 2670 4126 dicebat
2697 4071 2971 4140 discipulis
2997 4072 3128 4137 suis,
3156 4080 3462 4127 monstrans
3492 4084 3596 4127 tam
3627 4075 3783 4129 dolo-

2187 4162 2263 4216 ris
2288 4162 2728 4231 magnitudinem,
2752 4178 2910 4231 quatu
2935 4161 3131 4215 lartitite
3156 4162 3525 4216 excellentiam
3550 4182 3563 4216 ε
3588 4162 3782 4217 Mulier

2185 4255 2389 4326 quando
2416 4256 2572 4325 parit,
2607 4256 2858 4308 tristitiam
2890 4256 3061 4320 liabet,
3090 4257 3329 4326 quoniam
3356 4257 3487 4308 venit
3517 4258 3642 4308 hora
3668 4258 3784 4327 ejus

2189 4344 2377 4415 (Joan.
2406 4346 2491 4400 16.
2515 4347 2579 4401 9.1
2611 4346 2628 4414 )
2661 4362 2676 4400 ς
2709 4346 2901 4400 deinde
2927 4345 3112 4400 volens
3140 4346 3292 4399 nobis
3321 4346 3596 4400 declarare
3636 4364 3781 4415 quo-

2185 4437 2347 4493 modo
2368 4438 2537 4491 tristia
2567 4438 2721 4492 simul
2754 4453 2784 4491 e
2811 4437 2986 4492 medio
3015 4438 3290 4500 tollantur,
3313 4437 3563 4507 gaudium
3596 4450 3780 4492 autem

2184 4539 2238 4585 et
2262 4529 2442 4584 laetitia
2472 4530 2761 4584 succedant
2782 4569 2797 4593 ,
2829 4529 2997 4598 inquit
3031 4544 3045 4583 :
3083 4529 3303 4595 Quando
3333 4539 3498 4582 autem
3526 4532 3779 4599 pepererit

2185 4639 2416 4693 puerum,
2460 4639 2561 4675 non
2594 4627 2707 4693 jam
2738 4638 2926 4674 memor
2957 4631 3028 4675 est
3057 4622 3342 4691 aﬁlictionis
3363 4662 3377 4685 ,
3408 4633 3614 4691 prapter
3638 4640 3777 4691 gau—

2183 4716 2357 4780 dium,
2389 4717 2508 4786 quia
2538 4726 2687 4767 natus
2714 4725 2788 4769 est
2819 4715 2968 4767 homo
3011 4714 3064 4766 in
3090 4714 3357 4766 mundum.
3392 4714 3614 4767 Vidistis
3644 4729 3779 4782 pro-

2182 4806 2468 4861 videntiam
2497 4814 2550 4859 et
2576 4822 2755 4860 curam
2796 4806 2960 4858 nostri
3000 4806 3248 4857 eximiam
3272 4805 3295 4857 ?
3324 4804 3528 4858 vidistis
3557 4818 3777 4872 paruam

2182 4897 2559 4952 admonitionis
2601 4896 2851 4966 plenam?
2882 4895 2947 4949 In
2980 4895 3237 4948 doloribus
3269 4896 3434 4963 paries
3464 4895 3616 4962 ﬁlios.
3665 4894 3773 4949 Dc-

2182 4990 2327 5052 inde,
2355 4990 2435 5042 Ad
2456 4991 2616 5042 virum
2643 4999 2784 5041 tuum
2811 4990 3068 5042 conversio
3090 4998 3198 5049 tua,
3227 4998 3273 5040 et
3298 4988 3406 5056 ipse
3431 4987 3776 5040 dominabitur

2183 5084 2272 5136 tui.
2321 5083 2481 5150 Quasi
2526 5097 2584 5135 se
2625 5080 2921 5135 defendens
2967 5080 3106 5149 apud
3159 5081 3435 5133 mulierem
3481 5079 3594 5133 haec
3641 5079 3778 5134 dicit

2180 5175 2439 5245 benignus
2472 5175 2632 5228 Deus.
2665 5174 2805 5242 Ego,
2839 5173 3040 5242 inquit,
3075 5171 3142 5225 ab
3172 5171 3322 5225 initio
3351 5172 3553 5224 honore
3585 5186 3774 5239 parem

2181 5276 2235 5322 te
2262 5268 2516 5330 formavi,
2550 5276 2604 5321 et
2628 5267 2865 5336 ejusdem
2898 5265 3170 5334 dignitatis
3198 5265 3248 5318 in
3279 5265 3526 5317 omnibus
3554 5265 3774 5331 partici—

2179 5364 2299 5429 pem
2325 5402 2340 5425 ,
2383 5367 2439 5413 et
2468 5360 2604 5413 sicut
2644 5359 2789 5421 viro,
2823 5358 2892 5411 ita
2936 5367 2989 5411 et
3021 5357 3113 5412 tibi
3153 5357 3388 5411 omnium
3416 5357 3772 5425 principatum

2178 5448 2482 5504 concredidi
2514 5467 2526 5502 :
2550 5460 2801 5502 caeterum
2830 5447 2950 5517 quia
2973 5446 3137 5501 abusa
3164 5461 3222 5501 es
3246 5445 3465 5500 honoris
3485 5444 3768 5516 dignitate,

2177 5542 2403 5612 subjicio
2448 5551 2500 5595 te
2524 5541 2660 5603 viro,
2710 5539 2773 5593 Et
2797 5541 2865 5591 ad
2894 5540 3056 5592 virum
3094 5548 3236 5592 tuum
3278 5539 3533 5591 conversio
3564 5548 3649 5592 tua
3674 5580 3693 5603 ,
3728 5549 3774 5592 et

2177 5633 2286 5701 ipse
2309 5632 2381 5684 tui
2402 5632 2758 5684 dominabitur.
2788 5628 2919 5696 Quia
2950 5628 3137 5684 relicto
3158 5643 3223 5683 eo
3252 5627 3341 5697 qui
3370 5627 3624 5697 dignitate
3646 5644 3767 5697 par,

2242 5769 2258 5799 ¹
2295 5769 2366 5817 sic
2388 5767 2524 5815 Savil.
2574 5766 2702 5826 At‘lld
2745 5766 2911 5814 Morel.
2959 5774 3011 5815 et
3055 5761 3245 5816 Moutef.
3281 5772 3423 5816 :Hoc
3461 5762 3603 5816 etiam
3634 5767 3769 5826 apud

2177 5831 2415 5893 agricolas
2429 5828 2746 5880 animadverti
2762 5836 2930 5891 potest.
