4038 6394
172 351 271 404 “3

165 467 232 539 δὴ
265 467 474 541 τρόπον
515 473 611 525 καλ⁸
647 473 708 524 σὲ
743 474 930 545 ἕτερον
971 472 1157 546 σχῆμα
1195 475 1528 543 διαπλάσεως
1563 481 1852 538 ἀναλαϐεῖν

161 558 510 623 προστάττω,
535 561 629 613 καὶ
656 561 748 614 ἐπὶ
776 561 876 632 τῆς
901 562 1005 632 γῆς
1028 563 1307 635 σύρεσθαι,
1347 565 1442 618 καὶ
1467 567 1670 640 ταύτην
1707 569 1852 640 ἔχειν

158 645 388 714 τροφὴν,
419 646 566 700 ὥστε
599 648 674 719 μὴ
699 648 896 714 ἐξεῖναί
928 668 1008 704 σοι
1040 651 1226 705 λοιπὸν
1251 653 1534 707 ἀνανεύειν
1552 655 1684 720 ἄνω,
1711 657 1847 712 ἀλλά

157 729 422 801 διηνεκῶς
457 736 518 787 ἐν
560 737 733 810 ταύτῃ
766 739 1054 809 τυγχάνειν
1088 742 1154 811 τῇ
1182 741 1535 804 καταστάσει,
1572 743 1666 796 καὶ
1698 744 1852 816 παρά

161 821 336 873 πάντα
361 821 531 876 λοιπά
553 825 623 878 τά
653 824 818 897 θηρία
845 825 943 897 τὴν
974 827 1080 897 γῆν
1108 827 1397 882 σιτεῖσθαι*
1427 831 1522 884 καὶ
1545 831 1668 885 οὑδέ
1691 832 1851 886 τοῦτο

164 909 346 976 μόνον,
383 911 526 966 ἀλλὰ
560 913 670 968 Καί
721 914 947 984 ἔχθραν
988 917 1156 984 θήσω
1199 917 1318 972 ἀνὰ
1358 918 1556 988 μέσον
1597 920 1716 976 σοῦ
1747 921 1850 978 καί

160 997 272 1052 ἀνὰ
291 998 499 1067 μέσον
539 1001 651 1070 τῆς
679 1005 988 1074 γυναικὸς,
1023 1004 1123 1059 καί
1159 1005 1277 1060 ἀνὰ
1300 1005 1497 1076 μέσον
1525 1007 1634 1064 τοῦ
1662 1010 1851 1078 σπέρ-

157 1087 346 1154 ματός
389 1105 516 1142 σου
562 1091 662 1144 καί
710 1091 828 1146 ἀνὰ
867 1093 1064 1162 μέσον
1103 1093 1210 1148 τοῦ
1255 1093 1598 1164 σπέρματος
1633 1097 1846 1166 αὐτῆς.

164 1175 269 1228 Καὶ
295 1177 423 1230 ούδέ
457 1177 637 1250 τούτῳ
657 1180 1092 1252 ἀρκεσθήσομαι,
1116 1181 1197 1253 τῷ
1221 1183 1315 1236 ἐπὶ
1342 1183 1439 1254 τῆς
1461 1184 1568 1254 γῆς
1590 1185 1850 1256 σύρεσθαί

165 1281 240 1326 σε,
273 1265 417 1320 ἀλλά
458 1267 558 1320 καὶ
591 1268 796 1340 ἐχθράν
825 1270 1090 1326 ἄσπονδόν
1129 1288 1212 1325 σοι
1249 1275 1577 1344 καταστήσω
1609 1273 1710 1345 τὴν
1753 1291 1853 1344 γυ-

163 1356 339 1407 ναῖκα·
369 1355 466 1410 καὶ
494 1357 597 1410 ούκ
629 1357 800 1430 αὐτὴν
837 1359 1026 1430 μόνην,
1061 1359 1199 1414 ἀλλά
1219 1361 1314 1414 καὶ
1338 1360 1399 1414 τὸ
1429 1361 1651 1433 σπέρμα
1678 1362 1851 1434 αὐτῆς

163 1440 236 1511 τῷ
264 1443 553 1514 σπέρματί
600 1462 697 1498 σου
737 1445 996 1518 πολέμιον
1041 1447 1264 1519 διηνεκῆ
1294 1448 1623 1520 ἐργάσομαι.
1657 1451 1851 1518 Αὐτός

164 1543 274 1582 σου
297 1529 560 1598 τηρήσει
589 1534 886 1602 κεφαλὴν,
909 1534 1112 1590 καὶσὺ
1145 1534 1430 1604 τηρήσεις
1460 1536 1650 1592 αὑτοῦ
1678 1535 1853 1607 πτέρ-

164 1635 291 1671 ναν.
325 1619 438 1672 Καὶ
464 1619 578 1692 γάρ
611 1621 878 1694 τοσαύτην
916 1623 1111 1696 ἐκείνῳ
1140 1624 1242 1695 μὲν
1277 1625 1500 1700 παρέξω
1527 1624 1628 1698 τὴν
1672 1626 1850 1696 ίσχὺν,

165 1703 234 1767 ὡς
251 1705 525 1775 διηνεκῶς
546 1710 856 1764 ἐπικεῖσθαι
874 1714 941 1784 τῇ
963 1715 1032 1785 σῇ
1062 1713 1296 1784 κεφαλῇ,
1339 1714 1398 1767 σέ
1425 1713 1483 1767 δέ
1501 1715 1618 1777 τοῖς
1643 1714 1852 1767 ἐκείνου

165 1795 318 1848 ποσὶν
347 1797 699 1854 ὑποκεῖσθαι.
724 1801 894 1872 Ὅρα,
925 1801 1200 1874 ἀγαπητὴ
1220 1802 1309 1856 διά
1343 1802 1442 1876 τῆς
1462 1801 1606 1856 κατὰ
1637 1801 1733 1856 τοῦ
1758 1802 1854 1875 θη-

167 1883 277 1953 ρίου
307 1885 509 1940 τούτου
536 1889 833 1961 τιμωρίας,
859 1891 992 1961 ὅσην
1031 1893 1164 1963 ἡμῖν
1197 1891 1533 1946 ἐνδείκνυται
1563 1890 1664 1964 τὴν
1690 1891 1854 1961 κηδε-

167 1971 376 2039 μονίαν,
436 1975 508 2046 ῆν
567 1977 698 2048 περὶ
739 1979 840 2049 τὴν
881 1978 988 2033 τῶν
1031 1978 1338 2050 ἀνθρώπων
1369 1977 1533 2049 φύσιν
1565 1979 1702 2051 ἔχει.
1741 1979 1854 2035 Καὶ

166 2060 329 2115 ταῦτα
370 2063 476 2133 μὲν
511 2065 639 2136 περὶ
668 2065 764 2119 τοῦ
797 2066 1054 2138 αἰσθητοῦ
1084 2069 1281 2136 δςρεως⁸
1315 2066 1492 2135 ἔξεστι
1522 2067 1580 2122 δὲ
1623 2066 1701 2139 τῷ
1731 2067 1855 2139 βου-

161 2145 370 2221 λομένῳ
419 2153 564 2221 μετά
615 2153 780 2208 τοῦτο
829 2159 1019 2227 τηρεῖν
1069 2155 1182 2210 τῶν
1230 2155 1703 2229 ἐγγεγραμμένων
1751 2157 1853 2228 τὴν

160 2237 506 2304 ἀκολουθίαν,
541 2241 640 2295 καὶ
666 2241 887 2310 ειδέναι,
907 2243 991 2297 ὅτι
1022 2243 1073 2297 εἰ
1103 2243 1234 2314 περὶ
1262 2243 1356 2298 τοῦ
1385 2243 1648 2315 αἰσθητοῦ
1678 2242 1854 2298 ταῦτα

161 2327 401 2398 είρηται,
437 2329 622 2401 πολλῷ
644 2331 846 2401 μᾶλλον
877 2333 1242 2404 ἐκλαμϐάνειν
1265 2333 1335 2388 τά
1356 2335 1478 2406 είρη
1489 2333 1627 2405 μένα
1653 2333 1735 2387 δεῖ
1759 2335 1854 2388 καί⁹

163 2419 287 2488 περὶ
326 2418 427 2472 τοῦ
473 2421 667 2491 νοητοῦ
704 2421 904 2490 ὄφεως.
945 2423 1058 2478 Καὶ
1093 2423 1202 2496 γὰρ
1236 2424 1332 2478 καὶ
1356 2425 1564 2478 ἐκεῖνον
1587 2424 1693 2478 ὑπὸ
1726 2425 1854 2488 τοὺς

162 2507 325 2573 πόδας
350 2511 384 2579 ἡ
392 2509 514 2580 μῶν
535 2511 883 2576 ταπεινώσας
905 2516 1234 2583 κατήνεγκε,
1259 2514 1355 2568 καὶ
1375 2515 1523 2584 ἡμᾶς
1545 2511 1853 2568 ἐπικεῖσθαι

161 2597 322 2651 αὑτοῦ
364 2601 435 2670 τῇ
478 2600 690 2672 κεφαλῇ
737 2602 1060 2675 πεποίηκεν.
1118 2605 1190 2658 Ἢ
1223 2604 1346 2675 οὐχὶ
1381 2603 1542 2659 τοῦτο
1596 2604 1854 2676 σημαίνει

162 2683 358 2752 λέγων,
390 2689 645 2743 Πατεῖτε
668 2688 872 2745 ἐπάνω
894 2690 1080 2761 ὄφεον
1108 2691 1209 2746 καί
1230 2692 1576 2762 σκορπίων;
1603 2688 1739 2746 Εἶτα
1764 2692 1853 2746 ἵνα

167 2773 238 2844 μὴ
254 2775 574 2848 νομίσωμεν
595 2777 850 2849 περὶτῶν
865 2778 1140 2850 αἰσθητῶν
1157 2779 1363 2852 θηρίων
1379 2780 1556 2833 ταῦτα
1575 2779 1851 2851 εἰρῆσθαι,

166 2863 435 2934 ἐπήγαγε·
465 2863 577 2920 Καὶ
612 2865 713 2920 ἐπὶ
751 2866 962 2923 πᾶσαν
987 2867 1107 2937 τὴν
1134 2868 1394 2938 δύναμιν
1430 2868 1539 2923 τοῦ
1576 2867 1850 2937 Ἐχθροῦ.

164 2949 349 3005 Εἶδετε
395 2953 494 3007 καὶ
537 2954 604 3008 ἐκ
633 2955 736 3025 τῆς
771 2954 1104 3027 ἐπαχθείσης
1139 2955 1218 3026 τῷ
1239 2956 1458 3028 ὀργάνῳ
1483 2954 1578 3010 τοῦ
1605 2955 1854 3010 διαϐόλου

165 3040 437 3110 τιμωρίας
479 3042 582 3114 τὴν
617 3042 1066 3114 ὑπερϐάλλουσαν
1106 3043 1201 3098 τοῦ
1235 3044 1372 3098 Θεοῦ
1404 3043 1852 3116 φιλανθρωπίαν;

170 3128 502 3197 ἹΞλθωμεν⁸
541 3131 727 3194 πάλιν,
773 3134 824 3186 εἰ
865 3132 1044 3198 δοκεῖ,
1076 3133 1171 3187 ἐπὶ
1204 3133 1305 3205 τὴν
1335 3135 1592 3202 γυναῖκα.
1635 3131 1856 3204 Ἐπειδὴ

167 3216 272 3286 γάρ
305 3210 467 3281 οὗτος
493 3218 594 3289 τὴν
637 3218 856 3291 ἀπάτην
892 3221 1177 3292 είσήγαγε,
1202 3219 1290 3274 διά
1325 3219 1486 3274 τοῦτο
1520 3217 1670 3293 [144]
1701 3213 1856 3284 οὗτος

167 3304 384 3374 πρῶτος
423 3305 526 3377 τὴν
569 3307 842 3380 τιμωρίαν
865 3307 1106 3372 ἐδέξατο·
1148 3309 1243 3362 καὶ
1273 3308 1460 3380 ἐπειδὴ
1499 3309 1724 3381 πρώτην
1756 3307 1856 3379 τὴν

167 3397 400 3460 γυναῖκα
455 3395 730 3468 ἠπάτησε,
790 3397 884 3450 καὶ
937 3398 1060 3452 τότε
1121 3399 1306 3468 ἐκείνη
1360 3397 1454 3450 τὸν
1511 3396 1681 3468 ἀνδρα
1726 3413 1858 3466 συγ-

168 3484 510 3544 κατέσπασε.
541 3485 630 3538 διά
657 3485 818 3540 τοῦτο
842 3487 1058 3559 ἐκείνην
1094 3487 1312 3558 πρῶτον
1335 3489 1656 3559 τιμωρεῖται
1687 3503 1860 3555 τιμω-

170 3571 290 3644 ρίαν
322 3572 609 3627 νουθεσίαν
658 3574 862 3645 πολλὴν
915 3573 1166 3646 ἔχουσαν.
1188 3573 1298 3628 Καὶ
1319 3573 1388 3643 τῇ
1418 3573 1656 3644 γυναικί
1684 3570 1815 3627 εἷπε
1837 3591 1856 3606 ο

168 3661 508 3728 Πληθύνων
540 3661 831 3730 πληθυνῶ
855 3663 962 3728 τὰς
989 3663 1192 3729 λύπας
1211 3675 1329 3716 σου
1365 3661 1465 3715 καί
1501 3661 1610 3716 τὸν
1642 3677 1860 3715 στενα-

166 3746 319 3815 γμόν
336 3762 476 3801 σου’
511 3747 583 3801 ὲν
608 3749 838 3814 λύπαις
859 3749 1001 3816 τέξῃ
1021 3747 1226 3803 τέκναο
1250 3749 1348 3802 καί
1371 3747 1522 3817 πρὸς
1539 3746 1647 3802 τὸν
1669 3746 1858 3815 ἄνδρα

166 3850 281 3887 σου
298 3835 340 3901 ἡ
364 3834 722 3905 ἀποστροφή
744 3853 883 3901 σου,
902 3836 999 3890 καί
1019 3837 1206 3902 αὑτός
1225 3852 1343 3890 σου
1365 3835 1688 3903 κυριεύσει,
1715 3835 1860 3905 Ὅρα

167 3923 443 3976 Δεσπότου
464 3923 798 3993 ἀγαθότητα,
811 3925 913 3997 ὅσῃ
924 3925 1192 3998 κέχρηται
1207 3927 1272 3995 τῇ
1293 3926 1324 3994 ή
1332 3941 1397 3994 με
1404 3924 1591 3995 ρότητι
1611 3923 1750 3994 μετά
1759 3923 1859 3994 τὴν

166 4009 437 4081 τοσαύτην
466 4011 801 4082 παράϐασιν.
832 4013 1168 4082 Πληθύνων
1202 4009 1493 4078 πληθυνῶ
1523 4013 1630 4076 τὰς
1655 4011 1861 4077 λύπας

165 4112 284 4153 σου
302 4100 404 4153 καὶ
418 4099 528 4154 τὸν
537 4103 878 4171 στεναγμόν
889 4117 1026 4157 σου.
1046 4101 1187 4170 Ἐγὼ
1204 4101 1302 4172 μὲν
1319 4100 1647 4173 ἠϐουλήθην,
1671 4101 1856 4171 φησὶν,

167 4187 439 4242 ἀνώδυνον
481 4190 578 4243 καὶ
610 4191 992 4263 ἀταλαίπωρον
1014 4209 1074 4245 σε
1097 4191 1242 4262 ἔχειν
1271 4191 1436 4263 ζωὴν,
1471 4191 1652 4263 πάσης
1681 4190 1857 4263 λύπης

169 4277 260 4329 καὶ
299 4278 546 4350 ἀθυμίας
575 4279 1026 4350 ἀπηλλαγμένην,
1077 4279 1173 4332 καὶ
1208 4279 1392 4348 πάσης
1422 4278 1616 4350 ἡδονῆς
1645 4277 1858 4349 πεπλη-

170 4366 426 4439 ρωμένην
460 4367 557 4422 καὶ
597 4367 826 4439 μηδενὸς
864 4366 1218 4422 αἰσθάνεσθαι
1250 4367 1361 4420 τῶν
1391 4365 1717 4438 σωματικῶν
1751 4365 1860 4420 σῶ-

173 4473 245 4526 μα
301 4459 722 4530 περικειμένηνο
772 4459 963 4532 ἐπειδὴ
1015 4459 1074 4513 δέ
1125 4460 1228 4513 οὐκ
1270 4459 1489 4531 ἐχρήσω
1529 4459 1608 4523 είς
1644 4458 1762 4512 δέον
1790 4461 1857 4531 τῇ

169 4547 409 4620 τοσαύτῃ
467 4549 675 4611 ἀνέσει,
732 4547 850 4602 ἀλλ’
897 4550 931 4620 ὴ
1003 4548 1292 4620 περιουσία
1352 4548 1460 4600 τῶν
1522 4545 1745 4612 ἀγαθῶν
1778 4550 1858 4612 είς

171 4636 441 4708 τοσαύτην
471 4653 527 4690 σε
553 4635 948 4708 ἀγνωμοσύνην
982 4636 1180 4706 ήγαγε,
1210 4635 1298 4689 διὰ
1335 4635 1494 4689 τοῦτό
1534 4651 1618 4688 σοι
1640 4635 1859 4706 χαλινὸν

171 4723 480 4794 ἐπιτίθημι,
509 4721 652 4776 ὥστε
676 4723 752 4795 μὴ
782 4723 876 4778 ἐπὶ
908 4723 1070 4777 πλέον
1091 4723 1513 4794 ἀποσκιρτῆσαι,
1538 4722 1633 4775 καὶ
1663 4722 1858 4786 λύπαις

172 4813 264 4864 καὶ
293 4814 626 4882 στεναγμοῖς
668 4829 729 4864 σε
760 4813 786 4852 δ
815 4811 1181 4875 καταδικάζω.
1208 4811 1539 4878 Πληθύνων
1570 4808 1859 4877 πληθυνῶ

171 4896 276 4964 τὰς
297 4900 505 4966 λύπας
531 4916 652 4953 σου
691 4899 791 4953 καί
831 4898 937 4952 τὸν
968 4899 1310 4968 στεναγμόν
1325 4912 1443 4951 σου
1469 4914 1481 4927 ·
1508 4897 1580 4951 ἐν
1633 4897 1859 4962 λύπαις

173 4987 313 5055 τέξῃ
332 4985 537 5042 τέκνα.
555 4987 673 5060 Τὴν
689 4987 968 5051 ὑπόθεσιν,
988 4987 1145 5059 φησι,
1158 4987 1260 5056 τῆς
1272 4984 1474 5056 πολλῆς
1493 4982 1859 5055 εὐφροσύνης,

173 5077 266 5130 καὶ
293 5077 403 5131 τῶν
435 5077 648 5132 τέκνων
695 5077 796 5148 τὴν
837 5077 1087 5148 διαδοχὴν
1123 5076 1231 5130 ἀπὸ
1273 5075 1450 5145 λύπης
1477 5073 1742 5144 ἄρχεσθαί
1775 5091 1858 5127 σοι

172 5164 606 5234 παρασκευάσω,
635 5165 725 5218 ἴνα
743 5165 968 5236 διηνεκῆ
993 5165 1122 5238 ἐχῃς
1147 5163 1242 5218 καὶ
1270 5163 1410 5234 αὑτὴ
1430 5161 1528 5234 τὴν
1552 5160 1859 5233 ὑπόμνησιν

170 5249 257 5305 διὰ
288 5253 400 5305 τῶν
428 5252 558 5305 καθ’
589 5253 823 5306 ἕκαστον
855 5254 1046 5326 καιρὸν
1075 5253 1301 5316 ὠδίνων,
1328 5251 1422 5305 καὶ
1458 5251 1567 5304 τῶν
1600 5249 1862 5321 λυπηρῶν

170 5339 276 5394 τῶν
303 5341 428 5394 καθ’
451 5341 692 5413 ἑκάστην
727 5342 1085 5412 τικτομένων,
1111 5341 1279 5395 πόσον
1302 5341 1402 5412 τῆς
1433 5339 1708 5411 ἁμαρτίας
1729 5337 1860 5391 ταύ-

171 5445 269 5499 της
302 5431 525 5502 καὶτῆς
559 5430 849 5502 παρακοῆς
877 5431 939 5484 τὸ
977 5429 1230 5502 μέγεθος,
1276 5429 1371 5484 καὶ
1419 5429 1494 5500 μὴ
1535 5427 1630 5482 τοῦ
1663 5427 1860 5499 χρόνου

173 5518 456 5586 προίόντος
503 5519 642 5590 λήθῃ
678 5518 936 5589 παραδῷς
971 5521 1034 5573 τὸ
1069 5517 1456 5589 γεγενημένον,
1503 5517 1617 5570 ἀλλ’
1663 5516 1861 5570 εἰδέναι

175 5605 300 5678 ἔχῃς
329 5607 407 5671 ὼς
429 5607 463 5677 ἡ
490 5608 676 5679 ἀπάτη
698 5608 905 5662 τούτων
928 5625 1010 5662 σοι
1039 5608 1211 5671 αἴτιος
1230 5606 1546 5677 γεγένηται.
1571 5604 1670 5658 Διά
1701 5604 1866 5658 τοῦτο

177 5696 510 5761 Ηληθύνων
519 5694 808 5764 πληθυνῶ
824 5696 930 5762 τὰς
943 5696 1144 5762 λύπας
1155 5710 1272 5750 σου
1284 5694 1384 5750 καί
1402 5695 1511 5748 τὸν
1525 5694 1864 5764 στεναγμόν

177 5793 311 5831 σου·
327 5778 398 5830 ἐν
418 5780 645 5844 λύπαις
663 5778 809 5847 τέξῃ
823 5777 1023 5834 τέκνα.
1037 5779 1149 5844 Τὰς
1170 5778 1367 5843 ὠδῖνας
1380 5777 1614 5832 ἐνταῦθα
1629 5778 1863 5831 αἰνίττε-

176 5874 262 5912 ται
279 5862 376 5914 καὶ
397 5860 492 5913 τὸν
513 5861 682 5916 πολὺν
710 5863 956 5934 κάματον
979 5864 1208 5930 ἐκεῖνον,
1229 5863 1288 5916 δν
1306 5863 1596 5934 ὑπομένειν
1623 5863 1860 5934 ἀνάγκη,

239 6023 386 6093 ’.δίο
419 6025 580 6093 ξενίη.
623 6029 678 6073 ει
721 6026 911 6093 aliquot
954 6040 1072 6093 mgs.
1107 6024 1623 6093 ῌοτε1.μετι7.οωμεν.
1689 6025 1719 6068 δ
1744 6026 1862 6078 Mss.

182 6085 319 6135 multi
342 6091 394 6136 et
415 6085 620 6138 εωδιω.
644 6085 964 6145 καταδικάζω.
989 6088 1160 6140 Morel.
1187 6085 1515 6140 καταδικάσω.

1339 358 1406 413 IN
1441 360 1592 415 CAP.
1633 361 1698 418 ιιι
1734 362 1982 422 GENES.
2027 368 2262 426 llOlllL.
2305 363 2468 423 XVII.

3539 371 3646 428 ιιι

1959 487 2210 558 καθάπερ
2235 484 2452 558 φορτίον
2485 487 2542 539 ἐν
2571 488 2704 556 μησὶ
2731 487 3005 552 τοσούτοις
3030 489 3090 542 τὺ
3117 489 3314 561 βρέφος
3339 490 3636 561 βαστάζου-

1959 586 2080 633 σαν,
2115 569 2212 622 καὶ
2231 568 2328 631 τὰς
2355 568 2497 622 κατά
2521 568 2684 639 μέρος
2720 571 2997 640 φυομένας
3033 573 3283 626 ἐντεῦθεν
3311 573 3631 643 ἀλγηδόνας,

1957 653 2052 704 καὶ
2077 651 2187 704 τῶν
2224 650 2402 721 μελῶν
2426 650 2520 704 τὸν
2551 650 2917 722 διασπασμὸν,
2960 653 3056 707 καὶ¹
3089 655 3188 719 τὰς
3217 654 3408 718 ὀδύνας
3430 666 3454 694 ε
3486 652 3632 708 ἐκεί-

1951 751 2053 797 νας
2088 733 2189 797 τάς
2223 735 2549 805 ἀφορήτους,
2589 734 2657 800 ἀς
2685 736 2891 790 ἐκεῖναι
2933 738 3101 808 μόναι
3127 737 3307 794 ἴσασιν
3334 741 3392 794 αί
3419 739 3508 794 διὰ
3532 738 3635 809 τῆς

1956 817 2153 890 πείρας
2173 817 2446 872 ἐλθοῦσαι.
2751 846 2763 855 ε

2025 907 2095 971 η’.
2116 901 2254 954 Ἀλλ’
2285 902 2436 972 ὅμως
2459 905 2729 976 τοσαύτην
2754 903 2784 957 ό
2813 904 3195 978 φιλάνθρωπος
3221 905 3356 970 Θεὸς
3391 906 3636 976 παρέσχε

1957 983 2097 1053 μετὰ
2122 984 2232 1037 τῶν
2263 985 2524 1056 λυπηρῶν
2547 986 2646 1059 τὴν
2670 988 3044 1060 παραμυθίαν,
3078 989 3155 1052 ὡς
3181 989 3466 1060 ἰσόρροπον
3493 981 3633 1040 εἶναι

1952 1067 2054 1136 τὴν
2072 1066 2162 1121 διὰ
2181 1067 2245 1120 τὸ
2265 1067 2458 1139 τεχθὲν
2479 1068 2680 1141 βρέφος
2701 1071 3042 1142 εὐφροσύνην
3059 1073 3168 1126 τῶν
3185 1072 3391 1126 ὠδίνων
3407 1069 3634 1125 ἐκείνων

1952 1147 2064 1203 τῶν
2097 1149 2156 1203 ἐν
2186 1151 2463 1214 τοσούτοις
2491 1152 2628 1223 μησὶ
2654 1152 2754 1226 τὴν
2778 1154 3023 1226 γαστέρα
3053 1153 3460 1212 διακοπτουσῶν
3479 1152 3531 1208 ιι.
3564 1154 3632 1205 Δί

1953 1233 2064 1306 γὰρ
2104 1235 2361 1289 τοσοῦτον
2411 1238 2574 1290 πόνον
2624 1237 3014 1308 ὑπομένουσαι,
3049 1239 3145 1293 καὶ
3177 1238 3351 1303 οὑτως
3390 1239 3497 1292 ὑπὸ
3522 1237 3634 1290 τῶν

1951 1316 2266 1388 ἀλγηδόνων
2316 1319 2780 1390 σπαραττόμεναι,
2815 1321 2912 1374 καὶ
2952 1321 3030 1384 ὡς
3068 1321 3246 1374 εἰπεῖν
3284 1321 3423 1392 πρὸς
3460 1319 3634 1392 αὑτὴν

1953 1399 2052 1471 τὴν
2081 1398 2228 1474 ζωὴν
2269 1401 2734 1474 ἀπαγορεύουσαι,
2770 1406 2908 1475 μετά
2955 1405 3019 1458 τὸ
3053 1407 3232 1459 τεκεῖν
3270 1406 3366 1458 καὶ
3392 1405 3491 1474 τῆς
3523 1403 3633 1457 ἀπὸ

1954 1483 2066 1536 τῶν
2093 1484 2358 1555 καμάτων
2389 1486 2728 1559 εὐφροσύνης
2757 1487 3087 1552 ἀπολαῦσαι,
3115 1487 3276 1543 πάλιν
3299 1487 3490 1556 ὥσπερ
3514 1488 3635 1542 ἐπι-

1955 1565 2252 1639 λαθόμεναι
2286 1570 2398 1624 τῶν
2429 1571 2811 1644 γεγενημένων
2847 1572 3105 1627 ἁπάντων
3139 1570 3338 1635 ἐαυτάς
3364 1569 3634 1623 ἐκδιδόασι

1956 1651 2094 1722 πρὸς
2123 1653 2224 1724 τὴν
2256 1653 2366 1708 τῶν
2389 1653 2595 1709 τέκνων
2627 1655 2812 1727 γονὴν,
2843 1654 2940 1709 τοῦ
2967 1653 3350 1727 φιλανθρώπου
3381 1651 3515 1705 Θεοῦ
3544 1650 3638 1704 οῦ-

1954 1750 2064 1798 τως
2090 1735 2545 1808 υίκονομήσαντος
2576 1737 2713 1810 πρὸς
2758 1739 3016 1794 σύστασιν
3061 1737 3163 1808 τῆς
3187 1737 3297 1791 τῶν
3333 1733 3656 1806 ἀνθρώπων

1957 1819 2252 1890 σωτηρίας.
2287 1819 2354 1872 Ἦ
2380 1819 2489 1892 γάρ
2511 1821 2665 1885 ἐλπὶς
2692 1820 2782 1874 ἀεὶ
2809 1825 2918 1874 τῶν
2943 1821 3244 1892 μελλόντων
3269 1817 3490 1888 ἀγαθῶν
3511 1816 3638 1870 κούν-

1955 1917 2072 1969 φως
2095 1904 2239 1956 ποιεῖ
2265 1903 2455 1976 φέρειν
2479 1904 2548 1959 τά
2576 1906 2819 1976 παρόντα
2847 1905 3086 1977 λυπηρά.
3117 1906 3229 1960 Καὶ
3253 1905 3412 1958 τοῦτο
3433 1903 3531 1957 ίδοι
3554 1917 3644 1966 τις.

1954 1984 2022 2039 ἂν
2057 1985 2150 2040 καὶ
2177 1986 2306 2051 τοὺς
2335 1988 2613 2060 ἐμπόρους
2652 1990 3042 2061 ὑπομένοντας,
3083 1989 3176 2042 καὶ
3205 1987 3394 2060 μακρά
3423 1985 3645 2055 πελάγη

1953 2069 2350 2140 διαπερῶντας,
2380 2071 2476 2126 καὶ
2496 2073 2771 2143 ναυαγίων
2800 2073 3161 2144 ἀνεχομένους
3199 2072 3294 2126 καὶ
3323 2069 3636 2141 πειρατῶν,

1955 2152 2054 2206 καὶ
2093 2154 2231 2224 μετὰ
2255 2156 2383 2220 τοὺς
2417 2156 2646 2221 πολλοὺς
2674 2157 2954 2221 κινδύνους
2983 2156 3225 2220 ἐκείνους
3260 2154 3519 2217 πολλάκις
3545 2153 3640 2206 καὶ

1953 2237 2354 2310 διαμαρτόντας
2379 2243 2481 2314 τῆς
2506 2243 2852 2314 προσδοκίας,
2877 2244 2973 2297 καὶ
3003 2241 3137 2314 μηδὲ
3165 2240 3338 2304 οὑτως
3367 2237 3640 2294 ἀποστάν-

1949 2338 2074 2386 τας,
2100 2322 2237 2376 ἀλλά
2271 2324 2434 2379 πάλιν
2465 2325 2577 2380 τῶν
2612 2325 2793 2380 αὑτῶν
2819 2327 3182 2397 ἁπτομένους.
3220 2323 3392 2378 Τοῦτο
3424 2322 3520 2397 καὶ
3547 2321 3642 2374 ἐπὶ

1954 2401 2062 2456 τῶν
2081 2403 2337 2472 γηπόνων
2365 2404 2512 2458 ἔστιν
2540 2407 2714 2460 εἰπεῖν
2746 2415 2794 2445 ε’
2824 2395 2976 2478 [MSS]
2999 2405 3094 2460 καὶ
3120 2403 3231 2475 γὰρ
3260 2404 3354 2457 καὶ
3377 2395 3523 2455 οὗτοι
3551 2400 3641 2454 ὅτε

1957 2480 2180 2552 βαθεῖαν
2229 2482 2441 2539 αὔλακα
2477 2485 2815 2556 ἀνατέμωσι,
2843 2485 2935 2538 καὶ
2964 2484 3166 2556 πολλὴν
3195 2483 3294 2556 τὴν
3325 2479 3642 2551 ἐπιμέλειαν

1952 2563 2054 2632 τῆς
2078 2561 2182 2632 γῆς
2214 2562 2607 2628 ἐπιδείξωνται,
2632 2565 2727 2618 καὶ
2759 2563 2958 2634 δαψιλῆ
2980 2564 3050 2617 τὰ
3071 2563 3366 2633 σπέρματα
3401 2557 3643 2612 καταϐά-

1954 2643 2110 2710 λωσι,
2148 2643 2412 2708 πολλάκις
2444 2642 2659 2715 αὐχμοῦ
2693 2643 2987 2716 γενομένου
3016 2645 3050 2715 ἢ
3077 2642 3407 2714 ἐπομϐρίας,
3437 2640 3470 2710 ἧ
3507 2637 3644 2710 πρὸς

1955 2722 2105 2794 αύτῷ
2125 2722 2205 2794 τῷ
2234 2723 2376 2777 τέλει
2411 2724 2520 2778 τῶν
2539 2725 2870 2796 δραγμάτων
2907 2724 3170 2798 ἐρυσίϐης
3201 2719 3642 2798 κατενεχθείσης,

1955 2803 2055 2873 τῆς
2076 2801 2288 2865 ἐλπίδος
2312 2801 2631 2874 διήμαρτον·
2653 2804 2768 2857 ἀλλ’
2786 2803 2912 2858 οὑδὲ
2935 2797 3108 2867 οὕτως
3129 2802 3477 2871 ἀφίστανται,
3507 2797 3658 2851 ἀλλὰι,

1957 2883 2121 2938 πάλιν
2145 2883 2238 2937 τοῦ
2263 2883 2458 2954 καιροῦ
2490 2884 2911 2949 καταλαϐόντος,
2937 2885 3206 2938 ἅπτονται
3226 2883 3328 2950 τῆς
3350 2878 3642 2950 γεωργίαςι

1955 2964 2070 3019 Καὶ
2101 2962 2260 3016 τοῦτο
2299 2964 2385 3033 ἐφ’
2417 2962 2650 3016 ἐκάστου
2681 2962 2833 3033 εὖροι
2882 2980 2968 3026 τις
2999 2963 3066 3016 ἂν
3099 2958 3529 3032 ἐπιτηδεύματος
3555 2973 3646 3022 γι-

1956 3045 2206 3115 νόμενον.
2245 3043 2352 3098 Τὸν
2391 3044 2554 3097 αὑτὸν
2595 3043 2664 3116 δὴ
2709 3044 2916 3116 τρόπον.
2950 3044 3048 3098 καὶ-
3081 3045 3114 3114 ὴ
3155 3042 3294 3113 γυνὴ
3337 3041 3431 3094 καὶ
3463 3035 3642 3108 αὑτὴ(

1959 3123 2219 3190 πολλάκις
2264 3121 2406 3193 μετά
2435 3124 2566 3189 τοὺς
2595 3123 2825 3188 πολλοὺς
2861 3125 3036 3195 μῆνας
3061 3123 3327 3184 ἐκείνους,
3373 3117 3512 3191 μετά
3547 3119 3648 3180 τάς

1956 3205 2155 3266 ὠδῖνας
2206 3203 2305 3265 τὰς
2346 3204 2677 3275 ἀφορήτους,
2715 3203 2856 3275 μετὰ.
2888 3205 2986 3268 τάς
3021 3203 3220 3266 νύκτας
3252 3201 3351 3265 τάς
3384 3201 3648 3261 ἀΰπνους,

1960 3285 2098 3358 μετά
2118 3285 2210 3338 τὸν
2230 3284 2346 3338 τῶν
2373 3285 2552 3355 μελῶν
2580 3285 2943 3356 διασπασμὸν,
2979 3287 3182 3358 μικρᾶς
3211 3301 3356 3347 τινος
3385 3280 3648 3354 περιστά-

1959 3388 2101 3434 σεως
2137 3367 2458 3441 γενομένης,
2492 3368 2599 3440 πρὸ
2631 3369 2725 3422 τοῦ
2755 3371 3124 3442 προσήκοντος
3156 3366 3349 3438 καιροῦ
3369 3369 3430 3418 τὸ
3451 3364 3658 3436 βρέφος.

1958 3453 2223 3523 ὼθήσασα
2245 3451 2572 3521 ἀμόρφωτον
2602 3450 2696 3504 καλ⁵
2733 3449 3126 3509 ἀδιατύπωτον,
3154 3449 3188 3518 ἢ
3219 3445 3650 3520 μεμορφωμένον

1963 3533 2087 3604 μὲν,
2114 3532 2216 3584 οὑκ
2249 3531 2438 3601 ἄρτιον
2467 3529 2548 3592 δὲ,
2579 3529 2702 3582 ούδέ
2739 3529 2918 3598 ὑγιὲς,
2952 3529 2986 3599 ἢ
3021 3529 3118 3582 καὶ
3139 3527 3334 3597 νεκρὸν
3363 3523 3651 3604 πολλάκις,

1962 3603 2117 3684 μόλις
2145 3610 2238 3664 τὸν
2265 3609 2510 3663 κίνδυνον
2531 3609 2776 3677 διέφυγε,
2805 3609 2900 3662 καὶ
2928 3607 3076 3677 ὅμως
3101 3605 3292 3676 ῶσπερ
3323 3603 3653 3684 ἐπιλαθομέέ-

1959 3683 2025 3764 νη
2054 3691 2263 3745 τούτων
2297 3688 2577 3751 ἀπάντων,
2611 3687 2721 3741 τῶν
2755 3686 2937 3741 αὐτῶν
2966 3687 3239 3756 ἀνέχεται,
3279 3685 3372 3764 και
3404 3685 3471 3737 τὰ
3509 3683 3656 3736 αὺτά

1961 3763 2246 3842 ὑπομένει.
2271 3769 2381 3824 Καὶ
2406 3767 2459 3821 τί
2500 3767 2648 3836 λέγω
2680 3766 2752 3820 τά
2785 3767 2959 3832 αὑτάς
2992 3765 3258 3827 Πολλάκις
3292 3763 3387 3817 καὶ
3427 3778 3655 3815 συναπο-

1963 3841 2145 3907 θανεῖν
2183 3849 2261 3922 τῷ
2297 3848 2543 3919 τεχθέντι
2583 3847 2806 3918 συνέϐη,
2843 3848 2938 3901 καὶ
2978 3845 3100 3900 ούδέ
3141 3845 3301 3898 τοῦτο
3330 3843 3428 3906 τάς
3456 3841 3664 3904 λοιπὰς,

1960 3931 2294 4004 ἐσωφρόνισε
2318 3931 2412 3983 καὶ
2437 3930 2692 3983 ἀνέπεισε
2715 3930 2904 3998 φυγεῖν
2922 3929 2948 3966 Β
2967 3927 3027 3980 τὸ
3048 3927 3300 3998 πρᾶγμα·
3325 3923 3659 3994 τοσαύτηνέό

1960 4016 2092 4080 Θεὸς
2131 4012 2531 4084 ἐγκατέσπειρε
2580 4013 2694 4072 τοῖς
2739 4011 3004 4080 λυπηροῖς
3037 4009 3136 4078 τὴν
3163 4006 3355 4078 ἡδονὴν
3395 4006 3656 4077 ἐμοῦεκαὶ

1960 4099 2061 4172 τὴν
2099 4095 2460 4171 εὐφροσύνην.
2490 4094 2588 4149 Διά
2612 4093 2772 4148 τοῦτο
2803 4092 2978 4162 ἔλεγε,
3005 4092 3341 4160 Πληθύνων
3361 4088 3655 4172 πληθυνῶ

1960 4171 2070 4248 τὰς
2082 4182 2284 4246 λύπας
2303 4193 2421 4233 σου
2441 4178 2539 4231 καί
2559 4177 2666 4232 τὸν
2679 4175 3019 4246 στεναγμόν
3035 4189 3170 4228 σου·
3190 4173 3258 4226 ὲν
3269 4173 3494 4237 λύπαις
3509 4171 3656 4241 τέξῃ

1963 4262 2169 4318 τέκνα.
2209 4257 2383 4312 Τοῦτο
2418 4257 2600 4311 τοίνυν
2637 4257 2732 4310 καὶ
2769 4259 2798 4309 ό
2856 4255 3089 4327 Χριστὸς
3126 4252 3506 4323 διαλεγόμενος
3542 4253 3659 4314 τοῖς

1966 4343 2236 4416 μαθηταῖς
2275 4339 2369 4394 καὶ
2401 4338 2618 4401 δεικνὺς
2646 4338 2741 4392 καὶ
2763 4338 2864 4406 τῆς
2881 4336 3076 4416 ὀδύνης
3094 4333 3157 4388 τὸ
3183 4333 3412 4416 μέγεθος
3435 4333 3542 4416 καὶ.
3555 4333 3658 4401 τῆς

1961 4411 2302 4493 εὐφροσύνης
2324 4418 2424 4490 τὴν
2455 4416 3010 4493 ὑπερϐολὴνὶἐλεγενν
3040 4415 3116 4493 ΓΗ
3133 4414 3288 4493 γυνὴ
3319 4411 3466 4466 ὅταν
3487 4411 3656 4493 τίκτῃ

1965 4488 2176 4566 λύπην
2204 4488 2351 4568 ἕχει,
2379 4488 2470 4551 ὅτι
2494 4496 2683 4564 ἦλθεν
2700 4497 2738 4564 ἡ
2763 4491 2888 4562 ὦρα
2909 4491 3100 4561 αὐτῆς
3117 4509 3130 4522 ·
3161 4488 3281 4545 εἶτα
3303 4490 3668 4568 παραστῆσαι.

1962 4584 2096 4654 ἡμῖν
2121 4567 2444 4650 βουλόμενος
2471 4576 2621 4639 ὅπως
2649 4573 2717 4627 τὰ
2743 4577 2840 4646 μὲν
2862 4573 2964 4654 τῆς
2987 4571 3165 4641 λύπης
3191 4569 3386 4654 ἀθρόον
3411 4567 3679 4654 ἐκποδὼν-

1961 4647 2197 4732 γίνεται,
2234 4647 2304 4710 τά
2344 4656 2403 4710 δέ
2432 4656 2534 4724 τῆς
2563 4656 2740 4726 χαρᾶς
2774 4655 2872 4707 καὶ
2905 4653 3008 4732 τῆς
3046 4649 3386 4732 εὐφροσύνης
3411 4647 3657 4718 διαδέχε-

1960 4727 2074 4800 ται,
2090 4755 2162 4809 φη
2171 4736 2274 4790 σίν⁸
2293 4736 2469 4788 Ὅταν
2487 4734 2556 4787 δὲ
2570 4732 2840 4803 γεννήσῃ
2857 4731 2924 4786 τὸ
2936 4729 3198 4793 παιδίον,
3209 4727 3412 4809 οὐκέτι
3427 4744 3658 4809 μνημο-

1959 4805 2122 4874 νεύει
2145 4805 2256 4884 τῆς
2277 4816 2539 4882 θλίψεως
2553 4812 2650 4866 διὰ
2663 4829 2693 4865 τ
2703 4812 2779 4879 ἡν
2795 4809 3018 4880 χαρὰν,
3028 4809 3116 4863 ὅτι
3133 4805 3423 4878 ἐγεννήθη
3435 4806 3658 4873 ἀνθρω-

1959 4913 2070 4963 πος
2093 4899 2180 4962 είς
2213 4894 2322 4948 τὸν
2357 4894 2589 4961 κόσμον
2604 4932 2623 4944 .
2649 4888 2802 4954 Εἶδες
2834 4889 3160 4962 κηδεμονίαν
3179 4884 3618 4958 ὑπερϐάλλουσαν
3637 4901 3678 4947 ι.

1960 4973 2100 5040 εἶδες
2120 4972 2393 5045 τιμωρίαν
2408 4971 2690 5034 νουθεσίας
2710 4966 3148 5040 πεπληρωμένην
3165 4984 3180 5029 ς
3211 4966 3550 5045 Ἔνλύπαις
3571 4963 3658 5016 τέ-

1961 5057 1998 5122 ξ
2001 5076 2037 5124 ῃ
2062 5043 2261 5109 τέκνα.
2279 5047 2430 5118 Εἶτα,
2445 5052 2600 5121 Πρὸς
2620 5051 2726 5104 τὸν
2739 5050 2929 5117 ἄνδρα
2945 5064 3062 5101 σου
3081 5048 3120 5115 η
3141 5043 3496 5113 ἀποστροφή
3511 5059 3654 5124 σου.

1961 5122 2061 5190 καί
2078 5133 2262 5197 αὐτός
2273 5147 2391 5186 σου
2406 5131 2730 5199 κυριεύσει.
2746 5131 2799 5183 Μ
2805 5127 3048 5196 ονονουχὶ
3061 5124 3330 5192 ἀπολογού
3339 5140 3497 5194 μενος
3517 5122 3658 5194 πρὸς
3667 5149 3680 5154 -

1960 5213 2060 5284 τὴν
2079 5213 2318 5283 γυναῖκα
2329 5212 2357 5262 ὁ
2374 5208 2564 5278 φιλάνθ
2575 5225 2754 5278 ρωπος
2770 5206 2902 5270 Θεὸς
2915 5204 3086 5259 ταῦτά
3100 5221 3285 5276 φησιν,
3298 5204 3380 5284 ὅτι
3396 5201 3654 5284 Ἐγὼ-μὲν

1963 5281 2032 5357 ἐξ
2045 5281 2218 5361 ἀρχῆς
2240 5288 2499 5360 όμότιμόν
2523 5305 2583 5340 σε
2606 5285 3037 5358 ἐδημιούργησα,
3063 5284 3159 5338 καὶ
3177 5283 3274 5354 τῆς
3301 5283 3470 5354 αὐτῆς
3495 5281 3665 5348 ἀξίας

1962 5373 2022 5425 ἐν
2069 5371 2274 5425 ἅπασιν
2319 5366 2472 5438 αὑτῷ
2516 5368 2803 5420 κοινωνεῖν.
2839 5364 3174 5437 ἠϐουλήθην,
3215 5364 3310 5418 καὶ
3342 5362 3533 5432 ῶσπερ

1965 5452 2146 5523 ἀνδρὶ,
2174 5449 2318 5503 οὑτω
2349 5447 2446 5500 καὶ
2476 5447 2559 5500 σοὶ
2590 5446 2689 5517 τὴν
2717 5445 2860 5500 κατά
2879 5445 3097 5500 πάντων
3121 5443 3295 5515 ἀρχὴν
3322 5442 3650 5523 ἐνεχείρισαζ

1964 5520 2085 5586 cm"
2108 5528 2298 5598 ἐπειδὴ
2332 5527 2432 5579 οὑκ
2457 5525 2678 5596 ἐχρήσω
2704 5526 2784 5588 εἰς
2815 5523 2935 5578 δέον
2960 5525 3026 5595 τῇ
3055 5523 3340 5594 ὁμοτιμία·
3371 5522 3460 5576 διὰ
3493 5520 3656 5574 τοῦτό

1972 5630 2034 5666 σε
2061 5609 2350 5663 ὑποτάττω
2367 5604 2447 5674 τῷ
2461 5604 2637 5678 ἀνδρὶ,
2668 5603 2779 5658 Καὶ
2799 5603 2951 5672 πρὸς
2968 5603 3075 5656 τὸν
3094 5601 3285 5670 ἄνδρα
3303 5615 3422 5656 σου
3442 5601 3480 5668 ἡ
3503 5601 3675 5678 ἀπο-»-

1957 5686 2200 5760 στροφὴ
2218 5700 2359 5744 σου.
2381 5683 2481 5737 καί
2502 5683 2688 5748 αὑτός
2707 5696 2824 5736 σου
2843 5682 3168 5750 κυριεύσει.
3188 5678 3405 5760 Ἐπειδὴ
3424 5677 3652 5732 καταλι-

1967 5770 2147 5826 ποῦσα
2173 5766 2266 5821 τὸν
2291 5763 2578 5834 ὁμότιμον,
2602 5761 2700 5817 καὶ
2720 5761 2811 5815 τὸν
2840 5762 2940 5832 τῆς
2970 5761 3140 5831 αὐτῆς
3171 5760 3254 5812 σοὶ
3287 5759 3501 5830 φύσεως
3530 5775 3657 5811 κοις

3637 4926 3666 4947 ν

2037 5968 2060 5996 ε
2083 5964 2226 6015 Colb.
2249 5962 2334 6020 τὰς
2355 5961 2544 6016 ὠδῖνας.
2572 6019 2577 6020 γ
2600 5955 2634 6000 »δ
2661 5958 2744 6009 Sic
2767 5956 2878 6006 Sav.
2910 5955 3080 6005 Morel.
3121 5960 3176 6004 et
3203 5950 3382 6020 _h_lgntl'.
3407 5951 3656 6020 δ’δυγῶντ..

1971 6009 2527 6079 amaviézﬁgiv‘ﬁhiale.’
2545 6019 2680 6071 Εοιτ.
2752 6021 2776 6050 ⁸
2811 6020 3015 6079 Quidam
3042 6031 3174 6083 ωδε.
3203 6015 3332 6064 ἰδεῖν.
3401 6011 3444 6083 ,ί
3471 6009 3648 6061 κυιαὶ.

1974 6095 2003 6148 ἡ
2023 6091 2153 6151 γυνή.
2181 6089 2272 6139 Καὶ
2296 6089 2383 6151 γὰρ
2403 6085 2539 6143 αὐτή.
2610 6086 2634 6124 ε
2663 6083 2865 6144 Quidam
2890 6095 3004 6131 mas.
3031 6082 3168 6129 ἀνέστ
3208 6094 3262 6127 σε
3287 6082 3461 6139 φυγειν.
