4038 6394
411 423 706 487 νωνοῦντα,
729 423 824 477 καέι
845 423 912 476 δι’
929 421 987 474 δν
1009 419 1467 492 ἐδημιουργήθης,
1482 417 1560 489 τῷ
1577 413 1798 487 πονηρῷ
1817 411 1990 485 θηρίῳ
2007 410 2084 482 τῷ

412 513 534 580 δφει
559 512 637 576 εἰς
663 510 880 580 ὁμιλίαν
916 507 1090 561 ἐλθεῖν
1124 507 1452 578 ἠϐουλήθης,
1483 506 1576 559 καὶ
1603 504 1700 575 τὴν
1731 502 1858 574 παρ’
1876 501 2085 554 ἐκείνου

414 601 670 668 δέξασθαι
693 598 1016 670 συμϐουλήν·
1047 597 1134 650 διὰ
1160 596 1315 650 τοῦτό
1345 613 1405 648 σε
1441 595 1623 648 λοιπὸν
1654 593 1828 663 τούτῳ
1855 591 2087 644 ὑποτάτ-

413 707 514 755 τω,
542 690 635 743 καὶ
663 686 849 740 τοῦτόν
878 704 969 739 σου
989 684 1177 757 κύριον
1204 697 1228 724 ει
1263 685 1569 753 ἀποφαίνω,
1601 682 1740 734 ὥστε
1767 680 1863 752 τὴν
1892 679 2085 733 τούτου

413 775 726 830 δεσποτείαν
759 771 1159 841 ἐπιγινώσκειν,
1191 773 1284 825 καὶ
1313 771 1500 842 ἐπειδὴ
1539 771 1637 824 οὐκ
1675 770 1846 838 ἔγνως
1875 768 2084 838 ἄρχειν,

419 862 559 934 μάθε
583 861 763 925 καλῶς
809 860 1093 932 ἄρχεσθαι.
1123 860 1280 928 Πρὸς
1323 859 1432 912 τὸν
1489 857 1678 926 ἄνδρα
1710 871 1825 910 σου
1872 855 1911 923 ἡ
1939 857 2088 910 ἁπο-

415 949 650 1021 στροφή
704 946 1140 1014 σου,καίαὺτός
1155 964 1271 1002 σου
1290 947 1611 1016 κυριεύσει.
1651 944 1865 998 Βέλτιόν
1890 961 1949 997 σε
1983 943 2088 997 ὑπὸ

415 1037 603 1114 τοῦτον
631 1030 792 1099 εἶναι,
816 1036 910 1088 καὶ
939 1034 1043 1088 ὑπὸ
1066 1034 1164 1106 τὴν
1197 1034 1388 1088 τούτου
1424 1033 1740 1088 δεσποτείαν
1777 1032 2085 1102 τυγχάνειν,

416 1124 450 1194 ῆ
477 1124 659 1187 ἀδείας
681 1123 1057 1178 ἀπολαύουσαν
1084 1125 1177 1176 καὶ
1196 1122 1440 1188 ἐξουσίας
1471 1121 1609 1176 κατὰ
1631 1119 1890 1193 κρημνῶν
1927 1119 2089 1190 φέρε-

417 1213 561 1265 σθαι.
601 1212 755 1265 Ἐπεὶ
777 1213 871 1266 καὶ
899 1211 1051 1282 ἵππῳ
1074 1211 1344 1274 λυσιτελὲς
1368 1209 1434 1264 ἂν
1455 1210 1664 1278 γένοιτο
1685 1208 1899 1279 χαλινὸν
1921 1206 2086 1278 ἐχειν,

415 1301 509 1353 καί¹
536 1299 684 1372 [146]
713 1300 948 1352 εῦτακτα
975 1298 1232 1369 βαδίζειν,
1255 1297 1288 1368 ἦ
1317 1298 1444 1353 ἀνευ
1466 1296 1655 1350 τούτου
1674 1295 1813 1349 κατά
1828 1293 2089 1366 κρημνῶν

416 1388 698 1460 φέρεσθαι.
723 1389 796 1442 Τὸ
829 1386 1104 1459 συμφέρον
1130 1387 1306 1440 τοίνυν
1334 1384 1552 1438 σκοπῶν
1586 1385 1648 1438 τὸ
1679 1384 1788 1448 σὺν,
1813 1384 1950 1456 πρὸς
1969 1381 2092 1437 τοῦ·

415 1475 508 1528 τόν
554 1492 614 1529 σε
652 1475 797 1545 ἔχειν
836 1475 936 1546 τὴν
978 1472 1327 1545 ἀποστροφὴν
1371 1471 1651 1543 βούλομαι,
1696 1472 1791 1524 καὶ
1835 1470 2087 1540 καθάπερ

417 1561 580 1632 σῶμα
625 1561 834 1632 κεφαλῇ
852 1559 1103 1626 ἐπεσθαι,
1146 1559 1241 1613 καὶ
1268 1559 1365 1631 τὴν
1384 1559 1700 1613 δεσποτείαν
1746 1557 1867 1630 μεθ’
1895 1557 2090 1628 ἡδονῆς

416 1647 821 1717 ἐπιγινώσκειν.
853 1644 984 1701 Οἶδα
1015 1648 1097 1702 ὅτι
1129 1648 1446 1717 ἀπεκάμετε
1496 1645 1633 1717 πρὸς
1681 1645 1741 1699 τὸ
1780 1645 1952 1715 μῆκος
1981 1643 2090 1698 τῶν

417 1737 748 1808 είρημένων·
801 1736 937 1789 ἀλλά
966 1735 1302 1806 ,διεγέρθητε
1367 1734 1583 1805 μικρὸν,
1641 1732 1966 1802 παρακαλῶ,
2014 1731 2090 1804 μὴ

416 1823 702 1878 ἀτέλεστον
723 1823 822 1893 τήν
848 1823 1003 1892 δίκην
1025 1821 1430 1891 καταλίπωμεν,
1471 1820 1605 1891 μηδὲ
1639 1822 1868 1890 ἀφέντες
1891 1820 1970 1874 ἔτι
1999 1821 2091 1873 τὸν

417 1911 678 1983 δικαστὴν
707 1911 1014 1984 καθήμενον
1036 1910 1499 1983 ἀναχωρήσωμεν·
1542 1910 1635 1962 καὶ
1663 1908 1772 1981 γάρ
1800 1909 1937 1982 πρὸς
1961 1909 2092 1963 αὐτὸ

417 2001 480 2054 τὸ
505 1999 656 2064 τέλος
683 1999 870 2055 λοιπὸν
899 2000 1314 2071 ἀπηντήκαμεν.

491 2105 560 2158 θ’.
593 2096 822 2176 Ἰδωμεν
849 2103 1030 2156 τοίνυν
1064 2104 1117 2156 τί
1157 2101 1296 2174 μετὰ
1325 2103 1423 2174 τὴν
1453 2105 1684 2172 γυναῖκα
1721 2101 1856 2174 πρὸς
1879 2101 1970 2155 τὸν
1995 2102 2093 2156 ἀν-

420 2194 524 2265 δρα
562 2194 713 2265 φησὶ,
749 2194 844 2248 καὶ
865 2193 1022 2246 ποίαν
1055 2194 1147 2246 καὶ
1169 2192 1344 2264 τούτῳ
1369 2194 1638 2263 τιμωρίαν
1663 2191 1880 2259 ἐπάγει.
1913 2189 2002 2255 Τῷ
2025 2189 2096 2243 δὲ

433 2281 609 2352 Ἀδὰμ
644 2277 833 2344 εἶπεν,
865 2281 995 2334 Ὅτι
1033 2280 1305 2349 ἤκουσας
1342 2279 1453 2349 τῆς
1492 2278 1696 2350 φωνῆς
1741 2279 1854 2347 τῆς
1889 2295 2096 2349 γυναι-

421 2371 530 2435 κός
556 2386 694 2433 σου,
719 2369 816 2422 καὶ
844 2369 1063 2438 ἔφαγες
1085 2367 1205 2422 ἀπὸ
1230 2367 1337 2422 τοῦ
1366 2368 1579 2432 ξύλου,
1606 2363 1678 2423 οὗ
1705 2365 2096 2436 ἐνετειλάμην

421 2471 525 2510 σοι
564 2457 781 2511 τούτου
835 2457 1027 2526 μόνου
1075 2455 1161 2526 μὴ
1207 2455 1438 2526 φαγεῖν,
1479 2455 1581 2510 ἀπ’
1619 2455 1806 2509 αὐτοῦ
1854 2454 2092 2524 ἔφαγες·

423 2543 855 2614 ἐπικατάρατος
884 2545 924 2612 ἠ
961 2544 1038 2614 γῆ
1081 2545 1152 2598 ἐν
1192 2543 1317 2610 τοῖς
1349 2542 1546 2612 ἔργοις
1575 2555 1713 2598 σου.
1751 2544 1846 2597 Ἐν
1870 2545 2096 2609 λύπαις

421 2633 583 2704 φάγῃ
612 2631 806 2702 αὐτὴν
827 2631 1029 2698 πάσας
1051 2631 1156 2698 τὰς
1177 2630 1401 2701 ἡμέρας
1424 2629 1536 2699 τῆς
1557 2630 1708 2700 ζωῆς
1725 2645 1863 2688 σου.
1905 2630 2097 2685 Ἀκάν-

422 2720 533 2784 θας
565 2717 664 2772 καί
695 2718 1005 2785 τριϐόλους
1039 2714 1321 2770 άνατελεῐ
1341 2731 1462 2777 σοι,
1493 2714 1593 2769 καί
1628 2715 1788 2784 φάγῃ
1824 2713 1933 2768 τὸν
1955 2715 2096 2784 χόρ-

421 2823 531 2859 τον
556 2803 664 2860 τοῦ
703 2804 910 2874 ἀγροῦ.
955 2805 1052 2857 Ἐν
1076 2802 1271 2870 ἱδρῶτι
1301 2802 1405 2856 τοῦ
1441 2801 1766 2870 προσώπου
1792 2817 1908 2856 σου
1934 2800 2095 2872 φάγῃ

420 2892 530 2946 τὸν
550 2890 733 2961 άρτον
759 2907 898 2953 σου,
928 2889 1039 2955 ἓως
1060 2887 1169 2943 τοῦ
1196 2887 1575 2957 ἀποστρέψαι
1600 2904 1675 2942 σε
1702 2890 1790 2954 εἰς
1819 2887 1934 2956 τὴν
1955 2887 2093 2957 γῆν,

420 2979 492 3044 ἐξ
524 2975 601 3052 ἧς
629 2977 919 3046 ἐλήφθης·
975 2976 1064 3030 ὅτι
1110 2975 1186 3046 γῆ
1231 2975 1288 3029 εῖ
1325 2975 1425 3028 καὶ
1460 2978 1544 3041 εἰς
1591 2974 1710 3044 γῆν
1758 2975 2092 3045 ἀπελεύσῃ.

421 3067 650 3137 Μεγάλη
694 3066 790 3119 καὶ
828 3065 1035 3134 ἀφατος
1069 3063 1164 3120 καὶ
1193 3062 1442 3116 ἐντεῦθεν
1469 3062 1741 3116 δείκνυται
1771 3064 1805 3134 ή
1844 3064 1973 3134 περὶ
2003 3063 2095 3118 τὸν

421 3156 710 3226 ἄνθρωπον
763 3153 858 3207 τοῦ
915 3152 1186 3209 Δεσπότου
1247 3151 1560 3222 κηδεμονία·
1604 3151 1720 3204 ἀλλ’
1772 3151 2095 3222 ἀκούσωμεν

423 3242 667 3314 ἀκριϐῶς
701 3241 930 3296 ἕκαστον
964 3239 1072 3294 τῶν
1099 3239 1422 3310 εἰρημένων·
1463 3236 1547 3302 Τῷ
1585 3237 1653 3290 δὲ
1687 3238 1867 3309 Ἀδὰμ
1902 3235 2093 3306 εἶπεν,

422 3323 548 3379 Ὅτι
599 3323 874 3393 ἤκουσας
917 3323 1027 3390 τῆς
1077 3322 1282 3392 φωνῆς
1330 3322 1440 3390 τῆς
1493 3323 1776 3390 γυναικός
1821 3338 1960 3387 σου,
1996 3325 2095 3378 καί

421 3413 640 3482 ἔφαγες
675 3409 796 3466 άπὸ
825 3411 932 3466 τοῦ
967 3411 1181 3476 ξύλου,
1221 3406 1294 3466 οὗ
1315 3409 1709 3480 ἐνετειλάμην
1746 3426 1846 3465 σοι
1879 3413 2094 3468 τούτου

418 3501 612 3572 μόνου
642 3500 730 3570 μὴ
755 3499 987 3570 φαγεῖν,
1030 3499 1131 3554 ἀπ’
1171 3499 1356 3553 αὑτοῦ
1401 3497 1638 3567 ἔφαγες.
1678 3499 1891 3572 Ἐπειδὴ
1927 3501 2094 3570 ἥκου-

425 3606 548 3655 σας,
583 3590 736 3660 φησὶ,
771 3590 869 3659 τῆς
886 3588 1143 3658 γυναικός
1180 3604 1274 3640 σου
1313 3587 1408 3645 καὶ
1437 3586 1638 3657 ἔφαγες
1660 3587 1768 3640 ἀπὺ
1789 3587 1884 3640 τοῦ
1915 3589 2093 3657 ξύλου,

423 3679 519 3731 καὶ
566 3679 664 3749 τῆς
717 3677 857 3748 ἐμῆς
902 3676 1122 3747 ἐντολῆς
1165 3675 1540 3746 προετίμησας
1583 3675 1682 3746 τὴν
1718 3676 1848 3747 παρ’
1881 3677 2097 3750 ἐκείνης

424 3762 754 3839 συμϐουλὴ-ν,
781 3763 872 3816 καὶ
889 3762 988 3816 οὐκ
1016 3761 1324 3833 ἠϐουλήθης
1346 3760 1440 3815 τοῦ
1471 3761 1628 3826 ξύλου
1650 3760 1744 3814 τοῦ
1769 3761 1886 3826 ἐνδς
1909 3762 2096 3816 τούτου

427 3854 591 3922 μόνου
614 3851 969 3923 ἀποσχέσθαι,
988 3845 1049 3904 οὗ
1076 3850 1424 3921 ἐνετειλάμην
1442 3867 1522 3902 σοι
1553 3849 1628 3921 μὴ
1653 3852 1844 3918 φαγεῖν
1866 3850 1966 3923 (μὴ
1989 3851 2098 3922 γὰρ

425 3941 636 3995 πολλῶν
673 3957 731 3993 σε
767 3939 1066 4010 ἀπέχεσθαι
1101 3939 1394 4004 ἐκέλευσα;
1430 3938 1578 4002 Ἐνὸς
1627 3937 1812 4009 μόνου,
1847 3939 1942 3995 καὶ
1979 3939 2099 3992 ούδέ

424 4029 614 4084 τούτου
652 4028 902 4098 ἠνέσχου,
940 4027 1055 4080 ἀλλ’
1097 4026 1486 4097 ἐπιλαθόμενος
1529 4025 1638 4079 τῶν
1678 4026 1825 4098 ἐμῶν
1867 4026 2098 4080 ἐντολῶν

425 4116 684 4187 ἐπείσθης
719 4119 786 4187 τῇ
819 4117 1081 4188 γυναικί)·
1103 4115 1192 4169 διὰ
1229 4116 1388 4169 τοῦτο
1426 4115 1642 4187 μαθήσῃ
1670 4115 1738 4168 δι’
1765 4115 1946 4170 αὐτῶν
1987 4115 2100 4171 τῶν

425 4205 629 4275 εργων,
660 4205 783 4258 ὅσον
813 4205 1055 4278 εἰργάσω
1085 4203 1274 4258 κακόν.

511 4310 877 4367 ’Λκουέτωσαν
905 4309 1124 4380 ἀνδρες·
1162 4310 1508 4364 ἀκουέτωσαν
1550 4314 1841 4382 γυναῖκες·
1881 4314 1930 4365 οἱ
1977 4310 2099 4383 μέν,

426 4401 517 4455 ἵνα
545 4400 618 4470 μὴ
653 4399 952 4469 ἀνέχωνται
987 4397 1096 4450 τῶν
1135 4398 1348 4468 πονηρά
1377 4398 1857 4468 συμϐουλευουσῶν
1877 4416 1891 4430 ⁸
1922 4401 1980 4452 αἱ
2019 4400 2099 4467 δὲ,

425 4490 516 4544 ἴνα
547 4489 623 4560 μὴ
671 4486 899 4546 τοιαῦτα
933 4484 1394 4557 συμϐουλεύωσιν.
1434 4487 1499 4539 Εἰ
1532 4487 1642 4558 γάρ
1666 4481 1822 4550 οὗτος
1863 4489 1956 4542 ἐπὶ
2001 4488 2100 4560 τὴν

424 4580 661 4646 γυναῖκα
682 4575 780 4646 τὴν
806 4573 984 4628 αἰτίαν
1026 4572 1368 4644 μεταγαγὼν,
1423 4575 1681 4645 οὐδεμιᾶς
1709 4575 1915 4645 ἠξιώθη
1971 4593 2101 4644 συγ-

427 4667 654 4738 γνώμης
675 4708 689 4730 ,
735 4662 892 4718 ποίαν
930 4664 995 4717 ἄν
1035 4680 1121 4726 τις
1150 4663 1446 4731 ἀπολογίαν
1479 4664 1631 4735 σχοίη
1664 4664 1857 4732 λέγων,
1901 4666 1980 4718 ὅτι
2012 4665 2103 4718 διά

425 4757 524 4827 τὴν
550 4757 784 4823 γυναῖκα
815 4752 876 4804 τὸ
911 4752 1003 4804 καὶ
1030 4752 1091 4804 τὸ
1118 4752 1385 4822 ἥμαρτον,
1421 4753 1515 4806 καί
1543 4752 1604 4805 τὸ
1629 4753 1722 4805 καὶ
1750 4753 1812 4805 τὸ
1837 4752 2048 4823 ἔπραξα
2084 4770 2098 4819 ;

425 4843 527 4900 Διά
564 4842 722 4894 τοῦτο
754 4841 862 4912 γὰρ
895 4840 988 4892 καὶ
1024 4839 1128 4892 ὑπὸ
1163 4839 1260 4911 τὴν
1289 4840 1609 4892 δεσποτείαν
1635 4840 1825 4908 γέγονε
1855 4840 1951 4912 τὴν
1979 4841 2100 4911 σὴν,

426 4933 518 4984 καὶ
537 4931 723 5002 κύριος
739 4930 908 4999 αὐτῆς
927 4927 1266 4999 ἀπεφάνθης,
1293 4927 1380 4980 ἵνα
1403 4928 1584 4996 ἐκείνη
1604 4928 1687 4980 σοὶ
1704 4928 2096 4998 κατακολουθῇ,

426 5018 520 5070 καὶ
567 5017 642 5087 μὴ
675 5018 708 5086 ἡ
742 5014 952 5085 κεφαλὴ
1003 5016 1116 5075 τοῖς
1170 5013 1327 5064 ποσὶν
1360 5012 1578 5080 ἕπηται.
1622 5012 1758 5063 Ἀλλ’
1809 5009 1902 5066 οὖν
1951 5012 2100 5064 ἐστιν

427 5104 556 5162 ἰδεῖν
580 5104 838 5166 πολλάκις
884 5102 945 5155 τὸ
991 5100 1231 5155 ἐναντίον
1263 5100 1582 5170 συμϐαῖνον,
1616 5100 1712 5153 καὶ
1737 5101 1826 5153 τὸν
1856 5102 1913 5154 ἐν
1949 5100 2101 5166 τάξει

425 5191 665 5264 κεφαλῆς
708 5186 847 5244 εἶναι
896 5189 1212 5258 ὀφείλοντα,
1262 5187 1383 5240 ούδέ
1423 5187 1532 5240 τῶν
1583 5186 1762 5239 ποδῶν
1801 5187 1900 5258 τὴν
1947 5187 2100 5253 τάξιν

426 5280 716 5351 ἐπέχοντα·
738 5279 830 5332 καὶ
845 5279 944 5348 τήν
970 5279 1026 5330 ἐν
1049 5275 1201 5340 τάξει
1229 5277 1405 5330 ποδῶν
1425 5271 1608 5336 οὖσαν,
1634 5275 1838 5346 ταύτην
1866 5279 1923 5328 ἐν
1949 5276 2099 5341 τάξει

426 5369 666 5440 κεφαλῆς
697 5366 1121 5436 καθισταμένην.
1157 5367 1234 5418 Δι’
1259 5365 1288 5418 ὃ
1315 5366 1410 5420 καὶ
1436 5367 1464 5418 ὁ
1488 5366 1754 5437 μακάριος
1789 5364 2000 5428 Παῦλος
2020 5408 2035 5430 ,
2071 5368 2100 5417 ὁ

420 5455 523 5528 τῆς
542 5453 867 5524 οἰκουμένης
899 5453 1234 5517 διδάσκαλος,
1251 5454 1425 5506 ταῦτα
1453 5453 1630 5508 πάντα
1661 5453 1908 5524 προορῶν
1934 5453 2062 5505 ἐϐόα
2082 5469 2098 5483 ·

427 5542 496 5598 Tt
548 5545 658 5614 γὰρ
691 5539 882 5609 οἶδας,
916 5544 1112 5618 γύναι,
1166 5545 1220 5596 εὶ
1268 5541 1376 5596 τόν
1427 5542 1619 5610 ἄνδρα
1663 5541 1920 5608 σώσεις;
1969 5541 2004 5609 ἢ
2045 5542 2102 5594 τί
2204 5609 2206 5612 ν

427 5628 613 5697 οἶδας,
642 5631 806 5701 ἄνερ,
837 5634 891 5684 εἰ
917 5630 1032 5698 τὴν
1066 5630 1322 5701 γυναῖκα
1363 5628 1620 5695 σώσεις;
1659 5629 1799 5682 Ἀλλ’
1832 5631 1981 5699 ὅμως
2010 5632 2102 5684 καὶ

427 5723 454 5778 ό
507 5719 648 5791 ἀνὴρ
695 5718 892 5791 πολλὴν
943 5718 1039 5788 τὴν
1093 5717 1341 5789 φυλακήν
1396 5717 1816 5779 ἐπιδεικνύσθω,
1852 5717 1990 5770 ὥστε
2032 5718 2100 5771 τά

427 5807 649 5871 ἐλλέθρια
673 5805 1141 5868 συμϐουλεύουσαν
1164 5805 1534 5871 ἀποσείεσθαι,
1561 5805 1652 5858 καὶ
1672 5807 1702 5874 ἡ
1726 5807 1859 5876 γυνή
1880 5805 2096 5860 ἔναυλον

439 6015 442 6018 ν
496 5962 520 5992 ⁸
547 5961 748 6024 Quidam
772 5975 885 6012 mss.
912 5979 987 6011 σοι
1022 5964 1197 6028 κύριον.

1239 301 1296 361 S.
1333 299 1618 358 JOANNIS
1653 291 2146 354 CHRYSOSTOMI
2181 291 2501 351 ARCHIEP.
2539 287 3088 349 CONSTANTINUP.

3756 277 3867 333 HG

2187 409 2387 480 ἔχουσα
2412 409 2510 483 τὴν
2545 407 2814 480 τιμωρίαν
2857 406 2928 477 ’ἢν
2961 403 3180 469 ἐδέξατο
3209 401 3243 471 ή
3292 399 3406 454 Εὕα
3461 399 3560 469 τὴν
3609 397 3872 483 ὀλεθρίαν

2187 493 2402 565 ἐκείνην
2433 480 2741 563 συμϐουλὴν
2768 486 3134 558 εἰσαγαγοῦσα
3157 484 3235 555 τῷ
3269 483 3454 554 ἀνδρὶ,
3490 483 3576 565 μὴ
3603 480 3874 565 τολμάτω

2183 563 2408 630 τοιαῦτα
2427 573 2834 646 συμϐουλεύειν,
2865 571 2997 643 μηδέ
3021 567 3291 640 μιμείσθω
3314 567 3413 636 τὴν
3428 563 3592 627 Εὕαν,
3617 563 3753 616 ἀλλὰ
3781 563 3873 633 τῷ

2189 659 2545 728 ὑποδείγματι
2567 656 2720 728 [147]
2743 673 2857 725 σωφ
2867 653 3156 725 ρονιζέσθω
3175 651 3403 705 κάκεῖνα
3420 647 3871 719 συμϐουλευέτω,

2189 745 2225 797 ἀ
2250 741 2343 796 καὶ
2376 741 2543 811 αὐτὴν
2576 741 2670 794 καὶ
2710 739 2799 792 τὸν
2838 737 3005 808 ἄνδρα
3037 735 3218 804 πάσης
3256 731 3552 797 ἀπαλλάξει
3581 730 3873 792 κολάσεως

2186 827 2282 880 καὶ
2325 824 2616 896 τιμωρίας.
2659 822 2799 876 Ἀλλ’
2839 821 2932 876 ἐπὶ
2956 821 3018 874 τὸ
3060 817 3420 891 προκείμενον
3449 813 3872 896 ἐπανέλθωμεν.

2192 908 2278 975 Τῷ
2305 893 2606 977 δὲ”Αδὰμ,
2638 908 2822 977 φησὶν,
2845 902 3016 960 εἶπεν
3044 907 3077 958 ό
3113 902 3278 968 Θεός·
3297 903 3414 953 Ὅτι
3446 898 3722 968 ἥκοι-σας
3751 893 3873 963 τῆς

2187 991 2392 1062 φωνῆς
2417 990 2527 1061 τῆς
2544 991 2829 1062 γυναικός
2843 1007 2980 1054 σου,
3003 989 3098 1043 καί
3117 989 3335 1056 ἔφαγες
3361 983 3480 1040 άπὸ
3510 983 3616 1036 τοῦ
3638 983 3868 1046 ξύλου.

2185 1071 2260 1132 οὗ
2289 1074 2680 1145 ἐνετειλάμην
2723 1089 2823 1128 σοι
2852 1074 3067 1127 τούτου
3113 1071 3306 1141 μόνου
3351 1068 3438 1139 μὴ
3477 1066 3708 1136 φαγεῖν,
3757 1065 3870 1118 ἀπ’

2186 1157 2372 1213 αὑτοῦ
2399 1157 2638 1227 ἔφαγες.
2683 1155 2919 1228 Ἐπειδὴ,
2941 1155 3094 1226 φησὶ,
3107 1154 3344 1226 τοσαύτῃ
3369 1152 3609 1224 ῥᾳθυμίᾳ
3639 1150 3872 1222 ἐχρήσω

2187 1242 2318 1314 περὶ
2347 1241 2447 1313 τὴν
2473 1240 2720 1312 φυλακὴν
2748 1240 2849 1310 τῆς
2878 1240 3008 1310 παρ’
3039 1239 3174 1309 ἐμοῦ
3201 1237 3448 1307 δοθείσης
3471 1235 3710 1306 ἐντολῆς,
3764 1235 3871 1288 καὶ

2188 1324 2314 1378 οὔτε
2347 1325 2376 1378 ό
2405 1324 2589 1394 φόϐος,
2622 1322 2747 1377 οὕτε
2773 1323 2835 1376 τὸ
2865 1321 3203 1397 προλαϐόντα
3244 1338 3313 1392 με
3352 1319 3758 1374 διαστείλασθαι
3792 1318 3873 1371 τά

2189 1410 2452 1481 μέλλοντα
2479 1407 2852 1481 συμϐήσεσθαι
2887 1409 3015 1478 ὑμῖν
3039 1405 3147 1460 ἀπὸ
3176 1405 3274 1476 τῆς
3310 1404 3582 1475 βρώσεως,
3607 1402 3873 1475 ὠφέλησέ

2187 1511 2241 1547 τι
2275 1493 2328 1560 δ,
2359 1492 2472 1546 ἀλλ’
2498 1493 2578 1556 εἰς
2607 1489 2876 1562 τοσαύτην
2907 1490 3103 1543 κακίαν
3143 1486 3456 1552 ἐξώκειλας,
3481 1486 3557 1549 ὡς
3598 1488 3672 1557 μὴ
3699 1487 3872 1555 δυνη-

2191 1576 2353 1648 θῆναι
2378 1575 2514 1647 μηδέ
2547 1574 2643 1629 τοῦ
2679 1575 2797 1639 ἐνὸς
2830 1573 3164 1644 ἀποσχέσθαι
3185 1572 3344 1638 ξύλου
3381 1571 3521 1641 μετά
3549 1572 3648 1642 τὴν
3670 1573 3874 1625 τοσαύ-

2188 1677 2289 1731 την
2307 1659 2637 1713 ἀπόλαυσιν·
2673 1656 2762 1711 διά
2785 1655 2944 1711 τοῦτο
2993 1655 3456 1723 Ἐπικατάρατος
3498 1654 3670 1708 ἔσται
3705 1655 3744 1722 ἡ
3781 1653 3870 1723 γῆ

2189 1742 2259 1796 ἐν
2285 1739 2409 1806 τοῖς
2433 1739 2630 1808 ἔργοις
2652 1753 2791 1792 σου.
2818 1738 2958 1808 Ὅρα
2983 1734 3392 1807 φιλανθρωπίαν
3421 1733 3714 1796 Δεσπότου,
3743 1735 3872 1797 πῶς

2195 1820 2293 1892 μὲν
2320 1819 2412 1874 τὸν
2436 1819 2562 1887 δφιν
2616 1819 2977 1889 τιμωρεῖται,
3016 1817 3135 1881 πῶς
3203 1815 3260 1869 δέ
3325 1816 3386 1868 τὸ
3429 1815 3644 1884 λογικὸν
3700 1814 3873 1867 τοῦτο

2191 1898 2350 1964 ζῶον.
2391 1897 2616 1968 Ἐκείνῳ
2653 1898 2760 1970 γάρ
2785 1914 2971 1968 φησιν,
3010 1895 3476 1963 Ἐπικατάρατος
3495 1895 3575 1949 σὺ
3599 1896 3715 1949 ἀπὸ
3751 1894 3873 1963 τῆς

2190 1979 2337 2051 γῆςς
2368 1978 2601 2032 ἐνταῦθα
2643 1978 2700 2032 δέ
2728 1979 2828 2049 οὐχ
2858 1977 3050 2042 οὕτως.
3086 1977 3247 2030 Ἀλλά
3272 1977 3326 2030 τί
3351 1992 3364 2041 ;
3409 1975 3874 2045 Ἐπικατάρατος

2192 2061 2232 2128 η
2272 2057 2347 2130 γῆ
2376 2060 2445 2112 ἐν
2489 2058 2612 2124 τοῖς
2646 2061 2843 2127 ἔργοις
2895 2073 3032 2111 σου.
3069 2057 3178 2110 Καὶ
3205 2056 3450 2119 εἰκότως.
3497 2055 3714 2125 Ἐπειδὴ
3753 2056 3872 2126 γάρ

2191 2138 2281 2192 διὰ
2307 2139 2398 2192 τὸν
2427 2138 2712 2209 ἄνθρωπον
2725 2138 2997 2210 παρήχθη,
3015 2137 3100 2190 ἵνα
3129 2136 3302 2200 οὕτως
3321 2135 3612 2189 ἀπολαύειν
3638 2136 3874 2206 δύνηται

2192 2218 2300 2272 τῶν
2327 2219 2385 2286 ἐξ
2423 2220 2591 2290 αὐτῆς
2639 2219 3056 2288 ἀναδιδομένων,
3104 2217 3192 2270 διά
3239 2216 3398 2270 τοῦτο
3449 2216 3610 2270 πάλιν
3649 2216 3739 2268 διὰ
3773 2217 3875 2268 τὸν

2194 2299 2480 2372 ἄνθρωπον
2519 2299 2832 2368 ἁμαρτόντα
2861 2297 3036 2369 ταύτῃ
3071 2299 3170 2368 τὴν
3208 2297 3453 2368 κατάραν
3501 2295 3811 2366 ἐπιτίθησιν
3854 2312 3871 2326 ·

2196 2377 2384 2450 ἐπειδὴ
2407 2380 2440 2449 ή
2465 2379 2544 2442 εἰς
2575 2378 2746 2450 αὐτὴν
2778 2379 2993 2449 κατάρα
3017 2378 3181 2431 πάλιν
3207 2377 3302 2431 τοῦ
3325 2375 3614 2449 ἀνθρώπου
3635 2377 3727 2429 ἐλυ
3737 2376 3872 2446 μαί-

2195 2475 2316 2512 νετο
2352 2459 2417 2529 τῇ
2451 2458 2634 2511 ἀνέσει
2663 2457 2759 2512 καὶ
2792 2459 2858 2528 τῇ
2883 2457 3058 2528 ἀδείᾳ,
3092 2456 3567 2524 Ἐπικατάρατος,
3591 2458 3780 2527 φησιν,
3833 2458 3876 2524 ἡ

2193 2535 2272 2606 τῆ
2303 2538 2371 2591 ἐν
2394 2537 2519 2604 τοῖς
2544 2537 2739 2607 ἔργοις
2765 2551 2903 2592 σου.
2933 2533 3069 2591 Εἶτα
3097 2538 3184 2590 ἵνα
3217 2536 3394 2608 μάθῃς
3417 2536 3474 2588 τί
3500 2539 3669 2601 ἐστιν,
3709 2537 3877 2590 Ἐπι-

2195 2619 2544 2685 κατάρατος,
2560 2619 2860 2687 ἐπήγαγεν,
2897 2620 3000 2672 Ἐν
3018 2619 3242 2685 λύπαις
3271 2617 3429 2687 φάγῃ
3447 2617 3642 2685 αὐτὴν
3661 2617 3877 2681 πάσας

2194 2703 2302 2764 τὰς
2328 2697 2551 2767 ἡμέρας
2580 2696 2690 2766 τῆς
2722 2697 2872 2765 ζωῆς
2895 2713 3032 2752 σου.
3067 2698 3212 2769 Ὅρα
3241 2697 3477 2769 ἐκάστην
3498 2697 3770 2768 τιμωρίαν
3791 2698 3876 2768 τῷ

2195 2779 2351 2833 αἰῶνι
2386 2779 2902 2851 παρεκτεινομένην,
2935 2781 3021 2834 ἵνα
3054 2779 3127 2851 μὴ
3152 2779 3312 2850 μόνον
3339 2779 3490 2832 αὐτοὶ
3511 2779 3874 2846 κερδάνωσιν,

2192 2858 2329 2914 ἀλλὰ
2356 2859 2450 2911 καί
2475 2860 2523 2912 οἰ
2549 2862 2627 2924 εἰς
2653 2859 2714 2912 τὸ
2744 2859 2871 2930 ἑξῆς
2898 2859 3180 2930 μέλλοντες
3200 2859 3442 2928 γίνεσθαι
3465 2859 3532 2912 δι’
3559 2858 3740 2912 αὐτῶν
3761 2861 3876 2911 τῶν

2194 2941 2537 3010 πραγμάτων
2561 2939 2939 3004 διδάσκωνται,
2972 2939 3136 2993 πόθεν
3158 2940 3342 3002 αὐτοῖς
3363 2939 3431 2992 τὰ
3467 2939 3566 3010 τῆς
3595 2939 3879 3010 τιμωρίας

2194 3018 2397 3089 ταύτης
2429 3018 2643 3089 ἐπήχθη
2663 3035 2676 3048 ·
2709 3020 2812 3074 Ἐν
2829 3021 3070 3086 λύπαις,
3093 3021 3247 3091 φησὶ,
3265 3017 3425 3088 φάγῃ
3453 3018 3648 3086 αὐτὴν
3663 3019 3876 3084 πάσας

2194 3098 2301 3164 τὰς
2318 3098 2542 3168 ἡμέρας
2562 3097 2669 3167 τῆς
2697 3098 2844 3168 ζὶοῆς
2871 3115 3009 3154 σου.
3034 3097 3168 3152 Εἶτα
3185 3098 3571 3170 ἀκριϐέστερον
3597 3097 3877 3150 διδάσκων

2193 3178 2292 3248 τῆς
2324 3179 2567 3249 κατάρας
2606 3182 2666 3232 τὸ
2689 3176 2847 3244 εἶδος,
2885 3180 2980 3233 καὶ
3028 3181 3128 3251 τῆς
3167 3178 3348 3251 λύπης
3382 3179 3482 3250 τὴν
3527 3178 3728 3239 αἰτίαν,
3772 3181 3878 3230 ἐπι

2194 3258 2422 3328 ήγαγεν·
2465 3258 2756 3325 Ἀκάνοας
2789 3260 2885 3312 καὶ
2913 3260 3228 3327 τριϐόλους
3256 3258 3535 3312 ἁνατελεῐ
3561 3274 3678 3311 σοι.
3735 3257 3876 3311 Ἰδοὺ

2192 3339 2292 3407 τῆς
2323 3337 2568 3407 κατάρας
2589 3337 2657 3391 τὰ
2682 3339 3069 3408 ὑπομνήματα.
3111 3337 3398 3399 Ἀκάνθας,
3427 3338 3614 3407 φησὶν,
3641 3335 3877 3389 ἐκδώσει

2194 3416 2289 3468 καί.
2325 3416 2602 3487 τριϐόλους
2620 3435 2634 3448 ·
2666 3415 2805 3470 ὥστε
2840 3416 3004 3470 πολὺν
3031 3417 3120 3469 τὸν
3150 3416 3309 3469 πόνον
3339 3416 3430 3469 καὶ
3461 3416 3558 3486 τὴν
3588 3416 3876 3469 ταλαιπω-

2199 3496 2318 3566 ρίαν
2369 3497 2733 3568 ἐργάσασθαι,
2784 3498 2878 3551 καὶ
2932 3496 3069 3567 μετά
3117 3495 3295 3567 λύπης
3329 3496 3507 3550 πάντα
3535 3496 3627 3548 τὸν
3677 3497 3877 3567 χρόνον

2193 3577 2400 3645 διάγειν
2427 3593 2487 3629 σε
2518 3578 2750 3648 ποιήσω,
2781 3578 2867 3629 ἵνα
2887 3577 3045 3630 τοῦτο
3070 3576 3283 3645 χαλινός
3313 3592 3393 3628 σοι
3417 3575 3642 3644 γένηται
3673 3575 3768 3626 τοῦ
3797 3577 3875 3646 μὴ

2197 3655 2336 3727 ὑπὲρ
2367 3667 2388 3694 ο
2423 3655 2579 3722 ἀξίαν
2606 3656 3005 3725 φαντάζεσθαι,
3041 3655 3180 3709 άλλά
3217 3655 3483 3725 διηνεκῶς
3514 3655 3644 3727 ἔχῃς
3668 3656 3876 3708 ἐννοεῖν

2195 3738 2293 3809 τὴν
2315 3739 2511 3792 σαυτοῦ
2537 3737 2742 3802 οὐσίαν,
2770 3738 2864 3790 καὶ
2895 3737 3162 3808 μηδέποτε
3184 3737 3394 3806 ἀνάσχῃ
3415 3735 3636 3789 τοιαῦτα
3658 3735 3878 3805 ἀπατη-

2197 3818 2376 3887 θῆναι.
2406 3818 2514 3872 Καί
2547 3817 2708 3887 φάγῃ
2741 3817 2847 3870 τὸν
2884 3817 3102 3886 χόρτον
3129 3817 3236 3870 τοῦ
3275 3815 3480 3884 ἀγροῦ.
3539 3816 3640 3868 Ἐν
3672 3812 3878 3882 ἱδρῶτι

2197 3899 2304 3953 τοῦ
2342 3897 2666 3966 προσώπου
2691 3914 2808 3950 σου
2834 3896 2993 3965 φάγῃ
3030 3896 3137 3949 τόν
3167 3895 3350 3963 ι’ἱρτον
3380 3910 3518 3948 σου.
3562 3895 3703 3964 Ὅρα
3755 3894 3878 3957 πῶς

2197 3977 2525 4041 ἀπεναντίας
2545 3977 2642 4046 τῆς
2678 3978 2952 4048 προτέρας
2981 3976 3256 4046 διαγωγῆς
3309 3974 3376 4026 τά
3408 3975 3544 4043 μετᾶ
3567 3976 3666 4044 τὴν
3693 3991 3879 4044 παρα-

2205 4060 2336 4130 κοήν
2373 4059 2588 4112 ἅπαντα
2615 4057 2762 4127 αὐτῷ
2801 4057 3035 4130 ἐπήχθη.
3085 4057 3228 4126 Ἐγὼ
3281 4057 3378 4127 μὲν
3405 4056 3536 4126 γάρ,
3569 4057 3724 4125 φησὶ,
3763 4072 3877 4108 πα-

2203 4136 2457 4208 ραγαγών
2492 4154 2550 4190 σε
2576 4139 2656 4200 εἰς
2685 4136 2836 4190 τόνδε
2859 4138 2948 4190 τὸν
2975 4139 3176 4207 κόσμον
3209 4136 3516 4206 ἠϐουλήθην
3539 4134 3666 4188 ἄνευ
3694 4134 3879 4204 λύπης

2199 4219 2294 4270 καὶ
2329 4216 2542 4287 μόχθων
2575 4217 2670 4269 καὶ
2694 4217 3067 4289 ταλαιπωρίας
3111 4218 3205 4270 καὶ
3229 4218 3358 4270 ἄνευ
3394 4216 3631 4287 ἱδρώτων
3663 4215 3878 4282 διάγειν

2201 4314 2286 4362 σε,
2306 4298 2399 4350 καὶ
2427 4299 2483 4350 ἐν
2505 4295 2802 4350 ἀπολαύσει
2840 4292 2976 4349 εἶναι
3006 4297 3098 4349 καὶ
3129 4295 3418 4367 εὐημερίᾳ,
3452 4294 3544 4347 καὶ
3585 4293 3720 4365 μηδέ
3749 4297 3877 4357 ταῖς

2198 4375 2294 4429 τοῦ
2331 4373 2581 4445 σώματος
2607 4375 2873 4443 ἀνάγκαις
2896 4374 3235 4436 ὑποκεῖσθαι,
3261 4375 3397 4426 ἀλλὰ
3418 4374 3632 4426 πάντων
3665 4373 3880 4424 τούτων

2200 4453 2566 4525 ἀπηλλάχθαι,
2595 4455 2687 4507 καὶ
2705 4456 2762 4506 ἐν
2791 4454 3074 4525 ἐλευθερία
3096 4452 3285 4526 πάσηά
3303 4454 3612 4523 τυγχάνειν.
3652 4452 3878 4521 Ἐπειδὴ

2200 4534 2255 4586 δέ
2285 4534 2382 4587 οὐκ
2411 4534 2587 4602 ὤνησέ
2612 4550 2670 4585 σε
2701 4535 2733 4603 ἡ
2763 4533 2998 4601 τοσαύτη
3024 4532 3195 4596 ἄδεια,
3221 4533 3308 4585 διά
3342 4533 3498 4585 τοῦτο
3528 4531 3619 4584 καὶ
3642 4532 3744 4602 τὴν
3768 4531 3878 4600 γῆν

2201 4615 2602 4685 καταράσομαι,
2639 4611 2779 4665 ὥστε
2811 4612 2884 4683 μὴ
2915 4615 3170 4681 ἄσπαρτά
3203 4629 3283 4665 σοι
3311 4612 3406 4666 καὶ
3443 4612 3680 4682 ἀνήροτα
3705 4653 3720 4674 ,
3769 4629 3877 4664 κα-

2201 4692 2378 4762 θάπερ
2409 4693 2709 4762 πρότερον,
2757 4691 2828 4743 τά
2857 4691 2917 4754 ἐξ
2968 4693 3140 4762 αὐτῆς
3187 4693 3544 4760 ἀναδιδόμενα
3586 4692 3874 4760 παρέχειν,

2201 4772 2338 4824 ἀλλὰ
2372 4772 2463 4824 καὶ
2493 4773 2627 4840 μετὰ
2654 4771 2849 4824 πολλοῦ
2879 4771 2972 4824 τοῦ
3003 4772 3184 4833 πόνου,
3209 4773 3303 4824 καὶ
3329 4771 3424 4824 τοῦ
3457 4770 3656 4841 μόχθου
3688 4771 3875 4842 [148],

2201 4851 2296 4903 καὶ
2333 4852 2429 4920 τῆς
2458 4851 2851 4921 ταλαιπωρίας.
2881 4852 2975 4904 καὶ
2997 4851 3193 4914 λύπαις
3224 4868 3284 4903 σε
3311 4851 3582 4920 διηνεκέσι
3617 4851 3710 4902 καὶ
3741 4852 3879 4903 ἀθυ-

2205 4930 2354 4998 μίαις
2388 4942 2410 4967 ε
2460 4931 2757 5001 περιϐαλῶ,
2805 4933 2898 4984 καὶ
2933 4931 3068 5001 μετά
3101 4930 3340 5002 ἱδρώτων
3374 4932 3550 4984 πάντα
3586 4947 3646 4980 σε
3679 4947 3880 4999 κατορ-

2202 5008 2329 5061 θοῦν
2354 5011 2759 5079 παρασκευάσω
2791 5011 2879 5064 ἴνα
2915 5009 3124 5073 τούτοις
3180 5009 3498 5079 πιεζόμενος
3549 5008 3679 5078 ἔχῃς
3729 5009 3876 5061 διδα-

2204 5087 2428 5140 σκαλίαν
2471 5087 2694 5157 διηνεκῆ
2731 5087 2822 5140 τοῦ
2870 5089 3203 5159 μετριάζειν,
3235 5089 3329 5142 καὶ
3357 5089 3456 5158 τὴν
3484 5089 3678 5140 ἐαυτοῦ
3711 5089 3877 5158 φύσιν

2201 5167 2600 5234 ἐπιγινώσκειν.
2617 5169 2726 5222 Καὶ
2750 5167 2908 5222 τοῦτο
2927 5170 2988 5220 οὐ
3008 5169 3141 5239 πρὸς
3159 5168 3336 5236 ὀλίγον
3353 5170 3471 5222 ούδέ
3500 5169 3639 5239 πρὸς
3667 5169 3879 5239 βραχὺν

2203 5248 2391 5318 χρόνον
2423 5247 2598 5311 ἔσται,
2626 5247 2762 5300 ἀλλά
2790 5249 2954 5300 παντὶ
2983 5247 3060 5317 τῷ
3084 5249 3183 5316 τῆς
3207 5247 3354 5317 ζωῆς
3381 5247 3556 5317 χρόνῳ
3594 5265 3879 5317 παρεκτα-

2203 5328 2444 5394 θήσεται.
2496 5327 2591 5379 Ἐν
2628 5325 2824 5394 ἱδρῶτι
2871 5326 2982 5395 γὰρ
3027 5325 3135 5379 τοῦ
3183 5327 3508 5393 προσώπου
3542 5343 3660 5379 σου
3712 5328 3879 5395 φάγῃ

2200 5407 2307 5459 τὸν
2333 5406 2515 5474 ἄρτον
2541 5423 2678 5469 σου,
2707 5407 2818 5472 ἕως
2832 5406 2936 5460 τοῦ
2968 5407 3347 5474 ἀποστρέψαι
3385 5423 3459 5460 σε
3491 5408 3578 5466 εἰς
3598 5408 3717 5470 τὴν
3738 5407 3875 5474 γῆν,

2201 5487 2270 5550 ἐξ
2305 5483 2378 5556 ἧς
2427 5487 2697 5555 ἐλήφθης
2721 5505 2734 5518 ·
2775 5487 2864 5539 ὅτι
2895 5485 2973 5556 γῆ
3004 5483 3077 5551 εἴ,
3134 5487 3234 5542 καί
3269 5489 3358 5552 εἰς
3399 5483 3514 5554 γῆν
3531 5488 3878 5557 άπελεύσῃ.

2261 5644 2291 5684 ι)
2323 5645 2553 5707 Ὠφέλησέ
2578 5660 2623 5692 τι
2641 5647 2784 5696 deest
2807 5645 2855 5695 in
2878 5647 3072 5706 Morel.,
3089 5647 3175 5694 sed
3197 5647 3248 5694 in
3273 5645 3382 5693 aliis
3403 5644 3599 5707 legitur.
3630 5643 3740 5692 Mox
3767 5658 3879 5705 qm-

2199 5707 2313 5757 dam
2339 5706 2455 5755 mss.
2483 5715 2534 5755 el
2559 5710 2708 5756 bavil.
2735 5711 2798 5769 μὴ
2829 5709 3050 5756 δύνασθαι
3078 5709 3143 5763 εἰς
3163 5707 3399 5762 τοσαύτην
3423 5706 3611 5769 κακίαν.
3638 5710 3792 5754 SaVil.
3815 5720 3875 5753 ex

2201 5771 2478 5830 gonjectura
2504 5767 2744 5830 βλακείαν,
2774 5773 2851 5818 cui
2878 5771 3079 5818 lectioni
3096 5782 3383 5830 congruere
3413 5767 3605 5815 videtur
3628 5769 3878 5828 interpres

2208 5827 2412 5890 Latinus
2457 5827 2616 5886 vétus,
2661 5831 2744 5890 qui
2791 5835 2936 5880 vertit
2971 5827 3236 5881 ηιοίιίιὲεηῐ.
3307 5834 3328 5860 ο
3357 5830 3482 5887 Reg.
3508 5842 3635 5875 unus
3657 5831 3716 5876 τὰ
3744 5827 3875 5888 ὑπὲρ.

2209 5886 2234 5924 ά
2262 5892 2401 5953 Ilia-5
2425 5894 2563 5942 deest
2587 5896 2634 5940 in
2664 5886 2932 5956 Regium.
3005 5907 3025 5934 ο
3064 5894 3155 5944 Καὶ
3182 5893 3394 5956 ἀθυμίας
3417 5886 3553 5940 abest
3577 5905 3601 5938 a
3629 5891 3750 5953 Reg.
3783 5886 3878 5939 uno

2210 5957 2358 6008 Saxll.
2387 5956 2510 6003 male
2540 5955 2806 6020 ῥᾳθυμίαις)
