4038 6394
322 327 424 382 ηδ

318 451 370 496 et
395 440 550 506 cujus
589 449 794 497 natura:
822 444 1090 515 particeps
1108 487 1123 510 ,
1166 454 1225 501 et
1248 456 1468 517 propter
1491 466 1650 520 quem
1678 450 1907 507 formata

319 549 410 600 es,
441 534 862 591 familiaritatem
891 553 1011 592 cum
1039 549 1290 608 serpente
1335 541 1473 596 mala
1502 543 1588 597 illa
1615 544 1782 600 bestia
1813 544 1910 600 ha-

320 624 446 680 here
471 667 487 690 ,
537 634 593 681 et
619 627 737 697 ejus
761 629 1008 698 accipere
1035 631 1314 686 consilium
1340 634 1554 689 voluisti
1583 652 1596 688 :
1629 647 1913 707 propterea

318 717 544 783 posthac
569 717 644 772 illi
672 726 724 772 te
747 718 996 788 subjicio,
1025 730 1080 775 et
1109 721 1257 776 illum
1283 722 1559 779 dominum
1589 734 1739 782 tuum
1765 743 1915 784 asse-

320 822 412 870 ro,
459 816 522 862 ut
564 807 706 864 illius
751 810 957 866 scilicet
996 811 1294 868 dominium
1339 830 1598 886 agnoscas
1639 835 1655 872 :
1695 828 1750 873 et
1789 821 1912 891 quia

319 899 593 954 nescivisti
642 900 945 972 imperare,
993 903 1140 959 disce
1187 905 1326 962 bene
1373 923 1583 977 parcre.
1626 911 1707 964 Ad
1751 912 1912 966 virum

319 991 462 1044 enim
498 1001 639 1045 tuum
661 1032 678 1059 ,
712 994 902 1064 inquit,
931 999 1188 1050 conversio
1215 1008 1302 1051 tua
1322 1040 1338 1064 ,
1370 1010 1418 1053 et
1441 1001 1549 1070 ipse
1573 1001 1914 1058 dominabitur

321 1081 410 1134 tui.
443 1082 632 1138 Melius
659 1094 744 1140 est
773 1095 830 1140 ut
861 1095 916 1140 tu
955 1088 1055 1142 sub
1082 1089 1174 1145 illo
1203 1090 1311 1154 sis,
1359 1101 1414 1146 et
1455 1093 1602 1148 illum
1636 1094 1910 1151 dominum

324 1173 541 1240 habeas,
589 1191 748 1246 quam
795 1179 963 1234 libere
1007 1189 1063 1236 et
1101 1196 1223 1236 cum
1271 1193 1536 1253 potestate
1583 1187 1766 1243 vivens
1815 1206 1913 1259 per

321 1266 613 1335 lmecipitia
640 1267 848 1324 feraris.
875 1270 1008 1326 Nam
1038 1280 1094 1328 et
1120 1289 1259 1345 equo
1283 1277 1463 1332 utilius
1487 1288 1570 1334 est
1595 1282 1746 1335 freno
1773 1284 1907 1352 regi,

317 1367 371 1412 ct
397 1361 698 1429 composite
723 1365 1009 1434 progredi,
1043 1382 1200 1436 quam
1231 1370 1347 1425 sine
1377 1370 1470 1426 illo
1499 1387 1594 1442 per
1617 1375 1910 1444 prmcipitia

317 1447 464 1504 ferri.
503 1451 686 1523 Itaque
713 1454 1062 1512 considerans
1087 1459 1212 1528 quid
1251 1460 1343 1515 tibi
1373 1463 1443 1516 sit
1468 1463 1631 1530 utile,
1659 1465 1725 1520 ad
1757 1466 1908 1521 illum

317 1553 371 1598 te
392 1544 593 1600 habere
612 1548 736 1602 volo
758 1550 1166 1606 conversionem
1193 1570 1205 1606 :
1234 1553 1371 1608 sicut
1391 1557 1631 1625 corporis
1651 1567 1733 1613 est
1752 1567 1911 1630 caput

313 1639 490 1708 sequi,
520 1648 576 1694 et
603 1639 900 1696 dominiutn
928 1643 1047 1712 ejus
1070 1647 1306 1701 suaviter
1329 1663 1638 1717 agnoscere.
1666 1651 1789 1707 Scio
1812 1669 1910 1710 vos

313 1727 584 1784 dictorum
606 1733 761 1802 copia
790 1733 995 1804 fatigari
1022 1752 1036 1799 ;
1065 1736 1160 1791 sed
1182 1738 1488 1794 excitemini
1516 1742 1907 1812 aliquantulum

311 1839 443 1896 oro,
474 1839 544 1878 ne
573 1824 949 1895 imperfectum
993 1828 1252 1898 judicium
1298 1833 1663 1903 relinquamus
1683 1876 1701 1903 ,
1734 1855 1908 1909 neque

309 1915 501 1970 relicto
542 1916 719 1973 adhuc
759 1919 941 1988 judice
978 1923 1205 1979 sedente
1231 1925 1566 1985 discedamus
1596 1949 1610 1984 :
1642 1931 1905 2003 siquidem

310 2003 482 2059 lenne
512 2007 579 2060 ad
608 2006 769 2063 linem
803 2014 1162 2078 pervenimus.

381 2097 435 2151 9.
477 2096 767 2157 Videamus
809 2103 990 2174 itaque
1031 2107 1162 2176 quid
1199 2119 1322 2178 post
1361 2125 1664 2169 sermonem
1692 2115 1903 2172 mulieri

309 2186 548 2256 factum,
598 2193 716 2248 viro
761 2195 942 2264 dicat,
994 2209 1047 2253 et
1091 2216 1249 2271 quam
1299 2203 1375 2259 illi
1420 2221 1634 2276 pinnam
1679 2208 1899 2280 inﬂigat.

317 2281 399 2336 Π.
435 2283 564 2337 Adae
590 2295 760 2341 autem
786 2288 916 2343 dixit
942 2306 961 2344 :
987 2292 1118 2358 Quia
1159 2296 1348 2351 audisti
1374 2313 1541 2352 vocem
1578 2301 1752 2356 uxoris
1785 2314 1906 2366 tuac.

307 2383 351 2426 et
377 2377 644 2432 comedisti
679 2380 744 2433 de
771 2380 910 2450 ligno
929 2425 943 2447 ,
991 2385 1056 2438 de
1097 2403 1198 2457 quo
1233 2389 1471 2444 mandavi
1500 2393 1589 2446 tibi
1611 2435 1628 2460 ,
1674 2404 1729 2448 ut
1755 2412 1817 2449 ea:
1843 2411 1903 2450 eo

305 2472 415 2523 solo
443 2488 546 2526 non
585 2475 841 2541 comedas,
887 2477 952 2531 de
994 2478 1085 2532 illo
1129 2482 1242 2550 ipso
1285 2485 1590 2551 comedtsti;
1633 2489 1902 2545 maledicta

308 2572 441 2615 terra
467 2563 519 2616 in
546 2566 784 2632 aperibus
808 2569 926 2622 tuis.
960 2567 1025 2623 In
1048 2573 1288 2627 (erumnis
1311 2576 1541 2631 comedas
1567 2577 1712 2632 illam
1736 2583 1901 2636 omni-

307 2651 399 2707 bus
419 2653 595 2709 diebus
615 2657 730 2711 vitae
749 2667 869 2713 tute.
897 2659 984 2715 18.
1010 2661 1206 2732 Spinas
1229 2673 1276 2718 et
1300 2664 1507 2721 tributos
1529 2669 1616 2722 tibi
1635 2672 1895 2740 producet,

305 2754 354 2798 et
377 2746 608 2801 comedes
632 2748 824 2817 {mnum
851 2752 983 2822 agri.
1016 2753 1104 2807 l9.
1129 2753 1198 2809 In
1223 2757 1409 2812 sudore
1431 2761 1582 2830 faciei
1611 2773 1710 2817 tua:
1734 2780 1900 2819 vesce-

302 2836 373 2890 ris
403 2855 534 2906 pane
567 2848 654 2894 tuo
676 2881 694 2907 ,
740 2841 900 2897 donec
943 2848 1207 2901 revertaris
1252 2856 1307 2902 tu
1349 2849 1402 2903 in
1431 2860 1649 2922 terram,
1693 2854 1756 2910 de
1797 2872 1897 2926 qua

301 2939 532 2999 sumptus
555 2949 609 2986 es
632 2948 654 2986 :
681 2935 800 3005 quia
830 2945 964 2992 terra
981 2954 1055 3005 es,
1087 2949 1132 2994 et
1157 2941 1212 2995 in
1238 2951 1424 2998 terram
1449 2945 1627 3002 abibis.
1659 2948 1894 3005 Plurima

300 3029 358 3074 et
385 3021 674 3080 inell‘abilis
702 3027 865 3082 etiam
894 3028 998 3084 hoc
1024 3030 1142 3086 loco
1170 3035 1469 3090 ostenditur
1493 3038 1702 3094 Domini
1729 3041 1742 3072 ¹
1767 3057 1892 3112 erga

302 3114 573 3171 hominem
604 3120 939 3188 providentia
968 3132 1021 3178 et
1047 3139 1172 3180 cura
1202 3143 1217 3179 :
1247 3127 1339 3182 sed
1367 3129 1644 3187 audiamus
1668 3133 1893 3204 diligen-

298 3217 383 3262 ter
425 3211 844 3282 unumquodque
887 3213 1176 3272 dictorum.
1206 3219 1334 3273 Adw
1360 3232 1525 3276 autem
1555 3223 1684 3278 dixit
1711 3241 1731 3279 :
1759 3225 1893 3290 Quia

294 3301 484 3356 audisti
509 3319 680 3358 vocem
709 3307 880 3360 uxoris
903 3317 1023 3372 tute,
1050 3319 1096 3363 ct
1121 3312 1382 3367 comedisti
1409 3314 1472 3368 de
1496 3317 1633 3386 ligno
1653 3358 1668 3384 ,
1701 3318 1762 3372 de
1790 3337 1890 3390 quo

296 3413 638 3468 prcccperam
680 3400 789 3468 tibi,
836 3411 892 3456 ut
921 3420 984 3458 ea:
1009 3420 1068 3457 eo
1095 3407 1204 3459 solo
1249 3423 1350 3460 non
1391 3410 1656 3476 comedas,
1698 3413 1762 3465 de
1800 3414 1889 3469 illo

291 3490 406 3555 ipso
440 3493 724 3546 comedisti.
758 3493 1058 3563 Quoniam,
1104 3497 1313 3568 inquit,
1359 3500 1558 3556 audisti
1607 3505 1885 3560 mulierem

293 3590 460 3650 tuam,
490 3593 550 3640 et
570 3586 851 3641 comedisti
881 3587 950 3644 de
979 3588 1123 3660 ligno
1143 3632 1160 3659 ,
1204 3600 1260 3647 et
1285 3594 1566 3649 consilium
1593 3596 1736 3654 illius
1765 3615 1887 3655 meo

292 3677 549 3732 mandato
571 3679 741 3749 pluris
771 3680 979 3748 fecisti,
1009 3694 1064 3739 et
1089 3684 1305 3740 noluisti
1333 3687 1403 3742 ab
1429 3689 1590 3744 unico
1617 3691 1719 3747 hoc
1744 3693 1885 3764 ligno

288 3767 580 3837 abstinere,
627 3771 695 3826 de
737 3788 845 3841 quo
874 3774 991 3829 solo
1020 3778 1251 3846 przecepi
1295 3779 1388 3834 tibi
1433 3796 1500 3834 ne
1527 3769 1882 3840 comederes:

291 3873 416 3913 unm
459 3861 556 3916 tibi
606 3864 834 3932 praecepi
872 3875 932 3920 ut
971 3881 1002 3919 a
1048 3867 1231 3924 multis
1269 3869 1610 3927 abstineres?
1649 3875 1732 3930 Ab
1773 3891 1883 3930 uno

289 3950 426 4017 solo,
451 3961 508 4006 et
534 3967 708 4022 neque
737 3956 806 4010 ab
837 3955 928 4010 illo
957 3957 1288 4024 abstinuisti,
1317 3961 1411 4016 sed
1438 3962 1634 4018 oblitus
1661 3967 1878 4021 manda-

291 4052 467 4097 torum
513 4061 754 4101 meorum
781 4091 796 4114 ,
846 4049 1058 4105 mulieri
1105 4051 1531 4122 obtemperasti:
1577 4055 1777 4113 idcirco
1821 4074 1879 4114 re

291 4135 398 4205 ipsa
426 4136 605 4194 disces
623 4180 639 4203 ,
667 4135 922 4210 quantum
953 4144 1152 4199 malum
1178 4144 1254 4200 sis
1287 4157 1555 4216 operatus.

359 4228 560 4284 Uxores
584 4231 705 4285 viris
731 4249 908 4301 parere
935 4234 1132 4289 debent.
1161 4267 1232 4276 -—
1256 4238 1490 4294 Audiant
1512 4241 1631 4305 viri,
1659 4242 1877 4299 audiant

285 4321 575 4390 mulieres,
608 4332 663 4378 et
692 4323 768 4378 illi
795 4325 1010 4395 quidem
1033 4369 1048 4393 ,
1080 4337 1137 4382 ut
1162 4344 1230 4384 ne
1260 4329 1432 4385 ferant
1456 4347 1548 4387 eas
1577 4335 1712 4389 mala
1741 4352 1875 4392 oon-

285 4414 560 4480 sulentes;
604 4414 688 4470 hac
731 4425 929 4483 autem,
979 4428 1035 4472 ut
1073 4435 1142 4476 ne
1171 4421 1294 4475 talia
1339 4424 1638 4479 consulant.
1668 4425 1798 4481 Nam
1828 4428 1873 4483 si

287 4503 370 4558 hic
397 4506 555 4574 culpa
587 4506 641 4561 in
669 4497 946 4564 mulierem
992 4510 1187 4580 rejecta
1208 4553 1224 4579 ,
1257 4513 1455 4569 nullam
1484 4517 1692 4572 veniam
1724 4535 1872 4576 asse-

281 4607 476 4665 quutus
517 4607 637 4662 est,
683 4600 894 4669 qualem
938 4601 1059 4672 quis
1098 4601 1320 4658 haberet
1345 4607 1554 4662 veniam
1579 4650 1595 4674 ,
1641 4609 1870 4666 dicens:

283 4687 511 4758 Propter
537 4705 757 4745 uxorem
789 4691 892 4748 hoc
916 4693 1102 4750 ethoc
1147 4697 1397 4764 peccavi,
1442 4707 1498 4753 ct
1540 4699 1642 4755 hoc
1679 4712 1733 4757 et
1770 4702 1874 4758 hoc

281 4781 424 4834 feci?
469 4781 549 4836 Ea
592 4784 735 4837 enim
763 4783 831 4838 de
874 4799 1032 4839 causa
1064 4786 1162 4841 sub
1193 4796 1279 4840 tua
1310 4799 1574 4858 potestate
1601 4791 1738 4847 facta
1766 4804 1867 4862 est,

281 4880 333 4925 et
361 4871 615 4927 dominus
642 4874 760 4944 cjus
801 4878 1176 4945 pronuntiatus
1215 4894 1309 4944 es,
1343 4889 1400 4934 ut
1424 4883 1512 4936 illa
1541 4883 1634 4938 tibi
1661 4894 1864 4953 pareat,

279 4973 331 5017 et
363 4979 470 5018 non
510 4974 671 5034 caput
700 4967 860 5034 pedes
902 4978 1171 5038 sequatur.
1205 4971 1397 5026 Verum
1429 4989 1534 5028 non
1573 4991 1694 5029 raro
1717 4977 1868 5032 vide-

282 5070 398 5109 mus
440 5059 767 5111 contrarium
811 5074 910 5114 usu
956 5063 1212 5130 evenire,
1258 5075 1313 5118 ut
1363 5066 1407 5119 is
1436 5066 1526 5136 qui
1557 5082 1656 5123 suo
1681 5070 1869 5126 ordine

279 5156 437 5216 caput
462 5163 585 5204 esse
609 5150 851 5217 deberet,
879 5169 1052 5223 neque
1079 5154 1270 5223 pedum
1297 5157 1538 5213 ordinem
1564 5171 1743 5217 servet
1769 5182 1781 5217 :
1813 5172 1868 5220 et

272 5251 335 5292 ea
385 5255 507 5308 qua:
536 5241 591 5294 in
637 5242 830 5311 pedum
880 5245 999 5299 loco
1041 5257 1144 5313 est,
1188 5248 1241 5302 in
1285 5259 1446 5318 caput
1486 5254 1869 5312 constituatur.

272 5330 471 5386 Idcirco
510 5340 566 5386 et
605 5333 793 5387 beatus
822 5333 1022 5390 Paulus
1065 5338 1320 5408 magister
1356 5341 1503 5397 orbis
1547 5343 1660 5398 huic
1685 5347 1864 5403 omnia

271 5423 566 5492 praevidens
595 5465 611 5490 ,
647 5424 948 5480 clamabat:
982 5426 1129 5481 Unde
1157 5445 1372 5500 namque
1399 5432 1497 5486 scis
1539 5435 1722 5489 mulier
1749 5479 1762 5503 ,
1796 5455 1864 5492 an
1917 5495 1922 5500 ,

271 5505 544 5563 rirum.‘sis
580 5516 838 5569 salvatura
860 5518 892 5570 ?
929 5529 1018 5570 aut
1046 5521 1131 5584 qui
1174 5521 1272 5575 scis
1301 5523 1375 5575 vir
1397 5564 1412 5590 ,
1458 5540 1523 5578 an
1553 5542 1759 5580 uxorem
1792 5529 1862 5583 sis

271 5599 569 5659 salvaturus
601 5608 682 5674 (Ι.
709 5608 828 5664 Cor.
859 5609 911 5662 7.
946 5610 1011 5672 16
1033 5610 1097 5679 )?
1126 5611 1505 5670 Verumtamen
1534 5615 1629 5673 viri
1655 5628 1737 5674 est
1753 5658 1778 5686 ,_
1804 5629 1861 5676 ut

337 5794 353 5824 ι
374 5790 428 5843 lu
451 5791 739 5850 quibusdam
763 5795 874 5848 Mss.
895 5811 1008 5862 vox,
1023 5793 1214 5848 Domini
1241 5793 1345 5859 (τοῦ
1378 5800 1840 5865 Δεσπότου),(ιρρει.

1423 330 1488 386 ΙΝ
1527 333 1678 390 CAP.
1722 335 1808 391 Ill.
1849 338 2091 395 GENES.
2135 339 2361 395 HOMIL.
2406 343 2564 399 XVII.

3505 359 3526 413 1
3540 359 3614 414 46

2025 453 2262 524 diligenti
2310 472 2474 528 opera
2522 462 2663 515 male
2706 464 3075 522 consulentem
3119 470 3384 540 repellat.
3415 475 3608 529 mulier

2023 561 2152 601 vero
2181 562 2394 619 semper
2434 551 2487 604 in
2521 554 2780 608 memoria
2807 556 3036 612 retineat
3062 561 3379 629 supplicium
3404 605 3420 628 ,
3462 567 3605 634 quod

2023 635 2151 692 Evze
2187 639 2476 710 irrogatum
2506 653 2621 708 est,
2667 661 2786 715 qua:
2831 648 3134 716 pestiferum
3166 651 3296 707 illud
3324 656 3603 714 consilium

2021 728 2137 783 viro
2166 742 2502 801 suggesserat
2533 751 2547 788 :
2580 751 2649 790 ne
2690 737 2887 793 audeat
2917 741 3037 794 talia
3067 743 3351 801 consulere
3373 787 3389 812 ,
3435 762 3609 817 neque

2021 819 2258 876 imitetur
2296 820 2462 878 Evam
2493 843 2506 879 :
2538 825 2634 881 sed
2678 827 2818 885 illius
2864 833 3109 902 exemplo
3139 837 3452 902 prudentior
3491 840 3606 905 fiat,

2020 921 2076 967 et
2105 913 2229 968 talia
2255 915 2518 981 consulat,
2545 933 2663 988 quae
2689 920 2859 991 ipsam
2888 932 2942 977 et
2968 925 3138 980 virum
3170 929 3312 982 omni
3345 915 3606 1000 supplicio

2020 1003 2305 1060 liberatura
2351 1007 2477 1061 sint.
2512 1009 2677 1065 Porro
2705 1013 2772 1068 ad
2805 1013 3101 1072 institutum
3147 1019 3448 1075 redeamus.
3483 1023 3615 1077 Adae

2019 1104 2185 1150 autem
2212 1097 2340 1151 dixit
2368 1098 2507 1154 Deus
2543 1118 2562 1154 :
2593 1103 2727 1170 Quia
2768 1105 2958 1160 audisti
2985 1124 3151 1162 vocem
3194 1113 3375 1166 uxoris-
3395 1123 3526 1177 tuw,
3567 1127 3615 1169 et

2018 1187 2278 1242 comedisti
2305 1191 2369 1245 de
2413 1191 2550 1261 ligno
2572 1235 2588 1259 ,
2633 1195 2696 1249 de
2722 1212 2821 1266 quo
2848 1200 3065 1268 praecepi
3108 1200 3203 1254 tibi
3233 1203 3296 1256 de
3322 1220 3379 1258 eo
3407 1206 3520 1258 solo
3553 1223 3616 1261 ne

2018 1279 2338 1346 comederes,
2382 1283 2446 1338 de
2489 1284 2580 1338 illo
2622 1287 2734 1356 ipso
2763 1289 3040 1344 comedisti.
3085 1292 3366 1359 Quoniam,
3412 1295 3613 1367 inquit,

2019 1379 2125 1428 tam
2151 1375 2426 1446 negligens
2452 1377 2595 1433 fuisti
2626 1379 2678 1434 in
2703 1380 3036 1438 observando
3065 1385 3313 1442 mandato
3339 1403 3480 1456 meo,
3511 1407 3605 1446 nev

2016 1479 2121 1534 que
2151 1465 2310 1522 timor
2339 1476 2390 1522 te
2416 1471 2674 1538 coercuit,
2704 1488 2876 1544 neque
2905 1475 3216 1544 przecedens
3242 1478 3620 1536 interminata).

2015 1556 2336 1615 calamitatis
2363 1576 2513 1616 esum
2561 1575 2972 1632 eonsequuturaa
3005 1568 3098 1624 tibi
3141 1569 3429 1642 quidquam
3476 1588 3602 1642 pro-

2015 1648 2134 1716 fuit,
2161 1651 2258 1708 sed
2283 1652 2336 1707 in
2368 1663 2566 1711 tantam
2595 1658 2882 1728 nequitiam
2911 1661 3224 1731 pervenisti,
3257 1664 3314 1719 tit
3338 1680 3511 1735 neque
3536 1667 3618 1721 abs

2016 1742 2175 1798 unico
2199 1742 2303 1801 hoc
2329 1745 2474 1816 ligno
2499 1748 2591 1804 tibi
2621 1755 3022 1821 temperaveris,
3055 1759 3266 1812 tametsi
3294 1767 3371 1812 tot
3399 1770 3454 1814 et
3483 1770 3603 1815 tan—

2014 1833 2084 1887 tis
2113 1834 2211 1890 tibi
2236 1834 2341 1892 frui
2369 1838 2559 1895 liccret-
2583 1859 2597 1896 :
2630 1842 2752 1898 ideo
2776 1844 3052 1901 Maledicta
3077 1849 3170 1902 erit
3196 1861 3332 1904 terra
3357 1851 3410 1905 in
3437 1855 3604 1921 operi-

2013 1925 2105 1979 bus
2144 1927 2265 1982 tuis.
2304 1929 2434 1986 Vide
2477 1931 2855 2005 benignitatem
2887 1938 3134 2004 Domini,
3179 1943 3449 2012 quomodo
3488 1959 3603 2000 ser-

2012 2027 2227 2086 pentem
2257 2024 2448 2092 punit,
2496 2027 2764 2096 quomodo
2810 2029 2938 2085 item
2983 2041 3059 2087 et-
3087 2033 3347 2090 rationale
3381 2036 3612 2091 animalu

2011 2108 2090 2165 Illi
2138 2112 2282 2168 enim
2324 2113 2460 2170 dixit
2491 2135 2503 2171 :
2535 2116 2840 2176 Maledictus
2882 2131 2937 2176 tu
2977 2123 3041 2178 de
3078 2132 3213 2179 terra
3249 2141 3268 2179 :
3297 2126 3384 2181 hic
3421 2136 3612 2183 autem-

2009 2217 2117 2257 non
2145 2205 2261 2272 sic;
2308 2206 2404 2261 sed
2431 2208 2602 2278 quid?
2629 2209 2908 2268 Maledicta
2945 2223 3080 2268 terra
3117 2216 3172 2270 in
3199 2217 3432 2287 operibus
3475 2221 3596 2276 tuis.

2009 2292 2078 2348 Et
2105 2295 2319 2352 merito.
2349 2297 2482 2352 Nam
2513 2300 2637 2370 quia
2665 2311 2885 2374 propter
2906 2303 3176 2362 hominem
3203 2309 3460 2378 producta
3491 2320 3596 2374 est,

2006 2395 2067 2441 ut
2095 2388 2186 2443 ille
2234 2400 2414 2460 posset
2459 2391 2564 2447 frui
2615 2393 2680 2450 iis
2712 2410 2833 2466 qua:
2879 2411 2948 2452 ex
2998 2412 3062 2453 ea
3106 2410 3443 2456 nascuntur:
3476 2403 3598 2458 ideo

2005 2477 2199 2534 iterum
2246 2490 2466 2551 propter
2507 2483 2778 2540 hominem
2829 2497 3136 2558 peccantem
3180 2492 3517 2548 maledictum
3546 2495 3596 2549 ei

2006 2568 2206 2625 inditur
2239 2573 2404 2642 :quia
2449 2575 2790 2632 maledictum
2830 2587 2988 2634 terrae
3026 2582 3313 2649 eveniens,
3361 2583 3595 2641 hominis

2003 2662 2278 2718 securitati
2307 2675 2362 2720 et
2390 2667 2553 2736 quieti
2582 2669 2755 2738 obest,
2790 2670 3102 2738 Maledicta,
3134 2673 3340 2744 inquit,
3380 2686 3513 2730 terra
3540 2679 3593 2732 in

2003 2753 2236 2824 aperibus
2265 2757 2382 2812 tuis.
2415 2757 2553 2812 Exin
2584 2769 2640 2815 ut
2679 2760 2947 2816 discamus
2991 2763 3117 2833 quid
3148 2765 3255 2832 sit,
3294 2765 3589 2826 Maledicta.

2001 2843 2180 2899 subdit
2208 2863 2222 2899 :
2246 2845 2315 2901 In
2343 2847 2599 2904 doloribus
2625 2852 2856 2908 comedes
2884 2869 2998 2908 eam
3021 2857 3250 2909 omnibus
3280 2857 3452 2912 diebus
3477 2860 3590 2913 vita!

2000 2945 2122 2990 tute.
2147 2937 2276 2994 Vide
2298 2955 2725 3013 unamquamque
2746 2959 2959 3014 poenam
2983 2946 3038 3000 in
3067 2947 3260 3002 szrcula
3285 2949 3586 3014 durantem,

2001 3038 2058 3083 ut
2086 3046 2190 3085 non
2223 3032 2394 3088 solum
2436 3033 2541 3090 illis
2571 3034 2621 3090 id
2651 3036 2780 3090 utile
2808 3037 2909 3104 sit,
2954 3037 3048 3093 sed
3077 3049 3131 3094 et
3158 3041 3356 3108 posteri
3398 3042 3602 3098 iisdem

1998 3120 2158 3178 rebus
2184 3122 2509 3192 doceantur,
2544 3125 2685 3182 unde
2726 3127 2832 3183 illis
2879 3127 2996 3184 haec
3031 3130 3290 3201 supplicia
3335 3141 3459 3187 sunt
3503 3133 3588 3188 in-

1997 3225 2147 3270 vecta
2184 3235 2197 3271 :
2233 3215 2302 3271 In
2343 3217 2640 3290 doloribus,
2686 3221 2888 3291 inquit,
2932 3222 3161 3278 comedas
3202 3239 3314 3277 eam
3357 3225 3586 3279 omnibus

1996 3308 2170 3363 diebus
2195 3310 2310 3365 vita:
2337 3321 2456 3365 tute.
2503 3311 2695 3368 Postea
2739 3313 3046 3384 diligentius
3073 3314 3272 3370 docens
3315 3316 3614 3372 maledicti-

1993 3401 2227 3471 speciem
2255 3411 2310 3458 et
2335 3403 2540 3460 doloris
2565 3420 2804 3474 causam,
2837 3407 3016 3462 subdit
3042 3425 3057 3461 :
3084 3407 3277 3480 Spinas
3302 3419 3347 3462 et
3375 3410 3585 3464 tribulos

1995 3492 2084 3546 tibi
2113 3494 2374 3563 producet.
2405 3495 2546 3552 Ecce
2570 3497 2838 3552 maledicti
2878 3500 3223 3555 monimenta.
3257 3500 3466 3570 Spinas,
3499 3503 3581 3556 in-

1991 3585 2145 3652 quit,
2175 3593 2232 3639 et
2258 3585 2484 3641 tribulos
2522 3587 2759 3657 proferet
2798 3598 2936 3644 terra
2966 3608 2981 3644 :
3014 3591 3190 3661 itaque
3219 3593 3399 3668 multis
3430 3593 3580 3647 labo-

1990 3675 2135 3732 ribus
2165 3687 2218 3732 et
2245 3678 2500 3734 aerumnis
2536 3680 2864 3750 operandam
2908 3682 3044 3749 tibi,
3073 3692 3127 3737 et
3152 3683 3296 3737 omni
3341 3694 3580 3754 tempore

1988 3782 2108 3820 cum
2141 3768 2350 3823 tristitia
2386 3771 2565 3827 vivere
2607 3779 2659 3827 te
2702 3772 2932 3840 curabo,
2977 3781 3035 3828 ut
3080 3772 3184 3829 hoc
3227 3773 3323 3828 tibi
3371 3776 3577 3831 frenum

1988 3858 2077 3921 sit,
2107 3873 2174 3913 ne
2199 3859 2326 3929 quid
2352 3875 2511 3930 supra
2534 3861 2845 3931 dignitatem
2875 3863 2943 3918 de
2974 3872 3025 3919 te
3048 3864 3247 3919 sentias
3277 3883 3291 3919 :
3323 3865 3417 3920 sed
3447 3881 3577 3921 con-

1988 3952 2136 4006 tinuo
2165 3952 2367 4023 cogites
2397 3964 2541 4008 tuam
2592 3954 2758 4025 ipsius
2797 3955 3148 4011 substantiam
3174 3997 3190 4020 ,
3238 3973 3409 4026 neque
3436 3958 3576 4012 feras

1986 4052 2044 4098 ut
2072 4043 2296 4114 posthac
2326 4046 2405 4100 sic
2429 4045 2731 4115 decipiaris.
2765 4047 2832 4100 Et
2860 4047 3087 4102 comedes
3113 4052 3302 4118 [mnum
3329 4051 3459 4120 agri.
3505 4049 3574 4102 In

1985 4136 2174 4191 sudare
2211 4137 2358 4207 faciei
2383 4147 2484 4192 tua:
2512 4140 2722 4193 vesceris
2761 4155 2890 4208 pane
2916 4148 3024 4193 tuo.
3060 4138 3438 4195 Animadverte
3465 4156 3572 4210 quo

1982 4238 2139 4296 pacto
2168 4237 2288 4298 post
2328 4229 2741 4285 inobedientiam
2769 4230 2948 4284 omnia
2993 4231 3315 4300 contigerint
3357 4242 3571 4285 contra-
3601 4265 3638 4271 --

1978 4319 2065 4375 ria
2090 4319 2259 4389 priori.
2282 4321 2404 4376 vita:
2432 4321 2746 4376 conditioni.
2778 4322 2890 4392 Ego
2915 4321 3127 4388 quidem
3149 4363 3167 4389 ,
3207 4322 3373 4393 inquit
3399 4365 3416 4390 ,
3448 4339 3569 4378 eum
3594 4360 3597 4362 -

1981 4410 2034 4465 in
2066 4411 2216 4467 hunc
2239 4421 2290 4468 te
2318 4413 2575 4467 mundum
2607 4412 2856 4482 produxi,
2879 4411 3124 4467 volebam
3152 4421 3206 4468 te
3225 4412 3417 4484 degere
3445 4414 3572 4469 abs-

1978 4516 2083 4570 que
2108 4501 2403 4569 doloribus,
2433 4502 2736 4567 laboribus,
2763 4502 3050 4558 sudoribus
3070 4544 3086 4567 ,
3113 4513 3166 4559 et
3193 4505 3446 4558 aerumnis
3468 4545 3483 4570 ,
3516 4514 3571 4560 et

1979 4593 2420 4649 omnifelicitate
2457 4593 2582 4660 frui,
2623 4609 2798 4664 neque
2840 4595 3208 4664 corporalibus
3237 4597 3568 4650 necessitati-

1976 4683 2078 4738 bus
2103 4683 2404 4739 obnoxium.
2433 4699 2587 4751 esse,
2620 4684 2714 4740 sed
2741 4683 2812 4739 ab
2835 4683 3085 4739 omnibus
3113 4685 3220 4739 illis
3252 4699 3476 4738 vacumn
3512 4686 3566 4739 in

1976 4775 2121 4829 omni
2171 4775 2416 4830 libertate
2456 4775 2678 4830 versari.
2725 4775 2857 4842 Quia
2897 4789 3026 4829 vero
3071 4789 3177 4829 non
3223 4774 3422 4842 profuit
3471 4775 3562 4830 tibi

1977 4875 2125 4920 tanta
2154 4869 2433 4931 securitas,
2461 4877 2747 4936 eapropter
2773 4877 2828 4921 et
2851 4874 3009 4921 terra:
3037 4864 3371 4930 maledicam,
3407 4866 3475 4919 ita
3507 4878 3565 4921 ut

1974 4958 2177 5028 absque
2197 4960 2416 5014 satione
2436 4968 2490 5014 et
2517 4960 2758 5014 aratione
2783 4973 2888 5014 non
2927 4958 3156 5028 proferat
3182 4973 3308 5012 suos
3338 4959 3563 5024 fructus,

1974 5050 2112 5105 sicut
2138 5058 2294 5106 antea
2314 5066 2340 5103 .:
2373 5050 2468 5105 sed
2497 5061 2551 5105 et
2578 5064 2698 5104 eum
2729 5050 2899 5103 multo
2939 5048 3122 5103 labore
3142 5089 3157 5113 ,
3186 5047 3446 5104 molestiis
3465 5089 3480 5114 ,
3507 5057 3562 5104 et

1975 5144 2252 5210 aerumnis,
2273 5142 2502 5198 afﬁciam
2528 5152 2580 5197 te
2603 5142 2896 5208 doloribus,
2925 5151 2980 5196 et
3004 5141 3272 5196 coutinuis
3293 5139 3560 5212 fatigatioo

1973 5236 2130 5291 nibus
2158 5253 2173 5290 :
2203 5235 2431 5292 efﬁciam
2464 5236 2590 5290 item
2619 5243 2677 5290 ut
2703 5233 2834 5288 nihil
2871 5248 3189 5304 promoveas
3223 5234 3428 5304 absque
3464 5250 3557 5288 sn-

1970 5329 2226 5396 doribus;
2275 5339 2333 5384 ut
2380 5328 2464 5383 his
2506 5327 2857 5392 exercitatus,
2906 5335 3215 5397 perpetuam
3258 5327 3557 5381 doctrinam

1971 5421 2167 5478 habeas
2187 5422 2427 5478 modeste
2437 5421 2650 5492 agendi,
2671 5429 2918 5489 tuamque
2953 5421 3116 5490 ipsius
3137 5429 3380 5474 naturam
3398 5433 3554 5492 agno.
3598 5489 3601 5492 _

1969 5515 2173 5584 secndi.
2203 5513 2390 5584 Neque
2413 5513 2514 5567 hoc
2538 5511 2604 5567 ad
2627 5511 2893 5567 modicum
2916 5520 2972 5568 et
2999 5511 3159 5566 breve
3191 5521 3400 5582 tempus
3428 5511 3551 5570 erit,

1966 5606 2060 5662 sed
2085 5581 2231 5661 omni
2265 5581 2500 5676 tempore
2519 5605 2645 5660 vitm
2664 5604 2915 5659 durabit:
2944 5601 3004 5656 In
3029 5603 3213 5658 sudore
3236 5603 3377 5658 enim
3403 5603 3570 5671 faciei:

1968 5711 2068 5756 tute
2091 5701 2301 5754 vesceris
2342 5715 2472 5769 pane
2500 5709 2622 5767 tuo,
2653 5698 2811 5753 donec
2852 5697 3115 5752 revertaris
3161 5707 3214 5748 tu
3244 5696 3298 5748 in
3338 5705 3546 5757 terram,

1966 5798 2029 5853 de
2063 5814 2162 5870 qua
2187 5808 2428 5875 sumptus,
2453 5812 2549 5858 es:
2575 5798 2691 5872 quia
2720 5806 2854 5851 terra
2880 5809 2931 5857 es
2952 5834 2970 5861 ,
3005 5801 3052 5848 et
3076 5789 3584 5858 interramabibit...
