4038 6394
401 314 504 374 H7

399 431 525 487 ila-c
553 432 841 488 sustinebis
868 446 1037 503 usque
1066 432 1132 487 ad
1163 433 1323 487 finem
1351 431 1473 487 vitae
1503 442 1628 496 tute,
1654 442 1709 486 et
1733 430 1904 486 donec
1932 429 1983 485 in

400 524 546 579 illam
580 525 859 580 resolvaris
886 565 900 590 ,
933 540 998 579 ex
1027 539 1130 594 qua
1174 525 1431 579 formatus
1456 537 1535 580 es.
1578 521 1708 577 Nam
1744 520 1987 593 quamvis

403 616 498 670 tibi
529 617 770 686 corporis
795 615 1033 671 dederim
1074 626 1316 670 naturam
1356 616 1425 671 ob
1451 630 1625 670 meam
1672 615 1982 676 bonitatem,

403 708 577 778 ipsum
606 716 782 762 tamen
822 707 924 763 hoc
963 723 1159 778 corpus
1188 723 1253 763 ex
1283 716 1423 762 terra
1453 707 1747 771 exsistens,
1793 706 1987 759 iterum

402 801 506 854 erit
531 809 690 854 terra.
718 799 878 854 Terra
916 801 1058 855 enim
1088 817 1168 868 es,
1210 810 1256 855 et
1284 801 1336 854 in
1362 810 1549 854 terram
1584 799 1763 853 abibis.
1800 796 1987 851 Enim-

400 907 530 946 vero
561 901 617 947 ut
656 909 722 947 ne
768 894 881 948 haec
924 894 1114 948 tierent
1137 934 1153 961 ,
1193 894 1336 960 dixi,
1381 892 1465 947 Nc
1504 891 1777 946 comedatis
1802 890 1865 945 de
1893 890 1987 943 hoc

403 983 541 1052 tigno
569 999 588 1036 :
613 999 926 1054 quocumque
954 986 1085 1038 enim
1126 986 1208 1038 die
1248 984 1591 1049 comederitis,
1624 993 1784 1036 morte
1808 982 1988 1036 morie-

399 1075 545 1128 mini.
577 1074 691 1130 Non
734 1076 877 1130 enim
906 1075 1008 1131 hoc
1035 1076 1277 1130 volebam
1310 1094 1323 1129 :
1352 1076 1446 1131 sed
1480 1076 1601 1146 quia
1640 1089 1825 1130 eorum
1867 1088 1987 1142 qua:

402 1166 468 1219 ad
500 1181 587 1221 me
610 1166 927 1232 attinebant,
954 1167 1085 1221 nihil
1109 1167 1469 1222 intermissum
1494 1175 1577 1221 est
1602 1184 1615 1220 :
1646 1174 1702 1220 tu
1730 1174 1905 1220 autem
1936 1174 1987 1219 te

400 1255 575 1324 ipsum
608 1256 661 1312 in
693 1257 806 1311 brec
832 1258 1107 1327 coniecisti
1127 1299 1143 1324 ,
1188 1274 1255 1314 ne
1282 1259 1333 1313 in
1362 1259 1522 1313 alium
1548 1272 1762 1313 causam
1792 1256 1987 1312 retule-

394 1348 513 1414 ris,
564 1349 658 1403 sed
706 1358 807 1404 tua:
848 1351 1013 1419 ipsius
1041 1350 1260 1406 desidiae
1304 1360 1472 1406 totum
1516 1350 1822 1405 abscribito.
1865 1349 1985 1405 Jam

398 1438 578 1494 denuo
606 1442 709 1495 alia
738 1444 889 1497 nobis
913 1444 1136 1512 qua‘stiu
1166 1444 1291 1499 hinc
1320 1444 1589 1509 nascitur,
1616 1458 1718 1513 qua
1739 1483 1755 1509 ,
1797 1443 1841 1497 si
1869 1443 1984 1512 pla-

399 1532 572 1585 cucrit
590 1572 606 1597 ,
644 1533 877 1588 breviter
904 1534 1141 1589 absoluta
1167 1575 1183 1600 ,
1230 1535 1388 1590 finem
1416 1536 1679 1590 sermonis
1707 1534 1793 1589 hic
1820 1532 1985 1588 facie-

398 1638 539 1678 mus.
572 1624 742 1690 Dixit,
775 1626 977 1695 inquit,
1021 1626 1158 1681 Deus
1184 1644 1198 1681 :
1225 1626 1548 1698 Quocumque
1571 1626 1652 1679 die
1674 1625 1987 1679 comederitis

401 1731 465 1767 ea:
488 1731 566 1779 eo,
596 1730 754 1769 morte
774 1718 1054 1770 moriemini
1080 1716 1231 1787 (Gen.
1254 1717 1309 1771 2.
1338 1719 1429 1784 17)
1456 1736 1469 1773 :
1494 1717 1779 1771 muliorum
1808 1726 1984 1770 autem

398 1819 660 1859 annorum
688 1823 914 1863 numero
950 1808 1249 1863 ostenditur
1274 1810 1469 1863 vixisse
1498 1808 1617 1862 illos
1645 1817 1763 1878 post
1800 1808 1985 1862 inobe-

398 1896 651 1951 dientiam
672 1939 686 1963 ,
720 1907 774 1953 et
798 1899 903 1954 cibi
929 1900 1073 1954 vetiti
1105 1915 1276 1956 esum.
1307 1899 1371 1955 Et
1401 1902 1625 1970 qumstio
1649 1900 1864 1970 quidem
1890 1900 1987 1954 ali—

396 2005 502 2059 qua
531 2005 651 2046 esse
675 1992 884 2047 videtur
912 1993 976 2048 iis
997 1994 1087 2064 qui
1116 2009 1148 2049 a
1188 1994 1472 2063 superficie
1506 1994 1739 2049 salutant
1774 1994 1987 2050 divinas

400 2079 609 2135 Literas
638 2099 650 2133 :
686 2092 737 2136 at
775 2083 820 2137 si
851 2084 969 2154 quis
998 2099 1151 2153 aequo
1176 2086 1356 2139 animo
1384 2100 1539 2139 aures
1565 2085 1842 2147 adhibeat,
1875 2100 1989 2140 ma-

404 2170 653 2226 nifestum
676 2183 760 2229 est
780 2175 921 2243 quod
950 2174 1165 2241 dicitur,
1193 2191 1362 2245 neque
1384 2175 1608 2245 quaestio
1631 2175 1789 2230 fuerit
1816 2187 1989 2231 atten-

398 2262 568 2319 denti.
610 2263 744 2319 Nam
789 2265 914 2320 licet
958 2268 1153 2321 multos
1180 2283 1349 2323 annos
1392 2269 1658 2335 vixerint,
1689 2277 1923 2324 attamen
1956 2284 1987 2324 a

401 2370 509 2422 quo
535 2363 773 2425 tempore
801 2356 1082 2413 audierunt
1113 2376 1124 2410 :
1152 2358 1305 2412 Terra
1335 2376 1407 2427 es,
1447 2369 1491 2413 et
1516 2360 1569 2412 in
1594 2368 1779 2414 terram
1807 2360 1985 2426 abibis,

402 2454 457 2499 ct
483 2449 798 2501 sententiam
828 2460 1150 2518 acceperunt
1178 2451 1366 2504 mortis
1389 2492 1405 2516 ,
1450 2453 1701 2507 mortales
1731 2451 1941 2508 fuerunt
1971 2471 1985 2508 :

399 2543 456 2589 et
478 2550 544 2589 ex
572 2536 664 2590 illo
700 2546 939 2607 tempore
968 2538 1184 2594 fuerunt
1230 2541 1450 2611 perinde
1472 2582 1487 2607 ,
1533 2556 1595 2597 ac
1639 2543 1683 2598 si
1722 2543 1841 2614 quis
1869 2543 1989 2599 illos

401 2626 545 2683 dicat
570 2639 809 2686 mortuos
852 2631 1036 2688 fuisse.
1069 2632 1181 2688 Hoc
1210 2632 1367 2703 igitur
1402 2644 1456 2690 et
1485 2635 1758 2705 Scriptura
1787 2637 1990 2707 signiti-

400 2732 552 2782 cans,
579 2720 746 2787 dixit,
779 2721 1105 2794 Quocumque
1134 2725 1216 2779 die
1237 2726 1569 2793 comederilis,
1604 2738 1763 2782 morte
1798 2731 1986 2784 morie-

400 2808 527 2862 mini
556 2826 574 2863 :
605 2810 706 2865 hoc
730 2822 834 2876 est,
872 2816 1191 2870 sententiam
1218 2816 1489 2886 accipietis
1513 2859 1527 2882 ,
1560 2820 1811 2875 mortales
1837 2830 1987 2890 pust-

402 2899 502 2955 hac
546 2917 642 2957 vos
685 2903 909 2959 futuros.
972 2905 1122 2961 Sicut
1163 2909 1306 2963 enim
1356 2910 1408 2963 in
1454 2908 1702 2966 humanis
1749 2912 1985 2982 judiciis,

398 2993 613 3060 quando
637 2994 755 3063 quis
779 2997 1040 3052 sententia
1067 2998 1168 3053 lata
1192 3009 1248 3053 ut
1272 3000 1444 3069 capite
1470 3001 1775 3072 mulctetur,
1798 3006 1988 3062 iterum

402 3082 456 3134 in
483 3097 753 3139 carcerem
777 3087 1092 3157 conjicitur,
1124 3090 1249 3145 licet
1284 3092 1356 3147 ibi
1385 3093 1553 3148 multo
1580 3103 1821 3165 tempore
1845 3106 1985 3168 agat,

402 3173 536 3273 nihil
568 3176 756 3231 melius
782 3186 958 3233 tamen
982 3180 1141 3236 habet
1161 3180 1424 3238 defunctis
1449 3193 1504 3239 et
1532 3187 1777 3255 mortuis,
1805 3197 1990 3259 utpote

395 3270 506 3330 jam
537 3280 631 3333 per
658 3270 973 3323 sententiam
1000 3282 1241 3327 mortuus
1267 3289 1281 3324 :
1315 3274 1502 3330 eodem
1528 3278 1686 3332 modo
1713 3287 1769 3333 et
1800 3280 1855 3333 hi
1874 3321 1889 3346 ,
1921 3278 1990 3337 ab

402 3368 470 3407 eo
497 3354 584 3409 die
609 3371 764 3426 aquo
790 3361 1127 3417 mortalitatis
1152 3366 1469 3420 sententiam
1496 3380 1837 3439 acceperunt,
1863 3382 1989 3428 tam.

403 3446 504 3499 etsi
536 3446 695 3518 longo
727 3459 966 3521 tempore
991 3454 1318 3524 duraverint,
1351 3459 1697 3518 nihilominus
1725 3468 1987 3523 sententia

402 3538 597 3591 mortui
624 3550 795 3597 erant.
822 3543 946 3598 Scio
973 3561 1058 3601 me
1081 3548 1379 3616 copiosiora
1405 3566 1654 3608 sermone
1674 3565 1728 3611 et
1748 3557 1989 3627 longiore

401 3629 644 3688 doctrina
676 3649 827 3690 usum
862 3654 876 3690 :
911 3638 1032 3693 ideo
1058 3641 1179 3709 quia
1226 3658 1320 3711 per
1347 3645 1570 3712 gratiam
1599 3646 1729 3711 Dei,
1764 3664 1859 3718 pro
1887 3665 1986 3704 no-

400 3724 527 3778 stris
557 3725 758 3783 viribus
796 3729 975 3785 omnia
1005 3731 1058 3786 in
1090 3733 1322 3788 medium
1369 3736 1572 3805 prolata
1612 3748 1768 3805 sunt,
1810 3750 1864 3795 et
1904 3740 1988 3797 his

400 3830 519 3883 quae
548 3817 685 3872 lecta
714 3828 839 3875 sunt
861 3820 1022 3878 finem
1064 3825 1415 3895 imposuimus
1438 3869 1453 3893 ,
1498 3845 1639 3886 nunc
1679 3846 1985 3889 sermonem

398 3908 797 3965 contrahamus.

471 3998 558 4052 lt).
591 3999 837 4074 Epilogus
857 4007 1395 4065 hamum—Possem
1416 4013 1628 4082 quidem
1655 4024 1709 4069 et
1729 4015 1829 4069 alia
1858 4031 1985 4085 pro-

398 4088 526 4144 ferri
551 4132 566 4157 ,
592 4101 641 4147 ct
676 4093 867 4150 iterum
898 4102 1183 4155 monstrari
1212 4102 1465 4158 inﬂictam
1500 4105 1623 4160 hinc
1648 4122 1857 4175 poenam
1883 4149 1897 4171 ,
1930 4120 1987 4165 ct

397 4183 776 4240 mortalitatem
810 4187 861 4241 in
889 4204 989 4243 nos
1014 4191 1283 4245 inductam
1312 4234 1328 4260 ,
1358 4194 1577 4249 multam
1606 4196 1854 4267 abyssum
1885 4198 1984 4253 ba-

399 4272 530 4329 bere
558 4275 750 4333 divina:
780 4280 1196 4339 misericordiae:
1228 4286 1323 4341 sed
1353 4303 1421 4342 ne
1450 4288 1788 4346 multitudine
1816 4292 1987 4347 dicto-

396 4379 516 4419 rum
540 4377 771 4424 mentem
789 4382 1020 4428 vestram
1042 4375 1350 4442 obruamus,
1365 4393 1481 4448 age,
1496 4381 1843 4439 Obsecremus
1864 4400 1981 4452 vos,

396 4465 458 4511 ut
480 4471 601 4511 cum
630 4459 754 4515 hinc
780 4463 1039 4531 abieritis,
1070 4483 1139 4523 ne
1159 4468 1210 4522 in
1228 4472 1597 4527 conventicula
1621 4475 1981 4545 insipientium

392 4563 491 4604 vos
511 4550 821 4623 conferatis,
844 4572 1015 4629 neque
1042 4560 1424 4631 intempestivae
1446 4569 1731 4636 nugacitati
1756 4572 1978 4638 vacetis,

394 4643 492 4696 sed
519 4645 657 4713 apud
702 4662 797 4703 vos
851 4648 1128 4721 intelligite
1176 4662 1229 4707 et
1271 4668 1390 4707 cum
1435 4657 1553 4711 aliis
1591 4658 1823 4730 colligite
1861 4678 1982 4732 quae

395 4734 537 4790 dicta
561 4747 685 4792 sunt
712 4779 727 4805 ,
751 4748 807 4795 et
835 4741 888 4794 in
920 4742 1230 4797 memoriam
1268 4744 1464 4799 referte
1486 4788 1501 4813 ,
1534 4748 1786 4817 quidnam
1816 4751 1978 4820 judex

393 4829 735 4896 responderit
759 4872 774 4897 ,
802 4832 930 4902 quid
972 4834 1050 4889 rei
1088 4850 1184 4903 pro
1231 4851 1288 4890 se
1325 4837 1598 4904 dixerint,
1628 4850 1683 4895 et
1713 4843 1982 4912 quomodo

394 4918 567 4973 Adam
593 4922 806 4991 culpam
837 4924 888 4977 in
913 4940 1134 4979 uxorem
1162 4928 1490 4983 transtulerit
1512 4970 1526 4994 ,
1555 4930 1645 4984 illa
1669 4931 1720 4986 in
1756 4947 1982 5004 serpen-

394 5021 525 5073 tem.
553 5017 821 5083 quomodo
843 5019 968 5073 item
996 5019 1134 5074 Deus
1151 5023 1308 5076 etiam
1338 5021 1480 5079 hunc
1509 5025 1759 5093 punierit,
1789 5036 1841 5081 et
1863 5042 1980 5096 pce-

395 5120 518 5159 nam
549 5107 624 5161 illi
653 5116 767 5163 toto
793 5112 989 5166 saeculo
1008 5112 1314 5168 duraturam
1339 5116 1589 5172 indixerit
1608 5159 1624 5185 ,
1657 5134 1979 5189 gravemque

394 5196 447 5248 in
489 5197 636 5252 illum
682 5200 1100 5271 indignationem
1139 5206 1527 5276 declaraverit,
1574 5218 1734 5279 atque
1766 5226 1833 5264 ex
1877 5210 1981 5265 hoc

393 5289 689 5343 ostenderit
734 5307 883 5346 suam
930 5310 1052 5364 erga
1083 5296 1336 5367 deceptos
1377 5314 1580 5352 curam.
1623 5298 1700 5353 Ex
1729 5315 1794 5355 eo
1834 5302 1977 5355 enim

393 5379 533 5445 quod
560 5380 909 5448 decipientem
939 5385 1015 5438 sic
1045 5387 1184 5441 ultus
1217 5398 1301 5441 est
1322 5430 1335 5453 ,
1365 5389 1674 5459 intelligitur
1698 5391 1766 5445 ab
1788 5406 1852 5446 eo
1877 5391 1975 5446 de-

393 5480 575 5536 ceptos
601 5486 693 5525 eos
716 5472 897 5539 fuisse,
916 5477 1003 5544 qui
1027 5476 1136 5531 Deo
1151 5478 1299 5532 valde
1315 5481 1449 5547 grati
1467 5489 1636 5545 erant,
1652 5491 1704 5537 ct
1726 5496 1823 5550 pro
1855 5483 1975 5551 qui-

395 5558 496 5613 bus
537 5563 757 5617 multum
798 5566 1053 5621 sollicitus
1084 5568 1272 5623 fuerat.
1325 5569 1454 5625 Dein
1498 5582 1822 5628 mementote
1851 5587 1976 5642 sup-

393 5650 535 5718 plicii
569 5657 824 5719 mulieris,
849 5668 901 5712 et
919 5674 1089 5727 ptume
1110 5676 1225 5728 quae
1244 5660 1316 5714 illi
1339 5661 1533 5716 inﬂicta
1555 5673 1656 5727 est,
1676 5664 1783 5718 imo
1802 5664 1975 5732 potius

393 5743 770 5803 admonitionis
799 5788 813 5815 ,
854 5759 904 5805 et
947 5750 1023 5805 sic
1061 5765 1271 5824 quoque
1307 5750 1661 5809 rccordcmini
1705 5768 1823 5825 qua:
1869 5753 1973 5811 sint

1106 319 1163 374 S.
1203 316 1482 374 JOANNIS
1518 309 1997 371 CIIRYSOSTOMI
2040 310 2359 366 ARCIIIEP.
2388 309 2925 367 CONSTAN'I‘INOP.
3010 300 3011 303 I

3575 304 3681 364 148

2104 424 2235 479 Adin
2284 424 2423 478 dicta
2452 466 2468 489 ,
2508 424 2931 492 sententiamque
2989 420 3127 475 hanc
3182 420 3362 475 animo
3408 421 3634 489 repetite
3661 462 3678 488 ,

2101 515 2259 570 Terra
2286 533 2339 571 es
2362 557 2378 584 ,
2416 527 2463 571 et
2490 517 2543 570 in
2574 528 2759 571 terram
2787 516 2964 569 abibis.
2996 514 3131 569 llinc
3154 513 3516 583 obstupescite
3541 514 3681 568 inef-

2098 606 2309 662 fabilem
2350 608 2445 662 Dei
2488 607 2906 662 misericordiam
2932 646 2946 669 ,
2983 605 3125 675 quod
3163 620 3293 669 nos,
3317 608 3407 675 qui
3436 622 3499 660 ex
3540 616 3661 662 terr:

2095 711 2280 753 sumus
2298 741 2314 764 ,
2341 708 2395 754 et
2424 699 2477 754 in
2504 707 2704 755 terram
2727 698 3111 762 dissolvemur,
3144 698 3189 752 si
3227 698 3548 752 voluerimus
3573 697 3669 749 vir.

2095 799 2260 844 tutem
2290 789 2587 859 amplexari
2618 831 2634 854 ,
2666 799 2719 843 et
2742 789 2866 842 vitia
2893 788 3073 858 fugere
3102 829 3116 852 ,
3148 788 3356 856 assequi
3386 787 3681 855 poterimus

2095 881 2380 936 inetTabilia
2409 882 2497 935 illa
2537 882 2675 936 bona
2700 922 2714 945 ,
2738 896 2855 951 qua:
2884 881 3092 951 paravit
3110 889 3164 935 et
3188 880 3430 949 promisit
3454 880 3681 947 diligen-

2094 974 2235 1029 tibus
2250 990 2327 1034 se,
2342 990 2459 1044 quae
2475 975 2661 1029 oculus
2677 990 2779 1028 non
2793 974 2924 1028 vidit
2941 975 2980 1038 ί,
3003 989 3102 1029 nec
3112 974 3255 1029 auris
3271 973 3490 1039 audivit,
3510 989 3607 1028 nec
3626 976 3681 1027 in

2094 1080 2188 1119 cor
2204 1065 2900 1134 hominisasccnderunt(l.
2925 1063 3043 1118 Cor.
3082 1065 3137 1119 2.
3166 1062 3243 1135 9).
3282 1063 3489 1119 Gratias
3516 1065 3675 1131 igitur

2093 1156 2288 1210 multas
2310 1157 2534 1210 Domino
2564 1167 2744 1211 nostro
2770 1156 3026 1211 debemus
3051 1171 3146 1224 pro
3174 1164 3250 1209 tot
3276 1155 3568 1224 talibusque
3592 1156 3682 1209 be-

2093 1249 2297 1303 neﬁciis
2317 1267 2330 1303 :
2348 1258 2400 1304 et
2414 1264 2474 1303 ea
2494 1264 2825 1319 nequaquam
2849 1265 2913 1303 ex
2934 1249 3190 1304 memoria
3207 1248 3517 1301 dimitteudo
3535 1290 3547 1311 ,
3583 1262 3678 1316 per

2092 1337 2228 1393 bena
2255 1354 2415 1407 opera
2436 1380 2450 1405 ,
2483 1348 2535 1394 et
2560 1338 2796 1407 diligenti
2831 1339 3093 1393 malorum
3130 1337 3248 1407 fuga
3270 1337 3439 1407 ipsum
3466 1338 3680 1406 mitige-

2091 1443 2231 1493 mus,
2247 1442 2311 1482 ac
2326 1429 2607 1499 propitium
2627 1428 2778 1484 nobis
2794 1428 3097 1483 reddamus.
3124 1428 3399 1496 Quomodo
3411 1429 3551 1482 enim
3570 1444 3676 1483 non

2094 1520 2283 1589 ingrati
2318 1535 2535 1589 prorsus
2563 1520 2724 1574 animi
2753 1520 2962 1590 signum
2995 1520 3151 1574 fuerit
3174 1561 3188 1582 ,
3215 1519 3258 1574 si
3287 1521 3399 1588 ipse
3422 1519 3634 1589 quidem
3656 1562 3673 1585 ,

2092 1625 2212 1665 cum
2259 1611 2399 1666 Deus
2442 1612 2513 1666 sit
2556 1620 2612 1666 et
2662 1610 2977 1665 immortalis
3022 1620 3223 1665 naturze
3254 1651 3269 1675 ,
3299 1626 3404 1664 non
3455 1609 3681 1680 refugiat

2091 1718 2365 1759 assumere
2404 1706 2682 1759 mortalem
2728 1713 2782 1757 ﬁl.
2826 1713 3132 1757 terrestrem
3160 1712 3398 1756 nostram
3430 1703 3680 1757 substan-

2093 1798 2242 1862 tiam,
2274 1808 2331 1852 ut
2355 1797 2496 1852 etab
2519 1796 2732 1867 antiqua
2763 1805 2933 1851 morte
2964 1810 3062 1849 nos
3086 1795 3293 1860 liberet,
3325 1810 3483 1863 supra
3510 1794 3679 1867 ca-los

2092 1890 2305 1954 evehat,
2338 1898 2560 1959 paterno
2585 1902 2842 1943 consessu
2864 1887 3111 1953 honoret,
3142 1895 3196 1940 et
3220 1885 3286 1939 ab
3306 1885 3450 1940 omni
3476 1862 3678 1939 cmlesti

2092 1982 2330 2038 exercitu
2371 1980 2582 2035 adorari
2612 1988 2799 2034 curet:
2826 1992 2919 2033 nos
2949 1987 3129 2032 autem
3162 1977 3430 2031 contraria
3474 1975 3549 2028 illi
3592 1991 3682 2029 re-

2093 2072 2328 2127 tribuere
2367 2087 2473 2127 non
2512 2070 2892 2125 erubescamus
2918 2110 2935 2136 ,
2969 2068 3062 2123 sed
3096 2077 3152 2123 et
3184 2067 3535 2123 immortalem
3564 2068 3680 2121 ani-

2093 2178 2258 2227 mam,
2282 2163 2431 2231 quasi
2452 2161 2644 2217 dixerit
2661 2160 2800 2231 quis,
2823 2160 2969 2214 carni
2991 2158 3391 2228 agglutinatam,
3414 2167 3680 2212 terrenam

2092 2263 2147 2310 et
2176 2263 2441 2309 mortuam
2472 2294 2488 2320 ,
2511 2262 2567 2308 et
2590 2252 2722 2307 nihil
2751 2251 2962 2321 cperari
2985 2250 3251 2305 valentem
3283 2290 3299 2314 ,
3331 2249 3558 2305 evadere
3585 2262 3680 2302 cu-

2093 2347 2312 2401 remus?
2336 2345 2594 2408 Obsecro,
2631 2359 2701 2399 ne
2741 2345 2820 2399 sic
2865 2344 2957 2397 tiat
2986 2383 3001 2408 ,
3046 2357 3116 2398 ne
3157 2342 3234 2397 sic
3272 2341 3461 2411 ingrati
3510 2340 3679 2394 simus

2094 2454 2218 2510 erga
2250 2448 2453 2494 tantum
2503 2439 2899 2495 benefactorem
2941 2446 3184 2492 nostrum
3214 2454 3229 2491 :
3254 2436 3347 2491 sed
3374 2436 3512 2490 illius
3542 2452 3681 2506 pra:-

2092 2531 2261 2601 ceptis
2287 2529 2600 2585 obedientes
2624 2570 2639 2595 ,
2670 2544 2789 2600 qua:
2825 2528 2924 2599 ipsi
2956 2537 3104 2598 grata
3126 2537 3247 2582 sunt
3273 2536 3324 2582 et
3352 2527 3641 2596 probantur
3658 2566 3675 2591 ,

2093 2636 2381 2693 operemur
2416 2638 2430 2674 :
2463 2632 2522 2676 ut
2559 2630 2613 2676 et
2644 2636 2742 2674 nos
2768 2620 2984 2675 azternis
3020 2618 3174 2674 bonis
3211 2618 3399 2687 dignos
3448 2617 3675 2673 efficiat:

2093 2728 2213 2784 qua:
2244 2727 2341 2767 nos
2365 2727 2554 2767 omnes
2584 2711 2798 2781 assequi
2824 2710 3133 2779 contingat,
3160 2709 3327 2779 gratia
3356 2718 3411 2762 et
3434 2708 3680 2777 benigni-

2095 2812 2203 2857 tate
2246 2802 2455 2857 Domini
2484 2802 2653 2856 nostri
2694 2800 2821 2855 Jesu
2864 2798 3099 2865 Christi,
3131 2799 3217 2854 cui
3258 2814 3381 2852 cum
3426 2797 3583 2852 Patre
3624 2807 3681 2851 et

2093 2892 2293 2964 Spiritu
2316 2902 2501 2949 sancto
2525 2894 2593 2947 sit
2623 2892 2787 2963 gloria
2806 2932 2822 2957 ,
2851 2891 3023 2945 honor
3048 2932 3063 2956 ,
3092 2891 3374 2960 imperium
3403 2931 3419 2957 ,
3454 2904 3593 2943 nunc
3622 2899 3681 2944 et

2094 3000 2327 3057 semper,
2357 2995 2411 3040 et
2437 2986 2490 3039 in
2518 2984 2711 3039 saicula
2732 2983 3073 3038 saeculorum.
3102 2982 3300 3037 Amen.

2631 3117 2909 3175 IIOMILIA
2956 3118 3144 3173 XVIII.

2094 3229 2163 3285 Et
2190 3232 2381 3286 vocavit
2406 3232 2570 3285 Adam
2598 3247 2779 3285 nomen
2820 3231 2995 3285 uxoris
3031 3246 3137 3285 suta
3184 3228 3352 3283 Vitam
3376 3270 3391 3296 ,
3422 3229 3542 3297 quia
3568 3228 3679 3296 ipsa

2166 3332 2238 3376 est
2267 3331 2425 3377 mater
2455 3322 2680 3375 omnium
2716 3321 3003 3375 viventium.
3033 3320 3101 3373 Et
3125 3320 3243 3389 fecit
3268 3319 3517 3372 Dominus
3542 3317 3681 3371 Deus

2165 3416 2291 3469 Adae
2315 3425 2361 3468 et
2390 3415 2538 3468 uxori
2562 3415 2671 3484 ejus
2686 3414 2879 3466 tunicas
2904 3414 3157 3483 pelliceas,
3190 3422 3236 3466 et
3267 3412 3431 3464 induit
3454 3409 3591 3464 illos.
3612 3407 3680 3461 Et

2165 3511 2236 3563 ait
2262 3506 2437 3562 Deus:
2472 3506 2599 3560 Ecce
2623 3506 2787 3559 Adam
2815 3508 2980 3577 factus
3021 3516 3091 3560 est
3127 3506 3258 3559 sicut
3280 3520 3409 3558 unus
3436 3520 3500 3557 ea:
3536 3503 3677 3557 nobis

2166 3600 2323 3673 (Cen.
2356 3601 2410 3654 5.
2435 3598 2646 3665 20-22).

2167 3735 2217 3789 1.
2250 3733 2326 3786 De
2354 3742 2555 3803 peccato
2596 3731 2778 3784 Adami
2818 3730 3047 3798 superius
3072 3730 3205 3781 dicta
3233 3728 3521 3783 summatim
3549 3729 3677 3780 reie-

2093 3830 2183 3898 git.
2214 3825 2429 3880 Grauior
2458 3841 2606 3894 poena
2645 3833 2811 3876 manet
2839 3839 2924 3876 eos
2958 3863 2972 3886 ,
3004 3822 3090 3890 qui
3115 3831 3225 3891 post
3252 3821 3412 3891 legem
3446 3831 3675 3890 peccant.

2090 3918 2384 3972 ——Vidistis
2411 3918 2525 3971 heri
2549 3915 2750 3970 Judicis
2773 3913 3190 3983 benignitatem?
3212 3911 3418 3965 vidistis
3446 3926 3672 3966 examen

2092 4009 2327 4064 bonitate
2344 4007 2596 4062 refertum
2612 4007 2635 4059 ?
2653 4005 2858 4059 vidistis
2873 4003 3251 4073 suppliciorum
3276 4000 3677 4055 diversitatem?

2091 4099 2361 4171 quomodo
2389 4098 2604 4168 punitus
2630 4097 2699 4151 sit
2725 4096 2943 4151 dolosus
2971 4095 3059 4149 ille
3086 4094 3454 4165 supplantator
3485 4133 3502 4158 ,
3533 4107 3671 4161 quo-

2097 4194 2258 4249 modo
2283 4193 2441 4247 etiam
2462 4191 2698 4259 deceptis
2721 4204 2878 4259 pama
2908 4188 2977 4241 sit
3005 4187 3225 4252 inflicta,
3259 4201 3380 4255 quae
3426 4200 3673 4255 magnam

2091 4288 2186 4343 Dei
2230 4303 2340 4356 pra;
2382 4302 2442 4340 se
2484 4285 2649 4340 ferret
2692 4280 3110 4353 benignitatem?
3160 4279 3369 4333 vidistis
3410 4278 3677 4347 quomodo

2092 4379 2246 4433 nobis
2270 4376 2675 4433 commodorum
2706 4374 2917 4429 occasio
2942 4372 3040 4426 fuit
3065 4412 3080 4437 ,
3112 4372 3366 4427 assistere
3395 4370 3673 4435 tribunali,

2091 4482 2145 4528 et
2170 4472 2351 4526 videre
2376 4468 2643 4541 quomodo
2673 4466 2993 4537 processerit
3022 4465 3284 4519 examen?
3313 4463 3675 4533 Cognovimns

2090 4565 2232 4618 enim
2257 4604 2271 4628 ,
2296 4562 2507 4632 quantis
2531 4561 2739 4629 seipsos
2777 4558 2931 4613 bonis
2975 4556 3209 4611 mandati
3252 4556 3675 4625 transgressione

2090 4659 2348 4727 privarunt
2374 4655 2542 4709 Adam
2592 4662 2649 4708 et
2678 4653 2789 4707 Eva
2814 4693 2829 4717 ,
2859 4650 3043 4705 nudati
3073 4649 3238 4718 gloria
3267 4649 3351 4702 illa
3380 4646 3631 4701 ineffabili
3656 4688 3670 4709 ,

2089 4758 2142 4803 et
2170 4749 2272 4801 vita
2302 4761 2407 4801 non
2436 4744 2687 4799 inferiore
2715 4758 2873 4812 quam
2916 4740 3177 4809 angelica.
3207 4738 3451 4793 Vidimus
3480 4738 3675 4805 patien-

2090 4841 2214 4893 tiam
2243 4836 2475 4901 Domini,
2494 4834 2777 4888 didicimus
2797 4842 3053 4902 quantum
3085 4830 3281 4884 malum
3322 4831 3392 4883 sit
3428 4827 3627 4881 desidia
3653 4868 3672 4893 ,

2086 4928 2354 5000 quomodo
2382 4938 2433 4981 et
2462 4926 2809 4995 praesentibus
2840 4924 3050 4993 spoliet,
3084 4931 3138 4977 et
3163 4937 3352 4991 magna
3385 4920 3672 4991 ignominia

2086 5020 2302 5075 afliciat.
2325 5018 2547 5083 Idcirco,
2575 5017 2820 5079 obsecro,
2848 5013 3013 5069 sobrii
3041 5013 3227 5076 simus,
3257 5014 3489 5081 fiantque
3514 5010 3673 5064 nobis

2087 5112 2294 5165 illorum
2323 5109 2504 5177 lapsus
2526 5106 2783 5170 remedia,
2812 5114 2866 5158 et
2897 5105 3107 5157 illorum
3139 5102 3341 5157 desidia
3368 5102 3672 5156 securitatis

2087 5217 2276 5257 causa:
2310 5197 2735 5270 quandoquidem
2756 5196 2926 5264 major
2948 5210 3101 5263 poena
3121 5204 3406 5248 esteorum
3429 5194 3519 5263 qui
3548 5203 3671 5262 post

2087 5294 2203 5348 illos
2230 5300 2467 5361 peccant,
2492 5300 2545 5345 et
2568 5305 2633 5344 eo
2660 5290 2829 5357 major
2849 5286 2989 5357 quod
3019 5286 3277 5354 exemplis
3304 5285 3589 5339 emendare
3612 5301 3672 5340 se

2084 5387 2273 5440 nolint.
2303 5384 2416 5438 Non
2442 5383 2579 5437 enim
2612 5382 2701 5452 qui
2728 5392 2911 5451 postea
2934 5379 3119 5435 eadem
3150 5388 3373 5448 peccant
3406 5394 3525 5447 quze
3559 5381 3669 5446 pri-

2083 5479 2155 5533 mi
2182 5520 2196 5543 ,
2222 5478 2273 5531 in
2300 5476 2542 5529 eamdem
2565 5488 2776 5543 pinnam
2803 5471 3058 5526 incident.
3091 5470 3145 5524 Id
3177 5470 3317 5540 quod
3347 5469 3581 5526 breviter
3602 5469 3671 5523 ah

2146 5566 2160 5591 ‘
2193 5568 2243 5612 In
2268 5571 2379 5610 octo
2400 5564 2510 5610 Mss.
2535 5569 2588 5610 et
2611 5576 2706 5609 uno
2739 5561 2928 5618 Savilii,
2954 5563 3085 5611 bene
3121 5568 3295 5619 multa,
3328 5565 3387 5612 ab
3423 5565 3499 5613 his
3533 5566 3663 5614 voci-

2078 5622 2185 5689 bus,
2217 5636 2326 5689 qua:
2346 5635 2512 5673 ocusus
2534 5636 2628 5689 non
2649 5622 2770 5689 vidit
2796 5625 2845 5689 (ἃ
2871 5626 3105 5686 ὀφθαλμὸς
3132 5626 3219 5671 οὐκ
3258 5626 3393 5685 εἶδε),
3418 5640 3576 5688 usque
3604 5629 3663 5673 ad

2079 5688 2202 5745 ba-c,
2229 5686 2385 5734 iribus
2407 5692 2522 5733 ante
2550 5687 2696 5732 tinem
2717 5686 2934 5749 homines
2957 5689 3199 5746 versibus,
3220 5700 3328 5749 qua:
3370 5702 3457 5738 nos
3496 5686 3661 5738 oimws

2081 5749 2165 5815 (ὢν
2188 5749 2370 5811 γένοιτο
2391 5752 2567 5804 πάντας
2585 5747 2729 5813 ἡμᾶς)
2765 5747 3124 5800 desiderantur.
