4038 6394
163 363 258 418 M7

161 479 360 548 Μέχρις
387 475 602 538 ἐκείνου
639 475 815 532 ταῦτα
863 477 1173 549 ὑπομενεῖς,
1209 476 1314 542 ἓως
1345 479 1411 533 ἂν
1443 481 1502 533 τὸ
1544 482 1696 545 τέλος
1722 481 1821 550 τῆς

163 565 300 635 ζωῆς
329 582 412 620 σοι
441 577 472 607 ι
495 565 886 640 ἐπαχθήσεται,
913 566 1008 621 καὶ
1030 567 1110 630 εἰς
1134 567 1351 639 ἐκείνην
1367 568 1646 639 διαλυθῇς,
1675 569 1734 634 ἐξ
1755 563 1826 641 ἦς

163 657 250 710 καὶ
275 654 582 726 έπλάσθης.
613 657 678 709 Εἰ
705 656 816 727 γὰρ
866 657 960 710 καὶ
987 655 1239 724 σώματός
1267 673 1349 710 σοι
1379 656 1539 726 φύσιν
1565 659 1824 730 ἐχαρισά-

165 761 264 813 μην
290 743 380 798 διὰ
404 743 508 814 τὴν
533 743 776 814 ἐμαυτοῦ
806 743 1238 815 φιλανθρωπίαν,
1266 745 1382 798 ἀλλ’
1409 745 1540 798 αὐτὸ
1568 746 1628 798 τὸ
1665 745 1824 816 σῶμα

162 831 258 883 ἀπὸ
307 831 414 899 γῆς
463 829 546 892 δν,
594 831 666 901 γῆ
701 830 864 885 πάλιν
885 829 1058 884 ἔσται.
1087 830 1180 898 Γῆ
1205 829 1314 902 γὰρ
1341 827 1414 894 εἴ,
1445 831 1542 884 καὶ
1566 836 1655 898 εἰς
1707 832 1826 903 γῆν

161 917 610 986 ἀπελεύσῃ.⁹1να
629 919 740 989 γάρ
771 918 846 988 μὴ
877 915 1047 970 ταῦτα
1071 917 1316 988 γένηται,
1350 918 1436 971 διὰ
1455 918 1612 972 τοῦτο
1648 915 1822 986 εἷπον,

161 1004 246 1070 Μὴ
279 1005 524 1073 ἅψησθε
549 1005 658 1059 τοῦ
715 1005 907 1070 ξύλου
933 1046 949 1070 ,
1001 1003 1204 1070 εἰπὼν,
1245 1006 1328 1059 ὅτι
1377 1001 1464 1078 1ᾙ
1509 1007 1588 1061 ἂν
1634 1005 1823 1076 ἡμέρᾳ

161 1091 376 1162 φάγητε
421 1093 528 1148 ἀπ’
577 1091 786 1158 αὐτοῦ,
824 1092 1058 1156 θανάτῳ
1112 1092 1532 1148 ἀποθανεῖσθε.
1589 1094 1664 1147 Οὐ
1713 1094 1824 1166 γὰρ

163 1180 448 1251 ἐϐουλόμην
482 1181 671 1234 τοῦτο·
701 1180 816 1234 ἀλλ’
847 1180 1034 1252 ἐπειδὴ
1059 1180 1130 1234 τὰ
1153 1180 1254 1250 μὲν
1284 1180 1578 1252 παρ”ἐμοῦ
1610 1183 1823 1236 ἅπαντα

163 1269 458 1339 γεγένηται,
487 1269 552 1322 σὺ
585 1268 642 1322 δέ
668 1267 852 1340 σαυτῷ
877 1267 1048 1324 ταῦτα
1069 1265 1461 1340 προεξένησας,
1493 1269 1588 1322 ἐπὶ
1612 1269 1818 1341 μηδένα

161 1357 330 1426 ἐτερον
363 1357 466 1428 τὴν
503 1356 684 1409 αἰτίαν
727 1354 900 1424 ἔπαγε
921 1355 950 1395 δ
976 1395 991 1418 ,
1039 1355 1177 1410 ἀλλά
1213 1357 1280 1427 τῇ
1327 1355 1526 1410 σαυτοῦ
1579 1357 1821 1430 ῥαθυμίᾳ

161 1448 255 1497 πᾶν
283 1444 578 1514 ἐπίγραφε.
617 1443 777 1496 Ἀλλά
797 1443 956 1498 πάλιν
979 1445 1108 1514 ἡμῖν
1127 1443 1313 1516 ἕτερον
1330 1443 1548 1516 ζήτημα
1576 1445 1823 1500 ἐντεῦθεν

161 1531 406 1594 τίκτεται,
439 1531 599 1602 ὅπερ,
631 1532 678 1583 εἰ
709 1529 964 1600 βούλεσθε
985 1571 1001 1596 ,
1037 1531 1318 1602 συντόμως
1363 1532 1714 1597 διαλύσαντες
1759 1535 1824 1586 τὸ

161 1619 445 1691 τηνικαῦτα
483 1618 906 1689 καταπαύσομεν
959 1619 1049 1672 τὸν
1099 1618 1276 1689 λόγον.
1331 1617 1498 1684 Εἴπε,
1549 1621 1715 1692 φησὶν
1735 1662 1751 1688 ,
1791 1623 1822 1676 6

161 1707 302 1768 Θεός·
325 1700 412 1778 τῌ
431 1706 510 1759 ἂν
525 1707 714 1774 ἡμέρᾳ
739 1705 966 1776 φάγητε
980 1707 1082 1762 ἀπ’
1112 1707 1321 1772 αὐτοῦ,
1344 1708 1576 1774 θανάτῳ
1601 1709 1821 1763 ἀποθα-

160 1793 363 1848 νεῖσθε·
385 1793 694 1847 δείκνυνται
721 1794 778 1847 δὲ
796 1793 1060 1865 ζήσαντες
1089 1795 1228 1866 μετά
1262 1795 1363 1866 τήν
1395 1799 1704 1866 παρακοήν,
1725 1797 1822 1850 καὶ

160 1883 212 1936 τὸ
229 1884 327 1952 τῆς
353 1883 614 1954 βρώσεως
641 1887 954 1954 μετασχεῖν,
987 1883 1193 1936 πολλῶν
1224 1883 1360 1937 ἐτῶν
1383 1883 1822 1956 ἀριθμόν.Τοῦτο

158 1971 288 2024 δοκεῖ
343 1973 446 2029 μὲν
495 1970 683 2034 ἁπλῶς
732 1975 846 2034 τοῖς
891 1971 1225 2036 ἐπιπολαίως
1276 1974 1664 2043 ἐντυγχάνουσι
1707 1976 1820 2037 τοῖς

159 2061 490 2130 ἑγκειμὲνοις
538 2059 684 2129 ἔχειν
716 2058 940 2131 ζήτησίν
987 2077 1110 2113 τινα
1133 2074 1147 2089 ⁸
1193 2061 1244 2114 εἰ
1283 2060 1340 2114 δέ
1359 2079 1443 2124 τις
1465 2061 1820 2131 εὐγνωμόνως

157 2149 244 2219 τὴν
283 2147 458 2218 ἀκοὴν
486 2147 798 2217 ὑπόσχοιτο,
825 2147 997 2216 σαφές
1029 2149 1146 2201 ἐστι
1181 2147 1244 2200 τὸ
1285 2148 1572 2219 εἰρημένον
1599 2149 1695 2201 καὶ
1729 2149 1820 2202 οὐ-

157 2234 332 2304 δεμίαν
368 2231 448 2306 τῷ
480 2233 804 2304 προσέχοντι
831 2234 1056 2304 ζήτησιν
1098 2234 1237 2304 ἐχον.
1283 2233 1348 2288 Εἰ
1377 2234 1486 2307 7&9
1519 2235 1615 2288 καί
1652 2234 1821 2288 πολὺν

157 2319 280 2372 ἐτῶν
305 2321 500 2392 χρόνον
522 2321 618 2390 ἔζη
627 2337 746 2386 σαν,
771 2321 886 2374 ἀλλ’
901 2322 1052 2392 ὅμως
1069 2323 1164 2391 ἀφ’
1191 2317 1261 2394 ἦς
1281 2323 1523 2394 ήκουσαν
1537 2324 1620 2386 τὸ,
1639 2320 1728 2390 Γῆ
1744 2318 1816 2387 εἴ,

159 2410 244 2461 καί
273 2413 360 2475 εἰς
379 2409 498 2479 γῆν
521 2410 856 2478 ἀπελεύσῃ,
891 2409 983 2464 καὶ
1007 2411 1108 2482 τὴν
1133 2411 1406 2480 ἀπόφασιν
1452 2410 1700 2478 ἐδέξαντο
1723 2411 1818 2465 τοῦ

159 2497 395 2562 θανάτου,
433 2499 530 2550 καὶ
587 2498 770 2567 θνητοί
819 2499 1096 2567 γεγόνασι,
1149 2501 1244 2552 καὶ
1275 2499 1336 2564 ἐξ
1367 2499 1576 2553 ἐκείνου
1623 2498 1692 2554 ἀν
1735 2517 1820 2565 τις

157 2581 294 2639 εἶπεν
321 2587 522 2648 αὐτοὺς
550 2585 890 2656 τεθνηκέναι.
923 2585 1092 2640 Τοῦτο
1121 2583 1216 2640 οὖν
1245 2588 1392 2658 καὶή
1432 2587 1621 2658 Γραφὴ
1648 2588 1820 2642 αἰνιτ-

157 2674 344 2744 τομένη
371 2669 550 2736 εἷπεν,
585 2674 668 2726 ὅτι
715 2666 798 2746 ’ᾙ
849 2673 903 2726 δ’
931 2675 1010 2728 ἂν
1064 2675 1255 2744 ἡμέρᾳ
1297 2673 1546 2744 φάγητε,
1587 2675 1820 2741 θανάτῳ

157 2761 544 2815 ἀποθανεῖσθε
557 2777 573 2792 ·
592 2761 713 2814 ἀντὶ
737 2761 972 2832 τοῦ,Τὴν
993 2763 1266 2832 ἀπόφασιν
1284 2763 1500 2830 δέξεσθε
1524 2763 1618 2817 τοῦ
1637 2763 1819 2835 θνητοὶ

159 2849 329 2901 λοιπὸν
389 2846 550 2902 εἷναι.
611 2848 878 2920 Καθάπερ
913 2849 1024 2922 7&9
1057 2852 1148 2904 ἐπὶ
1174 2850 1281 2904 τῶν
1310 2851 1679 2924 δικαστηρίων
1707 2853 1816 2908 τῶν

157 2935 524 3005 ἀνθρωπίνων,
567 2935 788 2988 ἐπειδάν
818 2937 1092 3006 ἀπόφασίν
1121 2955 1204 3001 τις
1232 2937 1525 3010 δεξάμενος
1554 2939 1649 2994 τοῦ
1679 2940 1816 2995 πάν-

155 3039 250 3085 τως
279 3025 380 3092 τὴν
403 3023 649 3093 κεφαλὴν
669 3023 1076 3099 ἀποτμηθῆναι,
1103 3019 1222 3079 εἶτα
1253 3026 1333 3090 είς
1359 3026 1419 3080 τὸ
1445 3027 1817 3099 δεσμωτήριον

155 3109 410 3181 ἐμϐληθῇ,
461 3111 567 3163 κᾶν
598 3111 692 3163 ἐπὶ
717 3111 883 3165 πολὺν
910 3097 1100 3184 χρόνον
1127 3113 1379 3186 διαμένῃ,
1414 3097 1565 3167 οὐδὲν
1594 3097 1816 3186 ἄμεινον

156 3199 253 3252 τῶν
277 3198 488 3269 νεκρῶν
515 3199 610 3250 καί
636 3197 976 3269 τεθνηκότων
1001 3200 1194 3267 διάξει,
1223 3204 1290 3272 τῇ
1319 3203 1591 3271 ἀποφάσει
1627 3203 1819 3274 τεθνη-

157 3286 288 3347 κὼς·
339 3289 436 3340 τὸν
486 3287 650 3339 αὐτὸν
685 3287 750 3358 δή
780 3287 980 3358 τρόπον
1009 3290 1103 3341 καὶ
1144 3283 1310 3352 οὗτοι,
1368 3289 1426 3356 ἐξ
1466 3290 1682 3360 ἐκείνης
1719 3291 1817 3363 τῆς

155 3375 376 3444 ἡμέρας,
401 3375 462 3439 ἐξ
482 3369 552 3446 ἧς
577 3375 676 3445 τὴν
695 3375 970 3443 ἀπόφασιν
1003 3377 1251 3440 ἐδέξαντο
1273 3379 1370 3448 τῆς
1397 3378 1739 3450 θνήτ’ότητος,
1771 3382 1818 3434 εί

155 3465 239 3516 καὶ
267 3463 436 3516 πολὺν
477 3463 772 3533 διήρκεσαν
799 3465 1010 3534 χρόνον,
1037 3463 1174 3517 ἀλλὰ
1222 3467 1289 3536 τῇ
1323 3467 1592 3536 ἀποφάσει
1624 3467 1817 3538 τεθνή-

155 3569 322 3606 κασιν.
357 3547 491 3604 Οἶδα
512 3551 596 3604 ὅτι
623 3550 796 3604 πολλὰ
825 3553 894 3604 τὰ
933 3553 1202 3623 εἰρημένα
1253 3554 1348 3607 καὶ
1371 3555 1451 3618 εἰς
1483 3556 1616 3610 πολὺ
1647 3556 1820 3627 μῆκος

153 3641 278 3709 ήμίν
335 3639 570 3710 ἐξετάθη
609 3639 676 3692 τά
723 3639 824 3708 τῆς
871 3639 1251 3706 διδασκαλίας’
1283 3641 1363 3696 διὸ
1397 3643 1584 3714 ἐπειδὴ
1627 3647 1694 3715 τῇ
1723 3645 1818 3699 τοῦ

153 3727 280 3779 θεοῦ
308 3730 494 3799 χάριτι
523 3727 664 3780 κατά
693 3726 924 3797 δύναμιν
951 3727 1225 3800 ἡμετέραν
1271 3731 1484 3783 ἅπαντα
1525 3731 1606 3793 είς
1655 3731 1820 3802 μέσον

155 3815 273 3885 ὑμῖν
311 3815 608 3884 προθέντες
638 3815 790 3879 τέλος
822 3815 1177 3886 ἐπεθήκαμεν
1220 3819 1334 3881 τοῖς
1385 3819 1816 3886 ἀναγνωσθεῖσι,

157 3903 518 3973 συστείλωμεν
551 3903 790 3956 ἐνταῦθα
817 3902 910 3955 τὸν
946 3903 1126 3971 λόγον.

219 3998 274 4048 ι’.
311 3992 470 4060 Ἐνῆν
516 3991 616 4061 μέν
645 3990 754 4060 γὰρ
783 3991 877 4043 καὶ
904 3990 1064 4062 ἕτερα
1095 3993 1428 4063 προσθέντας
1458 3993 1629 4062 δείξαι
1659 3997 1820 4050 πάλιν

155 4081 244 4132 καὶ
269 4080 472 4148 ταύτην
502 4079 676 4150 αὐτὴν
707 4079 806 4149 τὴν
828 4080 1100 4151 τιμωρίαν
1125 4080 1224 4152 τὴν
1253 4081 1604 4153 ἐπαχθεῖσαν,
1632 4085 1727 4138 καὶ
1759 4085 1820 4138 τὸ

158 4168 374 4238 θνητοὺς
390 4167 644 4236 γενέσθαι
663 4164 864 4235 πολλὴν
884 4167 1114 4236 έχουσαν
1131 4169 1366 4224 ἄϐυσσον
1389 4171 1576 4240 φιλανθ
1587 4172 1816 4242 ρωπίαςο

309 4257 396 4309 ἵνα
433 4256 508 4326 μὴ
535 4255 614 4325 τῷ
647 4253 824 4325 πολλῷ
857 4255 1054 4326 πλήθει
1079 4256 1484 4329 καταχώσωμεν
1537 4260 1693 4329 ὐμῶν
1721 4259 1820 4333 τὴν

156 4343 407 4406 διάνοιαν,
463 4343 614 4413 φέρε,
669 4343 1142 4413 παρακαλέσωμεν
1189 4347 1334 4414 ὑμᾶς
1368 4345 1519 4420 [149]
1567 4349 1820 4406 ἐντεῦθεν

157 4429 461 4494 ἐξελθόντας
497 4429 573 4500 μὴ
605 4431 686 4493 εἰς
736 4431 1028 4501 ἀνονήτους
1056 4442 1079 4470 ο
1113 4432 1404 4502 συλλόγους
1442 4435 1670 4500 ἐαυτοὺς
1723 4439 1816 4490 ἐκ-

157 4517 368 4582 διδόναι,
411 4517 546 4588 μηδέ
568 4518 649 4580 είς
677 4517 947 4589 φλυαρίας
971 4520 1256 4591 ἀκαίρους,
1282 4521 1418 4575 ἀλλά
1445 4522 1568 4576 καθ’
1591 4526 1820 4587 ἑαυτοὺς

159 4602 429 4666 συνιέντας
456 4601 573 4672 μετ’
599 4601 844 4673 ἀλλήλων
869 4603 1149 4672 συλλέγειν
1177 4604 1248 4658 τὰ
1280 4607 1400 4677 είρη
1410 4607 1546 4676 μένα
1563 4647 1579 4674 ,
1623 4610 1716 4662 καὶ
1739 4612 1820 4675 εἰς

157 4691 454 4760 ὑπόμνησιν
479 4689 708 4752 ἑαυτοὺς
729 4687 906 4758 ἄγειν,
937 4689 991 4742 τί
1018 4690 1115 4760 μὲν
1135 4692 1164 4743 6
1184 4691 1446 4765 δικαστὴς
1463 4695 1817 4766 ἀπεκρίνατο,

155 4778 277 4832 τίδὲ
301 4780 354 4832 οἰ
379 4777 674 4832 ὑπεύθυνοι
701 4777 1111 4849 ἀπελογήσαντο
1138 4819 1154 4844 ,
1205 4779 1298 4832 καί
1345 4781 1464 4843 πῶς
1491 4783 1520 4834 6
1575 4783 1674 4854 μὲν
1730 4785 1817 4837 ἐπ’

157 4865 361 4936 ἐκείνην
383 4865 487 4936 τὴν
519 4865 700 4918 αἰτίαν
728 4866 1060 4936 μετήγαγεν,
1086 4864 1268 4936 ἐκείνη
1306 4865 1364 4918 δὲ
1407 4867 1500 4920 ἐπὶ
1527 4867 1618 4922 τὸν
1653 4869 1776 4940 ὅφιν
1799 4911 1814 4933 ,

158 4953 386 5018 καὶπῶς
424 4953 524 5007 καὶ
551 4951 740 5006 τοῦτον
776 4953 1162 5025 ἐτιμωρήσατο
1187 4995 1200 5016 ,
1241 4954 1336 5007 καί⁵
1362 4955 1443 5008 ὅτι
1475 4955 1695 5028 διηνεκῆ
1725 4959 1820 5012 καί.

155 5040 226 5111 τῷ
251 5042 422 5095 παντὶ
439 5039 598 5094 αἰῶνι
633 5039 1244 5116 συμπαρεκτεινομένην
1269 5041 1526 5114 αὐτῷτὴν
1549 5045 1819 5116 τιμωρίαν

157 5131 419 5203 ἐπήγαγε,
481 5129 578 5183 καὶ
639 5128 875 5199 σφοδρὰν
927 5127 1026 5200 τὴν
1074 5127 1194 5182 κατ’
1227 5129 1392 5183 αὐτοῦ
1443 5131 1817 5203 ἀγανάκτησιν

153 5219 462 5288 ἐποιήσατο,
502 5217 598 5272 καὶ
620 5216 708 5271 διὰ
749 5216 940 5270 τούτου
966 5217 1180 5280 δεικνὺς
1203 5215 1304 5289 τήν
1341 5218 1480 5290 πρὸς
1518 5222 1643 5284 τοὺς
1675 5221 1820 5276 ἀπα-

153 5306 408 5375 τηθέντας
440 5305 786 5376 κηδεμονίαν.
810 5305 888 5357 Δι’
919 5297 996 5358 ὧν
1015 5304 1122 5376 7&9
1143 5305 1236 5359 τὸν
1263 5306 1620 5378 ἀπατήσαντα
1648 5307 1821 5375 οὕτως

153 5388 413 5456 ἠμύνατο,
439 5389 597 5459 δῆλον
611 5389 696 5442 ὅτι
726 5387 807 5451 είς
825 5388 952 5451 τοὺς
986 5387 1128 5441 πάνυ
1151 5385 1301 5458 αὐτῷ
1323 5389 1821 5462 περισπουδάστους

153 5473 243 5544 τὴν
275 5476 494 5545 ἀπάτην
516 5475 829 5544 εἰργάσατο.
854 5471 988 5526 Εἶτα
1011 5471 1260 5527 ἐντεῦθεν
1291 5491 1395 5545 μνη
1405 5474 1700 5545 μονεύσατε
1721 5478 1817 5532 τοῦ

155 5562 425 5634 ἐπιτιμίου
468 5561 570 5632 τῆς
607 5561 885 5630 γυναικὸς,
940 5561 1036 5614 καὶ
1085 5561 1185 5631 τῆς
1241 5561 1515 5626 κολάσεως
1564 5565 1665 5634 τῆς
1717 5567 1818 5619 ἐπ-

155 5649 409 5720 αχθείσης
435 5649 598 5720 αὐτῇ,
640 5649 841 5720 μᾶλλον
887 5647 946 5702 δέ
975 5649 1074 5720 τῆς
1105 5647 1406 5714 νουθεσίας,
1447 5653 1540 5704 καὶ
1572 5652 1716 5707 οὕτω
1749 5655 1818 5708 τά

155 5737 283 5806 πρὸς
336 5737 432 5790 τὸν
473 5736 644 5806 ’Δδάμ
685 5735 950 5808 εἰρημένα
997 5735 1468 5807 μνημονεύσαντες
1495 5779 1510 5806 ,
1569 5741 1666 5794 καὶ
1717 5743 1820 5813 τῆς

211 5868 239 5897 ⁸
279 5867 488 5934 Ουίόιιιῃ
527 5875 720 5934 πιεεεεὶ
736 5868 892 5934 Savi]1
910 5872 1032 5926 ζωῆς
1057 5885 1162 5934 σου.
1189 5868 1314 5919 Infra
1337 5871 1435 5934 duo
1455 5885 1568 5921 mss.
1595 5881 1653 5934 γῆ
1677 5876 1818 5924 πάλιν

159 5929 340 5998 γίνεται.
405 5931 434 5972 1ο
457 5932 802 5998 δε-νὶίκάπαγε.
850 5929 1023 5998 M9r_e_l.
1067 5931 1286 5998 ἐπάγαγε.
1315 5933 1454 5981 Alius
1476 5929 1663 5998 μέταγε.
1687 5936 1815 5989 Infra

159 5993 342 6052 Quidam
371 6009 478 6046 mss.
511 5991 704 6043 ἐνταῦθα
725 5991 828 6044 κατ.
901 5994 919 6023 "
949 5991 1120 6044 Morel.
1160 5991 1400 6052 ἀνοήτους.

1256 361 1326 417 ΙΝ
1359 361 1516 422 CAP.
1556 362 1622 417 ΙΙΙ
1663 361 1907 418 GENES.
1949 361 2184 422 HOMIL.
2215 365 2404 424 XVIII.

3496 368 3596 424 148

1928 480 2258 550 ἀποφάσεως
2291 485 2374 547 εἰς
2416 481 2622 538 ἔννοιαν
2673 483 2938 548 ἐλθόντες,
2964 482 3094 537 Ὀτι
3129 481 3208 553 γῆ
3241 477 3314 548 ετ,
3361 482 3458 536 καί
3505 491 3596 550 εις

1924 566 2040 637 γῆν
2053 569 2388 638 ἁπελεύσῃ,
2415 570 2662 624 ἐντεῦθεν
2680 571 2990 642 ἐκπλάγητε
3003 571 3100 642 τήν
3117 570 3322 639 ἄφατον
3347 568 3441 622 τοῦ
3463 571 3600 624 Θεοῦ

1925 655 2356 728 φιλανθρωπίαν,
2385 659 2466 710 ὅτι
2493 659 2641 729 ἡμᾶς
2662 660 2787 721 τοὺς
2821 661 2884 710 ἐκ
2917 659 3016 730 τῆς
3041 658 3147 728 γῆς
3175 658 3355 721 ὄντας,
3392 659 3485 712 καὶ
3519 661 3598 722 εἰς

1923 743 2029 812 γῆν
2080 743 2478 816 διαλυομένους,
2519 748 2568 798 εἰ
2613 745 3002 817 βουληθείημεν
3050 745 3251 818 ἀρετὴν
3283 747 3597 814 μετελθεῖν,

1925 831 2020 883 καὶ
2071 830 2269 884 κακίαν
2319 833 2532 901 φυγεῖν,
2588 831 2698 886 τῶν
2740 833 3068 902 ἀπορρήτων
3110 833 3332 885 ἐκείνων
3378 832 3599 901 ἀγαθῶν

1923 918 2108 984 ἀξιοῦν
2129 919 2490 990 ἐπηγγείλατο
2520 922 2628 974 τῶν
2663 920 3076 992 ἡτοιμασμένων
3101 922 3212 985 τοῖς
3255 921 3598 990 ἠγαπηκόσιν

1923 1003 2106 1074 αὐτὸν,
2147 1008 2207 1060 Ἃ
2237 1007 2543 1077 ὀφθαλμὸς
2573 1010 2684 1062 οὐκ
2713 1005 2856 1072 εἶδε,
2896 1009 2995 1061 καὶ
3043 1003 3152 1074 οὖς
3191 1011 3302 1060 οὐκ
3342 1007 3594 1077 ἢκουσε,

1924 1091 2024 1145 καί
2061 1091 2158 1145 ἐπὶ
2190 1091 2440 1161 καρδίαν
2480 1093 2795 1162 ἀνθρώπου
2833 1098 2946 1149 οὐκ
2969 1094 3174 1162 ἀνέϐη.
3211 1095 3384 1166 Χάριν
3417 1096 3596 1148 τοίνυν

1923 1178 2122 1250 πολλὴν
2158 1181 2446 1252 ὀφείλομεν
2488 1181 2645 1252 ἡμῶν
2699 1181 2977 1252 ὁμολογεῖν
3032 1181 3109 1252 τῷ
3159 1183 3404 1254 Δεσπότῃ
3457 1183 3595 1254 ὑπὲρ

1921 1265 2031 1321 τῶν
2051 1267 2385 1338 τηλικούτων
2407 1269 2756 1340 εὐεργεσιῶν,
2793 1270 2888 1324 καὶ
2919 1269 3203 1340 μηδέποπε
3230 1269 3370 1342 λήθῃ
3411 1268 3593 1323 ταῦτα

1923 1355 2339 1426 παραπέμπειν,
2400 1355 2536 1409 ἀλλά
2581 1355 2670 1410 διά
2720 1355 2830 1410 τῶν
2878 1356 3100 1425 ἀγαθῶν
3137 1357 3314 1427 ἔργων
3353 1357 3444 1410 καὶ
3492 1357 3593 1426 τῆς

1921 1443 2121 1515 πολλῆς
2145 1443 2252 1496 τῶν
2275 1444 2493 1513 φαύλων
2514 1445 2824 1515 ἀποφυγῆςς
2847 1444 3035 1498 τοῦτον
3063 1443 3476 1516 ἐξιλεωσώμεθα
3498 1445 3596 1499 καὶ

1921 1531 2122 1602 εὐμενῆ
2171 1533 2301 1602 ήμῖν
2351 1534 2802 1603 καταστήσωμεν.
2839 1532 2963 1596 Πῶς
2993 1531 3103 1603 7&9
3128 1533 3187 1585 οὐ
3233 1533 3412 1603 πάσης
3436 1532 3594 1585 τοῦτο

1921 1617 2312 1690 ἀγνωμοσύνης
2347 1618 2565 1690 δεῖγμα,
2596 1621 2645 1672 εἰ
2671 1620 2832 1683 αὐτὸς
2865 1619 2985 1690 μὲν,
3021 1617 3152 1680 Θεὸς
3177 1619 3252 1672 ὢν
3286 1620 3380 1672 καὶ
3400 1619 3594 1673 ἀθάνα-

1920 1723 2033 1769 τος,
2065 1704 2162 1778 τὴν
2186 1706 2345 1770 φύσιν
2371 1705 2734 1761 ἀναλαϐέσθαι
2764 1706 2864 1778 τὴν
2885 1707 3088 1777 θνητὴν
3111 1707 3270 1777 ήμῶν
3292 1708 3386 1760 καὶ
3408 1707 3593 1776 γήϊνον

1917 1793 2108 1850 οὐσίαν
2145 1796 2204 1848 οὐ
2241 1797 2635 1869 παρῃτήσατο,
2687 1797 2781 1850 καὶ
2831 1795 2934 1867 τῆς
2982 1797 3216 1868 ἀρχαίας
3273 1796 3594 1868 νεκρώσεως

1919 1883 2244 1949 ἀπαλλάξαι,
2278 1885 2374 1938 καὶ
2417 1884 2555 1954 ὑπὲρ
2583 1884 2675 1938 τὸν
2703 1885 2932 1956 οὐρανὸν
2963 1884 3168 1955 ταύτην
3223 1883 3554 1938 ἀναϐιϐάσαι
3575 1924 3591 1949 ,

1920 1971 2018 2025 καὶ
2047 1975 2114 2044 τῇ
2146 1975 2388 2044 πατρικῇ
2438 1971 2692 2044 συνεδρίᾳ
2718 1972 2968 2044 τιμῆσαι,
3017 1973 3112 2026 καὶ
3142 1972 3247 2024 ὑπὸ
3273 1974 3456 2043 πάσης
3495 1973 3594 2043 τῆς

1919 2061 2176 2133 οὐρανίας
2198 2065 2456 2131 στρατιᾶς
2485 2061 2906 2134 προσκυνεῖσθαι
2935 2062 3290 2128 καταξιῶσαι,
3343 2065 3506 2134 ἡμεῖς
3535 2063 3594 2118 δέ

1917 2149 1987 2201 τά
2003 2149 2219 2202 ἐναντία
2244 2148 2418 2219 τούτῳ
2437 2150 2768 2220 ἀνταμεϊψαι
2790 2151 2852 2203 οὐ
2877 2149 3311 2222 κατῃδέσθημεν,
3336 2149 3475 2203 ἀλλὰ
3497 2152 3593 2204 καὶ

1917 2235 2020 2310 τὴν
2041 2235 2305 2291 ἀθάνατον
2331 2237 2529 2308 ψυχὴν,
2563 2238 2638 2298 ὡς
2659 2239 2726 2293 ἀν
2745 2255 2828 2302 τις
2850 2237 3015 2303 εῐποι,
3045 2239 3112 2309 τῇ
3138 2239 3300 2310 σαρκὶ
3323 2238 3593 2309 προσκολ-

1919 2324 2205 2394 λήσαντες,
2239 2326 2429 2396 γήϊνον
2477 2325 2644 2398 αὐτὴν
2699 2327 2796 2380 καὶ
2851 2327 3054 2396 νεκράν
3097 2328 3192 2380 καὶ
3235 2326 3594 2398 ἀνενέργητον

1918 2411 2172 2480 γενέσθαι
2211 2414 2728 2484 κατεσκευάσαμεν;
2781 2413 2894 2484 Μή,
2937 2413 3262 2484 παρακαλῶ,
3305 2413 3380 2485 μὴ
3422 2413 3594 2477 οὕτως

1918 2498 2231 2570 ἀγνώμονες
2249 2495 2400 2572 ῶμεν
2427 2502 2558 2572 περὶ
2579 2501 2672 2554 τὸν
2719 2501 2954 2554 τοσαῦτα
2980 2502 3126 2572 ἡμᾶς
3159 2502 3591 2573 εὐηργετηκότα,

1919 2587 2054 2641 ἀλλά
2087 2590 2196 2652 τοῖς
2216 2588 2381 2642 αὐτοῦ
2406 2589 2589 2659 νόμοις
2620 2588 2896 2658 ἑπόμενοι,
2929 2589 2998 2642 τὰ
3037 2588 3188 2659 αὐτῷ
3211 2588 3472 2643 δοκοῦντα
3498 2590 3594 2642 καὶ

1920 2675 2192 2747 εὐάρεστα
2243 2676 2372 2730 ὄντα
2419 2675 2900 2748 διαπραττώμεθα,
2955 2676 3044 2729 ἵνα
3079 2677 3173 2729 καὶ
3216 2675 3326 2728 τῶν
3358 2677 3596 2729 αἰωνίων

1919 2763 2140 2832 ἀγαθῶν
2169 2763 2351 2830 ἀξίους
2378 2765 2526 2835 ἡμᾶς
2549 2763 2804 2837 ἀναδείξῃ
2821 2781 2836 2796 υ
2868 2756 2943 2817 ὧν
2967 2764 3179 2832 γένοιτο
3209 2764 3418 2826 πάντας
3445 2766 3594 2834 ἡμᾶς

1920 2851 2237 2921 ἀξιωθῆναι,
2297 2852 2481 2924 χάριτι
2517 2851 2608 2905 καὶ
2639 2851 3019 2922 φιλανθρωπία
3071 2851 3164 2905 τοῦ
3197 2852 3403 2923 Κυρίου
3435 2851 3596 2922 ήμῶν

1933 2937 2108 3009 Ἰησοῦ
2133 2939 2389 3010 Χριστοῦ.
2428 2938 2548 3010 μεθ’
2586 2931 2647 2992 οὗ
2678 2939 2755 3011 τῷ
2795 2940 2990 3010 Πατρὶ,
3017 2939 3134 3009 ἅμα
3153 2939 3231 3009 τῷ
3265 2939 3404 3010 ἁγίῳ
3427 2941 3596 2992 Πνεῦ-

1923 3043 2056 3096 ματι
2102 3026 2251 3092 δόξα,
2287 3029 2523 3096 κράτος,
2566 3028 2722 3099 τιμὴ,
2774 3027 2871 3082 νῦν
2917 3029 3014 3082 καὶ
3052 3028 3176 3096 ἀεὶ,
3216 3029 3311 3081 καὶ
3349 3029 3430 3092 είς
3471 3030 3596 3094 τοὺς

1919 3114 2120 3180 αἰῶνας
2151 3115 2258 3170 τῶν
2281 3115 2518 3172 αἰώνων.
2565 3117 2758 3186 Ἀμήν.

2483 3278 2632 3352 [150]
2658 3280 2900 3334 OMIAIA
2931 3279 3042 3334 ur.

1919 3411 2034 3466 Καὶ
2068 3411 2367 3466 ἐκάλεσεν
2405 3409 2576 3478 Ἀδὰμ
2609 3410 2675 3462 τὸ
2705 3411 2892 3478 ὄνομα
2922 3409 3034 3480 τῆς
3071 3411 3355 3480 γυναικὸς
3385 3410 3594 3476 αὐτοῦ,

1991 3481 2189 3548 Ζωὴά,
2219 3483 2309 3534 ὅτι
2334 3480 2484 3546 αὕτη
2512 3481 2715 3550 μήτηρ
2743 3480 2984 3550 πάντων
3033 3481 3151 3535 τῶν
3190 3481 3439 3542 ζώντων.
3485 3482 3597 3539 Καὶ

1993 3553 2248 3622 ἐποίησε
2300 3552 2514 3622 Κύριος
2541 3553 2572 3604 ό
2607 3551 2752 3616 Θεὸς
2785 3549 2866 3615 τῷ
2911 3549 3088 3620 Ἀδὰμ
3121 3555 3220 3622 καὶ
3249 3551 3322 3620 τῇ
3358 3553 3595 3622 γυναικὶ

1991 3621 2178 3674 αὐτοῦ
2203 3619 2458 3689 χιτῶνας
2479 3619 2892 3688 δερματίνους,
2915 3623 3010 3673 καὶ
3032 3619 3324 3674 ἐνέδυσεν
3351 3619 3592 3687 αὐτούς.

1989 3691 2112 3762 Kal
2130 3687 2300 3744 εἶπεν
2323 3693 2358 3746 ό
2385 3691 2532 3756 Θεός
2551 3707 2565 3720 '
2609 3691 2766 3744 ἰδοὺ
2813 3691 2996 3760 Ἀδὰμ
3023 3692 3269 3762 γέγονεν
3295 3693 3376 3760 ὡς
3410 3687 3498 3758 εἷς
3526 3693 3595 3758 ἐξ

1992 3760 2178 3832 ἡμῶν.

1994 3905 2061 3951 α’.
2079 3897 2262 3951 Εἶδετε
2283 3897 2402 3968 χθὲς
2423 3897 2688 3950 Δικαστοῦ
2707 3897 3116 3968 φιλανθρωπίαν
3132 3914 3146 3963 ;
3164 3897 3332 3951 εἴδετε
3351 3898 3596 3965 ἐξέτασιν

1920 3986 2258 4056 ἀγαθότητος
2287 3985 2568 4056 γέμουσαν
2594 4003 2609 4054 ;
2635 3986 2804 4039 εἰδετε
2840 3987 3120 4058 τιμωριῶν
3154 3987 3449 4059 διαφοράν;
3479 3988 3596 4052 πῶς

1925 4075 2024 4146 μὲν
2053 4077 2081 4128 ὁ
2113 4073 2202 4127 διὰ
2239 4073 2340 4144 τῆς
2366 4075 2585 4145 ἀπάτης
2621 4073 2988 4136 ὑποσκελίσας
3017 4075 3359 4146 ἐτιμωρήθη,
3388 4077 3506 4140 πῶς
3539 4077 3596 4129 δέ

1920 4163 1955 4234 ή
1979 4165 2090 4226 τοῖς
2115 4161 2584 4215 ὐποσκελισθεῖσιν
2614 4161 2918 4230 ἐπαχθεῖσα
2960 4161 3204 4232 τιμωρία
3235 4163 3436 4234 πολλὴν
3486 4165 3594 4217 δεί-

1921 4267 2080 4304 κνυσι
2107 4250 2208 4322 τὴν
2243 4249 2340 4302 τοῦ
2371 4248 2508 4302 Θεοῦ
2549 4247 2994 4319 φιλανθρωπίαν;
3029 4249 3202 4302 εἴδετε
3248 4250 3426 4322 πόσης
3462 4255 3596 4322 ἡμῖν

1919 4321 2186 4406 ὠφελείας
2219 4338 2442 4404 γέγονεν
2471 4337 2730 4399 ὑπόθεσις
2757 4335 2820 4388 τὸ
2861 4321 3320 4408 παραστῆναίτῷ
3337 4321 3596 4410 δικαστη-

1922 4426 2045 4497 ρίῳ,
2077 4426 2172 4478 καὶ
2199 4425 2328 4478 ἰδεῖν
2343 4425 2494 4487 ὅπως
2514 4421 2905 4494 προεχώρησεν
2923 4427 2957 4494 ἡ
2985 4423 3270 4493 ἐξέτασιςς
3307 4427 3596 4498 Ἐγνωμεν

1919 4511 2050 4583 γὰρ,
2088 4513 2228 4566 ὅσων
2257 4529 2316 4564 τε
2339 4512 2434 4565 καί
2467 4511 2673 4581 ἡλίκων
2700 4511 2924 4580 ἀγαθῶν
2954 4515 3182 4578 ἑαυτοὺς
3210 4517 3595 4587 ἀπεστέρησαν

1919 4601 1948 4654 ὃ
1972 4618 2033 4654 τε
2069 4600 2260 4672 Ἀδὰμ,
2289 4601 2324 4670 ἦ
2353 4617 2412 4653 τε
2443 4599 2578 4664 Εὕα,
2603 4600 2692 4654 διὰ
2709 4600 2810 4670 τῆς
2833 4603 3200 4671 παραϐάσεως
3227 4603 3330 4673 τῆς
3349 4603 3596 4676 δοθείσης

1917 4689 2142 4758 ἐντολῆς
2163 4725 2180 4754 ,
2225 4689 2602 4760 γυμνωθέντες
2631 4689 2732 4760 τῆς
2773 4688 2931 4760 δόξης
2967 4689 3185 4762 ἐκείνης
3212 4692 3310 4762 τῆς
3339 4693 3552 4761 ἀφάτου
3575 4736 3591 4760 ,

1919 4778 2016 4831 καὶ
2043 4776 2143 4845 τῆς
2173 4776 2321 4846 ζωῆς
2342 4777 2442 4846 τῆς
2489 4777 2641 4830 οὐδὲν
2687 4777 2909 4830 ἔλαττον
2959 4778 3146 4848 σχεδὸν
3171 4789 3194 4818 ο
3230 4777 3462 4849 ἐχούσης
3485 4781 3594 4834 τῶν

1920 4863 2186 4931 ἀγγέλων.
2211 4863 2440 4935 Είδομεν
2469 4863 2570 4934 τήν
2592 4862 2950 4928 ἀνεξικακίαν
2975 4865 3071 4918 τοῦ
3099 4866 3394 4929 Δεσπότου,
3437 4868 3596 4921 ἐπαι-

1919 4953 2190 5024 δεύθημεν
2220 4955 2346 5008 ὅσον
2379 4954 2550 5008 κακόν
2580 4955 2698 5008 ἐστι
2743 4954 3006 5026 ῥᾳθυμία,
3043 4956 3138 5007 καὶ
3169 4955 3318 5019 ὅπως
3351 4957 3447 5010 καὶ
3485 4959 3593 5010 τῶν

1919 5041 2023 5112 ήδη
2063 5041 2432 5112 ὑπηργμένων
2469 5041 2691 5110 ἀγαθῶν
2717 5043 2961 5112 γυμνοὺς
3007 5043 3102 5096 καὶ
3153 5043 3396 5115 ἐρήμους
3443 5048 3592 5116 ἡμᾶς

1921 5127 2234 5200 ἐργάζεται,
2266 5129 2360 5182 καὶ
2407 5129 2466 5181 ἐν
2513 5128 2681 5198 πολλῇ
2730 5127 3022 5199 καθίστησι
3059 5131 3127 5202 τῇ
3175 5131 3426 5204 αἰσχύνῃ.
3478 5136 3589 5198 Διὸ,

1919 5215 2243 5287 παρακαλῶ,
2280 5219 2560 5286 νήφωμεν,
2609 5216 2705 5270 καὶ
2755 5215 2827 5270 τά
2879 5217 3105 5270 ἐκείνων
3147 5217 3415 5290 πτώματα
3461 5223 3595 5292 ἡμῖν

1922 5304 2163 5373 γενέσθω
2179 5305 2467 5376 φάρμακα,
2497 5304 2590 5358 καὶ
2618 5305 2653 5375 ἡ
2681 5303 2905 5359 ἐκείνων
2931 5304 3174 5376 ῥᾳθυμία
3199 5308 3330 5378 ἡμῖν
3355 5310 3596 5377 γενέσθω

1923 5391 2224 5462 ἀσφαλείας
2253 5391 2508 5454 ὑπόθεσις
2529 5408 2544 5423 ·
2573 5391 2761 5462 ἐπειδὴ
2792 5392 2886 5445 καὶ
2918 5391 3122 5462 μείζων
3152 5395 3185 5464 ή
3219 5395 3462 5466 τιμωρία
3483 5400 3595 5460 τοῖς

1921 5482 2004 5544 εἰς
2031 5480 2090 5533 τὸ
2119 5479 2246 5550 ἑξῆς
2271 5479 2341 5532 τὰ
2361 5479 2502 5532 αὐτά
2536 5479 2641 5549 πλη
2653 5478 2968 5548 μμελοῦσιν.
3009 5481 3118 5550 ὅσῳ
3155 5481 3289 5552 μηδὲ
3320 5485 3428 5546 τοῖς
3462 5485 3595 5537 ὐπο-

1920 5567 2176 5637 δείγμασι
2193 5565 2622 5639 σωφρονέστεροι
2636 5565 2891 5634 γενέσθαι
2905 5567 3304 5638 ἠϐουλήθησαν.
3330 5570 3464 5623 Οὐδέ
3486 5571 3594 5642 γὰρ

1921 5654 1972 5706 οί
1995 5653 2133 5723 μετὰ
2164 5653 2336 5705 ταῦτα
2362 5652 2431 5705 τὰ
2454 5651 2593 5706 αὐτά
2624 5655 2738 5718 τοῖς
2763 5653 3050 5725 προτέροις
3071 5656 3476 5726 ἁμαρτάνοντες
3498 5659 3596 5728 τὴν

1921 5739 2091 5810 αὐτὴν
2128 5739 2546 5809 εἰσπράττονται
2575 5738 2750 5810 δίκην.
2777 5741 2886 5792 Καὶ
2904 5740 3062 5793 τοῦτο
3091 5743 3370 5814 συντόμως
3403 5747 3595 5816 μαθεῖν

1923 5825 2132 5892 ἔξεστιν
2157 5826 2266 5880 ἀπὸ
2297 5825 2392 5880 τοῦ
2419 5826 2585 5897 σοφοῦ
2619 5827 2940 5883 διδασκάλου
2970 5830 3069 5900 τῆς
3110 5831 3459 5904 οἰκουμένης,
3500 5837 3594 5892 τοῦ

1989 6003 2016 6044 d
2039 6003 2188 6057 Savil.
2213 6004 2329 6065 Εὕα,
2359 6006 2470 6069 ὅπερ
2495 6007 2594 6056 ἐστὶ
2621 6009 2734 6066 ζωή.
2783 6023 2804 6050 ε
2853 6009 3020 6072 Σχιδέη
3045 6010 3184 6061 deest
3209 6011 3260 6064 in
3281 6013 3448 6062 Μοτεί.
