4038 6394
426 253 530 309 H9

427 366 698 439 μακαρίου
727 365 940 419 Παύλου
970 364 1135 435 φημὶ,
1186 365 1470 432 λέγοντοςο
1504 366 1676 417 ’Ὅσοι
1704 364 1817 433 γὰρ
1861 361 2094 431 ἀνόμως

426 455 714 524 1ἥμαρτον,
731 456 965 523 ἀνόμως
994 454 1091 507 καὶ
1118 453 1512 507 ἀπολοῦνται·
1532 454 1627 507 καί
1648 452 1781 507 ὅσοι
1805 452 2101 520 ἑννόμωςι

426 544 712 613 ἥμαρτον,
745 542 843 596 διὰ
862 543 1048 611 νόμου
1092 541 1498 609 κριθήσονται.
1540 542 1605 594 Ὃ
1626 541 1683 594 δέ
1704 540 1849 607 λέγει
1867 538 2103 593 τοιοῦτόν

426 633 606 685 ἐστιν·
639 632 712 685 Οὐ
746 631 847 700 τὴν
892 629 1063 701 αὐτὴν
1091 627 1322 681 δώσουσι
1361 629 1517 698 δίκην
1547 629 1597 681 οἱ
1642 628 1750 699 πρὸ
1788 626 1881 680 τοῦ
1913 626 2101 696 νόμου,

427 719 522 772 καὶ
554 721 601 771 οί
633 718 773 789 μετά
818 718 910 771 τὸν
939 718 1105 788 νόμον
1130 756 1145 781 ,
1196 716 1332 769 ἀλλά
1366 716 1674 786 βαρυτέρας
1704 714 2103 784 ὑποστήσονται

425 810 694 881 τιμωρίας
732 809 779 860 οί
810 806 950 878 μετά
997 807 1097 877 τὴν
1146 804 1240 858 τοῦ
1290 806 1457 875 νόμου
1489 806 1635 858 δόσιν
1675 805 2102 876 ἁμαρτάνοντες.

429 896 593 949 Ὅσοι
616 895 725 965 γὰρ
758 895 990 963 ἀνόμως
1022 893 1309 962 ἥμαρτον,
1331 893 1569 962 ἀνόμως
1588 891 1688 945 καί
1710 889 2104 944 ἀπολοῦνται⁶

425 984 740 1046 τουτέστιν,
789 981 1149 1053 ἡμερωτέραν
1192 983 1376 1044 αὐτοῖς
1412 980 1685 1050 ποιεῖτὴν
1720 977 1994 1048 τιμωρίαν
2044 979 2107 1031 τὸ

430 1073 506 1144 μὴ
528 1072 672 1144 ἔχειν
691 1074 792 1143 τὴν
816 1071 922 1124 ἀπὸ
938 1068 1030 1122 τοῦ
1052 1070 1219 1139 νόμου
1250 1067 1598 1121 διδασκαλίαν
1625 1084 1683 1120 τε
1712 1068 1805 1119 καὶ
1829 1065 2101 1137 βοήθειαν.

426 1162 539 1216 Kal
591 1160 722 1214 ὅσοι
752 1160 821 1212 ἐν
848 1160 1007 1227 νόμῳ
1039 1157 1325 1226 ἥμαρτον,
1365 1155 1464 1210 διὰ
1483 1156 1671 1225 νόμου
1699 1154 2103 1222 κριθήσονται.

428 1242 589 1303 Οὗτοι
613 1248 691 1311 δέ,
717 1247 902 1319 φησιν,
930 1245 1118 1317 ἐπειδὴ
1146 1246 1238 1298 καὶ
1263 1244 1356 1297 τὸν
1385 1243 1551 1313 νόμον
1575 1243 1734 1314 ἔσχον
1762 1242 2105 1303 διδάσκαλον,

429 1339 524 1391 καὶ
552 1336 673 1390 οὐδέ
706 1335 879 1398 οὕτως
908 1332 1416 1404 ἐσωφρονίσθησαν,
1453 1330 1590 1384 ἀλλά
1609 1331 1678 1383 τά
1706 1330 1847 1383 αὐτά
1880 1330 2109 1393 ἐκείνοις

428 1426 696 1497 ἥμαρτον,
731 1423 954 1493 μείζονα
987 1423 1081 1474 καὶ
1104 1421 1204 1491 τὴν
1247 1420 1409 1491 δίκην
1438 1419 1649 1471 τίσουσι
1678 1420 1725 1471 1).
1777 1418 1915 1471 Ἀλλ’
1944 1418 2110 1472 ἀκού-

432 1529 616 1583 σωμεν
646 1512 741 1564 καὶ
768 1509 877 1563 τῶν
898 1510 1142 1580 σήμερον
1174 1507 1653 1575 ἀναγνωσθέντων.
1693 1506 1803 1560 Kal
1825 1504 2105 1571 ἐκάλεσε,

432 1601 620 1673 φησὶν,
672 1599 856 1669 Ἀδὰμ
892 1598 957 1651 τὸ
1010 1598 1199 1666 ὄνομα
1226 1596 1338 1665 τῆς
1376 1595 1663 1665 γυναικὸς
1707 1595 1916 1657 αὐτοῦ,
1945 1596 2107 1661 Εὔα,

431 1688 579 1757 ὅπερ
607 1688 736 1741 ἐστὶ
763 1686 897 1754 ζωὴ,
930 1686 1017 1739 ὅτι
1047 1687 1202 1755 αὕτη
1213 1685 1411 1754 μήτηρ
1440 1684 1685 1737 πάντων
1716 1684 1835 1737 τῶν
1857 1681 2103 1743 ζώντων.

435 1780 581 1846 Ὅρα
601 1776 701 1845 τῆς
728 1774 877 1837 Θείας
903 1776 1130 1845 Γραφῆς
1167 1774 1267 1844 τὴν
1307 1772 1613 1844 ἀκρίϐειαν,
1655 1771 1773 1834 πῶς
1801 1771 1922 1824 οὐδέ
1951 1771 2111 1824 τοῦτο

434 1865 705 1936 παρῆκεν,
752 1862 867 1916 ἀλλ’
897 1861 1131 1925 ἐδίδαξεν
1164 1862 1333 1932 ἡμᾶς,
1362 1862 1444 1913 ὅτι
1473 1860 1568 1913 καὶ
1596 1862 1660 1929 τῇ
1690 1858 1911 1927 γυναικὶ
1942 1875 2111 1931 προσ-

433 1953 663 2023 ηγορίαν
716 1952 745 2003 ὁ
793 1951 965 2021 Ἀδὰμ
1003 1950 1292 2019 ἐπέθηκεν.
1335 1947 1635 2013 Ἐκάλεσε,
1666 1948 1811 2018 γάρ,
1854 1946 2010 2017 φησὶ,
2044 1946 2112 1999 τὸ

436 2042 623 2110 ὄνομα
655 2039 765 2109 τῆς
789 2038 1075 2109 γυναικὸς
1112 2037 1323 2101 αὑτοῦ,
1351 2037 1497 2100 Εὔα,
1545 2037 1682 2107 ὅπερ
1713 2036 1829 2088 ἐστὶ
1859 2035 1993 2104 ζωὴ,
2023 2035 2113 2089 ὅτι

434 2129 585 2196 αὕτη
610 2127 807 2197 μήτηρ
834 2126 1074 2179 πάντων
1105 2124 1226 2178 τῶν
1270 2122 1499 2184 ζώντων
1529 2140 1544 2154 ·
1601 2122 1903 2187 τουτέστιν,
1971 2123 2111 2195 αὕτη

436 2217 578 2287 ἀρχή
610 2217 726 2267 ἐστι
778 2215 997 2267 πάντων
1046 2212 1153 2265 τῶν
1188 2212 1249 2277 ἐξ
1293 2211 1466 2282 αὐτῆς
1514 2212 1811 2281 ἐσομένων,
1836 2212 1931 2265 καὶ
1961 2210 2110 2284 [151]

439 2304 567 2374 ῥίζα
596 2304 690 2356 καὶ
720 2301 968 2372 θεμέλιος
998 2301 1096 2371 τῆς
1129 2300 1267 2370 μετά
1295 2300 1468 2353 ταῦτα
1520 2301 1734 2367 γενεᾶς.
1790 2294 1923 2352 Εἶτα
1975 2300 2116 2370 μετά

436 2392 499 2446 τὸ
520 2392 724 2458 διδάξαι
769 2392 914 2461 ἡμᾶς
954 2389 1051 2459 τὴν
1084 2388 1426 2442 ἐπιτεθεῖσαν
1460 2390 1525 2459 τῇ
1574 2388 1794 2455 γυναικὶ
1846 2404 2115 2457 προσηγο-

442 2480 585 2550 ρίαν,
634 2479 797 2532 πάλιν
841 2478 1114 2531 δείκνυσιν
1142 2480 1275 2547 ήμῖν
1326 2476 1419 2529 τοῦ
1468 2476 1604 2528 Θεοῦ
1633 2475 1732 2547 τὴν
1779 2475 2115 2547 ἀγαθότητα,

439 2570 587 2631 ὅπως
628 2568 689 2620 οὐ
739 2567 968 2637 περιορᾷ
1015 2568 1073 2618 ἐν
1109 2565 1347 2635 τοσαύτῃ
1394 2564 1625 2637 αἰσχύνῃ
1664 2565 1758 2618 καὶ
1816 2564 2118 2636 γυμνότητι

439 2656 566 2717 τούς
607 2654 698 2707 ὐπ’
725 2652 891 2706 αὐτοῦ
926 2652 1449 2723 δημιουργηθέντας.
1481 2653 1592 2705 Καὶ
1643 2653 1917 2720 ἐποίησε,
1959 2654 2117 2723 φησὶ,

440 2742 660 2809 Κύριος
694 2744 727 2795 ὁ
759 2740 904 2806 Θεὸς
934 2739 1014 2805 τῷ
1052 2739 1231 2809 Ἀδὰμ
1256 2740 1352 2793 καὶ
1378 2738 1453 2808 τῇ
1477 2740 1715 2809 γυναικὶ
1743 2740 1931 2794 αὑτοῦ
1950 2739 2120 2808 χιτῶ-

441 2845 554 2895 νας
598 2828 987 2897 δερματίνους
1011 2866 1027 2892 ,
1082 2827 1182 2880 καὶ
1230 2826 1523 2880 ἐνέδυσεν
1576 2828 1817 2893 αὐτούς.
1854 2828 2120 2898 Καθάπερ

442 2917 552 2987 γὰρ
592 2915 773 2987 πατὴρ
807 2914 1179 2984 εὐσπλαγχνος
1213 2914 1379 2968 παῖδα
1402 2913 1543 2984 ἔχων
1566 2915 1763 2985 εὐγενῆ
1783 2926 1831 2978 ο,
1856 2916 1950 2969 καὶ
1982 2917 2122 2986 μετά

447 3005 628 3075 πάσης
657 3002 976 3073 ἐπιμελείας
1004 3002 1463 3073 ἀνατρεφόμενον,
1499 3002 1594 3055 καὶ
1639 3002 1853 3073 τρυφῆς
1903 3003 2123 3074 ἀπάσης

444 3090 811 3153 ἀπολαύοντα,
838 3091 932 3143 καὶ
959 3089 1115 3160 ἑστία
1144 3090 1375 3159 λαμπρᾷ
1404 3089 1763 3160 κεχρημένον,
1796 3090 1892 3144 καὶ
1921 3092 2124 3162 σηρικά

450 3177 644 3248 ἱμάτια
672 3176 1163 3247 περιϐεϐλημένον,
1191 3177 1287 3229 καὶ
1318 3176 1455 3246 μετά
1508 3175 1693 3240 ἀδείας
1732 3180 1797 3247 τῇ
1834 3179 2124 3249 περιουσίᾳ

446 3266 543 3319 καὶ
571 3264 650 3335 τῷ
672 3266 886 3335 πλούτῳ
918 3264 1259 3336 κεχρημένον
1283 3263 1361 3335 τῷ
1391 3263 1664 3335 πατρικῷ,
1711 3265 1854 3336 ὀρῶν
1895 3265 2123 3337 ὕστερον

446 3353 557 3408 ἀπὸ
581 3354 682 3423 τῆς
708 3354 943 3417 ἀνέσεως
970 3358 1175 3424 ταύτης
1198 3354 1298 3424 τῆς
1332 3353 1530 3425 πολλῆς
1561 3356 1639 3415 είς
1660 3355 1904 3425 κρημνὸν
1927 3356 2125 3419 κακίας

449 3441 814 3507 ἐξοκείλαντα,
842 3442 1055 3495 πάντων
1078 3442 1298 3495 ἐκείνων
1321 3443 1701 3513 ἀποστερήσας
1728 3442 1820 3495 καὶ
1837 3445 1904 3514 τῇ
1927 3443 2123 3496 ἐαυτοῦ

448 3531 668 3601 ἐξουσίᾳ
690 3531 983 3596 ὑποτάξας,
1017 3530 1111 3582 καὶ
1139 3530 1239 3599 τῆς
1269 3529 1495 3600 ἐσθῆτος
1545 3528 1863 3600 γυμνώσας,
1912 3531 2125 3601 ἱμάτιον

450 3618 665 3682 εὐτελὲς
698 3617 845 3688 αὐτῷ
880 3617 1138 3681 πολλάκις
1186 3619 1280 3671 καὶ
1311 3617 1556 3670 δουλικὸν
1588 3618 1953 3688 περιτίθησιν,
1985 3618 2126 3671 ὥστε

454 3708 529 3780 μὴ
556 3708 733 3778 πάντη
772 3708 977 3779 γυμνὸν
1011 3702 1152 3762 εἶναι
1204 3708 1298 3761 καὶ
1347 3708 1679 3779 ἀσχημονεῖν
1704 3726 1717 3738 ·
1749 3707 1891 3761 οὕτω
1933 3708 1996 3780 δὴ
2032 3710 2128 3764 καὶ

450 3800 479 3849 ὁ
499 3796 881 3866 φιλάνθρωπος
915 3797 1069 3862 Θεὸς,
1116 3796 1303 3866 ἐπειδὴ
1336 3796 1589 3862 ἀναξίους
1613 3795 1841 3859 ἐαυτοὺς
1865 3796 2129 3867 κατέστη-

453 3902 554 3937 σαν
596 3884 689 3937 τοῦ
725 3884 979 3957 λαμπροῦ
1031 3886 1240 3939 ἐκείνου
1273 3885 1368 3939 καὶ
1418 3884 1649 3955 φαιδροῦ
1679 3884 1997 3955 ἐνδύματος,
2030 3886 2124 3939 τοῦ

451 3972 894 4044 περιστέλλοντος
923 3973 1121 4036 αὐτοὺς
1140 4014 1155 4039 ,
1186 3975 1280 4026 καὶ
1327 3972 1842 4045 παρασκευάζοντος
1866 3973 1893 4012 ά
1924 3974 2127 4027 ἀνωτέ-

455 4077 581 4131 ρους
614 4056 756 4114 εἷναι
785 4060 893 4113 τῶν
919 4061 1246 4130 σωματικῶν
1271 4061 1550 4129 ἀναγκῶν,
1606 4061 1905 4131 γυμνώσας
1929 4062 2128 4126 αὐτοὺς

452 4146 553 4217 τῆς
567 4146 725 4211 δόξης
762 4148 973 4220 ἐκείνης
1004 4150 1241 4219 ἀπάσης,
1262 4149 1355 4202 καὶ
1385 4149 1482 4219 τῆς
1503 4148 1879 4214 ἀπολαύσεως,
1908 4144 1977 4220 ἦς
1994 4150 2128 4221 πρό-

451 4251 611 4301 τερον
646 4239 914 4307 μετεῖχον,
956 4239 1086 4306 πρὶν
1132 4236 1164 4307 ἢ
1192 4239 1377 4289 πεσεῖν
1409 4237 1472 4289 τὺ
1506 4238 1711 4308 πτῶμα
1742 4238 1903 4291 τοῦτο
1936 4238 1997 4292 τὸ
2037 4257 2130 4309 χα-

452 4322 638 4387 λεπὸν,
685 4324 852 4377 πολὺν
900 4325 1029 4395 περὶ
1056 4325 1251 4388 αὐτοὺς
1296 4324 1387 4378 τὸν
1431 4321 1610 4379 οῐκτον
1656 4326 2125 4397 ἐπιδεικνύμενος,

453 4410 551 4464 καὶ
577 4409 744 4487 ἐλεῶν
770 4411 968 4475 αὐτοὺς
999 4412 1097 4482 τῆς
1132 4412 1485 4476 ἐκπτώσεως,
1510 4414 1605 4466 καὶ
1633 4413 1775 4485 ὀρῶν
1804 4414 2004 4487 πολλὴν
2029 4416 2129 4485 τὴν

453 4483 843 4570 ἀσχημοσύνην
868 4499 1383 4572 περιϐεϐλημένους,
1406 4502 1500 4554 καὶ
1517 4501 1616 4553 οὐκ
1641 4483 1872 4566 εἰδότας,
1897 4502 1925 4555 ὃ
1949 4483 2002 4554 τι
2034 4483 2129 4555 καὶ

454 4590 742 4659 πράξουσι,
777 4590 915 4661 πρὸς
937 4591 997 4643 τὸ
1033 4590 1107 4661 μὴ
1139 4593 1381 4661 γυμνοὺς
1412 4585 1554 4646 εἶναι
1581 4592 1678 4646 καὶ
1711 4595 2126 4664 ἐνασχημονεῖν,

454 4679 685 4749 χιτῶνας
739 4678 921 4741 αὐτοῖς
992 4678 1282 4749 ἐργάζεται
1345 4680 1705 4751 δερματίνους
1758 4681 1852 4735 καὶ
1901 4682 2129 4752 ἀμφιέν-

453 4781 596 4820 νυσι.
629 4763 865 4818 Τοιαῦτα
890 4765 997 4837 γάρ
1017 4765 1083 4818 τά
1107 4766 1254 4836 παρὰ
1282 4766 1376 4819 τοῦ
1403 4779 1426 4807 ε
1447 4768 1694 4821 διαϐόλου
1729 4771 2093 4839 μηχανήματα
2109 4787 2123 4801 ·

454 4853 673 4908 ἐπειδάν
686 4856 793 4926 γάρ
810 4855 943 4927 εὐρῃ
956 4857 1080 4919 τοὺς
1095 4856 1242 4927 αὐτῷ
1256 4858 1631 4929 πειθομένους,
1649 4858 1738 4911 διά
1748 4860 1845 4927 τῆς
1866 4858 2122 4930 βραχείας

455 4942 647 5013 ἡδονῆς
674 4943 1061 5007 ὑποσκελίσας,
1084 4945 1179 4997 καὶ
1201 4947 1281 5008 εἰς
1305 4946 1467 4998 αὐτὸν
1498 4947 1598 5015 τῆς
1624 4946 1820 5009 κακίας
1849 4947 1939 5000 τὸν
1968 4948 2127 5017 βυθὸν

455 5029 786 5097 καταγαγὼν
819 5028 865 5095 ί,
893 5032 986 5085 καὶ¹
1018 5032 1198 5100 πάσης
1238 5033 1500 5102 αἰσχύνης
1530 5035 1623 5086 καὶ
1648 5035 1871 5103 ἀτιμίας
1905 5036 2128 5107 πληρώς-

459 5134 578 5182 σας,
613 5117 805 5186 ἀφίησι
845 5117 1057 5171 κεῖσθαι
1089 5118 1260 5183 κάτω,
1292 5119 1522 5172 ἐλεεινὸν
1555 5120 1734 5189 θέαμα
1762 5124 1868 5184 τοῖς
1903 5122 2123 5193 ὁρῶσιν.

470 5205 609 5257 Ἀλλ’
643 5206 672 5257 ὁ
699 5206 807 5259 τῶν
848 5206 1130 5275 ἡμετέρων
1151 5205 1339 5275 ψυχῶν
1368 5206 1639 5276 κηδεμὼν,
1672 5208 1814 5277 ὁρῶν
1843 5210 2041 5272 αὐτοὺς
2068 5212 2127 5263 ἐν

457 5291 741 5361 ἀμηχανίᾳ
784 5291 974 5363 πολλῇ,
1019 5291 1143 5344 οὐδέ
1186 5291 1329 5344 οὕτω
1374 5293 1633 5362 περιιδεῖν
1683 5295 1956 5364 ἀνέχεται,
1990 5297 2129 5353 ἀλλά

460 5378 670 5448 σκέπην
698 5378 879 5440 αὐτοῖς
914 5380 1135 5441 ἐπινοεῖ,
1165 5378 1253 5431 διὰ
1276 5380 1376 5449 τῆς
1403 5380 1676 5444 εὐτελείας
1701 5380 1794 5432 τοῦ
1829 5382 2128 5452 ἐνδύματος

457 5466 672 5531 δεικνὺς
715 5467 896 5533 αὐτοῖς
938 5466 1065 5520 οἵων
1099 5468 1323 5530 ἑαυτοὺς
1370 5469 1710 5537 κατέστησαν
1750 5468 1934 5533 ἀξίους
1978 5471 2128 5524 ἐνδυ-

463 5554 666 5624 μάτων.

402 5772 414 5782 _
523 5723 671 5772 ‘Sex
710 5729 902 5773 mss.et
921 5726 1068 5775 Savil.
1118 5726 1165 5773 ἐν
1202 5724 1374 5788 νόμῳ.-
1416 5724 1446 5764 b
1489 5727 1690 5788 Quidam
1733 5741 1844 5776 mss.
1894 5730 2116 5788 clSavil,

460 5788 826 5842 ῦποστήσονται.
895 5790 916 5816 (⁸
954 5790 1170 5844 Quatuor
1188 5785 1504 5843 ωεὲζεῦειδῆ.
1572 5786 1598 5825 ἀ
1625 5790 1718 5836 Alii
1746 5785 2119 5846 κατασκευάζονέ

463 5862 557 5914 τος.
627 5863 650 5888 ο
676 5847 824 5915 SMN:
854 5853 905 5893 el
925 5848 1005 5895 alii
1106 5865 1148 5893 τι
1168 5850 1248 5915 καὶ
1268 5846 1532 5915 ⁸πράξουσι.
1568 5848 1781 5915 Τοιαῦτα
1809 5851 1896 5915 γὰρ
1918 5852 1973 5897 τὰ
2000 5855 2121 5915 παρὰ

463 5905 569 5972 τοῦ,
596 5910 783 5956 οωίςηίς
812 5908 1129 5957 ίιιιοι-ιηρὸιὶς.
1205 5907 1223 5947 ί
1254 5905 1452 5969 Aliquot
1481 5923 1587 5957 mss.
1634 5905 1925 5958 meam».

1204 247 1261 305 S.
1305 248 1593 305 JOANNIS
1629 243 2121 305 CIIRYSOSTOMI
2158 243 2479 301 ARCHIEP.
2521 245 3071 304 CONSTANTINOP.

3752 246 3854 302 150

2275 361 2385 414 Καὶ
2417 363 2669 430 ἐποίησε
2706 364 2921 430 Κύριος
2952 366 2984 416 ό
3024 362 3168 428 Θεὸς
3196 362 3280 428 τῷ
3325 361 3506 431 Ἀδὰμ
3536 361 3633 415 καὶ
3659 361 3733 429 τῇ
3763 380 3860 431 τυ-

2202 450 2362 502 ναικὶ
2392 450 2579 503 αὑτοῦ
2605 450 2863 519 χιτῶνας
2885 450 3299 519 δερματίνους,
3332 450 3431 502 καὶ
3461 448 3867 503 ἐνέδυσεναύ-

2202 537 2365 602 τούς.
2413 538 2556 609 Ὅρα
2584 538 2725 608 πόση
2753 538 2853 607 τῆς
2894 537 3043 600 θείας
3094 538 3317 607 Γραφῆς
3362 539 3395 607 ή
3442 536 3864 606 συγκατάϐασις.

2218 624 2354 677 Ἀλλ’
2382 625 2520 697 ὅπερ
2571 624 2830 688 πολλάκις
2872 621 3046 687 εἷπον,
3080 626 3174 679 καὶ
3212 624 3306 678 νῦν
3350 625 3521 693 λέγωο
3555 625 3867 695 θεοπρεπῶς

2207 712 2423 766 ἅπαντα
2456 712 2684 783 νοῶμεν,
2726 714 2818 766 καὶ
2855 714 2936 775 τὸ,
2992 712 3334 781 Ἐποίησεν,
3369 714 3490 767 ἀντὶ
3534 712 3647 776 τοῦ,
3692 714 3867 785 Προσ-

2206 798 2413 864 έταξεν,
2439 800 2668 871 νοῶμεν.
2714 800 2997 854 Ἐκέλευσε
3030 802 3261 871 χιτῶνας
3298 801 3650 873 δερματίνους
3679 802 3868 864 αὐτοὺς

2205 886 2593 957 περιϐαλέσθαι
2621 890 2645 928 8
2680 888 2979 958 ὑπόμνημα
3015 888 3258 958 διηνεκὲς
3287 889 3385 959 τῆς
3418 890 3720 959 παρακοῆς.

2280 977 2344 1047 β’.
2378 978 2751 1033 Ἀκουέτωσαν
2787 981 2836 1033 οί
2871 979 3249 1044 πλουτοῦντες,
3280 982 3329 1034 οί
3364 982 3741 1050 ἐντρυφῶντες
3764 985 3869 1045 toi;

2205 1064 2313 1117 τῶν
2342 1066 2639 1135 σκωλήκων
2673 1068 2897 1137 νήμασι,
2936 1069 3030 1121 καὶ
3062 1067 3133 1121 τά
3162 1069 3367 1139 σηρικὰ
3399 1069 3867 1139 περιϐαλλόμενοι,

2208 1153 2303 1205 καὶ¹
2338 1152 2760 1223 μανθανέτωσαν
2780 1155 2899 1218 πῶς
2920 1155 2979 1218 ἐξ
3002 1156 3175 1227 ἀρχῆς
3203 1157 3296 1209 καὶ
3324 1157 3388 1209 ἐκ
3418 1158 3722 1227 προοιμίων
3750 1177 3870 1213 παι-

2196 1239 2376 1320 δεύων
2404 1239 2504 1311 τὴν
2531 1242 2879 1313 ἀνθρωπίνην
2907 1243 3068 1313 φύσιν
3100 1246 3129 1296 ὁ
3161 1244 3544 1317 φιλάνθρωπος
3576 1247 3867 1316 Δεσπότης,

2209 1328 2397 1397 ἐπειδὴ
2446 1327 2534 1381 διά
2578 1329 2676 1400 τὴν
2727 1332 3039 1401 παράϐασιν
3072 1332 3152 1402 τῷ
3202 1333 3469 1404 ἐπιτιμίῳ
3499 1336 3595 1388 τοῦ
3648 1337 3869 1391 θανάτου

2210 1416 2432 1484 γέγονεν
2471 1418 2770 1482 ὑπεύθυνος
2804 1422 2832 1473 ὁ
2870 1420 3314 1491 πρωτόπλαστος,
3354 1424 3522 1494 ἐχρῆν
3560 1426 3617 1478 δὲ
3667 1426 3871 1495 ἱμάτιον

2210 1504 2360 1575 αὐτῷ
2394 1505 2746 1575 περιτεθῆναι
2778 1507 2838 1560 τὸ
2857 1507 2957 1577 τὴν
2986 1508 3251 1580 αἰσχύνην
3280 1509 3576 1575 καλύπτον,
3620 1512 3871 1583 δερματί-

2210 1609 2333 1655 νους
2360 1593 2542 1656 αὐτοῖς
2560 1594 2784 1664 ἐποίησε
2814 1595 3067 1665 χιτῶνας,
3086 1597 3353 1651 διδάσκων
3377 1601 3521 1669 ἡμᾶς
3545 1601 3770 1669 φεύγειν
3791 1601 3873 1654 τὸν

2212 1680 2377 1752 ὑγρὸν
2408 1682 2501 1735 καὶ
2530 1681 2909 1753 διαλελυμένον
2932 1683 3065 1753 βίον,
3107 1685 3201 1738 καὶ
3239 1686 3314 1756 μὴ
3343 1687 3435 1739 τὸν
3466 1688 3753 1757 ἀνειμένον
3784 1691 3871 1742 καὶ

2214 1767 2472 1838 βλακείας
2504 1768 2743 1840 γέμοντα
2768 1771 3146 1841 μεταδιώκειν,
3171 1773 3307 1827 ἀλλά
3327 1775 3417 1827 τὸν
3446 1776 3720 1847 αὐστηρὸν
3750 1778 3873 1847 μάλ-

2212 1855 2303 1909 λον
2343 1854 2500 1929 [152]
2526 1858 2888 1923 ἀσπάζεσθαι.
2938 1860 3078 1913 Ἀλλ’
3133 1863 3264 1924 ἴσως
3305 1863 3596 1934 ἀχθόμενοι
3637 1866 3772 1935 πρὸς
3813 1868 3873 1920 τά

2213 1941 2485 2015 λεγόμενα
2522 1946 2574 1998 οί
2611 1946 2970 2013 πλουτοῦντες
3009 1950 3230 2021 ἐροῦσι·
3262 1952 3326 2003 Τί
3373 1948 3500 2016 οὖνς
3529 1952 3874 2022 δερματίνους

2215 2032 2364 2101 ἡμᾶς
2401 2034 2634 2103 χιτῶνας
2662 2035 2907 2099 κελεύεις
2941 2037 3366 2108 περιϐαλέσθαι;
3403 2041 3478 2093 Οὐ
3508 2038 3672 2093 τοῦτο
3711 2042 3869 2109 λέγω·

2216 2119 2337 2174 οὐδὲ
2366 2120 2474 2192 γάρ
2522 2123 2721 2176 ἐκεῖνοι
2760 2125 2840 2187 είς
2871 2124 2932 2177 τὺ
2961 2125 3206 2197 διηνεκὲς
3249 2127 3477 2190 ἐκείνοις
3514 2132 3631 2192 τοῖς
3664 2129 3876 2198 χιτῶσιν

2217 2208 2515 2279 ἐκέχρηντο
2537 2225 2551 2239 ⁸
2588 2212 2617 2264 ὁ
2647 2211 2756 2283 γάρ
2781 2212 3165 2284 φιλάνθρωπος
3197 2216 3477 2287 Δεσπότης
3507 2218 3595 2270 ἀεὶ
3618 2220 3741 2280 ταῖς
3765 2236 3878 2288 προ-

2216 2294 2506 2360 λαϐούσαις
2539 2297 2881 2368 εὐεργεσίαις
2899 2301 3093 2372 ἐτέρας
3124 2303 3497 2373 προστίθησιν.
3537 2305 3757 2375 Ἐπειδὴ
3780 2307 3876 2376 γὰρ

2216 2381 2402 2438 λοιπὸν
2423 2385 2759 2452 ὑπευθύνους
2785 2390 3009 2453 ἑαυτοὺς
3039 2391 3385 2462 κατέστησαν
3410 2396 3529 2457 ταῖς
3547 2398 3876 2463 σωματικαῖς

2218 2468 2505 2537 ἀνάγκαις,
2540 2473 2639 2543 τῆς
2677 2474 2946 2540 ἀπαθείας
2978 2477 3191 2547 ἐκείνης
3226 2481 3321 2531 καὶ
3356 2481 3454 2548 τῆς
3492 2481 3787 2550 ἀγγελικῆς
3812 2481 3881 2533 δι-

2218 2558 2440 2628 αγωγῆς
2482 2560 2970 2633 ἀποστερηθέντες,
3010 2564 3150 2633 μετά
3180 2565 3353 2619 ταῦτα
3381 2567 3755 2638 ᾠκονόμησεν,
3783 2569 3880 2623 ἀπὸ

2218 2645 2327 2698 τῶν
2368 2647 2533 2718 ἐρίων
2565 2650 2672 2702 τῶν
2702 2650 2990 2721 προϐάτων
3027 2654 3098 2707 τά
3126 2653 3400 2724 ἐνδύματα
3439 2658 3552 2718 τοῖς
3585 2656 3880 2726 ἀνθρώποις

2222 2736 2753 2803 κατασκευάζεσθαι,
2782 2739 2996 2803 οὐδενὸς
3011 2741 3198 2811 ἐτέρου
3223 2742 3431 2806 ἕνεκεν,
3458 2744 3490 2814 ἢ
3512 2744 3654 2797 ὥστε
3688 2745 3883 2814 σκέπην

2222 2822 2497 2890 γενέσθαι,
2533 2824 2629 2878 καὶ
2665 2826 2741 2897 μὴ
2779 2827 2841 2879 τὸ
2865 2827 3082 2897 λογικὸν
3114 2829 3274 2884 τοῦτο
3302 2832 3440 2894 ζῶον
3478 2833 3623 2887 κατά
3668 2834 3730 2887 τὸ
3765 2834 3881 2887 αὐτὸ

2221 2915 2335 2976 τοῖς
2366 2914 2583 2984 ἀλόγοις
2621 2918 2680 2969 ἐν
2711 2920 3014 2990 γυμνότητι
3047 2923 3143 2975 κα)⁸
3170 2923 3527 2997 ἀσχημοσύνῃ
3558 2925 3785 2994 διάγειν.
3825 2926 3880 2978 Ἠ

2222 3004 2401 3056 τοίνυν
2442 3003 2550 3056 τῶν
2595 3005 2823 3075 ἱματίων
2857 3008 3118 3080 περιϐολὴ
3163 3011 3468 3083 ὑπόμνησις
3495 3015 3631 3083 ήμῖν
3659 3015 3882 3083 γενέσθω

2224 3087 2477 3161 διηνεκὴς
2499 3090 2599 3162 τῆς
2621 3093 2730 3146 τῶν
2758 3094 2981 3163 ἀγαθῶν
3003 3097 3351 3165 ἐκπτώσεως,
3377 3100 3593 3172 καὶτῆς
3624 3103 3881 3173 τιμωρίας

2224 3175 2564 3244 διδασκαλία,
2598 3182 2664 3251 ἣν
2689 3181 2778 3235 διά
2809 3182 2908 3254 τὴν
2941 3186 3229 3257 παρακοήν
3257 3187 3319 3240 τὸ
3341 3187 3453 3240 τῶν
3478 3189 3782 3259 ἀνθρώπων
3802 3190 3881 3258 γέ-

2225 3281 2314 3327 νος
2355 3266 2595 3331 ἐδέξατο.
2627 3270 2954 3339 Λεγέτωσαν
2986 3274 3167 3328 τοίνυν
3190 3277 3324 3346 ήμῖν
3349 3278 3399 3330 οἱ
3429 3278 3671 3351 τοσαύτῃ
3697 3297 3882 3349 κεχρη-

2229 3355 2380 3424 μένοι
2411 3359 2477 3427 τῇ
2512 3361 2805 3432 φαντασίᾳ,
2835 3361 2911 3425 ὡς
2943 3363 3077 3433 μηδὲ
3109 3365 3310 3419 εἰδέναι
3338 3366 3523 3419 λοιπὸν
3564 3367 3640 3421 τὰ
3670 3369 3775 3422 ἀπὸ
3803 3368 3883 3420 τοῦ

2227 3442 2375 3513 ἐρίου
2408 3443 2516 3496 τῶν
2552 3447 2840 3517 προϐάτων
2885 3450 3178 3521 ἐνδύματα,
3214 3454 3348 3508 ἀλλά
3386 3455 3455 3509 τά
3492 3456 3701 3528 σηρικὰ
3748 3474 3884 3526 περι·

2227 3528 2546 3600 ϐαλλόμενοι
2571 3533 2667 3586 καὶ
2690 3536 2769 3599 εἰς
2794 3537 3049 3591 τοσοῦτον
3074 3539 3443 3605 ἐξοκείλαντες
3473 3544 3695 3613 μανίας,
3712 3544 3783 3607 ὡς
3804 3544 3887 3595 καὶ

2227 3618 2450 3687 χρυσίον
2472 3621 2818 3690 συνυφαίνειν
2841 3628 2952 3689 τοῖς
2979 3627 3276 3698 ἐνδύμασι·
3306 3630 3540 3699 μάλιστα
3572 3631 3687 3701 γάρ
3714 3632 3773 3685 τὸ
3790 3632 3884 3684 τῶν

2227 3706 2501 3772 γυναικῶν
2521 3709 2678 3776 γένος
2701 3711 2905 3781 ταύτην
2928 3714 3059 3783 ἡμῖν
3081 3716 3465 3771 ἐπιδείκνυται»
3478 3719 3577 3790 τὴν
3610 3720 3882 3789 βλακείαν·

2226 3793 2372 3856 τίνος
2408 3795 2519 3868 γὰρ
2552 3797 2759 3863 ἐνεκεν,
2794 3801 2915 3854 είπέ
2949 3820 3061 3872 μοι,
3092 3804 3304 3868 τούτοις
3344 3806 3406 3859 τὸ
3438 3807 3598 3878 σῶμα
3635 3808 3886 3861 καλλωπί-

2228 3881 2364 3946 ζεις,
2400 3884 2497 3936 καὶ
2527 3887 2739 3957 χαίρεις
2763 3892 2830 3960 τῇ
2858 3890 3115 3946 ἐντεῦθεν,
3137 3894 3420 3965 περιϐολῇ,
3450 3897 3544 3948 κα)⁸
3576 3897 3681 3949 οὐκ
3702 3898 3885 3957 ἐννοεῖς

2227 3970 2310 4023 δτι
2346 3972 2464 4025 ἀντὶ
2497 3974 2763 4043 μεγίστης
2789 3978 3062 4049 τιμωρίας
3092 3980 3181 4033 διὰ
3203 3980 3300 4051 τὴν
3324 3982 3639 4051 παράϐασιν
3662 3986 3695 4055 ή
3721 3984 3883 4052 σκέπη

2228 4058 2369 4129 αῦτη
2403 4061 2671 4133 ἐπενοήθη
2691 4080 2705 4127 ;
2724 4063 2824 4117 Διά
2846 4065 2898 4118 τί
2924 4065 3032 4138 γάρ
3058 4069 3132 4139 μὴ
3157 4069 3374 4133 ἀκούεις
3391 4070 3605 4124 Παύλου
3626 4072 3883 4140 λέγοντος

2234 4147 2515 4216 Ἔχοντες
2537 4150 2858 4221 διατροφὰς
2887 4154 2988 4207 καὶ
3023 4156 3443 4225 σκεπάσματα,
3468 4160 3703 4224 τούτοις
3731 4160 3888 4227 ἀρχε-

2229 4238 2613 4306 σθησόμεθα;
2653 4240 2815 4310 Ὁρᾷς
2842 4242 2925 4294 ὅτι
2972 4243 3091 4305 ἐνὸς
3128 4245 3291 4313 μόνου
3332 4245 3412 4298 δεῖ
3444 4248 3769 4317 φροντίζειν,
3802 4245 3884 4299 τοῦ

2234 4323 2307 4394 μὴ
2336 4325 2543 4394 γυμνὸν
2569 4323 2708 4380 εἶναι
2738 4328 2798 4381 τὸ
2829 4328 3005 4399 σῶμα,
3039 4329 3134 4384 τοῦ
3166 4332 3467 4386 σκέπεσθαι
3498 4334 3662 4403 μόνον
3693 4336 3742 4397 h,
3794 4352 3885 4403 μη-

2230 4411 2347 4464 κέτι
2381 4412 2439 4464 δὲ
2481 4414 2576 4466 καὶ
2605 4415 2733 4486 περὶ
2762 4415 3025 4487 διαφορᾶς
3051 4418 3279 4489 ἐσθῆτος
3306 4421 3561 4491 φροντίδα
3587 4421 3844 4474 ποιεῖσθαι
3870 4437 3881 4485 ς

2242 4499 2383 4551 Ἀλλ’
2413 4502 2505 4555 ἐπὶ
2538 4502 2635 4572 τὴν
2663 4504 2983 4559 ἀκολουθίαν
3010 4506 3274 4576 ἐλθωμεψ
3310 4510 3419 4563 Καὶ
3452 4506 3624 4564 εἷπεν
3663 4513 3694 4564 ὸ
3723 4512 3884 4575 Θεός·

2244 4583 2397 4638 Ἰδοὺ
2444 4586 2615 4654 Ἀδὰμ
2649 4586 2894 4657 γέγονεν
2922 4590 3002 4654 ὡς
3026 4585 3114 4655 εἴς
3136 4591 3205 4655 ἐξ
3226 4590 3416 4660 ἡμῶν,
3447 4594 3554 4647 τοῦ
3584 4594 3887 4663 γινώσκειν

2229 4671 2423 4724 καλὸν
2464 4673 2561 4725 καὶ
2597 4676 2884 4741 πονηρόν.
2930 4675 3042 4730 Kal
3072 4677 3191 4730 νῦν
3230 4678 3465 4746 μήποτε
3500 4680 3739 4749 ἐκτείνῃ
3785 4680 3887 4745 τὴν

2230 4758 2399 4827 χεῖρα
2424 4761 2631 4823 αὑτοῦ,
2666 4762 2765 4815 καὶ
2794 4762 2949 4832 λάϐῃ
2978 4764 3095 4817 ἀπὸ
3126 4766 3232 4818 τοῦ
3257 4765 3451 4829 ξύλου
3481 4769 3591 4835 τῆς
3610 4768 3774 4837 ζίυῆς,
3799 4768 3885 4820 καὶ

2229 4847 2390 4917 φάγῃ
2425 4848 2525 4901 καί
2554 4848 2795 4917 ζήσεται
2826 4854 2912 4916 εὶς
2941 4852 3048 4905 τὸν
3087 4851 3293 4907 αἰῶνα.
3330 4856 3441 4909 Kal
3470 4857 3886 4920 ἐξαπέστειλεν

2229 4935 2416 4988 αὑτὸν
2439 4938 2653 5005 Κύριος
2679 4943 2713 4991 ό
2741 4938 2884 5004 Θεὸς
2904 4940 2972 4992 ἐκ
3004 4940 3109 4994 τοῦ
3130 4942 3501 5010 παραδείσου
3518 4946 3629 5012 τῆς
3648 4942 3883 5012 τρυφῆς,

2228 5022 2573 5091 ἐργάζεσθαι
2600 5025 2714 5100 τὴν
2752 5024 2869 5095 γῆν
2906 5026 2975 5091 ἐξ
3006 5023 3081 5097 ἧς
3112 5028 3365 5098 ἐλήφθη.
3402 5032 3544 5103 Ὅρα
3572 5033 3734 5085 πάλιν
3764 5030 3884 5086 Θεοῦ

2233 5112 2661 5178 συγκατάϐασιν.
2692 5114 2803 5166 Καὶ
2829 5114 2978 5175 εἷπε,
3014 5116 3169 5185 φησὶ,
3213 5119 3431 5185 Κύριος
3457 5123 3490 5174 d
3525 5122 3702 5186 Θεός·
3743 5119 3882 5173 Ἰδοὺ

2244 5199 2413 5268 Ἀδὰμ
2441 5200 2688 5268 γέγονεν
2707 5201 2788 5265 ὡς
2819 5198 2907 5267 εἷς
2932 5201 3002 5265 ἐξ
3021 5204 3211 5272 ἡμῶν,
3240 5205 3348 5259 τοῦ
3370 5207 3688 5276 γινώσκειν
3709 5208 3884 5262 καλὸν

2230 5286 2329 5339 καί
2375 5289 2665 5354 πονηρόν.
2699 5285 2852 5352 Εἶδες
2894 5292 3034 5359 πόση
3079 5292 3177 5362 τῆς
3225 5293 3420 5359 λέξεως
3466 5297 3499 5351 ἡ
3539 5296 3881 5358 ταπείνωσις;

2231 5372 2416 5427 Ταῦτα
2445 5375 2501 5428 δέ
2531 5375 2746 5429 ἅπαντα
2776 5377 3095 5444 θεοπρεπῶς
3129 5380 3361 5449 νοῶμεν.
3396 5383 3655 5437 Βούλεται
3682 5384 3787 5456 γὰρ
3810 5386 3883 5436 ἐν·

2229 5461 2399 5515 ταῦθα
2423 5462 2511 5516 διά
2542 5465 2650 5517 τῶν
2685 5467 2944 5535 ῥημάτων
2971 5467 3175 5522 τούτων
3203 5471 3305 5540 τῆς
3341 5473 3559 5542 ἀπάτης
3594 5475 3741 5543 ἡμᾶς
3767 5473 3883 5525 ὑπο-

2234 5548 2456 5618 μνῆσαι,
2488 5550 2554 5620 ἢν
2575 5552 2936 5623 ἠπατήθησαν
2956 5554 3061 5607 ὐπὸ
3088 5554 3181 5607 τοῦ
3210 5554 3459 5610 διαϐόλου
3480 5558 3565 5611 διά
3583 5559 3676 5611 τοῦ
3700 5558 3877 5625 ὄφεως.

2244 5639 2460 5711 Ἐπειδὴ
2492 5641 2599 5711 γὰρ
2631 5642 2815 5711 ἔλεγεν
2846 5647 3072 5709 ἐκεῖνος,
3110 5648 3192 5699 ὅτι
3231 5648 3373 5701 Ἐὰν
3402 5648 3650 5717 φάγητε,
3681 5648 3879 5703 ἔσεσθε

2303 5919 2326 5957 κ
2349 5916 2443 5967 Αιη
2468 5919 2847 5978 τιιριειὲὺῆοθαι.
2919 5919 2947 5958 Ι»
2970 5921 3117 5971 Savﬂ.
3148 5928 3199 5971 et
3225 5924 3303 5976 alii
3326 5925 3442 5973 αὐτὸ
3473 5924 3634 5986 μόνονι
