4038 6394
248 340 352 396 με)

247 452 393 504 orbis
426 448 651 505 doctore
685 449 1082 521 sapientissimo
1105 493 1122 518 ,
1166 449 1324 505 beato
1373 447 1541 503 Paulo
1584 449 1796 518 inquam
1819 489 1838 516 ,

247 545 456 599 discere
487 559 776 613 possumus
800 587 814 612 ,
857 546 946 616 qui
985 545 1116 602 dicit
1156 563 1170 600 :
1215 545 1528 617 Quicumque
1561 545 1698 600 enim
1734 545 1845 599 sine

249 637 356 706 lege
382 645 724 705 peccaverunt
742 679 758 704 ,
801 639 910 692 sine
936 639 1046 709 lege
1071 639 1220 692 etiam
1247 637 1475 708 peribunt
1498 653 1516 692 :
1543 648 1590 692 et
1616 638 1842 707 quicum-

241 745 336 797 que
366 729 421 783 in
449 729 559 800 lege
583 740 914 799 peccaverunt
937 771 950 793 ,
983 748 1074 799 per
1092 731 1250 802 legem
1266 729 1636 800 judicabantur
1661 728 1838 790 (Rom.

241 821 295 872 2.
324 820 440 890 i2).
476 820 570 876 His
610 821 785 876 verbis
827 821 1131 891 signiﬁcat,
1174 837 1281 876 non
1324 820 1568 876 eamdem
1619 821 1840 875 Iuituros

247 927 461 978 pmnam
513 927 610 967 eos
652 915 744 981 qui
783 922 908 968 ante
951 913 1120 984 legem
1153 956 1168 979 ,
1200 925 1252 968 et
1280 928 1374 968 eos
1399 913 1489 983 qui
1519 924 1639 982 post
1666 913 1839 983 legem

247 1011 624 1068 peccaverunt.
657 1003 886 1059 Gravius
907 1005 1050 1059 enim
1084 1005 1370 1074 punientur
1396 1004 1486 1074 qui
1515 1011 1638 1073 post
1665 1002 1838 1074 legem

246 1092 419 1146 datam
447 1096 810 1162 peccaverint.
839 1095 972 1151 Nam
998 1095 1307 1165 Quicumque
1325 1097 1433 1150 sine
1459 1096 1567 1168 lege
1594 1113 1835 1167 peccave-

247 1194 382 1249 runt,
415 1187 571 1238 etiam
598 1187 708 1240 sine
732 1187 843 1257 lege
878 1187 1108 1256 peribunt
1137 1202 1155 1241 :
1183 1187 1420 1257 proﬁciet
1443 1188 1548 1242 illis
1573 1188 1640 1242 ad
1668 1188 1838 1243 levio-

247 1290 356 1328 rem
396 1290 616 1345 poenam
639 1317 654 1343 ,
682 1277 825 1348 quod
861 1279 990 1345 legis
1028 1279 1270 1334 doctrina
1298 1288 1354 1334 et
1381 1279 1706 1335 adminiculo
1743 1294 1836 1334 ca-

249 1368 476 1421 ruerint.
507 1367 575 1421 Et
595 1369 898 1438 quicumque
932 1372 1022 1423 sub
1048 1371 1153 1440 lege
1179 1380 1528 1440 peccaverunt,
1563 1388 1651 1440 per
1675 1372 1836 1441 legem

245 1468 289 1511 et
305 1458 701 1528 judicabantur.
729 1460 817 1515 Isti
848 1503 864 1528 ,
895 1463 1084 1531 inquit,
1113 1464 1234 1531 quia
1261 1473 1315 1517 et
1336 1462 1508 1532 legem
1535 1461 1836 1518 habuerunt

245 1549 553 1619 magistram
581 1591 597 1616 ,
631 1561 686 1606 et
711 1567 886 1622 neque
911 1553 988 1607 sic
1026 1551 1294 1608 emendati
1334 1562 1458 1608 sunt
1484 1593 1500 1618 ,
1523 1551 1618 1608 sed
1646 1553 1833 1607 eadem

242 1657 360 1707 qua:
388 1640 467 1694 illi
499 1652 856 1710 peccaverunt
877 1627 901 1710 ’,
933 1644 1232 1713 graviorem
1259 1659 1471 1714 quoque
1497 1658 1709 1713 pronam
1735 1642 1832 1698 da-

241 1732 388 1786 bunt.
429 1731 539 1787 Sed
583 1733 864 1788 audiamus
911 1751 1028 1805 qua:
1069 1735 1228 1790 hodie
1269 1745 1394 1790 sunt
1425 1736 1581 1790 lecta.
1627 1736 1718 1791 20.
1765 1735 1834 1789 Et

239 1828 453 1893 vocavit,
486 1827 680 1897 inquit,
713 1829 876 1881 Adam
903 1845 1083 1882 nomen
1102 1829 1275 1882 uxoris
1299 1844 1426 1896 suae,
1457 1827 1583 1891 Eva,
1615 1828 1670 1882 id
1697 1828 1834 1897 quod

236 1929 308 1972 est
333 1922 459 1986 vita,
492 1920 613 1991 quia
633 1921 746 1992 ipsa
771 1931 930 1976 mater
957 1923 1182 1976 omnium
1206 1922 1498 1976 viventium.
1526 1920 1662 1976 Vide
1690 1921 1831 1976 divi-

238 2027 321 2066 nte
363 2012 661 2082 Scriptura:
690 2013 1040 2084 diligentiam,
1065 2015 1334 2085 quomodo
1365 2031 1540 2086 neque
1567 2015 1669 2071 hoc
1691 2031 1829 2084 prte-

240 2105 384 2168 terit,
413 2106 512 2160 sed
540 2105 699 2161 docet
723 2122 843 2170 nos,
870 2106 1134 2162 Adamum
1177 2109 1338 2170 etiam
1378 2109 1588 2164 mulieri
1633 2125 1829 2164 nomen

239 2196 583 2266 imposuisse.
664 2197 870 2252 Vocavit
897 2241 912 2263 ,
973 2200 1179 2270 inquit,
1225 2219 1406 2256 nomen
1479 2204 1656 2258 uxoris
1725 2220 1833 2258 8MB

242 2286 386 2350 Eva,
434 2288 490 2341 id
544 2300 621 2342 est
671 2292 771 2344 vita
801 2307 820 2344 .·
851 2292 969 2360 quia
1001 2293 1114 2361 ipsa
1166 2304 1327 2347 mater
1376 2304 1448 2348 est
1491 2297 1714 2348 omnium
1751 2297 1829 2350 vi-

240 2380 460 2432 muiun:
486 2396 505 2432 :
540 2383 643 2436 hoc
679 2391 800 2446 est,
845 2381 958 2452 ipsa
995 2393 1078 2437 est
1100 2385 1250 2454 origo
1273 2400 1459 2439 eorum
1507 2386 1598 2456 qui
1633 2402 1699 2441 ex
1742 2387 1831 2442 illa

241 2480 361 2523 sunt
400 2470 603 2535 futuri,
632 2471 889 2543 radixque
924 2483 979 2530 ct
1004 2475 1404 2530 fundamentum
1434 2478 1708 2546 sequentis
1731 2493 1828 2548 ge-

242 2562 554 2617 nerationis.
591 2563 722 2618 Dein
755 2573 1033 2634 postquam
1069 2566 1249 2622 docuit
1288 2584 1387 2622 nos
1414 2568 1684 2637 quomodo
1713 2584 1831 2622 mu-

241 2651 352 2706 lieri
367 2654 680 2723 impositum
693 2670 886 2711 nomen
903 2655 1085 2724 fuerit,
1099 2658 1290 2712 iterum
1303 2659 1537 2714 ostendit
1560 2660 1714 2714 nobis
1735 2659 1829 2715 Dei

243 2743 561 2811 bonitatem,
585 2762 706 2816 qua:
731 2763 836 2802 non
853 2748 1097 2819 despexit
1114 2764 1207 2804 eos
1223 2751 1313 2820 qui
1338 2766 1366 2804 a
1389 2767 1451 2807 se
1469 2753 1632 2806 creati
1655 2761 1824 2818 erant,

240 2833 294 2888 in
319 2845 464 2888 tanta
493 2837 736 2893 nuditate
762 2848 816 2892 et
843 2839 1129 2909 ignominia
1152 2851 1446 2897 versantes.
1474 2843 1565 2898 2i.
1591 2843 1659 2898 Et
1688 2845 1826 2916 fecit,

240 2925 411 2997 inquit
434 2969 453 2994 ,
482 2928 738 2984 Dominus
763 2929 904 2985 Deus
940 2932 1066 2987 Adte
1091 2943 1135 2987 et
1155 2917 1303 2988 uxori
1326 2935 1465 2989 illius
1493 2947 1649 2991 vestes
1679 2936 1832 3007 pelli-

239 3032 350 3070 ceas
380 3058 398 3084 ,
433 3029 481 3072 et
505 3020 673 3074 induit
695 3021 833 3076 illos.
865 3022 1015 3078 Sicut
1040 3022 1343 3081 misericors
1372 3035 1522 3095 pater
1541 3027 1706 3082 filium
1734 3027 1831 3082 ha-

240 3107 371 3164 bens
395 3110 538 3166 bona
562 3112 739 3168 indole
757 3115 774 3146 ί
796 3115 1097 3184 praeditum,
1125 3126 1180 3172 et
1203 3118 1348 3173 onmi
1369 3135 1496 3173 cura
1523 3120 1827 3186 educatum,

242 3208 296 3252 et
321 3199 590 3257 fruentem
615 3204 865 3260 omnibus
895 3206 1099 3263 deliciis
1121 3248 1138 3274 ,
1187 3218 1338 3264 veste
1368 3210 1531 3265 nitida
1555 3227 1619 3267 ac
1642 3213 1829 3268 sericis

242 3291 493 3346 amictum
519 3335 535 3359 ,
569 3298 913 3369 paternisque
951 3299 1141 3370 opibus
1167 3316 1355 3357 secure
1395 3313 1632 3358 utentem
1663 3346 1677 3370 ,
1706 3321 1828 3361 cum

243 3385 433 3440 viderit
457 3402 582 3442 eum
610 3390 770 3445 nimia
795 3394 1148 3461 prosperitate
1169 3395 1219 3448 in
1243 3395 1457 3450 malitia:
1475 3399 1825 3468 prmcipitium

240 3481 569 3551 prolapsum,
593 3485 767 3553 privat
791 3486 894 3540 illis
919 3489 1184 3552 omnibus,
1205 3499 1258 3543 et
1285 3505 1394 3544 suae
1421 3491 1669 3560 potestati
1699 3493 1828 3548 sub-

243 3571 371 3640 iicit,
404 3580 559 3628 veste
578 3575 804 3645 spoliat,
832 3591 896 3631 ac
915 3578 1004 3632 vili
1034 3580 1319 3650 servilique
1339 3582 1532 3636 amictu
1561 3583 1710 3636 illum
1741 3583 1823 3638 in-

239 3663 371 3728 dnit,
402 3679 474 3718 ne
498 3667 718 3721 omnino
746 3668 920 3722 nudus
951 3670 1020 3724 sit
1058 3680 1113 3725 et
1146 3673 1314 3741 turpis
1345 3691 1358 3726 :
1392 3673 1463 3727 ita
1493 3681 1546 3728 et
1570 3673 1828 3743 benignus

239 3755 413 3824 Deus,
442 3758 694 3827 quoniam
723 3759 898 3815 Adam
925 3771 980 3816 et
1007 3762 1113 3816 Eva
1143 3763 1391 3834 indignos
1419 3780 1538 3820 sese
1567 3766 1829 3822 exhibue-

238 3859 362 3903 ruut
383 3849 701 3905 indumento
726 3853 958 3921 glorioso
981 3854 1073 3908 illo
1088 3864 1141 3908 et
1165 3855 1350 3922 nitido,
1374 3872 1481 3926 quo
1505 3859 1830 3914 amicieban-

240 3949 324 3992 tur
353 3981 370 4002 ,
419 3949 477 3994 et
525 3941 668 4010 quod
698 3943 858 3998 nullis
899 3947 1269 4014 corporalibus
1295 3963 1390 4002 eos
1417 3949 1828 4006 necessitatibus

239 4031 500 4089 obnoxios
546 4047 666 4089 esse
694 4036 903 4090 sinebat
932 4078 947 4101 ,
983 4039 1199 4092 nudavit
1230 4039 1350 4094 illos
1368 4042 1514 4095 omni
1543 4043 1632 4096 illa
1659 4043 1826 4112 gloria

239 4135 293 4179 et
312 4124 588 4193 fruittone,
612 4143 716 4197 qua
736 4138 860 4184 ante
878 4145 1091 4200 gravem
1120 4130 1258 4186 hanc
1279 4133 1484 4187 ruinam
1504 4134 1825 4203 gaudebant:

242 4221 570 4288 multamque
590 4235 714 4290 erga
741 4221 862 4275 illos
889 4222 939 4276 in
971 4231 1168 4277 tantam
1202 4224 1490 4293 perniciem
1529 4227 1706 4296 lapsos
1735 4243 1829 4281 ex-

242 4307 431 4365 hibens
472 4311 870 4368 miserationem
903 4354 918 4379 ,
962 4314 1252 4384 vidensque
1283 4331 1472 4385 magno
1502 4316 1703 4386 pudore
1726 4319 1829 4372 cir-

244 4403 516 4457 cumfusos
549 4443 564 4469 ,
596 4405 915 4474 consiliique
959 4406 1147 4475 inopes
1177 4448 1193 4474 ,
1228 4423 1294 4462 ne
1342 4408 1469 4461 nudi
1525 4419 1703 4464 essent
1730 4451 1745 4477 ,
1775 4417 1830 4464 et

246 4491 498 4548 indecore
525 4507 586 4548 se
609 4507 879 4562 gererent,
907 4507 1085 4551 vestes
1112 4497 1240 4564 ipsis
1270 4499 1520 4566 pelliceas
1540 4499 1685 4565 facit,
1716 4515 1828 4556 eos-

239 4599 343 4653 que
365 4585 624 4654 contegit.
648 4585 806 4640 Tales
825 4587 968 4642 enim
990 4592 1134 4642 sunt’
1152 4589 1349 4643 diaboli
1371 4590 1823 4648 machinationes:

240 4678 285 4731 si
314 4677 532 4746 quando
549 4677 693 4732 enim
714 4677 921 4748 aliquos
945 4680 1206 4735 invenerit
1229 4681 1318 4751 qui
1340 4681 1440 4736 sibi
1465 4693 1705 4750 pareant,
1734 4700 1828 4741 eos

242 4767 514 4837 voluptate
530 4768 756 4838 quadam
780 4769 986 4825 modica
1017 4771 1408 4839 supplantatos,
1439 4782 1494 4828 et
1522 4773 1574 4828 in
1605 4776 1826 4844 profun-

238 4859 365 4914 dum
389 4859 613 4914 malitia:
641 4861 909 4931 projectos
932 4902 948 4926 ,
981 4863 1231 4932 omnique
1259 4864 1574 4922 confusione
1602 4876 1656 4921 et
1680 4867 1828 4937 igno-

240 4951 403 5006 minia
432 4952 643 5020 plenos,
667 4953 849 5020 jacere
889 4954 1178 5024 relinquit,
1228 4956 1532 5012 miserabile
1579 4959 1827 5014 omnibus

240 5041 332 5111 qui
360 5042 510 5096 illum
541 5042 728 5097 vident
773 5046 1156 5113 spectaculum.
1188 5048 1256 5099 At
1283 5048 1581 5101 animarum
1613 5059 1825 5104 nostra-

239 5148 356 5188 rum
378 5134 612 5188 Curator
647 5177 662 5201 ,
690 5135 880 5191 videns
904 5137 1025 5190 illos
1051 5139 1102 5191 in
1132 5139 1291 5192 tantis
1315 5137 1737 5206 difﬁcultatibus,
1771 5141 1826 5196 in

242 5226 345 5283 hoc
367 5235 513 5282 statu
544 5229 745 5298 positos
768 5246 872 5284 non
902 5229 1128 5300 despicit
1161 5273 1173 5297 ,
1208 5219 1301 5285 sed
1339 5232 1694 5287 velamentum
1723 5233 1828 5288 illis

238 5319 510 5387 excogth
541 5362 555 5384 ,
589 5336 686 5388 per
711 5331 910 5375 vestem
953 5321 1114 5375 vilem
1161 5323 1451 5378 ostendens
1481 5327 1726 5394 qualibus
1768 5341 1826 5381 se

239 5408 575 5465 vestimentis
603 5411 792 5480 dignos
817 5413 1058 5467 fecerint.

304 5614 319 5643 ¹
355 5618 569 5674 Quatuor
592 5617 719 5674 Mss,
748 5612 940 5670 decore,
965 5627 1069 5674 pro,
1093 5612 1216 5663 bona
1238 5613 1414 5665 indole.

302 5675 324 5705 ²
355 5671 524 5730 SaviI.,
547 5671 836 5737 multamque
859 5671 979 5737 ergo
996 5674 1103 5725 illos
1124 5674 1338 5726 exhibuit
1362 5676 1729 5737 miserationem,
1767 5677 1827 5728 vi-

241 5736 358 5805 dens
383 5746 558 5798 magna
593 5734 777 5805 pudore
798 5734 1026 5805 suffusos,
1044 5737 1322 5803 consiliique
1345 5737 1522 5804 inopes.
1550 5739 1679 5790 Tales
1699 5734 1826 5791 enim

244 5802 367 5854 sunt,
397 5805 514 5857 etc.,
538 5802 729 5852 omissis
752 5799 1072 5862 interpositis.

1324 337 1387 392 IN
1426 335 1576 391 CAP.
1610 333 1696 388 III.
1724 333 1968 392 GENES.
2002 335 2228 393 IIOMIL.
2271 336 2460 394 XVIII.

3432 346 3534 401 150

2025 450 2289 517 Quomodo
2313 463 2468 507 vestes
2487 453 2720 522 pelliceas
2750 455 2914 524 primo
2961 457 3158 525 parenti
3181 465 3228 512 et
3244 457 3391 513 uxori
3416 461 3535 531 fecit

1951 537 2113 596 Deus.
2169 541 2345 599 Luxus
2386 545 2441 598 in
2465 547 2678 600 vestibus
2719 556 2939 618 tempore
2976 546 3345 620 Chrysostomi.
3371 579 3442 592 —
3468 550 3533 606 Et

1951 633 2073 698 fecit
2096 634 2348 688 Dominus
2374 634 2512 690 Deus
2533 636 2658 691 Adte
2689 647 2735 690 et
2764 640 2911 692 uxori
2929 639 3067 692 illius
3086 650 3243 695 vestes
3268 642 3527 711 pollicens,

1949 731 1996 777 et
2037 724 2203 778 induit
2249 725 2384 780 illos.
2437 727 2591 796 Vide,
2615 744 2815 798 quaeso,
2855 741 3106 801 quantam
3137 737 3402 788 sermonis
3432 736 3534 788 hu-

1947 810 2226 873 militatem
2289 819 2442 875 nobis
2493 831 2812 891 attemperat
2860 824 3035 879 divina
3091 825 3385 896 Scriptura.
3427 827 3531 884 Sed

1944 905 2087 978 quod
2110 925 2254 979 saepe
2283 911 2412 977 dixi,
2449 912 2500 966 id
2529 921 2584 968 et
2610 930 2752 968 nunc
2771 915 2893 970 dico
2921 935 2934 968 :
2958 921 3136 973 omnia
3164 920 3234 973 ita
3264 921 3529 990 intelliga-

1945 1015 2066 1056 mus
2096 1002 2278 1079 ,osicut
2317 1019 2413 1072 par
2455 1014 2538 1060 est
2566 1005 2633 1060 de
2678 1007 2788 1062 Deo
2824 1007 3067 1080 intelligi.
3113 1010 3345 1068 Verbum
3385 1012 3531 1068 Fecit

1940 1093 2125 1162 Accipe
2170 1109 2265 1163 pro
2311 1110 2378 1149 eo
2402 1095 2544 1162 quod
2571 1106 2657 1152 est
2689 1137 2704 1162 ,
2748 1098 3031 1168 imperavit
3057 1110 3116 1155 ut
3140 1111 3340 1158 essent.
3363 1103 3530 1160 Jussit

1937 1184 2083 1238 cnim
2125 1186 2316 1241 tunicis
2357 1187 2594 1256 pelliceis
2636 1190 2819 1245 vestiri
2857 1191 2912 1246 in
2960 1202 3270 1264 perpetuam
3309 1195 3527 1252 inobse-

1939 1276 2172 1345 quentiae
2199 1278 2531 1333 memoriam.
2580 1281 2582 1284 ’

2007 1367 2060 1422 2.
2076 1370 2571 1441 Audiantopulenti,
2588 1383 2643 1428 et
2657 1373 2747 1444 qui
2766 1374 3032 1431 luxuriant
3056 1377 3108 1431 in
3125 1379 3384 1433 vermium
3411 1389 3499 1435 tex
3523 1409 3538 1422 -

1938 1459 2137 1528 tilibus,
2160 1476 2224 1516 ac
2249 1463 2546 1518 vestiuntur
2573 1466 2758 1520 sericis
2783 1509 2797 1532 ,
2821 1466 3135 1538 discantque
3163 1469 3430 1539 quomodo
3455 1471 3524 1524 ab

1939 1553 2092 1609 initio
2123 1555 2408 1610 humanam
2433 1557 2633 1612 docens
2652 1566 2898 1614 naturam
2924 1559 3184 1630 benignus
3227 1561 3484 1617 Dominus
3510 1603 3526 1627 ,

1939 1647 2059 1716 quia
2097 1655 2315 1716 propter
2333 1649 2814 1719 transgressionem
2843 1665 3016 1719 ptenaa
3045 1651 3231 1706 mortis
3258 1667 3380 1705 reus
3409 1660 3524 1706 erat

1939 1739 2141 1810 primus
2170 1739 2332 1795 homo
2354 1781 2369 1805 ,
2397 1756 2638 1811 opusque
2665 1741 2894 1796 habebat
2921 1750 3072 1798 veste
3097 1759 3215 1813 quae
3258 1744 3519 1813 pudorem

1938 1837 2172 1900 tegeret,
2205 1831 2452 1900 pelliceas
2495 1832 2594 1901 ipsi
2619 1831 2742 1887 fecit
2769 1842 2944 1888 vestes
2975 1850 2988 1885 :
3022 1849 3130 1902 quo
3166 1834 3348 1889 docuit
3374 1851 3472 1888 nos
3494 1876 3512 1901 ,

1935 1932 1996 1976 ut
2025 1922 2241 1976 mollem
2263 1933 2318 1977 et
2345 1924 2654 1979 dissolutam
2673 1925 2835 1980 vitam
2863 1924 3150 1995 fugiamus,
3177 1942 3347 1996 neque
3374 1928 3521 1980 iner-

1937 2022 2043 2066 tem
2070 2021 2126 2067 et
2151 2013 2427 2067 remissam
2459 2024 2728 2070 sectemur
2746 2057 2760 2080 ,
2793 2015 2887 2070 sed
2916 2017 3084 2086 magis
3113 2026 3380 2071 austeram
3407 2032 3523 2070 am-

1936 2104 2228 2174 plexemur.
2261 2104 2366 2159 Sed
2390 2105 2525 2160 forte
2548 2107 2805 2176 gravatim
2839 2105 3071 2161 ferentes
3088 2107 3202 2161 lucc
3219 2107 3427 2173 divites,
3445 2108 3526 2161 di-

1933 2206 2055 2250 cent
2085 2213 2098 2249 z
2129 2196 2264 2265 Quid
2290 2198 2480 2267 igitur?
2505 2213 2574 2251 an
2601 2197 2824 2267 pellibus
2849 2199 3032 2253 vestiri
3061 2213 3157 2252 nos
3178 2198 3333 2268 jubcs
3351 2198 3374 2238 "
3395 2198 3512 2252 Non

1934 2287 2038 2344 hoc
2061 2287 2182 2342 dico
2215 2306 2230 2344 :
2263 2304 2386 2342 nam
2416 2305 2590 2360 neque
2633 2289 2708 2343 illi
2757 2299 3016 2359 perpetuo
3059 2288 3142 2343 usi
3185 2289 3404 2344 fuerunt.
3439 2289 3521 2343 bis

1933 2381 2206 2447 vestibus;
2232 2382 2496 2453 benignus
2528 2384 2670 2438 enim
2721 2383 2976 2438 Dominus
3016 2385 3285 2454 prioribus
3309 2399 3523 2453 semper

1934 2474 2209 2530 beneﬁciis
2237 2479 2537 2530 recentiora
2559 2475 2803 2546 quaedam
2837 2477 3165 2547 superaddit.
3197 2477 3328 2530 Nam
3370 2485 3520 2545 post-

1934 2581 2091 2636 quam
2108 2580 2229 2621 Sese
2244 2568 2612 2636 corporalibus
2627 2568 3028 2623 necessitatibus
3045 2569 3304 2622 obnoxios
3321 2566 3517 2633 fecere,

1934 2666 1989 2712 et
2016 2672 2045 2710 a
2071 2658 2256 2713 dolore
2284 2673 2446 2712 vacua
2477 2667 2531 2713 et
2548 2659 2784 2726 angelica
2809 2660 2916 2712 vita
2938 2659 3270 2724 exciderunt,
3297 2658 3518 2727 dispen-

1934 2739 2072 2804 Savit
2121 2751 2264 2806 Deus
2288 2791 2302 2814 ,
2337 2759 2394 2804 ut
2422 2767 2487 2805 ex
2535 2751 2711 2806 ovium
2755 2751 3043 2806 velleribus
3083 2750 3327 2806 homines
3373 2750 3522 2805 indu-

1933 2851 2114 2896 menta
2141 2841 2242 2896 sibi
2276 2824 2542 2910 pararent,
2575 2857 2680 2896 non
2707 2843 2809 2896 alia
2851 2843 2919 2898 de
2947 2857 3104 2897 causa
3127 2883 3142 2908 ,
3168 2858 3326 2912 quam
3360 2852 3414 2897 ut
3439 2851 3516 2897 te-

1933 2943 2242 3005 gumentum
2275 2935 2506 2990 habeant
2529 2975 2544 2999 ,
2575 2944 2630 2990 et
2656 2951 2724 2991 ne
2754 2936 3012 2990 rationale
3040 2936 3237 2990 animal
3278 2936 3381 2991 hoc
3410 2952 3516 2990 non

1935 3041 2091 3080 secus
2118 3041 2182 3082 ac
2206 3026 2360 3081 bruta
2401 3027 2452 3082 in
2484 3027 2724 3083 nuditate
2750 3037 2805 3082 ct
2841 3027 3108 3084 dedecore
3145 3029 3308 3083 vitam
3338 3029 3517 3098 degat.

1934 3117 2116 3186 Itaque
2152 3118 2381 3173 vestium
2423 3116 2649 3172 amictus
2676 3117 2987 3172 continuum
3037 3119 3191 3173 nobis
3237 3120 3306 3172 sit
3348 3120 3513 3173 moni-

1935 3217 2172 3264 mentum
2197 3250 2212 3276 ,
2240 3224 2347 3280 quo
2376 3223 2644 3263 memores
2687 3208 2854 3263 simus
2879 3251 2894 3276 ,
2925 3210 3138 3279 quantis
3184 3209 3338 3265 bouis
3363 3210 3520 3265 exci-

1934 3299 2194 3365 derimus,
2218 3312 2272 3356 et
2300 3301 2570 3356 discamus
2594 3309 2794 3369 quanto
2819 3301 3081 3372 supplicio
3111 3301 3396 3356 humanum
3422 3317 3519 3370 go-

1934 3407 2033 3444 nus
2051 3391 2120 3446 ob
2145 3391 2560 3446 inobedientiam
2586 3391 2656 3444 sit
2680 3389 2951 3445 allectum.
2973 3391 3156 3444 Dicant
3177 3391 3335 3460 igitur
3361 3391 3516 3447 nobis

1933 3481 2021 3550 qui
2057 3491 2201 3535 tanto
2227 3492 2446 3535 utuntur
2461 3492 2737 3551 apparatu,
2756 3481 2942 3550 utjam
2965 3497 3118 3536 usum
3135 3482 3271 3536 lana:
3301 3498 3519 3552 prorsus

1933 3589 2092 3628 nosse
2123 3574 2332 3638 nolint,
2366 3573 2460 3627 sed
2513 3573 2688 3628 serico
2731 3575 3046 3640 vestiantur,
3077 3589 3250 3643 eoque
3296 3574 3517 3629 insania:

1933 3680 2260 3735 pervenere,
2293 3675 2352 3719 ut
2402 3680 2588 3718 aurum
2635 3664 2870 3718 vestibus
2917 3665 3157 3718 intexunt
3187 3681 3199 3716 :
3231 3664 3283 3716 in
3333 3665 3516 3733 primis

1933 3759 2072 3813 enim
2120 3759 2371 3813 mulieres
2417 3759 2538 3812 huic
2577 3757 2817 3812 mollitiei
2866 3757 3059 3812 deditm
3106 3759 3510 3826 sunt:Quare,

1933 3850 2040 3914 dic,
2068 3851 2292 3904 obsecro
2310 3891 2325 3915 ,
2359 3865 2552 3918 corpus
2574 3849 2644 3902 ita
2673 3864 2852 3911 ornas,
2882 3857 2938 3904 et
2961 3848 3158 3918 gaudes
3185 3849 3510 3918 ejuscemodi

1933 3943 2177 3998 amictu?
2205 3957 2312 3996 non
2346 3941 2548 4012 cogitas
2594 3955 2691 4010 pro
2735 3955 2925 4009 magno
2964 3940 3256 4008 supplicio,
3300 3949 3518 4009 propter

1934 4035 2410 4105 transgressionem
2432 4074 2447 4096 ,
2483 4042 2690 4103 tegmen
2739 4031 2841 4085 hoc
2887 4033 3240 4101 excogitatum
3263 4032 3425 4086 esse?
3451 4032 3518 4085 Et

1933 4142 2099 4198 quare
2125 4143 2228 4181 non
2268 4126 2420 4181 audis
2447 4125 2665 4179 Paulum
2696 4124 3000 4178 dicentem:
3038 4123 3292 4178 Habentes
3329 4124 3516 4178 victum

1933 4232 1979 4275 et
2006 4221 2244 4275 amictum
2269 4259 2286 4284 ,
2307 4217 2412 4273 illis
2441 4218 2659 4272 contenti
2683 4217 2869 4271 erimus
2897 4217 2973 4286 (I.
3001 4215 3138 4270 Tim.
3163 4216 3214 4271 6.
3243 4216 3321 4287 8).
3357 4216 3518 4272 Vides

1935 4315 2091 4367 unius
2119 4311 2396 4366 dumtaxat
2433 4310 2510 4364 rei
2564 4307 2863 4363 habendam
2909 4322 3030 4362 esse
3055 4323 3238 4362 curam
3277 4324 3290 4360 :
3323 4307 3516 4362 videli-

1934 4416 2040 4472 cet,
2064 4422 2130 4459 ne
2153 4419 2349 4472 corpus
2371 4402 2571 4457 nudum
2598 4403 2686 4466 sit,
2715 4400 2808 4456 sed
2833 4410 2890 4454 ut
2919 4408 3145 4470 tegatur,
3166 4415 3264 4454 nec
3288 4401 3518 4469 amplius

1933 4499 2003 4554 de
2031 4498 2284 4552 varietate
2308 4497 2538 4550 veStium
2579 4509 2701 4550 esse
2730 4509 2828 4549 nos
2856 4492 3116 4548 sollicitos
3141 4502 3373 4561 oportet.
3404 4491 3514 4546 Ca:-

1934 4601 2103 4647 tcrum
2129 4588 2196 4644 ad
2231 4587 2506 4658 sequentia
2535 4587 2833 4641 veniamus.
2873 4583 2966 4637 22.
3005 4583 3073 4636 Et
3107 4583 3236 4636 dixit
3264 4583 3515 4637 Dominus

1933 4683 2072 4739 Deus
2101 4697 2120 4736 :
2147 4681 2280 4735 Ecce
2306 4680 2472 4733 Adam
2499 4679 2664 4747 [actus
2704 4687 2775 4732 est
2812 4677 2939 4731 sicut
2977 4692 3108 4729 unus
3147 4691 3209 4728 ea:
3246 4674 3420 4734 nobis,
3449 4690 3517 4726 aa

1930 4775 2188 4830 sciendum
2215 4773 2398 4825 bonum
2425 4779 2491 4832 ,et
2519 4769 2728 4822 malum.
2761 4767 2830 4821 Et
2857 4782 2990 4820 nunc
3031 4782 3093 4818 ne
3124 4767 3252 4835 forte
3288 4764 3518 4817 extendat

1931 4881 2139 4919 manum
2164 4879 2309 4918 suam
2327 4903 2342 4927 ,
2367 4871 2412 4915 et
2432 4860 2648 4929 accipiat
2683 4858 2744 4911 de
2771 4857 2906 4928 ligno
2927 4857 3041 4909 vitce
3060 4895 3075 4918 ,
3104 4864 3150 4908 et
3180 4861 3442 4917 comedat,
3472 4863 3518 4907 et

1930 4958 2063 5011 vivat
2088 4958 2140 5008 in
2167 4955 2428 5008 steculum.
2454 4953 2546 5024 23.
2571 4951 2642 5004 Et
2664 4951 2829 5005 emisit
2850 4948 2997 5002 illum
3026 4946 3276 4999 Dominus
3298 4943 3433 4998 Deus
3455 4962 3519 5000 ex

1933 5046 2172 5118 paradiso
2196 5044 2468 5114 voluptatis
2484 5085 2499 5110 ,
2528 5051 2582 5096 ut
2603 5049 2898 5111 aperaretur
2922 5048 3139 5100 terram,
3163 5035 3226 5088 de
3248 5052 3346 5106 qua
3374 5053 3515 5089 sum-

1932 5147 2048 5208 plus
2087 5146 2216 5191 erat.
2245 5135 2343 5190 Hic
2365 5147 2577 5205 quoque
2606 5132 2728 5187 vide
2772 5145 2928 5200 quam
2977 5127 3180 5182 idoneis
3216 5126 3509 5180 inﬁrmitati

1929 5239 2128 5285 nostra:
2158 5229 2342 5284 verbis
2363 5237 2542 5281 utatur
2562 5225 2722 5279 Deus.
2756 5222 2825 5276 Et
2854 5220 2982 5274 dixit
3002 5261 3017 5286 ,
3048 5219 3236 5288 inquit,
3265 5218 3513 5272 Dominus

1932 5323 2074 5378 Deus
2105 5337 2125 5374 :
2152 5321 2284 5375 Ecce
2309 5319 2476 5372 Adam
2506 5318 2672 5385 factus
2719 5323 2792 5367 est
2827 5312 2972 5381 quasi
3006 5327 3138 5364 unus
3164 5327 3225 5363 ea:
3249 5309 3389 5362 nobis
3409 5349 3423 5373 ,
3447 5309 3512 5360 ad

1931 5414 2192 5470 sciendum
2232 5415 2416 5466 bonum
2464 5420 2510 5464 et
2548 5411 2759 5462 malum.
2791 5405 2978 5460 Vidisti
3018 5411 3215 5472 quanta
3261 5401 3509 5456 dictionis

1932 5507 2244 5564 humilitas?
2272 5506 2397 5560 Ilaec
2422 5514 2620 5567 autem,
2654 5510 2710 5554 ut
2737 5499 2909 5563 decet,
2935 5497 3092 5567 digne
3111 5496 3177 5550 de
3207 5495 3318 5550 Deo
3347 5494 3509 5548 intel-

1933 5605 2177 5675 ligamus.
2213 5599 2336 5653 Vult
2360 5598 2501 5652 enim
2528 5609 2624 5664 per
2649 5593 2765 5648 lucc
2787 5591 2944 5646 verba
2967 5590 3018 5643 in
3060 5586 3372 5642 memoriam
3418 5601 3506 5640 re-
3540 5637 3543 5639 _

1933 5696 2092 5759 ferre,
2116 5688 2384 5762 quomodo
2418 5685 2629 5755 decepti
2655 5683 2852 5739 fuerint
2873 5698 2901 5734 a
2931 5679 3145 5735 diabolo
3170 5693 3264 5747 per
3285 5691 3508 5746 serpen-

1931 5797 2057 5849 tem.
2081 5781 2518 5859 Quandoquidem
2545 5773 2631 5835 i'Ile
2655 5775 2902 5842 dicebat,
2930 5771 2990 5830 Si
3009 5771 3318 5833 cotnederitis
3333 5810 3348 5838 ,
3365 5770 3512 5833 eritis
