4038 6394
388 267 487 324 151

391 394 446 436 ut
482 382 575 447 dii,
609 387 665 435 et
693 393 788 449 spe
832 374 1099 447 potiendae
1130 376 1447 446 tequalitatis
1496 390 1617 430 cum
1665 375 1776 429 Deo
1805 375 1983 429 cibum

400 473 541 527 hunc
572 486 787 525 sumere
815 468 929 523 ausi
956 476 1100 522 sunt.
1133 469 1306 537 Atque
1328 466 1427 520 hac
1455 465 1524 521 de
1550 481 1707 519 causa
1739 466 1878 520 Deus
1899 465 1990 519 ite~

398 581 517 618 rum
550 565 665 617 illos
697 575 918 615 mouere
939 560 1126 616 volens
1146 600 1160 622 ,
1192 567 1249 613 ut
1277 558 1541 613 sentirent
1575 572 1732 626 quam
1758 557 1991 627 graviter

400 666 582 713 essent
629 656 763 724 lapsi
793 670 893 725 per
935 652 1355 708 inobedientiam
1396 660 1452 705 et
1476 650 1845 720 deceptionem
1867 690 1882 716 ,
1911 649 1995 703 in-

349 786 354 791 -
399 750 516 818 quit
550 766 564 798 :
596 747 725 800 Ecce
763 746 927 798 Aaam
958 749 1121 815 factus
1168 752 1239 798 est
1267 743 1414 812 quasi
1461 758 1593 795 unus
1618 756 1682 795 ea:
1720 741 1881 794 nobis.
1939 738 1993 793 In

404 852 610 898 tantum
641 840 892 894 ruborem
923 838 1025 892 hoc
1063 837 1284 891 verbum
1318 835 1519 904 injicit,
1552 843 1611 888 ut
1638 845 2000 904 transgresso-

403 948 517 987 rem
568 932 801 1001 graviter
829 939 1046 1001 tangere
1093 928 1291 984 valeat.
1337 927 1495 993 Ideo,
1527 925 1732 997 inquit,
1760 934 2001 987 contem-

408 1024 560 1093 psisti
604 1020 911 1077 mandatum
960 1036 1138 1075 meum
1164 1019 1308 1090 quod
1348 1018 1605 1088 asqualem
1650 1024 1704 1071 te
1734 1016 1844 1070 Deo
1888 1014 2002 1070 fore

414 1126 629 1186 putares
662 1117 718 1169 ‘?
748 1114 888 1169 Ecce
914 1113 1084 1169 factus
1111 1129 1172 1168 es
1197 1112 1338 1180 quod
1363 1110 1685 1181 exspectasti
1712 1128 1725 1163 :
1756 1110 1863 1163 imo
1892 1124 2000 1163 non

411 1207 555 1277 quod
580 1205 938 1275 exspectasti,
969 1205 1064 1260 sed
1106 1204 1317 1274 qualem
1359 1211 1413 1258 te
1464 1202 1578 1257 ﬁeri
1605 1201 1827 1272 dignum
1863 1208 2000 1255 erat.

413 1298 568 1362 Ecce,
602 1296 794 1367 inquit,
826 1296 991 1350 Adam
1025 1296 1187 1364 {actus
1208 1304 1280 1347 est
1315 1293 1460 1364 quasi
1482 1309 1613 1347 unus
1643 1308 1708 1347 ea:
1732 1292 1874 1345 nobis
1894 1332 1908 1355 ,
1934 1290 2004 1343 ad

411 1390 671 1444 sciendum
693 1389 880 1442 bonum
905 1398 951 1441 et
974 1388 1181 1441 malum.
1213 1386 1327 1442 Hoc
1364 1386 1509 1441 enim
1558 1384 1716 1440 fallax
1761 1384 2007 1439 diabolus

414 1482 626 1537 dicebat
653 1497 746 1550 per
771 1490 1093 1551 serpentem,
1124 1478 1428 1549 Aperiantur
1461 1479 1597 1531 oculi
1639 1478 1822 1544 vestri,
1846 1477 2011 1532 eritis-

415 1590 514 1643 que
548 1573 677 1627 sicut
703 1572 810 1639 dii,
858 1572 1070 1625 scientes
1105 1569 1293 1624 bonum
1323 1580 1369 1623 et
1411 1570 1625 1623 malum.
1670 1566 1738 1621 Et
1771 1584 1903 1623 nunc
1947 1583 2012 1622 ne

425 1668 555 1735 forte
576 1664 813 1719 extendat
867 1678 1077 1716 manum
1119 1670 1168 1716 et
1196 1670 1369 1730 tangat
1397 1661 1590 1732 lignum
1621 1659 1736 1714 vita:
1754 1701 1769 1726 ,
1802 1669 1849 1714 et
1874 1675 2016 1713 com-

420 1755 558 1819 edat,
582 1766 629 1808 et
657 1755 787 1808 vivat
803 1754 854 1807 in
875 1750 1310 1815 mternum.Vide,
1330 1765 1449 1818 oro,
1478 1750 1566 1804 hic
1586 1748 2013 1805 misericordiam

422 1848 653 1903 Domini.
707 1846 930 1915 Oportet
976 1847 1120 1901 enim
1162 1843 1305 1914 quod
1350 1844 1551 1898 dictum
1599 1852 1683 1898 est
1731 1842 2015 1912 diligenter

421 1939 685 2006 scrutari,
720 1947 777 1993 ut
811 1938 945 1993 nihil
970 1952 1156 1993 eorum
1184 1951 1306 2006 qua:
1350 1936 1406 1990 in
1444 1935 1607 1989 fundo
1640 1942 1765 1990 sunt
1789 1934 2020 1989 abscon-

422 2031 555 2097 dita,
581 2031 749 2086 latere
777 2047 875 2085 nos
912 2038 1094 2100 queat.
1118 2030 1254 2085 Cum
1303 2030 1446 2084 Deus
1475 2028 1681 2083 Adamo
1707 2028 2018 2081 mandatum

425 2124 579 2179 daret
602 2166 617 2189 ,
645 2139 675 2178 a
702 2125 848 2179 nullo
870 2124 975 2177 alio
995 2123 1265 2178 abstinere
1288 2123 1561 2193 praecepit,
1589 2136 1749 2192 quam
1772 2120 1839 2175 ab
1859 2120 2020 2174 unico

412 2216 594 2286 'ligno,
622 2216 691 2270 de
721 2231 828 2285 quo
858 2216 980 2285 quia
1001 2214 1164 2270 edere
1190 2214 1290 2268 fuit
1314 2228 1497 2280 ausus,
1523 2227 1679 2284 ptena
1702 2210 1893 2266 mortis
1922 2211 2021 2281 ipsi

426 2306 660 2378 irrogata
706 2317 789 2361 est
818 2305 997 2377 :quod
1027 2320 1148 2361 cum
1199 2305 1517 2375 praeciperet
1559 2304 1631 2357 illi
1663 2302 1904 2357 delinivit
1927 2344 1942 2366 ,
1974 2300 2020 2356 si

429 2399 909 2469 praevaricaretur,
974 2397 1043 2453 de
1099 2397 1244 2467 ligno
1302 2397 1426 2451 vita:
1496 2395 1629 2449 nihil
1684 2393 2019 2464 prtecipiens.

429 2490 872 2560 Quandoquidem
901 2491 1045 2544 enim
1066 2531 1081 2555 ,
1106 2497 1167 2544 ut
1186 2488 1436 2543 existimo
1460 2528 1476 2552 ,
1500 2496 1555 2541 et
1585 2486 1881 2555 intelligere
1906 2494 2019 2549 est,

432 2581 788 2636 immortalem
817 2582 969 2635 illum
998 2581 1235 2645 creavit,
1268 2579 1531 2650 potuisset
1576 2579 1717 2648 ipse,
1747 2579 1791 2631 si
1820 2577 2023 2631 voluis—

431 2683 533 2740 set,
556 2689 678 2728 cum
707 2674 825 2729 aliis
854 2674 1014 2728 etiam
1041 2671 1110 2727 de
1138 2672 1241 2727 hoc
1265 2672 1406 2727 vesci
1429 2669 1570 2741 quod
1603 2677 1913 2740 perpetuam
1944 2667 2021 2722 illi

431 2765 746 2821 contulisset
782 2767 947 2820 vitam
980 2778 1182 2836 :quare
1221 2764 1428 2818 nullum
1474 2761 1785 2817 mandatum
1814 2759 1883 2816 de
1931 2760 2024 2815 illo

435 2859 660 2927 accepit.

512 2952 566 3006 5.
594 2952 650 3006 Si
687 2959 865 3005 autem
896 2949 1143 3004 curiosus
1174 2947 1367 3018 aliquis
1393 2954 1585 3017 rogat,
1612 2960 1778 3016 quare
1829 2943 2029 3013 lignum

437 3042 562 3095 Viue
610 3041 682 3095 sit
732 3038 1290 3109 appellatumzsciat,
1347 3052 1453 3091 non
1509 3050 1669 3107 posse
1719 3035 2029 3100 hominem,

437 3135 550 3187 suis
582 3134 820 3186 innixum
852 3131 1145 3185 ratiociniis
1166 3171 1181 3195 ,
1212 3128 1393 3183 omnia
1424 3128 1518 3183 Dei
1557 3142 1719 3199 opera
1763 3127 2029 3182 contueri.

440 3224 624 3278 Visum
651 3223 793 3277 enim
819 3222 917 3276 fuit
940 3222 1185 3288 Domino,
1204 3229 1262 3275 ut
1285 3220 1719 3275 exercitationem
1741 3218 2029 3289 quamdam

439 3316 762 3370 obedientire
790 3324 846 3369 et
871 3313 1243 3368 iuobedientia:
1260 3312 1483 3368 haberet
1512 3313 1672 3367 homo
1700 3329 1729 3367 a
1759 3329 1818 3368 sc
1839 3314 2031 3379 factus,

440 3420 499 3465 et
530 3410 580 3462 in
634 3407 881 3478 paradiso
910 3406 1109 3477 degens
1130 3447 1144 3471 ,
1176 3414 1235 3460 ut
1272 3406 1379 3461 duo
1409 3406 1507 3460 ista
1546 3406 1684 3475 ligna
1716 3406 1784 3460 ibi
1831 3408 2033 3461 consti-

441 3510 616 3555 tueret
639 3542 655 3567 ,
686 3501 912 3553 alterum
956 3498 1173 3567 quidem
1202 3498 1325 3553 vita:
1345 3538 1360 3564 ,
1398 3497 1626 3552 alterum
1654 3513 1818 3555 vero.
1871 3507 1929 3552 ut
1958 3496 2036 3551 sic

442 3593 647 3660 loquar,
675 3592 883 3646 mortis.
909 3590 1039 3645 Nam
1060 3590 1178 3659 ejus
1209 3604 1335 3645 esus
1355 3598 1408 3644 et
1427 3590 1777 3659 transgressio
1803 3589 2035 3643 mandati

445 3695 676 3741 mortem
709 3682 782 3738 illi
843 3683 1039 3737 attulit.
1073 3682 1297 3750 Quando
1318 3682 1497 3752 igitur,
1530 3681 1617 3736 ubi
1665 3680 1733 3735 de
1758 3679 1859 3735 hoc
1885 3695 2039 3735 com-

444 3777 578 3837 edit.
608 3774 851 3829 mortalis
874 3773 1042 3829 factus
1085 3782 1201 3838 est,
1238 3773 1584 3843 corporisque
1630 3771 2038 3827 necessitatibus

443 3867 706 3921 obnoxius
723 3904 743 3933 ,
770 3874 824 3919 et
847 3864 1021 3935 primo
1043 3873 1319 3933 peccatum
1350 3864 1644 3933 ingressum
1671 3872 1753 3918 est
1777 3904 1793 3931 ,
1824 3874 2040 3933 pr0pter

449 3960 592 4031 quod
632 3968 687 4013 et
712 3973 862 4013 mors
890 3974 920 4012 a
962 3957 1191 4012 Domino
1214 3958 1417 4012 utiliter
1451 3956 1755 4027 dispensata
1787 3965 1870 4011 est
1892 3997 1907 4022 ,
1932 3971 2039 4010 non

447 4052 674 4121 posthac
701 4053 752 4106 in
785 4051 1030 4121 paradiso
1074 4051 1328 4121 relinquit
1374 4049 1578 4116 Adam,
1608 4048 1702 4104 sed
1729 4049 1878 4105 exire
1920 4048 2043 4105 inde

443 4144 619 4214 jubet,
652 4153 959 4198 monstrans
1004 4158 1063 4199 se
1092 4152 1312 4213 propter
1345 4142 1475 4197 nihil
1502 4142 1645 4196 aliud
1692 4142 1793 4197 hoc
1823 4142 1999 4197 facere
2022 4183 2039 4209 ,

412 4262 420 4272 -
452 4252 613 4304 quam
640 4245 858 4305 propter
886 4234 1266 4306 benignitatem
1288 4249 1392 4305 qua
1423 4234 1570 4289 illum
1600 4235 2039 4305 prosequebatur.

452 4327 523 4382 Et
578 4337 633 4381 ut
678 4327 783 4381 hoc
808 4337 1053 4382 accurate
1077 4327 1347 4383 discamus
1367 4367 1382 4391 ,
1426 4342 1602 4396 operae
1628 4326 1855 4395 pretium
1885 4325 2043 4381 fuerit

458 4418 614 4473 verba
632 4416 826 4472 divina:
846 4417 1135 4487 Scriptura:
1160 4418 1336 4474 denuo
1362 4419 1557 4488 legere.
1582 4415 1649 4472 Et
1667 4435 1819 4486 nunc,
1850 4419 2040 4488 inquit,

454 4527 518 4565 ne
560 4511 761 4580 quando
787 4510 1021 4564 extendat
1050 4527 1292 4577 manum,
1325 4519 1373 4565 et
1394 4510 1610 4579 accipiat
1634 4511 1697 4563 de
1723 4509 1859 4580 ligno
1888 4511 2003 4564 vita
2025 4550 2043 4577 ,

460 4613 512 4661 et
543 4603 793 4667 comedat,
818 4612 865 4657 et
886 4603 1016 4656 vivat
1053 4604 1107 4656 in
1150 4612 1411 4657 a'ternum.
1442 4602 1575 4657 Nam
1599 4603 1723 4673 quia
1748 4618 1936 4673 magna
1963 4602 2048 4657 in-

457 4696 847 4766 temperantia},
880 4695 1067 4764 inquit,
1103 4694 1295 4748 indicia
1317 4694 1591 4761 exhibuit,
1616 4695 2046 4764 pr:evaricando-

455 4803 559 4857 que
582 4785 887 4840 mandatum
915 4784 1155 4838 mortalis
1177 4783 1347 4839 factus
1365 4793 1469 4851 est,
1492 4800 1559 4839 ne
1576 4799 1717 4839 nunc
1737 4794 1792 4840 et
1821 4785 2045 4854 lignum,

453 4877 595 4948 quod
623 4878 783 4931 vitam
826 4876 1027 4946 praebet
1044 4875 1372 4942 continuam,
1401 4875 1663 4944 attingere
1685 4875 1899 4942 audeat,
1928 4890 2051 4944 pec-

454 4978 675 5025 caturus
703 4977 967 5038 perpetuo
987 5008 1002 5033 ,
1033 4968 1200 5021 satius
1245 4966 1407 5023 fuerit
1445 4966 1569 5022 hinc
1590 4968 1761 5037 ipsum
1790 4968 1945 5037 ejici;
1974 4969 2046 5024 ita

456 5072 516 5116 ut
543 5060 711 5131 magis
738 5060 1113 5129 providentize,
1142 5075 1302 5131 quam
1332 5059 1714 5130 indignationis
1755 5060 1915 5116 fuerit
1957 5061 2047 5115 illa

455 5154 667 5223 ejectio.
702 5152 799 5207 llic
822 5152 964 5207 enim
1012 5167 1132 5207 mos
1156 5160 1241 5208 est
1267 5151 1474 5207 Domini
1506 5151 1703 5215 nostri,
1734 5160 1793 5208 ut
1821 5152 2049 5222 puniens

456 5263 563 5303 non
587 5248 763 5301 minus
788 5260 945 5316 quam
974 5244 1318 5301 bcnel‘aciens
1356 5259 1505 5301 suam
1534 5260 1659 5315 erga
1687 5258 1783 5300 nos
1809 5245 2051 5300 declaret

461 5341 852 5410 providentiam
874 5380 890 5407 ,
918 5340 1114 5411 quippe
1149 5348 1205 5395 et
1235 5340 1372 5394 hanc
1424 5353 1637 5410 poenam
1667 5337 2047 5393 admonitionis

458 5432 625 5501 gratia
654 5432 806 5486 nobis
833 5431 1103 5500 irrogavit.
1133 5429 1267 5499 Quia
1294 5431 1475 5501 utique
1509 5430 1556 5485 si
1582 5430 1771 5486 scisset
1812 5444 1910 5484 nos
1938 5444 2043 5484 non

457 5522 674 5595 pejores
703 5522 818 5578 ﬁeri
862 5524 1079 5595 impune
1107 5521 1376 5592 peccando
1394 5561 1411 5587 ,
1441 5532 1748 5592 neutiquam
1776 5520 1914 5575 ultra
1947 5536 2048 5589 pu-

536 5621 550 5647 ¹
578 5619 663 5666 "te
684 5629 845 5677 voces,
867 5612 1247 5680 quodgrqualem
1272 5617 1317 5680 te
1340 5613 1437 5680 _De_o
1457 5617 1653 5680 putares
1677 5613 1908 5680 (icollefav
1935 5631 2050 5680 φᾳγ-

472 5674 907 5791 τασείεῇζέᾱθειωί
926 5680 976 5728 in
999 5674 1198 5737 Mo’reL,
1224 5674 1314 5725 sed
1338 5675 1586 5726 habentur
1608 5676 1658 5724 iu
1686 5674 1841 5726 Savil.
1877 5674 2047 5727 etali-

476 5756 577 5806 quo
724 5776 737 5789 .

1119 260 1177 317 S.
1219 258 1496 316 JO.\NNIS
1533 258 2013 316 CHRYSOSTOMI
2046 258 2359 317 ARCHIEP.
2400 232 2935 317 CONSTANTINDP.

3578 263 3682 321 152

2094 376 2282 431 niisset
2313 393 2327 431 :
2356 376 2448 431 sed
2481 388 2537 431 ut
2587 378 2841 446 reprimat
2883 386 3124 433 nostrum
3152 376 3219 433 ad
3264 375 3527 433 deteriora
3553 394 3684 448 pro-

2092 482 2335 537 gressum
2361 508 2375 532 ,
2422 478 2477 522 et
2535 468 2687 523 tollat
2726 468 2983 522 malitiam
3035 467 3259 523 ulterius
3299 477 3630 538 grassantem
3664 507 3686 536 ,

2097 576 2247 615 suam
2297 560 2561 615 servando
2607 560 3029 615 misericordiam
3055 599 3073 625 ,
3116 560 3268 629 punit
3297 575 3313 614 :
3345 559 3398 613 id
3439 558 3580 629 quod
3630 568 3690 614 et

2099 669 2241 709 nunc
2282 654 2425 710 fecit.
2456 652 2650 709 Curam
2693 654 2836 709 enim
2881 668 3045 723 agens
3086 652 3388 723 primigenii
3419 651 3688 711 hominis.

2100 746 2220 815 cjici
2252 747 2421 816 ipsum
2470 762 2501 802 e
2527 745 2774 819 paradiso
2802 749 3071 817 praecepit.
3120 747 3210 801 25.
3239 745 3308 800 Et
3335 746 3496 800 emisit
3542 746 3694 799 illum

2102 838 2353 894 Dominus
2396 838 2535 893 Deus
2578 856 2641 893 ea:
2679 840 2917 908 paradiso
2952 839 3251 911 voluptatis,
3298 848 3353 893 ut
3398 848 3697 908 operaretur

2104 937 2290 981 terram
2315 928 2379 983 de
2401 946 2502 999 qua
2546 940 2776 1001 sumptus
2803 938 2893 983 est.
2926 928 3120 985 Iterum
3149 944 3266 994 oro,
3299 938 3359 984 ut
3387 929 3472 984 hic
3496 928 3698 983 divina:

2104 1016 2394 1089 Scriptura:
2416 1019 2742 1090 diligentiam
2759 1019 2960 1074 videas.
2986 1019 3166 1074 Emisit
3187 1019 3353 1084 illum,
3382 1018 3571 1089 inquit,
3599 1017 3702 1071 Do-

2107 1112 2277 1167 minus
2302 1111 2442 1167 Deus
2471 1129 2535 1167 ea:
2575 1113 2818 1183 paradiso
2859 1113 3133 1182 voluptatis
3153 1154 3168 1177 ,
3193 1122 3247 1165 ut
3273 1122 3569 1177 operaretur
3594 1122 3700 1163 ter-

2107 1220 2219 1258 ram
2244 1203 2307 1258 de
2321 1221 2424 1273 qua
2461 1215 2693 1275 sumptus
2713 1216 2805 1258 est.
2838 1204 2976 1258 Ecce
3006 1203 3323 1257 sententiam
3346 1217 3496 1256 suam
3523 1202 3702 1269 reipsa

2110 1295 2456 1366 exsequitur;
2504 1306 2561 1351 et
2602 1312 2672 1351 cx
2703 1296 2952 1367 paradiso
2975 1297 3262 1367 voluptatis
3302 1296 3552 1366 ejectum,
3588 1305 3705 1350 ter—

2111 1402 2227 1442 ram
2254 1388 2321 1442 de
2345 1402 2449 1458 qua
2488 1396 2732 1457 sumptus
2755 1396 2871 1442 erat
2896 1388 3105 1457 operari
3149 1386 3321 1457 jubet.
3348 1385 3457 1441 Nec
3498 1394 3704 1440 temere

2112 1481 2280 1547 dixit,
2308 1481 2382 1535 De
2418 1498 2519 1552 qua
2540 1490 2768 1550 sumptus
2796 1490 2869 1534 est
2896 1496 2916 1534 :
2945 1480 3039 1534 sed
3082 1490 3140 1543 ut
3172 1486 3427 1548 perpetuo
3455 1492 3699 1532 commo-

2116 1575 2341 1630 nelleret
2382 1572 2699 1628 humilitatis
2742 1573 2881 1627 inter
2906 1570 3235 1641 operandam
3255 1612 3271 1635 ,
3297 1569 3543 1639 scireque
3583 1581 3711 1636 pos-

2116 1674 2202 1723 set
2222 1680 2282 1720 se
2308 1664 2431 1720 inde
2454 1678 2575 1719 esse
2601 1664 2974 1729 constitutum,
3004 1670 3059 1716 et
3081 1659 3433 1715 substantiam
3462 1657 3712 1728 corporis

2117 1774 2185 1815 ex
2231 1767 2374 1814 terra
2424 1757 2622 1812 habere
2665 1756 2733 1811 ab
2762 1756 2914 1810 initio
2944 1773 2958 1810 :
2989 1763 3050 1809 ut
3087 1754 3231 1807 illam
3273 1753 3472 1822 ipsam,
3499 1751 3709 1817 inquit,

2118 1862 2372 1926 operetur
2401 1860 2623 1913 terram,
2652 1864 2719 1905 ex
2742 1865 2845 1920 qua
2872 1858 2927 1903 et
2946 1849 3061 1917 ipse
3093 1846 3414 1902 constitutus
3442 1854 3545 1899 est.
3577 1842 3713 1897 Nam

2121 1946 2224 2001 hoc
2249 1944 2389 2016 quod
2420 1946 2473 1999 in
2507 1943 2769 1998 sententia
2817 1941 3068 2004 dicebat,
3117 1938 3184 1993 In
3221 1939 3404 1992 sudore
3434 1936 3580 2008 faciei
3612 1947 3717 1988 tua:

2121 2039 2330 2093 vesceris
2380 2052 2511 2107 pane
2547 2046 2631 2090 tuo
2673 2050 2692 2088 :
2724 2033 2953 2103 idipsum
3007 2040 3063 2086 et
3107 2045 3248 2085 nunc
3292 2029 3452 2092 dicit,
3500 2026 3717 2097 quando

2124 2131 2314 2201 inquit,
2343 2128 2412 2184 Ut
2436 2136 2731 2200 aperaretur
2765 2135 2951 2179 terram
2977 2124 3040 2176 de
3057 2138 3157 2193 qua
3182 2132 3411 2189 sumptus
3438 2129 3529 2172 est.
3564 2118 3721 2172 Post-

2127 2224 2243 2289 hac,
2279 2232 2335 2277 ut
2355 2222 2625 2277 discamus
2654 2228 2853 2289 quanto
2873 2216 3046 2286 spatio
3064 2216 3234 2284 ipsum
3263 2227 3292 2265 a
3321 2210 3565 2280 paradiso
3595 2207 3718 2262 col-

2126 2314 2358 2379 locavit,
2402 2312 2561 2367 etiam
2603 2309 2732 2364 illud
2760 2309 2932 2379 ipsum
2958 2304 3234 2374 Scriptura
3278 2302 3458 2355 divina
3491 2316 3589 2353 uos
3613 2298 3719 2352 do-

2125 2414 2213 2460 cet
2235 2422 2248 2457 :
2272 2404 2363 2458 24.
2394 2402 2654 2474 Ejecitque
2696 2399 2944 2453 Dominus
2983 2396 3122 2451 Deus
3148 2394 3344 2461 Adam,
3369 2402 3416 2447 et
3454 2390 3725 2446 collocavit

2126 2513 2242 2552 eum
2268 2513 2294 2550 e
2312 2496 2514 2566 regione
2539 2493 2764 2565 paradisi
2790 2489 3083 2561 voluptatis.

2202 2586 2305 2641 Cur
2321 2602 2384 2639 ea:
2398 2586 2605 2638 adverso
2623 2582 2849 2654 paradisi
2874 2584 3067 2652 positus
3081 2574 3731 2633 Adam—Animadverte

2128 2692 2468 2734 communem
2490 2675 2769 2729 Dominum
2786 2681 3027 2726 nostrum
3047 2671 3099 2724 in
3120 2668 3344 2739 singulis
3357 2666 3609 2736 aperibus
3630 2665 3731 2718 be-

2131 2770 2402 2840 nignitatis
2419 2779 2788 2839 argumentum
2810 2764 3086 2828 exhibere,
3106 2772 3163 2818 et
3190 2761 3422 2831 singulas
3442 2773 3731 2829 poenarum

2130 2864 2339 2933 species
2370 2861 2606 2916 bonitate
2632 2861 2814 2930 plenas
2839 2872 2979 2913 esse.
3008 2855 3122 2911 Non
3150 2854 3293 2908 enim
3316 2852 3418 2906 hoc
3432 2852 3603 2905 solum
3623 2850 3733 2902 mi-

2133 2955 2441 3012 sericordia:
2452 2962 2510 3009 et
2526 2950 2867 3023 benignitatis
2879 2956 3251 3018 argumentum
3270 2952 3405 3009 erat,
3422 2941 3561 3013 quod
3576 2941 3736 2995 emit-

2134 3056 2270 3102 teret
2294 3057 2347 3101 et
2373 3045 2623 3115 ejiceret;
2648 3042 2741 3097 sed
2763 3052 2817 3096 et
2854 3040 2996 3111 quod
3024 3039 3171 3092 illum
3211 3046 3393 3090 contra
3420 3032 3735 3104 paradisum

2134 3140 2439 3202 collocaret,
2460 3146 2516 3192 ut
2540 3137 2720 3207 jugem
2737 3134 2977 3189 dolorem
2997 3131 3212 3185 haberet
3231 3127 3465 3199 quotidie
3486 3126 3737 3194 cogitans

2137 3230 2280 3287 unde
2303 3229 2609 3296 exciderat,
2641 3238 2696 3283 ct
2738 3228 2792 3281 in
2812 3241 2969 3297 quem
3000 3233 3199 3279 statum
3227 3237 3285 3277 se
3306 3220 3628 3291 coniecerat.
3661 3218 3738 3271 Et

2136 3321 2380 3394 quamvis
2424 3319 2725 3390 gravissimi
2769 3316 2973 3373 doloris
3025 3313 3390 3384 Spectaculum
3434 3320 3613 3374 esset,
3643 3319 3735 3362 ta—

2138 3432 2259 3472 men
2288 3429 2493 3486 magnze
2514 3412 2755 3468 utilitatis
2778 3420 2894 3465 erat
2917 3408 3150 3474 occasio,
3176 3417 3232 3461 ut
3260 3406 3453 3460 dolens
3475 3403 3747 3457 continuo

2137 3517 2378 3580 aspectu,
2413 3506 2671 3561 munitior
2696 3512 2750 3559 et
2776 3504 2983 3559 cautior
3005 3508 3150 3556 esset
3180 3501 3231 3553 in
3261 3498 3379 3551 aliis
3399 3539 3415 3563 ,
3440 3512 3507 3550 ne
3535 3496 3738 3549 iterum

2140 3602 2193 3655 in
2219 3598 2405 3655 eadem
2431 3607 2642 3667 peccata
2672 3594 2955 3650 incideret.
2992 3592 3124 3647 Nam
3150 3590 3404 3660 quoniam
3440 3588 3527 3641 hic
3553 3585 3759 3643 homi-.

2141 3694 2227 3749 nis
2252 3702 2310 3747 ut
2333 3692 2621 3764 plurimum
2646 3704 2763 3744 mos
2782 3697 2885 3754 est,
2917 3695 2976 3742 ut
3002 3686 3128 3740 dum
3150 3684 3305 3740 bonis
3332 3684 3578 3747 fruimur,
3603 3679 3751 3749 ipsis.

2142 3793 2201 3839 ut
2236 3792 2448 3854 oportet
2482 3784 2559 3838 uti
2585 3782 2887 3837 nesciamus
2911 3820 2926 3844 ,
2955 3778 3168 3833 illorum
3208 3772 3504 3845 privatione
3543 3785 3744 3826 emen-

2142 3875 2354 3941 damur,
2385 3884 2438 3930 et
2478 3882 2605 3929 tunc
2627 3872 2955 3943 experientia
2980 3869 3124 3924 docti
3148 3865 3351 3922 sentire
3377 3874 3612 3918 nostram
3637 3862 3747 3916 de-

2143 3969 2332 4023 sidiam
2361 3966 2643 4037 incipimus
2664 4006 2678 4030 ,
2709 3974 2869 4035 atque
2916 3963 2989 4017 ita
3038 3970 3182 4017 tanta
3234 3973 3416 4014 rerum
3443 3955 3756 4010 mutatione

2145 4061 2421 4125 docemur,
2446 4069 2502 4114 et
2526 4074 2556 4113 a
2582 4057 2775 4129 quibus
2796 4054 3123 4119 excidimus,
3147 4063 3202 4108 et
3230 4051 3423 4123 quibus
3464 4063 3562 4103 nos
3590 4048 3749 4116 ipsos

2146 4155 2302 4210 malis
2321 4151 2789 4208 circumdedimus.
2814 4148 2998 4219 Itaque
3023 4146 3167 4217 quod
3198 4160 3362 4216 prope
3386 4151 3442 4198 et
3463 4157 3496 4198 e
3514 4141 3757 4209 regione

2148 4246 2377 4318 paradisi
2417 4260 2540 4299 eum
2586 4242 2679 4313 qui
2722 4242 2867 4297 illinc
2920 4238 3192 4296 exciderat
3237 4236 3476 4291 habitare
3540 4233 3743 4304 jussit,

2148 4339 2395 4395 maxima:
2438 4335 2786 4407 providentiae
2812 4342 2868 4389 et
2901 4346 3046 4388 cura:
3090 4331 3300 4400 signum
3344 4328 3443 4383 fuit
3469 4367 3486 4391 ,
3512 4335 3569 4380 ut
3610 4340 3749 4394 spe-

2150 4430 2347 4487 ctando
2374 4444 2580 4484 memor
2600 4436 2746 4483 esset
2774 4435 2830 4482 et
2853 4424 2977 4480 inde
3000 4424 3206 4479 lucrum
3228 4420 3447 4486 laceret,
3474 4433 3539 4473 ac
3565 4431 3752 4486 neque

2151 4524 2435 4580 iuuuodica
2454 4520 2667 4576 vivendi
2690 4516 3144 4589 concupiscentia,
3175 4514 3261 4568 vel
3290 4512 3419 4567 loris
3447 4509 3747 4575 exsistens,

2150 4614 2218 4670 de
2248 4615 2389 4685 ligno
2409 4612 2691 4668 comedere
2711 4616 3078 4681 pratsumeret.
3100 4606 3284 4660 Divina
3304 4603 3447 4659 enim
3469 4600 3751 4669 Scriptura

2152 4710 2329 4765 ontuia
2359 4708 2533 4771 nobis,
2552 4714 2709 4776 prout
2736 4712 2934 4759 nostrae
2960 4699 3253 4756 inlirmitati
3274 4702 3596 4765 congruunt,
3619 4708 3756 4746 nar-

2154 4813 2258 4857 rat.
2286 4799 2355 4854 Et
2380 4798 2641 4854 collocavit
2684 4796 2951 4851 Cherubim
2980 4805 3024 4847 et
3052 4794 3342 4864 ﬂammeum
3368 4788 3598 4861 gladium
3628 4802 3753 4839 ver-

2152 4894 2350 4951 sutilem
2376 4892 2443 4946 ad
2480 4889 2862 4946 custodiendam
2894 4888 3027 4942 viain
3059 4887 3185 4957 ligni
3216 4885 3349 4938 vitae.
3379 4880 3713 4952 Negligeutia
3733 4920 3761 4945 ,

2154 5002 2314 5058 quam
2350 4985 2460 5057 jam
2503 4984 2646 5040 circa
2688 4981 2943 5037 traditum
2989 4986 3311 5050 praeceptum
3352 4973 3753 5036 exhibueraut,

2156 5082 2210 5136 in
2239 5095 2398 5135 causa
2428 5078 2527 5134 fuit
2547 5086 2605 5133 ut
2649 5085 2792 5132 tanta
2834 5075 3085 5130 cautione
3125 5072 3301 5127 aditus
3328 5071 3457 5141 ipsis
3486 5068 3753 5123 interclu-

2156 5176 2393 5231 deretur.
2409 5172 2793 5229 Animadverte
2804 5169 2892 5225 hic
2906 5169 3196 5238 benignum
3215 5166 3378 5221 Deum
3398 5178 3505 5217 non
3521 5170 3755 5217 conten—

2164 5276 2276 5321 tum
2308 5265 2473 5320 fuisse
2498 5264 2768 5318 hominem
2797 5276 2829 5316 e
2856 5259 3075 5330 regione
3103 5257 3336 5328 paradisi
3359 5255 3622 5316 habitare,
3650 5252 3753 5306 sed

2158 5358 2478 5432 prazcepisse
2502 5358 2661 5412 etiam
2683 5397 2698 5420 ,
2726 5363 2785 5408 ut
2812 5353 3033 5407 virtutes
3060 5351 3165 5405 illa:
3193 5347 3479 5404 Cherubim
3510 5353 3565 5399 et
3588 5344 3753 5396 llam-

2160 5467 2311 5507 meus
2339 5450 2547 5522 gladius
2577 5448 2669 5502 ille
2695 5445 2965 5501 versatilis
2991 5442 3325 5498 custodirent
3343 5440 3509 5500 viam,
3541 5452 3659 5505 qtue
3686 5433 3755 5488 il-

2160 5545 2248 5600 luc
2278 5543 2579 5598 inducebat.
2614 5540 2723 5594 Nec
2749 5538 2952 5607 absque
2973 5549 3134 5591 causa
3164 5532 3388 5598 addidit,
3420 5526 3770 5588 Vcrsatilem,

2159 5635 2252 5691 sed
2282 5634 2541 5689 utdoceat
2584 5646 2715 5693 nos,
2750 5643 2965 5682 omnem
2994 5627 3132 5679 viam
3165 5624 3256 5678 illo
3297 5622 3580 5676 ducentem
3609 5633 3753 5685 prm-

2162 5727 2367 5783 clusam
2412 5723 2574 5779 fuisse
2598 5764 2619 5790 ,
2645 5738 2710 5778 co
2730 5718 2870 5790 quod
2905 5717 3111 5791 gladius
3151 5714 3244 5771 ille
3264 5715 3390 5772 dum
3422 5719 3761 5773 vcrsaretos,
