4038 6394
1799 193 1810 222 I

170 383 250 440 131
1367 381 1434 438 ΙΝ
1471 381 1627 439 CAP.
1666 380 1734 437 111
1765 381 1886 436 GEI‘

2048 379 2280 436 IIOMIL.
2317 379 2505 436 XVIII.

189 501 264 567 ὡς
279 499 428 564 θεοὶ,
449 499 548 552 καὶ
573 499 813 566 ἱσοθεῖας
837 500 1011 554 ἐλπίδι
1032 499 1133 570 τῆς
1151 501 1408 572 βρώσεως
1429 501 1866 572 κατετόλμησαν·

189 589 272 642 διὰ
293 587 460 640 τοῦτο
491 588 590 641 καὶ¹
615 587 644 640 6
677 589 811 652 Θεὸς
838 588 1005 642 πάλιν
1025 589 1283 659 ἐντρέῲαι
1300 590 1499 653 αὐτοὺς
1523 589 1871 660 βουλόμενος,

191 677 278 729 καὶ
301 677 384 739 είς
413 675 675 747 αἴσθησιν
704 677 934 744 ἀγαγεῖν
949 675 1059 730 τῶν
1084 677 1486 747 ἐπταισμένων,
1513 677 1608 730 καὶ
1637 675 1738 746 τῆς
1771 693 1875 728 πα-

195 764 392 834 ρακοῆς
417 763 484 816 τὸ
529 763 762 834 μέγεθος
786 765 976 829 δεῖξαι,
1006 765 1102 818 καὶ
1137 765 1236 835 τῆς
1265 765 1482 836 ἀπάτης
1510 765 1609 836 τὴν
1637 762 1874 836 ὑπερϐο-

191 853 302 920 λὴν,
333 851 535 920 φησίν·
588 851 746 906 Ἰδοὺ
771 851 1022 922 γέγονεν
1053 853 1226 922 Ἀδάμ
1248 854 1329 920 ὡς
1351 849 1440 920 εἷς
1464 852 1533 915 ἐξ
1555 850 1744 921 ἡμῶν.
1769 853 1876 905 Με-

193 939 324 1008 γάλη
355 938 454 991 τοῦ
497 940 746 1010 ῥήματος
778 941 810 1011 ή
851 941 1107 1012 ἐντροπὴ,
1131 941 1455 994 καθικέσθαι
1479 939 1752 1010 δυναμένη
1779 936 1874 991 τοῦ

193 1028 566 1098 παραϐάντος.
605 1027 704 1080 Διά
735 1028 916 1092 τοῦτο,
967 1029 1124 1100 φησὶ,
1155 1029 1570 1100 κατεφρόνησας
1602 1028 1701 1098 τῆς
1730 1027 1878 1079 ἐντο-

194 1115 286 1184 λῆς
336 1117 440 1184 τῆς
483 1115 628 1186 ἐμῆς
678 1115 917 1169 ἰσοθεῖαν
963 1116 1330 1185 φαντασθείς;
1387 1117 1518 1169 Ἰδοὺ
1571 1114 1802 1182 γέγονας
1850 1113 1879 1166 6

195 1204 605 1274 προσεδόκησας
625 1221 639 1236 °
675 1203 827 1276 [155]
879 1204 1081 1275 μᾶλλον
1131 1205 1189 1258 δὲ
1229 1205 1330 1275 οὐχ
1371 1204 1402 1256 δ
1449 1203 1876 1273 προσεδόκησας,

195 1291 302 1344 ἀλλ’
319 1293 463 1362 ὅπερ
485 1287 554 1362 ἧς
569 1291 719 1357 ἄξιος
744 1291 1020 1360 γενέσθαι.
1055 1291 1233 1354 Ἰδοὺ,
1249 1292 1404 1362 φησὶ,
1419 1291 1670 1361 γέγονεν
1694 1289 1879 1359 Ἀδὰμ

195 1380 268 1444 ὡς
295 1375 384 1444 εἷς
415 1379 490 1444 ἐξ
522 1379 716 1449 ἡμῶν,
751 1381 859 1435 τοῦ
888 1380 1210 1451 γινώσκειν
1231 1379 1426 1436 καλὸν
1459 1379 1560 1434 καὶ
1588 1379 1875 1448 πονηρόν.

198 1467 360 1520 Τοῦτο
405 1468 520 1540 γὰρ
553 1470 582 1520 6
610 1468 868 1521 ἀπατεὼν
911 1469 1158 1533 διάϐολος
1204 1469 1390 1533 αὐτοῖς
1443 1469 1597 1538 ἔλεγε
1645 1467 1734 1520 διὰ
1782 1464 1877 1520 τοῦ

195 1556 384 1622 δφεως,
407 1557 499 1608 δτι
538 1557 1074 1627 Διανοίχθήσονται
1113 1557 1283 1628 ὑμῶν
1326 1560 1382 1612 οἱ
1423 1555 1744 1627 ὀφθαλμοί,
1777 1555 1876 1608 καί

197 1645 414 1698 ἔσεσθε
441 1645 522 1710 ὡς
564 1645 712 1710 θεοὶ,
755 1645 1159 1714 γινώσκοντες
1201 1647 1394 1700 καλὸν
1435 1646 1536 1700 καί
1584 1644 1875 1712 πονηρόν.

197 1735 295 1788 Kal
317 1733 442 1788 νῦν
475 1733 562 1802 μή
593 1751 742 1788 ποτε
769 1735 1008 1804 ἐκτείνῃ
1029 1735 1146 1804 τὴν
1175 1735 1364 1806 χεῖρα,
1389 1734 1487 1788 καί
1518 1734 1740 1802 ἅψηται
1770 1730 1878 1786 τοῦ

198 1823 384 1886 ξύλου
408 1822 522 1892 τῆς
539 1823 712 1892 ζωῆς,
731 1824 829 1878 καί
855 1823 1039 1893 φάγῃ,
1065 1823 1164 1878 καί
1187 1822 1426 1889 ζήσεται
1446 1825 1533 1888 εις
1550 1822 1656 1876 τὸν
1670 1820 1876 1876 αίῶνα.

199 1912 338 1983 Ὅρα
367 1930 462 1982 μοι
491 1911 729 1966 ἐνταῦθα
752 1912 1162 1984 φιλανθρωπίαν
1179 1912 1470 1964 Δεσπότου.
1495 1913 1589 1963 Δεῖ
1607 1913 1716 1982 γὰρ
1743 1910 1880 1982 μετά

197 1999 483 2071 ἀκριϐείας
518 2000 864 2071 διερευνῆσαι
901 2013 927 2042 α
961 2000 1022 2054 16
1061 2000 1372 2071 εἰρημένον,
1413 2000 1500 2052 ἵνα
1541 1999 1706 2068 μηδὲν
1732 1999 1880 2068 ἡμᾶς

197 2087 374 2140 λαθεῖν
411 2088 620 2160 δυνηθῇ
668 2087 777 2142 τῶν
821 2090 878 2140 ἐν
924 2087 1004 2157 τῷ
1057 2087 1212 2159 βάθει
1235 2088 1411 2159 τούτῳ
1459 2085 1876 2159 κεκρυμμένων.

209 2175 400 2228 Ἡνίκα
440 2176 542 2247 τὴν
580 2175 803 2246 ἐντολὴν
847 2176 1018 2228 ἐδίδου
1074 2175 1151 2247 τῷ
1191 2175 1364 2246 Ἀδὰμ
1413 2175 1442 2228 ὁ
1470 2174 1624 2238 Θεὸς,
1665 2172 1881 2236 οὐδενὸς

201 2264 382 2334 ἐτέρου
409 2265 752 2334 ἀποσχέσθαι
773 2264 934 2318 αὐτὸν
960 2263 1314 2336 προσέταξεν,
1338 2265 1372 2336 ἢ
1403 2265 1564 2334 μόνον
1585 2262 1678 2316 τοῦ
1699 2261 1879 2328 ξύλου,

201 2347 256 2406 o6
285 2352 388 2420 τῆς
422 2351 685 2424 βρώσεως
723 2353 1146 2425 κατατολμήσας
1177 2352 1239 2406 τὸ
1275 2353 1550 2424 ἐπιτίμιον
1595 2350 1690 2404 τοῦ
1720 2350 1883 2406 θανά-

201 2459 286 2494 του
314 2441 571 2506 ἐδέξατοο
600 2442 740 2512 ὅπερ
772 2441 1158 2510 ἐντελλόμενος
1185 2441 1336 2511 αὐτῷ
1369 2440 1590 2511 ὥρισεν,
1627 2441 1676 2493 εἰ
1703 2457 1883 2512 παρα-

201 2528 344 2597 ϐαίη,
385 2531 518 2599 περὶ
562 2529 658 2582 106
699 2531 799 2599 τῆς
844 2528 992 2601 ζωῆς
1026 2529 1184 2595 ξύλου
1225 2529 1376 2583 οὐδὲν
1417 2527 1880 2598 διαστειλάμενος.

212 2619 428 2690 Ἐπειδὴ
461 2619 594 2690 γὰρ.
627 2619 704 2682 ὡς
748 2620 991 2689 ἡγοῦμαι
1035 2621 1129 2672 καὶ
1167 2619 1282 2672 ἐστι
1328 2619 1578 2680 συνιδεῖν,
1612 2617 1882 2671 ἀθάνατον

145 2701 152 2712 ’
201 2706 357 2758 αὑτὸν
385 2706 845 2777 ἐδημιούργησεν,
881 2707 1010 2778 ἐξῆν
1037 2707 1206 2776 αὐτῷ.
1247 2707 1406 2775 εἴπερ
1443 2704 1715 2770 ἐϐούλετο,
1745 2704 1884 2775 μετά

201 2795 304 2846 τῶν
334 2794 510 2849 ἀλλων
551 2795 650 2847 καὶ
690 2795 900 2847 ἐκείνου
949 2794 1410 2865 μεταλαμϐάνειν,
1458 2793 1757 2863 δυναμένου
1806 2793 1885 2846 δι-

201 2883 366 2953 ηνεκῆ
391 2882 492 2951 τὴν
521 2881 668 2952 ζωὴν
701 2881 852 2952 αὐτῷ
884 2881 1196 2953 προξενεῖν⁸
1233 2881 1421 2954 διόπερ
1453 2881 1709 2952 οὐδεμίαν
1734 2881 1884 2934 ἐντο-

203 2968 294 3040 λὴν
325 2971 456 3039 ιτερ¹ί⁹
487 2972 698 3024 ἐκείνου
730 2971 966 3040 δέχεται.

267 3065 342 3126 γ’.
363 3058 428 3111 Εἰ
445 3059 505 3112 δέ
521 3076 607 3122 τις
632 3058 874 3128 βούλοιτο
893 3058 1186 3130 περίεργος
1207 3056 1282 3110 ὣν
1309 3056 1512 3129 ζητεῖν,
1531 3057 1619 3112 διά
1644 3057 1698 3110 τί
1729 3057 1884 3122 ξύλον

203 3147 346 3216 ζωῆς
367 3147 638 3212 ἐκαλεῖτο,
666 3146 987 3216 μανθανέτω
1011 3146 1084 3218 μὴ
1106 3147 1284 3200 πάντα
1309 3146 1447 3216 μετὰ
1467 3146 1753 3216 ἀκριϐείας
1771 3148 1884 3209 τοῖς

201 3233 418 3296 οίκείοις
443 3233 729 3304 λογισμοῖς
751 3234 1150 3288 ἀκολουθοῦντα
1175 3233 1438 3287 δύνασθαι
1473 3233 1566 3288 τὸν
1599 3233 1886 3305 ἄνθρωπον

203 3322 294 3374 καὶ
325 3321 392 3374 τά
433 3321 530 3375 τοῦ
555 3321 693 3376 Θεοῦ
721 3321 858 3394 ἔργα
889 3321 1468 3388 κατοπτεύειν.Ἕδοξε
1513 3323 1624 3392 γὰρ
1667 3322 1745 3393 τῷ
1789 3325 1886 3376 Δε-

203 3411 396 3480 σπότῃ,
430 3411 520 3462 ἵνα
546 3411 858 3480 γυμνασίαν
886 3410 986 3482 ἔχῃ
1014 3411 1264 3482 ὑπακοῆς
1294 3411 1391 3464 καὶ
1421 3411 1708 3480 παρακοῆς
1741 3411 1771 3463 6
1792 3409 1884 3463 ὑπ’

201 3497 366 3550 αὑτοῦ
391 3498 824 3570 δημιουργηθεὶς
847 3499 944 3554 ἀνθ
954 3516 1135 3569 ρωπος
1154 3501 1212 3553 ἐν
1226 3498 1305 3568 τῷ
1325 3499 1640 3570 παραδείσῳ
1659 3498 1884 3566 διάγων,

203 3587 296 3639 καὶ
319 3587 384 3641 τὰ
409 3587 507 3640 δύο
536 3586 714 3640 ταῦτα
741 3586 870 3652 ξύλα
899 3589 1016 3641 ἐκεῖ
1041 3586 1337 3652 ἀναδεῖξαι,
1362 3588 1425 3642 τὸ
1462 3588 1562 3658 μὲν
1585 3587 1688 3657 τῆς
1716 3585 1885 3656 ζωῆς,

201 3678 260 3728 16
285 3676 368 3741 δὲ,
409 3676 488 3741 ὼς
527 3677 724 3736 εἰπεῖν,
758 3677 852 3730 τοῦ
887 3676 1141 3732 θανάτου.
1196 3678 1260 3730 Ἦ
1305 3677 1415 3748 γὰρ
1459 3676 1650 3730 τούτου
1683 3675 1888 3746 βρῶσις

203 3767 292 3818 καὶ
324 3767 356 3838 ἡ
393 3766 714 3838 παράϐασις
741 3765 842 3836 τῆς
865 3765 1086 3836 ἐντολῆς
1118 3766 1212 3819 τδν
1239 3766 1468 3820 θάνατον
1497 3764 1648 3834 αὐτῷ
1675 3765 1888 3836 ἐπήγα-

203 3870 316 3920 γεν.
357 3853 520 3906 Ἐπεὶ
547 3849 641 3908 οὖν
661 3853 855 3906 τούτου
891 3853 1176 3926 μετασχὼν
1201 3853 1394 3924 θνητὸς
1414 3853 1626 3923 γέγονε,
1657 3853 1751 3906 καὶ
1767 3855 1889 3917 ταῖς

203 3945 296 3998 106
345 3947 602 4016 σώματος
650 3937 926 4016 ἀνάγκαις
969 3946 1157 4000 λοιπὸν
1199 3944 1519 4008 ὑπεύθυνος.
1571 3944 1664 3998 καὶ
1713 3943 1889 4016 ἀρχὴν

203 4031 362 4086 ἔλαϐε
395 4033 498 4104 τῆς
537 4033 812 4104 ἁμαρτίας
837 4035 872 4104 ἡ
892 4031 1118 4098 εἴσοδος,
1151 4033 1220 4087 δι’
1248 4033 1316 4104 ἥν
1349 4034 1444 4087 καὶ
1475 4033 1503 4084 6
1526 4031 1756 4095 θάνατος
1783 4032 1890 4085 ὑπὸ

203 4121 296 4174 τοῦ
335 4123 615 4176 Asc-116106
660 4123 1055 4194 συμφερόντως
1089 4121 1436 4194 ᾠκονομήθη,
1475 4121 1658 4176 οὐκέτι
1703 4120 1889 4174 λοιπὸν

204 4209 431 4280 ἀφίησιν
457 4214 519 4264 ἐν
538 4211 618 4281 τῷ
648 4212 964 4282 παραδείσῳ
989 4212 1082 4265 τὸν
1121 4211 1313 4282 Ἀδὰμ,
1345 4210 1461 4264 ἀλλ’
1487 4209 1724 4276 ἐξελθεῖν
1746 4211 1890 4264 ἐκεῖ·

206 4297 296 4350 θεν
322 4297 679 4368 προστάττει,
704 4299 938 4363 δεικνὺς,
971 4299 1053 4352 ὅτι
1069 4299 1134 4352 δι’
1156 4298 1310 4352 οὐδὲν
1332 4297 1519 4370 ἕτερον
1540 4297 1700 4350 τοῦτο
1720 4298 1886 4362 ποιεῖ,

206 4385 238 4454 ἢ
269 4385 296 4425 δ
328 4386 420 4440 διὰ
453 4387 554 4457 τὴν
581 4386 994 4458 φιλανθρωπίαν
1021 4387 1122 4458 τὴν
1153 4387 1284 4458 περὶ
1313 4387 1496 4439 αὐτόν.
1527 4387 1636 4440 Καὶ
1671 4386 1758 4439 ἵνα
1787 4387 1892 4457 μά-

207 4472 390 4544 θωμεν
425 4474 695 4546 ἀκριϐῶς,
729 4476 1030 4542 ἀναγκαῖον
1075 4474 1216 4528 αὐτά
1269 4473 1433 4528 πάλιν
1482 4473 1790 4541 ἀναγνῶναι
1822 4473 1890 4527 τὰ

209 4563 432 4632 ῥήματα
453 4562 556 4633 τῆς
587 4561 739 4626 θείας
771 4563 1018 4634 Γραφῆς.
1047 4561 1158 4616 Καὶ
1177 4562 1313 4624 νῦν,
1341 4561 1494 4630 φησὶ,
1516 4561 1764 4630 μήποτε
1793 4561 1890 4614 ἑκ-

207 4651 371 4719 τείνῃ
405 4649 526 4720 τὴν
554 4649 744 4720 χεῖρα,
777 4650 876 4704 καί
907 4649 1062 4718 λάϐῃ
1084 4651 1202 4704 ἀπὸ
1221 4649 1328 4704 τοῦ
1353 4649 1546 4713 ξύλου
1573 4647 1684 4714 τῆς
1717 4646 1887 4716 ζωῆς,

209 4739 303 4791 καὶ
349 4738 537 4810 φάγῃ,
578 4739 680 4792 καὶ
715 4737 954 4804 ζήσεται
993 4740 1083 4804 εἰς
1115 4737 1222 4790 τὸν
1262 4736 1468 4791 αίῶνα.
1507 4735 1725 4807 Ἐπειδὴ
1759 4735 1888 4805 γὰρ,

211 4827 361 4896 φησι,
399 4826 608 4896 πολλῆς
635 4825 908 4898 ἀκρασίας
955 4825 1225 4896 δείγματα
1259 4824 1502 4895 παρέσχε
1529 4823 1620 4876 διὰ
1646 4823 1746 4896 τῆς
1788 4823 1890 4893 ἤδη

208 4911 458 4984 δοθείσης
516 4913 759 4984 ἐντολῆς,
802 4917 898 4967 καὶ
941 4913 1136 4982 θνητὸς
1173 4911 1416 4982 γέγονεν,
1451 4912 1540 4965 ἵνα
1584 4910 1658 4982 μὴ
1702 4910 1888 4972 πάλιν,

212 5003 364 5071 φησὶ,
387 5001 787 5076 κατατολμήσῃ
818 5003 912 5055 καὶ
932 5001 1126 5055 τούτου
1149 4999 1245 5054 τοῦ
1274 4999 1431 5065 ξύλου
1455 4998 1764 5068 ἐφάψασθαι
1796 4997 1889 5051 τοῦ

209 5088 306 5159 τήν
334 5089 485 5161 ζωὴν
525 5090 860 5162 παρέχοντος
899 5091 998 5161 τὴν
1025 5089 1272 5159 διηνεκῆ,
1314 5089 1410 5142 καὶ
1448 5087 1616 5160 μέλλῃ
1645 5086 1891 5140 ἀθάνατα

211 5177 587 5249 ἁμαρτάνειν,
640 5177 848 5248 βέλτιον
895 5178 1058 5232 αὐτὸν
1103 5175 1356 5232 ἐντεῦθεν
1394 5175 1498 5241 ἐξω
1544 5175 1803 5246 βληθῆναι
1829 5186 1889 5212 σο

213 5265 354 5319 ὥστε
399 5267 729 5339 κηδεμονίας
763 5267 964 5340 μᾶλλον
990 5263 1058 5338 ἦν
1087 5267 1122 5338 ἦ
1164 5267 1594 5337 ἀγανακτήσεως
1622 5266 1656 5336 ή
1695 5263 1892 5334 ἐκϐολὴ

212 5353 304 5407 106
337 5353 697 5426 παραδείσου.
729 5356 984 5419 Τοιοῦτος
1026 5356 1136 5428 γάρ
1169 5358 1198 5409 6
1226 5357 1504 5426 Δεσπότης
1535 5359 1564 5409 6
1592 5353 1891 5424 ἡμέτερος·

213 5443 306 5496 καὶ
349 5445 770 5514 τιμωρούμενος
797 5446 898 5498 οὐκ
924 5445 1145 5498 ἔλαττον
1183 5445 1217 5515 ἢ
1271 5435 1578 5516 εὐεργετῶν
1620 5441 1718 5512 τὴν
1766 5442 1894 5514 περὶ

213 5533 362 5600 ἡμᾶς
394 5533 726 5604 κηδεμονίαν
753 5533 1110 5593 ἐνδείκνυται,
1141 5534 1240 5586 καὶ
1265 5531 1366 5602 τήν
1400 5531 1672 5601 τιμωρίαν
1701 5530 1760 5584 δὲ
1786 5530 1897 5584 ἐνε-

214 5637 307 5672 κεν
325 5613 612 5698 νουθεσίας
636 5623 770 5694 ἡμῖν
793 5622 1008 5691 ἐπάγει.
1037 5621 1124 5684 Ὧς
1142 5620 1258 5688 εἴγε
1274 5619 1390 5691 ᾔδει
1414 5619 1562 5688 ἡμᾶς
1587 5617 1662 5690 μὴ
1679 5617 1896 5688 χείρους

217 5708 545 5776 γενομένους
575 5709 656 5781 τῷ
681 5710 992 5782 άτιμωρητὶ
1019 5708 1382 5780 ἁμαρτάνειν,
1412 5707 1513 5761 οὐκ
1544 5707 1610 5761 ἂν
1639 5705 1760 5759 οὐδὲ
1789 5706 1899 5757 ἐτι-

219 5807 516 5868 μωρήσατο
537 5817 550 5830 ·
577 5799 714 5853 ἀλλά
736 5798 1185 5871 προαναστέλλων
1212 5798 1368 5870 ἡμῶν
1400 5796 1500 5868 τὴν
1521 5795 1614 5848 ἐπὶ
1636 5796 1698 5850 16
1719 5799 1898 5867 χεῖρον

218 5888 466 5957 πρόοδον.
491 5889 588 5950 καὶ
609 5889 706 5960 τὴν
735 5888 1001 5959 πονηρίαν
1031 5887 1316 5942 ἐκκόπτων
1347 5889 1446 5958 τήν
1475 5885 1568 5938 ἐπὶ
1600 5883 1662 5938 16
1687 5885 1896 5956 πρόσω,

399 5987 502 6040 την
513 5971 720 6022 οίκείαν
748 5971 942 6036 φιλανθ
952 5973 1162 6038 ρωπίαν
1181 5966 1516 6038 μιμούμενος
1535 5967 1890 6034 τιμωρεῖται·

224 6063 307 6174 ιε’
341 6062 540 6172 ξοὶείὶη.
577 6064 925 6128 διερμηνεῦσαι.
991 6061 1022 6103 δ
1057 6061 1182 6112 Tres
1219 6074 1336 6110 mss.
1383 6061 1484 6109 ἀλλ’
1530 6059 1580 6116 ἦ.
1649 6060 1670 6087 ε
1719 6055 1896 6106 Morel.

269 6141 346 6172 ωσ
375 6143 498 6174 πται.

269 6141 498 6182 manu.

3549 385 3652 440 152

1970 496 2000 550 6
2030 496 2094 568 δὴ
2121 496 2216 549 καὶ
2245 497 2341 549 νῦν
2376 496 2667 566 πεποίηκε.
2703 496 3020 568 Κηδόμενος
3063 497 3173 568 γάρ
3205 499 3299 551 τοῦ
3329 499 3656 566 πρωτοπλά-

1974 602 2125 645 στου,
2161 583 2494 656 ἐκϐληθῆναι
2525 584 2618 638 τοῦ
2650 585 2982 655 παραδείσου
3004 586 3166 638 αὐτὸν
3189 587 3510 656 προσέταξε.
3543 589 3654 641 Καὶ

1970 670 2409 736 ἐξαπέστειλεν
2429 672 2636 735 αὑτὸν,
2665 673 2818 742 φησὶ,
2849 673 3069 740 Κύριος
3089 677 3122 727 ό
3145 675 3287 740 Θεὸς
3317 673 3386 726 ἐκ
3414 673 3522 727 τοῦ
3545 687 3656 727 πα-

1964 758 2256 826 ραδείσου
2308 757 2418 826 τῆς
2457 759 2712 828 τρυφῆς,
2762 758 3108 828 ἐργάζεσθαι
3155 759 3272 827 τὴν
3309 760 3425 829 γῆν
3465 761 3534 826 ἐξ
3577 757 3656 832 ἧς

1971 847 2228 916 ἐλήφθη.
2265 841 2409 918 Ὅρα
2437 867 2527 919 μοι
2553 847 2713 902 πάλιν
2743 847 2978 902 ἐνταῦθα
3011 850 3110 919 τῆς
3134 849 3282 912 θείας
3313 849 3534 920 Γραφῆς
3552 851 3654 920 τὴν

1972 936 2283 1007 ἀκρίϐειαν.
2324 935 2781 1000 Ἑξαπέστειλεν
2806 936 3014 998 αὐτόν,
3037 937 3191 1005 φησὶ,
3223 937 3439 1004 Κύριος
3458 939 3490 990 0'
3511 937 3656 1001 Θεὸς

1972 1024 2040 1078 ἑκ
2057 1024 2162 1077 τοῦ
2181 1024 2549 1092 παραδείσου
2570 1022 2680 1092 τῆς
2695 1023 2947 1092 τρυφῆς,
2959 1023 3300 1092 ἐργάζεσθαι
3323 1023 3438 1092 τὴν
3453 1023 3572 1093 γῆν
3586 1025 3655 1089 ἐξ

1972 1105 2047 1179 ἧς
2076 1111 2338 1180 ἐλήφθη.
2388 1111 2519 1164 Ἰδοὺ
2548 1111 2648 1174 τὰς
2675 1111 2981 1180 ἀποφάσεις
3011 1111 3175 1164 αὐτοῦ
3203 1115 3282 1175 είς
3321 1110 3481 1183 ἔργον
3510 1111 3653 1181 ἄγει,

1975 1199 2070 1250 καὶ
2086 1201 2150 1252 ἐκ
2177 1198 2271 1251 τοῦ
2304 1198 2637 1269 παραδείσου
2657 1199 2758 1267 τῆς
2781 1198 2996 1270 τρυφῆς
3020 1197 3305 1268 ἐξαγαγὼν
3325 1199 3656 1270 ἐργάζεσθαι

1974 1285 2074 1356 τὴν
2111 1287 2216 1356 γῆν
2251 1285 2414 1338 αὐτὸν
2450 1289 2616 1348 ποιεῖ,
2647 1287 2707 1352 ἐξ
2739 1281 2808 1356 ῆς
2833 1285 3062 1358 ἐλήφθη.
3097 1288 3208 1340 Καὶ
3236 1287 3335 1356 οὐχ
3367 1285 3551 1350 ἀπλῶς
3574 1285 3654 1339 εί-

1976 1389 2098 1438 πεν,
2142 1373 2238 1438 Ἐξ
2265 1369 2342 1443 ἧς
2373 1373 2646 1450 ἐλήφθη·¹
2675 1373 2790 1426 ἀλλ’
2825 1375 2916 1426 ἴνα
2947 1373 3171 1444 διηνεκῆ
3214 1374 3315 1445 τὴν
3347 1374 3658 1445 ὑπόμνησιν

1975 1456 2074 1528 ἐχῃ
2103 1457 2207 1526 τῆς
2233 1455 2739 1525 ταπεινοφροσύνης
2768 1455 2865 1528 τὴν
2898 1457 3182 1527 ἐργασίαν,
3214 1457 3310 1510 καὶ
3332 1457 3532 1510 ειδέναι
3555 1457 3658 1528 ἔχῃ

1974 1543 2050 1608 ὡς
2083 1544 2292 1598 ἐκεῖθεν
2325 1543 2474 1614 αὐτῷ
2512 1545 2546 1614 ἡ
2584 1542 2864 1608 σύστασις,
2903 1545 2996 1596 καὶ
3021 1545 3054 1614 ή
3084 1545 3242 1596 οὐσία
3278 1542 3373 1596 106
3404 1543 3658 1614 σώματος

1975 1631 2041 1682 ἐκ
2065 1632 2164 1701 τῆς
2190 1631 2293 1702 γῆς
2322 1629 2382 1696 ἐξ
2409 1631 2586 1701 ἀρχῆς
2613 1630 2938 1702 γεγένηται·
2981 1631 3220 1702 ἐκείνην,
3255 1631 3440 1701 φησὶν,
3487 1629 3656 1702 ἐργά-

1976 1716 2166 1780 ζεσθαι
2188 1718 2290 1787 τὴν
2316 1717 2443 1788 γῆν,
2461 1717 2521 1784 ἐξ
2544 1711 2613 1789 ἦς
2645 1717 2740 1770 καὶ
2768 1717 2932 1780 αὐτὸς
2953 1717 3208 1788 συνέστη.
3238 1717 3410 1771 Τοῦτο
3436 1717 3546 1789 γάρ
3561 1719 3658 1771 καὶ

1975 1807 2033 1859 ἐν
2061 1808 2126 1876 τῇ
2162 1805 2438 1874 ἀποφάσει
2467 1805 2674 1872 ἔλεγεν,
2705 1807 2802 1860 Ἑν
2828 1805 3024 1876 ἱδρῶτι
3055 1805 3161 1860 τοῦ
3197 1804 3521 1874 προσώπου
3539 1821 3656 1860 σου

1973 1893 2136 1966 φάγῃ
2165 1894 2270 1947 τὸν
2285 1892 2470 1962 ἄρτον
2489 1909 2626 1948 σου.
2663 1893 2738 1946 T6
2766 1894 2899 1946 αὐτὸ
2921 1894 3100 1946 τοίνυν
3129 1895 3224 1946 καὶ
3248 1893 3342 1948 νῦν
3383 1893 3530 1962 λέγει
3571 1892 3660 1948 διὰ

1975 1981 2071 2034 τοῦ
2121 1983 2318 2047 εἰπεῖν,
2363 1979 2745 2052 Ἐργάζεσθαι
2767 1980 2883 2050 τὴν
2906 1980 3025 2050 γῆν
3038 1980 3106 2046 ἐξ
3123 1977 3190 2051 ἧς
3215 1979 3468 2050 ἐλήφθη.
3502 1976 3656 2046 Εἶτα,

1977 2069 2068 2124 ἴνα
2107 2069 2372 2140 μάθωμεν
2401 2069 2552 2140 πόσῳ
2585 2069 2921 2140 διαστήματι
2958 2069 3121 2123 αὐτὸν
3149 2069 3398 2140 ἀπῴκισε
3427 2069 3520 2122 τοῦ
3551 2087 3656 2122 πα-

1981 2157 2254 2228 ραδείσου,
2271 2157 2539 2210 καὶτοῦτο
2557 2155 2798 2210 διδάσκει
2819 2158 2966 2227 ἡμᾶς
2983 2159 3016 2227 ἡ
3047 2157 3165 2234 θεία
3187 2157 3378 2228 Γραφὴ
3402 2155 3656 2226 λέγουσα·

1977 2244 2088 2299 Καὶ
2109 2244 2357 2308 ἐξέϐαλε
2384 2245 2600 2313 Κύριος
2619 2247 2651 2298 ὀ
2675 2243 2820 2309 Θεὸς
2838 2244 2947 2298 τὸν
2978 2244 3177 2315 Ἀδὰμ,
3199 2245 3297 2298 καί
3329 2243 3662 2310 κατῴκισεν

1977 2333 2166 2388 αὐτὸν
2181 2333 2468 2388 ἀπέναντι
2491 2333 2597 2387 τοῦ
2617 2332 2988 2401 παραδείσου
3005 2332 3115 2401 τῆς
3140 2332 3390 2402 τρυφῆς.

2051 2423 2252 2476 Σκόπει
2295 2421 2414 2486 πῶς
2445 2421 2678 2475 ἕκαστον
2709 2421 2818 2474 τῶν
2849 2421 3150 2491 γινομένων
3197 2421 3299 2473 ὑπὸ
3343 2420 3437 2474 τοῦ
3479 2419 3660 2474 κοινοῦ

1981 2510 2254 2564 Δεσπότου
2277 2509 2690 2581 φιλανθρωπίας
2717 2509 2973 2572 ὑπόθεσις
2996 2505 3084 2581 ἦν,
3115 2509 3208 2563 καὶ
3231 2510 3458 2562 ἕκαστον
3491 2527 3658 2581 τιμω-

1982 2599 2103 2672 ρίας
2129 2595 2267 2662 εἶδος
2293 2598 2629 2668 ἀγαθότητος
2654 2601 2815 2668 γέμει
2847 2598 3066 2668 πολλῆς.
3091 2599 3166 2650 06
3189 2598 3296 2668 γὰρ
3317 2597 3378 2650 16
3406 2597 3660 2652 ἐκϐαλεῖν

1983 2687 2144 2758 μόνον
2185 2685 2598 2758 φιλανθρωπίας
2638 2687 2734 2739 καὶ
2779 2685 3117 2757 ἀγαθότητος
3158 2681 3259 2756 ῆν·
3307 2687 3443 2739 ἀλλά
3473 2687 3663 2740 καὶτὸ

1980 2775 2246 2828 ἀπέναντι
2281 2773 2373 2826 τοῦ
2399 2763 2733 2844 παραδείσου
2766 2773 3143 2842 ἐγκατοικίσαι
3181 2775 3366 2837 αὑτὸν,
3399 2775 3485 2828 ἵνα
3510 2776 3664 2830 ἀδιά-

1980 2863 2198 2916 λειπτον
2224 2861 2416 2933 ὀδύνην
2449 2861 2571 2934 ἔχῃ,
2605 2862 2729 2916 καθ’
2763 2863 3000 2934 ἐκάστην
3027 2863 3244 2933 ἡμέραν
3273 2863 3664 2935 ἀναλογιζόμεο

1982 2969 2096 3018 νος,
2126 2951 2253 3004 οἴων
2284 2947 2668 3013 ἐκπεπτωκὼς
2700 2952 2778 3014 είς
2811 2951 2930 3003 οἵαν
2959 2951 3151 3003 ἐαυτὸν
3181 2952 3516 3006 κατάστασιν
3534 2953 3666 3022 ῆγα-

1981 3127 2096 3182 ἀλλ’
2118 3127 2179 3180 06
2205 3129 2408 3198 μικρᾶς
2432 3127 2699 3196 ὠφελείας
2731 3126 2986 3191 ὑπόθεσίς
3010 3129 3146 3192 ἐστι,
3175 3128 3269 3181 καὶ
3291 3128 3426 3198 πρὸς
3446 3127 3507 3180 16
3537 3129 3666 3198 ἐξῆς

1981 3215 2258 3286 ἀσφάλεια
2277 3214 2356 3284 τῷ
2385 3213 2710 3286 όδυνωμένῳ
2733 3215 2764 3285 ή
2799 3213 3028 3284 συνεχὴς
3054 3214 3150 3268 θέα
3175 3215 3403 3283 ἐγίνετο,
3442 3214 3578 3286 πρὸς
3603 3215 3666 3268 τὸ

1985 3305 2062 3376 μὴ
2099 3307 2213 3367 τοῖς
2251 3303 2435 3366 αὐτοῖς
2462 3304 2628 3356 πάλιν
2653 3302 2816 3356 αὑτὸν
2847 3305 3184 3374 περιπεσεῖν.
3209 3303 3320 3356 Καὶ
3345 3304 3454 3373 γὰρ
3479 3303 3553 3366 ὡς
3575 3303 3668 3356 ἐπὶ

1982 3395 2044 3450 16
2073 3395 2325 3448 πλεῖστον
2361 3397 2460 3464 τῆς
2507 3393 2859 3464 ἀνθρωπίνης
2893 3393 3109 3461 φύσεως
3141 3392 3384 3446 τοιοῦτον
3420 3392 3480 3445 τὸ
3511 3391 3663 3454 ἐθος·

1983 3483 2206 3537 ἐπειδὰν
2233 3483 2342 3552 γάρ
2373 3483 2432 3534 ἐν
2463 3481 2765 3536 ἀπολαύσει
2795 3479 2906 3532 τῶν
2942 3478 3164 3548 ἀγαθῶν
3204 3479 3358 3542 δντες
3403 3481 3478 3551 μὴ
3513 3481 3668 3533 είδῶ-

1985 3571 2131 3642 μεν*1
2170 3572 2355 3633 αὐτοῖς
2391 3569 2699 3640 κεχρῆσθαι
2745 3568 3012 3632 δεόντως,
3057 3570 3124 3638 τῇ
3169 3569 3421 3638 στερήσει
3457 3568 3666 3622 τούτων

1985 3658 2454 3730 σωφρονιζόμεθα,
2481 3658 2578 3710 καὶ
2601 3657 2722 3710 τότε
2751 3655 2842 3709 διά
2870 3657 2970 3726 τῆς
3001 3657 3200 3726 πείρας
3231 3656 3496 3726 μαθόντες
3523 3668 3548 3697 ο
3579 3658 3668 3710 ατ.

1986 3747 2178 3817 σθησιν
2211 3745 2559 3816 λαμϐάνομεν
2585 3744 2685 3815 τῆς
2711 3742 2920 3805 οἰκείας
2947 3741 3241 3813 ῥᾳθυμίας,
3279 3742 3372 3796 καὶ
3405 3742 3550 3796 οὓτω
3577 3746 3666 3798 διὰ

1983 3835 2084 3904 τῆς
2117 3834 2224 3888 τῶν
2263 3833 2606 3905 πραγμάτων
2641 3830 2944 3902 μεταϐολῆς
2977 3829 3342 3900 διδασκόμεθα
3371 3829 3533 3884 τίνων
3569 3832 3670 3901 μὲν

1983 3921 2344 3992 ἐξεπέσαμεν,
2368 3921 2478 3973 τίσι
2497 3919 2554 3972 δέ
2571 3921 2764 3982 κακοῖς
2791 3918 3016 3982 ἑαυτοὺς
3033 3917 3354 3988 περιεπείρα
3364 3935 3484 3987 μεν.
3506 3919 3666 3971 ’Ὥστε

1986 4013 2081 4066 καί
2113 4009 2174 4063 16
2206 4009 2442 4076 πλησίον
2482 4009 2576 4062 καὶ
2597 4006 2862 4061 ἀπέναντι
2887 4007 2982 4059 τοῦ
3006 4005 3340 4077 παραδείσου
3367 4005 3668 4076 προστάξαι

1986 4099 2262 4152 κατοικεῖν
2281 4095 2373 4150 τὸν
2395 4094 2605 4148 ἐκεῖθεν
2629 4093 3026 4147 ἐκπεπτωκότα
3051 4092 3316 4164 μεγίστης
3341 4093 3669 4164 κηδεμονίας

1987 4187 2214 4257 σημεῖον
2243 4177 2332 4254 ῆν,
2365 4183 2452 4236 ἶνα
2474 4183 2569 4236 καί
2595 4181 2696 4253 τὴν
2723 4183 2789 4234 ἐκ
2819 4180 2919 4250 τῆς
2941 4179 3069 4243 θέας
3093 4179 3397 4252 ὑπόμνησιν
3427 4179 3548 4252 ἔχῃ,
3575 4181 3670 4234 καὶ

1984 4273 2078 4326 τοῦ
2115 4270 2366 4326 ἐντεῦθεν
2395 4269 2623 4342 κέρδους
2654 4267 2924 4340 ἀπολαύῃ,
2957 4267 3052 4320 καὶ
3089 4266 3226 4337 μηδέ
3249 4265 3547 4337 ἐπιθυμίαν
3567 4267 3670 4336 τῆς

1986 4359 2282 4429 φιλοζωΐας
2328 4357 2489 4428 ἔχων,
2531 4355 2628 4410 καὶ
2660 4355 2766 4420 ἔξω
2797 4354 3106 4425 τυγχάνων,
3143 4354 3534 4424 κατατολμήσῃ
3566 4353 3669 4423 τῆς

1985 4447 2080 4504 τοῦ
2105 4446 2264 4513 ξύλου
2293 4444 2571 4518 βρώσεως.
2605 4443 2694 4508 Ὦς
2713 4442 2822 4514 γὰρ
2855 4441 2989 4513 πρὸς
3015 4441 3115 4512 τὴν
3134 4440 3482 4511 ἀνθρωπίνην
3505 4439 3668 4494 ἀσθέ·

1987 4553 2134 4590 νειαν
2169 4533 2682 4601 συγκαταϐαίνουσα
2713 4531 2931 4586 ἅπαντα
2959 4529 3265 4598 διαλέγεται
3299 4531 3430 4600 ἡμῖν
3473 4529 3504 4598 ή
3549 4527 3669 4582 θεία

1987 4625 2202 4696 Γραφή.
2235 4621 2347 4676 Kal
2388 4621 2566 4685 ἔταξε
2620 4621 2692 4674 τὰ
2737 4618 3028 4686 Χερουϐὶμ
3072 4617 3172 4670 καί
3218 4614 3333 4681 τὴν
3372 4615 3672 4686 φλογίνην

1979 4711 2288 4782 ῥομφαίαν
2314 4709 2430 4778 τὴν
2451 4705 2869 4777 στρεφομένην
2883 4703 3233 4774 φυλάσσειν
3253 4703 3366 4769 τὴν
3385 4703 3630 4757 εἴσοδον
3645 4699 3667 4742 ί

1987 4801 2095 4856 τοῦ
2141 4799 2335 4865 ξύλου
2366 4797 2480 4867 τῆς
2523 4794 2693 4866 ζωῆς.
2721 4795 2787 4848 Ἡ
2821 4793 3066 4867 ῥᾳθυμία
3095 4793 3298 4854 αὐτοῖς,
3323 4791 3388 4859 ἣν
3415 4789 3512 4860 ἤδη
3542 4789 3670 4860 περὶ

1985 4891 2086 4959 τὴν
2113 4888 2355 4942 δοθεῖσαν
2376 4885 2595 4958 ἐντολὴν
2615 4883 2976 4948 ἐπεδείξαντο,
3003 4881 3173 4934 αἴτιον
3202 4877 3390 4946 γέγονε
3411 4877 3504 4930 τοῦ
3531 4877 3670 4948 μετά

1989 4974 2256 5044 τοσαύτης
2282 4973 2580 5043 ἀσφαλείας
2617 4968 3060 5040 ἀποτειχισθῆναι
3094 4967 3276 5028 αὐτοῖς
3308 4965 3405 5035 τὴν
3441 4964 3664 5020 εἴσοδον.

1989 5063 2146 5138 [-155]
2189 5064 2474 5132 Ἐννόησον
2503 5061 2614 5132 γάρ
2648 5077 2736 5130 μοι
2763 5059 2846 5112 δτι
2879 5057 3000 5110 οὐδὲ
3041 5057 3106 5126 τῇ
3137 5055 3399 5132 ἀπέναντι
3444 5052 3538 5107 106
3567 5071 3670 5106 πα-

1994 5154 2243 5226 ραδείσου
2269 5153 2480 5222 οἰκήσει
2499 5147 2743 5220 ἠρκέσθη
2767 5148 2797 5200 6
2813 5143 3218 5215 φιλάνθρωπος,
3243 5141 3358 5195 ἀλλ’
3383 5141 3540 5207 ἔταξε
3571 5141 3671 5204 τὰς

1989 5241 2250 5313 δυνάμεις
2263 5241 2464 5302 ταύτας
2479 5238 2548 5290 τὰ
2563 5233 2870 5307 Χερουϐὶμ,
2895 5233 2990 5286 καὶ
3000 5233 3100 5302 τὴν
3118 5230 3375 5302 φλογίνην
3394 5230 3670 5301 ῥομφαίαν

1991 5331 2092 5400 τὴν
2127 5328 2504 5399 στρεφομένην
2549 5323 2848 5392 φυλάσσειν
2887 5321 2988 5392 τὴν
3027 5320 3146 5374 ὁδὸν
3190 5318 3289 5389 τὴν
3335 5319 3514 5371 ἐκεῖσε
3559 5319 3671 5370 εἰσ-

1993 5414 2249 5482 άγουσαν.
2275 5411 2388 5478 Οὐχ
2419 5407 2606 5469 ἁπλῶς
2625 5407 2684 5460 δέ
2717 5403 3048 5476 προσέθηκε,
3087 5402 3205 5469 Τὴν
3228 5400 3669 5470 στρεφομένην,

1993 5497 2214 5553 ἀλλ’ἵνα
2236 5495 2425 5565 διδάξῃ
2440 5494 2612 5564 ἡμᾶς,
2634 5492 2716 5544 ὅτι
2742 5493 2894 5543 πᾶσα
2914 5489 3032 5552 666;
3055 5486 3206 5557 αὐτῷ
3237 5485 3667 5554 ἀποτετείχιστο,

2059 5619 2086 5658 ‘1
2112 5619 2264 5669 Savil.
2294 5619 2358 5681 μὴ
2379 5619 2589 5681 ᾔδειμεν.
3630 5671 3640 5682 Ι

2060 5695 2087 5746 γε
2109 5681 2258 5746 Savjl.
2283 5687 2336 5746 οι
2359 5687 2556 5741 septem
2579 5690 2694 5746 ms_s.
2727 5675 3048 5746 μανθάνοντες.
3077 5673 3254 5746 Τρίυηι
3280 5684 3403 5746 veto,
3424 5672 3580 5720 locum
3599 5683 3674 5746 syc

1998 5745 2145 5792 θίγοι-ι
2187 5744 2373 5797 Regius
2402 5735 2528 5788 ιῐιιιιε
2568 5735 2761 5788 οωὰεκε
2816 5737 2893 5786 διὰ
2926 5742 3008 5794 τῆς
3055 5736 3218 5797 πείρας
3262 5735 3564 5797 μανθάνωμεν
3586 5737 3674 5797 τὴν

1998 5756 2145 5792 enen
2188 5756 2258 5791 ne
2301 5756 2373 5790 Ius
2402 5756 2528 5788 unus
2568 5756 2761 5788 CHUBX:
2816 5756 2893 5786 οια
2926 5756 3008 5794 της
3055 5756 3218 5797 πείρας
3262 5756 3564 5796 μανυανωμεν
3586 5756 3674 5790 την

1998 5806 2176 5854 οἰκείαν
2218 5756 2458 5872 ῥαῗυμίαν.
2505 5801 2611 5849 Mox
2660 5800 2810 5872 aliquj
2855 5798 3038 5853 ἑαυτοῖς
3076 5795 3454 5904 περιεπιξριμεεν.
3523 5792 3672 5872 {Alii

1998 5869 2082 5922 τήν
2107 5867 2233 5914 ὁδόν.
2259 5851 2446 5914 lbldem
2469 5865 2618 5912 Savil.
2647 5869 2700 5910 et.
2719 5861 2916 5922 quidam
2955 5873 3070 5906 mss.
3113 5865 3198 5922 τῆς
3223 5860 3279 5922 ῥα
3339 5873 3445 5917 μιας
3485 5871 3674 5922 αυτούς,

1997 5885 2082 5924 την
2107 5885 2233 5914 οοον.
2263 5885 2446 5914 ιυΙΗι-ειιι
2469 5885 2618 5912 Dav”.
2647 5885 2700 5910 el.
2719 5885 2916 5922 qumqu
2955 5885 3070 5906 una.
3113 5885 3198 5916 τηε,
3223 5885 3445 5922 ρτςιυυμιιιιε,
3485 5885 3674 5926 ιι.υιυυσ,’

1997 5932 2055 5987 ἢν
2075 5931 2343 5989 ἦδη,(]ιιεῐιι
2370 5927 2632 5989 lectiogem
2647 5923 2737 5989 ille
2751 5919 3327 5989 jurgsuquctpmhabql
3344 5923 3676 5989 egrcgutuem

1999 5981 2280 6039 c'onhui'r'iu
2316 5991 2464 6037 notis.
2507 5987 2678 6036 Morel.
2725 5981 2772 6048 εί
2803 5982 2887 6032 alii
2931 5981 2984 6040 ἠέ
3009 5983 3210 6048 ῥᾳθυμία
3258 5981 3436 6048 αύτοῖς,
3461 5983 3675 6048 ῂν-ησςι,

1999 6037 2207 6111 ορίὶίηιρ.
2233 6049 2362 6100 Infra
2386 6049 2537 6100 SaVil.
2579 6054 2632 6098 et
2655 6046 2852 6108 quidam
2877 6037 2993 6095 ωδε.
3012 6037 3564 6106 ’ἀποτειχισθῆναιαύτῷ
3587 6037 3676 6098 τήν

2000 6115 2204 6163 εἴσοδον.
