4038 6394
429 405 534 459 453

422 537 523 589 της
575 513 847 587 ῥομφαίας
879 510 1094 578 ἐκείνης
1141 509 1228 562 διὰ
1272 508 1365 561 τοῦ
1398 504 1724 576 στρέφεσθαι
1768 504 1946 564 πάσας
1997 503 2094 563 τὰς

423 588 539 658 ἐκεῖ
575 602 842 674 φερούσας
897 599 1046 661 ὁδοὺς
1089 594 1569 666 ἀποφραττούσης,
1610 593 1704 645 καὶ
1739 591 1958 662 διηνεκῆ
2006 588 2097 640 τὸν

425 694 587 763 φόϐον
626 689 774 760 αὐτῷ
811 689 907 741 καὶ
938 686 1036 755 τὴν
1070 686 1376 756 ὑπόμνησιν
1415 682 1676 753 παρέχειν
1710 678 2017 748 δυναμένης
2044 689 2092 731 ﬂ.

494 782 554 834 6'.
575 779 754 846 Ἀδὰμ
791 776 857 830 δὲ
876 776 1028 844 ἔγνω
1054 774 1219 828 Εὔαν
1239 772 1353 826 τὴν
1387 769 1642 840 γυναῖκα
1661 767 1870 822 αὑτοῦ.
1895 765 2096 818 Σκόπει

423 869 554 922 πότε
580 867 736 919 τοῦτο
764 865 1002 932 ἐγένετο.
1032 859 1189 916 Μετὰ
1217 859 1316 930 τὴν
1350 858 1660 930 παρακοὴν,
1695 855 1835 926 μετά
1871 855 1968 924 τὴν
2008 854 2098 907 ἕκ-

427 970 631 1008 πτωσιν
659 952 756 1021 τὴν
795 952 860 1002 ἐκ
891 950 986 1002 τοῦ
1031 948 1390 1019 παραδείσου,
1420 947 1542 998 τότε
1572 944 1641 997 τά
1673 943 1771 1013 τῆς
1812 941 2098 1005 συνουσίας

426 1042 600 1112 ἀρχὴν
621 1038 910 1108 λαμϐάνει.
943 1037 1055 1108 Πρὸ
1083 1037 1195 1106 γάρ
1228 1035 1326 1105 τῆς
1349 1031 1634 1104 παρακοῆς
1663 1029 1952 1099 ἀγγελικὸν
1973 1030 2096 1098 ἐμι-

430 1129 626 1201 μοῦντο
662 1127 796 1198 βίον,
849 1127 943 1181 καὶ
969 1125 1206 1196 οὐδαμοῦ
1259 1123 1547 1186 συνουσίας
1589 1121 1766 1190 λόγος.
1811 1119 1934 1183 Πῶς
1967 1119 2096 1191 γὰρ,

427 1219 585 1271 ὁπότε
601 1217 720 1270 οὐδέ
737 1218 856 1278 ταῖς
878 1215 988 1269 τῶν
1020 1213 1288 1285 σωμάτων
1311 1213 1577 1280 ἀνάγκαις
1601 1211 1916 1277 ὐπέκειντο;
1937 1210 2099 1262 ’Ὠστε

427 1301 487 1366 ἐξ
517 1303 688 1372 ἀρχῆς
732 1301 828 1352 καὶ
872 1301 935 1352 ἐκ
983 1298 1283 1369 προοιμίων
1328 1295 1396 1350 τά
1441 1296 1540 1366 τῆς
1585 1294 1882 1366 παρθενίας
1924 1292 2100 1366 ἀρχὴν

425 1389 730 1459 ἐλάμϐανεν
751 1405 764 1418 ·
797 1386 911 1440 ἀλλ’
960 1385 1146 1455 ἐπειδὴ
1182 1381 1471 1452 ἐπεισῆλθε
1501 1381 1589 1436 διά
1629 1381 1898 1453 ῥᾳθυμίαν
1924 1383 1958 1452 ἡ
1991 1398 2100 1435 πα-

429 1477 622 1548 ρακοὴ.
658 1477 754 1528 καὶ
794 1473 1001 1527 εἴσοδον
1042 1473 1165 1542 ἔσχε
1213 1471 1282 1524 τὰ
1309 1470 1409 1540 τῆς
1457 1468 1748 1540 ἁμαρτίας,
1783 1467 1966 1537 ἐκείνη
2003 1467 2101 1538 μὲν

425 1563 666 1632 ἀπέπτη,
702 1563 797 1616 ἆτε
821 1559 886 1631 δὴ
918 1560 1152 1624 ἀναξίων
1181 1559 1360 1612 αὐτῶν
1385 1556 1692 1626 γενομένων
1723 1555 1818 1608 τοῦ
1847 1555 2100 1608 τοσούτου

429 1653 697 1722 μεγέθους
722 1651 829 1703 τῶν
853 1649 1074 1718 ἀγαθῶν
1095 1666 1107 1678 ο
1139 1646 1426 1716 ἐπεισῆλθε
1451 1645 1506 1698 δέ
1533 1645 1715 1697 λοιπὸν
1744 1645 1772 1697 6
1794 1644 1894 1714 τῆς
1921 1660 2104 1696 συνου-

429 1739 552 1801 σίας
581 1740 765 1808 νόμος.
815 1736 1098 1804 Ἐννόησον
1145 1751 1234 1804 μοι
1276 1733 1477 1794 τοίνυν,
1521 1731 1796 1801 ἀγαπητέ,
1839 1731 1962 1783 ὅσον
2000 1731 2101 1800 τῆς

427 1827 724 1896 παρθενίας
757 1826 816 1878 τὸ
847 1824 1084 1894 ἀξίωμα,
1134 1823 1281 1885 ὅπως
1324 1819 1527 1891 ὑψηλόν
1558 1820 1612 1873 τί
1658 1820 1773 1871 ἐστι
1822 1818 1916 1871 καὶ
1956 1817 2100 1887 μέγα

431 1915 644 1985 χρῆμα,
674 1913 769 1966 καὶ
806 1911 1238 1979 ὐπεραναϐαῖνον
1279 1909 1380 1978 τὴν
1410 1907 1571 1975 φύσιν
1603 1906 1700 1977 τὴν
1731 1905 2096 1976 ἀνθρωπίνην,

425 2005 520 2056 καὶ
543 2001 643 2072 τῆς
667 2000 877 2054 ἄνωθεν
911 1999 1162 2068 δεόμενον
1196 1996 1376 2067 χειρός
1415 1993 1467 2050 δ.
1507 1995 1629 2048 Ὅτι
1657 1994 1766 2064 γάρ
1800 1994 1858 2045 ἐν
1889 1992 2100 2063 σώματι

426 2091 493 2143 τὰ
518 2089 627 2142 τῶν
660 2089 968 2158 ἀσωμάτων
1000 2082 1706 2152 ἐπιδείκνυνταιδυνάμεων
1723 2083 1772 2134 οἱ
1786 2081 1884 2152 τὴν
1900 2079 2102 2151 παρθε-

426 2177 544 2230 νίαν
577 2177 873 2249 προθύμως
917 2173 1182 2243 ἑλόμενοι,
1230 2171 1396 2225 ἄκουε
1429 2170 1526 2223 τοῦ
1573 2167 1810 2240 Χριστοῦ
1855 2167 2102 2236 λέγοντος

425 2267 538 2328 τοῖς
561 2261 940 2324 Σαδδουκαίοις
963 2278 976 2290 ·
1017 2259 1203 2330 ἐπειδὴ
1231 2259 1341 2331 γὰρ
1360 2258 1448 2311 τὸν
1473 2258 1599 2328 περὶ
1626 2257 1726 2326 τῆς
1754 2255 2102 2320 ἀναστάσεως

425 2350 706 2413 κινοῦντες
750 2349 907 2416 λόγον
938 2345 1303 2399 πυνθάνεσθαι
1346 2343 1626 2396 ἐϐούλοντο
1654 2342 1900 2412 λέγοντες
1925 2353 1945 2379 ο
1967 2359 1980 2372 ·
2011 2344 2102 2394 Δι-

424 2435 716 2496 δάσκαλε,
746 2430 910 2503 ἦσαν
939 2433 1073 2501 παρ’
1097 2432 1231 2502 ἡμῖν
1275 2431 1420 2487 ἑπτὰ
1454 2429 1724 2498 ἀδελφοὶ,
1761 2428 1858 2482 καὶ
1883 2432 1917 2483 ό
1945 2427 2101 2497 πρῶ-

424 2541 528 2587 τος
549 2520 828 2591 γαμήσας
852 2521 1231 2587 ἐτελεύτησε,
1255 2518 1337 2586 μὴ
1373 2518 1532 2586 ἔχων
1558 2517 1762 2580 τέκνα,
1782 2519 1882 2571 καί
1908 2515 2103 2586 ἀφῆκε

421 2610 539 2676 τὴν
568 2608 822 2678 γυναῖκα
845 2605 1033 2662 αὑτοῦ
1053 2606 1133 2671 τῷ
1148 2603 1389 2674 ἀδελφῷ
1415 2605 1602 2660 αὐτοῦ
1622 2621 1635 2634 ·
1659 2605 1753 2658 καὶ
1778 2607 1810 2659 ό
1827 2603 2102 2672 δεύτερος

422 2695 804 2762 ἐτελεύτησε,
832 2695 929 2748 καί
955 2694 1042 2764 μὴ
1064 2693 1223 2762 ἔχων
1239 2692 1475 2761 σπέρμα
1499 2690 1698 2761 ἀφῆκε
1715 2689 1829 2758 τὴν
1847 2691 2103 2760 γυναῖκα

423 2782 612 2836 αὑτοῦ
641 2782 720 2848 τῷ
743 2779 984 2850 ἀδελφῷ
1005 2778 1191 2835 αὑτοῦ
1209 2795 1224 2810 ο
1252 2780 1467 2848 ὁμοίως
1495 2779 1591 2831 καὶ
1617 2782 1650 2832 ό
1678 2778 1897 2846 τρίτος,
1939 2778 2036 2830 καὶ
2068 2779 2102 2830 ό

422 2872 724 2940 τέταρτος,
748 2871 847 2924 καὶ
873 2875 905 2925 ό
929 2871 1218 2940 πέμπτος,
1247 2868 1344 2923 ’καί
1372 2871 1403 2922 ὁ
1427 2869 1622 2933 ἕκτος,
1656 2868 1754 2920 καὶ
1779 2870 1811 2922 ὀ
1828 2867 2097 2935 ἕϐδομος.

437 2959 540 3012 Ἕν
568 2957 644 3026 τῇ
685 2953 800 3012 οὖν
825 2956 1159 3012 ἀναστάσει
1191 2957 1358 3021 τίνος
1386 2953 1506 3009 τῶν
1535 2955 1684 3008 ἑπτὰ
1706 2955 1877 3008 ἔσται
1914 2955 2100 3025 rum};

425 3043 654 3110 Πάντες
677 3045 784 3114 γὰρ
813 3045 1003 3113 ἔσχον
1039 3042 1254 3108 αὑτήν.
1296 3041 1364 3094 Τί
1395 3038 1488 3094 οὖν
1516 3043 1544 3094 6
1572 3041 1806 3112 Χριστὸς
1835 3041 1972 3113 πρὸς
1999 3041 2101 3094 αὐ-

425 3134 586 3196 τούς;
629 3131 970 3196 Πλανᾶσθε,
997 3129 1082 3200 μὴ
1119 3131 1345 3195 εἰδότες
1372 3131 1477 3195 τὰς
1507 3131 1556 3182 Γ
1551 3132 1772 3198 ραεεὰς,
1795 3129 1951 3198 μηδέ
1987 3130 2103 3199 τὴν

425 3221 682 3289 δύναμιν
703 3219 808 3273 τοῦ
833 3219 980 3273 Θεοῦ
1001 3235 1015 3248 ·
1037 3219 1108 3270 ἐν
1134 3217 1246 3286 γὰρ
1268 3215 1342 3285 τῇ
1359 3216 1692 3270 ἀναστάσει
1719 3218 1856 3270 οὔτε
1880 3219 2100 3286 γαμοῦ-

425 3324 552 3372 σιν,
585 3309 722 3362 οὔτε
754 3304 1185 3376 ἐκγαμίζονται,
1219 3305 1357 3360 ἀλλ’
1379 3305 1538 3358 εἰσὶν
1558 3305 1638 3370 ὡς
1657 3305 1916 3374 ἄγγελοι.
1950 3303 2103 3369 Εἶδες

427 3396 547 3458 πῶς
581 3397 638 3448 ἐν
669 3398 738 3466 γῇ
772 3394 1102 3464 βαδίζοντες,
1137 3395 1231 3447 καὶ
1258 3392 1468 3464 σώματι
1502 3394 1977 3465 συμπεπλεγμένοι
2005 3399 2102 3465 τὴν

426 3483 724 3553 ἀγγελικὴν
764 3481 1060 3552 μιμοῦνται
1113 3481 1390 3552 διαγωγὴν
1436 3481 1483 3533 oi
1529 3481 1619 3533 τὸν
1665 3480 1765 3550 τῆς
1809 3481 2102 3553 παρθενίας

425 3571 629 3640 κλῆρον
664 3567 1055 3638 ἀναδεξάμενοι
1085 3568 1175 3620 διὰ
1194 3567 1291 3620 τὸν
1315 3567 1409 3620 τοῦ
1442 3566 1678 3636 Χριστοῦ
1713 3567 1915 3635 πόθον;
1952 3569 2103 3635 Ὄσῳ

424 3659 535 3728 γάρ
566 3657 707 3728 μέγα
740 3657 835 3710 καὶ
869 3656 1071 3727 ὑψηλὸν
1107 3655 1168 3708 τὸ
1203 3657 1456 3726 πρᾶγμα,
1492 3655 1776 3724 τοσούτῳά
1813 3655 2013 3725 μᾶλλον
2045 3655 2102 3708 δὲ

426 3747 521 3798 καὶ
549 3743 728 3815 πολλῷ
762 3743 982 3814 μείζους
1023 3745 1073 3796 οἱ
1107 3743 1382 3813 στέφανοι,
1418 3743 1511 3796 καὶ
1547 3745 1602 3796 αί
1646 3743 1957 3807 ἀντιδόσεις,
2008 3745 2102 3796 καὶ

425 3835 495 3887 τὰ
537 3833 923 3904 ἐπηγγελμένα
966 3833 1144 3902 ἀγαθά
1195 3837 1305 3896 τοῖς
1343 3833 1458 3901 μετ’
1504 3833 1673 3902 αὐτῆς
1719 3833 1812 3886 καὶ
1852 3834 1949 3902 τὴν
1994 3832 2101 3885 τῶν

425 3921 649 3990 ἀγαθῶν
695 3921 947 3992 πράξεων
990 3921 1255 3992 ἐργασίαν
1303 3917 1754 3990 ἐπιδειξαμένοις.
1799 3918 1981 3988 Ἀδὰμ
2011 3918 2098 3984 δὲ,

427 4011 611 4079 φησὶν,
647 4009 802 4078 ἔγνω
831 4009 998 4062 Εὔαν
1031 4008 1145 4076 τὴν
1175 4007 1431 4077 γυναῖκα
1468 4006 1678 4068 αὑτοῦ,
1721 4006 1817 4058 καί
1865 4010 2101 4060 συλλα-

427 4095 622 4150 ϐοῦσα
652 4100 819 4150 ἔτεκε
860 4095 968 4150 τὸν
1013 4094 1182 4150 Κὰτν.
1231 4095 1447 4167 Ἐπειδὴ
1494 4094 1728 4163 ἐπῆλθεν
1769 4095 1802 4165 ή
1859 4094 2102 4163 ἁμαρτία

425 4181 514 4238 διὰ
549 4183 651 4253 τῆς
684 4185 989 4254 παρακοῆς,
1013 4183 1107 4236 καὶ
1135 4183 1168 4253 ἡ
1203 4183 1475 4251 ἀπόφασις
1500 4181 1726 4252 θνητοὺς
1751 4182 1949 4244 αὐτοὺς
1985 4183 2103 4251 εἰρ-

428 4273 658 4342 γάσατο,
691 4272 875 4326 λοιπὸν
904 4275 933 4325 6
960 4273 1266 4343 εὐμήχανος
1311 4271 1462 4344 [156]
1509 4272 1641 4334 Θεὸς
1669 4271 1808 4325 κατὰ
1840 4271 1939 4342 τὴν
1971 4272 2100 4324 ἐαυ-

428 4360 524 4414 τοῦ
555 4361 746 4428 σοφίαν
773 4361 870 4432 τὴν
887 4361 1150 4431 διαμονὴν
1179 4360 1272 4413 τοῦ
1293 4361 1399 4413 τῶν
1424 4360 1726 4430 ἀνθρώπων
1743 4360 1937 4427 γένους
1959 4361 2103 4412 οίκο⁴

429 4447 633 4520 νομῶν,
663 4448 1006 4519 συνεχώρησε
1041 4447 1130 4500 διὰ
1156 4448 1251 4517 τῆς
1282 4447 1570 4511 συνουσίας
1601 4447 1898 4518 αὐξηθῆναι
1919 4447 1980 4500 τὸ
2009 4448 2102 4515 γέ-

429 4555 540 4600 νος.
562 4535 673 4588 Καί
708 4531 898 4600 εἶπεν,
935 4534 1320 4603 Ἐκτησάμην
1344 4535 1663 4602 ἄνθρωπον
1681 4534 1778 4587 διὰ
1803 4534 1906 4587 τοῦ
1928 4533 2096 4588 Θεοῦ.

432 4627 575 4698 Ὅρα
609 4623 726 4688 πῶς
754 4624 816 4678 τὸ
834 4624 1121 4695 γενόμενον
1151 4623 1422 4694 ἐπιτίμιον
1446 4624 1891 4695 σωφρονεστέραν
1911 4624 2100 4694 εἰργά-

429 4729 561 4766 σατο
591 4712 689 4782 τὴν
709 4714 965 4778 γυναῖκα.
999 4711 1072 4764 Τὸ
1102 4711 1212 4780 γὰρ
1242 4710 1432 4780 τεχθέν
1458 4711 1668 4764 παιδίον
1701 4712 1764 4764 οὐ
1803 4714 1869 4782 τῇ
1917 4711 2098 4779 φύσει,

426 4801 564 4853 ἀλλά
587 4798 665 4870 τῷ
705 4799 826 4870 Θεῷ
855 4799 1150 4866 λογίζεται,
1183 4799 1278 4852 καὶ
1311 4798 1409 4867 τὴν
1447 4797 1654 4849 οἰκείαν
1682 4795 2100 4866 εὐγνωμοσύνην

428 4886 813 4940 ἐπιδείκνυται.
845 4880 998 4946 Εἶδες
1032 4885 1150 4946 πῶς
1177 4886 1210 4954 ὴ
1254 4885 1494 4954 τιμωρία
1535 4883 1816 4946 νουθεσίας
1847 4882 2100 4945 ὑπόθεσις

428 4974 611 5033 αὐτοῖς
653 4972 908 5039 γέγονεν;
971 4969 1355 5038 Ἐκτησιίμην
1395 4969 1526 5040 γὰρ,
1574 4970 1757 5037 φησὶν,
1788 4968 2101 5034 ἄνθρωπον

428 5060 526 5112 διὰ
556 5058 663 5112 τοῦ
695 5059 863 5113 Θεοῦ.
896 5059 1008 5128 Οὐχ
1045 5060 1078 5128 ἡ
1111 5057 1292 5127 φύσις,
1331 5057 1486 5126 φησι,
1513 5056 1573 5108 τὸ
1613 5056 1821 5109 παιδίον
1854 5072 1943 5125 μοι
1969 5057 2100 5124 ἐχα-

492 5259 518 5287 ⁶
543 5257 648 5316 Hic,
673 5261 782 5317 post
807 5257 1034 5318 ,παρέχειν
1076 5253 1360 5318 δυναμένης,
1390 5251 1649 5318 H_omII_iam
1679 5251 1916 5318 depimam
1966 5257 2099 5318 oyla-

428 5332 534 5368 vam
574 5312 642 5365 sui
677 5312 909 5366 blandum
935 5312 1060 5363 "duo
1123 5312 1478 5376 nla'uuscripli:
1521 5313 1819 5376 εὐχαριστίαν
1860 5312 1941 5360 οὖν
1983 5313 2099 5376 ἀνα-

427 5383 689 5442 πέμψωμεν
730 5379 922 5441 Χριστῷ
965 5379 1035 5442 τῷ
1075 5376 1279 5442 ἀληθινῷ
1321 5375 1450 5442 Θεῷ-
1471 5377 1627 5442 ἡμῶν,
1662 5376 1736 5442 δτι
1766 5375 1897 5434 αὐτῷ
1932 5375 2100 5436 πρέπει

429 5433 556 5495 ὃοξοί.
578 5433 787 5502 κράτος.¹
807 5433 918 5500 τι.μῆ
941 5433 1022 5485 καί
1044 5433 1364 5498 προσκύνὴσις
1401 5433 1482 5484 νῦν
1499 5433 1579 5483 καὶ
1603 5433 1697 5493 ἀεὶ,
1733 5443 1832 5483 etc.
1855 5433 1910 5482 ει
1929 5433 2100 5496 pbstea

434 5501 697 5550 humilium
725 5501 782 5548 l9
805 5505 876 5549 sic
900 5504 1159 5548 ordiuntur
1186 5511 1198 5544 ι

1113 5565 1308 5628 Ὀμιλία
1337 5569 1378 5614 ιθ
1393 5567 1421 5615 ’.

504 5640 656 5698 Ἀδὰμ
670 5641 721 5688 δὲ
744 5641 862 5700 ξγνω
884 5638 1009 5686 Εὔαν
1031 5639 1116 5694 τήν
1132 5638 1330 5700 γυναῖκα
1352 5634 1519 5700 αὐτοῦ,
1544 5643 1595 5686 el
1620 5643 1811 5700 textum
1835 5636 2102 5700 Scriptura!

430 5699 822 5762 prosequuulum
838 5700 1243 5762 clauduulqueju
1283 5699 1388 5762 hac
1415 5699 1581 5762 verba,
1597 5699 1732 5762 _K<iiv
1755 5700 1808 5762 δέ
1832 5699 2105 5762 Δἐργαζόμε-

429 5759 507 5816 νος
526 5759 610 5818 τήν
630 5769 730 5822 γῆν.
757 5760 949 5809 luilium
975 5769 1140 5808 aulem
1182 5759 1400 5822 Homiljae
1439 5761 1510 5807 sic
1534 5759 1714 5807 habet:
1752 5759 1922 5822 Σκόπει
1967 5759 2103 5815 ποτε,

433 5834 530 5870 etc.
561 5818 806 5870 lbfb‘avil.
831 5829 884 5868 et
904 5821 1120 5881 quinque
1143 5834 1256 5866 mss.
1276 5818 1418 5866 τοῦτο
1439 5822 1618 5881 γέγονε,
1646 5824 1780 5881 μετά.
1849 5821 1875 5859 b
1899 5822 2104 5877 Quidam

433 5896 543 5930 mss.
570 5883 789 5944 δεόμενον
810 5884 1017 5944 χάριτος.
1085 5885 1108 5912 ο
1141 5882 1249 5944 pug
1288 5895 1407 5944 mss.
1451 5889 1504 5928 el.
1540 5881 1689 5929 Savil.
1723 5881 1991 5944 ἐϐούλοντο,
2021 5882 2104 5944 ἐπς

433 5945 630 6004 ηρὼτων
657 5940 1081 5999 ἀύτὸν-λέγοντες.
1150 5940 1176 5979 ιι
1215 5941 1563 5992 (Loisliuiauum
1611 5944 1884 6004 sequimur.
1933 5940 2104 5990 Moulf.

432 6007 564 6053 ὸσον.
627 6018 832 6051 τοσουτο
843 6024 879 6050 ο.

1169 393 1256 449 'S.
1296 389 1581 447 JOANNIS
1618 383 2106 444 CIIRYSOSTOMI
2145 380 2475 438 ARCHEEP.
2520 379 3070 438 CONSTANTINOP.
3765 383 3860 438 ιει

2214 499 2422 568 ρίσατο,
2450 498 2622 568 ἀλλ’ἢ
2652 496 2858 550 ἀνωθεν
2874 496 3035 566 χάρις
3067 492 3386 564 δεδώρηται.
3419 494 3524 548 Καὶ
3550 493 3862 563 προσέθετο

2206 585 2402 638 τεκεῖν
2429 586 2533 638 τὸν
2555 584 2823 652 ἀδελφὸν
2842 582 3030 637 αὑτοῦ
3055 583 3158 635 τὸν
3188 583 3386 635 Ἅϐελ.
3425 582 3641 652 Ἐπειδὴ
3666 582 3860 643 εὐγνώ-

2209 690 2326 743 μων
2349 672 2572 740 γέγονεν
2601 673 2694 724 ἐπὶ
2715 671 2793 742 τῷ
2821 671 3086 740 τεχθέντι,
3115 670 3207 722 καὶ
3230 668 3446 735 ἐπέγνω
3476 670 3577 740 τὴν
3603 669 3864 740 προτέραν

2205 760 2548 830 εὐεργεσίαν,
2581 760 2814 828 ἐπέτυχε
2849 761 2945 813 καὶ
2976 758 3078 824 τῆς
3106 758 3387 828 δευτέρας.
3428 757 3680 820 Τοιοῦτος
3709 757 3810 829 γὰρ
3839 760 3866 810 6

2205 848 2484 917 Δεσπότης
2508 849 2536 899 6
2567 846 2837 918 ἡμέτερος
2858 861 2871 873 ·
2897 845 3115 898 ἐπειδάν
3151 845 3244 896 ἐπὶ
3271 847 3384 907 τοῖς
3416 841 3746 915 προλαϐοῦσι
3774 842 3867 914 τὴν

2207 933 2420 987 ἑαυτῶν
2452 933 2875 1005 εὐγνωμοσύνην
2903 931 3321 1002 ἐπιδειξώμεθα,
3342 931 3438 984 καὶ
3469 931 3560 982 τὸν
3579 929 3867 1001 εὐεργέτην

2207 1023 2544 1092 ἐπιγνῶμεν,
2594 1019 3034 1091 ἐπιδαψιλεύεται
3083 1019 3184 1082 τάς
3232 1017 3427 1072 ἐαυτοῦ
3475 1017 3706 1088 δωρεάς.
3765 1018 3870 1070 Καὶ

2206 1110 2346 1180 αῦτη
2378 1111 2557 1163 τοίνυν
2602 1108 2790 1179 ἐπειδὴ
2828 1107 2907 1178 τῷ
2954 1105 3074 1176 Θεῷ
3119 1107 3208 1159 τὸν
3255 1105 3413 1158 τόκον
3443 1104 3758 1172 ἐλογίσατο,
3789 1103 3869 1158 διὰ

2205 1197 2365 1252 τοῦτο
2412 1199 2508 1250 καί⁹
2558 1197 2744 1266 ἕτερον
2796 1195 3063 1264 λαμϐάνει
3099 1194 3330 1246 παιδίον.
3368 1193 3614 1262 Μεγίστη
3665 1190 3771 1261 γὰρ
3806 1187 3868 1260 ἦν

2206 1285 2392 1339 λοιπὸν
2421 1285 2744 1356 παραμυθία
2778 1284 2876 1354 τῆς
2905 1282 3228 1353 θνητότητος
3259 1280 3681 1350 ἐπεισελθούσης
3708 1280 3742 1350 ἡ
3769 1279 3869 1332 τῶν

2209 1373 2414 1428 παίδων
2440 1372 2677 1443 διαδοχή.
2711 1371 2812 1424 Διά
2839 1388 2922 1423 τοι
2954 1370 3113 1423 τοῦτο
3146 1370 3240 1423 καὶ
3268 1372 3296 1422 6
3330 1368 3712 1440 φιλάνθρωπος
3747 1365 3869 1428 Θεὸς

2209 1458 2411 1522 εὐθέως
2442 1461 2535 1512 καὶ
2573 1459 2631 1525 ἐξ
2659 1459 2836 1529 ἀρχῆς
2865 1457 2924 1510 τὸ
2949 1456 3176 1527 σφοδρὸν
3203 1458 3304 1526 τῆς
3340 1457 3711 1525 ἐπιτιμήσεως
3745 1454 3870 1505 ὐποο

2209 1547 2562 1617 τεμνόμενος,
2609 1547 2704 1599 καὶ
2749 1546 2843 1599 τοῦ
2885 1547 3118 1599 Θανάτου
3152 1546 3212 1599 τὸ
3260 1545 3492 1616 φοϐερὸν
3539 1544 3871 1614 προσωπεῖον

2209 1637 2537 1707 περιαιρῶν,
2583 1637 2683 1706 τὴν
2710 1635 2821 1688 τῶν
2853 1636 3059 1689 παίδων
3089 1635 3338 1706 διαδοχὴν
3375 1633 3685 1706 ἐχαρίσατο,
3711 1631 3785 1693 ὡς
3811 1630 3872 1682 ἀν

2210 1723 2357 1777 εἴποι
2388 1743 2495 1788 τις,
2535 1725 2720 1778 εἰκόνα
2761 1723 3110 1786 ἀναστάσεως
3139 1723 3389 1776 ἐντεῦθεν
3422 1721 3755 1790 ὑποφαίνων,
3787 1717 3872 1768 καὶ

2211 1813 2335 1866 ἀντὶ
2356 1814 2465 1865 τῶν
2497 1813 2806 1866 πιπτόντων
2827 1812 3047 1882 ἐτέρους
3078 1811 3397 1864 ἀνίστασθαι
3427 1806 3748 1877 οἰκονομῶν.
3773 1805 3871 1859 Καὶ

2208 1899 2467 1970 ἐγένετο,
2503 1902 2685 1973 φησὶν,
2725 1903 2896 1959 Ἅϐελ
2923 1899 3148 1968 ποιμὴν
3172 1898 3480 1967 προϐάτων
3496 1915 3510 1929 ·
3536 1896 3688 1951 Κάϊν
3713 1894 3779 1948 δὲ
3802 1890 3874 1962 ἧν

2208 1988 2594 2057 ἐργαζόμενος
2633 1988 2749 2057 τὴν
2793 1989 2925 2058 γῆν.
2972 1988 3244 2053 Ἐδίδαξεν
3282 1989 3431 2056 ἡμᾶς
3459 1989 3492 2057 ἡ
3526 1985 3647 2039 θεία
3693 1984 3871 2055 Γραφὴ

2211 2077 2444 2130 ἑκάστου
2474 2077 2583 2129 τῶν
2607 2077 2910 2147 τεχθέντων
2939 2077 3007 2129 τά
3038 2076 3466 2147 ἐπιτηδεύματα·
3505 2075 3597 2127 καί
3619 2074 3703 2126 ὅτι
3733 2073 3760 2124 ὁ
3784 2072 3873 2140 μὲν

2208 2164 2308 2233 τὴν
2349 2166 2712 2236 ποιμαντικὴν
2747 2165 2939 2221 εΰετο.
2972 2165 3000 2214 6
3029 2164 3085 2216 δέ
3117 2165 3216 2234 τὴν
3249 2163 3353 2234 γῆν
3379 2163 3666 2233 εἰργάζετο
3699 2171 3744 2217 ε.
3772 2159 3870 2214 Καὶ

2207 2254 2444 2322 ἐγένετο
2469 2253 2596 2322 μεθ’
2624 2253 2866 2322 ἡμέρας,
2897 2253 3116 2323 ἤνεγκε
3140 2253 3290 2308 Κὰῖν
3328 2252 3447 2307 ἀπὸ
3481 2250 3598 2305 τῶν
3639 2247 3874 2318 καρπῶν

2209 2341 2320 2406 τῆς
2356 2342 2473 2410 γῆς
2513 2343 2736 2395 θυσίαν
2776 2342 2857 2408 τῷ
2897 2345 3112 2410 Κυρίῳ.
3139 2343 3338 2396 Σκόπει
3371 2340 3486 2404 πῶς
3515 2339 3592 2410 τῷ
3626 2338 3873 2392 συνειδότι

2208 2430 2307 2500 τὴν
2355 2431 2554 2498 γνῶσιν
2599 2430 2890 2485 ἐναπέθετο
2920 2432 3017 2502 τῆς
3062 2430 3278 2499 φύσεως
3321 2431 3349 2482 6
3375 2427 3741 2499 Δημιουργός.
3786 2426 3874 2488 Τίς

2209 2517 2339 2587 γάρ,
2359 2518 2477 2570 εἰπέ
2499 2535 2610 2588 μοι,
2634 2517 2822 2571 τοῦτον
2835 2519 3086 2588 ὡδήγησε
3109 2517 3246 2589 πρὸς
3261 2515 3360 2589 τὴν
3379 2515 3637 2584 τοιαύτην
3652 2514 3871 2576 ἐννοιαν;

2211 2605 2401 2668 Οὐδεὶς
2425 2606 2632 2676 ἔτερος,
2669 2607 2785 2660 ἀλλ’
2816 2609 2849 2678 ἡ
2874 2608 2931 2659 ἐν
2961 2607 3040 2677 τῷ
3070 2606 3333 2659 συνειδότι
3365 2606 3586 2674 γνῶσις.
3614 2605 3873 2672 Ἦνεγκε,

2211 2695 2396 2764 φησὶν,
2425 2694 2543 2748 ἀπὸ
2576 2694 2692 2748 τῶν
2719 2694 2968 2764 καρπῶν
3005 2694 3116 2763 τῆς
3155 2693 3268 2764 γῆς
3303 2698 3525 2747 θυσίαν
3560 2691 3641 2757 τῷ
3669 2692 3872 2757 Κυρίῳ.

2215 2784 2366 2855 ’ᾘδει
2397 2785 2504 2856 γάρ
2531 2787 2621 2838 καὶ
2648 2787 2937 2856 ἠπίστατο,
2965 2787 3046 2839 ὃτι
3072 2787 3338 2856 προσήκει
3370 2784 3618 2853 καθάπερ
3640 2783 3876 2852 Δεσπότῃ

2212 2872 2277 2924 ἐκ
2299 2871 2408 2923 τῶν
2443 2873 2662 2926 οἰκείων
2686 2874 2982 2944 κτημάτων
3003 2873 3302 2943 προσάγειν
3327 2889 3379 2924 τι
3411 2871 3520 2923 τῶν
3546 2869 3748 2939 γενῶν·
3783 2869 3875 2920 οὐκ

2210 2957 2399 3029 ἐπειδὴ
2437 2961 2466 3012 ό
2518 2959 2653 3023 Θεὸς
2685 2961 2891 3013 τούτων
2926 2959 3118 3023 δεῖται,
3157 2959 3274 3012 ἀλλ’
3302 2959 3390 3012 ἴνα
3417 2959 3516 3028 τὴν
3549 2957 3756 3012 οἰκείαν
3789 2957 3876 3008 εὐ-

2209 3043 2569 3115 γνωμοσύνην
2593 3045 2928 3116 ἐπιδείξηται
2956 3046 3119 3108 αὐτὸς
3148 3046 3248 3116 τῆς
3280 3044 3534 3114 τοιαύτης
3563 3042 3876 3113 εὐεργεσίας

2210 3130 2521 3188 ἀπολαύων.
2563 3131 2840 3202 Ἀνενδεὴς
2864 3131 2973 3203 γὰρ
3000 3135 3028 3186 6
3048 3133 3179 3196 Θεὸς
3200 3132 3296 3186 καὶ
3321 3132 3532 3194 οὐδενὸς
3553 3130 3748 3202 χρῄζει
3775 3128 3877 3182 τῶν

2211 3218 2339 3288 παρ’
2371 3221 2504 3289 ἡμῖν
2545 3218 2597 3256 τ·
2649 3219 2739 3273 διὰ
2775 3220 2832 3272 δὲ
2870 3221 2967 3289 τὴν
3012 3221 3219 3288 ἄφατον
3257 3219 3420 3273 αὐτοῦ
3473 3219 3877 3290 φιλανθρωπίαν

2212 3307 2666 3374 συγκαταϐαίνων
2708 3310 2862 3378 ἡμῖν,
2907 3308 2994 3362 διά
3027 3310 3126 3377 τὴν
3171 3307 3445 3378 σωτηρίαν
3483 3307 3583 3376 τὴν
3612 3305 3878 3377 ἡμετέραν

2211 3395 2463 3464 ἀνέχεται
2483 3394 2656 3448 ταῦτα
2681 3395 2949 3463 γίνεσθαι,
2977 3396 3064 3449 ἵνα
3083 3395 3454 3449 διδασκαλεῖον
3473 3396 3680 3465 ἀρετῆς
3705 3395 3788 3465 εἴη
3814 3397 3876 3464 τῇ

2210 3483 2319 3535 τῶν
2358 3481 2662 3552 ἀνθρώπων
2711 3483 2869 3551 φύσει
2904 3485 2938 3554 ἡ
2965 3484 3263 3551 ἐπίγνωσις
3307 3481 3399 3536 τοῦ
3436 3483 3736 3536 Δεσπότου.
3773 3483 3876 3536 Καὶ

2216 3571 2394 3623 Ἀϐελ
2424 3570 2642 3639 ἤνεγκε
2674 3572 2769 3624 καὶ
2806 3573 2990 3636 αὐτὸς
3010 3571 3129 3625 ἀπὸ
3157 3570 3275 3624 τῶν
3301 3574 3325 3612 Β
3348 3572 3739 3640 πρωτοτόκων
3770 3571 3881 3624 τῶν

2202 3657 2518 3726 προϐάτων
2545 3659 2754 3711 αὑτοῦ.
2785 3660 2898 3728 Οὐχ
2931 3659 3119 3722 ἁπλῶς
3150 3659 3270 3712 οὐδέ
3301 3659 3426 3729 εἱκῆ
3456 3658 3878 3729 προοιμιαζόμε-

2210 3762 2299 3806 νος
2338 3747 2396 3797 ἐν
2420 3746 2562 3816 ἀρχῇ
2597 3746 2691 3798 τοῦ
2718 3747 2878 3815 λόγου
2911 3747 3190 3800 ἐδίδασκον
3223 3747 3378 3818 ὐμῶν
3407 3749 3506 3819 τὴν
3539 3748 3787 3818 ἀγάπην,
3807 3749 3881 3801 ὅτι

2211 3832 2475 3902 διαφορὰν
2507 3832 2818 3903 προσώπων
2854 3836 2954 3888 οὐκ
2991 3833 3130 3888 οἰδεν
3163 3836 3192 3888 6
3226 3837 3502 3907 Δεσπότης
3535 3837 3564 3889 6
3596 3838 3879 3908 ἡμέτερος,

2210 3919 2347 3973 ἀλλά
2381 3920 2446 3971 ἐκ
2485 3921 2855 3991 προαιρέσεως
2888 3921 3158 3986 ἐξετάζων
3205 3924 3303 3994 τὴν
3343 3909 3568 3994 γῗδώμην
3609 3928 3880 3994 στεφανοῖ.

2223 4007 2354 4062 Ἰδοὺ
2381 4008 2509 4076 γοῦν
2541 4009 2632 4062 καὶ
2669 4007 2764 4061 νῦν
2797 4009 2956 4062 τοῦτο
2996 4012 3187 4063 σκόπει
3217 4012 3603 4082 γεγενημένον.

2282 4113 2644 4184 Προσέχωμεν
2664 4115 2842 4167 τοίνυν
2883 4116 3018 4186 μετά
3053 4116 3360 4190 ἀκριϐείας,
3384 4117 3679 4186 ἀγαπητοὶ,
3699 4115 3778 4188 τῷ
3811 4117 3884 4168 εἰ-

2213 4218 2278 4271 ρη
2289 4201 2450 4272 μένῳ,
2473 4203 2566 4254 καὶ
2588 4201 2785 4270 ἴδωμεν
2805 4201 2858 4254 τί
2879 4203 2978 4273 μὲν
2999 4205 3127 4271 περὶ
3143 4204 3235 4257 τοῦ
3259 4204 3398 4258 Κάῖν
3418 4205 3683 4276 διηγεῖται
3705 4208 3736 4275 ή
3756 4205 3795 4256 Γ
3802 4220 3886 4274 pa.

2210 4288 2302 4359 φὴ,
2327 4287 2378 4340 τί
2413 4289 2467 4342 δὲ
2504 4289 2630 4358 περὶ
2662 4289 2756 4342 τοῦ
2783 4291 2968 4352 Ἀϐελ,
2994 4293 3088 4345 καὶ
3110 4292 3184 4363 μὴ
3205 4292 3394 4355 ἁπλῶς
3414 4293 3881 4365 παραδράμωμεν.

2210 4376 2374 4428 υύδὲν
2407 4376 2514 4446 γάρ
2536 4376 2720 4440 ἁπλῶς
2742 4379 2836 4431 καὶ
2855 4378 2931 4442 ῶς
2951 4378 3139 4450 ἐτυχεν
3161 4379 3457 4450 φθέγγεται
3479 4383 3511 4452 ἡ
3534 4381 3654 4435 θεία
3676 4381 3716 4433 Γ
3721 4379 3882 4452 ραφὴ,

2210 4463 2346 4516 ἁλλά
2384 4463 2485 4516 κᾶν
2522 4464 2758 4536 συλλαϐὴ
2799 4468 3065 4538 τυγχάνῃ,
3086 4469 3188 4523 κᾶν
3226 4469 3424 4540 κεραία
3461 4469 3577 4540 μία.
3600 4469 3716 4540 ἔχει
3738 4466 3882 4540 [15η

2207 4554 2329 4607 τινά
2368 4554 2812 4625 ἐγκεκρυμμένον
2855 4556 3162 4628 θησαυρόνο
3196 4557 3420 4612 τοιαῦτα
3439 4559 3545 4630 γὰρ
3567 4559 3782 4612 ἅπαντα
3821 4559 3883 4610 τὰ

2210 4642 2573 4710 πνευματικά.
2618 4641 2682 4694 Τί
2718 4639 2811 4696 οὖν
2849 4661 3018 4715 φησι;
3061 4647 3169 4699 Καὶ
3205 4647 3443 4715 ἐγένετο
3475 4649 3602 4716 μεθ’
3644 4647 3882 4716 ἡμέρας,

2209 4729 2428 4798 ἤνεγκε
2452 4730 2602 4783 Κιὶϊν
2617 4731 2734 4784 ἀπὸ
2757 4730 2875 4784 τῶν
2895 4731 3140 4800 καρπῶν
3154 4733 3266 4800 τῆς
3287 4734 3402 4803 γῆς
3422 4735 3646 4788 θυσίαν
3669 4734 3749 4799 τῷ
3772 4737 3882 4787 Κυ-

2202 4818 2332 4883 ρίῳ,
2355 4817 2456 4870 καί
2480 4820 2648 4871 Ἅϐελ
2669 4818 2886 4889 ἤνεγκε
2902 4820 3000 4873 καὶ
3023 4821 3205 4888 αὐτὸς
3225 4823 3345 4877 ἀπὸ
3370 4821 3489 4876 τῶν
3502 4824 3886 4891 πρωτοτόκων

2209 4904 2329 4958 τῶν
2347 4905 2656 4972 προϐάτων
2675 4909 2881 4974 αὐτοῦ,
2905 4909 3004 4962 καί
3021 4909 3141 4964 ἀπὸ
3160 4909 3278 4964 τῶν
3296 4911 3564 4965 στεάτων
3581 4910 3803 4965 αὐτῶν.

2281 5010 2340 5062 ε’.
2367 5011 2490 5073 Τοῖς
2514 5010 2767 5083 ὀξύτερον
2794 5013 3103 5068 ἐπιϐάλλειν
3125 5015 3443 5086 δυναμένοις
3462 5017 3562 5087 ἤδη
3583 5017 3676 5069 καὶ
3703 5019 3768 5070 ἐκ
3790 5016 3884 5086 τῆς

2209 5094 2570 5164 ἀναγνώσεως
2590 5097 2748 5167 δῆλόν
2769 5100 2885 5151 ἐστι
2919 5099 2982 5152 τὸ
3018 5102 3326 5172 εἰρημένον.
3347 5103 3486 5155 Ἀλλ’
3507 5103 3695 5174 ἐπειδὴ
3717 5119 3883 5174 προσ-

2209 5186 2333 5254 ήκει
2371 5184 2518 5253 ἡμᾶς
2563 5185 2782 5237 πάντων
2818 5188 3011 5251 κοινῶς
3049 5189 3316 5243 ποιεῖσθαι
3353 5191 3454 5261 τὴν
3490 5191 3750 5262 πρόνοιαν
3793 5192 3881 5261 (ού

2209 5271 2317 5340 γὰρ
2337 5265 2448 5324 οἶδε
2466 5272 2782 5342 διαφοράνὴ
2807 5277 3149 5348 πνευματικὴ
3169 5277 3545 5350 διδασκαλία),
3568 5280 3698 5352 φέρε
3721 5279 3883 5347 σαφέο

2211 5375 2398 5428 στερον
2439 5360 2568 5430 ὐμῑν
2610 5362 3006 5434 ἐκκαλύψωμεν
3043 5365 3113 5418 τὰ
3154 5366 3443 5438 εἰρημένα,
3466 5367 3626 5420 πάλιν
3658 5367 3729 5420 τὰ
3748 5367 3882 5420 αὐτά

2208 5445 2770 5515 ἐπαναλαμϐάνοντες.
2793 5449 2964 5514 Κάϊν,
2989 5453 3171 5521 φησὶν,
3189 5453 3450 5522 ἤνεγκεν
3467 5455 3586 5508 ἀπὸ
3605 5453 3723 5508 τῶν
3743 5471 3878 5522 καρ-

2209 5533 2338 5585 πῶν
2357 5534 2466 5601 τῆς
2488 5532 2597 5603 γῆς
2618 5537 2838 5593 θυσίαν
2857 5537 2936 5602 τῷ
2949 5541 3143 5607 Κυρίῳ
3157 5556 3170 5571 ~
3189 5537 3307 5594 εἶτα
3329 5541 3625 5613 βουλομένη
3647 5542 3879 5611 καὶπερὶ

2208 5617 2302 5672 τοῦ
2328 5620 2492 5673 ’Ἅϐελ
2511 5620 2715 5689 διδάξαι
2736 5627 2881 5694 ἡμᾶς
2900 5627 2934 5695 ἡ
2955 5626 3075 5680 θεία
3095 5627 3282 5698 Γραφή
3305 5645 3490 5698 φησιν,
3511 5629 3592 5682 ὅτι
3613 5629 3706 5682 καὶ
3725 5627 3879 5690 αὐτὸς

2238 5816 2301 5887 λε
2497 5820 2718 5899 υηυεγεῑ
2754 5811 2969 5886 ϐοιὺετί.
3001 5827 3132 5899 μορε
3171 5821 3268 5899 γῆξ
3293 5815 3626 5899 ξργάζεσθει.ν
3656 5815 3874 5899 (Μοεεη

2213 5878 2301 5952 γὰρ
2324 5877 2351 5921 ὁ
2385 5877 2504 5951 Θεὸς
2543 5877 2728 5950 χρῄζεξν
2768 5877 2863 5946 τῶν
2905 5877 3015 5943 παρ’
3045 5877 3174 5947 ἡμῖν.
3243 5879 3268 5915 8
3293 5877 3477 5924 θυσίαν
3496 5880 3567 5939 τῷ
3589 5880 3763 5941 Κυρίῳ.
3793 5877 3879 5924 Καί

2241 5937 2579 6003 ᾼξελ-ηνεγκεν
2609 5952 2704 6003 απο
2720 5953 2849 6003 των.
2873 5936 2961 6003 _S|c
2985 5938 3183 6003 Conshp.
3207 5939 3395 6003 codex,
3419 5940 3641 5998 plurimis
3665 5942 3878 6003 omissts,

2215 5997 2276 6047 ab
2304 5997 2437 6062 'uau
2459 6000 2545 6061 γὰρ
2572 5999 2647 6045 καί
2674 5998 2731 6046 ad
2755 6001 2782 6056 ἡ
2803 5996 3055 6061 ἐπίγνωσις
3077 5997 3162 6047 τοῦ
3188 5996 3445 6052 Δεσπότού.
