4038 6394
222 409 322 467 153

220 526 492 579 ohturaret
536 530 593 576 et
633 521 978 591 praemuniret
1016 531 1206 571 omnes
1239 516 1351 569 vias
1381 528 1499 582 quae
1530 514 1620 567 illo
1648 511 1806 564 duce-

223 629 376 682 rent,
408 626 465 669 et
495 624 555 670 ut
591 615 900 669 continuam
930 613 1244 666 memoriam
1283 619 1337 664 ct
1365 610 1612 662 timorem
1663 607 1812 660 incu-

223 718 332 762 tere
359 707 433 760 illi
463 713 648 774 posset
680 706 721 757 ί.

287 799 341 852 4.
384 797 555 849 Adam
580 805 750 848 autem
775 793 1003 865 cognovit
1032 791 1194 845 Evam
1219 804 1592 844 uxoremsuam
1633 785 1653 860 (
1679 784 1810 856 Cap.

225 891 270 941 ι.
305 905 350 940 υ.
385 889 465 957 1).
496 886 790 941 Considera
836 883 1051 955 quando
1090 884 1192 937 hoc
1222 881 1415 936 factum
1457 881 1547 934 sit.
1575 880 1700 934 Post
1729 880 1814 932 in-

225 977 606 1040 obedientiam,
627 985 746 1045 post
776 973 1007 1045 paradisi
1033 973 1398 1034 amissionem,
1421 981 1549 1024 tunc
1585 970 1814 1040 primum

227 1084 349 1122 usus
378 1069 459 1122 rei
491 1082 739 1122 venerea:
791 1064 975 1134 ccepit.
1021 1064 1162 1117 Ante
1206 1060 1622 1116 inobedientiam
1671 1059 1815 1114 enim

228 1159 524 1228 angelicam
555 1159 718 1212 vitam
751 1157 1117 1222 imitabantur,
1147 1164 1203 1210 et
1223 1154 1400 1209 nullus
1423 1153 1490 1208 de
1507 1167 1566 1208 re
1588 1165 1815 1206 venerea

228 1265 401 1306 scrmo
429 1258 565 1304 erat.
599 1249 700 1315 Qui
721 1248 863 1303 enim
887 1248 1076 1318 potuit.
1099 1261 1220 1300 cum
1250 1260 1424 1314 neque
1449 1242 1818 1311 corporalibus

231 1340 634 1396 necessitatibus
655 1340 869 1393 obnoxii
888 1337 1124 1393 fuerint?
1153 1336 1335 1406 Itaque
1359 1335 1426 1388 ab
1457 1334 1609 1388 initio
1655 1332 1821 1401 virgi-

231 1435 362 1486 nitas
386 1433 624 1501 palmam
649 1433 974 1503 principatus
1003 1431 1208 1499 accepit
1241 1447 1255 1483 :
1283 1428 1376 1483 sed
1401 1437 1680 1498 postquam
1728 1441 1822 1496 per

234 1526 490 1580 desidiam
514 1526 732 1579 intravit
757 1524 1134 1586 inobedientia,
1190 1530 1244 1576 et
1293 1521 1469 1575 aditus
1526 1519 1822 1591 patefactus

233 1631 308 1675 est
338 1630 586 1689 peccato,
617 1620 706 1673 illa
734 1619 947 1689 quidem
969 1616 1222 1680 avolavit,
1271 1626 1459 1685 utpote
1515 1615 1584 1668 ab
1628 1612 1693 1667 iis
1735 1612 1825 1680 qui

235 1714 430 1783 indigni
463 1722 627 1765 tanta:
654 1711 867 1764 virtutis
895 1708 1262 1779 magnitudine
1300 1707 1422 1760 facti
1471 1715 1624 1760 erant
1651 1718 1667 1758 :
1697 1703 1825 1758 sub-

237 1806 454 1859 intravit
477 1813 656 1857 autem
705 1803 790 1856 lex
831 1815 1168 1870 congressus.
1199 1799 1380 1868 Cogita
1407 1797 1583 1867 igitur,
1611 1794 1826 1862 dilecte,

236 1907 428 1966 quanta
452 1895 783 1966 virginitatis
804 1894 1052 1964 dignitas,
1087 1907 1247 1962 quam
1279 1888 1522 1944 sublimis
1553 1895 1607 1942 et
1634 1899 1830 1956 magna

236 1989 527 2056 possessio,
557 2003 678 2056 quae
700 1987 770 2040 sit
798 2000 958 2055 supra
981 1984 1265 2038 humanam
1298 1991 1541 2037 naturam
1565 2020 1582 2045 ,
1630 1988 1686 2034 et
1712 1993 1832 2049 qua:

239 2095 371 2147 Opus
402 2078 604 2133 habeat
631 2093 792 2131 manu
813 2079 833 2108 ²
863 2092 1123 2146 superna.
1142 2074 1296 2143 Quod
1317 2075 1463 2130 enim
1485 2073 1522 2127 ii
1549 2072 1639 2142 qui
1662 2070 1828 2141 virgi-

240 2172 460 2223 nitatem
492 2170 740 2223 alaCriter
766 2168 1047 2238 arripiunt,
1076 2168 1129 2222 in
1154 2179 1382 2234 corpore
1409 2179 1473 2219 ea
1515 2171 1675 2233 agant
1712 2176 1830 2232 qua:

243 2261 684 2329 incorporearum
707 2269 835 2314 sunt
861 2259 1140 2324 virtutum,
1170 2257 1293 2311 audi
1319 2255 1593 2310 Christum
1621 2253 1833 2309 Saddu-

243 2358 369 2406 czeis
395 2351 709 2407 dicentem:
743 2365 866 2405 nam
919 2350 987 2405 de
1037 2348 1434 2405 resurrectione
1484 2344 1835 2418 qumstionem

243 2453 550 2509 moventes,
575 2443 907 2497 sciscitantes
927 2441 1212 2496 dicebant:
1237 2439 1499 2508 Magister,
1531 2447 1674 2492 erant
1692 2436 1833 2508 apud

245 2534 552 2603 nos'septem
573 2539 777 2606 fratres,
805 2544 853 2589 et
879 2536 1074 2604 primus
1095 2549 1253 2588 uxore
1276 2533 1428 2586 ducta
1447 2531 1716 2601 defunctus
1742 2539 1835 2597 est,

246 2645 349 2680 non
377 2628 565 2680 habens
595 2627 797 2695 liberos,
826 2638 874 2682 et
899 2627 1090 2680 dimisit
1125 2641 1337 2680 uxorem
1375 2640 1524 2678 suam
1548 2623 1698 2693 fratri
1723 2639 1837 2676 suo.

248 2717 502 2772 Similiter
521 2729 569 2771 et
595 2719 869 2784 secundus,
901 2728 949 2773 et
973 2719 1166 2781 tertius,
1201 2726 1247 2771 et
1275 2725 1503 2787 quartus,
1533 2725 1579 2768 et
1604 2716 1834 2785 quintus,

249 2819 295 2861 et
322 2819 518 2874 sextus,
541 2819 589 2862 et
613 2811 874 2880 septimus.
906 2808 972 2864 In
999 2809 1368 2863 resurrectione
1412 2824 1530 2878 ergo
1549 2808 1694 2879 cujus
1717 2823 1744 2861 e
1764 2823 1844 2861 se-

251 2910 390 2968 ptem
413 2900 518 2954 illis
543 2902 637 2953 erit
657 2917 787 2954 uxor
805 2900 832 2953 .9
860 2899 1046 2955 Omnes
1070 2901 1202 2953 enim
1216 2899 1494 2952 habuerunt
1513 2897 1673 2951 illam.
1706 2896 1844 2964 Quid

252 2993 416 3060 igitur
455 2992 586 3047 dicit
611 2993 715 3047 illis
734 2991 1020 3048 Christus?
1048 2991 1271 3054 Erratis,
1300 2993 1576 3044 nescientes
1605 2988 1846 3057 Scriptu-

251 3099 362 3143 ras,
388 3101 548 3152 neque
565 3085 799 3137 virtutem
825 3083 942 3138 Dei.
989 3084 1056 3138 In
1100 3082 1464 3138 resurrectione
1503 3083 1637 3135 enim
1687 3096 1846 3149 neque

256 3191 443 3229 uxores
463 3175 672 3241 ducunt,
729 3192 886 3245 neque
929 3175 1148 3241 nubunt,
1201 3174 1290 3228 sed
1336 3183 1451 3227 sunt
1510 3174 1640 3226 sicut
1682 3173 1849 3241 angeli

257 3269 494 3337 (Matth.
549 3270 638 3324 22.
695 3270 888 3326 25-50.
960 3269 1087 3325 Luc.
1151 3270 1242 3325 20.
1309 3269 1500 3324 28-56.
1573 3277 1620 3322 et
1679 3267 1847 3322 Marc.

258 3362 352 3416 12.
387 3362 597 3434 19-25).
626 3363 816 3418 Vidisti
845 3363 1113 3434 quomodo
1162 3363 1216 3417 in
1241 3357 1382 3417 terra
1410 3360 1767 3426 ambulantes,
1795 3368 1851 3415 et

259 3471 488 3525 corpore
524 3457 838 3512 circumdati
867 3458 1160 3526 angelicam
1221 3457 1384 3510 vitam
1437 3454 1711 3509 imitantur
1762 3452 1850 3522 qui

257 3546 464 3600 Christi
501 3560 686 3601 amore
713 3546 1033 3617 virginitatis
1088 3556 1286 3602 sortem
1332 3546 1693 3615 acceperunt?
1719 3543 1853 3598 Nam

261 3648 466 3706 quanto
487 3637 601 3693 hmc
625 3640 798 3711 major
839 3647 924 3694 est
974 3648 1030 3694 et
1075 3638 1374 3705 sublimior,
1427 3646 1574 3692 tanto
1623 3637 1855 3706 majores

261 3741 391 3786 sunt
429 3742 482 3787 et
509 3747 744 3800 coronat,
775 3744 830 3789 et
858 3734 1255 3799 retributiones,
1305 3742 1361 3788 et
1389 3732 1712 3803 repromissa
1755 3731 1855 3786 bo-

264 3837 334 3876 na
363 3838 548 3878 eorum
565 3826 655 3894 qui
675 3841 796 3879 cum
827 3825 927 3879 hac
952 3826 1005 3879 in
1035 3825 1154 3878 aliis
1184 3825 1334 3878 bonis
1357 3824 1682 3894 Operibusse
1701 3838 1858 3877 exer-

261 3928 410 3971 cent.
437 3918 601 3970 Adam
616 3929 804 3984 autem,
833 3919 1020 3988 inquit,
1044 3919 1271 3990 cognovit
1289 3916 1448 3971 Evam
1469 3932 1856 3984 mremsuam,

262 4022 314 4063 et
332 4012 559 4078 concepit
579 4053 594 4076 ,
626 4020 672 4064 et
704 4012 895 4080 peperit
922 4009 1070 4064 Cain.
1104 4010 1388 4079 Postquam
1419 4023 1514 4078 per
1540 4006 1854 4061 inobedien-

268 4105 399 4158 tiam
431 4103 652 4157 intravit
675 4115 972 4173 peccatum,
1003 4113 1058 4158 et
1078 4100 1340 4156 sententia
1371 4100 1625 4154 mortales
1647 4098 1764 4154 illos
1787 4099 1860 4158 fe:

267 4196 364 4258 cit,
394 4203 789 4262 consequenter
817 4181 1156 4262 omnipotens
1196 4191 1336 4245 Deus
1365 4190 1658 4244 secundum
1709 4205 1860 4246 suam

273 4285 593 4353 sapientiam
618 4284 836 4339 humani
879 4283 1092 4354 generis
1120 4281 1484 4352 prepagationi
1525 4279 1808 4334 consulens
1842 4318 1859 4344 ,

268 4378 539 4432 concessit
586 4391 684 4446 per
707 4376 904 4430 coitum
933 4385 1146 4429 auctum
1177 4375 1241 4428 iri
1271 4381 1510 4427 nostrum
1554 4387 1742 4442 genus.
1793 4369 1863 4423 Et

271 4468 422 4530 dixit,
459 4465 670 4520 Possedi
699 4467 949 4520 hominem
977 4482 1066 4536 per
1094 4463 1278 4519 Deum.
1307 4463 1440 4518 Vide
1459 4461 1730 4532 quomodo
1746 4476 1864 4532 pae-

273 4577 340 4615 na
371 4559 573 4614 inflicta
605 4562 881 4614 mulierem
905 4558 1292 4622 emendaverit,
1325 4558 1708 4626 melioremque
1739 4557 1867 4612 red-

271 4656 496 4712 diderit.
522 4655 655 4710 Nam
687 4655 918 4723 puellum
964 4661 1145 4707 natum
1191 4668 1296 4705 non
1341 4659 1544 4704 natura;
1568 4690 1582 4711 .
1609 4648 1702 4704 sed
1754 4649 1865 4703 Deo

272 4757 552 4817 aceteptum
579 4747 763 4811 refert,
793 4754 1108 4816 gratumque
1135 4744 1372 4797 animum
1397 4741 1653 4796 declarat.
1675 4739 1866 4795 Vidisti

275 4840 550 4909 quomodo
575 4855 729 4908 pmna
760 4838 1138 4892 admonitionis
1162 4836 1282 4890 loco
1303 4835 1408 4888 illis
1434 4832 1629 4887 fuerit?
1658 4831 1867 4886 Possedi

275 4934 444 4994 enim,
467 4932 660 5000 inquit,
683 4931 936 4983 hominem
967 4945 1054 5000 per
1078 4927 1265 4980 Deum.
1291 4926 1405 4980 Non
1438 4936 1648 4988 natura,
1674 4925 1864 4992 inquit,

279 5023 559 5092 puerulum
589 5022 720 5076 mihi
742 5020 914 5086 dedit,
945 5021 1038 5076 sed
1069 5020 1246 5072 divina
1269 5019 1456 5087 gratia.
1482 5015 1538 5068 2.
1572 5015 1636 5068 Et
1682 5017 1868 5084 adjecit

280 5127 334 5168 ut
363 5122 559 5183 pareret
581 5117 789 5184 fratrem
816 5112 954 5166 illius
984 5110 1126 5164 Abel.
1155 5110 1287 5176 Quia
1320 5123 1417 5179 pro
1443 5116 1568 5162 nato
1597 5107 1704 5160 filio
1719 5117 1866 5175 grata

281 5210 401 5273 fuit,
432 5217 488 5262 et
513 5205 663 5276 prius
692 5203 1011 5259 beneficium
1050 5203 1287 5273 agnovit,
1342 5209 1632 5269 assequuta
1675 5206 1758 5252 est
1816 5207 1871 5252 et

347 5343 364 5372 ί
401 5348 511 5390 Post
531 5340 622 5388 has
649 5350 808 5394 voces,
832 5337 1047 5400 incutere
1068 5329 1148 5387 illi
1163 5340 1334 5400 posset,
1375 5332 1695 5400 sicuclaudunt
1717 5331 1871 5400 homi-

279 5402 393 5452 Iiam
413 5404 512 5451 duo
536 5410 643 5450 Mss.
669 5411 682 5449 :
712 5391 864 5470 Igitur
879 5398 1148 5470 gratiarum
1163 5391 1379 5470 actiones
1400 5397 1655 5467 oﬁ'eramus
1686 5391 1873 5470 σξη-ἱειο

279 5479 393 5515 vero
417 5473 519 5514 Deo
539 5471 702 5513 nostra
715 5452 865 5524 {quia
879 5452 1046 5524 ipsum
1067 5461 1203 5510 decet
1239 5458 1411 5522 gloria,
1428 5452 1706 5524 "imperium,
1723 5452 1872 5524 (tenor

276 5535 324 5576 et
355 5527 595 5584 adoratia,
618 5517 744 5574 nunc
765 5517 811 5574 et
834 5517 1042 5586 semper,
1068 5531 1163 5571 etc.
1191 5517 1432 5584 Efpostea
1455 5517 1698 5568 homiliam
1725 5517 1780 5566 19
1803 5517 1872 5565 sic

277 5590 537 5638 ordiuntur
573 5602 586 5636 :

720 5645 931 5698 Romilio
963 5645 1040 5694 19.

347 5713 500 5761 Adam
515 5717 676 5760 autem
708 5707 921 5772 cognovit
946 5717 1113 5772 Euam
1130 5717 1336 5772 uxorem
1358 5717 1580 5772 suam...._
1607 5709 1660 5750 et
1679 5707 1873 5772 textum

277 5780 664 5846 prosequuntur,
691 5761 1084 5846 da'uduutquein
1103 5767 1398 5846 liaeeverba,
1415 5772 1462 5818 et
1495 5763 1615 5816 Cain
1637 5761 1870 5827 agricola.

343 5838 366 5869 ι
400 5837 606 5896 Qttidatn
627 5843 755 5895 Mss,
773 5837 950 5898 gratia,
977 5844 1086 5896 pro,
1108 5842 1272 5883 manu.

1408 397 1470 454 IN
1507 398 1661 455 CAP.
1702 395 1788 451 ιγ.
1831 395 2076 450 GENES.
2120 397 2345 453 IIOMIL.
2389 397 2574 453 XVIII.

3393 396 3496 452 εει

1915 514 2080 567 aliud.
2112 515 2253 569 'I'alis
2276 515 2418 569 enim
2447 525 2530 569 est
2553 517 2807 569 Dominus
2834 530 3017 571 noetcr
3041 533 3054 569 :
3083 513 3294 584 quando
3316 515 3368 568 in
3391 517 3498 585 pri-

1918 605 2020 659 mis
2061 616 2267 674 gratum
2309 607 2543 660 animuin
2592 606 2959 669 declaramus,
3004 615 3059 660 et
3100 603 3498 659 henefactorem

1917 700 2275 768 agnoscimus,
2321 699 2518 769 largius
2546 713 2642 753 sua
2671 699 2809 752 dona
2859 699 3011 753 nobis
3055 707 3260 767 erogat.
3319 697 3502 766 Itaque

1917 793 2040 861 quia
2061 802 2112 846 et
2141 792 2236 846 ista
2265 792 2374 847 Deo
2404 801 2609 862 partum
2638 791 2938 861 adscripsit,
2971 801 3250 861 propterea
3271 789 3502 845 etalium

1918 883 2425 954 accipitpuerulum.
2459 883 2675 938 Summa
2703 883 2867 946 enim,
2921 891 3270 953 posteaquam
3313 880 3504 936 subin-

1923 975 2084 1030 travit
2123 977 2439 1040 mortalitas,
2467 974 2764 1030 consolatio
2802 983 2917 1029 erat
2955 974 3182 1028 filiorum
3208 972 3503 1028 successio.

1923 1069 1991 1124 Et
2021 1069 2218 1123 idcirco
2244 1068 2504 1138 benignus
2538 1067 2679 1122 Deus
2705 1066 2884 1121 statim
2932 1065 2999 1120 ab
3052 1064 3202 1119 initio
3249 1061 3505 1134 puniendi

1922 1162 2263 1216 severitatem
2288 1161 2628 1223 imminuens,
2659 1168 2713 1213 et
2738 1158 3030 1214 terribilem
3063 1158 3081 1188 ¹
3109 1157 3298 1211 mortis
3318 1169 3508 1224 perso-

1922 1268 2044 1307 nam
2068 1253 2336 1318 auferens,
2379 1252 2670 1306 liberorum
2698 1251 3090 1305 successionem
3122 1249 3344 1318 largitus
3373 1257 3454 1302 est
3477 1287 3494 1313 ,

1924 1344 2320 1413 quodammodo
2348 1343 2632 1413 imaginem
2664 1341 3072 1396 resurrectionis
3101 1355 3196 1410 per
3235 1338 3338 1393 hoc
3383 1338 3512 1392 sub-

1926 1435 2183 1498 indicans,
2217 1445 2271 1488 et
2291 1435 2626 1504 diSpensans,
2655 1442 2713 1488 ut
2737 1448 2834 1504 pro
2855 1432 3168 1488 cadentibus
3210 1432 3300 1487 alii
3327 1443 3511 1486 resur-

1929 1538 2075 1600 gant.
2107 1528 2172 1580 Et
2202 1532 2367 1598 factus
2385 1537 2480 1594 est,
2514 1526 2707 1596 inquit,
2739 1525 2862 1578 Abel
2889 1533 3062 1593 pastor
3081 1524 3248 1577 ovium
3270 1539 3289 1588 ;
3312 1530 3358 1576 et
3379 1519 3509 1574 Cain

1928 1621 2232 1690 operabatur
2252 1629 2454 1673 terram.
2477 1620 2662 1673 Docuit
2683 1634 2779 1673 nos
2804 1617 2980 1672 divina
3008 1615 3305 1686 Scriptura,
3353 1629 3514 1684 quam

1939 1724 2161 1782 uterque
2188 1722 2433 1766 natorum
2458 1722 2625 1766 artem
2647 1710 2967 1776 exercuerit,
3007 1717 3064 1764 et
3105 1716 3164 1762 ut
3187 1707 3322 1762 alter
3350 1707 3514 1760 vitam

1931 1805 2273 1876 pastoralem,
2301 1804 2438 1860 alter
2465 1803 2842 1874 agriculturam
2869 1801 3085 1870 delegit.
3117 1799 3176 1858 δε
3206 1797 3274 1852 Et
3324 1799 3518 1867 factum

1933 1909 2004 1951 est
2026 1907 2136 1968 post
2165 1897 2292 1962 dies,
2316 1895 2492 1950 obtulit
2522 1895 2650 1950 Cain
2674 1893 2736 1947 de
2763 1892 3007 1965 fructibus
3032 1903 3180 1944 terra:
3215 1889 3520 1958 sacriﬁcium

1935 1989 2173 2044 Domino.
2205 1988 2496 2044 Considera
2526 1986 2794 2058 quomodo
2820 1996 3025 2039 natura:
3063 1982 3322 2038 Conditor
3347 1982 3522 2036 scien-

1939 2083 2064 2136 tiam
2089 2081 2434 2136 conscientia:
2463 2078 2676 2133 indidit.
2700 2077 2830 2144 Quis
2851 2077 2993 2131 enim
3018 2075 3190 2139 illum,
3223 2073 3309 2128 dic
3336 2113 3352 2138 ,
3379 2085 3476 2126 oro
3504 2111 3520 2134 ,

1937 2173 2004 2228 ad
2031 2173 2168 2226 hanc
2196 2172 2556 2241 cognitionem
2589 2168 2964 2239 perduxisset?
2995 2167 3181 2220 Nullus
3208 2164 3343 2218 alius
3363 2178 3524 2233 quam

1937 2285 2055 2338 qua:
2082 2269 2134 2322 in
2164 2269 2344 2322 animo
2371 2265 2588 2321 conscio
2611 2266 2858 2320 scientia.
2892 2263 3085 2318 Obtulit
3114 2265 3158 2330 ³,
3195 2263 3405 2331 inquit,
3459 2260 3523 2312 de

1941 2361 2184 2434 fructibus
2208 2371 2354 2413 teme
2378 2359 2685 2428 sacriﬁcium
2731 2356 2971 2410 Domino.
3025 2354 3240 2410 Sciebat
3283 2352 3427 2407 enim
3473 2357 3530 2404 et

1940 2451 2295 2522 cognoscebat
2309 2465 2600 2519 congruum
2627 2463 2748 2504 esse
2762 2463 2832 2502 ex
2851 2447 2961 2501 suis
2980 2445 3408 2516 possessionibus
3427 2443 3529 2496 ali-

1942 2545 2070 2615 quid
2100 2544 2366 2599 fructuum
2395 2543 2504 2598 Deo
2530 2541 2727 2597 offerre
2757 2559 2770 2594 :
2804 2554 2910 2594 non
2937 2538 3080 2609 quod
3115 2536 3181 2592 iis
3210 2537 3350 2591 Deus
3394 2534 3531 2588 indi-

1943 2647 2084 2708 geat,
2116 2637 2208 2691 sed
2237 2644 2294 2690 ut
2319 2645 2526 2706 gratum
2548 2634 2790 2688 animum
2822 2645 2977 2685 suum
3021 2629 3263 2684 declaret
3307 2629 3397 2698 qui
3439 2627 3534 2682 tali

1945 2730 2208 2784 beneficio
2231 2728 2444 2782 fruitur.
2468 2725 2624 2780 Nulla
2645 2726 2787 2781 enim
2818 2739 2878 2778 re
2900 2723 3102 2793 indiget
3124 2722 3288 2787 Deus,
3341 2719 3535 2774 nullis-

1948 2836 2052 2890 que
2082 2820 2279 2874 nostris
2300 2834 2434 2887 opus
2466 2817 2662 2882 habet;
2694 2824 2948 2870 caeterum
2977 2813 3046 2868 ob
3073 2811 3393 2867 ineffabilem
3440 2809 3539 2865 be-

1949 2913 2264 2982 nignitatem
2297 2910 2368 2964 ita
2414 2913 2612 2963 nostrae
2657 2905 2953 2962 infirmitati
2997 2920 3055 2959 se
3099 2911 3436 2973 attemperat,
3483 2911 3539 2956 et

1948 3013 2170 3075 propter
2197 3002 2425 3057 salutem
2446 3009 2685 3054 nostram
2718 2994 2834 3052 haac
2867 2996 2984 3051 fieri
3015 2995 3162 3062 sinit,
3187 3004 3247 3048 ut
3270 2995 3363 3048 Dei
3390 2993 3542 3064 agni-

1956 3095 2030 3150 tio
2058 3095 2305 3148 humanzc
2329 3101 2532 3146 natura:
2550 3089 2760 3145 virtutis
2781 3088 2853 3142 sit
2873 3087 3076 3142 schola.
3095 3086 3150 3140 4.
3167 3083 3235 3138 Et
3255 3084 3377 3139 Abel
3390 3085 3541 3138 etiam

1951 3187 2062 3258 ipse
2077 3187 2255 3240 obtulit
2277 3185 2340 3238 de
2365 3183 2713 3254 primogenitis
2741 3196 2953 3235 suarum
2981 3179 3168 3232 ovium.
3197 3176 3314 3232 Non
3340 3176 3544 3247 absque

1954 3296 2114 3336 causa
2142 3281 2226 3334 vel
2252 3277 2447 3332 frustra
2476 3276 2527 3330 in
2549 3275 2716 3346 priori
2744 3287 2994 3328 sermone
3018 3279 3252 3325 vestram
3279 3269 3436 3324 docui
3455 3284 3546 3324 ca-

1954 3376 2188 3437 ritatem,
2222 3371 2504 3425 Dominum
2554 3377 2792 3422 nostrum
2847 3364 3160 3419 varietatem
3199 3377 3545 3432 personarum

1958 3465 2238 3536 ignorare:
2265 3462 2361 3518 sed
2387 3461 2716 3517 voluntatem
2739 3456 2988 3520 scrutari,
3018 3469 3081 3509 ac
3107 3464 3341 3509 mentem
3368 3449 3547 3507 inten-

1958 3562 2267 3628 tionemque
2295 3569 2579 3611 coronare.
2610 3553 2676 3608 Et
2720 3565 2864 3606 nunc
2890 3563 3105 3620 quoque
3157 3547 3302 3602 idem
3349 3547 3547 3601 factum

1959 3652 2345 3709 animadverte.

2033 3746 2301 3816 Scriptura
2324 3757 2470 3796 sacra
2490 3739 2618 3793 nihil
2646 3737 2837 3808 frustra
2857 3734 2998 3788 dicit.
3014 3732 3253 3787 —Dictis
3267 3732 3550 3802 diligenter

1929 3845 1933 3849 “
1961 3838 2353 3898 auscultemus,
2386 3843 2440 3888 et
2466 3831 2739 3886 videamus
2762 3825 2888 3898 quid
2914 3825 2981 3880 de
3014 3825 3145 3880 Cain
3193 3834 3374 3878 narret
3399 3823 3549 3879 Scri-

1963 3941 2115 4001 ptura
2135 3969 2151 3992 ,
2183 3937 2236 3981 et
2259 3925 2385 3994 quid
2418 3923 2486 3978 de
2507 3921 2670 3983 Abel,
2703 3928 2758 3974 et
2787 3934 2855 3973 ne
2883 3915 3341 3972 inconsideranter
3371 3924 3550 3968 trans-

1962 4037 2166 4078 eamus.
2200 4019 2339 4072 Nihil
2368 4016 2511 4071 enim
2543 4023 2744 4068 temere
2770 4012 2853 4065 vel
2879 4010 3096 4063 fortuito
3122 4009 3354 4077 loquitur
3373 4008 3550 4062 divina

1965 4114 2264 4183 Scriptura,
2299 4108 2394 4163 sed
2427 4116 2481 4161 et
2507 4105 2740 4177 syllaba,
2771 4111 2825 4156 et
2863 4101 3104 4170 apiculus
3135 4100 3321 4153 unicus
3357 4115 3551 4154 recon-

1965 4207 2135 4262 ditum
2185 4204 2344 4257 habet
2387 4200 2735 4255 thesaurum:
2785 4211 2908 4248 nam
2952 4195 3003 4247 in
3054 4191 3195 4246 hunc
3233 4191 3450 4248 modum
3495 4207 3554 4248 se

1967 4300 2165 4355 habent
2188 4293 2480 4366 spiritualia
2498 4288 2848 4355 omnia.Quid
2876 4284 3032 4356 igitur
3049 4283 3242 4353 inquit?
3263 4282 3329 4335 Et
3355 4287 3548 4354 factum

1967 4403 2038 4447 est
2069 4399 2180 4462 post
2200 4388 2306 4441 dies
2323 4427 2338 4452 ,
2361 4383 2538 4439 obtulit
2559 4379 2685 4436 Cain
2708 4381 2770 4433 de
2805 4376 3047 4448 fructibus
3077 4386 3225 4430 terra:
3251 4375 3554 4444 sacriﬁcium

1969 4484 2187 4538 Domino
2205 4522 2222 4548 ,
2253 4489 2299 4533 et
2317 4477 2438 4531 Abel
2458 4474 2634 4529 obtulit
2654 4474 2803 4526 etiam
2822 4473 2930 4539 ipse
2948 4470 3011 4523 de
3026 4470 3372 4541 primogenitis
3391 4470 3558 4524 ovium

1970 4589 2198 4639 suarum,
2216 4582 2260 4625 et
2283 4570 2344 4623 de
2363 4567 2598 4636 adipibus
2614 4565 2839 4618 illarum.

2043 4670 2096 4724 5.
2141 4667 2207 4720 lis
2233 4664 2322 4732 qui
2365 4660 2571 4716 acutius
2619 4657 2798 4711 valent
2845 4654 3074 4719 intueri,
3100 4651 3210 4723 jam
3239 4667 3304 4706 ex
3331 4651 3560 4706 lectione

1973 4764 2085 4833 ipsa
2116 4756 2375 4828 liquidum
2402 4762 2485 4808 est
2509 4749 2634 4821 quid
2661 4749 2865 4802 dicatur
2895 4765 2908 4799 :
2941 4761 3125 4800 verum
3170 4743 3292 4812 quia
3322 4742 3558 4796 omnium

1971 4854 2126 4907 simul
2155 4845 2394 4902 habenda
2424 4853 2508 4899 est
2535 4857 2658 4896 cura
2679 4883 2694 4906 ,
2717 4849 2772 4893 et
2811 4837 3166 4892 differentiam
3212 4847 3560 4903 personarum

1972 4947 2142 5002 nescit
2159 4938 2448 5012 spiritualis
2472 4936 2714 4991 doctrina
2745 4951 2758 4986 :
2784 4946 2880 5000 age
2899 4927 3228 4983 manifestius
3245 4924 3393 4978 vobis
3411 4923 3561 4978 dele.

1973 5054 2156 5111 gamus
2171 5051 2289 5103 qutc
2301 5031 2440 5086 dictu
2456 5027 2795 5092 suul,iterum
2809 5037 2872 5076 ea
2887 5015 3558 5088 repetentes.Cain,inquit,

1974 5107 2151 5184 obtulit
2172 5129 2235 5180 de
2268 5121 2511 5195 fructibus
2549 5130 2694 5172 term
2717 5113 3023 5182 sacriﬁcium
3063 5109 3281 5162 Domino
3311 5125 3330 5160 :
3367 5107 3564 5163 deinde

1973 5225 2158 5280 volens
2182 5231 2236 5276 et
2265 5219 2333 5274 de
2376 5215 2510 5270 Abel
2536 5212 2729 5267 docere
2749 5220 2847 5261 nos
2881 5204 3153 5273 Scriptura
3184 5201 3360 5255 divina
3397 5199 3561 5264 dicit,

2039 5383 2055 5413 ¹
2085 5381 2204 5434 Vox,
2227 5371 2492 5426 terribilem
2518 5367 2782 5434 (co6epov),
2801 5361 2848 5410 in
2873 5359 3161 5434 quihusdam
3185 5357 3385 5434 deest“:

2038 5447 2060 5476 ²
2093 5415 2629 5495 ίιῖδίδᾶἶῆιὶἰξῤ
2659 5415 2937 5495 vocibusft
2961 5415 3564 5495 obtulitguiltquittlde

1974 5476 2446 5570 rmiibiisiEFrET,
2641 5489 2700 5538 ad
2718 5476 2880 5570 voces,
2897 5503 2925 5570 ,σε
2940 5490 2984 5533 et
3008 5476 3557 5570 de

2010 5537 2930 5628 lii‘s'éiiéiﬁvﬁiéiélﬁrﬁiéinémebsa'i"
2945 5561 2959 5607 ς
2977 5537 3562 5628 ρτίιὲῐξὲιὲιξίιυεξξῖο

2011 5584 2084 5616 Ius
2095 5584 2239 5628 quam
2257 5584 2464 5609 ΙΙΙυυιιΙιΙΙ
2490 5584 2713 5617 Pagina":
2725 5584 2859 5619 ('th-
2871 5584 2930 5620 τ’...
2945 5585 2959 5607 ,
2979 5584 3022 5607 τι.
3036 5584 3061 5594 ν
3083 5584 3186 5593 --.ι-η
3206 5584 3416 5602 ---Ίκ-ηἽ
3464 5584 3475 5586 _
3493 5584 3504 5586 ν
3523 5584 3528 5586 _
3544 5584 3562 5598 ν

1976 5584 2098 5685 huic,
2124 5624 2288 5676 multis
2306 5621 2514 5677 omissis,
2539 5615 2685 5664 effert
2708 5610 3021 5678 Cetshtnanus
3049 5605 3209 5653 Codex
3237 5616 3251 5671 ς
3287 5621 3310 5648 α
3333 5600 3510 5650 ob.ulu
3533 5617 3558 5642 ι
3633 5650 3635 5652 η

1981 5692 2003 5707 ,-,
2093 5690 2128 5707 ι.
2179 5706 2184 5707 ,
2224 5686 2278 5707 ,ιη
2317 5679 2546 5707 eumut-ns
2587 5684 2732 5707 loro-ll)
2772 5667 3067 5707 mrrsﬁt‘ﬂnn
3111 5673 3338 5707 nummo:
3383 5667 3429 5707 αι
3451 5658 3566 5707 Abel

1974 5659 2288 5754 '3';
2307 5659 2735 5746 iiite'ii'iis'igﬁc
2750 5659 3067 5743 sacriﬁcium
3104 5663 3338 5723 Domino;
3383 5667 3429 5711 et
3451 5659 3566 5710 Abel

1976 5750 2144 5802 obtulit
2161 5748 2307 5798 etiam
2331 5745 2432 5807 ipse
2455 5741 2516 5792 de
2539 5741 2864 5802 primogemtis
2895 5741 3051 5783 ovium
3077 5739 3290 5779 suarum.
3314 5732 3359 5776 et
3382 5723 3441 5774 de
3459 5724 3569 5775 adt-

1977 5816 2116 5880 pibus
2137 5811 2352 5862 illarum.
