4038 6394
530 350 635 405 455

527 466 668 535 quod
696 476 751 522 et
794 468 907 539 ipse
947 468 1014 523 de
1064 482 1158 523 sua
1185 480 1329 537 arte,
1378 486 1571 540 nempe
1608 470 1921 541 pastorilia,
1962 484 2117 524 suum

530 562 766 616 attulerit
798 563 1137 617 sacriﬁcium.
1170 563 1364 617 Obtulit
1389 564 1529 619 enim
1551 605 1568 630 ,
1612 563 1810 633 inquit,
1840 573 1886 616 et
1922 564 2028 631 ipse
2062 563 2125 615 de

532 654 879 724 primogenitis
920 655 1088 709 ovium
1127 672 1338 709 suarunt
1374 696 1388 720 ,
1441 666 1489 710 et
1530 657 1593 712 de
1635 655 1869 727 adipibus
1896 656 2121 708 illarum.

531 746 766 799 Ubserva
798 747 1067 815 quomodo
1090 749 1241 803 nobis
1269 748 1593 817 pientis~ima
1626 749 1764 804 illius
1786 763 1936 802 meus
1964 747 2127 817 signi-

535 836 751 900 ficetur,
783 846 837 889 et
866 852 971 891 non
1019 847 1222 892 tantum
1256 838 1325 894 de
1361 840 1547 893 ovibus
1577 839 1863 903 obtulerit,
1895 837 2018 902 sed,
2050 836 2128 890 De

540 929 921 998 primogenitis,
966 928 1068 983 hoc
1092 937 1209 996 est,
1241 929 1308 985 de
1350 930 1746 998 pretiosissimis
1768 971 1782 994 ,
1816 938 1867 982 et
1898 928 2128 983 maxime

534 1018 745 1073 eximiis
779 1038 792 1073 :
820 1019 1013 1075 deinde
1041 1030 1095 1075 et
1123 1037 1189 1075 ex
1220 1022 1325 1076 illis
1364 1023 1492 1092 ipsis
1520 1022 1885 1091 primogenitis
1926 1022 2127 1090 pretio-

535 1111 745 1164 sissima
790 1128 1049 1183 qumque:
1099 1112 1162 1166 Et
1212 1115 1275 1168 de
1324 1115 1595 1184 adipibus,
1645 1115 1844 1185 inquit,
1887 1115 2126 1179 illarum,

539 1202 642 1257 hoc
670 1212 770 1267 est,
790 1205 857 1259 de
881 1206 1242 1276 pinguissimis
1264 1218 1318 1261 et
1343 1208 1577 1277 eptimis.
1611 1208 1685 1261 De
1714 1208 1840 1262 Cain
1868 1207 1997 1261 nihil
2026 1209 2130 1262 tale

538 1293 847 1351 adnotatum
869 1306 949 1352 est
979 1315 993 1354 :
1022 1298 1117 1353 sed
1143 1299 1398 1353 obtulisse
1422 1301 1435 1330 ¹
1456 1298 1537 1354 De
1562 1299 1792 1371 frugibus
1817 1310 1964 1353 terra:
1982 1298 2134 1353 sacri-

541 1388 715 1455 ﬁcium
740 1404 758 1441 :
801 1390 954 1458 quasi
1016 1390 1250 1456 diceret,
1301 1392 1708 1461 qualiacumque
1732 1392 2087 1446 obveniebant
2115 1432 2130 1458 ,

543 1479 685 1533 nulla
734 1478 798 1533 ad
828 1480 1096 1534 deiectum
1140 1482 1374 1537 adhibita
1403 1499 1564 1553 opera
1594 1484 1677 1538 vel
1705 1484 2000 1554 diligentia.
2030 1484 2131 1538 ite-

543 1585 665 1623 rum
687 1570 823 1635 dico,
850 1581 904 1625 et
924 1572 1101 1627 dicere
1124 1589 1228 1627 non
1256 1576 1476 1629 cessabo
1500 1594 1513 1629 :
1540 1591 1643 1630 non
1669 1576 1790 1645 quia
1818 1576 1954 1630 Deus
1976 1576 2137 1633 rebus

544 1662 740 1715 nostris
770 1662 996 1731 indiget,
1042 1664 1214 1719 oblata
1246 1666 1499 1734 suscipit,
1550 1667 1643 1720 sed
1680 1668 1789 1720 vult
1815 1676 1870 1721 et
1893 1684 1984 1737 per
2022 1668 2138 1724 hmc

544 1751 750 1805 ostendi
782 1761 989 1821 gratum
1019 1763 1261 1809 nostrum
1292 1755 1549 1811 animum.
1582 1755 1710 1810 Nam
1753 1772 1874 1811 eum
1899 1759 1987 1826 qui
2027 1758 2138 1812 Deo

546 1844 832 1911 offerebat,
864 1855 918 1900 et
942 1846 1201 1901 offerebat
1235 1864 1302 1902 ex
1328 1849 1391 1903 iis
1426 1865 1543 1917 quae
1577 1849 1666 1903 Dei
1715 1858 1871 1915 sunt,
1904 1865 2022 1903 cum
2054 1849 2138 1903 in-

550 1935 812 2006 teliigeret
857 1950 1113 2008 quantum
1140 1939 1378 1995 differret
1420 1950 1605 1995 natura
1629 1982 1645 2008 ,
1677 1950 1731 1997 et
1757 1958 1815 1997 se
1860 1942 2133 1997 hominem

552 2035 755 2081 tantum
806 2028 1025 2085 honoris
1067 2032 1313 2085 sortitum
1360 2047 1514 2097 esse,
1546 2034 1855 2103 oportebat,
1886 2046 2139 2103 quantum

552 2119 666 2172 ﬁeri
699 2128 932 2189 poterat,
964 2138 1118 2176 suutn
1150 2123 1336 2178 testari
1365 2124 1597 2178 ofﬁcium
1619 2166 1633 2189 ,
1665 2136 1718 2179 et
1759 2127 2140 2194 pretiosissima

548 2211 763 2266 offerre.
793 2213 897 2268 Sed
930 2215 1051 2270 vide
1071 2258 1085 2282 ,
1114 2216 1341 2271 obsecro
1366 2259 1381 2284 ,
1409 2218 1620 2273 dilecte.
1659 2219 1833 2274 Habes
1862 2219 1949 2274 hic
1988 2234 2143 2273 occa-

554 2302 732 2356 siones
759 2313 818 2357 ut
855 2305 996 2374 quod
1028 2316 1240 2375 oportet
1278 2310 1686 2379 contempleris,
1732 2310 1925 2364 merito
1956 2324 2142 2378 poenas

553 2392 700 2455 luem
746 2409 867 2448 eum
922 2395 1011 2464 qui
1057 2411 1206 2450 suam
1254 2397 1325 2451 ob
1366 2397 1628 2466 ignaviain
1678 2399 1857 2468 prodit
1896 2400 2141 2453 salutem.

551 2484 732 2554 Neque
761 2487 903 2540 enim
935 2488 1022 2542 ille
1049 2487 1325 2544 doctorem
1354 2491 1581 2561 aliquem
1609 2491 1821 2559 habuit,
1864 2508 2035 2562 neque
2062 2494 2146 2548 hic

552 2586 926 2646 suggerentem
954 2587 1011 2633 et
1047 2581 1442 2648 consiliarium,
1490 2583 1583 2637 sed
1615 2593 1833 2653 uterque
1863 2585 2146 2639 conscien-

554 2669 642 2722 tia:
671 2684 782 2724 suae
812 2672 1147 2742 magisterio,
1192 2684 1247 2729 et
1298 2677 1556 2744 sapientia
1605 2676 1862 2732 divinitus
1908 2680 2142 2734 humano

556 2762 736 2829 generi
778 2766 1144 2831 suppeditata,
1191 2766 1256 2818 ad
1304 2765 1442 2820 hanc
1485 2768 1808 2823 oblationem
1855 2772 2144 2825 incitatur:

556 2856 648 2908 sed
681 2857 993 2910 excellentia
1013 2859 1268 2927 propositi
1295 2868 1351 2913 et
1374 2860 1665 2915 voluntatis
1705 2861 1958 2931 segnities
2004 2861 2145 2915 illius

555 2944 769 3014 quidem
799 2949 1224 3018 acceptissimam
1256 2950 1379 3004 fecit
1400 2951 1762 3019 oblationem,
1794 2952 1949 3022 hujus
1969 2963 2148 3007 autem

562 3037 912 3105 repudiatam.
945 3039 1011 3092 Et
1038 3040 1233 3108 aspexit
1249 3039 1383 3095 Deus
1397 3042 1464 3094 ad
1476 3041 1617 3105 Abel,
1639 3052 1685 3095 et
1709 3043 1777 3095 ad
1799 3042 1934 3096 dona
1964 3044 2146 3113 ipsius.

568 3129 699 3183 Vide
741 3131 1009 3199 quomodo
1049 3132 1299 3200 impletur
1343 3131 1429 3187 hic
1468 3133 1608 3203 quod
1655 3134 1706 3187 in
1751 3135 2026 3203 evangelio
2068 3148 2151 3191 εει

558 3218 756 3273 dictum
783 3238 795 3273 :
832 3220 992 3274 Primi
1021 3232 1177 3275 erunt
1206 3222 1407 3288 ultimi,
1436 3232 1490 3277 et
1535 3224 1703 3277 ultimi
1752 3226 1904 3294 primi
1934 3224 2148 3298 (Matth.

561 3312 647 3365 19.
681 3312 769 3365 50.
800 3312 962 3364 Marc.
1001 3312 1085 3367 i0.
1118 3314 1205 3367 5|.
1235 3312 1361 3367 Luc.
1399 3315 1485 3370 i5.
1521 3314 1650 3387 ‘50).
1696 3316 1834 3371 Ecce
1878 3317 2019 3371 enim
2060 3318 2150 3387 qui

559 3404 649 3457 ob.
676 3404 1141 3472 primogenituram
1185 3404 1515 3475 privilegium
1563 3404 1821 3473 habebat,
1850 3415 1905 3461 et
1929 3408 2151 3475 proinde

561 3494 707 3562 prior
752 3494 1041 3559 offerebat,
1072 3495 1250 3548 minor
1296 3496 1443 3550 visus
1477 3505 1560 3551 est
1584 3494 1767 3562 fratre,
1800 3506 1856 3551 ut
1880 3499 1969 3569 qui
1996 3514 2152 3554 secus

562 3586 776 3642 oﬁ‘erret
796 3603 952 3656 quam
975 3588 1271 3656 oportebat.
1295 3588 1425 3642 Nam
1443 3603 1563 3642 cum
1590 3598 1813 3659 uterque
1836 3590 2146 3655 obtulisset,

562 3680 693 3732 dicit
718 3677 894 3732 divina
915 3678 1185 3748 Scriptura
1215 3696 1226 3729 :
1259 3678 1326 3731 Et
1355 3680 1551 3748 aspexit
1581 3679 1717 3733 Deus
1737 3680 1805 3732 ad
1828 3680 1981 3747 Abel,
2013 3692 2059 3734 et
2084 3681 2152 3735 ad

560 3772 695 3823 dona
731 3772 862 3839 ejus.
905 3770 1041 3837 Quid
1073 3778 1190 3835 est,
1222 3770 1289 3824 Et
1311 3772 1503 3840 aspeait
1527 3771 1552 3824 Ζ)
1580 3771 1633 3824 Id
1660 3781 1774 3835 est,
1802 3774 2145 3842 approbavit,

563 3863 797 3917 laudavit
841 3874 1107 3928 meutem,
1161 3866 1436 3919 coronavit
1492 3864 1850 3930 voluntatem,
1898 3876 1952 3921 et
2002 3869 2151 3937 quasi

562 3955 681 4020 quis
722 3954 897 4022 dicat,
940 3958 1079 4009 facto
1118 3964 1402 4011 contentus
1444 3956 1561 4010 fuit.
1604 3956 1734 4011 Nam
1766 3969 1820 4012 et
1864 3958 1907 4011 si
1948 3958 2016 4012 de
2045 3958 2153 4013 Deo

567 4044 861 4113 loquimur,
907 4053 962 4098 et
1004 4044 1071 4099 de
1100 4046 1382 4100 immortali
1415 4054 1601 4101 natura
1632 4048 1841 4116 aperire
1885 4063 1947 4101 os
1988 4050 2154 4103 aude-

569 4151 720 4201 mus,
754 4137 877 4203 sed,
907 4152 1027 4191 cum
1070 4137 1316 4193 homines
1345 4139 1541 4201 simus,
1575 4155 1679 4193 nor.-
1724 4155 2003 4209 possumus
2040 4139 2154 4194 inec

565 4228 882 4297 aliterquam
902 4244 997 4299 per
1012 4229 1239 4299 linguam
1256 4230 1548 4298 percipere.
1566 4230 1793 4284 Attende
1812 4247 1922 4285 rem
1942 4232 2148 4284 miram.

567 4317 806 4386 Aspexit,
827 4320 1014 4389 inquit,
1040 4318 1178 4374 Deus
1203 4321 1271 4373 ad
1294 4321 1439 4386 Abel,
1458 4331 1502 4375 et
1514 4321 1581 4375 ad
1601 4321 1735 4375 dona
1760 4322 1936 4391 ipsius.
1966 4320 2153 4375 Ovium

568 4410 891 4465 oblationem
918 4413 1054 4466 dona
1088 4414 1330 4468 vocavit:
1373 4415 1494 4482 quia
1536 4415 1798 4483 pretiosa,
1844 4415 2070 4477 eximia,
2102 4423 2156 4467 et

572 4505 911 4559 immaculata
939 4504 1225 4562 obtulerat.
1272 4507 1496 4576 Aspexit
1522 4507 1678 4576 igitur
1706 4506 1771 4560 ad
1797 4506 2002 4575 ipsum,
2034 4505 2156 4574 quia

572 4612 705 4653 sano
734 4608 787 4653 et
813 4598 1020 4653 sincero
1045 4601 1226 4654 animo
1256 4601 1557 4667 obtulerat;
1597 4610 1651 4655 et
1679 4602 1744 4655 ad
1774 4602 1913 4655 dona
1943 4602 2118 4655 oblata
2139 4642 2154 4665 ,

562 4680 676 4747 non
710 4692 853 4762 quod
880 4693 1041 4748 nullis
1082 4693 1303 4747 maculis
1347 4709 1564 4764 aspersa
1609 4702 1813 4747 tantum
1835 4735 1850 4758 ,
1895 4693 1989 4747 sed
2015 4693 2159 4762 quod

572 4786 719 4842 omni
748 4800 816 4841 ex
860 4794 1010 4856 parte
1052 4787 1284 4855 pretiosa
1316 4793 1501 4845 erant.
1535 4793 1645 4838 tuin
1687 4787 1756 4840 ob
1787 4792 2019 4838 mentem
2044 4784 2159 4852 ejus

571 4881 661 4949 qui
707 4879 1003 4945 obtulerat,
1046 4879 1336 4949 tutn.quod
1386 4878 1733 4947 primogenita
1785 4884 1970 4942 erant,
1998 4885 2052 4929 et
2093 4891 2159 4929 ex

577 4971 681 5024 illis
720 4970 1074 5032 electissima,
1122 4978 1177 5023 et
1204 4985 1269 5023 ex
1318 4968 1562 5036 adipibus
1607 4968 1769 5037 ipsis,
1802 4967 1904 5021 hoc
1949 4976 2064 5031 est,
2094 4981 2161 5019 ex

576 5063 789 5131 optimis
817 5063 1036 5130 optima.
1064 5060 1133 5115 Et
1174 5064 1367 5131 aspexit
1394 5058 1531 5114 Deus
1574 5060 1641 5112 ad
1669 5059 1791 5113 Abel
1814 5101 1828 5124 ,
1868 5068 1913 5112 et
1938 5057 2004 5110 ad
2027 5058 2164 5111 dona

579 5155 774 5222 ipsius:
805 5155 857 5209 5.
885 5154 953 5206 ad
993 5153 1119 5207 Cain
1154 5162 1323 5206 autem
1350 5193 1365 5218 ,
1404 5162 1451 5206 et
1480 5154 1550 5204 ad
1573 5152 1827 5219 sacri/icio
1864 5152 2022 5219 ipsius
2062 5167 2162 5204 non

580 5246 808 5299 attendit.
835 5245 969 5312 Quid
997 5253 1136 5299 recta
1160 5244 1484 5308 intentione,
1512 5252 1564 5296 et
1594 5242 1798 5296 sincera
1824 5252 1999 5296 mente
2019 5242 2162 5295 obtu-

581 5340 717 5396 lerat
764 5339 929 5403 Abei,
962 5340 1202 5409 Aspexit,
1247 5338 1445 5407 inquit,
1473 5336 1648 5400 Deus,
1707 5335 1807 5389 hec
1848 5351 1966 5399 est,
2009 5349 2164 5388 acce-

582 5433 690 5502 pit,
723 5440 930 5500 gratum
955 5429 1170 5491 habuit,
1202 5428 1433 5482 laudavit
1460 5444 1475 5492 ;
1502 5437 1756 5481 cauerunt
1800 5426 1974 5480 oblata
2004 5440 2164 5478 voea-

586 5526 660 5581 vit
707 5524 882 5589 dona,
952 5530 1010 5577 ut
1061 5536 1154 5591 per
1202 5521 1306 5575 hoc
1364 5519 1639 5575 offerentis
1682 5519 1860 5573 animo
1910 5533 2163 5571 maiomm

583 5618 845 5668 honorem
889 5612 1166 5682 pra-heret.
1210 5611 1291 5663 Ad
1328 5610 1454 5665 Cain
1499 5622 1697 5673 autem,
1745 5620 1790 5662 et
1827 5608 1894 5661 ad
1918 5618 2168 5676 sacri/tcta

583 5707 721 5759 illius
770 5722 869 5758 non
908 5706 1138 5757 attendit.
1188 5702 1564 5757 Animadverte
1608 5700 1896 5772 Scriptura:
1946 5700 2168 5769 diligen-

650 5844 666 5873 ι
702 5840 838 5889 savii.
867 5848 916 5889 et
939 5840 1154 5901 quinque
1175 5845 1303 5898 Mss,
1338 5839 1423 5888 sed
1456 5834 1571 5901 quid
1597 5837 1621 5887 ?

1245 353 1300 409 S.
1345 353 1625 410 JOANNIS
1656 350 2129 410 CiiRYSOSTUMI
2169 351 2489 409 ARCiiiEP.
2529 355 3069 415 CONSTANTINOP.

3706 360 3803 416 156

2236 474 2363 526 tiam
2392 476 2431 526 ‘.
2458 472 2590 528 Cum
2619 473 2771 536 dixit,
2803 473 2924 528 Non
2945 474 3179 538 attendit,
3213 472 3526 528 monstravit
3563 474 3806 541 reproba-

2231 566 2430 619 tionem
2458 565 2756 620 oblatorum
2780 582 2794 618 :
2824 574 3020 620 etcum
3043 565 3341 619 oblationes
3371 564 3634 618 fructuum
3656 574 3809 619 terra:

2230 658 2488 714 sacriﬁcia
2538 667 2729 724 vocat,
2778 657 2922 712 aliud
2976 674 3074 712 nos
3128 657 3300 711 docet.
3356 656 3493 711 Vide
3546 656 3814 725 quomodo

2236 766 2330 820 per
2371 748 2509 805 facta
2549 761 2605 806 et
2652 750 2814 805 verba
2844 750 2957 821 ipsa
3009 749 3201 806 doceat
3253 748 3509 802 Dominus
3535 787 3550 811 ,
3598 762 3656 802 se
3700 747 3813 801 inec

2240 842 2418 897 omnia
2464 857 2494 895 a
2542 842 2697 897 nobis
2728 841 2865 897 velle
2895 840 3175 911 praestari.
3221 849 3281 894 ut
3320 838 3485 894 animi
3511 838 3677 894 nostri
3725 855 3818 908 per

2234 949 2297 989 ea
2338 948 2459 1004 qua:
2495 948 2524 986 a
2572 932 2724 987 nobis
2768 932 2940 997 ﬁunt.
2988 930 3256 987 manifesﬁ
3298 930 3627 995 reddantur,
3672 938 3726 983 et
3762 941 3820 985 ut

2236 1026 2467 1081 sciamus
2505 1038 2603 1080 nos
2649 1025 2926 1079 Dominum
2983 1023 3183 1079 habere
3212 1032 3270 1078 et
3310 1021 3649 1076 Conditorem
3696 1037 3817 1077 eum

2236 1117 2326 1186 qui
2356 1132 2419 1172 ex
2471 1116 2638 1170 nihilo
2670 1130 2765 1170 nos
2790 1124 2847 1170 ut
2894 1130 3135 1170 essemus
3182 1113 3448 1182 produxit.
3496 1112 3636 1167 Oves
3678 1114 3818 1167 enim

2239 1222 2461 1264 munera
2509 1207 2833 1263 nominando
2879 1206 3057 1260 divina
3100 1204 3389 1275 Scripura,
3442 1213 3594 1258 terra:
3648 1212 3820 1257 autem

2239 1298 2443 1356 fructus
2477 1297 2735 1354 sacriﬁcia
2789 1297 3147 1367 appellando,
3201 1297 3358 1351 docet
3381 1309 3478 1349 nos
3541 1294 3821 1349 Dominum

2242 1406 2415 1461 neque
2443 1399 2500 1446 ut
2541 1390 2694 1445 bruta
2720 1388 3079 1452 adducantur,
3125 1402 3297 1458 neque
3339 1396 3396 1441 ut
3422 1396 3580 1441 teme
3628 1384 3826 1440 fruetus

2241 1483 2535 1540 offerantur
2557 1524 2573 1549 ,
2605 1483 2697 1538 sed
2728 1492 2933 1537 tantum
2978 1481 3172 1536 mentis
3206 1479 3541 1534 affectionem
3568 1493 3825 1547 qurerere.

2243 1575 2398 1633 Unde
2424 1585 2478 1631 et
2506 1590 2649 1630 nunc
2678 1583 2894 1644 propter
2922 1572 3116 1627 mentis
3137 1570 3471 1627 affectionem
3498 1570 3587 1624 ille
3610 1570 3823 1639 quidem

2244 1684 2364 1723 eum
2393 1668 2549 1722 donis
2594 1667 2917 1737 approbatus
2947 1674 3030 1720 est
3050 1706 3066 1730 ,
3093 1675 3147 1719 et
3186 1674 3371 1734 gratus
3401 1662 3498 1717 fuit
3524 1680 3541 1717 :
3574 1663 3677 1718 isue
3708 1678 3831 1717 vero

2241 1777 2363 1819 eum
2390 1760 2655 1816 sacriﬁcio
2674 1775 2773 1815 suo
2793 1760 3023 1827 rejeetus
3040 1766 3141 1812 est.
3162 1756 3292 1811 illud
3314 1765 3488 1811 autem
3507 1798 3521 1821 ,
3543 1756 3745 1823 Aspexit
3768 1754 3832 1807 ad

2244 1854 2399 1919 Abel,
2427 1864 2473 1907 et
2494 1853 2562 1906 ad
2584 1868 2792 1905 munera
2815 1850 2971 1918 ipsius
2996 1891 3010 1916 ,
3035 1849 3102 1902 ad
3129 1846 3256 1902 Cain
3276 1857 3475 1911 autem,
3499 1856 3541 1900 et
3563 1846 3635 1897 ad
3686 1845 3832 1897 sacri-

2246 1949 2366 2017 ﬁcia
2408 1947 2547 2001 illius
2589 1961 2692 1999 non
2740 1943 2986 2009 attendit,
3038 1943 3109 1996 ita
3160 1940 3520 2010 intelligamus
3566 1947 3626 1992 ut
3675 1939 3831 1992 Deum

2248 2039 2422 2095 decet.
2455 2037 2584 2091 Vult
2611 2037 2755 2092 enim
2800 2035 3015 2100 dicere,
3050 2034 3217 2088 Deum
3250 2032 3352 2087 illis
3382 2024 3564 2086 notum
3614 2032 3831 2094 fecisse,

2246 2149 2306 2190 se
2328 2134 2469 2189 illius
2485 2132 2780 2203 approbare
2803 2131 3150 2195 voluntatem,
3181 2126 3336 2196 hujus
3373 2136 3547 2180 autem
3578 2125 3835 2194 repellere

2249 2226 2512 2296 ingratum
2543 2224 2799 2279 animum.
2830 2220 3142 2291 liujusmodi
3163 2228 3289 2274 sunt
3312 2233 3373 2273 ea
3390 2232 3510 2286 quae
3537 2232 3564 2268 a
3586 2217 3697 2270 Deo
3720 2224 3832 2269 aeta

2250 2318 2430 2373 fuere:
2463 2316 2739 2372 videamus
2766 2325 2943 2369 autem
2986 2312 3281 2383 sequentia.
3306 2311 3374 2364 Et
3419 2310 3623 2363 tristitia
3671 2307 3833 2375 a/fecit

2250 2411 2377 2465 Cain
2400 2410 2546 2463 valde
2572 2408 2646 2479 (a)
2666 2449 2681 2475 ,
2710 2418 2755 2462 et
2784 2406 3004 2461 concidit
3019 2406 3183 2459 vultus
3206 2404 3333 2473 ejus.
3366 2401 3502 2469 Quid
3535 2410 3638 2464 est,
3669 2398 3728 2453 Et
3754 2400 3837 2452 tri-

2250 2505 2388 2560 stitia
2430 2503 2600 2571 aﬂ'ecit
2645 2502 2771 2557 Cain
2816 2500 3003 2554 valde?
3029 2498 3236 2568 Duplex
3262 2496 3336 2550 illi
3374 2495 3584 2549 tristitia
3623 2492 3833 2556 accidit,

2252 2612 2357 2651 non
2386 2605 2592 2649 tantum
2638 2593 2780 2663 quod
2825 2592 2971 2645 solus
3015 2592 3130 2660 ipse
3176 2588 3523 2658 repudiatus,
3552 2584 3648 2640 sed
3703 2583 3838 2653 quod

2256 2687 2436 2741 fratris
2490 2685 2689 2739 donum
2753 2691 3030 2751 acceptum
3083 2678 3262 2734 fuerit.
3314 2676 3383 2730 Et
3429 2676 3634 2729 tristitia
3679 2673 3841 2740 a/fecit

2252 2782 2379 2834 tuin
2407 2778 2571 2841 valde,
2600 2789 2647 2830 et
2672 2776 2890 2829 concidit
2918 2774 3083 2829 vultus
3123 2773 3281 2827 illius.
3315 2769 3449 2837 Quid
3493 2769 3673 2823 affecit
3699 2768 3838 2822 illum

2256 2871 2501 2927 tristitia?
2547 2870 2778 2939 Utraque
2820 2867 2935 2922 inec
2959 2865 3113 2920 valde
3165 2865 3378 2919 tristitia
3421 2862 3746 2925 affecerunt,
3791 2867 3842 2914 et

2252 2961 2394 3033 quod
2436 2961 2692 3015 Dominus
2734 2974 2838 3013 non
2885 2956 3173 3012 attenderit
3217 2953 3533 3010 sacriﬁcium
3579 2952 3766 3023 ipsius,
3791 2959 3842 3005 et

2252 3052 2393 3123 quod
2437 3051 2635 3105 donum
2681 3048 2859 3104 fratris
2898 3056 3177 3117 acceptum
3219 3046 3267 3100 ei
3309 3044 3487 3098 fuerit.
3518 3042 3652 3096 Cum
3693 3042 3843 3111 igitur

2252 3160 2388 3215 Opus
2415 3152 2559 3199 esset
2586 3151 2645 3197 ut
2671 3142 2737 3207 is,
2768 3141 2855 3211 qui
2903 3139 3158 3195 delictum
3186 3137 3493 3201 admiserat,
3525 3135 3655 3190 illud
3683 3135 3841 3190 corri-

2254 3247 2441 3308 geret:
2477 3234 2732 3291 Dominus
2776 3232 2919 3287 enim
2948 3229 3185 3285 clemens
3213 3243 3335 3283 cum
3360 3228 3449 3291 sit,
3482 3242 3589 3280 non
3617 3233 3725 3279 tam
3752 3239 3841 3278 nos

2254 3338 2530 3385 aversatur
2559 3327 2602 3380 si
2633 3324 3026 3393 delinquamus,
3061 3334 3219 3390 quam
3255 3319 3299 3373 si
3330 3318 3384 3372 in
3411 3317 3605 3372 delicto
3636 3329 3841 3386 perma-

2255 3436 2477 3477 neamus
2510 3436 2524 3471 :
2557 3418 2647 3472 ille
2674 3424 2857 3471 contra
2884 3412 3083 3467 nullam
3106 3411 3220 3481 ejus
3238 3411 3493 3464 rationem
3522 3407 3734 3461 habuit.

2327 3515 2382 3569 6.
2411 3510 2622 3566 Bonitas
2649 3507 2744 3561 Dei
2805 3523 2926 3575 erga
2968 3505 3201 3559 Cainum.
3250 3500 3318 3555 In
3361 3498 3697 3554 oblationibus
3730 3497 3843 3566 quid

2254 3605 2637 3662 observandum.
2665 3630 2737 3641 —
2778 3601 2843 3655 Et
2869 3608 2926 3653 ut
2953 3598 3053 3651 hoc
3092 3596 3365 3651 evidenter
3401 3590 3559 3655 scias,
3589 3599 3648 3646 et
3698 3589 3843 3645 beni-

2254 3698 2476 3769 gnitatis
2534 3695 2701 3763 ipsius
2759 3689 3173 3761 magnitudinem
3234 3685 3555 3741 ineffabilem
3620 3682 3843 3745 videas,

2261 3789 2378 3843 vide
2443 3803 2511 3842 ex
2568 3786 2652 3840 his
2707 3799 2825 3853 qua:
2884 3795 3026 3836 nunc
3076 3780 3209 3832 ﬁunt
3256 3777 3508 3832 bonitatis
3558 3776 3702 3829 illius
3755 3789 3846 3827 es-

2252 3881 2591 3947 ceileutiam,
2636 3886 2691 3932 et
2729 3874 2995 3945 patientia:
3039 3870 3477 3938 magnitudinem.
3527 3867 3662 3922 Nam
3708 3876 3845 3937 post-

2256 3988 2414 4044 quam
2466 3970 2599 4025 vidit
2638 3969 2786 4023 ilium
2840 3980 2999 4034 supra
3052 3964 3267 4018 modum
3324 3970 3599 4023 intestum,
3648 3967 3731 4021 et,
3794 3963 3846 4009 ut

2259 4068 2329 4121 ita
2356 4066 2550 4129 dicam,
2578 4078 2606 4115 a
2634 4059 2862 4116 tristitia:
2886 4057 3133 4112 fluetibus
3161 4055 3495 4109 submersum
3528 4051 3614 4115 iri,
3636 4067 3739 4105 non
3758 4050 3847 4102 de-

2258 4159 2453 4227 spexit,
2473 4155 2569 4211 sed
2594 4169 2751 4225 quam
2780 4168 2903 4222 erga
2929 4160 3131 4220 patrem
3156 4148 3321 4218 ipsius
3344 4144 3727 4210 benignitatem
3752 4141 3845 4194 de—

2258 4250 2338 4304 cia
2348 4259 2556 4304 raverat
2574 4288 2588 4310 ,
2606 4246 2742 4300 dans
2764 4242 2840 4297 illi
2858 4240 3220 4298 satisfaciendi
3241 4238 3550 4292 occasiones
3578 4243 3701 4304 post
3726 4247 3844 4303 gra-

2260 4358 2381 4396 vem
2419 4340 2565 4395 illum
2606 4341 2846 4408 lapsum,
2889 4350 2952 4390 ac
2994 4333 3201 4388 ﬁducia:
3240 4332 3456 4400 januam
3486 4329 3765 4399 aperiens,
3792 4332 3845 4378 et

2258 4438 2480 4492 dicens:
2511 4434 2607 4489 Ubi
2633 4434 2721 4487 es?
2740 4430 2982 4487 eamdem
3012 4441 3065 4483 et
3092 4442 3237 4483 nunc
3256 4441 3381 4496 erga
3409 4424 3674 4494 ingratum
3703 4421 3843 4473 illum

2261 4529 2532 4591 declarat,
2580 4539 2795 4580 manum
2843 4522 2916 4576 illi
2956 4519 3107 4591 quasi
3144 4520 3197 4573 in
3235 4530 3475 4589 princeps
3502 4512 3648 4569 eunti
3679 4510 3845 4581 [torri-

2267 4635 2439 4689 gcns;
2486 4628 2542 4673 et
2578 4616 2912 4670 occasionem
2955 4611 3195 4681 prteberc
3236 4608 3458 4672 volens,
3500 4616 3559 4659 ut
3597 4603 3844 4659 delictum

2265 4712 2533 4781 corrigat,
2581 4709 2655 4763 illi
2703 4707 2831 4761 dicit
2879 4722 2891 4756 :
2943 4704 2996 4758 6.
3044 4703 3214 4767 Quare
3252 4710 3454 4753 mazstus
3494 4705 3659 4768 {actus
3688 4693 3848 4748 es?et

2263 4820 2419 4872 quare
2450 4802 2664 4855 concidit
2700 4800 2863 4853 vultus
2904 4795 3063 4850 tuus?
3102 4795 3154 4847 7.
3198 4791 3411 4856 Nonne,
3438 4791 3481 4842 si
3504 4797 3633 4841 recte
3658 4784 3847 4839 obtule-

2264 4896 2357 4959 ris,
2382 4903 2516 4948 recte
2546 4903 2714 4947 autem
2744 4908 2842 4944 non
2872 4889 3121 4950 diviseris,
3155 4883 3414 4955 peccasti?
3438 4883 3665 4950 Quiesce.
3700 4880 3779 4933 Ad
3806 4889 3848 4931 te

2264 4986 2516 5043 conversio
2538 4984 2676 5037 illius
2696 5024 2710 5047 ,
2738 4991 2783 5035 et
2806 4990 2859 5034 tu
2884 4980 3022 5033 illius
3047 4976 3404 5031 dominaberis.
3438 4970 3844 5029 Animadverte,

2266 5078 2481 5135 dilecte,
2509 5071 2827 5127 ineffabilem
2884 5068 3230 5139 providentia:
3271 5063 3673 5135 indulgentiam.
3721 5058 3847 5128 Quia

2268 5169 2410 5222 enim
2439 5163 2571 5218 vidit
2606 5162 2753 5216 illum
2782 5161 2850 5215 ab
2876 5159 3180 5213 invidentia:
3209 5157 3430 5221 morbo,
3463 5162 3520 5208 ut
3545 5154 3612 5206 ita
3642 5151 3845 5204 dicam.

2262 5246 2553 5316 oppugnari
2576 5286 2591 5309 ,
2620 5244 2741 5297 vide
2769 5242 3040 5311 quomodo
3066 5256 3162 5311 pro
3181 5258 3274 5294 sua
3294 5240 3529 5295 bonitate
3557 5255 3847 5311 congruen-

2262 5350 2331 5393 tia
2361 5353 2460 5407 ipsi
2486 5336 2718 5391 remedia
2743 5334 2961 5405 apponit
2986 5376 3001 5399 ,
3035 5344 3094 5387 ut
3119 5334 3299 5387 statim
3329 5334 3603 5399 educatur,
3627 5344 3682 5387 et
3700 5333 3846 5402 aquis

2261 5448 2366 5486 non
2399 5431 2673 5485 obruatur.
2706 5430 2877 5496 Quare
2897 5438 3100 5482 mazstus
3127 5428 3291 5497 factus
3315 5443 3368 5481 es
3384 5428 3410 5480 .9
3437 5438 3482 5481 et
3501 5443 3656 5496 quare
3680 5425 3845 5482 conci-

2261 5525 2335 5577 dit
2359 5524 2519 5577 vultus
2565 5524 2722 5576 tuus?
2745 5522 2920 5589 Quare
2949 5530 3089 5576 tanta
3114 5521 3371 5576 detineris
3394 5521 3624 5584 tristitia,
3644 5529 3700 5572 ut
3721 5518 3841 5571 etin

2262 5619 2392 5673 iacie
2419 5618 2667 5671 narraris
2685 5614 3098 5681 magnitudinem
3117 5612 3408 5669 ostendas?
3438 5614 3604 5683 Quare
3627 5609 3842 5665 concidit

2345 5772 2359 5797 ι
2395 5761 2614 5814 (Σείδιίυη
2644 5757 2898 5810 veritatem,

2345 5809 2417 5890 (a)
2434 5809 2567 5873 vtide
2592 5809 2727 5869 lutei.
2753 5809 2895 5881 hujus
2911 5813 3047 5874 torni,
3066 5809 3093 5874 ᾗ
3116 5809 3195 5863 ιν.
