4038 6394
289 349 390 404 I57

285 463 449 514 vultus
484 470 605 515 tuus
625 461 654 515 7
683 475 780 516 cur
806 475 876 516 ex
908 460 1007 517 hac
1034 475 1093 516 re
1121 463 1494 517 conturbaris?
1519 479 1684 533 quare
1709 479 1816 518 non
1839 480 1872 520 a

287 566 336 605 te
358 551 476 621 ipso
505 551 650 621 quod
674 551 956 621 oportebat
984 551 1137 618 fieri,
1177 553 1568 608 considerasti?
1594 553 1732 612 Num
1770 555 1872 609 bo-

285 642 413 695 mini
457 641 784 697 sacriiicium
827 643 1083 706 obtulisti,
1110 644 1201 713 qui
1235 643 1347 698 falli
1391 645 1601 714 possit?
1635 646 1866 716 ignoras,

281 735 409 789 mihi
448 749 558 790 non
601 749 724 790 esse
760 751 897 806 Opus
923 744 983 791 ut
1009 737 1207 807 aliquid
1233 737 1520 806 offeratur,
1553 741 1647 796 sed
1677 756 1762 796 me
1786 755 1875 795 sa-

279 842 398 880 nam
441 827 784 881 offerentium
814 838 1048 882 mentem
1077 828 1255 883 velle?
1286 829 1453 894 Quare
1477 841 1679 886 maestus
1708 834 1872 902 factus

277 934 327 971 es
348 919 374 970 .9
400 926 450 972 et
475 934 634 988 quare
658 918 879 972 concidit
907 918 1073 972 vultus
1101 921 1258 974 tuus?
1284 919 1471 975 Nonne
1496 924 1542 976 si
1564 933 1696 978 recte
1723 925 1873 979 obtu-

280 1005 422 1072 leris,
464 1023 570 1060 non
603 1017 772 1061 autem
800 1016 931 1061 recte
955 1009 1185 1074 dividas,
1213 1012 1466 1080 peccasti?
1489 1013 1640 1079 Quod
1667 1013 1722 1068 in
1753 1016 1872 1069 ani-

281 1114 424 1152 mm
459 1099 718 1153 induxisti
738 1140 756 1166 ,
783 1114 903 1154 esse
931 1099 1259 1155 offerendum
1279 1142 1295 1164 ,
1327 1101 1481 1158 laude
1505 1103 1719 1172 dignum
1748 1119 1831 1162 est
1854 1125 1869 1174 ;

277 1191 416 1262 quod
446 1207 582 1248 vero
603 1207 709 1248 non
749 1201 898 1248 recte
923 1192 1165 1261 dividas,
1195 1193 1246 1248 id
1274 1204 1335 1250 ut
1356 1194 1591 1251 oblatum
1622 1199 1870 1266 repudia-

277 1293 426 1338 retur
448 1283 648 1338 effecit.
691 1283 984 1355 Oportebat
1003 1287 1144 1340 enim
1177 1287 1487 1343 offerentem
1513 1289 1654 1357 Deo,
1685 1292 1735 1345 in
1763 1291 1872 1348 dis-

276 1375 544 1430 cernendo
574 1391 820 1446 magnam
861 1377 1116 1433 adbibere
1152 1377 1476 1448 diligentiam
1505 1389 1596 1435 :et
1618 1395 1870 1451 quantum

282 1466 537 1520 differunt
566 1468 654 1537 qui
684 1466 841 1522 offert
878 1477 931 1522 et
964 1469 1052 1538 qui
1079 1470 1309 1538 accipit,
1343 1479 1484 1525 tanta
1509 1481 1563 1526 et
1593 1473 1644 1527 iu
1671 1474 1871 1528 dist-re-

278 1559 416 1611 tione
439 1556 681 1611 facienda
719 1557 1020 1612 diversitas.
1049 1559 1118 1612 At
1145 1560 1332 1613 horum
1362 1560 1492 1615 nihil
1519 1571 1576 1616 tu
1597 1557 1867 1632 cogitasti,

275 1648 365 1702 sed
415 1656 476 1702 ut
531 1648 750 1702 fortuito
777 1648 1030 1718 contigit,
1053 1649 1310 1704 obtulisti.
1342 1653 1516 1721 Atque
1541 1653 1738 1710 idcirco
1763 1671 1867 1711 non

277 1749 569 1808 potuerunt
607 1754 729 1794 esse
754 1751 990 1810 accepta.
1021 1740 1154 1795 Nam
1184 1743 1321 1796 sicut
1345 1744 1555 1800 animus
1585 1755 1738 1814 tuus,
1763 1763 1871 1819 quo

275 1831 607 1885 oblationem
653 1829 846 1894 fecisti,
878 1831 1008 1886 nihil
1034 1832 1336 1888 intermedii
1377 1849 1499 1890 esse
1524 1838 1866 1906 existimans,

271 1922 450 1978 effecit
497 1931 558 1976 ut
600 1922 948 1991 rejicerentur
988 1938 1051 1978 ea
1087 1940 1206 1993 qua:
1249 1939 1279 1977 a
1320 1934 1373 1979 te
1398 1937 1520 1980 sunt
1544 1928 1718 1983 oblata
1749 1949 1762 1984 ε
1791 1931 1868 1986 sic

276 2014 458 2068 fratris
489 2014 565 2068 tui
595 2014 838 2079 animus,
871 2014 959 2084 qui
987 2024 1162 2069 rectus
1189 2014 1317 2079 fuit,
1347 2027 1400 2070 et
1430 2019 1652 2072 multum
1683 2021 1734 2074 in
1762 2021 1869 2075 dis-

270 2105 545 2159 cernendo
588 2105 822 2158 studium
863 2105 1075 2170 habuit,
1114 2118 1329 2176 accepta
1376 2108 1516 2162 illius
1554 2109 1690 2164 dona
1724 2111 1866 2169 fecit.

273 2198 655 2253 Verumtamen
704 2213 876 2268 neque
919 2199 998 2252 sic
1043 2214 1253 2267 pcenam
1295 2200 1470 2255 delicti
1522 2214 1738 2273 repeto,
1769 2206 1861 2260 sed

271 2293 502 2346 ostendo
561 2292 839 2346 dumtaxat
887 2291 1183 2357 delictum,
1229 2303 1282 2347 et
1333 2296 1608 2349 consilium
1656 2297 1862 2367 affero,

269 2383 412 2452 quod
455 2385 500 2438 si
544 2382 789 2452 accipere
828 2384 1089 2448 volueris,
1125 2391 1180 2438 et
1210 2396 1483 2453 peceatum
1514 2388 1823 2442 emendabis
1847 2431 1860 2452 ,

269 2486 326 2529 et
362 2478 594 2545 teipsum
631 2476 965 2546 gravioribus
992 2477 1148 2531 malis
1177 2494 1282 2532 non
1315 2478 1571 2533 involves.
1601 2481 1733 2549 Quid
1765 2485 1862 2553 igi-

272 2569 393 2621 tur?
421 2568 685 2634 Peccasti,
711 2576 766 2623 et
784 2570 1016 2638 graviter
1035 2571 1285 2639 peccasti,
1313 2572 1404 2625 sed
1429 2588 1532 2624 non
1558 2577 1712 2640 punio
1740 2591 1861 2644 pro-

269 2669 387 2726 pter
414 2659 668 2714 delictum
699 2679 712 2713 :
743 2659 1000 2728 benignus
1029 2661 1170 2716 enim
1202 2676 1318 2715 sum
1341 2703 1356 2727 ,
1389 2675 1443 2718 et
1476 2662 1612 2718 Nolo
1657 2678 1863 2721 mortem

269 2753 549 2817 peccatoris
568 2793 582 2816 ,
620 2751 710 2805 sed
734 2763 787 2805 ut
813 2763 1128 2806 convertatur
1155 2763 1200 2806 et
1228 2755 1357 2807 vivat
1385 2753 1594 2824 (Ezeclt.
1628 2757 1714 2811 IS.
1741 2758 1856 2828 9.5).

265 2843 431 2913 Igitur
449 2843 572 2912 quia
601 2844 850 2912 peccasti,
881 2844 1111 2910 Quiesce,
1142 2845 1576 2915 tranquillitatem
1607 2863 1734 2917 p-ira
1765 2865 1860 2903 co-

262 2935 612 3004 gitationibus
643 2935 780 2999 tuis,
823 2947 879 2991 et
915 2935 1080 2990 libera
1121 2946 1357 2991 mentem
1395 2952 1427 2991 a
1471 2939 1720 3007 procellis
1757 2939 1858 2995 llu-

263 3037 448 3081 ctuum
495 3026 900 3092 inundantium,
945 3026 1138 3082 cohibe
1185 3028 1639 3096 perturbationem
1680 3031 1854 3098 illam,

262 3135 336 3173 ne
382 3119 549 3173 addas
594 3120 758 3188 priori
789 3129 1008 3190 peccato
1033 3121 1245 3190 gravius
1274 3120 1446 3184 aliud.
1485 3138 1657 3192 neque
1684 3125 1859 3176 consi-

262 3212 393 3264 lium
421 3211 636 3282 aliquod
664 3211 1054 3267 immedicabile
1080 3212 1323 3281 arripias.
1348 3212 1424 3268 Ne
1454 3215 1678 3282 teipsum
1706 3217 1857 3269 mali-

259 3318 370 3373 gno
395 3303 627 3358 daamoni
653 3305 918 3372 captivum
948 3304 1146 3359 tradas.
1178 3303 1426 3370 Peccasti,
1456 3307 1671 3377 quiesce.
1705 3308 1854 3362 Scie-

262 3396 356 3449 bat
392 3396 461 3449 ab
503 3395 656 3450 initio
693 3394 833 3465 quod
879 3394 1098 3449 fratrem
1143 3395 1230 3450 hic
1266 3395 1570 3452 adoriturus
1597 3408 1774 3463 esset,
1803 3409 1856 3455 et

261 3487 384 3542 ideo
409 3498 565 3542 antea
595 3487 774 3542 verbis
805 3489 1062 3556 reprimit.
1091 3486 1224 3542 Nam
1247 3487 1368 3557 quia
1397 3496 1665 3559 tamquam
1692 3489 1852 3558 Deus,

257 3578 346 3633 cui
385 3578 548 3634 etiam
589 3591 784 3633 arcana
822 3588 951 3632 sunt
993 3578 1235 3647 cognita,
1273 3577 1478 3633 sciebat
1509 3579 1686 3634 cordis
1713 3581 1854 3637 illius

256 3678 473 3736 motus,
518 3669 742 3724 multum
785 3668 1152 3736 admonendo,
1191 3676 1246 3723 et
1274 3669 1432 3726 verba
1459 3669 1598 3726 illius
1626 3672 1855 3728 infirmi-

256 3761 355 3814 tati
394 3761 737 3816 accommoda
759 3759 1079 3831 proferendo
1103 3770 1483 3832 congruentem
1510 3762 1610 3833 ipsi
1632 3765 1853 3820 medici-

259 3868 384 3906 nam
425 3853 678 3921 protulit,
711 3867 830 3922 qua:
874 3851 925 3906 in
966 3866 1026 3906 se
1054 3859 1209 3906 erant
1235 3852 1414 3906 omnia
1441 3852 1639 3908 faciens
1662 3896 1678 3922 ,
1712 3864 1849 3910 tam-

255 3945 360 4000 etsi
406 3944 497 3998 ille
538 3944 752 4014 repulso
792 3942 1213 4011 medicamento,
1250 3943 1304 3997 in
1330 3942 1606 4000 fratricidii
1635 3948 1853 4016 profun-

256 4035 385 4090 dum
429 4050 488 4091 se
519 4034 880 4105 praecipitarit.
907 4033 1137 4089 Peccasti
1159 4073 1175 4098 ,
1200 4035 1414 4104 quiesce.
1441 4033 1519 4090 Ne
1550 4045 1700 4104 putes
1724 4077 1739 4102 ,
1771 4038 1850 4091 in-

255 4129 408 4197 quit,
439 4128 562 4182 licet
594 4137 741 4181 tuum
769 4136 1047 4181 aversatus
1069 4126 1171 4180 sim
1191 4126 1510 4180 sacrificium
1531 4126 1601 4181 ob
1628 4141 1844 4198 pravam

256 4229 526 4284 mentem,
571 4219 855 4289 fratrisque
893 4219 1214 4274 oblationem
1259 4227 1529 4289 acceptam
1571 4218 1844 4274 habuerim

255 4313 328 4368 ob
354 4327 541 4367 sanam
568 4312 940 4378 intentionem,
966 4326 1052 4365 me
1072 4309 1192 4366 ideo
1215 4311 1440 4380 primatu
1463 4319 1513 4364 te
1532 4309 1841 4378 destituere,

253 4415 311 4458 et
351 4404 790 4475 primogenitum
830 4401 1142 4473 dignitatem
1181 4416 1211 4454 a
1243 4411 1295 4457 te
1334 4400 1564 4456 auferre.
1593 4401 1842 4467 Quiesce,-

253 4511 380 4549 nam
428 4495 551 4550 licet
577 4494 781 4550 honore
805 4509 904 4565 ego
932 4494 1080 4548 illum
1111 4503 1464 4564 prosequutus
1489 4494 1714 4561 fuerim,
1747 4511 1842 4549 ae-

251 4597 516 4656 ceptaque
541 4586 735 4642 fuerint
762 4585 903 4640 illius
926 4585 1065 4640 dona
1098 4603 1111 4641 :
1142 4595 1508 4640 verumtamen
1536 4588 1615 4638 Ad
1645 4597 1692 4639 te
1720 4605 1841 4640 con-

248 4681 414 4733 versio
434 4680 594 4746 illius,
634 4690 680 4732 et
710 4689 763 4732 tu
791 4679 952 4748 ipsius
981 4679 1340 4732 dominaberis.
1366 4678 1544 4746 Itaque
1571 4690 1690 4750 post
1718 4696 1840 4750 pec-

252 4781 434 4826 catum
481 4772 584 4825 hoc
626 4771 875 4840 permitto
903 4812 918 4837 ,
965 4779 1024 4824 ut
1071 4770 1504 4840 primogenitum
1551 4771 1838 4840 priiilegiis

244 4864 486 4933 gaudeas
505 4905 523 4929 ,
555 4863 808 4934 illumque
833 4864 933 4917 sub
963 4872 1048 4918 tua
1083 4871 1343 4932 potestate
1372 4873 1426 4918 et
1453 4862 1690 4917 dominio
1717 4879 1838 4920 esse

242 4957 428 5026 jnbeo.
459 4956 594 5010 Vide
634 4956 1013 5026 benignitatem
1043 4956 1285 5023 Domini,
1312 4957 1578 5026 quomodo
1603 4956 1836 5012 furorem

246 5061 304 5105 et
344 5050 605 5104 insaniam
650 5050 786 5104 illius
823 5050 1163 5115 demulcere,
1191 5059 1246 5104 et
1273 5050 1448 5103 verbis
1476 5049 1560 5104 his
1581 5052 1834 5120 impetum

243 5139 461 5194 auferre
503 5141 708 5194 nititur.
739 5140 946 5210 Quippe.
975 5149 1151 5194 motus
1176 5141 1369 5194 mentis
1393 5139 1531 5192 illius
1556 5141 1760 5206 videns,
1783 5152 1835 5195 et

243 5231 518 5285 crudelem
555 5245 620 5285 ac
656 5231 1046 5299 sanguinariam
1091 5230 1578 5299 illiusvoluutatem
1621 5233 1833 5304 sciens,

245 5337 387 5375 nunc
436 5321 792 5391 praemitigare
829 5321 944 5390 ejus
985 5321 1244 5376 rationem
1271 5321 1380 5374 vult
1410 5331 1463 5374 et
1487 5322 1830 5377 serenitatem

243 5417 413 5468 urenti
438 5413 694 5467 inducere
717 5455 732 5478 ,
761 5412 1090 5481 subjicienda
1115 5413 1215 5482 ipsi
1244 5415 1458 5467 fratrem
1483 5453 1499 5477 ,
1525 5426 1579 5467 et
1609 5423 1828 5482 potesta-

243 5516 351 5558 tem
401 5504 568 5574 ipsius
595 5504 725 5558 nihil
750 5503 1053 5558 minuendo.
1085 5503 1456 5558 Verumtamen
1490 5513 1608 5572 past
1631 5513 1829 5558 tantum

241 5612 426 5651 curam
468 5606 523 5651 et
549 5605 688 5650 tanta
717 5597 950 5651 remedia
976 5597 1109 5651 nihil
1134 5597 1402 5650 commodi
1429 5595 1556 5650 Cain
1588 5597 1708 5651 inde
1738 5612 1825 5650 re-

244 5689 383 5742 tulit.
427 5688 659 5742 'l‘antum
704 5688 842 5744 valet
883 5687 1077 5744 mentis
1101 5687 1381 5743 diversitas
1407 5697 1458 5744 et
1485 5689 1700 5743 malitia:
1733 5703 1827 5743 ex-

241 5795 448 5838 cessus.

1319 349 1384 406 IN
1418 349 1570 407 CAP.
1611 350 1704 407 IV.
1743 347 1981 409 GENES.
2023 351 2248 409 HOMIL.
2289 356 2431 411 XIX.

3462 367 3557 422 I58

2055 468 2106 521 7.
2155 468 2368 526 Moralis
2407 472 2654 542 epilogus.
2681 505 2750 512 —
2790 474 2895 530 Sed
2940 491 3008 530 ne
3046 476 3249 547 longius
3298 488 3560 546 protracta

1976 561 2150 613 oratio
2191 571 2370 616 nostra
2415 563 2623 619 caritati
2657 576 2851 620 vestrae
2879 567 3174 622 molestiam
3204 567 3460 628 exhibere
3479 575 3560 627 vi-

1976 647 2164 705 deatur
2185 691 2200 716 ,
2247 668 2381 708 neve
2430 655 2643 709 taedium
2671 656 2820 711 vobis
2841 656 3032 714 afferre
3058 659 3143 713 hic
3171 676 3349 716 sermo
3377 672 3560 718 noster

1975 752 2289 809 censeatur,
2339 755 2394 799 et
2428 761 2587 801 aures
2631 759 2837 804 vestras
2865 751 3142 815 obtundat,
3179 754 3264 807 hic
3291 753 3450 809 finem
3481 757 3560 809 di-

1976 835 2131 889 cendi
2158 835 2412 892 facientes
2438 878 2452 902 ,
2483 849 2717 894 vestrum
2760 841 3009 897 audiendi
3046 844 3276 898 studium
3307 845 3557 901 cohorte-

1977 943 2135 994 mur,
2185 939 2240 984 ut
2281 932 2510 987 caveatis
2553 950 2621 988 ne
2667 934 2824 988 istum
2872 937 3181 998 imitemini,
3214 947 3348 994 etut
3376 940 3558 994 relicta

1976 1020 2121 1073 omni
2167 1023 2362 1076 malitia
2384 1064 2400 1090 ,
2447 1025 2694 1080 mandata
2728 1027 2936 1082 Domini
2964 1039 3162 1084 attente
3189 1045 3250 1085 ac
3273 1030 3559 1100 diligenter

1976 1111 2298 1179 perficiatis,
2331 1118 2625 1184 praesertim
2669 1128 2788 1187 post
2831 1128 2972 1173 tanta
3022 1122 3250 1192 taliaque
3289 1124 3556 1192 exempla.

1974 1200 2154 1272 Neque
2197 1204 2338 1258 enim
2381 1205 2448 1260 ad
2491 1206 2839 1277 ignorantiam
2871 1210 3122 1280 deinceps
3153 1212 3431 1282 quisquam
3461 1229 3558 1268 no-

1975 1304 2143 1348 suum
2183 1297 2471 1368 confugere
2508 1302 2719 1368 poterit.
2762 1300 2893 1355 Nam
2934 1303 2978 1356 si
3008 1303 3125 1370 hic,
3149 1303 3278 1358 Cain
3304 1305 3553 1375 inquam,

1975 1389 2176 1443 nullum
2193 1402 2316 1445 ante
2335 1385 2395 1447 se
2412 1392 2630 1456 invenit,
2650 1395 2736 1461 qui
2763 1395 2864 1449 tale
2880 1395 3128 1465 quiddam
3151 1399 3339 1466 egerit,
3364 1399 3558 1452 nihilo-

1975 1479 2151 1536 minus
2202 1491 2375 1538 tamen
2418 1484 2893 1544 intolerabilemtet
2928 1503 3141 1556 gravem
3197 1490 3337 1543 illam
3394 1492 3557 1544 susti-

1975 1572 2090 1626 nuit
2117 1589 2352 1644 pmnam,
2380 1591 2538 1645 quam
2567 1586 2619 1631 et
2641 1593 2733 1631 vos
2758 1587 2940 1647 pestea
2967 1581 3146 1634 scietis
3169 1623 3184 1646 ,
3213 1580 3338 1650 quid
3367 1584 3556 1636 verisi-

1977 1668 2099 1720 mile
2121 1676 2204 1721 est
2232 1681 2330 1721 nos
2353 1682 2604 1737 passuros
2621 1711 2636 1734 ,
2664 1669 2752 1738 qui
2774 1669 2958 1724 eadem
2979 1713 2994 1737 ,
3019 1674 3100 1726 vel
3130 1674 3290 1726 etiam
3317 1673 3555 1742 graviora

1975 1775 2277 1830 peccamus,
2297 1759 2454 1831 idque
2474 1771 2594 1831 post
2610 1772 2805 1817 tantam
2829 1765 3010 1834 gratiae
3032 1766 3360 1835 largitatem?
3383 1783 3558 1821 nonne

1973 1853 2149 1923 ignem
2177 1863 2459 1922 internum,
2482 1869 2715 1909 vermem
2737 1856 2827 1926 qui
2855 1872 2960 1911 non
2993 1857 3247 1922 interibit,
3271 1859 3554 1912 stridorem

1971 1948 2232 2014 dentium,
2257 1947 2502 2002 tenebras
2522 1952 2833 2013 exteriores,
2858 1951 3156 2020 gehennam
3174 1952 3327 2022 ignis,
3350 1963 3400 2006 et
3422 1953 3556 2005 alias

1973 2039 2304 2094 inevitabiles
2344 2054 2529 2108 ptenas
2565 2055 2684 2110 quin
2723 2056 2820 2094 nos
2861 2052 3162 2111 exceptura:
3199 2045 3361 2098 sunt?
3400 2044 3554 2098 Nulla

1972 2133 2113 2186 enim
2161 2131 2400 2186 defensio
2439 2132 2592 2188 nobis
2620 2133 2802 2188 relicta
2833 2145 2948 2198 est,
2979 2135 3024 2188 si
3055 2135 3122 2188 ita
3149 2136 3479 2206 negligentes
3505 2147 3557 2191 et

1971 2225 2143 2294 ignavi
2187 2226 2458 2279 fuerimus.
2505 2225 2692 2281 Nonne
2737 2228 2937 2280 scimus
2980 2241 3167 2282 omnes
3197 2243 3316 2297 qua.-
3341 2228 3447 2281 sint
3478 2229 3556 2280 fa-

1969 2317 2158 2371 cienda
2178 2358 2192 2383 ,
2227 2333 2345 2387 llllfB
2372 2333 2477 2372 non
2507 2318 2744 2373 facienda
2765 2319 2787 2372 ἲ
2808 2329 2859 2372 et
2883 2334 2976 2373 eos
2998 2321 3086 2389 qui
3120 2321 3294 2390 priora
3320 2322 3515 2374 faciunt
3539 2365 3554 2387 ,

1970 2409 2290 2478 principales
2337 2424 2564 2464 coronas
2611 2422 2988 2480 assequutnrus
3031 2428 3184 2478 esse,
3231 2427 3326 2466 eos
3377 2423 3553 2466 altlt'ltt

1969 2501 2057 2570 qui
2096 2502 2147 2554 in
2179 2511 2422 2556 extrema
2450 2502 2708 2564 incidunt,
2737 2507 2994 2556 eXtremis
3021 2483 3292 2572 suppliciis
3314 2520 3434 2559 esse
3462 2522 3555 2574 pu-

1969 2595 2226 2648 niendos?
2254 2596 2376 2649 Ideo
2407 2611 2594 2664 precor
2610 2605 2769 2665 atque
2789 2598 3031 2659 obsecro,
3057 2615 3124 2652 ne
3139 2611 3433 2654 conventus
3458 2605 3555 2656 iste

1969 2698 2151 2739 ltOSlet'
2193 2686 2391 2740 inutilis
2428 2688 2534 2750 sit,
2563 2687 2656 2740 sed
2699 2697 2755 2740 ut
2783 2703 2902 2757 quae
2927 2689 3141 2742 auribus
3170 2689 3355 2745 hauSta
3387 2702 3513 2746 sunt
3534 2735 3548 2756 ,

1965 2777 2151 2830 eadem
2197 2789 2252 2830 et
2287 2777 2437 2830 factis
2460 2788 2874 2846 expromantur,
2908 2789 2962 2831 ut
2991 2780 3144 2833 nobis
3169 2779 3306 2834 bene
3329 2785 3550 2844 conscii,

1966 2879 2126 2938 atque
2160 2869 2372 2922 interim
2415 2869 2550 2924 bona
2589 2885 2685 2940 spe
2723 2871 2879 2935 freti,
2912 2872 3126 2927 difficile
3153 2873 3252 2928 hoc
3277 2877 3553 2943 praesentis

1967 2961 2091 3014 vita:
2121 2961 2337 3031 pelagus
2369 2959 2525 3016 facile
2557 2962 2901 3030 trajicicntes,
2931 2965 2982 3017 in
3015 2975 3224 3033 portum
3253 2967 3553 3038 benignita-

1965 3052 2034 3106 tis
2063 3052 2153 3105 Dei
2185 3054 2485 3121 pervenire,
2517 3063 2572 3107 et
2597 3053 2880 3108 ineffabilia
2905 3055 3038 3109 bona
3071 3057 3156 3110 illa
3187 3060 3440 3128 consequi
3470 3075 3552 3112 va-

1964 3146 2187 3212 leamus,
2221 3161 2339 3216 quae
2366 3147 2608 3216 promisit
2639 3147 2894 3202 Dominus
2915 3149 3256 3219 diligentibus
3279 3167 3358 3216 se,
3385 3154 3550 3222 gratia

1963 3250 2018 3292 ct
2037 3237 2400 3292 misericordia
2430 3239 2682 3309 unigeniti
2714 3241 2828 3310 ejus
2852 3241 2989 3308 Filii,
3023 3258 3144 3297 eum
3167 3259 3272 3314 quo
3294 3257 3478 3299 sancto
3500 3259 3552 3300 et

1962 3329 2235 3384 adorando
2276 3333 2393 3405 ejus
2427 3329 2646 3404 Spiritui
2673 3332 2836 3400 gloria
2863 3373 2876 3396 ,
2905 3331 3114 3399 honor,
3145 3342 3199 3389 et
3227 3335 3506 3404 imperium
3534 3379 3547 3399 ,

1963 3437 2104 3477 nunc
2128 3431 2182 3477 et
2208 3438 2440 3494 semper,
2464 3435 2518 3479 et
2543 3423 2596 3479 in
2619 3425 2808 3479 saecula
2835 3428 3171 3480 ειυςιιιυιοιιιη.
3198 3432 3388 3482 Amen.

2533 3560 2806 3616 IIOMILIA
2837 3562 2978 3616 XIX.

1960 3670 2026 3726 Et
2059 3673 2186 3727 dixit
2230 3673 2355 3728 Cain
2390 3673 2457 3726 ad
2499 3673 2622 3726 Abel
2662 3676 2869 3744 fratrem
2905 3691 3050 3728 suum
3087 3692 3106 3729 :
3137 3675 3469 3747 Egrediantm-
3495 3681 3542 3731 in

2461 3781 2692 3832 campum
2714 3764 2864 3837 (Gen.
2888 3769 2940 3819 4.
2967 3765 3044 3838 8).

2031 3880 2086 3934 I.
2124 3878 2311 3932 Misera
2361 3880 2547 3950 peccati
2591 3880 2820 3934 servitus.
2870 3879 3040 3935 Homo
3081 3881 3305 3937 libertate
3348 3885 3545 3938 arbitrii

1955 3972 2190 4025 donatus.
2236 3969 2373 4025 Deus
2424 3972 2763 4026 necessitatem
2799 3989 2899 4026 non
2939 3975 3170 4044 imponit.
3223 4003 3293 4015 --
3339 3975 3541 4043 Quem-

1956 4063 2243 4118 admodum
2299 4064 2610 4118 incurabilia
2657 4065 2874 4119 vulnera
2931 4080 3104 4134 neque
3150 4067 3379 4122 austeris
3429 4083 3548 4122 nie-

1954 4155 2268 4210 dicamentis
2294 4157 2527 4222 cedunt,
2571 4171 2742 4226 neque
2769 4156 3090 4211 lenientibus
3125 4175 3136 4210 :
3171 4159 3238 4212 ita
3269 4167 3324 4213 et
3362 4161 3540 4212 anima

1953 4249 2121 4302 semel
2144 4249 2372 4317 captiva,
2398 4249 2442 4302 si
2467 4263 2525 4304 se
2565 4259 2785 4319 peccato
2823 4250 3050 4318 cuipiam
3084 4251 3369 4305 obnoxiam
3399 4252 3537 4307 fece-

1952 4342 2054 4405 rit,
2101 4350 2156 4394 et
2197 4341 2534 4395 considerare
2594 4340 2823 4394 noluerit
2864 4356 2982 4409 qua:
3025 4340 3125 4394 sibi
3169 4350 3296 4396 sunt
3339 4343 3487 4396 utilia
3519 4385 3533 4406 ,

1951 4437 2111 4490 etiam
2150 4434 2193 4486 si
2229 4434 2349 4504 quis
2387 4440 2662 4486 innumera
2701 4433 2924 4488 inculcet
2960 4433 3100 4485 illius
3134 4434 3370 4498 auribus,
3405 4436 3538 4490 nihil

1951 4527 2191 4597 proficiet
2208 4543 2220 4578 :
2239 4525 2332 4581 sed
2346 4526 2496 4595 qttasi
2509 4534 2731 4578 mortua:
2747 4534 2924 4578 essent
2941 4540 3120 4588 aures,
3143 4525 3339 4579 nullam
3361 4541 3428 4580 ex
3449 4527 3515 4578 ad
3528 4558 3540 4567 -

1950 4618 2242 4672 monitione
2263 4616 2483 4685 suscipit
2505 4615 2787 4670 utilitatem
2813 4632 2825 4667 :
2853 4630 2957 4668 non
2980 4618 3100 4684 quia
3119 4632 3221 4669 non
3237 4618 3533 4686 potest,sed

1947 4711 2068 4780 quia
2097 4725 2201 4764 non
2222 4711 2334 4763 vult
2360 4709 2399 4763 ί.
2425 4708 2538 4763 Non
2569 4708 2712 4763 enim
2733 4707 2864 4760 sicut
2882 4707 3003 4761 etin
3019 4707 3386 4776 corporalibus
3414 4708 3531 4760 vul-

1948 4802 2164 4856 neribus
2197 4800 2366 4855 videri
2407 4800 2577 4866 solet,
2626 4799 2692 4852 ita
2723 4808 2776 4852 et
2807 4799 2856 4851 in
2887 4799 3160 4852 voluntate
3187 4808 3289 4851 est.
3320 4796 3450 4850 Nam
3481 4799 3532 4850 in

1945 4893 2318 4964 corporalibus
2342 4900 2545 4945 natura:
2570 4891 2875 4944 affectiones
2901 4905 3041 4958 Stl'pc
3064 4889 3359 4944 immobiles
3381 4904 3526 4954 sunt,

1946 4987 1998 5040 in
2026 4985 2293 5040 voluntate
2322 4993 2501 5037 autem
2531 4995 2636 5036 non
2678 4982 2747 5035 ita
2776 4995 2834 5034 se
2862 4995 2951 5034 res
2979 4980 3139 5033 habet
3168 4997 3182 5033 :
3212 4995 3355 5048 saipe
3384 4981 3526 5035 enim

1944 5080 1989 5132 si
2019 5077 2244 5132 voluerit
2271 5075 2429 5132 etiam
2455 5074 2542 5143 qui
2571 5074 2740 5126 malus
2763 5080 2864 5134 est,
2890 5080 3143 5135 mutatur,
3166 5081 3216 5124 et
3240 5072 3297 5122 tit
3317 5071 3487 5124 bonus
3513 5092 3523 5123 :

1944 5183 1998 5227 et
2026 5173 2115 5242 qui
2144 5170 2335 5232 bonus,
2364 5184 2461 5238 per
2484 5167 2742 5236 ignaviam
2769 5163 2984 5224 excidit,
3011 5173 3064 5217 et
3093 5164 3149 5216 fit
3171 5164 3356 5215 malus.
3395 5164 3526 5228 Quia

1942 5280 2070 5334 ergo
2093 5261 2244 5318 liberi
2265 5259 2466 5314 arbitrii
2489 5273 2608 5311 esse
2627 5264 2859 5309 nostram
2879 5261 3120 5306 naturam
3142 5253 3264 5306 fecit
3283 5254 3521 5304 omnium

1942 5355 2197 5410 Dominus
2218 5354 2260 5419 ³,
2298 5352 2412 5420 ipse
2440 5348 2651 5420 quidem
2683 5363 2802 5415 qua:
2828 5361 2920 5400 sua
2952 5356 3076 5398 sunt
3102 5346 3277 5398 omnia
3309 5359 3403 5412 pro
3430 5358 3523 5397 sua

1943 5444 2302 5504 misericordia
2328 5456 2541 5511 semper
2568 5438 2782 5494 exhibet
2813 5455 2826 5493 :
2855 5447 2909 5492 et
2933 5438 3106 5491 sciens
3133 5435 3439 5490 abscondita
3468 5435 3520 5488 in

2002 5607 2017 5635 ι
2056 5611 2172 5664 Reg.
2209 5612 2351 5659 unus,
2398 5609 2490 5647 non
2528 5594 2657 5659 quod
2690 5592 2928 5645 evidentia
2965 5591 3107 5652 absit,
3137 5590 3224 5641 sed
3247 5591 3375 5652 quod
3395 5589 3517 5640 absit

1935 5665 2160 5728 potentia.

2001 5730 2020 5759 ι
2046 5731 2143 5778 Has
2165 5740 2324 5785 voces,
2345 5720 2557 5786 omnium
2584 5717 2816 5786 Dominus
2825 5718 2886 5786 to
2917 5717 3010 5762 τῶν
3044 5716 3362 5786 agerem),
3389 5725 3509 5776 qua

1940 5776 2189 5841 desutttvin
2211 5776 2381 5838 Morel.
2405 5793 2453 5832 et
2477 5784 2697 5842 Moutef.,
2729 5776 2999 5828 addidimus
3020 5786 3047 5824 e
3067 5776 3265 5826 Saviiio.
