4038 6394
512 347 612 402 159

510 461 772 531 profundo
803 457 993 511 mentis
1021 464 1074 508 et
1101 469 1313 516 arcana,
1348 453 1606 513 hortatur,
1635 448 1885 505 consulit.
1920 462 2082 500 cona-

470 582 476 594 ε
508 564 698 622 tusque
725 559 936 604 nostros
963 547 1129 600 malos
1161 545 1489 614 praeveniens
1517 542 1776 610 reprimit.
1808 538 1874 593 Et
1900 552 2089 592 neces-

509 646 717 698 sitatem
748 643 925 710 utique
952 653 1057 693 non
1086 639 1328 707 imponit,
1357 636 1449 690 sed
1476 633 1889 703 congruentibus
1913 645 2090 684 reme-

510 736 611 789 diis
660 734 952 803 appositis,
981 740 1149 784 totum
1199 730 1358 782 situm
1403 728 1453 781 in
1498 725 1805 795 tegrotantis
1833 722 2093 777 sententia

512 828 747 881 dimittit.
800 826 909 879 lloc
936 825 1094 894 igitur
1121 833 1173 877 et
1199 823 1250 876 in
1276 822 1403 876 Cain
1437 836 1576 875 nunc
1607 820 1798 873 factum
1829 827 1929 871 est.
1964 816 2095 870 Vide

512 921 654 975 enim
702 927 820 988 post
868 926 1066 970 tantam
1118 913 1502 983 providentiam
1549 920 1603 965 et
1646 911 1725 964 sui
1770 923 1991 971 curam,
2042 908 2092 959 in

512 1019 763 1080 quantam
786 1007 1029 1062 inciderit
1049 1004 1329 1060 insaniam.
1354 1001 1643 1072 Oportebat
1658 1001 1797 1054 enim
1820 999 2093 1054 conscium

516 1098 717 1155 peccati
751 1099 832 1152 sui
864 1099 915 1151 in
946 1094 1280 1151 emendando
1311 1092 1492 1163 postea
1518 1100 1830 1160 occupatum
1859 1104 2013 1152 esse;
2044 1097 2094 1141 at
2143 1102 2156 1161 κ

516 1193 602 1246 ille
645 1191 795 1260 quasi
853 1190 1069 1253 ebrius,
1122 1187 1330 1242 effectui
1381 1194 1435 1240 et
1480 1184 1687 1239 vulneri
1742 1183 1905 1253 priori
1958 1182 2096 1235 aliud

516 1285 666 1338 Ilit'US
705 1282 1032 1351 conjungens
1056 1322 1070 1347 ,
1099 1291 1152 1335 et
1182 1279 1497 1334 medicinam
1531 1285 1673 1330 tanta
1701 1274 1967 1344 diligentia
1997 1273 2096 1327 ad-

517 1375 736 1429 hihitam
783 1390 888 1429 non
932 1375 1248 1437 admittens,
1292 1371 1386 1425 sed
1437 1370 1752 1423 destinatam
1800 1366 1996 1421 caedem
2047 1366 2098 1418 in

520 1483 653 1537 Opus
676 1467 967 1537 perducere
990 1465 1261 1526 festinans,
1288 1478 1313 1515 a
1336 1463 1458 1515 dolo
1480 1471 1533 1513 et
1552 1460 1780 1513 versutia
1803 1457 2095 1518 exorditur,

518 1568 572 1612 et
612 1558 886 1613 fallacibus
912 1558 1087 1611 verbis
1118 1556 1331 1609 fratrem
1360 1554 1574 1623 decipit.
1625 1552 1752 1605 Tam
1784 1550 1978 1605 efferus
2022 1558 2103 1604 est

521 1650 700 1713 homo,
723 1650 811 1719 qui
837 1649 886 1701 in
910 1649 1197 1718 nequitiam
1220 1644 1521 1699 declinavit.
1548 1643 1677 1697 Nam
1699 1643 1836 1695 sicut
1857 1656 2101 1710 maguum

519 1750 573 1794 et
602 1739 960 1794 venerandum
986 1745 1070 1792 est
1107 1736 1366 1791 rationale
1399 1734 1499 1788 hoc
1535 1732 1728 1786 animal
1754 1773 1768 1795 ,
1797 1741 1847 1785 et
1877 1730 2103 1783 maxime

519 1831 730 1902 quando
778 1830 829 1882 in
873 1828 1085 1882 virtutis
1125 1828 1262 1879 viam
1308 1823 1583 1879 contendit
1625 1840 1637 1875 :
1685 1822 1755 1875 ita
1799 1820 2009 1890 quando
2052 1820 2101 1872 in

521 1925 715 1978 malum
764 1922 1031 1987 declinat,
1079 1918 1495 1974 truculentarum
1540 1915 1827 1969 bestiarum
1869 1913 2105 1967 imitatur

521 2014 907 2069 crudelitatem.
968 2011 1105 2077 Quin
1150 2020 1204 2064 et
1244 2024 1363 2063 cum
1414 2007 1615 2061 feroces
1662 2005 1868 2059 illarum
1922 2017 2099 2057 mores

523 2105 891 2174 assumpserit,
916 2104 1156 2173 quamvis
1183 2099 1440 2155 rationale
1466 2108 1521 2153 et
1550 2108 1882 2151 mansuetum
1911 2094 2107 2148 animal

523 2199 610 2256 sit.
632 2198 812 2251 multis
835 2206 1009 2249 tamen
1035 2194 1338 2247 nominibus
1366 2192 1575 2245 illarum
1600 2198 1813 2258 superat
1838 2187 2104 2241 ferociam.

526 2292 807 2344 Videamus
852 2289 1007 2358 igitur
1046 2296 1101 2341 et
1138 2287 1256 2340 istic
1296 2285 1419 2354 quid
1461 2282 1733 2337 acciderit.
1776 2280 1828 2333 8.
1874 2278 1939 2330 Et
1980 2278 2108 2332 dixit

525 2382 650 2436 Cain
677 2422 691 2446 ,
724 2381 890 2449 inquit
913 2421 925 2442 ,
956 2378 1023 2431 ad
1052 2378 1175 2430 Abel
1218 2379 1424 2446 fratrem
1461 2390 1609 2428 suum
1638 2387 1657 2426 .°
1690 2370 2029 2441 Egrediomur
2057 2370 2110 2421 in

534 2490 787 2541 rumpam.
824 2470 994 2525 Verba
1022 2468 1234 2539 quidem
1265 2466 1463 2531 fratris,
1498 2479 1648 2519 mens
1677 2473 1853 2517 autem
1884 2462 2108 2516 homici-

527 2567 628 2620 dae.
662 2565 796 2632 Quid
824 2562 971 2627 facis,
1003 2579 1035 2615 o
1060 2560 1227 2616 Cain?
1258 2559 1428 2613 nescis
1454 2558 1537 2611 cui
1567 2557 1837 2625 loqueris?
1884 2572 1987 2608 non
2015 2570 2106 2609 eoo

527 2660 663 2729 gitas
704 2657 793 2711 tibi
827 2671 946 2710 cum
992 2654 1153 2708 fratre
1181 2651 1501 2719 colloquium
1533 2648 1692 2703 esse?
1720 2663 1825 2700 non
1854 2655 2067 2715 reputas
2094 2686 2109 2709 ,

529 2751 713 2807 eodem
746 2764 853 2819 quo
880 2756 933 2802 tu
962 2759 1114 2801 utero
1145 2757 1325 2800 natum
1357 2742 1509 2798 esse?
1537 2758 1640 2795 non
1672 2741 1852 2794 animo
1878 2740 2114 2806 concipis

530 2842 914 2897 abominabiles
960 2837 1221 2893 conatus?
1267 2851 1370 2889 non
1415 2835 1569 2887 times
1602 2832 1833 2901 judicem
1873 2832 1960 2899 qui
2009 2830 2111 2883 falli

532 2935 755 3005 nequit?
788 2948 890 2987 non
919 2932 1104 2985 horret
1126 2942 1275 2983 mens
1303 2938 1386 2980 tua
1410 2925 1647 2979 facinus?
1669 2923 1774 2977 Cur
1797 2923 1846 2975 in
1869 2938 2113 2991 campum

529 3043 689 3082 vocas
722 3025 955 3089 fratrem,
980 3032 1033 3077 et
1062 3021 1204 3075 foras
1225 3035 1253 3072 a
1278 3018 1511 3087 paternis
1537 3016 1676 3069 ulnis
1700 3014 1955 3067 abducis?
1985 3029 2115 3082 qua-

530 3136 589 3175 re
617 3121 788 3188 ipsum
818 3129 1040 3185 paterno
1065 3112 1259 3167 auxilio
1286 3108 1567 3163 destituis?
1593 3107 1727 3173 Quid
1756 3107 1873 3160 novi
1902 3105 2111 3170 accidit,

530 3211 672 3280 quod
703 3224 840 3261 nunc
860 3207 1073 3260 fratrem
1099 3204 1149 3256 in
1172 3215 1415 3269 campum
1440 3198 1623 3264 trahis,
1647 3206 1701 3251 et
1728 3197 1776 3251 id
1804 3196 1941 3266 quod
1971 3196 2114 3265 prius

533 3320 638 3358 non
669 3302 857 3366 fecisti,
888 3313 1027 3351 nunc
1054 3297 1227 3350 facere
1251 3303 1504 3358 attentas,
1530 3301 1581 3347 et
1602 3290 1847 3345 amicitia:
1874 3290 2114 3344 occasio-

532 3411 599 3451 ne
663 3393 949 3448 fraternam
1002 3385 1423 3443 benevolentiam
1477 3380 1856 3452 praetexendo,
1905 3380 2114 3433 hostilia

531 3499 754 3556 qumque
780 3492 1083 3552 perpetrare
1115 3476 1418 3532 deliberas?
1443 3474 1569 3541 Qua:
1606 3471 1846 3526 insania?
1881 3488 1999 3539 qute
2028 3488 2115 3524 ra-

534 3576 685 3632 bies?
734 3574 901 3639 Esto,
941 3579 1235 3625 exca'eatus
1280 3575 1457 3620 mente
1519 3562 1767 3617 fraterna:
1818 3561 2115 3615 affectionis

534 3670 735 3725 nullam
779 3668 1037 3721 rationem
1066 3663 1262 3717 habeas
1282 3703 1296 3722 ,
1330 3674 1502 3728 neque
1530 3665 1773 3711 naturam
1814 3672 2070 3726 agnoscas
2100 3674 2112 3709 :

532 3778 627 3816 cur
654 3760 909 3813 adversus
939 3757 1083 3810 illum
1115 3753 1179 3806 ad
1210 3752 1404 3806 bellum
1439 3759 1489 3803 te
1516 3749 1753 3811 instruis,
1782 3749 1868 3815 qui
1898 3748 2038 3800 nulla
2067 3758 2117 3801 te

533 3853 724 3922 injuria
754 3849 967 3905 affecit?
1012 3846 1136 3917 quid
1169 3847 1291 3899 item
1324 3842 1488 3897 habes
1517 3840 1655 3909 quod
1689 3838 1992 3907 parentibus
2018 3838 2116 3891 oh-

528 3947 681 4016 jicias
701 3986 715 4010 ,
739 3958 873 4014 quos
901 3951 1042 3995 tanta
1072 3938 1318 3993 mmstitia
1340 3934 1575 4004 afﬂigere
1602 3932 1870 3986 deliberas
1895 3972 1908 3995 ,
1937 3939 1993 3985 et
2017 3947 2115 3984 au-

533 4054 651 4097 ctor
676 4056 795 4096 esse
819 4038 1072 4094 terribilis
1102 4035 1394 4106 tragoediae,
1424 4042 1479 4087 ut
1504 4032 1707 4101 primus
1732 4032 1808 4084 eis
1831 4030 2113 4084 violentam

533 4134 671 4188 hanc
715 4142 939 4186 mortem
983 4128 1275 4183 ostendas?
1323 4125 1434 4179 Has
1477 4124 1579 4177 illis
1618 4121 1892 4176 mercedes
1938 4120 2116 4174 reddis

535 4236 641 4279 tute
668 4221 1037 4279 educationis?
1067 4221 1197 4286 Qua:
1231 4216 1425 4272 diaboli
1452 4230 1538 4270 ars
1567 4215 1618 4268 in
1652 4214 1751 4267 hoc
1782 4222 1832 4267 te
1861 4212 2115 4283 flagitium

535 4316 778 4386 impulit?
806 4317 886 4368 An
912 4313 1090 4367 dicere
1117 4320 1265 4380 potes
1295 4308 1718 4363 benevolentiam
1753 4306 1962 4360 Domini
1990 4320 2115 4374 erga

533 4408 720 4471 illum,
754 4406 925 4473 ipsum
974 4403 1253 4457 adversum
1303 4409 1355 4455 te
1397 4408 1732 4467 arrogantem
1776 4396 2117 4451 reddidisse?

536 4499 724 4553 Nonne
746 4508 1047 4566 prmcavens
1066 4493 1134 4546 ob
1158 4492 1290 4545 hanc
1311 4488 1697 4558 sanguinariam
1720 4496 1861 4540 tuam
1885 4496 2114 4540 mentem

534 4589 762 4659 subjecit
791 4588 938 4642 illum
965 4586 1077 4649 tibi,
1105 4594 1160 4639 et
1193 4594 1294 4637 tute
1323 4582 1565 4651 potestati
1596 4580 1848 4642 subdidit,
1875 4589 1929 4633 et
1956 4579 2113 4643 dixit,

538 4682 673 4752 Quia
711 4679 778 4732 ad
820 4689 866 4733 te
903 4677 1157 4731 conversio
1182 4676 1319 4728 illius
1342 4714 1357 4739 ,
1387 4683 1433 4727 et
1464 4683 1516 4725 tu
1547 4673 1705 4741 ipsius
1734 4670 2065 4724 dominaberis
2094 4671 2119 4722 ἱ)

536 4776 668 4831 Nam
694 4773 795 4826 hoc
813 4772 880 4827 de
901 4770 1078 4824 fratris
1101 4768 1429 4837 subjectione
1456 4764 1818 4833 accipiendum
1849 4773 1950 4818 est.
1984 4763 2118 4818 Sunt

538 4870 682 4923 enim
710 4867 869 4936 aliqui
896 4864 1153 4928 dicentes,
1182 4861 1247 4916 de
1277 4858 1538 4915 sacrificio
1565 4857 1632 4912 ab
1658 4872 1722 4912 eo
1748 4858 1926 4912 oblato
1953 4856 2117 4911 Deum

538 4960 663 5015 talia
705 4958 902 5013 dixisse
932 4974 945 5009 :
974 4955 1054 5007 Ad
1088 4964 1134 5007 te
1175 4951 1428 5005 conversio
1452 4992 1468 5017 ,
1510 4949 1716 5019 inquit,
1762 4949 1963 5004 scilicet
1990 4947 2117 5001 doni

533 5053 674 5107 illius
698 5093 711 5113 ,
742 5061 786 5104 et
816 5060 866 5103 tu
894 5049 1053 5117 ipsius
1084 5044 1417 5099 dominaberis
1448 5041 1539 5096 :id
1567 5052 1684 5109 est,
1714 5054 1780 5097 eo
1809 5040 2018 5095 frueris.
2052 5039 2118 5093 Et

536 5145 656 5199 ideo
673 5152 953 5209 utrumque
973 5153 1187 5193 sensum
1203 5136 1332 5201 dixi,
1353 5134 1655 5204 relinquens
1676 5142 1865 5188 vestrae
1887 5131 2117 5202 pruden-

536 5238 622 5291 tiae
646 5276 661 5300 ,
691 5234 744 5289 id
775 5232 915 5303 quod
941 5231 1098 5286 dictis
1126 5231 1294 5300 magis
1319 5242 1612 5297 congruum
1640 5225 1849 5280 videtur
1872 5265 1885 5288 ,
1915 5224 2117 5293 eligen-

534 5328 683 5382 dum.
734 5324 856 5379 Mihi
904 5324 1046 5377 enim
1088 5320 1299 5375 videtur
1340 5318 1407 5373 de
1453 5318 1614 5373 fratre
1651 5330 1773 5373 esse
1800 5316 2017 5370 dictum.
2048 5313 2118 5367 Et

535 5423 727 5488 factum
767 5426 881 5478 est,
922 5429 1038 5467 cum
1075 5421 1233 5466 essent
1269 5410 1366 5481 ipsi
1403 5411 1455 5463 in
1491 5424 1699 5479 campo,
1737 5408 1954 5461 surrexit
1994 5403 2118 5460 Cain

535 5519 711 5562 contra
736 5506 858 5560 Abel
887 5508 1093 5574 fratrem
1120 5518 1285 5565 suum,
1313 5509 1359 5553 et
1384 5500 1563 5553 occidit
1587 5498 1753 5551 illum.
1784 5496 2116 5550 Horrendum

537 5598 761 5661 facinus,
792 5595 1074 5667 periculosi
1103 5607 1283 5657 ausus,
1306 5590 1663 5646 abominabile
1690 5604 1851 5657 opus,
1879 5585 2117 5641 irremis-

539 5690 989 5763 sibile‘peccatum
1014 5727 1029 5751 ,
1060 5683 1293 5740 efferata:
1319 5681 1511 5736 animae
1542 5680 1892 5751 pr0positum.
1930 5676 2117 5733 Surre-

534 5780 633 5846 xit,
662 5770 858 5850 inquit,
884 5788 1060 5835 contra
1089 5777 1212 5833 Abel
1236 5777 1446 5847 fratrem
1476 5789 1643 5843 suum,
1675 5784 1722 5830 et
1750 5774 1926 5848 occidit
1950 5772 2115 5827 illum.

1244 339 1298 392 S.
1340 335 1616 393 JOANNIS
1653 330 2126 390 CIIRYSOSTOMI
2166 329 2482 385 ARCHIEP.
2524 328 3054 385 CONSTANTINOP.

3662 324 3789 387 ΜΨ

2202 446 2246 499 Ο
2279 446 2679 499 abominabilem
2714 457 2958 500 manum!
3001 463 3033 500 0
3062 447 3330 504 dexteram
3375 448 3720 506 miserabilem
3753 462 3763 511 ε

2202 540 2308 592 imo
2338 554 2441 592 non
2474 555 2684 592 manum
2717 549 2923 606 oportet
2944 554 3135 597 vocare
3157 542 3568 598 aliominsbiletn
3594 553 3648 600 et
3672 546 3757 599 mi-

2201 634 2515 699 serabilem,
2540 634 2633 688 sed
2666 644 2894 689 mentem
2924 637 3007 689 cui
3037 638 3329 690 membrum
3359 638 3592 692 servivit.
3623 639 3766 693 Dica-

2203 739 2319 778 mus
2347 725 2503 792 igitur
2528 726 2624 784 sic.
2653 738 2685 778 o
2709 726 2959 781 audacem
2986 738 3219 781 mentem
3248 769 3261 790 ,
3291 737 3344 782 et
3367 728 3766 786 abominabilem

2202 827 2256 870 et
2302 818 2656 871 miserabilem
2686 818 2698 870 !
2747 828 2799 871 et
2836 817 3087 888 quidquid
3126 820 3227 872 dici
3259 828 3431 887 potest
3455 861 3469 881 .
3501 837 3605 874 non
3648 825 3771 876 satis

2202 911 2427 965 dicetur.
2473 912 2747 979 Quomodo
2785 924 2887 966 non
2932 916 3197 983 obtorpuit
3225 916 3339 982 ejus
3369 919 3593 972 manus?
3642 935 3770 990 quo-

2207 1003 2365 1058 modo
2394 1005 2565 1073 potuit
2608 1013 2789 1059 tenere
2830 1005 3059 1075 gladium
3087 1008 3103 1037 ¹
3129 1050 3143 1073 ,
3175 1016 3228 1061 et
3253 1007 3490 1078 infligere
3531 1010 3776 1081 plagam?

2203 1097 2470 1165 quomodo
2518 1112 2621 1150 non
2658 1098 2885 1150 avolavit
2926 1114 2955 1153 a
3001 1114 3223 1167 corpore
3254 1102 3471 1155 anima?
3516 1105 3775 1171 quomodo

2204 1188 2369 1241 valuit
2394 1187 2604 1256 aperari
2643 1197 2748 1242 tam
2776 1189 3061 1243 nefandum
3090 1189 3335 1246 facinus?
3381 1194 3647 1262 quomodo
3676 1211 3775 1249 non

2207 1277 2396 1331 inﬂexa
2426 1289 2528 1340 est,
2559 1288 2611 1332 et
2634 1277 2762 1332 Cain
2796 1294 2898 1333 non
2926 1284 3145 1333 mutavit
3174 1284 3485 1337 sententiam
3510 1283 3533 1336 ?
3562 1300 3780 1354 quomo-

2206 1370 2275 1421 do
2297 1386 2399 1423 non
2422 1370 2669 1438 cogitavit
2692 1372 2971 1423 naturam?
2993 1372 3259 1439 quomodo
3280 1388 3383 1427 non
3404 1375 3774 1439 consideravit,

2206 1471 2487 1541 antequam
2527 1460 2824 1515 adoriretur
2854 1461 3001 1516 nefas
3027 1504 3041 1526 ,
3076 1464 3251 1530 aperis
3279 1464 3478 1518 finem?
3520 1468 3780 1535 quomodo

2208 1552 2455 1605 sustinuit
2483 1562 2603 1622 post
2634 1552 2837 1608 facinus
2864 1595 2878 1619 ,
2910 1555 3090 1608 videre
3125 1570 3316 1623 corpus
3343 1556 3515 1610 fratris
3544 1558 3780 1627 spiritum

2209 1643 2440 1699 cfﬂantis
2467 1655 2520 1698 et
2546 1645 2848 1714 palpitantis
2873 1661 3032 1714 super
3062 1656 3254 1701 terrain
3278 1648 3301 1700 ?
3327 1650 3592 1717 quomodo
3622 1653 3783 1719 potuit

2208 1736 2390 1790 videre
2420 1746 2685 1791 mortuum
2728 1747 2781 1791 et
2811 1738 2955 1791 humi
2986 1740 3274 1807 projectum
3302 1782 3315 1806 ,
3346 1750 3397 1793 et
3432 1757 3461 1794 a
3489 1744 3784 1811 spectaculo

2211 1844 2316 1882 non
2347 1830 2524 1883 statim
2553 1830 2842 1884 dissolutus
2868 1831 2985 1885 est?
3010 1830 3141 1885 Nam
3173 1847 3292 1887 cum
3324 1847 3421 1886 nos
3452 1842 3569 1902 post
3595 1844 3674 1888 tot
3698 1851 3785 1888 an—

2211 1937 2400 1976 norum
2433 1938 2710 1977 numerum
2737 1966 2752 1988 ,
2784 1940 2904 1977 cum
2932 1925 3167 1993 quotidie
3201 1927 3489 1980 morientes
3512 1927 3747 1981 videmus
3769 1968 3783 1990 ,

2210 2016 2451 2084 quamvis
2478 2016 2703 2069 naturali
2732 2026 2900 2069 morte
2926 2058 2939 2076 ,
2977 2027 3030 2069 et
3058 2018 3312 2085 sanguine
3339 2017 3464 2070 nihil
3494 2020 3647 2072 nobis
3668 2018 3786 2087 jun—

2211 2116 2347 2171 ctos,
2381 2108 2578 2161 viribus
2606 2108 2941 2162 destituimur
2960 2150 2973 2171 ,
3005 2119 3058 2163 et
3083 2108 3128 2162 si
3157 2110 3401 2163 inimicus
3427 2112 3495 2165 sit
3520 2155 3531 2173 ,
3560 2112 3785 2165 inimici-

2216 2201 2405 2253 tiarum
2443 2200 2598 2253 linem
2640 2200 2860 2254 facimus
2894 2220 2907 2253 :
2937 2210 3133 2269 quanto
3172 2204 3339 2271 magis
3369 2202 3506 2257 hunc
3534 2204 3788 2272 disperire

2215 2306 2308 2359 par
2349 2301 2503 2355 erat,
2531 2302 2584 2346 et
2624 2296 2801 2345 statim
2847 2294 3089 2347 emittere
3130 2295 3396 2357 animam,
3439 2310 3556 2348 cum
3597 2295 3791 2349 videret

2216 2379 2430 2435 fratrem
2457 2423 2471 2444 ,
2508 2382 2597 2449 qui
2640 2382 2795 2449 paulo
2833 2392 2986 2435 antea
3021 2383 3333 2452 loquebatur
3359 2424 3372 2446 ,
3406 2385 3589 2439 eadem
3626 2396 3788 2439 matre

2216 2483 2395 2526 natum
2425 2512 2435 2531 .
2464 2473 2653 2527 eodem
2699 2485 2847 2542 patre
2887 2475 3122 2544 genitum
3149 2516 3163 2541 ,
3195 2476 3435 2545 ejusdem
3477 2480 3613 2532 uteri
3647 2490 3789 2547 partu

2216 2564 2439 2630 editum,
2470 2564 2579 2617 Deo
2608 2565 2858 2634 singulari
2891 2566 3255 2621 benevolentia
3282 2578 3553 2637 acceptum
3576 2611 3591 2632 ,
3624 2571 3790 2622 subito

2216 2658 2413 2727 absque
2437 2658 2621 2727 spiritu
2646 2667 2694 2710 et
2718 2658 3024 2727 operatione
3041 2659 3325 2728 jacentem,
3350 2671 3402 2714 et
3419 2676 3578 2730 super
3603 2671 3790 2715 terram

2220 2750 2558 2818 palpitantem
2581 2748 2604 2801 ’ἶ

2287 2839 2341 2893 2.
2374 2841 2440 2893 At
2466 2840 2737 2893 videamus
2764 2850 2881 2908 post
2911 2841 3165 2894 nefarium
3194 2842 3319 2895 illud
3350 2841 3569 2905 facinus,
3598 2853 3651 2897 et
3678 2855 3789 2912 post

2218 2930 2473 3001 ﬂagitium
2499 2932 2641 2986 nulla
2672 2933 2823 2985 venia
2846 2932 3061 3001 dignum
3089 2942 3283 3001 quanta
3308 2934 3497 2987 iterum
3523 2934 3792 3003 indulgen-

2221 3026 2290 3076 tia
2337 3034 2635 3090 qnantaque
2681 3025 2999 3091 benignitate
3044 3024 3278 3077 omnium
3331 3025 3468 3077 Deus
3513 3026 3697 3079 utitur.
3740 3025 3791 3079 9.

2222 3112 2288 3165 Et
2318 3114 2443 3165 dixit
2475 3112 2611 3166 Deus
2637 3115 2703 3166 ad
2728 3114 2870 3167 Cain.
2903 3113 3131 3183 ldipsum
3163 3114 3244 3167 vel
3272 3115 3441 3167 solum
3470 3126 3683 3184 quanta:
3708 3115 3794 3168 bo-

2220 3205 2398 3258 nitatis
2420 3204 2594 3269 fuerit,
2616 3205 2754 3274 quod
2777 3220 2896 3258 eum
2919 3206 3006 3274 qui
3029 3214 3171 3259 tanta
3195 3205 3426 3260 facinora
3448 3208 3792 3271 commiserit,

2219 3296 2483 3364 Colloquio
2531 3296 2819 3364 dignetur?
2863 3296 2995 3351 Nam
3053 3313 3173 3351 cum
3223 3314 3320 3353 nos
3362 3314 3504 3368 smpe
3548 3310 3797 3369 cognatos

2222 3398 2431 3442 nostros
2477 3390 2842 3443 abominemur
2867 3432 2880 3452 ,
2924 3390 2967 3443 si
3008 3391 3217 3460 quando
3246 3392 3532 3447 viderimus
3566 3410 3663 3447 eos
3701 3396 3797 3447 tale

2220 3479 2483 3548 quoddam
2522 3477 2725 3533 facinus
2770 3490 3143 3548 perpetrasse:
3178 3483 3343 3535 multo
3391 3484 3555 3551 magis
3606 3486 3795 3539 bonum

2222 3570 2387 3623 Deum
2438 3570 2616 3623 tnirari
2666 3584 2761 3639 par
2804 3579 2883 3623 est
2929 3579 3075 3625 tanta
3122 3582 3354 3626 utentem
3397 3575 3678 3629 tolerantia
3710 3586 3798 3630 :et

2216 3662 2336 3730 jure
2367 3664 2574 3717 meriao.
2609 3663 2843 3718 Medicus
2866 3665 3006 3718 enim
3032 3675 3131 3733 est,
3161 3677 3215 3720 et
3243 3667 3692 3723 clementissimus
3717 3685 3796 3738 pa-

2221 3763 2302 3807 ter
2345 3770 2357 3807 :
2401 3764 2453 3807 et
2498 3756 2637 3808 sicut
2688 3757 2921 3809 medicus
2973 3755 3103 3810 nihil
3149 3773 3251 3811 non
3304 3760 3425 3811 facit
3460 3761 3631 3830 utqui
3659 3760 3798 3830 gnati

2221 3846 2408 3900 morbo
2435 3848 2673 3901 laborant
2702 3890 2715 3913 ,
2746 3850 2811 3902 ad
2850 3849 3130 3905 sanitatem
3176 3852 3494 3906 reducantur
3526 3869 3538 3906 :
3574 3865 3629 3908 et
3669 3855 3799 3908 sicut

2220 3938 2666 3995 clementissimus
2698 3952 2844 4008 pater
2875 3942 3028 4008 filios,
3059 3943 3147 4010 qui
3175 3943 3498 3999 nobilitatem
3527 3960 3681 3999 suam
3714 3962 3800 4014 per

2221 4029 2483 4099 ignaviam
2514 4031 2743 4085 amisere
2768 4072 2783 4096 ,
2815 4041 3034 4100 paterna
3071 4032 3389 4103 indulgentia
3420 4035 3485 4087 ad
3525 4036 3799 4104 pristinam

2220 4120 2525 4175 felicitatem
2573 4123 2853 4178 restituere
2899 4125 3061 4193 cupit.
3109 4124 3340 4179 Proinde
3365 4127 3487 4195 quia
3526 4127 3800 4181 immensa:

2224 4211 2474 4265 bonitatis
2497 4221 2598 4275 est,
2625 4214 2813 4267 iterum
2846 4214 3221 4283 benignitatem
3250 4231 3399 4269 suam
3427 4218 3500 4269 illi
3525 4260 3535 4280 ,
3561 4219 3653 4288 qui
3680 4219 3798 4271 talia

2224 4303 2395 4358 fuerat
2422 4320 2601 4367 ausus,
2634 4306 2919 4361 ostendere
2947 4307 3076 4359 vult.
3114 4307 3249 4361 Dicit
3277 4308 3419 4360 enim
3451 4309 3525 4361 illi
3557 4327 3570 4362 :
3605 4309 3701 4363 Ubi
3731 4318 3801 4362 est

2226 4397 2344 4450 Abel
2370 4397 2528 4465 frater
2559 4407 2671 4450 tuus
2690 4399 2716 4451 ?
2740 4398 2897 4451 Multa
2926 4408 2979 4452 et
3008 4400 3263 4453 immensa
3292 4400 3386 4454 Dei
3418 4401 3669 4468 patientia
3698 4412 3796 4456 est.

2223 4488 2336 4542 Non
2362 4490 2503 4542 enim
2534 4489 2823 4558 interrogat
2849 4490 2995 4559 quasi
3024 4490 3249 4559 ignoret,
3284 4492 3375 4545 sed
3403 4493 3629 4559 idipsum
3658 4496 3798 4561 agit,

2222 4578 2360 4647 quod
2392 4587 2447 4633 et
2471 4581 2605 4648 patri
2638 4580 2779 4633 illius
2808 4580 3008 4635 fecerat
3040 4597 3053 4632 :
3086 4581 3215 4634 nihil
3257 4582 3399 4635 enim
3433 4585 3647 4645 obstat,
3677 4584 3797 4651 quin

2225 4673 2362 4727 idem
2394 4672 2566 4726 denuo
2587 4671 2816 4726 dicatur.
2848 4672 2978 4726 Nam
3007 4672 3451 4742 quemadmodum
3478 4674 3650 4738 illum,
3684 4690 3798 4729 cum

2223 4778 2282 4818 se
2330 4779 2440 4833 prae
2486 4764 2685 4831 pudore
2730 4764 2981 4818 nuditatis
3027 4773 3260 4833 tegeret,
3308 4764 3571 4831 rogabat:
3610 4764 3706 4819 Ubi
3752 4778 3800 4817 es

2225 4854 2377 4922 (Gen.
2409 4856 2460 4909 5.
2490 4855 2589 4924 9)?
2620 4866 2721 4908 nan
2748 4857 3016 4924 ignorans,
3046 4857 3137 4910 sed
3165 4856 3370 4910 fiduciae
3395 4859 3704 4913 occasiones
3729 4857 3801 4911 ilti

2228 4947 2487 5013 praebens,
2516 4954 2572 4999 ut
2599 4960 2690 5012 per
2714 4945 3103 5000 confessionem
3128 4948 3328 5015 peccati
3350 4948 3599 5001 delictum
3623 4949 3802 5001 ablue-

2226 5047 2306 5092 ret
2342 5038 2525 5105 (hunc
2565 5040 2706 5091 enim
2756 5051 2957 5092 morem
2987 5037 3179 5103 habet,
3212 5048 3269 5092 ut
3310 5038 3378 5092 ab
3417 5040 3566 5093 initio
3592 5054 3621 5091 a
3654 5041 3803 5095 nobis

2226 5138 2559 5198 peceatOrum
2582 5131 2755 5199 exigat
2775 5130 3184 5192 confessionem.
3209 5140 3261 5184 et
3281 5130 3486 5185 veniant
3508 5129 3764 5202 prmbeat)
3785 5171 3797 5193 ,

2226 5221 2294 5274 ita
2321 5229 2374 5273 et
2400 5236 2539 5287 nunc
2569 5230 2717 5290 rogat
2743 5218 2871 5274 Cain
2900 5262 2913 5285 ,
2947 5230 2997 5274 et
3030 5220 3197 5289 inquit
3226 5237 3237 5273 ε
3277 5219 3370 5278 Ubi
3400 5230 3470 5273 est
3498 5220 3624 5273 Abel
3650 5224 3803 5291 frater

2227 5313 2387 5365 tuus?
2436 5311 2792 5380 lgnorautiam
2838 5310 3055 5364 simulat
3090 5311 3352 5380 benignus
3380 5310 3632 5363 Dominus
3660 5352 3675 5372 ,
3710 5310 3803 5362 hac

2228 5403 2638 5473 interrogatione
2659 5418 2801 5465 eum,
2829 5402 2919 5472 qui
2943 5403 3063 5456 talia
3090 5404 3450 5466 commiserat,
3476 5414 3801 5471 prreparans,

2228 5504 2285 5549 ut
2324 5495 2389 5549 ad
2429 5496 2632 5564 peccati
2671 5492 3058 5548 confessionem
3089 5492 3477 5557 adduceretur,
3523 5502 3806 5560 possetque

2226 5588 2433 5644 veniam
2478 5587 2615 5642 forte
2640 5597 2696 5643 et
2731 5585 3148 5641 miscricordiam
3187 5584 3418 5654 assequi.
3464 5582 3559 5638 Ubi
3585 5592 3658 5637 est
3686 5576 3807 5637 Abel

2302 5776 2320 5806 ι
2357 5774 2530 5837 negtiis
2550 5782 2691 5833 unus,
2716 5766 2950 5837 quamde
2970 5768 3114 5831 pauit
3132 5766 3327 5834 adigere
3348 5763 3575 5829 gladium.
