4038 6394
183 402 280 456 159

181 519 330 588 βάθει
371 517 474 588 τῆς
521 516 762 578 διανοίας
817 514 1108 584 κινούμενα
1160 512 1520 581 ἐπιστάμενος
1567 513 1842 582 παραινεῖ,

181 605 558 676 συμϐουλεύει,
603 601 1022 674 προαναστέλλει
1052 599 1151 670 τῆς
1202 599 1378 668 κακῆς
1431 598 1842 669 ἐπιχειρήσεως·

177 697 238 748 οὑ
261 695 366 762 μὴν
403 693 654 762 ἀνάγκην
691 689 1017 756 ἐπιτίθησιν,
1069 684 1204 739 ἀλλὰ
1235 687 1302 740 τὰ
1351 685 1612 754 φάρμακα
1645 682 1814 736 κατάλ

177 779 308 846 ληλα
341 777 574 839 ἐπιθεὶς,
607 775 832 846 ἀφίησιν
859 778 914 828 ἐν
943 773 1010 841 τῇ
1032 770 1226 842 γνώμῃ
1257 769 1352 822 τοῦ
1401 768 1700 838 κάμνοντος
1729 768 1842 818 κεῖ-

179 868 298 919 σθαι
339 865 402 917 τὸ
418 865 726 918 πάν.Τοῦτο
746 863 923 918 τοίνυν
945 862 1042 916 καὶ
1067 861 1159 914 ἐπὶ
1179 858 1273 912 τοῦ
1307 858 1446 910 Κάῖν
1470 856 1566 910 νῦν
1597 855 1841 923 γέγονεν.

181 956 314 1026 Ὅρα
347 955 457 1022 γάρ
495 953 634 1022 μετὰ
659 949 924 1016 τοσαύτην
957 948 1276 1019 κηδεμονίαν
1307 944 1454 1018 [162]
1485 947 1564 1006 εἰς
1587 944 1716 1012 ὅσην
1743 942 1842 1012 ἥδη

181 1043 372 1110 μανίαν
395 1040 672 1105 ἐξώκειλε.
701 1038 830 1090 Δέον
857 1037 964 1108 γὰρ
995 1035 1267 1088 συνειδότα
1297 1033 1396 1103 τὴν
1421 1031 1694 1102 ἁμαρτίαν
1716 1029 1844 1100 περὶ

177 1131 268 1198 τὴν
293 1129 502 1198 ταύτης
530 1125 814 1196 διόρθωσιν
843 1123 1026 1178 λοιπὸν
1053 1121 1435 1192 άσχοληθῆναι’
1459 1121 1488 1172 ὁ
1515 1119 1572 1172 δὲ
1592 1117 1842 1186 καθάπερ

179 1218 414 1286 μεθύων,
473 1215 552 1285 τῷ
601 1214 762 1268 πάθει
801 1213 896 1266 καὶ
921 1211 999 1282 τῷ
1047 1210 1320 1280 τραύματι
1365 1208 1444 1277 τῷ
1469 1205 1840 1278 προλαϐόντι¹ι

176 1311 324 1370 ἕλκος
352 1309 544 1378 ἕτερον
575 1306 860 1359 συνάπτων
888 1303 980 1356 καὶ
1001 1303 1100 1373 τὴν
1132 1299 1374 1370 ἰατρείαν
1395 1299 1453 1352 οὑ
1487 1297 1841 1369 προσιέμενος

175 1397 264 1466 τὴν
297 1396 438 1466 μετά
457 1393 724 1464 τοσαύτης
749 1391 1063 1462 ἐπιμελείας
1085 1387 1482 1458 προσαχθεῖσαν
1505 1383 1672 1455 αὑτῷ,
1704 1383 1840 1437 ἀλλὰ

174 1485 256 1538 τὸν
281 1485 484 1537 οἰκεῖον
535 1483 692 1551 φόνον
731 1482 810 1544 εἰς
854 1479 1012 1550 ἔργον
1059 1479 1286 1546 ἀγαγεῖν
1316 1473 1684 1543 ἐπειγόμενος,
1731 1472 1840 1525 ἀπὸ

172 1575 322 1626 δόλου
351 1574 450 1624 καὶ
495 1567 832 1640 πανουργίας
859 1565 955 1636 τὴν
987 1565 1162 1636 ἀρχὴν
1192 1565 1444 1624 ποιεῖται,
1487 1561 1578 1615 καὶ
1609 1562 1722 1624 τοῖς
1751 1577 1841 1613 πεο

175 1661 534 1732 πλανημένοις
564 1658 802 1728 ῥήμασιν
829 1655 1013 1724 ἀπατᾷ
1035 1653 1124 1704 τὸν
1152 1651 1398 1720 ἀδελφόν.
1429 1651 1692 1703 Τοσοῦτον
1739 1648 1838 1720 θη-

175 1748 365 1817 ριώδης
411 1747 562 1801 ἐστὶν
597 1744 883 1814 ἄνθρωπος
933 1743 1013 1804 εἰς
1050 1741 1246 1794 κακίαν
1286 1738 1598 1800 ἀποκλίνας.
1630 1737 1840 1817 Ὥσπερ

171 1811 272 1906 γὰρ
307 1811 450 1906 μέγα
475 1835 570 1888 καὶ
595 1811 776 1904 τίμίον
799 1831 860 1884 τὸ
887 1830 1100 1899 λογικὸν
1125 1829 1282 1882 τοῦτο
1315 1828 1472 1893 ζῶον,
1494 1825 1588 1880 καὶ
1605 1811 1838 1897 μάλιστᾶ

171 1924 386 1976 ἐπειδὰν
409 1924 504 1976 ἐπὶ
553 1921 652 1992 τὴν
685 1921 784 1988 τῆς
821 1919 1022 1990 ἀρετῆς
1051 1917 1314 1988 ἐργασίαν
1369 1916 1605 1986 ὁρμήσῃ,
1665 1915 1834 1978 οὕτως

169 2015 292 2066 ὅταν
321 2011 454 2082 πρὸς
479 2009 678 2064 κακίαν
708 2005 994 2078 ἀποκλίνῃ,
1056 2005 1164 2058 τῶν
1211 2003 1498 2075 ἀνημέρων
1524 2003 1725 2074 θηρίων
1749 2022 1836 2074 μι-

173 2103 350 2168 μεῖται
378 2099 476 2168 τὴν
503 2097 782 2168 ὠμότητα.
853 2093 1012 2148 Ἀλλὰ
1048 2093 1142 2146 καὶ
1174 2094 1252 2154 εἰς
1289 2091 1385 2162 τὴν
1418 2091 1640 2145 ἐκείνων
1675 2091 1836 2145 πάλιν

171 2180 492 2252 μεταπεσὼν
549 2180 848 2251 ἀγριότητα
871 2219 886 2243 ,
937 2177 1000 2230 τὸ
1052 2177 1258 2246 ἥμερον
1292 2175 1450 2228 τοῦτο
1483 2175 1576 2229 καὶ
1620 2175 1836 2243 λογικὸν

171 2271 308 2334 ζῶον
331 2273 394 2322 ἐκ
423 2267 622 2323 πολλοῦ
655 2267 752 2321 τοῦ
773 2265 1052 2336 περιόντος
1077 2266 1206 2334 νικᾷ
1230 2263 1330 2333 τὴν
1361 2263 1584 2316 ἐκείνων
1635 2262 1700 2334 θη
1711 2279 1834 2333 ριω-

169 2359 302 2412 δίαν.
339 2359 566 2427 Ἰδωμεν
618 2351 712 2410 οὖν
759 2355 854 2408 καὶ
893 2352 1127 2406 ἐνταῦθα
1177 2352 1231 2406 τί
1269 2351 1498 2419 γίνεται.
1531 2351 1642 2406 Καὶ
1681 2347 1829 2414 εἷπε,

169 2451 319 2520 φησὶ,
347 2447 498 2502 Κάτν
523 2447 672 2516 ,πρὸς
709 2447 876 2498 Ἅϐελ
905 2444 1013 2496 τὸν
1048 2441 1316 2512 ἀδελφὸν
1339 2441 1543 2506 αὑτοῦ,
1595 2441 1832 2498 διέλθω-

167 2555 274 2606 μεν
299 2537 376 2606 δὴ
410 2539 496 2602 εἰς
533 2537 600 2598 τὸ
631 2533 860 2587 πεδίον.
889 2533 972 2586 Τά
1015 2533 1112 2602 μὲν
1160 2533 1378 2603 ῥήματα
1423 2530 1672 2599 ἀδελφοῦ,
1707 2531 1740 2600 ἡ
1775 2531 1834 2583 δὲ,

167 2627 354 2697 γνώμη
381 2625 598 2696 φονικὴ.
617 2625 696 2688 ¹Τί
721 2625 914 2686 ποιεῖς,
933 2619 980 2674 ὦ
1005 2621 1143 2675 Κάῖν
1166 2637 1180 2684 ;
1205 2623 1304 2674 οὑκ
1351 2616 1495 2681 οἶδας
1519 2619 1654 2689 πρὸς
1711 2621 1832 2672 τίνα

165 2715 380 2784 διαλέγῃ
407 2733 422 2780 ;
453 2715 554 2767 οὑκ
574 2713 774 2770 ἐννοεῖς
803 2712 882 2764 ὅτι
906 2712 1042 2780 πρὸς
1067 2708 1292 2777 ἀδελφόν
1323 2725 1403 2760 σοι
1433 2708 1684 2778 γίνεταιή
1714 2707 1832 2762 διά-

165 2803 338 2866 λεξις;
366 2804 430 2854 οὑ
449 2800 640 2872 λογίζῃ
693 2800 776 2852 ὅτι
806 2797 902 2862 τὰς
935 2797 1104 2859 αὑτάς
1141 2813 1223 2849 σοι
1263 2795 1450 2848 ἔλυσεν
1481 2795 1676 2858 ὠδῖνας
1704 2811 1718 2860 ;
1768 2795 1829 2847 οὑ

165 2889 458 2960 λαμϐάνεις
489 2890 570 2952 εἰς
597 2889 808 2942 ἔννοιαν
830 2886 892 2938 τὸ
919 2885 1158 2956 μυσαρὸν
1183 2885 1282 2954 τῆς
1311 2885 1736 2955 ἐπιχειρήσεως;
1769 2884 1827 2936 οὑ

167 2977 302 3048 φοϐῇ
323 2979 412 3031 τὸν
437 2975 874 3048 ἀπαραλόγιστον
910 2973 1168 3043 δικαστήν
1195 2989 1208 3036 ;
1263 2973 1322 3024 οὑ
1371 2971 1611 3042 φρίττεις
1636 2972 1734 3043 τὴν
1755 2971 1832 3024 έν-

165 3047 308 3118 νοιαν
333 3065 430 3118 τοῦ
459 3047 838 3134 τολμήματὀς;
889 3061 1044 3126 Τίνος
1093 3059 1201 3130 γάρ
1229 3059 1412 3112 ἐνεκεν
1442 3060 1520 3120 εἰς
1560 3059 1622 3111 τὸ
1653 3059 1832 3112 πεδίον

165 3155 336 3218 ἕλκεις
361 3155 453 3206 τὸν
483 3151 734 3221 ἀδελφὸν,
763 3151 857 3205 καὶ
891 3149 994 3216 ἔξω
1007 3147 1115 3202 τῶν
1143 3147 1396 3216 ἀγκαλῶν
1413 3147 1518 3200 τῶν
1549 3145 1829 3217 πατρικῶν

165 3241 372 3308 ἐξάγεις
393 3257 412 3304 ;
443 3241 584 3303 τίνος
609 3239 794 3292 ἐνεκεν
819 3237 1024 3310 ἔρημον
1047 3239 1218 3298 ποιεῖς
1242 3235 1336 3305 τῆς
1363 3237 1631 3306 πατρικῆς
1666 3235 1838 3288 αὑτὸν.

165 3329 444 3396 mea“;
473 3328 540 3380 Τί
565 3327 626 3378 τὸ
655 3326 823 3392 ξένον,
851 3326 931 3378 ὅτι
975 3324 1069 3378 νῦν
1105 3325 1185 3387 είς
1207 3321 1267 3376 τὸ
1317 3323 1498 3376 πεδίον
1533 3321 1710 3384 ἕλκεις
1737 3323 1830 3375 τὸν

163 3417 406 3484 ἀδελφὸν,
460 3416 552 3468 καὶ
579 3417 716 3486 ὅπερ
758 3413 1018 3484 πρότερον
1071 3412 1170 3464 οὑκ
1201 3410 1482 3481 ἐποίησας,
1533 3408 1625 3462 νῦν
1657 3411 1830 3462 ποιεῖν

163 3505 474 3574 ἐπιχειρεῖς,
531 3501 624 3555 καὶ
665 3501 930 3571 προφάσει
963 3497 1358 3568 φιλοφροσύνης
1377 3497 1591 3552 εὔνοιαν
1617 3496 1830 3563 ἀδελφι-

163 3593 262 3662 κὴν
291 3591 754 3664 προϐαλλόμενος,
793 3588 862 3642 τά
895 3587 1004 3642 τῶν
1047 3587 1320 3657 πολεμίων
1372 3585 1520 3656 αὐτῷ
1566 3585 1826 3638 διαθεῖναι

165 3681 386 3752 βουλεύῃ
410 3681 438 3720 δ
459 3697 474 3744 ;
499 3679 596 3742 Τίς
625 3681 658 3748 ἡ
689 3675 888 3746 μανία;
922 3676 1006 3740 τίς
1040 3677 1067 3746 ἡ
1095 3673 1294 3740 λύσσας
1321 3674 1522 3734 Ἔστω,
1553 3673 1826 3744 πηρωθεὶς

161 3772 248 3822 τὸν
291 3767 554 3838 λογισμὸν
580 3765 774 3820 οὐδένα
801 3765 958 3832 λόγον
999 3765 1129 3833 ποιῇ
1158 3761 1256 3831 τῆς
1305 3759 1598 3830 ἀδελφικῆς
1651 3759 1828 3813 διαθέ-

163 3874 318 3918 σεως.
347 3853 474 3910 οὕτε
499 3855 598 3921 τὴν
627 3853 786 3920 φύσιν
811 3849 980 3920 αὐτὴν
1023 3846 1402 3916 ἐπιγνώσκεις·
1447 3846 1582 3900 ἀλλὰ
1614 3847 1666 3899 τί
1691 3846 1827 3917 πρὸς

159 3946 246 3996 τὸν
276 3942 434 3994 οὐδὲν
455 3939 752 4010 ἠδικηκότα
773 3935 946 4000 οὕτως
991 3932 1434 4006 ἐξεπολεμώθης;
1493 3933 1546 3986 τί
1577 3933 1671 3987 καὶ
1717 3937 1826 3998 τοῖς

159 4031 404 4098 γονεῦσιν
435 4029 572 4098 ἔχων
599 4025 848 4095 ἐγκαλεῖν
872 4023 1137 4094 τοσαύτην
1157 4023 1341 4084 αὐτοῖς
1366 4022 1668 4091 κατήφειαν
1691 4032 1712 4060 ε
1741 4039 1828 4074 πε-

163 4119 402 4190 ριϐαλεῖν
453 4115 704 4187 βουλεύῃ,
749 4115 842 4167 καὶ
885 4111 1126 4183 ἀρχηγὸς
1175 4108 1425 4177 γενέσθαι
1473 4107 1566 4162 τοῦ
1596 4107 1824 4178 φοϐεροῦ

159 4207 346 4260 τούτου
379 4206 676 4276 δράματος,
715 4202 810 4255 καί¹
872 4199 1085 4270 πρῶτος
1116 4197 1208 4250 τὸν
1241 4196 1413 4266 βίαιον
1443 4195 1630 4250 τοῦτον
1664 4195 1826 4248 θάνα-

161 4311 246 4346 τον
267 4295 454 4356 αὐτοῖς
483 4291 756 4355 ὑποδεῖξαι
775 4307 788 4353 ;
845 4287 1058 4349 Ταύτας
1080 4286 1261 4346 αὐτοῖς
1291 4283 1536 4347 ἀποδίδος
1557 4282 1654 4346 τὰς
1675 4285 1828 4354 ἀμοι-

159 4383 256 4444 ϐάς
277 4381 379 4451 τῆς
401 4379 746 4448 ἀνατροφῆς;
777 4375 914 4429 Ποία
939 4371 1034 4427 τοῦ
1077 4373 1322 4426 διαϐόλου
1358 4371 1571 4441 μηχανὴ
1595 4373 1676 4434 εἰς
1703 4371 1828 4423 ταύ-

159 4488 254 4540 την
283 4487 342 4522 σε
373 4471 472 4538 τὴν
497 4468 696 4537 πρᾶξιν
745 4463 1114 4535 παρώρμησε;
1147 4461 1242 4532 Μὴ
1273 4460 1382 4530 γάρ
1431 4459 1572 4528 ἔχεις
1617 4461 1788 4512 εἰπεῖν
1807 4499 1822 4524 ,

157 4560 236 4611 ὃτι
261 4561 294 4628 ἡ
321 4557 506 4610 εὔνοια
531 4555 625 4608 τοῦ
659 4551 838 4607 κοινοῦ
861 4553 1077 4605 πάντων
1105 4549 1393 4614 Δεσπότου,
1433 4549 1466 4618 ἡ
1491 4547 1618 4618 περὶ
1641 4546 1822 4608 αὑτὸν,

159 4645 460 4716 ἐπαρθῆναι
483 4641 648 4696 αὑτὸν
670 4641 892 4712 ἐποίησε
918 4637 1062 4693 κατά
1095 4635 1221 4701 σοῦ;
1258 4635 1391 4705 Οὐχὶ
1416 4633 1699 4705 προλαϐὼν
1737 4633 1826 4688 διὰ

159 4732 358 4802 ταύτην
409 4749 500 4784 σου
526 4731 624 4800 τὴν
673 4729 898 4799 φονικὴν
931 4727 1156 4797 γνώμην
1203 4722 1466 4788 ὑπέταξεν
1518 4721 1697 4786 αὑτὸν,
1733 4723 1826 4774 καὶ

161 4821 260 4872 ὑπὸ
279 4823 380 4890 τὴν
397 4821 494 4890 σὴν
515 4817 761 4884 ἐξουσίαν
782 4811 920 4869 εἶναι
941 4815 1227 4884 πεποίηκε,
1261 4811 1354 4864 καὶ
1381 4806 1550 4874 εἶπεν,
1567 4810 1648 4862 ὅτι
1669 4809 1824 4876 Πρὸς

159 4908 230 4960 σὲ
263 4909 300 4972 ἡ
339 4905 702 4973 ἀποστροφὴ
733 4903 944 4968 αὐτοῦ,
983 4901 1082 4954 καί
1115 4901 1195 4954 σὺ
1233 4897 1418 4952 αὐτοῦ
1451 4897 1687 4966 ἅρξεις;
1715 4897 1824 4950 Καὶ

159 4996 266 5066 γὰρ
303 4995 430 5064 περὶ
455 4995 553 5064 τῆς
585 4991 679 5045 τοῦ
708 4991 934 5059 ἀδελφοῦ
979 4991 1253 5060 ὑποταγῆς
1277 4987 1432 5041 τοῦτο
1463 4985 1824 5055 ἐκλαμϐάνειν

157 5086 256 5138 δεῖ.
291 5083 414 5138 Εἰσὶ
435 5085 544 5154 γάρ
571 5098 716 5144 τινες
753 5079 1024 5147 λέγοντες,
1075 5078 1158 5130 ὃτι
1209 5077 1338 5150 περὶ
1365 5076 1462 5144 τῆς
1486 5073 1676 5135 θυσίας
1725 5073 1822 5142 τῆς

161 5172 614 5244 προσενεχθείσης
649 5171 776 5242 παρ’
809 5168 974 5222 αὑτοῦ
999 5169 1028 5220 ὁ
1053 5167 1182 5230 Θεὸς
1209 5166 1344 5236 πρὸς
1390 5163 1551 5218 αὑτὸν
1578 5159 1832 5230 διελέχθη,

157 5265 222 5316 ·τὶ
243 5262 493 5324 τοιαῦτα,
523 5261 606 5314 ὅτι
627 5258 785 5326 Πρὸς
812 5259 907 5320 σὲ,
971 5256 1122 5326 φησὶ,
1160 5255 1197 5322 ἠ
1229 5249 1578 5320 ἀποστροφὴ
1612 5248 1822 5312 αὐτοῦ,

157 5351 248 5404 τοὺ
275 5349 472 5420 δώρου,
501 5349 602 5404 καὶ
633 5347 716 5400 σὺ
763 5345 962 5413 ἄρξεις
992 5343 1197 5406 αὐτοῦ,
1231 5341 1352 5394 ἀντὶ
1407 5338 1524 5398 τοῦ.
1555 5339 1620 5392 σὺ
1658 5335 1822 5390 αὐτοῦ

157 5437 312 5508 μϐζὶ]
345 5435 698 5497 ἀπολαύσεις.
734 5433 834 5486 Διά
860 5432 1018 5486 τοῦτο
1041 5427 1135 5484 οὑν
1161 5429 1444 5498 ἀμφότερα
1472 5425 1639 5482 εἰπὼν
1664 5439 1823 5478 κατα·

157 5527 414 5596 λιμπάνω
439 5528 512 5596 τῇ
539 5522 784 5593 ὑμετέρᾳ
817 5521 1048 5584 συνέσει,
1085 5518 1151 5570 ἵν’
1183 5519 1322 5587 ὅπερ
1351 5515 1418 5570 ἂν
1447 5515 1573 5584 ὑμῖν
1601 5511 1823 5566 ἀκολου-

159 5615 380 5684 θότερον
417 5614 584 5681 φανῇ,
639 5607 862 5679 δέξησθε
909 5607 1000 5660 καὶ
1043 5605 1196 5658 αύτοί¹
1242 5603 1418 5656 τοῦτο.
1461 5598 1670 5684 Ἐμοὶᾲ
1715 5597 1822 5666 γὰρ

159 5701 304 5753 δοκεί
329 5701 459 5769 περὶ
485 5697 584 5750 τοῦ
629 5691 858 5764 ἀδελφοῦ
899 5691 1150 5762 εἰρῆσθαι
1191 5689 1366 5742 τοῦτο.
1419 5687 1527 5741 Καὶ
1565 5683 1818 5752 ἐγένετο,

217 5878 244 5905 θ
267 5877 496 5935 Quinque
521 5884 636 5935 mss.
661 5873 711 5916 et
736 5866 886 5916 Savil.
905 5864 1134 5935 προτέρῳ.
1203 5861 1233 5902 Β
1257 5861 1480 5934 ροὶηαιιθ
1499 5871 1624 5930 ‘mss.
1652 5861 1704 5904 et
1731 5857 1818 5932 Sa-

159 5939 238 5998 ῖὶι.
511 5939 534 5964 τ
561 5919 684 5998 ἦρε.
708 5943 834 5998 quas
856 5919 1128 5998 et_(':'0i_s{ili.
1155 5924 1362 5996 τοσαύτῃ
1385 5919 1544 5992 αὐτοῖς
1567 5919 1814 5990 κατηξείᾳ.

161 5997 188 6038 ὅ
205 5985 416 6054 Συῖσέσει,
442 5997 558 6056 ὅπερ
581 5985 766 6056 ἆννὺμίν
798 5989 1119 6056 καταλλήλους
1149 5985 1278 6056 ﬁcii.
1293 5985 1570 6056 εῖῃημένοις.
1593 5985 1814 6056 φανεῖται·

289 6043 434 6108 ἑὸὗτὸ
449 6043 680 6108 καῖἀὑτοὶ
692 6043 752 6100 ’τὸ
769 6049 982 6101 τοιοῦτον
1007 6047 1214 6102 δέξασθε.
1230 6044 1376 6104 Ἐμοί.
1395 6043 1473 6092 Sic
1490 6043 1682 6104 quidam
1703 6054 1815 6088 mss.

1391 394 1457 450 IN
1497 395 1647 450 CAP.
1679 394 1744 449 IV
1782 392 2024 450 GENES.
2059 393 2289 450 HOMIL.
2331 394 2472 451 XIX.

3509 401 3607 458 [60

1951 511 2135 578 φησὶν,
2165 511 2236 564 ἐν
2265 511 2346 576 τῷ
2372 509 2522 566 εῖναι
2548 513 2624 566 αἱ*
2633 531 2693 566 το
2702 513 2770 578 ὺς
2789 514 2860 567 ἐν
2879 514 2958 580 τῷ
2981 516 3164 582 πεδίῳ
3185 557 3197 581 ,
3222 516 3445 585 ἀνέστη
3462 518 3608 575 Κὰῖν

1950 599 2044 652 ἐπὶ
2079 599 2248 654 Ἅϐελ
2272 601 2378 654 τὸν
2408 599 2672 670 ἀδελφὸν
2691 601 2898 666 αὐτοῦ,
2921 603 3018 657 καί
3035 604 3384 660 ἀπέκτεινεν
3401 609 3604 662 αὐτόν.

1945 687 2157 757 Φοϐερά
2183 691 2216 759 ἡ
2249 689 2468 760 πρᾶξις,
2523 691 2856 744 ἐπικίνδυνον
2895 693 2955 745 τὸ
3005 693 3278 764 τόλμημα,
3329 696 3548 768 μυσαρά
3575 701 3608 766 ἡ

1946 775 2306 848 ἐπιχείρησις,
2346 777 2725 846 ἀσύγγνωστον
2755 779 2814 832 τὸ
2849 779 3169 853 ἁμάρτημα,
3203 781 3608 855 τεθηριωμένης

1945 859 2120 932 ψυχῆς
2135 864 2167 932 ἡ
2185 863 2398 934 γνώμη.
2415 863 2678 932 Ἀνέστη,
2699 866 2882 935 φησὶν,
2901 866 2999 918 ἐπὶ
3027 867 3196 920 Ἅϐελ
3215 867 3320 920 τὸν
3339 869 3609 937 ἀδελφόν

1945 950 2153 1014 αὑτοῦ,
2177 952 2272 1004 καί
2296 951 2649 1006 ἀπέκτεινεν
2676 955 2882 1008 αὐτόν.
2911 955 2974 1006 Ὢ
3005 957 3204 1024 μιαρᾶς
3227 957 3426 1026 χειρός
3453 957 3498 1009 ὣ
3517 957 3606 1010 δε-

1946 1035 2064 1102 ξιᾶς
2084 1037 2344 1108 ἐλεεινῆς·
2400 1038 2598 1109 μᾶλλον
2629 1039 2686 1092 δέ
2713 1041 2774 1093 οὑ
2797 1041 2894 1110 τὴν
2954 1044 3111 1110 χεῖρα
3141 1041 3380 1112 ἐλεεινὴν
3409 1041 3488 1095 δεῖ
3517 1060 3608 1095 κα-

1943 1124 2055 1177 λεῖν
2081 1125 2172 1178 καὶ
2205 1126 2424 1196 μιαρὰν,
2455 1127 2589 1180 ἀλλά
2611 1129 2708 1198 τὴν
2727 1129 2970 1198 γνώμην,
3051 1130 3144 1182 καὶ
3166 1129 3225 1182 τὸ
3251 1130 3412 1198 μέλος
3439 1132 3609 1201 ὑπηρ-

1943 1215 2191 1280 ετὴσατο.
2241 1215 2495 1283 Εἵπωμεν
2539 1215 2716 1266 τοίνυν
2755 1215 2948 1278 οὕτως·
2980 1215 3026 1267 ὣ
3054 1215 3274 1287 γνώμης
3305 1216 3602 1287 τολμηρᾶς,

1944 1299 2038 1352 καὶ
2076 1304 2298 1370 μιαρᾶς,
2331 1301 2424 1353 καὶ
2451 1301 2709 1372 ἐλεεινῆς,
2745 1303 2838 1355 καὶ
2867 1305 3002 1374 ὅπερ
3039 1303 3106 1358 ἂν
3135 1305 3275 1356 εἴποι
3305 1321 3412 1367 τις,
3453 1304 3604 1358 οὑδέν

1942 1386 2090 1454 ἄξιον
2112 1387 2242 1458 ἐρεῖ.
2263 1388 2386 1450 Πῶς
2417 1390 2516 1442 οὑκ
2539 1389 2838 1462 ἐνάρκησεν
2861 1391 3023 1444 αὑτοῦ
3058 1394 3091 1462 ἡ
3119 1392 3270 1463 χείρ;
3328 1391 3443 1456 πῶς
3478 1393 3605 1462 ἡδυ-

1941 1473 2078 1546 νήθη
2109 1478 2398 1544 κατασχεῖν
2432 1487 2456 1514 θ
2487 1475 2546 1528 τὸ
2573 1476 2744 1544 ξίφος,
2777 1479 2869 1531 καὶ
2896 1478 2993 1550 τὴν
3033 1479 3245 1550 πληγὴν
3272 1481 3600 1550 ἐπαγαγεῖν;

1941 1561 2058 1626 πῶς
2078 1563 2176 1616 οὑκ
2204 1563 2418 1633 ἁπέπτη
2445 1564 2536 1617 τοῦ
2571 1563 2826 1635 σώματος
2861 1567 2894 1636 ἡ
2928 1567 3106 1636 ψυχῆς
3133 1568 3248 1630 πῶς
3281 1567 3500 1638 ἴσχυσεν
3523 1573 3602 1632 εἰς

1939 1649 2099 1720 ἔργον
2118 1651 2342 1719 ἀγαγεῖν
2363 1651 2423 1704 τὸ
2469 1653 2680 1706 ἀνόσιον
2696 1651 2852 1705 τοῦτο
2889 1653 3172 1724 τόλμημα;
3205 1654 3321 1717 πῶς
3346 1657 3444 1708 οὑκ
3474 1657 3601 1708 ἐπε-

1939 1738 2186 1810 κάμφθη,
2220 1740 2314 1792 καὶ
2355 1739 2614 1809 μετέϐαλε
2672 1740 2770 1810 τὴν
2821 1743 3085 1812 γνώμην;
3143 1743 3258 1806 πῶς
3291 1744 3390 1796 οὐκ
3413 1744 3602 1798 ἔλαϐεν

1938 1825 2146 1879 ἔννοιαν
2169 1826 2267 1895 τῆς
2290 1825 2532 1894 φύσεως;
2564 1826 2683 1889 πῶς
2701 1828 2800 1880 οὐκ
2821 1828 3102 1896 ἐλογίσατο
3139 1829 3242 1900 πρὸ
3273 1830 3373 1900 τῆς
3399 1832 3602 1902 ἐπιχει-

1943 1916 2148 1984 ρήσεως
2167 1915 2228 1966 τὸ
2268 1914 2418 1977 τέλος
2438 1914 2532 1966 τοῦ
2563 1915 2890 1984 γινομένους
2941 1916 3057 1979 πῶς
3097 1918 3294 1987 ἡνεγκε
3327 1919 3463 1988 μετά
3504 1920 3600 1989 τὴν

1938 2001 2214 2074 ἀναίρεσιν
2254 2001 2380 2054 ίδεῖν
2423 2001 2484 2054 τὸ
2509 2001 2668 2072 σῶμα
2697 2003 2792 2056 τοῦ
2823 2002 3053 2074 ἀδελφοῦ
3097 2007 3326 2076 σπαῖρον
3369 2005 3463 2059 ἐπὶ
3503 2007 3602 2075 τῆς

1937 2091 2068 2162 γῆς;
2110 2087 2224 2152 πῶς
2254 2088 2440 2158 ἴσχυσε
2468 2089 2769 2144 θεάσασθαι
2811 2091 2970 2160 σῶμα
3012 2095 3203 2162 νεκρὸν
3243 2093 3334 2146 ἐπὶ
3354 2093 3454 2163 τῆς
3496 2094 3598 2162 γῆς

1937 2179 2288 2250 ἐρριμμένον,
2319 2179 2412 2230 καὶ
2447 2179 2505 2230 οὑ
2535 2177 2746 2248 διελύθη
2793 2179 2952 2242 εὐθὺς
3009 2179 3116 2232 ἀπὸ
3163 2181 3260 2249 τῆς
3310 2179 3468 2244 θέας;
3535 2180 3598 2234 Εἰ

1937 2267 2044 2338 γὰρ
2093 2269 2253 2337 ἡμεῖς
2302 2266 2442 2336 μετὰ
2471 2265 2737 2320 τοσούτων
2773 2267 2908 2320 ἐτῶν
2938 2267 3189 2338 ἀριθμὸν,
3215 2267 3335 2320 καθ’
3362 2268 3597 2338 ἑκάστην

1935 2355 2152 2426 ἡμέραν
2176 2355 2410 2426 ὁρῶντες
2453 2355 2578 2418 τοὺς
2624 2355 3008 2419 τελευτῶντας,
3059 2356 3153 2409 καὶ
3203 2355 3374 2410 ταῦτα
3425 2357 3598 2426 οἰκείᾳ

1933 2443 2158 2514 τελευτῇ
2193 2443 2292 2513 τῆς
2326 2440 2471 2512 ζωῆς
2511 2441 2965 2513 μεθισταμένους,
3019 2445 3112 2497 καὶ
3144 2444 3436 2515 οὐδαμόθεν
3467 2447 3597 2516 ἡμῖν

1935 2531 2329 2601 προσήκοντας,
2359 2528 2778 2599 κατακλώμεθα·
2811 2529 2914 2583 κᾶν
2941 2530 3130 2600 ἐχθρὸς
3161 2527 3216 2604 ᾖ.
3257 2532 3597 2601 καταλύομεν

1933 2621 2034 2688 τὴν
2058 2619 2277 2690 ἔχθραν·
2315 2617 2494 2689 πολλῷ
2545 2619 2608 2688 δὴ
2635 2619 2832 2688 μᾶλλον
2861 2618 3046 2672 τοῦτον
3085 2621 3230 2683 είκὸς
3257 2615 3324 2690 ἦν
3348 2621 3596 2692 διαλυθῆ-

1933 2723 2042 2770 ναι,
2097 2709 2189 2760 καὶ
2238 2707 2430 2778 ἀθρόον
2467 2708 2680 2775 ἀφεῖναι
2727 2707 2826 2778 τὴν
2881 2706 3079 2778 ψυχὴν,
3125 2707 3336 2778 ὁρῶντα
3367 2709 3456 2763 τὸν
3491 2710 3596 2779 πρὸ

1937 2793 2130 2864 μικροῦ
2163 2793 2557 2863 διαλεγόμενον,
2606 2793 2831 2862 ἀδελφὸν
2859 2794 2948 2848 τὸν
2971 2794 3323 2866 ὁμομήτριον,
3345 2795 3437 2848 τὸν
3463 2797 3594 2864 ὁμο-

1935 2882 2178 2952 πάτριον,
2209 2881 2300 2934 τὸν
2321 2883 2419 2944 τὰς
2448 2881 2616 2944 αὐτάς
2665 2882 2812 2950 αὑτῷ
2847 2882 3084 2936 λύσαντα
3115 2884 3325 2947 ὠδῖνας.
3362 2883 3454 2936 τὸν
3497 2884 3595 2955 τὴν

1933 2962 2084 3030 παρὰ
2117 2961 2250 3014 θεοῦ
2279 2961 2489 3014 εὔνοιαν
2511 2961 2972 3029 ἐπισπασάμενον,
3001 2961 3256 3034 ἐξαίφνης
3281 2965 3482 3018 ἄπνουν
3503 2964 3598 3017 καὶ

1933 3050 2289 3121 ἁνενέργητον
2319 3049 2587 3120 κείμενον,
2629 3050 2720 3102 καὶ
2753 3048 2847 3102 ἐπὶ
2871 3049 2969 3120 τῆς
2999 3049 3104 3119 γῆς
3133 3050 3448 3120 σπαίροντα.

2007 3155 2071 3226 β’.
2122 3153 2257 3206 Ἀλλ’
2287 3154 2482 3222 ἴδωμεν
2518 3153 2679 3206 πάλιν
2709 3154 2802 3205 καὶ
2835 3153 2972 3224 μετὰ
2995 3153 3094 3224 τὴν
3141 3155 3362 3208 ἀνοσίαν
3386 3155 3594 3227 ταύτην

1935 3243 2154 3314 πρᾶξιν,
2168 3243 2260 3294 καὶ
2289 3241 2426 3311 μετά
2449 3241 2508 3294 τὸ
2521 3242 2788 3312 τολμῆσαι
2808 3241 2964 3294 τοῦτο
2979 3241 3039 3294 τὸ
3071 3241 3250 3312 πάσης
3267 3243 3592 3312 συγγνώμης

1931 3329 2390 3400 ἀπεστερημένον,
2431 3331 2572 3402 πόσῃ
2599 3331 2860 3399 κέχρηται
2909 3329 3313 3394 συγκαταϐάσει
3343 3329 3437 3383 καὶ
3467 3331 3590 3400 φιλο

1931 3418 2214 3488 ανθρωπία
2237 3420 2265 3470 ὁ
2296 3418 2403 3469 τῶν
2437 3419 2690 3470 ἁπάντων
2709 3417 2858 3480 Θεός.
2895 3416 3006 3470 Καὶ
3035 3413 3205 3470 εἶπεν
3231 3421 3264 3470 0'
3284 3417 3426 3482 Θεὸς
3445 3418 3594 3484 πρὸς

1931 3505 2094 3559 Κάτν.
2123 3505 2264 3558 Αὐτὸ
2287 3503 2444 3557 τοῦτο
2471 3504 2627 3574 μόνον
2651 3504 2822 3574 πόσης
2848 3505 2995 3557 ἐστὶν
3021 3505 3356 3574 ἀγαθότητος
3375 3545 3389 3570 ,
3415 3505 3505 3558 τὸν
3527 3506 3593 3558 τὰ

1931 3593 2152 3648 τοιαῦτα
2172 3591 2545 3663 ἐργασάμενον
2567 3591 2907 3662 ἀποκρίσεως
2928 3590 3158 3654 ἀξιῶσαι
3177 3606 3192 3654 ;
3223 3592 3286 3643 Εἰ
3306 3590 3414 3660 γάρ
3435 3593 3592 3662 ἡμεῖς

1934 3681 2191 3744 πολλάκις
2231 3681 2357 3742 τοὺς
2379 3680 2658 3749 ὁμογενεῖς
2689 3677 3106 3749 βδελυττόμεθα,
3139 3677 3357 3732 ἐπειδάν
3393 3677 3592 3748 ἴδωμεν

1933 3769 2168 3822 τοιοῦτόν
2193 3785 2244 3820 τι
2273 3767 2528 3836 τόλμημα
2559 3765 3000 3836 ἐργασαμένους·
3039 3765 3216 3835 πολλῷ
3251 3765 3450 3836 μᾶλλον
3499 3766 3590 3818 τὸν

1931 3857 2133 3924 ἀγαθὸν
2161 3855 2290 3908 Θεὸν
2322 3853 2717 3924 ἐκπλήττεσθαι
2759 3853 2837 3906 δεῖ
2863 3853 3100 3924 τοσαύτῃ
3153 3857 3222 3924 τῇ
3274 3853 3592 3923 ἀνεξικακίᾳ.

1933 3945 2286 4015 κεχρημένον,
2317 3943 2409 3995 καὶ
2460 3941 2604 4010 μάλα
2639 3941 2881 4004 εἰκότως.
2931 3940 3136 4011 ’ἰατρὸς
3178 3941 3285 4010 γάρ
3325 3941 3462 4002 ἐστι,
3497 3943 3592 3993 καί⁵

1933 4031 2114 4101 πατὴρ
2147 4029 2493 4101 φιλόστοργος
2517 4046 2528 4058 ·
2574 4026 2666 4081 καὶ
2690 4029 2764 4090 ὡς
2795 4029 2891 4096 μὲν
2918 4027 3100 4098 ἰατρὸς
3121 4029 3297 4080 πάντα
3329 4031 3474 4079 ποιεῖ
3498 4029 3592 4080 καὶ

1932 4121 2396 4189 πραγματεύεται,
2415 4117 2554 4169 ὥστε
2584 4117 2709 4180 τοὺς
2737 4117 2795 4167 ἐν
2819 4115 3080 4185 χαλεπαῖς
3101 4115 3432 4186 ἀρρωστίαις
3457 4133 3588 4184 τυγ-

1929 4209 2188 4277 χάνοντας
2216 4206 2348 4277 πρὸς
2377 4205 2583 4272 ὑγίειαν
2615 4205 2982 4270 ἐπαναγαγεῖν
3001 4219 3014 4233 ’
3048 4201 3124 4264 ὡς
3148 4203 3202 4254 δὲ
3237 4203 3420 4274 πατὴρ
3451 4201 3590 4271 φιλό-

1931 4311 2155 4366 στοργος
2175 4295 2296 4356 τοὺς
2316 4292 2412 4362 τὴν
2443 4291 2645 4344 οἰκείαν
2671 4292 2948 4358 εὐγένειαν
2982 4289 3068 4342 διὰ
3094 4287 3366 4359 ρᾳθυμίαν
3399 4289 3589 4360 προδε-

1927 4382 2166 4443 δωκότας
2185 4379 2430 4450 βούλεται
2453 4377 2542 4430 διὰ
2561 4375 2661 4446 τῆς
2691 4375 2961 4447 πατρικῆς
2985 4375 3364 4446 φιλοστοργίας
3383 4376 3462 4437 είς
3489 4377 3589 4446 τὴν

1932 4469 2197 4540 προτέραν
2222 4469 2444 4535 ἀγαγεῖν
2470 4465 2789 4536 εὐημερίαν.
2821 4464 2974 4517 Ἐπεὶ
2998 4459 3090 4516 οὖν
3119 4464 3252 4517 πολὺ
3275 4464 3372 4534 τῆς
3392 4465 3590 4534 ἀγαθό-

1927 4558 2085 4630 τητός
2105 4557 2250 4608 ἐστιν
2277 4553 2442 4608 αὑτοῦ
2467 4553 2526 4606 τὸ
2552 4551 2801 4622 μέγεθος,
2839 4550 3083 4621 βούλεται
3113 4549 3208 4606 καλ⁸
3235 4551 3369 4622 πρὸς
3401 4551 3491 4604 τὸν
3519 4551 3590 4604 τὰ

1927 4644 2150 4696 τοιαῦτα
2177 4640 2543 4712 τετολμηκότα
2575 4639 2776 4710 πολλὴν
2810 4641 2910 4710 τὴν
2948 4639 3142 4692 ἑαυτοῦ
3177 4637 3586 4710 φιλανθρωπίαν

1927 4731 2312 4796 ἐπιδείξασθαι.
2348 4729 2484 4798 Φησὶ
2513 4727 2620 4798 γὰρ
2649 4729 2786 4800 πρὸς
2828 4729 3020 4782 αὐτόν’
3055 4726 3208 4800 [164]
3251 4727 3380 4782 Ποῦ
3413 4727 3586 4782 ἔστιν

1931 4822 2100 4872 Ἅϐελ
2123 4823 2154 4872 ό
2182 4819 2440 4887 ἀδελφός
2462 4833 2614 4880 σου;
2639 4816 2816 4886 Πολλὴ
2847 4816 2940 4869 καὶ
2969 4817 3194 4886 ἄπειρος
3213 4817 3246 4886 ἡ
3268 4813 3588 4879 ἁνεξικακία

1926 4908 2018 4960 τοῦ
2051 4907 2204 4960 Θεοῦ.
2242 4907 2316 4960 Οὑ
2336 4905 2444 4976 γὰρ
2473 4904 2656 4975 ἐπειδὴ
2691 4905 2876 4974 ἡγνὸει
2899 4903 3085 4974 ἡρώτα
3105 4941 3122 4966 ,
3163 4901 3278 4954 ἀλλ’
3311 4903 3449 4972 ὅπερ
3491 4903 3588 4955 ἐπὶ

1927 4996 2018 5049 τοῦ
2045 5000 2248 5066 πατρὸς
2271 4993 2434 5047 αὑτοῦ
2459 4991 2777 5062 πεποίηκεν·
2805 4991 2954 5044 οὐδὲν
2978 4991 3086 5060 γὰρ
3109 4989 3308 5043 κωλύει
3339 4991 3498 5042 πάλιν
3526 4989 3587 5042 τὸ

1925 5085 2056 5137 αὐτὸ
2080 5085 2270 5136 εἰπεῖν.
2299 5081 2566 5151 Καθάπερ
2591 5079 2698 5149 γάρ
2722 5080 2928 5131 ἐκεῖνον
2953 5077 3094 5148 ὁρῶν
3139 5077 3226 5130 διὰ
3266 5076 3362 5148 τὴν
3394 5075 3586 5146 αἰσχύ-

1925 5193 2022 5246 νην
2051 5173 2151 5242 τῆς
2185 5170 2520 5240 γυμνότητος
2573 5167 2946 5240 κρυπτόμενον
2982 5163 3190 5236 ἠρώτα,
3222 5165 3344 5218 Ποῦ
3365 5161 3424 5217 εἴ
3439 5181 3456 5228 ;
3487 5165 3584 5216 οὐκ

1925 5263 2155 5330 ἀγνοῶν,
2188 5261 2322 5318 ἀλλά
2353 5257 2664 5327 παρρησίας
2721 5255 2869 5324 αὐτῷ
2917 5253 3172 5324 ἀφορμὰς
3220 5253 3416 5317 διδοὺς,
3445 5251 3584 5304 ὥστε

1923 5351 2012 5403 διὰ
2037 5350 2134 5416 τῆς
2156 5346 2443 5418 ὁμολογίας
2461 5343 2552 5398 τοῦ
2573 5342 2909 5411 πταίσματος
2934 5340 3300 5406 ἀπονίψασθαι
3329 5339 3390 5392 τὸ
3413 5339 3586 5410 πλημ-

1929 5437 2144 5507 μέλημα
2171 5431 2356 5502 (τοῦτο
2405 5430 2520 5502 γάρ,
2569 5427 2687 5490 ἔθος
2744 5427 2914 5498 αὐτῷ,
2948 5427 3152 5481 ἄνωθεν
3191 5425 3282 5480 καὶ
3318 5424 3376 5490 ἐξ
3413 5425 3586 5495 ἀρχῆς

1925 5523 2022 5592 τὴν
2050 5519 2339 5590 ὁμολογίαν
2373 5517 2622 5571 ἀπαιτεῖν
2666 5515 2794 5586 παρ’
2827 5515 2982 5584 ἡμῶν
3015 5512 3120 5566 τῶν
3163 5511 3584 5582 ἡμαρτημένων,

1926 5609 2020 5662 καὶ
2056 5606 2401 5676 συγχώρησιν
2455 5603 2783 5674 παρέχειν)·
2828 5601 3008 5674 ἐρωτᾷ
3036 5601 3127 5652 καὶ
3159 5597 3254 5650 νῦν
3283 5597 3372 5650 τὸν
3422 5597 3584 5660 Κάῖν,

1925 5696 2016 5750 καί
2049 5711 2214 5764 φησι,
2243 5693 2366 5746 Ποῦ
2399 5689 2570 5744 ἔστιν
2601 5691 2820 5743 Ἀϐελό
2849 5687 3110 5756 ἀδελφός
3142 5701 3294 5748 σου;
3333 5687 3586 5752 Ἀγνοιαν

1930 5784 2299 5855 προσποιεῖται
2333 5783 2360 5832 ὁ
2390 5776 2767 5846 φιλάνθρωπος
2787 5775 3085 5844 Δεσπότης,
3114 5773 3201 5826 ἵνα
3221 5771 3306 5824 διὰ
3335 5772 3432 5842 τῆς
3454 5773 3585 5842 ἐρω-

1928 5875 2135 5940 τήσεως
2157 5865 2548 5938 παρασκευάσῃ
2577 5864 2666 5930 τὸν
2695 5863 2762 5914 τὰ
2793 5861 3015 5915 τοιαῦτα
3046 5857 3398 5930 εἰργασμένον
3434 5859 3585 5910 ἐπειο

1995 6047 2016 6073 ο
2039 6031 2222 6092 Regius
2244 6039 2368 6076 unus
2409 6021 2706 6084 καταγαγεῖν,
