4038 6394
287 377 380 433 {Si
1343 368 1408 424 lN
1445 369 1598 425 CAP.
1641 366 1728 422 IV.
1771 360 2019 423 GENBS.
2052 365 2284 423 llOMlL.
2328 368 2467 425 XIX.

284 494 436 559 frater
451 499 569 544 tuus
580 488 607 542 .9
621 475 758 556 Quid
776 486 933 558 igitur
943 485 1010 540 ad
1028 483 1140 539 bzec
1152 484 1407 554 ingratus,
1423 482 1682 554 stupidus,
1703 490 1875 537 teme-

284 583 455 636 rarius
475 589 531 636 et
553 579 870 650 impudens?
895 579 1026 634 Cum
1047 575 1386 648 cogitandum
1409 584 1551 630 esset
1577 575 1740 630 Deum
1767 588 1872 628 non

281 676 528 743 ignarum
578 672 655 727 rei
702 672 1033 741 interrogare
1056 709 1072 736 ,
1110 666 1202 722 sed
1229 668 1297 723 ab
1328 668 1444 737 ipso
1481 666 1872 722 confessionem

281 765 524 820 criminis
552 764 790 833 exigere,
815 772 869 817 et
895 776 994 818 nos
1019 760 1234 823 docere,
1265 774 1554 829 numquam
1578 773 1738 812 causa
1768 773 1874 813 non

281 856 587 912 examinata
626 854 946 910 sententiam
976 861 1159 908 contra
1201 851 1390 906 fratres
1415 861 1627 906 nostros
1650 865 1770 905 esse
1793 849 1872 904 fe-

281 949 503 1005 rendam
531 991 546 1013 ,
574 957 630 1004 et
668 949 720 1003 in
751 957 982 1008 mentem
1021 960 1274 1001 revocare
1312 944 1590 999 consilium
1621 942 1827 997 Domini
1855 983 1869 1005 .

280 1043 369 1112 qui
401 1041 548 1096 hunc
579 1041 719 1098 illius
743 1049 990 1096 conatum
1016 1037 1333 1106 reprimens,
1363 1044 1418 1090 et
1442 1034 1689 1090 conscius
1712 1033 1870 1086 etiam

279 1143 568 1202 antequam
611 1148 702 1188 res
733 1133 967 1187 eveniret
990 1172 1004 1195 ,
1034 1128 1160 1200 quid
1192 1128 1280 1183 ille
1320 1126 1540 1181 haberet
1566 1125 1618 1178 in
1648 1125 1828 1178 animo
1854 1164 1868 1189 ,

283 1224 536 1281 remediis
565 1223 630 1280 ad
659 1222 1089 1292 praeveniendum
1117 1236 1244 1276 usus
1265 1228 1350 1274 est
1371 1237 1384 1272 :
1405 1234 1525 1272 cum
1551 1218 1873 1287 oportuisset

282 1320 365 1372 his
403 1320 657 1375 omnibus
696 1317 941 1388 cogitatis
967 1359 980 1380 ,
1011 1317 1168 1368 finem
1201 1314 1375 1368 facere
1407 1313 1624 1368 insania:
1647 1354 1661 1376 ,
1692 1311 1872 1370 dicere

280 1410 405 1479 quid
437 1409 654 1472 factum,
685 1407 968 1465 ostendere
998 1405 1206 1460 medico
1236 1405 1386 1459 ulcus
1407 1446 1424 1470 ,
1455 1411 1510 1460 et
1533 1403 1776 1473 accipere
1803 1403 1871 1457 ab

280 1502 375 1554 illo
400 1500 687 1573 pharmaca
714 1518 725 1552 :
748 1499 840 1556 ille
869 1499 1058 1551 iterum
1085 1505 1241 1566 auget
1268 1497 1472 1559 vulnus,
1499 1504 1552 1549 et
1577 1494 1726 1549 ulcus
1753 1509 1873 1563 gra-

280 1592 396 1645 vius
443 1590 635 1644 reddit.
685 1589 751 1643 Et
777 1590 943 1653 dixit,
975 1589 1182 1658 inquit,
1216 1587 1437 1646 Nescio.
1459 1586 1602 1647 Vide.
1629 1587 1869 1654 responsi

280 1681 684 1749 impudentiam.
713 1679 848 1733 Num
879 1679 1078 1732 homini
1110 1679 1365 1752 loqueris,
1388 1693 1546 1748 quem
1574 1677 1708 1732 forte
1727 1676 1870 1731 deci-

280 1789 407 1842 pere
436 1772 660 1842 posses?
683 1772 888 1837 Nescis,
917 1771 1095 1824 infelix
1118 1781 1171 1824 et
1197 1772 1380 1835 miser,
1409 1771 1528 1838 quis
1552 1779 1631 1824 est
1659 1770 1745 1839 qui
1775 1769 1868 1824 tibi

278 1864 554 1933 loquitur?
591 1878 695 1916 non
738 1864 940 1932 cogitas
965 1904 978 1925 ,
1007 1862 1179 1932 ipsum
1207 1861 1277 1915 ob
1305 1862 1592 1916 bonitatem
1623 1876 1868 1931 magnam

278 1955 632 2023 interrogare,
673 1953 1007 2007 occasionem
1047 1951 1330 2023 quamdam
1371 1953 1611 2007 invenire
1646 1952 1868 2021 cupien-

280 2057 408 2108 tem,
439 2061 534 2114 per
561 2060 719 2114 quam
742 2059 893 2099 suam
923 2045 1016 2098 tibi
1042 2044 1278 2104 declaret
1307 2044 1709 2110 humanitatem,
1735 2053 1788 2098 et
1813 2053 1876 2098 ut.

281 2146 463 2204 postea
489 2139 705 2190 tentatis
727 2151 756 2190 a
778 2152 836 2190 se
857 2136 1127 2199 omnibus,
1157 2137 1352 2192 nullam
1377 2135 1574 2189 habeas
1594 2135 1834 2197 defensio
1851 2169 1865 2178 -

279 2247 425 2294 nem,
446 2239 629 2300 utpote
650 2231 740 2300 qui
761 2245 930 2300 paenae
957 2229 1184 2305 teipsum
1212 2229 1500 2290 obnoxium
1523 2230 1817 2286 constituas
1844 2231 1871 2284 ’ἒ

371 2324 642 2377 Accusatio
697 2323 1012 2376 conscientia:
1052 2339 1204 2392 quam
1247 2323 1429 2392 gravis.
1465 2351 1537 2361 —
1585 2321 1653 2376 Et
1693 2323 1864 2390 dixit,

278 2418 466 2485 inquit,
505 2415 710 2474 Nescio.
747 2415 888 2474 Num
911 2426 1078 2470 custos
1103 2417 1275 2486 fratris
1301 2415 1398 2470 ntei
1445 2433 1557 2470 sunt
1599 2418 1728 2487 ego?
1765 2415 1868 2473 Co-

275 2511 380 2578 gita
425 2508 510 2569 hic
552 2509 894 2569 conscientia:
935 2509 1330 2564 accusationem
1370 2518 1425 2564 et
1466 2509 1732 2578 quomodo
1774 2511 1864 2579 qui

275 2601 603 2659 Conscientia
629 2601 1000 2670 impellebatur
1018 2643 1033 2667 ,
1062 2602 1212 2663 utita
1235 2601 1404 2656 dicam
1428 2618 1578 2668 ,nec.
1589 2612 1864 2672 postquam

274 2693 678 2759 dizil,,Nescio,_
703 2694 864 2748 finem
889 2693 1101 2749 dicendi
1128 2695 1270 2761 fecit,
1300 2694 1392 2748 sed
1418 2694 1654 2752 subdidit
1681 2711 1694 2746 :
1722 2693 1866 2748 Nunt

273 2797 438 2843 custos
463 2787 637 2854 fratris
663 2787 760 2840 mei
784 2803 896 2841 sum
933 2803 1024 2858 ego
1042 2787 1068 2839 ?
1117 2795 1318 2840 tantum
1347 2802 1449 2843 non
1477 2787 1709 2857 seipsum
1739 2788 1864 2843 red-

273 2892 521 2948 arguens.
563 2877 776 2932 Atenim
808 2878 850 2931 si
881 2895 946 2932 ex
969 2877 1315 2948 consequenti
1341 2879 1437 2935 abs
1483 2887 1533 2933 te
1574 2889 1858 2950 ageretur,

271 2969 564 3024 secundum
606 2980 810 3024 natura:
843 2971 982 3040 leges
1010 2971 1285 3026 custodem
1326 2971 1575 3026 fraterna:
1599 2973 1784 3027 salutis
1813 2982 1864 3028 te

273 3079 395 3118 esse
417 3065 719 3133 oportebat.
749 3064 858 3118 lloc
885 3065 1026 3118 enim
1068 3073 1252 3118 natura
1279 3064 1546 3128 decrevit,
1575 3074 1629 3120 et
1654 3075 1864 3135 oportet

269 3170 364 3210 eos
386 3156 475 3224 qui
500 3171 564 3210 ex
586 3155 774 3210 eodem
799 3164 950 3211 utero
973 3155 1082 3209 nati
1104 3167 1227 3210 sunt
1249 3166 1431 3210 mutuo
1451 3172 1570 3212 esse
1591 3157 1858 3212 custodes.

268 3247 423 3315 Quod
451 3247 497 3301 si
539 3247 640 3301 hoc
666 3247 884 3300 nolebas
905 3289 921 3312 ,
951 3258 1003 3302 et
1033 3248 1248 3302 noluisti
1275 3257 1456 3303 custos
1486 3264 1606 3305 esse
1635 3249 1813 3304 fratris
1843 3268 1858 3305 :

268 3353 436 3408 quare
463 3354 592 3409 ergo
623 3340 761 3394 illius
791 3340 1100 3400 interfector
1126 3355 1187 3394 es
1221 3340 1390 3395 factus
1415 3383 1428 3405 ,
1458 3351 1511 3396 et
1537 3358 1657 3396 eum
1689 3344 1776 3412 qui
1810 3351 1862 3397 te

270 3431 416 3486 nulla
452 3430 630 3486 affecit
672 3432 1132 3501 injtu'iaoccidisti
1157 3474 1172 3499 ,
1201 3442 1255 3487 et
1286 3435 1476 3502 putasti
1515 3435 1713 3488 nullum
1745 3434 1861 3490 fore

267 3525 355 3594 qui
392 3534 442 3579 te
481 3524 550 3578 de
583 3525 685 3577 hoc
715 3525 1139 3593 reprehensuros
1163 3527 1342 3580 esset?
1367 3525 1470 3580 Sed
1497 3537 1743 3596 exspecta
1765 3567 1778 3589 ,
1807 3537 1864 3582 et

267 3617 478 3676 videbis
505 3626 870 3672 accusatorem
900 3627 1045 3672 tuum
1074 3617 1188 3674 fore
1212 3634 1332 3673 eum
1360 3619 1448 3688 qui
1477 3620 1780 3674 interfectus
1807 3629 1862 3676 et

265 3717 570 3778 prostratus
591 3710 754 3778 jacet,
779 3720 831 3762 et
859 3719 910 3764 te
934 3713 1199 3766 viventem
1228 3719 1282 3766 et
1308 3711 1688 3775 ambulantem,
1715 3713 1858 3767 clara

265 3816 404 3854 voce
425 3812 816 3858 accusaturum.
846 3802 930 3856 10.
957 3799 1024 3854 Et
1050 3801 1168 3854 dicit
1193 3801 1332 3856 Deus
1355 3818 1372 3856 :
1397 3803 1532 3874 Quid
1547 3803 1709 3874 fecisti
1731 3804 1862 3858 hoc?

257 3891 454 3961 Magna
502 3891 660 3962 hujus
707 3893 852 3947 verbi
900 3893 1169 3948 recondita
1215 3895 1294 3948 vis
1338 3903 1452 3958 est,
1485 3905 1538 3949 et
1565 3895 1856 3966 emphasis.

263 3982 442 4048 Quare
462 4023 494 4048 ,_
514 3983 681 4052 inquit
700 4025 731 4049 ,_
749 3982 852 4038 hoc
879 3993 1128 4053 Operatus
1150 3985 1247 4038 es?
1275 4001 1438 4056 quare
1463 3987 1724 4042 admisisti
1755 4004 1850 4043 ne-

264 4075 458 4128 farium
493 4075 594 4130 hoc
624 4075 829 4130 facinus
853 4118 867 4141 ,
894 4077 1248 4132 abominabile
1277 4092 1412 4146 Opus
1437 4118 1452 4144 ,
1481 4077 1676 4133 factum
1705 4079 1858 4136 inex-

264 4166 460 4234 piabile
489 4207 519 4230 ,,
551 4167 812 4221 insaniam
862 4167 1246 4224 intolerabilem
1273 4208 1290 4234 ,
1333 4168 1535 4228 caedem
1573 4186 1764 4225 novam
1803 4182 1858 4227 et

261 4259 582 4328 stupendam
603 4299 619 4323 ,
645 4261 754 4329 jam
787 4261 1013 4329 primum
1043 4259 1094 4314 in
1122 4259 1396 4314 hominum
1428 4262 1587 4320 vitam
1615 4272 1700 4316 tua
1728 4263 1858 4319 dex-

263 4361 381 4406 tera
427 4353 736 4406 invectam?
779 4369 875 4408 cur
919 4352 1086 4409 fecisti
1130 4352 1234 4413 hoc
1277 4361 1383 4407 tam
1423 4370 1706 4424 magnum,
1747 4365 1855 4411 tam

263 4441 504 4496 terribile
525 4483 540 4507 ,
574 4459 680 4512 quo
710 4458 815 4500 non
858 4455 940 4505 est
977 4453 1252 4513 peccatum
1280 4443 1422 4499 aliud
1452 4446 1704 4515 gravius?
1746 4446 1858 4504 Vas:

259 4536 526 4605 sanguinis
551 4535 724 4606 fratris
749 4537 823 4589 tui
848 4536 1035 4590 clamat
1063 4537 1132 4590 ad
1156 4553 1233 4590 me
1257 4535 1320 4592 de
1346 4545 1498 4595 terra.
1532 4537 1668 4593 Num
1695 4537 1856 4595 homo

261 4644 406 4692 sum,
434 4628 626 4698 inquit,
654 4629 742 4695 qui
769 4630 936 4684 solam
964 4629 1105 4685 illam
1136 4644 1321 4687 vocem
1349 4630 1583 4695 audiam,
1615 4648 1734 4703 quas
1761 4647 1856 4702 per

263 4721 496 4789 linguam
537 4719 848 4790 profertur?
895 4719 1035 4779 Deus
1073 4735 1190 4780 sum
1215 4764 1232 4790 ,
1271 4723 1360 4793 qui
1407 4714 1622 4793 possum
1663 4733 1720 4779 et
1761 4739 1856 4793 per

260 4812 576 4880 sanguinem
616 4812 802 4867 audire
838 4813 1155 4869 clamantem
1180 4857 1207 4881 ,_
1229 4823 1284 4870 et
1321 4815 1468 4874 humi
1507 4826 1851 4888 prostratum.

261 4903 404 4962 Ecce
431 4917 713 4972 quousque
752 4904 894 4958 volat
933 4920 1031 4958 vox
1059 4906 1333 4976 sanguinis
1374 4907 1530 4976 hujus
1553 4949 1568 4973 ,
1595 4923 1762 4978 usque
1799 4908 1852 4962 in

258 4993 450 5047 caelum
476 5011 507 5047 a
531 5005 672 5049 terra
698 4995 960 5064 ascendit,
989 5005 1044 5051 et
1068 5007 1487 5066 praetercurrens
1515 4999 1726 5064 caelum,
1749 5015 1853 5056 cre—

259 5086 421 5155 loque
440 5087 752 5155 superiores
776 5087 1022 5155 virtutes,
1054 5089 1202 5159 regio
1226 5089 1368 5144 solio.
1386 5090 1680 5155 assistit,_et
1705 5100 1852 5145 tuum

256 5179 508 5248 deplorat
529 5179 896 5248 homicidium,
923 5197 986 5235 ac
1007 5182 1266 5237 nefarium
1293 5183 1394 5237 hoc
1414 5185 1589 5239 scelus
1613 5194 1846 5240 accusat.

271 5271 388 5328 Vox
412 5273 678 5345 sanguinis
706 5274 880 5343 fratris
907 5274 978 5328 tui
1004 5276 1188 5329 clamat
1213 5275 1281 5329 ad
1305 5293 1386 5330 mc
1410 5277 1473 5331 de
1499 5289 1652 5330 terra.
1682 5277 1848 5342 Num,

257 5366 454 5435 inquit,
483 5365 534 5420 in
559 5366 791 5420 alienum
813 5375 866 5420 et
883 5366 1145 5436 hospitem
1169 5368 1496 5439 iniquitatem
1517 5369 1654 5423 hanc
1677 5381 1851 5439 patra-

260 5457 374 5510 sti?
405 5458 459 5510 In
487 5457 706 5512 fratrem
739 5469 884 5513 tuum
908 5501 922 5523 ,
958 5461 1104 5515 illum
1131 5461 1218 5531 qui
1246 5461 1386 5515 nulla
1420 5474 1468 5518 te
1500 5464 1687 5533 injuria
1718 5455 1848 5520 aﬂ‘e-

255 5557 442 5613 cerat,
473 5551 689 5603 smvisti.
727 5550 833 5605 Sed
865 5551 999 5604 forte
1038 5551 1406 5607 benevolentia
1437 5570 1553 5609 mea
1596 5555 1732 5610 hanc
1777 5557 1848 5610 illi

254 5641 462 5694 caulem
495 5643 730 5712 peperit,
763 5652 815 5697 et
846 5659 964 5697 cum
994 5659 1098 5698 non
1129 5658 1314 5713 posses
1341 5661 1547 5700 mecum
1578 5663 1842 5716 pugnare,
1870 5693 1874 5697 .

256 5732 318 5795 in
346 5730 498 5793 illum
529 5733 758 5791 effudisti
803 5732 1037 5789 furorem
1071 5745 1218 5790 tuum
1259 5735 1593 5791 indomitum.
1642 5738 1848 5807 Eapro-

259 5835 381 5894 pter
404 5821 568 5880 talem
592 5823 682 5881 tibi
709 5839 918 5894 prauam
943 5825 1186 5897 inferam,
1213 5837 1268 5883 ut
1292 5829 1461 5884 audax
1485 5828 1621 5886 istud
1647 5830 1848 5889 facinus

3466 363 3568 424 Ι(ῑᾶ

1985 477 2232 534 oblivioni
2257 480 2391 535 tradi
2421 497 2523 536 non
2554 482 2738 552 possit,
2764 491 2816 539 et
2841 500 2958 556 qua:
2983 467 3045 540 in
3067 495 3118 544 te
3144 488 3297 558 fiunt,
3317 493 3570 551 omnlbus

1982 571 2203 641 posthac
2247 576 2550 643 sequuturis
2591 575 2868 647 castigatio
2901 588 2956 634 et
2997 579 3290 639 admonitio
3333 585 3460 642 sint.
3499 588 3566 644 Et

1980 678 2112 715 nunc
2131 703 2144 725 ,
2175 664 2295 732 quia
2326 663 2425 719 hoc
2455 664 2660 730 fecisti,
2687 677 2740 722 et
2765 667 2956 723 malam
2983 671 3308 730 voluntatem
3335 676 3403 732 ad
3431 677 3564 734 efl'e-

1979 762 2122 808 ctum
2153 755 2413 812 deduxisti
2439 799 2454 823 ,
2484 767 2538 814 et
2566 775 2657 828 per
2685 761 2932 816 invidiam
2970 766 3170 821 caedem
3206 770 3521 826 commisisti
3548 813 3564 838 ,

1980 847 2281 904 Maledictus
2307 861 2360 903 tu
2389 853 2452 905 de
2477 863 2628 905 terra.

2049 940 2099 992 5.
2123 939 2282 996 Vides
2312 941 2702 999 maledictionis
2726 945 3099 1016 differentiam,
3121 951 3354 1008 dilecte?
3373 954 3452 1010 Ne
3478 957 3577 1027 igi-

1978 1040 2064 1086 tur
2102 1032 2559 1089 inconsideranter
2587 1034 2711 1090 hinc
2751 1045 3013 1105 transeas,
3055 1041 3150 1096 sed
3185 1058 3250 1098 ex
3294 1046 3564 1103 maledicti

1975 1125 2338 1195 magnitudine
2409 1127 2591 1196 ﬂagitii
2667 1129 3050 1187 immanitatem
3121 1137 3386 1205 expende.
3429 1139 3562 1195 Nam

1974 1227 2174 1287 quanto
2202 1219 2370 1290 majus
2399 1221 2466 1274 sit
2497 1231 2770 1290 peccatum
2809 1223 2912 1278 hoc
2940 1229 3376 1295 prmvaricatione
3406 1232 3563 1301 primi

1975 1309 2226 1376 hominis,
2249 1326 2312 1366 ex
2337 1313 2728 1368 maledictionis
2746 1315 3002 1372 varietate
3031 1319 3178 1376 scire
3196 1322 3390 1378 volenti
3414 1324 3561 1380 licet.

1975 1399 2088 1455 Illic
2139 1404 2280 1457 enim
2324 1404 2488 1473 inquit
2527 1422 2539 1458 :
2579 1405 2858 1462 Maledicta
2913 1419 3046 1464 terra
3097 1413 3150 1466 in
3187 1415 3419 1484 aperibus
3467 1417 3564 1473 tuis

1975 1491 2145 1563 (Gen.
2178 1495 2230 1549 5.
2264 1495 2351 1564 l7)
2378 1513 2392 1550 :
2419 1505 2473 1551 et
2514 1497 2567 1551 in
2621 1508 2816 1554 terram
2868 1500 3034 1557 effusa
3080 1513 3162 1558 est
3216 1507 3517 1563 maledictio
3547 1552 3562 1574 ,

1973 1593 2187 1639 ostensa
2230 1602 2324 1641 sua
2362 1590 2412 1642 in
2459 1589 2730 1646 hominem
2764 1607 2893 1650 cura
2925 1612 2936 1647 :
2969 1593 3058 1650 hic
3095 1613 3224 1652 vero
3264 1601 3386 1668 quia
3429 1616 3564 1671 Opus

1975 1677 2328 1745 perniciosum
2355 1722 2370 1746 ,
2412 1680 2618 1737 facinus
2661 1685 2930 1755 iniquum,
2955 1698 3008 1742 et
3052 1689 3372 1760 inexpiabile
3409 1693 3566 1765 flagi.

1974 1769 2125 1832 tium,
2148 1769 2260 1839 ipse
2281 1771 2616 1827 maledictum
2634 1775 2830 1844 excipit
2852 1798 2864 1832 :
2890 1779 2979 1832 11.
3000 1775 3068 1832 Et
3089 1782 3560 1850 nunc-maledictus,

1975 1860 2161 1929 inquit,
2195 1872 2248 1915 tu
2275 1863 2338 1917 de
2364 1873 2516 1917 terra.
2544 1865 2674 1920 Nam
2705 1868 2826 1937 quia
2865 1867 3032 1924 ferme
3062 1872 3247 1930 eadem
3292 1875 3401 1944 egit
3441 1893 3561 1944 qua:

1971 1966 2212 2022 serpens,
2241 1962 2296 2008 et
2319 1956 2470 2023 quasi
2493 1971 2748 2026 organum
2775 1959 2991 2014 servivit
3027 1960 3222 2017 diaboli
3258 1967 3560 2034 sententiw,

1974 2050 2028 2095 et
2058 2044 2195 2098 sicut
2245 2045 2336 2100 ille
2372 2045 2560 2103 fraude
2601 2050 2978 2105 mortalitatem
3014 2051 3350 2110 introduxit:
3382 2058 3460 2113 sic
3506 2069 3562 2114 et

1972 2133 2057 2188 hic
2084 2133 2366 2206 deceptum
2399 2136 2615 2193 fratrem
2642 2148 2696 2194 et
2725 2140 2777 2194 in
2801 2156 3046 2212 campum
3077 2145 3324 2200 eductum
3355 2160 3558 2205 armata

1973 2228 2024 2281 in
2057 2228 2202 2282 illum
2231 2246 2388 2284 manu
2428 2232 2641 2286 occidit.
2669 2233 2957 2304 Propterea
2981 2236 3120 2291 sicut
3149 2239 3223 2294 illi
3253 2240 3406 2306 dixit,
3439 2242 3558 2294 Ma-

1971 2319 2180 2373 ledictus
2223 2330 2278 2374 tu
2312 2322 2440 2375 inter
2480 2339 2652 2378 omnes
2679 2326 2856 2380 bestias
2877 2336 3024 2382 terra:
3044 2327 3205 2400 (Ibid.
3241 2347 3288 2384 υ.
3320 2332 3444 2400 M):
3477 2335 3556 2388 sic

1970 2420 2024 2465 et
2049 2411 2192 2474 huic,
2225 2413 2312 2481 qui
2339 2413 2525 2468 eadem
2553 2432 2672 2484 qua}
2709 2417 2800 2472 ille
2835 2429 3085 2489 operatus
3114 2421 3227 2475 fuit.
3259 2421 3389 2477 Nam
3422 2425 3561 2480 sicut

1970 2503 2235 2571 diabolus,
2263 2507 2386 2560 odio
2407 2517 2460 2562 et
2490 2509 2684 2563 invidia
2713 2520 2906 2577 motus,
2929 2527 3043 2575 non
3067 2509 3242 2569 ferens
3274 2528 3348 2570 tet
3372 2517 3557 2572 ineffa-

1970 2598 2092 2652 bilia
2142 2599 2396 2654 beneficia
2427 2642 2440 2662 ,
2469 2618 2588 2671 qua:
2637 2603 2689 2656 in
2738 2603 3008 2660 hominem
3053 2610 3122 2660 ab
3171 2609 3320 2663 initio
3364 2611 3555 2665 collata

1969 2697 2112 2753 sunt,
2147 2689 2340 2744 invidia
2369 2691 2435 2745 ad
2464 2691 2833 2758 deceptiouem
2873 2695 3246 2752 exstimulatus
3273 2708 3394 2761 est,
3437 2716 3558 2768 qua:

1971 2791 2194 2835 mortem
2225 2781 2494 2838 induceret
2527 2787 2643 2844 :Vita
2687 2794 2744 2839 et
2779 2785 2863 2840 hic
2895 2785 2988 2842 Dei
3017 2803 3140 2858 erga
3165 2787 3382 2844 fratrem
3403 2806 3555 2845 suum

1967 2872 2395 2929 benevolentiam
2420 2892 2662 2945 magnam
2694 2877 2902 2943 videns,
2926 2895 2990 2934 ex
3018 2880 3211 2936 invidia
3239 2882 3306 2937 ad
3334 2884 3557 2940 honiici-

1967 2964 2113 3020 dium
2146 2968 2390 3036 prosiliit.
2434 2968 2634 3024 Idcirco
2673 2970 2800 3024 dicit
2830 2971 2902 3024 illi
2934 2988 2947 3024 :
2981 2971 3049 3025 Et
3088 2990 3220 3026 nunc
3263 2975 3557 3030 malediotus

1967 3067 2022 3112 tu
2047 3059 2110 3112 de
2138 3069 2292 3113 terra.
2321 3060 2648 3125 Maledictus.
2680 3063 2866 3132 inquit,
2889 3065 3016 3127 eris,
3040 3075 3094 3119 et
3125 3076 3280 3120 terra:
3309 3069 3404 3133 illi,
3429 3070 3558 3134 Quia

1965 3149 2161 3219 aperuit
2182 3165 2238 3204 os
2261 3167 2427 3218 suum,
2457 3162 2511 3204 ut
2537 3153 2831 3223 sanguinem
2857 3155 3030 3224 fratris
3076 3158 3148 3210 tui
3187 3159 3250 3211 de
3279 3177 3432 3214 manu
3470 3171 3557 3214 tua

1965 3239 2234 3308 exciperet.
2267 3241 2332 3294 Et
2358 3251 2513 3295 terra:
2557 3243 2631 3296 illi
2651 3285 2664 3306 .
2696 3244 2896 3314 inquit,
2928 3248 3030 3300 erit
3057 3248 3406 3316 maledictus,
3436 3267 3556 3322 quas

1965 3332 2216 3386 sustinuit
2245 3333 2332 3386 tali
2363 3336 2618 3404 sanguine
2647 3336 2885 3406 irrigari,
2907 3339 2994 3408 qui
3025 3353 3145 3392 cum
3178 3350 3322 3396 tanta
3352 3344 3558 3399 abomi-

1966 3425 2179 3479 natione
2205 3441 2235 3479 a
2260 3434 2363 3479 tam
2393 3427 2550 3496 impia
2581 3445 2737 3489 manu
2763 3429 2961 3490 effusus
2991 3441 3092 3486 est.
3124 3433 3252 3486 Dein
3283 3435 3557 3505 Scriptura

1965 3517 2141 3572 divina
2185 3519 2610 3576 maledictionem
2661 3521 3056 3591 interpretans,
3102 3528 3433 3584 manifestius
3471 3531 3553 3585 di-

1964 3609 2038 3662 cit
2063 3625 2075 3660 :
2102 3607 2189 3662 1‘3.
2215 3609 2432 3674 Quando
2456 3621 2689 3679 operatus
2717 3613 2872 3682 fueris
2903 3624 3105 3680 terram,
3142 3633 3242 3669 non
3267 3619 3472 3688 adjiciat
3498 3633 3553 3674 ut

1965 3700 2046 3753 det
2085 3701 2172 3752 tibi
2213 3700 2365 3754 robur
2389 3718 2554 3758 suum.
2587 3702 2772 3772 Magna
2806 3720 2977 3772 paena:
3019 3709 3226 3774 species
3247 3751 3261 3772 ,
3293 3720 3346 3764 et
3386 3727 3554 3781 grave

1965 3791 2342 3860 indignationis
2373 3792 2596 3861 pondus.
2628 3793 2886 3849 Laborem
2910 3797 3154 3865 quidem,
3176 3801 3363 3869 inquit,
3392 3805 3553 3858 susti-

1965 3884 2135 3950 nebis,
2162 3893 2217 3938 et
2241 3902 2358 3954 quae
2387 3895 2442 3938 tu
2466 3885 2642 3941 facere
2671 3898 2845 3956 potes,
2873 3889 3050 3942 omnia
3073 3889 3256 3957 facies,
3285 3902 3338 3946 et
3362 3909 3556 3963 opera-

1964 3975 2105 4028 beris
2141 3983 2335 4030 terram
2377 3977 2464 4029 tali
2514 3978 2769 4047 sanguine
2813 3978 3140 4048 inquinatam
3174 4001 3187 4034 :
3221 3983 3417 4037 nullum
3457 4002 3554 4038 an-

1963 4074 2072 4122 tem
2130 4079 2296 4122 metes
2351 4067 2574 4123 fructum
2631 4079 2736 4123 tam
2788 4072 3074 4126 multorum
3126 4074 3364 4130 laborum
3394 4120 3408 4142 ,
3459 4081 3556 4138 sed

1963 4161 2163 4216 inutilis
2200 4163 2303 4217 erit
2329 4163 2419 4216 tibi
2447 4164 2620 4218 omnis
2653 4165 2802 4219 labor
2824 4181 2982 4236 quem
3011 4166 3222 4223 feceris.
3255 4169 3438 4240 Neque
3465 4173 3554 4233 hie

1962 4252 2085 4307 ﬁnis
2109 4255 2206 4308 erit
2249 4271 2437 4323 pretia},
2467 4257 2560 4310 sed
2604 4264 2658 4310 et
2698 4257 2912 4312 Gemens
2943 4269 2989 4312 et
3033 4269 3248 4316 tremens
3283 4264 3384 4315 eris
3407 4280 3558 4332 super

1961 4356 2167 4399 terram.
2199 4347 2400 4402 Rursus
2427 4358 2478 4402 et
2516 4347 2617 4403 hoc
2651 4349 2938 4405 maximum
2962 4360 3043 4406 est
3077 4354 3320 4423 supplicii
3357 4373 3548 4427 genus,

1962 4448 2216 4509 perpetuo
2239 4456 2449 4506 gemere
2476 4456 2538 4494 ac
2567 4449 2814 4496 tremere.
2842 4442 2972 4510 Quia
3001 4445 3165 4512 enim,
3200 4446 3387 4516 inquit.
3419 4448 3551 4502 abu-

1961 4542 2053 4581 sus
2078 4544 2137 4582 es
2167 4529 2357 4583 robore
2399 4531 2657 4599 corporis,
2691 4543 2744 4584 et
2774 4533 3130 4588 membrorum
3164 4536 3393 4605 viribus,
3426 4554 3552 4607 pro-

1962 4633 2078 4688 pter
2123 4619 2223 4674 hoc
2262 4621 2569 4675 continuum
2619 4623 2758 4677 hunc
2799 4633 3082 4679 tremorem
3122 4636 3174 4681 et
3215 4638 3416 4683 motum
3461 4630 3552 4687 tibi

1963 4712 2155 4775 infero,
2187 4723 2240 4767 ut
2291 4730 2393 4767 non
2442 4714 2612 4766 solum
2657 4714 2769 4783 ipse
2809 4715 3004 4770 habeas
3026 4717 3207 4786 jugem
3235 4719 3554 4775 admonitu»

1961 4823 2084 4862 uem
2115 4816 2170 4862 et
2214 4808 2527 4861 metnoriam
2568 4806 2727 4877 hujus
2765 4808 2962 4862 nefasti
2995 4810 3212 4865 sceleris
3245 4828 3258 4866 :
3291 4812 3386 4866 sed
3416 4823 3471 4867 ut
3499 4824 3554 4869 et

1962 4916 2151 4955 omnes
2175 4901 2263 4970 qui
2308 4908 2360 4955 te
2387 4900 2636 4966 viderint,
2669 4903 2784 4955 viso
2817 4912 2896 4968 te,
2923 4901 3074 4971 quasi
3115 4903 3258 4956 clara
3291 4904 3395 4959 illis
3418 4922 3552 4962 voce

1961 5003 2308 5069 personante,
2346 4993 2554 5048 discant
2596 5008 2666 5048 ne
2705 4994 3110 5063 taliaaudeant,
3147 5005 3206 5049 ut
3241 5012 3309 5051 ne
3355 4998 3550 5057 similia

1963 5087 2230 5156 patiantur
2261 5105 2274 5141 :
2307 5095 2360 5141 et
2387 5101 2543 5156 poena
2571 5095 2660 5141 tua
2689 5087 2822 5140 alios
2850 5085 3043 5142 doceat
3059 5102 3253 5143 omnes
3273 5131 3287 5154 ,
3318 5107 3384 5145 ne
3411 5091 3549 5148 ultra

1962 5179 2051 5232 tali
2076 5177 2330 5248 sanguine
2355 5187 2551 5237 terram
2580 5178 2840 5246 polluant.
2863 5177 3153 5248 Propterea
3183 5196 3288 5234 non
3320 5181 3468 5237 brevi
3487 5193 3547 5238 te

1961 5281 2132 5328 morte
2158 5271 2421 5342 plectam,
2455 5280 2512 5324 ut
2549 5285 2618 5324 ne
2644 5269 2838 5324 factum
2868 5269 3120 5326 oblivioni
3145 5272 3421 5330 tradatur:
3451 5275 3544 5330 sed

1960 5366 2121 5420 vitam
2162 5372 2333 5423 morte
2368 5363 2666 5434 graviorem
2707 5362 2971 5418 sustinere
3006 5374 3058 5418 te
3093 5364 3322 5431 curabo,
3354 5375 3414 5421 ut
3457 5383 3551 5437 per

1963 5456 2079 5512 lirec
2101 5455 2279 5511 discas
2299 5455 2472 5525 qualia
2500 5455 2908 5524 perpetraveris.
2933 5456 3021 5510 15.
3053 5455 3117 5509 Et
3145 5457 3272 5510 dixit
3301 5457 3425 5511 Cain
3454 5457 3551 5511 Do.

1961 5550 2096 5600 mino
2117 5563 2136 5599 :
2167 5546 2338 5616 Major
2365 5557 2439 5600 est
2464 5562 2618 5599 causa
2646 5563 2776 5612 mea,
2799 5562 2950 5611 quam
2980 5555 3033 5598 ut
3062 5547 3290 5600 dimittar
3309 5564 3418 5618 ego.
3443 5549 3552 5602 Ma-

1960 5659 2118 5713 gnum
2147 5641 2365 5711 aliquid,
2397 5649 2448 5694 et
2477 5639 2630 5694 saluti
2662 5649 2857 5694 nostra:
2887 5639 3171 5710 plurimum
3200 5641 3331 5694 utile
3362 5639 3469 5706 hic,
3503 5642 3546 5696 si

1958 5736 2148 5794 attenti
2189 5735 2483 5800 fuerimus,
2519 5733 2699 5788 licebit
2736 5732 3030 5788 addiscere.
3087 5732 3153 5787 Et
3195 5732 3325 5786 dixit
3373 5731 3499 5786 Cain
3529 5749 3549 5788 :

1962 5832 2132 5906 Major
2165 5841 2234 5886 est
2265 5847 2418 5885 causa
2459 5847 2586 5896 utea,
2627 5845 2775 5900 quam
2811 5837 2862 5882 ut
2899 5826 3125 5882 dimittar
3144 5843 3253 5899 ego.
3289 5827 3426 5884 Ecce
3456 5827 3550 5884 ab»
