4038 6394
458 322 556 376 1ὀ3

445 442 619 488 soluta
643 430 928 487 confessio.
953 428 1082 484 Tale
1111 435 1422 498 tantumque
1465 436 1546 482 est
1567 468 1580 492 ,
1613 427 1812 496 inquit,
1843 441 2027 495 pecca-

450 537 559 578 tum
591 524 731 596 quod
766 521 1044 584 commisi,
1079 529 1134 576 ut
1164 535 1271 576 non
1298 518 1494 588 possim
1531 519 1773 586 accipere
1802 518 2029 570 veniam.

457 617 616 680 Ecce,
645 615 784 669 dicet
821 613 1030 682 aliquis,
1062 613 1336 668 c0nfessus
1365 618 1468 675 est,
1499 619 1554 664 et
1581 625 1699 663 cum
1730 624 1914 678 magna
1946 624 2030 662 ae-

449 710 721 763 curatione
747 705 1022 761 confessus
1044 715 1123 759 est
1149 723 1161 757 :
1196 703 1289 757 sed
1313 703 1443 756 nihil
1471 701 1592 756 inde
1622 702 1774 762 lucri,
1806 701 2028 753 dilecte:

449 798 837 872 intempestiva
871 800 1011 852 enim
1053 795 1321 851 confessio
1359 805 1461 849 est.
1505 794 1618 849 Hoc
1667 795 1810 847 enim
1858 793 2034 847 facere

450 892 728 961 oportebat
771 899 1009 959 tempore
1039 887 1370 958 congruenti,
1395 886 1606 956 quando
1644 885 1818 938 adlme
1862 885 2032 952 impe-

449 985 577 1038 trari
623 991 832 1056 poterat
871 997 900 1035 a
941 981 1128 1036 Judice
1177 978 1560 1035 misericordia.
1590 977 1852 1030 Memores
1895 991 2034 1028 nune

445 1083 616 1128 estote
650 1073 765 1142 ejus
790 1073 930 1142 quod
971 1071 1128 1142 paulo
1160 1081 1281 1124 ante
1315 1069 1459 1134 dixi,
1506 1084 1695 1136 nempe
1733 1069 1782 1120 in
1814 1067 2031 1121 terribili

447 1167 538 1220 illo
565 1167 651 1222 die
677 1174 731 1220 et
771 1167 820 1219 in
853 1165 1122 1225 tribunali,
1154 1163 1206 1217 in
1236 1179 1340 1234 quo
1381 1162 1523 1217 nulla
1567 1176 1912 1230 personarum
1939 1175 2034 1212 ac-

443 1257 643 1326 ceptio,
672 1257 785 1310 fore
809 1266 865 1315 ut
885 1256 1246 1326 unusquisque
1272 1263 1508 1306 nostrum
1531 1255 1600 1305 ob
1624 1261 1835 1320 peccata
1867 1251 2034 1319 poeni-

447 1349 610 1402 tentia
645 1347 887 1411 ducatur,
918 1347 1105 1400 videns
1130 1355 1182 1400 et
1222 1353 1343 1396 ante
1372 1342 1557 1398 oculos
1587 1341 1789 1396 habens
1821 1341 2032 1393 terribi-

449 1440 513 1492 lia
548 1439 633 1494 illa
663 1447 924 1492 tormenta
949 1477 961 1498 ,
992 1448 1042 1490 et
1085 1435 1412 1490 inevitabiles
1451 1448 1670 1506 pmnas,
1704 1432 1797 1488 sed
1838 1432 2032 1485 nullam

447 1535 569 1588 imle
597 1531 875 1586 habiturus
905 1531 1209 1592 utilitatem,
1245 1541 1484 1596 tempore
1511 1527 1817 1580 destitutus.

517 1624 819 1677 Pwnitentia
850 1632 965 1676 ante
995 1639 1193 1690 pwnam
1223 1621 1380 1672 utilis.
1412 1647 1482 1657 —
1513 1617 1827 1671 Poenitentia
1853 1617 1993 1670 enim
2017 1658 2030 1679 ,

447 1715 755 1783 priusquam
786 1728 938 1782 paena
972 1713 1248 1775 inferatur,
1275 1721 1482 1778 tempus
1511 1709 1689 1773 habet,
1718 1718 1770 1762 et
1792 1707 2034 1763 ineffabi-

448 1810 550 1858 lem
581 1807 706 1857 vim.
738 1803 965 1859 Proinde
995 1804 1238 1866 obsecro,
1267 1817 1385 1855 cum
1417 1801 1588 1854 adhuc
1613 1800 1802 1854 efﬁcax
1834 1809 1915 1853 est
1944 1802 2034 1851 mi-

446 1898 654 1950 riﬁcum
684 1895 783 1948 hoc
819 1894 1162 1964 pharmacum
1190 1937 1204 1957 ,
1233 1893 1508 1948 commoda
1553 1904 1607 1946 et
1646 1895 1867 1946 fructum
1912 1893 2034 1946 inde

445 1986 801 2056 percipiamus
823 2027 838 2051 ,
874 1997 929 2040 et
955 2002 1076 2040 cum
1111 1986 1284 2040 adhuc
1331 2000 1513 2038 sumus
1541 1986 1589 2038 in
1620 1985 1864 2053 prtesenti
1893 1986 2031 2045 vita,

448 2078 775 2144 pmnitentiae
827 2077 1158 2133 medicamen
1202 2077 1352 2131 nobis
1402 2090 1731 2144 apponamus
1757 2116 1770 2132 .
1803 2076 2035 2128 scientes

447 2172 682 2241 liquido,
717 2171 844 2224 nihil
892 2180 1016 2224 tunc
1057 2170 1208 2223 nobis
1257 2169 1617 2237 pmnitentiam
1665 2166 2030 2235 profuturam,

446 2283 566 2320 eum
613 2266 847 2320 solutum
891 2265 1048 2319 fuerit
1090 2264 1440 2336 spctaeulum,
1468 2271 1522 2316 et
1553 2273 1759 2330 tempus
1783 2260 2030 2314 certami-

450 2374 573 2410 num
603 2358 855 2410 ablatum.

521 2452 572 2503 ι.
606 2449 800 2503 Verum
841 2447 906 2503 ad
946 2448 1240 2502 institutum
1271 2447 1568 2500 redeamus.
1595 2446 1882 2515 Oportebat
1909 2455 2033 2499 tunc

446 2557 566 2594 cum
595 2541 1007 2610 interrogaretur
1031 2555 1058 2592 a
1085 2541 1326 2602 Domino,
1347 2537 1444 2593 Ubi
1465 2548 1536 2591 est
1559 2538 1680 2590 Abel
1702 2542 1858 2607 frater
1874 2546 1988 2589 tuus
2009 2538 2034 2588 ?

447 2633 686 2687 conliteri
716 2641 988 2701 peccatum
1017 2640 1070 2684 et
1101 2631 1410 2700 procidere,
1439 2641 1494 2684 et
1519 2645 1674 2682 orare
1699 2670 1713 2693 ,
1745 2639 1797 2682 et
1824 2630 2030 2682 veniam

448 2734 670 2796 petere;
710 2725 822 2794 ipse
862 2740 990 2778 vero
1021 2734 1144 2777 tunc
1178 2723 1392 2793 quidem
1438 2723 1755 2776 medicinam
1803 2722 1987 2790 rejecit
2014 2764 2029 2787 ,

448 2830 590 2868 ntmc
631 2826 837 2878 autem,
882 2823 1004 2886 post
1047 2819 1402 2878 sententiam,
1436 2821 1552 2882 post
1592 2814 1748 2866 linem
1788 2814 2033 2867 omnibus

449 2905 773 2974 impositum,
795 2915 1075 2976 postquam
1117 2905 1257 2958 clara
1282 2920 1409 2958 voce
1436 2915 1712 2957 accusatus
1739 2914 1820 2957 est
1857 2920 1884 2955 a
1912 2918 2034 2956 san-

447 3002 604 3063 gnine
634 3000 683 3052 in
717 3009 856 3052 terra
897 2999 1162 3068 jacentis,
1192 2998 1508 3061 eonﬁtetur,
1541 2998 1771 3067 nihilque
1803 2997 1924 3050 inde
1956 2997 2033 3049 lu-

447 3089 670 3143 erifacit.
712 3087 865 3144 Unde
902 3089 1157 3158 propheta
1183 3089 1390 3142 dicebat
1419 3107 1430 3140 :
1464 3087 1640 3140 Justus
1665 3089 1744 3141 sui
1765 3090 1923 3158 ipsius
1945 3106 2034 3140 ac-

448 3190 649 3234 cusator
690 3180 743 3233 in
793 3180 1041 3248 principio
1087 3182 1328 3232 sermonis
1363 3178 1557 3249 (Prov.
1591 3180 1671 3233 IS.
1707 3181 1827 3249 Π).
1857 3180 1920 3234 Et
1949 3180 2032 3235 hic

450 3289 706 3342 quoque,
761 3273 804 3326 si
861 3274 1202 3342 pra-venisset
1256 3273 1461 3325 Domini
1522 3274 2032 3342 reprehensionem,

450 3365 668 3417 omnino
717 3364 1132 3417 miseticordiam
1177 3375 1535 3433 consequutus
1577 3365 1787 3429 fuisset,
1820 3376 2033 3435 propter

449 3459 762 3511 immensam
809 3457 1014 3510 Domini
1074 3457 1471 3525 benignitatem.
1519 3456 1726 3509 Nullum
1771 3459 1910 3510 enim
1952 3470 2032 3510 est

452 3561 747 3617 peccatum,
776 3557 1259 3618 quantumcumque
1287 3563 1448 3617 grave
1473 3549 1562 3614 sit,
1593 3549 1733 3618 quod
1763 3549 1902 3604 illius
1931 3552 2031 3603 iiii-

449 3641 791 3694 sericordiam
838 3641 1012 3692 vincat
1042 3655 1055 3691 :
1089 3640 1248 3692 modo
1280 3650 1516 3708 tempore
1545 3640 1725 3694 debito
1764 3641 2029 3710 paeniten-

451 3737 573 3784 tiam
603 3747 836 3802 agamus,
855 3743 910 3786 et
933 3733 1135 3785 veniam
1157 3740 1414 3799 petamus.
1441 3731 1504 3784 Et
1525 3731 1652 3784 dixit
1672 3731 1796 3785 Cain
1821 3746 1838 3784 ε
1860 3730 2033 3801 Major

448 3836 518 3877 est
548 3841 700 3878 causa
730 3841 838 3876 mea
863 3867 876 3887 ,
905 3840 1054 3894 quam
1082 3834 1135 3877 ut
1165 3825 1388 3876 dimittar
1429 3840 1536 3893 ego.
1583 3822 1864 3878 Sufﬁciens
1895 3838 2030 3876 coa-

449 3919 608 3972 fessio
628 3961 643 3983 ,
677 3918 770 3972 sed
807 3918 1196 3986 intempestiva.
1222 3917 1287 3971 Et
1313 3917 1446 3970 dixit
1476 3935 1487 3968 :
1521 3918 1604 3970 M.
1631 3917 1690 3971 Si
1720 3917 1925 3987 ejeceris
1953 3934 2033 3970 me

449 4013 594 4064 Iuntie
625 4029 654 4062 tt
684 4013 813 4080 facie
839 4021 1002 4077 terra',
1032 4022 1077 4065 et
1102 4028 1131 4064 a
1161 4011 1290 4081 facie
1318 4021 1404 4063 tua
1433 4010 1734 4078 abscondar,
1762 4020 1808 4064 et
1837 4027 1920 4064 ero
1941 4028 2032 4081 ge-

448 4118 596 4155 mens
625 4111 670 4154 et
698 4113 910 4154 tremens
940 4119 1088 4170 super
1114 4111 1332 4166 terram;
1359 4111 1406 4154 et
1435 4102 1558 4166 erit,
1589 4102 1750 4154 omnis
1777 4102 1860 4171 qui
1889 4101 2030 4154 inve-

448 4194 573 4244 nerit
609 4209 687 4244 me
708 4234 724 4258 ,
752 4193 938 4246 occidet
972 4209 1068 4247 me.
1102 4192 1234 4247 Vide
1276 4209 1432 4262 quam
1475 4193 1794 4248 miserabilia
1835 4193 1991 4247 verba
2012 4234 2028 4258 ,

449 4296 558 4335 tum
583 4285 701 4350 quia
744 4284 1131 4351 intempestiva,
1162 4293 1270 4336 tum
1298 4285 1416 4353 quia
1447 4293 1686 4352 tempore
1712 4285 1891 4352 elapso
1914 4285 2031 4337 nul~

447 4377 554 4428 lum
606 4378 829 4428 fructmn
858 4375 1130 4429 alferrcnt.
1164 4376 1228 4430 Et
1257 4377 1389 4430 dixit
1417 4393 1428 4427 :
1464 4376 1524 4430 Si
1550 4379 1752 4448 ejeceris
1780 4394 1858 4430 me
1883 4378 2031 4430 hodie

447 4487 476 4519 α
503 4467 633 4536 [acie
653 4476 814 4530 terrae,
845 4478 890 4518 et
921 4483 953 4519 α
981 4468 1110 4536 facie
1135 4477 1220 4519 tua
1255 4467 1554 4532 abscondar,
1587 4479 1632 4521 et
1659 4486 1743 4522 ero
1763 4487 1960 4538 gemens
1984 4480 2028 4522 et

444 4575 655 4613 tremens
689 4577 840 4629 super
869 4570 1050 4612 terram
1074 4578 1091 4624 ;
1123 4571 1168 4613 et
1197 4563 1288 4613 eri:
1307 4602 1321 4624 ,
1347 4562 1505 4614 omnis
1532 4563 1614 4630 qui
1651 4579 1728 4616 me
1757 4564 2028 4628 invenerit,

441 4654 702 4720 inter/iciet
729 4670 822 4705 me.
848 4653 900 4705 Si
931 4654 980 4705 in
1007 4665 1164 4718 terra,
1199 4655 1384 4722 inquit,
1419 4655 1758 4709 maledictum
1791 4673 1876 4733 ine
1898 4657 2029 4710 feci-

443 4747 508 4798 sti
537 4754 592 4798 et
639 4745 750 4814 ipse
795 4761 879 4798 me
925 4746 1183 4797 aversaris
1212 4787 1224 4808 ,
1256 4754 1517 4813 tantteque
1567 4763 1735 4815 parua:
1767 4748 2024 4802 tradidisti

445 4854 552 4900 tne,
588 4839 655 4888 ita
681 4845 736 4888 ut
763 4851 969 4903 gemam
993 4846 1040 4887 et
1068 4846 1308 4893 tremant,
1336 4837 1463 4888 nihil
1493 4838 1791 4904 prohibebit
1821 4849 2023 4906 postea,

442 4928 570 4998 quin
599 4929 836 4996 quisquis
869 4928 920 4979 in
965 4943 1049 4980 me
1082 4928 1164 4979 vel
1208 4930 1419 4979 fortuito
1451 4928 1729 4993 inciderit,
1763 4947 1846 4984 me
1877 4947 1941 4985 eo
1973 4935 2024 4984 in

439 5031 581 5077 statu
625 5020 854 5090 positum
894 5029 944 5072 et
978 5028 1060 5071 tua
1095 5033 1194 5087 ope
1240 5019 1490 5074 nudatum
1523 5021 1820 5074 interﬁciat.
1851 5022 2027 5076 Facile

444 5113 695 5167 invadere
733 5128 820 5166 me
851 5115 1063 5180 poterit,
1093 5111 1276 5180 inquit,
1313 5112 1356 5165 si
1387 5113 1505 5180 quis
1535 5113 1833 5168 interﬁcere
1861 5115 2022 5168 volet.

439 5208 618 5277 Neque
643 5206 787 5262 enim
809 5207 918 5274 ipse
939 5206 1193 5259 obluctari
1221 5214 1424 5273 potero,
1447 5215 1554 5259 tam
1575 5205 1827 5260 dissoluta
1859 5223 2028 5261 mem-

440 5303 528 5352 hra
561 5298 940 5354 circumferens
961 5340 975 5360 ,
1005 5307 1056 5350 et
1100 5296 1333 5365 undique
1359 5306 1690 5352 commotus:
1717 5297 1932 5366 insuper
1971 5310 2024 5352 et

440 5396 560 5454 hut‘,
591 5389 730 5459 quod
760 5389 929 5442 sciant
970 5403 1156 5441 omnes
1182 5397 1268 5440 tua
1298 5403 1382 5442 me
1409 5401 1510 5457 ope
1538 5388 1868 5454 destitutum,
1897 5405 2018 5444 eum

438 5481 526 5550 qui
551 5481 690 5542 velit,
724 5486 781 5532 ut
805 5478 870 5532 ad
904 5479 1104 5537 eadem
1133 5494 1302 5532 meam
1323 5479 1576 5547 prosiliat,
1612 5480 2021 5547 incitabit.Quid

438 5587 564 5641 ergo
597 5573 901 5628 misericors
947 5580 998 5624 et
1048 5569 1217 5622 bonus
1247 5571 1540 5623 Dominus?
1569 5574 1650 5625 15.
1683 5569 1748 5625 Et
1775 5573 1900 5624 dixit
1946 5573 2022 5624 illi

445 5662 689 5716 Dominus
716 5661 852 5716 Deus
881 5679 899 5717 :
936 5661 1054 5714 Non
1098 5661 1186 5714 sic.
1221 5658 1297 5714 Ne
1335 5671 1489 5731 putes
1513 5702 1526 5726 ,
1559 5662 1763 5733 inquit,
1793 5653 1907 5717 hzee
1952 5665 2020 5717 ita

441 5757 572 5811 fieri.
602 5756 781 5824 Neque
828 5756 968 5809 enim
1009 5755 1186 5817 licebit
1221 5755 1410 5827 cuique
1435 5755 1630 5810 volenti
1657 5766 1706 5810 te
1735 5757 1977 5812 occidere
2004 5799 2019 5823 ,

1164 314 1218 367 S.
1259 311 1534 368 .IOANNIS
1571 311 2046 368 (lllliYSOSTOMI
2087 311 2400 368 ARCHIEP.
2443 311 2971 368 CONSTANTINOP.

3617 321 3716 375 ισι

2144 427 2236 480 sed
2263 442 2331 482 ex
2362 425 2692 482 diulurniore
2738 427 2841 480 vita
2873 437 2962 480 tua
2993 436 3046 482 et
3083 427 3252 496 major
3279 428 3402 485 inde
3441 431 3532 484 tibi
3565 433 3718 486 dolor

2144 521 2262 580 erit,
2296 527 2350 573 et
2399 517 2691 587 relinquam
2737 527 2787 572 te
2830 519 3054 588 posteris
3081 523 3508 589 generationibus
3549 526 3717 592 magi-

2141 621 2332 670 stt'ttm,
2365 618 2422 661 ut
2451 609 2524 661 tui
2551 609 2908 678 spectaculum
2940 607 3047 663 illis
3066 610 3133 663 sit
3157 610 3445 665 admonitio
3474 624 3525 667 et
3554 616 3716 668 casti-

2140 702 2312 763 gatio,
2360 697 2636 768 nullusque
2665 701 2965 768 exemplum
2993 709 3140 754 tuum
3181 713 3450 774 sequatur.
3482 705 3547 758 Et
3593 707 3722 758 dixit

2143 789 2388 844 Dominus
2435 791 2568 844 Deus
2597 807 2615 844 :
2647 789 2764 844 Non
2811 793 2899 848 sic.
2938 791 3116 847 Omnis
3155 796 3238 863 qui
3279 797 3516 850 occiderit
3556 796 3719 863 Cain,

2140 892 2330 950 septem
2356 883 2567 936 ultiones
2599 884 2769 936 solvet.
2799 883 3060 938 Fortassis
3097 883 3256 939 muita
3284 896 3408 944 sunt
3435 905 3552 958 quae
3577 890 3720 954 dixi,

2141 987 2192 1028 et
2223 974 2442 1028 multam
2469 976 2677 1046 corpori
2708 978 3000 1031 molestiam
3031 979 3319 1033 attulimus.
3350 980 3454 1036 Sed
3483 982 3606 1050 quid
3641 983 3722 1035 fa-

2141 1069 2317 1122 ciam?
2341 1069 2472 1137 Quia
2500 1069 2654 1123 video
2681 1081 2906 1125 vestram
2935 1071 2985 1124 in
3015 1072 3277 1126 audiendo
3313 1073 3637 1136 aviditatem,
3669 1088 3723 1128 et

2142 1163 2330 1230 ingens
2369 1163 2724 1228 desiderium,
2755 1163 2953 1233 reliqua
2993 1166 3149 1218 etiam
3190 1180 3497 1235 persequar,
3533 1177 3588 1222 et
3626 1186 3724 1236 pro

2141 1253 2340 1306 viribus
2368 1255 2498 1308 meis
2530 1254 2932 1324 interpretabor.
2960 1255 3095 1323 Quid
3121 1265 3203 1310 est
3227 1298 3241 1319 ,
3271 1256 3476 1326 Septem
3509 1261 3723 1313 ultiones

2139 1344 2338 1398 solvet?
2365 1345 2470 1398 Sed
2518 1346 2704 1399 iterum
2757 1360 2945 1400 vereor
2987 1362 3052 1400 ne
3080 1347 3340 1403 dictorum
3387 1349 3724 1405 multitudine

2141 1437 2450 1490 memoriam
2481 1453 2664 1491 eorum
2691 1453 2809 1505 qua:
2843 1438 2978 1492 dicta
3021 1448 3145 1492 sunt
3171 1440 3392 1496 obruam
3415 1481 3428 1500 .
3459 1453 3513 1496 et
3541 1443 3725 1499 videar

2140 1526 2291 1580 vobis
2319 1525 2583 1582 fastidium
2612 1527 2802 1583 afferre
2834 1547 2846 1580 :
2878 1529 2972 1583 sed
3003 1530 3048 1583 si
3075 1546 3178 1584 non
3211 1531 3518 1601 fatigamini,
3556 1536 3724 1588 susti-

2142 1628 2284 1679 nete.
2317 1627 2371 1671 et
2415 1618 2516 1672 hoc
2545 1619 2788 1673 absoluto
2813 1631 3082 1686 contextu,
3113 1636 3414 1678 sermonem
3455 1625 3721 1681 ﬁniemus.

2143 1707 2207 1761 li:
2238 1709 2367 1762 dixit
2396 1709 2473 1762 illi
2493 1707 2746 1763 Dominus
2779 1710 2912 1765 Deus
2937 1727 2954 1764 :
2981 1711 3102 1766 Non
3130 1715 3223 1768 sic.
3258 1713 3434 1770 Omnis
3461 1717 3545 1785 qui
3585 1719 3724 1770 occi-

2140 1798 2268 1852 derit
2297 1798 2456 1864 Cain,
2490 1801 2672 1869 septies
2699 1802 2914 1855 ultiones
2951 1803 3126 1856 solvet.
3156 1802 3225 1856 Et
3269 1812 3434 1872 posuit
3474 1805 3726 1862 Dominus

2140 1889 2280 1944 Deus
2301 1891 2503 1960 signant
2527 1895 2578 1946 in
2599 1891 2743 1959 Cain,
2769 1911 2832 1948 ne
2855 1896 3017 1949 omnis
3044 1897 3132 1966 qui
3156 1897 3396 1952 inveniret
3421 1901 3565 1953 illum
3593 1907 3727 1954 occi-

2139 1984 2296 2038 deret.
2316 1984 2428 2038 lloc
2448 1984 2688 2050 timuisti,
2708 1986 2896 2055 inquit,
2921 2002 2987 2041 ne
3005 1989 3310 2045 occiderere
3327 1991 3605 2058 ?Conﬁde,
3623 1993 3722 2048 hoc

2141 2094 2244 2131 non
2272 2077 2396 2133 erit.
2421 2077 2552 2132 Nam
2573 2079 2812 2149 quisquis
2840 2079 2939 2134 hoc
2966 2079 3138 2136 facere
3164 2085 3723 2152 attentaverit,septu-

2140 2169 2262 2236 plici
2292 2183 2465 2239 poena:
2509 2184 2568 2224 se
2617 2169 2775 2225 faciet
2813 2171 3098 2226 obnoxium
3131 2190 3145 2226 :
3176 2182 3232 2228 et
3275 2175 3472 2229 idcirco
3517 2177 3722 2246 signum

2141 2263 2233 2316 tibi
2264 2263 2500 2332 impono,
2530 2272 2585 2318 ut
2633 2264 2805 2317 nullus
2849 2267 3096 2335 ignorans
3138 2266 3414 2322 interfecto
3441 2278 3525 2335 te,
3554 2272 3724 2338 pannis

2143 2356 2245 2410 illis
2271 2371 2328 2410 se
2356 2355 2644 2410 obnoxium
2675 2357 2849 2410 faciat.

2210 2449 2262 2501 5.
2308 2447 2512 2518 Septem
2542 2450 2755 2502 ultiones
2781 2451 2832 2502 in
2855 2447 3014 2502 Caino
3037 2467 3150 2520 qua:
3169 2453 3192 2503 ἱ)
3213 2481 3280 2489 -
3307 2449 3410 2505 Sed
3443 2467 3535 2520 par
3562 2463 3644 2506 est
3669 2463 3724 2506 ut

2140 2539 2472 2593 manifestius
2512 2555 2606 2593 vos
2650 2541 2908 2606 doceam,
2937 2543 3205 2610 quomodo
3240 2543 3328 2612 qui
3363 2541 3491 2598 Cain
3529 2546 3724 2599 occidit

2135 2639 2347 2697 semen]
2390 2646 2663 2699 puniat-um
2703 2647 2824 2684 reus
2877 2633 2962 2684 sit.
3019 2631 3122 2684 Vos
3172 2648 3395 2700 precor,
3443 2635 3720 2690 attendite.

2139 2720 2269 2774 Nam
2297 2721 2343 2774 si
2370 2737 2526 2782 nunc,
2555 2722 2692 2776 sicut
2711 2730 2765 2775 et
2794 2723 2844 2775 in
2874 2723 3235 2790 superioribus
3256 2723 3445 2777 diebus
3470 2740 3609 2795 saepe
3635 2743 3723 2781 ca-

2139 2814 2278 2868 ritati
2306 2823 2495 2868 vestra:
2515 2814 2768 2878 diximus,
2791 2828 2909 2867 cum
2933 2814 3118 2884 jejunii
3150 2823 3356 2883 tempus
3382 2825 3481 2879 cst,
3505 2826 3559 2870 et
3581 2827 3722 2874 tanta

2139 2907 2520 2975 tranquillitate
2549 2907 2809 2971 fruimur,
2841 2915 2890 2960 et
2933 2905 3134 2960 liberati
3168 2920 3352 2960 sumus
3384 2923 3413 2962 a
3441 2909 3723 2980 cogitatio-

2141 2999 2297 3051 nibus
2334 3015 2450 3067 quze
2489 3007 2720 3052 mentem
2767 3010 3000 3051 nostram
3030 2998 3357 3067 perturbant,
3386 3015 3489 3054 non
3516 3015 3721 3055 summa

2139 3089 2406 3159 diligentia
2437 3089 2757 3143 addiscimus
2779 3105 2897 3158 qum
2934 3092 2984 3142 in
3011 3089 3206 3143 divinis
3231 3090 3518 3160 Scripturis
3548 3094 3724 3146 conti-

2141 3191 2348 3246 nentur,
2375 3181 2583 3249 quando
2601 3197 2660 3235 ea
2688 3181 2804 3234 aliis
2827 3181 3148 3248 temporibus
3169 3180 3377 3236 discere
3397 3183 3684 3251 poterimus
3703 3185 3725 3237 !

2143 3274 2264 3326 Ideo
2294 3288 2409 3332 oro,
2443 3284 2494 3325 ct
2542 3288 2759 3341 precor,
2789 3282 2842 3326 et
2869 3273 3105 3342 snpplieo
3127 3314 3142 3334 ,
3173 3282 3226 3326 et
3251 3274 3400 3342 quasi
3437 3288 3606 3342 genua
3634 3291 3724 3328 ve.

2139 3376 2246 3419 stra
2278 3366 2549 3433 contingo,
2576 3365 2774 3417 intenta
2806 3373 2980 3417 mente
3003 3363 3082 3417 his
3107 3378 3226 3433 qua:
3248 3363 3492 3417 dicuntur
3517 3366 3726 3419 auscul-

2141 3465 2345 3521 temus,
2376 3466 2432 3510 ut
2463 3455 2634 3508 fructu
2663 3454 2840 3523 aliquo
2877 3453 3039 3507 nobili
3084 3463 3137 3508 et
3171 3454 3435 3523 prmcipuo
3465 3468 3685 3524 accepto
3709 3499 3724 3522 ,

2143 3551 2358 3601 domum
2389 3558 2568 3616 postea
2601 3546 2903 3600 redeamus.
2932 3545 3066 3612 Quid
3096 3547 3252 3615 igitur
3279 3555 3380 3609 est,
3415 3546 3620 3616 Septem
3649 3550 3726 3599 ul-

2141 3642 2296 3693 tiones
2325 3639 2524 3694 solvet?
2551 3637 2785 3692 Primum
2829 3637 3043 3706 quidem
3091 3638 3422 3706 septenarius
3471 3654 3728 3691 numenr;

2137 3734 2205 3787 de
2244 3733 2577 3790 multitudine
2610 3731 2804 3790 dicitur
2842 3732 2894 3784 in
2931 3731 3106 3783 divina
3157 3730 3428 3800 Scriptura
3465 3748 3482 3781 :
3512 3730 3561 3784 id
3584 3731 3727 3800 quod

2139 3841 2281 3896 s:i-pe
2309 3828 2358 3880 in
2389 3825 2677 3894 Scripturis
2706 3826 2955 3889 occurrit,
2981 3834 3056 3885 ut,
3077 3823 3282 3878 Sterilis
3321 3825 3510 3894 peperit
3538 3834 3728 3892 septem

2139 3921 2218 3990 (Ι.
2249 3919 2376 3989 Reg.
2407 3918 2463 3973 ἓ.
2491 3919 2580 3989 5):
2611 3927 2664 3971 et
2693 3918 2906 3971 similia.
2935 3915 3246 3985 Coniectare
3272 3925 3449 3970 autem
3483 3917 3568 3972 hic
3601 3917 3727 3971 licet

2141 4012 2340 4074 peccati
2371 4009 2810 4080 magnitudinem,
2840 4016 2895 4062 et
2921 4008 3092 4077 ipsum
3125 4022 3228 4060 non
3251 4021 3413 4060 unum
3449 4017 3723 4076 peccatum

2139 4102 2490 4164 commisisse,
2522 4100 2615 4155 sed
2643 4109 2866 4168 septem,
2893 4113 3119 4166 quorum
3149 4097 3372 4166 quodvis
3403 4114 3495 4166 per
3523 4111 3583 4151 se
3611 4113 3726 4151 ma-

2137 4210 2236 4264 gna
2267 4208 2422 4262 poma
2469 4191 2737 4246 luendum.
2774 4190 2935 4261 Igitur
2962 4189 3231 4259 quomodo
3259 4191 3374 4245 hare
3421 4191 3728 4245 numerabi.

2140 4287 2296 4340 inus?
2341 4287 2572 4340 l’rimum
2615 4283 2811 4337 invidet
2859 4281 3035 4345 fratri,
3067 4281 3207 4352 quod
3248 4281 3358 4336 Deo
3399 4285 3468 4335 slt
3496 4291 3722 4350 gratus:

2137 4377 2276 4449 quod
2303 4378 2350 4431 si
2388 4377 2562 4430 solum
2592 4374 2867 4440 adfuisset,
2898 4373 2963 4427 ad
2984 4373 3363 4428 accersendum
3393 4373 3468 4426 illi
3501 4373 3722 4428 exitium

2136 4470 2464 4532 suffecisset;
2495 4467 2749 4530 secundo,
2779 4465 2941 4520 frater
2970 4465 3115 4520 fratri
3143 4481 3242 4520 suo
3271 4465 3510 4531 invidet;
3541 4467 3719 4532 tertio,

2137 4563 2345 4616 frandes
2377 4563 2620 4624 consuit;
2663 4570 2873 4630 quarto,
2903 4560 3102 4614 caedem
3132 4574 3295 4629 opere
3323 4560 3502 4628 implet
3529 4577 3544 4624 ;
3568 4561 3722 4629 quin-

2137 4664 2190 4705 to
2215 4695 2228 4714 ,
2257 4654 2472 4706 fratrem
2507 4653 2732 4718 occidit;
2760 4663 2945 4716 sexto,
2979 4652 3181 4720 primus
3219 4661 3442 4705 mortem
3473 4662 3722 4720 operatus

2136 4754 2249 4808 est;
2283 4745 2507 4813 septimo
2531 4785 2546 4804 .
2579 4743 2686 4796 Deo
2716 4743 2966 4796 Inentitus
2997 4752 3096 4794 est.
3128 4741 3262 4796 Num
3293 4745 3562 4811 assequuti
3597 4745 3729 4799 estis

2136 4840 2273 4890 dicta
2300 4879 2312 4898 ,
2341 4853 2406 4889 an
2433 4851 2561 4890 vero
2589 4836 2747 4889 vultis
2780 4845 2834 4888 ut
2873 4848 2932 4888 ea
2962 4837 3148 4888 iterum
3178 4847 3549 4888 recenseamus
3571 4876 3586 4899 ,
3614 4851 3723 4904 quo

2136 4931 2314 4984 sciatis
2353 4928 2618 4997 quomodo
2649 4927 3058 4994 unumquodque
3086 4941 3181 4995 per
3205 4940 3263 4980 se
3309 4924 3634 4992 sufﬁciebat,
3667 4940 3725 4979 nt

2137 5035 2363 5073 maxima
2391 5019 2710 5088 plecteretur
2739 5018 2927 5086 poma?
2948 5017 3077 5071 Nam
3105 5017 3224 5087 quis
3248 5018 3330 5071 vel
3359 5018 3508 5071 venia
3535 5017 3723 5086 digna-

2134 5122 2282 5165 retur
2308 5111 2459 5164 alteri
2492 5111 2813 5164 invidentcm
2837 5152 2850 5174 ,
2883 5110 3022 5180 quod
3062 5111 3151 5163 Dei
3182 5111 3547 5164 benevolentia
3581 5111 3721 5164 frneo

2137 5203 2313 5256 retur?
2339 5202 2474 5254 Ecce
2503 5217 2662 5253 Illttlm
2693 5202 2979 5254 maximum
3002 5210 3055 5254 et
3082 5202 3399 5270 inexpiabile
3421 5213 3720 5271 peccatum.

2136 5294 2332 5347 Deinde
2365 5296 2463 5348 hoc
2495 5295 2662 5362 majus
2689 5293 3005 5356 ostenditur,
3027 5294 3148 5362 quia
3193 5292 3354 5346 frater
3387 5299 3606 5347 eratcui
3643 5297 3721 5346 in-

2134 5386 2361 5442 videbat.
2395 5394 2447 5437 et
2471 5385 2609 5438 nulla
2643 5385 2786 5437 illmn
2826 5399 3041 5453 prorsus
3069 5385 3255 5452 injuria
3289 5384 3554 5438 affecerat.
3584 5385 3722 5440 Ecce

2133 5489 2185 5533 et
2218 5481 2315 5532 hoe
2359 5495 2567 5547 quoque
2613 5493 2716 5530 non
2757 5479 2971 5546 vulgare
3003 5486 3276 5546 peceatum
3316 5488 3418 5530 esu
3445 5476 3561 5530 iam
3610 5487 3722 5532 ter-

2135 5573 2264 5625 tium
2291 5612 2304 5633 ,
2333 5569 2474 5640 quod
2504 5569 2657 5622 dolos
2689 5570 2890 5633 nexuit,
2920 5568 3142 5638 decepto
3162 5578 3216 5622 et
3244 5568 3295 5621 in
3321 5581 3566 5637 campum
3593 5567 3722 5622 alle-

2132 5673 2219 5716 cto
2249 5663 2410 5716 fratre
2432 5703 2445 5722 ,
2478 5676 2651 5732 neque
2678 5662 2845 5731 ipsam
2877 5671 3119 5714 naturam
3151 5659 3430 5715 reveritus.
3461 5658 3722 5726 Quartum

2138 5769 2410 5827 peccatum
2444 5757 2552 5826 ipsa
2583 5765 2698 5814 erat
2742 5756 2949 5822 caedes,
2983 5768 3139 5827 quam
3178 5755 3517 5825 perpetravit.
3549 5752 3720 5822 Quin-
