4038 6394
203 300 300 357 163

198 415 445 486 τισμένη.
479 416 736 471 Τοιοῦτον
763 418 872 488 γάρ
893 419 1029 483 ἐστι,
1058 421 1212 492 φησὶ,
1240 423 1300 475 τὸ
1327 425 1630 497 ἁμάρτημα
1649 426 1710 482 τὸ
1736 428 1866 498 παρ’

200 503 330 570 ἐμοῦ
357 505 606 576 γεγονὸς,
653 506 731 570 ῶς
780 507 1140 578 μὴδύνασθαι
1196 511 1543 583 συγχώρησιν
1593 513 1866 580 δέξασθαι.

214 591 362 652 Ἰδοὺ,
388 594 580 662 φησιν,
612 593 1084 668 ὲξωμολογήσατο,
1125 601 1218 651 καὶ
1250 599 1700 671 ὲξωμολογήσατο
1734 600 1872 672 μετά

203 681 400 751 πολλῆς
429 682 534 750 τῆς
562 683 848 754 ἀκριϐείας
867 702 880 714 ³
935 686 1050 740 ἀλλ’
1081 687 1232 740 οὐδὲν
1254 689 1313 740 τὸ
1343 688 1552 759 κέρδος,
1586 688 1836 758 ἀγαπητέ
1856 704 1868 718 ⁸

203 767 428 837 ἄκαιρος
455 769 568 840 γάρ
607 772 639 841 ἡ
685 771 1088 844 ἐξομολόγησις.
1119 773 1288 827 Τοῦτο
1315 774 1424 845 γὰρ
1456 776 1620 845 ἐχρῆν
1648 777 1871 846 ποιῆσαι

205 856 258 904 ἐν
389 857 574 928 καιρῷ
607 858 686 928 τῷ
732 860 923 925 δέοντι,
973 863 1060 914 ὅτε
1093 861 1316 915 δυνατὸν
1365 859 1434 933 ἦν
1467 865 1559 918 καὶ
1588 863 1686 932 τῆς
1721 864 1872 934 παρὰ

205 942 292 994 τοῦ
326 943 588 1000 δικαστοῦ
618 951 800 1018 τυχεῖν
840 949 1267 1022 φιλανθρωπίας.
1316 951 1744 1022 Μνημονεύσατέ
1781 969 1871 1021 μοι

207 1028 295 1081 νῦν
317 1024 396 1083 ὧν
421 1032 530 1108 πρὸ
560 1033 758 1102 μικροῦ
789 1034 990 1104 ἔλεγον,
1023 1038 1105 1089 ὅτι
1129 1037 1269 1090 κατά
1291 1037 1390 1108 τὴν
1414 1039 1628 1108 ἡμέραν
1658 1037 1871 1108 ἐκείνην

208 1117 300 1185 τήν
330 1119 592 1189 φοϐερὰν,
626 1122 719 1174 καὶ
747 1121 808 1174 τὸ
835 1124 1114 1193 κριτήριον
1147 1124 1322 1176 ἐκεῖνο
1349 1123 1409 1176 τὸ
1437 1124 1751 1187 ἀδέκαστον,
1780 1127 1872 1178 καὶ

207 1205 361 1273 ἡμῶν
394 1206 627 1270 ἕκαστος
673 1209 1078 1278 μετα-γνώσεται
1138 1211 1231 1264 ἐπὶ
1275 1214 1388 1271 τοῖς
1441 1211 1869 1282 ἡμαρτημένοις,

209 1291 346 1360 ὀρῶν
379 1294 488 1363 πρὸ
516 1295 624 1348 τῶν
644 1296 937 1367 ὀφθαλμῶν
967 1297 1034 1350 τὰ
1059 1298 1266 1369 φοϐερὰ
1295 1299 1476 1351 ἐκεῖνα
1518 1299 1872 1370 κολαστήρια,

209 1380 295 1431 καὶ
313 1380 412 1443 τὰς
441 1382 673 1446 εύθύνας
719 1384 819 1446 τὰς
855 1386 1260 1456 ἀπαραιτήτους
1286 1402 1300 1417 ·
1326 1386 1440 1438 ἀλλ’
1476 1386 1729 1457 οὐδεμίαν
1762 1385 1872 1450 ἕξει

209 1468 302 1534 τὴν
331 1466 542 1536 ὄνησιν,
569 1469 958 1541 προδεδομένος
989 1471 1091 1523 ὑπὸ
1110 1471 1205 1524 τοῦ
1235 1470 1446 1542 καιροῦ.

288 1553 354 1606 Ἡ
380 1556 492 1626 γὰρ
527 1557 784 1625 μετάνοια
812 1559 945 1628 πρὶν
974 1557 1072 1629 τήν
1098 1560 1370 1629 τιμωρίαν
1420 1561 1720 1631 ἐπαχθῆναι
1755 1578 1875 1613 και-

211 1641 298 1710 ρὸν
329 1642 463 1711 ἔχει,
493 1645 586 1695 καὶ
615 1645 768 1714 ἰσχὺν
795 1645 1017 1714 ἄφατον.
1048 1645 1137 1699 Διὸ
1167 1647 1467 1717 παρακαλῶ
1493 1688 1507 1711 ,
1537 1650 1624 1701 ὅτε
1653 1649 1875 1701 δυνατὸν

209 1729 500 1798 ἐνεργῆσαι
540 1729 690 1801 [167]
741 1731 802 1784 τὸ
853 1731 1166 1802 θαυμαστὸν
1213 1732 1373 1786 τοῦτο
1413 1735 1720 1806 φάρμακον,
1755 1735 1875 1787 τότε

206 1814 302 1884 τήν
320 1817 452 1884 παρ’
472 1816 636 1870 αὐτοῦ
652 1818 918 1885 ὠφέλειαν
939 1818 1382 1890 καρπωσώμεθα,
1404 1823 1497 1874 καὶ
1512 1822 1587 1884 ὼς
1609 1823 1688 1874 ἔτι
1711 1822 1876 1893 ἐσμὲν

207 1904 263 1954 ὲν
288 1904 372 1973 τῷ
396 1906 622 1974 παρόντι
647 1907 766 1976 βίῳ,
793 1905 891 1976 τὴν
909 1906 1016 1959 ἀπὸ
1045 1909 1142 1978 τῆς
1167 1909 1452 1977 μετανοίας
1479 1911 1719 1981 ἰατρείαν
1749 1911 1876 1962 ἐαυ-

210 1995 322 2055 τοῖς
351 1994 664 2064 ἐπάγωμεν,
699 1993 962 2065 μαθόντες
984 1996 1224 2066 ἀκριϐῶς
1245 1997 1320 2065 ώς
1350 1998 1502 2051 οὐδὲν
1530 2000 1661 2068 ἡμῖν
1689 1997 1878 2064 ὄφελος

209 2081 369 2134 ἔσται
396 2081 519 2134 τότε
537 2081 1023 2151 μεταγινώσκουσι,
1045 2083 1182 2152 μετά
1208 2083 1268 2136 τὸ
1292 2084 1516 2156 λυθῆναι
1539 2085 1601 2137 τὸ
1630 2084 1877 2156 θέατρον,

207 2173 301 2224 καὶ
333 2171 426 2224 τὸν
459 2172 566 2224 τῶν
603 2173 994 2244 παλαισμάτων
1036 2175 1228 2246 καιρὸν
1249 2177 1624 2246 ἀναιρεθῆναι.

276 2277 342 2332 δ’.
380 2278 517 2332 Ἀλλ’
547 2278 639 2332 ἐπὶ
691 2279 751 2332 τὸ
791 2280 1147 2351 προκείμενον
1184 2280 1586 2352 ἐπανέλθωμεν.
1617 2281 1743 2334 Δέον
1769 2281 1878 2353 γὰρ

207 2365 370 2433 ἡνίκα
392 2367 644 2436 ὴρωτᾶτο
668 2365 814 2437 παρὰ
839 2367 932 2419 τοῦ
959 2368 1252 2434 Δεσπότου,
1282 2369 1407 2423 Ποῦ
1441 2371 1612 2424 Ἅϐελ
1643 2373 1675 2423 o'
1701 2371 1878 2424 ἀδελ-

208 2453 321 2519 φός
346 2468 494 2514 σου;
541 2454 661 2506 τότε
693 2454 1024 2526 ὁμολογῆσαι
1063 2457 1123 2508 τὸ
1151 2457 1547 2528 πλημμέλημα,
1591 2459 1684 2510 καὶ
1712 2475 1880 2530 προσ-

208 2543 412 2603 πεσεῖν,
445 2543 536 2592 καὶ
563 2541 840 2612 δεηθῆναι,
871 2544 963 2594 καὶ
981 2542 1313 2614 συγγνώμην
1340 2545 1561 2614 αἰτῆσαι
1585 2562 1598 2576 ·
1626 2547 1654 2598 ὁ
1675 2546 1730 2598 δὲ
1755 2545 1876 2598 τότε

211 2625 310 2693 μὲν
345 2625 439 2694 τὴν
479 2627 720 2695 ἰατρείαν
749 2627 1134 2696 ἀπεπέμψατο,
1175 2631 1292 2682 νυνὶ
1325 2630 1401 2693 δὲ,
1436 2630 1575 2699 μετά
1610 2631 1709 2700 τήν
1743 2631 1878 2683 ἀπό-

209 2729 394 2778 φασιν,
425 2713 564 2782 μετά
587 2713 648 2768 τὸ
676 2713 860 2766 λαϐεῖν
897 2714 1049 2777 τέλος
1092 2715 1330 2778 ἅπαντα,
1373 2718 1513 2787 μετά
1561 2717 1621 2770 τὸ
1651 2718 1878 2788 λαμπρᾷ

207 2803 273 2870 τῇ
301 2805 455 2870 φωνῇ
483 2801 582 2871 τὴν
613 2801 946 2873 κατηγορίαν
975 2803 1078 2855 ὑπὸ
1108 2803 1202 2856 τοῦ
1233 2805 1464 2875 αἵματος
1492 2808 1745 2874 γενέσθαι
1783 2807 1876 2858 τοῦ

209 2892 486 2957 κειμένου,
537 2891 960 2960 ἑξομολογεῖται,
990 2891 1087 2946 καὶ
1111 2893 1264 2946 οὐδὲν
1315 2894 1560 2947 ἐντεῦθεν
1589 2895 1874 2965 κερδαίνει.

207 2977 298 3030 Διὸ
330 2978 423 3032 καὶ
449 2981 479 3030 ὁ
507 2983 791 3050 προφήτης
817 2979 968 3048 ἔλεγε
990 2995 1006 3010 ο
1035 2981 1271 3044 Δίκαιος
1302 2981 1521 3034 ἑαυτοῦ
1549 2981 1879 3050 κατήγορος

208 3067 277 3118 ἐν
302 3069 698 3136 πρωτολογίᾳ.
727 3068 836 3121 Καὶ
858 3061 1011 3130 οὗτος
1035 3068 1237 3132 τοίνυν,
1276 3070 1324 3121 εί
1359 3070 1624 3141 προέλαϐε
1659 3072 1749 3124 τὸν
1783 3071 1877 3124 τοῦ

211 3156 484 3208 Δεσπότου
515 3155 756 3226 ἔλεγχον,
785 3155 915 3220 τσως
959 3155 1023 3209 ἂν
1052 3156 1256 3228 ἠξιώθη
1296 3158 1437 3221 τινὸς
1471 3159 1880 3230 φιλανθρωπίας

209 3245 300 3298 διὰ
349 3245 448 3315 τήν
474 3244 701 3316 ἄπειρον
750 3245 842 3298 τοῦ
868 3246 1138 3300 Δεσπότου
1178 3247 1507 3318 ἀγαθότητα.
1571 3249 1736 3302 Ούδὲν
1769 3251 1878 3321 γάρ

211 3335 358 3386 ἐστιν
381 3333 710 3404 ἁμάρτημα,
743 3334 846 3387 κᾶν
873 3333 1077 3405 σφόδρα
1119 3334 1262 3405 μέγα
1294 3331 1364 3407 ᾖ,
1397 3337 1563 3389 νικῶν
1587 3337 1751 3390 αὐτοῦ
1780 3339 1880 3410 τὴν

211 3421 642 3490 φιλανθρωπίαν,
671 3420 768 3473 ἐὰν
787 3422 945 3490 ἡμεῖς
972 3423 1030 3472 ἐν
1068 3420 1246 3491 καιρῴ
1276 3422 1353 3492 τῷ
1380 3423 1551 3475 δέοντι
1581 3424 1679 3492 μὲν
1717 3425 1882 3495 μετά-

211 3528 359 3562 νοιαν
379 3508 802 3579 ἐπιδειξώμεθα,
835 3509 926 3564 καὶ
957 3510 1055 3580 τήν
1091 3511 1420 3583 συγγνώμην
1456 3512 1716 3582 αἰτῶμεν.
1771 3514 1880 3572 Καὶ

208 3595 340 3652 εἷπε
375 3597 526 3652 Κάῖν
551 3614 566 3629 ο
607 3596 829 3658 Μείζων
862 3599 901 3666 ἡ
934 3598 1091 3652 uitia
1123 3617 1240 3667 μου
1292 3600 1398 3653 τοῦ
1451 3600 1742 3669 ἀφεθῆναί
1780 3619 1880 3670 με.

222 3687 404 3759 Ἱκανὴ
435 3685 842 3756 ἐξομολόγησις,
878 3686 993 3739 ἀλλ’
1024 3688 1270 3760 ἄκαιρος.
1305 3689 1416 3740 Καὶ
1455 3684 1629 3754 εἶπεν,
1672 3691 1740 3744 El
1789 3689 1883 3742 ἐκ·

213 3777 458 3840 ϐάλλεις
509 3791 586 3844 με
643 3774 909 3843 σήμερον
953 3775 1070 3829 ἀπὸ
1117 3775 1442 3842 προσώπου
1475 3775 1586 3843 τῆς
1623 3774 1754 3846 γῆς,
1784 3777 1884 3831 καὶ

212 3863 328 3917 ἀπὸ
354 3863 462 3916 τοῦ
488 3861 814 3930 προσώπου
830 3878 947 3916 σου
972 3862 1365 3932 προϐήσομαι,
1385 3865 1484 3920 καὶ
1511 3864 1724 3934 ἔσομαι
1749 3863 1886 3918 στέ-

214 3968 336 4004 νων
366 3951 467 4004 καὶ
500 3949 725 4020 τρέμων
751 3951 848 4003 ἐπὶ
870 3950 980 4018 τῆς
1009 3950 1147 4019 γῆς’
1179 3951 1274 4009 καὶ
1301 3952 1491 4016 ἔσται,
1515 3951 1633 4019 πᾶς
1670 3956 1702 4006 ὁ
1727 3954 1887 4021 εὑρί-

213 4056 382 4093 σκων
409 4055 509 4107 με,
537 4037 855 4093 ἀποκτενεῖ
874 4054 968 4106 με.
1010 4037 1150 4108 Ὅρα
1173 4038 1289 4102 πῶς
1317 4039 1523 4092 ἐλεεινὰ
1546 4041 1612 4093 τὰ
1641 4041 1880 4110 ῥήματα,

214 4130 310 4180 καὶ
340 4127 432 4184 διὰ
455 4125 555 4198 τὴν
582 4125 859 4197 ἀκαιρίαν,
889 4129 984 4179 καί
1023 4125 1111 4178 διὰ
1160 4126 1224 4178 τὸ
1272 4127 1626 4196 προδεδόσθαι
1651 4129 1758 4181 ὑπὸ
1788 4129 1883 4182 τοῦ

216 4213 413 4286 καιροῦ
441 4213 696 4285 οὐδεμίαν
726 4213 826 4284 τὴν
877 4214 1028 4283 ἰσχὺν
1068 4214 1403 4286 κεκτημένα.
1463 4215 1575 4268 Καὶ
1607 4212 1780 4283 εἶπεν,
1817 4221 1887 4272 El

215 4302 532 4369 ἐκϐάλλεις
567 4317 642 4372 με
699 4299 966 4370 σήμερον
994 4302 1111 4355 ἀπὸ
1141 4300 1464 4370 προσώπου
1484 4301 1596 4371 τῆς
1618 4302 1752 4373 τῆς,
1785 4306 1885 4360 καὶ

217 4391 335 4444 ἀπὸ
359 4391 468 4445 τοῦ
487 4389 812 4459 προσώπου
832 4403 948 4445 σου
973 4387 1365 4458 προϐήσομαι,
1395 4390 1495 4449 καί
1511 4392 1726 4460 ἔσομαι
1752 4392 1888 4446 στέ-

214 4499 338 4535 νων
363 4479 466 4534 καὶ
487 4479 714 4548 τρέμων
735 4477 833 4531 ἐπὶ
859 4476 969 4546 τῆς
997 4475 1113 4546 γῆς
1130 4495 1146 4512 ·
1167 4478 1266 4531 καὶ
1286 4478 1480 4542 ἔσται,
1517 4477 1637 4545 πᾶς
1667 4482 1700 4534 ό
1731 4483 1888 4549 εὑρί.

215 4586 383 4622 om.»
404 4584 505 4637 με,
527 4564 848 4620 ἀποκτενεῖ
860 4581 956 4633 με.
988 4565 1050 4618 Εἰ
1069 4567 1133 4635 τῇ
1151 4568 1242 4636 γῇ,
1270 4567 1454 4635 φησιν,
1482 4568 1888 4640 ἐπικατάρατόν

220 4673 286 4726 με
318 4656 582 4726 ἐποίησας
608 4693 624 4715 ,
664 4651 759 4705 καὶ
792 4651 952 4714 αὐτός
988 4668 1056 4721 με
1103 4655 1482 4724 ἀπεστράφης,
1519 4656 1616 4708 καὶ
1649 4657 1888 4730 τοσαύτῃ

215 4745 458 4815 τιμωρία
517 4741 866 4813 παρέδωκας,
913 4739 1053 4792 ὥστε
1091 4740 1297 4793 στένειν
1331 4743 1424 4793 καὶ⁹
1467 4742 1710 4813 τρέμειν,
1736 4745 1886 4801 οὐδὲν

216 4838 276 4889 τ’)
304 4835 516 4888 κωλύον
552 4833 737 4886 λοιπὸν
764 4832 854 4884 τὸν
887 4833 944 4884 ἐν
987 4831 1195 4895 τούτοις
1219 4833 1366 4898 ὄντα,
1399 4835 1491 4886 καὶ
1532 4835 1889 4905 γυμνωθέντα

218 4926 316 4992 τῆς
362 4924 516 4992 παρὰ
571 4920 663 4974 σοῦ
710 4920 884 4991 ῥοπῆς
923 4920 1028 4973 ὑπὸ
1072 4919 1166 4972 τοῦ
1217 4921 1472 4989 τυχόντος
1511 4922 1884 4994 ἀναιρεθῆναι.

219 5011 666 5081 [εὐεπιχείρητος.
706 5007 890 5077 φησὶν,
932 5007 1128 5076 ἔσομαι
1162 5008 1323 5060 παντὶ
1350 5007 1426 5077 τῷ
1461 5007 1769 5080 βουλομένῳ
1821 5028 1888 5080 με

218 5098 448 5153 ἀνελεῖν.
471 5097 610 5150 Οὔτε
641 5097 751 5166 γὰρ
781 5095 942 5158 αὐτὸς
980 5095 1150 5164 ἰσχύω
1171 5096 1484 5166 ἀντιστῆναι
1531 5097 1890 5168 διαλελυμένα

215 5191 290 5240 τὰ
321 5188 456 5257 μέλη
485 5187 819 5258 περιφέρων,
863 5185 958 5238 καὶ
988 5183 1321 5253 πανταχόθεν
1370 5185 1727 5254 σαλευόμενος
1750 5202 1766 5218 ’
1796 5189 1890 5240 καὶ

216 5279 280 5330 τ’)
310 5276 507 5329 εἰδέναι
535 5276 799 5336 ἃπαντας,
823 5275 904 5326 ὅτι
932 5274 1033 5343 τῆς
1066 5273 1164 5342 σῆς
1193 5271 1517 5342 ἐγυμνώθην
1561 5273 1750 5342 ῥοπῆς,
1785 5291 1886 5326 παι

219 5365 550 5436 ρασκευάσει
580 5363 672 5416 τὸν
709 5361 1027 5432 βουλόμενον
1055 5362 1148 5413 ἐπὶ
1182 5360 1280 5431 τὴν
1316 5361 1594 5429 ἀναίρεσιν
1621 5359 1718 5432 τὴν
1752 5361 1889 5433 ἐμὴν

214 5453 482 5524 ὁρμῆσαι.
510 5453 575 5504 Τί
622 5447 714 5504 οὖν
742 5452 770 5502 ὁ
800 5450 1178 5520 φιλάνθρωπος
1221 5449 1314 5502 καὶ
1349 5449 1550 5516 ἀγαθὸς
1580 5451 1888 5521 Δεσπότηςς

216 5543 331 5596 Καὶ
359 5537 530 5593 εἶπεν
555 5537 716 5603 αὐτῷ
745 5535 959 5606 Κύριος
997 5540 1028 5591 ὁ
1058 5537 1200 5602 Θεός
1221 5553 1234 5566 ·
1264 5539 1386 5603 Οὐχ
1416 5536 1585 5589 οὕτω.
1630 5537 1722 5606 Μὴ
1747 5538 1892 5605 νομί-

219 5646 344 5698 σῃς,
378 5629 533 5698 φησὶ,
573 5625 748 5679 ταῦτα
801 5624 944 5678 οὕτω
975 5624 1240 5692 γίνεσθαι.
1291 5625 1423 5678 Οὐδὲ
1469 5625 1576 5694 γὰρ
1608 5622 1783 5687 ἔξεστι
1814 5624 1891 5694 τῷ

221 5718 530 5789 βουλομένῳ
561 5732 620 5768 σε
648 5715 877 5775 ἀνελεῖν,
906 5713 1041 5766 ἀλλά
1065 5715 1128 5783 τῇ
1160 5712 1462 5783 παρατάσει
1503 5711 1602 5780 τῆς
1627 5711 1768 5781 ζωῆς
1790 5715 1888 5780 τῆς
1941 5761 1953 5772 ,

221 5807 324 5874 σῆς
355 5807 450 5859 καὶ
477 5805 561 5857 σο)⁵
584 5803 804 5858 πλείονα
825 5802 924 5872 τὴν
952 5801 1144 5869 ὀδύνην
1177 5800 1500 5870 ἐργάσομαι,
1519 5798 1614 5851 καὶ
1638 5798 1888 5852 διδάσκα-

222 5906 312 5949 tm
342 5890 654 5960 καταλείψω
685 5893 801 5954 ταῖς
829 5891 907 5952 εἰς
934 5889 996 5942 τὺ
1030 5888 1156 5958 ἐξῆς
1206 5890 1438 5957 γενεαῖς,
1493 5886 1577 5939 ἵνα
1608 5887 1640 5956 ή
1674 5885 1740 5957 σή
1793 5887 1885 5940 θέα

1361 308 1429 367 IN
1467 311 1620 368 CAP.
1657 310 1724 365 Ν
1765 310 2012 367 GENES.
2051 312 2284 372 ηοΜιι..
2320 317 2462 372 XIX.

3535 311 3635 368 164

1977 431 2355 501 σωφρονισμὸς
2401 430 2583 492 αὐτοῖς
2626 429 2870 499 γένηται,
2902 427 2996 483 καὶ
3035 429 3223 500 μηδεὶς
3243 429 3310 500 τῇ
3339 430 3407 500 σῇ
3440 426 3641 505 γνώμῃ

1971 511 2440 583 κατακολουθήσῃ.
2481 512 2588 566 Καὶ
2616 509 2746 566 εἷπε
2775 513 2990 583 Κύριος
3019 515 3052 566 ὁ
3094 512 3239 578 Θεός
3259 527 3272 541 ·
3307 513 3430 581 οὐχ
3458 513 3634 570 οὕτω.

1969 593 2091 660 Πᾶς
2127 598 2160 648 ό
2188 596 2548 664 ἀποκτείνας
2588 597 2738 651 Κάϊν
2757 597 2906 652 ἑπτὰ
2939 597 3335 666 ἐκδικοὺμενα
3366 601 3636 666 παραλύ-

1968 692 2083 729 σει.
2117 679 2268 748 Τάχα
2301 680 2470 737 πολλὰ
2515 681 2583 734 τὰ
2623 682 2908 753 εἰρημένα,
2959 682 3054 735 καὶ
3110 682 3277 735 πολὺν
3305 681 3382 752 τῷ
3423 681 3637 753 σώματι

1968 758 2058 842 τὸν
2106 761 2364 842 ,κάματον
2407 764 2864 833 προεξενήσαμεν.
2929 763 3089 816 Ἀλλά
3149 764 3204 816 τί
3238 764 3422 829 πάθω;
3485 764 3632 842 [168]

1981 841 2154 912 ὐρῶν
2183 847 2290 915 γὰρ
2312 846 2466 915 ὑμῶν
2491 845 2592 916 τήν
2617 847 2901 914 φιληκοΐαν
2934 847 3028 900 καὶ
3058 848 3376 917 ἀκμάζοντα
3416 849 3506 902 τὸν
3546 851 3636 902 πό-

1971 924 2060 976 θον
2088 926 2554 998 ἐπιδεικνυμένην,
2583 928 2952 998 βούλομαικαὶ
2982 933 3094 992 τοῖς
3117 930 3385 999 λειψάνοις
3416 931 3636 995 ἐπεξελ-

1971 1006 2103 1067 θεῖν,
2154 1009 2247 1061 καὶ
2304 1011 2444 1063 κατὰ
2472 1011 2700 1080 δύναμιν
2729 1011 2828 1084 τήν
2856 1011 2993 1082 ἐμὴν
3033 1014 3385 1084 ἑρμηνεῦσαι.
3421 1012 3486 1064 Τί
3517 1014 3635 1065 ἐστι

1968 1088 2048 1149 τὸ,
2093 1089 2279 1144 Ἑπτὰ
2304 1091 2695 1162 ἑκδικούμενα
2720 1096 3093 1163 παραλύσει;
3134 1094 3295 1147 Ἀλλὰ
3339 1095 3498 1147 πάλιν
3545 1093 3634 1146 δέ·

1971 1169 2123 1225 δοικα
2154 1173 2326 1244 μὴτῷ
2346 1175 2537 1247 πλήθει
2571 1176 2682 1229 τῶν
2705 1177 3014 1248 λεγομένων
3042 1178 3134 1231 καὶ
3160 1178 3257 1249 τὴν
3290 1179 3510 1248 μνήμην
3537 1195 3636 1230 κα-

1971 1255 2308 1327 ταχώσωμεν
2340 1258 2450 1313 τῶν
2486 1261 2814 1330 εἰρημένων,
2843 1261 2936 1317 καὶ
2964 1264 3290 1332 προσκορεῖς
3324 1262 3452 1332 ὑμῖν
3479 1278 3636 1329 νομιφ

1972 1336 2231 1408 σθείημεν
2264 1351 2311 1395 ι.
2359 1340 2497 1394 Ἀλλ’
2528 1342 2678 1412 εἰμὴ
2702 1343 3038 1412 ἀπεκάμετε,
3059 1342 3378 1412 ἀνάσχεσθε,
3407 1342 3498 1395 καὶ
3525 1341 3638 1394 διας

1969 1418 2228 1484 λύσαντες
2259 1422 2319 1475 τὸ
2336 1423 2693 1494 προκείμενον
2714 1425 2859 1479 οὕτω
2879 1426 3320 1496 καταπαύσωμεν
3349 1425 3439 1478 τὸν
3454 1424 3633 1492 λόγον.

1969 1503 2081 1556 Καὶ
2119 1504 2287 1560 εἶπεν
2330 1505 2491 1570 αὐτῷ
2517 1508 2733 1575 Κύριος
2760 1510 2792 1564 ὀ
2820 1509 2965 1572 Θεός
2986 1521 3002 1536 ⁸
3053 1510 3173 1578 Οὐχ
3202 1508 3374 1561 οὕτω.
3423 1506 3550 1570 Πᾶς
3603 1511 3637 1560 ὀ

1971 1587 2328 1655 ἀποκτείνας
2363 1592 2514 1644 Κάῐν
2545 1591 2697 1650 ἑπτὰ
2719 1591 3110 1662 ἐκδικούμενα
3142 1592 3501 1660 ποιολύσει.
3524 1593 3636 1648 Καί

1971 1671 2136 1724 ἔθετο
2161 1674 2376 1741 Κύριος
2397 1677 2429 1728 ὁ
2455 1674 2599 1741 Θεὸς
2635 1675 2887 1744 σημεῖον
2922 1674 3004 1740 τῷ
3040 1674 3210 1738 Κάῖν,
3249 1675 3356 1729 τοῦ
3390 1673 3476 1744 μὴ
3505 1675 3641 1728 ἀνευ

1972 1754 2106 1807 λεῖν
2126 1755 2313 1809 αὐτὸν
2347 1756 2543 1812 πάντα
2585 1760 2693 1812 τὸν
2719 1759 3082 1825 εὑρίσκοντα
3121 1761 3325 1812 αὐτόν.
3349 1757 3517 1810 Τοῦτο
3554 1757 3640 1810 δέ-

1972 1835 2175 1901 δοικας,
2195 1839 2346 1910 φησὶ,
2375 1839 2470 1892 τοῦ
2496 1839 2569 1911 μὴ
2599 1841 2977 1913 ἀναιρεθῆναις
3011 1841 3231 1912 Θάρσει,
3262 1841 3343 1894 ὅτι
3369 1841 3467 1893 οὐκ
3487 1841 3640 1893 ἔσται

1972 1917 2147 1972 τοῦτο.
2176 1921 2286 1974 Καὶ
2316 1921 2424 1992 γὰρ
2455 1921 2484 1974 ὁ
2512 1923 2668 1975 τοῦτο
2691 1923 3008 1994 πεποιηκὼς
3035 1924 3174 1976 ἑπτὰ
3206 1923 3494 1994 τιμωρίαις
3518 1925 3642 1976 ἐαυ-

1973 2003 2065 2056 τὸν
2097 2003 2393 2057 ὑπεύθυνον
2449 2006 2811 2075 καταστήσειο
2844 2005 2930 2059 διά
2961 2023 3041 2058 τοι
3073 2005 3232 2058 τοῦτο
3281 2007 3374 2059 καὶ
3414 2008 3640 2074 σημεῖον

1973 2086 2257 2156 ἐπιτίθημι
2292 2104 2392 2150 σοι,
2424 2087 2565 2140 ὥστε
2597 2088 2803 2158 μηδένα
2833 2089 3196 2158 ἀγνοήσαντα,
3242 2089 3338 2140 καὶ
3385 2087 3642 2140 ἀνελόντα

1977 2185 2059 2226 σε,
2106 2168 2406 2223 ὑπεύθυνον
2453 2169 2646 2226 ἑαυτὸν
2683 2173 2803 2233 ταῖς
2823 2170 3098 2234 τοιαύταις
3122 2169 3414 2242 τιμωρίαις
3465 2185 3641 2224 κατα-

1977 2251 2190 2321 στῆσαι.

2049 2411 2112 2456 ε’.
2132 2402 2291 2457 Ἀλλά
2320 2404 2651 2477 σαφέστερον
2666 2406 2809 2476 ὑμᾶς
2835 2408 3101 2478 προσήκει
3126 2404 3352 2470 διδάξαι,
3373 2404 3489 2468 πῶς
3505 2401 3646 2460 ἑπτὰ

1975 2488 2264 2558 τιμωρίαις
2294 2489 2592 2553 ὑπεύθυνος
2618 2490 2825 2558 γίνεται
2861 2493 2890 2548 ὁ
2933 2490 3026 2543 τὸν
3056 2489 3196 2542 Κάῖν
3224 2487 3446 2543 ἀνελών.
3484 2486 3646 2540 Ἀλλὰ

1976 2571 2291 2640 προσέχετε,
2325 2572 2646 2643 παρακαλῶ.
2680 2571 2743 2625 Εἰ
2771 2574 2882 2646 γὰρ
2911 2573 2985 2644 μὴ
3020 2571 3136 2635 νῦν,
3166 2572 3418 2642 καθάπερ
3449 2573 3506 2625 ἐν
3525 2574 3643 2634 ταῖς

1977 2653 2376 2725 προλαϐούσαις
2430 2656 2669 2729 ἡμέραις
2703 2645 3005 2726 εἰρήκαμεν
3061 2655 3322 2717 πολλάκις
3371 2653 3508 2726 πρὸς
3544 2654 3644 2725 τὴν

1978 2737 2244 2809 ὑμετέραν
2270 2738 2512 2807 ἀγάπην,
2537 2741 2626 2791 ὅτε
2653 2739 2908 2811 νηστείας
2949 2739 3140 2810 καιρὸς
3161 2779 3178 2802 ,
3228 2739 3322 2791 καὶ
3377 2736 3647 2806 τοσαύτης

1977 2819 2216 2890 γαλήνης
2249 2821 2614 2892 ἀπολαύομεν,
2651 2822 2746 2876 κα)⁹
2785 2822 3193 2892 ἀπηλλαγμένοι
3227 2821 3337 2873 τῶν
3368 2819 3648 2890 λογισμῶν

1977 2902 2084 2954 τῶν
2111 2904 2484 2976 ταραττόντων
2515 2905 2671 2976 ήμῶν
2705 2905 2804 2977 τὴν
2837 2907 3106 2968 διάνοιαν,
3137 2907 3205 2959 τά
3238 2908 3295 2959 ἐν
3323 2908 3443 2969 ταῖς
3472 2905 3645 2967 θείαις

1979 2986 2226 3056 Γραφαῖς
2248 2987 2542 3056 ὲγκείμενα
2565 2989 2990 3058 κατανοήσωμεν
3022 2988 3161 3058 μετὰ
3190 2988 3496 3059 ἀκριϐείας,
3515 2989 3645 3042 πότε

1977 3067 2321 3138 δυνησόμεθα
2368 3069 2541 3124 ταῦτα
2576 3070 2768 3140 μαθεῖν
2804 3071 2860 3122 ἐν
2894 3070 3064 3142 ἑτέρῳ
3100 3070 3306 3140 καιρῷ;
3342 3071 3431 3124 Διὸ
3469 3087 3648 3141 παρα-

1980 3151 2150 3215 καλῶ,
2177 3153 2270 3204 καὶ
2301 3151 2512 3222 δέομαι,
2549 3153 2644 3205 καὶ
2675 3152 2960 3218 ἀντιϐολῶ,
2995 3154 3275 3224 μονονουχὶ
3301 3154 3392 3206 καὶ
3418 3152 3524 3206 τῶν
3554 3171 3648 3222 γο-

1977 3233 2153 3286 νάτων
2185 3234 2337 3304 ὑμῶν
2360 3235 2731 3306 καθάπτομαι,
2786 3237 2923 3306 μετὰ
2969 3237 3371 3307 συντεταμένης
3411 3237 3646 3299 διανοίας

1977 3319 2089 3380 τοῖς
2115 3317 2427 3388 λεγομένοις
2465 3319 2840 3390 προσέχωμεν,
2879 3319 2964 3371 ἵνα
2996 3319 3421 3390 καρπωσάμενοί
3447 3337 3500 3372 τι
3525 3335 3648 3387 γεν-

1979 3404 2126 3454 ναῖον
2159 3401 2254 3454 καὶ
2285 3400 2509 3471 ὑψηλὸν,
2543 3399 2716 3464 οὕτως
2768 3401 2952 3454 οἴκαδε
3000 3400 3403 3470 ἐπανέλθωμεν.
3463 3401 3528 3454 Τί
3553 3397 3648 3454 οὖν

1979 3485 2097 3537 ἐστι
2125 3483 2204 3548 τὸ,
2252 3483 2439 3537 Ἑπτὰ
2462 3484 2853 3553 ἑκδικούμενα
2883 3485 3259 3551 παραλύσει;
3291 3483 3511 3556 Πρῶτον
3548 3481 3651 3550 μὲν

1980 3571 2009 3622 ὁ
2032 3569 2140 3622 τῶν
2167 3567 2307 3622 ἑπτὰ
2328 3567 2558 3638 ἀριθμὸς
2586 3568 2679 3620 ἐπὶ
2712 3567 2950 3638 πλήθους
2973 3567 3307 3638 λαμϐάνεται
3343 3570 3403 3621 ἐν
3427 3571 3494 3640 τῇ
3528 3567 3657 3638 θείᾳ.

1981 3654 2196 3722 Γραφῇ,
2215 3650 2486 3704 καὶτοῦτο
2506 3650 2774 3721 πολλαχοῦ
2795 3649 2944 3722 εὖροι
2959 3667 3042 3714 τις
3063 3651 3128 3704 ἂν
3148 3651 3290 3706 οὕτω
3319 3651 3567 3720 κείμενον
3593 3652 3648 3715 δ,

1981 3735 2057 3798 ὡς
2087 3735 2170 3797 τὸ,
2201 3735 2412 3804 Στείρα
2443 3733 2648 3787 ἔτεκεν
2679 3734 2850 3795 ἑπτὰ,
2885 3732 2981 3786 καὶ⁵
3006 3732 3108 3786 ὅσα
3134 3732 3374 3786 τοιαῦτα.
3410 3733 3655 3785 Δίνίττε-

1980 3835 2070 3872 ται
2100 3818 2158 3872 δὲ
2186 3820 2318 3889 ἡμῖν
2341 3815 2576 3870 ἐνταῦθα
2597 3815 2692 3869 τοῦ
2715 3816 3066 3887 τολμήματος
3087 3815 3149 3867 τὸ
3174 3814 3421 3885 μέγεθος,
3450 3816 3545 3871 καὶ
3566 3817 3649 3870 ὄτι

1983 3903 2081 3972 οὐχ
2104 3902 2163 3956 ἐν
2195 3904 2310 3954 ἐστι
2338 3900 2397 3953 τὸ
2435 3901 2736 3971 ἁμάρτημα
2776 3899 2838 3951 τὸ
2871 3901 3001 3969 παρ’
3028 3900 3235 3954 ἐκείνου
3260 3898 3502 3968 γεγονὸς,
3531 3899 3649 3956 ἀλλ’

1985 3987 2124 4040 ἐπτά
2159 3985 2533 4057 ἁμαρτήματα
2559 4023 2575 4046 ,
2633 3984 2726 4036 καὶ
2762 3983 3004 4053 μεγάλην
3041 3983 3125 4050 ἐφ’
3161 3982 3377 4052 ἑκάστῳ
3406 3981 3651 4052 ἁμαρτήε

1989 4088 2117 4142 ματι
2169 4068 2268 4140 τὴν
2301 4067 2568 4139 τιμωρίαν
2628 4065 2858 4136 ὤφειλεν
2889 4067 3165 4136 ὑποσχεῖν.
3223 4065 3345 4128 Πῶς
3374 4061 3468 4118 οὖν
3512 4063 3658 4120 αὐτὰ

1986 4153 2516 4226 ἁπαριθμησόμεθα;
2568 4152 2631 4206 Εἰ
2681 4150 2838 4204 τοῦτο
2889 4148 3238 4220 λογισόμεθαο
3287 4148 3523 4220 πρῶτον,
3567 4148 3655 4202 ὅτι

1986 4237 2253 4306 ἐϐάσκηνε
2276 4234 2353 4306 τῷ
2383 4232 2594 4304 ἀδελφῷ
2618 4231 2708 4285 διὰ
2730 4231 2826 4303 τὴν
2848 4228 3061 4284 εὔνοιαν
3084 4230 3180 4300 τὴν
3201 4229 3352 4302 παρὰ
3373 4228 3466 4282 τοῦ
3489 4227 3648 4282 Θεοῦ’

1985 4322 2122 4391 ὅπερ
2169 4319 2262 4373 καὶ
2323 4317 2481 4388 μόνον
2529 4315 2730 4389 προσὸν
2781 4314 2964 4368 ἱκανὸν
3010 4309 3078 4384 ἦν
3111 4311 3260 4383 αὐτῷ
3291 4311 3382 4364 τὸν
3431 4310 3654 4382 ὄλεθρον

1987 4403 2318 4473 ἐπαγαγεῖν
2351 4401 2626 4472 δεύτερον,
2650 4400 2732 4453 ὅτι
2764 4399 2857 4452 τὸν
2893 4397 3022 4451 ἴδιον
3055 4395 3284 4465 ἀδελφόν
3305 4412 3317 4427 ·
3347 4394 3548 4465 τρίτον,
3569 4395 3656 4448 ὅτι

1985 4486 2135 4541 δόλον
2163 4485 2396 4557 ἔρῤαψε·
2421 4482 2700 4552 τέταρτον,
2719 4481 2802 4534 ὅτι
2819 4480 2909 4534 τὸν
2937 4479 3096 4550 φόνον
3125 4477 3327 4549 ἔπραξε
3345 4494 3360 4508 ·
3381 4477 3656 4548 πέμπτον,

1987 4571 2069 4623 δτι
2105 4569 2196 4622 τὸν
2228 4566 2456 4636 ἀδελφὸν
2487 4566 2776 4634 ἐφόνευσεν
2796 4581 2810 4595 ·
2844 4564 3021 4625 ἕκτον,
3057 4564 3138 4616 ὅτι
3186 4563 3401 4633 πρῶτος
3431 4561 3522 4614 τὸν
3555 4559 3653 4629 φό-

1988 4668 2077 4706 νον
2111 4662 2133 4690 ο
2162 4649 2485 4722 εἰργάσατοο
2512 4648 2759 4716 ἕϐδομον,
2780 4647 2860 4699 δτι
2883 4644 2973 4697 τὸν
3002 4644 3133 4696 Θεὸν
3153 4643 3438 4712 ἐψεύσατο.
3468 4645 3655 4713 Παρη-

1989 4733 2351 4804 κολουθήσατε
2385 4733 2499 4793 τοῖς
2555 4730 2820 4801 ῥηθεῖσιν,
2874 4729 2906 4796 ἢ
2963 4725 3215 4794 βούλεσθε
3253 4723 3460 4778 ἀνωθεν
3514 4724 3655 4777 αὐτὰ

1989 4817 2150 4870 πάλιν
2182 4811 2714 4885 ἀπαριθμησώμεθα,
2736 4811 2823 4865 ἵνα
2852 4810 3027 4881 εἰδῆτε
3054 4807 3169 4869 πῶς
3196 4808 3424 4859 ἕκαστον
3450 4804 3654 4857 τούτων

1990 4903 2085 4954 καὶ
2121 4899 2278 4970 μόνον
2319 4898 2502 4954 ἱκανὸν
2529 4892 2597 4966 ἦν
2622 4895 2722 4964 τῆς
2751 4893 3013 4964 μεγίστης
3046 4891 3204 4944 αὑτὸν
3231 4889 3456 4952 ἀξιῶσαι
3486 4906 3656 4958 τιμω-

1994 4985 2150 5055 ρίας;
2179 4982 2274 5044 Τίς
2306 4981 2415 5051 γὰρ
2448 4979 2512 5032 ἂν
2545 4977 2795 5042 ἀξιώσειε
2828 4974 3156 5044 συγγνώμης
3191 4975 3281 5026 τὸν
3310 4973 3655 5044 βασκήναντα

1989 5068 2069 5138 τῷ
2096 5064 2420 5120 ἀπολαύοντι
2449 5062 2550 5132 τῆς
2585 5061 2736 5133 παρὰ
2767 5059 2860 5115 τοῦ
2893 5059 3027 5112 Θεοῦ
3070 5057 3313 5122 εύνοίας;
3369 5057 3498 5110 Ἰδοὺ
3555 5056 3655 5126 μία

1991 5155 2084 5206 καὶ
2103 5149 2331 5220 μεγίστη
2352 5146 2448 5201 καὶ¹
2475 5145 2852 5214 ἀσύγγνωστος
2882 5141 3142 5212 ἁμαρτία.
3173 5141 3341 5192 Πάλιν
3367 5139 3505 5206 αὕτη
3538 5140 3656 5209 μεί-

1993 5237 2100 5300 ζων
2133 5234 2404 5288 δείκνυται
2431 5274 2450 5297 ,
2481 5231 2609 5283 ὅταν
2663 5227 2888 5295 ἀδελφὸς
2939 5221 3029 5299 ᾗὸ
3083 5223 3524 5294 βασκαινόμενος,
3564 5223 3656 5276 καὶ

1995 5319 2162 5390 μηδὲν
2216 5314 2507 5386 ἠδικηκώς.
2552 5311 2682 5364 Ἰδοὺ
2715 5310 2809 5362 καὶ
2865 5308 3000 5378 αῦτη
3033 5307 3192 5360 πάλιν
3229 5307 3326 5375 οὺχ
3348 5309 3381 5374 ή
3417 5303 3654 5390 τυχοῦσα

1994 5387 2258 5471 ἀμαρτία.
2286 5397 2451 5465 Τρίτη
2471 5394 2652 5455 πάλιν,
2667 5395 2747 5445 ὃτι
2771 5392 2918 5445 δόλον
2940 5390 3175 5462 ἔρραψεν
3201 5390 3483 5458 ἀπατήσας
3499 5387 3650 5459 [169]

1991 5491 2085 5543 τὸν
2118 5485 2364 5552 ἀδελφὸν,
2385 5485 2478 5538 καὶ
2505 5481 2734 5543 ἑλκύσας
2769 5482 2846 5542 εἰς
2872 5480 2935 5532 τὸ
2961 5479 3159 5540 πεδίον,
3185 5479 3281 5530 καὶ
3328 5476 3448 5530 οὐδὲ
3477 5475 3647 5545 αὐτὴν

1993 5579 2089 5650 τὴν
2113 5577 2272 5645 φύσιν
2299 5569 2581 5632 αἰδεσθείς.
2611 5570 2880 5640 Τέταρτον
2897 5568 3198 5638 ἁμάρτημα
3228 5565 3388 5647 αὐτὸς
3409 5565 3436 5615 ὁ
3468 5565 3643 5633 φόνος,

2062 5772 2085 5798 ⁸
2115 5767 2247 5814 [τηις
2266 5765 2346 5811 καὶ
2369 5761 2637 5827 προσκορὴς
2656 5758 2765 5827 υμῖν
2786 5758 3012 5827 γένωμαι.
3078 5755 3107 5793 b
3131 5756 3250 5827 βεε.
3276 5768 3416 5827 fmus,
3436 5752 3650 5827 Cglbetl.

1998 5843 2122 5876 unus
2164 5835 2216 5875 el
2254 5819 2418 5874 Savilf
2447 5819 2596 5870 οὕτως
2633 5821 2887 5880 εἰρημένον.
2918 5819 3058 5868 Alius
3097 5819 3246 5872 οὕτως
3271 5819 3650 5879 ἑρμηνευόμενον.

1997 5897 2017 5921 °
2043 5893 2152 5942 Duo
2187 5901 2297 5936 mss.
2322 5894 2374 5935 el
2397 5883 2548 5935 Savil.
2571 5882 2650 5929 τὸν
2682 5885 2890 5927 θανατον.
