4038 6394
473 311 581 370 165

470 426 532 479 δν
562 428 853 499 εἰργάσατο
882 445 925 483 ι.
961 432 1236 505 Πέμπτον,
1265 438 1346 491 ὅτι
1376 440 1601 510 ἀδελφὸν
1626 444 1880 513 ἐφόνευσε
1914 446 2003 499 τὸν
2041 448 2139 511 τὰς

478 519 649 581 αὑτὰς
669 521 815 591 αὑτῷ
852 522 1087 579 λύσαντα
1133 526 1349 592 ὠδῖνας.
1404 531 1624 597 Ἕκτον,
1650 534 1731 586 ὅτι
1780 536 1995 606 πρῶτος
2048 539 2141 591 τοῦ

474 606 634 673 φόνου
670 609 731 661 τὸ
780 607 917 674 εἶδος
950 613 1284 684 εἰσήνεγκεν.
1316 618 1602 689 Ἔϐδομον,
1659 621 1739 674 ὅτι
1789 623 2143 695 ἐρωτώμενος

474 694 623 763 παρά
660 697 751 748 τοῦ
783 698 1259 768 Θεοῦ,ψεύσασθαι
1294 704 1614 776 ἐτόλμησεν.
1647 709 1706 761 Ὀ
1740 709 1937 775 τοίνυν,
1954 713 2138 782 φησὶν,

472 783 682 837 ἀνελεῖν
714 802 770 837 σε
798 788 1173 859 ἐπιχειρήσας,
1200 792 1340 845 ἐπτά
1364 796 1655 865 τιμωρίαις
1684 798 1874 850 ἐαυτὸν
1908 800 2143 852 ὑπεύθυ-

472 886 561 922 νον
593 874 945 944 καταστήσει.
980 876 1070 948 Μὴ
1104 878 1284 930 τοίνυν
1319 879 1507 933 δείδιθι
1537 884 1713 937 τοῦτο.
1749 885 1879 939 Ἰδοὺ
1909 887 2015 959 γάρ
2049 888 2143 941 καὶ

474 960 698 1027 σημεῖον
730 960 1014 1033 ἐπιτίθημι
1039 982 1140 1028 σοι,
1164 964 1305 1018 ῶστε
1330 968 1531 1037 μηδένα
1549 971 1658 1023 τῶν
1688 972 2048 1042 εὑρισκόντων
2083 992 2141 1027 σε

472 1044 756 1114 ἀγνοῆσαι.
796 1050 859 1102 Ἠ
893 1051 1004 1121 γάρ
1038 1052 1219 1125 πάσης
1247 1056 1347 1125 τῆς
1391 1053 1537 1128 ζωῆς
1570 1076 1662 1112 σου
1698 1062 1950 1131 πάρεσις,
1988 1064 2141 1116 λυσι-

471 1133 632 1203 τελὴς
675 1134 827 1189 ἔσται
878 1142 998 1202 ταῖς
1030 1142 1170 1209 μετά
1207 1142 1377 1196 ταῦτα
1407 1150 1641 1212 γενεαῖς,
1691 1149 1784 1201 καὶ
1816 1150 1952 1221 ὅπερ
1984 1151 2144 1221 μόνος

476 1219 699 1289 μηδενὸς
749 1225 1014 1295 παρόντος
1070 1227 1335 1300 ἔπραξας,
1379 1231 1537 1285 τοῦτο
1560 1234 1891 1306 μαθήσονται
1924 1219 2142 1302 πάντες

471 1306 705 1395 όρῶντές
733 1327 791 1363 σε
820 1313 1073 1369 στένοντα
1090 1316 1184 1369 καὶ
1205 1318 1497 1388 τρέμοντα.
1518 1324 1609 1375 καὶ
1634 1325 1914 1395 μονονουχὶ
1940 1325 2143 1394 βοῶντα

471 1393 561 1482 διά
593 1396 688 1449 τοῦ
716 1399 924 1469 τρόμου
952 1401 1045 1455 τοῦ
1070 1406 1405 1474 σωματικοῦ,
1438 1410 1530 1463 καλ
1560 1412 1697 1463 πᾶσι
1737 1393 2141 1482 διαλεγόμενον,

474 1480 570 1572 καί
592 1482 818 1552 λέγοντα
847 1487 876 1526 b
901 1503 914 1515 ·
950 1489 1135 1559 μηδεὶς
1160 1491 1344 1561 ἕτερος
1369 1495 1593 1550 τοιαῦτα
1619 1498 1864 1571 τολμήσῃ
1884 1539 1899 1561 ,
1943 1480 2140 1572 οἷάπερ

479 1568 611 1637 ἐγὼ,
652 1572 740 1625 ἵνα
773 1572 846 1645 μὴ
874 1576 1132 1648 τοιαύτην
1163 1578 1382 1649 δέξηται
1404 1585 1674 1656 τιμωρίαν
1706 1568 1787 1640 6.*
1835 1568 1863 1603 vi

547 1697 622 1754 ς’.
642 1692 828 1780 Ταῦτα
850 1696 1157 1763 ἀκούοντες,
1194 1700 1484 1776 ἀγαπητοὶ,
1504 1704 1578 1777 μὴ
1594 1707 1778 1772 ἁπλῶς
1797 1726 1871 1761 πα
1878 1726 1977 1780 ρατ
1986 1710 2147 1780 ρέχω-

603 1778 671 1833 τά
716 1782 1000 1853 εἰρημένα,
1035 1787 1169 1857 μηδέ
1199 1789 1361 1844 τοῦτο
1408 1792 1567 1865 μόνον
1604 1778 1912 1867 σκοπῶμεν,
1942 1778 1997 1849 εἰ
2023 1778 2143 1850 καθ’

471 1864 707 1954 ἐκάστην
747 1870 980 1924 ἐνταῦθα
1031 1864 1427 1946 συνερχόμενοι
1457 1864 1834 1952 πνευματικῆς
1868 1883 2145 1954 τραπέζης

472 1950 853 2041 ἀπολαύομεν·
896 1959 1049 2012 οὐδὲν
1098 1961 1207 2033 γὰρ
1262 1963 1452 2032 ὄφελος
1479 1966 1580 2035 τῆς
1626 1950 1941 2039 ἀκροάσεως
1976 1950 2144 2041 μόνης

473 2038 603 2090 ἄνευ
631 2040 728 2110 τῆς
747 2042 833 2095 διὰ
859 2046 967 2097 τῶν
993 2046 1170 2118 ἔργων
1197 2049 1461 2122 ὑπακοῆς.
1503 2053 1641 2107 Ἀλλ’
1660 2056 1964 2119 ἐννοοῦντες
1980 2038 2143 2111 πόθεν

474 2127 556 2187 εἰς
581 2129 786 2199 ταύτην
804 2131 901 2203 τήν
930 2133 1314 2203 ἀσύγγνωστον
1341 2141 1438 2193 καὶ
1466 2142 1703 2214 χαλεπὴν
1729 2145 2004 2215 ἁμαρτίαν
2027 2162 2146 2199 συν⁶

474 2214 695 2303 ήλασεν)
723 2219 911 2275 ἑαυτὸν
967 2226 995 2277 6
1044 2225 1203 2290 Κάῑν,
1250 2228 1345 2281 καὶ
1376 2231 1456 2283 ὅτι
1492 2231 1599 2283 ἀπὸ
1628 2231 1719 2283 τοῦ
1758 2214 2026 2303 φθονῆσαι
2054 2236 2144 2288 τὸν

477 2302 598 2391 μηδ’
632 2303 765 2368 ὅλως
792 2309 956 2362 αὑτὸν
989 2311 1244 2383 ἀδικῆσαί
1276 2332 1404 2368 ποτε
1432 2317 1873 2389 ἐπιχειρήσαντα,
1908 2322 2006 2391 τὴν
2030 2339 2142 2373 τοι-

477 2387 646 2461 αύτην
702 2394 1005 2464 εἴσπραξιν,
1067 2400 1266 2468 μᾶλλον
1318 2401 1372 2455 δέ
1426 2387 1705 2474 ἀναίρεσιν
1748 2408 1827 2470 εἰς
1870 2387 1974 2459 τὸν-
2015 2406 2143 2459 ἴδιον

474 2476 701 2564 ἀδελφὸν
729 2483 1051 2555 τετόλμηκε,
1098 2488 1172 2559 μὴ
1204 2488 1266 2540 τὸ
1299 2489 1483 2553 κακῶς
1508 2492 1818 2562 φεύγωμεν,
1847 2494 1983 2547 ἀλλὰ
2017 2496 2146 2564 μᾶλ-

475 2563 565 2617 λον
608 2568 669 2620 τὸ
718 2570 902 2634 κακῶς
955 2575 1160 2645 ἑτέροις
1207 2576 1535 2648 διατεθῆναι.
1577 2580 1810 2642 Ἐκεῖνος
1842 2581 1950 2651 γάρ
1996 2563 2143 2634 ἐστιν

474 2652 642 2717 ὅντως
673 2657 701 2708 6
733 2658 915 2722 κακῶς
947 2661 1247 2727 πεπονθὼς,
1282 2664 1309 2715 6
1340 2665 1431 2717 τὸν
1464 2664 1689 2736 πλησίον
1725 2669 1919 2721 ἑαυτοῦ
1950 2687 2144 2740 κατερ-

476 2740 733 2807 γάζεσθαι
781 2744 1116 2817 βουλόμενος.
1174 2752 1283 2803 Καὶ
1337 2752 1422 2805 ἵνα
1466 2753 1642 2827 μάθῃς
1677 2756 1758 2827 ὅτι
1808 2756 1965 2813 τοῦτό
1998 2759 2143 2811 ἐστιν

475 2828 691 2897 ἀληθὲς,
723 2833 822 2902 ὅρα
873 2852 961 2904 μοι
995 2836 1248 2902 ἐνταῦθα,
1278 2840 1362 2902 τίς
1396 2842 1541 2894 ἐστιν
1565 2845 1593 2895 6
1624 2823 1808 2908 κακῶς
1837 2844 2140 2910 πεπονθὼς,

473 2919 500 2967 6
533 2917 755 2982 ἀνελὼν,
797 2921 830 2991 ἢ
867 2923 895 2973 6
942 2924 1279 2995 ἀναιρεθείς;
1315 2928 1483 2998 Δῆλον
1513 2931 1592 2983 ὃτι
1631 2932 1658 2981 6
1682 2932 1907 2985 ἀνελών.
1935 2934 2031 2986 Διά
2050 2935 2101 2986 τί
2128 2951 2141 2998 ;

473 3001 596 3056 ’Ὁτι
642 3006 669 3056 6
711 3007 809 3076 μέν
861 3010 1166 3080 ἀναιρεθεὶς
1206 3015 1488 3088 καὶμέχρι
1527 3019 1618 3071 τοῦ
1654 3020 1748 3071 νῦν
1777 3020 1960 3090 ᾄδεται
1992 3022 2143 3092 παρά

471 3095 581 3153 τοῖς
606 3095 858 3149 ἁπάντων
881 3098 1129 3168 στόμασι,
1154 3103 1246 3154 καὶ
1263 3104 1715 3176 ἀνακηρύττεται,
1735 3109 1829 3161 καὶ
1859 3110 2145 3177 στεφανοῦ-

471 3196 582 3242 ται,
612 3181 687 3243 ὡς
715 3183 811 3252 τῆς
862 3185 1114 3254 ἀληθείας
1147 3192 1563 3262 πρωτόμαρτυς,
1599 3194 1846 3265 καθάπερ
1882 3198 2013 3267 φησί
2050 3199 2143 3251 καὶ

472 3267 502 3319 6
544 3268 809 3337 μακάριος
851 3271 1094 3336 Παῦλος⁶
1139 3276 1473 3332 Ἀποθανὼν
1514 3282 1683 3335 Ἅϐελ
1724 3283 1811 3337 ἔτι
1848 3284 2040 3337 λαλεῖ.
2083 3286 2142 3337 '0

472 3352 531 3406 δὲ
557 3356 759 3409 ἀνελὼν
790 3360 883 3411 καὶ
917 3360 1036 3413 τότε
1073 3363 1171 3432 μὲν
1209 3365 1563 3439 ἐλεεινότερον
1595 3370 1809 3426 πάντων
1841 3372 2142 3444 ἀνθρώπων

475 3440 590 3510 βίον
623 3444 737 3514 ἔζη,
771 3448 985 3515 μετάδέ
1014 3451 1185 3503 ταῦτα
1219 3455 1367 3523 παρά
1395 3458 1610 3508 πάντων
1637 3461 1755 3520 ταῖς
1787 3461 2143 3531 κατηγορίαις

476 3531 748 3598 βάλλεται,
782 3536 873 3587 καὶ
910 3536 986 3598 ὡς
1021 3537 1301 3606 βδελυκτὸς
1340 3543 1490 3612 παρά
1520 3543 1595 3613 τῷ
1627 3545 1744 3615 θεῷ
1775 3548 1866 3599 καὶ
1898 3565 2140 3618 κατηρα-

478 3619 635 3687 μένος
667 3621 770 3673 ὑπὸ
812 3622 913 3691 τῆς
950 3624 1098 3688 θείας
1159 3626 1197 3677 Γ
1202 3628 1380 3697 ραφῆς
1421 3631 1978 3702 παραδειγματίζεται
2002 3653 2013 3664 ·
2050 3637 2143 3688 καί¹

472 3708 642 3760 ταῦτα
676 3710 775 3779 μὲν
805 3712 862 3763 ἐν
890 3710 966 3781 τῷ
1018 3715 1242 3784 παρόντι
1271 3717 1364 3769 καὶ
1403 3721 1894 3793 συγκαταλυομένῳ
1919 3723 2017 3794 βίῳ
2036 3740 2049 3754 ⁶
2074 3726 2141 3778 τά

471 3795 529 3847 δὲ
557 3798 613 3848 ἐν
634 3796 710 3865 τῷ
735 3797 980 3866 μέλλοντι
1000 3800 1153 3853 αἰῶνι
1173 3803 1477 3874 ἀπαντῆσαι
1499 3807 1825 3880 ἀμφοτέροις
1838 3810 2139 3878 ὀφείλοντα,

474 3884 569 3935 καὶ
595 3885 942 3956 καταλλήλως
963 3885 1176 3960 ἑκάστῳ
1204 3892 1302 3961 τῆς
1334 3893 1529 3945 ἐαυτοῦ
1565 3895 1816 3965 πράξεως
1845 3898 2140 3953 ἀπολαϐεῖν

473 3970 625 4041 παρά
652 3971 745 4023 τοῦ
774 3972 981 4027 δικαίου
1012 3977 1220 4044 κριτοῦ,
1246 3979 1330 4042 τίς
1362 3979 1517 4049 λόγος
1547 3985 1894 4054 παραστῆσαι
1924 3987 2144 4058 δυνήσε-

470 4075 587 4123 ται,
618 4060 653 4130 ἦ
683 4060 751 4113 τά
787 4063 985 4130 ἀγαθά,
1020 4065 1053 4135 ἢ
1093 4066 1160 4119 τὰ
1194 4068 1443 4132 ἐναντία;
1480 4070 1593 4122 Οὑκ
1620 4070 1764 4125 ἔστιν
1788 4074 1981 4139 οὐδεὶς,
2017 4075 2140 4130 οὔτε

473 4147 543 4199 τά
568 4151 797 4219 χρηστὰ,
822 4151 945 4205 οὔτε
980 4154 1048 4206 τά
1072 4154 1309 4227 λυπηρά.
1341 4158 1448 4210 Καὶ
1487 4159 1595 4231 γάρ
1627 4162 1831 4216 ἐκεῖνον
1860 4164 1957 4233 μὲν
1986 4167 2018 4236 ἡ
2051 4165 2144 4235 βα-

476 4235 648 4288 σιλεία
698 4237 807 4291 τῶν
847 4240 1109 4311 οὐρανῶν,
1144 4244 1236 4295 κοιί¹
1287 4244 1495 4299 αἰώνιοι
1527 4248 1745 4317 σκηναὶ,
1791 4251 1885 4303 καὶ
1914 4254 1961 4305 οἰ
1992 4235 2143 4325 χοροὶ

476 4324 847 4394 πατριαρχῶν,
881 4330 1175 4399 προφητῶν
1219 4349 1277 4383 τε
1313 4335 1407 4386 καὶ
1433 4334 1765 4402 ἀποστόλων,
1802 4338 1895 4392 καὶ
1924 4324 2142 4395 πάντων

472 4409 581 4462 τῶν
626 4411 795 4478 ἁγίων
848 4413 875 4451 ιι
928 4415 1114 4485 ὅμιλος
1144 4417 1488 4483 ὑποδέξονται
1532 4423 2028 4491 συμϐασιλεύσοντα
2062 4431 2142 4492 εἰς

473 4496 674 4560 αἰῶνας
706 4499 1090 4571 ἀτελευτήτους
1118 4504 1195 4573 τῷ
1236 4504 1445 4575 βασιλεῖ
1471 4510 1690 4581 Χριστῷ
1726 4512 1919 4583 Ἰησοῦ,
1948 4514 2026 4585 τῷ
2045 4515 2139 4569 τοῦ

473 4583 623 4657 ῌἹΟ]
660 4586 792 4640 Θεοῦ
827 4594 1104 4658 μονογενεῖ
1137 4592 1249 4663 Υἱῴ
1287 4594 1377 4647 καὶ
1411 4596 1527 4667 Θεῷ
1554 4615 1567 4628 ’
1592 4599 1778 4653 τοῦτον
1810 4601 1864 4654 δὲ
1889 4604 1921 4673 ή
1949 4583 2141 4670 γέεννα

470 4678 565 4732 τοῦ
606 4680 774 4750 πυρὸς
808 4683 899 4735 καὶ
943 4683 1009 4735 τὰ.
1048 4684 1182 4738 ἄλλα
1224 4686 1434 4741 ἅπαντα
1476 4690 1715 4744 ἀθάνατα
1747 4692 2140 4765 βασανιστήρια

470 4766 798 4833 διαδέξονται
822 4772 899 4833 εἰς
930 4771 1131 4836 αἰῶνας
1179 4774 1513 4845 ἀπεράντους
1537 4779 1968 4849 τιμωρούμενον,
2000 4782 2138 4851 μετά

472 4856 567 4906 καὶ
592 4857 807 4910 πάντων
828 4859 934 4911 τῶν
962 4859 1030 4912 τὰ
1062 4862 1419 4933 παραπλήσια
1450 4864 1595 4935 αὐτῷ
1639 4868 2015 4938 πεπραχότων,
2045 4871 2139 4923 καὶ

476 4944 708 5011 μάλιστα
729 4947 851 5010 τοὺς
890 4949 1026 5017 μετὰ
1060 4950 1231 5002 ταῦτα
1254 4954 1368 5015 τοῖς
1398 4953 1691 5023 αἰσχίστοις
1722 4955 1949 5009 πάθεσιν
1986 4956 2138 5010 ἁλόν-

472 5049 590 5095 τας,
653 5034 761 5103 ὅσῳ
810 5037 903 5087 καὶ
938 5037 1140 5106 μείζων
1180 5041 1211 5107 ή
1252 5041 1490 5111 τιμωρία
1520 5043 1669 5114 παρά
1700 5044 1792 5095 τοῦ
1826 5044 2004 5096 κοινοῦ
2042 5046 2135 5096 Δε-

475 5120 670 5172 σπότου
732 5124 1040 5193 ἐκφέρεται.
1080 5128 1274 5178 ’Ἄκουε
1324 5128 1429 5197 γὰρ
1472 5129 1565 5182 τοῦ
1621 5132 1888 5202 μακαρίου
1925 5131 2136 5184 Παύλου

470 5207 751 5276 λέγοντος·
800 5212 1102 5282 ’Όσοιγὰρ
1162 5216 1395 5284 ἀνόμως
1442 5216 1724 5286 ἥμαρτον,
1776 5220 2010 5287 ἀνόμως
2039 5219 2138 5273 καὶ

470 5297 840 5353 ἀπολοῦνται
862 5317 875 5329 ·
898 5302 1195 5367 τουτέστιν,
1226 5304 1592 5377 ἐλαφροτέραν
1621 5307 1828 5378 ὑποστή
1839 5323 2015 5360 σονται
2037 5307 2136 5377 τὴν

533 5464 781 5535 ³.(ξοὶεἰξιη.
808 5468 834 5515 ὃ
859 5470 1126 5535 εἰργάσατο,
1156 5474 1237 5519 καὶ
1259 5475 1288 5529 ἡ
1315 5474 1455 5535 μανία
1475 5475 1540 5528 εἰς
1564 5474 1645 5520 τὸν
1664 5476 1784 5522 ἴδιον
1806 5473 2021 5535 ἀδελφόν.
2054 5473 2135 5521 Ιη-

471 5525 549 5597 [ri
561 5529 688 5575 idem
707 5530 782 5597 ’ὅτι
802 5525 986 5592 πρῶτος
1010 5525 1256 5597 τὸνῗφόνον
1280 5525 1362 5583 καὶ
1378 5537 1458 5582 τὸν
1480 5525 1628 5597 βίαιον
1652 5538 1845 5582 θάνατον
1864 5525 2129 5595 εἰσήγαγεν,

469 5588 686 5656 ἕϐδομον.
704 5589 730 5624 b
744 5588 944 5656 SQp'lem
959 5607 1073 5656 mss.
1089 5588 1417 5656 διαλεγομένου
1436 5588 1514 5643 κάξ
1525 5597 1755 5656 λέγοντος.
1771 5601 1794 5628 ο
1808 5588 2133 5646 (Ιοὶεἱίιέίοὶιυὲ

469 5650 625 5720 οοᾲεξκ
650 5652 724 5720 ἵνα
753 5650 1056 5720 μήἰτοιαύτην
1096 5650 1288 5711 δέξηται
1311 5658 1553 5719 τιμωρίαν.
1587 5650 2030 5720 Ἐὐχα-ριστήσωμεν
2050 5656 2131 5706 οὖν

468 5710 550 5781 καὶ
570 5712 707 5781 ἡμεῖς
721 5710 788 5775 τῷ
814 5714 973 5776 ἀγαθῴ
996 5710 1075 5763 καὶ
1098 5710 1402 5781 φιλανθρώπὶρ
1422 5710 1530 5781 Εξεῷ
1546 5710 1700 5779 ἡμῶν,
1723 5710 1794 5766 6::
1814 5710 2151 5781 αὐτῷ’πρέπει·

470 5769 599 5839 δόξα,
623 5769 809 5839 κράτος,
826 5769 1037 5839 τιμήκαί
1062 5769 1395 5839 προσκύεὲηοίς,
1420 5769 1600 5827 νῦν.καῖ
1621 5769 1709 5838 άεί,
1735 5784 1813 5828 καὶ
1841 5769 2032 5837 εἰς’τούς
2051 5785 2128 5831 αἰ-

470 5833 593 5904 ὦνμς
622 5836 720 5908 τῶν
750 5833 947 5911 αἰώνων
991 5833 1153 5899 Ἀμήν.
1193 5833 1485 5890 ἰιιιέτηιοόὶιι
1511 5833 1708 5891 desunt:
1773 5840 1798 5880 ά
1838 5833 1972 5894 L‘Olb.
2001 5833 2125 5899 linus

471 5907 552 5940 ιαι
581 5910 670 5949 πας
700 5907 726 5942 O
749 5912 840 5943 των
871 5907 1032 5957 ἁγίων.

1253 322 1310 378 S.
1341 322 1628 381 JOANNIS
1660 323 2155 387 CHRYSOSTOMI
2194 334 2511 393 ARCIIIEP.
2543 338 3089 402 CONSTANTINOP.

3784 352 3870 407 166

2244 455 2531 526 τιμωρίαν,
2586 458 2672 512 διὰ
2708 460 2768 513 τὸ
2805 462 2878 533 μὴ
2921 461 3065 532 ἔχειν
3108 462 3327 533 ἔλεγχον
3361 463 3457 535 τὴν
3487 476 3509 504 ο
3536 465 3598 518 ἐκ
3623 466 3708 519 τοῦ
3731 468 3872 538 νόμου

2242 539 2467 612 ἀπειλήν
2504 561 2562 596 τε
2602 546 2694 599 καὶ
2719 547 2999 617 διόρθωσιν
3016 567 3029 579 ·
3063 550 3167 603 Καὶ
3198 549 3327 603 ὅσοι
3345 550 3413 603 ἐν
3438 553 3599 621 νόμῳ
3620 553 3871 622 ἥμαρτον,

2241 624 2337 678 διὰ
2361 631 2546 698 νόμου
2591 635 2995 699 κριθήσονται.
3039 630 3198 688 Οὗτοι
3241 636 3318 704 δὲ,
3352 638 3535 707 φησὶν,
3571 640 3619 691 οἱ
3647 642 3732 693 καὶ
3759 660 3854 711 μετ,

2238 713 2336 784 τὴν
2359 719 2420 768 ἐκ
2441 718 2533 771 τοῦ
2563 720 2723 789 νόμου
2749 722 2995 793 βοήθειαν
3020 724 3087 776 τὰ
3114 724 3252 777 αὑτά
3282 725 3510 789 ἐκείνοις
3543 731 3853 799 πεπραχότες

2243 802 2546 877 βαρυτέρας
2577 808 2669 860 καὶ
2702 810 3106 882 ἀφορητοτέρας
3140 812 3471 881 ὑπομένουσι
3504 814 3598 866 καί⁷
3627 814 3718 877 τὰς
3741 818 3875 872 κολά-

2243 908 2375 954 σεις.
2416 895 2524 947 Καὶ
2565 896 2708 964 μάλα
2747 899 2969 961 εἰκότως
2992 914 3005 927 ·
3043 901 3123 952 ὅτι
3159 898 3279 952 οὔτε
3304 902 3332 952 6
3354 900 3535 971 νόμος,
3557 900 3677 953 οὔτε
3705 904 3760 955 τὸ
3782 906 3865 958 ἐτέ-

2246 995 2370 1047 ρους
2403 982 2530 1035 ἱδεῖν
2576 985 2849 1049 τοσούτοις
2886 989 3074 1050 κακοῖς
3104 988 3503 1060 ὑποϐληθέντας
3540 994 3875 1060 σωφρονεστέ-

2244 1084 2370 1136 ρους
2400 1072 2594 1134 αὑτοὺς
2628 1072 2659 1143 ἢ
2715 1075 3151 1143 ἐπιεικεστέρους
3184 1077 3572 1147 ἀπειργάσατο.
3606 1079 3693 1130 Διὸ
3727 1097 3880 1151 παρα-

2243 1156 2409 1216 καλῶ,
2435 1158 2536 1211 κᾶν
2569 1160 2696 1227 γοῦν
2728 1163 2835 1215 ἀπὸ
2880 1161 2971 1215 τοῦ
3025 1162 3120 1214 νῦν
3178 1167 3289 1227 τοῖς
3334 1164 3533 1235 ἐτέρων
3578 1166 3878 1237 παιδεύμασι

2245 1246 2664 1316 σωφρονίσωμεν
2725 1250 2968 1313 ἑαυτοὺς,
2998 1251 3092 1303 καὶ
3119 1252 3207 1303 τὸν
3237 1252 3351 1321 βίον
3375 1252 3463 1304 τὸν
3488 1254 3693 1306 ἑαυτῶν
3717 1255 3881 1307 ἰθύνω.

2246 1348 2345 1400 μεν
2368 1332 2503 1403 πρὸς
2529 1334 2628 1404 τὴν
2654 1336 2747 1388 τοῦ
2781 1336 2979 1408 Κυρίου
3002 1339 3300 1409 ὑποταγὴν,
3335 1342 3446 1402 τοῖς
3472 1340 3636 1393 αὑτοῦ
3662 1343 3879 1394 ὑπείκον-

2241 1437 2333 1483 τες
2366 1422 2582 1490 νόμοιςο
2620 1425 2714 1477 καὶ
2757 1428 2893 1497 μήτε
2956 1427 3169 1496 φθόνος,
3213 1431 3348 1500 μήτε
3392 1430 3678 1499 βασκανία,
3714 1434 3881 1501 μήτεὸ

2241 1506 2350 1560 τῶν
2402 1509 2669 1578 σωμάτων
2700 1511 2860 1582 ἔρως,
2912 1516 3049 1584 μήτε
3084 1518 3115 1585 ή
3143 1516 3235 1568 τοῦ
3266 1517 3529 1587 παρόντος
3554 1519 3668 1587 βίου
3699 1519 3810 1584 δόξα
3832 1537 3881 1571 τε

2243 1594 2337 1647 καὶ
2359 1594 2666 1663 δυναστεία,
2714 1600 2850 1670 μήτε
2906 1605 2939 1673 ή
2972 1603 3069 1672 τῆς
3117 1605 3351 1674 γαστρὸς
3386 1605 3565 1675 ἡδονὴ,
3601 1606 3733 1674 μήτε
3766 1607 3879 1676 ἄλλη

2242 1701 2325 1749 τις
2376 1686 2574 1751 ἄτοπος
2609 1689 2872 1760 ἐπιθυμία
2928 1692 3368 1763 κατακυριευέτω
3412 1693 3566 1763 ήμῶν
3605 1694 3709 1745 τῶν
3748 1696 3799 1745 ἐν
3826 1699 3879 1765 τῇ

2241 1771 2387 1843 ψυχῇ
2410 1772 2682 1844 λογισμῶν
2708 1792 2721 1804 ·
2752 1778 2866 1830 ἀλλ’
2894 1779 3297 1850 ἐκκαθάραντες
3330 1781 3552 1844 ἑαυτοὺς
3598 1781 3703 1834 ἀπὸ
3728 1782 3882 1851 πάσης

2246 1861 2389 1924 ἰλύος
2416 1863 2509 1915 καὶ
2544 1862 2749 1935 τύρϐης
2785 1864 3064 1935 βιωτικῆς,
3091 1868 3185 1923 καὶ
3230 1868 3397 1923 πολλά
3424 1869 3635 1937 χαίρειν
3668 1869 3882 1931 εἰπόντες

2242 1951 2353 2013 τοῖς
2391 1950 2689 2021 αἰσχίστοις
2718 1953 2812 2006 καὶ
2836 1954 3204 2018 ἀτοπωτάτοις
3226 1954 3420 2015 πάθεσι
3449 1957 3585 2026 πρὸς
3615 1955 3709 2027 τὴν
3732 1975 3883 2026 μακα-

2245 2036 2367 2106 ρίαν
2384 2037 2599 2108 ἐκείνην
2619 2038 2762 2113 ζωὴν
2782 2040 3145 2111 ἐπειχθῶμεν,
3169 2041 3298 2099 καὶ,ῐ
3328 2042 3396 2095 τὰ
3418 2044 3704 2115 ἀπόρρητα
3726 2047 3882 2113 ἀγαθά

2241 2125 2277 2179 ἂ
2312 2126 2607 2197 ἡτοίμασεν
2650 2128 2679 2180 6
2737 2128 2869 2192 Θεὸς
2900 2132 3011 2194 τοῖς
3045 2131 3331 2199 ἀγαπῶσιν
3364 2130 3525 2187 αὑτόν
3549 2150 3560 2162 ·
3600 2126 3675 2186 ὧν
3700 2133 3883 2201 γένοιτο

2243 2215 2449 2279 πάντας
2484 2217 2632 2287 ἡμᾶς
2682 2216 3001 2288 ἀξιωθῆναι,
3050 2221 3233 2290 χάριτι
3287 2222 3382 2273 καὶ
3411 2220 3783 2292 φιλανθρωπίᾳ
3804 2222 3883 2275 τοῦ

2242 2304 2447 2374 Κυρίου
2493 2304 2649 2379 ήμῶν
2693 2305 2866 2374 Ἰησοῦ
2917 2307 3176 2377 Χριστοῦ,
3218 2308 3337 2379 μεθ’
3364 2301 3426 2361 οῦ
3462 2309 3539 2379 τῷ
3565 2310 3757 2380 Πατρὶ,
3784 2310 3882 2378 ἆμα

2240 2388 2319 2459 τῷ
2344 2390 2484 2461 ἁγίῳ
2523 2390 2801 2462 ΙΙνεύματι
2824 2392 2971 2457 δόξα,
3000 2394 3222 2462 κράτος,
3253 2394 3409 2467 τιμὴ,
3439 2396 3533 2449 νῦν
3570 2399 3663 2449 καὶ
3692 2396 3885 2464 ἀεί,καὶ

2241 2478 2319 2541 είς
2345 2481 2473 2550 τοὺς
2492 2480 2694 2544 αἰῶνας
2723 2479 2834 2534 τῶν
2863 2480 3094 2536 αἰώνων.
3129 2483 3323 2553 Ἀμήν.

2894 2590 3134 2645 OMIAIA
3173 2595 3256 2646 κ’.

2257 2693 2508 2761 Ἐξῆλθε
2578 2695 2646 2749 δὲ
2708 2695 2859 2751 Κάιν
2918 2696 3036 2750 ἀπὸ
3078 2699 3401 2761 προσώπου
3444 2702 3551 2755 τοῦ
3606 2700 3766 2762 Θεοῦ,
3802 2699 3884 2754 καί

2313 2764 2554 2833 ᾤκησεν
2579 2768 2648 2820 ἐν
2692 2766 2770 2835 γῇ
2801 2766 2950 2821 Ναῒδ
2978 2770 3290 2823 κατέναντι
3320 2771 3513 2841 Ἑδὲμ,
3536 2772 3632 2825 καλ⁸
3657 2772 3721 2827 τά
3755 2771 3882 2841 ἑξῆς.

2311 2877 2378 2923 α’.
2393 2871 2527 2941 Φέρε
2546 2872 2706 2945 πάλιν
2734 2872 2834 2941 τῆς
2861 2873 3180 2937 ἀκολουθίας
3198 2875 3262 2945 σή
3274 2893 3336 2944 με
3344 2893 3434 2945 ρον
3451 2876 3558 2928 τῶν
3574 2874 3885 2943 ἀνεγνωσμέ-

2242 2979 2348 3015 νων
2390 2963 2674 3032 ἀψάμενοι,
2727 2963 2975 3015 ἐντεῦθεν
3006 2964 3133 3033 ὑμῖν
3162 2964 3629 3033 τὴνιδιδασκαλίαν
3654 2963 3886 3034 παραθῶ-

2245 3067 2365 3119 μεν,
2416 3052 2509 3103 καὶ
2546 3053 2610 3103 ἐκ
2654 3052 2752 3121 τῆς
2803 3051 2986 3120 βίϐλου
3036 3050 3130 3104 τοῦ
3172 3053 3453 3123 μακαρίου
3491 3054 3765 3115 Μωῡσέως
3803 3052 3886 3121 τὴν

2244 3136 2445 3209 συνήθη
2476 3137 2706 3203 διάλεξιν
2746 3137 2883 3209 πρὸς
2928 3139 3071 3208 ὑμᾶς
3107 3138 3482 3209 ποιησώμεθα,
3525 3141 3726 3209 μᾶλλον
3753 3139 3804 3193 δέ
3834 3139 3888 3190 ὲκ

2239 3225 2348 3278 τῶν
2378 3225 2472 3279 τοῦ
2515 3226 2830 3296 Πνεύματος
2870 3226 3087 3295 λογίων,
3116 3225 3259 3297 ἆπερ
3287 3226 3376 3279 διά
3395 3230 3494 3297 τῆς
3526 3229 3716 3281 τούτου
3736 3228 3887 3295 γλώτ-

2240 3331 2339 3383 της
2371 3315 2515 3383 ἡμᾶς
2563 3312 2799 3378 ἐδίδαξεν
2831 3314 2863 3384 ή
2902 3313 3019 3366 θεία
3063 3314 3241 3383 χάρις.
3292 3314 3428 3367 Ἀλλ’
3454 3316 3541 3367 ἵνα
3584 3314 3889 3385 σαφέστερος

2242 3400 2369 3471 ὑμῖν
2394 3400 2615 3469 γένηται
2650 3402 2677 3452 6
2705 3400 2881 3467 λόγος,
2931 3401 3222 3469 ἀναγκαῖον
3253 3401 3562 3471 ὑπομνῆσαι
3600 3402 3695 3473 τὴν
3721 3403 3891 3471 ὑμετέ-

2244 3507 2341 3560 ραν
2372 3490 2596 3560 ἀγάπην
2623 3490 2732 3541 τῶν
2766 3488 2867 3559 ’ήδη
2911 3489 3204 3560 ῥηθέντων,
3241 3490 3338 3541 καὶ
3364 3490 3495 3544 ὅπου
3530 3490 3629 3561 τὴν
3655 3490 3888 3544 διδασκα-

2240 3577 2358 3631 λίαν
2416 3575 2809 3646 κατελύσαμεν,
2859 3576 2946 3628 ἵνα
3003 3577 3211 3629 ἐκεῖθεν
3244 3577 3413 3647 αὑτὴν
3440 3578 3682 3648 σήμερον
3714 3578 3891 3631 ἀναλα-

2242 3664 2444 3728 ϐόντες,
2468 3663 2609 3715 οὕτω
2642 3665 2739 3733 τῆς
2761 3663 2932 3733 ἀρχῆς
2963 3663 3073 3716 τῶν
3106 3664 3529 3734 ἀνεγνωσμένων
3559 3663 3821 3734 ἁᾲώμεθα
3849 3666 3888 3714 ε.

2244 3750 2385 3803 Ἴστε
2412 3750 2520 3821 γάρ
2546 3752 2626 3803 ὅτι
2678 3750 2776 3821 τὴν
2807 3749 2947 3804 κατά
2984 3751 3074 3803 τὸν
3105 3751 3271 3803 Ἅϐελ
3306 3750 3556 3803 ὑπόθεσιν
3594 3755 3891 3821 κινήσαντες

2239 3839 2553 3909 ἐδείκνυμεν
2572 3838 2630 3902 ἐξ
2647 3836 2824 3891 αὑτῶν
2844 3838 2952 3890 τῶν
2972 3839 3372 3909 γεγενημένων,
3398 3840 3491 3893 καὶ
3512 3840 3570 3906 ἐξ
3598 3835 3890 3899 ᾇνὲκαστες

2239 3928 2335 3990 τὰς
2360 3928 2547 3990 θυσίας
2583 3927 2766 3980 αὑτῶν
2799 3928 3144 3998 προσήνεγκε
3171 3927 3248 3996 τῷ
3285 3926 3434 3998 [171]
3468 3929 3736 3998 Δεσπότῃ,
3766 3928 3892 3988 ὃπως

2240 4015 2481 4082 ἔγκειται
2506 4017 2572 4085 τῇ
2601 4015 2845 4084 ἡμετέρᾳ
2873 4013 3029 4082 φύσει
3068 4015 3097 4085 ή
3140 4013 3340 4082 γνῶσις
3361 4015 3468 4069 τῶν
3499 4016 3786 4085 πρακτέων
3813 4015 3893 4067 καὶ

2238 4103 2346 4155 τῶν
2381 4103 2455 4173 μὴ
2483 4102 2787 4173 πρακτέων,
2819 4102 2912 4154 καὶ
2939 4103 3021 4154 6::
3048 4102 3427 4166 αὑτεξουσίους
3449 4104 3599 4172 ἡμᾶς
3623 4103 3895 4174 εἰργάσατο

2236 4192 2265 4243 6
2305 4191 2414 4243 τῶν
2434 4192 2687 4244 ἁπάντων
2707 4190 3056 4262 δημιουργὸς,
3093 4191 3188 4243 καὶ
3210 4190 3483 4261 πανταχοῦ
3511 4192 3621 4245 ἀπὸ
3649 4194 3746 4261 τῆς
3773 4189 3894 4258 γνὼ-

2243 4296 2349 4349 μης
2400 4282 2498 4349 τῆς
2528 4279 2802 4348 ἡμετέρας
2842 4278 2874 4347 ἢ
2916 4277 3251 4347 κατακρίνει,
3295 4278 3327 4346 ἢ
3373 4281 3628 4347 στεφανοί
3656 4279 3781 4349 (ἀπὸ
3798 4277 3894 4347 γὰρ

2236 4363 2439 4433 ταύτης
2472 4363 2567 4415 τοῦ
2620 4363 2718 4431 μὲν
2777 4362 3082 4433 ἀπόϐλητος
3106 4362 3326 4430 γέγονεν
3355 4364 3388 4434 ή
3417 4362 3602 4427 θυσία,
3629 4363 3724 4415 τοῦ
3754 4362 3808 4414 δὲ
3836 4364 3894 4412 τὲ

2237 4451 2385 4522 δῶρα
2407 4450 2786 4521 προσεδέχθη),
2820 4448 2913 4501 καὶ
2933 4450 3014 4502 ὅτι
3037 4448 3284 4502 ἐντεῦθεν
3306 4449 3412 4501 ὑπὸ
3434 4450 3734 4520 βασκανίας
3760 4465 3894 4518 κινη-

2239 4537 2350 4602 θεὶς
2408 4540 2436 4591 6
2485 4537 2626 4591 Κάῖν
2679 4536 2774 4589 ἐπὶ
2818 4537 2910 4589 τὸν
2935 4534 3029 4589 τοῦ
3076 4535 3305 4605 ἀδελφοῦ
3336 4538 3495 4604 φόνον
3532 4537 3779 4608 ὥρμησε,
3811 4536 3895 4589 καὶ

2241 4624 2382 4695 μετὰ
2421 4624 2519 4695 τὴν
2561 4624 2778 4678 ἀνοσίαν
2810 4622 3013 4694 ταύτην
3046 4623 3264 4693 πρᾶξιν,
3307 4623 3631 4693 βουλομένου
3657 4623 3749 4677 τοῦ
3772 4622 3893 4675 Θεοῦ

2238 4710 2638 4765 ἐκκαλέσασθαι
2661 4711 2820 4764 αὑτὸν
2842 4712 2919 4773 εἰς
2942 4710 3327 4781 ἐξομολόγησιν
3352 4710 3460 4765 τῶν
3482 4710 3892 4781 ἡμαρτημένων,

2237 4801 2357 4853 οὑδὲ
2399 4798 2541 4852 οὕτω
2574 4798 2635 4851 :6
2685 4798 2973 4868 φάρμακον
3004 4798 3102 4866 τῆς
3134 4798 3373 4868 ἰατρείας
3404 4798 3641 4867 ἐδέξατο,
3668 4798 3801 4852 ἀλλὰ
3826 4796 3893 4865 τῷ

2240 4887 2470 4959 μυσαρῷ
2524 4886 2716 4957 ἐκείνῳ
2752 4887 2896 4957 φόνῳ
2934 4887 2993 4939 τὸ
3020 4886 3214 4955 ψεῦδος
3267 4886 3508 4956 συνάψας
3532 4888 3632 4958 τὴν
3667 4887 3895 4957 χαλεπὴν

2236 4976 2452 5045 ἐκείνην
2502 4973 2771 5045 τιμωρίαν
2820 4973 3189 5040 ἐπεσπάσατο,
3220 4976 3311 5027 καὶ
3345 4974 3548 5044 γυμνὸν
3582 4976 3679 5027 καὶ
3705 4975 3893 5046 ἔρημον

2236 5064 2426 5117 ἑαυτὸν
2455 5063 2757 5132 κατέστησε
2787 5063 2885 5131 τῆς
2911 5061 3116 5115 ἄνωθεν
3141 5062 3335 5131 ῥοπῆς,
3355 5063 3663 5134 ὑπόδειγμα
3694 5079 3890 5134 σωφρο-

2236 5150 2429 5221 νισμοῦ
2467 5152 2599 5204 πᾶσι
2646 5153 2759 5212 τοῖς
2786 5150 2925 5220 μετά
2959 5148 3130 5202 ταῦτα
3154 5150 3531 5221 προκείμενος,
3559 5152 3660 5204 καὶ
3697 5153 3781 5204 διὰ
3807 5151 3893 5218 τῆς

2237 5238 2587 5307 ἀποφάσεως,
2610 5231 2677 5309 ἦς
2706 5235 2946 5302 ἐδέξατο,
2996 5236 3159 5289 παντὶ
3193 5236 3272 5307 τῷ
3300 5238 3408 5293 τῶν
3435 5238 3739 5309 ἀνθρώπων
3760 5238 3893 5306 γένει

2234 5327 2632 5396 διαλεγόμενος,
2684 5326 2778 5378 καὶ
2827 5325 3110 5395 μονονουχὶ
3163 5324 3300 5393 βοῶν
3349 5327 3441 5378 καὶ
3476 5325 3686 5394 λέγων·
3717 5328 3893 5398 μηδεὶς

2237 5415 2387 5486 ὑμῶν
2436 5414 2676 5467 τοιοῦτόν
2721 5430 2771 5465 τι
2803 5413 3050 5485 τολμήσῃ
3083 5414 3234 5477 ποτὲ,
3269 5414 3357 5467 ἵνα
3391 5414 3468 5485 μὴ
3501 5416 3613 5478 τοῖς
3644 5414 3890 5474 τοιούτοις

2236 5504 2527 5575 περιπέσῃ.
2562 5502 2743 5555 Είδετε
2764 5501 3032 5553 Δεσπότου
3065 5502 3493 5573 φιλανθρωπίαν,
3520 5504 3672 5567 ὅπως
3694 5502 3780 5556 διά
3805 5503 3893 5570 τῆς

2233 5595 2309 5648 εἰς
2334 5592 2541 5645 ἐκεῖνον
2560 5589 2830 5659 τιμωρίας
2852 5590 2951 5641 οὑκ
2978 5592 3184 5643 ἐκεῖνον
3206 5591 3367 5661 μόνον
3391 5592 3721 5661 σωφρονίσαι
3744 5590 3889 5663 13600-

2293 5788 2315 5814 ε
2339 5784 2436 5831 Sex
2473 5796 2585 5831 mss.
2623 5788 2674 5829 ct
2704 5782 2852 5845 SavAil.
2881 5782 3003 5842 ἔχειν
3025 5781 3319 5845 ἔλεγχονᾼτήν
3342 5781 3510 5830 Morel.
3541 5782 3793 5845 ἐλέγχοντα

2298 5845 2315 5882 Ι
2352 5846 2477 5911 ﬂag.
2514 5857 2643 5911 ungs
2676 5845 2756 5890 καὶ
2781 5843 3101 5911 ’ἀπολάϐωμεν
3123 5848 3182 5890 τά
3204 5843 3482 5911 ἀπόρρητα.-
3529 5846 3552 5882 ε
3602 5843 3727 5906 m-‘g.
3775 5856 3881 5892 unu:

2231 5909 2314 5966 τήν
2342 5904 2489 5969 ἀρχὴν
2518 5923 2559 5953 τ.
2584 5906 2656 5953 ἀν.
2684 5907 2977 5967 ποιήσωμεν,
3004 5912 3056 5954 el
3078 5918 3187 5955 mox
3217 5904 3363 5955 Ἀϐελ
3395 5907 3674 5968 ὑπόμνησιν.
