  <div class='ocr_page' id='page_1' title='image "/cluster/home/n/w/nwhite01/storage/ocr_20150623/53/nnc1.0046978453/164.png"; bbox 0 0 4038 6394; ppageno 0'>
   <div class='ocr_carea' id='block_1_1' title="bbox 253 381 2476 447">
    <p class='ocr_par' dir='ltr' id='par_1_1' title="bbox 253 381 2476 447">
     <span class='ocr_line' id='line_1_1' title="bbox 253 381 2476 447; baseline -0 -4"><span class='ocrx_word' id='word_1_1' title='bbox 253 381 349 443; x_wconf 73' lang='grc'><strong>165</strong></span> <span class='ocrx_word' id='word_1_2' title='bbox 1363 390 1428 447; x_wconf 82' lang='lat' dir='ltr'><strong>fN</strong></span> <span class='ocrx_word' id='word_1_3' title='bbox 1466 389 1621 446; x_wconf 73' lang='lat' dir='ltr'><strong>CAP.</strong></span> <span class='ocrx_word' id='word_1_4' title='bbox 1665 385 1756 443; x_wconf 70' lang='lat' dir='ltr'><strong>IV.</strong></span> <span class='ocrx_word' id='word_1_5' title='bbox 1796 381 2040 442; x_wconf 72' lang='lat' dir='ltr'><strong>CENES.</strong></span> <span class='ocrx_word' id='word_1_6' title='bbox 2083 383 2313 442; x_wconf 77' lang='lat' dir='ltr'><strong>HOMIL.</strong></span> <span class='ocrx_word' id='word_1_7' title='bbox 2355 383 2476 442; x_wconf 74' lang='lat' dir='ltr'><strong>XX.</strong></span> 
     </span>
    </p>
   </div>
   <div class='ocr_carea' id='block_1_2' title="bbox 257 507 1845 580">
    <p class='ocr_par' dir='ltr' id='par_1_2' title="bbox 257 507 1845 580">
     <span class='ocr_line' id='line_1_2' title="bbox 257 507 1845 580; baseline -0.011 -6"><span class='ocrx_word' id='word_1_8' title='bbox 257 531 365 574; x_wconf 87' lang='lat' dir='ltr'><strong>tum</strong></span> <span class='ocrx_word' id='word_1_9' title='bbox 385 516 402 548; x_wconf 88' lang='grc'>¹</span> <span class='ocrx_word' id='word_1_10' title='bbox 422 550 441 578; x_wconf 83' lang='grc'><em>,</em></span> <span class='ocrx_word' id='word_1_11' title='bbox 465 509 606 580; x_wconf 91' lang='lat' dir='ltr'><strong>quod</strong></span> <span class='ocrx_word' id='word_1_12' title='bbox 633 509 857 566; x_wconf 80' lang='lat' dir='ltr'><strong>fratrem</strong></span> <span class='ocrx_word' id='word_1_13' title='bbox 877 509 1071 566; x_wconf 87' lang='lat' dir='ltr'><strong>occidit</strong></span> <span class='ocrx_word' id='word_1_14' title='bbox 1097 507 1286 564; x_wconf 91' lang='lat' dir='ltr'><strong>eodem</strong></span> <span class='ocrx_word' id='word_1_15' title='bbox 1329 522 1398 562; x_wconf 81' lang='lat' dir='ltr'><strong>ex</strong></span> <span class='ocrx_word' id='word_1_16' title='bbox 1438 516 1588 562; x_wconf 90' lang='lat' dir='ltr'><strong>utero</strong></span> <span class='ocrx_word' id='word_1_17' title='bbox 1617 518 1845 575; x_wconf 83' lang='lat' dir='ltr'><strong>progna-</strong></span> 
     </span>
    </p>
   </div>
   <div class='ocr_carea' id='block_1_3' title="bbox 254 595 1851 674">
    <p class='ocr_par' dir='ltr' id='par_1_3' title="bbox 254 595 1851 674">
     <span class='ocr_line' id='line_1_3' title="bbox 254 595 1851 674; baseline -0.008 -13"><span class='ocrx_word' id='word_1_18' title='bbox 254 617 382 661; x_wconf 87' lang='lat' dir='ltr'><strong>tum.</strong></span> <span class='ocrx_word' id='word_1_19' title='bbox 399 601 643 667; x_wconf 74' lang='lat' dir='ltr'><strong>Sextum,</strong></span> <span class='ocrx_word' id='word_1_20' title='bbox 666 601 808 674; x_wconf 92' lang='lat' dir='ltr'><strong>quod</strong></span> <span class='ocrx_word' id='word_1_21' title='bbox 837 601 1036 672; x_wconf 89' lang='lat' dir='ltr'><strong>primus</strong></span> <span class='ocrx_word' id='word_1_22' title='bbox 1062 599 1225 655; x_wconf 63' lang='lat' dir='ltr'><strong>caedis</strong></span> <span class='ocrx_word' id='word_1_23' title='bbox 1249 598 1517 669; x_wconf 84' lang='lat' dir='ltr'><strong>specimen</strong></span> <span class='ocrx_word' id='word_1_24' title='bbox 1540 595 1851 650; x_wconf 76' lang='lat' dir='ltr'><strong>introduxit.</strong></span> 
     </span>
    </p>
   </div>
   <div class='ocr_carea' id='block_1_4' title="bbox 254 688 1850 767">
    <p class='ocr_par' dir='ltr' id='par_1_4' title="bbox 254 688 1850 767">
     <span class='ocr_line' id='line_1_4' title="bbox 254 688 1850 767; baseline -0.006 -19"><span class='ocrx_word' id='word_1_25' title='bbox 254 691 569 767; x_wconf 76' lang='lat' dir='ltr'><strong>Septimum,</strong></span> <span class='ocrx_word' id='word_1_26' title='bbox 589 693 735 764; x_wconf 91' lang='lat' dir='ltr'><strong>quod</strong></span> <span class='ocrx_word' id='word_1_27' title='bbox 761 701 976 764; x_wconf 89' lang='lat' dir='ltr'><strong>rogatus</strong></span> <span class='ocrx_word' id='word_1_28' title='bbox 1003 706 1033 745; x_wconf 91' lang='lat' dir='ltr'><strong>a</strong></span> <span class='ocrx_word' id='word_1_29' title='bbox 1060 692 1190 755; x_wconf 90' lang='lat' dir='ltr'><strong>Deo,</strong></span> <span class='ocrx_word' id='word_1_30' title='bbox 1215 689 1428 744; x_wconf 92' lang='lat' dir='ltr'><strong>mentiri</strong></span> <span class='ocrx_word' id='word_1_31' title='bbox 1457 688 1531 742; x_wconf 93' lang='lat' dir='ltr'><strong>illi</strong></span> <span class='ocrx_word' id='word_1_32' title='bbox 1559 701 1720 741; x_wconf 90' lang='lat' dir='ltr'><strong>ausus</strong></span> <span class='ocrx_word' id='word_1_33' title='bbox 1745 694 1850 740; x_wconf 90' lang='lat' dir='ltr'><strong>est.</strong></span> 
     </span>
    </p>
   </div>
   <div class='ocr_carea' id='block_1_5' title="bbox 257 780 1851 854">
    <p class='ocr_par' dir='ltr' id='par_1_5' title="bbox 257 780 1851 854">
     <span class='ocr_line' id='line_1_5' title="bbox 257 780 1851 854; baseline -0.006 -15"><span class='ocrx_word' id='word_1_34' title='bbox 257 784 390 840; x_wconf 91' lang='lat' dir='ltr'><strong>Dicit</strong></span> <span class='ocrx_word' id='word_1_35' title='bbox 419 783 582 854; x_wconf 77' lang='lat' dir='ltr'><strong>igitur</strong></span> <span class='ocrx_word' id='word_1_36' title='bbox 617 801 630 838; x_wconf 92' lang='lat'>:</span> <span class='ocrx_word' id='word_1_37' title='bbox 662 783 764 851; x_wconf 85' lang='lat' dir='ltr'><strong>Qui</strong></span> <span class='ocrx_word' id='word_1_38' title='bbox 794 792 847 838; x_wconf 91' lang='lat' dir='ltr'><strong>te</strong></span> <span class='ocrx_word' id='word_1_39' title='bbox 874 781 1120 838; x_wconf 89' lang='lat' dir='ltr'><strong>occidere</strong></span> <span class='ocrx_word' id='word_1_40' title='bbox 1151 780 1465 844; x_wconf 88' lang='lat' dir='ltr'><strong>tentaverit,</strong></span> <span class='ocrx_word' id='word_1_41' title='bbox 1496 791 1704 848; x_wconf 87' lang='lat' dir='ltr'><strong>septem</strong></span> <span class='ocrx_word' id='word_1_42' title='bbox 1736 791 1851 830; x_wconf 88' lang='lat' dir='ltr'><strong>ma-</strong></span> 
     </span>
    </p>
   </div>
   <div class='ocr_carea' id='block_1_6' title="bbox 262 871 1851 948">
    <p class='ocr_par' dir='ltr' id='par_1_6' title="bbox 262 871 1851 948">
     <span class='ocr_line' id='line_1_6' title="bbox 262 871 1851 948; baseline -0.009 -10"><span class='ocrx_word' id='word_1_43' title='bbox 262 877 415 938; x_wconf 82' lang='lat' dir='ltr'><strong>ximis</strong></span> <span class='ocrx_word' id='word_1_44' title='bbox 441 877 616 946; x_wconf 70' lang='lat' dir='ltr'><strong>pinnis</strong></span> <span class='ocrx_word' id='word_1_45' title='bbox 642 877 880 948; x_wconf 90' lang='lat' dir='ltr'><strong>seipsum</strong></span> <span class='ocrx_word' id='word_1_46' title='bbox 909 892 1061 931; x_wconf 90' lang='lat' dir='ltr'><strong>reum</strong></span> <span class='ocrx_word' id='word_1_47' title='bbox 1090 874 1270 931; x_wconf 90' lang='lat' dir='ltr'><strong>faciet.</strong></span> <span class='ocrx_word' id='word_1_48' title='bbox 1300 873 1378 929; x_wconf 87' lang='lat' dir='ltr'><strong>Nc</strong></span> <span class='ocrx_word' id='word_1_49' title='bbox 1405 874 1563 944; x_wconf 81' lang='lat' dir='ltr'><strong>igitur</strong></span> <span class='ocrx_word' id='word_1_50' title='bbox 1604 871 1705 927; x_wconf 89' lang='lat' dir='ltr'><strong>hoc</strong></span> <span class='ocrx_word' id='word_1_51' title='bbox 1733 886 1851 924; x_wconf 90' lang='lat' dir='ltr'><strong>me-</strong></span> 
     </span>
    </p>
   </div>
   <div class='ocr_carea' id='block_1_7' title="bbox 257 961 1852 1038">
    <p class='ocr_par' dir='ltr' id='par_1_7' title="bbox 257 961 1852 1038">
     <span class='ocr_line' id='line_1_7' title="bbox 257 961 1852 1038; baseline -0.005 -15"><span class='ocrx_word' id='word_1_52' title='bbox 257 977 399 1023; x_wconf 86' lang='lat' dir='ltr'><strong>tuas.</strong></span> <span class='ocrx_word' id='word_1_53' title='bbox 433 967 571 1022; x_wconf 84' lang='lat' dir='ltr'><strong>Ecce</strong></span> <span class='ocrx_word' id='word_1_54' title='bbox 602 968 744 1022; x_wconf 91' lang='lat' dir='ltr'><strong>enim</strong></span> <span class='ocrx_word' id='word_1_55' title='bbox 782 976 838 1022; x_wconf 92' lang='lat' dir='ltr'><strong>et</strong></span> <span class='ocrx_word' id='word_1_56' title='bbox 878 967 1088 1038; x_wconf 88' lang='lat' dir='ltr'><strong>signum</strong></span> <span class='ocrx_word' id='word_1_57' title='bbox 1113 966 1166 1021; x_wconf 86' lang='lat' dir='ltr'><strong>in</strong></span> <span class='ocrx_word' id='word_1_58' title='bbox 1197 975 1249 1021; x_wconf 92' lang='lat' dir='ltr'><strong>te</strong></span> <span class='ocrx_word' id='word_1_59' title='bbox 1277 979 1419 1036; x_wconf 90' lang='lat' dir='ltr'><strong>pono</strong></span> <span class='ocrx_word' id='word_1_60' title='bbox 1443 1005 1458 1031; x_wconf 96' lang='lat'><strong>,</strong></span> <span class='ocrx_word' id='word_1_61' title='bbox 1491 964 1562 1018; x_wconf 90' lang='lat' dir='ltr'><strong>ita</strong></span> <span class='ocrx_word' id='word_1_62' title='bbox 1589 972 1648 1018; x_wconf 93' lang='lat' dir='ltr'><strong>ut</strong></span> <span class='ocrx_word' id='word_1_63' title='bbox 1674 961 1852 1017; x_wconf 89' lang='lat' dir='ltr'><strong>nullus</strong></span> 
     </span>
    </p>
   </div>
   <div class='ocr_carea' id='block_1_8' title="bbox 255 1054 1852 1130">
    <p class='ocr_par' dir='ltr' id='par_1_8' title="bbox 255 1054 1852 1130">
     <span class='ocr_line' id='line_1_8' title="bbox 255 1054 1852 1130; baseline -0.004 -18"><span class='ocrx_word' id='word_1_64' title='bbox 255 1060 342 1129; x_wconf 82' lang='lat' dir='ltr'><strong>qui</strong></span> <span class='ocrx_word' id='word_1_65' title='bbox 373 1067 429 1114; x_wconf 90' lang='lat' dir='ltr'><strong>te</strong></span> <span class='ocrx_word' id='word_1_66' title='bbox 457 1059 724 1114; x_wconf 85' lang='lat' dir='ltr'><strong>invenerit</strong></span> <span class='ocrx_word' id='word_1_67' title='bbox 751 1058 979 1130; x_wconf 81' lang='lat' dir='ltr'><strong>ignoret.</strong></span> <span class='ocrx_word' id='word_1_68' title='bbox 1007 1057 1140 1113; x_wconf 83' lang='lat' dir='ltr'><strong>Nam</strong></span> <span class='ocrx_word' id='word_1_69' title='bbox 1179 1060 1280 1112; x_wconf 87' lang='lat' dir='ltr'><strong>ista</strong></span> <span class='ocrx_word' id='word_1_70' title='bbox 1321 1056 1377 1110; x_wconf 91' lang='lat' dir='ltr'><strong>in</strong></span> <span class='ocrx_word' id='word_1_71' title='bbox 1423 1064 1538 1110; x_wconf 92' lang='lat' dir='ltr'><strong>toto</strong></span> <span class='ocrx_word' id='word_1_72' title='bbox 1579 1054 1702 1108; x_wconf 67' lang='lat' dir='ltr'><strong>vita:</strong></span> <span class='ocrx_word' id='word_1_73' title='bbox 1749 1062 1852 1107; x_wconf 62' lang='lat' dir='ltr'><strong>tute</strong></span> 
     </span>
    </p>
   </div>
   <div class='ocr_carea' id='block_1_9' title="bbox 255 1145 1852 1218">
    <p class='ocr_par' dir='ltr' id='par_1_9' title="bbox 255 1145 1852 1218">
     <span class='ocr_line' id='line_1_9' title="bbox 255 1145 1852 1218; baseline -0.003 -14"><span class='ocrx_word' id='word_1_74' title='bbox 255 1151 482 1205; x_wconf 86' lang='lat' dir='ltr'><strong>decursu</strong></span> <span class='ocrx_word' id='word_1_75' title='bbox 528 1165 816 1206; x_wconf 81' lang='lat' dir='ltr'><strong>nervorum</strong></span> <span class='ocrx_word' id='word_1_76' title='bbox 863 1149 1124 1206; x_wconf 86' lang='lat' dir='ltr'><strong>resolutio</strong></span> <span class='ocrx_word' id='word_1_77' title='bbox 1184 1147 1376 1204; x_wconf 91' lang='lat' dir='ltr'><strong>futuris</strong></span> <span class='ocrx_word' id='word_1_78' title='bbox 1421 1145 1852 1218; x_wconf 78' lang='lat' dir='ltr'><strong>generationibus</strong></span> 
     </span>
    </p>
   </div>
   <div class='ocr_carea' id='block_1_10' title="bbox 257 1239 1852 1313">
    <p class='ocr_par' dir='ltr' id='par_1_10' title="bbox 257 1239 1852 1313">
     <span class='ocr_line' id='line_1_10' title="bbox 257 1239 1852 1313; baseline -0.003 -19"><span class='ocrx_word' id='word_1_79' title='bbox 257 1241 399 1296; x_wconf 85' lang='lat' dir='ltr'><strong>utilis</strong></span> <span class='ocrx_word' id='word_1_80' title='bbox 427 1241 531 1297; x_wconf 90' lang='lat' dir='ltr'><strong>erit</strong></span> <span class='ocrx_word' id='word_1_81' title='bbox 558 1259 572 1296; x_wconf 92' lang='lat'>:</span> <span class='ocrx_word' id='word_1_82' title='bbox 604 1251 660 1297; x_wconf 89' lang='lat' dir='ltr'><strong>et</strong></span> <span class='ocrx_word' id='word_1_83' title='bbox 685 1241 737 1296; x_wconf 91' lang='lat' dir='ltr'><strong>id</strong></span> <span class='ocrx_word' id='word_1_84' title='bbox 766 1241 908 1313; x_wconf 92' lang='lat' dir='ltr'><strong>quod</strong></span> <span class='ocrx_word' id='word_1_85' title='bbox 947 1239 1094 1297; x_wconf 89' lang='lat' dir='ltr'><strong>solus</strong></span> <span class='ocrx_word' id='word_1_86' title='bbox 1136 1239 1280 1295; x_wconf 83' lang='lat' dir='ltr'><strong>nuilo</strong></span> <span class='ocrx_word' id='word_1_87' title='bbox 1310 1245 1574 1309; x_wconf 76' lang='lat' dir='ltr'><strong>praesente</strong></span> <span class='ocrx_word' id='word_1_88' title='bbox 1601 1243 1852 1306; x_wconf 83' lang='lat' dir='ltr'><strong>cperatus</strong></span> 
     </span>
    </p>
   </div>
   <div class='ocr_carea' id='block_1_11' title="bbox 260 1334 1851 1405">
    <p class='ocr_par' dir='ltr' id='par_1_11' title="bbox 260 1334 1851 1405">
     <span class='ocr_line' id='line_1_11' title="bbox 260 1334 1851 1405; baseline -0.004 -15"><span class='ocrx_word' id='word_1_89' title='bbox 260 1349 345 1400; x_wconf 84' lang='lat' dir='ltr'><strong>es,</strong></span> <span class='ocrx_word' id='word_1_90' title='bbox 388 1335 495 1390; x_wconf 88' lang='lat' dir='ltr'><strong>hoc</strong></span> <span class='ocrx_word' id='word_1_91' title='bbox 540 1334 749 1391; x_wconf 88' lang='lat' dir='ltr'><strong>discent</strong></span> <span class='ocrx_word' id='word_1_92' title='bbox 779 1349 968 1390; x_wconf 91' lang='lat' dir='ltr'><strong>omnes</strong></span> <span class='ocrx_word' id='word_1_93' title='bbox 993 1335 1083 1405; x_wconf 90' lang='lat' dir='ltr'><strong>qui</strong></span> <span class='ocrx_word' id='word_1_94' title='bbox 1115 1343 1168 1389; x_wconf 90' lang='lat' dir='ltr'><strong>te</strong></span> <span class='ocrx_word' id='word_1_95' title='bbox 1203 1341 1503 1404; x_wconf 80' lang='lat' dir='ltr'><strong>gementem</strong></span> <span class='ocrx_word' id='word_1_96' title='bbox 1531 1340 1585 1386; x_wconf 90' lang='lat' dir='ltr'><strong>et</strong></span> <span class='ocrx_word' id='word_1_97' title='bbox 1612 1339 1851 1386; x_wconf 89' lang='lat' dir='ltr'><strong>tremen-</strong></span> 
     </span>
    </p>
   </div>
   <div class='ocr_carea' id='block_1_12' title="bbox 259 1423 1852 1500">
    <p class='ocr_par' dir='ltr' id='par_1_12' title="bbox 259 1423 1852 1500">
     <span class='ocr_line' id='line_1_12' title="bbox 259 1423 1852 1500; baseline -0.003 -19"><span class='ocrx_word' id='word_1_98' title='bbox 259 1436 359 1482; x_wconf 90' lang='lat' dir='ltr'><strong>tem</strong></span> <span class='ocrx_word' id='word_1_99' title='bbox 388 1427 680 1494; x_wconf 83' lang='lat' dir='ltr'><strong>videbunt,</strong></span> <span class='ocrx_word' id='word_1_100' title='bbox 716 1436 773 1483; x_wconf 89' lang='lat' dir='ltr'><strong>et</strong></span> <span class='ocrx_word' id='word_1_101' title='bbox 811 1427 960 1500; x_wconf 92' lang='lat' dir='ltr'><strong>quasi</strong></span> <span class='ocrx_word' id='word_1_102' title='bbox 1005 1443 1099 1498; x_wconf 89' lang='lat' dir='ltr'><strong>per</strong></span> <span class='ocrx_word' id='word_1_103' title='bbox 1125 1426 1366 1497; x_wconf 86' lang='lat' dir='ltr'><strong>corporis</strong></span> <span class='ocrx_word' id='word_1_104' title='bbox 1409 1434 1696 1480; x_wconf 88' lang='lat' dir='ltr'><strong>tremorem</strong></span> <span class='ocrx_word' id='word_1_105' title='bbox 1739 1423 1852 1478; x_wconf 88' lang='lat' dir='ltr'><strong>cla-</strong></span> 
     </span>
    </p>
   </div>
   <div class='ocr_carea' id='block_1_13' title="bbox 257 1515 1854 1584">
    <p class='ocr_par' dir='ltr' id='par_1_13' title="bbox 257 1515 1854 1584">
     <span class='ocr_line' id='line_1_13' title="bbox 257 1515 1854 1584; baseline -0.002 -11"><span class='ocrx_word' id='word_1_106' title='bbox 257 1527 490 1574; x_wconf 80' lang='lat' dir='ltr'><strong>mantem</strong></span> <span class='ocrx_word' id='word_1_107' title='bbox 515 1559 533 1584; x_wconf 92' lang='lat'><strong>,</strong></span> <span class='ocrx_word' id='word_1_108' title='bbox 563 1528 617 1574; x_wconf 90' lang='lat' dir='ltr'><strong>et</strong></span> <span class='ocrx_word' id='word_1_109' title='bbox 643 1519 894 1574; x_wconf 89' lang='lat' dir='ltr'><strong>omnibus</strong></span> <span class='ocrx_word' id='word_1_110' title='bbox 933 1517 1196 1574; x_wconf 91' lang='lat' dir='ltr'><strong>dicentem</strong></span> <span class='ocrx_word' id='word_1_111' title='bbox 1226 1534 1241 1572; x_wconf 87' lang='lat'><strong>:</strong></span> <span class='ocrx_word' id='word_1_112' title='bbox 1272 1517 1461 1573; x_wconf 87' lang='lat' dir='ltr'><strong>Nullus</strong></span> <span class='ocrx_word' id='word_1_113' title='bbox 1491 1516 1616 1572; x_wconf 91' lang='lat' dir='ltr'><strong>talia</strong></span> <span class='ocrx_word' id='word_1_114' title='bbox 1659 1515 1854 1572; x_wconf 90' lang='lat' dir='ltr'><strong>audeat</strong></span> 
     </span>
    </p>
   </div>
   <div class='ocr_carea' id='block_1_14' title="bbox 255 1608 1646 1682">
    <p class='ocr_par' dir='ltr' id='par_1_14' title="bbox 255 1608 1646 1682">
     <span class='ocr_line' id='line_1_14' title="bbox 255 1608 1646 1682; baseline -0.001 -18"><span class='ocrx_word' id='word_1_115' title='bbox 255 1611 430 1680; x_wconf 91' lang='lat' dir='ltr'><strong>qualia</strong></span> <span class='ocrx_word' id='word_1_116' title='bbox 458 1625 580 1682; x_wconf 88' lang='lat' dir='ltr'><strong>ego,</strong></span> <span class='ocrx_word' id='word_1_117' title='bbox 607 1620 665 1665; x_wconf 93' lang='lat' dir='ltr'><strong>ut</strong></span> <span class='ocrx_word' id='word_1_118' title='bbox 696 1626 764 1666; x_wconf 93' lang='lat' dir='ltr'><strong>ne</strong></span> <span class='ocrx_word' id='word_1_119' title='bbox 792 1611 847 1665; x_wconf 90' lang='lat' dir='ltr'><strong>in</strong></span> <span class='ocrx_word' id='word_1_120' title='bbox 872 1609 1117 1666; x_wconf 87' lang='lat' dir='ltr'><strong>eamdem</strong></span> <span class='ocrx_word' id='word_1_121' title='bbox 1146 1625 1356 1681; x_wconf 75' lang='lat' dir='ltr'><strong>poenam</strong></span> <span class='ocrx_word' id='word_1_122' title='bbox 1385 1608 1583 1664; x_wconf 89' lang='lat' dir='ltr'><strong>incidat</strong></span> <span class='ocrx_word' id='word_1_123' title='bbox 1603 1608 1646 1662; x_wconf 85' lang='grc'><strong>².</strong></span> 
     </span>
    </p>
   </div>
   <div class='ocr_carea' id='block_1_15' title="bbox 323 1699 1852 1776">
    <p class='ocr_par' dir='ltr' id='par_1_15' title="bbox 323 1699 1852 1776">
     <span class='ocr_line' id='line_1_15' title="bbox 323 1699 1852 1776; baseline -0.003 -17"><span class='ocrx_word' id='word_1_124' title='bbox 323 1703 377 1759; x_wconf 82' lang='grc'><strong>6.</strong></span> <span class='ocrx_word' id='word_1_125' title='bbox 411 1702 628 1759; x_wconf 77' lang='lat' dir='ltr'><strong>Moralis</strong></span> <span class='ocrx_word' id='word_1_126' title='bbox 654 1704 903 1776; x_wconf 76' lang='lat' dir='ltr'><strong>epilogus.</strong></span> <span class='ocrx_word' id='word_1_127' title='bbox 931 1733 1004 1744; x_wconf 97' lang='lat'>—</span> <span class='ocrx_word' id='word_1_128' title='bbox 1046 1702 1175 1758; x_wconf 66' lang='lat' dir='ltr'><strong>Hice</strong></span> <span class='ocrx_word' id='word_1_129' title='bbox 1199 1702 1496 1767; x_wconf 88' lang='lat' dir='ltr'><strong>audientes,</strong></span> <span class='ocrx_word' id='word_1_130' title='bbox 1518 1699 1852 1770; x_wconf 75' lang='lat' dir='ltr'><strong>dilecti,qua3</strong></span> 
     </span>
    </p>
   </div>
   <div class='ocr_carea' id='block_1_16' title="bbox 256 1794 1852 1865">
    <p class='ocr_par' dir='ltr' id='par_1_16' title="bbox 256 1794 1852 1865">
     <span class='ocr_line' id='line_1_16' title="bbox 256 1794 1852 1865; baseline -0.001 -16"><span class='ocrx_word' id='word_1_131' title='bbox 256 1794 396 1850; x_wconf 85' lang='lat' dir='ltr'><strong>dicta</strong></span> <span class='ocrx_word' id='word_1_132' title='bbox 435 1802 559 1850; x_wconf 92' lang='lat' dir='ltr'><strong>sunt</strong></span> <span class='ocrx_word' id='word_1_133' title='bbox 603 1810 708 1849; x_wconf 91' lang='lat' dir='ltr'><strong>non</strong></span> <span class='ocrx_word' id='word_1_134' title='bbox 739 1795 1202 1851; x_wconf 89' lang='lat' dir='ltr'><strong>inconsideranter</strong></span> <span class='ocrx_word' id='word_1_135' title='bbox 1233 1803 1725 1865; x_wconf 67' lang='lat' dir='ltr'><strong>praetercurramus,</strong></span> <span class='ocrx_word' id='word_1_136' title='bbox 1753 1807 1852 1848; x_wconf 87' lang='lat' dir='ltr'><strong>ne-</strong></span> 
     </span>
    </p>
   </div>
   <div class='ocr_carea' id='block_1_17' title="bbox 255 1885 1851 1958">
    <p class='ocr_par' dir='ltr' id='par_1_17' title="bbox 255 1885 1851 1958">
     <span class='ocr_line' id='line_1_17' title="bbox 255 1885 1851 1958; baseline 0 -19"><span class='ocrx_word' id='word_1_137' title='bbox 255 1901 357 1958; x_wconf 88' lang='lat' dir='ltr'><strong>que</strong></span> <span class='ocrx_word' id='word_1_138' title='bbox 402 1886 506 1942; x_wconf 88' lang='lat' dir='ltr'><strong>hoc</strong></span> <span class='ocrx_word' id='word_1_139' title='bbox 551 1887 725 1941; x_wconf 89' lang='lat' dir='ltr'><strong>solum</strong></span> <span class='ocrx_word' id='word_1_140' title='bbox 777 1896 1104 1957; x_wconf 87' lang='lat' dir='ltr'><strong>spectemus,</strong></span> <span class='ocrx_word' id='word_1_141' title='bbox 1155 1898 1214 1942; x_wconf 92' lang='lat' dir='ltr'><strong>ut</strong></span> <span class='ocrx_word' id='word_1_142' title='bbox 1242 1888 1346 1943; x_wconf 91' lang='lat' dir='ltr'><strong>huc</strong></span> <span class='ocrx_word' id='word_1_143' title='bbox 1371 1885 1610 1957; x_wconf 87' lang='lat' dir='ltr'><strong>quotidie</strong></span> <span class='ocrx_word' id='word_1_144' title='bbox 1648 1899 1851 1941; x_wconf 90' lang='lat' dir='ltr'><strong>convc-</strong></span> 
     </span>
    </p>
   </div>
   <div class='ocr_carea' id='block_1_18' title="bbox 257 1979 1850 2050">
    <p class='ocr_par' dir='ltr' id='par_1_18' title="bbox 257 1979 1850 2050">
     <span class='ocr_line' id='line_1_18' title="bbox 257 1979 1850 2050; baseline -0.002 -16"><span class='ocrx_word' id='word_1_145' title='bbox 257 1979 458 2035; x_wconf 89' lang='lat' dir='ltr'><strong>niendo</strong></span> <span class='ocrx_word' id='word_1_146' title='bbox 486 1979 750 2050; x_wconf 85' lang='lat' dir='ltr'><strong>spirituali</strong></span> <span class='ocrx_word' id='word_1_147' title='bbox 795 1995 980 2036; x_wconf 89' lang='lat' dir='ltr'><strong>mensa</strong></span> <span class='ocrx_word' id='word_1_148' title='bbox 1006 1979 1246 2036; x_wconf 79' lang='lat' dir='ltr'><strong>fruamur</strong></span> <span class='ocrx_word' id='word_1_149' title='bbox 1275 1997 1291 2034; x_wconf 90' lang='lat'><strong>:</strong></span> <span class='ocrx_word' id='word_1_150' title='bbox 1324 1980 1464 2034; x_wconf 93' lang='lat' dir='ltr'><strong>nulla</strong></span> <span class='ocrx_word' id='word_1_151' title='bbox 1495 1979 1638 2034; x_wconf 90' lang='lat' dir='ltr'><strong>enim</strong></span> <span class='ocrx_word' id='word_1_152' title='bbox 1683 1979 1850 2034; x_wconf 90' lang='lat' dir='ltr'><strong>solius</strong></span> 
     </span>
    </p>
   </div>
   <div class='ocr_carea' id='block_1_19' title="bbox 257 2070 1854 2141">
    <p class='ocr_par' dir='ltr' id='par_1_19' title="bbox 257 2070 1854 2141">
     <span class='ocr_line' id='line_1_19' title="bbox 257 2070 1854 2141; baseline 0.001 -18"><span class='ocrx_word' id='word_1_153' title='bbox 257 2070 471 2125; x_wconf 82' lang='lat' dir='ltr'><strong>auditus</strong></span> <span class='ocrx_word' id='word_1_154' title='bbox 510 2070 712 2126; x_wconf 87' lang='lat' dir='ltr'><strong>utilitas</strong></span> <span class='ocrx_word' id='word_1_155' title='bbox 756 2070 964 2138; x_wconf 88' lang='lat' dir='ltr'><strong>fuerit,</strong></span> <span class='ocrx_word' id='word_1_156' title='bbox 1017 2072 1118 2128; x_wconf 91' lang='lat' dir='ltr'><strong>nisi</strong></span> <span class='ocrx_word' id='word_1_157' title='bbox 1168 2071 1306 2127; x_wconf 88' lang='lat' dir='ltr'><strong>adsit</strong></span> <span class='ocrx_word' id='word_1_158' title='bbox 1353 2071 1699 2141; x_wconf 80' lang='lat' dir='ltr'><strong>obsequentia</strong></span> <span class='ocrx_word' id='word_1_159' title='bbox 1758 2086 1854 2140; x_wconf 88' lang='lat' dir='ltr'><strong>per</strong></span> 
     </span>
    </p>
   </div>
   <div class='ocr_carea' id='block_1_20' title="bbox 259 2160 1851 2233">
    <p class='ocr_par' dir='ltr' id='par_1_20' title="bbox 259 2160 1851 2233">
     <span class='ocr_line' id='line_1_20' title="bbox 259 2160 1851 2233; baseline 0.001 -17"><span class='ocrx_word' id='word_1_160' title='bbox 259 2175 444 2231; x_wconf 85' lang='lat' dir='ltr'><strong>opera.</strong></span> <span class='ocrx_word' id='word_1_161' title='bbox 491 2160 597 2218; x_wconf 87' lang='lat' dir='ltr'><strong>Sed</strong></span> <span class='ocrx_word' id='word_1_162' title='bbox 650 2163 948 2231; x_wconf 79' lang='lat' dir='ltr'><strong>cogitantes</strong></span> <span class='ocrx_word' id='word_1_163' title='bbox 987 2163 1129 2217; x_wconf 86' lang='lat' dir='ltr'><strong>unde</strong></span> <span class='ocrx_word' id='word_1_164' title='bbox 1179 2163 1234 2218; x_wconf 92' lang='lat' dir='ltr'><strong>in</strong></span> <span class='ocrx_word' id='word_1_165' title='bbox 1281 2162 1383 2218; x_wconf 93' lang='lat' dir='ltr'><strong>hoc</strong></span> <span class='ocrx_word' id='word_1_166' title='bbox 1421 2161 1744 2233; x_wconf 78' lang='lat' dir='ltr'><strong>inexpiabile</strong></span> <span class='ocrx_word' id='word_1_167' title='bbox 1799 2171 1851 2217; x_wconf 92' lang='lat' dir='ltr'><strong>ct</strong></span> 
     </span>
    </p>
   </div>
   <div class='ocr_carea' id='block_1_21' title="bbox 260 2255 1852 2327">
    <p class='ocr_par' dir='ltr' id='par_1_21' title="bbox 260 2255 1852 2327">
     <span class='ocr_line' id='line_1_21' title="bbox 260 2255 1852 2327; baseline 0.001 -19"><span class='ocrx_word' id='word_1_168' title='bbox 260 2268 422 2323; x_wconf 85' lang='lat' dir='ltr'><strong>grave</strong></span> <span class='ocrx_word' id='word_1_169' title='bbox 449 2267 725 2324; x_wconf 89' lang='lat' dir='ltr'><strong>peccatum</strong></span> <span class='ocrx_word' id='word_1_170' title='bbox 755 2255 887 2310; x_wconf 90' lang='lat' dir='ltr'><strong>Cain</strong></span> <span class='ocrx_word' id='word_1_171' title='bbox 917 2255 1155 2326; x_wconf 90' lang='lat' dir='ltr'><strong>seipsum</strong></span> <span class='ocrx_word' id='word_1_172' title='bbox 1184 2256 1476 2327; x_wconf 87' lang='lat' dir='ltr'><strong>impulerit,</strong></span> <span class='ocrx_word' id='word_1_173' title='bbox 1508 2265 1566 2311; x_wconf 93' lang='lat' dir='ltr'><strong>ut</strong></span> <span class='ocrx_word' id='word_1_174' title='bbox 1595 2271 1691 2326; x_wconf 88' lang='lat' dir='ltr'><strong>per</strong></span> <span class='ocrx_word' id='word_1_175' title='bbox 1715 2255 1852 2310; x_wconf 86' lang='lat' dir='ltr'><strong>invi-</strong></span> 
     </span>
    </p>
   </div>
   <div class='ocr_carea' id='block_1_22' title="bbox 260 2349 1851 2422">
    <p class='ocr_par' dir='ltr' id='par_1_22' title="bbox 260 2349 1851 2422">
     <span class='ocr_line' id='line_1_22' title="bbox 260 2349 1851 2422; baseline 0.003 -20"><span class='ocrx_word' id='word_1_176' title='bbox 260 2349 400 2403; x_wconf 89' lang='lat' dir='ltr'><strong>diam</strong></span> <span class='ocrx_word' id='word_1_177' title='bbox 429 2349 482 2404; x_wconf 91' lang='lat' dir='ltr'><strong>in</strong></span> <span class='ocrx_word' id='word_1_178' title='bbox 514 2351 786 2420; x_wconf 90' lang='lat' dir='ltr'><strong>pr0prium</strong></span> <span class='ocrx_word' id='word_1_179' title='bbox 815 2352 1054 2416; x_wconf 87' lang='lat' dir='ltr'><strong>fratrem,</strong></span> <span class='ocrx_word' id='word_1_180' title='bbox 1086 2351 1174 2422; x_wconf 93' lang='lat' dir='ltr'><strong>qui</strong></span> <span class='ocrx_word' id='word_1_181' title='bbox 1203 2350 1332 2405; x_wconf 90' lang='lat' dir='ltr'><strong>nihil</strong></span> <span class='ocrx_word' id='word_1_182' title='bbox 1362 2353 1460 2420; x_wconf 87' lang='lat' dir='ltr'><strong>ipsi</strong></span> <span class='ocrx_word' id='word_1_183' title='bbox 1500 2352 1622 2405; x_wconf 89' lang='lat' dir='ltr'><strong>mali</strong></span> <span class='ocrx_word' id='word_1_184' title='bbox 1654 2351 1851 2406; x_wconf 87' lang='lat' dir='ltr'><strong>intule-</strong></span> 
     </span>
    </p>
   </div>
   <div class='ocr_carea' id='block_1_23' title="bbox 264 2443 1855 2516">
    <p class='ocr_par' dir='ltr' id='par_1_23' title="bbox 264 2443 1855 2516">
     <span class='ocr_line' id='line_1_23' title="bbox 264 2443 1855 2516; baseline 0.003 -22"><span class='ocrx_word' id='word_1_185' title='bbox 264 2451 362 2506; x_wconf 91' lang='lat' dir='ltr'><strong>rat,</strong></span> <span class='ocrx_word' id='word_1_186' title='bbox 396 2443 467 2496; x_wconf 91' lang='lat' dir='ltr'><strong>ita</strong></span> <span class='ocrx_word' id='word_1_187' title='bbox 511 2444 744 2507; x_wconf 66' lang='lat' dir='ltr'><strong>smviret,</strong></span> <span class='ocrx_word' id='word_1_188' title='bbox 793 2444 900 2498; x_wconf 85' lang='lat' dir='ltr'><strong>imo</strong></span> <span class='ocrx_word' id='word_1_189' title='bbox 945 2447 1118 2516; x_wconf 87' lang='lat' dir='ltr'><strong>ipsum</strong></span> <span class='ocrx_word' id='word_1_190' title='bbox 1163 2444 1454 2510; x_wconf 88' lang='lat' dir='ltr'><strong>occideret,</strong></span> <span class='ocrx_word' id='word_1_191' title='bbox 1485 2459 1552 2498; x_wconf 93' lang='lat' dir='ltr'><strong>ne</strong></span> <span class='ocrx_word' id='word_1_192' title='bbox 1594 2443 1855 2514; x_wconf 84' lang='lat' dir='ltr'><strong>fugiamus</strong></span> 
     </span>
    </p>
   </div>
   <div class='ocr_carea' id='block_1_24' title="bbox 262 2535 1853 2607">
    <p class='ocr_par' dir='ltr' id='par_1_24' title="bbox 262 2535 1853 2607">
     <span class='ocr_line' id='line_1_24' title="bbox 262 2535 1853 2607; baseline 0.003 -21"><span class='ocrx_word' id='word_1_193' title='bbox 262 2535 484 2590; x_wconf 82' lang='lat' dir='ltr'><strong>adversa</strong></span> <span class='ocrx_word' id='word_1_194' title='bbox 535 2546 588 2591; x_wconf 91' lang='lat' dir='ltr'><strong>et</strong></span> <span class='ocrx_word' id='word_1_195' title='bbox 634 2537 776 2590; x_wconf 88' lang='lat' dir='ltr'><strong>mala</strong></span> <span class='ocrx_word' id='word_1_196' title='bbox 807 2537 935 2606; x_wconf 89' lang='lat' dir='ltr'><strong>pati,</strong></span> <span class='ocrx_word' id='word_1_197' title='bbox 976 2537 1072 2592; x_wconf 92' lang='lat' dir='ltr'><strong>sed</strong></span> <span class='ocrx_word' id='word_1_198' title='bbox 1097 2537 1271 2607; x_wconf 91' lang='lat' dir='ltr'><strong>potius</strong></span> <span class='ocrx_word' id='word_1_199' title='bbox 1315 2551 1598 2592; x_wconf 81' lang='lat' dir='ltr'><strong>caveamus</strong></span> <span class='ocrx_word' id='word_1_200' title='bbox 1624 2551 1690 2590; x_wconf 89' lang='lat' dir='ltr'><strong>ne</strong></span> <span class='ocrx_word' id='word_1_201' title='bbox 1734 2535 1853 2590; x_wconf 89' lang='lat' dir='ltr'><strong>aliis</strong></span> 
     </span>
    </p>
   </div>
   <div class='ocr_carea' id='block_1_25' title="bbox 265 2627 1851 2698">
    <p class='ocr_par' dir='ltr' id='par_1_25' title="bbox 265 2627 1851 2698">
     <span class='ocr_line' id='line_1_25' title="bbox 265 2627 1851 2698; baseline -0.001 -17"><span class='ocrx_word' id='word_1_202' title='bbox 265 2628 400 2682; x_wconf 89' lang='lat' dir='ltr'><strong>mala</strong></span> <span class='ocrx_word' id='word_1_203' title='bbox 425 2644 520 2698; x_wconf 82' lang='lat' dir='ltr'><strong>per</strong></span> <span class='ocrx_word' id='word_1_204' title='bbox 546 2644 644 2683; x_wconf 88' lang='lat' dir='ltr'><strong>nos</strong></span> <span class='ocrx_word' id='word_1_205' title='bbox 671 2629 983 2684; x_wconf 86' lang='lat' dir='ltr'><strong>inferantur.</strong></span> <span class='ocrx_word' id='word_1_206' title='bbox 1009 2629 1103 2685; x_wconf 92' lang='lat' dir='ltr'><strong>llle</strong></span> <span class='ocrx_word' id='word_1_207' title='bbox 1129 2629 1269 2684; x_wconf 89' lang='lat' dir='ltr'><strong>enim</strong></span> <span class='ocrx_word' id='word_1_208' title='bbox 1288 2644 1416 2684; x_wconf 89' lang='lat' dir='ltr'><strong>vere</strong></span> <span class='ocrx_word' id='word_1_209' title='bbox 1440 2629 1580 2683; x_wconf 91' lang='lat' dir='ltr'><strong>malo</strong></span> <span class='ocrx_word' id='word_1_210' title='bbox 1599 2627 1851 2692; x_wconf 77' lang='lat' dir='ltr'><strong>al&#39;licitur,</strong></span> 
     </span>
    </p>
   </div>
   <div class='ocr_carea' id='block_1_26' title="bbox 264 2718 1854 2790">
    <p class='ocr_par' dir='ltr' id='par_1_26' title="bbox 264 2718 1854 2790">
     <span class='ocr_line' id='line_1_26' title="bbox 264 2718 1854 2790; baseline 0.001 -18"><span class='ocrx_word' id='word_1_211' title='bbox 264 2723 350 2789; x_wconf 88' lang='lat' dir='ltr'><strong>qui</strong></span> <span class='ocrx_word' id='word_1_212' title='bbox 377 2721 623 2790; x_wconf 80' lang='lat' dir='ltr'><strong>proximo</strong></span> <span class='ocrx_word' id='word_1_213' title='bbox 649 2735 748 2776; x_wconf 90' lang='lat' dir='ltr'><strong>suo</strong></span> <span class='ocrx_word' id='word_1_214' title='bbox 777 2735 970 2776; x_wconf 91' lang='lat' dir='ltr'><strong>nocere</strong></span> <span class='ocrx_word' id='word_1_215' title='bbox 997 2729 1182 2776; x_wconf 86' lang='lat' dir='ltr'><strong>tentat.</strong></span> <span class='ocrx_word' id='word_1_216' title='bbox 1221 2721 1286 2774; x_wconf 85' lang='lat' dir='ltr'><strong>Et</strong></span> <span class='ocrx_word' id='word_1_217' title='bbox 1311 2729 1369 2774; x_wconf 86' lang='lat' dir='ltr'><strong>ut</strong></span> <span class='ocrx_word' id='word_1_218' title='bbox 1394 2735 1578 2775; x_wconf 86' lang='lat' dir='ltr'><strong>verum</strong></span> <span class='ocrx_word' id='word_1_219' title='bbox 1604 2718 1706 2773; x_wconf 87' lang='lat' dir='ltr'><strong>hoc</strong></span> <span class='ocrx_word' id='word_1_220' title='bbox 1733 2733 1854 2773; x_wconf 83' lang='lat' dir='ltr'><strong>esse</strong></span> 
     </span>
    </p>
   </div>
   <div class='ocr_carea' id='block_1_27' title="bbox 263 2810 1850 2882">
    <p class='ocr_par' dir='ltr' id='par_1_27' title="bbox 263 2810 1850 2882">
     <span class='ocr_line' id='line_1_27' title="bbox 263 2810 1850 2882; baseline -0.001 -16"><span class='ocrx_word' id='word_1_221' title='bbox 263 2811 424 2878; x_wconf 84' lang='lat' dir='ltr'><strong>scias,</strong></span> <span class='ocrx_word' id='word_1_222' title='bbox 450 2811 568 2866; x_wconf 83' lang='lat' dir='ltr'><strong>vide</strong></span> <span class='ocrx_word' id='word_1_223' title='bbox 595 2811 705 2878; x_wconf 88' lang='lat' dir='ltr'><strong>hic,</strong></span> <span class='ocrx_word' id='word_1_224' title='bbox 729 2811 973 2875; x_wconf 90' lang='lat' dir='ltr'><strong>obsecro,</strong></span> <span class='ocrx_word' id='word_1_225' title='bbox 998 2813 1117 2881; x_wconf 87' lang='lat' dir='ltr'><strong>quis</strong></span> <span class='ocrx_word' id='word_1_226' title='bbox 1141 2821 1224 2867; x_wconf 80' lang='lat' dir='ltr'><strong>est</strong></span> <span class='ocrx_word' id='word_1_227' title='bbox 1250 2812 1340 2882; x_wconf 89' lang='lat' dir='ltr'><strong>qui</strong></span> <span class='ocrx_word' id='word_1_228' title='bbox 1359 2812 1498 2867; x_wconf 88' lang='lat' dir='ltr'><strong>mala</strong></span> <span class='ocrx_word' id='word_1_229' title='bbox 1538 2810 1758 2881; x_wconf 91' lang='lat' dir='ltr'><strong>patitur,</strong></span> <span class='ocrx_word' id='word_1_230' title='bbox 1783 2824 1850 2864; x_wconf 90' lang='lat' dir='ltr'><strong>an</strong></span> 
     </span>
    </p>
   </div>
   <div class='ocr_carea' id='block_1_28' title="bbox 264 2900 1855 2972">
    <p class='ocr_par' dir='ltr' id='par_1_28' title="bbox 264 2900 1855 2972">
     <span class='ocr_line' id='line_1_28' title="bbox 264 2900 1855 2972; baseline 0.001 -18"><span class='ocrx_word' id='word_1_231' title='bbox 264 2901 352 2970; x_wconf 89' lang='lat' dir='ltr'><strong>qui</strong></span> <span class='ocrx_word' id='word_1_232' title='bbox 395 2902 609 2966; x_wconf 86' lang='lat' dir='ltr'><strong>occidit,</strong></span> <span class='ocrx_word' id='word_1_233' title='bbox 636 2905 720 2957; x_wconf 88' lang='lat' dir='ltr'><strong>vel</strong></span> <span class='ocrx_word' id='word_1_234' title='bbox 765 2901 854 2971; x_wconf 88' lang='lat' dir='ltr'><strong>qui</strong></span> <span class='ocrx_word' id='word_1_235' title='bbox 880 2902 1185 2957; x_wconf 86' lang='lat' dir='ltr'><strong>occiditur?</strong></span> <span class='ocrx_word' id='word_1_236' title='bbox 1230 2901 1565 2957; x_wconf 83' lang='lat' dir='ltr'><strong>Manifestum</strong></span> <span class='ocrx_word' id='word_1_237' title='bbox 1589 2900 1732 2972; x_wconf 80' lang='lat' dir='ltr'><strong>quod</strong></span> <span class='ocrx_word' id='word_1_238' title='bbox 1762 2901 1855 2970; x_wconf 89' lang='lat' dir='ltr'><strong>qui</strong></span> 
     </span>
    </p>
   </div>
   <div class='ocr_carea' id='block_1_29' title="bbox 262 2992 1852 3064">
    <p class='ocr_par' dir='ltr' id='par_1_29' title="bbox 262 2992 1852 3064">
     <span class='ocr_line' id='line_1_29' title="bbox 262 2992 1852 3064; baseline 0.001 -17"><span class='ocrx_word' id='word_1_239' title='bbox 262 2992 480 3047; x_wconf 87' lang='lat' dir='ltr'><strong>occidit.</strong></span> <span class='ocrx_word' id='word_1_240' title='bbox 517 2992 728 3048; x_wconf 88' lang='lat' dir='ltr'><strong>Etenim</strong></span> <span class='ocrx_word' id='word_1_241' title='bbox 760 2993 971 3048; x_wconf 87' lang='lat' dir='ltr'><strong>occisus</strong></span> <span class='ocrx_word' id='word_1_242' title='bbox 993 2994 1081 3049; x_wconf 90' lang='lat' dir='ltr'><strong>ille</strong></span> <span class='ocrx_word' id='word_1_243' title='bbox 1110 3009 1278 3064; x_wconf 84' lang='lat' dir='ltr'><strong>usque</strong></span> <span class='ocrx_word' id='word_1_244' title='bbox 1303 2993 1370 3048; x_wconf 93' lang='lat' dir='ltr'><strong>ad</strong></span> <span class='ocrx_word' id='word_1_245' title='bbox 1404 3004 1585 3050; x_wconf 89' lang='lat' dir='ltr'><strong>nostra</strong></span> <span class='ocrx_word' id='word_1_246' title='bbox 1613 3003 1852 3064; x_wconf 89' lang='lat' dir='ltr'><strong>tempora</strong></span> 
     </span>
    </p>
   </div>
   <div class='ocr_carea' id='block_1_30' title="bbox 262 3085 1856 3156">
    <p class='ocr_par' dir='ltr' id='par_1_30' title="bbox 262 3085 1856 3156">
     <span class='ocr_line' id='line_1_30' title="bbox 262 3085 1856 3156; baseline 0.002 -18"><span class='ocrx_word' id='word_1_247' title='bbox 262 3100 358 3140; x_wconf 90' lang='lat' dir='ltr'><strong>ore</strong></span> <span class='ocrx_word' id='word_1_248' title='bbox 404 3086 642 3139; x_wconf 86' lang='lat' dir='ltr'><strong>omnium</strong></span> <span class='ocrx_word' id='word_1_249' title='bbox 691 3085 1022 3151; x_wconf 85' lang='lat' dir='ltr'><strong>decantatur,</strong></span> <span class='ocrx_word' id='word_1_250' title='bbox 1059 3087 1376 3156; x_wconf 72' lang='lat' dir='ltr'><strong>praedicatur</strong></span> <span class='ocrx_word' id='word_1_251' title='bbox 1396 3095 1449 3142; x_wconf 90' lang='lat' dir='ltr'><strong>et</strong></span> <span class='ocrx_word' id='word_1_252' title='bbox 1478 3097 1770 3141; x_wconf 89' lang='lat' dir='ltr'><strong>coronatur</strong></span> <span class='ocrx_word' id='word_1_253' title='bbox 1797 3097 1856 3141; x_wconf 89' lang='lat' dir='ltr'><strong>ut</strong></span> 
     </span>
    </p>
   </div>
   <div class='ocr_carea' id='block_1_31' title="bbox 265 3177 1846 3247">
    <p class='ocr_par' dir='ltr' id='par_1_31' title="bbox 265 3177 1846 3247">
     <span class='ocr_line' id='line_1_31' title="bbox 265 3177 1846 3247; baseline 0.003 -18"><span class='ocrx_word' id='word_1_254' title='bbox 265 3177 505 3231; x_wconf 71' lang='lat' dir='ltr'><strong>veritatis</strong></span> <span class='ocrx_word' id='word_1_255' title='bbox 526 3177 729 3247; x_wconf 90' lang='lat' dir='ltr'><strong>primus</strong></span> <span class='ocrx_word' id='word_1_256' title='bbox 757 3177 906 3233; x_wconf 87' lang='lat' dir='ltr'><strong>testis</strong></span> <span class='ocrx_word' id='word_1_257' title='bbox 947 3197 960 3232; x_wconf 90' lang='lat'><strong>:</strong></span> <span class='ocrx_word' id='word_1_258' title='bbox 990 3179 1129 3233; x_wconf 86' lang='lat' dir='ltr'><strong>sicut</strong></span> <span class='ocrx_word' id='word_1_259' title='bbox 1166 3179 1292 3234; x_wconf 85' lang='lat' dir='ltr'><strong>dicit</strong></span> <span class='ocrx_word' id='word_1_260' title='bbox 1318 3188 1371 3234; x_wconf 92' lang='lat' dir='ltr'><strong>et</strong></span> <span class='ocrx_word' id='word_1_261' title='bbox 1397 3179 1582 3233; x_wconf 92' lang='lat' dir='ltr'><strong>beatus</strong></span> <span class='ocrx_word' id='word_1_262' title='bbox 1608 3179 1802 3234; x_wconf 86' lang='lat' dir='ltr'><strong>Paulus</strong></span> <span class='ocrx_word' id='word_1_263' title='bbox 1831 3197 1846 3234; x_wconf 90' lang='lat'><strong>:</strong></span> 
     </span>
    </p>
   </div>
   <div class='ocr_carea' id='block_1_32' title="bbox 269 3266 1854 3343">
    <p class='ocr_par' dir='ltr' id='par_1_32' title="bbox 269 3266 1854 3343">
     <span class='ocr_line' id='line_1_32' title="bbox 269 3266 1854 3343; baseline 0.004 -23"><span class='ocrx_word' id='word_1_264' title='bbox 269 3266 505 3322; x_wconf 72' lang='lat' dir='ltr'><strong>Mortuus</strong></span> <span class='ocrx_word' id='word_1_265' title='bbox 540 3269 667 3323; x_wconf 84' lang='lat' dir='ltr'><strong>Abel</strong></span> <span class='ocrx_word' id='word_1_266' title='bbox 711 3269 880 3324; x_wconf 85' lang='lat' dir='ltr'><strong>adhuc</strong></span> <span class='ocrx_word' id='word_1_267' title='bbox 930 3270 1152 3337; x_wconf 74' lang='lat' dir='ltr'><strong>loquitur</strong></span> <span class='ocrx_word' id='word_1_268' title='bbox 1179 3269 1362 3342; x_wconf 78' lang='lat' dir='ltr'><strong>(Hebr.</strong></span> <span class='ocrx_word' id='word_1_269' title='bbox 1392 3271 1477 3326; x_wconf 76' lang='lat' dir='ltr'><strong>ll.</strong></span> <span class='ocrx_word' id='word_1_270' title='bbox 1505 3271 1584 3340; x_wconf 70' lang='lat'><strong>4).</strong></span> <span class='ocrx_word' id='word_1_271' title='bbox 1616 3270 1718 3327; x_wconf 80' lang='lat' dir='ltr'><strong>Sed</strong></span> <span class='ocrx_word' id='word_1_272' title='bbox 1763 3272 1854 3343; x_wconf 81' lang='lat' dir='ltr'><strong>qui</strong></span> 
     </span>
    </p>
   </div>
   <div class='ocr_carea' id='block_1_33' title="bbox 266 3359 1853 3432">
    <p class='ocr_par' dir='ltr' id='par_1_33' title="bbox 266 3359 1853 3432">
     <span class='ocr_line' id='line_1_33' title="bbox 266 3359 1853 3432; baseline 0.004 -21"><span class='ocrx_word' id='word_1_273' title='bbox 266 3359 480 3426; x_wconf 80' lang='lat' dir='ltr'><strong>occidit,</strong></span> <span class='ocrx_word' id='word_1_274' title='bbox 509 3361 670 3416; x_wconf 88' lang='lat' dir='ltr'><strong>etiam</strong></span> <span class='ocrx_word' id='word_1_275' title='bbox 691 3371 816 3419; x_wconf 90' lang='lat' dir='ltr'><strong>tunc</strong></span> <span class='ocrx_word' id='word_1_276' title='bbox 836 3362 995 3416; x_wconf 85' lang='lat' dir='ltr'><strong>vitam</strong></span> <span class='ocrx_word' id='word_1_277' title='bbox 1018 3363 1207 3432; x_wconf 84' lang='lat' dir='ltr'><strong>agebat</strong></span> <span class='ocrx_word' id='word_1_278' title='bbox 1233 3363 1675 3418; x_wconf 82' lang='lat' dir='ltr'><strong>miserabiliorem</strong></span> <span class='ocrx_word' id='word_1_279' title='bbox 1694 3378 1853 3432; x_wconf 87' lang='lat' dir='ltr'><strong>quam</strong></span> 
     </span>
    </p>
   </div>
   <div class='ocr_carea' id='block_1_34' title="bbox 269 3453 1857 3525">
    <p class='ocr_par' dir='ltr' id='par_1_34' title="bbox 269 3453 1857 3525">
     <span class='ocr_line' id='line_1_34' title="bbox 269 3453 1857 3525; baseline 0.004 -20"><span class='ocrx_word' id='word_1_280' title='bbox 269 3453 407 3508; x_wconf 80' lang='lat' dir='ltr'><strong>ullus</strong></span> <span class='ocrx_word' id='word_1_281' title='bbox 460 3454 642 3522; x_wconf 91' lang='lat' dir='ltr'><strong>homo,</strong></span> <span class='ocrx_word' id='word_1_282' title='bbox 687 3463 742 3510; x_wconf 90' lang='lat' dir='ltr'><strong>et</strong></span> <span class='ocrx_word' id='word_1_283' title='bbox 795 3465 977 3525; x_wconf 84' lang='lat' dir='ltr'><strong>postea</strong></span> <span class='ocrx_word' id='word_1_284' title='bbox 1018 3456 1086 3510; x_wconf 89' lang='lat' dir='ltr'><strong>ab</strong></span> <span class='ocrx_word' id='word_1_285' title='bbox 1125 3456 1372 3512; x_wconf 85' lang='lat' dir='ltr'><strong>omnibus</strong></span> <span class='ocrx_word' id='word_1_286' title='bbox 1420 3456 1563 3511; x_wconf 88' lang='lat' dir='ltr'><strong>male</strong></span> <span class='ocrx_word' id='word_1_287' title='bbox 1600 3457 1770 3523; x_wconf 83' lang='lat' dir='ltr'><strong>audit,</strong></span> <span class='ocrx_word' id='word_1_288' title='bbox 1800 3465 1857 3512; x_wconf 92' lang='lat' dir='ltr'><strong>ut</strong></span> 
     </span>
    </p>
   </div>
   <div class='ocr_carea' id='block_1_35' title="bbox 267 3545 1857 3622">
    <p class='ocr_par' dir='ltr' id='par_1_35' title="bbox 267 3545 1857 3622">
     <span class='ocr_line' id='line_1_35' title="bbox 267 3545 1857 3622; baseline 0.005 -24"><span class='ocrx_word' id='word_1_289' title='bbox 267 3546 643 3602; x_wconf 88' lang='lat' dir='ltr'><strong>abominabilis</strong></span> <span class='ocrx_word' id='word_1_290' title='bbox 667 3548 796 3614; x_wconf 88' lang='lat' dir='ltr'><strong>Deo,</strong></span> <span class='ocrx_word' id='word_1_291' title='bbox 828 3559 879 3604; x_wconf 91' lang='lat' dir='ltr'><strong>et</strong></span> <span class='ocrx_word' id='word_1_292' title='bbox 907 3545 965 3604; x_wconf 86' lang='lat' dir='ltr'><strong>tit</strong></span> <span class='ocrx_word' id='word_1_293' title='bbox 989 3550 1303 3604; x_wconf 89' lang='lat' dir='ltr'><strong>maledictus</strong></span> <span class='ocrx_word' id='word_1_294' title='bbox 1323 3566 1354 3605; x_wconf 93' lang='lat' dir='ltr'><strong>a</strong></span> <span class='ocrx_word' id='word_1_295' title='bbox 1381 3551 1557 3604; x_wconf 88' lang='lat' dir='ltr'><strong>divina</strong></span> <span class='ocrx_word' id='word_1_296' title='bbox 1580 3550 1857 3622; x_wconf 84' lang='lat' dir='ltr'><strong>Scriptura</strong></span> 
     </span>
    </p>
   </div>
   <div class='ocr_carea' id='block_1_36' title="bbox 271 3637 1855 3714">
    <p class='ocr_par' dir='ltr' id='par_1_36' title="bbox 271 3637 1855 3714">
     <span class='ocr_line' id='line_1_36' title="bbox 271 3637 1855 3714; baseline 0.006 -25"><span class='ocrx_word' id='word_1_297' title='bbox 271 3637 605 3706; x_wconf 87' lang='lat' dir='ltr'><strong>traducitur;</strong></span> <span class='ocrx_word' id='word_1_298' title='bbox 637 3651 690 3695; x_wconf 91' lang='lat' dir='ltr'><strong>et</strong></span> <span class='ocrx_word' id='word_1_299' title='bbox 736 3641 839 3696; x_wconf 92' lang='lat' dir='ltr'><strong>hoc</strong></span> <span class='ocrx_word' id='word_1_300' title='bbox 865 3642 1077 3713; x_wconf 90' lang='lat' dir='ltr'><strong>quidem</strong></span> <span class='ocrx_word' id='word_1_301' title='bbox 1110 3642 1162 3696; x_wconf 88' lang='lat' dir='ltr'><strong>in</strong></span> <span class='ocrx_word' id='word_1_302' title='bbox 1205 3643 1453 3712; x_wconf 68' lang='lat' dir='ltr'><strong>prmsenti</strong></span> <span class='ocrx_word' id='word_1_303' title='bbox 1475 3643 1601 3708; x_wconf 78' lang='lat' dir='ltr'><strong>vita,</strong></span> <span class='ocrx_word' id='word_1_304' title='bbox 1631 3659 1748 3714; x_wconf 73' lang='lat' dir='ltr'><strong>qua:</strong></span> <span class='ocrx_word' id='word_1_305' title='bbox 1779 3643 1855 3698; x_wconf 93' lang='lat' dir='ltr'><strong>si-</strong></span> 
     </span>
    </p>
   </div>
   <div class='ocr_carea' id='block_1_37' title="bbox 268 3733 1858 3807">
    <p class='ocr_par' dir='ltr' id='par_1_37' title="bbox 268 3733 1858 3807">
     <span class='ocr_line' id='line_1_37' title="bbox 268 3733 1858 3807; baseline 0.004 -22"><span class='ocrx_word' id='word_1_306' title='bbox 268 3733 379 3786; x_wconf 89' lang='lat' dir='ltr'><strong>mul</strong></span> <span class='ocrx_word' id='word_1_307' title='bbox 401 3733 683 3789; x_wconf 88' lang='lat' dir='ltr'><strong>intercidet</strong></span> <span class='ocrx_word' id='word_1_308' title='bbox 716 3752 728 3788; x_wconf 94' lang='lat'>:</span> <span class='ocrx_word' id='word_1_309' title='bbox 758 3751 877 3806; x_wconf 69' lang='lat' dir='ltr'><strong>qua:</strong></span> <span class='ocrx_word' id='word_1_310' title='bbox 921 3745 1099 3791; x_wconf 89' lang='lat' dir='ltr'><strong>autem</strong></span> <span class='ocrx_word' id='word_1_311' title='bbox 1129 3738 1179 3790; x_wconf 84' lang='lat' dir='ltr'><strong>in</strong></span> <span class='ocrx_word' id='word_1_312' title='bbox 1209 3735 1386 3791; x_wconf 93' lang='lat' dir='ltr'><strong>futuro</strong></span> <span class='ocrx_word' id='word_1_313' title='bbox 1409 3736 1609 3792; x_wconf 77' lang='lat' dir='ltr'><strong>szcculo</strong></span> <span class='ocrx_word' id='word_1_314' title='bbox 1649 3737 1858 3807; x_wconf 82' lang='lat' dir='ltr'><strong>utrique</strong></span> 
     </span>
    </p>
   </div>
   <div class='ocr_carea' id='block_1_38' title="bbox 268 3825 1855 3900">
    <p class='ocr_par' dir='ltr' id='par_1_38' title="bbox 268 3825 1855 3900">
     <span class='ocr_line' id='line_1_38' title="bbox 268 3825 1855 3900; baseline 0.004 -24"><span class='ocrx_word' id='word_1_315' title='bbox 268 3840 552 3880; x_wconf 87' lang='lat' dir='ltr'><strong>occurrere</strong></span> <span class='ocrx_word' id='word_1_316' title='bbox 580 3825 828 3892; x_wconf 87' lang='lat' dir='ltr'><strong>debeant,</strong></span> <span class='ocrx_word' id='word_1_317' title='bbox 860 3842 980 3882; x_wconf 91' lang='lat' dir='ltr'><strong>cum</strong></span> <span class='ocrx_word' id='word_1_318' title='bbox 1010 3829 1291 3898; x_wconf 83' lang='lat' dir='ltr'><strong>unicuique</strong></span> <span class='ocrx_word' id='word_1_319' title='bbox 1311 3844 1405 3900; x_wconf 87' lang='lat' dir='ltr'><strong>pro</strong></span> <span class='ocrx_word' id='word_1_320' title='bbox 1426 3843 1524 3882; x_wconf 90' lang='lat' dir='ltr'><strong>suo</strong></span> <span class='ocrx_word' id='word_1_321' title='bbox 1549 3843 1713 3899; x_wconf 84' lang='lat' dir='ltr'><strong>opere</strong></span> <span class='ocrx_word' id='word_1_322' title='bbox 1731 3827 1855 3883; x_wconf 80' lang='lat' dir='ltr'><strong>red-</strong></span> 
     </span>
    </p>
   </div>
   <div class='ocr_carea' id='block_1_39' title="bbox 268 3916 1858 3992">
    <p class='ocr_par' dir='ltr' id='par_1_39' title="bbox 268 3916 1858 3992">
     <span class='ocr_line' id='line_1_39' title="bbox 268 3916 1858 3992; baseline 0.004 -22"><span class='ocrx_word' id='word_1_323' title='bbox 268 3916 357 3971; x_wconf 92' lang='lat' dir='ltr'><strong>dct</strong></span> <span class='ocrx_word' id='word_1_324' title='bbox 391 3917 569 3987; x_wconf 85' lang='lat' dir='ltr'><strong>justus</strong></span> <span class='ocrx_word' id='word_1_325' title='bbox 595 3917 765 3974; x_wconf 86' lang='lat' dir='ltr'><strong>Judex</strong></span> <span class='ocrx_word' id='word_1_326' title='bbox 794 3918 970 3989; x_wconf 85' lang='lat' dir='ltr'><strong>(Rom.</strong></span> <span class='ocrx_word' id='word_1_327' title='bbox 1001 3920 1037 3974; x_wconf 72' lang='grc'>2</span> <span class='ocrx_word' id='word_1_328' title='bbox 1060 3937 1076 3987; x_wconf 88' lang='grc'>;</span> <span class='ocrx_word' id='word_1_329' title='bbox 1107 3921 1268 3992; x_wconf 81' lang='lat' dir='ltr'><strong>Apoc.</strong></span> <span class='ocrx_word' id='word_1_330' title='bbox 1291 3921 1414 3991; x_wconf 72' lang='lat'><strong>20.),</strong></span> <span class='ocrx_word' id='word_1_331' title='bbox 1439 3921 1558 3992; x_wconf 90' lang='lat' dir='ltr'><strong>quis</strong></span> <span class='ocrx_word' id='word_1_332' title='bbox 1576 3937 1752 3976; x_wconf 80' lang='lat' dir='ltr'><strong>sermo</strong></span> <span class='ocrx_word' id='word_1_333' title='bbox 1773 3921 1858 3976; x_wconf 89' lang='lat' dir='ltr'><strong>di-</strong></span> 
     </span>
    </p>
   </div>
   <div class='ocr_carea' id='block_1_40' title="bbox 268 4013 1856 4086">
    <p class='ocr_par' dir='ltr' id='par_1_40' title="bbox 268 4013 1856 4086">
     <span class='ocr_line' id='line_1_40' title="bbox 268 4013 1856 4086; baseline 0.003 -22"><span class='ocrx_word' id='word_1_334' title='bbox 268 4025 392 4065; x_wconf 89' lang='lat' dir='ltr'><strong>cere</strong></span> <span class='ocrx_word' id='word_1_335' title='bbox 441 4021 645 4081; x_wconf 88' lang='lat' dir='ltr'><strong>posset,</strong></span> <span class='ocrx_word' id='word_1_336' title='bbox 677 4013 762 4068; x_wconf 85' lang='lat' dir='ltr'><strong>vel</strong></span> <span class='ocrx_word' id='word_1_337' title='bbox 790 4029 910 4083; x_wconf 69' lang='lat' dir='ltr'><strong>qua:</strong></span> <span class='ocrx_word' id='word_1_338' title='bbox 952 4014 1116 4080; x_wconf 91' lang='lat' dir='ltr'><strong>bona,</strong></span> <span class='ocrx_word' id='word_1_339' title='bbox 1156 4015 1239 4070; x_wconf 86' lang='lat' dir='ltr'><strong>vel</strong></span> <span class='ocrx_word' id='word_1_340' title='bbox 1265 4032 1383 4086; x_wconf 82' lang='lat' dir='ltr'><strong>qua:</strong></span> <span class='ocrx_word' id='word_1_341' title='bbox 1433 4015 1621 4069; x_wconf 87' lang='lat' dir='ltr'><strong>mala?</strong></span> <span class='ocrx_word' id='word_1_342' title='bbox 1649 4014 1856 4078; x_wconf 79' lang='lat' dir='ltr'><strong>Nullus,</strong></span> 
     </span>
    </p>
   </div>
   <div class='ocr_carea' id='block_1_41' title="bbox 271 4101 1851 4176">
    <p class='ocr_par' dir='ltr' id='par_1_41' title="bbox 271 4101 1851 4176">
     <span class='ocr_line' id='line_1_41' title="bbox 271 4101 1851 4176; baseline 0.004 -23"><span class='ocrx_word' id='word_1_343' title='bbox 271 4101 448 4155; x_wconf 88' lang='lat' dir='ltr'><strong>nullus</strong></span> <span class='ocrx_word' id='word_1_344' title='bbox 469 4101 648 4171; x_wconf 77' lang='lat' dir='ltr'><strong>plane,</strong></span> <span class='ocrx_word' id='word_1_345' title='bbox 672 4119 847 4173; x_wconf 89' lang='lat' dir='ltr'><strong>neque</strong></span> <span class='ocrx_word' id='word_1_346' title='bbox 868 4103 1124 4175; x_wconf 87' lang='lat' dir='ltr'><strong>jucunda,</strong></span> <span class='ocrx_word' id='word_1_347' title='bbox 1143 4121 1318 4176; x_wconf 89' lang='lat' dir='ltr'><strong>neque</strong></span> <span class='ocrx_word' id='word_1_348' title='bbox 1343 4107 1514 4162; x_wconf 87' lang='lat' dir='ltr'><strong>tristia</strong></span> <span class='ocrx_word' id='word_1_349' title='bbox 1540 4107 1851 4160; x_wconf 85' lang='lat' dir='ltr'><strong>narraverit.</strong></span> 
     </span>
    </p>
   </div>
   <div class='ocr_carea' id='block_1_42' title="bbox 270 4191 1857 4270">
    <p class='ocr_par' dir='ltr' id='par_1_42' title="bbox 270 4191 1857 4270">
     <span class='ocr_line' id='line_1_42' title="bbox 270 4191 1857 4270; baseline 0.003 -24"><span class='ocrx_word' id='word_1_350' title='bbox 270 4191 560 4270; x_wconf 84' lang='lat' dir='ltr'><strong>Enimvero</strong></span> <span class='ocrx_word' id='word_1_351' title='bbox 586 4195 809 4251; x_wconf 82' lang='lat' dir='ltr'><strong>Abelem</strong></span> <span class='ocrx_word' id='word_1_352' title='bbox 838 4196 1050 4267; x_wconf 88' lang='lat' dir='ltr'><strong>quidem</strong></span> <span class='ocrx_word' id='word_1_353' title='bbox 1076 4197 1134 4252; x_wconf 90' lang='lat' dir='ltr'><strong>in</strong></span> <span class='ocrx_word' id='word_1_354' title='bbox 1161 4213 1324 4268; x_wconf 87' lang='lat' dir='ltr'><strong>regno</strong></span> <span class='ocrx_word' id='word_1_355' title='bbox 1350 4198 1624 4265; x_wconf 65' lang='lat' dir='ltr'><strong>mulorum,</strong></span> <span class='ocrx_word' id='word_1_356' title='bbox 1653 4205 1708 4252; x_wconf 91' lang='lat' dir='ltr'><strong>et</strong></span> <span class='ocrx_word' id='word_1_357' title='bbox 1733 4213 1857 4270; x_wconf 86' lang='lat' dir='ltr'><strong>pcr-</strong></span> 
     </span>
    </p>
   </div>
   <div class='ocr_carea' id='block_1_43' title="bbox 270 4269 1856 4359">
    <p class='ocr_par' dir='ltr' id='par_1_43' title="bbox 270 4269 1856 4359">
     <span class='ocr_line' id='line_1_43' title="bbox 270 4269 1856 4359; baseline 0.003 -22"><span class='ocrx_word' id='word_1_358' title='bbox 270 4285 440 4352; x_wconf 89' lang='lat' dir='ltr'><strong>petuis</strong></span> <span class='ocrx_word' id='word_1_359' title='bbox 475 4269 822 4352; x_wconf 82' lang='lat' dir='ltr'><strong>habitaculis,</strong></span> <span class='ocrx_word' id='word_1_360' title='bbox 867 4289 1286 4358; x_wconf 82' lang='lat' dir='ltr'><strong>patriarcharum</strong></span> <span class='ocrx_word' id='word_1_361' title='bbox 1311 4329 1327 4354; x_wconf 92' lang='lat'><strong>,</strong></span> <span class='ocrx_word' id='word_1_362' title='bbox 1369 4288 1748 4359; x_wconf 87' lang='lat' dir='ltr'><strong>prophetarum</strong></span> <span class='ocrx_word' id='word_1_363' title='bbox 1773 4297 1856 4342; x_wconf 81' lang='lat' dir='ltr'><strong>at-</strong></span> 
     </span>
    </p>
   </div>
   <div class='ocr_carea' id='block_1_44' title="bbox 271 4378 1856 4446">
    <p class='ocr_par' dir='ltr' id='par_1_44' title="bbox 271 4378 1856 4446">
     <span class='ocr_line' id='line_1_44' title="bbox 271 4378 1856 4446; baseline 0.001 -16"><span class='ocrx_word' id='word_1_364' title='bbox 271 4391 374 4443; x_wconf 87' lang='lat' dir='ltr'><strong>que</strong></span> <span class='ocrx_word' id='word_1_365' title='bbox 419 4378 787 4446; x_wconf 90' lang='lat' dir='ltr'><strong>apostolorum</strong></span> <span class='ocrx_word' id='word_1_366' title='bbox 835 4379 982 4434; x_wconf 91' lang='lat' dir='ltr'><strong>chori</strong></span> <span class='ocrx_word' id='word_1_367' title='bbox 1034 4389 1089 4435; x_wconf 93' lang='lat' dir='ltr'><strong>ct</strong></span> <span class='ocrx_word' id='word_1_368' title='bbox 1117 4381 1361 4436; x_wconf 91' lang='lat' dir='ltr'><strong>omnium</strong></span> <span class='ocrx_word' id='word_1_369' title='bbox 1385 4389 1692 4436; x_wconf 85' lang='lat' dir='ltr'><strong>sanctorum</strong></span> <span class='ocrx_word' id='word_1_370' title='bbox 1723 4393 1856 4434; x_wconf 87' lang='lat' dir='ltr'><strong>cou-</strong></span> 
     </span>
    </p>
   </div>
   <div class='ocr_carea' id='block_1_45' title="bbox 269 4469 1855 4543">
    <p class='ocr_par' dir='ltr' id='par_1_45' title="bbox 269 4469 1855 4543">
     <span class='ocr_line' id='line_1_45' title="bbox 269 4469 1855 4543; baseline 0.003 -22"><span class='ocrx_word' id='word_1_371' title='bbox 269 4469 508 4538; x_wconf 79' lang='lat' dir='ltr'><strong>grcgatio</strong></span> <span class='ocrx_word' id='word_1_372' title='bbox 535 4470 826 4540; x_wconf 90' lang='lat' dir='ltr'><strong>suscipient</strong></span> <span class='ocrx_word' id='word_1_373' title='bbox 853 4473 1014 4527; x_wconf 91' lang='lat' dir='ltr'><strong>simul</strong></span> <span class='ocrx_word' id='word_1_374' title='bbox 1056 4472 1108 4526; x_wconf 89' lang='lat' dir='ltr'><strong>in</strong></span> <span class='ocrx_word' id='word_1_375' title='bbox 1139 4481 1454 4543; x_wconf 88' lang='lat' dir='ltr'><strong>perpetuum</strong></span> <span class='ocrx_word' id='word_1_376' title='bbox 1485 4482 1855 4543; x_wconf 78' lang='lat' dir='ltr'><strong>regnaturum,</strong></span> 
     </span>
    </p>
   </div>
   <div class='ocr_carea' id='block_1_46' title="bbox 269 4560 1856 4636">
    <p class='ocr_par' dir='ltr' id='par_1_46' title="bbox 269 4560 1856 4636">
     <span class='ocr_line' id='line_1_46' title="bbox 269 4560 1856 4636; baseline 0.001 -22"><span class='ocrx_word' id='word_1_377' title='bbox 269 4575 388 4614; x_wconf 93' lang='lat' dir='ltr'><strong>cum</strong></span> <span class='ocrx_word' id='word_1_378' title='bbox 420 4561 568 4630; x_wconf 78' lang='lat' dir='ltr'><strong>Rege</strong></span> <span class='ocrx_word' id='word_1_379' title='bbox 606 4560 821 4618; x_wconf 87' lang='lat' dir='ltr'><strong>Christo</strong></span> <span class='ocrx_word' id='word_1_380' title='bbox 845 4561 996 4631; x_wconf 80' lang='lat' dir='ltr'><strong>lesu,</strong></span> <span class='ocrx_word' id='word_1_381' title='bbox 1026 4565 1301 4636; x_wconf 87' lang='lat' dir='ltr'><strong>unigenito</strong></span> <span class='ocrx_word' id='word_1_382' title='bbox 1327 4564 1420 4620; x_wconf 92' lang='lat' dir='ltr'><strong>Dci</strong></span> <span class='ocrx_word' id='word_1_383' title='bbox 1453 4563 1590 4620; x_wconf 88' lang='lat' dir='ltr'><strong>Filio</strong></span> <span class='ocrx_word' id='word_1_384' title='bbox 1619 4573 1674 4619; x_wconf 92' lang='lat' dir='ltr'><strong>et</strong></span> <span class='ocrx_word' id='word_1_385' title='bbox 1697 4565 1809 4618; x_wconf 92' lang='lat' dir='ltr'><strong>Deo</strong></span> <span class='ocrx_word' id='word_1_386' title='bbox 1840 4578 1856 4615; x_wconf 87' lang='lat'><strong><em>:</em></strong></span> 
     </span>
    </p>
   </div>
   <div class='ocr_carea' id='block_1_47' title="bbox 270 4650 1858 4728">
    <p class='ocr_par' dir='ltr' id='par_1_47' title="bbox 270 4650 1858 4728">
     <span class='ocr_line' id='line_1_47' title="bbox 270 4650 1858 4728; baseline 0.007 -26"><span class='ocrx_word' id='word_1_387' title='bbox 270 4650 407 4704; x_wconf 85' lang='lat' dir='ltr'><strong>hunc</strong></span> <span class='ocrx_word' id='word_1_388' title='bbox 428 4663 629 4714; x_wconf 87' lang='lat' dir='ltr'><strong>autem,</strong></span> <span class='ocrx_word' id='word_1_389' title='bbox 659 4653 790 4708; x_wconf 87' lang='lat' dir='ltr'><strong>Cain</strong></span> <span class='ocrx_word' id='word_1_390' title='bbox 814 4653 1054 4725; x_wconf 89' lang='lat' dir='ltr'><strong>inquam,</strong></span> <span class='ocrx_word' id='word_1_391' title='bbox 1082 4657 1326 4727; x_wconf 89' lang='lat' dir='ltr'><strong>gehenna</strong></span> <span class='ocrx_word' id='word_1_392' title='bbox 1353 4658 1490 4728; x_wconf 85' lang='lat' dir='ltr'><strong>ignis</strong></span> <span class='ocrx_word' id='word_1_393' title='bbox 1515 4658 1723 4728; x_wconf 88' lang='lat' dir='ltr'><strong>aliaque</strong></span> <span class='ocrx_word' id='word_1_394' title='bbox 1754 4659 1858 4713; x_wconf 89' lang='lat' dir='ltr'><strong>im-</strong></span> 
     </span>
    </p>
   </div>
   <div class='ocr_carea' id='block_1_48' title="bbox 269 4743 1855 4817">
    <p class='ocr_par' dir='ltr' id='par_1_48' title="bbox 269 4743 1855 4817">
     <span class='ocr_line' id='line_1_48' title="bbox 269 4743 1855 4817; baseline 0.009 -23"><span class='ocrx_word' id='word_1_395' title='bbox 269 4743 513 4797; x_wconf 83' lang='lat' dir='ltr'><strong>mortalia</strong></span> <span class='ocrx_word' id='word_1_396' title='bbox 545 4745 724 4798; x_wconf 87' lang='lat' dir='ltr'><strong>omnia</strong></span> <span class='ocrx_word' id='word_1_397' title='bbox 759 4754 1019 4802; x_wconf 87' lang='lat' dir='ltr'><strong>tormenta</strong></span> <span class='ocrx_word' id='word_1_398' title='bbox 1069 4749 1358 4817; x_wconf 80' lang='lat' dir='ltr'><strong>excipient,</strong></span> <span class='ocrx_word' id='word_1_399' title='bbox 1403 4759 1460 4803; x_wconf 93' lang='lat' dir='ltr'><strong>ut</strong></span> <span class='ocrx_word' id='word_1_400' title='bbox 1508 4751 1776 4806; x_wconf 90' lang='lat' dir='ltr'><strong>crucietur</strong></span> <span class='ocrx_word' id='word_1_401' title='bbox 1803 4755 1855 4809; x_wconf 93' lang='lat' dir='ltr'><strong>in</strong></span> 
     </span>
    </p>
   </div>
   <div class='ocr_carea' id='block_1_49' title="bbox 269 4833 1854 4913">
    <p class='ocr_par' dir='ltr' id='par_1_49' title="bbox 269 4833 1854 4913">
     <span class='ocr_line' id='line_1_49' title="bbox 269 4833 1854 4913; baseline 0.008 -27"><span class='ocrx_word' id='word_1_402' title='bbox 269 4833 475 4887; x_wconf 90' lang='lat' dir='ltr'><strong>inlinita</strong></span> <span class='ocrx_word' id='word_1_403' title='bbox 508 4837 704 4891; x_wconf 65' lang='lat' dir='ltr'><strong>sarcula</strong></span> <span class='ocrx_word' id='word_1_404' title='bbox 733 4846 926 4892; x_wconf 87' lang='lat' dir='ltr'><strong>etcum</strong></span> <span class='ocrx_word' id='word_1_405' title='bbox 951 4839 1044 4893; x_wconf 92' lang='lat' dir='ltr'><strong>illo</strong></span> <span class='ocrx_word' id='word_1_406' title='bbox 1070 4853 1260 4895; x_wconf 89' lang='lat' dir='ltr'><strong>omnes</strong></span> <span class='ocrx_word' id='word_1_407' title='bbox 1285 4845 1372 4911; x_wconf 84' lang='lat' dir='ltr'><strong>qui</strong></span> <span class='ocrx_word' id='word_1_408' title='bbox 1397 4841 1588 4896; x_wconf 85' lang='lat' dir='ltr'><strong>similia</strong></span> <span class='ocrx_word' id='word_1_409' title='bbox 1611 4855 1854 4913; x_wconf 87' lang='lat' dir='ltr'><strong>egerunt,</strong></span> 
     </span>
    </p>
   </div>
   <div class='ocr_carea' id='block_1_50' title="bbox 267 4926 1856 5003">
    <p class='ocr_par' dir='ltr' id='par_1_50' title="bbox 267 4926 1856 5003">
     <span class='ocr_line' id='line_1_50' title="bbox 267 4926 1856 5003; baseline 0.011 -26"><span class='ocrx_word' id='word_1_410' title='bbox 267 4935 322 4978; x_wconf 91' lang='lat' dir='ltr'><strong>et</strong></span> <span class='ocrx_word' id='word_1_411' title='bbox 351 4926 585 4980; x_wconf 78' lang='lat' dir='ltr'><strong>maxime</strong></span> <span class='ocrx_word' id='word_1_412' title='bbox 613 4928 666 4981; x_wconf 91' lang='lat' dir='ltr'><strong>in</strong></span> <span class='ocrx_word' id='word_1_413' title='bbox 699 4943 792 4983; x_wconf 90' lang='lat' dir='ltr'><strong>eos</strong></span> <span class='ocrx_word' id='word_1_414' title='bbox 812 4930 899 5000; x_wconf 88' lang='lat' dir='ltr'><strong>qui</strong></span> <span class='ocrx_word' id='word_1_415' title='bbox 928 4933 1165 4999; x_wconf 57' lang='lat' dir='ltr'><strong>posthaec</strong></span> <span class='ocrx_word' id='word_1_416' title='bbox 1199 4933 1522 5003; x_wconf 89' lang='lat' dir='ltr'><strong>turpissimis</strong></span> <span class='ocrx_word' id='word_1_417' title='bbox 1560 4936 1856 4994; x_wconf 71' lang='lat' dir='ltr'><strong>affectioni-</strong></span> 
     </span>
    </p>
   </div>
   <div class='ocr_carea' id='block_1_51' title="bbox 268 5015 1857 5095">
    <p class='ocr_par' dir='ltr' id='par_1_51' title="bbox 268 5015 1857 5095">
     <span class='ocr_line' id='line_1_51' title="bbox 268 5015 1857 5095; baseline 0.01 -24"><span class='ocrx_word' id='word_1_418' title='bbox 268 5015 370 5071; x_wconf 89' lang='lat' dir='ltr'><strong>bus</strong></span> <span class='ocrx_word' id='word_1_419' title='bbox 410 5019 550 5087; x_wconf 87' lang='lat' dir='ltr'><strong>capti</strong></span> <span class='ocrx_word' id='word_1_420' title='bbox 600 5030 744 5088; x_wconf 88' lang='lat' dir='ltr'><strong>sunt,</strong></span> <span class='ocrx_word' id='word_1_421' title='bbox 777 5033 975 5092; x_wconf 91' lang='lat' dir='ltr'><strong>quanto</strong></span> <span class='ocrx_word' id='word_1_422' title='bbox 1023 5025 1191 5095; x_wconf 86' lang='lat' dir='ltr'><strong>major</strong></span> <span class='ocrx_word' id='word_1_423' title='bbox 1222 5041 1378 5095; x_wconf 71' lang='lat' dir='ltr'><strong>pmna</strong></span> <span class='ocrx_word' id='word_1_424' title='bbox 1408 5042 1440 5082; x_wconf 88' lang='lat' dir='ltr'><strong>a</strong></span> <span class='ocrx_word' id='word_1_425' title='bbox 1471 5027 1697 5084; x_wconf 90' lang='lat' dir='ltr'><strong>Domino</strong></span> <span class='ocrx_word' id='word_1_426' title='bbox 1737 5047 1857 5086; x_wconf 86' lang='lat' dir='ltr'><strong>om-</strong></span> 
     </span>
    </p>
   </div>
   <div class='ocr_carea' id='block_1_52' title="bbox 268 5109 1857 5180">
    <p class='ocr_par' dir='ltr' id='par_1_52' title="bbox 268 5109 1857 5180">
     <span class='ocr_line' id='line_1_52' title="bbox 268 5109 1857 5180; baseline 0.01 -18"><span class='ocrx_word' id='word_1_427' title='bbox 268 5109 412 5164; x_wconf 90' lang='lat' dir='ltr'><strong>nium</strong></span> <span class='ocrx_word' id='word_1_428' title='bbox 467 5116 859 5180; x_wconf 89' lang='lat' dir='ltr'><strong>pronuntiatur.</strong></span> <span class='ocrx_word' id='word_1_429' title='bbox 903 5119 1038 5172; x_wconf 81' lang='lat' dir='ltr'><strong>Audi</strong></span> <span class='ocrx_word' id='word_1_430' title='bbox 1084 5119 1226 5173; x_wconf 91' lang='lat' dir='ltr'><strong>enim</strong></span> <span class='ocrx_word' id='word_1_431' title='bbox 1282 5120 1494 5176; x_wconf 91' lang='lat' dir='ltr'><strong>beatum</strong></span> <span class='ocrx_word' id='word_1_432' title='bbox 1525 5122 1744 5178; x_wconf 83' lang='lat' dir='ltr'><strong>Paulum</strong></span> <span class='ocrx_word' id='word_1_433' title='bbox 1771 5124 1857 5180; x_wconf 89' lang='lat' dir='ltr'><strong>di-</strong></span> 
     </span>
    </p>
   </div>
   <div class='ocr_carea' id='block_1_53' title="bbox 268 5204 1859 5285">
    <p class='ocr_par' dir='ltr' id='par_1_53' title="bbox 268 5204 1859 5285">
     <span class='ocr_line' id='line_1_53' title="bbox 268 5204 1859 5285; baseline 0.011 -29"><span class='ocrx_word' id='word_1_434' title='bbox 268 5213 475 5258; x_wconf 83' lang='lat' dir='ltr'><strong>centem</strong></span> <span class='ocrx_word' id='word_1_435' title='bbox 505 5222 518 5257; x_wconf 91' lang='lat'><strong>:</strong></span> <span class='ocrx_word' id='word_1_436' title='bbox 556 5204 869 5278; x_wconf 78' lang='lat' dir='ltr'><strong>Quicumque</strong></span> <span class='ocrx_word' id='word_1_437' title='bbox 910 5211 1043 5263; x_wconf 82' lang='lat' dir='ltr'><strong>enim</strong></span> <span class='ocrx_word' id='word_1_438' title='bbox 1081 5212 1190 5266; x_wconf 85' lang='lat' dir='ltr'><strong>sine</strong></span> <span class='ocrx_word' id='word_1_439' title='bbox 1227 5213 1334 5284; x_wconf 85' lang='lat' dir='ltr'><strong>lege</strong></span> <span class='ocrx_word' id='word_1_440' title='bbox 1375 5215 1722 5285; x_wconf 70' lang='lat' dir='ltr'><strong>peccauerunt,</strong></span> <span class='ocrx_word' id='word_1_441' title='bbox 1750 5219 1859 5274; x_wconf 81' lang='lat' dir='ltr'><strong>sine</strong></span> 
     </span>
    </p>
   </div>
   <div class='ocr_carea' id='block_1_54' title="bbox 271 5291 1860 5376">
    <p class='ocr_par' dir='ltr' id='par_1_54' title="bbox 271 5291 1860 5376">
     <span class='ocr_line' id='line_1_54' title="bbox 271 5291 1860 5376; baseline 0.014 -32"><span class='ocrx_word' id='word_1_442' title='bbox 271 5291 378 5364; x_wconf 78' lang='lat' dir='ltr'><strong>lege</strong></span> <span class='ocrx_word' id='word_1_443' title='bbox 405 5295 636 5364; x_wconf 82' lang='lat' dir='ltr'><strong>peribunt</strong></span> <span class='ocrx_word' id='word_1_444' title='bbox 681 5297 858 5368; x_wconf 82' lang='lat' dir='ltr'><strong>(Rom.</strong></span> <span class='ocrx_word' id='word_1_445' title='bbox 895 5301 952 5355; x_wconf 74' lang='grc'><strong>2.</strong></span> <span class='ocrx_word' id='word_1_446' title='bbox 986 5302 1080 5376; x_wconf 72' lang='grc'><strong>12)</strong></span> <span class='ocrx_word' id='word_1_447' title='bbox 1107 5321 1118 5356; x_wconf 91' lang='lat'>:</span> <span class='ocrx_word' id='word_1_448' title='bbox 1145 5305 1248 5360; x_wconf 92' lang='lat' dir='ltr'><strong>hoc</strong></span> <span class='ocrx_word' id='word_1_449' title='bbox 1275 5315 1381 5374; x_wconf 84' lang='lat' dir='ltr'><strong>est,</strong></span> <span class='ocrx_word' id='word_1_450' title='bbox 1408 5307 1659 5365; x_wconf 85' lang='lat' dir='ltr'><strong>leviorem</strong></span> <span class='ocrx_word' id='word_1_451' title='bbox 1687 5309 1860 5367; x_wconf 86' lang='lat' dir='ltr'><strong>ferent</strong></span> 
     </span>
    </p>
   </div>
   <div class='ocr_carea' id='block_1_55' title="bbox 269 5451 1859 5533">
    <p class='ocr_par' dir='ltr' id='par_1_55' title="bbox 269 5451 1859 5533">
     <span class='ocr_line' id='line_1_55' title="bbox 269 5451 1859 5533; baseline 0.016 -36"><span class='ocrx_word' id='word_1_452' title='bbox 269 5499 312 5533; x_wconf 46' lang='lat' dir='ltr'><strong>in</strong></span> <span class='ocrx_word' id='word_1_453' title='bbox 333 5451 833 5533; x_wconf 43' lang='lat' dir='ltr'><strong>chslim,l..:.</strong></span> <span class='ocrx_word' id='word_1_454' title='bbox 853 5466 961 5533; x_wconf 72' lang='lat' dir='ltr'><strong>erqt</strong></span> <span class='ocrx_word' id='word_1_455' title='bbox 980 5461 1142 5533; x_wconf 66' lang='lat' dir='ltr'><strong>credes</strong></span> <span class='ocrx_word' id='word_1_456' title='bbox 1164 5475 1310 5526; x_wconf 85' lang='lat' dir='ltr'><strong>quam</strong></span> <span class='ocrx_word' id='word_1_457' title='bbox 1326 5465 1635 5529; x_wconf 77' lang='lat' dir='ltr'><strong>perpetravit,</strong></span> <span class='ocrx_word' id='word_1_458' title='bbox 1658 5474 1704 5520; x_wconf 84' lang='lat' dir='ltr'><strong>et</strong></span> <span class='ocrx_word' id='word_1_459' title='bbox 1716 5469 1859 5533; x_wconf 82' lang='lat' dir='ltr'><strong>furor</strong></span> 
     </span>
    </p>
   </div>
   <div class='ocr_carea' id='block_1_56' title="bbox 262 5513 1207 5592">
    <p class='ocr_par' dir='ltr' id='par_1_56' title="bbox 262 5513 1207 5592">
     <span class='ocr_line' id='line_1_56' title="bbox 262 5513 1207 5592; baseline 0.018 -33"><span class='ocrx_word' id='word_1_460' title='bbox 262 5513 313 5550; x_wconf 77' lang='grc' dir='ltr'><strong>ιη</strong></span> <span class='ocrx_word' id='word_1_461' title='bbox 605 5513 1089 5592; x_wconf 45' lang='grc' dir='ltr'><strong>[ναξνᾲητκουὶηιιιηι</strong></span> <span class='ocrx_word' id='word_1_462' title='bbox 1114 5513 1207 5592; x_wconf 74' lang='lat' dir='ltr'><strong>etc.</strong></span> 
     </span>
    </p>
   </div>
   <div class='ocr_carea' id='block_1_57' title="bbox 334 5577 1859 5652">
    <p class='ocr_par' dir='ltr' id='par_1_57' title="bbox 334 5577 1859 5652">
     <span class='ocr_line' id='line_1_57' title="bbox 334 5577 1859 5652; baseline 0.016 -31"><span class='ocrx_word' id='word_1_463' title='bbox 334 5577 578 5652; x_wconf 44' lang='lat' dir='ltr'><strong>igoislin.</strong></span> <span class='ocrx_word' id='word_1_464' title='bbox 602 5577 712 5629; x_wconf 90' lang='lat' dir='ltr'><strong>Cod.</strong></span> <span class='ocrx_word' id='word_1_465' title='bbox 740 5582 789 5652; x_wconf 79' lang='lat' dir='ltr'><strong>in</strong></span> <span class='ocrx_word' id='word_1_466' title='bbox 829 5577 1104 5652; x_wconf 63' lang='lat' dir='ltr'><strong>hareverba</strong></span> <span class='ocrx_word' id='word_1_467' title='bbox 1129 5587 1373 5638; x_wconf 88' lang='lat' dir='ltr'><strong>homiliam</strong></span> <span class='ocrx_word' id='word_1_468' title='bbox 1393 5590 1574 5652; x_wconf 82' lang='lat' dir='ltr'><strong>claudit</strong></span> <span class='ocrx_word' id='word_1_469' title='bbox 1598 5604 1611 5640; x_wconf 90' lang='lat'><strong>:</strong></span> <span class='ocrx_word' id='word_1_470' title='bbox 1644 5598 1702 5642; x_wconf 84' lang='lat' dir='ltr'><strong>Ut</strong></span> <span class='ocrx_word' id='word_1_471' title='bbox 1726 5605 1785 5645; x_wconf 84' lang='lat' dir='ltr'><strong>ne</strong></span> <span class='ocrx_word' id='word_1_472' title='bbox 1809 5594 1859 5645; x_wconf 81' lang='lat' dir='ltr'><strong>in</strong></span> 
     </span>
    </p>
   </div>
   <div class='ocr_carea' id='block_1_58' title="bbox 265 5637 1856 5724">
    <p class='ocr_par' dir='ltr' id='par_1_58' title="bbox 265 5637 1856 5724">
     <span class='ocr_line' id='line_1_58' title="bbox 265 5637 1856 5724; baseline 0 0"><span class='ocrx_word' id='word_1_473' title='bbox 265 5637 970 5724; x_wconf 47' lang='grc' dir='ltr'><strong>ΞΕἸΞΕῩΨηὲἔΡίέῐηωέθέἕιὲξιές</strong></span> <span class='ocrx_word' id='word_1_474' title='bbox 986 5654 1047 5724; x_wconf 62' lang='lat' dir='ltr'><strong>Et</strong></span> <span class='ocrx_word' id='word_1_475' title='bbox 1073 5661 1158 5724; x_wconf 56' lang='grc' dir='ltr'><strong>ηοξ</strong></span> <span class='ocrx_word' id='word_1_476' title='bbox 1174 5637 1294 5722; x_wconf 23' lang='grc' dir='ltr'><em>θεμηε</em></span> <span class='ocrx_word' id='word_1_477' title='bbox 1326 5637 1856 5724; x_wconf 28' lang='grc' dir='ltr'><strong>ίεινάὶῖἆὶξθὲιιῖιὲιέἣὲξ</strong></span> 
     </span>
    </p>
   </div>
   <div class='ocr_carea' id='block_1_59' title="bbox 265 5705 1856 5780">
    <p class='ocr_par' dir='ltr' id='par_1_59' title="bbox 265 5705 1856 5780">
     <span class='ocr_line' id='line_1_59' title="bbox 265 5705 1856 5780; baseline 0.011 -31"><span class='ocrx_word' id='word_1_478' title='bbox 265 5705 695 5780; x_wconf 36' lang='lat'><strong>3332352494</strong></span> <span class='ocrx_word' id='word_1_479' title='bbox 721 5705 1044 5780; x_wconf 67' lang='lat' dir='ltr'><strong>misericordi,</strong></span> <span class='ocrx_word' id='word_1_480' title='bbox 1070 5711 1294 5772; x_wconf 71' lang='lat' dir='ltr'><strong>eumdem</strong></span> <span class='ocrx_word' id='word_1_481' title='bbox 1326 5705 1487 5777; x_wconf 69' lang='lat' dir='ltr'><strong>ipsum</strong></span> <span class='ocrx_word' id='word_1_482' title='bbox 1525 5705 1662 5766; x_wconf 75' lang='lat' dir='ltr'><strong>dé&#39;cet</strong></span> <span class='ocrx_word' id='word_1_483' title='bbox 1683 5705 1856 5780; x_wconf 72' lang='lat' dir='ltr'><strong>gloria,</strong></span> 
     </span>
    </p>
   </div>
   <div class='ocr_carea' id='block_1_60' title="bbox 266 5757 1859 5845">
    <p class='ocr_par' dir='ltr' id='par_1_60' title="bbox 266 5757 1859 5845">
     <span class='ocr_line' id='line_1_60' title="bbox 266 5757 1859 5845; baseline 0.012 -34"><span class='ocrx_word' id='word_1_484' title='bbox 266 5757 723 5845; x_wconf 40' lang='grc' dir='ltr'><strong>ξρξςῄιέῇιὶέιρηον</strong></span> <span class='ocrx_word' id='word_1_485' title='bbox 754 5775 803 5820; x_wconf 85' lang='lat' dir='ltr'><strong>et</strong></span> <span class='ocrx_word' id='word_1_486' title='bbox 822 5757 1062 5838; x_wconf 74' lang='lat' dir='ltr'><strong>adoratio,</strong></span> <span class='ocrx_word' id='word_1_487' title='bbox 1083 5757 1293 5826; x_wconf 57' lang='lat' dir='ltr'><strong>m2}?</strong></span> <span class='ocrx_word' id='word_1_488' title='bbox 1317 5757 1661 5845; x_wconf 47' lang='lat' dir='ltr'><strong>sénﬂﬂié.‘</strong></span> <span class='ocrx_word' id='word_1_489' title='bbox 1676 5757 1859 5830; x_wconf 51' lang='lat' dir='ltr'><strong>Egilia</strong></span> 
     </span>
    </p>
   </div>
   <div class='ocr_carea' id='block_1_61' title="bbox 265 5823 644 5879">
    <p class='ocr_par' dir='ltr' id='par_1_61' title="bbox 265 5823 644 5879">
     <span class='ocr_line' id='line_1_61' title="bbox 265 5823 644 5879; baseline 0.024 -9"><span class='ocrx_word' id='word_1_490' title='bbox 265 5823 425 5873; x_wconf 75' lang='lat' dir='ltr'><strong>mania</strong></span> <span class='ocrx_word' id='word_1_491' title='bbox 446 5823 644 5879; x_wconf 81' lang='lat' dir='ltr'><strong>desunt.</strong></span> 
     </span>
    </p>
   </div>
   <div class='ocr_carea' id='block_1_62' title="bbox 1957 500 3542 576">
    <p class='ocr_par' dir='ltr' id='par_1_62' title="bbox 1957 500 3542 576">
     <span class='ocr_line' id='line_1_62' title="bbox 1957 500 3542 576; baseline 0.006 -23"><span class='ocrx_word' id='word_1_492' title='bbox 1957 514 2193 570; x_wconf 66' lang='lat' dir='ltr'><strong>pennam,</strong></span> <span class='ocrx_word' id='word_1_493' title='bbox 2225 516 2290 556; x_wconf 92' lang='lat' dir='ltr'><strong>eo</strong></span> <span class='ocrx_word' id='word_1_494' title='bbox 2315 501 2456 572; x_wconf 90' lang='lat' dir='ltr'><strong>quod</strong></span> <span class='ocrx_word' id='word_1_495' title='bbox 2484 515 2590 556; x_wconf 90' lang='lat' dir='ltr'><strong>non</strong></span> <span class='ocrx_word' id='word_1_496' title='bbox 2619 500 2902 559; x_wconf 83' lang='lat' dir='ltr'><strong>habuerint</strong></span> <span class='ocrx_word' id='word_1_497' title='bbox 2945 503 3113 575; x_wconf 87' lang='lat' dir='ltr'><strong>legem</strong></span> <span class='ocrx_word' id='word_1_498' title='bbox 3145 519 3264 576; x_wconf 71' lang='lat' dir='ltr'><strong>quae</strong></span> <span class='ocrx_word' id='word_1_499' title='bbox 3307 504 3542 562; x_wconf 85' lang='lat' dir='ltr'><strong>minare-</strong></span> 
     </span>
    </p>
   </div>
   <div class='ocr_carea' id='block_1_63' title="bbox 1959 591 3536 667">
    <p class='ocr_par' dir='ltr' id='par_1_63' title="bbox 1959 591 3536 667">
     <span class='ocr_line' id='line_1_63' title="bbox 1959 591 3536 667; baseline 0.003 -21"><span class='ocrx_word' id='word_1_500' title='bbox 1959 601 2044 646; x_wconf 90' lang='lat' dir='ltr'><strong>tur</strong></span> <span class='ocrx_word' id='word_1_501' title='bbox 2069 602 2122 647; x_wconf 90' lang='lat' dir='ltr'><strong>et</strong></span> <span class='ocrx_word' id='word_1_502' title='bbox 2167 593 2460 662; x_wconf 90' lang='lat' dir='ltr'><strong>corrigeret</strong></span> <span class='ocrx_word' id='word_1_503' title='bbox 2487 610 2500 647; x_wconf 91' lang='lat'>:</span> <span class='ocrx_word' id='word_1_504' title='bbox 2532 591 2597 647; x_wconf 87' lang='lat' dir='ltr'><strong>Et</strong></span> <span class='ocrx_word' id='word_1_505' title='bbox 2623 595 2922 666; x_wconf 80' lang='lat' dir='ltr'><strong>quicumque</strong></span> <span class='ocrx_word' id='word_1_506' title='bbox 2963 596 3013 649; x_wconf 90' lang='lat' dir='ltr'><strong>in</strong></span> <span class='ocrx_word' id='word_1_507' title='bbox 3044 595 3150 667; x_wconf 86' lang='lat' dir='ltr'><strong>lege</strong></span> <span class='ocrx_word' id='word_1_508' title='bbox 3188 612 3536 667; x_wconf 71' lang='lat' dir='ltr'><strong>peccaverunt,</strong></span> 
     </span>
    </p>
   </div>
   <div class='ocr_carea' id='block_1_64' title="bbox 1958 685 3539 763">
    <p class='ocr_par' dir='ltr' id='par_1_64' title="bbox 1958 685 3539 763">
     <span class='ocr_line' id='line_1_64' title="bbox 1958 685 3539 763; baseline 0.006 -27"><span class='ocrx_word' id='word_1_509' title='bbox 1958 700 2047 752; x_wconf 75' lang='lat' dir='ltr'><strong>per</strong></span> <span class='ocrx_word' id='word_1_510' title='bbox 2083 685 2243 754; x_wconf 83' lang='lat' dir='ltr'><strong>legem</strong></span> <span class='ocrx_word' id='word_1_511' title='bbox 2265 701 2462 756; x_wconf 85' lang='lat' dir='ltr'><strong>quoque</strong></span> <span class='ocrx_word' id='word_1_512' title='bbox 2479 685 2868 756; x_wconf 77' lang='lat' dir='ltr'><strong>judicabantur.</strong></span> <span class='ocrx_word' id='word_1_513' title='bbox 2900 687 2962 742; x_wconf 89' lang='lat' dir='ltr'><strong>lli</strong></span> <span class='ocrx_word' id='word_1_514' title='bbox 2995 697 3195 757; x_wconf 88' lang='lat' dir='ltr'><strong>autem,</strong></span> <span class='ocrx_word' id='word_1_515' title='bbox 3233 689 3421 761; x_wconf 86' lang='lat' dir='ltr'><strong>inquit,</strong></span> <span class='ocrx_word' id='word_1_516' title='bbox 3449 692 3539 763; x_wconf 86' lang='lat' dir='ltr'><strong>qui</strong></span> 
     </span>
    </p>
   </div>
   <div class='ocr_carea' id='block_1_65' title="bbox 1957 775 3537 851">
    <p class='ocr_par' dir='ltr' id='par_1_65' title="bbox 1957 775 3537 851">
     <span class='ocr_line' id='line_1_65' title="bbox 1957 775 3537 851; baseline 0.008 -21"><span class='ocrx_word' id='word_1_517' title='bbox 1957 775 2142 831; x_wconf 89' lang='lat' dir='ltr'><strong>eadem</strong></span> <span class='ocrx_word' id='word_1_518' title='bbox 2170 777 2367 832; x_wconf 71' lang='lat' dir='ltr'><strong>iaciunt</strong></span> <span class='ocrx_word' id='word_1_519' title='bbox 2390 793 2510 847; x_wconf 70' lang='lat' dir='ltr'><strong>quae</strong></span> <span class='ocrx_word' id='word_1_520' title='bbox 2533 777 2626 840; x_wconf 88' lang='lat' dir='ltr'><strong>illi,</strong></span> <span class='ocrx_word' id='word_1_521' title='bbox 2644 786 2699 832; x_wconf 90' lang='lat' dir='ltr'><strong>et</strong></span> <span class='ocrx_word' id='word_1_522' title='bbox 2726 777 2856 848; x_wconf 84' lang='lat' dir='ltr'><strong>legis</strong></span> <span class='ocrx_word' id='word_1_523' title='bbox 2877 779 3255 836; x_wconf 87' lang='lat' dir='ltr'><strong>adminiculum</strong></span> <span class='ocrx_word' id='word_1_524' title='bbox 3281 784 3537 851; x_wconf 82' lang='lat' dir='ltr'><strong>habuere,</strong></span> 
     </span>
    </p>
   </div>
   <div class='ocr_carea' id='block_1_66' title="bbox 1956 871 3541 941">
    <p class='ocr_par' dir='ltr' id='par_1_66' title="bbox 1956 871 3541 941">
     <span class='ocr_line' id='line_1_66' title="bbox 1956 871 3541 941; baseline 0.006 -17"><span class='ocrx_word' id='word_1_525' title='bbox 1956 871 2225 941; x_wconf 89' lang='lat' dir='ltr'><strong>graviores</strong></span> <span class='ocrx_word' id='word_1_526' title='bbox 2251 879 2308 925; x_wconf 83' lang='lat' dir='ltr'><strong>et</strong></span> <span class='ocrx_word' id='word_1_527' title='bbox 2333 871 2779 927; x_wconf 84' lang='lat' dir='ltr'><strong>intolerabiliores</strong></span> <span class='ocrx_word' id='word_1_528' title='bbox 2803 873 3137 928; x_wconf 89' lang='lat' dir='ltr'><strong>sustinebunt</strong></span> <span class='ocrx_word' id='word_1_529' title='bbox 3160 876 3446 933; x_wconf 90' lang='lat' dir='ltr'><strong>cruciatus.</strong></span> <span class='ocrx_word' id='word_1_530' title='bbox 3471 877 3541 934; x_wconf 77' lang='lat' dir='ltr'><strong>Et</strong></span> 
     </span>
    </p>
   </div>
   <div class='ocr_carea' id='block_1_67' title="bbox 1959 963 3541 1037">
    <p class='ocr_par' dir='ltr' id='par_1_67' title="bbox 1959 963 3541 1037">
     <span class='ocr_line' id='line_1_67' title="bbox 1959 963 3541 1037; baseline 0.005 -19"><span class='ocrx_word' id='word_1_531' title='bbox 1959 963 2154 1018; x_wconf 47' lang='lat' dir='ltr'><strong>merito.</strong></span> <span class='ocrx_word' id='word_1_532' title='bbox 2179 980 2195 1019; x_wconf 89' lang='lat'><strong>:</strong></span> <span class='ocrx_word' id='word_1_533' title='bbox 2226 964 2348 1034; x_wconf 83' lang='lat' dir='ltr'><strong>quia</strong></span> <span class='ocrx_word' id='word_1_534' title='bbox 2381 979 2567 1035; x_wconf 75' lang='lat' dir='ltr'><strong>neque.</strong></span> <span class='ocrx_word' id='word_1_535' title='bbox 2606 964 2714 1032; x_wconf 83' lang='lat' dir='ltr'><strong>lex,</strong></span> <span class='ocrx_word' id='word_1_536' title='bbox 2747 981 2921 1036; x_wconf 89' lang='lat' dir='ltr'><strong>neque</strong></span> <span class='ocrx_word' id='word_1_537' title='bbox 2949 967 3088 1037; x_wconf 91' lang='lat' dir='ltr'><strong>quod</strong></span> <span class='ocrx_word' id='word_1_538' title='bbox 3117 968 3250 1023; x_wconf 84' lang='lat' dir='ltr'><strong>alios</strong></span> <span class='ocrx_word' id='word_1_539' title='bbox 3279 977 3356 1025; x_wconf 76' lang='lat' dir='ltr'><strong>tot</strong></span> <span class='ocrx_word' id='word_1_540' title='bbox 3383 972 3541 1027; x_wconf 86' lang='lat' dir='ltr'><strong>malis</strong></span> 
     </span>
    </p>
   </div>
   <div class='ocr_carea' id='block_1_68' title="bbox 1956 1054 3540 1126">
    <p class='ocr_par' dir='ltr' id='par_1_68' title="bbox 1956 1054 3540 1126">
     <span class='ocr_line' id='line_1_68' title="bbox 1956 1054 3540 1126; baseline 0.006 -16"><span class='ocrx_word' id='word_1_541' title='bbox 1956 1054 2196 1126; x_wconf 74' lang='lat' dir='ltr'><strong>obiectos</strong></span> <span class='ocrx_word' id='word_1_542' title='bbox 2225 1056 2476 1124; x_wconf 84' lang='lat' dir='ltr'><strong>viderint,</strong></span> <span class='ocrx_word' id='word_1_543' title='bbox 2502 1057 2853 1114; x_wconf 82' lang='lat' dir='ltr'><strong>modestiores</strong></span> <span class='ocrx_word' id='word_1_544' title='bbox 2873 1067 2929 1114; x_wconf 91' lang='lat' dir='ltr'><strong>et</strong></span> <span class='ocrx_word' id='word_1_545' title='bbox 2965 1060 3211 1116; x_wconf 89' lang='lat' dir='ltr'><strong>meliores</strong></span> <span class='ocrx_word' id='word_1_546' title='bbox 3233 1076 3328 1117; x_wconf 90' lang='lat' dir='ltr'><strong>eos</strong></span> <span class='ocrx_word' id='word_1_547' title='bbox 3355 1063 3540 1119; x_wconf 83' lang='lat' dir='ltr'><strong>reddi-</strong></span> 
     </span>
    </p>
   </div>
   <div class='ocr_carea' id='block_1_69' title="bbox 1957 1148 3537 1218">
    <p class='ocr_par' dir='ltr' id='par_1_69' title="bbox 1957 1148 3537 1218">
     <span class='ocr_line' id='line_1_69' title="bbox 1957 1148 3537 1218; baseline 0.004 -14"><span class='ocrx_word' id='word_1_548' title='bbox 1957 1148 2114 1204; x_wconf 88' lang='lat' dir='ltr'><strong>derit.</strong></span> <span class='ocrx_word' id='word_1_549' title='bbox 2148 1149 2405 1218; x_wconf 87' lang='lat' dir='ltr'><strong>Quoeirca</strong></span> <span class='ocrx_word' id='word_1_550' title='bbox 2430 1149 2683 1218; x_wconf 81' lang='lat' dir='ltr'><strong>obsecro,</strong></span> <span class='ocrx_word' id='word_1_551' title='bbox 2718 1159 2777 1205; x_wconf 91' lang='lat' dir='ltr'><strong>ut</strong></span> <span class='ocrx_word' id='word_1_552' title='bbox 2801 1151 2885 1206; x_wconf 87' lang='lat' dir='ltr'><strong>vel</strong></span> <span class='ocrx_word' id='word_1_553' title='bbox 2911 1151 3100 1207; x_wconf 82' lang='lat' dir='ltr'><strong>saltem</strong></span> <span class='ocrx_word' id='word_1_554' title='bbox 3131 1169 3270 1209; x_wconf 91' lang='lat' dir='ltr'><strong>nunc</strong></span> <span class='ocrx_word' id='word_1_555' title='bbox 3309 1154 3537 1210; x_wconf 91' lang='lat' dir='ltr'><strong>aliorum</strong></span> 
     </span>
    </p>
   </div>
   <div class='ocr_carea' id='block_1_70' title="bbox 1957 1242 3541 1312">
    <p class='ocr_par' dir='ltr' id='par_1_70' title="bbox 1957 1242 3541 1312">
     <span class='ocr_line' id='line_1_70' title="bbox 1957 1242 3541 1312; baseline 0.006 -17"><span class='ocrx_word' id='word_1_556' title='bbox 1957 1242 2383 1312; x_wconf 88' lang='lat' dir='ltr'><strong>correptionibus</strong></span> <span class='ocrx_word' id='word_1_557' title='bbox 2431 1243 2676 1312; x_wconf 90' lang='lat' dir='ltr'><strong>nosipsos</strong></span> <span class='ocrx_word' id='word_1_558' title='bbox 2715 1244 3100 1310; x_wconf 89' lang='lat' dir='ltr'><strong>emendemus,</strong></span> <span class='ocrx_word' id='word_1_559' title='bbox 3142 1255 3198 1301; x_wconf 91' lang='lat' dir='ltr'><strong>et</strong></span> <span class='ocrx_word' id='word_1_560' title='bbox 3233 1247 3394 1302; x_wconf 88' lang='lat' dir='ltr'><strong>vitam</strong></span> <span class='ocrx_word' id='word_1_561' title='bbox 3441 1263 3541 1304; x_wconf 80' lang='lat' dir='ltr'><strong>no-</strong></span> 
     </span>
    </p>
   </div>
   <div class='ocr_carea' id='block_1_71' title="bbox 1954 1336 3540 1407">
    <p class='ocr_par' dir='ltr' id='par_1_71' title="bbox 1954 1336 3540 1407">
     <span class='ocr_line' id='line_1_71' title="bbox 1954 1336 3540 1407; baseline 0.005 -19"><span class='ocrx_word' id='word_1_562' title='bbox 1954 1341 2119 1388; x_wconf 88' lang='lat' dir='ltr'><strong>stram</strong></span> <span class='ocrx_word' id='word_1_563' title='bbox 2149 1348 2478 1404; x_wconf 81' lang='lat' dir='ltr'><strong>corrigamus</strong></span> <span class='ocrx_word' id='word_1_564' title='bbox 2515 1336 2582 1390; x_wconf 93' lang='lat' dir='ltr'><strong>ad</strong></span> <span class='ocrx_word' id='word_1_565' title='bbox 2612 1336 2820 1391; x_wconf 89' lang='lat' dir='ltr'><strong>Domini</strong></span> <span class='ocrx_word' id='word_1_566' title='bbox 2850 1338 3247 1407; x_wconf 77' lang='lat' dir='ltr'><strong>obedientiam,</strong></span> <span class='ocrx_word' id='word_1_567' title='bbox 3275 1341 3414 1396; x_wconf 87' lang='lat' dir='ltr'><strong>illius</strong></span> <span class='ocrx_word' id='word_1_568' title='bbox 3442 1341 3540 1396; x_wconf 87' lang='lat' dir='ltr'><strong>ob-</strong></span> 
     </span>
    </p>
   </div>
   <div class='ocr_carea' id='block_1_72' title="bbox 1957 1427 3536 1502">
    <p class='ocr_par' dir='ltr' id='par_1_72' title="bbox 1957 1427 3536 1502">
     <span class='ocr_line' id='line_1_72' title="bbox 1957 1427 3536 1502; baseline 0.004 -22"><span class='ocrx_word' id='word_1_569' title='bbox 1957 1434 2316 1495; x_wconf 88' lang='lat' dir='ltr'><strong>temperantes</strong></span> <span class='ocrx_word' id='word_1_570' title='bbox 2363 1427 2569 1498; x_wconf 90' lang='lat' dir='ltr'><strong>legibus</strong></span> <span class='ocrx_word' id='word_1_571' title='bbox 2599 1445 2612 1480; x_wconf 89' lang='lat'><strong>:</strong></span> <span class='ocrx_word' id='word_1_572' title='bbox 2644 1436 2700 1482; x_wconf 93' lang='lat' dir='ltr'><strong>ut</strong></span> <span class='ocrx_word' id='word_1_573' title='bbox 2733 1444 2907 1499; x_wconf 89' lang='lat' dir='ltr'><strong>neque</strong></span> <span class='ocrx_word' id='word_1_574' title='bbox 2937 1430 3094 1498; x_wconf 87' lang='lat' dir='ltr'><strong>livor,</strong></span> <span class='ocrx_word' id='word_1_575' title='bbox 3118 1447 3292 1502; x_wconf 84' lang='lat' dir='ltr'><strong>neque</strong></span> <span class='ocrx_word' id='word_1_576' title='bbox 3317 1431 3536 1500; x_wconf 88' lang='lat' dir='ltr'><strong>invidia,</strong></span> 
     </span>
    </p>
   </div>
   <div class='ocr_carea' id='block_1_73' title="bbox 1956 1519 3540 1594">
    <p class='ocr_par' dir='ltr' id='par_1_73' title="bbox 1956 1519 3540 1594">
     <span class='ocr_line' id='line_1_73' title="bbox 1956 1519 3540 1594; baseline 0.004 -22"><span class='ocrx_word' id='word_1_577' title='bbox 1956 1533 2131 1587; x_wconf 88' lang='lat' dir='ltr'><strong>neque</strong></span> <span class='ocrx_word' id='word_1_578' title='bbox 2171 1519 2464 1589; x_wconf 88' lang='lat' dir='ltr'><strong>corporalis</strong></span> <span class='ocrx_word' id='word_1_579' title='bbox 2489 1533 2662 1586; x_wconf 91' lang='lat' dir='ltr'><strong>amor,</strong></span> <span class='ocrx_word' id='word_1_580' title='bbox 2699 1536 2872 1591; x_wconf 91' lang='lat' dir='ltr'><strong>neque</strong></span> <span class='ocrx_word' id='word_1_581' title='bbox 2912 1521 3070 1592; x_wconf 79' lang='lat' dir='ltr'><strong>hujus</strong></span> <span class='ocrx_word' id='word_1_582' title='bbox 3113 1523 3235 1578; x_wconf 76' lang='lat' dir='ltr'><strong>vita:</strong></span> <span class='ocrx_word' id='word_1_583' title='bbox 3272 1523 3440 1594; x_wconf 89' lang='lat' dir='ltr'><strong>gloria</strong></span> <span class='ocrx_word' id='word_1_584' title='bbox 3485 1534 3540 1579; x_wconf 92' lang='lat' dir='ltr'><strong>et</strong></span> 
     </span>
    </p>
   </div>
   <div class='ocr_carea' id='block_1_74' title="bbox 1957 1611 3538 1686">
    <p class='ocr_par' dir='ltr' id='par_1_74' title="bbox 1957 1611 3538 1686">
     <span class='ocr_line' id='line_1_74' title="bbox 1957 1611 3538 1686; baseline 0.004 -22"><span class='ocrx_word' id='word_1_585' title='bbox 1957 1611 2216 1680; x_wconf 89' lang='lat' dir='ltr'><strong>potentia,</strong></span> <span class='ocrx_word' id='word_1_586' title='bbox 2247 1626 2418 1682; x_wconf 90' lang='lat' dir='ltr'><strong>neque</strong></span> <span class='ocrx_word' id='word_1_587' title='bbox 2446 1611 2649 1666; x_wconf 90' lang='lat' dir='ltr'><strong>ventris</strong></span> <span class='ocrx_word' id='word_1_588' title='bbox 2671 1613 2938 1682; x_wconf 87' lang='lat' dir='ltr'><strong>voluptas,</strong></span> <span class='ocrx_word' id='word_1_589' title='bbox 2963 1629 3134 1684; x_wconf 90' lang='lat' dir='ltr'><strong>neque</strong></span> <span class='ocrx_word' id='word_1_590' title='bbox 3162 1615 3264 1670; x_wconf 88' lang='lat' dir='ltr'><strong>alia</strong></span> <span class='ocrx_word' id='word_1_591' title='bbox 3292 1615 3538 1686; x_wconf 72' lang='lat' dir='ltr'><strong>quaedam</strong></span> 
     </span>
    </p>
   </div>
   <div class='ocr_carea' id='block_1_75' title="bbox 1955 1702 3540 1775">
    <p class='ocr_par' dir='ltr' id='par_1_75' title="bbox 1955 1702 3540 1775">
     <span class='ocr_line' id='line_1_75' title="bbox 1955 1702 3540 1775; baseline 0.004 -19"><span class='ocrx_word' id='word_1_592' title='bbox 1955 1702 2186 1758; x_wconf 90' lang='lat' dir='ltr'><strong>absurda</strong></span> <span class='ocrx_word' id='word_1_593' title='bbox 2215 1704 2648 1775; x_wconf 90' lang='lat' dir='ltr'><strong>concupiscentia</strong></span> <span class='ocrx_word' id='word_1_594' title='bbox 2677 1704 2987 1761; x_wconf 78' lang='lat' dir='ltr'><strong>dominetur</strong></span> <span class='ocrx_word' id='word_1_595' title='bbox 3030 1706 3225 1762; x_wconf 76' lang='lat' dir='ltr'><strong>anima:</strong></span> <span class='ocrx_word' id='word_1_596' title='bbox 3265 1716 3325 1762; x_wconf 88' lang='lat' dir='ltr'><strong>et</strong></span> <span class='ocrx_word' id='word_1_597' title='bbox 3348 1708 3540 1763; x_wconf 89' lang='lat' dir='ltr'><strong>rationi</strong></span> 
     </span>
    </p>
   </div>
   <div class='ocr_carea' id='block_1_76' title="bbox 1957 1793 3542 1869">
    <p class='ocr_par' dir='ltr' id='par_1_76' title="bbox 1957 1793 3542 1869">
     <span class='ocr_line' id='line_1_76' title="bbox 1957 1793 3542 1869; baseline 0.004 -22"><span class='ocrx_word' id='word_1_598' title='bbox 1957 1803 2156 1849; x_wconf 77' lang='lat' dir='ltr'><strong>nostra:</strong></span> <span class='ocrx_word' id='word_1_599' title='bbox 2204 1811 2219 1848; x_wconf 90' lang='lat'><strong>:</strong></span> <span class='ocrx_word' id='word_1_600' title='bbox 2251 1793 2345 1849; x_wconf 91' lang='lat' dir='ltr'><strong>sed</strong></span> <span class='ocrx_word' id='word_1_601' title='bbox 2373 1795 2650 1866; x_wconf 76' lang='lat' dir='ltr'><strong>expurgati</strong></span> <span class='ocrx_word' id='word_1_602' title='bbox 2690 1795 2758 1852; x_wconf 90' lang='lat' dir='ltr'><strong>ab</strong></span> <span class='ocrx_word' id='word_1_603' title='bbox 2783 1796 2929 1851; x_wconf 90' lang='lat' dir='ltr'><strong>omni</strong></span> <span class='ocrx_word' id='word_1_604' title='bbox 2953 1811 3130 1862; x_wconf 71' lang='lat' dir='ltr'><strong>emno,</strong></span> <span class='ocrx_word' id='word_1_605' title='bbox 3161 1798 3542 1869; x_wconf 82' lang='lat' dir='ltr'><strong>voluptateque</strong></span> 
     </span>
    </p>
   </div>
   <div class='ocr_carea' id='block_1_77' title="bbox 1959 1885 3542 1954">
    <p class='ocr_par' dir='ltr' id='par_1_77' title="bbox 1959 1885 3542 1954">
     <span class='ocr_line' id='line_1_77' title="bbox 1959 1885 3542 1954; baseline 0.004 -16"><span class='ocrx_word' id='word_1_606' title='bbox 1959 1885 2265 1954; x_wconf 88' lang='lat' dir='ltr'><strong>temporali,</strong></span> <span class='ocrx_word' id='word_1_607' title='bbox 2285 1896 2335 1940; x_wconf 92' lang='lat' dir='ltr'><strong>et</strong></span> <span class='ocrx_word' id='word_1_608' title='bbox 2354 1886 2473 1940; x_wconf 91' lang='lat' dir='ltr'><strong>vale</strong></span> <span class='ocrx_word' id='word_1_609' title='bbox 2493 1885 2639 1941; x_wconf 92' lang='lat' dir='ltr'><strong>dicto</strong></span> <span class='ocrx_word' id='word_1_610' title='bbox 2655 1887 2904 1942; x_wconf 91' lang='lat' dir='ltr'><strong>omnibus</strong></span> <span class='ocrx_word' id='word_1_611' title='bbox 2933 1886 3240 1943; x_wconf 74' lang='lat' dir='ltr'><strong>fmdissimis</strong></span> <span class='ocrx_word' id='word_1_612' title='bbox 3269 1889 3542 1946; x_wconf 82' lang='lat' dir='ltr'><strong>absurdis-</strong></span> 
     </span>
    </p>
   </div>
   <div class='ocr_carea' id='block_1_78' title="bbox 1957 1979 3544 2049">
    <p class='ocr_par' dir='ltr' id='par_1_78' title="bbox 1957 1979 3544 2049">
     <span class='ocr_line' id='line_1_78' title="bbox 1957 1979 3544 2049; baseline 0.004 -18"><span class='ocrx_word' id='word_1_613' title='bbox 1957 1979 2214 2049; x_wconf 90' lang='lat' dir='ltr'><strong>simisque</strong></span> <span class='ocrx_word' id='word_1_614' title='bbox 2260 1979 2655 2048; x_wconf 81' lang='lat' dir='ltr'><strong>affectionibus,</strong></span> <span class='ocrx_word' id='word_1_615' title='bbox 2707 1979 2774 2036; x_wconf 91' lang='lat' dir='ltr'><strong>ad</strong></span> <span class='ocrx_word' id='word_1_616' title='bbox 2819 1981 3030 2037; x_wconf 83' lang='lat' dir='ltr'><strong>beatam</strong></span> <span class='ocrx_word' id='word_1_617' title='bbox 3074 1981 3215 2037; x_wconf 91' lang='lat' dir='ltr'><strong>illam</strong></span> <span class='ocrx_word' id='word_1_618' title='bbox 3256 1981 3440 2047; x_wconf 80' lang='lat' dir='ltr'><strong>vitam,</strong></span> <span class='ocrx_word' id='word_1_619' title='bbox 3488 1991 3544 2038; x_wconf 82' lang='lat' dir='ltr'><strong>et</strong></span> 
     </span>
    </p>
   </div>
   <div class='ocr_carea' id='block_1_79' title="bbox 1958 2070 3543 2144">
    <p class='ocr_par' dir='ltr' id='par_1_79' title="bbox 1958 2070 3543 2144">
     <span class='ocr_line' id='line_1_79' title="bbox 1958 2070 3543 2144; baseline 0.004 -20"><span class='ocrx_word' id='word_1_620' title='bbox 1958 2070 2242 2126; x_wconf 78' lang='lat' dir='ltr'><strong>ineffabilia</strong></span> <span class='ocrx_word' id='word_1_621' title='bbox 2294 2071 2384 2127; x_wconf 90' lang='lat' dir='ltr'><strong>illa</strong></span> <span class='ocrx_word' id='word_1_622' title='bbox 2431 2071 2591 2140; x_wconf 89' lang='lat' dir='ltr'><strong>bona,</strong></span> <span class='ocrx_word' id='word_1_623' title='bbox 2627 2088 2747 2144; x_wconf 77' lang='lat' dir='ltr'><strong>qua:</strong></span> <span class='ocrx_word' id='word_1_624' title='bbox 2786 2073 2927 2128; x_wconf 89' lang='lat' dir='ltr'><strong>Deus</strong></span> <span class='ocrx_word' id='word_1_625' title='bbox 2951 2087 3012 2128; x_wconf 88' lang='lat' dir='ltr'><strong>se</strong></span> <span class='ocrx_word' id='word_1_626' title='bbox 3039 2072 3381 2144; x_wconf 83' lang='lat' dir='ltr'><strong>diligentibus</strong></span> <span class='ocrx_word' id='word_1_627' title='bbox 3405 2089 3543 2144; x_wconf 79' lang='lat' dir='ltr'><strong>pra:-</strong></span> 
     </span>
    </p>
   </div>
   <div class='ocr_carea' id='block_1_80' title="bbox 1959 2163 3542 2236">
    <p class='ocr_par' dir='ltr' id='par_1_80' title="bbox 1959 2163 3542 2236">
     <span class='ocr_line' id='line_1_80' title="bbox 1959 2163 3542 2236; baseline 0.003 -21"><span class='ocrx_word' id='word_1_628' title='bbox 1959 2163 2184 2233; x_wconf 88' lang='lat' dir='ltr'><strong>paravit,</strong></span> <span class='ocrx_word' id='word_1_629' title='bbox 2230 2163 2544 2220; x_wconf 85' lang='lat' dir='ltr'><strong>festinemus</strong></span> <span class='ocrx_word' id='word_1_630' title='bbox 2583 2181 2598 2219; x_wconf 91' lang='lat'>:</span> <span class='ocrx_word' id='word_1_631' title='bbox 2649 2180 2768 2236; x_wconf 63' lang='lat' dir='ltr'><strong>quae</strong></span> <span class='ocrx_word' id='word_1_632' title='bbox 2792 2165 3042 2221; x_wconf 87' lang='lat' dir='ltr'><strong>omnibus</strong></span> <span class='ocrx_word' id='word_1_633' title='bbox 3065 2165 3222 2222; x_wconf 86' lang='lat' dir='ltr'><strong>nobis</strong></span> <span class='ocrx_word' id='word_1_634' title='bbox 3253 2166 3542 2222; x_wconf 80' lang='lat' dir='ltr'><strong>concedan-</strong></span> 
     </span>
    </p>
   </div>
   <div class='ocr_carea' id='block_1_81' title="bbox 1959 2256 3542 2328">
    <p class='ocr_par' dir='ltr' id='par_1_81' title="bbox 1959 2256 3542 2328">
     <span class='ocr_line' id='line_1_81' title="bbox 1959 2256 3542 2328; baseline 0.004 -20"><span class='ocrx_word' id='word_1_635' title='bbox 1959 2265 2064 2320; x_wconf 92' lang='lat' dir='ltr'><strong>tur,</strong></span> <span class='ocrx_word' id='word_1_636' title='bbox 2090 2256 2258 2327; x_wconf 89' lang='lat' dir='ltr'><strong>gratia</strong></span> <span class='ocrx_word' id='word_1_637' title='bbox 2283 2265 2338 2310; x_wconf 95' lang='lat' dir='ltr'><strong>et</strong></span> <span class='ocrx_word' id='word_1_638' title='bbox 2357 2256 2678 2328; x_wconf 88' lang='lat' dir='ltr'><strong>benignitate</strong></span> <span class='ocrx_word' id='word_1_639' title='bbox 2707 2258 2916 2313; x_wconf 90' lang='lat' dir='ltr'><strong>Domini</strong></span> <span class='ocrx_word' id='word_1_640' title='bbox 2953 2258 3121 2314; x_wconf 92' lang='lat' dir='ltr'><strong>nostri</strong></span> <span class='ocrx_word' id='word_1_641' title='bbox 3146 2257 3274 2314; x_wconf 77' lang='lat' dir='ltr'><strong>Jcsu</strong></span> <span class='ocrx_word' id='word_1_642' title='bbox 3320 2256 3542 2326; x_wconf 88' lang='lat' dir='ltr'><strong>Christi,</strong></span> 
     </span>
    </p>
   </div>
   <div class='ocr_carea' id='block_1_82' title="bbox 1957 2347 3542 2422">
    <p class='ocr_par' dir='ltr' id='par_1_82' title="bbox 1957 2347 3542 2422">
     <span class='ocr_line' id='line_1_82' title="bbox 1957 2347 3542 2422; baseline 0.004 -22"><span class='ocrx_word' id='word_1_643' title='bbox 1957 2362 2211 2418; x_wconf 87' lang='lat' dir='ltr'><strong>cumquo</strong></span> <span class='ocrx_word' id='word_1_644' title='bbox 2255 2347 2417 2416; x_wconf 84' lang='lat' dir='ltr'><strong>Patri,</strong></span> <span class='ocrx_word' id='word_1_645' title='bbox 2465 2349 2625 2404; x_wconf 89' lang='lat' dir='ltr'><strong>simul</strong></span> <span class='ocrx_word' id='word_1_646' title='bbox 2663 2359 2719 2404; x_wconf 89' lang='lat' dir='ltr'><strong>et</strong></span> <span class='ocrx_word' id='word_1_647' title='bbox 2761 2349 2982 2419; x_wconf 88' lang='lat' dir='ltr'><strong>Spiritui</strong></span> <span class='ocrx_word' id='word_1_648' title='bbox 3020 2359 3206 2405; x_wconf 88' lang='lat' dir='ltr'><strong>sancto</strong></span> <span class='ocrx_word' id='word_1_649' title='bbox 3255 2350 3326 2406; x_wconf 89' lang='lat' dir='ltr'><strong>sit</strong></span> <span class='ocrx_word' id='word_1_650' title='bbox 3353 2351 3542 2422; x_wconf 89' lang='lat' dir='ltr'><strong>gloria,</strong></span> 
     </span>
    </p>
   </div>
   <div class='ocr_carea' id='block_1_83' title="bbox 1959 2438 3530 2512">
    <p class='ocr_par' dir='ltr' id='par_1_83' title="bbox 1959 2438 3530 2512">
     <span class='ocr_line' id='line_1_83' title="bbox 1959 2438 3530 2512; baseline 0.004 -21"><span class='ocrx_word' id='word_1_651' title='bbox 1959 2438 2262 2508; x_wconf 85' lang='lat' dir='ltr'><strong>imperium,</strong></span> <span class='ocrx_word' id='word_1_652' title='bbox 2296 2439 2484 2507; x_wconf 91' lang='lat' dir='ltr'><strong>honor,</strong></span> <span class='ocrx_word' id='word_1_653' title='bbox 2514 2456 2654 2495; x_wconf 91' lang='lat' dir='ltr'><strong>nunc</strong></span> <span class='ocrx_word' id='word_1_654' title='bbox 2682 2449 2738 2496; x_wconf 86' lang='lat' dir='ltr'><strong>et</strong></span> <span class='ocrx_word' id='word_1_655' title='bbox 2761 2455 2992 2512; x_wconf 90' lang='lat' dir='ltr'><strong>semper,</strong></span> <span class='ocrx_word' id='word_1_656' title='bbox 3022 2450 3078 2497; x_wconf 91' lang='lat' dir='ltr'><strong>et</strong></span> <span class='ocrx_word' id='word_1_657' title='bbox 3106 2441 3158 2496; x_wconf 90' lang='lat' dir='ltr'><strong>in</strong></span> <span class='ocrx_word' id='word_1_658' title='bbox 3195 2442 3386 2497; x_wconf 67' lang='lat' dir='ltr'><strong>saecula</strong></span> <span class='ocrx_word' id='word_1_659' title='bbox 3421 2456 3530 2498; x_wconf 68' lang='grc' dir='ltr'><strong>επε-</strong></span> 
     </span>
    </p>
   </div>
   <div class='ocr_carea' id='block_1_84' title="bbox 1957 2531 2440 2587">
    <p class='ocr_par' dir='ltr' id='par_1_84' title="bbox 1957 2531 2440 2587">
     <span class='ocr_line' id='line_1_84' title="bbox 1957 2531 2440 2587; baseline 0.004 -3"><span class='ocrx_word' id='word_1_660' title='bbox 1957 2531 2221 2585; x_wconf 91' lang='lat' dir='ltr'><strong>culorum.</strong></span> <span class='ocrx_word' id='word_1_661' title='bbox 2249 2534 2440 2587; x_wconf 76' lang='lat' dir='ltr'><strong>Amen.</strong></span> 
     </span>
    </p>
   </div>
   <div class='ocr_carea' id='block_1_85' title="bbox 2468 2645 3024 2720">
    <p class='ocr_par' dir='ltr' id='par_1_85' title="bbox 2468 2645 3024 2720">
     <span class='ocr_line' id='line_1_85' title="bbox 2468 2645 3024 2720; baseline 0.002 -19"><span class='ocrx_word' id='word_1_662' title='bbox 2468 2645 2749 2702; x_wconf 74' lang='lat' dir='ltr'><strong>llOltllLlA</strong></span> <span class='ocrx_word' id='word_1_663' title='bbox 2797 2645 2896 2702; x_wconf 83' lang='lat' dir='ltr'><strong>xx</strong></span> <span class='ocrx_word' id='word_1_664' title='bbox 2927 2645 3024 2720; x_wconf 83' lang='grc' dir='ltr'><strong>(α).</strong></span> 
     </span>
    </p>
   </div>
   <div class='ocr_carea' id='block_1_86' title="bbox 1962 2757 3544 2832">
    <p class='ocr_par' dir='ltr' id='par_1_86' title="bbox 1962 2757 3544 2832">
     <span class='ocr_line' id='line_1_86' title="bbox 1962 2757 3544 2832; baseline 0.005 -21"><span class='ocrx_word' id='word_1_665' title='bbox 1962 2757 2209 2831; x_wconf 74' lang='lat' dir='ltr'><strong>Egressus</strong></span> <span class='ocrx_word' id='word_1_666' title='bbox 2229 2769 2298 2814; x_wconf 84' lang='lat' dir='ltr'><strong>est</strong></span> <span class='ocrx_word' id='word_1_667' title='bbox 2324 2769 2493 2814; x_wconf 86' lang='lat' dir='ltr'><strong>autem</strong></span> <span class='ocrx_word' id='word_1_668' title='bbox 2514 2759 2641 2815; x_wconf 80' lang='lat' dir='ltr'><strong>Cain</strong></span> <span class='ocrx_word' id='word_1_669' title='bbox 2668 2777 2700 2814; x_wconf 92' lang='lat' dir='ltr'><strong>a</strong></span> <span class='ocrx_word' id='word_1_670' title='bbox 2723 2761 2856 2832; x_wconf 76' lang='lat' dir='ltr'><strong>facie</strong></span> <span class='ocrx_word' id='word_1_671' title='bbox 2878 2760 2991 2829; x_wconf 82' lang='lat' dir='ltr'><strong>Dei,</strong></span> <span class='ocrx_word' id='word_1_672' title='bbox 3020 2771 3068 2816; x_wconf 82' lang='lat' dir='ltr'><strong>et</strong></span> <span class='ocrx_word' id='word_1_673' title='bbox 3083 2762 3388 2818; x_wconf 76' lang='lat' dir='ltr'><strong>habitarilin</strong></span> <span class='ocrx_word' id='word_1_674' title='bbox 3409 2772 3544 2819; x_wconf 83' lang='lat' dir='ltr'><strong>terra</strong></span> 
     </span>
    </p>
   </div>
   <div class='ocr_carea' id='block_1_87' title="bbox 2067 2849 3432 2925">
    <p class='ocr_par' dir='ltr' id='par_1_87' title="bbox 2067 2849 3432 2925">
     <span class='ocr_line' id='line_1_87' title="bbox 2067 2849 3432 2925; baseline 0.004 -21"><span class='ocrx_word' id='word_1_675' title='bbox 2067 2849 2232 2918; x_wconf 75' lang='lat' dir='ltr'><strong>Naid,</strong></span> <span class='ocrx_word' id='word_1_676' title='bbox 2257 2866 2287 2904; x_wconf 80' lang='grc' dir='ltr'><em>ε</em></span> <span class='ocrx_word' id='word_1_677' title='bbox 2305 2851 2506 2922; x_wconf 78' lang='lat' dir='ltr'><strong>regione</strong></span> <span class='ocrx_word' id='word_1_678' title='bbox 2535 2849 2695 2906; x_wconf 77' lang='lat' dir='ltr'><strong>Edent</strong></span> <span class='ocrx_word' id='word_1_679' title='bbox 2727 2850 2879 2922; x_wconf 80' lang='lat' dir='ltr'><strong>(Gen.</strong></span> <span class='ocrx_word' id='word_1_680' title='bbox 2910 2853 2964 2907; x_wconf 72' lang='grc'><strong>4.</strong></span> <span class='ocrx_word' id='word_1_681' title='bbox 2997 2852 3110 2924; x_wconf 84' lang='lat' dir='ltr'><strong>l6),</strong></span> <span class='ocrx_word' id='word_1_682' title='bbox 3133 2863 3187 2909; x_wconf 80' lang='lat' dir='ltr'><strong>et</strong></span> <span class='ocrx_word' id='word_1_683' title='bbox 3209 2854 3432 2925; x_wconf 90' lang='lat' dir='ltr'><strong>reliqua.</strong></span> 
     </span>
    </p>
   </div>
   <div class='ocr_carea' id='block_1_88' title="bbox 2024 2985 3547 3060">
    <p class='ocr_par' dir='ltr' id='par_1_88' title="bbox 2024 2985 3547 3060">
     <span class='ocr_line' id='line_1_88' title="bbox 2024 2985 3547 3060; baseline 0.004 -20"><span class='ocrx_word' id='word_1_684' title='bbox 2024 2987 2075 3040; x_wconf 82' lang='lat' dir='ltr'><strong>l.</strong></span> <span class='ocrx_word' id='word_1_685' title='bbox 2128 2987 2240 3056; x_wconf 87' lang='lat' dir='ltr'><strong>Age</strong></span> <span class='ocrx_word' id='word_1_686' title='bbox 2291 2986 2480 3040; x_wconf 91' lang='lat' dir='ltr'><strong>iterum</strong></span> <span class='ocrx_word' id='word_1_687' title='bbox 2514 2985 2670 3042; x_wconf 90' lang='lat' dir='ltr'><strong>hodie</strong></span> <span class='ocrx_word' id='word_1_688' title='bbox 2709 2986 2760 3040; x_wconf 92' lang='lat' dir='ltr'><strong>in</strong></span> <span class='ocrx_word' id='word_1_689' title='bbox 2800 3001 2990 3042; x_wconf 90' lang='lat' dir='ltr'><strong>manus</strong></span> <span class='ocrx_word' id='word_1_690' title='bbox 3031 2998 3304 3045; x_wconf 89' lang='lat' dir='ltr'><strong>sumentes</strong></span> <span class='ocrx_word' id='word_1_691' title='bbox 3327 3005 3446 3060; x_wconf 65' lang='lat' dir='ltr'><strong>qua:</strong></span> <span class='ocrx_word' id='word_1_692' title='bbox 3491 2991 3547 3046; x_wconf 85' lang='lat' dir='ltr'><strong>in</strong></span> 
     </span>
    </p>
   </div>
   <div class='ocr_carea' id='block_1_89' title="bbox 1962 3079 3546 3152">
    <p class='ocr_par' dir='ltr' id='par_1_89' title="bbox 1962 3079 3546 3152">
     <span class='ocr_line' id='line_1_89' title="bbox 1962 3079 3546 3152; baseline 0.004 -19"><span class='ocrx_word' id='word_1_693' title='bbox 1962 3079 2104 3134; x_wconf 88' lang='lat' dir='ltr'><strong>serie</strong></span> <span class='ocrx_word' id='word_1_694' title='bbox 2133 3079 2268 3134; x_wconf 87' lang='lat' dir='ltr'><strong>lecta</strong></span> <span class='ocrx_word' id='word_1_695' title='bbox 2295 3089 2440 3143; x_wconf 88' lang='lat' dir='ltr'><strong>sunt,</strong></span> <span class='ocrx_word' id='word_1_696' title='bbox 2475 3079 2597 3134; x_wconf 91' lang='lat' dir='ltr'><strong>imlc</strong></span> <span class='ocrx_word' id='word_1_697' title='bbox 2618 3079 2770 3134; x_wconf 89' lang='lat' dir='ltr'><strong>vobis</strong></span> <span class='ocrx_word' id='word_1_698' title='bbox 2795 3079 3091 3136; x_wconf 88' lang='lat' dir='ltr'><strong>doctrinam</strong></span> <span class='ocrx_word' id='word_1_699' title='bbox 3115 3096 3464 3152; x_wconf 83' lang='lat' dir='ltr'><strong>appouauius,</strong></span> <span class='ocrx_word' id='word_1_700' title='bbox 3489 3093 3546 3140; x_wconf 77' lang='lat' dir='ltr'><strong>et</strong></span> 
     </span>
    </p>
   </div>
   <div class='ocr_carea' id='block_1_90' title="bbox 1959 3172 3550 3244">
    <p class='ocr_par' dir='ltr' id='par_1_90' title="bbox 1959 3172 3550 3244">
     <span class='ocr_line' id='line_1_90' title="bbox 1959 3172 3550 3244; baseline 0.002 -16"><span class='ocrx_word' id='word_1_701' title='bbox 1959 3173 2174 3228; x_wconf 88' lang='lat' dir='ltr'><strong>solitum</strong></span> <span class='ocrx_word' id='word_1_702' title='bbox 2214 3188 2282 3228; x_wconf 79' lang='lat' dir='ltr'><strong>ex</strong></span> <span class='ocrx_word' id='word_1_703' title='bbox 2330 3173 2478 3227; x_wconf 86' lang='lat' dir='ltr'><strong>lihris</strong></span> <span class='ocrx_word' id='word_1_704' title='bbox 2508 3173 2647 3228; x_wconf 91' lang='lat' dir='ltr'><strong>beati</strong></span> <span class='ocrx_word' id='word_1_705' title='bbox 2679 3172 2840 3228; x_wconf 76' lang='lat' dir='ltr'><strong>.‘llosis</strong></span> <span class='ocrx_word' id='word_1_706' title='bbox 2867 3174 3189 3244; x_wconf 92' lang='lat' dir='ltr'><strong>colloquium</strong></span> <span class='ocrx_word' id='word_1_707' title='bbox 3234 3173 3550 3242; x_wconf 77' lang='lat' dir='ltr'><strong>habeamus,</strong></span> 
     </span>
    </p>
   </div>
   <div class='ocr_carea' id='block_1_91' title="bbox 1960 3263 3546 3337">
    <p class='ocr_par' dir='ltr' id='par_1_91' title="bbox 1960 3263 3546 3337">
     <span class='ocr_line' id='line_1_91' title="bbox 1960 3263 3546 3337; baseline 0.001 -17"><span class='ocrx_word' id='word_1_708' title='bbox 1960 3266 2071 3322; x_wconf 91' lang='lat' dir='ltr'><strong>imo</strong></span> <span class='ocrx_word' id='word_1_709' title='bbox 2085 3281 2149 3321; x_wconf 82' lang='lat' dir='ltr'><strong>cx</strong></span> <span class='ocrx_word' id='word_1_710' title='bbox 2177 3265 2346 3320; x_wconf 89' lang='lat' dir='ltr'><strong>sancti</strong></span> <span class='ocrx_word' id='word_1_711' title='bbox 2371 3265 2600 3335; x_wconf 86' lang='lat' dir='ltr'><strong>Spiritus</strong></span> <span class='ocrx_word' id='word_1_712' title='bbox 2629 3263 2858 3334; x_wconf 88' lang='lat' dir='ltr'><strong>eloquiis</strong></span> <span class='ocrx_word' id='word_1_713' title='bbox 2883 3281 3001 3336; x_wconf 80' lang='lat' dir='ltr'><strong>qua:</strong></span> <span class='ocrx_word' id='word_1_714' title='bbox 3028 3281 3125 3335; x_wconf 84' lang='lat' dir='ltr'><strong>per</strong></span> <span class='ocrx_word' id='word_1_715' title='bbox 3145 3267 3416 3337; x_wconf 62' lang='lat' dir='ltr'><strong>propheta:</strong></span> <span class='ocrx_word' id='word_1_716' title='bbox 3443 3267 3546 3321; x_wconf 85' lang='lat' dir='ltr'><strong>liii-</strong></span> 
     </span>
    </p>
   </div>
   <div class='ocr_carea' id='block_1_92' title="bbox 1959 3355 3549 3432">
    <p class='ocr_par' dir='ltr' id='par_1_92' title="bbox 1959 3355 3549 3432">
     <span class='ocr_line' id='line_1_92' title="bbox 1959 3355 3549 3432; baseline 0 -18"><span class='ocrx_word' id='word_1_717' title='bbox 1959 3375 2115 3432; x_wconf 88' lang='lat' dir='ltr'><strong>guam</strong></span> <span class='ocrx_word' id='word_1_718' title='bbox 2145 3357 2323 3414; x_wconf 89' lang='lat' dir='ltr'><strong>divina</strong></span> <span class='ocrx_word' id='word_1_719' title='bbox 2359 3358 2526 3429; x_wconf 87' lang='lat' dir='ltr'><strong>gratia</strong></span> <span class='ocrx_word' id='word_1_720' title='bbox 2573 3373 2670 3413; x_wconf 89' lang='lat' dir='ltr'><strong>nos</strong></span> <span class='ocrx_word' id='word_1_721' title='bbox 2701 3357 2904 3412; x_wconf 86' lang='lat' dir='ltr'><strong>docuit.</strong></span> <span class='ocrx_word' id='word_1_722' title='bbox 2933 3355 3040 3413; x_wconf 90' lang='lat' dir='ltr'><strong>Sed</strong></span> <span class='ocrx_word' id='word_1_723' title='bbox 3071 3373 3176 3428; x_wconf 90' lang='lat' dir='ltr'><strong>quo</strong></span> <span class='ocrx_word' id='word_1_724' title='bbox 3220 3359 3549 3414; x_wconf 76' lang='lat' dir='ltr'><strong>manifestior</strong></span> 
     </span>
    </p>
   </div>
   <div class='ocr_carea' id='block_1_93' title="bbox 1961 3449 3548 3520">
    <p class='ocr_par' dir='ltr' id='par_1_93' title="bbox 1961 3449 3548 3520">
     <span class='ocr_line' id='line_1_93' title="bbox 1961 3449 3548 3520; baseline -0.001 -14"><span class='ocrx_word' id='word_1_725' title='bbox 1961 3466 2140 3507; x_wconf 89' lang='lat' dir='ltr'><strong>sermo</strong></span> <span class='ocrx_word' id='word_1_726' title='bbox 2167 3460 2349 3506; x_wconf 87' lang='lat' dir='ltr'><strong>noster</strong></span> <span class='ocrx_word' id='word_1_727' title='bbox 2373 3451 2462 3514; x_wconf 89' lang='lat' dir='ltr'><strong>sit,</strong></span> <span class='ocrx_word' id='word_1_728' title='bbox 2495 3465 2670 3520; x_wconf 64' lang='lat' dir='ltr'><strong>operm</strong></span> <span class='ocrx_word' id='word_1_729' title='bbox 2707 3449 2932 3518; x_wconf 80' lang='lat' dir='ltr'><strong>pretium</strong></span> <span class='ocrx_word' id='word_1_730' title='bbox 2966 3450 3145 3516; x_wconf 88' lang='lat' dir='ltr'><strong>fuerit,</strong></span> <span class='ocrx_word' id='word_1_731' title='bbox 3176 3460 3232 3504; x_wconf 91' lang='lat' dir='ltr'><strong>ut</strong></span> <span class='ocrx_word' id='word_1_732' title='bbox 3263 3451 3314 3504; x_wconf 90' lang='lat' dir='ltr'><strong>in</strong></span> <span class='ocrx_word' id='word_1_733' title='bbox 3344 3466 3548 3504; x_wconf 83' lang='lat' dir='ltr'><strong>memo-</strong></span> 
     </span>
    </p>
   </div>
   <div class='ocr_carea' id='block_1_94' title="bbox 1963 3540 3546 3611">
    <p class='ocr_par' dir='ltr' id='par_1_94' title="bbox 1963 3540 3546 3611">
     <span class='ocr_line' id='line_1_94' title="bbox 1963 3540 3546 3611; baseline 0.001 -14"><span class='ocrx_word' id='word_1_734' title='bbox 1963 3544 2094 3598; x_wconf 88' lang='lat' dir='ltr'><strong>riam</strong></span> <span class='ocrx_word' id='word_1_735' title='bbox 2124 3542 2274 3596; x_wconf 85' lang='lat' dir='ltr'><strong>vobis</strong></span> <span class='ocrx_word' id='word_1_736' title='bbox 2319 3542 2630 3605; x_wconf 86' lang='lat' dir='ltr'><strong>referamus,</strong></span> <span class='ocrx_word' id='word_1_737' title='bbox 2663 3541 2750 3594; x_wconf 92' lang='lat' dir='ltr'><strong>ubi</strong></span> <span class='ocrx_word' id='word_1_738' title='bbox 2772 3540 3070 3595; x_wconf 83' lang='lat' dir='ltr'><strong>doctrinam</strong></span> <span class='ocrx_word' id='word_1_739' title='bbox 3099 3557 3269 3611; x_wconf 83' lang='lat' dir='ltr'><strong>nuper</strong></span> <span class='ocrx_word' id='word_1_740' title='bbox 3297 3542 3546 3598; x_wconf 87' lang='lat' dir='ltr'><strong>absolve-</strong></span> 
     </span>
    </p>
   </div>
   <div class='ocr_carea' id='block_1_95' title="bbox 1963 3631 3554 3702">
    <p class='ocr_par' dir='ltr' id='par_1_95' title="bbox 1963 3631 3554 3702">
     <span class='ocr_line' id='line_1_95' title="bbox 1963 3631 3554 3702; baseline 0.001 -13"><span class='ocrx_word' id='word_1_741' title='bbox 1963 3634 2150 3700; x_wconf 85' lang='lat' dir='ltr'><strong>rimus,</strong></span> <span class='ocrx_word' id='word_1_742' title='bbox 2179 3645 2235 3688; x_wconf 92' lang='lat' dir='ltr'><strong>ut</strong></span> <span class='ocrx_word' id='word_1_743' title='bbox 2255 3632 2441 3688; x_wconf 89' lang='lat' dir='ltr'><strong>eadem</strong></span> <span class='ocrx_word' id='word_1_744' title='bbox 2472 3631 2630 3686; x_wconf 90' lang='lat' dir='ltr'><strong>hodie</strong></span> <span class='ocrx_word' id='word_1_745' title='bbox 2658 3632 2904 3702; x_wconf 76' lang='lat' dir='ltr'><strong>repetita,</strong></span> <span class='ocrx_word' id='word_1_746' title='bbox 2932 3631 2998 3686; x_wconf 88' lang='lat' dir='ltr'><strong>de</strong></span> <span class='ocrx_word' id='word_1_747' title='bbox 3029 3646 3169 3686; x_wconf 89' lang='lat' dir='ltr'><strong>nunc</strong></span> <span class='ocrx_word' id='word_1_748' title='bbox 3193 3633 3344 3688; x_wconf 92' lang='lat' dir='ltr'><strong>lectis</strong></span> <span class='ocrx_word' id='word_1_749' title='bbox 3369 3634 3554 3690; x_wconf 83' lang='lat' dir='ltr'><strong>dicere</strong></span> 
     </span>
    </p>
   </div>
   <div class='ocr_carea' id='block_1_96' title="bbox 1965 3724 3550 3796">
    <p class='ocr_par' dir='ltr' id='par_1_96' title="bbox 1965 3724 3550 3796">
     <span class='ocr_line' id='line_1_96' title="bbox 1965 3724 3550 3796; baseline 0.001 -16"><span class='ocrx_word' id='word_1_750' title='bbox 1965 3725 2299 3796; x_wconf 88' lang='lat' dir='ltr'><strong>incipiamus.</strong></span> <span class='ocrx_word' id='word_1_751' title='bbox 2331 3724 2491 3780; x_wconf 89' lang='lat' dir='ltr'><strong>Scitis</strong></span> <span class='ocrx_word' id='word_1_752' title='bbox 2530 3724 2672 3778; x_wconf 90' lang='lat' dir='ltr'><strong>enim</strong></span> <span class='ocrx_word' id='word_1_753' title='bbox 2719 3738 2819 3776; x_wconf 89' lang='lat' dir='ltr'><strong>nos</strong></span> <span class='ocrx_word' id='word_1_754' title='bbox 2845 3735 3212 3792; x_wconf 80' lang='lat' dir='ltr'><strong>argumentum</strong></span> <span class='ocrx_word' id='word_1_755' title='bbox 3233 3724 3301 3779; x_wconf 88' lang='lat' dir='ltr'><strong>de</strong></span> <span class='ocrx_word' id='word_1_756' title='bbox 3339 3725 3468 3780; x_wconf 84' lang='lat' dir='ltr'><strong>Cain</strong></span> <span class='ocrx_word' id='word_1_757' title='bbox 3494 3736 3550 3781; x_wconf 91' lang='lat' dir='ltr'><strong>ct</strong></span> 
     </span>
    </p>
   </div>
   <div class='ocr_carea' id='block_1_97' title="bbox 1961 3815 3547 3887">
    <p class='ocr_par' dir='ltr' id='par_1_97' title="bbox 1961 3815 3547 3887">
     <span class='ocr_line' id='line_1_97' title="bbox 1961 3815 3547 3887; baseline -0.001 -14"><span class='ocrx_word' id='word_1_758' title='bbox 1961 3819 2093 3873; x_wconf 80' lang='lat' dir='ltr'><strong>Abel</strong></span> <span class='ocrx_word' id='word_1_759' title='bbox 2107 3817 2424 3881; x_wconf 88' lang='lat' dir='ltr'><strong>narravisse,</strong></span> <span class='ocrx_word' id='word_1_760' title='bbox 2439 3815 2782 3871; x_wconf 88' lang='lat' dir='ltr'><strong>ostendentes</strong></span> <span class='ocrx_word' id='word_1_761' title='bbox 2815 3824 3003 3870; x_wconf 77' lang='lat' dir='ltr'><strong>tamex</strong></span> <span class='ocrx_word' id='word_1_762' title='bbox 3035 3816 3379 3887; x_wconf 77' lang='lat' dir='ltr'><strong>iisquzefacta</strong></span> <span class='ocrx_word' id='word_1_763' title='bbox 3400 3829 3547 3882; x_wconf 89' lang='lat' dir='ltr'><strong>sunt,</strong></span> 
     </span>
    </p>
   </div>
   <div class='ocr_carea' id='block_1_98' title="bbox 1961 3906 3565 3980">
    <p class='ocr_par' dir='ltr' id='par_1_98' title="bbox 1961 3906 3565 3980">
     <span class='ocr_line' id='line_1_98' title="bbox 1961 3906 3565 3980; baseline -0.003 -17"><span class='ocrx_word' id='word_1_764' title='bbox 1961 3924 2117 3980; x_wconf 85' lang='lat' dir='ltr'><strong>quam</strong></span> <span class='ocrx_word' id='word_1_765' title='bbox 2131 3925 2195 3963; x_wconf 77' lang='lat' dir='ltr'><strong>ex</strong></span> <span class='ocrx_word' id='word_1_766' title='bbox 2215 3908 2278 3963; x_wconf 78' lang='lat' dir='ltr'><strong>iis</strong></span> <span class='ocrx_word' id='word_1_767' title='bbox 2293 3908 2360 3962; x_wconf 89' lang='lat' dir='ltr'><strong>de</strong></span> <span class='ocrx_word' id='word_1_768' title='bbox 2372 3907 2562 3978; x_wconf 89' lang='lat' dir='ltr'><strong>quibus</strong></span> <span class='ocrx_word' id='word_1_769' title='bbox 2573 3906 2878 3962; x_wconf 88' lang='lat' dir='ltr'><strong>obtulerunt</strong></span> <span class='ocrx_word' id='word_1_770' title='bbox 2895 3907 3117 3961; x_wconf 89' lang='lat' dir='ltr'><strong>Domino</strong></span> <span class='ocrx_word' id='word_1_771' title='bbox 3131 3907 3410 3973; x_wconf 88' lang='lat' dir='ltr'><strong>sacrilicia,</strong></span> <span class='ocrx_word' id='word_1_772' title='bbox 3423 3924 3565 3978; x_wconf 87' lang='lat' dir='ltr'><strong>quo-</strong></span> 
     </span>
    </p>
   </div>
   <div class='ocr_carea' id='block_1_99' title="bbox 1962 3998 3550 4069">
    <p class='ocr_par' dir='ltr' id='par_1_99' title="bbox 1962 3998 3550 4069">
     <span class='ocr_line' id='line_1_99' title="bbox 1962 3998 3550 4069; baseline -0.001 -13"><span class='ocrx_word' id='word_1_773' title='bbox 1962 3999 2123 4056; x_wconf 87' lang='lat' dir='ltr'><strong>modo</strong></span> <span class='ocrx_word' id='word_1_774' title='bbox 2146 3999 2505 4055; x_wconf 88' lang='lat' dir='ltr'><strong>faciendorum</strong></span> <span class='ocrx_word' id='word_1_775' title='bbox 2525 4009 2579 4054; x_wconf 93' lang='lat' dir='ltr'><strong>et</strong></span> <span class='ocrx_word' id='word_1_776' title='bbox 2604 4013 2709 4054; x_wconf 89' lang='lat' dir='ltr'><strong>non</strong></span> <span class='ocrx_word' id='word_1_777' title='bbox 2732 3998 3092 4052; x_wconf 88' lang='lat' dir='ltr'><strong>faciendorum</strong></span> <span class='ocrx_word' id='word_1_778' title='bbox 3122 3999 3322 4069; x_wconf 87' lang='lat' dir='ltr'><strong>agnitio</strong></span> <span class='ocrx_word' id='word_1_779' title='bbox 3345 4009 3550 4055; x_wconf 75' lang='lat' dir='ltr'><strong>natura:</strong></span> 
     </span>
    </p>
   </div>
   <div class='ocr_carea' id='block_1_100' title="bbox 1963 4091 3553 4162">
    <p class='ocr_par' dir='ltr' id='par_1_100' title="bbox 1963 4091 3553 4162">
     <span class='ocr_line' id='line_1_100' title="bbox 1963 4091 3553 4162; baseline 0.001 -13"><span class='ocrx_word' id='word_1_780' title='bbox 1963 4103 2160 4150; x_wconf 72' lang='lat' dir='ltr'><strong>nostra:</strong></span> <span class='ocrx_word' id='word_1_781' title='bbox 2176 4094 2332 4149; x_wconf 89' lang='lat' dir='ltr'><strong>insita</strong></span> <span class='ocrx_word' id='word_1_782' title='bbox 2353 4093 2442 4158; x_wconf 92' lang='lat' dir='ltr'><strong>sit,</strong></span> <span class='ocrx_word' id='word_1_783' title='bbox 2459 4102 2514 4148; x_wconf 92' lang='lat' dir='ltr'><strong>et</strong></span> <span class='ocrx_word' id='word_1_784' title='bbox 2529 4092 2764 4147; x_wconf 91' lang='lat' dir='ltr'><strong>omnium</strong></span> <span class='ocrx_word' id='word_1_785' title='bbox 2785 4091 3038 4162; x_wconf 87' lang='lat' dir='ltr'><strong>Opificem</strong></span> <span class='ocrx_word' id='word_1_786' title='bbox 3055 4106 3153 4147; x_wconf 90' lang='lat' dir='ltr'><strong>nos</strong></span> <span class='ocrx_word' id='word_1_787' title='bbox 3169 4093 3318 4148; x_wconf 90' lang='lat' dir='ltr'><strong>liberi</strong></span> <span class='ocrx_word' id='word_1_788' title='bbox 3344 4093 3553 4151; x_wconf 87' lang='lat' dir='ltr'><strong>arbitrii</strong></span> 
     </span>
    </p>
   </div>
   <div class='ocr_carea' id='block_1_101' title="bbox 1963 4183 3553 4256">
    <p class='ocr_par' dir='ltr' id='par_1_101' title="bbox 1963 4183 3553 4256">
     <span class='ocr_line' id='line_1_101' title="bbox 1963 4183 3553 4256; baseline -0.002 -13"><span class='ocrx_word' id='word_1_789' title='bbox 1963 4187 2176 4255; x_wconf 86' lang='lat' dir='ltr'><strong>fecisse,</strong></span> <span class='ocrx_word' id='word_1_790' title='bbox 2195 4197 2354 4256; x_wconf 90' lang='lat' dir='ltr'><strong>atque</strong></span> <span class='ocrx_word' id='word_1_791' title='bbox 2375 4185 2570 4255; x_wconf 90' lang='lat' dir='ltr'><strong>ubique</strong></span> <span class='ocrx_word' id='word_1_792' title='bbox 2587 4184 2674 4240; x_wconf 92' lang='lat' dir='ltr'><strong>vel</strong></span> <span class='ocrx_word' id='word_1_793' title='bbox 2689 4199 2970 4252; x_wconf 90' lang='lat' dir='ltr'><strong>coronare,</strong></span> <span class='ocrx_word' id='word_1_794' title='bbox 2984 4184 3065 4240; x_wconf 90' lang='lat' dir='ltr'><strong>vel</strong></span> <span class='ocrx_word' id='word_1_795' title='bbox 3087 4183 3448 4241; x_wconf 87' lang='lat' dir='ltr'><strong>condemnare</strong></span> <span class='ocrx_word' id='word_1_796' title='bbox 3465 4200 3553 4240; x_wconf 88' lang='lat' dir='ltr'><strong>se-</strong></span> 
     </span>
    </p>
   </div>
   <div class='ocr_carea' id='block_1_102' title="bbox 1963 4273 3548 4348">
    <p class='ocr_par' dir='ltr' id='par_1_102' title="bbox 1963 4273 3548 4348">
     <span class='ocr_line' id='line_1_102' title="bbox 1963 4273 3548 4348; baseline -0.004 -13"><span class='ocrx_word' id='word_1_797' title='bbox 1963 4279 2197 4335; x_wconf 85' lang='lat' dir='ltr'><strong>cundum</strong></span> <span class='ocrx_word' id='word_1_798' title='bbox 2215 4277 2377 4332; x_wconf 90' lang='lat' dir='ltr'><strong>animi</strong></span> <span class='ocrx_word' id='word_1_799' title='bbox 2397 4275 2561 4332; x_wconf 85' lang='lat' dir='ltr'><strong>nostri</strong></span> <span class='ocrx_word' id='word_1_800' title='bbox 2579 4275 2906 4348; x_wconf 90' lang='lat' dir='ltr'><strong>propositum</strong></span> <span class='ocrx_word' id='word_1_801' title='bbox 2929 4275 3022 4344; x_wconf 93' lang='lat' dir='ltr'><strong>(ob</strong></span> <span class='ocrx_word' id='word_1_802' title='bbox 3045 4273 3146 4330; x_wconf 87' lang='lat' dir='ltr'><strong>hoc</strong></span> <span class='ocrx_word' id='word_1_803' title='bbox 3171 4274 3314 4331; x_wconf 84' lang='lat' dir='ltr'><strong>enim</strong></span> <span class='ocrx_word' id='word_1_804' title='bbox 3341 4276 3548 4332; x_wconf 82' lang='lat' dir='ltr'><strong>sacrifi-</strong></span> 
     </span>
    </p>
   </div>
   <div class='ocr_carea' id='block_1_103' title="bbox 1962 4367 3544 4441">
    <p class='ocr_par' dir='ltr' id='par_1_103' title="bbox 1962 4367 3544 4441">
     <span class='ocr_line' id='line_1_103' title="bbox 1962 4367 3544 4441; baseline -0.003 -13"><span class='ocrx_word' id='word_1_805' title='bbox 1962 4375 2102 4428; x_wconf 91' lang='lat' dir='ltr'><strong>cium</strong></span> <span class='ocrx_word' id='word_1_806' title='bbox 2119 4371 2251 4426; x_wconf 88' lang='lat' dir='ltr'><strong>Cain</strong></span> <span class='ocrx_word' id='word_1_807' title='bbox 2274 4369 2605 4440; x_wconf 90' lang='lat' dir='ltr'><strong>repudiatum</strong></span> <span class='ocrx_word' id='word_1_808' title='bbox 2621 4368 2738 4434; x_wconf 87' lang='lat' dir='ltr'><strong>fuit,</strong></span> <span class='ocrx_word' id='word_1_809' title='bbox 2752 4367 2889 4422; x_wconf 90' lang='lat' dir='ltr'><strong>dona</strong></span> <span class='ocrx_word' id='word_1_810' title='bbox 2907 4382 3033 4423; x_wconf 77' lang='lat' dir='ltr'><strong>vero</strong></span> <span class='ocrx_word' id='word_1_811' title='bbox 3044 4367 3177 4423; x_wconf 80' lang='lat' dir='ltr'><strong>Abel</strong></span> <span class='ocrx_word' id='word_1_812' title='bbox 3192 4367 3455 4441; x_wconf 88' lang='lat' dir='ltr'><strong>accepta),</strong></span> <span class='ocrx_word' id='word_1_813' title='bbox 3472 4377 3544 4424; x_wconf 83' lang='lat' dir='ltr'><strong>at-</strong></span> 
     </span>
    </p>
   </div>
   <div class='ocr_carea' id='block_1_104' title="bbox 1962 4459 3553 4536">
    <p class='ocr_par' dir='ltr' id='par_1_104' title="bbox 1962 4459 3553 4536">
     <span class='ocr_line' id='line_1_104' title="bbox 1962 4459 3553 4536; baseline -0.003 -18"><span class='ocrx_word' id='word_1_814' title='bbox 1962 4481 2066 4536; x_wconf 89' lang='lat' dir='ltr'><strong>que</strong></span> <span class='ocrx_word' id='word_1_815' title='bbox 2085 4463 2206 4519; x_wconf 88' lang='lat' dir='ltr'><strong>inde</strong></span> <span class='ocrx_word' id='word_1_816' title='bbox 2221 4461 2474 4518; x_wconf 87' lang='lat' dir='ltr'><strong>invidiam</strong></span> <span class='ocrx_word' id='word_1_817' title='bbox 2486 4472 2656 4516; x_wconf 90' lang='lat' dir='ltr'><strong>ortam</strong></span> <span class='ocrx_word' id='word_1_818' title='bbox 2669 4459 2890 4514; x_wconf 85' lang='lat' dir='ltr'><strong>Caiuum</strong></span> <span class='ocrx_word' id='word_1_819' title='bbox 2907 4459 2959 4514; x_wconf 91' lang='lat' dir='ltr'><strong>in</strong></span> <span class='ocrx_word' id='word_1_820' title='bbox 2977 4459 3176 4514; x_wconf 67' lang='lat' dir='ltr'><strong>caedem</strong></span> <span class='ocrx_word' id='word_1_821' title='bbox 3189 4459 3368 4515; x_wconf 84' lang='lat' dir='ltr'><strong>fratris</strong></span> <span class='ocrx_word' id='word_1_822' title='bbox 3383 4459 3553 4516; x_wconf 80' lang='lat' dir='ltr'><strong>exsti-</strong></span> 
     </span>
    </p>
   </div>
   <div class='ocr_carea' id='block_1_105' title="bbox 1964 4553 3554 4627">
    <p class='ocr_par' dir='ltr' id='par_1_105' title="bbox 1964 4553 3554 4627">
     <span class='ocr_line' id='line_1_105' title="bbox 1964 4553 3554 4627; baseline -0.002 -14"><span class='ocrx_word' id='word_1_823' title='bbox 1964 4559 2218 4624; x_wconf 90' lang='lat' dir='ltr'><strong>mulasse,</strong></span> <span class='ocrx_word' id='word_1_824' title='bbox 2268 4557 2358 4627; x_wconf 88' lang='lat' dir='ltr'><strong>qui</strong></span> <span class='ocrx_word' id='word_1_825' title='bbox 2410 4565 2465 4611; x_wconf 90' lang='lat' dir='ltr'><strong>et</strong></span> <span class='ocrx_word' id='word_1_826' title='bbox 2503 4564 2620 4625; x_wconf 90' lang='lat' dir='ltr'><strong>post</strong></span> <span class='ocrx_word' id='word_1_827' title='bbox 2666 4554 2887 4624; x_wconf 88' lang='lat' dir='ltr'><strong>impium</strong></span> <span class='ocrx_word' id='word_1_828' title='bbox 2924 4553 3149 4619; x_wconf 89' lang='lat' dir='ltr'><strong>facinus,</strong></span> <span class='ocrx_word' id='word_1_829' title='bbox 3195 4553 3410 4610; x_wconf 90' lang='lat' dir='ltr'><strong>volente</strong></span> <span class='ocrx_word' id='word_1_830' title='bbox 3437 4555 3554 4610; x_wconf 90' lang='lat' dir='ltr'><strong>Deo</strong></span> 
     </span>
    </p>
   </div>
   <div class='ocr_carea' id='block_1_106' title="bbox 1965 4644 3549 4723">
    <p class='ocr_par' dir='ltr' id='par_1_106' title="bbox 1965 4644 3549 4723">
     <span class='ocr_line' id='line_1_106' title="bbox 1965 4644 3549 4723; baseline -0.003 -17"><span class='ocrx_word' id='word_1_831' title='bbox 1965 4651 2137 4723; x_wconf 89' lang='lat' dir='ltr'><strong>ipsum</strong></span> <span class='ocrx_word' id='word_1_832' title='bbox 2167 4663 2458 4719; x_wconf 89' lang='lat' dir='ltr'><strong>provocare</strong></span> <span class='ocrx_word' id='word_1_833' title='bbox 2483 4648 2550 4702; x_wconf 90' lang='lat' dir='ltr'><strong>ad</strong></span> <span class='ocrx_word' id='word_1_834' title='bbox 2574 4644 2967 4701; x_wconf 85' lang='lat' dir='ltr'><strong>confessionem</strong></span> <span class='ocrx_word' id='word_1_835' title='bbox 2985 4655 3345 4716; x_wconf 90' lang='lat' dir='ltr'><strong>peccatorum,</strong></span> <span class='ocrx_word' id='word_1_836' title='bbox 3373 4661 3549 4715; x_wconf 88' lang='lat' dir='ltr'><strong>neque</strong></span> 
     </span>
    </p>
   </div>
   <div class='ocr_carea' id='block_1_107' title="bbox 1964 4736 3550 4808">
    <p class='ocr_par' dir='ltr' id='par_1_107' title="bbox 1964 4736 3550 4808">
     <span class='ocr_line' id='line_1_107' title="bbox 1964 4736 3550 4808; baseline -0.003 -10"><span class='ocrx_word' id='word_1_837' title='bbox 1964 4745 2042 4799; x_wconf 91' lang='lat' dir='ltr'><strong>sic</strong></span> <span class='ocrx_word' id='word_1_838' title='bbox 2071 4739 2372 4799; x_wconf 91' lang='lat' dir='ltr'><strong>remedium</strong></span> <span class='ocrx_word' id='word_1_839' title='bbox 2403 4737 2647 4794; x_wconf 90' lang='lat' dir='ltr'><strong>sanitatis</strong></span> <span class='ocrx_word' id='word_1_840' title='bbox 2675 4739 2899 4808; x_wconf 91' lang='lat' dir='ltr'><strong>accepit,</strong></span> <span class='ocrx_word' id='word_1_841' title='bbox 2941 4737 3036 4793; x_wconf 92' lang='lat' dir='ltr'><strong>sed</strong></span> <span class='ocrx_word' id='word_1_842' title='bbox 3065 4737 3295 4792; x_wconf 90' lang='lat' dir='ltr'><strong>scelesto</strong></span> <span class='ocrx_word' id='word_1_843' title='bbox 3324 4736 3550 4793; x_wconf 85' lang='lat' dir='ltr'><strong>homici-</strong></span> 
     </span>
    </p>
   </div>
   <div class='ocr_carea' id='block_1_108' title="bbox 1963 4831 3548 4904">
    <p class='ocr_par' dir='ltr' id='par_1_108' title="bbox 1963 4831 3548 4904">
     <span class='ocr_line' id='line_1_108' title="bbox 1963 4831 3548 4904; baseline -0.004 -10"><span class='ocrx_word' id='word_1_844' title='bbox 1963 4838 2054 4894; x_wconf 88' lang='lat' dir='ltr'><strong>dio</strong></span> <span class='ocrx_word' id='word_1_845' title='bbox 2097 4834 2436 4892; x_wconf 89' lang='lat' dir='ltr'><strong>mendacium</strong></span> <span class='ocrx_word' id='word_1_846' title='bbox 2483 4833 2797 4904; x_wconf 75' lang='lat' dir='ltr'><strong>conjunxit,</strong></span> <span class='ocrx_word' id='word_1_847' title='bbox 2829 4843 2882 4888; x_wconf 93' lang='lat' dir='ltr'><strong>et</strong></span> <span class='ocrx_word' id='word_1_848' title='bbox 2918 4848 3133 4904; x_wconf 89' lang='lat' dir='ltr'><strong>gravem</strong></span> <span class='ocrx_word' id='word_1_849' title='bbox 3161 4831 3305 4886; x_wconf 87' lang='lat' dir='ltr'><strong>illam</strong></span> <span class='ocrx_word' id='word_1_850' title='bbox 3335 4846 3548 4902; x_wconf 68' lang='lat' dir='ltr'><strong>poenam</strong></span> 
     </span>
    </p>
   </div>
   <div class='ocr_carea' id='block_1_109' title="bbox 1965 4923 3551 4996">
    <p class='ocr_par' dir='ltr' id='par_1_109' title="bbox 1965 4923 3551 4996">
     <span class='ocr_line' id='line_1_109' title="bbox 1965 4923 3551 4996; baseline -0.003 -12"><span class='ocrx_word' id='word_1_851' title='bbox 1965 4929 2063 4984; x_wconf 84' lang='lat' dir='ltr'><strong>sibi</strong></span> <span class='ocrx_word' id='word_1_852' title='bbox 2090 4927 2414 4992; x_wconf 89' lang='lat' dir='ltr'><strong>conciliavit,</strong></span> <span class='ocrx_word' id='word_1_853' title='bbox 2444 4939 2776 4996; x_wconf 87' lang='lat' dir='ltr'><strong>supernaque</strong></span> <span class='ocrx_word' id='word_1_854' title='bbox 2795 4924 2962 4995; x_wconf 89' lang='lat' dir='ltr'><strong>gratia</strong></span> <span class='ocrx_word' id='word_1_855' title='bbox 2985 4939 3043 4978; x_wconf 90' lang='lat' dir='ltr'><strong>se</strong></span> <span class='ocrx_word' id='word_1_856' title='bbox 3071 4923 3288 4978; x_wconf 90' lang='lat' dir='ltr'><strong>nudavit</strong></span> <span class='ocrx_word' id='word_1_857' title='bbox 3317 4927 3551 4994; x_wconf 92' lang='lat' dir='ltr'><strong>posteris</strong></span> 
     </span>
    </p>
   </div>
   <div class='ocr_carea' id='block_1_110' title="bbox 1965 5015 3551 5088">
    <p class='ocr_par' dir='ltr' id='par_1_110' title="bbox 1965 5015 3551 5088">
     <span class='ocr_line' id='line_1_110' title="bbox 1965 5015 3551 5088; baseline -0.004 -11"><span class='ocrx_word' id='word_1_858' title='bbox 1965 5023 2017 5077; x_wconf 91' lang='lat' dir='ltr'><strong>in</strong></span> <span class='ocrx_word' id='word_1_859' title='bbox 2056 5019 2406 5076; x_wconf 78' lang='lat' dir='ltr'><strong>corrcCIionis</strong></span> <span class='ocrx_word' id='word_1_860' title='bbox 2435 5017 2738 5088; x_wconf 75' lang='lat' dir='ltr'><strong>exemplum</strong></span> <span class='ocrx_word' id='word_1_861' title='bbox 2770 5015 3091 5086; x_wconf 85' lang='lat' dir='ltr'><strong>propositus,</strong></span> <span class='ocrx_word' id='word_1_862' title='bbox 3118 5026 3277 5086; x_wconf 90' lang='lat' dir='ltr'><strong>atque</strong></span> <span class='ocrx_word' id='word_1_863' title='bbox 3331 5017 3400 5071; x_wconf 90' lang='lat' dir='ltr'><strong>ob</strong></span> <span class='ocrx_word' id='word_1_864' title='bbox 3425 5031 3551 5072; x_wconf 79' lang='lat' dir='ltr'><strong>sen-</strong></span> 
     </span>
    </p>
   </div>
   <div class='ocr_carea' id='block_1_111' title="bbox 1965 5108 3558 5180">
    <p class='ocr_par' dir='ltr' id='par_1_111' title="bbox 1965 5108 3558 5180">
     <span class='ocr_line' id='line_1_111' title="bbox 1965 5108 3558 5180; baseline -0.004 -12"><span class='ocrx_word' id='word_1_865' title='bbox 1965 5114 2185 5169; x_wconf 88' lang='lat' dir='ltr'><strong>tentiam</strong></span> <span class='ocrx_word' id='word_1_866' title='bbox 2211 5113 2264 5167; x_wconf 91' lang='lat' dir='ltr'><strong>in</strong></span> <span class='ocrx_word' id='word_1_867' title='bbox 2294 5128 2353 5167; x_wconf 91' lang='lat' dir='ltr'><strong>se</strong></span> <span class='ocrx_word' id='word_1_868' title='bbox 2378 5120 2675 5180; x_wconf 85' lang='lat' dir='ltr'><strong>acceptam,</strong></span> <span class='ocrx_word' id='word_1_869' title='bbox 2704 5108 2850 5162; x_wconf 89' lang='lat' dir='ltr'><strong>omni</strong></span> <span class='ocrx_word' id='word_1_870' title='bbox 2875 5108 3146 5162; x_wconf 90' lang='lat' dir='ltr'><strong>hominum</strong></span> <span class='ocrx_word' id='word_1_871' title='bbox 3170 5109 3353 5178; x_wconf 91' lang='lat' dir='ltr'><strong>generi</strong></span> <span class='ocrx_word' id='word_1_872' title='bbox 3384 5108 3558 5178; x_wconf 88' lang='lat' dir='ltr'><strong>loqui-</strong></span> 
     </span>
    </p>
   </div>
   <div class='ocr_carea' id='block_1_112' title="bbox 1965 5199 3550 5278">
    <p class='ocr_par' dir='ltr' id='par_1_112' title="bbox 1965 5199 3550 5278">
     <span class='ocr_line' id='line_1_112' title="bbox 1965 5199 3550 5278; baseline -0.003 -16"><span class='ocrx_word' id='word_1_873' title='bbox 1965 5217 2067 5274; x_wconf 93' lang='lat' dir='ltr'><strong>tur,</strong></span> <span class='ocrx_word' id='word_1_874' title='bbox 2101 5205 2252 5278; x_wconf 92' lang='lat' dir='ltr'><strong>quasi</strong></span> <span class='ocrx_word' id='word_1_875' title='bbox 2281 5206 2518 5260; x_wconf 90' lang='lat' dir='ltr'><strong>clamans</strong></span> <span class='ocrx_word' id='word_1_876' title='bbox 2539 5203 2792 5258; x_wconf 88' lang='lat' dir='ltr'><strong>etdicens</strong></span> <span class='ocrx_word' id='word_1_877' title='bbox 2821 5218 2834 5254; x_wconf 90' lang='lat'>:</span> <span class='ocrx_word' id='word_1_878' title='bbox 2863 5199 2942 5256; x_wconf 86' lang='lat' dir='ltr'><strong>Nc</strong></span> <span class='ocrx_word' id='word_1_879' title='bbox 2967 5200 3070 5255; x_wconf 91' lang='lat' dir='ltr'><strong>tale</strong></span> <span class='ocrx_word' id='word_1_880' title='bbox 3099 5201 3226 5272; x_wconf 90' lang='lat' dir='ltr'><strong>quid</strong></span> <span class='ocrx_word' id='word_1_881' title='bbox 3264 5201 3404 5257; x_wconf 87' lang='lat' dir='ltr'><strong>nllus</strong></span> <span class='ocrx_word' id='word_1_882' title='bbox 3452 5217 3550 5257; x_wconf 87' lang='lat' dir='ltr'><strong>ve-</strong></span> 
     </span>
    </p>
   </div>
   <div class='ocr_carea' id='block_1_113' title="bbox 1963 5292 3548 5371">
    <p class='ocr_par' dir='ltr' id='par_1_113' title="bbox 1963 5292 3548 5371">
     <span class='ocr_line' id='line_1_113' title="bbox 1963 5292 3548 5371; baseline -0.006 -14"><span class='ocrx_word' id='word_1_883' title='bbox 1963 5311 2134 5357; x_wconf 90' lang='lat' dir='ltr'><strong>strum</strong></span> <span class='ocrx_word' id='word_1_884' title='bbox 2165 5313 2416 5371; x_wconf 84' lang='lat' dir='ltr'><strong>umquam</strong></span> <span class='ocrx_word' id='word_1_885' title='bbox 2459 5295 2673 5358; x_wconf 88' lang='lat' dir='ltr'><strong>audeat,</strong></span> <span class='ocrx_word' id='word_1_886' title='bbox 2705 5309 2774 5348; x_wconf 91' lang='lat' dir='ltr'><strong>ne</strong></span> <span class='ocrx_word' id='word_1_887' title='bbox 2803 5293 2855 5347; x_wconf 93' lang='lat' dir='ltr'><strong>in</strong></span> <span class='ocrx_word' id='word_1_888' title='bbox 2881 5293 3084 5348; x_wconf 89' lang='lat' dir='ltr'><strong>similes</strong></span> <span class='ocrx_word' id='word_1_889' title='bbox 3108 5292 3306 5348; x_wconf 91' lang='lat' dir='ltr'><strong>incidat</strong></span> <span class='ocrx_word' id='word_1_890' title='bbox 3341 5308 3548 5362; x_wconf 82' lang='lat' dir='ltr'><strong>pcenas.</strong></span> 
     </span>
    </p>
   </div>
   <div class='ocr_carea' id='block_1_114' title="bbox 1964 5385 3546 5458">
    <p class='ocr_par' dir='ltr' id='par_1_114' title="bbox 1964 5385 3546 5458">
     <span class='ocr_line' id='line_1_114' title="bbox 1964 5385 3546 5458; baseline -0.006 -7"><span class='ocrx_word' id='word_1_891' title='bbox 1964 5394 2188 5451; x_wconf 69' lang='lat' dir='ltr'><strong>Vidistis</strong></span> <span class='ocrx_word' id='word_1_892' title='bbox 2215 5390 2426 5448; x_wconf 89' lang='lat' dir='ltr'><strong>Domini</strong></span> <span class='ocrx_word' id='word_1_893' title='bbox 2457 5387 2858 5458; x_wconf 90' lang='lat' dir='ltr'><strong>benignitatem,</strong></span> <span class='ocrx_word' id='word_1_894' title='bbox 2889 5385 3158 5456; x_wconf 91' lang='lat' dir='ltr'><strong>quomodo</strong></span> <span class='ocrx_word' id='word_1_895' title='bbox 3185 5400 3281 5441; x_wconf 89' lang='lat' dir='ltr'><strong>sua</strong></span> <span class='ocrx_word' id='word_1_896' title='bbox 3311 5387 3364 5440; x_wconf 90' lang='lat' dir='ltr'><strong>in</strong></span> <span class='ocrx_word' id='word_1_897' title='bbox 3395 5387 3546 5442; x_wconf 90' lang='lat' dir='ltr'><strong>illum</strong></span> 
     </span>
    </p>
   </div>
   <div class='ocr_carea' id='block_1_115' title="bbox 1964 5476 3549 5560">
    <p class='ocr_par' dir='ltr' id='par_1_115' title="bbox 1964 5476 3549 5560">
     <span class='ocr_line' id='line_1_115' title="bbox 1964 5476 3549 5560; baseline -0.008 -15"><span class='ocrx_word' id='word_1_898' title='bbox 1964 5504 2124 5560; x_wconf 72' lang='lat' dir='ltr'><strong>pinna</strong></span> <span class='ocrx_word' id='word_1_899' title='bbox 2151 5502 2260 5543; x_wconf 87' lang='lat' dir='ltr'><strong>non</strong></span> <span class='ocrx_word' id='word_1_900' title='bbox 2294 5486 2466 5557; x_wconf 91' lang='lat' dir='ltr'><strong>ipsum</strong></span> <span class='ocrx_word' id='word_1_901' title='bbox 2493 5482 2665 5537; x_wconf 92' lang='lat' dir='ltr'><strong>solum</strong></span> <span class='ocrx_word' id='word_1_902' title='bbox 2695 5480 2977 5551; x_wconf 87' lang='lat' dir='ltr'><strong>castigare,</strong></span> <span class='ocrx_word' id='word_1_903' title='bbox 3019 5479 3113 5535; x_wconf 88' lang='lat' dir='ltr'><strong>sed</strong></span> <span class='ocrx_word' id='word_1_904' title='bbox 3143 5493 3240 5550; x_wconf 88' lang='lat' dir='ltr'><strong>per</strong></span> <span class='ocrx_word' id='word_1_905' title='bbox 3268 5478 3442 5550; x_wconf 88' lang='lat' dir='ltr'><strong>ipsum</strong></span> <span class='ocrx_word' id='word_1_906' title='bbox 3470 5476 3549 5534; x_wconf 73' lang='lat' dir='ltr'><strong>si-</strong></span> 
     </span>
    </p>
   </div>
   <div class='ocr_carea' id='block_1_116' title="bbox 2027 5634 3549 5708">
    <p class='ocr_par' dir='ltr' id='par_1_116' title="bbox 2027 5634 3549 5708">
     <span class='ocr_line' id='line_1_116' title="bbox 2027 5634 3549 5708; baseline -0.006 -13"><span class='ocrx_word' id='word_1_907' title='bbox 2027 5645 2098 5708; x_wconf 83' lang='grc' dir='ltr'><strong>(α)</strong></span> <span class='ocrx_word' id='word_1_908' title='bbox 2134 5651 2245 5708; x_wconf 69' lang='lat' dir='ltr'><strong>tunc</strong></span> <span class='ocrx_word' id='word_1_909' title='bbox 2259 5641 2459 5693; x_wconf 79' lang='lat' dir='ltr'><strong>Humilia</strong></span> <span class='ocrx_word' id='word_1_910' title='bbox 2479 5639 2756 5708; x_wconf 36' lang='lat' dir='ltr'><strong>totadeest.</strong></span> <span class='ocrx_word' id='word_1_911' title='bbox 2783 5638 2831 5686; x_wconf 88' lang='lat' dir='ltr'><strong>in</strong></span> <span class='ocrx_word' id='word_1_912' title='bbox 2846 5637 3058 5708; x_wconf 47' lang='lat' dir='ltr'><strong>(zq‘lbert.</strong></span> <span class='ocrx_word' id='word_1_913' title='bbox 3083 5635 3253 5708; x_wconf 81' lang='lat' dir='ltr'><strong>Codice</strong></span> <span class='ocrx_word' id='word_1_914' title='bbox 3266 5634 3549 5708; x_wconf 41' lang='grc' dir='ltr'><strong>ΔιιιιιιειῘ-ἓνιϐᾷ.</strong></span> 
     </span>
    </p>
   </div>
   <div class='ocr_carea' id='block_1_117' title="bbox 1963 5694 3550 5769">
    <p class='ocr_par' dir='ltr' id='par_1_117' title="bbox 1963 5694 3550 5769">
     <span class='ocr_line' id='line_1_117' title="bbox 1963 5694 3550 5769; baseline -0.005 -12"><span class='ocrx_word' id='word_1_915' title='bbox 1963 5694 2096 5758; x_wconf 62' lang='grc' dir='ltr'><strong>ιιήὸἷ</strong></span> <span class='ocrx_word' id='word_1_916' title='bbox 2109 5705 2297 5769; x_wconf 74' lang='lat' dir='ltr'><strong>aliquot</strong></span> <span class='ocrx_word' id='word_1_917' title='bbox 2317 5711 2426 5754; x_wconf 77' lang='lat' dir='ltr'><strong>Mss.</strong></span> <span class='ocrx_word' id='word_1_918' title='bbox 2449 5711 2502 5754; x_wconf 90' lang='lat' dir='ltr'><strong>et</strong></span> <span class='ocrx_word' id='word_1_919' title='bbox 2516 5701 2708 5769; x_wconf 77' lang='lat' dir='ltr'><strong>coislin.</strong></span> <span class='ocrx_word' id='word_1_920' title='bbox 2743 5700 2872 5749; x_wconf 85' lang='lat' dir='ltr'><strong>hunc</strong></span> <span class='ocrx_word' id='word_1_921' title='bbox 2893 5694 3154 5769; x_wconf 64' lang='lat' dir='ltr'><strong>Scriptura:</strong></span> <span class='ocrx_word' id='word_1_922' title='bbox 3176 5703 3367 5748; x_wconf 84' lang='lat' dir='ltr'><strong>textum</strong></span> <span class='ocrx_word' id='word_1_923' title='bbox 3390 5701 3550 5749; x_wconf 66' lang='lat' dir='ltr'><strong>Homi-</strong></span> 
     </span>
    </p>
   </div>
   <div class='ocr_carea' id='block_1_118' title="bbox 1965 5761 3548 5830">
    <p class='ocr_par' dir='ltr' id='par_1_118' title="bbox 1965 5761 3548 5830">
     <span class='ocr_line' id='line_1_118' title="bbox 1965 5761 3548 5830; baseline -0.006 -9"><span class='ocrx_word' id='word_1_924' title='bbox 1965 5773 2044 5823; x_wconf 72' lang='lat' dir='ltr'><strong>lia:</strong></span> <span class='ocrx_word' id='word_1_925' title='bbox 2068 5777 2143 5820; x_wconf 79' lang='lat' dir='ltr'><strong>xx</strong></span> <span class='ocrx_word' id='word_1_926' title='bbox 2170 5761 2424 5830; x_wconf 70' lang='lat' dir='ltr'><strong>p&#39;rzellgunt</strong></span> <span class='ocrx_word' id='word_1_927' title='bbox 2447 5779 2462 5830; x_wconf 89' lang='lat'><strong>_:</strong></span> <span class='ocrx_word' id='word_1_928' title='bbox 2483 5761 2705 5826; x_wconf 79' lang='lat' dir='ltr'><strong>Cognovit</strong></span> <span class='ocrx_word' id='word_1_929' title='bbox 2726 5773 2885 5830; x_wconf 62' lang='lat' dir='ltr'><strong>autem</strong></span> <span class='ocrx_word' id='word_1_930' title='bbox 2905 5761 3243 5830; x_wconf 52' lang='lat' dir='ltr'><strong>Caiatia-orem</strong></span> <span class='ocrx_word' id='word_1_931' title='bbox 3261 5772 3419 5824; x_wconf 80' lang='lat' dir='ltr'><strong>suam,</strong></span> <span class='ocrx_word' id='word_1_932' title='bbox 3437 5771 3548 5825; x_wconf 65' lang='lat' dir='ltr'><strong>quia</strong></span> 
     </span>
    </p>
   </div>
   <div class='ocr_carea' id='block_1_119' title="bbox 1967 5819 3249 5897">
    <p class='ocr_par' dir='ltr' id='par_1_119' title="bbox 1967 5819 3249 5897">
     <span class='ocr_line' id='line_1_119' title="bbox 1967 5819 3249 5897; baseline -0.011 -11"><span class='ocrx_word' id='word_1_933' title='bbox 1967 5819 2198 5896; x_wconf 71' lang='lat' dir='ltr'><strong>concepti,</strong></span> <span class='ocrx_word' id='word_1_934' title='bbox 2222 5837 2267 5882; x_wconf 88' lang='lat' dir='ltr'><strong>et</strong></span> <span class='ocrx_word' id='word_1_935' title='bbox 2290 5819 2476 5897; x_wconf 60' lang='lat' dir='ltr'><strong>5mm</strong></span> <span class='ocrx_word' id='word_1_936' title='bbox 2498 5819 2639 5890; x_wconf 78' lang='lat' dir='ltr'><strong>Eiios,</strong></span> <span class='ocrx_word' id='word_1_937' title='bbox 2655 5831 2699 5876; x_wconf 78' lang='lat' dir='ltr'><strong>et</strong></span> <span class='ocrx_word' id='word_1_938' title='bbox 2714 5819 2972 5888; x_wconf 69' lang='lat' dir='ltr'><strong>mdiﬁcarit</strong></span> <span class='ocrx_word' id='word_1_939' title='bbox 2994 5821 3249 5874; x_wconf 75' lang='lat' dir='ltr'><strong>cim‘tatcnt.</strong></span> 
     </span>
    </p>
   </div>
  </div>
