  <div class='ocr_page' id='page_1' title='image "/cluster/home/n/w/nwhite01/storage/ocr_20150623/53/nnc1.0046978453/165.png"; bbox 0 0 4038 6394; ppageno 0'>
   <div class='ocr_carea' id='block_1_1' title="bbox 431 312 529 373">
    <p class='ocr_par' dir='ltr' id='par_1_1' title="bbox 431 312 529 373">
     <span class='ocr_line' id='line_1_1' title="bbox 431 312 529 373; baseline -0.061 -1"><span class='ocrx_word' id='word_1_1' title='bbox 431 312 529 373; x_wconf 71' lang='grc' dir='ltr'><strong>ίϐτ</strong></span> 
     </span>
    </p>
   </div>
   <div class='ocr_carea' id='block_1_2' title="bbox 425 408 2007 495">
    <p class='ocr_par' dir='ltr' id='par_1_2' title="bbox 425 408 2007 495">
     <span class='ocr_line' id='line_1_2' title="bbox 425 408 2007 495; baseline -0.013 -15"><span class='ocrx_word' id='word_1_2' title='bbox 425 424 537 480; x_wconf 90' lang='lat' dir='ltr'><strong>mul</strong></span> <span class='ocrx_word' id='word_1_3' title='bbox 564 429 805 495; x_wconf 87' lang='lat' dir='ltr'><strong>posteros</strong></span> <span class='ocrx_word' id='word_1_4' title='bbox 835 430 1021 475; x_wconf 89' lang='lat' dir='ltr'><strong>omnes</strong></span> <span class='ocrx_word' id='word_1_5' title='bbox 1062 413 1282 469; x_wconf 88' lang='lat' dir='ltr'><strong>omnino</strong></span> <span class='ocrx_word' id='word_1_6' title='bbox 1312 408 1617 482; x_wconf 85' lang='lat' dir='ltr'><strong>fugiendum</strong></span> <span class='ocrx_word' id='word_1_7' title='bbox 1645 422 1765 463; x_wconf 87' lang='lat' dir='ltr'><strong>esse</strong></span> <span class='ocrx_word' id='word_1_8' title='bbox 1789 413 1895 462; x_wconf 84' lang='lat' dir='ltr'><strong>tam</strong></span> <span class='ocrx_word' id='word_1_9' title='bbox 1928 412 2007 461; x_wconf 89' lang='lat' dir='ltr'><strong>te-</strong></span> 
     </span>
    </p>
   </div>
   <div class='ocr_carea' id='block_1_3' title="bbox 425 502 1402 572">
    <p class='ocr_par' dir='ltr' id='par_1_3' title="bbox 425 502 1402 572">
     <span class='ocr_line' id='line_1_3' title="bbox 425 502 1402 572; baseline -0.017 0"><span class='ocrx_word' id='word_1_10' title='bbox 425 513 711 572; x_wconf 85' lang='lat' dir='ltr'><strong>merarium</strong></span> <span class='ocrx_word' id='word_1_11' title='bbox 745 509 948 567; x_wconf 86' lang='lat' dir='ltr'><strong>facinus</strong></span> <span class='ocrx_word' id='word_1_12' title='bbox 969 507 1165 563; x_wconf 88' lang='lat' dir='ltr'><strong>docere</strong></span> <span class='ocrx_word' id='word_1_13' title='bbox 1189 502 1402 559; x_wconf 79' lang='lat' dir='ltr'><strong>voluit?</strong></span> 
     </span>
    </p>
   </div>
   <div class='ocr_carea' id='block_1_4' title="bbox 500 590 2011 668">
    <p class='ocr_par' dir='ltr' id='par_1_4' title="bbox 500 590 2011 668">
     <span class='ocr_line' id='line_1_4' title="bbox 500 590 2011 668; baseline -0.013 -7"><span class='ocrx_word' id='word_1_14' title='bbox 500 607 602 661; x_wconf 83' lang='lat' dir='ltr'><strong>Cur</strong></span> <span class='ocrx_word' id='word_1_15' title='bbox 628 604 812 659; x_wconf 77' lang='lat' dir='ltr'><strong>habitet</strong></span> <span class='ocrx_word' id='word_1_16' title='bbox 851 599 978 655; x_wconf 85' lang='lat' dir='ltr'><strong>Cain</strong></span> <span class='ocrx_word' id='word_1_17' title='bbox 1022 614 1050 652; x_wconf 78' lang='grc' dir='ltr'><em>ι</em></span> <span class='ocrx_word' id='word_1_18' title='bbox 1072 597 1275 668; x_wconf 83' lang='lat' dir='ltr'><strong>regione</strong></span> <span class='ocrx_word' id='word_1_19' title='bbox 1296 592 1477 651; x_wconf 74' lang='lat' dir='ltr'><strong>Edam.</strong></span> <span class='ocrx_word' id='word_1_20' title='bbox 1508 621 1580 632; x_wconf 95' lang='lat'><strong>—</strong></span> <span class='ocrx_word' id='word_1_21' title='bbox 1612 590 1722 660; x_wconf 79' lang='lat' dir='ltr'><strong>Age</strong></span> <span class='ocrx_word' id='word_1_22' title='bbox 1756 603 1896 645; x_wconf 94' lang='lat' dir='ltr'><strong>nunc</strong></span> <span class='ocrx_word' id='word_1_23' title='bbox 1921 601 2011 643; x_wconf 88' lang='lat' dir='ltr'><strong>se-</strong></span> 
     </span>
    </p>
   </div>
   <div class='ocr_carea' id='block_1_5' title="bbox 426 679 2012 765">
    <p class='ocr_par' dir='ltr' id='par_1_5' title="bbox 426 679 2012 765">
     <span class='ocr_line' id='line_1_5' title="bbox 426 679 2012 765; baseline -0.011 -16"><span class='ocrx_word' id='word_1_24' title='bbox 426 697 639 765; x_wconf 79' lang='lat' dir='ltr'><strong>quentia</strong></span> <span class='ocrx_word' id='word_1_25' title='bbox 683 694 1024 763; x_wconf 87' lang='lat' dir='ltr'><strong>attingamus,</strong></span> <span class='ocrx_word' id='word_1_26' title='bbox 1071 696 1126 744; x_wconf 90' lang='lat' dir='ltr'><strong>et</strong></span> <span class='ocrx_word' id='word_1_27' title='bbox 1172 686 1451 741; x_wconf 86' lang='lat' dir='ltr'><strong>videamus</strong></span> <span class='ocrx_word' id='word_1_28' title='bbox 1490 682 1615 757; x_wconf 88' lang='lat' dir='ltr'><strong>quid</strong></span> <span class='ocrx_word' id='word_1_29' title='bbox 1648 680 1803 736; x_wconf 89' lang='lat' dir='ltr'><strong>hodie</strong></span> <span class='ocrx_word' id='word_1_30' title='bbox 1857 679 2012 733; x_wconf 91' lang='lat' dir='ltr'><strong>nobis</strong></span> 
     </span>
    </p>
   </div>
   <div class='ocr_carea' id='block_1_6' title="bbox 436 770 2011 848">
    <p class='ocr_par' dir='ltr' id='par_1_6' title="bbox 436 770 2011 848">
     <span class='ocr_line' id='line_1_6' title="bbox 436 770 2011 848; baseline -0.013 -7"><span class='ocrx_word' id='word_1_31' title='bbox 436 797 605 841; x_wconf 83' lang='lat' dir='ltr'><strong>narret</strong></span> <span class='ocrx_word' id='word_1_32' title='bbox 648 787 834 839; x_wconf 90' lang='lat' dir='ltr'><strong>beatus</strong></span> <span class='ocrx_word' id='word_1_33' title='bbox 864 782 955 837; x_wconf 87' lang='lat' dir='ltr'><strong>ille</strong></span> <span class='ocrx_word' id='word_1_34' title='bbox 997 778 1278 848; x_wconf 80' lang='lat' dir='ltr'><strong>propheta,</strong></span> <span class='ocrx_word' id='word_1_35' title='bbox 1324 775 1555 844; x_wconf 86' lang='lat' dir='ltr'><strong>Spiritus</strong></span> <span class='ocrx_word' id='word_1_36' title='bbox 1608 772 1779 829; x_wconf 90' lang='lat' dir='ltr'><strong>sancti</strong></span> <span class='ocrx_word' id='word_1_37' title='bbox 1830 770 2011 824; x_wconf 84' lang='lat' dir='ltr'><strong>altlatu</strong></span> 
     </span>
    </p>
   </div>
   <div class='ocr_carea' id='block_1_7' title="bbox 426 860 2010 941">
    <p class='ocr_par' dir='ltr' id='par_1_7' title="bbox 426 860 2010 941">
     <span class='ocr_line' id='line_1_7' title="bbox 426 860 2010 941; baseline -0.014 -8"><span class='ocrx_word' id='word_1_38' title='bbox 426 878 686 933; x_wconf 82' lang='lat' dir='ltr'><strong>eruditus.</strong></span> <span class='ocrx_word' id='word_1_39' title='bbox 720 875 849 928; x_wconf 82' lang='lat' dir='ltr'><strong>Nam</strong></span> <span class='ocrx_word' id='word_1_40' title='bbox 881 882 1160 941; x_wconf 82' lang='lat' dir='ltr'><strong>postquam</strong></span> <span class='ocrx_word' id='word_1_41' title='bbox 1192 884 1221 922; x_wconf 91' lang='lat' dir='ltr'><strong>a</strong></span> <span class='ocrx_word' id='word_1_42' title='bbox 1260 866 1487 919; x_wconf 91' lang='lat' dir='ltr'><strong>Domino</strong></span> <span class='ocrx_word' id='word_1_43' title='bbox 1515 863 1834 919; x_wconf 89' lang='lat' dir='ltr'><strong>sententiam</strong></span> <span class='ocrx_word' id='word_1_44' title='bbox 1882 860 2010 914; x_wconf 89' lang='lat' dir='ltr'><strong>Cain</strong></span> 
     </span>
    </p>
   </div>
   <div class='ocr_carea' id='block_1_8' title="bbox 428 950 2011 1037">
    <p class='ocr_par' dir='ltr' id='par_1_8' title="bbox 428 950 2011 1037">
     <span class='ocr_line' id='line_1_8' title="bbox 428 950 2011 1037; baseline -0.012 -15"><span class='ocrx_word' id='word_1_45' title='bbox 428 968 654 1037; x_wconf 78' lang='lat' dir='ltr'><strong>accepit,</strong></span> <span class='ocrx_word' id='word_1_46' title='bbox 690 965 775 1020; x_wconf 78' lang='grc'><strong>16.</strong></span> <span class='ocrx_word' id='word_1_47' title='bbox 806 963 1055 1035; x_wconf 79' lang='lat' dir='ltr'><strong>Egressus</strong></span> <span class='ocrx_word' id='word_1_48' title='bbox 1103 969 1197 1024; x_wconf 85' lang='lat' dir='ltr'><strong>est,</strong></span> <span class='ocrx_word' id='word_1_49' title='bbox 1232 957 1422 1026; x_wconf 84' lang='lat' dir='ltr'><strong>inquit,</strong></span> <span class='ocrx_word' id='word_1_50' title='bbox 1468 972 1498 1007; x_wconf 93' lang='lat' dir='ltr'><strong>a</strong></span> <span class='ocrx_word' id='word_1_51' title='bbox 1553 954 1685 1020; x_wconf 90' lang='lat' dir='ltr'><strong>facie</strong></span> <span class='ocrx_word' id='word_1_52' title='bbox 1729 952 1845 1006; x_wconf 92' lang='lat' dir='ltr'><strong>Dei.</strong></span> <span class='ocrx_word' id='word_1_53' title='bbox 1876 950 2011 1018; x_wconf 85' lang='lat' dir='ltr'><strong>Quid</strong></span> 
     </span>
    </p>
   </div>
   <div class='ocr_carea' id='block_1_9' title="bbox 428 1042 2014 1129">
    <p class='ocr_par' dir='ltr' id='par_1_9' title="bbox 428 1042 2014 1129">
     <span class='ocr_line' id='line_1_9' title="bbox 428 1042 2014 1129; baseline -0.013 -16"><span class='ocrx_word' id='word_1_54' title='bbox 428 1072 531 1125; x_wconf 80' lang='lat' dir='ltr'><strong>est,</strong></span> <span class='ocrx_word' id='word_1_55' title='bbox 564 1057 701 1112; x_wconf 75' lang='lat' dir='ltr'><strong>Exiit</strong></span> <span class='ocrx_word' id='word_1_56' title='bbox 726 1073 757 1109; x_wconf 94' lang='lat' dir='ltr'><strong>a</strong></span> <span class='ocrx_word' id='word_1_57' title='bbox 794 1056 925 1129; x_wconf 84' lang='lat' dir='ltr'><strong>facie</strong></span> <span class='ocrx_word' id='word_1_58' title='bbox 961 1051 1056 1106; x_wconf 95' lang='lat' dir='ltr'><strong>Dei</strong></span> <span class='ocrx_word' id='word_1_59' title='bbox 1084 1050 1110 1104; x_wconf 84' lang='lat'><strong><em>?</em></strong></span> <span class='ocrx_word' id='word_1_60' title='bbox 1132 1049 1244 1104; x_wconf 83' lang='lat' dir='ltr'><strong>Hoc</strong></span> <span class='ocrx_word' id='word_1_61' title='bbox 1272 1057 1374 1113; x_wconf 91' lang='lat' dir='ltr'><strong>est,</strong></span> <span class='ocrx_word' id='word_1_62' title='bbox 1407 1045 1634 1100; x_wconf 85' lang='lat' dir='ltr'><strong>nudatus</strong></span> <span class='ocrx_word' id='word_1_63' title='bbox 1660 1042 2014 1114; x_wconf 59' lang='lat' dir='ltr'><strong>estpraesidio</strong></span> 
     </span>
    </p>
   </div>
   <div class='ocr_carea' id='block_1_10' title="bbox 434 1131 2014 1217">
    <p class='ocr_par' dir='ltr' id='par_1_10' title="bbox 434 1131 2014 1217">
     <span class='ocr_line' id='line_1_10' title="bbox 434 1131 2014 1217; baseline -0.011 -14"><span class='ocrx_word' id='word_1_64' title='bbox 434 1152 549 1215; x_wconf 91' lang='lat' dir='ltr'><strong>Dei,</strong></span> <span class='ocrx_word' id='word_1_65' title='bbox 596 1156 814 1217; x_wconf 87' lang='lat' dir='ltr'><strong>propter</strong></span> <span class='ocrx_word' id='word_1_66' title='bbox 838 1142 1196 1199; x_wconf 87' lang='lat' dir='ltr'><strong>abominabile</strong></span> <span class='ocrx_word' id='word_1_67' title='bbox 1219 1151 1271 1196; x_wconf 92' lang='lat' dir='ltr'><strong>et</strong></span> <span class='ocrx_word' id='word_1_68' title='bbox 1306 1138 1662 1208; x_wconf 92' lang='lat' dir='ltr'><strong>perniciosum</strong></span> <span class='ocrx_word' id='word_1_69' title='bbox 1693 1137 1909 1188; x_wconf 77' lang='lat' dir='ltr'><strong>facinus.</strong></span> <span class='ocrx_word' id='word_1_70' title='bbox 1945 1131 2014 1186; x_wconf 87' lang='lat' dir='ltr'><strong>Et</strong></span> 
     </span>
    </p>
   </div>
   <div class='ocr_carea' id='block_1_11' title="bbox 431 1224 2010 1302">
    <p class='ocr_par' dir='ltr' id='par_1_11' title="bbox 431 1224 2010 1302">
     <span class='ocr_line' id='line_1_11' title="bbox 431 1224 2010 1302; baseline -0.012 -7"><span class='ocrx_word' id='word_1_71' title='bbox 431 1241 669 1295; x_wconf 76' lang='lat' dir='ltr'><strong>habitavit</strong></span> <span class='ocrx_word' id='word_1_72' title='bbox 698 1240 751 1291; x_wconf 89' lang='lat' dir='ltr'><strong>in</strong></span> <span class='ocrx_word' id='word_1_73' title='bbox 778 1247 912 1291; x_wconf 88' lang='lat' dir='ltr'><strong>terra</strong></span> <span class='ocrx_word' id='word_1_74' title='bbox 940 1233 1103 1299; x_wconf 86' lang='lat' dir='ltr'><strong>Naid,</strong></span> <span class='ocrx_word' id='word_1_75' title='bbox 1137 1249 1164 1285; x_wconf 93' lang='lat' dir='ltr'><strong>e</strong></span> <span class='ocrx_word' id='word_1_76' title='bbox 1191 1231 1394 1302; x_wconf 85' lang='lat' dir='ltr'><strong>regione</strong></span> <span class='ocrx_word' id='word_1_77' title='bbox 1424 1229 1601 1282; x_wconf 87' lang='lat' dir='ltr'><strong>Edem.</strong></span> <span class='ocrx_word' id='word_1_78' title='bbox 1634 1226 1826 1281; x_wconf 82' lang='lat' dir='ltr'><strong>Narrat</strong></span> <span class='ocrx_word' id='word_1_79' title='bbox 1858 1224 2010 1278; x_wconf 87' lang='lat' dir='ltr'><strong>nobis</strong></span> 
     </span>
    </p>
   </div>
   <div class='ocr_carea' id='block_1_12' title="bbox 430 1317 2015 1397">
    <p class='ocr_par' dir='ltr' id='par_1_12' title="bbox 430 1317 2015 1397">
     <span class='ocr_line' id='line_1_12' title="bbox 430 1317 2015 1397; baseline -0.012 -10"><span class='ocrx_word' id='word_1_80' title='bbox 430 1332 606 1387; x_wconf 81' lang='lat' dir='ltr'><strong>divina</strong></span> <span class='ocrx_word' id='word_1_81' title='bbox 635 1330 906 1397; x_wconf 83' lang='lat' dir='ltr'><strong>Scriptura</strong></span> <span class='ocrx_word' id='word_1_82' title='bbox 938 1326 1113 1379; x_wconf 92' lang='lat' dir='ltr'><strong>locum</strong></span> <span class='ocrx_word' id='word_1_83' title='bbox 1134 1324 1184 1376; x_wconf 90' lang='lat' dir='ltr'><strong>in</strong></span> <span class='ocrx_word' id='word_1_84' title='bbox 1208 1339 1312 1395; x_wconf 91' lang='lat' dir='ltr'><strong>quo</strong></span> <span class='ocrx_word' id='word_1_85' title='bbox 1337 1329 1517 1390; x_wconf 81' lang='lat' dir='ltr'><strong>postea</strong></span> <span class='ocrx_word' id='word_1_86' title='bbox 1544 1318 1818 1383; x_wconf 90' lang='lat' dir='ltr'><strong>habitavit,</strong></span> <span class='ocrx_word' id='word_1_87' title='bbox 1846 1327 1900 1369; x_wconf 91' lang='lat' dir='ltr'><strong>et</strong></span> <span class='ocrx_word' id='word_1_88' title='bbox 1919 1317 2015 1369; x_wconf 93' lang='lat' dir='ltr'><strong>do-</strong></span> 
     </span>
    </p>
   </div>
   <div class='ocr_carea' id='block_1_13' title="bbox 430 1410 2013 1494">
    <p class='ocr_par' dir='ltr' id='par_1_13' title="bbox 430 1410 2013 1494">
     <span class='ocr_line' id='line_1_13' title="bbox 430 1410 2013 1494; baseline -0.011 -16"><span class='ocrx_word' id='word_1_89' title='bbox 430 1433 516 1478; x_wconf 88' lang='lat' dir='ltr'><strong>cet</strong></span> <span class='ocrx_word' id='word_1_90' title='bbox 540 1420 807 1494; x_wconf 90' lang='lat' dir='ltr'><strong>quomodo</strong></span> <span class='ocrx_word' id='word_1_91' title='bbox 836 1427 891 1472; x_wconf 93' lang='lat' dir='ltr'><strong>et</strong></span> <span class='ocrx_word' id='word_1_92' title='bbox 920 1418 1005 1471; x_wconf 92' lang='lat' dir='ltr'><strong>hic</strong></span> <span class='ocrx_word' id='word_1_93' title='bbox 1049 1432 1153 1471; x_wconf 92' lang='lat' dir='ltr'><strong>non</strong></span> <span class='ocrx_word' id='word_1_94' title='bbox 1190 1413 1431 1486; x_wconf 89' lang='lat' dir='ltr'><strong>procula</strong></span> <span class='ocrx_word' id='word_1_95' title='bbox 1477 1410 1722 1481; x_wconf 85' lang='lat' dir='ltr'><strong>paradiso</strong></span> <span class='ocrx_word' id='word_1_96' title='bbox 1771 1416 2013 1461; x_wconf 89' lang='lat' dir='ltr'><strong>versatus</strong></span> 
     </span>
    </p>
   </div>
   <div class='ocr_carea' id='block_1_14' title="bbox 431 1505 2017 1583">
    <p class='ocr_par' dir='ltr' id='par_1_14' title="bbox 431 1505 2017 1583">
     <span class='ocr_line' id='line_1_14' title="bbox 431 1505 2017 1583; baseline -0.01 -16"><span class='ocrx_word' id='word_1_97' title='bbox 431 1518 519 1572; x_wconf 87' lang='lat' dir='ltr'><strong>sit.</strong></span> <span class='ocrx_word' id='word_1_98' title='bbox 543 1524 600 1568; x_wconf 93' lang='lat' dir='ltr'><strong>ut</strong></span> <span class='ocrx_word' id='word_1_99' title='bbox 618 1530 648 1569; x_wconf 91' lang='lat' dir='ltr'><strong>e</strong></span> <span class='ocrx_word' id='word_1_100' title='bbox 670 1514 886 1583; x_wconf 81' lang='lat' dir='ltr'><strong>regione</strong></span> <span class='ocrx_word' id='word_1_101' title='bbox 908 1510 1045 1563; x_wconf 89' lang='lat' dir='ltr'><strong>illius</strong></span> <span class='ocrx_word' id='word_1_102' title='bbox 1066 1508 1348 1568; x_wconf 78' lang='lat' dir='ltr'><strong>exsistens,</strong></span> <span class='ocrx_word' id='word_1_103' title='bbox 1370 1505 1624 1558; x_wconf 90' lang='lat' dir='ltr'><strong>continuo</strong></span> <span class='ocrx_word' id='word_1_104' title='bbox 1646 1515 1851 1555; x_wconf 87' lang='lat' dir='ltr'><strong>memor</strong></span> <span class='ocrx_word' id='word_1_105' title='bbox 1872 1506 2017 1553; x_wconf 82' lang='lat' dir='ltr'><strong>esset</strong></span> 
     </span>
    </p>
   </div>
   <div class='ocr_carea' id='block_1_15' title="bbox 430 1594 2014 1671">
    <p class='ocr_par' dir='ltr' id='par_1_15' title="bbox 430 1594 2014 1671">
     <span class='ocr_line' id='line_1_15' title="bbox 430 1594 2014 1671; baseline -0.011 -11"><span class='ocrx_word' id='word_1_106' title='bbox 430 1617 542 1662; x_wconf 91' lang='lat' dir='ltr'><strong>tum</strong></span> <span class='ocrx_word' id='word_1_107' title='bbox 588 1619 772 1659; x_wconf 91' lang='lat' dir='ltr'><strong>eorum</strong></span> <span class='ocrx_word' id='word_1_108' title='bbox 815 1617 932 1671; x_wconf 76' lang='lat' dir='ltr'><strong>qua:</strong></span> <span class='ocrx_word' id='word_1_109' title='bbox 961 1599 1093 1670; x_wconf 90' lang='lat' dir='ltr'><strong>patri</strong></span> <span class='ocrx_word' id='word_1_110' title='bbox 1127 1612 1224 1650; x_wconf 89' lang='lat' dir='ltr'><strong>suo</strong></span> <span class='ocrx_word' id='word_1_111' title='bbox 1263 1598 1332 1651; x_wconf 92' lang='lat' dir='ltr'><strong>ob</strong></span> <span class='ocrx_word' id='word_1_112' title='bbox 1363 1594 1855 1665; x_wconf 60' lang='lat' dir='ltr'><strong>prievaricationem</strong></span> <span class='ocrx_word' id='word_1_113' title='bbox 1886 1605 2014 1645; x_wconf 89' lang='lat' dir='ltr'><strong>con-</strong></span> 
     </span>
    </p>
   </div>
   <div class='ocr_carea' id='block_1_16' title="bbox 434 1685 2013 1768">
    <p class='ocr_par' dir='ltr' id='par_1_16' title="bbox 434 1685 2013 1768">
     <span class='ocr_line' id='line_1_16' title="bbox 434 1685 2013 1768; baseline -0.011 -18"><span class='ocrx_word' id='word_1_114' title='bbox 434 1700 681 1768; x_wconf 84' lang='lat' dir='ltr'><strong>tigerant,</strong></span> <span class='ocrx_word' id='word_1_115' title='bbox 712 1704 820 1747; x_wconf 90' lang='lat' dir='ltr'><strong>tum</strong></span> <span class='ocrx_word' id='word_1_116' title='bbox 849 1688 1227 1762; x_wconf 79' lang='lat' dir='ltr'><strong>magnitudinis</strong></span> <span class='ocrx_word' id='word_1_117' title='bbox 1249 1702 1432 1742; x_wconf 85' lang='lat' dir='ltr'><strong>eOrum</strong></span> <span class='ocrx_word' id='word_1_118' title='bbox 1456 1702 1573 1756; x_wconf 76' lang='lat' dir='ltr'><strong>qua:</strong></span> <span class='ocrx_word' id='word_1_119' title='bbox 1602 1685 1714 1753; x_wconf 89' lang='lat' dir='ltr'><strong>ipse</strong></span> <span class='ocrx_word' id='word_1_120' title='bbox 1740 1691 2013 1753; x_wconf 88' lang='lat' dir='ltr'><strong>perpetra-</strong></span> 
     </span>
    </p>
   </div>
   <div class='ocr_carea' id='block_1_17' title="bbox 431 1774 2017 1855">
    <p class='ocr_par' dir='ltr' id='par_1_17' title="bbox 431 1774 2017 1855">
     <span class='ocr_line' id='line_1_17' title="bbox 431 1774 2017 1855; baseline -0.009 -16"><span class='ocrx_word' id='word_1_121' title='bbox 431 1796 599 1849; x_wconf 83' lang='lat' dir='ltr'><strong>verat,</strong></span> <span class='ocrx_word' id='word_1_122' title='bbox 653 1793 870 1855; x_wconf 82' lang='lat' dir='ltr'><strong>propter</strong></span> <span class='ocrx_word' id='word_1_123' title='bbox 919 1798 1036 1853; x_wconf 83' lang='lat' dir='ltr'><strong>qua:</strong></span> <span class='ocrx_word' id='word_1_124' title='bbox 1070 1788 1211 1833; x_wconf 84' lang='lat' dir='ltr'><strong>tanta</strong></span> <span class='ocrx_word' id='word_1_125' title='bbox 1259 1776 1358 1831; x_wconf 89' lang='lat' dir='ltr'><strong>sibi</strong></span> <span class='ocrx_word' id='word_1_126' title='bbox 1413 1792 1584 1845; x_wconf 88' lang='lat' dir='ltr'><strong>neque</strong></span> <span class='ocrx_word' id='word_1_127' title='bbox 1624 1774 1790 1844; x_wconf 82' lang='lat' dir='ltr'><strong>patris</strong></span> <span class='ocrx_word' id='word_1_128' title='bbox 1838 1788 2017 1827; x_wconf 86' lang='lat' dir='ltr'><strong>corre-</strong></span> 
     </span>
    </p>
   </div>
   <div class='ocr_carea' id='block_1_18' title="bbox 439 1866 2017 1951">
    <p class='ocr_par' dir='ltr' id='par_1_18' title="bbox 439 1866 2017 1951">
     <span class='ocr_line' id='line_1_18' title="bbox 439 1866 2017 1951; baseline -0.011 -18"><span class='ocrx_word' id='word_1_129' title='bbox 439 1882 617 1951; x_wconf 85' lang='lat' dir='ltr'><strong>ptione</strong></span> <span class='ocrx_word' id='word_1_130' title='bbox 667 1876 970 1941; x_wconf 89' lang='lat' dir='ltr'><strong>emendato,</strong></span> <span class='ocrx_word' id='word_1_131' title='bbox 1017 1889 1173 1943; x_wconf 78' lang='lat' dir='ltr'><strong>ptena</strong></span> <span class='ocrx_word' id='word_1_132' title='bbox 1206 1873 1434 1938; x_wconf 77' lang='lat' dir='ltr'><strong>irrogata</strong></span> <span class='ocrx_word' id='word_1_133' title='bbox 1466 1877 1565 1921; x_wconf 89' lang='lat' dir='ltr'><strong>est.</strong></span> <span class='ocrx_word' id='word_1_134' title='bbox 1611 1869 1677 1921; x_wconf 79' lang='lat' dir='ltr'><strong>Et</strong></span> <span class='ocrx_word' id='word_1_135' title='bbox 1697 1881 1825 1920; x_wconf 86' lang='lat' dir='ltr'><strong>vero</strong></span> <span class='ocrx_word' id='word_1_136' title='bbox 1868 1866 2017 1919; x_wconf 85' lang='lat' dir='ltr'><strong>locus</strong></span> 
     </span>
    </p>
   </div>
   <div class='ocr_carea' id='block_1_19' title="bbox 436 1957 2016 2040">
    <p class='ocr_par' dir='ltr' id='par_1_19' title="bbox 436 1957 2016 2040">
     <span class='ocr_line' id='line_1_19' title="bbox 436 1957 2016 2040; baseline -0.01 -13"><span class='ocrx_word' id='word_1_137' title='bbox 436 1975 525 2027; x_wconf 88' lang='lat' dir='ltr'><strong>ille</strong></span> <span class='ocrx_word' id='word_1_138' title='bbox 553 1974 606 2026; x_wconf 93' lang='lat' dir='ltr'><strong>in</strong></span> <span class='ocrx_word' id='word_1_139' title='bbox 649 1986 756 2040; x_wconf 90' lang='lat' dir='ltr'><strong>quo</strong></span> <span class='ocrx_word' id='word_1_140' title='bbox 783 1968 1061 2033; x_wconf 84' lang='lat' dir='ltr'><strong>habitavit,</strong></span> <span class='ocrx_word' id='word_1_141' title='bbox 1097 1973 1349 2034; x_wconf 85' lang='lat' dir='ltr'><strong>perpetua</strong></span> <span class='ocrx_word' id='word_1_142' title='bbox 1375 1961 1627 2015; x_wconf 88' lang='lat' dir='ltr'><strong>memoria</strong></span> <span class='ocrx_word' id='word_1_143' title='bbox 1657 1958 1773 2022; x_wconf 85' lang='lat' dir='ltr'><strong>fuit,</strong></span> <span class='ocrx_word' id='word_1_144' title='bbox 1805 1974 1908 2013; x_wconf 91' lang='lat' dir='ltr'><strong>non</strong></span> <span class='ocrx_word' id='word_1_145' title='bbox 1942 1957 2016 2011; x_wconf 88' lang='lat' dir='ltr'><strong>illi</strong></span> 
     </span>
    </p>
   </div>
   <div class='ocr_carea' id='block_1_20' title="bbox 432 2054 2021 2130">
    <p class='ocr_par' dir='ltr' id='par_1_20' title="bbox 432 2054 2021 2130">
     <span class='ocr_line' id='line_1_20' title="bbox 432 2054 2021 2130; baseline -0.009 -12"><span class='ocrx_word' id='word_1_146' title='bbox 432 2065 552 2130; x_wconf 80' lang='lat' dir='ltr'><strong>soli,</strong></span> <span class='ocrx_word' id='word_1_147' title='bbox 573 2062 666 2117; x_wconf 91' lang='lat' dir='ltr'><strong>sed</strong></span> <span class='ocrx_word' id='word_1_148' title='bbox 694 2070 747 2115; x_wconf 90' lang='lat' dir='ltr'><strong>et</strong></span> <span class='ocrx_word' id='word_1_149' title='bbox 774 2060 983 2117; x_wconf 66' lang='lat' dir='ltr'><strong>sarculis</strong></span> <span class='ocrx_word' id='word_1_150' title='bbox 1009 2055 1411 2129; x_wconf 75' lang='lat' dir='ltr'><strong>posterioribus,</strong></span> <span class='ocrx_word' id='word_1_151' title='bbox 1435 2054 1502 2106; x_wconf 92' lang='lat' dir='ltr'><strong>ob</strong></span> <span class='ocrx_word' id='word_1_152' title='bbox 1528 2062 1811 2107; x_wconf 88' lang='lat' dir='ltr'><strong>tremorem</strong></span> <span class='ocrx_word' id='word_1_153' title='bbox 1840 2061 1891 2105; x_wconf 91' lang='lat' dir='ltr'><strong>et</strong></span> <span class='ocrx_word' id='word_1_154' title='bbox 1914 2066 2021 2103; x_wconf 72' lang='lat' dir='ltr'><strong>mo-</strong></span> 
     </span>
    </p>
   </div>
   <div class='ocr_carea' id='block_1_21' title="bbox 436 2142 2019 2207">
    <p class='ocr_par' dir='ltr' id='par_1_21' title="bbox 436 2142 2019 2207">
     <span class='ocr_line' id='line_1_21' title="bbox 436 2142 2019 2207; baseline -0.008 0"><span class='ocrx_word' id='word_1_155' title='bbox 436 2158 653 2207; x_wconf 89' lang='lat' dir='ltr'><strong>tionem.</strong></span> <span class='ocrx_word' id='word_1_156' title='bbox 704 2150 909 2205; x_wconf 85' lang='lat' dir='ltr'><strong>Nomen</strong></span> <span class='ocrx_word' id='word_1_157' title='bbox 960 2150 1102 2205; x_wconf 89' lang='lat' dir='ltr'><strong>enim</strong></span> <span class='ocrx_word' id='word_1_158' title='bbox 1147 2146 1279 2201; x_wconf 80' lang='lat' dir='ltr'><strong>Nnid</strong></span> <span class='ocrx_word' id='word_1_159' title='bbox 1320 2145 1574 2199; x_wconf 86' lang='lat' dir='ltr'><strong>llebraica</strong></span> <span class='ocrx_word' id='word_1_160' title='bbox 1608 2142 1771 2197; x_wconf 88' lang='lat' dir='ltr'><strong>dictio</strong></span> <span class='ocrx_word' id='word_1_161' title='bbox 1817 2152 1920 2207; x_wconf 89' lang='lat' dir='ltr'><strong>est,</strong></span> <span class='ocrx_word' id='word_1_162' title='bbox 1964 2151 2019 2194; x_wconf 86' lang='lat' dir='ltr'><strong>et</strong></span> 
     </span>
    </p>
   </div>
   <div class='ocr_carea' id='block_1_22' title="bbox 434 2234 2020 2307">
    <p class='ocr_par' dir='ltr' id='par_1_22' title="bbox 434 2234 2020 2307">
     <span class='ocr_line' id='line_1_22' title="bbox 434 2234 2020 2307; baseline -0.009 -8"><span class='ocrx_word' id='word_1_163' title='bbox 434 2248 652 2300; x_wconf 83' lang='lat' dir='ltr'><strong>vertitur</strong></span> <span class='ocrx_word' id='word_1_164' title='bbox 681 2242 987 2298; x_wconf 88' lang='lat' dir='ltr'><strong>commotio.</strong></span> <span class='ocrx_word' id='word_1_165' title='bbox 1021 2240 1203 2307; x_wconf 84' lang='lat' dir='ltr'><strong>itaque</strong></span> <span class='ocrx_word' id='word_1_166' title='bbox 1246 2247 1303 2291; x_wconf 92' lang='lat' dir='ltr'><strong>ut</strong></span> <span class='ocrx_word' id='word_1_167' title='bbox 1347 2236 1549 2293; x_wconf 88' lang='lat' dir='ltr'><strong>crimen</strong></span> <span class='ocrx_word' id='word_1_168' title='bbox 1589 2234 1728 2290; x_wconf 90' lang='lat' dir='ltr'><strong>illius</strong></span> <span class='ocrx_word' id='word_1_169' title='bbox 1761 2240 2020 2303; x_wconf 88' lang='lat' dir='ltr'><strong>perpetuo</strong></span> 
     </span>
    </p>
   </div>
   <div class='ocr_carea' id='block_1_23' title="bbox 435 2328 2018 2400">
    <p class='ocr_par' dir='ltr' id='par_1_23' title="bbox 435 2328 2018 2400">
     <span class='ocr_line' id='line_1_23' title="bbox 435 2328 2018 2400; baseline -0.009 -9"><span class='ocrx_word' id='word_1_170' title='bbox 435 2351 617 2393; x_wconf 85' lang='lat' dir='ltr'><strong>notum</strong></span> <span class='ocrx_word' id='word_1_171' title='bbox 671 2346 814 2392; x_wconf 83' lang='lat' dir='ltr'><strong>esset</strong></span> <span class='ocrx_word' id='word_1_172' title='bbox 864 2336 1023 2390; x_wconf 90' lang='lat' dir='ltr'><strong>etiam</strong></span> <span class='ocrx_word' id='word_1_173' title='bbox 1066 2348 1096 2385; x_wconf 89' lang='lat' dir='ltr'><strong>a</strong></span> <span class='ocrx_word' id='word_1_174' title='bbox 1141 2333 1278 2397; x_wconf 91' lang='lat' dir='ltr'><strong>loco,</strong></span> <span class='ocrx_word' id='word_1_175' title='bbox 1316 2331 1466 2400; x_wconf 88' lang='lat' dir='ltr'><strong>quasi</strong></span> <span class='ocrx_word' id='word_1_176' title='bbox 1499 2328 1552 2381; x_wconf 91' lang='lat' dir='ltr'><strong>in</strong></span> <span class='ocrx_word' id='word_1_177' title='bbox 1586 2328 1832 2382; x_wconf 88' lang='lat' dir='ltr'><strong>columna</strong></span> <span class='ocrx_word' id='word_1_178' title='bbox 1880 2340 2018 2379; x_wconf 74' lang='lat' dir='ltr'><strong>terea</strong></span> 
     </span>
    </p>
   </div>
   <div class='ocr_carea' id='block_1_24' title="bbox 435 2417 2021 2500">
    <p class='ocr_par' dir='ltr' id='par_1_24' title="bbox 435 2417 2021 2500">
     <span class='ocr_line' id='line_1_24' title="bbox 435 2417 2021 2500; baseline -0.009 -16"><span class='ocrx_word' id='word_1_179' title='bbox 435 2431 715 2500; x_wconf 84' lang='lat' dir='ltr'><strong>scriptum,</strong></span> <span class='ocrx_word' id='word_1_180' title='bbox 747 2428 854 2481; x_wconf 90' lang='lat' dir='ltr'><strong>illic</strong></span> <span class='ocrx_word' id='word_1_181' title='bbox 876 2441 995 2479; x_wconf 92' lang='lat' dir='ltr'><strong>eum</strong></span> <span class='ocrx_word' id='word_1_182' title='bbox 1018 2423 1319 2479; x_wconf 88' lang='lat' dir='ltr'><strong>collocavit.</strong></span> <span class='ocrx_word' id='word_1_183' title='bbox 1348 2419 1550 2475; x_wconf 85' lang='lat' dir='ltr'><strong>Deinde</strong></span> <span class='ocrx_word' id='word_1_184' title='bbox 1582 2419 1752 2489; x_wconf 90' lang='lat' dir='ltr'><strong>inquit</strong></span> <span class='ocrx_word' id='word_1_185' title='bbox 1786 2434 1797 2469; x_wconf 96' lang='lat'>:</span> <span class='ocrx_word' id='word_1_186' title='bbox 1834 2418 1920 2471; x_wconf 78' lang='grc' dir='ltr'><strong>Π.</strong></span> <span class='ocrx_word' id='word_1_187' title='bbox 1954 2417 2021 2469; x_wconf 89' lang='lat' dir='ltr'><strong>Et</strong></span> 
     </span>
    </p>
   </div>
   <div class='ocr_carea' id='block_1_25' title="bbox 445 2513 2019 2593">
    <p class='ocr_par' dir='ltr' id='par_1_25' title="bbox 445 2513 2019 2593">
     <span class='ocr_line' id='line_1_25' title="bbox 445 2513 2019 2593; baseline -0.007 -19"><span class='ocrx_word' id='word_1_188' title='bbox 445 2523 673 2593; x_wconf 80' lang='lat' dir='ltr'><strong>cognovit</strong></span> <span class='ocrx_word' id='word_1_189' title='bbox 700 2519 823 2573; x_wconf 87' lang='lat' dir='ltr'><strong>Cain</strong></span> <span class='ocrx_word' id='word_1_190' title='bbox 851 2535 1060 2572; x_wconf 77' lang='lat' dir='ltr'><strong>uxorem</strong></span> <span class='ocrx_word' id='word_1_191' title='bbox 1086 2532 1231 2569; x_wconf 88' lang='lat' dir='ltr'><strong>suam</strong></span> <span class='ocrx_word' id='word_1_192' title='bbox 1259 2531 1277 2568; x_wconf 91' lang='lat'><strong><em>:</em></strong></span> <span class='ocrx_word' id='word_1_193' title='bbox 1310 2524 1354 2568; x_wconf 90' lang='lat' dir='ltr'><strong>et</strong></span> <span class='ocrx_word' id='word_1_194' title='bbox 1376 2530 1488 2568; x_wconf 89' lang='lat' dir='ltr'><strong>cum</strong></span> <span class='ocrx_word' id='word_1_195' title='bbox 1515 2513 1842 2583; x_wconf 83' lang='lat' dir='ltr'><strong>concepisset,</strong></span> <span class='ocrx_word' id='word_1_196' title='bbox 1869 2528 2019 2582; x_wconf 86' lang='lat' dir='ltr'><strong>pepe—</strong></span> 
     </span>
    </p>
   </div>
   <div class='ocr_carea' id='block_1_26' title="bbox 435 2604 2020 2676">
    <p class='ocr_par' dir='ltr' id='par_1_26' title="bbox 435 2604 2020 2676">
     <span class='ocr_line' id='line_1_26' title="bbox 435 2604 2020 2676; baseline -0.006 -10"><span class='ocrx_word' id='word_1_197' title='bbox 435 2617 501 2668; x_wconf 92' lang='lat' dir='ltr'><strong>rit</strong></span> <span class='ocrx_word' id='word_1_198' title='bbox 531 2613 729 2667; x_wconf 88' lang='lat' dir='ltr'><strong>Enoch.</strong></span> <span class='ocrx_word' id='word_1_199' title='bbox 752 2610 1000 2665; x_wconf 75' lang='lat' dir='ltr'><strong>Mortales</strong></span> <span class='ocrx_word' id='word_1_200' title='bbox 1027 2608 1278 2676; x_wconf 84' lang='lat' dir='ltr'><strong>deinceps</strong></span> <span class='ocrx_word' id='word_1_201' title='bbox 1303 2605 1428 2660; x_wconf 81' lang='lat' dir='ltr'><strong>facti</strong></span> <span class='ocrx_word' id='word_1_202' title='bbox 1455 2605 1714 2670; x_wconf 69' lang='lat' dir='ltr'><strong>homines,</strong></span> <span class='ocrx_word' id='word_1_203' title='bbox 1742 2605 1932 2657; x_wconf 87' lang='lat' dir='ltr'><strong>merito</strong></span> <span class='ocrx_word' id='word_1_204' title='bbox 1951 2604 2020 2657; x_wconf 91' lang='lat' dir='ltr'><strong>de</strong></span> 
     </span>
    </p>
   </div>
   <div class='ocr_carea' id='block_1_27' title="bbox 438 2696 2020 2762">
    <p class='ocr_par' dir='ltr' id='par_1_27' title="bbox 438 2696 2020 2762">
     <span class='ocr_line' id='line_1_27' title="bbox 438 2696 2020 2762; baseline -0.009 0"><span class='ocrx_word' id='word_1_205' title='bbox 438 2709 664 2762; x_wconf 76' lang='lat' dir='ltr'><strong>filiorum</strong></span> <span class='ocrx_word' id='word_1_206' title='bbox 691 2703 1035 2760; x_wconf 85' lang='lat' dir='ltr'><strong>successione</strong></span> <span class='ocrx_word' id='word_1_207' title='bbox 1059 2716 1241 2756; x_wconf 84' lang='lat' dir='ltr'><strong>curam</strong></span> <span class='ocrx_word' id='word_1_208' title='bbox 1264 2699 1548 2753; x_wconf 83' lang='lat' dir='ltr'><strong>habebant.</strong></span> <span class='ocrx_word' id='word_1_209' title='bbox 1577 2696 1681 2753; x_wconf 87' lang='lat' dir='ltr'><strong>Sed</strong></span> <span class='ocrx_word' id='word_1_210' title='bbox 1712 2696 1850 2751; x_wconf 83' lang='lat' dir='ltr'><strong>forte</strong></span> <span class='ocrx_word' id='word_1_211' title='bbox 1871 2697 2020 2749; x_wconf 80' lang='lat' dir='ltr'><strong>dixe-</strong></span> 
     </span>
    </p>
   </div>
   <div class='ocr_carea' id='block_1_28' title="bbox 437 2787 2021 2867">
    <p class='ocr_par' dir='ltr' id='par_1_28' title="bbox 437 2787 2021 2867">
     <span class='ocr_line' id='line_1_28' title="bbox 437 2787 2021 2867; baseline -0.008 -15"><span class='ocrx_word' id='word_1_212' title='bbox 437 2802 505 2852; x_wconf 85' lang='lat' dir='ltr'><strong>rit</strong></span> <span class='ocrx_word' id='word_1_213' title='bbox 526 2798 715 2867; x_wconf 85' lang='lat' dir='ltr'><strong>aliquis</strong></span> <span class='ocrx_word' id='word_1_214' title='bbox 747 2811 761 2849; x_wconf 89' lang='lat'><strong>:</strong></span> <span class='ocrx_word' id='word_1_215' title='bbox 808 2793 1108 2861; x_wconf 88' lang='lat' dir='ltr'><strong>Quomodo,</strong></span> <span class='ocrx_word' id='word_1_216' title='bbox 1132 2806 1254 2849; x_wconf 88' lang='lat' dir='ltr'><strong>cum</strong></span> <span class='ocrx_word' id='word_1_217' title='bbox 1284 2790 1553 2858; x_wconf 80' lang='lat' dir='ltr'><strong>Scriptura</strong></span> <span class='ocrx_word' id='word_1_218' title='bbox 1597 2802 1856 2855; x_wconf 86' lang='lat' dir='ltr'><strong>nusquam</strong></span> <span class='ocrx_word' id='word_1_219' title='bbox 1885 2787 2021 2839; x_wconf 88' lang='lat' dir='ltr'><strong>alte-</strong></span> 
     </span>
    </p>
   </div>
   <div class='ocr_carea' id='block_1_29' title="bbox 439 2878 2023 2949">
    <p class='ocr_par' dir='ltr' id='par_1_29' title="bbox 439 2878 2023 2949">
     <span class='ocr_line' id='line_1_29' title="bbox 439 2878 2023 2949; baseline -0.005 -10"><span class='ocrx_word' id='word_1_220' title='bbox 439 2892 549 2943; x_wconf 87' lang='lat' dir='ltr'><strong>rius</strong></span> <span class='ocrx_word' id='word_1_221' title='bbox 598 2887 836 2941; x_wconf 88' lang='lat' dir='ltr'><strong>mulieris</strong></span> <span class='ocrx_word' id='word_1_222' title='bbox 876 2884 1201 2946; x_wconf 89' lang='lat' dir='ltr'><strong>meminerit,</strong></span> <span class='ocrx_word' id='word_1_223' title='bbox 1247 2881 1377 2936; x_wconf 90' lang='lat' dir='ltr'><strong>dicit</strong></span> <span class='ocrx_word' id='word_1_224' title='bbox 1428 2879 1567 2949; x_wconf 91' lang='lat' dir='ltr'><strong>quod</strong></span> <span class='ocrx_word' id='word_1_225' title='bbox 1607 2878 1738 2932; x_wconf 89' lang='lat' dir='ltr'><strong>Cain</strong></span> <span class='ocrx_word' id='word_1_226' title='bbox 1780 2879 2023 2933; x_wconf 83' lang='lat' dir='ltr'><strong>habuerit</strong></span> 
     </span>
    </p>
   </div>
   <div class='ocr_carea' id='block_1_30' title="bbox 438 2970 2024 3042">
    <p class='ocr_par' dir='ltr' id='par_1_30' title="bbox 438 2970 2024 3042">
     <span class='ocr_line' id='line_1_30' title="bbox 438 2970 2024 3042; baseline -0.007 -9"><span class='ocrx_word' id='word_1_227' title='bbox 438 2978 710 3033; x_wconf 76' lang='lat' dir='ltr'><strong>uxorem?</strong></span> <span class='ocrx_word' id='word_1_228' title='bbox 752 2977 829 3031; x_wconf 81' lang='lat' dir='ltr'><strong>Ne</strong></span> <span class='ocrx_word' id='word_1_229' title='bbox 860 2975 1086 3037; x_wconf 89' lang='lat' dir='ltr'><strong>mireris,</strong></span> <span class='ocrx_word' id='word_1_230' title='bbox 1112 2974 1323 3029; x_wconf 86' lang='lat' dir='ltr'><strong>dilecte.</strong></span> <span class='ocrx_word' id='word_1_231' title='bbox 1353 2971 1621 3042; x_wconf 76' lang='lat' dir='ltr'><strong>Nusquam</strong></span> <span class='ocrx_word' id='word_1_232' title='bbox 1654 2970 1794 3024; x_wconf 88' lang='lat' dir='ltr'><strong>enim</strong></span> <span class='ocrx_word' id='word_1_233' title='bbox 1825 2970 2024 3023; x_wconf 90' lang='lat' dir='ltr'><strong>catalo-</strong></span> 
     </span>
    </p>
   </div>
   <div class='ocr_carea' id='block_1_31' title="bbox 437 3063 2021 3140">
    <p class='ocr_par' dir='ltr' id='par_1_31' title="bbox 437 3063 2021 3140">
     <span class='ocr_line' id='line_1_31' title="bbox 437 3063 2021 3140; baseline -0.003 -19"><span class='ocrx_word' id='word_1_234' title='bbox 437 3086 560 3140; x_wconf 76' lang='lat' dir='ltr'><strong>gum</strong></span> <span class='ocrx_word' id='word_1_235' title='bbox 591 3069 871 3122; x_wconf 87' lang='lat' dir='ltr'><strong>mulierum</strong></span> <span class='ocrx_word' id='word_1_236' title='bbox 911 3066 1189 3135; x_wconf 79' lang='lat' dir='ltr'><strong>diligenter</strong></span> <span class='ocrx_word' id='word_1_237' title='bbox 1221 3066 1381 3129; x_wconf 85' lang='lat' dir='ltr'><strong>l&#39;acit;</strong></span> <span class='ocrx_word' id='word_1_238' title='bbox 1412 3065 1503 3117; x_wconf 88' lang='lat' dir='ltr'><strong>sed</strong></span> <span class='ocrx_word' id='word_1_239' title='bbox 1534 3064 1804 3131; x_wconf 84' lang='lat' dir='ltr'><strong>Scriptura</strong></span> <span class='ocrx_word' id='word_1_240' title='bbox 1844 3063 2021 3116; x_wconf 90' lang='lat' dir='ltr'><strong>divina</strong></span> 
     </span>
    </p>
   </div>
   <div class='ocr_carea' id='block_1_32' title="bbox 438 3155 2024 3228">
    <p class='ocr_par' dir='ltr' id='par_1_32' title="bbox 438 3155 2024 3228">
     <span class='ocr_line' id='line_1_32' title="bbox 438 3155 2024 3228; baseline -0.004 -12"><span class='ocrx_word' id='word_1_241' title='bbox 438 3175 634 3216; x_wconf 86' lang='lat' dir='ltr'><strong>cavens</strong></span> <span class='ocrx_word' id='word_1_242' title='bbox 676 3175 743 3213; x_wconf 91' lang='lat' dir='ltr'><strong>ne</strong></span> <span class='ocrx_word' id='word_1_243' title='bbox 785 3158 910 3228; x_wconf 92' lang='lat' dir='ltr'><strong>quid</strong></span> <span class='ocrx_word' id='word_1_244' title='bbox 956 3158 1284 3225; x_wconf 83' lang='lat' dir='ltr'><strong>superﬂuum</strong></span> <span class='ocrx_word' id='word_1_245' title='bbox 1330 3155 1580 3225; x_wconf 82' lang='lat' dir='ltr'><strong>proferat,</strong></span> <span class='ocrx_word' id='word_1_246' title='bbox 1614 3156 1850 3223; x_wconf 84' lang='lat' dir='ltr'><strong>singulos</strong></span> <span class='ocrx_word' id='word_1_247' title='bbox 1881 3155 2024 3209; x_wconf 90' lang='lat' dir='ltr'><strong>viros</strong></span> 
     </span>
    </p>
   </div>
   <div class='ocr_carea' id='block_1_33' title="bbox 441 3246 2024 3314">
    <p class='ocr_par' dir='ltr' id='par_1_33' title="bbox 441 3246 2024 3314">
     <span class='ocr_line' id='line_1_33' title="bbox 441 3246 2024 3314; baseline -0.004 -7"><span class='ocrx_word' id='word_1_248' title='bbox 441 3258 844 3314; x_wconf 85' lang='lat' dir='ltr'><strong>commemorat,</strong></span> <span class='ocrx_word' id='word_1_249' title='bbox 890 3264 997 3302; x_wconf 90' lang='lat' dir='ltr'><strong>non</strong></span> <span class='ocrx_word' id='word_1_250' title='bbox 1049 3265 1235 3302; x_wconf 89' lang='lat' dir='ltr'><strong>omnes</strong></span> <span class='ocrx_word' id='word_1_251' title='bbox 1262 3258 1459 3312; x_wconf 87' lang='lat' dir='ltr'><strong>tamen,</strong></span> <span class='ocrx_word' id='word_1_252' title='bbox 1491 3247 1581 3299; x_wconf 86' lang='lat' dir='ltr'><strong>sed</strong></span> <span class='ocrx_word' id='word_1_253' title='bbox 1631 3247 1842 3299; x_wconf 86' lang='lat' dir='ltr'><strong>brevius</strong></span> <span class='ocrx_word' id='word_1_254' title='bbox 1870 3246 2024 3301; x_wconf 90' lang='lat' dir='ltr'><strong>nobis</strong></span> 
     </span>
    </p>
   </div>
   <div class='ocr_carea' id='block_1_34' title="bbox 442 3338 2025 3411">
    <p class='ocr_par' dir='ltr' id='par_1_34' title="bbox 442 3338 2025 3411">
     <span class='ocr_line' id='line_1_34' title="bbox 442 3338 2025 3411; baseline -0.003 -13"><span class='ocrx_word' id='word_1_255' title='bbox 442 3354 623 3399; x_wconf 83' lang='lat' dir='ltr'><strong>narrat</strong></span> <span class='ocrx_word' id='word_1_256' title='bbox 660 3344 863 3405; x_wconf 88' lang='lat' dir='ltr'><strong>dicens,</strong></span> <span class='ocrx_word' id='word_1_257' title='bbox 910 3341 1049 3411; x_wconf 91' lang='lat' dir='ltr'><strong>quod</strong></span> <span class='ocrx_word' id='word_1_258' title='bbox 1092 3340 1464 3411; x_wconf 84' lang='lat' dir='ltr'><strong>generaverint</strong></span> <span class='ocrx_word' id='word_1_259' title='bbox 1514 3338 1653 3391; x_wconf 65' lang='lat' dir='ltr'><strong>titius</strong></span> <span class='ocrx_word' id='word_1_260' title='bbox 1693 3349 1746 3392; x_wconf 90' lang='lat' dir='ltr'><strong>et</strong></span> <span class='ocrx_word' id='word_1_261' title='bbox 1774 3338 1923 3403; x_wconf 81' lang='lat' dir='ltr'><strong>ﬁlias,</strong></span> <span class='ocrx_word' id='word_1_262' title='bbox 1972 3349 2025 3393; x_wconf 91' lang='lat' dir='ltr'><strong>et</strong></span> 
     </span>
    </p>
   </div>
   <div class='ocr_carea' id='block_1_35' title="bbox 444 3435 2025 3506">
    <p class='ocr_par' dir='ltr' id='par_1_35' title="bbox 444 3435 2025 3506">
     <span class='ocr_line' id='line_1_35' title="bbox 444 3435 2025 3506; baseline -0.002 -14"><span class='ocrx_word' id='word_1_263' title='bbox 444 3437 632 3493; x_wconf 86' lang='lat' dir='ltr'><strong>mortui</strong></span> <span class='ocrx_word' id='word_1_264' title='bbox 652 3438 775 3492; x_wconf 85' lang='lat' dir='ltr'><strong>sint.</strong></span> <span class='ocrx_word' id='word_1_265' title='bbox 800 3436 1098 3491; x_wconf 72' lang='lat' dir='ltr'><strong>Verisimile</strong></span> <span class='ocrx_word' id='word_1_266' title='bbox 1117 3435 1273 3506; x_wconf 78' lang='lat' dir='ltr'><strong>igitur</strong></span> <span class='ocrx_word' id='word_1_267' title='bbox 1292 3446 1371 3489; x_wconf 54' lang='lat' dir='ltr'><strong>est</strong></span> <span class='ocrx_word' id='word_1_268' title='bbox 1398 3436 1555 3487; x_wconf 78' lang='lat' dir='ltr'><strong>Evam</strong></span> <span class='ocrx_word' id='word_1_269' title='bbox 1577 3436 1731 3487; x_wconf 85' lang='lat' dir='ltr'><strong>tiliam</strong></span> <span class='ocrx_word' id='word_1_270' title='bbox 1756 3436 2025 3506; x_wconf 83' lang='lat' dir='ltr'><strong>peperisse</strong></span> 
     </span>
    </p>
   </div>
   <div class='ocr_carea' id='block_1_36' title="bbox 446 3527 2020 3600">
    <p class='ocr_par' dir='ltr' id='par_1_36' title="bbox 446 3527 2020 3600">
     <span class='ocr_line' id='line_1_36' title="bbox 446 3527 2020 3600; baseline -0.002 -18"><span class='ocrx_word' id='word_1_271' title='bbox 446 3538 564 3600; x_wconf 87' lang='lat' dir='ltr'><strong>post</strong></span> <span class='ocrx_word' id='word_1_272' title='bbox 602 3527 730 3583; x_wconf 91' lang='lat' dir='ltr'><strong>Cain</strong></span> <span class='ocrx_word' id='word_1_273' title='bbox 757 3537 813 3582; x_wconf 89' lang='lat' dir='ltr'><strong>et</strong></span> <span class='ocrx_word' id='word_1_274' title='bbox 835 3527 988 3593; x_wconf 87' lang='lat' dir='ltr'><strong>Abel,</strong></span> <span class='ocrx_word' id='word_1_275' title='bbox 1030 3542 1188 3597; x_wconf 89' lang='lat' dir='ltr'><strong>quam</strong></span> <span class='ocrx_word' id='word_1_276' title='bbox 1235 3527 1286 3579; x_wconf 92' lang='lat' dir='ltr'><strong>in</strong></span> <span class='ocrx_word' id='word_1_277' title='bbox 1326 3541 1544 3580; x_wconf 80' lang='lat' dir='ltr'><strong>uxorem</strong></span> <span class='ocrx_word' id='word_1_278' title='bbox 1577 3527 1843 3596; x_wconf 86' lang='lat' dir='ltr'><strong>acceperit</strong></span> <span class='ocrx_word' id='word_1_279' title='bbox 1871 3527 2020 3581; x_wconf 74' lang='lat' dir='ltr'><strong>Cain.</strong></span> 
     </span>
    </p>
   </div>
   <div class='ocr_carea' id='block_1_37' title="bbox 442 3616 2023 3689">
    <p class='ocr_par' dir='ltr' id='par_1_37' title="bbox 442 3616 2023 3689">
     <span class='ocr_line' id='line_1_37' title="bbox 442 3616 2023 3689; baseline -0.003 -14"><span class='ocrx_word' id='word_1_280' title='bbox 442 3621 573 3675; x_wconf 78' lang='lat' dir='ltr'><strong>Nam</strong></span> <span class='ocrx_word' id='word_1_281' title='bbox 612 3620 732 3689; x_wconf 91' lang='lat' dir='ltr'><strong>quia</strong></span> <span class='ocrx_word' id='word_1_282' title='bbox 763 3619 911 3673; x_wconf 91' lang='lat' dir='ltr'><strong>initia</strong></span> <span class='ocrx_word' id='word_1_283' title='bbox 948 3627 1120 3685; x_wconf 85' lang='lat' dir='ltr'><strong>erant,</strong></span> <span class='ocrx_word' id='word_1_284' title='bbox 1153 3616 1485 3687; x_wconf 84' lang='lat' dir='ltr'><strong>debebatque</strong></span> <span class='ocrx_word' id='word_1_285' title='bbox 1520 3618 1703 3687; x_wconf 81' lang='lat' dir='ltr'><strong>augeri</strong></span> <span class='ocrx_word' id='word_1_286' title='bbox 1738 3619 2023 3671; x_wconf 88' lang='lat' dir='ltr'><strong>humanum</strong></span> 
     </span>
    </p>
   </div>
   <div class='ocr_carea' id='block_1_38' title="bbox 441 3708 2025 3783">
    <p class='ocr_par' dir='ltr' id='par_1_38' title="bbox 441 3708 2025 3783">
     <span class='ocr_line' id='line_1_38' title="bbox 441 3708 2025 3783; baseline -0.001 -17"><span class='ocrx_word' id='word_1_287' title='bbox 441 3728 627 3783; x_wconf 86' lang='lat' dir='ltr'><strong>genus,</strong></span> <span class='ocrx_word' id='word_1_288' title='bbox 677 3724 891 3765; x_wconf 90' lang='lat' dir='ltr'><strong>sorores</strong></span> <span class='ocrx_word' id='word_1_289' title='bbox 935 3720 991 3763; x_wconf 93' lang='lat' dir='ltr'><strong>ut</strong></span> <span class='ocrx_word' id='word_1_290' title='bbox 1042 3708 1318 3771; x_wconf 86' lang='lat' dir='ltr'><strong>ducerent,</strong></span> <span class='ocrx_word' id='word_1_291' title='bbox 1353 3708 1765 3763; x_wconf 84' lang='lat' dir='ltr'><strong>concedebatur.</strong></span> <span class='ocrx_word' id='word_1_292' title='bbox 1800 3709 1865 3761; x_wconf 87' lang='lat' dir='ltr'><strong>Et</strong></span> <span class='ocrx_word' id='word_1_293' title='bbox 1906 3709 2025 3765; x_wconf 84' lang='lat' dir='ltr'><strong>ideo</strong></span> 
     </span>
    </p>
   </div>
   <div class='ocr_carea' id='block_1_39' title="bbox 444 3800 2027 3871">
    <p class='ocr_par' dir='ltr' id='par_1_39' title="bbox 444 3800 2027 3871">
     <span class='ocr_line' id='line_1_39' title="bbox 444 3800 2027 3871; baseline -0.007 -12"><span class='ocrx_word' id='word_1_294' title='bbox 444 3807 558 3860; x_wconf 61' lang='lat' dir='ltr'><strong>haec</strong></span> <span class='ocrx_word' id='word_1_295' title='bbox 587 3804 739 3858; x_wconf 90' lang='lat' dir='ltr'><strong>nobis</strong></span> <span class='ocrx_word' id='word_1_296' title='bbox 764 3802 1111 3870; x_wconf 88' lang='lat' dir='ltr'><strong>conjectanda</strong></span> <span class='ocrx_word' id='word_1_297' title='bbox 1141 3802 1391 3871; x_wconf 84' lang='lat' dir='ltr'><strong>relinquit</strong></span> <span class='ocrx_word' id='word_1_298' title='bbox 1410 3800 1705 3869; x_wconf 84' lang='lat' dir='ltr'><strong>Scriptura.</strong></span> <span class='ocrx_word' id='word_1_299' title='bbox 1728 3809 1782 3853; x_wconf 93' lang='lat' dir='ltr'><strong>et</strong></span> <span class='ocrx_word' id='word_1_300' title='bbox 1811 3800 1910 3855; x_wconf 90' lang='lat' dir='ltr'><strong>hoc</strong></span> <span class='ocrx_word' id='word_1_301' title='bbox 1934 3816 2027 3853; x_wconf 89' lang='lat' dir='ltr'><strong>so-</strong></span> 
     </span>
    </p>
   </div>
   <div class='ocr_carea' id='block_1_40' title="bbox 444 3889 2026 3961">
    <p class='ocr_par' dir='ltr' id='par_1_40' title="bbox 444 3889 2026 3961">
     <span class='ocr_line' id='line_1_40' title="bbox 444 3889 2026 3961; baseline -0.003 -13"><span class='ocrx_word' id='word_1_302' title='bbox 444 3898 548 3949; x_wconf 89' lang='lat' dir='ltr'><strong>lum</strong></span> <span class='ocrx_word' id='word_1_303' title='bbox 582 3904 761 3948; x_wconf 89' lang='lat' dir='ltr'><strong>narrat</strong></span> <span class='ocrx_word' id='word_1_304' title='bbox 784 3893 968 3947; x_wconf 86' lang='lat' dir='ltr'><strong>dicens</strong></span> <span class='ocrx_word' id='word_1_305' title='bbox 1002 3909 1013 3942; x_wconf 90' lang='lat'>:</span> <span class='ocrx_word' id='word_1_306' title='bbox 1050 3890 1114 3945; x_wconf 87' lang='lat' dir='ltr'><strong>Et</strong></span> <span class='ocrx_word' id='word_1_307' title='bbox 1140 3893 1365 3961; x_wconf 85' lang='lat' dir='ltr'><strong>cognovit</strong></span> <span class='ocrx_word' id='word_1_308' title='bbox 1391 3889 1515 3945; x_wconf 85' lang='lat' dir='ltr'><strong>Cain</strong></span> <span class='ocrx_word' id='word_1_309' title='bbox 1546 3907 1753 3944; x_wconf 74' lang='lat' dir='ltr'><strong>uxorem</strong></span> <span class='ocrx_word' id='word_1_310' title='bbox 1774 3907 1943 3955; x_wconf 88' lang='lat' dir='ltr'><strong>suam,</strong></span> <span class='ocrx_word' id='word_1_311' title='bbox 1978 3900 2026 3943; x_wconf 90' lang='lat' dir='ltr'><strong>et</strong></span> 
     </span>
    </p>
   </div>
   <div class='ocr_carea' id='block_1_41' title="bbox 445 3982 2024 4057">
    <p class='ocr_par' dir='ltr' id='par_1_41' title="bbox 445 3982 2024 4057">
     <span class='ocr_line' id='line_1_41' title="bbox 445 3982 2024 4057; baseline -0.004 -15"><span class='ocrx_word' id='word_1_312' title='bbox 445 4006 556 4043; x_wconf 85' lang='lat' dir='ltr'><strong>cum</strong></span> <span class='ocrx_word' id='word_1_313' title='bbox 585 3985 908 4057; x_wconf 86' lang='lat' dir='ltr'><strong>concepisset,</strong></span> <span class='ocrx_word' id='word_1_314' title='bbox 934 3985 1122 4056; x_wconf 86' lang='lat' dir='ltr'><strong>peperit</strong></span> <span class='ocrx_word' id='word_1_315' title='bbox 1160 3983 1355 4038; x_wconf 83' lang='lat' dir='ltr'><strong>Enoch.</strong></span> <span class='ocrx_word' id='word_1_316' title='bbox 1382 3982 1447 4036; x_wconf 83' lang='lat' dir='ltr'><strong>Et</strong></span> <span class='ocrx_word' id='word_1_317' title='bbox 1474 3994 1579 4036; x_wconf 85' lang='lat' dir='ltr'><strong>erat</strong></span> <span class='ocrx_word' id='word_1_318' title='bbox 1610 3983 1872 4049; x_wconf 77' lang='lat' dir='ltr'><strong>tedi/icans</strong></span> <span class='ocrx_word' id='word_1_319' title='bbox 1899 3983 2024 4035; x_wconf 84' lang='lat' dir='ltr'><strong>civi-</strong></span> 
     </span>
    </p>
   </div>
   <div class='ocr_carea' id='block_1_42' title="bbox 446 4074 2029 4147">
    <p class='ocr_par' dir='ltr' id='par_1_42' title="bbox 446 4074 2029 4147">
     <span class='ocr_line' id='line_1_42' title="bbox 446 4074 2029 4147; baseline -0.004 -13"><span class='ocrx_word' id='word_1_320' title='bbox 446 4091 595 4135; x_wconf 87' lang='lat' dir='ltr'><strong>tatem</strong></span> <span class='ocrx_word' id='word_1_321' title='bbox 619 4081 671 4133; x_wconf 87' lang='lat' dir='ltr'><strong>in</strong></span> <span class='ocrx_word' id='word_1_322' title='bbox 693 4078 890 4132; x_wconf 86' lang='lat' dir='ltr'><strong>nomine</strong></span> <span class='ocrx_word' id='word_1_323' title='bbox 919 4077 1013 4146; x_wconf 83' lang='lat' dir='ltr'><strong>ﬁlii</strong></span> <span class='ocrx_word' id='word_1_324' title='bbox 1039 4079 1120 4130; x_wconf 87' lang='lat' dir='ltr'><strong>sui</strong></span> <span class='ocrx_word' id='word_1_325' title='bbox 1148 4074 1343 4129; x_wconf 81' lang='lat' dir='ltr'><strong>Enoch.</strong></span> <span class='ocrx_word' id='word_1_326' title='bbox 1378 4075 1507 4129; x_wconf 82' lang='lat' dir='ltr'><strong>Vide</strong></span> <span class='ocrx_word' id='word_1_327' title='bbox 1550 4074 1814 4145; x_wconf 90' lang='lat' dir='ltr'><strong>quomodo</strong></span> <span class='ocrx_word' id='word_1_328' title='bbox 1849 4075 2029 4147; x_wconf 86' lang='lat' dir='ltr'><strong>paula-</strong></span> 
     </span>
    </p>
   </div>
   <div class='ocr_carea' id='block_1_43' title="bbox 450 4168 2032 4236">
    <p class='ocr_par' dir='ltr' id='par_1_43' title="bbox 450 4168 2032 4236">
     <span class='ocr_line' id='line_1_43' title="bbox 450 4168 2032 4236; baseline -0.004 -9"><span class='ocrx_word' id='word_1_329' title='bbox 450 4176 542 4228; x_wconf 90' lang='lat' dir='ltr'><strong>tim</strong></span> <span class='ocrx_word' id='word_1_330' title='bbox 566 4173 931 4227; x_wconf 89' lang='lat' dir='ltr'><strong>instituuntur.</strong></span> <span class='ocrx_word' id='word_1_331' title='bbox 960 4169 1092 4236; x_wconf 87' lang='lat' dir='ltr'><strong>Quia</strong></span> <span class='ocrx_word' id='word_1_332' title='bbox 1123 4170 1263 4222; x_wconf 91' lang='lat' dir='ltr'><strong>enim</strong></span> <span class='ocrx_word' id='word_1_333' title='bbox 1312 4168 1566 4222; x_wconf 90' lang='lat' dir='ltr'><strong>mortales</strong></span> <span class='ocrx_word' id='word_1_334' title='bbox 1595 4176 1901 4233; x_wconf 87' lang='lat' dir='ltr'><strong>evaserant,</strong></span> <span class='ocrx_word' id='word_1_335' title='bbox 1931 4169 2032 4221; x_wconf 81' lang='lat' dir='ltr'><strong>im-</strong></span> 
     </span>
    </p>
   </div>
   <div class='ocr_carea' id='block_1_44' title="bbox 450 4258 2029 4330">
    <p class='ocr_par' dir='ltr' id='par_1_44' title="bbox 450 4258 2029 4330">
     <span class='ocr_line' id='line_1_44' title="bbox 450 4258 2029 4330; baseline -0.006 -10"><span class='ocrx_word' id='word_1_336' title='bbox 450 4264 728 4320; x_wconf 87' lang='lat' dir='ltr'><strong>mortalem</strong></span> <span class='ocrx_word' id='word_1_337' title='bbox 758 4277 908 4319; x_wconf 86' lang='lat' dir='ltr'><strong>suam</strong></span> <span class='ocrx_word' id='word_1_338' title='bbox 936 4260 1249 4315; x_wconf 88' lang='lat' dir='ltr'><strong>memoriam</strong></span> <span class='ocrx_word' id='word_1_339' title='bbox 1281 4258 1458 4315; x_wconf 81' lang='lat' dir='ltr'><strong>facere</strong></span> <span class='ocrx_word' id='word_1_340' title='bbox 1483 4260 1766 4313; x_wconf 85' lang='lat' dir='ltr'><strong>voluerunt</strong></span> <span class='ocrx_word' id='word_1_341' title='bbox 1791 4301 1805 4325; x_wconf 95' lang='lat'><strong>,</strong></span> <span class='ocrx_word' id='word_1_342' title='bbox 1834 4259 2029 4330; x_wconf 87' lang='lat' dir='ltr'><strong>partim</strong></span> 
     </span>
    </p>
   </div>
   <div class='ocr_carea' id='block_1_45' title="bbox 449 4349 2034 4426">
    <p class='ocr_par' dir='ltr' id='par_1_45' title="bbox 449 4349 2034 4426">
     <span class='ocr_line' id='line_1_45' title="bbox 449 4349 2034 4426; baseline -0.006 -13"><span class='ocrx_word' id='word_1_343' title='bbox 449 4374 516 4413; x_wconf 79' lang='lat' dir='ltr'><strong>ex</strong></span> <span class='ocrx_word' id='word_1_344' title='bbox 544 4355 666 4410; x_wconf 87' lang='lat' dir='ltr'><strong>tiliis</strong></span> <span class='ocrx_word' id='word_1_345' title='bbox 690 4369 825 4426; x_wconf 89' lang='lat' dir='ltr'><strong>quos</strong></span> <span class='ocrx_word' id='word_1_346' title='bbox 866 4353 1223 4425; x_wconf 88' lang='lat' dir='ltr'><strong>generabant,</strong></span> <span class='ocrx_word' id='word_1_347' title='bbox 1255 4353 1446 4422; x_wconf 91' lang='lat' dir='ltr'><strong>partim</strong></span> <span class='ocrx_word' id='word_1_348' title='bbox 1477 4366 1545 4406; x_wconf 81' lang='lat' dir='ltr'><strong>ex</strong></span> <span class='ocrx_word' id='word_1_349' title='bbox 1576 4351 1705 4405; x_wconf 84' lang='lat' dir='ltr'><strong>locis</strong></span> <span class='ocrx_word' id='word_1_350' title='bbox 1734 4350 1929 4421; x_wconf 90' lang='lat' dir='ltr'><strong>quibus</strong></span> <span class='ocrx_word' id='word_1_351' title='bbox 1974 4349 2034 4403; x_wconf 88' lang='lat' dir='ltr'><strong>ti-</strong></span> 
     </span>
    </p>
   </div>
   <div class='ocr_carea' id='block_1_46' title="bbox 449 4442 2031 4515">
    <p class='ocr_par' dir='ltr' id='par_1_46' title="bbox 449 4442 2031 4515">
     <span class='ocr_line' id='line_1_46' title="bbox 449 4442 2031 4515; baseline -0.006 -10"><span class='ocrx_word' id='word_1_352' title='bbox 449 4451 639 4505; x_wconf 88' lang='lat' dir='ltr'><strong>liorum</strong></span> <span class='ocrx_word' id='word_1_353' title='bbox 662 4447 874 4502; x_wconf 89' lang='lat' dir='ltr'><strong>nomina</strong></span> <span class='ocrx_word' id='word_1_354' title='bbox 904 4445 1267 4515; x_wconf 91' lang='lat' dir='ltr'><strong>imponebant.</strong></span> <span class='ocrx_word' id='word_1_355' title='bbox 1298 4444 1425 4500; x_wconf 56' lang='lat' dir='ltr'><strong>Haec</strong></span> <span class='ocrx_word' id='word_1_356' title='bbox 1454 4445 1629 4498; x_wconf 89' lang='lat' dir='ltr'><strong>omnia</strong></span> <span class='ocrx_word' id='word_1_357' title='bbox 1654 4444 1774 4515; x_wconf 84' lang='lat' dir='ltr'><strong>jure</strong></span> <span class='ocrx_word' id='word_1_358' title='bbox 1800 4442 1921 4513; x_wconf 92' lang='lat' dir='ltr'><strong>quis</strong></span> <span class='ocrx_word' id='word_1_359' title='bbox 1949 4442 2031 4496; x_wconf 88' lang='lat' dir='ltr'><strong>di-</strong></span> 
     </span>
    </p>
   </div>
   <div class='ocr_carea' id='block_1_47' title="bbox 448 4533 2032 4609">
    <p class='ocr_par' dir='ltr' id='par_1_47' title="bbox 448 4533 2032 4609">
     <span class='ocr_line' id='line_1_47' title="bbox 448 4533 2032 4609; baseline -0.007 -12"><span class='ocrx_word' id='word_1_360' title='bbox 448 4549 596 4597; x_wconf 84' lang='lat' dir='ltr'><strong>ceret</strong></span> <span class='ocrx_word' id='word_1_361' title='bbox 627 4550 964 4609; x_wconf 83' lang='lat' dir='ltr'><strong>peccatorum</strong></span> <span class='ocrx_word' id='word_1_362' title='bbox 992 4539 1349 4602; x_wconf 89' lang='lat' dir='ltr'><strong>monimenta,</strong></span> <span class='ocrx_word' id='word_1_363' title='bbox 1386 4550 1594 4590; x_wconf 88' lang='lat' dir='ltr'><strong>necnon</strong></span> <span class='ocrx_word' id='word_1_364' title='bbox 1637 4535 1816 4603; x_wconf 89' lang='lat' dir='ltr'><strong>lapsus</strong></span> <span class='ocrx_word' id='word_1_365' title='bbox 1858 4550 1888 4587; x_wconf 91' lang='lat' dir='ltr'><strong>a</strong></span> <span class='ocrx_word' id='word_1_366' title='bbox 1920 4533 2032 4603; x_wconf 88' lang='lat' dir='ltr'><strong>pri-</strong></span> 
     </span>
    </p>
   </div>
   <div class='ocr_carea' id='block_1_48' title="bbox 452 4624 2035 4703">
    <p class='ocr_par' dir='ltr' id='par_1_48' title="bbox 452 4624 2035 4703">
     <span class='ocr_line' id='line_1_48' title="bbox 452 4624 2035 4703; baseline -0.008 -12"><span class='ocrx_word' id='word_1_367' title='bbox 452 4645 588 4691; x_wconf 80' lang='lat' dir='ltr'><strong>stina</strong></span> <span class='ocrx_word' id='word_1_368' title='bbox 603 4631 793 4703; x_wconf 79' lang='lat' dir='ltr'><strong>gloria,</strong></span> <span class='ocrx_word' id='word_1_369' title='bbox 814 4630 863 4683; x_wconf 92' lang='lat' dir='ltr'><strong>in</strong></span> <span class='ocrx_word' id='word_1_370' title='bbox 883 4645 987 4700; x_wconf 88' lang='lat' dir='ltr'><strong>qua</strong></span> <span class='ocrx_word' id='word_1_371' title='bbox 1001 4644 1119 4682; x_wconf 91' lang='lat' dir='ltr'><strong>eum</strong></span> <span class='ocrx_word' id='word_1_372' title='bbox 1140 4638 1337 4693; x_wconf 91' lang='lat' dir='ltr'><strong>essent,</strong></span> <span class='ocrx_word' id='word_1_373' title='bbox 1361 4627 1506 4681; x_wconf 92' lang='lat' dir='ltr'><strong>nullo</strong></span> <span class='ocrx_word' id='word_1_374' title='bbox 1520 4625 1711 4679; x_wconf 91' lang='lat' dir='ltr'><strong>horum</strong></span> <span class='ocrx_word' id='word_1_375' title='bbox 1730 4624 2035 4694; x_wconf 79' lang='lat' dir='ltr'><strong>indigebant</strong></span> 
     </span>
    </p>
   </div>
   <div class='ocr_carea' id='block_1_49' title="bbox 453 4716 2035 4789">
    <p class='ocr_par' dir='ltr' id='par_1_49' title="bbox 453 4716 2035 4789">
     <span class='ocr_line' id='line_1_49' title="bbox 453 4716 2035 4789; baseline -0.006 -10"><span class='ocrx_word' id='word_1_376' title='bbox 453 4724 622 4779; x_wconf 82' lang='lat' dir='ltr'><strong>Adam</strong></span> <span class='ocrx_word' id='word_1_377' title='bbox 652 4731 707 4777; x_wconf 87' lang='lat' dir='ltr'><strong>et</strong></span> <span class='ocrx_word' id='word_1_378' title='bbox 733 4722 861 4786; x_wconf 83' lang='lat' dir='ltr'><strong>Eva,</strong></span> <span class='ocrx_word' id='word_1_379' title='bbox 906 4731 1089 4789; x_wconf 90' lang='lat' dir='ltr'><strong>utp0te</strong></span> <span class='ocrx_word' id='word_1_380' title='bbox 1136 4719 1386 4773; x_wconf 85' lang='lat' dir='ltr'><strong>omnibus</strong></span> <span class='ocrx_word' id='word_1_381' title='bbox 1437 4718 1762 4786; x_wconf 88' lang='lat' dir='ltr'><strong>superiores,</strong></span> <span class='ocrx_word' id='word_1_382' title='bbox 1810 4726 1864 4770; x_wconf 90' lang='lat' dir='ltr'><strong>et</strong></span> <span class='ocrx_word' id='word_1_383' title='bbox 1906 4716 2035 4769; x_wconf 90' lang='lat' dir='ltr'><strong>nihil</strong></span> 
     </span>
    </p>
   </div>
   <div class='ocr_carea' id='block_1_50' title="bbox 452 4806 2034 4878">
    <p class='ocr_par' dir='ltr' id='par_1_50' title="bbox 452 4806 2034 4878">
     <span class='ocr_line' id='line_1_50' title="bbox 452 4806 2034 4878; baseline -0.004 -11"><span class='ocrx_word' id='word_1_384' title='bbox 452 4814 686 4868; x_wconf 80' lang='lat' dir='ltr'><strong>obnoxii.</strong></span> <span class='ocrx_word' id='word_1_385' title='bbox 716 4813 803 4866; x_wconf 76' lang='lat' dir='ltr'><strong>l8.</strong></span> <span class='ocrx_word' id='word_1_386' title='bbox 838 4811 1003 4865; x_wconf 89' lang='lat' dir='ltr'><strong>Porro</strong></span> <span class='ocrx_word' id='word_1_387' title='bbox 1034 4810 1212 4863; x_wconf 83' lang='lat' dir='ltr'><strong>Enoclt</strong></span> <span class='ocrx_word' id='word_1_388' title='bbox 1251 4810 1350 4878; x_wconf 85' lang='lat' dir='ltr'><strong>ipsi</strong></span> <span class='ocrx_word' id='word_1_389' title='bbox 1391 4819 1539 4861; x_wconf 86' lang='lat' dir='ltr'><strong>natus</strong></span> <span class='ocrx_word' id='word_1_390' title='bbox 1564 4816 1655 4871; x_wconf 89' lang='lat' dir='ltr'><strong>est,</strong></span> <span class='ocrx_word' id='word_1_391' title='bbox 1693 4807 1885 4876; x_wconf 86' lang='lat' dir='ltr'><strong>inquit,</strong></span> <span class='ocrx_word' id='word_1_392' title='bbox 1908 4806 2034 4861; x_wconf 80' lang='lat' dir='ltr'><strong>Gai—</strong></span> 
     </span>
    </p>
   </div>
   <div class='ocr_carea' id='block_1_51' title="bbox 454 4898 2037 4972">
    <p class='ocr_par' dir='ltr' id='par_1_51' title="bbox 454 4898 2037 4972">
     <span class='ocr_line' id='line_1_51' title="bbox 454 4898 2037 4972; baseline -0.004 -15"><span class='ocrx_word' id='word_1_393' title='bbox 454 4906 577 4969; x_wconf 90' lang='lat' dir='ltr'><strong>dad,</strong></span> <span class='ocrx_word' id='word_1_394' title='bbox 607 4914 652 4957; x_wconf 83' lang='lat' dir='ltr'><strong>et</strong></span> <span class='ocrx_word' id='word_1_395' title='bbox 680 4902 879 4957; x_wconf 77' lang='lat' dir='ltr'><strong>Gaidad</strong></span> <span class='ocrx_word' id='word_1_396' title='bbox 900 4902 1068 4972; x_wconf 87' lang='lat' dir='ltr'><strong>genuit</strong></span> <span class='ocrx_word' id='word_1_397' title='bbox 1100 4902 1152 4955; x_wconf 83' lang='grc' dir='ltr'><em>Μ</em></span> <span class='ocrx_word' id='word_1_398' title='bbox 1160 4901 1355 4965; x_wconf 85' lang='lat' dir='ltr'><strong>aleleel,</strong></span> <span class='ocrx_word' id='word_1_399' title='bbox 1386 4910 1433 4952; x_wconf 90' lang='lat' dir='ltr'><strong>et</strong></span> <span class='ocrx_word' id='word_1_400' title='bbox 1462 4898 1697 4952; x_wconf 82' lang='lat' dir='ltr'><strong>Maleleel</strong></span> <span class='ocrx_word' id='word_1_401' title='bbox 1725 4901 1893 4969; x_wconf 89' lang='lat' dir='ltr'><strong>genuit</strong></span> <span class='ocrx_word' id='word_1_402' title='bbox 1922 4899 1974 4951; x_wconf 83' lang='grc' dir='ltr'><em>Μ</em></span> <span class='ocrx_word' id='word_1_403' title='bbox 1983 4917 2037 4951; x_wconf 89' lang='lat' dir='ltr'><strong>a-</strong></span> 
     </span>
    </p>
   </div>
   <div class='ocr_carea' id='block_1_52' title="bbox 454 4991 2036 5064">
    <p class='ocr_par' dir='ltr' id='par_1_52' title="bbox 454 4991 2036 5064">
     <span class='ocr_line' id='line_1_52' title="bbox 454 4991 2036 5064; baseline -0.003 -16"><span class='ocrx_word' id='word_1_404' title='bbox 454 4997 675 5063; x_wconf 78' lang='lat' dir='ltr'><strong>thusala,</strong></span> <span class='ocrx_word' id='word_1_405' title='bbox 704 5006 749 5048; x_wconf 87' lang='lat' dir='ltr'><strong>et</strong></span> <span class='ocrx_word' id='word_1_406' title='bbox 776 4994 1065 5048; x_wconf 79' lang='lat' dir='ltr'><strong>Mathusala</strong></span> <span class='ocrx_word' id='word_1_407' title='bbox 1088 4998 1255 5064; x_wconf 86' lang='lat' dir='ltr'><strong>genuit</strong></span> <span class='ocrx_word' id='word_1_408' title='bbox 1284 4992 1522 5046; x_wconf 82' lang='lat' dir='ltr'><strong>Lameclt.</strong></span> <span class='ocrx_word' id='word_1_409' title='bbox 1552 4991 1712 5047; x_wconf 74' lang='lat' dir='ltr'><strong>Vides</strong></span> <span class='ocrx_word' id='word_1_410' title='bbox 1737 5008 1892 5061; x_wconf 85' lang='lat' dir='ltr'><strong>quam</strong></span> <span class='ocrx_word' id='word_1_411' title='bbox 1913 5008 2036 5044; x_wconf 82' lang='lat' dir='ltr'><strong>cur-</strong></span> 
     </span>
    </p>
   </div>
   <div class='ocr_carea' id='block_1_53' title="bbox 456 5084 2036 5156">
    <p class='ocr_par' dir='ltr' id='par_1_53' title="bbox 456 5084 2036 5156">
     <span class='ocr_line' id='line_1_53' title="bbox 456 5084 2036 5156; baseline -0.003 -14"><span class='ocrx_word' id='word_1_412' title='bbox 456 5090 554 5143; x_wconf 84' lang='lat' dir='ltr'><strong>sim</strong></span> <span class='ocrx_word' id='word_1_413' title='bbox 593 5088 779 5140; x_wconf 87' lang='lat' dir='ltr'><strong>transit</strong></span> <span class='ocrx_word' id='word_1_414' title='bbox 800 5087 1172 5156; x_wconf 81' lang='lat' dir='ltr'><strong>genealogias;</strong></span> <span class='ocrx_word' id='word_1_415' title='bbox 1203 5085 1438 5138; x_wconf 86' lang='lat' dir='ltr'><strong>virorum</strong></span> <span class='ocrx_word' id='word_1_416' title='bbox 1468 5092 1671 5137; x_wconf 90' lang='lat' dir='ltr'><strong>tantum</strong></span> <span class='ocrx_word' id='word_1_417' title='bbox 1713 5084 2036 5137; x_wconf 89' lang='lat' dir='ltr'><strong>mentionem</strong></span> 
     </span>
    </p>
   </div>
   <div class='ocr_carea' id='block_1_54' title="bbox 458 5173 2035 5245">
    <p class='ocr_par' dir='ltr' id='par_1_54' title="bbox 458 5173 2035 5245">
     <span class='ocr_line' id='line_1_54' title="bbox 458 5173 2035 5245; baseline -0.003 -14"><span class='ocrx_word' id='word_1_418' title='bbox 458 5178 584 5232; x_wconf 76' lang='lat' dir='ltr'><strong>facit</strong></span> <span class='ocrx_word' id='word_1_419' title='bbox 612 5176 800 5231; x_wconf 88' lang='lat' dir='ltr'><strong>beatus</strong></span> <span class='ocrx_word' id='word_1_420' title='bbox 835 5177 944 5240; x_wconf 92' lang='lat' dir='ltr'><strong>ille,</strong></span> <span class='ocrx_word' id='word_1_421' title='bbox 997 5190 1256 5245; x_wconf 86' lang='lat' dir='ltr'><strong>nusquam</strong></span> <span class='ocrx_word' id='word_1_422' title='bbox 1281 5190 1408 5228; x_wconf 86' lang='lat' dir='ltr'><strong>vero</strong></span> <span class='ocrx_word' id='word_1_423' title='bbox 1446 5173 1728 5228; x_wconf 89' lang='lat' dir='ltr'><strong>mulierum</strong></span> <span class='ocrx_word' id='word_1_424' title='bbox 1775 5175 2035 5227; x_wconf 89' lang='lat' dir='ltr'><strong>meminit.</strong></span> 
     </span>
    </p>
   </div>
   <div class='ocr_carea' id='block_1_55' title="bbox 457 5264 2041 5337">
    <p class='ocr_par' dir='ltr' id='par_1_55' title="bbox 457 5264 2041 5337">
     <span class='ocr_line' id='line_1_55' title="bbox 457 5264 2041 5337; baseline -0.004 -13"><span class='ocrx_word' id='word_1_425' title='bbox 457 5268 563 5324; x_wconf 75' lang='lat' dir='ltr'><strong>Sed</strong></span> <span class='ocrx_word' id='word_1_426' title='bbox 616 5267 1061 5337; x_wconf 87' lang='lat' dir='ltr'><strong>quemadmodum</strong></span> <span class='ocrx_word' id='word_1_427' title='bbox 1110 5267 1179 5321; x_wconf 93' lang='lat' dir='ltr'><strong>de</strong></span> <span class='ocrx_word' id='word_1_428' title='bbox 1221 5266 1351 5320; x_wconf 88' lang='lat' dir='ltr'><strong>Cain</strong></span> <span class='ocrx_word' id='word_1_429' title='bbox 1404 5265 1603 5321; x_wconf 88' lang='lat' dir='ltr'><strong>dictum</strong></span> <span class='ocrx_word' id='word_1_430' title='bbox 1651 5276 1754 5331; x_wconf 88' lang='lat' dir='ltr'><strong>est,</strong></span> <span class='ocrx_word' id='word_1_431' title='bbox 1798 5264 2041 5336; x_wconf 83' lang='lat' dir='ltr'><strong>Cognovit</strong></span> 
     </span>
    </p>
   </div>
   <div class='ocr_carea' id='block_1_56' title="bbox 441 5348 2040 5433">
    <p class='ocr_par' dir='ltr' id='par_1_56' title="bbox 441 5348 2040 5433">
     <span class='ocr_line' id='line_1_56' title="bbox 441 5348 2040 5433; baseline -0.002 -21"><span class='ocrx_word' id='word_1_432' title='bbox 441 5348 666 5433; x_wconf 23' lang='lat' dir='ltr'><strong>iumrem</strong></span> <span class='ocrx_word' id='word_1_433' title='bbox 694 5376 858 5425; x_wconf 89' lang='lat' dir='ltr'><strong>suam,</strong></span> <span class='ocrx_word' id='word_1_434' title='bbox 889 5373 1009 5412; x_wconf 91' lang='lat' dir='ltr'><strong>cum</strong></span> <span class='ocrx_word' id='word_1_435' title='bbox 1035 5372 1294 5427; x_wconf 90' lang='lat' dir='ltr'><strong>nusquam</strong></span> <span class='ocrx_word' id='word_1_436' title='bbox 1322 5372 1423 5411; x_wconf 89' lang='lat' dir='ltr'><strong>nos</strong></span> <span class='ocrx_word' id='word_1_437' title='bbox 1473 5356 1737 5418; x_wconf 89' lang='lat' dir='ltr'><strong>docuerit,</strong></span> <span class='ocrx_word' id='word_1_438' title='bbox 1770 5372 1939 5426; x_wconf 88' lang='lat' dir='ltr'><strong>neque</strong></span> <span class='ocrx_word' id='word_1_439' title='bbox 1959 5356 2040 5410; x_wconf 90' lang='lat' dir='ltr'><strong>di-</strong></span> 
     </span>
    </p>
   </div>
   <div class='ocr_carea' id='block_1_57' title="bbox 460 5448 2037 5517">
    <p class='ocr_par' dir='ltr' id='par_1_57' title="bbox 460 5448 2037 5517">
     <span class='ocr_line' id='line_1_57' title="bbox 460 5448 2037 5517; baseline -0.002 -13"><span class='ocrx_word' id='word_1_440' title='bbox 460 5452 598 5506; x_wconf 77' lang='lat' dir='ltr'><strong>xerit</strong></span> <span class='ocrx_word' id='word_1_441' title='bbox 625 5451 766 5505; x_wconf 89' lang='lat' dir='ltr'><strong>unde</strong></span> <span class='ocrx_word' id='word_1_442' title='bbox 791 5449 1033 5506; x_wconf 85' lang='lat' dir='ltr'><strong>habuerit</strong></span> <span class='ocrx_word' id='word_1_443' title='bbox 1051 5463 1272 5504; x_wconf 79' lang='lat' dir='ltr'><strong>uxorem</strong></span> <span class='ocrx_word' id='word_1_444' title='bbox 1300 5468 1314 5504; x_wconf 90' lang='lat'><strong>:</strong></span> <span class='ocrx_word' id='word_1_445' title='bbox 1338 5450 1415 5503; x_wconf 92' lang='lat' dir='ltr'><strong>sic</strong></span> <span class='ocrx_word' id='word_1_446' title='bbox 1444 5464 1572 5503; x_wconf 88' lang='lat' dir='ltr'><strong>sane</strong></span> <span class='ocrx_word' id='word_1_447' title='bbox 1596 5458 1651 5503; x_wconf 91' lang='lat' dir='ltr'><strong>et</strong></span> <span class='ocrx_word' id='word_1_448' title='bbox 1677 5448 1761 5502; x_wconf 89' lang='lat' dir='ltr'><strong>hic</strong></span> <span class='ocrx_word' id='word_1_449' title='bbox 1789 5450 2037 5517; x_wconf 89' lang='lat' dir='ltr'><strong>loquitur:</strong></span> 
     </span>
    </p>
   </div>
   <div class='ocr_carea' id='block_1_58' title="bbox 463 5540 2041 5615">
    <p class='ocr_par' dir='ltr' id='par_1_58' title="bbox 463 5540 2041 5615">
     <span class='ocr_line' id='line_1_58' title="bbox 463 5540 2041 5615; baseline -0.006 -12"><span class='ocrx_word' id='word_1_450' title='bbox 463 5552 547 5610; x_wconf 76' lang='lat' dir='ltr'><strong>i9.</strong></span> <span class='ocrx_word' id='word_1_451' title='bbox 584 5551 648 5610; x_wconf 85' lang='lat' dir='ltr'><strong>Et</strong></span> <span class='ocrx_word' id='word_1_452' title='bbox 688 5546 880 5615; x_wconf 81' lang='lat' dir='ltr'><strong>accepit</strong></span> <span class='ocrx_word' id='word_1_453' title='bbox 914 5543 1009 5599; x_wconf 87' lang='lat' dir='ltr'><strong>sibi</strong></span> <span class='ocrx_word' id='word_1_454' title='bbox 1050 5540 1271 5596; x_wconf 86' lang='lat' dir='ltr'><strong>Lamech</strong></span> <span class='ocrx_word' id='word_1_455' title='bbox 1318 5542 1445 5595; x_wconf 88' lang='lat' dir='ltr'><strong>duas</strong></span> <span class='ocrx_word' id='word_1_456' title='bbox 1484 5558 1686 5605; x_wconf 71' lang='lat' dir='ltr'><strong>uxores.</strong></span> <span class='ocrx_word' id='word_1_457' title='bbox 1731 5558 1910 5595; x_wconf 86' lang='lat' dir='ltr'><strong>nomen</strong></span> <span class='ocrx_word' id='word_1_458' title='bbox 1952 5542 2041 5596; x_wconf 84' lang='lat' dir='ltr'><strong>uni</strong></span> 
     </span>
    </p>
   </div>
   <div class='ocr_carea' id='block_1_59' title="bbox 476 5630 2039 5709">
    <p class='ocr_par' dir='ltr' id='par_1_59' title="bbox 476 5630 2039 5709">
     <span class='ocr_line' id='line_1_59' title="bbox 476 5630 2039 5709; baseline -0.006 -14"><span class='ocrx_word' id='word_1_459' title='bbox 476 5643 671 5709; x_wconf 77' lang='lat' dir='ltr'><strong>Ada,et</strong></span> <span class='ocrx_word' id='word_1_460' title='bbox 690 5661 872 5699; x_wconf 82' lang='lat' dir='ltr'><strong>nomen</strong></span> <span class='ocrx_word' id='word_1_461' title='bbox 897 5634 1132 5689; x_wconf 71' lang='lat' dir='ltr'><strong>secundae</strong></span> <span class='ocrx_word' id='word_1_462' title='bbox 1159 5633 1320 5688; x_wconf 88' lang='lat' dir='ltr'><strong>Sella.</strong></span> <span class='ocrx_word' id='word_1_463' title='bbox 1350 5632 1439 5686; x_wconf 69' lang='lat'><strong>20.</strong></span> <span class='ocrx_word' id='word_1_464' title='bbox 1468 5630 1533 5685; x_wconf 84' lang='lat' dir='ltr'><strong>Et</strong></span> <span class='ocrx_word' id='word_1_465' title='bbox 1563 5632 1755 5703; x_wconf 81' lang='lat' dir='ltr'><strong>peperit</strong></span> <span class='ocrx_word' id='word_1_466' title='bbox 1786 5633 1920 5698; x_wconf 78' lang='lat' dir='ltr'><strong>Ada,</strong></span> <span class='ocrx_word' id='word_1_467' title='bbox 1954 5632 2039 5687; x_wconf 91' lang='lat' dir='ltr'><strong>in-</strong></span> 
     </span>
    </p>
   </div>
   <div class='ocr_carea' id='block_1_60' title="bbox 475 5723 2039 5804">
    <p class='ocr_par' dir='ltr' id='par_1_60' title="bbox 475 5723 2039 5804">
     <span class='ocr_line' id='line_1_60' title="bbox 475 5723 2039 5804; baseline -0.001 -23"><span class='ocrx_word' id='word_1_468' title='bbox 475 5733 611 5800; x_wconf 80' lang='lat' dir='ltr'><strong>quit,</strong></span> <span class='ocrx_word' id='word_1_469' title='bbox 632 5732 782 5788; x_wconf 82' lang='lat' dir='ltr'><strong>Jobel</strong></span> <span class='ocrx_word' id='word_1_470' title='bbox 804 5747 822 5787; x_wconf 84' lang='lat'><strong><em>:</em></strong></span> <span class='ocrx_word' id='word_1_471' title='bbox 846 5734 925 5789; x_wconf 76' lang='lat' dir='ltr'><strong>hic</strong></span> <span class='ocrx_word' id='word_1_472' title='bbox 940 5735 1040 5804; x_wconf 60' lang='lat' dir='ltr'><strong>fuit</strong></span> <span class='ocrx_word' id='word_1_473' title='bbox 1070 5736 1210 5795; x_wconf 79' lang='lat' dir='ltr'><strong>pater</strong></span> <span class='ocrx_word' id='word_1_474' title='bbox 1233 5723 1563 5779; x_wconf 77' lang='lat' dir='ltr'><strong>habitantium</strong></span> <span class='ocrx_word' id='word_1_475' title='bbox 1609 5724 1660 5777; x_wconf 91' lang='lat' dir='ltr'><strong>in</strong></span> <span class='ocrx_word' id='word_1_476' title='bbox 1707 5725 2039 5779; x_wconf 81' lang='lat' dir='ltr'><strong>tabernaculis</strong></span> 
     </span>
    </p>
   </div>
   <div class='ocr_carea' id='block_1_61' title="bbox 1154 254 2957 355">
    <p class='ocr_par' dir='ltr' id='par_1_61' title="bbox 1154 254 2957 355">
     <span class='ocr_line' id='line_1_61' title="bbox 1154 254 2957 355; baseline -0.01 0"><span class='ocrx_word' id='word_1_477' title='bbox 1154 299 1212 355; x_wconf 90' lang='lat' dir='ltr'><strong>s.</strong></span> <span class='ocrx_word' id='word_1_478' title='bbox 1249 294 1527 354; x_wconf 62' lang='lat' dir='ltr'><strong>manens</strong></span> <span class='ocrx_word' id='word_1_479' title='bbox 1559 288 2035 351; x_wconf 80' lang='lat' dir='ltr'><strong>cnnvsosrom</strong></span> <span class='ocrx_word' id='word_1_480' title='bbox 2072 284 2388 343; x_wconf 73' lang='lat' dir='ltr'><strong>ARCIHEP.</strong></span> <span class='ocrx_word' id='word_1_481' title='bbox 2427 282 2957 342; x_wconf 80' lang='lat' dir='ltr'><strong>CONSTANTINOP.</strong></span> 
     </span>
    </p>
   </div>
   <div class='ocr_carea' id='block_1_62' title="bbox 3596 285 3705 345">
    <p class='ocr_par' dir='ltr' id='par_1_62' title="bbox 3596 285 3705 345">
     <span class='ocr_line' id='line_1_62' title="bbox 3596 285 3705 345; baseline -0.028 0"><span class='ocrx_word' id='word_1_482' title='bbox 3596 285 3705 345; x_wconf 74' lang='lat'><strong>168</strong></span> 
     </span>
    </p>
   </div>
   <div class='ocr_carea' id='block_1_63' title="bbox 2119 397 3704 472">
    <p class='ocr_par' dir='ltr' id='par_1_63' title="bbox 2119 397 3704 472">
     <span class='ocr_line' id='line_1_63' title="bbox 2119 397 3704 472; baseline -0.001 -19"><span class='ocrx_word' id='word_1_483' title='bbox 2119 410 2399 471; x_wconf 85' lang='lat' dir='ltr'><strong>pastorum.</strong></span> <span class='ocrx_word' id='word_1_484' title='bbox 2430 399 2522 459; x_wconf 73' lang='lat'><strong>2!.</strong></span> <span class='ocrx_word' id='word_1_485' title='bbox 2564 399 2631 454; x_wconf 87' lang='lat' dir='ltr'><strong>Et</strong></span> <span class='ocrx_word' id='word_1_486' title='bbox 2658 416 2836 453; x_wconf 88' lang='lat' dir='ltr'><strong>nomen</strong></span> <span class='ocrx_word' id='word_1_487' title='bbox 2862 399 3010 472; x_wconf 79' lang='lat' dir='ltr'><strong>fratri</strong></span> <span class='ocrx_word' id='word_1_488' title='bbox 3035 397 3171 453; x_wconf 88' lang='lat' dir='ltr'><strong>illius</strong></span> <span class='ocrx_word' id='word_1_489' title='bbox 3203 398 3360 459; x_wconf 75' lang='lat' dir='ltr'><strong>Jubal</strong></span> <span class='ocrx_word' id='word_1_490' title='bbox 3388 412 3402 449; x_wconf 91' lang='lat'>:</span> <span class='ocrx_word' id='word_1_491' title='bbox 3432 399 3514 455; x_wconf 79' lang='lat' dir='ltr'><strong>hic</strong></span> <span class='ocrx_word' id='word_1_492' title='bbox 3540 399 3636 467; x_wconf 74' lang='lat' dir='ltr'><strong>fuit</strong></span> <span class='ocrx_word' id='word_1_493' title='bbox 3660 403 3704 452; x_wconf 87' lang='lat' dir='ltr'><strong>is</strong></span> 
     </span>
    </p>
   </div>
   <div class='ocr_carea' id='block_1_64' title="bbox 2119 490 3265 562">
    <p class='ocr_par' dir='ltr' id='par_1_64' title="bbox 2119 490 3265 562">
     <span class='ocr_line' id='line_1_64' title="bbox 2119 490 3265 562; baseline -0.001 -18"><span class='ocrx_word' id='word_1_494' title='bbox 2119 492 2204 561; x_wconf 90' lang='lat' dir='ltr'><strong>qui</strong></span> <span class='ocrx_word' id='word_1_495' title='bbox 2232 492 2586 545; x_wconf 83' lang='lat' dir='ltr'><strong>demonstravit</strong></span> <span class='ocrx_word' id='word_1_496' title='bbox 2614 490 2907 562; x_wconf 84' lang='lat' dir='ltr'><strong>psalterium</strong></span> <span class='ocrx_word' id='word_1_497' title='bbox 2927 500 2973 544; x_wconf 90' lang='lat' dir='ltr'><strong>et</strong></span> <span class='ocrx_word' id='word_1_498' title='bbox 2997 491 3265 543; x_wconf 83' lang='lat' dir='ltr'><strong>citharam.</strong></span> 
     </span>
    </p>
   </div>
   <div class='ocr_carea' id='block_1_65' title="bbox 2188 580 3704 651">
    <p class='ocr_par' dir='ltr' id='par_1_65' title="bbox 2188 580 3704 651">
     <span class='ocr_line' id='line_1_65' title="bbox 2188 580 3704 651; baseline 0 -16"><span class='ocrx_word' id='word_1_499' title='bbox 2188 582 2243 635; x_wconf 72' lang='grc'><strong>2.</strong></span> <span class='ocrx_word' id='word_1_500' title='bbox 2285 581 2421 637; x_wconf 80' lang='lat' dir='ltr'><strong>Vide</strong></span> <span class='ocrx_word' id='word_1_501' title='bbox 2459 581 2748 649; x_wconf 84' lang='lat' dir='ltr'><strong>Scripturae</strong></span> <span class='ocrx_word' id='word_1_502' title='bbox 2767 580 3119 651; x_wconf 79' lang='lat' dir='ltr'><strong>diligentiam.</strong></span> <span class='ocrx_word' id='word_1_503' title='bbox 3153 580 3341 639; x_wconf 84' lang='lat' dir='ltr'><strong>Docuit</strong></span> <span class='ocrx_word' id='word_1_504' title='bbox 3370 596 3469 636; x_wconf 92' lang='lat' dir='ltr'><strong>nos</strong></span> <span class='ocrx_word' id='word_1_505' title='bbox 3512 590 3566 637; x_wconf 90' lang='lat' dir='ltr'><strong>et</strong></span> <span class='ocrx_word' id='word_1_506' title='bbox 3606 598 3704 641; x_wconf 87' lang='lat' dir='ltr'><strong>no-</strong></span> 
     </span>
    </p>
   </div>
   <div class='ocr_carea' id='block_1_66' title="bbox 2120 672 3706 745">
    <p class='ocr_par' dir='ltr' id='par_1_66' title="bbox 2120 672 3706 745">
     <span class='ocr_line' id='line_1_66' title="bbox 2120 672 3706 745; baseline 0.002 -19"><span class='ocrx_word' id='word_1_507' title='bbox 2120 674 2261 726; x_wconf 90' lang='lat' dir='ltr'><strong>mina</strong></span> <span class='ocrx_word' id='word_1_508' title='bbox 2294 688 2481 727; x_wconf 88' lang='lat' dir='ltr'><strong>eorum</strong></span> <span class='ocrx_word' id='word_1_509' title='bbox 2512 673 2599 741; x_wconf 90' lang='lat' dir='ltr'><strong>qui</strong></span> <span class='ocrx_word' id='word_1_510' title='bbox 2631 673 2737 726; x_wconf 90' lang='lat' dir='ltr'><strong>nati</strong></span> <span class='ocrx_word' id='word_1_511' title='bbox 2762 682 2886 728; x_wconf 92' lang='lat' dir='ltr'><strong>sunt</strong></span> <span class='ocrx_word' id='word_1_512' title='bbox 2922 688 2988 726; x_wconf 81' lang='lat' dir='ltr'><strong>ex</strong></span> <span class='ocrx_word' id='word_1_513' title='bbox 3029 687 3195 726; x_wconf 73' lang='lat' dir='ltr'><strong>uxore</strong></span> <span class='ocrx_word' id='word_1_514' title='bbox 3223 672 3477 736; x_wconf 86' lang='lat' dir='ltr'><strong>Lamech,</strong></span> <span class='ocrx_word' id='word_1_515' title='bbox 3506 682 3559 728; x_wconf 90' lang='lat' dir='ltr'><strong>et</strong></span> <span class='ocrx_word' id='word_1_516' title='bbox 3583 689 3706 745; x_wconf 70' lang='lat' dir='ltr'><strong>qua</strong></span> 
     </span>
    </p>
   </div>
   <div class='ocr_carea' id='block_1_67' title="bbox 2121 763 3708 835">
    <p class='ocr_par' dir='ltr' id='par_1_67' title="bbox 2121 763 3708 835">
     <span class='ocr_line' id='line_1_67' title="bbox 2121 763 3708 835; baseline 0.001 -19"><span class='ocrx_word' id='word_1_517' title='bbox 2121 764 2295 817; x_wconf 90' lang='lat' dir='ltr'><strong>studia</strong></span> <span class='ocrx_word' id='word_1_518' title='bbox 2326 764 2539 817; x_wconf 93' lang='lat' dir='ltr'><strong>illorum</strong></span> <span class='ocrx_word' id='word_1_519' title='bbox 2562 763 2762 819; x_wconf 91' lang='lat' dir='ltr'><strong>fuerint</strong></span> <span class='ocrx_word' id='word_1_520' title='bbox 2790 782 2803 817; x_wconf 90' lang='lat'><strong>:</strong></span> <span class='ocrx_word' id='word_1_521' title='bbox 2836 779 3027 832; x_wconf 90' lang='lat' dir='ltr'><strong>nempe</strong></span> <span class='ocrx_word' id='word_1_522' title='bbox 3051 764 3193 833; x_wconf 90' lang='lat' dir='ltr'><strong>quod</strong></span> <span class='ocrx_word' id='word_1_523' title='bbox 3222 778 3357 817; x_wconf 92' lang='lat' dir='ltr'><strong>unus</strong></span> <span class='ocrx_word' id='word_1_524' title='bbox 3385 764 3587 823; x_wconf 78' lang='lat' dir='ltr'><strong>alendis</strong></span> <span class='ocrx_word' id='word_1_525' title='bbox 3614 781 3708 835; x_wconf 68' lang='lat' dir='ltr'><strong>pe.</strong></span> 
     </span>
    </p>
   </div>
   <div class='ocr_carea' id='block_1_68' title="bbox 2120 855 3707 929">
    <p class='ocr_par' dir='ltr' id='par_1_68' title="bbox 2120 855 3707 929">
     <span class='ocr_line' id='line_1_68' title="bbox 2120 855 3707 929; baseline 0.003 -21"><span class='ocrx_word' id='word_1_526' title='bbox 2120 855 2332 909; x_wconf 89' lang='lat' dir='ltr'><strong>coribus</strong></span> <span class='ocrx_word' id='word_1_527' title='bbox 2370 856 2529 911; x_wconf 85' lang='lat' dir='ltr'><strong>fuerit</strong></span> <span class='ocrx_word' id='word_1_528' title='bbox 2567 856 2798 919; x_wconf 82' lang='lat' dir='ltr'><strong>deditus.</strong></span> <span class='ocrx_word' id='word_1_529' title='bbox 2828 865 2883 911; x_wconf 89' lang='lat' dir='ltr'><strong>et</strong></span> <span class='ocrx_word' id='word_1_530' title='bbox 2922 856 3059 910; x_wconf 89' lang='lat' dir='ltr'><strong>alter</strong></span> <span class='ocrx_word' id='word_1_531' title='bbox 3082 857 3465 929; x_wconf 76' lang='lat' dir='ltr'><strong>excogitaverit</strong></span> <span class='ocrx_word' id='word_1_532' title='bbox 3506 858 3707 926; x_wconf 84' lang='lat' dir='ltr'><strong>psalte-</strong></span> 
     </span>
    </p>
   </div>
   <div class='ocr_carea' id='block_1_69' title="bbox 2122 946 3710 1019">
    <p class='ocr_par' dir='ltr' id='par_1_69' title="bbox 2122 946 3710 1019">
     <span class='ocr_line' id='line_1_69' title="bbox 2122 946 3710 1019; baseline 0.003 -20"><span class='ocrx_word' id='word_1_533' title='bbox 2122 946 2256 1003; x_wconf 90' lang='lat' dir='ltr'><strong>rium</strong></span> <span class='ocrx_word' id='word_1_534' title='bbox 2302 955 2355 999; x_wconf 90' lang='lat' dir='ltr'><strong>et</strong></span> <span class='ocrx_word' id='word_1_535' title='bbox 2394 947 2674 1005; x_wconf 84' lang='lat' dir='ltr'><strong>citharam.</strong></span> <span class='ocrx_word' id='word_1_536' title='bbox 2706 948 2794 1000; x_wconf 70' lang='lat'><strong>29..</strong></span> <span class='ocrx_word' id='word_1_537' title='bbox 2844 948 2986 1003; x_wconf 85' lang='lat' dir='ltr'><strong>Sella</strong></span> <span class='ocrx_word' id='word_1_538' title='bbox 3032 959 3218 1015; x_wconf 85' lang='lat' dir='ltr'><strong>autem,</strong></span> <span class='ocrx_word' id='word_1_539' title='bbox 3265 948 3454 1019; x_wconf 89' lang='lat' dir='ltr'><strong>inquit,</strong></span> <span class='ocrx_word' id='word_1_540' title='bbox 3500 958 3545 1004; x_wconf 88' lang='lat' dir='ltr'><strong>et</strong></span> <span class='ocrx_word' id='word_1_541' title='bbox 3592 950 3710 1019; x_wconf 75' lang='lat' dir='ltr'><strong>ipsa</strong></span> 
     </span>
    </p>
   </div>
   <div class='ocr_carea' id='block_1_70' title="bbox 2124 1037 3703 1111">
    <p class='ocr_par' dir='ltr' id='par_1_70' title="bbox 2124 1037 3703 1111">
     <span class='ocr_line' id='line_1_70' title="bbox 2124 1037 3703 1111; baseline 0.002 -21"><span class='ocrx_word' id='word_1_542' title='bbox 2124 1038 2312 1108; x_wconf 82' lang='lat' dir='ltr'><strong>peperit</strong></span> <span class='ocrx_word' id='word_1_543' title='bbox 2340 1037 2552 1105; x_wconf 84' lang='lat' dir='ltr'><strong>Thobel,</strong></span> <span class='ocrx_word' id='word_1_544' title='bbox 2574 1050 2620 1091; x_wconf 91' lang='lat' dir='ltr'><strong>et</strong></span> <span class='ocrx_word' id='word_1_545' title='bbox 2646 1049 2753 1093; x_wconf 87' lang='lat' dir='ltr'><strong>erat</strong></span> <span class='ocrx_word' id='word_1_546' title='bbox 2781 1040 3065 1102; x_wconf 86' lang='lat' dir='ltr'><strong>malleator,</strong></span> <span class='ocrx_word' id='word_1_547' title='bbox 3088 1048 3133 1093; x_wconf 90' lang='lat' dir='ltr'><strong>et</strong></span> <span class='ocrx_word' id='word_1_548' title='bbox 3164 1040 3304 1111; x_wconf 89' lang='lat' dir='ltr'><strong>faber</strong></span> <span class='ocrx_word' id='word_1_549' title='bbox 3337 1041 3452 1093; x_wconf 75' lang='lat' dir='ltr'><strong>wris</strong></span> <span class='ocrx_word' id='word_1_550' title='bbox 3481 1050 3526 1095; x_wconf 89' lang='lat' dir='ltr'><strong>et</strong></span> <span class='ocrx_word' id='word_1_551' title='bbox 3557 1042 3703 1111; x_wconf 82' lang='lat' dir='ltr'><strong>ferri.</strong></span> 
     </span>
    </p>
   </div>
   <div class='ocr_carea' id='block_1_71' title="bbox 2122 1128 3705 1202">
    <p class='ocr_par' dir='ltr' id='par_1_71' title="bbox 2122 1128 3705 1202">
     <span class='ocr_line' id='line_1_71' title="bbox 2122 1128 3705 1202; baseline 0.004 -21"><span class='ocrx_word' id='word_1_552' title='bbox 2122 1128 2318 1183; x_wconf 88' lang='lat' dir='ltr'><strong>lterum</strong></span> <span class='ocrx_word' id='word_1_553' title='bbox 2354 1141 2407 1184; x_wconf 92' lang='lat' dir='ltr'><strong>et</strong></span> <span class='ocrx_word' id='word_1_554' title='bbox 2443 1142 2610 1184; x_wconf 86' lang='lat' dir='ltr'><strong>artem</strong></span> <span class='ocrx_word' id='word_1_555' title='bbox 2640 1130 2781 1185; x_wconf 91' lang='lat' dir='ltr'><strong>illius</strong></span> <span class='ocrx_word' id='word_1_556' title='bbox 2808 1134 2897 1202; x_wconf 89' lang='lat' dir='ltr'><strong>qui</strong></span> <span class='ocrx_word' id='word_1_557' title='bbox 2924 1146 2991 1185; x_wconf 81' lang='lat' dir='ltr'><strong>ex</strong></span> <span class='ocrx_word' id='word_1_558' title='bbox 3009 1130 3150 1186; x_wconf 87' lang='lat' dir='ltr'><strong>Sella</strong></span> <span class='ocrx_word' id='word_1_559' title='bbox 3174 1142 3329 1187; x_wconf 87' lang='lat' dir='ltr'><strong>natus</strong></span> <span class='ocrx_word' id='word_1_560' title='bbox 3349 1140 3462 1187; x_wconf 86' lang='lat' dir='ltr'><strong>erat</strong></span> <span class='ocrx_word' id='word_1_561' title='bbox 3487 1130 3705 1197; x_wconf 88' lang='lat' dir='ltr'><strong>indicat,</strong></span> 
     </span>
    </p>
   </div>
   <div class='ocr_carea' id='block_1_72' title="bbox 2120 1222 3712 1293">
    <p class='ocr_par' dir='ltr' id='par_1_72' title="bbox 2120 1222 3712 1293">
     <span class='ocr_line' id='line_1_72' title="bbox 2120 1222 3712 1293; baseline 0.003 -21"><span class='ocrx_word' id='word_1_562' title='bbox 2120 1222 2261 1292; x_wconf 89' lang='lat' dir='ltr'><strong>quod</strong></span> <span class='ocrx_word' id='word_1_563' title='bbox 2310 1237 2501 1293; x_wconf 89' lang='lat' dir='ltr'><strong>nempe</strong></span> <span class='ocrx_word' id='word_1_564' title='bbox 2546 1222 2788 1277; x_wconf 87' lang='lat' dir='ltr'><strong>fabrilem</strong></span> <span class='ocrx_word' id='word_1_565' title='bbox 2828 1222 2949 1276; x_wconf 63' lang='lat' dir='ltr'><strong>a‘ris</strong></span> <span class='ocrx_word' id='word_1_566' title='bbox 3003 1233 3173 1277; x_wconf 87' lang='lat' dir='ltr'><strong>artem</strong></span> <span class='ocrx_word' id='word_1_567' title='bbox 3228 1235 3522 1278; x_wconf 77' lang='lat' dir='ltr'><strong>exerceret.</strong></span> <span class='ocrx_word' id='word_1_568' title='bbox 3575 1223 3712 1277; x_wconf 70' lang='lat' dir='ltr'><strong>Vide</strong></span> 
     </span>
    </p>
   </div>
   <div class='ocr_carea' id='block_1_73' title="bbox 2121 1314 3711 1385">
    <p class='ocr_par' dir='ltr' id='par_1_73' title="bbox 2121 1314 3711 1385">
     <span class='ocr_line' id='line_1_73' title="bbox 2121 1314 3711 1385; baseline 0.003 -20"><span class='ocrx_word' id='word_1_569' title='bbox 2121 1315 2391 1383; x_wconf 90' lang='lat' dir='ltr'><strong>quomodo</strong></span> <span class='ocrx_word' id='word_1_570' title='bbox 2418 1330 2536 1385; x_wconf 71' lang='lat' dir='ltr'><strong>qum</strong></span> <span class='ocrx_word' id='word_1_571' title='bbox 2562 1314 2626 1367; x_wconf 91' lang='lat' dir='ltr'><strong>ad</strong></span> <span class='ocrx_word' id='word_1_572' title='bbox 2655 1330 2807 1369; x_wconf 90' lang='lat' dir='ltr'><strong>usum</strong></span> <span class='ocrx_word' id='word_1_573' title='bbox 2827 1324 2881 1368; x_wconf 90' lang='lat' dir='ltr'><strong>et</strong></span> <span class='ocrx_word' id='word_1_574' title='bbox 2899 1314 3237 1369; x_wconf 85' lang='lat' dir='ltr'><strong>commodum</strong></span> <span class='ocrx_word' id='word_1_575' title='bbox 3262 1316 3473 1368; x_wconf 91' lang='lat' dir='ltr'><strong>humani</strong></span> <span class='ocrx_word' id='word_1_576' title='bbox 3499 1319 3711 1385; x_wconf 78' lang='lat' dir='ltr'><strong>generis</strong></span> 
     </span>
    </p>
   </div>
   <div class='ocr_carea' id='block_1_74' title="bbox 2122 1405 3709 1477">
    <p class='ocr_par' dir='ltr' id='par_1_74' title="bbox 2122 1405 3709 1477">
     <span class='ocr_line' id='line_1_74' title="bbox 2122 1405 3709 1477; baseline 0 -18"><span class='ocrx_word' id='word_1_577' title='bbox 2122 1415 2364 1474; x_wconf 85' lang='lat' dir='ltr'><strong>Spectant</strong></span> <span class='ocrx_word' id='word_1_578' title='bbox 2414 1405 2668 1477; x_wconf 87' lang='lat' dir='ltr'><strong>paulatim</strong></span> <span class='ocrx_word' id='word_1_579' title='bbox 2717 1407 2926 1475; x_wconf 86' lang='lat' dir='ltr'><strong>provisa</strong></span> <span class='ocrx_word' id='word_1_580' title='bbox 2978 1406 3101 1459; x_wconf 90' lang='lat' dir='ltr'><strong>sint.</strong></span> <span class='ocrx_word' id='word_1_581' title='bbox 3155 1407 3219 1459; x_wconf 69' lang='lat' dir='ltr'><strong>lit</strong></span> <span class='ocrx_word' id='word_1_582' title='bbox 3249 1406 3474 1474; x_wconf 89' lang='lat' dir='ltr'><strong>primum</strong></span> <span class='ocrx_word' id='word_1_583' title='bbox 3522 1405 3709 1464; x_wconf 63' lang='lat' dir='ltr'><strong>Csina</strong></span> 
     </span>
    </p>
   </div>
   <div class='ocr_carea' id='block_1_75' title="bbox 2125 1496 3703 1553">
    <p class='ocr_par' dir='ltr' id='par_1_75' title="bbox 2125 1496 3703 1553">
     <span class='ocr_line' id='line_1_75' title="bbox 2125 1496 3703 1553; baseline 0.003 -4"><span class='ocrx_word' id='word_1_584' title='bbox 2125 1496 2235 1549; x_wconf 80' lang='lat' dir='ltr'><strong>filio</strong></span> <span class='ocrx_word' id='word_1_585' title='bbox 2258 1512 2354 1549; x_wconf 85' lang='lat' dir='ltr'><strong>suo</strong></span> <span class='ocrx_word' id='word_1_586' title='bbox 2372 1497 2641 1551; x_wconf 89' lang='lat' dir='ltr'><strong>civitatem</strong></span> <span class='ocrx_word' id='word_1_587' title='bbox 2663 1498 2730 1550; x_wconf 92' lang='lat' dir='ltr'><strong>ab</strong></span> <span class='ocrx_word' id='word_1_588' title='bbox 2752 1513 2809 1551; x_wconf 91' lang='lat' dir='ltr'><strong>se</strong></span> <span class='ocrx_word' id='word_1_589' title='bbox 2828 1496 3140 1551; x_wconf 71' lang='lat' dir='ltr'><strong>mdilicatam</strong></span> <span class='ocrx_word' id='word_1_590' title='bbox 3169 1499 3477 1553; x_wconf 89' lang='lat' dir='ltr'><strong>nominavit.</strong></span> <span class='ocrx_word' id='word_1_591' title='bbox 3504 1498 3703 1553; x_wconf 84' lang='lat' dir='ltr'><strong>Deinde</strong></span> 
     </span>
    </p>
   </div>
   <div class='ocr_carea' id='block_1_76' title="bbox 2124 1588 3704 1660">
    <p class='ocr_par' dir='ltr' id='par_1_76' title="bbox 2124 1588 3704 1660">
     <span class='ocr_line' id='line_1_76' title="bbox 2124 1588 3704 1660; baseline 0.002 -20"><span class='ocrx_word' id='word_1_592' title='bbox 2124 1602 2309 1641; x_wconf 90' lang='lat' dir='ltr'><strong>eorum</strong></span> <span class='ocrx_word' id='word_1_593' title='bbox 2340 1588 2429 1659; x_wconf 90' lang='lat' dir='ltr'><strong>qui</strong></span> <span class='ocrx_word' id='word_1_594' title='bbox 2456 1604 2521 1643; x_wconf 84' lang='lat' dir='ltr'><strong>ex</strong></span> <span class='ocrx_word' id='word_1_595' title='bbox 2564 1588 2817 1643; x_wconf 82' lang='lat' dir='ltr'><strong>uxoribus</strong></span> <span class='ocrx_word' id='word_1_596' title='bbox 2855 1588 3084 1643; x_wconf 85' lang='lat' dir='ltr'><strong>Lamer</strong></span> <span class='ocrx_word' id='word_1_597' title='bbox 3115 1590 3225 1643; x_wconf 88' lang='lat' dir='ltr'><strong>uati</strong></span> <span class='ocrx_word' id='word_1_598' title='bbox 3262 1601 3407 1655; x_wconf 91' lang='lat' dir='ltr'><strong>sunt,</strong></span> <span class='ocrx_word' id='word_1_599' title='bbox 3448 1605 3582 1644; x_wconf 91' lang='lat' dir='ltr'><strong>unus</strong></span> <span class='ocrx_word' id='word_1_600' title='bbox 3617 1606 3704 1660; x_wconf 87' lang='lat' dir='ltr'><strong>pa-</strong></span> 
     </span>
    </p>
   </div>
   <div class='ocr_carea' id='block_1_77' title="bbox 2123 1680 3705 1751">
    <p class='ocr_par' dir='ltr' id='par_1_77' title="bbox 2123 1680 3705 1751">
     <span class='ocr_line' id='line_1_77' title="bbox 2123 1680 3705 1751; baseline 0.002 -18"><span class='ocrx_word' id='word_1_601' title='bbox 2123 1680 2335 1733; x_wconf 89' lang='lat' dir='ltr'><strong>scendis</strong></span> <span class='ocrx_word' id='word_1_602' title='bbox 2374 1680 2655 1751; x_wconf 90' lang='lat' dir='ltr'><strong>pecoribus</strong></span> <span class='ocrx_word' id='word_1_603' title='bbox 2698 1695 2757 1733; x_wconf 89' lang='lat' dir='ltr'><strong>se</strong></span> <span class='ocrx_word' id='word_1_604' title='bbox 2785 1680 3008 1746; x_wconf 89' lang='lat' dir='ltr'><strong>dedidit,</strong></span> <span class='ocrx_word' id='word_1_605' title='bbox 3037 1680 3173 1735; x_wconf 90' lang='lat' dir='ltr'><strong>alius</strong></span> <span class='ocrx_word' id='word_1_606' title='bbox 3216 1682 3459 1739; x_wconf 70' lang='lat' dir='ltr'><strong>aerariam</strong></span> <span class='ocrx_word' id='word_1_607' title='bbox 3489 1696 3705 1736; x_wconf 58' lang='lat' dir='ltr'><strong>exerceo</strong></span> 
     </span>
    </p>
   </div>
   <div class='ocr_carea' id='block_1_78' title="bbox 2126 1772 3706 1844">
    <p class='ocr_par' dir='ltr' id='par_1_78' title="bbox 2126 1772 3706 1844">
     <span class='ocr_line' id='line_1_78' title="bbox 2126 1772 3706 1844; baseline 0.003 -20"><span class='ocrx_word' id='word_1_608' title='bbox 2126 1772 2209 1825; x_wconf 86' lang='lat' dir='ltr'><strong>bat</strong></span> <span class='ocrx_word' id='word_1_609' title='bbox 2236 1814 2251 1837; x_wconf 94' lang='lat'><strong>,</strong></span> <span class='ocrx_word' id='word_1_610' title='bbox 2300 1774 2436 1827; x_wconf 91' lang='lat' dir='ltr'><strong>alius</strong></span> <span class='ocrx_word' id='word_1_611' title='bbox 2490 1773 2649 1828; x_wconf 90' lang='lat' dir='ltr'><strong>etiam</strong></span> <span class='ocrx_word' id='word_1_612' title='bbox 2698 1775 3003 1844; x_wconf 89' lang='lat' dir='ltr'><strong>psalterium</strong></span> <span class='ocrx_word' id='word_1_613' title='bbox 3036 1784 3088 1828; x_wconf 91' lang='lat' dir='ltr'><strong>et</strong></span> <span class='ocrx_word' id='word_1_614' title='bbox 3117 1774 3374 1828; x_wconf 88' lang='lat' dir='ltr'><strong>citharam</strong></span> <span class='ocrx_word' id='word_1_615' title='bbox 3416 1775 3706 1829; x_wconf 86' lang='lat' dir='ltr'><strong>adinvenit.</strong></span> 
     </span>
    </p>
   </div>
   <div class='ocr_carea' id='block_1_79' title="bbox 2127 1864 3710 1935">
    <p class='ocr_par' dir='ltr' id='par_1_79' title="bbox 2127 1864 3710 1935">
     <span class='ocr_line' id='line_1_79' title="bbox 2127 1864 3710 1935; baseline 0.002 -17"><span class='ocrx_word' id='word_1_616' title='bbox 2127 1864 2290 1918; x_wconf 87' lang='lat' dir='ltr'><strong>Soror</strong></span> <span class='ocrx_word' id='word_1_617' title='bbox 2317 1874 2502 1930; x_wconf 90' lang='lat' dir='ltr'><strong>autem,</strong></span> <span class='ocrx_word' id='word_1_618' title='bbox 2539 1865 2727 1935; x_wconf 89' lang='lat' dir='ltr'><strong>inquit,</strong></span> <span class='ocrx_word' id='word_1_619' title='bbox 2767 1865 2955 1919; x_wconf 81' lang='lat' dir='ltr'><strong>Tltobel</strong></span> <span class='ocrx_word' id='word_1_620' title='bbox 2987 1864 3245 1919; x_wconf 87' lang='lat' dir='ltr'><strong>Noeman.</strong></span> <span class='ocrx_word' id='word_1_621' title='bbox 3275 1866 3413 1934; x_wconf 88' lang='lat' dir='ltr'><strong>Quid</strong></span> <span class='ocrx_word' id='word_1_622' title='bbox 3466 1867 3567 1921; x_wconf 90' lang='lat' dir='ltr'><strong>hoc</strong></span> <span class='ocrx_word' id='word_1_623' title='bbox 3610 1882 3710 1921; x_wconf 86' lang='lat' dir='ltr'><strong>no-</strong></span> 
     </span>
    </p>
   </div>
   <div class='ocr_carea' id='block_1_80' title="bbox 2124 1957 3712 2027">
    <p class='ocr_par' dir='ltr' id='par_1_80' title="bbox 2124 1957 3712 2027">
     <span class='ocr_line' id='line_1_80' title="bbox 2124 1957 3712 2027; baseline 0.003 -18"><span class='ocrx_word' id='word_1_624' title='bbox 2124 1973 2247 2009; x_wconf 88' lang='lat' dir='ltr'><strong>vum</strong></span> <span class='ocrx_word' id='word_1_625' title='bbox 2276 1966 2331 2011; x_wconf 92' lang='lat' dir='ltr'><strong>et</strong></span> <span class='ocrx_word' id='word_1_626' title='bbox 2355 1957 2670 2011; x_wconf 88' lang='lat' dir='ltr'><strong>insolitum?</strong></span> <span class='ocrx_word' id='word_1_627' title='bbox 2696 1957 2847 2011; x_wconf 86' lang='lat' dir='ltr'><strong>Nunc</strong></span> <span class='ocrx_word' id='word_1_628' title='bbox 2871 1958 3100 2027; x_wconf 91' lang='lat' dir='ltr'><strong>primum</strong></span> <span class='ocrx_word' id='word_1_629' title='bbox 3127 1959 3440 2013; x_wconf 90' lang='lat' dir='ltr'><strong>nominatim</strong></span> <span class='ocrx_word' id='word_1_630' title='bbox 3468 1959 3712 2015; x_wconf 85' lang='lat' dir='ltr'><strong>mulieris</strong></span> 
     </span>
    </p>
   </div>
   <div class='ocr_carea' id='block_1_81' title="bbox 2126 2052 3713 2124">
    <p class='ocr_par' dir='ltr' id='par_1_81' title="bbox 2126 2052 3713 2124">
     <span class='ocr_line' id='line_1_81' title="bbox 2126 2052 3713 2124; baseline 0.005 -20"><span class='ocrx_word' id='word_1_631' title='bbox 2126 2052 2389 2106; x_wconf 88' lang='lat' dir='ltr'><strong>meminit.</strong></span> <span class='ocrx_word' id='word_1_632' title='bbox 2437 2052 2555 2106; x_wconf 90' lang='lat' dir='ltr'><strong>Non</strong></span> <span class='ocrx_word' id='word_1_633' title='bbox 2585 2053 2701 2108; x_wconf 89' lang='lat' dir='ltr'><strong>sine</strong></span> <span class='ocrx_word' id='word_1_634' title='bbox 2730 2069 2911 2118; x_wconf 88' lang='lat' dir='ltr'><strong>causa,</strong></span> <span class='ocrx_word' id='word_1_635' title='bbox 2942 2070 3112 2124; x_wconf 90' lang='lat' dir='ltr'><strong>neque</strong></span> <span class='ocrx_word' id='word_1_636' title='bbox 3144 2063 3361 2119; x_wconf 84' lang='lat' dir='ltr'><strong>temere,</strong></span> <span class='ocrx_word' id='word_1_637' title='bbox 3395 2056 3488 2109; x_wconf 91' lang='lat' dir='ltr'><strong>sed</strong></span> <span class='ocrx_word' id='word_1_638' title='bbox 3519 2068 3577 2112; x_wconf 92' lang='lat' dir='ltr'><strong>ut</strong></span> <span class='ocrx_word' id='word_1_639' title='bbox 3617 2073 3713 2112; x_wconf 86' lang='lat' dir='ltr'><strong>nc-</strong></span> 
     </span>
    </p>
   </div>
   <div class='ocr_carea' id='block_1_82' title="bbox 2126 2145 3712 2213">
    <p class='ocr_par' dir='ltr' id='par_1_82' title="bbox 2126 2145 3712 2213">
     <span class='ocr_line' id='line_1_82' title="bbox 2126 2145 3712 2213; baseline 0.004 -16"><span class='ocrx_word' id='word_1_640' title='bbox 2126 2146 2329 2199; x_wconf 89' lang='lat' dir='ltr'><strong>eultum</strong></span> <span class='ocrx_word' id='word_1_641' title='bbox 2377 2145 2502 2213; x_wconf 88' lang='lat' dir='ltr'><strong>quid</strong></span> <span class='ocrx_word' id='word_1_642' title='bbox 2551 2146 2702 2200; x_wconf 91' lang='lat' dir='ltr'><strong>nobis</strong></span> <span class='ocrx_word' id='word_1_643' title='bbox 2753 2145 2839 2200; x_wconf 88' lang='lat' dir='ltr'><strong>hic</strong></span> <span class='ocrx_word' id='word_1_644' title='bbox 2886 2147 3157 2212; x_wconf 91' lang='lat' dir='ltr'><strong>declaret,</strong></span> <span class='ocrx_word' id='word_1_645' title='bbox 3208 2148 3309 2205; x_wconf 92' lang='lat' dir='ltr'><strong>hoc</strong></span> <span class='ocrx_word' id='word_1_646' title='bbox 3358 2148 3482 2203; x_wconf 82' lang='lat' dir='ltr'><strong>fecit</strong></span> <span class='ocrx_word' id='word_1_647' title='bbox 3524 2149 3712 2203; x_wconf 90' lang='lat' dir='ltr'><strong>beatus</strong></span> 
     </span>
    </p>
   </div>
   <div class='ocr_carea' id='block_1_83' title="bbox 2128 2238 3717 2312">
    <p class='ocr_par' dir='ltr' id='par_1_83' title="bbox 2128 2238 3717 2312">
     <span class='ocr_line' id='line_1_83' title="bbox 2128 2238 3717 2312; baseline 0.003 -20"><span class='ocrx_word' id='word_1_648' title='bbox 2128 2238 2384 2309; x_wconf 88' lang='lat' dir='ltr'><strong>propheta</strong></span> <span class='ocrx_word' id='word_1_649' title='bbox 2407 2257 2420 2303; x_wconf 90' lang='lat'>;</span> <span class='ocrx_word' id='word_1_650' title='bbox 2466 2238 2518 2293; x_wconf 90' lang='lat' dir='ltr'><strong>id</strong></span> <span class='ocrx_word' id='word_1_651' title='bbox 2541 2239 2682 2310; x_wconf 91' lang='lat' dir='ltr'><strong>quod</strong></span> <span class='ocrx_word' id='word_1_652' title='bbox 2710 2240 2762 2294; x_wconf 92' lang='lat' dir='ltr'><strong>in</strong></span> <span class='ocrx_word' id='word_1_653' title='bbox 2794 2239 2933 2294; x_wconf 89' lang='lat' dir='ltr'><strong>aliud</strong></span> <span class='ocrx_word' id='word_1_654' title='bbox 2964 2249 3173 2310; x_wconf 87' lang='lat' dir='ltr'><strong>tempus</strong></span> <span class='ocrx_word' id='word_1_655' title='bbox 3197 2240 3345 2295; x_wconf 90' lang='lat' dir='ltr'><strong>vobis</strong></span> <span class='ocrx_word' id='word_1_656' title='bbox 3368 2256 3717 2312; x_wconf 75' lang='lat' dir='ltr'><strong>reponemus,</strong></span> 
     </span>
    </p>
   </div>
   <div class='ocr_carea' id='block_1_84' title="bbox 2128 2334 3712 2404">
    <p class='ocr_par' dir='ltr' id='par_1_84' title="bbox 2128 2334 3712 2404">
     <span class='ocr_line' id='line_1_84' title="bbox 2128 2334 3712 2404; baseline 0.001 -18"><span class='ocrx_word' id='word_1_657' title='bbox 2128 2349 2269 2388; x_wconf 91' lang='lat' dir='ltr'><strong>nunc</strong></span> <span class='ocrx_word' id='word_1_658' title='bbox 2303 2334 2573 2387; x_wconf 78' lang='lat' dir='ltr'><strong>historiam</strong></span> <span class='ocrx_word' id='word_1_659' title='bbox 2625 2349 2914 2403; x_wconf 88' lang='lat' dir='ltr'><strong>sequamur</strong></span> <span class='ocrx_word' id='word_1_660' title='bbox 2952 2352 2963 2385; x_wconf 91' lang='lat'>:</span> <span class='ocrx_word' id='word_1_661' title='bbox 3008 2350 3182 2404; x_wconf 90' lang='lat' dir='ltr'><strong>neque</strong></span> <span class='ocrx_word' id='word_1_662' title='bbox 3227 2335 3371 2388; x_wconf 90' lang='lat' dir='ltr'><strong>enim</strong></span> <span class='ocrx_word' id='word_1_663' title='bbox 3411 2337 3556 2403; x_wconf 88' lang='lat' dir='ltr'><strong>parvi</strong></span> <span class='ocrx_word' id='word_1_664' title='bbox 3597 2351 3712 2388; x_wconf 91' lang='lat' dir='ltr'><strong>mo-</strong></span> 
     </span>
    </p>
   </div>
   <div class='ocr_carea' id='block_1_85' title="bbox 2128 2425 3713 2496">
    <p class='ocr_par' dir='ltr' id='par_1_85' title="bbox 2128 2425 3713 2496">
     <span class='ocr_line' id='line_1_85' title="bbox 2128 2425 3713 2496; baseline 0.001 -16"><span class='ocrx_word' id='word_1_665' title='bbox 2128 2427 2294 2481; x_wconf 90' lang='lat' dir='ltr'><strong>menti</strong></span> <span class='ocrx_word' id='word_1_666' title='bbox 2323 2426 2573 2496; x_wconf 89' lang='lat' dir='ltr'><strong>quiddam</strong></span> <span class='ocrx_word' id='word_1_667' title='bbox 2603 2436 2685 2480; x_wconf 88' lang='lat' dir='ltr'><strong>est</strong></span> <span class='ocrx_word' id='word_1_668' title='bbox 2713 2425 2856 2496; x_wconf 87' lang='lat' dir='ltr'><strong>quod</strong></span> <span class='ocrx_word' id='word_1_669' title='bbox 2886 2426 3150 2493; x_wconf 88' lang='lat' dir='ltr'><strong>subditur,</strong></span> <span class='ocrx_word' id='word_1_670' title='bbox 3175 2436 3230 2481; x_wconf 88' lang='lat' dir='ltr'><strong>et</strong></span> <span class='ocrx_word' id='word_1_671' title='bbox 3269 2427 3498 2495; x_wconf 89' lang='lat' dir='ltr'><strong>plurimo</strong></span> <span class='ocrx_word' id='word_1_672' title='bbox 3530 2427 3713 2481; x_wconf 86' lang='lat' dir='ltr'><strong>labore</strong></span> 
     </span>
    </p>
   </div>
   <div class='ocr_carea' id='block_1_86' title="bbox 2129 2516 3715 2586">
    <p class='ocr_par' dir='ltr' id='par_1_86' title="bbox 2129 2516 3715 2586">
     <span class='ocr_line' id='line_1_86' title="bbox 2129 2516 3715 2586; baseline 0 -16"><span class='ocrx_word' id='word_1_673' title='bbox 2129 2517 2288 2570; x_wconf 88' lang='lat' dir='ltr'><strong>habet</strong></span> <span class='ocrx_word' id='word_1_674' title='bbox 2310 2532 2465 2585; x_wconf 91' lang='lat' dir='ltr'><strong>opus,</strong></span> <span class='ocrx_word' id='word_1_675' title='bbox 2496 2531 2558 2569; x_wconf 90' lang='lat' dir='ltr'><strong>ac</strong></span> <span class='ocrx_word' id='word_1_676' title='bbox 2582 2516 2920 2586; x_wconf 78' lang='lat' dir='ltr'><strong>diligentiore</strong></span> <span class='ocrx_word' id='word_1_677' title='bbox 2951 2517 3315 2586; x_wconf 88' lang='lat' dir='ltr'><strong>inquisitione,</strong></span> <span class='ocrx_word' id='word_1_678' title='bbox 3345 2527 3400 2570; x_wconf 92' lang='lat' dir='ltr'><strong>ut</strong></span> <span class='ocrx_word' id='word_1_679' title='bbox 3421 2518 3715 2586; x_wconf 70' lang='lat' dir='ltr'><strong>possimus,</strong></span> 
     </span>
    </p>
   </div>
   <div class='ocr_carea' id='block_1_87' title="bbox 2128 2608 3713 2677">
    <p class='ocr_par' dir='ltr' id='par_1_87' title="bbox 2128 2608 3713 2677">
     <span class='ocr_line' id='line_1_87' title="bbox 2128 2608 3713 2677; baseline 0.001 -15"><span class='ocrx_word' id='word_1_680' title='bbox 2128 2608 2373 2662; x_wconf 90' lang='lat' dir='ltr'><strong>omnibus</strong></span> <span class='ocrx_word' id='word_1_681' title='bbox 2393 2608 3159 2677; x_wconf 79' lang='lat' dir='ltr'><strong>liquidoexploratis,multum</strong></span> <span class='ocrx_word' id='word_1_682' title='bbox 3190 2608 3314 2664; x_wconf 89' lang='lat' dir='ltr'><strong>hinc</strong></span> <span class='ocrx_word' id='word_1_683' title='bbox 3341 2610 3581 2663; x_wconf 86' lang='lat' dir='ltr'><strong>utilitatis</strong></span> <span class='ocrx_word' id='word_1_684' title='bbox 3616 2627 3713 2664; x_wconf 90' lang='lat' dir='ltr'><strong>no-</strong></span> 
     </span>
    </p>
   </div>
   <div class='ocr_carea' id='block_1_88' title="bbox 2128 2699 3715 2768">
    <p class='ocr_par' dir='ltr' id='par_1_88' title="bbox 2128 2699 3715 2768">
     <span class='ocr_line' id='line_1_88' title="bbox 2128 2699 3715 2768; baseline 0.001 -15"><span class='ocrx_word' id='word_1_685' title='bbox 2128 2699 2237 2753; x_wconf 80' lang='lat' dir='ltr'><strong>bis&#39;</strong></span> <span class='ocrx_word' id='word_1_686' title='bbox 2262 2699 2472 2754; x_wconf 80' lang='lat' dir='ltr'><strong>afferre.</strong></span> <span class='ocrx_word' id='word_1_687' title='bbox 2493 2699 2581 2753; x_wconf 72' lang='lat'><strong>23.</strong></span> <span class='ocrx_word' id='word_1_688' title='bbox 2600 2699 2765 2761; x_wconf 73' lang='lat' dir='ltr'><strong>Dixit,</strong></span> <span class='ocrx_word' id='word_1_689' title='bbox 2782 2703 2966 2768; x_wconf 91' lang='lat' dir='ltr'><strong>inquit,</strong></span> <span class='ocrx_word' id='word_1_690' title='bbox 2983 2699 3203 2754; x_wconf 83' lang='lat' dir='ltr'><strong>Lamech</strong></span> <span class='ocrx_word' id='word_1_691' title='bbox 3220 2703 3458 2755; x_wconf 74' lang='lat' dir='ltr'><strong>uxoribus</strong></span> <span class='ocrx_word' id='word_1_692' title='bbox 3474 2702 3576 2757; x_wconf 86' lang='lat' dir='ltr'><strong>suis</strong></span> <span class='ocrx_word' id='word_1_693' title='bbox 3589 2702 3715 2755; x_wconf 76' lang='lat' dir='ltr'><strong>Atla:</strong></span> 
     </span>
    </p>
   </div>
   <div class='ocr_carea' id='block_1_89' title="bbox 2127 2793 3716 2858">
    <p class='ocr_par' dir='ltr' id='par_1_89' title="bbox 2127 2793 3716 2858">
     <span class='ocr_line' id='line_1_89' title="bbox 2127 2793 3716 2858; baseline -0.003 -10"><span class='ocrx_word' id='word_1_694' title='bbox 2127 2805 2175 2848; x_wconf 91' lang='lat' dir='ltr'><strong>et</strong></span> <span class='ocrx_word' id='word_1_695' title='bbox 2208 2793 2399 2848; x_wconf 64' lang='lat' dir='ltr'><strong>Sellas:</strong></span> <span class='ocrx_word' id='word_1_696' title='bbox 2433 2794 2613 2847; x_wconf 79' lang='lat' dir='ltr'><strong>Audite</strong></span> <span class='ocrx_word' id='word_1_697' title='bbox 2634 2810 2804 2846; x_wconf 80' lang='lat' dir='ltr'><strong>vocem</strong></span> <span class='ocrx_word' id='word_1_698' title='bbox 2841 2810 3022 2858; x_wconf 87' lang='lat' dir='ltr'><strong>meam,</strong></span> <span class='ocrx_word' id='word_1_699' title='bbox 3042 2810 3223 2847; x_wconf 74' lang='lat' dir='ltr'><strong>uxores</strong></span> <span class='ocrx_word' id='word_1_700' title='bbox 3245 2793 3485 2854; x_wconf 81' lang='lat' dir='ltr'><strong>Lamech.</strong></span> <span class='ocrx_word' id='word_1_701' title='bbox 3510 2794 3716 2848; x_wconf 59' lang='lat' dir='ltr'><strong>auribus</strong></span> 
     </span>
    </p>
   </div>
   <div class='ocr_carea' id='block_1_90' title="bbox 2130 2886 3719 2957">
    <p class='ocr_par' dir='ltr' id='par_1_90' title="bbox 2130 2886 3719 2957">
     <span class='ocr_line' id='line_1_90' title="bbox 2130 2886 3719 2957; baseline 0.002 -20"><span class='ocrx_word' id='word_1_702' title='bbox 2130 2886 2371 2956; x_wconf 87' lang='lat' dir='ltr'><strong>percipite</strong></span> <span class='ocrx_word' id='word_1_703' title='bbox 2399 2902 2653 2938; x_wconf 83' lang='lat' dir='ltr'><strong>sermones</strong></span> <span class='ocrx_word' id='word_1_704' title='bbox 2688 2902 2821 2938; x_wconf 86' lang='lat' dir='ltr'><strong>meos</strong></span> <span class='ocrx_word' id='word_1_705' title='bbox 2853 2903 2869 2939; x_wconf 94' lang='lat'><strong><em>:</em></strong></span> <span class='ocrx_word' id='word_1_706' title='bbox 2901 2887 3021 2957; x_wconf 87' lang='lat' dir='ltr'><strong>quia</strong></span> <span class='ocrx_word' id='word_1_707' title='bbox 3065 2888 3229 2939; x_wconf 88' lang='lat' dir='ltr'><strong>virum</strong></span> <span class='ocrx_word' id='word_1_708' title='bbox 3257 2888 3417 2940; x_wconf 83' lang='lat' dir='ltr'><strong>occidi</strong></span> <span class='ocrx_word' id='word_1_709' title='bbox 3454 2889 3507 2941; x_wconf 87' lang='lat' dir='ltr'><strong>in</strong></span> <span class='ocrx_word' id='word_1_710' title='bbox 3532 2889 3719 2941; x_wconf 78' lang='lat' dir='ltr'><strong>vulnus</strong></span> 
     </span>
    </p>
   </div>
   <div class='ocr_carea' id='block_1_91' title="bbox 2130 2978 3718 3047">
    <p class='ocr_par' dir='ltr' id='par_1_91' title="bbox 2130 2978 3718 3047">
     <span class='ocr_line' id='line_1_91' title="bbox 2130 2978 3718 3047; baseline 0.002 -17"><span class='ocrx_word' id='word_1_711' title='bbox 2130 2978 2274 3043; x_wconf 84' lang='lat' dir='ltr'><strong>mihi,</strong></span> <span class='ocrx_word' id='word_1_712' title='bbox 2316 2987 2360 3029; x_wconf 89' lang='lat' dir='ltr'><strong>et</strong></span> <span class='ocrx_word' id='word_1_713' title='bbox 2388 2979 2817 3032; x_wconf 86' lang='lat' dir='ltr'><strong>adolescentulum</strong></span> <span class='ocrx_word' id='word_1_714' title='bbox 2845 2980 2895 3031; x_wconf 87' lang='lat' dir='ltr'><strong>in</strong></span> <span class='ocrx_word' id='word_1_715' title='bbox 2943 2980 3228 3035; x_wconf 86' lang='lat' dir='ltr'><strong>cicatricem</strong></span> <span class='ocrx_word' id='word_1_716' title='bbox 3277 2981 3419 3033; x_wconf 84' lang='lat' dir='ltr'><strong>nti/ti.</strong></span> <span class='ocrx_word' id='word_1_717' title='bbox 3453 2979 3542 3034; x_wconf 73' lang='grc'><strong>24.</strong></span> <span class='ocrx_word' id='word_1_718' title='bbox 3580 2981 3718 3047; x_wconf 82' lang='lat' dir='ltr'><strong>Quia</strong></span> 
     </span>
    </p>
   </div>
   <div class='ocr_carea' id='block_1_92' title="bbox 2130 3069 3718 3139">
    <p class='ocr_par' dir='ltr' id='par_1_92' title="bbox 2130 3069 3718 3139">
     <span class='ocr_line' id='line_1_92' title="bbox 2130 3069 3718 3139; baseline 0.001 -16"><span class='ocrx_word' id='word_1_719' title='bbox 2130 3070 2308 3139; x_wconf 81' lang='lat' dir='ltr'><strong>septies</strong></span> <span class='ocrx_word' id='word_1_720' title='bbox 2334 3071 2458 3123; x_wconf 88' lang='lat' dir='ltr'><strong>ultio</strong></span> <span class='ocrx_word' id='word_1_721' title='bbox 2504 3080 2706 3139; x_wconf 88' lang='lat' dir='ltr'><strong>sumpta</strong></span> <span class='ocrx_word' id='word_1_722' title='bbox 2756 3079 2825 3124; x_wconf 86' lang='lat' dir='ltr'><strong>est</strong></span> <span class='ocrx_word' id='word_1_723' title='bbox 2855 3070 2916 3123; x_wconf 88' lang='lat' dir='ltr'><strong>de</strong></span> <span class='ocrx_word' id='word_1_724' title='bbox 2944 3069 3091 3136; x_wconf 87' lang='lat' dir='ltr'><strong>Cain,</strong></span> <span class='ocrx_word' id='word_1_725' title='bbox 3122 3070 3185 3125; x_wconf 90' lang='lat' dir='ltr'><strong>de</strong></span> <span class='ocrx_word' id='word_1_726' title='bbox 3212 3069 3433 3129; x_wconf 80' lang='lat' dir='ltr'><strong>Lanteclt</strong></span> <span class='ocrx_word' id='word_1_727' title='bbox 3480 3088 3595 3125; x_wconf 81' lang='lat' dir='ltr'><strong>vero</strong></span> <span class='ocrx_word' id='word_1_728' title='bbox 3639 3089 3718 3125; x_wconf 85' lang='lat' dir='ltr'><strong>se-</strong></span> 
     </span>
    </p>
   </div>
   <div class='ocr_carea' id='block_1_93' title="bbox 2132 3161 3721 3231">
    <p class='ocr_par' dir='ltr' id='par_1_93' title="bbox 2132 3161 3721 3231">
     <span class='ocr_line' id='line_1_93' title="bbox 2132 3161 3721 3231; baseline 0.003 -20"><span class='ocrx_word' id='word_1_729' title='bbox 2132 3161 2357 3231; x_wconf 76' lang='lat' dir='ltr'><strong>pluagies</strong></span> <span class='ocrx_word' id='word_1_730' title='bbox 2402 3162 2602 3231; x_wconf 81' lang='lat' dir='ltr'><strong>septies.</strong></span> <span class='ocrx_word' id='word_1_731' title='bbox 2650 3161 2909 3226; x_wconf 87' lang='lat' dir='ltr'><strong>Obsecro,</strong></span> <span class='ocrx_word' id='word_1_732' title='bbox 2958 3170 3137 3216; x_wconf 91' lang='lat' dir='ltr'><strong>mente</strong></span> <span class='ocrx_word' id='word_1_733' title='bbox 3181 3162 3381 3216; x_wconf 90' lang='lat' dir='ltr'><strong>intenta</strong></span> <span class='ocrx_word' id='word_1_734' title='bbox 3428 3171 3620 3228; x_wconf 86' lang='lat' dir='ltr'><strong>estote,</strong></span> <span class='ocrx_word' id='word_1_735' title='bbox 3664 3172 3721 3218; x_wconf 88' lang='lat' dir='ltr'><strong>et</strong></span> 
     </span>
    </p>
   </div>
   <div class='ocr_carea' id='block_1_94' title="bbox 2132 3251 3716 3324">
    <p class='ocr_par' dir='ltr' id='par_1_94' title="bbox 2132 3251 3716 3324">
     <span class='ocr_line' id='line_1_94' title="bbox 2132 3251 3716 3324; baseline 0.004 -21"><span class='ocrx_word' id='word_1_736' title='bbox 2132 3253 2307 3304; x_wconf 88' lang='lat' dir='ltr'><strong>omnia</strong></span> <span class='ocrx_word' id='word_1_737' title='bbox 2351 3268 2470 3321; x_wconf 65' lang='lat' dir='ltr'><strong>qum</strong></span> <span class='ocrx_word' id='word_1_738' title='bbox 2521 3251 2586 3305; x_wconf 90' lang='lat' dir='ltr'><strong>ad</strong></span> <span class='ocrx_word' id='word_1_739' title='bbox 2618 3252 2900 3305; x_wconf 75' lang='lat' dir='ltr'><strong>sreculares</strong></span> <span class='ocrx_word' id='word_1_740' title='bbox 2930 3267 3085 3308; x_wconf 90' lang='lat' dir='ltr'><strong>curas</strong></span> <span class='ocrx_word' id='word_1_741' title='bbox 3128 3254 3415 3323; x_wconf 91' lang='lat' dir='ltr'><strong>pertinent,</strong></span> <span class='ocrx_word' id='word_1_742' title='bbox 3447 3270 3716 3324; x_wconf 84' lang='lat' dir='ltr'><strong>seponen-</strong></span> 
     </span>
    </p>
   </div>
   <div class='ocr_carea' id='block_1_95' title="bbox 2134 3342 3722 3413">
    <p class='ocr_par' dir='ltr' id='par_1_95' title="bbox 2134 3342 3722 3413">
     <span class='ocr_line' id='line_1_95' title="bbox 2134 3342 3722 3413; baseline 0.003 -18"><span class='ocrx_word' id='word_1_743' title='bbox 2134 3350 2231 3403; x_wconf 87' lang='lat' dir='ltr'><strong>tes,</strong></span> <span class='ocrx_word' id='word_1_744' title='bbox 2260 3356 2380 3395; x_wconf 89' lang='lat' dir='ltr'><strong>cmn</strong></span> <span class='ocrx_word' id='word_1_745' title='bbox 2407 3342 2682 3412; x_wconf 83' lang='lat' dir='ltr'><strong>diligentia</strong></span> <span class='ocrx_word' id='word_1_746' title='bbox 2731 3359 2850 3412; x_wconf 78' lang='lat' dir='ltr'><strong>qua:</strong></span> <span class='ocrx_word' id='word_1_747' title='bbox 2894 3342 3168 3409; x_wconf 88' lang='lat' dir='ltr'><strong>dicuntur,</strong></span> <span class='ocrx_word' id='word_1_748' title='bbox 3216 3355 3632 3413; x_wconf 88' lang='lat' dir='ltr'><strong>perscrutemur,</strong></span> <span class='ocrx_word' id='word_1_749' title='bbox 3664 3356 3722 3399; x_wconf 92' lang='lat' dir='ltr'><strong>ut</strong></span> 
     </span>
    </p>
   </div>
   <div class='ocr_carea' id='block_1_96' title="bbox 2134 3433 3727 3509">
    <p class='ocr_par' dir='ltr' id='par_1_96' title="bbox 2134 3433 3727 3509">
     <span class='ocr_line' id='line_1_96' title="bbox 2134 3433 3727 3509; baseline 0.004 -23"><span class='ocrx_word' id='word_1_750' title='bbox 2134 3433 2264 3487; x_wconf 91' lang='lat' dir='ltr'><strong>nihil</strong></span> <span class='ocrx_word' id='word_1_751' title='bbox 2291 3448 2475 3487; x_wconf 92' lang='lat' dir='ltr'><strong>eorum</strong></span> <span class='ocrx_word' id='word_1_752' title='bbox 2528 3449 2625 3487; x_wconf 88' lang='lat' dir='ltr'><strong>nos</strong></span> <span class='ocrx_word' id='word_1_753' title='bbox 2677 3434 2861 3499; x_wconf 88' lang='lat' dir='ltr'><strong>lateat,</strong></span> <span class='ocrx_word' id='word_1_754' title='bbox 2895 3435 2991 3490; x_wconf 85' lang='lat' dir='ltr'><strong>sed</strong></span> <span class='ocrx_word' id='word_1_755' title='bbox 3038 3445 3292 3506; x_wconf 91' lang='lat' dir='ltr'><strong>quantum</strong></span> <span class='ocrx_word' id='word_1_756' title='bbox 3338 3451 3622 3509; x_wconf 86' lang='lat' dir='ltr'><strong>possumus</strong></span> <span class='ocrx_word' id='word_1_757' title='bbox 3652 3438 3727 3492; x_wconf 83' lang='lat' dir='ltr'><strong>ad</strong></span> 
     </span>
    </p>
   </div>
   <div class='ocr_carea' id='block_1_97' title="bbox 2133 3524 3725 3600">
    <p class='ocr_par' dir='ltr' id='par_1_97' title="bbox 2133 3524 3725 3600">
     <span class='ocr_line' id='line_1_97' title="bbox 2133 3524 3725 3600; baseline 0.005 -23"><span class='ocrx_word' id='word_1_758' title='bbox 2133 3524 2449 3594; x_wconf 86' lang='lat' dir='ltr'><strong>profundum</strong></span> <span class='ocrx_word' id='word_1_759' title='bbox 2484 3526 2731 3596; x_wconf 83' lang='lat' dir='ltr'><strong>ingressi,</strong></span> <span class='ocrx_word' id='word_1_760' title='bbox 2760 3527 3027 3581; x_wconf 90' lang='lat' dir='ltr'><strong>occultum</strong></span> <span class='ocrx_word' id='word_1_761' title='bbox 3056 3529 3363 3583; x_wconf 87' lang='lat' dir='ltr'><strong>thesaurum</strong></span> <span class='ocrx_word' id='word_1_762' title='bbox 3392 3531 3573 3584; x_wconf 89' lang='lat' dir='ltr'><strong>venari</strong></span> <span class='ocrx_word' id='word_1_763' title='bbox 3596 3546 3725 3600; x_wconf 84' lang='lat' dir='ltr'><strong>pos-</strong></span> 
     </span>
    </p>
   </div>
   <div class='ocr_carea' id='block_1_98' title="bbox 2134 3618 3725 3687">
    <p class='ocr_par' dir='ltr' id='par_1_98' title="bbox 2134 3618 3725 3687">
     <span class='ocr_line' id='line_1_98' title="bbox 2134 3618 3725 3687; baseline 0.003 -16"><span class='ocrx_word' id='word_1_764' title='bbox 2134 3619 2299 3672; x_wconf 90' lang='lat' dir='ltr'><strong>simus</strong></span> <span class='ocrx_word' id='word_1_765' title='bbox 2330 3618 2382 3671; x_wconf 92' lang='lat' dir='ltr'><strong>in</strong></span> <span class='ocrx_word' id='word_1_766' title='bbox 2410 3619 2591 3687; x_wconf 90' lang='lat' dir='ltr'><strong>paucis</strong></span> <span class='ocrx_word' id='word_1_767' title='bbox 2618 3618 2721 3671; x_wconf 91' lang='lat' dir='ltr'><strong>illis</strong></span> <span class='ocrx_word' id='word_1_768' title='bbox 2746 3619 2923 3673; x_wconf 89' lang='lat' dir='ltr'><strong>verbis</strong></span> <span class='ocrx_word' id='word_1_769' title='bbox 2955 3620 3227 3673; x_wconf 85' lang='lat' dir='ltr'><strong>latentem.</strong></span> <span class='ocrx_word' id='word_1_770' title='bbox 3259 3620 3402 3675; x_wconf 78' lang='lat' dir='ltr'><strong>Dixit</strong></span> <span class='ocrx_word' id='word_1_771' title='bbox 3426 3632 3611 3685; x_wconf 87' lang='lat' dir='ltr'><strong>autem,</strong></span> <span class='ocrx_word' id='word_1_772' title='bbox 3640 3623 3725 3676; x_wconf 87' lang='lat' dir='ltr'><strong>in-</strong></span> 
     </span>
    </p>
   </div>
   <div class='ocr_carea' id='block_1_99' title="bbox 2134 3709 3724 3779">
    <p class='ocr_par' dir='ltr' id='par_1_99' title="bbox 2134 3709 3724 3779">
     <span class='ocr_line' id='line_1_99' title="bbox 2134 3709 3724 3779; baseline 0.005 -19"><span class='ocrx_word' id='word_1_773' title='bbox 2134 3711 2268 3779; x_wconf 90' lang='lat' dir='ltr'><strong>quit,</strong></span> <span class='ocrx_word' id='word_1_774' title='bbox 2298 3709 2520 3763; x_wconf 85' lang='lat' dir='ltr'><strong>Lamech</strong></span> <span class='ocrx_word' id='word_1_775' title='bbox 2562 3711 2804 3765; x_wconf 72' lang='lat' dir='ltr'><strong>uxoribus</strong></span> <span class='ocrx_word' id='word_1_776' title='bbox 2831 3711 2936 3764; x_wconf 87' lang='lat' dir='ltr'><strong>suis</strong></span> <span class='ocrx_word' id='word_1_777' title='bbox 2965 3712 3090 3764; x_wconf 75' lang='lat' dir='ltr'><strong>Atla:</strong></span> <span class='ocrx_word' id='word_1_778' title='bbox 3116 3722 3162 3765; x_wconf 90' lang='lat' dir='ltr'><strong>et</strong></span> <span class='ocrx_word' id='word_1_779' title='bbox 3192 3712 3348 3771; x_wconf 72' lang='lat' dir='ltr'><strong>Sellas</strong></span> <span class='ocrx_word' id='word_1_780' title='bbox 3370 3728 3389 3766; x_wconf 89' lang='lat'><strong><em>:</em></strong></span> <span class='ocrx_word' id='word_1_781' title='bbox 3424 3712 3610 3767; x_wconf 83' lang='lat' dir='ltr'><strong>Audite</strong></span> <span class='ocrx_word' id='word_1_782' title='bbox 3634 3730 3724 3767; x_wconf 76' lang='lat' dir='ltr'><strong>oo-</strong></span> 
     </span>
    </p>
   </div>
   <div class='ocr_carea' id='block_1_100' title="bbox 2134 3800 3733 3875">
    <p class='ocr_par' dir='ltr' id='par_1_100' title="bbox 2134 3800 3733 3875">
     <span class='ocr_line' id='line_1_100' title="bbox 2134 3800 3733 3875; baseline 0.004 -22"><span class='ocrx_word' id='word_1_783' title='bbox 2134 3818 2241 3854; x_wconf 80' lang='lat' dir='ltr'><strong>cem</strong></span> <span class='ocrx_word' id='word_1_784' title='bbox 2272 3818 2452 3863; x_wconf 85' lang='lat' dir='ltr'><strong>meam,</strong></span> <span class='ocrx_word' id='word_1_785' title='bbox 2478 3818 2659 3855; x_wconf 71' lang='lat' dir='ltr'><strong>uxores</strong></span> <span class='ocrx_word' id='word_1_786' title='bbox 2690 3800 2930 3863; x_wconf 82' lang='lat' dir='ltr'><strong>Lamech,</strong></span> <span class='ocrx_word' id='word_1_787' title='bbox 2962 3803 3167 3857; x_wconf 85' lang='lat' dir='ltr'><strong>auribus</strong></span> <span class='ocrx_word' id='word_1_788' title='bbox 3196 3805 3437 3875; x_wconf 88' lang='lat' dir='ltr'><strong>percipite</strong></span> <span class='ocrx_word' id='word_1_789' title='bbox 3469 3821 3733 3859; x_wconf 71' lang='lat' dir='ltr'><strong>sermones</strong></span> 
     </span>
    </p>
   </div>
   <div class='ocr_carea' id='block_1_101' title="bbox 2137 3893 3721 3965">
    <p class='ocr_par' dir='ltr' id='par_1_101' title="bbox 2137 3893 3721 3965">
     <span class='ocr_line' id='line_1_101' title="bbox 2137 3893 3721 3965; baseline 0.003 -20"><span class='ocrx_word' id='word_1_790' title='bbox 2137 3909 2289 3945; x_wconf 87' lang='lat' dir='ltr'><strong>meos.</strong></span> <span class='ocrx_word' id='word_1_791' title='bbox 2321 3893 2634 3953; x_wconf 85' lang='lat' dir='ltr'><strong>Considera.</strong></span> <span class='ocrx_word' id='word_1_792' title='bbox 2673 3893 2917 3956; x_wconf 76' lang='lat' dir='ltr'><strong>obsecro,</strong></span> <span class='ocrx_word' id='word_1_793' title='bbox 2949 3895 3126 3948; x_wconf 88' lang='lat' dir='ltr'><strong>statim</strong></span> <span class='ocrx_word' id='word_1_794' title='bbox 3171 3896 3239 3949; x_wconf 86' lang='lat' dir='ltr'><strong>ab</strong></span> <span class='ocrx_word' id='word_1_795' title='bbox 3267 3896 3433 3961; x_wconf 89' lang='lat' dir='ltr'><strong>initio,</strong></span> <span class='ocrx_word' id='word_1_796' title='bbox 3463 3910 3721 3965; x_wconf 88' lang='lat' dir='ltr'><strong>quantum</strong></span> 
     </span>
    </p>
   </div>
   <div class='ocr_carea' id='block_1_102' title="bbox 2139 3985 3731 4057">
    <p class='ocr_par' dir='ltr' id='par_1_102' title="bbox 2139 3985 3731 4057">
     <span class='ocr_line' id='line_1_102' title="bbox 2139 3985 3731 4057; baseline 0.002 -21"><span class='ocrx_word' id='word_1_797' title='bbox 2139 3985 2210 4038; x_wconf 92' lang='lat' dir='ltr'><strong>illi</strong></span> <span class='ocrx_word' id='word_1_798' title='bbox 2261 3985 2515 4053; x_wconf 86' lang='lat' dir='ltr'><strong>profuerit</strong></span> <span class='ocrx_word' id='word_1_799' title='bbox 2565 4000 2719 4055; x_wconf 72' lang='lat' dir='ltr'><strong>ptena</strong></span> <span class='ocrx_word' id='word_1_800' title='bbox 2753 3986 2883 4040; x_wconf 88' lang='lat' dir='ltr'><strong>Cain</strong></span> <span class='ocrx_word' id='word_1_801' title='bbox 2915 3987 3165 4057; x_wconf 83' lang='lat' dir='ltr'><strong>irrogata.</strong></span> <span class='ocrx_word' id='word_1_802' title='bbox 3198 3986 3314 4041; x_wconf 88' lang='lat' dir='ltr'><strong>Non</strong></span> <span class='ocrx_word' id='word_1_803' title='bbox 3359 3988 3532 4041; x_wconf 91' lang='lat' dir='ltr'><strong>solum</strong></span> <span class='ocrx_word' id='word_1_804' title='bbox 3578 3989 3731 4041; x_wconf 85' lang='lat' dir='ltr'><strong>enim</strong></span> 
     </span>
    </p>
   </div>
   <div class='ocr_carea' id='block_1_103' title="bbox 2140 4076 3726 4149">
    <p class='ocr_par' dir='ltr' id='par_1_103' title="bbox 2140 4076 3726 4149">
     <span class='ocr_line' id='line_1_103' title="bbox 2140 4076 3726 4149; baseline 0.003 -21"><span class='ocrx_word' id='word_1_805' title='bbox 2140 4092 2243 4128; x_wconf 89' lang='lat' dir='ltr'><strong>non</strong></span> <span class='ocrx_word' id='word_1_806' title='bbox 2276 4085 2554 4145; x_wconf 83' lang='lat' dir='ltr'><strong>exspectat</strong></span> <span class='ocrx_word' id='word_1_807' title='bbox 2597 4085 2653 4129; x_wconf 88' lang='lat' dir='ltr'><strong>ut</strong></span> <span class='ocrx_word' id='word_1_808' title='bbox 2678 4076 2746 4130; x_wconf 89' lang='lat' dir='ltr'><strong>ab</strong></span> <span class='ocrx_word' id='word_1_809' title='bbox 2774 4077 2881 4130; x_wconf 91' lang='lat' dir='ltr'><strong>alio</strong></span> <span class='ocrx_word' id='word_1_810' title='bbox 2908 4087 3179 4147; x_wconf 82' lang='lat' dir='ltr'><strong>arguatur,</strong></span> <span class='ocrx_word' id='word_1_811' title='bbox 3212 4078 3353 4149; x_wconf 89' lang='lat' dir='ltr'><strong>quod</strong></span> <span class='ocrx_word' id='word_1_812' title='bbox 3381 4079 3432 4134; x_wconf 90' lang='lat' dir='ltr'><strong>in</strong></span> <span class='ocrx_word' id='word_1_813' title='bbox 3481 4078 3621 4133; x_wconf 90' lang='lat' dir='ltr'><strong>idem</strong></span> <span class='ocrx_word' id='word_1_814' title='bbox 3668 4089 3726 4133; x_wconf 89' lang='lat' dir='ltr'><strong>et</strong></span> 
     </span>
    </p>
   </div>
   <div class='ocr_carea' id='block_1_104' title="bbox 2138 4168 3725 4237">
    <p class='ocr_par' dir='ltr' id='par_1_104' title="bbox 2138 4168 3725 4237">
     <span class='ocr_line' id='line_1_104' title="bbox 2138 4168 3725 4237; baseline 0.003 -19"><span class='ocrx_word' id='word_1_815' title='bbox 2138 4168 2351 4234; x_wconf 74' lang='lat' dir='ltr'><strong>gravius</strong></span> <span class='ocrx_word' id='word_1_816' title='bbox 2380 4178 2655 4236; x_wconf 84' lang='lat' dir='ltr'><strong>peccatum</strong></span> <span class='ocrx_word' id='word_1_817' title='bbox 2687 4168 2867 4237; x_wconf 83' lang='lat' dir='ltr'><strong>lapsus</strong></span> <span class='ocrx_word' id='word_1_818' title='bbox 2910 4169 2998 4233; x_wconf 93' lang='lat' dir='ltr'><strong>sit,</strong></span> <span class='ocrx_word' id='word_1_819' title='bbox 3031 4168 3122 4222; x_wconf 92' lang='lat' dir='ltr'><strong>sed</strong></span> <span class='ocrx_word' id='word_1_820' title='bbox 3154 4170 3298 4222; x_wconf 90' lang='lat' dir='ltr'><strong>nullo</strong></span> <span class='ocrx_word' id='word_1_821' title='bbox 3328 4171 3407 4223; x_wconf 91' lang='lat' dir='ltr'><strong>vel</strong></span> <span class='ocrx_word' id='word_1_822' title='bbox 3438 4179 3725 4224; x_wconf 81' lang='lat' dir='ltr'><strong>accusante</strong></span> 
     </span>
    </p>
   </div>
   <div class='ocr_carea' id='block_1_105' title="bbox 2141 4260 3730 4329">
    <p class='ocr_par' dir='ltr' id='par_1_105' title="bbox 2141 4260 3730 4329">
     <span class='ocr_line' id='line_1_105' title="bbox 2141 4260 3730 4329; baseline 0.004 -18"><span class='ocrx_word' id='word_1_823' title='bbox 2141 4260 2222 4313; x_wconf 77' lang='lat' dir='ltr'><strong>vel</strong></span> <span class='ocrx_word' id='word_1_824' title='bbox 2258 4260 2583 4329; x_wconf 87' lang='lat' dir='ltr'><strong>increpante,</strong></span> <span class='ocrx_word' id='word_1_825' title='bbox 2615 4260 2728 4328; x_wconf 90' lang='lat' dir='ltr'><strong>ipse</strong></span> <span class='ocrx_word' id='word_1_826' title='bbox 2763 4260 3107 4329; x_wconf 88' lang='lat' dir='ltr'><strong>semetipsum</strong></span> <span class='ocrx_word' id='word_1_827' title='bbox 3132 4261 3470 4315; x_wconf 88' lang='lat' dir='ltr'><strong>manifestum</strong></span> <span class='ocrx_word' id='word_1_828' title='bbox 3501 4261 3642 4329; x_wconf 81' lang='lat' dir='ltr'><strong>facit,</strong></span> <span class='ocrx_word' id='word_1_829' title='bbox 3670 4273 3730 4318; x_wconf 82' lang='lat' dir='ltr'><strong>et</strong></span> 
     </span>
    </p>
   </div>
   <div class='ocr_carea' id='block_1_106' title="bbox 2139 4348 3727 4422">
    <p class='ocr_par' dir='ltr' id='par_1_106' title="bbox 2139 4348 3727 4422">
     <span class='ocr_line' id='line_1_106' title="bbox 2139 4348 3727 4422; baseline 0.002 -18"><span class='ocrx_word' id='word_1_830' title='bbox 2139 4350 2425 4404; x_wconf 81' lang='lat' dir='ltr'><strong>confitetur</strong></span> <span class='ocrx_word' id='word_1_831' title='bbox 2467 4365 2584 4419; x_wconf 64' lang='lat' dir='ltr'><strong>quae</strong></span> <span class='ocrx_word' id='word_1_832' title='bbox 2627 4348 2765 4404; x_wconf 85' lang='lat' dir='ltr'><strong>facta</strong></span> <span class='ocrx_word' id='word_1_833' title='bbox 2813 4351 2940 4411; x_wconf 91' lang='lat' dir='ltr'><strong>sint,</strong></span> <span class='ocrx_word' id='word_1_834' title='bbox 2974 4350 3391 4422; x_wconf 85' lang='lat' dir='ltr'><strong>mulieribusque</strong></span> <span class='ocrx_word' id='word_1_835' title='bbox 3421 4361 3601 4406; x_wconf 89' lang='lat' dir='ltr'><strong>narrat</strong></span> <span class='ocrx_word' id='word_1_836' title='bbox 3626 4351 3727 4407; x_wconf 86' lang='lat' dir='ltr'><strong>de-</strong></span> 
     </span>
    </p>
   </div>
   <div class='ocr_carea' id='block_1_107' title="bbox 2143 4442 3727 4515">
    <p class='ocr_par' dir='ltr' id='par_1_107' title="bbox 2143 4442 3727 4515">
     <span class='ocr_line' id='line_1_107' title="bbox 2143 4442 3727 4515; baseline 0 -19"><span class='ocrx_word' id='word_1_837' title='bbox 2143 4443 2251 4497; x_wconf 91' lang='lat' dir='ltr'><strong>licti</strong></span> <span class='ocrx_word' id='word_1_838' title='bbox 2283 4443 2722 4512; x_wconf 89' lang='lat' dir='ltr'><strong>magnitudinem,</strong></span> <span class='ocrx_word' id='word_1_839' title='bbox 2754 4443 2906 4513; x_wconf 92' lang='lat' dir='ltr'><strong>quasi</strong></span> <span class='ocrx_word' id='word_1_840' title='bbox 2937 4442 3067 4496; x_wconf 88' lang='lat' dir='ltr'><strong>illud</strong></span> <span class='ocrx_word' id='word_1_841' title='bbox 3090 4442 3232 4515; x_wconf 88' lang='lat' dir='ltr'><strong>quod</strong></span> <span class='ocrx_word' id='word_1_842' title='bbox 3276 4458 3306 4496; x_wconf 90' lang='lat' dir='ltr'><strong>a</strong></span> <span class='ocrx_word' id='word_1_843' title='bbox 3352 4443 3609 4515; x_wconf 81' lang='lat' dir='ltr'><strong>prepheta</strong></span> <span class='ocrx_word' id='word_1_844' title='bbox 3638 4444 3727 4497; x_wconf 80' lang='lat' dir='ltr'><strong>di-</strong></span> 
     </span>
    </p>
   </div>
   <div class='ocr_carea' id='block_1_108' title="bbox 2140 4532 3728 4604">
    <p class='ocr_par' dir='ltr' id='par_1_108' title="bbox 2140 4532 3728 4604">
     <span class='ocr_line' id='line_1_108' title="bbox 2140 4532 3728 4604; baseline 0 -15"><span class='ocrx_word' id='word_1_845' title='bbox 2140 4543 2284 4589; x_wconf 90' lang='lat' dir='ltr'><strong>ctum</strong></span> <span class='ocrx_word' id='word_1_846' title='bbox 2324 4543 2425 4599; x_wconf 89' lang='lat' dir='ltr'><strong>est,</strong></span> <span class='ocrx_word' id='word_1_847' title='bbox 2455 4534 2684 4603; x_wconf 83' lang='lat' dir='ltr'><strong>impleas</strong></span> <span class='ocrx_word' id='word_1_848' title='bbox 2712 4551 2728 4588; x_wconf 90' lang='lat'><strong>:</strong></span> <span class='ocrx_word' id='word_1_849' title='bbox 2754 4532 2935 4588; x_wconf 83' lang='lat' dir='ltr'><strong>Justus</strong></span> <span class='ocrx_word' id='word_1_850' title='bbox 2963 4535 3044 4587; x_wconf 84' lang='lat' dir='ltr'><strong>sui</strong></span> <span class='ocrx_word' id='word_1_851' title='bbox 3068 4535 3225 4604; x_wconf 89' lang='lat' dir='ltr'><strong>ipsius</strong></span> <span class='ocrx_word' id='word_1_852' title='bbox 3271 4545 3536 4589; x_wconf 88' lang='lat' dir='ltr'><strong>accusator</strong></span> <span class='ocrx_word' id='word_1_853' title='bbox 3571 4546 3647 4589; x_wconf 87' lang='lat' dir='ltr'><strong>est</strong></span> <span class='ocrx_word' id='word_1_854' title='bbox 3673 4537 3728 4589; x_wconf 79' lang='lat' dir='ltr'><strong>in</strong></span> 
     </span>
    </p>
   </div>
   <div class='ocr_carea' id='block_1_109' title="bbox 2145 4624 3726 4695">
    <p class='ocr_par' dir='ltr' id='par_1_109' title="bbox 2145 4624 3726 4695">
     <span class='ocr_line' id='line_1_109' title="bbox 2145 4624 3726 4695; baseline 0.003 -17"><span class='ocrx_word' id='word_1_855' title='bbox 2145 4626 2390 4695; x_wconf 84' lang='lat' dir='ltr'><strong>principio</strong></span> <span class='ocrx_word' id='word_1_856' title='bbox 2421 4627 2664 4680; x_wconf 88' lang='lat' dir='ltr'><strong>sermonis</strong></span> <span class='ocrx_word' id='word_1_857' title='bbox 2696 4624 2875 4695; x_wconf 89' lang='lat' dir='ltr'><strong>(Prov.</strong></span> <span class='ocrx_word' id='word_1_858' title='bbox 2909 4626 2994 4680; x_wconf 86' lang='lat' dir='ltr'><strong>l8.</strong></span> <span class='ocrx_word' id='word_1_859' title='bbox 3030 4627 3142 4695; x_wconf 75' lang='lat' dir='ltr'><strong>l7).</strong></span> <span class='ocrx_word' id='word_1_860' title='bbox 3175 4627 3466 4682; x_wconf 85' lang='lat' dir='ltr'><strong>Plurimum</strong></span> <span class='ocrx_word' id='word_1_861' title='bbox 3490 4629 3631 4682; x_wconf 87' lang='lat' dir='ltr'><strong>enim</strong></span> <span class='ocrx_word' id='word_1_862' title='bbox 3660 4630 3726 4683; x_wconf 86' lang='lat' dir='ltr'><strong>ad</strong></span> 
     </span>
    </p>
   </div>
   <div class='ocr_carea' id='block_1_110' title="bbox 2142 4716 3730 4790">
    <p class='ocr_par' dir='ltr' id='par_1_110' title="bbox 2142 4716 3730 4790">
     <span class='ocr_line' id='line_1_110' title="bbox 2142 4716 3730 4790; baseline 0.001 -17"><span class='ocrx_word' id='word_1_863' title='bbox 2142 4716 2475 4773; x_wconf 85' lang='lat' dir='ltr'><strong>emendanda</strong></span> <span class='ocrx_word' id='word_1_864' title='bbox 2507 4728 2719 4785; x_wconf 85' lang='lat' dir='ltr'><strong>peccata</strong></span> <span class='ocrx_word' id='word_1_865' title='bbox 2747 4718 2886 4771; x_wconf 72' lang='lat' dir='ltr'><strong>valet</strong></span> <span class='ocrx_word' id='word_1_866' title='bbox 2909 4718 3410 4787; x_wconf 86' lang='lat' dir='ltr'><strong>confessio.Utique</strong></span> <span class='ocrx_word' id='word_1_867' title='bbox 3440 4720 3578 4773; x_wconf 88' lang='lat' dir='ltr'><strong>sicut</strong></span> <span class='ocrx_word' id='word_1_868' title='bbox 3601 4736 3697 4790; x_wconf 83' lang='lat' dir='ltr'><strong>gra</strong></span> <span class='ocrx_word' id='word_1_869' title='bbox 3718 4753 3730 4761; x_wconf 89' lang='lat'><strong>-</strong></span> 
     </span>
    </p>
   </div>
   <div class='ocr_carea' id='block_1_111' title="bbox 2146 4811 3731 4884">
    <p class='ocr_par' dir='ltr' id='par_1_111' title="bbox 2146 4811 3731 4884">
     <span class='ocr_line' id='line_1_111' title="bbox 2146 4811 3731 4884; baseline 0.006 -23"><span class='ocrx_word' id='word_1_870' title='bbox 2146 4812 2265 4864; x_wconf 84' lang='lat' dir='ltr'><strong>vius</strong></span> <span class='ocrx_word' id='word_1_871' title='bbox 2293 4819 2375 4863; x_wconf 91' lang='lat' dir='ltr'><strong>est</strong></span> <span class='ocrx_word' id='word_1_872' title='bbox 2403 4812 2632 4879; x_wconf 78' lang='lat' dir='ltr'><strong>peccatis</strong></span> <span class='ocrx_word' id='word_1_873' title='bbox 2678 4811 2825 4879; x_wconf 86' lang='lat' dir='ltr'><strong>ipsis,</strong></span> <span class='ocrx_word' id='word_1_874' title='bbox 2860 4821 2977 4880; x_wconf 91' lang='lat' dir='ltr'><strong>post</strong></span> <span class='ocrx_word' id='word_1_875' title='bbox 3022 4823 3235 4883; x_wconf 84' lang='lat' dir='ltr'><strong>peccata</strong></span> <span class='ocrx_word' id='word_1_876' title='bbox 3263 4816 3572 4879; x_wconf 87' lang='lat' dir='ltr'><strong>commissa,</strong></span> <span class='ocrx_word' id='word_1_877' title='bbox 3602 4830 3731 4884; x_wconf 84' lang='lat' dir='ltr'><strong>pec-</strong></span> 
     </span>
    </p>
   </div>
   <div class='ocr_carea' id='block_1_112' title="bbox 2143 4901 3733 4974">
    <p class='ocr_par' dir='ltr' id='par_1_112' title="bbox 2143 4901 3733 4974">
     <span class='ocr_line' id='line_1_112' title="bbox 2143 4901 3733 4974; baseline 0.003 -19"><span class='ocrx_word' id='word_1_878' title='bbox 2143 4913 2260 4955; x_wconf 89' lang='lat' dir='ltr'><strong>cata</strong></span> <span class='ocrx_word' id='word_1_879' title='bbox 2307 4901 2528 4955; x_wconf 88' lang='lat' dir='ltr'><strong>inliciari</strong></span> <span class='ocrx_word' id='word_1_880' title='bbox 2564 4920 2577 4955; x_wconf 90' lang='lat'><strong>:</strong></span> <span class='ocrx_word' id='word_1_881' title='bbox 2612 4901 2663 4955; x_wconf 91' lang='lat' dir='ltr'><strong>id</strong></span> <span class='ocrx_word' id='word_1_882' title='bbox 2693 4902 2834 4971; x_wconf 90' lang='lat' dir='ltr'><strong>quod</strong></span> <span class='ocrx_word' id='word_1_883' title='bbox 2881 4902 3147 4956; x_wconf 82' lang='lat' dir='ltr'><strong>fratricida</strong></span> <span class='ocrx_word' id='word_1_884' title='bbox 3181 4905 3270 4957; x_wconf 88' lang='lat' dir='ltr'><strong>ille</strong></span> <span class='ocrx_word' id='word_1_885' title='bbox 3303 4906 3512 4974; x_wconf 81' lang='lat' dir='ltr'><strong>agebat,</strong></span> <span class='ocrx_word' id='word_1_886' title='bbox 3541 4916 3596 4958; x_wconf 90' lang='lat' dir='ltr'><strong>et</strong></span> <span class='ocrx_word' id='word_1_887' title='bbox 3644 4922 3733 4960; x_wconf 87' lang='lat' dir='ltr'><strong>ro-</strong></span> 
     </span>
    </p>
   </div>
   <div class='ocr_carea' id='block_1_113' title="bbox 2143 4994 3735 5063">
    <p class='ocr_par' dir='ltr' id='par_1_113' title="bbox 2143 4994 3735 5063">
     <span class='ocr_line' id='line_1_113' title="bbox 2143 4994 3735 5063; baseline 0.003 -16"><span class='ocrx_word' id='word_1_888' title='bbox 2143 5004 2298 5063; x_wconf 86' lang='lat' dir='ltr'><strong>gatus</strong></span> <span class='ocrx_word' id='word_1_889' title='bbox 2330 5010 2359 5047; x_wconf 91' lang='lat' dir='ltr'><strong>a</strong></span> <span class='ocrx_word' id='word_1_890' title='bbox 2389 4994 2733 5049; x_wconf 84' lang='lat' dir='ltr'><strong>inisericorde</strong></span> <span class='ocrx_word' id='word_1_891' title='bbox 2775 4995 2907 5063; x_wconf 90' lang='lat' dir='ltr'><strong>Deo,</strong></span> <span class='ocrx_word' id='word_1_892' title='bbox 2937 5012 3043 5050; x_wconf 91' lang='lat' dir='ltr'><strong>non</strong></span> <span class='ocrx_word' id='word_1_893' title='bbox 3074 4998 3281 5050; x_wconf 76' lang='lat' dir='ltr'><strong>solum’</strong></span> <span class='ocrx_word' id='word_1_894' title='bbox 3304 5015 3408 5052; x_wconf 90' lang='lat' dir='ltr'><strong>non</strong></span> <span class='ocrx_word' id='word_1_895' title='bbox 3454 4997 3735 5054; x_wconf 59' lang='lat' dir='ltr'><strong>confessus</strong></span> 
     </span>
    </p>
   </div>
   <div class='ocr_carea' id='block_1_114' title="bbox 2146 5086 3740 5157">
    <p class='ocr_par' dir='ltr' id='par_1_114' title="bbox 2146 5086 3740 5157">
     <span class='ocr_line' id='line_1_114' title="bbox 2146 5086 3740 5157; baseline 0.006 -17"><span class='ocrx_word' id='word_1_896' title='bbox 2146 5096 2228 5141; x_wconf 82' lang='lat' dir='ltr'><strong>est</strong></span> <span class='ocrx_word' id='word_1_897' title='bbox 2259 5086 2309 5140; x_wconf 92' lang='lat' dir='ltr'><strong>id</strong></span> <span class='ocrx_word' id='word_1_898' title='bbox 2340 5086 2478 5156; x_wconf 88' lang='lat' dir='ltr'><strong>quod</strong></span> <span class='ocrx_word' id='word_1_899' title='bbox 2505 5101 2667 5140; x_wconf 84' lang='lat' dir='ltr'><strong>ausus</strong></span> <span class='ocrx_word' id='word_1_900' title='bbox 2707 5088 2876 5141; x_wconf 82' lang='lat' dir='ltr'><strong>fuerat</strong></span> <span class='ocrx_word' id='word_1_901' title='bbox 2910 5096 3119 5157; x_wconf 91' lang='lat' dir='ltr'><strong>patrare</strong></span> <span class='ocrx_word' id='word_1_902' title='bbox 3159 5089 3383 5156; x_wconf 84' lang='lat' dir='ltr'><strong>facinus,</strong></span> <span class='ocrx_word' id='word_1_903' title='bbox 3419 5089 3514 5146; x_wconf 89' lang='lat' dir='ltr'><strong>sed</strong></span> <span class='ocrx_word' id='word_1_904' title='bbox 3542 5100 3597 5145; x_wconf 88' lang='lat' dir='ltr'><strong>et</strong></span> <span class='ocrx_word' id='word_1_905' title='bbox 3624 5092 3740 5149; x_wconf 80' lang='lat' dir='ltr'><strong>Deo</strong></span> 
     </span>
    </p>
   </div>
   <div class='ocr_carea' id='block_1_115' title="bbox 2148 5178 3741 5250">
    <p class='ocr_par' dir='ltr' id='par_1_115' title="bbox 2148 5178 3741 5250">
     <span class='ocr_line' id='line_1_115' title="bbox 2148 5178 3741 5250; baseline 0.004 -19"><span class='ocrx_word' id='word_1_906' title='bbox 2148 5178 2359 5232; x_wconf 90' lang='lat' dir='ltr'><strong>mentiri</strong></span> <span class='ocrx_word' id='word_1_907' title='bbox 2388 5193 2549 5232; x_wconf 89' lang='lat' dir='ltr'><strong>ausus</strong></span> <span class='ocrx_word' id='word_1_908' title='bbox 2575 5188 2658 5232; x_wconf 89' lang='lat' dir='ltr'><strong>est</strong></span> <span class='ocrx_word' id='word_1_909' title='bbox 2690 5195 2705 5231; x_wconf 88' lang='lat'><strong>:</strong></span> <span class='ocrx_word' id='word_1_910' title='bbox 2735 5186 2790 5231; x_wconf 86' lang='lat' dir='ltr'><strong>et</strong></span> <span class='ocrx_word' id='word_1_911' title='bbox 2816 5179 2936 5233; x_wconf 89' lang='lat' dir='ltr'><strong>ideo</strong></span> <span class='ocrx_word' id='word_1_912' title='bbox 2962 5190 3019 5234; x_wconf 91' lang='lat' dir='ltr'><strong>ut</strong></span> <span class='ocrx_word' id='word_1_913' title='bbox 3052 5180 3454 5250; x_wconf 87' lang='lat' dir='ltr'><strong>prolongarelur</strong></span> <span class='ocrx_word' id='word_1_914' title='bbox 3477 5181 3585 5235; x_wconf 88' lang='lat' dir='ltr'><strong>vita</strong></span> <span class='ocrx_word' id='word_1_915' title='bbox 3610 5198 3741 5239; x_wconf 57' lang='lat' dir='ltr'><strong>sua.</strong></span> 
     </span>
    </p>
   </div>
   <div class='ocr_carea' id='block_1_116' title="bbox 2147 5267 3743 5339">
    <p class='ocr_par' dir='ltr' id='par_1_116' title="bbox 2147 5267 3743 5339">
     <span class='ocr_line' id='line_1_116' title="bbox 2147 5267 3743 5339; baseline 0.002 -18"><span class='ocrx_word' id='word_1_916' title='bbox 2147 5267 2293 5323; x_wconf 90' lang='lat' dir='ltr'><strong>fecit.</strong></span> <span class='ocrx_word' id='word_1_917' title='bbox 2326 5270 2485 5339; x_wconf 87' lang='lat' dir='ltr'><strong>Igitur</strong></span> <span class='ocrx_word' id='word_1_918' title='bbox 2514 5268 2744 5323; x_wconf 85' lang='lat' dir='ltr'><strong>Lamech</strong></span> <span class='ocrx_word' id='word_1_919' title='bbox 2789 5271 2841 5323; x_wconf 91' lang='lat' dir='ltr'><strong>in</strong></span> <span class='ocrx_word' id='word_1_920' title='bbox 2887 5270 2975 5324; x_wconf 89' lang='lat' dir='ltr'><strong>illa</strong></span> <span class='ocrx_word' id='word_1_921' title='bbox 3022 5272 3134 5339; x_wconf 89' lang='lat' dir='ltr'><strong>ipsa</strong></span> <span class='ocrx_word' id='word_1_922' title='bbox 3185 5281 3396 5339; x_wconf 75' lang='lat' dir='ltr'><strong>peccata</strong></span> <span class='ocrx_word' id='word_1_923' title='bbox 3441 5272 3743 5327; x_wconf 84' lang='lat' dir='ltr'><strong>inciderat:</strong></span> 
     </span>
    </p>
   </div>
   <div class='ocr_carea' id='block_1_117' title="bbox 2156 5353 3735 5426">
    <p class='ocr_par' dir='ltr' id='par_1_117' title="bbox 2156 5353 3735 5426">
     <span class='ocr_line' id='line_1_117' title="bbox 2156 5353 3735 5426; baseline 0.001 -18"><span class='ocrx_word' id='word_1_924' title='bbox 2156 5355 2252 5408; x_wconf 91' lang='lat' dir='ltr'><strong>sed</strong></span> <span class='ocrx_word' id='word_1_925' title='bbox 2282 5354 2465 5408; x_wconf 90' lang='lat' dir='ltr'><strong>animo</strong></span> <span class='ocrx_word' id='word_1_926' title='bbox 2488 5361 2770 5422; x_wconf 88' lang='lat' dir='ltr'><strong>reputans,</strong></span> <span class='ocrx_word' id='word_1_927' title='bbox 2797 5353 3146 5423; x_wconf 86' lang='lat' dir='ltr'><strong>negationem</strong></span> <span class='ocrx_word' id='word_1_928' title='bbox 3167 5357 3388 5426; x_wconf 86' lang='lat' dir='ltr'><strong>gravius</strong></span> <span class='ocrx_word' id='word_1_929' title='bbox 3407 5356 3485 5409; x_wconf 88' lang='lat' dir='ltr'><strong>illi</strong></span> <span class='ocrx_word' id='word_1_930' title='bbox 3509 5371 3735 5425; x_wconf 84' lang='lat' dir='ltr'><strong>parasse</strong></span> 
     </span>
    </p>
   </div>
   <div class='ocr_carea' id='block_1_118' title="bbox 2159 5443 3740 5516">
    <p class='ocr_par' dir='ltr' id='par_1_118' title="bbox 2159 5443 3740 5516">
     <span class='ocr_line' id='line_1_118' title="bbox 2159 5443 3740 5516; baseline -0.001 -15"><span class='ocrx_word' id='word_1_931' title='bbox 2159 5443 2508 5515; x_wconf 88' lang='lat' dir='ltr'><strong>supplicium,</strong></span> <span class='ocrx_word' id='word_1_932' title='bbox 2536 5443 2745 5497; x_wconf 84' lang='lat' dir='ltr'><strong>vocatis</strong></span> <span class='ocrx_word' id='word_1_933' title='bbox 2769 5444 3095 5499; x_wconf 87' lang='lat' dir='ltr'><strong>mulieribus</strong></span> <span class='ocrx_word' id='word_1_934' title='bbox 3112 5445 3249 5507; x_wconf 88' lang='lat' dir='ltr'><strong>suis,</strong></span> <span class='ocrx_word' id='word_1_935' title='bbox 3269 5445 3421 5499; x_wconf 90' lang='lat' dir='ltr'><strong>nullo</strong></span> <span class='ocrx_word' id='word_1_936' title='bbox 3438 5446 3740 5516; x_wconf 80' lang='lat' dir='ltr'><strong>reprehen-</strong></span> 
     </span>
    </p>
   </div>
   <div class='ocr_carea' id='block_1_119' title="bbox 2223 5601 2950 5660">
    <p class='ocr_par' dir='ltr' id='par_1_119' title="bbox 2223 5601 2950 5660">
     <span class='ocr_line' id='line_1_119' title="bbox 2223 5601 2950 5660; baseline -0.001 -10"><span class='ocrx_word' id='word_1_937' title='bbox 2223 5607 2238 5638; x_wconf 78' lang='grc' dir='ltr'>ί</span> <span class='ocrx_word' id='word_1_938' title='bbox 2267 5604 2365 5653; x_wconf 69' lang='lat' dir='ltr'><strong>Sex</strong></span> <span class='ocrx_word' id='word_1_939' title='bbox 2393 5604 2506 5655; x_wconf 80' lang='lat' dir='ltr'><strong>Mss.</strong></span> <span class='ocrx_word' id='word_1_940' title='bbox 2534 5609 2587 5651; x_wconf 90' lang='lat' dir='ltr'><strong>et</strong></span> <span class='ocrx_word' id='word_1_941' title='bbox 2608 5602 2779 5660; x_wconf 84' lang='lat' dir='ltr'><strong>Ssvil.,</strong></span> <span class='ocrx_word' id='word_1_942' title='bbox 2802 5601 2950 5655; x_wconf 81' lang='lat' dir='ltr'><strong>vobis.</strong></span> 
     </span>
    </p>
   </div>
   <div class='ocr_carea' id='block_1_120' title="bbox 2221 5663 3739 5727">
    <p class='ocr_par' dir='ltr' id='par_1_120' title="bbox 2221 5663 3739 5727">
     <span class='ocr_line' id='line_1_120' title="bbox 2221 5663 3739 5727; baseline -0.001 -12"><span class='ocrx_word' id='word_1_943' title='bbox 2221 5670 2241 5699; x_wconf 75' lang='grc'>³</span> <span class='ocrx_word' id='word_1_944' title='bbox 2269 5668 2393 5727; x_wconf 79' lang='lat' dir='ltr'><strong>Reg.</strong></span> <span class='ocrx_word' id='word_1_945' title='bbox 2418 5680 2543 5713; x_wconf 86' lang='lat' dir='ltr'><strong>unus</strong></span> <span class='ocrx_word' id='word_1_946' title='bbox 2571 5671 2622 5714; x_wconf 84' lang='lat' dir='ltr'><strong>et</strong></span> <span class='ocrx_word' id='word_1_947' title='bbox 2651 5665 2802 5713; x_wconf 66' lang='lat' dir='ltr'><strong>Sat-il.</strong></span> <span class='ocrx_word' id='word_1_948' title='bbox 2832 5664 2905 5713; x_wconf 89' lang='lat' dir='ltr'><strong>sic</strong></span> <span class='ocrx_word' id='word_1_949' title='bbox 2937 5665 3146 5723; x_wconf 79' lang='lat' dir='ltr'><strong>habent,</strong></span> <span class='ocrx_word' id='word_1_950' title='bbox 3170 5670 3217 5717; x_wconf 86' lang='lat' dir='ltr'><strong>et</strong></span> <span class='ocrx_word' id='word_1_951' title='bbox 3247 5671 3442 5727; x_wconf 84' lang='lat' dir='ltr'><strong>rogatus</strong></span> <span class='ocrx_word' id='word_1_952' title='bbox 3472 5679 3501 5714; x_wconf 84' lang='grc' dir='ltr'><em>α</em></span> <span class='ocrx_word' id='word_1_953' title='bbox 3539 5663 3739 5716; x_wconf 84' lang='lat' dir='ltr'><strong>miseri-</strong></span> 
     </span>
    </p>
   </div>
   <div class='ocr_carea' id='block_1_121' title="bbox 2158 5727 3420 5791">
    <p class='ocr_par' dir='ltr' id='par_1_121' title="bbox 2158 5727 3420 5791">
     <span class='ocr_line' id='line_1_121' title="bbox 2158 5727 3420 5791; baseline -0.005 -11"><span class='ocrx_word' id='word_1_954' title='bbox 2158 5731 2303 5781; x_wconf 86' lang='lat' dir='ltr'><strong>corde</strong></span> <span class='ocrx_word' id='word_1_955' title='bbox 2326 5730 2446 5791; x_wconf 60' lang='lat' dir='ltr'><strong>Deo,</strong></span> <span class='ocrx_word' id='word_1_956' title='bbox 2479 5743 2497 5775; x_wconf 72' lang='grc' dir='ltr'>ι</span> <span class='ocrx_word' id='word_1_957' title='bbox 2523 5727 2602 5777; x_wconf 80' lang='lat' dir='ltr'><strong>ubi</strong></span> <span class='ocrx_word' id='word_1_958' title='bbox 2624 5727 2743 5778; x_wconf 75' lang='lat' dir='ltr'><strong>Abel</strong></span> <span class='ocrx_word' id='word_1_959' title='bbox 2756 5727 2909 5791; x_wconf 80' lang='lat' dir='ltr'><strong>frater</strong></span> <span class='ocrx_word' id='word_1_960' title='bbox 2928 5734 3054 5789; x_wconf 79' lang='lat' dir='ltr'><strong>tuas,</strong></span> <span class='ocrx_word' id='word_1_961' title='bbox 3086 5744 3103 5775; x_wconf 75' lang='grc' dir='ltr'><strong><em>ι</em></strong></span> <span class='ocrx_word' id='word_1_962' title='bbox 3130 5742 3224 5778; x_wconf 88' lang='lat' dir='ltr'><strong>non</strong></span> <span class='ocrx_word' id='word_1_963' title='bbox 3248 5727 3420 5778; x_wconf 85' lang='lat' dir='ltr'><strong>solum.</strong></span> 
     </span>
    </p>
   </div>
  </div>
