4038 6394
464 329 566 387 169

464 447 557 499 καί
579 445 655 508 εἰς
692 443 903 515 ἐκείνην
930 442 1097 497 ἐλθὼν
1117 444 1212 516 τὴν
1232 445 1458 510 ἔννοιαν,
1480 447 1561 500 ὅτι
1589 449 1794 500 ἐκεῖνον
1826 446 1859 516 ἡ
1888 444 2114 514 ἄρνησις

463 532 847 603 χαλεπωτέραν
868 530 1121 595 δέξασθαι
1166 532 1542 602 παρεσκεύασε
1568 534 1666 604 τὴν
1694 532 1982 603 τιμωρίαν,
2018 545 2116 582 κα-

463 618 624 682 λέσας
655 618 752 682 τάς
809 618 1000 671 ἑαυτοῦ
1029 621 1311 687 γυναῖκας,
1350 619 1562 683 οὐδενὸς
1612 617 2120 686 καταναγκάζοντος

461 707 580 760 οὐδὲ
647 707 1025 776 διελέγχοντος,
1084 707 1244 771 αὐτὸς
1281 708 1367 761 διά
1393 710 1491 777 τῆς
1517 709 1719 770 οἰκείας
1754 706 2002 775 γλώττης
2025 706 2117 757 καί.

461 795 560 865 τὴν
588 794 873 863 ὁμολογίαν
910 793 1018 846 τῶν
1056 795 1457 865 ἡμαρτημένων
1493 797 1741 855 ποιεῖται,
1776 794 1870 846 καὶ
1892 791 2116 864 συγκρί-

462 898 567 935 νων
606 881 673 933 τὰ
702 881 791 934 ὑπ’
820 881 985 934 αὐτοῦ
1034 882 1369 952 εἰργασμένα
1402 886 1512 945 τοῖς
1556 882 1707 953 παρά
1732 880 1826 933 τοῦ
1860 881 1999 933 Κάῖν
2021 897 2119 932 πε-

462 970 813 1039 πραγμένοις,
856 970 1029 1040 ἐαυτῴ
1055 970 1151 1041 τὴν
1176 971 1443 1041 τιμωρίαν
1470 970 1657 1042 ὁρίζει.

530 1140 680 1209 Εἶδες
730 1146 1055 1217 κηδεμονίαν
1105 1145 1396 1211 Δεσπότου,
1433 1146 1550 1209 πῶς
1601 1146 1693 1198 καί
1744 1145 1800 1198 αἰ
1858 1145 2116 1217 τιμωρίαι

459 1234 624 1287 αὐτοῦ
658 1232 845 1303 φιλανθ
856 1235 1063 1305 ρωπίας
1086 1228 1368 1297 ὐποθέσεις
1388 1235 1512 1295 εἰσί,
1550 1230 1642 1286 καὶ
1669 1234 1749 1286 ὃτι
1768 1234 1829 1286 οὐ
1848 1233 2006 1305 μέχρι
2022 1234 2114 1286 τοῦ

456 1322 557 1391 τὴν
580 1320 848 1391 τιμωρίαν
885 1317 1172 1390 δεχομένου
1205 1320 1270 1373 τά
1308 1320 1408 1389 τῆς
1444 1320 1849 1390 φιλανθρωπίας
1883 1321 2113 1385 ἵσταται,

456 1406 589 1459 ἀλλά
618 1407 710 1460 καὶ
735 1407 846 1470 τοῖς
864 1406 1072 1471 λοιποῖς
1101 1410 1366 1478 χρήσιμον
1392 1404 1783 1471 κατασκευάζει
1813 1407 1873 1459 τὸ
1901 1407 2115 1477 φάρμα-

456 1510 570 1555 κον,
598 1494 646 1546 εἰ
684 1492 988 1563 βουληθεῖεν
1010 1495 1109 1564 τήν
1132 1492 1190 1557 ἐξ
1208 1492 1369 1545 αὐτοῦ
1393 1492 1657 1560 ὠφέλειαν
1684 1491 2112 1563 καρπώσασθαις

458 1580 627 1633 Πόθεν
648 1580 778 1651 γὰρ.
803 1580 925 1633 εἰπέ
958 1597 1067 1650 μοι,
1108 1581 1136 1632 6
1167 1581 1357 1651 Λάμεχ
1382 1580 1644 1651 ἑτέρωθεν
1677 1580 1768 1632 ἐπὶ
1799 1579 1895 1651 τὴν
1920 1579 2116 1632 τοσαύ-

452 1684 554 1736 την
579 1666 961 1737 ἐξομολόγησιν
983 1666 1231 1739 ἐπείχθη,
1255 1670 1302 1721 εἰ
1323 1668 1395 1738 μὴ
1422 1667 1521 1738 τὴν
1546 1668 1609 1719 ἐκ
1639 1666 1748 1721 τῶν
1766 1666 1958 1737 ἐκείνῳ
1979 1685 2115 1737 συμ-

456 1755 662 1809 ϐάντων
713 1754 1015 1825 ὑπόμνησιν
1055 1751 1167 1825 εἶχε
1224 1752 1483 1825 διηνεκῶς
1532 1755 1692 1808 αὐτοῦ
1744 1755 1840 1817 τὴν
1878 1754 2114 1808 διάνοιαν

453 1840 842 1895 κατασείουσαν
856 1858 871 1900 ;
885 1838 1049 1907 Είπε,
1065 1842 1247 1912 φησίν*
1276 1842 1599 1896 Ἀκούσατέ
1614 1859 1733 1911 μου
1754 1840 1863 1910 τῆς
1882 1840 2109 1910 φωνῆς,

453 1930 550 1983 καί
572 1928 937 1983 ἐνωτίσασθέ
954 1946 1071 1998 μου
1108 1929 1249 1995 τοὺς
1270 1932 1510 1999 λόγους.
1550 1932 1690 1999 Ὅρα
1724 1929 1839 1991 πῶς
1858 1928 2113 1983 καθ’ἐαυ-

451 2016 540 2069 τὸν
563 2016 904 2087 δικαστήριον
938 2016 1188 2080 καθίσας,
1231 2017 1371 2070 οὕτω
1398 2018 1497 2087 τὴν
1545 2019 1886 2089 παράκλησιν
1924 2019 2111 2083 αὐταῖς

452 2104 736 2171 προσάγει,
768 2102 906 2156 ὥστε
959 2104 1033 2175 μὴ
1082 2104 1372 2173 παρέργως
1418 2104 1671 2169 δέξασθαι
1714 2106 1783 2159 τά
1822 2106 2107 2177 λεγόμενα.

450 2194 525 2247 Τὸ
553 2194 659 2264 γάρ
688 2195 881 2260 εἰπεῖν,
934 2192 1251 2248 Ἀκούσατέ
1272 2211 1390 2262 μου
1412 2193 1524 2262 τῆς
1541 2194 1766 2264 φωνῆς,
1792 2196 1891 2248 καὶ
1909 2195 2109 2248 ἐνωτί-

450 2281 644 2335 σασθέ
680 2300 799 2351 μου
839 2281 981 2348 τοὺς
1014 2284 1255 2352 λόγους,
1293 2282 1450 2336 τοῦτο
1480 2283 1763 2354 δηλοῦντός
1794 2286 1937 2337 ἐστι·
1974 2285 2107 2336 Συν-

450 2368 657 2421 τείνατε
715 2368 886 2439 ὐμῶν,
923 2370 1073 2438 φησὶ,
1100 2368 1197 2439 τὴν
1228 2369 1481 2434 διάνοιαν,
1516 2371 1611 2423 καὶ
1648 2370 1785 2441 μετά
1829 2371 2110 2441 ἀκριϐείας

450 2456 741 2525 προσέχετε
758 2450 838 2519 οἷς
854 2455 1001 2527 [174]
1022 2458 1163 2527 ἐρεῖν
1182 2456 1377 2526 μέλλω.
1396 2457 1530 2509 Οὐδὲ
1546 2460 1652 2528 γάρ
1676 2475 1741 2510 πε
1750 2458 1802 2528 ρὶ
1816 2458 1921 2510 τῶν
1932 2458 2111 2527 τυχόν-

448 2559 553 2593 των
589 2543 714 2611 ὑμῖν
743 2541 1071 2612 διαλέξομαι,
1108 2542 1243 2596 ἀλλά
1272 2544 1571 2615 πράγματα
1605 2546 1733 2614 ὑμῖν
1768 2544 2109 2615 ἐξαγορεύσω

447 2628 790 2693 λανθάνοντα,
819 2630 910 2682 καὶ
936 2629 970 2682 ἂ
998 2629 1183 2699 μηδεὶς
1208 2630 1389 2700 ἕτερος
1414 2628 1569 2695 οἶδεν,
1593 2632 1706 2684 ἀλλ’
1735 2632 1766 2702 ἢ
1800 2633 1957 2702 μόνος
1978 2632 2106 2699 ἐγὼ,

448 2718 540 2769 καὶ
570 2719 598 2770 6
628 2718 922 2787 ἀκοίμητος
969 2719 1175 2782 ἐκεῖνος
1210 2718 1503 2789 ὀφθαλμὸς,
1530 2719 1588 2771 ὃν
1619 2719 1870 2783 δεδοικὼς
1896 2720 2109 2773 σπεύδω

447 2804 540 2857 καὶ
584 2804 872 2875 ἐπείγομαι
934 2804 1141 2875 φανερά
1199 2806 1326 2876 ὑμῖν
1363 2810 1700 2879 καταστῆσαι
1737 2808 1805 2861 τά
1853 2809 1943 2860 ὐπ’
1974 2806 2106 2877 ἐμοῦ

446 2891 825 2961 πεπραγμένα,
871 2893 968 2945 καὶ
1016 2893 1167 2955 ὅσαις
1230 2894 1518 2963 τιμωρίαις
1572 2895 1761 2947 ἐαυτὸν
1810 2895 2106 2950 ὑπεύθυνον

447 2978 751 3048 κατέστησα
783 2978 869 3031 διά
895 2978 1000 3031 τῶν
1032 2979 1258 3032 ἀνοσίων
1290 2981 1557 3052 πράξεων.
1583 2983 1709 3035 ’Ὁτι
1737 2981 1925 3049 ἄνδρα
1961 2984 2105 3036 ἀπέ-

446 3082 667 3130 κτεινα,
722 3066 907 3134 φησὶν,
964 3067 1049 3129 εἰς
1087 3066 1316 3135 τραῦμα
1352 3067 1502 3135 ἐμοὶ,
1542 3069 1640 3121 καὶ
1675 3070 2001 3122 νεανίσκον
2021 3072 2107 3135 εἰς

443 3154 704 3220 μώλωπα
723 3153 870 3222 ἐμοί.
902 3153 1031 3205 Ὀτι
1058 3153 1303 3219 ἑπτάκις
1327 3153 1700 3222 ἐκδεδίκηται
1740 3156 1808 3208 ἐκ
1837 3155 2005 3219 Κάϊν,
2039 3159 2107 3211 ἐκ

444 3242 513 3294 δὲ
533 3242 732 3311 Λάμεχ
779 3241 1282 3311 ἑϐδομηκοντάκις
1311 3242 1478 3296 ἑπτά.
1514 3245 1673 3313 Μέγα
1703 3244 1763 3297 τὸ
1796 3247 2104 3315 εἰρημένον,

446 3330 541 3382 καὶ
563 3330 765 3401 σφόδρα
799 3329 959 3400 μέγα,
994 3331 1086 3383 καί
1114 3329 1281 3400 πολλὴ
1306 3329 1397 3383 τοῦ
1418 3330 1608 3401 ἀνδρὸς
1638 3333 1670 3402 ή
1693 3333 2102 3402 εὐγνωμοσύνη.

442 3417 521 3471 Οὐ
559 3415 715 3488 μόνον
743 3416 851 3489 γάρ
878 3417 1128 3488 ὁμολογεῖ
1158 3417 1219 3470 τὸ
1244 3417 1483 3486 γεγονὸς,
1513 3420 1607 3472 καὶ
1655 3422 1778 3484 τοὺς
1812 3422 2004 3491 φόνους
2028 3426 2107 3487 εἰς

449 3503 610 3574 μέσον
637 3504 776 3573 ἄγει,
803 3503 895 3568 οὓς
927 3505 1238 3576 εἰργάσατο,
1270 3505 1404 3559 ἀλλά
1430 3507 1522 3559 καὶ
1535 3506 1622 3559 διά
1645 3508 1741 3579 τῆς
1768 3510 2106 3579 συγκρίσεως

443 3590 551 3642 τῶν
579 3591 668 3643 ὑπ’
698 3590 906 3644 ἐκείνου
960 3592 1051 3645 καί
1081 3592 1171 3644 ὐπ’
1198 3591 1361 3644 αὐτοῦ
1394 3594 1691 3661 γεγονότων
1732 3594 1791 3647 τὸ
1833 3597 2106 3666 ἐπιτίμιον

444 3678 619 3749 ἑαυτῷ
672 3678 962 3748 ἐπιτίθησι.
1016 3679 1181 3743 Ποίας
1211 3680 1318 3750 γὰρ
1363 3680 1428 3733 ἂν
1450 3680 1558 3753 εἰη,
1592 3684 1746 3751 φησί,
1777 3683 2106 3756 συγγνώμης

442 3764 590 3830 ἄξιος
616 3769 644 3821 6
676 3767 807 3838 μηδέ
839 3769 904 3838 τῇ
942 3766 1128 3839 ἐτέρου
1158 3770 1395 3839 τιμωρίᾳ
1421 3771 1828 3841 σωφρονισθείς,
1853 3773 1987 3826 ἀλλά
2014 3774 2107 3827 καὶ

444 3852 662 3907 ἔναυλον
691 3853 829 3924 ἔχων
849 3854 946 3925 τὴν
970 3856 1206 3926 μνήμην,
1239 3856 1333 3907 καί
1367 3856 1502 3926 πρὸς
1533 3858 1626 3910 ἐπὶ
1660 3858 1866 3921 τούτοις
1886 3858 2107 3913 διπλοῦν

444 3941 813 4012 ἐργασάμενος
843 3941 999 4010 φόνον
1020 3958 1034 4006 ;
1056 3942 1185 3995 ’Ὅτι
1210 3942 1418 4010 ἄνδρα,
1462 3946 1645 4013 φησὶν,
1677 3946 1997 4000 ἀπέκτεινα
2019 3950 2107 4013 εἰς

443 4026 673 4095 τραῦμα
700 4027 849 4097 ἐμοὶ,
902 4028 997 4081 καὶ
1051 4030 1378 4083 νεανίσκον
1428 4033 1513 4096 εἰς
1539 4031 1802 4100 μώλωπα
1848 4034 1996 4101 ἐμοί.
2029 4035 2103 4087 Οὐ

442 4115 692 4168 τοσοῦτον
725 4115 979 4184 ⁴ἰγδίκησα,
1029 4118 1214 4186 φησὶν,
1276 4116 1534 4180 ἐκείνους,
1578 4118 1669 4181 οὓς
1718 4119 1946 4180 ἀνεῖλον,
1982 4121 2104 4176 ὅσον

443 4200 697 4269 ἐμαυτόν.
732 4200 825 4264 Εἰς
875 4203 1113 4269 ἄφυκτον
1155 4201 1263 4273 γὰρ
1286 4203 1555 4273 τιμωρίαν
1603 4205 1793 4257 ἐαυτὸν
1832 4206 2101 4272 ἐνέϐαλον,

443 4288 812 4365 ἁμαρτήματα
846 4288 1213 4358 ἐργασάμενος
1243 4289 1570 4360 συγγνώμης
1603 4291 1877 4347 ἐπέκεινα.
1906 4294 1969 4346 Εἰ
1994 4294 2103 4367 γάρ

441 4374 647 4438 ἐκεῖνος
669 4375 809 4445 ὑπὲρ
835 4374 929 4428 τοῦ
984 4375 1101 4437 ἐνὸς
1134 4375 1293 4444 φόνου
1320 4377 1458 4430 ἐπτά
1492 4378 1782 4449 τιμωρίαις
1803 4380 2104 4446 ὑπεύθυνος

440 4460 681 4529 γέγονεν,
708 4461 817 4531 ἐγὼ
839 4462 1044 4526 δίκαιος
1071 4461 1136 4516 ἂν
1157 4464 1273 4533 εἵην
1292 4464 1746 4535 ἑϐδομηκοντάκις
1769 4467 1909 4520 ἐπτά
1933 4485 2100 4539 τιμω-

445 4553 565 4621 ρίας
595 4550 870 4622 ὑποσχεῖν.
892 4551 1048 4615 Τίνος
1077 4551 1262 4604 ἐνεκεν
1290 4552 1384 4605 καί
1412 4552 1502 4605 διά
1524 4554 1611 4619 τίς
1646 4553 1710 4607 Εἰ
1747 4554 1855 4625 γάρ
1881 4557 1977 4609 καὶ
2014 4556 2104 4625 φό-

440 4654 532 4691 νον
575 4637 780 4702 ἐκεῖνος
828 4639 1142 4708 εἰργάσατο,
1179 4639 1275 4691 καί⁵
1298 4639 1527 4707 ἀδελφοῦ
1552 4641 1727 4709 φόνον,
1766 4642 1880 4695 ἀλλ’
1914 4643 2101 4697 οὐδένα

439 4725 690 4779 οὐδέποτε
735 4726 996 4798 πρότερον
1040 4726 1371 4797 θεασάμενος
1398 4728 1555 4781 τοῦτο
1600 4731 1954 4799 πεποιηκότα,
1980 4733 2099 4785 οὐδὲ

438 4812 666 4866 κατιδὼν
692 4813 876 4885 ἕτερον
897 4813 984 4866 διά
1024 4814 1121 4884 τὴν
1147 4815 1341 4884 πρᾶξιν
1366 4815 1765 4886 τιμωρηθέντα,
1791 4819 1882 4871 καὶ
1912 4819 2102 4871 τοσαύ-

436 4916 536 4968 της
560 4899 887 4970 πειραθέντα
916 4900 1011 4969 τῆς
1040 4902 1478 4967 ἀγανακτήσεως,
1504 4902 1644 4972 ειπερ
1661 4903 1944 4974 ἀμφότερα
1976 4905 2099 4974 ἐμοὶ

439 4986 588 5050 αὔξει
614 4988 711 5050 τάς
743 4989 1011 5058 τιμωρίας
1033 5005 1045 5018 ο
1073 4989 1153 5041 ὅτι
1176 4990 1269 5041 καί
1296 4989 1401 5059 πρὸ
1430 4989 1536 5041 τῶν
1552 4989 1842 5060 ὀφθαλμῶν
1876 4990 2013 5061 ἔχων
2040 4990 2100 5043 τὸ

438 5074 528 5127 ὑπ’
565 5075 769 5128 ἐκείνου
821 5076 1108 5146 τολμηθὲν,
1153 5078 1246 5128 καὶ
1287 5076 1384 5145 τὴν
1433 5077 1702 5148 τιμωρίαν
1744 5078 1884 5149 ὁρῶν
1928 5078 2099 5141 οὕτως

435 5162 728 5233 ἀνήκεστον
776 5162 959 5227 οὖσαν,
985 5165 1104 5217 οὐδέ
1133 5164 1304 5227 οὓτως
1331 5166 1757 5237 ἐσωφρονίσθην.
1793 5168 1890 5221 Διά
1940 5167 2098 5220 τοῦτο

437 5248 537 5302 κᾶν
582 5250 1036 5321 ἑϐδομηκοντάκις
1064 5250 1200 5303 ἐπτά
1225 5252 1492 5321 τιμωρίας
1530 5254 1735 5306 ἐκείνου
1776 5255 2093 5326 ὑποσταίην,

434 5345 557 5399 οὐδὲ
577 5344 719 5397 οὓτω
746 5346 843 5416 τὴν
872 5344 1028 5411 ἀξίαν
1062 5344 1217 5398 δώσω
1246 5346 1425 5414 δίκην.

502 5526 571 5587 γ’.
591 5519 773 5590 Ὀρᾷς,
793 5519 1058 5590 ἀγαπητέ,
1078 5518 1195 5583 πῶς
1226 5519 1566 5583 αὐτεξούσιον
1588 5520 1745 5590 ήμῶν
1762 5521 1855 5592 τὴν
1875 5522 2094 5595 γνώμην

430 5605 461 5657 6
496 5605 627 5668 Θεὸς
660 5605 1074 5677 ἐδημιούργησε,
1112 5606 1207 5658 καὶ
1243 5605 1429 5676 ὥσπερ
1461 5607 1826 5677 ῥᾳθυμοῦντες
1859 5612 2093 5663 ὑποσκε-

430 5690 706 5761 λιζόμεθα,
740 5692 880 5746 οὕτω
931 5694 1023 5747 καὶ
1069 5694 1232 5763 νῆψαι
1278 5693 1626 5765 βουληθέντες
1674 5698 1981 5769 συνορῶμεν
2030 5701 2090 5754 τὸ

430 5777 579 5841 δέονς
636 5779 732 5841 Τίς
788 5780 917 5849 γὰρ,
975 5782 1095 5835 εἰπέ
1135 5799 1247 5851 μοι,
1298 5780 1484 5835 τοῦτον
1537 5783 1630 5836 ἐπὶ
1677 5786 1776 5856 τὴν
1821 5788 2085 5860 τοσαύτην

430 5865 812 5933 ἐξομολόγησιν
842 5870 1205 5937 κατήπειγεν;
1237 5868 1422 5932 Οὐδεὶς
1447 5870 1649 5940 ἕτερος,
1678 5874 1845 5942 ἀλλ’ἢ
1878 5877 1936 5928 τὸ
1966 5895 2085 5931 συν-

1266 330 1325 387 S.
1365 328 1648 387 JOANNIS
1677 324 2171 385 CHRYSOSTOMI
2206 324 2527 385 ARCBIEP.
2567 320 3099 385 CONSTAN'I‘INOP.
3776 328 3863 377 170

2228 443 2366 506 ειδὸς
2402 444 2495 496 καί
2528 445 2557 496 6
2595 444 2854 514 δικαστὴς
2898 444 3100 505 ἐκεῖνος
3125 441 3153 493 6
3179 438 3490 503 ἀδέκαστος.
3528 436 3743 507 Ἐπειδὴ
3773 441 3861 507 γὰρ

2222 534 2300 594 εἰς
2360 531 2627 603 ρᾳθυμίαν
2672 533 2966 593 ἀποκλίνας
3012 533 3090 592 εἰς
3134 529 3291 599 ἔργον
3339 529 3512 598 ήγαγε
3565 528 3663 597 τὴν
3703 530 3863 594 κακὴν

2220 620 2581 690 ἐπιχείρησιν,
2610 620 2808 681 εὐθέως
2838 619 3199 685 κατεξανέστη
3221 616 3281 668 τὸ
3310 614 3544 677 συνειδὸς
3572 614 3861 670 καταϐοῶν,

2220 709 2312 760 καί
2342 707 2447 759 τῶν
2474 707 2897 777 ἁμαρτηθέντων
2923 706 2985 757 τὺ
3008 702 3259 775 μέγεθος,
3291 705 3385 755 καὶ
3414 702 3562 764 ὅσαις
3592 701 3863 770 τιμωρίαις

2218 796 2408 849 ἐαυτὸν
2440 797 2735 850 ὑπεύθυνον
2767 798 3076 867 εἰργάσατο.
3112 794 3362 847 Τοιοῦτον
3384 792 3494 862 γὰρ
3525 792 3559 857 ἡ
3600 792 3862 861 ἁμαρτία·

2219 885 2346 954 πρὶν
2379 884 2409 953 ἢ
2445 884 2541 953 μὲν
2566 884 2673 954 γάρ
2702 884 3063 953 παραχθῆναι,
3100 883 3193 934 καὶ
3231 883 3308 943 εἰς
3347 880 3503 951 ἔργον
3526 879 3719 939 ἐλθεῖν,
3750 897 3865 932 uo-

2217 975 2300 1023 τοῖ
2320 971 2410 1023 τὸν
2430 972 2707 1041 λογισμὸν,
2745 974 2840 1024 καὶ
2882 972 3065 1041 ἀπατᾷ
3101 970 3197 1039 τὴν
3224 969 3458 1021 διάνοιαν
3479 984 3491 997 ⁸
3533 968 3668 1019 ἐπάν
3706 967 3763 1017 δὲ
3785 984 3863 1017 τε-

2216 1054 2434 1126 λειωθῇ,
2466 1056 2585 1107 τότε
2617 1055 2781 1125 δήλην
2808 1057 2936 1124 ἡμῖν
2972 1054 3069 1124 τὴν
3111 1054 3277 1121 αὐτῆς
3307 1052 3533 1104 ἀτοπίαν
3566 1049 3863 1118 καθίστησι,

2216 1143 2309 1194 καὶ
2346 1143 2379 1212 ἡ
2430 1141 2652 1212 βραχεῖα
2697 1143 2877 1212 ἐκείνη
2934 1142 3027 1194 καὶ
3070 1142 3265 1203 ἄτοπος
3308 1138 3466 1209 ήδονὴ
3508 1135 3729 1208 διηνεκῆ
3780 1146 3866 1205 την

2215 1229 2406 1299 ὀδύνην
2448 1232 2577 1300 ἡμῖν
2622 1230 2889 1301 άντίθησι,
2939 1230 3034 1281 καὶ
3081 1228 3174 1280 τοῦ
3225 1227 3520 1287 συνειδότος
3563 1224 3866 1293 ἀφαιρεῖται

2215 1316 2311 1387 τὴν
2353 1316 2683 1389 παρρησίαν,
2714 1319 2804 1370 καί
2840 1316 3064 1386 αἰσχύνῃ
3091 1312 3401 1385 περιϐάλλει
3441 1314 3532 1365 τὸν
3562 1312 3778 1364 ἁλόντα.
3813 1312 3865 1362 ὐ

2215 1406 2321 1475 γὰρ
2351 1405 2723 1476 φιλάνθρωπος
2764 1404 3036 1472 Δεσπότης
3066 1401 3305 1455 τοιοῦτον
3334 1401 3463 1470 ἡμῖν
3506 1400 3597 1451 τὸν
3643 1405 3865 1467 κατήγοε

2217 1510 2309 1563 ρον
2339 1492 2524 1546 τοῦτον
2570 1493 2885 1562 ἐπέστησεν,
2908 1490 2983 1554 ὡς
3013 1491 3279 1560 μηδέποτε
3310 1484 3552 1559 ἠρεμεῖν,
3582 1487 3696 1540 ἀλλ’
3728 1487 3867 1539 ἀδια-

2213 1579 2446 1643 λείπτως
2508 1580 2731 1633 συνόντα
2783 1577 3087 1649 καταϐοᾷν,
3126 1578 3219 1630 καὶ
3274 1576 3428 1645 δίκην
3474 1576 3723 1626 ἀπαιτεῖν
3766 1573 3864 1624 τῶν

2214 1670 2782 1741 πεπλημμελημένων.
2834 1671 2942 1725 Καὶ
2975 1670 3130 1725 τοῦτο
3184 1668 3249 1722 ἄν
3289 1685 3371 1730 τις
3428 1667 3525 1719 ἴδοι
3581 1665 3770 1734 σανρῶς
3812 1665 3868 1728 ἐξ

2212 1758 2389 1810 αὐτῶν
2421 1757 2530 1812 τῶν
2553 1759 2910 1829 πραγμάτων.
2958 1758 3015 1809 'U
3045 1756 3151 1827 γάρ
3191 1756 3405 1827 πόρνος,
3453 1754 3485 1824 ἧ
3528 1754 3556 1805 ὁ
3604 1753 3862 1823 μοιχὸς,ῆ

2209 1846 2238 1897 6
2278 1845 2459 1915 ἔτερόν
2498 1863 2550 1898 τι
2588 1845 2824 1898 τοιοῦτον
2871 1839 3245 1914 εἰργασμένος,
3299 1841 3399 1895 κᾶν
3445 1842 3650 1901 πάντας
3692 1839 3866 1891 λαθεῖν

2209 1932 2430 2002 δυνηθῇ.
2460 1932 2578 1985 οὐδὲ
2609 1931 2779 1995 οὕτως
2815 1933 2872 1984 ἐν
2902 1931 3106 2002 ἠρεμία
3147 1929 3338 1997 διάγει,
3382 1928 3493 1981 ἀλλ’
3524 1928 3659 1996 ἔχων
3686 1925 3864 1978 τοῦτον

2208 2017 2299 2070 τὸν
2324 2017 2568 2089 σφοδρὸν,
2610 2020 2915 2088 κατήγορον
2941 2018 3039 2080 τάς
3065 2015 3296 2084 ὑποψίας
3338 2014 3557 2075 δέδοικε,
3585 2013 3684 2075 τὰς
3715 2013 3864 2073 σκιὰς

2208 2105 2420 2175 τρέμει,
2445 2104 2567 2167 τοὺς
2600 2106 2822 2170 εἰδότας,
2851 2106 2974 2169 τοὺς
3001 2106 3099 2157 οὐκ
3136 2104 3361 2167 εἰδότας,
3387 2102 3601 2171 διηνεκῆ
3626 2100 3864 2169 χειμῶνα

2209 2194 2345 2263 ἔχων
2380 2196 2436 2246 ἐν
2473 2195 2615 2265 ψυχῇ
2656 2195 2748 2247 καί
2790 2193 3005 2264 κύματα
3046 2191 3340 2261 ἐπάλληλα.
3389 2190 3500 2241 Καὶ.
3543 2188 3665 2240 οὔτε
3704 2187 3863 2248 ὕπνος

2207 2283 2284 2352 τῷ
2320 2282 2543 2351 τοιούτῳ
2588 2282 2737 2352 ἡδὺς,
2781 2282 2913 2335 ἀλλά
2949 2282 3109 2350 φόϐου
3146 2282 3239 2334 καὶ
3277 2279 3544 2349 δειμάτων
3577 2276 3865 2346 πεπληρω-

2211 2371 2395 2439 μένος·
2431 2368 2554 2421 ούτε
2580 2369 2752 2441 τροφὴ
2778 2369 2967 2440 ἡδονὴν
3008 2369 3224 2439 ἔχουσα,
3262 2366 3385 2420 οὐτε
3424 2364 3653 2428 διάλεξις
3703 2365 3865 2433 φίλων

2206 2458 2296 2508 τὸν
2334 2456 2572 2510 τοιοῦτον
2616 2460 2941 2527 μεταγαγεῖν
2996 2458 3304 2525 δυνήσεται,
3344 2456 3377 2524 ἢ
3426 2452 3735 2517 ἀπαλλάξαι
3777 2451 3865 2503 τοῦ

2207 2545 2412 2610 ἀγῶνος
2440 2544 2533 2597 τοῦ
2582 2545 2955 2614 ἐπικειμένου·
3004 2544 3138 2597 ἀλλά
3183 2543 3430 2612 καθάπερ
3476 2542 3666 2611 δήμιον
3714 2556 3864 2606 περι-

2207 2634 2384 2703 φέρων
2430 2634 2816 2697 καταξαίνοντα
2866 2632 3025 2687 αὐτὸν
3072 2632 3167 2685 καὶ
3214 2631 3539 2702 μαστίζοντα
3584 2628 3865 2699 διηνεκῶς,

2204 2718 2346 2772 οὕτω
2390 2720 2527 2789 μετά
2581 2720 2678 2788 τὴν
2726 2720 2922 2773 ἄτοπον
2980 2719 3177 2789 πρᾶξιν
3233 2718 3446 2787 ἐκείνην
3499 2717 3865 2786 περιέρχεται,

2206 2811 2414 2874 οὐδενὸς
2450 2809 2667 2875 εἰδότος,
2702 2809 2800 2872 τὰς
2846 2811 3149 2881 ἀφορήτους
3192 2807 3402 2870 ἐκείνας
3451 2803 3722 2875 τιμωρίας
3773 2805 3870 2856 ὐπ-

2208 2898 2362 2968 έχων,
2399 2900 2490 2951 καὶ
2518 2900 2775 2968 δικαστὴς
2803 2897 2994 2951 ἐαυτοῦ
3022 2898 3304 2967 γινόμενος
3331 2895 3422 2949 καὶ
3448 2897 3773 2966 κατήγορος.

2288 2986 2425 3039 Ἀλλ’
2477 2989 2505 3040 ὁ
2558 2986 2727 3039 ταῦτα
2781 2985 3137 3057 εἰργασμένος
3184 2985 3278 3037 ἐάν
3334 2983 3564 3054 βουληθῇ
3620 2987 3701 3045 εἰς
3756 2983 3871 3034 δέον

2204 3074 2506 3143 χρήσασθαι
2533 3077 2598 3145 τῇ
2638 3074 2743 3128 ἀπὸ
2774 3073 2864 3126 τοῦ
2900 3073 3193 3135 συνειδότος
3230 3070 3467 3141 βοηθείᾳ,
3514 3070 3608 3122 καὶ
3642 3071 3741 3121 ἐπὶ
3777 3069 3871 3137 τὴν

2203 3159 2585 3232 ἐξομολόγησιν
2633 3162 2740 3214 τῶν
2790 3161 3186 3232 πεπραγμένων
3244 3158 3597 3228 ἐπειχθῆναι,
3645 3158 3744 3209 καὶ
3795 3156 3871 3224 τῷ

2207 3248 2372 3320 ἰατρῷ
2405 3249 2572 3316 δεῖξαι
2604 3250 2664 3303 τὸ
2689 3249 2865 3312 ἐλκος,
2899 3248 2975 3319 τῷ
3006 3247 3357 3319 θεραπεύοντι
3401 3247 3496 3298 καὶ
3548 3244 3622 3316 μὴ
3674 3243 3870 3296 ὀνειδί-

2204 3336 2369 3399 ζοντι,
2402 3338 2494 3389 καὶ
2525 3337 2593 3390 τά
2626 3337 2754 3408 παρ’
2781 3337 2987 3390 ἐκείνου
3022 3336 3286 3405 φάρμακα
3330 3332 3599 3397 δέξασθαι,
3636 3333 3738 3384 καὶ
3775 3331 3871 3400 μό-

2204 3440 2291 3486 νος
2314 3424 2461 3494 αὐτῷ
2493 3424 2855 3495 διαλεχθῆναι,
2885 3423 3107 3494 μηδενὸς
3130 3422 3346 3485 εἰδότος,
3379 3421 3471 3473 καί⁹
3497 3420 3674 3471 πάντα
3700 3420 3874 3470 εἰπεῖν

2207 3510 2344 3581 μετὰ
2388 3511 2692 3582 ἀκριϐείας,
2728 3515 2945 3581 ταχεῖαν
2994 3512 3275 3578 ποιήσεται
3317 3509 3415 3578 τήν
3450 3506 3739 3578 διόρθωσιν
3768 3504 3874 3556 τῶν

2203 3600 2601 3669 ἐπταισμένων.
2643 3600 2707 3650 Ἦ
2746 3598 2853 3667 γάρ
2874 3597 3129 3667 ὁμολογία
3168 3596 3274 3649 τῶν
3321 3594 3730 3665 ἡμαρτημένων
3769 3594 3876 3661 ἀφ-

2203 3685 2426 3756 ανισμὸς
2454 3686 2659 3754 γίνεται
2682 3685 2787 3738 τῶν
2819 3684 3323 3754 πλημμελημάτων.
3342 3681 3493 3753 [175]
3524 3682 3585 3732 Εἰ
3614 3680 3730 3749 γὰρ
3754 3679 3821 3749 δὴ
3848 3680 3877 3730 6

2205 3772 2395 3843 Λάμεχ
2421 3767 2575 3835 οὗτος
2598 3776 2717 3834 ταῖς
2741 3771 2933 3824 ἐαυτοῦ
2960 3769 3171 3839 γυναιξὶ
3203 3771 3328 3832 τοὺς
3360 3769 3488 3839 παρ’
3516 3766 3682 3820 αὐτοῦ
3716 3782 3878 3834 γενο-

2206 3860 2399 3930 μένους
2437 3861 2630 3929 φόνους
2672 3857 3026 3927 ἐξαγορεῦσαι
3069 3859 3130 3909 οὐ
3182 3858 3552 3928 παρῃτήσατο,
3605 3854 3775 3916 ποίας
3813 3853 3879 3905 ἂν

2203 3948 2393 4017 εἴημεν
2428 3946 2754 4017 συγγνώμης
2797 3946 2959 4010 ἄξιοι,
2996 3944 3072 4015 τῷ
3100 3946 3276 3997 πάντα
3310 3943 3447 4013 μετά
3475 3941 3771 4011 ἀκριϐείας
3805 3941 3880 3991 εἰ-

2201 4034 2312 4087 δότι
2354 4034 2421 4087 τά
2458 4035 2698 4105 ἡμέτερα
2744 4031 3185 4102 πλημμελήματα
3228 4030 3301 4100 μὴ
3336 4028 3640 4098 βουλόμενοι
3681 4027 3881 4093 ἐξαγο-

2204 4120 2382 4191 ρεύειν
2421 4120 2490 4174 τά
2519 4119 2914 4191 ἡμαρτημένας
2955 4119 3045 4186 Μὴ
3081 4118 3187 4188 γὰρ
3217 4116 3404 4187 ἐπειδὴ
3444 4116 3645 4183 ἀγνοεῖ,
3679 4115 3883 4185 μαθεῖν

2203 4206 2446 4277 βούλεται
2473 4224 2487 4273 ;
2520 4210 2631 4260 Οὐκ
2660 4206 2844 4278 ἐπειδὴ
2870 4208 3070 4274 ἀγνοεῖ,
3104 4205 3197 4274 τὴν
3238 4206 3366 4273 παρ’
3394 4202 3548 4274 ήμῶν
3574 4202 3885 4271 ὁμολογίαν

2201 4294 2445 4366 ἐπιζητεί
2465 4296 2493 4348 6
2520 4294 2694 4349 πάντα
2721 4294 2875 4356 εἰδὼς
2899 4292 3027 4363 πρὶν
3056 4292 3319 4359 γενέσεως
3351 4288 3550 4351 αὐτῶν,
3582 4287 3725 4341 ἀλλά
3756 4289 3884 4356 βου-

2200 4380 2422 4452 λόμενος
2449 4383 2596 4452 ἡμᾶς
2623 4380 2757 4451 ὁμοῦ
2796 4381 2890 4433 καὶ
2928 4378 3177 4449 αἴσθησιν
3211 4376 3393 4429 λαϐεῖν
3423 4374 3530 4428 τῶν
3562 4374 3883 4444 ἐπταισμέ-

2200 4486 2306 4522 νων
2332 4466 2420 4521 διά
2455 4470 2552 4539 τῆς
2573 4468 2879 4538 ὁμολογίας,
2909 4467 3001 4520 καὶ
3032 4468 3128 4537 τὴν
3165 4463 3580 4534 εὐγνωμοσύνην
3603 4462 3712 4531 τὴν
3747 4462 3884 4530 παρ’

2202 4557 2406 4610 ἐαυτῶν
2434 4554 2816 4619 ἐπιδείξασθαι.
2849 4554 2941 4625 Μὴ
2976 4552 3082 4625 γὰρ
3111 4554 3364 4623 χρήματα
3389 4552 3601 4603 ἔπεστιν
3628 4550 3881 4604 ἐνταῦθα

2198 4644 2541 4713 δαπανῆσαι;
2586 4643 2659 4713 μὴ
2691 4643 2798 4713 γάρ
2824 4642 2939 4694 ὁδὸν
2972 4641 3185 4711 μακρὰν
3236 4638 3581 4702 στείλασθαι;
3636 4638 3722 4707 μὴ
3768 4637 3883 4705 γὰρ

2197 4731 2388 4801 ὀδύνην
2434 4731 2527 4783 καὶ
2574 4731 2863 4800 ἀλγήματα
2914 4728 3142 4798 παρέχει
3181 4728 3213 4796 ή
3269 4726 3480 4795 ἰατρεία
3524 4724 3710 4794 αῦτη;
3772 4725 3886 4776 Καὶ

2197 4819 2467 4881 ἀδάπανός
2498 4819 2634 4880 ἐστι,
2671 4817 2766 4870 καὶ⁹
2810 4814 3096 4878 ἀνώδυνος,
3146 4815 3239 4867 καὶ
3282 4815 3500 4882 ταχεῖαν
3547 4813 3885 4881 παρέχουσα

2196 4907 2294 4976 τὴν
2333 4905 2644 4975 θεραπείαν.
2676 4904 2819 4974 Πρὸς
2849 4904 2957 4974 γὰρ
2989 4904 3079 4956 τὸν
3118 4904 3270 4956 τόνον
3316 4903 3415 4971 τῆς
3444 4900 3749 4963 διαθέσεως
3786 4899 3884 4952 τοῦ

2197 4995 2530 5064 προσιόντος,
2564 4992 2705 5045 οὕτω
2746 4993 2838 5045 καί
2867 4993 2935 5045 τά
2958 4992 3220 5062 φάρμακα
3257 4989 3365 5042 τῶν
3405 4989 3744 5059 τραυμάτων
3778 5008 3883 5059 χα-

2198 5082 2458 5152 ρίζεταίὸ
2481 5081 2774 5149 Δεσπότης.
2822 5080 2880 5131 Ὀ
2922 5080 3096 5131 τοίνυν
3133 5078 3453 5148 βουλόμενος
3485 5076 3682 5129 θᾶττον
3740 5078 3883 5149 πρὸς

2197 5173 2405 5241 ὑγίειαν
2435 5171 2766 5233 ἐπανελθεῖν,
2800 5172 2892 5223 καὶ
2918 5169 2982 5222 τὰ
3012 5170 3111 5239 τῆς
3134 5169 3309 5238 ψυχῆς
3337 5168 3467 5237 ’ἐλκη
3501 5166 3883 5236 θεραπεῦσαι,

2198 5262 2334 5333 μετά
2363 5262 2575 5333 νήψεως
2606 5260 2893 5331 προσιέτω,
2925 5259 3139 5311 πάντων
3182 5257 3370 5311 ἐαυτὸν
3404 5259 3728 5326 ἀποστήσας
3772 5258 3884 5310 τῶν

2197 5349 2481 5418 βιωτικῶν,
2519 5347 2694 5418 θερμά
2742 5347 2948 5419 δάκρυα
2985 5347 3279 5417 προχεέτω,
3311 5345 3632 5415 προσεδρίαν
3666 5346 3884 5416 πολλὴν

2193 5437 2601 5501 ἐπιδεικνύσθω,
2631 5437 2809 5488 πίστιν
2860 5436 3060 5505 ἀκριϐῆ
3109 5436 3424 5504 εἰσφερέτω,
3458 5435 3551 5487 καὶ
3590 5433 3885 5505 θαρρείτω

2192 5523 2286 5577 τοῦ
2320 5523 2502 5594 ἰατροῦ
2532 5526 2597 5593 τῇ
2628 5524 2807 5593 τέχνῃ,
2838 5524 2928 5575 καὶ
2974 5523 3313 5592 παραχρῆμα
3345 5523 3442 5592 τῆς
3480 5522 3695 5588 ὑγιείας
3732 5524 3885 5575 ἀπο-

2192 5612 2465 5666 λαύσεται.
2492 5606 2645 5673 Εἶδες
2681 5609 2861 5680 ἰατροῦ
2899 5609 3205 5678 φιλοτιμίαν
3234 5610 3433 5671 παντὸς
3468 5608 3676 5677 πατρὸς
3719 5611 3883 5678 φιλο-

2196 5701 2451 5770 στοργίαν
2484 5698 2918 5767 ἀποκρύπτοντος
2944 5713 2958 5761 ;
2990 5695 3080 5766 Μὴ
3109 5696 3217 5767 γὰρ
3249 5695 3386 5766 βαρύ
3424 5714 3475 5748 τι
3504 5698 3592 5747 καὶ
3621 5697 3886 5767 ἐπαχθὲς

2196 5790 2325 5857 παρ’
2346 5789 2377 5858 ή
2387 5786 2501 5857 μῶν
2521 5785 2797 5854 ἐπιζητεῖς
2831 5782 3122 5853 Συντριϐὴν
3145 5784 3389 5853 καρδίας,
3411 5781 3671 5851 λογισμοῦ
3710 5788 3885 5837 κατά-

2193 5876 2360 5942 νυξιν,
2392 5874 2676 5944 ὁμολογίαν
2696 5872 3049 5940 πταίσματος,
3079 5871 3404 5941 προσεδρίαν
3433 5871 3880 5945 συντεταμένην·
