4038 6394
225 435 395 489 dente
420 430 503 486 vel
531 437 809 501 arguente,
840 428 952 499 ipse
981 441 1076 482 sua
1105 427 1283 499 lingua
1326 440 1383 485 et
1425 427 1816 482 confessionem

226 535 574 596 peccatorum
605 522 734 587 edit,
765 530 820 577 et
844 520 1126 576 conferens
1167 535 1289 590 quae
1315 534 1346 572 a
1389 533 1449 573 se
1480 517 1618 572 facta
1641 530 1815 586 erant,

226 631 353 671 cum
382 616 451 670 iis
470 629 589 685 qua:
618 628 647 667 a
677 611 831 676 Cain,
860 627 1069 683 poenam
1102 611 1308 682 sibiipsi
1333 610 1540 664 deﬁnit.

305 705 473 761 Pana
521 704 717 758 occasio
768 702 1150 758 misericordite.
1197 730 1271 742 —
1296 700 1484 756 Vidisti
1529 698 1819 770 provrden-

224 798 358 852 tiam
409 797 654 863 Domini,
714 787 984 866 quomodo
1027 808 1202 864 poenae
1245 793 1387 848 illius
1432 793 1645 849 occasio
1694 801 1820 848 sunt

225 885 652 952 inisericordize,
679 897 734 940 et
779 884 1142 940 misericordia
1191 899 1297 938 non
1330 883 1504 938 solum
1555 882 1623 938 ad
1669 883 1818 938 illum

225 980 483 1050 pertingit
504 979 592 1050 qui
628 988 782 1048 paena
816 976 1084 1047 plectitur,
1116 976 1210 1031 sed
1236 983 1291 1031 et
1329 976 1511 1030 multis
1539 975 1658 1030 aliis
1692 972 1820 1032 utile

224 1069 395 1126 efﬁcit
440 1070 572 1124 illud
628 1069 946 1132 remedium,
988 1068 1149 1123 modo
1203 1068 1370 1124 velint
1415 1067 1540 1124 inde
1589 1067 1818 1124 fructum

227 1162 466 1232 capere?
509 1153 669 1217 Unde
715 1161 881 1226 cnim,
913 1160 1022 1226 dic,
1065 1174 1268 1229 quaeso,
1298 1159 1528 1214 Lamech
1571 1160 1639 1215 ad
1683 1161 1824 1217 hanc

227 1253 627 1310 confessionem
677 1249 940 1307 adductus
993 1260 1154 1316 esset,
1203 1251 1304 1306 nisi
1351 1264 1534 1307 eorum
1582 1267 1700 1323 qua:
1744 1253 1820 1306 illi

227 1346 589 1416 contigerunt,
620 1344 934 1398 memoriam
979 1342 1277 1410 habuisset,
1309 1358 1430 1412 qua:
1473 1339 1617 1398 illius
1642 1343 1818 1398 conti-

229 1451 336 1490 nuo
366 1445 602 1490 mentem
643 1435 1019 1490 concutiebat?
1056 1433 1224 1498 Dixit,
1261 1434 1435 1504 inquit
1465 1453 1478 1488 :
1524 1435 1709 1490 Audite
1735 1451 1823 1489 uo-

229 1543 336 1580 cem
378 1545 563 1589 meam,
592 1536 637 1581 et
675 1527 884 1580 auribus
929 1527 1169 1597 percipite
1205 1543 1458 1581 sermones
1499 1544 1656 1582 meos.
1691 1527 1821 1583 Vide

228 1619 501 1688 quomodo
525 1631 712 1673 contra
740 1618 977 1687 seipsum
1003 1617 1262 1686 judicium
1295 1618 1575 1674 considere
1604 1617 1745 1685 facit,
1766 1630 1822 1675 et

228 1729 322 1765 eas
367 1712 471 1766 hoc
503 1711 664 1766 modo
690 1713 954 1778 hortatur,
986 1727 1052 1766 ne
1080 1711 1222 1767 dicta
1261 1713 1590 1782 negligenter
1611 1714 1822 1783 accipe-

228 1815 372 1856 rent.
427 1803 659 1856 Dicendo
707 1802 874 1867 enim,
908 1801 1092 1856 Audite
1117 1819 1286 1857 vocem
1331 1821 1517 1871 meam,
1543 1813 1589 1858 et
1615 1804 1820 1858 auribus

229 1893 473 1960 percipite
493 1910 749 1947 sermones
777 1909 932 1961 meos,
961 1892 1192 1948 Mentem
1225 1902 1480 1958 vestram,
1510 1895 1700 1964 inquit,
1735 1895 1819 1949 itt-

230 1995 434 2040 tentam
463 1985 717 2054 praebete,
738 1996 792 2040 et
821 1985 1105 2056 diligenter
1129 1988 1424 2042 auscultate
1443 2003 1562 2056 quae
1579 1987 1820 2044 dicturus

228 2094 372 2132 stitit.
416 2077 532 2131 Non
576 2079 719 2132 enim
751 2077 827 2132 'de
865 2080 1028 2132 rebus
1070 2079 1373 2149 vulgaribus
1415 2080 1567 2135 vobis
1611 2080 1816 2150 loquar,

228 2171 322 2223 sed
342 2172 579 2228 occulta
599 2171 853 2240 quasdam
882 2188 968 2226 res
991 2172 1140 2225 vobis
1165 2174 1424 2241 aperiam,
1448 2183 1502 2227 et
1525 2173 1822 2230 conﬁtebor

230 2277 292 2314 ea
315 2278 438 2331 qua:
461 2263 637 2317 nullus
663 2263 799 2317 alius
822 2263 949 2330 scit,
981 2264 1074 2318 sed
1105 2265 1252 2319 solus
1276 2280 1396 2335 ego,
1427 2277 1480 2320 et
1507 2267 1694 2322 oculus
1730 2268 1820 2323 ille

230 2355 319 2422 qui
351 2353 519 2423 sopiri
546 2353 738 2415 nescit,
767 2371 923 2423 quem
969 2356 1163 2409 timens
1200 2355 1401 2411 festino
1431 2367 1486 2411 et
1523 2357 1737 2423 anhelo,
1762 2368 1820 2414 ut

228 2446 381 2499 vobis
412 2445 588 2514 palam
613 2445 799 2499 faciam
824 2462 883 2500 ea
907 2463 1026 2517 qua:
1055 2463 1084 2502 a
1114 2464 1198 2502 me
1220 2457 1343 2502 sunt
1366 2459 1504 2517 acta,
1528 2459 1581 2504 et
1607 2453 1819 2519 quantis

229 2537 404 2604 paruis
435 2551 534 2604 ego
579 2537 841 2605 meipsum
887 2537 1104 2592 nefariis
1129 2539 1378 2608 operibus
1407 2541 1695 2595 nlmoxium
1739 2543 1817 2596 fe-

227 2629 415 2679 cet-im.
463 2625 596 2693 Quia
629 2627 791 2680 virum
835 2628 997 2682 occidi
1045 2629 1099 2682 in
1146 2631 1326 2684 vulnus
1370 2631 1524 2695 milii,
1567 2642 1612 2685 et
1643 2632 1820 2686 adole-

227 2729 446 2771 scentem
497 2720 550 2772 in
601 2721 888 2775 cicatricem
941 2722 1088 2776 mihi.
1156 2721 1410 2790 Quoniam
1460 2726 1640 2794 septies
1691 2727 1816 2781 ultio

225 2823 431 2882 sumpta
459 2823 534 2866 est
558 2814 620 2867 de
644 2812 791 2876 Cain,
819 2815 883 2868 de
931 2814 1150 2870 Lamech
1197 2829 1364 2872 autent
1407 2822 1692 2893 septuagies
1733 2840 1816 2876 se-

227 2905 376 2966 pties.
405 2903 649 2974 Magnum
676 2905 800 2975 quid
822 2906 1021 2961 dictum
1049 2917 1152 2973 est,
1182 2920 1236 2962 et
1264 2910 1418 2965 valde
1448 2927 1697 2982 magnum
1723 2932 1736 2966 :
1765 2915 1816 2968 in

227 2995 515 3064 multisque
557 2997 728 3050 bonus
775 2997 873 3051 viri
917 2998 1127 3053 animus
1167 3010 1455 3069 spectatur.
1500 3002 1616 3058 Non
1645 3004 1815 3059 solum

225 3087 368 3138 enim
413 3084 610 3140 factum
657 3087 961 3155 conﬁtetur,
987 3099 1042 3144 et
1084 3091 1260 3145 etedes
1303 3093 1369 3146 ab
1414 3109 1472 3148 se
1503 3105 1737 3163 patratas
1762 3097 1814 3150 in

224 3179 461 3234 medium
491 3179 664 3245 affert,
695 3182 789 3236 sed
817 3191 871 3237 et
897 3197 1109 3252 pmnam
1149 3185 1249 3239 sibi
1289 3185 1467 3253 infert,
1499 3203 1816 3258 comparans

227 3280 508 3338 peccatum
553 3286 710 3326 suum
743 3282 964 3342 peccato
988 3275 1161 3328 Caini.
1201 3276 1316 3342 Qua
1345 3277 1486 3331 enim
1527 3280 1700 3345 venia,
1730 3281 1814 3335 in-

223 3363 356 3431 quit,
383 3362 546 3416 fuerit
567 3363 778 3435 dignus,
806 3365 894 3435 qui
921 3365 1139 3420 alterius
1165 3381 1321 3437 paena
1345 3369 1680 3425 emendatior
1706 3387 1810 3426 non

222 3454 302 3519 ﬁt,
333 3456 430 3510 sed
472 3467 743 3512 recentem
789 3467 844 3513 et
873 3457 1080 3514 ﬁrmam
1111 3459 1314 3516 habens
1343 3462 1459 3532 ejus
1501 3465 1813 3520 memoriam

221 3548 445 3618 insuper
484 3548 683 3618 duplex
735 3549 1080 3606 homicidium
1135 3554 1402 3623 patravit?
1448 3555 1580 3623 Quia
1627 3558 1810 3622 virum,

222 3639 422 3708 inquit,
451 3641 613 3694 occidi
637 3641 690 3694 in
716 3643 894 3696 vulnus
923 3643 1065 3708 milti,
1097 3654 1144 3698 et
1171 3644 1538 3701 adolescentem
1582 3647 1634 3702 in
1678 3649 1812 3702 cica-

221 3743 396 3785 mcem
427 3733 574 3784 milii.
605 3730 723 3788 Non
763 3741 987 3802 tantum,
1016 3735 1206 3806 inquit,
1233 3739 1390 3792 nocui
1417 3739 1522 3793 illis
1556 3755 1690 3810 quos
1717 3757 1812 3796 oc-

218 3821 347 3886 cidi,
375 3832 633 3892 quantuni
675 3824 929 3894 mihiipsi.
977 3825 1034 3881 ln
1071 3843 1284 3896 pcenam
1313 3831 1456 3885 enim
1492 3847 1651 3902 quam
1681 3833 1812 3889 eﬂ‘u-

220 3929 345 3982 gere
373 3930 478 3968 non
508 3930 747 3984 possum,
778 3918 1040 3988 meipsum
1067 3921 1294 3991 conjeci,
1323 3933 1538 3992 peccata
1561 3935 1812 3997 operatus

221 4017 390 4074 tanta,
414 4023 535 4078 qua:
557 4008 766 4063 veniam
790 4025 896 4064 non
924 4023 1218 4068 merentur.
1241 4013 1374 4070 Nam
1400 4017 1445 4070 si
1475 4017 1560 4071 ille
1587 4033 1684 4088 pro
1703 4035 1810 4074 una

218 4101 366 4156 carde—
395 4111 604 4171 septem
638 4106 810 4172 poenis
849 4103 1114 4161 obnoxius
1161 4105 1332 4164 factus
1359 4121 1462 4177 εει,
1489 4126 1590 4182 ego
1619 4112 1809 4183 dignus

220 4191 410 4245 fuerim
441 4192 533 4261 qui
557 4193 860 4264 septuagies
889 4195 1086 4265 septies
1111 4212 1320 4266 plenam
1351 4199 1514 4254 luam.
1539 4200 1702 4271 Cujus
1729 4205 1808 4259 rei

217 4285 410 4354 gratia,
446 4293 504 4340 et
541 4286 747 4356 quare?
789 4286 921 4342 Nam
966 4288 1092 4345 licet
1132 4290 1339 4347 caedem
1383 4292 1472 4347 ille
1499 4297 1804 4364 patraverit,

217 4391 445 4449 eamque
493 4376 695 4446 fratris,
735 4389 968 4436 attamen
1013 4383 1160 4438 nullo
1205 4400 1456 4456 umquam
1497 4396 1651 4443 antea
1680 4405 1809 4445 con-

215 4478 401 4534 specto
427 4468 521 4538 qui
552 4469 654 4524 hoc
693 4472 925 4540 fecisset,
961 4489 1135 4544 neque
1177 4475 1284 4530 alio
1323 4477 1438 4532 viso
1463 4479 1551 4548 qui
1595 4495 1805 4550 poenam

215 4555 460 4614 dedisset
500 4559 765 4629 ejusmodi
813 4561 1083 4628 facinoris,
1117 4574 1172 4620 et
1217 4577 1414 4622 tantam
1444 4569 1576 4624 iram
1619 4571 1808 4628 fuisset

211 4659 491 4718 expertus,
522 4667 640 4721 qua:
667 4662 891 4723 utraque
919 4656 1047 4710 mihi
1072 4671 1258 4728 ptenas
1277 4669 1472 4731 augent
1496 4679 1509 4716 :
1535 4663 1655 4732 quia
1682 4673 1806 4720 ante

213 4741 397 4797 oculos
443 4741 650 4799 habens
691 4745 832 4816 quod
878 4745 947 4802 ab
987 4748 1080 4804 illo
1127 4760 1488 4821 perpetratum
1532 4753 1725 4819 fuerat,
1753 4765 1808 4812 et

214 4853 429 4907 partam
461 4840 650 4896 videns
683 4843 762 4897 sic
805 4843 1248 4901 immedicabilem
1278 4862 1430 4915 esse,
1472 4851 1676 4905 cautior
1720 4850 1801 4906 fa-

212 4940 329 4986 ctus
350 4947 458 4986 non
482 4947 623 4987 sum.
648 4931 934 5002 Propterea
957 4935 1082 4990 licet
1101 4939 1399 5009 septuagies
1421 4941 1617 5009 septies
1637 4942 1804 5011 magis

212 5039 372 5089 quam
405 5024 492 5078 ille
526 5024 763 5094 punirer,
786 5035 1021 5081 attamen
1052 5043 1224 5099 neque
1253 5029 1330 5085 sic
1354 5029 1568 5102 dignam
1598 5032 1800 5088 luerem

213 5129 450 5185 pugnam.

286 5208 337 5260 5.
367 5205 607 5260 Liberum
621 5208 881 5262 arbitrium
895 5209 1136 5265 hominis.
1159 5241 1230 5251 —--
1248 5211 1427 5279 Vides,
1443 5211 1654 5279 dilecte,
1670 5231 1801 5285 quo-

207 5298 372 5354 modo
404 5310 641 5354 nostram
669 5300 810 5355 Deus
850 5311 1084 5358 mentem
1114 5303 1264 5359 liberi
1291 5306 1491 5360 arbitrii
1514 5306 1719 5374 fecerit,
1749 5317 1804 5364 et

211 5391 354 5444 sicut
411 5391 456 5446 si
535 5390 752 5447 desides
819 5393 987 5449 simus
1073 5395 1521 5466 supplantamur,
1595 5399 1667 5454 ita
1748 5408 1804 5455 et

207 5484 254 5536 si
283 5484 468 5552 vigiles
493 5498 614 5539 esse
647 5484 997 5554 voluerimus,
1023 5497 1342 5543 contuemur
1380 5488 1432 5544 id
1482 5491 1621 5560 quod
1646 5506 1804 5560 opor-

209 5574 324 5628 tet?
351 5573 484 5642 Quis
502 5575 644 5630 enim
674 5576 852 5640 istum,
894 5576 999 5644 dic,
1040 5579 1284 5647 obsecro,
1312 5579 1379 5634 ad
1401 5580 1558 5635 talem
1597 5582 1803 5636 confes-

210 5666 419 5721 sionem
443 5665 658 5737 adegit?
683 5667 868 5723 Nullus
888 5669 1023 5724 alius
1051 5684 1209 5740 quam
1230 5671 1577 5738 conscientia,
1627 5673 1799 5727 incor-

211 5767 397 5829 ruptus
433 5757 526 5815 ille
550 5758 736 5830 judcx.
768 5761 900 5829 Quia
929 5761 1070 5818 enim
1100 5776 1166 5819 cx
1186 5760 1388 5822 desidia
1428 5761 1480 5818 in
1524 5772 1798 5834 peccatum

1339 312 1402 368 IN
1439 312 1592 368 CAP.
1625 311 1713 367 ιν.
1752 310 1992 368 GENES.
2023 310 2254 367 HOMIL.
2296 311 2414 368 XX.

3412 324 3516 378 170

1929 424 2304 490 declinaverat,
2348 435 2403 481 et
2438 424 2613 482 scelus
2645 441 2805 498 opere
2849 427 3143 499 perfecerat
3173 449 3188 487 :
3222 434 3400 489 statim
3433 436 3514 490 in-

1927 519 2159 574 surrexit
2183 519 2530 585 conscientia,
2563 520 2874 587 inclamans,
2905 531 3063 594 atque
3079 525 3366 582 ostendens
3391 542 3514 597 pec-

1927 621 2166 665 catorum
2188 610 2626 680 magnitudinem,
2659 622 2713 667 et
2735 615 2946 682 quantis
2966 615 3196 688 seipsum
3225 619 3397 687 poenis
3421 621 3516 678 ob-

1929 701 2145 755 noxium
2186 701 2534 758 reddidisset.
2556 703 2630 758 lla
2659 703 2800 758 enim
2829 719 2889 760 se
2925 704 3086 761 habet
3120 718 3416 777 peccatum,
3454 721 3516 770 ut

1925 792 2230 862 priusquam
2270 792 2382 858 ﬁat,
2413 801 2466 846 et
2514 791 2580 847 ad
2607 808 2741 863 opus
2786 795 3079 865 perveniat,
3124 797 3437 856 obtenebret
3461 813 3515 857 et

1925 882 2157 952 decipiat
2198 891 2433 937 mentem
2477 900 2490 935 :
2539 893 2820 954 postquam
2865 895 3041 942 autem
3086 901 3512 950 consummatum

1927 971 2106 1037 fuerit,
2137 973 2417 1029 manifeste
2467 988 2618 1028 suam
2664 975 2818 1031 nobis
2842 976 3225 1034 absurditatem
3280 982 3514 1051 proferat

1925 1069 1979 1120 et
2005 1063 2254 1120 ostendat
2281 1066 2396 1120 :sic
2422 1065 2596 1121 brevis
2623 1066 2708 1122 illa
2735 1076 2790 1122 et
2817 1068 3047 1124 absurda
3073 1071 3316 1141 voluptas
3337 1075 3510 1128 conti-

1925 1170 2088 1211 nuum
2118 1158 2282 1211 menti
2303 1157 2540 1213 dolorem
2572 1159 2776 1226 inserit,
2803 1161 3246 1234 conscientiaque
3266 1163 3511 1220 ﬁduciam

1923 1248 2115 1312 anfert,
2147 1257 2306 1318 atque
2331 1248 2476 1303 illum
2508 1249 2598 1319 qui
2643 1250 2978 1306 succubuerit
3023 1252 3338 1310 confusione
3387 1271 3509 1326 per-

1923 1339 2114 1394 fundit.
2131 1341 2394 1412 Benignus
2411 1341 2550 1396 enim
2566 1341 2705 1397 Deus
2722 1343 3049 1412 ejuscemodi
3067 1345 3219 1400 nobis
3238 1357 3511 1403 accusato-

1926 1445 2039 1485 rem
2089 1431 2338 1486 assistere
2363 1432 2548 1498 voluit,
2581 1433 2670 1503 qui
2701 1449 2987 1504 numquam
3013 1436 3273 1506 quiescat,
3305 1438 3400 1494 sed
3424 1439 3510 1495 in-

1923 1522 2232 1578 desinenter
2270 1525 2362 1579 ille
2388 1525 2742 1596 congrediens
2768 1527 2980 1594 clamet,
3005 1538 3058 1584 et
3083 1543 3293 1600 ptenam
3338 1535 3512 1605 exigat

1923 1615 2259 1672 delictorum.
2294 1619 2360 1673 Et
2410 1619 2512 1674 hoc
2556 1621 2674 1692 quis
2701 1621 2894 1677 viderit
2934 1623 3217 1681 manifeste
3253 1643 3321 1683 ex
3357 1627 3512 1684 factis

1923 1707 2071 1778 ipsis.
2118 1709 2394 1765 Scortator
2417 1713 2580 1778 enim,
2613 1713 2697 1767 vel
2725 1713 2958 1780 adulter,
2984 1715 3064 1770 vel
3095 1718 3186 1787 qui
3231 1718 3374 1774 aliud
3408 1720 3513 1776 tale

1923 1801 2175 1870 quiddam
2206 1802 2440 1870 admisit,
2470 1804 2630 1858 eliatn
2657 1805 2700 1858 si
2731 1820 2920 1861 omnes
2945 1805 3116 1862 latere
3139 1820 3319 1879 queat,
3352 1827 3510 1866 num-

1922 1906 2080 1960 quam
2125 1901 2303 1948 tamen
2334 1893 2411 1948 sic
2453 1895 2506 1949 in
2549 1895 2930 1966 tranquillitate
2969 1897 3138 1966 vivit;
3185 1901 3279 1956 sed
3310 1901 3513 1958 habens

1923 1998 2102 2037 acrem
2133 1984 2280 2039 illum
2301 1995 2664 2042 accusatorem
2691 2028 2706 2052 ,
2740 1987 3073 2058 suspiciones
3095 1991 3265 2058 timet,
3293 1993 3513 2050 umbras

1924 2075 2202 2134 tremiscit.
2253 2086 2308 2130 et
2346 2092 2442 2132 eos
2469 2079 2555 2148 qui
2584 2079 2785 2132 conscii
2811 2089 2954 2144 sunt,
2987 2090 3042 2136 et
3081 2082 3172 2152 qui
3211 2099 3320 2139 non
3348 2095 3511 2151 sunt;

1922 2175 2284 2237 perpetuaque
2309 2168 2363 2221 in
2389 2168 2572 2222 animo
2603 2170 2720 2238 ejus
2758 2178 3046 2239 tempestas
3073 2181 3176 2240 est,
3199 2182 3254 2229 et
3280 2175 3510 2246 recipro-

1922 2266 2104 2313 cantes
2131 2273 2193 2313 ac
2231 2260 2484 2313 contrarii
2511 2259 2721 2315 ﬂuctus.
2747 2261 2968 2331 Insuper
2990 2278 3164 2334 neque
3204 2280 3424 2322 somnus
3462 2269 3510 2322 ei

1923 2347 2122 2415 suavis,
2181 2349 2276 2403 sed
2335 2359 2537 2406 terrore
2592 2361 2645 2406 et
2698 2352 2982 2409 formidine
3032 2355 3222 2424 plenus
3275 2376 3290 2412 :
3340 2375 3511 2430 neque

1921 2439 2071 2494 cibus
2093 2439 2418 2510 voluptatem
2465 2441 2686 2511 praebet,
2715 2459 2889 2514 neque
2931 2446 3224 2502 amicorum
3251 2450 3510 2521 colloquia

1925 2531 2083 2585 talem
2170 2532 2491 2597 refocillare,
2541 2533 2625 2588 vel
2675 2535 2904 2590 liberare
2947 2538 3016 2592 ab
3059 2550 3278 2608 urgente
3324 2544 3511 2596 anxie.

1923 2627 2028 2676 tate
2085 2632 2346 2691 possunt:
2395 2625 2488 2678 sed
2540 2626 2688 2694 quasi
2729 2626 3032 2684 carniﬁcem
3081 2631 3507 2702 circumgestaret

1923 2729 1982 2768 se
2008 2714 2362 2770 lancinantem
2401 2725 2455 2771 et
2479 2715 2830 2788 flagellantem
2862 2721 3114 2777 continuo
3133 2765 3148 2790 ,
3178 2723 3248 2777 ita
3276 2735 3395 2794 post
3412 2725 3508 2781 ab-

1923 2805 2139 2860 surdum
2164 2807 2289 2862 illud
2323 2809 2522 2863 facinus
2541 2809 2870 2875 obambulat,
2905 2812 3053 2867 nullo
3094 2816 3333 2881 conscio,
3383 2831 3506 2872 sus-

1920 2898 2094 2953 tinens
2133 2899 2491 2957 intolerabiles
2515 2915 2701 2972 pmnas
2733 2903 2872 2972 illas,
2921 2914 2974 2960 et
3013 2904 3176 2976 judex
3220 2909 3303 2963 sui
3334 2909 3502 2979 ipsius

1923 2987 2090 3044 factus
2108 2999 2160 3044 et
2174 3000 2470 3046 accusator.

1992 3081 2252 3154 Confessio
2283 3095 2620 3152 peccatorum.
2648 3114 2721 3126 —-
2745 3088 2994 3141 Attamen
3017 3088 3106 3154 qui
3137 3089 3253 3145 lucc
3291 3089 3434 3158 fecit,
3463 3095 3504 3148 si

1919 3176 2165 3243 voluerit,
2196 3187 2253 3232 ut
2280 3178 2454 3246 decet,
2488 3179 2561 3233 uti
2590 3181 2931 3235 conscientia:
2957 3181 3285 3251 adjumento,
3341 3195 3395 3240 et
3438 3187 3505 3240 ad

1917 3270 2308 3324 confessionem
2335 3269 2630 3326 facinorum
2660 3269 2932 3338 festinare,
2962 3283 3016 3328 et
3044 3274 3191 3329 ulcus
3225 3277 3505 3333 ostendere

1918 3361 2146 3427 medico,
2179 3363 2268 3433 qui
2299 3371 2451 3418 curet
2489 3372 2545 3418 et
2595 3379 2703 3419 non
2747 3365 3051 3434 exprobret,
3095 3378 3255 3440 atque
3297 3372 3365 3428 ab
3412 3373 3504 3427 illo

1917 3455 2153 3509 remedia
2195 3459 2460 3526 accipere,
2498 3472 2562 3512 ac
2586 3458 2684 3512 soli
2703 3458 2752 3513 ei
2773 3458 2935 3529 loqui,
2966 3461 3112 3515 nullo
3137 3463 3244 3517 alio
3267 3466 3502 3529 conscio,

1917 3556 1972 3602 et
1999 3546 2181 3601 omnia
2213 3547 2394 3603 dicere
2418 3563 2541 3603 cum
2579 3548 2874 3620 diligentia,
2922 3549 3078 3608 facile
3135 3567 3353 3623 peccata
3405 3574 3499 3612 sua

1916 3636 2243 3692 emendabit.
2271 3635 2552 3693 Confessio
2570 3640 2713 3694 enim
2736 3651 3074 3710 peccatorum
3104 3645 3325 3702 abolitio
3345 3633 3502 3702 etiam

1916 3740 1999 3785 est
2021 3729 2356 3785 delictorum.
2389 3730 2542 3798 Quod
2570 3732 2613 3786 si
2645 3731 2878 3788 Lamech
2915 3733 3002 3788 ille
3039 3735 3152 3789 suis
3196 3738 3505 3794 mulieribus

1915 3821 2090 3876 caedes
2118 3837 2146 3876 a
2173 3836 2232 3877 se
2254 3824 2570 3878 commissas
2594 3823 2840 3894 detegere
2865 3834 2920 3879 et
2943 3826 3183 3881 conﬁteri
3215 3843 3320 3882 non
3355 3829 3499 3884 refu-

1913 3915 2008 3982 git,
2033 3912 2176 3982 quali
2201 3915 2401 3969 erimus
2433 3915 2590 3970 venia
2612 3915 2776 3986 digni,
2809 3915 2854 3971 si
2882 3917 2932 3971 ei
2961 3917 3052 3988 qui
3091 3920 3270 3974 omnia
3322 3928 3501 3975 nostra

1914 4014 2161 4061 accurate
2200 4006 2350 4061 novit
2392 4007 2606 4071 delicta,
2659 4008 2900 4064 conﬁteri
2953 4022 3169 4081 peccata
3223 4013 3504 4068 nolumus?

1915 4095 2054 4152 Num
2093 4096 2216 4168 quia
2269 4099 2496 4169 ignorat,
2549 4099 2760 4155 discere
2788 4100 2942 4156 vult?
2982 4101 3326 4174 Nequaquam
3377 4107 3500 4175 quia

1915 4189 2141 4258 ignorat,
2165 4189 2559 4248 confessionem
2585 4207 2616 4247 a
2638 4191 2794 4248 nobis
2819 4194 3059 4264 requirit,
3088 4197 3178 4265 qui
3203 4197 3381 4251 omnia
3403 4201 3504 4253 scit

1913 4293 2196 4353 antequam
2223 4282 2388 4338 ﬁant:
2417 4283 2515 4339 sed
2568 4283 2754 4340 volens
2803 4299 2901 4354 per
2951 4285 3346 4342 confessionem
3403 4305 3502 4344 nos

1913 4389 2126 4446 quoque
2155 4384 2498 4445 peccatorum
2525 4375 2724 4432 habere
2740 4391 2979 4442 sensum,
3019 4387 3074 4434 et
3119 4389 3326 4450 gratum
3374 4396 3498 4452 erga

1912 4485 1972 4524 se
1997 4470 2282 4526 ostendere
2309 4470 2567 4525 animum.
2596 4469 2732 4525 Num
2763 4485 2893 4541 opes
2921 4471 3112 4542 aliqua:
3143 4473 3229 4530 hic
3249 4483 3373 4530 sunt
3405 4489 3498 4530 ex-

1911 4560 2239 4630 pendendae?
2255 4577 2378 4616 num
2396 4560 2610 4632 longum
2629 4562 2731 4617 iter
2748 4562 3180 4632 suscipiendum?
3204 4580 3327 4619 num
3345 4565 3500 4620 dolu-

1912 4668 2025 4708 rem
2052 4661 2106 4707 et
2133 4654 2399 4708 cruciatus
2432 4653 2588 4708 aﬂ'ert
2607 4652 2722 4710 haec
2765 4655 3069 4710 medicina?
3111 4656 3326 4727 Absque
3354 4673 3497 4712 sum-

1911 4751 2004 4813 ptu
2032 4742 2338 4798 etcruciatu
2364 4752 2446 4798 est
2475 4757 2711 4813 praesens
2737 4743 3102 4814 pharmacum,
3134 4755 3186 4800 et
3211 4761 3366 4816 quam
3406 4761 3496 4801 ce-

1913 4833 2131 4889 lerrime
2157 4842 2326 4888 curat.
2358 4834 2572 4890 Etenim
2592 4834 2883 4889 secundum
2905 4835 3150 4890 affectum
3177 4845 3231 4890 et
3259 4836 3494 4892 animmn

1910 4927 2236 4991 accedentis,
2267 4927 2345 4982 sic
2373 4935 2429 4982 et
2463 4927 2701 4983 remedia
2731 4928 3006 4982 vulnerum
3051 4928 3270 4998 largitur
3319 4929 3498 4985 Domi-

1909 5031 2030 5071 nus.
2055 5017 2219 5088 Igitur
2239 5017 2330 5088 qui
2358 5017 2470 5072 vult
2513 5017 2690 5072 statim
2731 5017 2797 5072 ad
2833 5017 3110 5072 sanitatem
3148 5016 3348 5086 redire,
3385 5023 3500 5076 aui-

1911 5125 2121 5180 tnaaque
2143 5125 2332 5166 curare
2361 5111 2561 5177 ulcera,
2593 5110 2768 5166 sobria
2796 5119 2975 5164 mente
3003 5107 3269 5164 medicum
3319 5111 3498 5179 adeat,

1910 5205 1978 5260 ab
2019 5205 2268 5260 omnibus
2316 5204 2658 5259 saecularibus
2679 5203 2822 5258 curis
2861 5217 2921 5257 se
2967 5201 3240 5269 abdicans,
3298 5205 3502 5259 calidas

1911 5296 2177 5369 lacrymas
2203 5295 2512 5366 profundat,
2536 5294 2903 5350 assiduitatem
2951 5293 3233 5364 plurimam
3282 5311 3395 5367 prae
3444 5313 3502 5352 se

1911 5387 2067 5453 ferat,
2100 5389 2260 5443 ﬁdem
2287 5388 2495 5442 ﬁrmam
2517 5386 2725 5452 all‘erat,
2746 5401 2811 5440 ac
2834 5384 3026 5440 medici
3047 5385 3277 5441 conﬁdat
3300 5389 3423 5451 arti,
3447 5391 3500 5442 et

1911 5483 2156 5553 protinus
2184 5481 2466 5536 saniettem
2495 5487 2879 5549 consequetur.
2905 5477 3092 5532 Vidisti
3118 5478 3312 5534 medici
3339 5480 3496 5534 boni-

1909 5582 2094 5638 tatem,
2125 5572 2192 5626 ad
2231 5585 2388 5642 quam
2409 5571 2454 5625 si
2477 5570 2713 5625 omnium
2735 5582 2946 5641 patrum
2970 5585 3124 5624 amor
3167 5568 3492 5636 conferatur,

1909 5663 2297 5722 obscurabitur.
2329 5662 2466 5716 Num
2485 5676 2647 5732 grave
2670 5661 2868 5733 aliquid
2894 5670 2948 5717 et
2973 5660 3261 5716 molestum
3289 5676 3320 5716 a
3342 5661 3496 5716 nobis

1911 5756 2177 5829 requirit?
2201 5755 2587 5814 Contritioncm
2612 5754 2808 5823 cordis,
2846 5753 3311 5825 compunctionem
3339 5768 3493 5809 metro
