4038 6394
467 350 563 407 ιτι
1175 343 1231 397 s.
1271 334 1549 396 JOA‘NNIS
1586 333 2060 394 CHRYSOSTO)"
2104 332 2417 388 AltClltEl’.
2459 330 2993 397 CONSTANTINOP.

465 464 547 523 iis,
576 458 964 514 confessionem
993 456 1191 526 lapsus,
1232 454 1595 509 assiduitatem
1622 453 1924 507 continuam
1953 471 1964 507 :
1990 462 2044 507 et

467 570 567 607 nou
612 552 781 607 solum
839 548 1056 618 largitur
1095 548 1371 600 vulnerum
1414 561 1618 610 curant,
1666 554 1772 600 eta
1823 546 2052 615 peccatis

430 639 687 699 "mundos
712 642 902 706 reddit,
932 640 1021 694 sed
1050 649 1103 693 et
1130 652 1275 703 eum,
1306 640 1393 709 qui
1424 648 1575 692 antea
1604 639 1895 692 innumeris
1927 652 2052 707 pec-

436 724 698 791 lcatorum
745 732 971 786 sarcinis
997 732 1331 799 gravabatur,
1355 730 1556 799 justum
1585 730 1763 783 efficit.
1821 730 1865 784 0
1894 734 2055 783 mise-

461 828 705 883 ricordia:
754 823 1170 895 magnitudinem
1206 825 1218 877 l
1251 838 1284 876 o
1336 822 1584 876 bonitatis
1637 821 2002 876 excellentiam
2036 824 2049 876 !

460 920 557 990 Qui
589 919 841 988 peccavit,
862 916 1072 986 quando
1096 915 1379 969 confitetur
1406 923 1642 983 peccata,
1669 915 1873 968 veniam
1900 915 2049 983 petit,

452 1014 755 1082 ctpostliac
788 1012 1124 1066 securitatem
1178 1028 1286 1079 prie
1337 1026 1394 1063 se
1444 1009 1567 1076 fert,
1618 1019 1836 1080 repente
1882 1010 2055 1079 justus

463 1107 701 1163 redditur
733 1108 747 1163 ι
778 1108 841 1161 Et
879 1123 984 1176 quo
1035 1108 1177 1160 clare
1206 1105 1307 1159 hoc
1347 1106 1543 1171 discas,
1566 1105 1687 1157 audi
1741 1104 2051 1173 prophetam

467 1200 730 1259 dicentem
763 1219 777 1254 τ
811 1200 905 1254 Dic
930 1212 980 1252 tu
1004 1202 1142 1271 prior
1189 1200 1476 1262 iniquitates
1496 1209 1630 1261 tuas,
1676 1210 1729 1251 ut
1760 1200 2055 1269 justi/iceris

466 1297 485 1365 (
514 1293 746 1349 IsaiJS.
771 1290 841 1349 96
941 1292 1053 1347 Non
1096 1292 1410 1362 simpliciter
1438 1292 1625 1361 inquit,
1663 1291 1759 1344 Dic
1780 1302 1832 1344 tu
1870 1294 2055 1363 iniqui-

461 1398 588 1443 tates
618 1398 750 1452 tuas,
783 1387 875 1441 scd
897 1386 1107 1456 adjecit,
1140 1384 1296 1438 Prior
1322 1400 1341 1439 :
1371 1383 1471 1439 hoc
1496 1395 1596 1449 est,
1654 1400 1721 1438 ne
1774 1396 2055 1454 exspectes

466 1493 518 1537 te
564 1489 896 1551 arguentem,
953 1494 1021 1533 ne
1096 1477 1420 1547 ντςιιδιωιοτίς
1481 1486 1893 1530 accusatorem:
1942 1476 2055 1545 ipse

463 1572 719 1639 praeveni,
750 1582 804 1625 et
833 1585 959 1640 rape
983 1570 1248 1624 sermonis
1276 1570 1611 1639 principium,
1646 1579 1704 1622 ut
1727 1569 2053 1623 accusatoris

460 1666 690 1734 linguam
720 1662 985 1719 occludas.

527 1760 581 1814 4.
610 1755 799 1813 Vidisti
821 1756 1023 1813 Judieis
1046 1757 1462 1828 benignitatem?
1484 1757 1539 1812 In
1568 1756 1817 1811 humanis
1838 1755 2050 1827 quidem

456 1852 671 1924 iudiciis
721 1853 765 1905 si
796 1854 915 1922 quis
943 1853 1043 1906 hoc
1087 1851 1315 1915 faceret,
1364 1861 1417 1904 et
1446 1860 1568 1903 ante
1598 1851 1811 1903 allatam
1862 1849 2054 1917 proba-

462 1946 657 1999 tionem
687 1943 920 1998 facinora
943 1944 1309 2005 conlileretur,
1334 1943 1576 2013 quamvis
1597 1942 1734 2010 apud
1764 1942 2051 1995 humanum

463 2039 692 2089 fortasse
713 2036 948 2105 judicem
979 2044 1243 2089 tormenta
1274 2045 1326 2088 et
1357 2035 1456 2087 sibi
1490 2033 1841 2087 succedentes
1870 2048 2055 2101 pmnas

466 2126 763 2197 effugeret,
808 2136 983 2180 tamen
1038 2128 1354 2181 sententiam
1408 2126 1687 2194 capitalem
1740 2127 1959 2178 omnino
2000 2127 2052 2179 in

460 2232 615 2271 suum
657 2229 816 2287 caput
854 2229 1194 2272 accerseret:
1233 2230 1287 2271 at
1318 2216 1678 2272 misericordis
1726 2216 1823 2269 Dei
1854 2226 1906 2269 et
1943 2218 2056 2269 ani-

465 2323 672 2362 marum
705 2320 1008 2362 nostrarum
1039 2309 1224 2363 Medici
1255 2319 1397 2362 tanta
1420 2316 1504 2362 est
1530 2317 1743 2377 tamque
1771 2307 2055 2363 inell‘abilis

460 2401 673 2456 bonitas
692 2410 746 2456 et
765 2402 1075 2471 clementia,
1101 2411 1157 2456 ut
1183 2418 1397 2456 omnem
1425 2403 1585 2456 etiam
1618 2417 1923 2457 sermonem
1958 2420 2054 2456 ex-

458 2493 635 2547 cedat.
667 2492 800 2547 Nam
843 2494 886 2547 si
910 2492 1275 2548 adversarium
1310 2502 1552 2548 nostrum
1595 2496 2046 2563 prmverterimus,

459 2585 729 2640 diabolum
761 2585 903 2647 dico,
938 2586 1024 2654 qui
1056 2586 1105 2638 in
1136 2585 1223 2640 die
1246 2586 1337 2641 illo
1366 2584 1435 2640 ob
1466 2586 1650 2640 faciem
1676 2596 1911 2641 nostram
1941 2596 2051 2641 sta-

462 2676 557 2739 bit,
586 2688 640 2732 et
666 2679 773 2747 jam
809 2679 858 2731 in
884 2679 1132 2747 pra-senti
1163 2670 1289 2742 vita,
1314 2690 1597 2748 antequam
1624 2678 1692 2733 ad
1714 2679 1940 2733 tribunal
1971 2681 2052 2733 iii-

458 2769 795 2837 grediamur,
846 2770 1077 2824 facinora
1128 2771 1357 2825 confessi
1408 2769 1694 2836 fuerimus,
1738 2772 2054 2841 dicendique

460 2860 779 2929 principium
810 2862 1167 2929 rapuerimus,
1201 2873 1444 2915 nostrum
1471 2863 1707 2931 ipsorqu
1742 2863 1862 2915 facti
1892 2878 2051 2915 accu-

459 2961 700 3015 satores,
730 2951 781 3005 in
808 2962 1007 3006 tantam
1040 2954 1463 3006 misericordiam
1499 2953 1901 3020 provocabimus
1946 2954 2050 3007 Do-

459 3047 684 3111 minum,
732 3054 790 3099 ut
831 3062 935 3098 non
982 3046 1155 3099 solum
1202 3046 1358 3099 nobis
1394 3060 1747 3099 concessurus
1790 3046 1878 3110 sit,
1926 3055 1983 3099 nt
2022 3064 2050 3099 a

457 3139 686 3207 peccatis
716 3139 1002 3194 liberemur
1022 3180 1037 3204 ,
1070 3138 1165 3192 sed
1205 3147 1261 3192 ut
1308 3140 1357 3191 in
1383 3140 1649 3207 justorum
1680 3138 1922 3208 catalogo
1954 3139 2051 3192 ad-

458 3230 776 3284 scribuntur.
835 3230 1121 3284 Enimvero
1169 3230 1214 3283 si
1272 3229 1501 3283 Lamech
1559 3228 1684 3292 ille,
1742 3231 1831 3298 qui
1881 3246 2053 3297 neque

460 3322 631 3390 legem
666 3322 851 3376 habuit
888 3322 1030 3376 unde
1073 3320 1175 3376 hoc
1213 3322 1422 3377 discere
1468 3332 1677 3392 posset,
1712 3338 1885 3391 neque
1924 3339 2049 3392 pro-

463 3411 651 3480 phetas
682 3415 905 3481 audivit,
938 3431 1112 3485 neque
1131 3415 1289 3469 aliam
1319 3417 1479 3470 ullam
1508 3415 1950 3483 admonitionem,
1984 3434 2049 3471 ex

453 3504 659 3571 judicio
706 3505 759 3560 in
788 3516 974 3559 natura
1021 3508 1181 3560 insito
1223 3509 1468 3561 conscius
1513 3523 1699 3561 eorum
1734 3524 1853 3577 qua:
1892 3524 2052 3561 ausus

458 3594 650 3660 fuerat,
682 3597 733 3650 in
760 3597 995 3651 medium
1023 3598 1201 3652 attulit
1231 3614 1292 3651 ea
1319 3615 1437 3668 qua:
1462 3601 1710 3667 patravit,
1741 3608 1795 3653 et
1813 3602 2048 3669 seipsqu

456 3688 835 3743 condemnavit
877 3708 890 3744 :
942 3690 1212 3761 quomodo
1266 3691 1495 3758 aliquam
1542 3690 1905 3744 defensionem
1955 3706 2052 3746 nos

460 3779 660 3836 habere
702 3783 1016 3852 poterimus,
1049 3785 1272 3838 vulnera
1303 3800 1407 3837 non
1452 3783 1595 3837 onmi
1623 3783 1899 3853 diligentia
1951 3784 2053 3838 Do-

461 3872 607 3926 mino
632 3867 979 3928 ostendentes
998 3916 1014 3940 ,
1047 3890 1234 3929 eorum
1256 3874 1366 3943 jam
1400 3875 1717 3929 medicinam
1742 3878 1809 3929 ab
1834 3891 1900 3930 eo
1928 3892 2049 3930 sus-

457 3965 703 4033 cepturi?
745 3964 800 4019 ld
837 3966 978 4035 quod
1016 3966 1118 4020 nisi
1162 3982 1305 4021 utine
1351 3966 1657 4032 fecerimus,
1700 3984 1821 4021 cum
1861 3968 2049 4037 jejunii

462 4064 669 4123 tempus
687 4066 787 4121 est,
813 4074 931 4110 cum
959 4066 1100 4111 tanta
1119 4059 1499 4123 cogitationum
1528 4059 1898 4128 tranquillitas,
1929 4075 2049 4113 cum

460 4147 707 4218 voluptas
743 4150 918 4202 omnis
964 4150 1171 4203 Sublata
1202 4166 1233 4204 e
1280 4150 1460 4205 medio
1491 4168 1504 4206 :
1538 4149 1875 4219 quandonam
1924 4150 2050 4204 faci-

464 4254 591 4289 nora
617 4249 793 4292 nostra
816 4241 1121 4310 expendere
1142 4241 1470 4311 poterimus?
1494 4239 1697 4295 Idcirco
1720 4256 1931 4309 semper
1958 4256 2051 4293 vos

459 4330 709 4392 obsecro,
736 4341 790 4384 ut
816 4332 981 4385 sobrii
1007 4332 1123 4385 sitis
1152 4341 1206 4386 et
1228 4332 1433 4403 vigiles,
1460 4342 1513 4387 et
1541 4342 1859 4401 prtesentem
1888 4334 2048 4386 vitam

460 4435 675 4473 oinnem
728 4421 780 4474 in
819 4422 919 4475 hoc
970 4423 1274 4489 insumatis,
1315 4434 1372 4476 ut
1412 4424 1723 4477 assiduitate
1774 4424 1861 4477 illa
1914 4424 2054 4477 into-

464 4510 685 4565 lerabile
738 4512 866 4566 illud
922 4514 1239 4582 supplicium
1289 4515 1630 4584 elfngiamus,
1686 4525 1738 4568 et
1789 4514 2048 4584 gebenna:

468 4607 641 4675 ignem
671 4606 835 4659 vitare
868 4608 1151 4676 possimus.
1176 4607 1402 4661 Maxime
1427 4618 1601 4662 autem
1626 4623 1796 4672 nunc,
1831 4608 2047 4676 majori-

464 4713 570 4768 que
598 4698 773 4752 studio
796 4698 845 4751 id
885 4698 1199 4761 curandum,
1228 4699 1441 4766 quando
1466 4708 1681 4767 prOpter
1698 4698 1882 4767 jejunii
1911 4711 2015 4752 tem

463 4803 563 4856 pus
589 4788 854 4843 continuis
900 4790 1296 4859 majoribusque
1324 4789 1557 4841 fruimini
1576 4789 2047 4843 admonitionibus.

462 4878 550 4933 23.
576 4876 816 4949 Cognovit
836 4889 1025 4945 autem,
1055 4879 1243 4949 inquit,
1270 4879 1433 4931 Adam
1458 4878 1618 4931 Evam
1643 4896 1848 4932 uxorem
1867 4896 2009 4931 suam
2030 4895 2049 4933 :

459 4981 509 5024 et
537 4989 649 5025 cum
678 4973 1010 5041 concepisset,
1044 4972 1237 5042 peperit
1282 4973 1463 5040 ﬁlium,
1490 4984 1535 5024 et
1562 4972 1837 5041 appellavit
1868 4988 2048 5026 nomen

465 5066 609 5119 illius
640 5065 764 5119 Seth
787 5108 801 5128 ,
833 5066 1044 5119 dicens:
1077 5066 1328 5119 Excitavit
1380 5067 1512 5119 enim
1553 5066 1674 5117 milii
1701 5063 1837 5118 Deus
1882 5082 2047 5119 semen

465 5158 607 5210 aliud
634 5175 723 5225 pro
748 5158 891 5223 Abel,
913 5176 1058 5229 quem
1080 5159 1259 5212 occidit
1288 5156 1434 5212 Cain.
1462 5158 1745 5224 Postquam
1776 5158 2046 5227 Scriptura

464 5252 641 5306 divina
669 5252 1030 5321 genealogiam
1064 5269 1228 5322 usque
1255 5253 1319 5306 ad
1349 5250 1575 5305 Lainech
1599 5251 1832 5309 deduxit,
1855 5250 2046 5304 iterum

465 5347 531 5398 ad
553 5345 720 5399 Adam
743 5354 798 5399 et
814 5361 1029 5399 uxorem
1053 5346 1193 5400 illius
1220 5346 1539 5416 regreditur,
1567 5355 1621 5398 et
1640 5340 2048 5414 dicit1Cognorit

461 5447 630 5490 autem
655 5434 821 5493 Adon:
862 5434 1021 5491 Evam
1046 5452 1254 5489 uxorem
1279 5452 1460 5500 suam;
1486 5447 1531 5489 et
1554 5452 1668 5489 cum
1694 5436 2001 5505 concepisset
2026 5476 2042 5503 ,

462 5527 655 5597 peperit
677 5527 862 5597 ﬁlium,
893 5528 1262 5598 appellavitque
1288 5544 1466 5581 nomen
1495 5528 1633 5580 illius
1652 5522 1800 5591 Seth,
1825 5526 1996 5579 dicens
2026 5542 2047 5581 :

465 5613 718 5672 Excitavit
744 5619 874 5671 enim
904 5619 1026 5671 milii
1055 5616 1193 5672 Deus
1220 5634 1385 5672 semen
1413 5618 1557 5672 aliud
1588 5634 1679 5688 pro
1710 5617 1867 5681 Abel,
1898 5633 2045 5689 quem

464 5711 643 5763 occidit
672 5709 819 5765 Cain.
850 5710 1055 5781 Peperit
1076 5753 1088 5777 ,
1124 5714 1325 5782 inquit,
1360 5711 1522 5780 ﬁlium
1564 5712 1932 5782 appellavitque
1956 5729 2047 5765 no-

465 5816 579 5854 men
628 5800 767 5856 illius
806 5799 969 5867 Seth;
1020 5817 1118 5856 nec
1166 5813 1411 5857 contenta
1465 5812 1633 5857 mater
1684 5800 1826 5872 quod
1876 5803 2044 5874 impo-

3641 352 3745 403 l7!

2159 452 2353 505 suisset
2378 451 2451 505 illi
2483 469 2697 511 nomen.
2727 455 2854 510 dicit
2881 476 2892 509 :
2919 455 3169 512 Excitavit
3191 462 3321 513 enim
3354 465 3474 516 milii
3506 465 3637 521 Deus
3660 493 3741 527 se-

2157 559 2271 597 men
2300 546 2441 599 aliud
2472 564 2565 617 pro
2591 548 2734 613 Abel,
2768 566 2912 619 quem
2944 552 3123 605 occidit
3153 553 3299 607 Cain.
3337 556 3464 611 Vide
3494 558 3579 613 hic
3607 578 3744 629 qne-

2160 637 2321 691 modo
2344 648 2396 691 et
2422 649 2591 694 mater
2616 656 2709 709 per
2730 643 3136 712 appellationem
3163 648 3271 700 nati
3306 647 3396 701 lilii
3428 666 3620 705 memet
3639 654 3744 707 iam

2157 730 2366 783 scelesti
2409 730 2566 799 bnjns
2613 733 2793 802 operis
2833 737 3137 792 continuam
3185 742 3453 796 mentibus
3498 759 3745 809 renovat,

2158 827 2319 887 atque
2365 833 2419 873 ut
2472 823 2632 876 etiam
2678 828 2876 895 posteri
2927 829 3143 894 scirent,
3194 832 3318 899 quid
3364 832 3496 887 Cain
3536 850 3749 904 patrare

2159 927 2320 966 ausus
2348 913 2552 981 fuisset,
2584 916 2744 985 dicit,
2780 916 2887 973 Pro
2909 920 3051 987 Abel,
3083 939 3226 992 quem
3247 928 3428 979 occidit
3456 927 3602 984 Cain.
3634 932 3747 985 Do-

2160 1004 2319 1057 lentis
2346 1007 2536 1060 anima:
2568 1010 2726 1062 verba
2755 1020 2878 1064 sunt
2905 1023 2958 1065 et
2998 1014 3222 1069 turbata:
3259 1017 3327 1071 ob
3356 1018 3603 1074 facinoris
3634 1040 3749 1076 ine-

2158 1098 2404 1163 moriani,
2428 1100 2733 1171 gratiasque
2759 1105 2963 1171 agentis
2990 1120 3085 1173 pro
3111 1118 3235 1160 nato
3265 1125 3449 1178 puero,
3482 1110 3747 1184 lituusque

2160 1190 2375 1243 nomine
2421 1192 2560 1244 illius
2586 1194 2806 1247 alterius
2850 1198 3024 1251 scelus
3066 1200 3217 1268 quasi
3260 1201 3311 1253 in
3357 1205 3511 1274 cippo
3556 1207 3750 1261 inscri—

2160 1278 2355 1335 bentis.
2381 1282 2509 1336 Nam
2542 1298 2664 1338 vere
2696 1287 2893 1340 luctum
2936 1305 3039 1342 non
3072 1290 3394 1347 mediocrem
3438 1300 3751 1365 parentibus

2160 1372 2440 1438 attulerat,
2470 1376 2557 1441 qui
2585 1374 2827 1430 dextram
2855 1394 3008 1433 suam
3036 1380 3291 1438 adversus
3326 1383 3540 1442 fratrem
3570 1406 3753 1443 anna-

2162 1473 2335 1528 verat,
2362 1475 2414 1518 et
2437 1474 2543 1519 tam
2566 1483 2748 1521 carum
2773 1469 2917 1523 illum
2945 1482 2998 1526 et
3018 1472 3300 1531 amabilem
3321 1477 3423 1531 illis
3439 1481 3753 1536 ostenderat

2160 1554 2307 1610 humi
2341 1558 2632 1626 jacentem,
2664 1575 2950 1628 mortuum,
2994 1574 3049 1619 et
3070 1581 3230 1621 sensu
3275 1581 3569 1628 carentem.
3610 1573 3749 1629 Nam

2161 1647 2288 1702 licet
2313 1652 2633 1705 sententiam
2665 1655 2961 1724 accepisset
2988 1656 3183 1725 Adam,
3210 1656 3370 1715 Terra
3394 1679 3466 1729 es,
3493 1667 3613 1719 etin
3642 1678 3750 1720 ter-

2158 1757 2269 1793 ram
2311 1741 2468 1796 abibis
2498 1759 2518 1797 :
2562 1752 2617 1799 et
2639 1785 2655 1808 ,
2707 1745 3035 1816 Quocumque
3082 1750 3165 1804 die
3190 1756 3538 1822 comederitis,
3589 1772 3757 1817 morte

2158 1833 2441 1887 moriemini
2463 1834 2614 1903 (Gen.
2637 1837 2690 1891 5.
2723 1838 2811 1893 l9.
2855 1850 2901 1892 et
2930 1838 2984 1894 2.
3033 1841 3122 1914 17)
3154 1861 3167 1896 :
3204 1847 3521 1902 sententiam
3566 1861 3749 1907 tamen

2161 1926 2211 1978 in
2242 1926 2414 1981 verbis
2438 1928 2696 1985 hactenus
2720 1935 3131 2002 cognoscebant,
3158 1947 3213 1991 et
3232 1941 3463 1993 nondum
3487 1958 3751 1999 noverant

2160 2018 2330 2085 qualis
2372 2029 2514 2074 esset
2546 2024 2731 2075 mortis
2758 2025 2893 2078 ratio
2922 2042 2935 2077 :
2969 2026 3061 2079 sed
3107 2026 3193 2082 hic
3236 2032 3438 2098 primus
3467 2034 3535 2087 ob
3564 2036 3749 2090 odium

2161 2110 2211 2162 in
2241 2108 2486 2177 fratrem,
2517 2124 2571 2167 et
2600 2114 2820 2170 livorem
2850 2117 2939 2185 qui
2978 2117 3297 2175 intrinsecus
3325 2123 3473 2191 illum
3502 2127 3748 2191 rodebat,

2161 2202 2212 2255 iu
2262 2202 2610 2259 fratricidium
2657 2208 2782 2273 ruit,
2823 2223 2987 2277 grave
3032 2213 3339 2278 parentibus
3382 2188 3749 2285 siiectacnlnui

2159 2293 2441 2351 exhibens.
2465 2296 2695 2353 Proinde
2725 2310 2915 2365 mater,
2940 2318 3058 2371 qua:
3078 2306 3349 2373 paululum
3380 2315 3745 2377 caputerexit,

2158 2394 2212 2439 et
2242 2387 2325 2439 vix
2367 2388 2579 2442 tandem
2622 2391 2906 2460 aliquando
2941 2395 3069 2448 tanti
3110 2396 3281 2451 luctus
3326 2401 3750 2457 consolationem

2159 2479 2380 2537 invenit,
2428 2483 2626 2550 gratias
2654 2483 2763 2551 agit
2806 2484 3030 2538 Domino
3068 2487 3138 2541 ob
3182 2500 3361 2543 natum
3407 2509 3658 2560 puerum,
3691 2508 3752 2549 et

2158 2568 2447 2625 fratricida:
2489 2575 2664 2628 scelus
2699 2575 2951 2641 infamat,
2985 2576 3085 2632 hac
3127 2582 3356 2634 maxima
3394 2583 3537 2637 illum
3589 2602 3751 2654 pinna

2158 2660 2398 2715 afficiens
2423 2704 2436 2728 ,
2462 2672 2520 2716 ut
2547 2664 2743 2718 factum
2784 2665 2927 2720 illius
2972 2680 3243 2738 perpetua‘
3282 2676 3752 2731 commendaretur

2159 2766 2453 2807 ΙΙΙΟΙΙΙυΗὲΙΞ.

2236 2844 2503 2900 Peccatum
2551 2850 2874 2919 opprobrium
2924 2852 3100 2907 inurit.
3128 2885 3203 2895 —
3234 2855 3450 2912 Vidistis
3488 2870 3748 2927 quantum

2158 2937 2353 2991 malum
2394 2940 2461 2991 sit
2492 2944 2805 3008 peccatum?
2836 2953 2889 2997 et
2918 2945 3186 3013 quomodo
3224 2952 3563 3017 peccantibus
3588 2954 3748 3022 igno-

2158 3031 2374 3083 miniam
2398 3041 2449 3084 et
2471 3038 2811 3101 opprobrium
2853 3038 3066 3091 inurat?
3089 3040 3295 3094 vidistis
3330 3046 3595 3111 quomodo
3620 3062 3750 3114 pro-

2156 3130 2276 3188 pter
2316 3120 2415 3175 boc
2445 3123 2620 3178 divina
2666 3130 2832 3195 gratia
2864 3129 3140 3198 spoliatus,
3169 3144 3222 3186 et
3248 3136 3492 3190 omnibus
3515 3139 3564 3190 iu
3602 3140 3750 3191 ludi-

2157 3212 2328 3266 brium
2385 3214 2552 3270 factus
2610 3220 2712 3272 sit?
2761 3219 2969 3276 vidistis
3020 3224 3289 3292 quomodo
3338 3238 3392 3280 et
3437 3232 3749 3299 parentibus

2158 3316 2342 3358 natura
2366 3307 2431 3360 ad
2453 3310 2708 3364 amandos
2733 3311 2869 3367 filios
2892 3316 3188 3384 propensis,
3220 3330 3432 3387 propter
3455 3324 3747 3390 pessimum

2158 3394 2258 3449 hoc
2288 3394 2492 3451 facinus
2518 3401 2889 3458 abominabilis
2921 3406 3113 3460 fuerit?
3146 3406 3305 3476 Igitur
3337 3410 3619 3480 fugiamus,
3646 3417 3743 3469 ob-

2161 3502 2355 3556 secro,
2395 3504 2667 3560 peccatum
2731 3498 2871 3565 quod
2920 3501 3079 3553 tantis
3134 3518 3233 3556 nos
3282 3502 3434 3558 malis
3482 3505 3745 3570 involvit,

2157 3594 2209 3634 et
2250 3585 2502 3637 virtutem
2546 3587 2898 3656 arripiamus,
2934 3600 2991 3644 ut
3027 3603 3080 3645 et
3118 3610 3401 3662 supernam
3449 3598 3602 3650 nobis
3648 3600 3751 3653 be-

2156 3675 2507 3729 nevolentiam
2552 3680 2919 3745 conciliemus,
2957 3693 3011 3737 et
3050 3685 3367 3753 supplicium
3407 3687 3746 3757 clfngiamns.

2155 3764 2244 3817 26.
2278 3764 2345 3817 Et
2383 3766 2529 3835 Seth,
2560 3768 2750 3839 inquit,
2782 3783 2931 3826 natus
2955 3783 3026 3827 est
3055 3775 3228 3843 ﬁlius;
3258 3779 3530 3847 appellavit
3568 3794 3743 3834 autem

2156 3873 2335 3910 nomen
2366 3859 2504 3913 illius
2534 3859 2673 3915 Enos
2697 3879 2715 3915 :
2740 3864 2821 3916 liic
2841 3868 3055 3934 speravit
3078 3867 3310 3922 invocare
3334 3887 3511 3923 nomen
3532 3870 3750 3926 Domini

2156 3947 2273 4003 Dei.
2302 3950 2431 4006 Vide
2463 3952 2548 4007 hic
2579 3958 2849 4023 i'piomodo
2876 3971 3057 4027 postea
3100 3962 3351 4029 paulatim
3397 3964 3751 4020 instituantur

2157 4042 2423 4111 homines,
2458 4056 2515 4099 ut
2557 4047 2609 4101 in
2647 4051 3093 4119 appellationibus
3132 4056 3358 4109 liliormn
3395 4062 3529 4127 grati
3574 4063 3746 4114 animi

2156 4134 2410 4189 indicium
2442 4150 2725 4206 repOnant.
2761 4142 2854 4195 llic
2882 4160 3111 4213 quoque,
3149 4145 3337 4215 inquit,
3372 4165 3561 4217 nempe
3586 4150 3744 4215 Seth,

2154 4226 2222 4279 ab
2248 4242 2304 4279 se
2330 4228 2566 4297 genitum
2597 4232 2759 4285 lilium
2790 4236 2995 4287 vocavit
3028 4237 3187 4288 tinos.
3233 4236 3431 4291 Deinde
3467 4241 3747 4309 Scriptura

2155 4317 2339 4371 volens
2370 4319 2523 4372 nobis
2553 4322 2781 4376 nominis
2804 4326 3213 4391 appellationem
3248 4329 3619 4397 interpretari,
3656 4333 3743 4384 iu-

2155 4408 2304 4477 quit:
2336 4408 2429 4462 llic
2454 4414 2671 4481 speravit
2700 4414 2931 4466 invocare
2958 4433 3133 4468 nomen
3159 4417 3360 4470 Domini
3384 4418 3497 4473 Dei.
3530 4422 3603 4473 lix
3634 4420 3746 4476 hoc

2155 4504 2294 4555 enim
2319 4505 2538 4573 posthac
2556 4506 2739 4559 beatus
2765 4508 3018 4576 propheta
3042 4512 3404 4581 genealogiam
3433 4513 3745 4582 inci-ptnrus

2154 4605 2255 4658 est,
2290 4597 2483 4664 rcjeeta
2527 4602 2779 4653 memoria
2825 4601 2975 4669 Cain,
3017 4614 3071 4657 et
3115 4620 3298 4657 eorum
3344 4607 3432 4675 qui
3476 4623 3643 4677 usque
3672 4612 3744 4663 ad

2156 4685 2385 4741 Latnech
2412 4689 2477 4743 ab
2505 4705 2568 4742 eo
2596 4690 3006 4747 descondcrunt.
3031 4694 3160 4748 Nam
3187 4697 3306 4765 quia
3334 4700 3614 4765 primatum
3642 4718 3743 4753 na-

2155 4790 2270 4833 tura
2302 4782 2402 4835 sibi
2430 4782 2645 4850 datum,
2680 4786 3110 4855 primogenitum:
3136 4790 3465 4858 dignitatern,
3498 4793 3743 4859 iuquani,

2155 4890 2266 4928 sua:
2290 4877 2574 4931 voluntatis
2601 4878 2798 4933 malitia
2826 4879 3225 4946 debonestarat,
3249 4892 3303 4937 et
3323 4883 3454 4952 ipse,
3482 4896 3535 4937 et
3555 4883 3645 4952 qui
3669 4902 3744 4940 ex

2155 4978 2220 5019 eo
2270 4967 2401 5032 nati,
2448 4967 2688 5039 catalogo
2733 4968 3018 5037 ejiciuntur
3057 4990 3069 5024 ε
3104 4971 3234 5027 Seth
3280 4990 3407 5027 vero
3456 4972 3599 5043 quod
3640 4976 3747 5029 sibi

2156 5067 2343 5110 natura
2375 5071 2623 5128 negatum
2652 5072 2787 5127 erat,
2817 5061 2868 5116 id
2895 5078 2957 5117 ex
2988 5064 3155 5132 probo
3186 5067 3307 5119 vita:
3340 5067 3577 5120 instituto
3604 5083 3749 5121 con-

2155 5151 2413 5219 sequitur,
2440 5168 2630 5220 nempe
2659 5154 2709 5206 iu
2732 5169 2788 5207 se
2815 5155 3123 5208 translatum
3154 5157 3585 5226 primogenitum.-
3610 5160 3698 5227 jus
3726 5178 3746 5217 :

2155 5254 2209 5297 et
2235 5246 2479 5313 quamvis
2506 5262 2612 5300 non
2651 5256 2860 5311 natura,
2889 5259 3123 5304 attamen
3152 5250 3222 5305 ob
3255 5253 3541 5306 voluntatis
3561 5254 3746 5309 inten-

2157 5336 2377 5401 tionem,
2410 5338 2570 5391 etiam
2602 5341 2689 5407 qui
2717 5357 2783 5393 ex
2813 5356 2878 5394 eo
2906 5342 3012 5395 nati
3038 5354 3192 5407 sunt,
3224 5344 3275 5397 in
3302 5345 3630 5415 genealogiis
3654 5364 3747 5401 re—

2154 5437 2458 5483 censentur.
2490 5430 2556 5484 Et
2581 5431 2717 5484 sicut
2747 5431 2832 5486 hic
2858 5433 3001 5487 Eoos
3028 5445 3247 5488 vocatus
3268 5447 3368 5501 est,
3394 5452 3458 5490 co
3484 5439 3626 5506 quod
3658 5440 3749 5491 in-

2153 5521 2363 5574 vocavit
2392 5535 2585 5576 nomen
2611 5522 2821 5577 Domini
2848 5522 2944 5577 Dei
2974 5542 2986 5578 :
3020 5524 3097 5579 sic
3123 5534 3178 5580 et.
3196 5525 3285 5596 qui
3314 5541 3377 5579 ex
3400 5541 3464 5579 eo
3489 5526 3748 5595 deinceps

2153 5612 2354 5667 ducunt
2383 5613 2672 5684 originem,
2704 5615 2947 5669 eamdem
2982 5621 3279 5670 sortiuntur
3304 5617 3742 5686 appellationem.

2154 5704 2443 5775 Propterea
2480 5701 2664 5760 beatus
2717 5702 2803 5761 hic
2851 5707 3107 5777 propheta
3154 5709 3418 5761 narrando
3471 5707 3571 5764 hoc
3623 5709 3742 5765 loco

2156 5802 2470 5867 subsistens,
2503 5796 2646 5853 aliud
2679 5790 2867 5853 iterum
2893 5798 3211 5871 principium
3242 5798 3468 5854 orditur.
