  <div class='ocr_page' id='page_1' title='image "/cluster/home/n/w/nwhite01/storage/ocr_20150623/53/nnc1.0046978453/170.png"; bbox 0 0 4038 6394; ppageno 0'>
   <div class='ocr_carea' id='block_1_1' title="bbox 241 349 342 410">
    <p class='ocr_par' dir='ltr' id='par_1_1' title="bbox 241 349 342 410">
     <span class='ocr_line' id='line_1_1' title="bbox 241 349 342 410; baseline 0.02 -2"><span class='ocrx_word' id='word_1_1' title='bbox 241 349 342 410; x_wconf 76' lang='grc' dir='ltr'>ηι</span> 
     </span>
    </p>
   </div>
   <div class='ocr_carea' id='block_1_2' title="bbox 237 463 1922 542">
    <p class='ocr_par' dir='ltr' id='par_1_2' title="bbox 237 463 1922 542">
     <span class='ocr_line' id='line_1_2' title="bbox 237 463 1922 542; baseline 0.002 -20"><span class='ocrx_word' id='word_1_2' title='bbox 237 471 338 522; x_wconf 77' lang='grc' dir='ltr'>καὶ</span> <span class='ocrx_word' id='word_1_3' title='bbox 365 468 426 522; x_wconf 79' lang='grc' dir='ltr'>οὐ</span> <span class='ocrx_word' id='word_1_4' title='bbox 459 467 618 540; x_wconf 83' lang='grc' dir='ltr'>μόνον</span> <span class='ocrx_word' id='word_1_5' title='bbox 653 463 761 522; x_wconf 86' lang='grc' dir='ltr'>τῶν</span> <span class='ocrx_word' id='word_1_6' title='bbox 799 467 1130 540; x_wconf 77' lang='grc' dir='ltr'>τραυμάτων</span> <span class='ocrx_word' id='word_1_7' title='bbox 1157 468 1256 540; x_wconf 79' lang='grc' dir='ltr'>τὴν</span> <span class='ocrx_word' id='word_1_8' title='bbox 1287 467 1578 540; x_wconf 76' lang='grc' dir='ltr'>θεραπείαν</span> <span class='ocrx_word' id='word_1_9' title='bbox 1617 472 1922 542; x_wconf 77' lang='grc' dir='ltr'>χαρίζεται,</span> 
     </span>
    </p>
   </div>
   <div class='ocr_carea' id='block_1_3' title="bbox 1453 351 2534 416">
    <p class='ocr_par' dir='ltr' id='par_1_3' title="bbox 1453 351 2534 416">
     <span class='ocr_line' id='line_1_3' title="bbox 1453 351 2534 416; baseline 0.003 -6"><span class='ocrx_word' id='word_1_10' title='bbox 1453 353 1522 410; x_wconf 84' lang='grc' dir='ltr'>ΙΝ</span> <span class='ocrx_word' id='word_1_11' title='bbox 1561 353 1712 411; x_wconf 73' lang='lat' dir='ltr'>CAP.</span> <span class='ocrx_word' id='word_1_12' title='bbox 1753 351 1820 410; x_wconf 85' lang='lat' dir='ltr'>IV</span> <span class='ocrx_word' id='word_1_13' title='bbox 1855 355 2098 414; x_wconf 83' lang='lat' dir='ltr'>GENE’S.</span> <span class='ocrx_word' id='word_1_14' title='bbox 2135 357 2368 416; x_wconf 70' lang='lat' dir='ltr'>HOMIL.</span> <span class='ocrx_word' id='word_1_15' title='bbox 2415 357 2534 416; x_wconf 72' lang='lat' dir='ltr'>XX;</span> 
     </span>
    </p>
   </div>
   <div class='ocr_carea' id='block_1_4' title="bbox 3595 361 3696 416">
    <p class='ocr_par' dir='ltr' id='par_1_4' title="bbox 3595 361 3696 416">
     <span class='ocr_line' id='line_1_4' title="bbox 3595 361 3696 416; baseline -0.02 0"><span class='ocrx_word' id='word_1_16' title='bbox 3595 361 3696 416; x_wconf 74' lang='grc'>172</span> 
     </span>
    </p>
   </div>
   <div class='ocr_carea' id='block_1_5' title="bbox 2027 475 3700 549">
    <p class='ocr_par' dir='ltr' id='par_1_5' title="bbox 2027 475 3700 549">
     <span class='ocr_line' id='line_1_5' title="bbox 2027 475 3700 549; baseline -0.002 -16"><span class='ocrx_word' id='word_1_17' title='bbox 2027 479 2058 548; x_wconf 88' lang='grc' dir='ltr'>ή</span> <span class='ocrx_word' id='word_1_18' title='bbox 2093 479 2274 549; x_wconf 81' lang='grc' dir='ltr'>μήτηρ</span> <span class='ocrx_word' id='word_1_19' title='bbox 2301 479 2366 548; x_wconf 81' lang='grc' dir='ltr'>τῇ</span> <span class='ocrx_word' id='word_1_20' title='bbox 2395 477 2614 548; x_wconf 80' lang='grc' dir='ltr'>τεθείσῃ</span> <span class='ocrx_word' id='word_1_21' title='bbox 2651 475 3010 548; x_wconf 75' lang='grc' dir='ltr'>προσηγορίᾳ,</span> <span class='ocrx_word' id='word_1_22' title='bbox 3043 475 3238 544; x_wconf 81' lang='grc' dir='ltr'>φησίν·</span> <span class='ocrx_word' id='word_1_23' title='bbox 3292 476 3700 544; x_wconf 79' lang='grc' dir='ltr'>Ἔξανέστησε</span> 
     </span>
    </p>
   </div>
   <div class='ocr_carea' id='block_1_6' title="bbox 235 555 3699 630">
    <p class='ocr_par' dir='ltr' id='par_1_6' title="bbox 235 555 3699 630">
     <span class='ocr_line' id='line_1_6' title="bbox 235 555 3699 630; baseline 0.002 -22"><span class='ocrx_word' id='word_1_24' title='bbox 235 557 338 608; x_wconf 76' lang='grc' dir='ltr'>καὶ</span> <span class='ocrx_word' id='word_1_25' title='bbox 358 557 468 609; x_wconf 85' lang='grc' dir='ltr'>τῶν</span> <span class='ocrx_word' id='word_1_26' title='bbox 490 556 892 628; x_wconf 75' lang='grc' dir='ltr'>ἡμαρτημένων</span> <span class='ocrx_word' id='word_1_27' title='bbox 909 555 1182 627; x_wconf 82' lang='grc' dir='ltr'>καθαροὺς</span> <span class='ocrx_word' id='word_1_28' title='bbox 1199 557 1594 622; x_wconf 83' lang='grc' dir='ltr'>ἀποδείκνυσιν,</span> <span class='ocrx_word' id='word_1_29' title='bbox 1613 557 1764 628; x_wconf 72' lang='lat'>[-176]</span> <span class='ocrx_word' id='word_1_30' title='bbox 1786 557 1924 614; x_wconf 83' lang='grc' dir='ltr'>ἀλλά</span> <span class='ocrx_word' id='word_1_31' title='bbox 2025 559 2132 628; x_wconf 77' lang='grc' dir='ltr'>γάρ</span> <span class='ocrx_word' id='word_1_32' title='bbox 2155 579 2256 630; x_wconf 81' lang='grc' dir='ltr'>μοι</span> <span class='ocrx_word' id='word_1_33' title='bbox 2293 563 2327 614; x_wconf 83' lang='grc' dir='ltr'>ό</span> <span class='ocrx_word' id='word_1_34' title='bbox 2375 559 2517 626; x_wconf 85' lang='grc' dir='ltr'>Θεὸς</span> <span class='ocrx_word' id='word_1_35' title='bbox 2570 559 2808 628; x_wconf 82' lang='grc' dir='ltr'>σπέρμα</span> <span class='ocrx_word' id='word_1_36' title='bbox 2843 559 3047 628; x_wconf 79' lang='grc' dir='ltr'>ἕτερον</span> <span class='ocrx_word' id='word_1_37' title='bbox 3078 559 3214 614; x_wconf 74' lang='grc' dir='ltr'>ἀντὶ</span> <span class='ocrx_word' id='word_1_38' title='bbox 3250 561 3449 620; x_wconf 76' lang='grc' dir='ltr'>Ἅϐελ,</span> <span class='ocrx_word' id='word_1_39' title='bbox 3485 561 3558 612; x_wconf 86' lang='grc' dir='ltr'>ὃν</span> <span class='ocrx_word' id='word_1_40' title='bbox 3587 561 3699 614; x_wconf 75' lang='grc' dir='ltr'>ἀπ·-</span> 
     </span>
    </p>
   </div>
   <div class='ocr_carea' id='block_1_7' title="bbox 237 639 1918 718">
    <p class='ocr_par' dir='ltr' id='par_1_7' title="bbox 237 639 1918 718">
     <span class='ocr_line' id='line_1_7' title="bbox 237 639 1918 718; baseline 0.003 -24"><span class='ocrx_word' id='word_1_41' title='bbox 237 643 338 696; x_wconf 80' lang='grc' dir='ltr'>κιὶ</span> <span class='ocrx_word' id='word_1_42' title='bbox 363 644 458 696; x_wconf 81' lang='grc' dir='ltr'>τὸν</span> <span class='ocrx_word' id='word_1_43' title='bbox 479 643 585 716; x_wconf 82' lang='grc' dir='ltr'>πρὸ</span> <span class='ocrx_word' id='word_1_44' title='bbox 609 643 802 696; x_wconf 87' lang='grc' dir='ltr'>τούτου</span> <span class='ocrx_word' id='word_1_45' title='bbox 829 644 1044 715; x_wconf 87' lang='grc' dir='ltr'>μυρίοις</span> <span class='ocrx_word' id='word_1_46' title='bbox 1071 639 1429 716; x_wconf 82' lang='grc' dir='ltr'>βαρυνόμενον</span> <span class='ocrx_word' id='word_1_47' title='bbox 1460 645 1702 716; x_wconf 75' lang='grc' dir='ltr'>φορτίοις</span> <span class='ocrx_word' id='word_1_48' title='bbox 1732 647 1918 718; x_wconf 84' lang='grc' dir='ltr'>ἀμαρ-</span> 
     </span>
    </p>
   </div>
   <div class='ocr_carea' id='block_1_8' title="bbox 235 728 1916 802">
    <p class='ocr_par' dir='ltr' id='par_1_8' title="bbox 235 728 1916 802">
     <span class='ocr_line' id='line_1_8' title="bbox 235 728 1916 802; baseline 0.003 -21"><span class='ocrx_word' id='word_1_49' title='bbox 235 729 502 798; x_wconf 85' lang='grc' dir='ltr'>τημάτων</span> <span class='ocrx_word' id='word_1_50' title='bbox 515 729 724 784; x_wconf 87' lang='grc' dir='ltr'>δίκαιον</span> <span class='ocrx_word' id='word_1_51' title='bbox 748 728 1211 801; x_wconf 78' lang='grc' dir='ltr'>ἀπεργάζεται.Ὢ</span> <span class='ocrx_word' id='word_1_52' title='bbox 1231 729 1639 800; x_wconf 79' lang='grc' dir='ltr'>φιλανθρωπίας</span> <span class='ocrx_word' id='word_1_53' title='bbox 1667 731 1916 802; x_wconf 74' lang='grc' dir='ltr'>μέγεθοςο</span> 
     </span>
    </p>
   </div>
   <div class='ocr_carea' id='block_1_9' title="bbox 236 815 1917 889">
    <p class='ocr_par' dir='ltr' id='par_1_9' title="bbox 236 815 1917 889">
     <span class='ocr_line' id='line_1_9' title="bbox 236 815 1917 889; baseline 0.004 -22"><span class='ocrx_word' id='word_1_54' title='bbox 236 815 288 866; x_wconf 79' lang='grc' dir='ltr'>ὦ</span> <span class='ocrx_word' id='word_1_55' title='bbox 309 815 645 885; x_wconf 83' lang='grc' dir='ltr'>ἀγαθότητος</span> <span class='ocrx_word' id='word_1_56' title='bbox 671 816 964 888; x_wconf 83' lang='grc' dir='ltr'>ὑπερϐολή.</span> <span class='ocrx_word' id='word_1_57' title='bbox 994 815 1098 870; x_wconf 84' lang='grc' dir='ltr'>Τὸν</span> <span class='ocrx_word' id='word_1_58' title='bbox 1127 817 1508 889; x_wconf 82' lang='grc' dir='ltr'>ἡμαρτηκότα,</span> <span class='ocrx_word' id='word_1_59' title='bbox 1541 817 1758 871; x_wconf 82' lang='grc' dir='ltr'>ἐπειδάν</span> <span class='ocrx_word' id='word_1_60' title='bbox 1787 819 1917 889; x_wconf 85' lang='grc' dir='ltr'>ὁμο-</span> 
     </span>
    </p>
   </div>
   <div class='ocr_carea' id='block_1_10' title="bbox 237 901 1916 978">
    <p class='ocr_par' dir='ltr' id='par_1_10' title="bbox 237 901 1916 978">
     <span class='ocr_line' id='line_1_10' title="bbox 237 901 1916 978; baseline 0.005 -26"><span class='ocrx_word' id='word_1_61' title='bbox 237 901 454 974; x_wconf 76' lang='grc' dir='ltr'>λογήσῃ</span> <span class='ocrx_word' id='word_1_62' title='bbox 497 902 569 956; x_wconf 86' lang='grc' dir='ltr'>τά</span> <span class='ocrx_word' id='word_1_63' title='bbox 615 903 981 976; x_wconf 75' lang='grc' dir='ltr'>ἡμαρτημένα</span> <span class='ocrx_word' id='word_1_64' title='bbox 1032 903 1360 976; x_wconf 83' lang='grc' dir='ltr'>συγγνώμην</span> <span class='ocrx_word' id='word_1_65' title='bbox 1405 906 1654 977; x_wconf 86' lang='grc' dir='ltr'>αἰτήσας,</span> <span class='ocrx_word' id='word_1_66' title='bbox 1689 907 1781 960; x_wconf 78' lang='grc' dir='ltr'>καὶ</span> <span class='ocrx_word' id='word_1_67' title='bbox 1817 907 1916 978; x_wconf 82' lang='grc' dir='ltr'>τὴν</span> 
     </span>
    </p>
   </div>
   <div class='ocr_carea' id='block_1_11' title="bbox 237 987 1918 1064">
    <p class='ocr_par' dir='ltr' id='par_1_11' title="bbox 237 987 1918 1064">
     <span class='ocr_line' id='line_1_11' title="bbox 237 987 1918 1064; baseline 0.004 -24"><span class='ocrx_word' id='word_1_68' title='bbox 237 989 325 1049; x_wconf 70' lang='lat' dir='ltr'><strong><em>ei;</em></strong></span> <span class='ocrx_word' id='word_1_69' title='bbox 367 989 432 1040; x_wconf 80' lang='grc' dir='ltr'>τὸ</span> <span class='ocrx_word' id='word_1_70' title='bbox 477 987 607 1058; x_wconf 84' lang='grc' dir='ltr'>ἐξῆς</span> <span class='ocrx_word' id='word_1_71' title='bbox 648 989 946 1058; x_wconf 83' lang='grc' dir='ltr'>ἀσφάλειαν</span> <span class='ocrx_word' id='word_1_72' title='bbox 992 990 1322 1063; x_wconf 77' lang='grc' dir='ltr'>ἐπιδείξηται</span> <span class='ocrx_word' id='word_1_73' title='bbox 1369 1005 1418 1056; x_wconf 71' lang='grc' dir='ltr'>α,</span> <span class='ocrx_word' id='word_1_74' title='bbox 1468 991 1662 1064; x_wconf 87' lang='grc' dir='ltr'>ἀθρόον</span> <span class='ocrx_word' id='word_1_75' title='bbox 1711 993 1918 1048; x_wconf 90' lang='grc' dir='ltr'>δίκαιον</span> 
     </span>
    </p>
   </div>
   <div class='ocr_carea' id='block_1_12' title="bbox 237 1075 1924 1154">
    <p class='ocr_par' dir='ltr' id='par_1_12' title="bbox 237 1075 1924 1154">
     <span class='ocr_line' id='line_1_12' title="bbox 237 1075 1924 1154; baseline 0.004 -27"><span class='ocrx_word' id='word_1_76' title='bbox 237 1075 558 1144; x_wconf 74' lang='grc' dir='ltr'>ἀποφαίνει.</span> <span class='ocrx_word' id='word_1_77' title='bbox 586 1077 696 1130; x_wconf 84' lang='lat' dir='ltr'>Kal</span> <span class='ocrx_word' id='word_1_78' title='bbox 721 1078 810 1132; x_wconf 84' lang='grc' dir='ltr'>ἵνα</span> <span class='ocrx_word' id='word_1_79' title='bbox 841 1078 1018 1150; x_wconf 75' lang='grc' dir='ltr'>μάθῃς</span> <span class='ocrx_word' id='word_1_80' title='bbox 1041 1079 1200 1132; x_wconf 88' lang='grc' dir='ltr'>τοῦτο</span> <span class='ocrx_word' id='word_1_81' title='bbox 1233 1081 1438 1150; x_wconf 78' lang='grc' dir='ltr'>σαφῶς,</span> <span class='ocrx_word' id='word_1_82' title='bbox 1467 1079 1629 1134; x_wconf 72' lang='grc' dir='ltr'>ἄκουε</span> <span class='ocrx_word' id='word_1_83' title='bbox 1655 1080 1749 1136; x_wconf 90' lang='grc' dir='ltr'>τοῦ</span> <span class='ocrx_word' id='word_1_84' title='bbox 1783 1099 1924 1154; x_wconf 81' lang='grc' dir='ltr'>προ-</span> 
     </span>
    </p>
   </div>
   <div class='ocr_carea' id='block_1_13' title="bbox 239 1162 1915 1236">
    <p class='ocr_par' dir='ltr' id='par_1_13' title="bbox 239 1162 1915 1236">
     <span class='ocr_line' id='line_1_13' title="bbox 239 1162 1915 1236; baseline 0.007 -23"><span class='ocrx_word' id='word_1_85' title='bbox 239 1162 418 1229; x_wconf 70' lang='grc' dir='ltr'>φήτου</span> <span class='ocrx_word' id='word_1_86' title='bbox 473 1162 754 1231; x_wconf 75' lang='grc' dir='ltr'>λέγοντοςο</span> <span class='ocrx_word' id='word_1_87' title='bbox 789 1164 940 1234; x_wconf 73' lang='grc' dir='ltr'>Λέγε</span> <span class='ocrx_word' id='word_1_88' title='bbox 980 1165 1062 1220; x_wconf 90' lang='grc' dir='ltr'>σὺ</span> <span class='ocrx_word' id='word_1_89' title='bbox 1103 1167 1208 1231; x_wconf 85' lang='grc' dir='ltr'>τὰς</span> <span class='ocrx_word' id='word_1_90' title='bbox 1247 1167 1498 1235; x_wconf 75' lang='grc' dir='ltr'>ἀνομίας</span> <span class='ocrx_word' id='word_1_91' title='bbox 1524 1185 1640 1222; x_wconf 88' lang='grc' dir='ltr'>σου</span> <span class='ocrx_word' id='word_1_92' title='bbox 1667 1167 1915 1236; x_wconf 84' lang='grc' dir='ltr'>πρῶτος.</span> 
     </span>
    </p>
   </div>
   <div class='ocr_carea' id='block_1_14' title="bbox 237 1249 1920 1324">
    <p class='ocr_par' dir='ltr' id='par_1_14' title="bbox 237 1249 1920 1324">
     <span class='ocr_line' id='line_1_14' title="bbox 237 1249 1920 1324; baseline 0.005 -24"><span class='ocrx_word' id='word_1_93' title='bbox 237 1250 344 1302; x_wconf 74' lang='grc' dir='ltr'>ενα</span> <span class='ocrx_word' id='word_1_94' title='bbox 380 1249 722 1319; x_wconf 75' lang='grc' dir='ltr'>δικαιωθῇς.</span> <span class='ocrx_word' id='word_1_95' title='bbox 760 1253 870 1323; x_wconf 80' lang='grc' dir='ltr'>Οὐχ</span> <span class='ocrx_word' id='word_1_96' title='bbox 919 1253 1104 1318; x_wconf 84' lang='grc' dir='ltr'>ἁπλῶς</span> <span class='ocrx_word' id='word_1_97' title='bbox 1153 1250 1294 1316; x_wconf 79' lang='grc' dir='ltr'>εἷπε,</span> <span class='ocrx_word' id='word_1_98' title='bbox 1335 1253 1484 1324; x_wconf 80' lang='grc' dir='ltr'>Λέγε</span> <span class='ocrx_word' id='word_1_99' title='bbox 1521 1255 1602 1308; x_wconf 85' lang='grc' dir='ltr'>σὺ</span> <span class='ocrx_word' id='word_1_100' title='bbox 1639 1255 1747 1322; x_wconf 84' lang='grc' dir='ltr'>τὰς</span> <span class='ocrx_word' id='word_1_101' title='bbox 1777 1255 1920 1310; x_wconf 88' lang='grc' dir='ltr'>ἀνο-</span> 
     </span>
    </p>
   </div>
   <div class='ocr_carea' id='block_1_15' title="bbox 233 1337 1915 1416">
    <p class='ocr_par' dir='ltr' id='par_1_15' title="bbox 233 1337 1915 1416">
     <span class='ocr_line' id='line_1_15' title="bbox 233 1337 1915 1416; baseline 0.005 -27"><span class='ocrx_word' id='word_1_102' title='bbox 233 1337 382 1405; x_wconf 77' lang='grc' dir='ltr'>μίας</span> <span class='ocrx_word' id='word_1_103' title='bbox 435 1355 576 1404; x_wconf 90' lang='grc' dir='ltr'>σου,</span> <span class='ocrx_word' id='word_1_104' title='bbox 623 1339 759 1393; x_wconf 87' lang='grc' dir='ltr'>ἀλλά</span> <span class='ocrx_word' id='word_1_105' title='bbox 809 1341 1147 1412; x_wconf 89' lang='grc' dir='ltr'>προσέθηκε,</span> <span class='ocrx_word' id='word_1_106' title='bbox 1203 1342 1474 1410; x_wconf 86' lang='grc' dir='ltr'>Πρῶτος,</span> <span class='ocrx_word' id='word_1_107' title='bbox 1523 1345 1788 1407; x_wconf 83' lang='grc' dir='ltr'>τουτέστι,</span> <span class='ocrx_word' id='word_1_108' title='bbox 1839 1343 1915 1416; x_wconf 82' lang='grc' dir='ltr'>μὴ</span> 
     </span>
    </p>
   </div>
   <div class='ocr_carea' id='block_1_16' title="bbox 239 1427 1914 1504">
    <p class='ocr_par' dir='ltr' id='par_1_16' title="bbox 239 1427 1914 1504">
     <span class='ocr_line' id='line_1_16' title="bbox 239 1427 1914 1504; baseline 0.005 -27"><span class='ocrx_word' id='word_1_109' title='bbox 239 1427 542 1497; x_wconf 84' lang='grc' dir='ltr'>ἁναμείνῃς</span> <span class='ocrx_word' id='word_1_110' title='bbox 567 1427 659 1480; x_wconf 80' lang='grc' dir='ltr'>τὸν</span> <span class='ocrx_word' id='word_1_111' title='bbox 685 1427 994 1498; x_wconf 88' lang='grc' dir='ltr'>ἐλέγχοντα,</span> <span class='ocrx_word' id='word_1_112' title='bbox 1029 1429 1166 1500; x_wconf 83' lang='grc' dir='ltr'>μηδὲ</span> <span class='ocrx_word' id='word_1_113' title='bbox 1211 1431 1401 1502; x_wconf 81' lang='grc' dir='ltr'>ἐκδέξῃ</span> <span class='ocrx_word' id='word_1_114' title='bbox 1439 1431 1530 1486; x_wconf 79' lang='grc' dir='ltr'>τὸν</span> <span class='ocrx_word' id='word_1_115' title='bbox 1571 1433 1874 1504; x_wconf 83' lang='grc' dir='ltr'>κατήγορον</span> <span class='ocrx_word' id='word_1_116' title='bbox 1897 1449 1914 1467; x_wconf 78' lang='grc' dir='ltr'><strong><em>ο</em></strong></span> 
     </span>
    </p>
   </div>
   <div class='ocr_carea' id='block_1_17' title="bbox 239 1511 1914 1588">
    <p class='ocr_par' dir='ltr' id='par_1_17' title="bbox 239 1511 1914 1588">
     <span class='ocr_line' id='line_1_17' title="bbox 239 1511 1914 1588; baseline 0.005 -24"><span class='ocrx_word' id='word_1_117' title='bbox 239 1513 404 1576; x_wconf 44' lang='grc' dir='ltr'>αὐτὴ</span> <span class='ocrx_word' id='word_1_118' title='bbox 451 1511 740 1586; x_wconf 90' lang='grc' dir='ltr'>προλαϐὼν</span> <span class='ocrx_word' id='word_1_119' title='bbox 790 1515 1038 1583; x_wconf 80' lang='grc' dir='ltr'>ἅρπασον</span> <span class='ocrx_word' id='word_1_120' title='bbox 1073 1516 1172 1588; x_wconf 83' lang='grc' dir='ltr'>τήν</span> <span class='ocrx_word' id='word_1_121' title='bbox 1206 1519 1597 1588; x_wconf 89' lang='grc' dir='ltr'>πρωτολογίαν,</span> <span class='ocrx_word' id='word_1_122' title='bbox 1641 1519 1727 1573; x_wconf 82' lang='grc' dir='ltr'>ἵνα</span> <span class='ocrx_word' id='word_1_123' title='bbox 1776 1519 1914 1573; x_wconf 89' lang='grc' dir='ltr'>ἀπο-</span> 
     </span>
    </p>
   </div>
   <div class='ocr_carea' id='block_1_18' title="bbox 239 1599 1351 1674">
    <p class='ocr_par' dir='ltr' id='par_1_18' title="bbox 239 1599 1351 1674">
     <span class='ocr_line' id='line_1_18' title="bbox 239 1599 1351 1674; baseline 0.005 -22"><span class='ocrx_word' id='word_1_124' title='bbox 239 1599 466 1672; x_wconf 75' lang='grc' dir='ltr'>κλείσῃς</span> <span class='ocrx_word' id='word_1_125' title='bbox 495 1599 592 1654; x_wconf 88' lang='grc' dir='ltr'>τοῦ</span> <span class='ocrx_word' id='word_1_126' title='bbox 626 1601 931 1672; x_wconf 81' lang='grc' dir='ltr'>κατηγόρου</span> <span class='ocrx_word' id='word_1_127' title='bbox 960 1601 1060 1674; x_wconf 82' lang='grc' dir='ltr'>τὴν</span> <span class='ocrx_word' id='word_1_128' title='bbox 1086 1603 1351 1671; x_wconf 87' lang='grc' dir='ltr'>γλῶτταν.</span> 
     </span>
    </p>
   </div>
   <div class='ocr_carea' id='block_1_19' title="bbox 311 1683 1916 1762">
    <p class='ocr_par' dir='ltr' id='par_1_19' title="bbox 311 1683 1916 1762">
     <span class='ocr_line' id='line_1_19' title="bbox 311 1683 1916 1762; baseline 0.004 -24"><span class='ocrx_word' id='word_1_129' title='bbox 311 1688 374 1741; x_wconf 69' lang='grc' dir='ltr'>δ’.</span> <span class='ocrx_word' id='word_1_130' title='bbox 409 1683 560 1751; x_wconf 78' lang='grc' dir='ltr'>Εἶδες</span> <span class='ocrx_word' id='word_1_131' title='bbox 581 1688 838 1744; x_wconf 78' lang='grc' dir='ltr'>δικαστοῦ</span> <span class='ocrx_word' id='word_1_132' title='bbox 897 1689 1344 1762; x_wconf 77' lang='grc' dir='ltr'>φιλανθρωπίανς</span> <span class='ocrx_word' id='word_1_133' title='bbox 1391 1689 1512 1744; x_wconf 84' lang='grc' dir='ltr'>Ἐπὶ</span> <span class='ocrx_word' id='word_1_134' title='bbox 1537 1691 1634 1762; x_wconf 82' lang='grc' dir='ltr'>μὲν</span> <span class='ocrx_word' id='word_1_135' title='bbox 1661 1691 1769 1762; x_wconf 82' lang='grc' dir='ltr'>γάρ</span> <span class='ocrx_word' id='word_1_136' title='bbox 1807 1690 1916 1744; x_wconf 88' lang='grc' dir='ltr'>τῶν</span> 
     </span>
    </p>
   </div>
   <div class='ocr_carea' id='block_1_20' title="bbox 235 1773 1918 1850">
    <p class='ocr_par' dir='ltr' id='par_1_20' title="bbox 235 1773 1918 1850">
     <span class='ocr_line' id='line_1_20' title="bbox 235 1773 1918 1850; baseline 0.004 -25"><span class='ocrx_word' id='word_1_137' title='bbox 235 1773 550 1842; x_wconf 75' lang='grc' dir='ltr'>ἀνθρώπων</span> <span class='ocrx_word' id='word_1_138' title='bbox 581 1775 967 1848; x_wconf 84' lang='grc' dir='ltr'>δικαστηρίων,</span> <span class='ocrx_word' id='word_1_139' title='bbox 997 1777 1128 1832; x_wconf 82' lang='grc' dir='ltr'>ὅταν</span> <span class='ocrx_word' id='word_1_140' title='bbox 1161 1795 1246 1842; x_wconf 91' lang='grc' dir='ltr'>τις</span> <span class='ocrx_word' id='word_1_141' title='bbox 1283 1779 1444 1832; x_wconf 86' lang='grc' dir='ltr'>τοῦτο</span> <span class='ocrx_word' id='word_1_142' title='bbox 1479 1777 1702 1850; x_wconf 87' lang='grc' dir='ltr'>ποιῆσαι</span> <span class='ocrx_word' id='word_1_143' title='bbox 1749 1796 1918 1832; x_wconf 87' lang='grc' dir='ltr'>κατα-</span> 
     </span>
    </p>
   </div>
   <div class='ocr_carea' id='block_1_21' title="bbox 234 1858 1917 1938">
    <p class='ocr_par' dir='ltr' id='par_1_21' title="bbox 234 1858 1917 1938">
     <span class='ocr_line' id='line_1_21' title="bbox 234 1858 1917 1938; baseline 0.005 -26"><span class='ocrx_word' id='word_1_144' title='bbox 234 1858 480 1932; x_wconf 79' lang='grc' dir='ltr'>δέξηται,</span> <span class='ocrx_word' id='word_1_145' title='bbox 535 1863 630 1914; x_wconf 81' lang='grc' dir='ltr'>καὶ</span> <span class='ocrx_word' id='word_1_146' title='bbox 677 1863 806 1926; x_wconf 81' lang='grc' dir='ltr'>τοὺς</span> <span class='ocrx_word' id='word_1_147' title='bbox 842 1863 1099 1935; x_wconf 75' lang='grc' dir='ltr'>ἐλέγχους</span> <span class='ocrx_word' id='word_1_148' title='bbox 1146 1865 1434 1936; x_wconf 88' lang='grc' dir='ltr'>προλαϐὼν</span> <span class='ocrx_word' id='word_1_149' title='bbox 1487 1866 1796 1938; x_wconf 76' lang='grc' dir='ltr'>ὁμολογήσῃ</span> <span class='ocrx_word' id='word_1_150' title='bbox 1848 1867 1917 1920; x_wconf 80' lang='grc' dir='ltr'>τά</span> 
     </span>
    </p>
   </div>
   <div class='ocr_carea' id='block_1_22' title="bbox 236 1949 1914 2024">
    <p class='ocr_par' dir='ltr' id='par_1_22' title="bbox 236 1949 1914 2024">
     <span class='ocr_line' id='line_1_22' title="bbox 236 1949 1914 2024; baseline 0.005 -24"><span class='ocrx_word' id='word_1_151' title='bbox 236 1949 603 2018; x_wconf 77' lang='grc' dir='ltr'>εἰργασμένα,</span> <span class='ocrx_word' id='word_1_152' title='bbox 623 1949 723 2014; x_wconf 82' lang='grc' dir='ltr'>τὰς</span> <span class='ocrx_word' id='word_1_153' title='bbox 760 1951 860 2022; x_wconf 82' lang='grc' dir='ltr'>μὲν</span> <span class='ocrx_word' id='word_1_154' title='bbox 891 1951 1154 2021; x_wconf 82' lang='grc' dir='ltr'>βασάνους</span> <span class='ocrx_word' id='word_1_155' title='bbox 1185 1952 1280 2008; x_wconf 75' lang='grc' dir='ltr'>καὶ</span> <span class='ocrx_word' id='word_1_156' title='bbox 1323 1952 1422 2016; x_wconf 82' lang='grc' dir='ltr'>τὰς</span> <span class='ocrx_word' id='word_1_157' title='bbox 1463 1953 1794 2024; x_wconf 76' lang='grc' dir='ltr'>ἐπαλλήλους</span> <span class='ocrx_word' id='word_1_158' title='bbox 1830 1969 1914 2008; x_wconf 88' lang='grc' dir='ltr'>τι-</span> 
     </span>
    </p>
   </div>
   <div class='ocr_carea' id='block_1_23' title="bbox 239 2035 1912 2113">
    <p class='ocr_par' dir='ltr' id='par_1_23' title="bbox 239 2035 1912 2113">
     <span class='ocr_line' id='line_1_23' title="bbox 239 2035 1912 2113; baseline 0.005 -27"><span class='ocrx_word' id='word_1_159' title='bbox 239 2035 457 2105; x_wconf 82' lang='grc' dir='ltr'>μωρίας</span> <span class='ocrx_word' id='word_1_160' title='bbox 489 2037 620 2100; x_wconf 80' lang='grc' dir='ltr'>ῖσως</span> <span class='ocrx_word' id='word_1_161' title='bbox 653 2038 937 2106; x_wconf 80' lang='grc' dir='ltr'>διαφυγεῖν</span> <span class='ocrx_word' id='word_1_162' title='bbox 971 2037 1278 2109; x_wconf 86' lang='grc' dir='ltr'>δυνήσεται,</span> <span class='ocrx_word' id='word_1_163' title='bbox 1307 2039 1400 2092; x_wconf 77' lang='grc' dir='ltr'>καὶ</span> <span class='ocrx_word' id='word_1_164' title='bbox 1433 2039 1606 2094; x_wconf 87' lang='grc' dir='ltr'>ταῦτα</span> <span class='ocrx_word' id='word_1_165' title='bbox 1631 2044 1682 2094; x_wconf 88' lang='grc' dir='ltr'>εἰ</span> <span class='ocrx_word' id='word_1_166' title='bbox 1709 2043 1912 2113; x_wconf 86' lang='grc' dir='ltr'>ήμέρου</span> 
     </span>
    </p>
   </div>
   <div class='ocr_carea' id='block_1_24' title="bbox 237 2122 1916 2201">
    <p class='ocr_par' dir='ltr' id='par_1_24' title="bbox 237 2122 1916 2201">
     <span class='ocr_line' id='line_1_24' title="bbox 237 2122 1916 2201; baseline 0.006 -29"><span class='ocrx_word' id='word_1_167' title='bbox 237 2122 384 2185; x_wconf 67' lang='grc' dir='ltr'>τινος</span> <span class='ocrx_word' id='word_1_168' title='bbox 415 2124 648 2195; x_wconf 78' lang='grc' dir='ltr'>ἐπιτύχῃ</span> <span class='ocrx_word' id='word_1_169' title='bbox 675 2124 950 2190; x_wconf 82' lang='grc' dir='ltr'>δικαστοῦ,</span> <span class='ocrx_word' id='word_1_170' title='bbox 977 2125 1076 2197; x_wconf 84' lang='grc' dir='ltr'>τὴν</span> <span class='ocrx_word' id='word_1_171' title='bbox 1115 2126 1300 2197; x_wconf 87' lang='grc' dir='ltr'>μέντοι</span> <span class='ocrx_word' id='word_1_172' title='bbox 1345 2127 1618 2196; x_wconf 78' lang='grc' dir='ltr'>ἀπόφασιν</span> <span class='ocrx_word' id='word_1_173' title='bbox 1645 2127 1741 2199; x_wconf 82' lang='grc' dir='ltr'>τήν</span> <span class='ocrx_word' id='word_1_174' title='bbox 1779 2131 1916 2201; x_wconf 84' lang='grc' dir='ltr'>πρὸς</span> 
     </span>
    </p>
   </div>
   <div class='ocr_carea' id='block_1_25' title="bbox 235 2210 1916 2286">
    <p class='ocr_par' dir='ltr' id='par_1_25' title="bbox 235 2210 1916 2286">
     <span class='ocr_line' id='line_1_25' title="bbox 235 2210 1916 2286; baseline 0.004 -22"><span class='ocrx_word' id='word_1_175' title='bbox 235 2210 470 2266; x_wconf 85' lang='grc' dir='ltr'>θάνατον</span> <span class='ocrx_word' id='word_1_176' title='bbox 503 2213 824 2281; x_wconf 86' lang='grc' dir='ltr'>ἀπάγουσαν</span> <span class='ocrx_word' id='word_1_177' title='bbox 861 2213 890 2254; x_wconf 75' lang='grc' dir='ltr'>ιι</span> <span class='ocrx_word' id='word_1_178' title='bbox 933 2214 1150 2278; x_wconf 89' lang='grc' dir='ltr'>πάντως</span> <span class='ocrx_word' id='word_1_179' title='bbox 1175 2213 1384 2285; x_wconf 83' lang='grc' dir='ltr'>δέχεται</span> <span class='ocrx_word' id='word_1_180' title='bbox 1405 2231 1418 2245; x_wconf 90' lang='grc'><strong>·</strong></span> <span class='ocrx_word' id='word_1_181' title='bbox 1457 2216 1552 2268; x_wconf 80' lang='grc' dir='ltr'>ἐπὶ</span> <span class='ocrx_word' id='word_1_182' title='bbox 1592 2215 1650 2268; x_wconf 84' lang='grc' dir='ltr'>δὲ</span> <span class='ocrx_word' id='word_1_183' title='bbox 1681 2216 1775 2270; x_wconf 87' lang='grc' dir='ltr'>τοῦ</span> <span class='ocrx_word' id='word_1_184' title='bbox 1805 2218 1916 2286; x_wconf 79' lang='grc' dir='ltr'>φιλο</span> 
     </span>
    </p>
   </div>
   <div class='ocr_carea' id='block_1_26' title="bbox 235 2297 1912 2376">
    <p class='ocr_par' dir='ltr' id='par_1_26' title="bbox 235 2297 1912 2376">
     <span class='ocr_line' id='line_1_26' title="bbox 235 2297 1912 2376; baseline 0.004 -24"><span class='ocrx_word' id='word_1_185' title='bbox 235 2299 528 2370; x_wconf 80' lang='grc' dir='ltr'>ανθρώπου</span> <span class='ocrx_word' id='word_1_186' title='bbox 568 2300 704 2354; x_wconf 89' lang='grc' dir='ltr'>Θεοῦ</span> <span class='ocrx_word' id='word_1_187' title='bbox 753 2297 848 2354; x_wconf 77' lang='grc' dir='ltr'>καὶ</span> <span class='ocrx_word' id='word_1_188' title='bbox 881 2300 976 2354; x_wconf 88' lang='grc' dir='ltr'>τοῦ</span> <span class='ocrx_word' id='word_1_189' title='bbox 1023 2302 1206 2374; x_wconf 88' lang='grc' dir='ltr'>ἰατροῦ</span> <span class='ocrx_word' id='word_1_190' title='bbox 1259 2302 1366 2356; x_wconf 90' lang='grc' dir='ltr'>τῶν</span> <span class='ocrx_word' id='word_1_191' title='bbox 1406 2303 1686 2374; x_wconf 79' lang='grc' dir='ltr'>ἡμετέρων</span> <span class='ocrx_word' id='word_1_192' title='bbox 1726 2305 1912 2376; x_wconf 72' lang='grc' dir='ltr'>ψυχῶν</span> 
     </span>
    </p>
   </div>
   <div class='ocr_carea' id='block_1_27' title="bbox 235 2388 1912 2464">
    <p class='ocr_par' dir='ltr' id='par_1_27' title="bbox 235 2388 1912 2464">
     <span class='ocr_line' id='line_1_27' title="bbox 235 2388 1912 2464; baseline 0.002 -22"><span class='ocrx_word' id='word_1_193' title='bbox 235 2389 448 2456; x_wconf 69' lang='grc' dir='ltr'>ἄφατός</span> <span class='ocrx_word' id='word_1_194' title='bbox 485 2390 520 2459; x_wconf 85' lang='grc' dir='ltr'><strong>ἡ</strong></span> <span class='ocrx_word' id='word_1_195' title='bbox 554 2389 842 2460; x_wconf 86' lang='grc' dir='ltr'>ἀγαθότης,</span> <span class='ocrx_word' id='word_1_196' title='bbox 889 2389 984 2442; x_wconf 76' lang='grc' dir='ltr'>καὶ</span> <span class='ocrx_word' id='word_1_197' title='bbox 1030 2388 1206 2443; x_wconf 86' lang='grc' dir='ltr'>πάντα</span> <span class='ocrx_word' id='word_1_198' title='bbox 1261 2389 1417 2458; x_wconf 90' lang='grc' dir='ltr'>λόγον</span> <span class='ocrx_word' id='word_1_199' title='bbox 1453 2390 1850 2462; x_wconf 77' lang='grc' dir='ltr'>ὑπερϐαίνουσα</span> <span class='ocrx_word' id='word_1_200' title='bbox 1879 2395 1912 2464; x_wconf 84' lang='grc' dir='ltr'>ὴ</span> 
     </span>
    </p>
   </div>
   <div class='ocr_carea' id='block_1_28' title="bbox 237 2473 1915 2550">
    <p class='ocr_par' dir='ltr' id='par_1_28' title="bbox 237 2473 1915 2550">
     <span class='ocr_line' id='line_1_28' title="bbox 237 2473 1915 2550; baseline 0 -21"><span class='ocrx_word' id='word_1_201' title='bbox 237 2473 542 2545; x_wconf 71' lang='grc' dir='ltr'>φιλοτιμία.</span> <span class='ocrx_word' id='word_1_202' title='bbox 576 2475 702 2530; x_wconf 76' lang='grc' dir='ltr'>Ἐάν</span> <span class='ocrx_word' id='word_1_203' title='bbox 730 2477 838 2548; x_wconf 85' lang='grc' dir='ltr'>γάρ</span> <span class='ocrx_word' id='word_1_204' title='bbox 869 2475 1230 2546; x_wconf 89' lang='grc' dir='ltr'>προλαϐόντες</span> <span class='ocrx_word' id='word_1_205' title='bbox 1256 2477 1344 2530; x_wconf 80' lang='grc' dir='ltr'>τὸν</span> <span class='ocrx_word' id='word_1_206' title='bbox 1371 2477 1637 2530; x_wconf 83' lang='grc' dir='ltr'>ἀντίδικον</span> <span class='ocrx_word' id='word_1_207' title='bbox 1667 2477 1756 2532; x_wconf 80' lang='grc' dir='ltr'>τὸν</span> <span class='ocrx_word' id='word_1_208' title='bbox 1779 2478 1915 2550; x_wconf 84' lang='grc' dir='ltr'>ήμέ-</span> 
     </span>
    </p>
   </div>
   <div class='ocr_carea' id='block_1_29' title="bbox 235 2561 1912 2638">
    <p class='ocr_par' dir='ltr' id='par_1_29' title="bbox 235 2561 1912 2638">
     <span class='ocr_line' id='line_1_29' title="bbox 235 2561 1912 2638; baseline 0.006 -26"><span class='ocrx_word' id='word_1_209' title='bbox 235 2574 416 2632; x_wconf 81' lang='grc' dir='ltr'>τερον,</span> <span class='ocrx_word' id='word_1_210' title='bbox 447 2563 542 2616; x_wconf 76' lang='grc' dir='ltr'>τὸν</span> <span class='ocrx_word' id='word_1_211' title='bbox 571 2561 816 2616; x_wconf 88' lang='grc' dir='ltr'>διάϐολον</span> <span class='ocrx_word' id='word_1_212' title='bbox 851 2561 1014 2632; x_wconf 85' lang='grc' dir='ltr'>λέγω,</span> <span class='ocrx_word' id='word_1_213' title='bbox 1037 2563 1128 2616; x_wconf 87' lang='grc' dir='ltr'>τὸν</span> <span class='ocrx_word' id='word_1_214' title='bbox 1161 2567 1220 2617; x_wconf 83' lang='grc' dir='ltr'>ἐν</span> <span class='ocrx_word' id='word_1_215' title='bbox 1257 2565 1438 2637; x_wconf 81' lang='grc' dir='ltr'>ἐκείνῃ</span> <span class='ocrx_word' id='word_1_216' title='bbox 1465 2569 1532 2636; x_wconf 79' lang='grc' dir='ltr'>τῇ</span> <span class='ocrx_word' id='word_1_217' title='bbox 1557 2565 1740 2638; x_wconf 74' lang='grc' dir='ltr'>ἡμέρᾳ</span> <span class='ocrx_word' id='word_1_218' title='bbox 1772 2569 1912 2622; x_wconf 85' lang='grc' dir='ltr'>κατά</span> 
     </span>
    </p>
   </div>
   <div class='ocr_carea' id='block_1_30' title="bbox 237 2648 1910 2727">
    <p class='ocr_par' dir='ltr' id='par_1_30' title="bbox 237 2648 1910 2727">
     <span class='ocr_line' id='line_1_30' title="bbox 237 2648 1910 2727; baseline 0.005 -28"><span class='ocrx_word' id='word_1_219' title='bbox 237 2648 534 2718; x_wconf 81' lang='grc' dir='ltr'>πρόσωπον</span> <span class='ocrx_word' id='word_1_220' title='bbox 557 2649 714 2720; x_wconf 85' lang='grc' dir='ltr'>ήμῶν</span> <span class='ocrx_word' id='word_1_221' title='bbox 745 2649 1050 2720; x_wconf 74' lang='grc' dir='ltr'>ἱστάμενον,</span> <span class='ocrx_word' id='word_1_222' title='bbox 1077 2651 1172 2706; x_wconf 75' lang='grc' dir='ltr'>καὶ</span> <span class='ocrx_word' id='word_1_223' title='bbox 1211 2651 1314 2722; x_wconf 81' lang='grc' dir='ltr'>ήδη</span> <span class='ocrx_word' id='word_1_224' title='bbox 1345 2655 1403 2707; x_wconf 84' lang='grc' dir='ltr'>ἐν</span> <span class='ocrx_word' id='word_1_225' title='bbox 1428 2653 1506 2724; x_wconf 79' lang='grc' dir='ltr'>τῷ</span> <span class='ocrx_word' id='word_1_226' title='bbox 1537 2655 1762 2727; x_wconf 84' lang='grc' dir='ltr'>παρόντι</span> <span class='ocrx_word' id='word_1_227' title='bbox 1789 2655 1910 2727; x_wconf 84' lang='grc' dir='ltr'>βίῳ,</span> 
     </span>
    </p>
   </div>
   <div class='ocr_carea' id='block_1_31' title="bbox 235 2734 1912 2814">
    <p class='ocr_par' dir='ltr' id='par_1_31' title="bbox 235 2734 1912 2814">
     <span class='ocr_line' id='line_1_31' title="bbox 235 2734 1912 2814; baseline 0.007 -27"><span class='ocrx_word' id='word_1_228' title='bbox 235 2734 345 2805; x_wconf 81' lang='grc' dir='ltr'>πρὸ</span> <span class='ocrx_word' id='word_1_229' title='bbox 377 2737 480 2806; x_wconf 82' lang='grc' dir='ltr'>τῆς</span> <span class='ocrx_word' id='word_1_230' title='bbox 519 2739 598 2799; x_wconf 85' lang='grc' dir='ltr'>είς</span> <span class='ocrx_word' id='word_1_231' title='bbox 633 2737 696 2791; x_wconf 87' lang='grc' dir='ltr'>τὸ</span> <span class='ocrx_word' id='word_1_232' title='bbox 738 2737 1085 2809; x_wconf 90' lang='grc' dir='ltr'>δικαστήριον</span> <span class='ocrx_word' id='word_1_233' title='bbox 1126 2737 1351 2803; x_wconf 85' lang='grc' dir='ltr'>εἰσόδου,</span> <span class='ocrx_word' id='word_1_234' title='bbox 1394 2741 1814 2814; x_wconf 84' lang='grc' dir='ltr'>ὁμολογήσωμεν</span> <span class='ocrx_word' id='word_1_235' title='bbox 1843 2745 1912 2798; x_wconf 81' lang='grc' dir='ltr'>τά</span> 
     </span>
    </p>
   </div>
   <div class='ocr_carea' id='block_1_32' title="bbox 235 2819 1912 2900">
    <p class='ocr_par' dir='ltr' id='par_1_32' title="bbox 235 2819 1912 2900">
     <span class='ocr_line' id='line_1_32' title="bbox 235 2819 1912 2900; baseline 0.005 -26"><span class='ocrx_word' id='word_1_236' title='bbox 235 2819 642 2894; x_wconf 80' lang='grc' dir='ltr'>πεπραγμένα,</span> <span class='ocrx_word' id='word_1_237' title='bbox 683 2825 780 2878; x_wconf 81' lang='grc' dir='ltr'>καὶ</span> <span class='ocrx_word' id='word_1_238' title='bbox 836 2824 935 2896; x_wconf 80' lang='grc' dir='ltr'>τὴν</span> <span class='ocrx_word' id='word_1_239' title='bbox 980 2825 1351 2897; x_wconf 85' lang='grc' dir='ltr'>πρωτολογίαν</span> <span class='ocrx_word' id='word_1_240' title='bbox 1403 2829 1736 2900; x_wconf 87' lang='grc' dir='ltr'>ἀρπάσωμεν</span> <span class='ocrx_word' id='word_1_241' title='bbox 1757 2869 1772 2895; x_wconf 91' lang='grc'>,</span> <span class='ocrx_word' id='word_1_242' title='bbox 1817 2831 1912 2884; x_wconf 79' lang='grc' dir='ltr'>καὶ</span> 
     </span>
    </p>
   </div>
   <div class='ocr_carea' id='block_1_33' title="bbox 235 2903 1912 2985">
    <p class='ocr_par' dir='ltr' id='par_1_33' title="bbox 235 2903 1912 2985">
     <span class='ocr_line' id='line_1_33' title="bbox 235 2903 1912 2985; baseline 0.005 -27"><span class='ocrx_word' id='word_1_243' title='bbox 235 2905 396 2958; x_wconf 75' lang='grc' dir='ltr'>αὐτοὶ</span> <span class='ocrx_word' id='word_1_244' title='bbox 435 2903 646 2960; x_wconf 85' lang='grc' dir='ltr'>ἐαυτῶν</span> <span class='ocrx_word' id='word_1_245' title='bbox 684 2909 980 2979; x_wconf 87' lang='grc' dir='ltr'>κατήγοροι</span> <span class='ocrx_word' id='word_1_246' title='bbox 1026 2909 1334 2980; x_wconf 88' lang='grc' dir='ltr'>γενώμεθα,</span> <span class='ocrx_word' id='word_1_247' title='bbox 1382 2913 1463 2976; x_wconf 88' lang='grc' dir='ltr'>είς</span> <span class='ocrx_word' id='word_1_248' title='bbox 1507 2913 1770 2985; x_wconf 84' lang='grc' dir='ltr'>τοσαύτην</span> <span class='ocrx_word' id='word_1_249' title='bbox 1794 2914 1912 2984; x_wconf 84' lang='grc' dir='ltr'>φιλ-</span> 
     </span>
    </p>
   </div>
   <div class='ocr_carea' id='block_1_34' title="bbox 235 2993 1911 3073">
    <p class='ocr_par' dir='ltr' id='par_1_34' title="bbox 235 2993 1911 3073">
     <span class='ocr_line' id='line_1_34' title="bbox 235 2993 1911 3073; baseline 0.007 -27"><span class='ocrx_word' id='word_1_250' title='bbox 235 2993 557 3064; x_wconf 84' lang='grc' dir='ltr'>ανθρωπίαν</span> <span class='ocrx_word' id='word_1_251' title='bbox 600 2995 1005 3066; x_wconf 85' lang='grc' dir='ltr'>ἐκκαλεσόμεθα</span> <span class='ocrx_word' id='word_1_252' title='bbox 1047 2997 1138 3050; x_wconf 88' lang='grc' dir='ltr'>τὸν</span> <span class='ocrx_word' id='word_1_253' title='bbox 1191 2997 1484 3071; x_wconf 83' lang='grc' dir='ltr'>Δεσπότην,</span> <span class='ocrx_word' id='word_1_254' title='bbox 1515 3000 1592 3066; x_wconf 85' lang='grc' dir='ltr'>ὡς</span> <span class='ocrx_word' id='word_1_255' title='bbox 1641 3002 1716 3073; x_wconf 84' lang='grc' dir='ltr'>μὴ</span> <span class='ocrx_word' id='word_1_256' title='bbox 1752 3003 1911 3072; x_wconf 87' lang='grc' dir='ltr'>μόνον</span> 
     </span>
    </p>
   </div>
   <div class='ocr_carea' id='block_1_35' title="bbox 235 3083 1908 3161">
    <p class='ocr_par' dir='ltr' id='par_1_35' title="bbox 235 3083 1908 3161">
     <span class='ocr_line' id='line_1_35' title="bbox 235 3083 1908 3161; baseline 0.007 -28"><span class='ocrx_word' id='word_1_257' title='bbox 235 3083 338 3154; x_wconf 84' lang='grc' dir='ltr'>τήν</span> <span class='ocrx_word' id='word_1_258' title='bbox 382 3083 696 3155; x_wconf 82' lang='grc' dir='ltr'>ἐλευθερίαν</span> <span class='ocrx_word' id='word_1_259' title='bbox 751 3086 860 3139; x_wconf 90' lang='grc' dir='ltr'>τῶν</span> <span class='ocrx_word' id='word_1_260' title='bbox 907 3087 1312 3158; x_wconf 78' lang='grc' dir='ltr'>ἡμαρτημένων</span> <span class='ocrx_word' id='word_1_261' title='bbox 1349 3091 1482 3158; x_wconf 81' lang='grc' dir='ltr'>ἡμῖν</span> <span class='ocrx_word' id='word_1_262' title='bbox 1528 3089 1908 3161; x_wconf 81' lang='grc' dir='ltr'>δωρήσασθαι,</span> 
     </span>
    </p>
   </div>
   <div class='ocr_carea' id='block_1_36' title="bbox 237 3170 1913 3250">
    <p class='ocr_par' dir='ltr' id='par_1_36' title="bbox 237 3170 1913 3250">
     <span class='ocr_line' id='line_1_36' title="bbox 237 3170 1913 3250; baseline 0.006 -27"><span class='ocrx_word' id='word_1_263' title='bbox 237 3170 376 3224; x_wconf 84' lang='grc' dir='ltr'>ἀλλά</span> <span class='ocrx_word' id='word_1_264' title='bbox 427 3173 522 3224; x_wconf 76' lang='grc' dir='ltr'>καὶ</span> <span class='ocrx_word' id='word_1_265' title='bbox 555 3173 634 3236; x_wconf 83' lang='grc' dir='ltr'>είς</span> <span class='ocrx_word' id='word_1_266' title='bbox 668 3173 761 3226; x_wconf 83' lang='grc' dir='ltr'>τὸν</span> <span class='ocrx_word' id='word_1_267' title='bbox 804 3175 910 3228; x_wconf 87' lang='grc' dir='ltr'>τῶν</span> <span class='ocrx_word' id='word_1_268' title='bbox 936 3173 1158 3228; x_wconf 87' lang='grc' dir='ltr'>δικαίων</span> <span class='ocrx_word' id='word_1_269' title='bbox 1183 3175 1480 3245; x_wconf 86' lang='grc' dir='ltr'>κατάλογον</span> <span class='ocrx_word' id='word_1_270' title='bbox 1513 3178 1660 3248; x_wconf 84' lang='grc' dir='ltr'>ήμᾶς</span> <span class='ocrx_word' id='word_1_271' title='bbox 1693 3197 1913 3250; x_wconf 87' lang='grc' dir='ltr'>καταρι-</span> 
     </span>
    </p>
   </div>
   <div class='ocr_carea' id='block_1_37' title="bbox 237 3256 1908 3338">
    <p class='ocr_par' dir='ltr' id='par_1_37' title="bbox 237 3256 1908 3338">
     <span class='ocr_line' id='line_1_37' title="bbox 237 3256 1908 3338; baseline 0.008 -29"><span class='ocrx_word' id='word_1_272' title='bbox 237 3256 472 3329; x_wconf 85' lang='grc' dir='ltr'>θμῆσαι.</span> <span class='ocrx_word' id='word_1_273' title='bbox 521 3260 582 3314; x_wconf 83' lang='grc' dir='ltr'>Εἰ</span> <span class='ocrx_word' id='word_1_274' title='bbox 612 3259 721 3332; x_wconf 81' lang='grc' dir='ltr'>γὰρ</span> <span class='ocrx_word' id='word_1_275' title='bbox 757 3263 786 3313; x_wconf 87' lang='grc' dir='ltr'>ὁ</span> <span class='ocrx_word' id='word_1_276' title='bbox 825 3261 1016 3332; x_wconf 85' lang='grc' dir='ltr'>Λάμεχ</span> <span class='ocrx_word' id='word_1_277' title='bbox 1046 3256 1219 3328; x_wconf 77' lang='grc' dir='ltr'>οὗτος,</span> <span class='ocrx_word' id='word_1_278' title='bbox 1273 3266 1409 3336; x_wconf 90' lang='grc' dir='ltr'>μήτε</span> <span class='ocrx_word' id='word_1_279' title='bbox 1437 3265 1600 3336; x_wconf 90' lang='grc' dir='ltr'>νόμου</span> <span class='ocrx_word' id='word_1_280' title='bbox 1629 3266 1908 3338; x_wconf 78' lang='grc' dir='ltr'>δεδομένου</span> 
     </span>
    </p>
   </div>
   <div class='ocr_carea' id='block_1_38' title="bbox 233 3345 1908 3423">
    <p class='ocr_par' dir='ltr' id='par_1_38' title="bbox 233 3345 1908 3423">
     <span class='ocr_line' id='line_1_38' title="bbox 233 3345 1908 3423; baseline 0.005 -26"><span class='ocrx_word' id='word_1_281' title='bbox 233 3346 332 3398; x_wconf 88' lang='grc' dir='ltr'>τοῦ</span> <span class='ocrx_word' id='word_1_282' title='bbox 379 3345 656 3400; x_wconf 85' lang='grc' dir='ltr'>διδάσκειν</span> <span class='ocrx_word' id='word_1_283' title='bbox 705 3346 1004 3418; x_wconf 83' lang='grc' dir='ltr'>δυναμένου</span> <span class='ocrx_word' id='word_1_284' title='bbox 1027 3388 1040 3410; x_wconf 90' lang='grc'>,</span> <span class='ocrx_word' id='word_1_285' title='bbox 1111 3351 1246 3422; x_wconf 81' lang='grc' dir='ltr'>μήτε</span> <span class='ocrx_word' id='word_1_286' title='bbox 1295 3351 1588 3423; x_wconf 62' lang='grc' dir='ltr'>προφητῶν</span> <span class='ocrx_word' id='word_1_287' title='bbox 1636 3354 1908 3419; x_wconf 87' lang='grc' dir='ltr'>ἀκούσας,</span> 
     </span>
    </p>
   </div>
   <div class='ocr_carea' id='block_1_39' title="bbox 237 3434 1908 3514">
    <p class='ocr_par' dir='ltr' id='par_1_39' title="bbox 237 3434 1908 3514">
     <span class='ocr_line' id='line_1_39' title="bbox 237 3434 1908 3514; baseline 0.005 -29"><span class='ocrx_word' id='word_1_288' title='bbox 237 3434 377 3503; x_wconf 88' lang='grc' dir='ltr'>μήτε</span> <span class='ocrx_word' id='word_1_289' title='bbox 403 3435 596 3505; x_wconf 85' lang='grc' dir='ltr'>ἐτέρας</span> <span class='ocrx_word' id='word_1_290' title='bbox 627 3434 772 3498; x_wconf 81' lang='grc' dir='ltr'>τινὸς</span> <span class='ocrx_word' id='word_1_291' title='bbox 800 3437 1192 3506; x_wconf 82' lang='grc' dir='ltr'>παραινέσεως,</span> <span class='ocrx_word' id='word_1_292' title='bbox 1214 3437 1324 3491; x_wconf 71' lang='grc' dir='ltr'>ἀπὸ</span> <span class='ocrx_word' id='word_1_293' title='bbox 1368 3440 1460 3492; x_wconf 87' lang='grc' dir='ltr'>τοῦ</span> <span class='ocrx_word' id='word_1_294' title='bbox 1504 3441 1820 3512; x_wconf 80' lang='grc' dir='ltr'>ἐγκειμένου</span> <span class='ocrx_word' id='word_1_295' title='bbox 1841 3446 1908 3514; x_wconf 81' lang='grc' dir='ltr'>τῇ</span> 
     </span>
    </p>
   </div>
   <div class='ocr_carea' id='block_1_40' title="bbox 235 3521 1909 3598">
    <p class='ocr_par' dir='ltr' id='par_1_40' title="bbox 235 3521 1909 3598">
     <span class='ocr_line' id='line_1_40' title="bbox 235 3521 1909 3598; baseline 0.007 -26"><span class='ocrx_word' id='word_1_296' title='bbox 235 3521 400 3588; x_wconf 69' lang='grc' dir='ltr'>φύσει</span> <span class='ocrx_word' id='word_1_297' title='bbox 429 3521 715 3594; x_wconf 79' lang='grc' dir='ltr'>κριτηρίου</span> <span class='ocrx_word' id='word_1_298' title='bbox 741 3521 994 3588; x_wconf 86' lang='grc' dir='ltr'>συνειδὼς</span> <span class='ocrx_word' id='word_1_299' title='bbox 1029 3523 1170 3596; x_wconf 77' lang='grc' dir='ltr'>ἅπερ</span> <span class='ocrx_word' id='word_1_300' title='bbox 1203 3525 1487 3597; x_wconf 85' lang='grc' dir='ltr'>ἐτόλμησε,</span> <span class='ocrx_word' id='word_1_301' title='bbox 1521 3531 1613 3582; x_wconf 77' lang='grc' dir='ltr'>καὶ</span> <span class='ocrx_word' id='word_1_302' title='bbox 1642 3532 1718 3594; x_wconf 89' lang='grc' dir='ltr'>είς</span> <span class='ocrx_word' id='word_1_303' title='bbox 1747 3531 1909 3598; x_wconf 80' lang='grc' dir='ltr'>μέσον</span> 
     </span>
    </p>
   </div>
   <div class='ocr_carea' id='block_1_41' title="bbox 234 3605 1910 3686">
    <p class='ocr_par' dir='ltr' id='par_1_41' title="bbox 234 3605 1910 3686">
     <span class='ocr_line' id='line_1_41' title="bbox 234 3605 1910 3686; baseline 0.004 -24"><span class='ocrx_word' id='word_1_304' title='bbox 234 3605 416 3678; x_wconf 78' lang='grc' dir='ltr'>ἧγαγε</span> <span class='ocrx_word' id='word_1_305' title='bbox 451 3609 522 3662; x_wconf 82' lang='grc' dir='ltr'>τά</span> <span class='ocrx_word' id='word_1_306' title='bbox 557 3610 911 3678; x_wconf 79' lang='grc' dir='ltr'>εἰργασμένα,</span> <span class='ocrx_word' id='word_1_307' title='bbox 951 3612 1044 3664; x_wconf 77' lang='grc' dir='ltr'>καὶ</span> <span class='ocrx_word' id='word_1_308' title='bbox 1083 3613 1275 3665; x_wconf 88' lang='grc' dir='ltr'>ἐαυτοῦ</span> <span class='ocrx_word' id='word_1_309' title='bbox 1318 3615 1752 3686; x_wconf 53' lang='grc' dir='ltr'>κατεψηφίσατο·</span> <span class='ocrx_word' id='word_1_310' title='bbox 1792 3617 1910 3680; x_wconf 86' lang='grc' dir='ltr'>πῶς</span> 
     </span>
    </p>
   </div>
   <div class='ocr_carea' id='block_1_42' title="bbox 235 3697 1910 3774">
    <p class='ocr_par' dir='ltr' id='par_1_42' title="bbox 235 3697 1910 3774">
     <span class='ocr_line' id='line_1_42' title="bbox 235 3697 1910 3774; baseline 0.007 -26"><span class='ocrx_word' id='word_1_311' title='bbox 235 3697 402 3768; x_wconf 70' lang='grc' dir='ltr'>ἡμεῖς</span> <span class='ocrx_word' id='word_1_312' title='bbox 429 3697 770 3767; x_wconf 86' lang='grc' dir='ltr'>δυνησόμεθα</span> <span class='ocrx_word' id='word_1_313' title='bbox 795 3699 1088 3767; x_wconf 84' lang='grc' dir='ltr'>ἀπολογίας</span> <span class='ocrx_word' id='word_1_314' title='bbox 1131 3701 1275 3764; x_wconf 83' lang='grc' dir='ltr'>τινὸς</span> <span class='ocrx_word' id='word_1_315' title='bbox 1308 3705 1488 3771; x_wconf 84' lang='grc' dir='ltr'>τυχεῖν</span> <span class='ocrx_word' id='word_1_316' title='bbox 1518 3703 1592 3774; x_wconf 86' lang='grc' dir='ltr'>μὴ</span> <span class='ocrx_word' id='word_1_317' title='bbox 1639 3704 1778 3758; x_wconf 83' lang='grc' dir='ltr'>κατά</span> <span class='ocrx_word' id='word_1_318' title='bbox 1807 3705 1910 3758; x_wconf 68' lang='grc' dir='ltr'>πάι</span> 
     </span>
    </p>
   </div>
   <div class='ocr_carea' id='block_1_43' title="bbox 237 3784 1910 3862">
    <p class='ocr_par' dir='ltr' id='par_1_43' title="bbox 237 3784 1910 3862">
     <span class='ocr_line' id='line_1_43' title="bbox 237 3784 1910 3862; baseline 0.005 -27"><span class='ocrx_word' id='word_1_319' title='bbox 237 3801 338 3855; x_wconf 75' lang='grc' dir='ltr'>σης</span> <span class='ocrx_word' id='word_1_320' title='bbox 375 3785 612 3854; x_wconf 81' lang='grc' dir='ltr'>σπουδῆς</span> <span class='ocrx_word' id='word_1_321' title='bbox 666 3784 736 3838; x_wconf 84' lang='grc' dir='ltr'>τά</span> <span class='ocrx_word' id='word_1_322' title='bbox 779 3787 1020 3857; x_wconf 84' lang='grc' dir='ltr'>ήμέτερα</span> <span class='ocrx_word' id='word_1_323' title='bbox 1068 3787 1356 3858; x_wconf 86' lang='grc' dir='ltr'>τραύματα</span> <span class='ocrx_word' id='word_1_324' title='bbox 1395 3790 1788 3854; x_wconf 75' lang='grc' dir='ltr'>ἐπιδεικνύντες</span> <span class='ocrx_word' id='word_1_325' title='bbox 1833 3791 1910 3862; x_wconf 85' lang='grc' dir='ltr'>τῷ</span> 
     </span>
    </p>
   </div>
   <div class='ocr_carea' id='block_1_44' title="bbox 237 3872 1914 3950">
    <p class='ocr_par' dir='ltr' id='par_1_44' title="bbox 237 3872 1914 3950">
     <span class='ocr_line' id='line_1_44' title="bbox 237 3872 1914 3950; baseline 0.004 -25"><span class='ocrx_word' id='word_1_326' title='bbox 237 3872 508 3943; x_wconf 77' lang='grc' dir='ltr'>Δεσπότῃ,</span> <span class='ocrx_word' id='word_1_327' title='bbox 545 3875 638 3925; x_wconf 72' lang='lat' dir='ltr'>xal</span> <span class='ocrx_word' id='word_1_328' title='bbox 671 3874 800 3943; x_wconf 84' lang='grc' dir='ltr'>παρ’</span> <span class='ocrx_word' id='word_1_329' title='bbox 835 3873 997 3926; x_wconf 82' lang='grc' dir='ltr'>αὑτοῦ</span> <span class='ocrx_word' id='word_1_330' title='bbox 1044 3874 1142 3945; x_wconf 83' lang='grc' dir='ltr'>τήν</span> <span class='ocrx_word' id='word_1_331' title='bbox 1189 3876 1392 3929; x_wconf 84' lang='grc' dir='ltr'>τούτων</span> <span class='ocrx_word' id='word_1_332' title='bbox 1427 3877 1667 3948; x_wconf 89' lang='grc' dir='ltr'>ἰατρείαν</span> <span class='ocrx_word' id='word_1_333' title='bbox 1697 3879 1914 3950; x_wconf 85' lang='grc' dir='ltr'>δεχόμε-</span> 
     </span>
    </p>
   </div>
   <div class='ocr_carea' id='block_1_45' title="bbox 234 3957 1908 4036">
    <p class='ocr_par' dir='ltr' id='par_1_45' title="bbox 234 3957 1908 4036">
     <span class='ocr_line' id='line_1_45' title="bbox 234 3957 1908 4036; baseline 0.003 -24"><span class='ocrx_word' id='word_1_334' title='bbox 234 3975 354 4024; x_wconf 87' lang='grc' dir='ltr'>νοι;</span> <span class='ocrx_word' id='word_1_335' title='bbox 384 3959 566 4028; x_wconf 86' lang='grc' dir='ltr'>Ὅπερ</span> <span class='ocrx_word' id='word_1_336' title='bbox 595 3959 644 4010; x_wconf 81' lang='grc' dir='ltr'>εί</span> <span class='ocrx_word' id='word_1_337' title='bbox 674 3958 748 4028; x_wconf 81' lang='grc' dir='ltr'>μὴ</span> <span class='ocrx_word' id='word_1_338' title='bbox 777 3957 872 4012; x_wconf 90' lang='grc' dir='ltr'>νῦν</span> <span class='ocrx_word' id='word_1_339' title='bbox 901 3960 1250 4031; x_wconf 77' lang='grc' dir='ltr'>ποιήσαιμεν,</span> <span class='ocrx_word' id='word_1_340' title='bbox 1284 3963 1373 4016; x_wconf 82' lang='grc' dir='ltr'>ὅτε</span> <span class='ocrx_word' id='word_1_341' title='bbox 1416 3965 1670 4034; x_wconf 83' lang='grc' dir='ltr'>νηστείας</span> <span class='ocrx_word' id='word_1_342' title='bbox 1701 3966 1908 4036; x_wconf 72' lang='grc' dir='ltr'>καιρὸς,</span> 
     </span>
    </p>
   </div>
   <div class='ocr_carea' id='block_1_46' title="bbox 235 4044 1910 4124">
    <p class='ocr_par' dir='ltr' id='par_1_46' title="bbox 235 4044 1910 4124">
     <span class='ocr_line' id='line_1_46' title="bbox 235 4044 1910 4124; baseline 0.004 -26"><span class='ocrx_word' id='word_1_343' title='bbox 235 4044 326 4098; x_wconf 80' lang='grc' dir='ltr'>ὅτε</span> <span class='ocrx_word' id='word_1_344' title='bbox 352 4047 590 4116; x_wconf 80' lang='grc' dir='ltr'>τοσαύτη</span> <span class='ocrx_word' id='word_1_345' title='bbox 632 4045 738 4096; x_wconf 84' lang='grc' dir='ltr'>τῶν</span> <span class='ocrx_word' id='word_1_346' title='bbox 781 4044 1053 4115; x_wconf 84' lang='grc' dir='ltr'>λογισμῶν</span> <span class='ocrx_word' id='word_1_347' title='bbox 1084 4047 1118 4117; x_wconf 87' lang='grc' dir='ltr'>ή</span> <span class='ocrx_word' id='word_1_348' title='bbox 1149 4049 1379 4119; x_wconf 85' lang='grc' dir='ltr'>γαλήνη,</span> <span class='ocrx_word' id='word_1_349' title='bbox 1415 4049 1502 4102; x_wconf 86' lang='grc' dir='ltr'>ὅτε</span> <span class='ocrx_word' id='word_1_350' title='bbox 1542 4053 1690 4103; x_wconf 83' lang='grc' dir='ltr'>πᾶσα</span> <span class='ocrx_word' id='word_1_351' title='bbox 1731 4052 1910 4124; x_wconf 83' lang='grc' dir='ltr'>τρυφὴ</span> 
     </span>
    </p>
   </div>
   <div class='ocr_carea' id='block_1_47' title="bbox 237 4131 1912 4204">
    <p class='ocr_par' dir='ltr' id='par_1_47' title="bbox 237 4131 1912 4204">
     <span class='ocr_line' id='line_1_47' title="bbox 237 4131 1912 4204; baseline 0.006 -20"><span class='ocrx_word' id='word_1_352' title='bbox 237 4131 486 4185; x_wconf 82' lang='grc' dir='ltr'>ἐκποδών</span> <span class='ocrx_word' id='word_1_353' title='bbox 509 4150 524 4163; x_wconf 88' lang='grc'><strong>·</strong></span> <span class='ocrx_word' id='word_1_354' title='bbox 585 4133 716 4185; x_wconf 86' lang='grc' dir='ltr'>πότε</span> <span class='ocrx_word' id='word_1_355' title='bbox 778 4132 1117 4204; x_wconf 83' lang='grc' dir='ltr'>δυνησόμεθα</span> <span class='ocrx_word' id='word_1_356' title='bbox 1172 4136 1254 4198; x_wconf 86' lang='grc' dir='ltr'>εἰς</span> <span class='ocrx_word' id='word_1_357' title='bbox 1306 4135 1512 4190; x_wconf 78' lang='grc' dir='ltr'>ἔννοιαν</span> <span class='ocrx_word' id='word_1_358' title='bbox 1575 4137 1748 4192; x_wconf 82' lang='grc' dir='ltr'>ἐλθεῖν</span> <span class='ocrx_word' id='word_1_359' title='bbox 1804 4139 1912 4194; x_wconf 87' lang='grc' dir='ltr'>τῶν</span> 
     </span>
    </p>
   </div>
   <div class='ocr_carea' id='block_1_48' title="bbox 235 4219 1911 4297">
    <p class='ocr_par' dir='ltr' id='par_1_48' title="bbox 235 4219 1911 4297">
     <span class='ocr_line' id='line_1_48' title="bbox 235 4219 1911 4297; baseline 0.006 -26"><span class='ocrx_word' id='word_1_360' title='bbox 235 4219 370 4289; x_wconf 78' lang='grc' dir='ltr'>ἡμῖν</span> <span class='ocrx_word' id='word_1_361' title='bbox 409 4220 854 4290; x_wconf 82' lang='grc' dir='ltr'>πεπραγμένων;</span> <span class='ocrx_word' id='word_1_362' title='bbox 902 4221 993 4274; x_wconf 82' lang='grc' dir='ltr'>Διὸ</span> <span class='ocrx_word' id='word_1_363' title='bbox 1041 4223 1344 4294; x_wconf 88' lang='grc' dir='ltr'>παρακαλῶ</span> <span class='ocrx_word' id='word_1_364' title='bbox 1399 4225 1628 4278; x_wconf 88' lang='grc' dir='ltr'>πάντοτε</span> <span class='ocrx_word' id='word_1_365' title='bbox 1681 4227 1778 4296; x_wconf 82' lang='grc' dir='ltr'>μὲν</span> <span class='ocrx_word' id='word_1_366' title='bbox 1815 4231 1911 4297; x_wconf 86' lang='grc' dir='ltr'>νή-</span> 
     </span>
    </p>
   </div>
   <div class='ocr_carea' id='block_1_49' title="bbox 237 4307 1914 4384">
    <p class='ocr_par' dir='ltr' id='par_1_49' title="bbox 237 4307 1914 4384">
     <span class='ocr_line' id='line_1_49' title="bbox 237 4307 1914 4384; baseline 0.007 -27"><span class='ocrx_word' id='word_1_367' title='bbox 237 4322 360 4373; x_wconf 73' lang='grc' dir='ltr'>φειν</span> <span class='ocrx_word' id='word_1_368' title='bbox 413 4307 512 4358; x_wconf 73' lang='grc' dir='ltr'>καὶ</span> <span class='ocrx_word' id='word_1_369' title='bbox 562 4307 939 4376; x_wconf 83' lang='grc' dir='ltr'>ἐγρηγορέναι,</span> <span class='ocrx_word' id='word_1_370' title='bbox 977 4309 1071 4362; x_wconf 77' lang='grc' dir='ltr'>καὶ</span> <span class='ocrx_word' id='word_1_371' title='bbox 1117 4310 1219 4382; x_wconf 81' lang='grc' dir='ltr'>τήν</span> <span class='ocrx_word' id='word_1_372' title='bbox 1265 4311 1542 4382; x_wconf 90' lang='grc' dir='ltr'>παροῦσαν</span> <span class='ocrx_word' id='word_1_373' title='bbox 1587 4311 1729 4384; x_wconf 80' lang='grc' dir='ltr'>ζωὴν</span> <span class='ocrx_word' id='word_1_374' title='bbox 1773 4314 1914 4369; x_wconf 77' lang='grc' dir='ltr'>ᾶπα-</span> 
     </span>
    </p>
   </div>
   <div class='ocr_carea' id='block_1_50' title="bbox 239 4393 1911 4472">
    <p class='ocr_par' dir='ltr' id='par_1_50' title="bbox 239 4393 1911 4472">
     <span class='ocr_line' id='line_1_50' title="bbox 239 4393 1911 4472; baseline 0.007 -27"><span class='ocrx_word' id='word_1_375' title='bbox 239 4408 338 4445; x_wconf 88' lang='grc' dir='ltr'>σαν</span> <span class='ocrx_word' id='word_1_376' title='bbox 359 4395 439 4455; x_wconf 86' lang='grc' dir='ltr'>εἰς</span> <span class='ocrx_word' id='word_1_377' title='bbox 467 4393 627 4446; x_wconf 88' lang='grc' dir='ltr'>τοῦτο</span> <span class='ocrx_word' id='word_1_378' title='bbox 653 4394 1056 4466; x_wconf 84' lang='grc' dir='ltr'>καταδαπανᾷν,</span> <span class='ocrx_word' id='word_1_379' title='bbox 1082 4396 1170 4450; x_wconf 84' lang='grc' dir='ltr'>ἵνα</span> <span class='ocrx_word' id='word_1_380' title='bbox 1187 4399 1254 4468; x_wconf 78' lang='grc' dir='ltr'>τῇ</span> <span class='ocrx_word' id='word_1_381' title='bbox 1277 4397 1572 4470; x_wconf 79' lang='grc' dir='ltr'>προσεδρίᾳ</span> <span class='ocrx_word' id='word_1_382' title='bbox 1597 4400 1911 4472; x_wconf 89' lang='grc' dir='ltr'>δυνηθῶμεν</span> 
     </span>
    </p>
   </div>
   <div class='ocr_carea' id='block_1_51' title="bbox 235 4479 1914 4558">
    <p class='ocr_par' dir='ltr' id='par_1_51' title="bbox 235 4479 1914 4558">
     <span class='ocr_line' id='line_1_51' title="bbox 235 4479 1914 4558; baseline 0.005 -25"><span class='ocrx_word' id='word_1_383' title='bbox 235 4479 338 4552; x_wconf 82' lang='grc' dir='ltr'>τήν</span> <span class='ocrx_word' id='word_1_384' title='bbox 359 4481 634 4552; x_wconf 74' lang='grc' dir='ltr'>ἀφόρητον</span> <span class='ocrx_word' id='word_1_385' title='bbox 675 4482 888 4554; x_wconf 84' lang='grc' dir='ltr'>ἐκείνην</span> <span class='ocrx_word' id='word_1_386' title='bbox 935 4484 1154 4538; x_wconf 85' lang='grc' dir='ltr'>κόλασιν</span> <span class='ocrx_word' id='word_1_387' title='bbox 1185 4484 1483 4554; x_wconf 78' lang='grc' dir='ltr'>διαφυγεῖν,</span> <span class='ocrx_word' id='word_1_388' title='bbox 1513 4489 1608 4542; x_wconf 80' lang='grc' dir='ltr'>καὶ</span> <span class='ocrx_word' id='word_1_389' title='bbox 1632 4489 1785 4553; x_wconf 84' lang='grc' dir='ltr'>ἐκτὸς</span> <span class='ocrx_word' id='word_1_390' title='bbox 1820 4507 1914 4558; x_wconf 89' lang='grc' dir='ltr'>γε-</span> 
     </span>
    </p>
   </div>
   <div class='ocr_carea' id='block_1_52' title="bbox 233 4567 1914 4646">
    <p class='ocr_par' dir='ltr' id='par_1_52' title="bbox 233 4567 1914 4646">
     <span class='ocr_line' id='line_1_52' title="bbox 233 4567 1914 4646; baseline 0.005 -24"><span class='ocrx_word' id='word_1_391' title='bbox 233 4567 424 4622; x_wconf 80' lang='grc' dir='ltr'>νέσθαι</span> <span class='ocrx_word' id='word_1_392' title='bbox 471 4567 570 4621; x_wconf 91' lang='grc' dir='ltr'>τοῦ</span> <span class='ocrx_word' id='word_1_393' title='bbox 601 4569 701 4640; x_wconf 83' lang='grc' dir='ltr'>τῆς</span> <span class='ocrx_word' id='word_1_394' title='bbox 745 4569 969 4641; x_wconf 87' lang='grc' dir='ltr'>γεέννης</span> <span class='ocrx_word' id='word_1_395' title='bbox 1012 4573 1202 4643; x_wconf 89' lang='grc' dir='ltr'>πυρός.</span> <span class='ocrx_word' id='word_1_396' title='bbox 1241 4573 1489 4627; x_wconf 78' lang='grc' dir='ltr'>Μάλιστα</span> <span class='ocrx_word' id='word_1_397' title='bbox 1532 4575 1590 4628; x_wconf 85' lang='grc' dir='ltr'>δὲ</span> <span class='ocrx_word' id='word_1_398' title='bbox 1635 4576 1730 4630; x_wconf 88' lang='grc' dir='ltr'>νῦν</span> <span class='ocrx_word' id='word_1_399' title='bbox 1776 4577 1914 4646; x_wconf 84' lang='grc' dir='ltr'>μετά</span> 
     </span>
    </p>
   </div>
   <div class='ocr_carea' id='block_1_53' title="bbox 236 4652 1913 4734">
    <p class='ocr_par' dir='ltr' id='par_1_53' title="bbox 236 4652 1913 4734">
     <span class='ocr_line' id='line_1_53' title="bbox 236 4652 1913 4734; baseline 0.008 -30"><span class='ocrx_word' id='word_1_400' title='bbox 236 4652 482 4718; x_wconf 78' lang='grc' dir='ltr'>πλείονος</span> <span class='ocrx_word' id='word_1_401' title='bbox 514 4653 618 4723; x_wconf 88' lang='grc' dir='ltr'>τῆς</span> <span class='ocrx_word' id='word_1_402' title='bbox 653 4654 889 4724; x_wconf 86' lang='grc' dir='ltr'>σπουδῆς</span> <span class='ocrx_word' id='word_1_403' title='bbox 921 4656 1076 4710; x_wconf 86' lang='grc' dir='ltr'>τοῦτο</span> <span class='ocrx_word' id='word_1_404' title='bbox 1111 4659 1192 4711; x_wconf 87' lang='grc' dir='ltr'>δεῖ</span> <span class='ocrx_word' id='word_1_405' title='bbox 1218 4661 1410 4720; x_wconf 80' lang='grc' dir='ltr'>ποιεῖν,</span> <span class='ocrx_word' id='word_1_406' title='bbox 1442 4661 1530 4714; x_wconf 85' lang='grc' dir='ltr'>ὅτε</span> <span class='ocrx_word' id='word_1_407' title='bbox 1557 4660 1644 4714; x_wconf 78' lang='grc' dir='ltr'>διὰ</span> <span class='ocrx_word' id='word_1_408' title='bbox 1686 4663 1776 4715; x_wconf 82' lang='grc' dir='ltr'>τὸν</span> <span class='ocrx_word' id='word_1_409' title='bbox 1817 4665 1913 4734; x_wconf 87' lang='grc' dir='ltr'>τῆς</span> 
     </span>
    </p>
   </div>
   <div class='ocr_carea' id='block_1_54' title="bbox 233 4741 1912 4818">
    <p class='ocr_par' dir='ltr' id='par_1_54' title="bbox 233 4741 1912 4818">
     <span class='ocr_line' id='line_1_54' title="bbox 233 4741 1912 4818; baseline 0.006 -26"><span class='ocrx_word' id='word_1_410' title='bbox 233 4741 492 4810; x_wconf 80' lang='grc' dir='ltr'>νηστείας</span> <span class='ocrx_word' id='word_1_411' title='bbox 531 4741 722 4814; x_wconf 81' lang='grc' dir='ltr'>καιρὸν</span> <span class='ocrx_word' id='word_1_412' title='bbox 767 4745 860 4796; x_wconf 55' lang='grc' dir='ltr'>καί¹</span> <span class='ocrx_word' id='word_1_413' title='bbox 902 4744 1146 4808; x_wconf 88' lang='grc' dir='ltr'>πλείονος</span> <span class='ocrx_word' id='word_1_414' title='bbox 1189 4745 1283 4798; x_wconf 79' lang='grc' dir='ltr'>καὶ</span> <span class='ocrx_word' id='word_1_415' title='bbox 1324 4748 1576 4818; x_wconf 80' lang='grc' dir='ltr'>συνεχοῦς</span> <span class='ocrx_word' id='word_1_416' title='bbox 1614 4749 1912 4802; x_wconf 78' lang='grc' dir='ltr'>ἀπολαύετε</span> 
     </span>
    </p>
   </div>
   <div class='ocr_carea' id='block_1_55' title="bbox 233 4829 1910 4905">
    <p class='ocr_par' dir='ltr' id='par_1_55' title="bbox 233 4829 1910 4905">
     <span class='ocr_line' id='line_1_55' title="bbox 233 4829 1910 4905; baseline 0.007 -28"><span class='ocrx_word' id='word_1_417' title='bbox 233 4829 340 4898; x_wconf 80' lang='grc' dir='ltr'>τῆς</span> <span class='ocrx_word' id='word_1_418' title='bbox 371 4829 938 4900; x_wconf 75' lang='grc' dir='ltr'>διδασκαλίας.Ἔγνω</span> <span class='ocrx_word' id='word_1_419' title='bbox 956 4831 1041 4894; x_wconf 79' lang='grc' dir='ltr'>δὲ,</span> <span class='ocrx_word' id='word_1_420' title='bbox 1079 4833 1260 4904; x_wconf 76' lang='grc' dir='ltr'>φησὶν,</span> <span class='ocrx_word' id='word_1_421' title='bbox 1281 4834 1452 4902; x_wconf 81' lang='grc' dir='ltr'>Ἀδὰμ</span> <span class='ocrx_word' id='word_1_422' title='bbox 1481 4836 1646 4888; x_wconf 83' lang='grc' dir='ltr'>Εὕαν</span> <span class='ocrx_word' id='word_1_423' title='bbox 1674 4835 1788 4903; x_wconf 82' lang='grc' dir='ltr'>τὴν</span> <span class='ocrx_word' id='word_1_424' title='bbox 1807 4855 1910 4905; x_wconf 76' lang='grc' dir='ltr'>γυ-</span> 
     </span>
    </p>
   </div>
   <div class='ocr_carea' id='block_1_56' title="bbox 234 4915 1914 4986">
    <p class='ocr_par' dir='ltr' id='par_1_56' title="bbox 234 4915 1914 4986">
     <span class='ocr_line' id='line_1_56' title="bbox 234 4915 1914 4986; baseline 0.004 -16"><span class='ocrx_word' id='word_1_425' title='bbox 234 4915 418 4970; x_wconf 73' lang='grc' dir='ltr'>ναῖκα</span> <span class='ocrx_word' id='word_1_426' title='bbox 437 4916 653 4982; x_wconf 80' lang='grc' dir='ltr'>αὐτοῦ,</span> <span class='ocrx_word' id='word_1_427' title='bbox 683 4917 778 4972; x_wconf 74' lang='grc' dir='ltr'>καὶ</span> <span class='ocrx_word' id='word_1_428' title='bbox 806 4919 1206 4974; x_wconf 84' lang='grc' dir='ltr'>συλλαϐοῦσα</span> <span class='ocrx_word' id='word_1_429' title='bbox 1225 4921 1432 4974; x_wconf 76' lang='grc' dir='ltr'>ἔτεκεν</span> <span class='ocrx_word' id='word_1_430' title='bbox 1456 4923 1606 4986; x_wconf 71' lang='grc' dir='ltr'>υἱὸν,</span> <span class='ocrx_word' id='word_1_431' title='bbox 1641 4925 1738 4976; x_wconf 77' lang='grc' dir='ltr'>καὶ</span> <span class='ocrx_word' id='word_1_432' title='bbox 1766 4925 1914 4976; x_wconf 75' lang='grc' dir='ltr'>ἐπω-</span> 
     </span>
    </p>
   </div>
   <div class='ocr_carea' id='block_1_57' title="bbox 235 5003 1914 5078">
    <p class='ocr_par' dir='ltr' id='par_1_57' title="bbox 235 5003 1914 5078">
     <span class='ocr_line' id='line_1_57' title="bbox 235 5003 1914 5078; baseline 0.005 -23"><span class='ocrx_word' id='word_1_433' title='bbox 235 5003 470 5072; x_wconf 82' lang='grc' dir='ltr'>νόμασε</span> <span class='ocrx_word' id='word_1_434' title='bbox 493 5003 564 5056; x_wconf 81' lang='grc' dir='ltr'>τὸ</span> <span class='ocrx_word' id='word_1_435' title='bbox 595 5003 782 5073; x_wconf 75' lang='grc' dir='ltr'>όνομα</span> <span class='ocrx_word' id='word_1_436' title='bbox 807 5005 994 5058; x_wconf 84' lang='grc' dir='ltr'>αὐτοῦ</span> <span class='ocrx_word' id='word_1_437' title='bbox 1023 5006 1168 5074; x_wconf 85' lang='grc' dir='ltr'>Σὴθ,</span> <span class='ocrx_word' id='word_1_438' title='bbox 1199 5007 1487 5078; x_wconf 71' lang='grc' dir='ltr'>λέγουσα·</span> <span class='ocrx_word' id='word_1_439' title='bbox 1517 5011 1914 5078; x_wconf 82' lang='grc' dir='ltr'>Ἐξανέστησε</span> 
     </span>
    </p>
   </div>
   <div class='ocr_carea' id='block_1_58' title="bbox 237 5089 1909 5168">
    <p class='ocr_par' dir='ltr' id='par_1_58' title="bbox 237 5089 1909 5168">
     <span class='ocr_line' id='line_1_58' title="bbox 237 5089 1909 5168; baseline 0.006 -26"><span class='ocrx_word' id='word_1_440' title='bbox 237 5089 350 5158; x_wconf 67' lang='grc' dir='ltr'>γάρ</span> <span class='ocrx_word' id='word_1_441' title='bbox 389 5107 496 5160; x_wconf 83' lang='grc' dir='ltr'>μοι</span> <span class='ocrx_word' id='word_1_442' title='bbox 555 5093 590 5144; x_wconf 83' lang='grc' dir='ltr'>ό</span> <span class='ocrx_word' id='word_1_443' title='bbox 637 5091 780 5157; x_wconf 83' lang='grc' dir='ltr'>Θεὸς</span> <span class='ocrx_word' id='word_1_444' title='bbox 823 5093 1062 5162; x_wconf 75' lang='grc' dir='ltr'>σπέρμα</span> <span class='ocrx_word' id='word_1_445' title='bbox 1100 5094 1304 5162; x_wconf 82' lang='grc' dir='ltr'>ἕτερον</span> <span class='ocrx_word' id='word_1_446' title='bbox 1337 5093 1488 5168; x_wconf 74' lang='grc'>[177]</span> <span class='ocrx_word' id='word_1_447' title='bbox 1531 5098 1662 5150; x_wconf 80' lang='grc' dir='ltr'>ἀντὶ</span> <span class='ocrx_word' id='word_1_448' title='bbox 1709 5099 1909 5162; x_wconf 85' lang='grc' dir='ltr'>Ἀϐελ,</span> 
     </span>
    </p>
   </div>
   <div class='ocr_carea' id='block_1_59' title="bbox 237 5175 1912 5253">
    <p class='ocr_par' dir='ltr' id='par_1_59' title="bbox 237 5175 1912 5253">
     <span class='ocr_line' id='line_1_59' title="bbox 237 5175 1912 5253; baseline 0.003 -23"><span class='ocrx_word' id='word_1_449' title='bbox 237 5175 314 5230; x_wconf 77' lang='grc' dir='ltr'>ὃν</span> <span class='ocrx_word' id='word_1_450' title='bbox 343 5177 662 5231; x_wconf 73' lang='grc' dir='ltr'>ἀπέκτεινε</span> <span class='ocrx_word' id='word_1_451' title='bbox 697 5177 864 5232; x_wconf 82' lang='grc' dir='ltr'>Κὰτν.</span> <span class='ocrx_word' id='word_1_452' title='bbox 895 5179 1066 5250; x_wconf 86' lang='grc' dir='ltr'>Μέχρι</span> <span class='ocrx_word' id='word_1_453' title='bbox 1105 5180 1199 5232; x_wconf 92' lang='grc' dir='ltr'>τοῦ</span> <span class='ocrx_word' id='word_1_454' title='bbox 1229 5181 1416 5252; x_wconf 87' lang='grc' dir='ltr'>Λάμεχ</span> <span class='ocrx_word' id='word_1_455' title='bbox 1441 5183 1540 5253; x_wconf 86' lang='grc' dir='ltr'>τὴν</span> <span class='ocrx_word' id='word_1_456' title='bbox 1568 5183 1912 5251; x_wconf 78' lang='grc' dir='ltr'>γενεαλογίαν</span> 
     </span>
    </p>
   </div>
   <div class='ocr_carea' id='block_1_60' title="bbox 237 5264 1914 5342">
    <p class='ocr_par' dir='ltr' id='par_1_60' title="bbox 237 5264 1914 5342">
     <span class='ocr_line' id='line_1_60' title="bbox 237 5264 1914 5342; baseline 0.005 -26"><span class='ocrx_word' id='word_1_457' title='bbox 237 5266 492 5335; x_wconf 73' lang='grc' dir='ltr'>πήσασα</span> <span class='ocrx_word' id='word_1_458' title='bbox 523 5267 558 5334; x_wconf 90' lang='grc' dir='ltr'>ή</span> <span class='ocrx_word' id='word_1_459' title='bbox 589 5264 709 5318; x_wconf 87' lang='grc' dir='ltr'>θεία</span> <span class='ocrx_word' id='word_1_460' title='bbox 733 5266 940 5337; x_wconf 78' lang='grc' dir='ltr'>Γραφὴ,</span> <span class='ocrx_word' id='word_1_461' title='bbox 980 5268 1251 5338; x_wconf 75' lang='grc' dir='ltr'>ἐπανῆλθε</span> <span class='ocrx_word' id='word_1_462' title='bbox 1297 5270 1456 5324; x_wconf 88' lang='grc' dir='ltr'>πάλιν</span> <span class='ocrx_word' id='word_1_463' title='bbox 1497 5273 1589 5324; x_wconf 80' lang='grc' dir='ltr'>ἐπὶ</span> <span class='ocrx_word' id='word_1_464' title='bbox 1619 5271 1709 5324; x_wconf 84' lang='grc' dir='ltr'>τὸν</span> <span class='ocrx_word' id='word_1_465' title='bbox 1745 5271 1914 5342; x_wconf 84' lang='grc' dir='ltr'>Ἀδὰμ</span> 
     </span>
    </p>
   </div>
   <div class='ocr_carea' id='block_1_61' title="bbox 235 5347 1914 5424">
    <p class='ocr_par' dir='ltr' id='par_1_61' title="bbox 235 5347 1914 5424">
     <span class='ocr_line' id='line_1_61' title="bbox 235 5347 1914 5424; baseline 0.005 -25"><span class='ocrx_word' id='word_1_466' title='bbox 235 5349 334 5400; x_wconf 79' lang='grc' dir='ltr'>καὶ</span> <span class='ocrx_word' id='word_1_467' title='bbox 370 5347 472 5419; x_wconf 81' lang='grc' dir='ltr'>τὴν</span> <span class='ocrx_word' id='word_1_468' title='bbox 515 5351 749 5416; x_wconf 87' lang='grc' dir='ltr'>γυναῖκα</span> <span class='ocrx_word' id='word_1_469' title='bbox 800 5351 986 5414; x_wconf 79' lang='grc' dir='ltr'>αὐτοῦ,</span> <span class='ocrx_word' id='word_1_470' title='bbox 1015 5352 1108 5404; x_wconf 87' lang='grc' dir='ltr'>καί</span> <span class='ocrx_word' id='word_1_471' title='bbox 1154 5369 1348 5422; x_wconf 78' lang='grc' dir='ltr'>φησιν·</span> <span class='ocrx_word' id='word_1_472' title='bbox 1385 5355 1578 5422; x_wconf 77' lang='grc' dir='ltr'>Ἔγνω</span> <span class='ocrx_word' id='word_1_473' title='bbox 1629 5353 1698 5408; x_wconf 82' lang='grc' dir='ltr'>δὲ</span> <span class='ocrx_word' id='word_1_474' title='bbox 1743 5353 1914 5424; x_wconf 79' lang='grc' dir='ltr'>Ἀδὰμ</span> 
     </span>
    </p>
   </div>
   <div class='ocr_carea' id='block_1_62' title="bbox 233 5435 1907 5504">
    <p class='ocr_par' dir='ltr' id='par_1_62' title="bbox 233 5435 1907 5504">
     <span class='ocr_line' id='line_1_62' title="bbox 233 5435 1907 5504; baseline 0.005 -17"><span class='ocrx_word' id='word_1_475' title='bbox 233 5435 353 5500; x_wconf 74' lang='grc' dir='ltr'>τὴν</span> <span class='ocrx_word' id='word_1_476' title='bbox 387 5435 643 5504; x_wconf 74' lang='grc' dir='ltr'>γυναῖκα</span> <span class='ocrx_word' id='word_1_477' title='bbox 687 5437 893 5502; x_wconf 84' lang='grc' dir='ltr'>αὐτοῦ,</span> <span class='ocrx_word' id='word_1_478' title='bbox 939 5437 1036 5489; x_wconf 81' lang='grc' dir='ltr'>καὶ</span> <span class='ocrx_word' id='word_1_479' title='bbox 1085 5439 1482 5493; x_wconf 84' lang='grc' dir='ltr'>συλλαϐοῦσα</span> <span class='ocrx_word' id='word_1_480' title='bbox 1517 5441 1723 5494; x_wconf 83' lang='grc' dir='ltr'>ἔτεκεν</span> <span class='ocrx_word' id='word_1_481' title='bbox 1755 5443 1907 5504; x_wconf 82' lang='grc' dir='ltr'>υίὸν,</span> 
     </span>
    </p>
   </div>
   <div class='ocr_carea' id='block_1_63' title="bbox 235 5522 1909 5598">
    <p class='ocr_par' dir='ltr' id='par_1_63' title="bbox 235 5522 1909 5598">
     <span class='ocr_line' id='line_1_63' title="bbox 235 5522 1909 5598; baseline 0.004 -22"><span class='ocrx_word' id='word_1_482' title='bbox 235 5522 334 5576; x_wconf 79' lang='grc' dir='ltr'>καὶ</span> <span class='ocrx_word' id='word_1_483' title='bbox 385 5523 744 5592; x_wconf 71' lang='grc' dir='ltr'>ἐπωνόμασε</span> <span class='ocrx_word' id='word_1_484' title='bbox 799 5523 864 5578; x_wconf 86' lang='grc' dir='ltr'>τὸ</span> <span class='ocrx_word' id='word_1_485' title='bbox 920 5523 1106 5592; x_wconf 82' lang='grc' dir='ltr'>ὄνομα</span> <span class='ocrx_word' id='word_1_486' title='bbox 1159 5527 1346 5578; x_wconf 82' lang='grc' dir='ltr'>αὑτοῦ</span> <span class='ocrx_word' id='word_1_487' title='bbox 1397 5527 1554 5594; x_wconf 75' lang='grc' dir='ltr'>Σὶιθ,</span> <span class='ocrx_word' id='word_1_488' title='bbox 1605 5528 1872 5598; x_wconf 70' lang='grc' dir='ltr'>λέγουσα</span> <span class='ocrx_word' id='word_1_489' title='bbox 1897 5545 1909 5558; x_wconf 89' lang='grc'><strong>·</strong></span> 
     </span>
    </p>
   </div>
   <div class='ocr_carea' id='block_1_64' title="bbox 245 5609 1914 5683">
    <p class='ocr_par' dir='ltr' id='par_1_64' title="bbox 245 5609 1914 5683">
     <span class='ocr_line' id='line_1_64' title="bbox 245 5609 1914 5683; baseline 0.006 -23"><span class='ocrx_word' id='word_1_490' title='bbox 245 5609 654 5676; x_wconf 80' lang='grc' dir='ltr'>Ἐξανέστησε</span> <span class='ocrx_word' id='word_1_491' title='bbox 706 5609 816 5680; x_wconf 74' lang='grc' dir='ltr'>γάρ</span> <span class='ocrx_word' id='word_1_492' title='bbox 858 5629 958 5680; x_wconf 86' lang='grc' dir='ltr'>μοι</span> <span class='ocrx_word' id='word_1_493' title='bbox 997 5615 1030 5665; x_wconf 83' lang='grc' dir='ltr'><em>ὁ</em></span> <span class='ocrx_word' id='word_1_494' title='bbox 1077 5611 1220 5678; x_wconf 82' lang='grc' dir='ltr'>Θεὸς</span> <span class='ocrx_word' id='word_1_495' title='bbox 1259 5613 1496 5683; x_wconf 82' lang='grc' dir='ltr'>σπέρμα</span> <span class='ocrx_word' id='word_1_496' title='bbox 1545 5615 1749 5682; x_wconf 80' lang='grc' dir='ltr'>ἕτερον</span> <span class='ocrx_word' id='word_1_497' title='bbox 1780 5617 1914 5670; x_wconf 79' lang='grc' dir='ltr'>ἀντὶ</span> 
     </span>
    </p>
   </div>
   <div class='ocr_carea' id='block_1_65' title="bbox 237 5699 1908 5772">
    <p class='ocr_par' dir='ltr' id='par_1_65' title="bbox 237 5699 1908 5772">
     <span class='ocr_line' id='line_1_65' title="bbox 237 5699 1908 5772; baseline 0.004 -20"><span class='ocrx_word' id='word_1_498' title='bbox 237 5699 434 5760; x_wconf 71' lang='grc' dir='ltr'>Ἅϐελ,</span> <span class='ocrx_word' id='word_1_499' title='bbox 461 5699 536 5753; x_wconf 73' lang='grc' dir='ltr'>ὃν</span> <span class='ocrx_word' id='word_1_500' title='bbox 563 5699 876 5753; x_wconf 79' lang='grc' dir='ltr'>ἀπέκτεινε</span> <span class='ocrx_word' id='word_1_501' title='bbox 915 5699 1084 5754; x_wconf 77' lang='grc' dir='ltr'>Κάϊν.</span> <span class='ocrx_word' id='word_1_502' title='bbox 1121 5701 1339 5763; x_wconf 81' lang='grc' dir='ltr'>Ἕτεκε,</span> <span class='ocrx_word' id='word_1_503' title='bbox 1388 5705 1569 5772; x_wconf 78' lang='grc' dir='ltr'>φησὶν,</span> <span class='ocrx_word' id='word_1_504' title='bbox 1609 5707 1762 5768; x_wconf 77' lang='grc' dir='ltr'>υἱόν,</span> <span class='ocrx_word' id='word_1_505' title='bbox 1811 5707 1908 5758; x_wconf 76' lang='grc' dir='ltr'>καὶ</span> 
     </span>
    </p>
   </div>
   <div class='ocr_carea' id='block_1_66' title="bbox 235 5785 1912 5862">
    <p class='ocr_par' dir='ltr' id='par_1_66' title="bbox 235 5785 1912 5862">
     <span class='ocr_line' id='line_1_66' title="bbox 235 5785 1912 5862; baseline 0.006 -26"><span class='ocrx_word' id='word_1_506' title='bbox 235 5785 592 5854; x_wconf 68' lang='grc' dir='ltr'>ἐπωνόμασε</span> <span class='ocrx_word' id='word_1_507' title='bbox 622 5785 690 5838; x_wconf 83' lang='grc' dir='ltr'>τὸ</span> <span class='ocrx_word' id='word_1_508' title='bbox 719 5785 904 5856; x_wconf 82' lang='grc' dir='ltr'>ὄνομα</span> <span class='ocrx_word' id='word_1_509' title='bbox 925 5785 1114 5841; x_wconf 85' lang='grc' dir='ltr'>αὑτοῦ</span> <span class='ocrx_word' id='word_1_510' title='bbox 1143 5789 1294 5853; x_wconf 74' lang='grc' dir='ltr'>Σήθ·</span> <span class='ocrx_word' id='word_1_511' title='bbox 1328 5789 1420 5842; x_wconf 77' lang='grc' dir='ltr'>καὶ</span> <span class='ocrx_word' id='word_1_512' title='bbox 1455 5791 1555 5843; x_wconf 81' lang='grc' dir='ltr'>οὐκ</span> <span class='ocrx_word' id='word_1_513' title='bbox 1585 5791 1912 5862; x_wconf 80' lang='grc' dir='ltr'>ἀρκεσθεῖσα</span> 
     </span>
    </p>
   </div>
   <div class='ocr_carea' id='block_1_67' title="bbox 247 5935 1906 6008">
    <p class='ocr_par' dir='ltr' id='par_1_67' title="bbox 247 5935 1906 6008">
     <span class='ocr_line' id='line_1_67' title="bbox 247 5935 1906 6008; baseline 0.007 -26"><span class='ocrx_word' id='word_1_514' title='bbox 247 5995 264 6006; x_wconf 47' lang='lat'><em>.</em></span> <span class='ocrx_word' id='word_1_515' title='bbox 304 5935 918 6008; x_wconf 43' lang='lat' dir='ltr'>&#39;.ligg._unus_et_(_l.0isl_in</span> <span class='ocrx_word' id='word_1_516' title='bbox 939 5939 1159 6008; x_wconf 64' lang='grc' dir='ltr'>⁵αίτῄςπιις</span> <span class='ocrx_word' id='word_1_517' title='bbox 1196 5941 1282 6008; x_wconf 78' lang='grc' dir='ltr'>τήν</span> <span class='ocrx_word' id='word_1_518' title='bbox 1323 5943 1386 5998; x_wconf 86' lang='grc' dir='ltr'>εἰς</span> <span class='ocrx_word' id='word_1_519' title='bbox 1417 5943 1474 5990; x_wconf 86' lang='grc' dir='ltr'>τὸ</span> <span class='ocrx_word' id='word_1_520' title='bbox 1508 5945 1609 6002; x_wconf 77' lang='grc' dir='ltr'>ἑξῆς</span> <span class='ocrx_word' id='word_1_521' title='bbox 1647 5944 1906 6008; x_wconf 82' lang='grc' dir='ltr'>ἀσφάλειαν</span> 
     </span>
    </p>
   </div>
   <div class='ocr_carea' id='block_1_68' title="bbox 241 5997 1472 6064">
    <p class='ocr_par' dir='ltr' id='par_1_68' title="bbox 241 5997 1472 6064">
     <span class='ocr_line' id='line_1_68' title="bbox 241 5997 1472 6064; baseline 0.007 -21"><span class='ocrx_word' id='word_1_522' title='bbox 241 5997 578 6051; x_wconf 70' lang='grc' dir='ltr'>ἐπιδείξασθαι.</span> <span class='ocrx_word' id='word_1_523' title='bbox 645 5998 674 6037; x_wconf 69' lang='grc' dir='ltr'><strong>Β</strong></span> <span class='ocrx_word' id='word_1_524' title='bbox 702 5997 798 6047; x_wconf 75' lang='lat' dir='ltr'><strong><em>Alii</em></strong></span> <span class='ocrx_word' id='word_1_525' title='bbox 821 6001 906 6055; x_wconf 85' lang='grc' dir='ltr'>τήν</span> <span class='ocrx_word' id='word_1_526' title='bbox 933 6001 1007 6049; x_wconf 80' lang='grc' dir='ltr'>ἐπὶ</span> <span class='ocrx_word' id='word_1_527' title='bbox 1033 6001 1228 6049; x_wconf 82' lang='grc' dir='ltr'>θάνατον</span> <span class='ocrx_word' id='word_1_528' title='bbox 1248 5997 1472 6064; x_wconf 74' lang='grc' dir='ltr'>ἁγουοαν.</span> 
     </span>
    </p>
   </div>
   <div class='ocr_carea' id='block_1_69' title="bbox 641 6084 1278 6149">
    <p class='ocr_par' dir='ltr' id='par_1_69' title="bbox 641 6084 1278 6149">
     <span class='ocr_line' id='line_1_69' title="bbox 641 6084 1278 6149; baseline -0.008 0"><span class='ocrx_word' id='word_1_529' title='bbox 641 6088 906 6149; x_wconf 76' lang='grc' dir='ltr'>ΡΑτιιοι..</span> <span class='ocrx_word' id='word_1_530' title='bbox 955 6084 1071 6145; x_wconf 77' lang='lat' dir='ltr'>Gn.</span> <span class='ocrx_word' id='word_1_531' title='bbox 1123 6085 1278 6146; x_wconf 79' lang='lat' dir='ltr'>LIII.</span> 
     </span>
    </p>
   </div>
   <div class='ocr_carea' id='block_1_70' title="bbox 2020 639 3698 712">
    <p class='ocr_par' dir='ltr' id='par_1_70' title="bbox 2020 639 3698 712">
     <span class='ocr_line' id='line_1_70' title="bbox 2020 639 3698 712; baseline 0.001 -19"><span class='ocrx_word' id='word_1_532' title='bbox 2020 639 2247 696; x_wconf 84' lang='grc' dir='ltr'>ἐκτεινε</span> <span class='ocrx_word' id='word_1_533' title='bbox 2292 641 2464 696; x_wconf 83' lang='grc' dir='ltr'>Κάῖν.</span> <span class='ocrx_word' id='word_1_534' title='bbox 2497 642 2638 712; x_wconf 86' lang='grc' dir='ltr'>Ὅρα</span> <span class='ocrx_word' id='word_1_535' title='bbox 2699 640 2795 694; x_wconf 77' lang='grc' dir='ltr'>καὶ</span> <span class='ocrx_word' id='word_1_536' title='bbox 2841 642 2942 712; x_wconf 80' lang='grc' dir='ltr'>τὴν</span> <span class='ocrx_word' id='word_1_537' title='bbox 2983 642 3212 712; x_wconf 86' lang='grc' dir='ltr'>μητέρα,</span> <span class='ocrx_word' id='word_1_538' title='bbox 3265 643 3412 706; x_wconf 81' lang='grc' dir='ltr'>ὅπως</span> <span class='ocrx_word' id='word_1_539' title='bbox 3457 641 3545 696; x_wconf 77' lang='grc' dir='ltr'>διὰ</span> <span class='ocrx_word' id='word_1_540' title='bbox 3596 641 3698 712; x_wconf 88' lang='grc' dir='ltr'>τῆς</span> 
     </span>
    </p>
   </div>
   <div class='ocr_carea' id='block_1_71' title="bbox 2021 722 3696 796">
    <p class='ocr_par' dir='ltr' id='par_1_71' title="bbox 2021 722 3696 796">
     <span class='ocr_line' id='line_1_71' title="bbox 2021 722 3696 796; baseline 0.002 -21"><span class='ocrx_word' id='word_1_541' title='bbox 2021 723 2392 795; x_wconf 86' lang='grc' dir='ltr'>προσηγορίας</span> <span class='ocrx_word' id='word_1_542' title='bbox 2440 722 2534 776; x_wconf 90' lang='grc' dir='ltr'>τοῦ</span> <span class='ocrx_word' id='word_1_543' title='bbox 2581 723 2862 794; x_wconf 79' lang='grc' dir='ltr'>τεχθέντος</span> <span class='ocrx_word' id='word_1_544' title='bbox 2911 723 3127 778; x_wconf 89' lang='grc' dir='ltr'>παιδίου</span> <span class='ocrx_word' id='word_1_545' title='bbox 3171 725 3270 796; x_wconf 82' lang='grc' dir='ltr'>τήν</span> <span class='ocrx_word' id='word_1_546' title='bbox 3321 729 3541 796; x_wconf 87' lang='grc' dir='ltr'>μνήμην</span> <span class='ocrx_word' id='word_1_547' title='bbox 3595 725 3696 794; x_wconf 89' lang='grc' dir='ltr'>τῆς</span> 
     </span>
    </p>
   </div>
   <div class='ocr_carea' id='block_1_72' title="bbox 2021 805 3697 878">
    <p class='ocr_par' dir='ltr' id='par_1_72' title="bbox 2021 805 3697 878">
     <span class='ocr_line' id='line_1_72' title="bbox 2021 805 3697 878; baseline 0 -18"><span class='ocrx_word' id='word_1_548' title='bbox 2021 805 2263 878; x_wconf 75' lang='grc' dir='ltr'>πονηρᾶς</span> <span class='ocrx_word' id='word_1_549' title='bbox 2309 806 2522 878; x_wconf 76' lang='grc' dir='ltr'>ἐκείνης</span> <span class='ocrx_word' id='word_1_550' title='bbox 2577 806 2828 876; x_wconf 81' lang='grc' dir='ltr'>πράξεως</span> <span class='ocrx_word' id='word_1_551' title='bbox 2877 806 3100 876; x_wconf 83' lang='grc' dir='ltr'>διηνεκῆ</span> <span class='ocrx_word' id='word_1_552' title='bbox 3145 807 3548 873; x_wconf 79' lang='grc' dir='ltr'>ἐναποτίθεται,</span> <span class='ocrx_word' id='word_1_553' title='bbox 3599 809 3697 861; x_wconf 75' lang='grc' dir='ltr'>καὶ</span> 
     </span>
    </p>
   </div>
   <div class='ocr_carea' id='block_1_73' title="bbox 2022 887 3695 960">
    <p class='ocr_par' dir='ltr' id='par_1_73' title="bbox 2022 887 3695 960">
     <span class='ocr_line' id='line_1_73' title="bbox 2022 887 3695 960; baseline 0.004 -20"><span class='ocrx_word' id='word_1_554' title='bbox 2022 887 2108 940; x_wconf 74' lang='grc' dir='ltr'>ἵνα</span> <span class='ocrx_word' id='word_1_555' title='bbox 2143 889 2236 942; x_wconf 74' lang='grc' dir='ltr'>καὶ</span> <span class='ocrx_word' id='word_1_556' title='bbox 2268 890 2316 941; x_wconf 89' lang='grc' dir='ltr'>οί</span> <span class='ocrx_word' id='word_1_557' title='bbox 2345 890 2424 952; x_wconf 85' lang='grc' dir='ltr'>εἱς</span> <span class='ocrx_word' id='word_1_558' title='bbox 2449 890 2546 952; x_wconf 77' lang='grc' dir='ltr'>τάς</span> <span class='ocrx_word' id='word_1_559' title='bbox 2579 888 2706 960; x_wconf 77' lang='grc' dir='ltr'>ἑξῆς</span> <span class='ocrx_word' id='word_1_560' title='bbox 2733 887 2925 958; x_wconf 81' lang='grc' dir='ltr'>γενεὰς</span> <span class='ocrx_word' id='word_1_561' title='bbox 2957 899 2980 928; x_wconf 80' lang='grc' dir='ltr'><strong>ο</strong></span> <span class='ocrx_word' id='word_1_562' title='bbox 3016 889 3216 942; x_wconf 85' lang='grc' dir='ltr'>εἰδέναι</span> <span class='ocrx_word' id='word_1_563' title='bbox 3261 889 3425 959; x_wconf 83' lang='grc' dir='ltr'>ἐχωσι</span> <span class='ocrx_word' id='word_1_564' title='bbox 3467 891 3530 944; x_wconf 81' lang='grc' dir='ltr'>τὸ</span> <span class='ocrx_word' id='word_1_565' title='bbox 3575 892 3695 946; x_wconf 85' lang='grc' dir='ltr'>τολ-</span> 
     </span>
    </p>
   </div>
   <div class='ocr_carea' id='block_1_74' title="bbox 2023 969 3694 1042">
    <p class='ocr_par' dir='ltr' id='par_1_74' title="bbox 2023 969 3694 1042">
     <span class='ocr_line' id='line_1_74' title="bbox 2023 969 3694 1042; baseline 0.002 -18"><span class='ocrx_word' id='word_1_566' title='bbox 2023 969 2192 1042; x_wconf 73' lang='grc' dir='ltr'>μηθὲν</span> <span class='ocrx_word' id='word_1_567' title='bbox 2221 972 2326 1025; x_wconf 83' lang='grc' dir='ltr'>ὑπὸ</span> <span class='ocrx_word' id='word_1_568' title='bbox 2356 971 2448 1025; x_wconf 89' lang='grc' dir='ltr'>τοῦ</span> <span class='ocrx_word' id='word_1_569' title='bbox 2477 971 2628 1036; x_wconf 82' lang='grc' dir='ltr'>Κάῖν,</span> <span class='ocrx_word' id='word_1_570' title='bbox 2653 973 2817 1042; x_wconf 82' lang='grc' dir='ltr'>φησίν</span> <span class='ocrx_word' id='word_1_571' title='bbox 2836 987 2851 1002; x_wconf 83' lang='grc'><em>’</em></span> <span class='ocrx_word' id='word_1_572' title='bbox 2883 973 3040 1028; x_wconf 77' lang='grc' dir='ltr'>Ἀντί</span> <span class='ocrx_word' id='word_1_573' title='bbox 3061 975 3254 1037; x_wconf 76' lang='grc' dir='ltr'>Ἅϐελ,</span> <span class='ocrx_word' id='word_1_574' title='bbox 3281 974 3353 1027; x_wconf 83' lang='grc' dir='ltr'>ὃν</span> <span class='ocrx_word' id='word_1_575' title='bbox 3379 973 3694 1028; x_wconf 77' lang='grc' dir='ltr'>ἀπέκτεινε</span> 
     </span>
    </p>
   </div>
   <div class='ocr_carea' id='block_1_75' title="bbox 2019 1054 3696 1126">
    <p class='ocr_par' dir='ltr' id='par_1_75' title="bbox 2019 1054 3696 1126">
     <span class='ocr_line' id='line_1_75' title="bbox 2019 1054 3696 1126; baseline 0.002 -18"><span class='ocrx_word' id='word_1_576' title='bbox 2019 1054 2190 1112; x_wconf 81' lang='grc' dir='ltr'>Κάΐν.</span> <span class='ocrx_word' id='word_1_577' title='bbox 2239 1055 2606 1126; x_wconf 89' lang='grc' dir='ltr'>Ὀδυνωμένης</span> <span class='ocrx_word' id='word_1_578' title='bbox 2637 1055 2815 1126; x_wconf 74' lang='grc' dir='ltr'>ψυχῆς</span> <span class='ocrx_word' id='word_1_579' title='bbox 2863 1055 2922 1108; x_wconf 78' lang='grc' dir='ltr'>τὸ</span> <span class='ocrx_word' id='word_1_580' title='bbox 2973 1055 3143 1126; x_wconf 76' lang='grc' dir='ltr'>ῥῆμα,</span> <span class='ocrx_word' id='word_1_581' title='bbox 3185 1055 3552 1126; x_wconf 79' lang='grc' dir='ltr'>συγχεομένης</span> <span class='ocrx_word' id='word_1_582' title='bbox 3591 1058 3696 1110; x_wconf 71' lang='grc' dir='ltr'>ὑπ’-δ</span> 
     </span>
    </p>
   </div>
   <div class='ocr_carea' id='block_1_76' title="bbox 2017 1136 3693 1209">
    <p class='ocr_par' dir='ltr' id='par_1_76' title="bbox 2017 1136 3693 1209">
     <span class='ocr_line' id='line_1_76' title="bbox 2017 1136 3693 1209; baseline -0.001 -19"><span class='ocrx_word' id='word_1_583' title='bbox 2017 1137 2118 1208; x_wconf 91' lang='grc' dir='ltr'>τῆς</span> <span class='ocrx_word' id='word_1_584' title='bbox 2151 1139 2370 1208; x_wconf 86' lang='grc' dir='ltr'>μνήμης</span> <span class='ocrx_word' id='word_1_585' title='bbox 2397 1136 2490 1191; x_wconf 89' lang='grc' dir='ltr'>τοῦ</span> <span class='ocrx_word' id='word_1_586' title='bbox 2519 1139 2821 1206; x_wconf 86' lang='grc' dir='ltr'>γεγονότος,</span> <span class='ocrx_word' id='word_1_587' title='bbox 2845 1138 2940 1190; x_wconf 73' lang='grc' dir='ltr'>καὶ</span> <span class='ocrx_word' id='word_1_588' title='bbox 2970 1137 3394 1209; x_wconf 82' lang='grc' dir='ltr'>εὑχαριστούσης</span> <span class='ocrx_word' id='word_1_589' title='bbox 3428 1139 3524 1208; x_wconf 85' lang='grc' dir='ltr'>μὲν</span> <span class='ocrx_word' id='word_1_590' title='bbox 3552 1139 3693 1208; x_wconf 81' lang='grc' dir='ltr'>ὑπὲρ</span> 
     </span>
    </p>
   </div>
   <div class='ocr_carea' id='block_1_77' title="bbox 2015 1219 3691 1291">
    <p class='ocr_par' dir='ltr' id='par_1_77' title="bbox 2015 1219 3691 1291">
     <span class='ocr_line' id='line_1_77' title="bbox 2015 1219 3691 1291; baseline 0.003 -18"><span class='ocrx_word' id='word_1_591' title='bbox 2015 1219 2110 1273; x_wconf 90' lang='grc' dir='ltr'>τοῦ</span> <span class='ocrx_word' id='word_1_592' title='bbox 2139 1219 2435 1290; x_wconf 86' lang='grc' dir='ltr'>τεχθέντος,</span> <span class='ocrx_word' id='word_1_593' title='bbox 2471 1221 2750 1291; x_wconf 78' lang='grc' dir='ltr'>μονονουχὶ</span> <span class='ocrx_word' id='word_1_594' title='bbox 2795 1221 2852 1273; x_wconf 86' lang='grc' dir='ltr'>δέ</span> <span class='ocrx_word' id='word_1_595' title='bbox 2903 1219 3318 1290; x_wconf 85' lang='grc' dir='ltr'>στηλιτευούσης</span> <span class='ocrx_word' id='word_1_596' title='bbox 3358 1223 3564 1276; x_wconf 83' lang='grc' dir='ltr'>ἐκεῖνον</span> <span class='ocrx_word' id='word_1_597' title='bbox 3603 1225 3691 1281; x_wconf 65' lang='grc' dir='ltr'>διὰ</span> 
     </span>
    </p>
   </div>
   <div class='ocr_carea' id='block_1_78' title="bbox 2015 1302 3691 1374">
    <p class='ocr_par' dir='ltr' id='par_1_78' title="bbox 2015 1302 3691 1374">
     <span class='ocr_line' id='line_1_78' title="bbox 2015 1302 3691 1374; baseline 0.002 -18"><span class='ocrx_word' id='word_1_598' title='bbox 2015 1304 2117 1374; x_wconf 88' lang='grc' dir='ltr'>τῆς</span> <span class='ocrx_word' id='word_1_599' title='bbox 2147 1303 2242 1357; x_wconf 85' lang='grc' dir='ltr'>τοῦ</span> <span class='ocrx_word' id='word_1_600' title='bbox 2275 1303 2468 1366; x_wconf 80' lang='grc' dir='ltr'>παιδὸς</span> <span class='ocrx_word' id='word_1_601' title='bbox 2500 1302 2892 1374; x_wconf 84' lang='grc' dir='ltr'>προσηγορίας.</span> <span class='ocrx_word' id='word_1_602' title='bbox 2947 1303 3060 1356; x_wconf 84' lang='lat' dir='ltr'>Kal</span> <span class='ocrx_word' id='word_1_603' title='bbox 3106 1302 3216 1372; x_wconf 74' lang='grc' dir='ltr'>γὰρ</span> <span class='ocrx_word' id='word_1_604' title='bbox 3263 1303 3478 1372; x_wconf 87' lang='grc' dir='ltr'>ἀληθῶς</span> <span class='ocrx_word' id='word_1_605' title='bbox 3523 1309 3586 1358; x_wconf 82' lang='grc' dir='ltr'>οὐ</span> <span class='ocrx_word' id='word_1_606' title='bbox 3629 1309 3691 1360; x_wconf 73' lang='grc' dir='ltr'>τὸ</span> 
     </span>
    </p>
   </div>
   <div class='ocr_carea' id='block_1_79' title="bbox 2015 1385 3688 1458">
    <p class='ocr_par' dir='ltr' id='par_1_79' title="bbox 2015 1385 3688 1458">
     <span class='ocr_line' id='line_1_79' title="bbox 2015 1385 3688 1458; baseline 0.003 -18"><span class='ocrx_word' id='word_1_607' title='bbox 2015 1389 2176 1458; x_wconf 77' lang='grc' dir='ltr'>τυχὸν</span> <span class='ocrx_word' id='word_1_608' title='bbox 2204 1386 2398 1450; x_wconf 72' lang='grc' dir='ltr'>πένθος</span> <span class='ocrx_word' id='word_1_609' title='bbox 2426 1387 2718 1458; x_wconf 75' lang='grc' dir='ltr'>εἰργάσατο</span> <span class='ocrx_word' id='word_1_610' title='bbox 2748 1388 2859 1448; x_wconf 87' lang='grc' dir='ltr'>τοῖς</span> <span class='ocrx_word' id='word_1_611' title='bbox 2886 1385 3123 1455; x_wconf 80' lang='grc' dir='ltr'>γονεῦσι,</span> <span class='ocrx_word' id='word_1_612' title='bbox 3153 1387 3252 1457; x_wconf 85' lang='grc' dir='ltr'>τὴν</span> <span class='ocrx_word' id='word_1_613' title='bbox 3282 1387 3478 1440; x_wconf 79' lang='grc' dir='ltr'>ἑαυτοῦ</span> <span class='ocrx_word' id='word_1_614' title='bbox 3509 1389 3688 1454; x_wconf 73' lang='grc' dir='ltr'>δεξιὰν</span> 
     </span>
    </p>
   </div>
   <div class='ocr_carea' id='block_1_80' title="bbox 2014 1468 3686 1538">
    <p class='ocr_par' dir='ltr' id='par_1_80' title="bbox 2014 1468 3686 1538">
     <span class='ocr_line' id='line_1_80' title="bbox 2014 1468 3686 1538; baseline 0.001 -14"><span class='ocrx_word' id='word_1_615' title='bbox 2014 1471 2240 1535; x_wconf 84' lang='grc' dir='ltr'>ὁπλίσας</span> <span class='ocrx_word' id='word_1_616' title='bbox 2291 1469 2430 1524; x_wconf 84' lang='grc' dir='ltr'>κατά</span> <span class='ocrx_word' id='word_1_617' title='bbox 2469 1469 2561 1523; x_wconf 89' lang='grc' dir='ltr'>τοῦ</span> <span class='ocrx_word' id='word_1_618' title='bbox 2614 1468 2862 1538; x_wconf 87' lang='grc' dir='ltr'>ἀδελφοῦ,</span> <span class='ocrx_word' id='word_1_619' title='bbox 2897 1470 2991 1523; x_wconf 73' lang='grc' dir='ltr'>καὶ</span> <span class='ocrx_word' id='word_1_620' title='bbox 3026 1469 3119 1522; x_wconf 83' lang='grc' dir='ltr'>τὸν</span> <span class='ocrx_word' id='word_1_621' title='bbox 3163 1469 3410 1524; x_wconf 78' lang='grc' dir='ltr'>ποθεινὸν</span> <span class='ocrx_word' id='word_1_622' title='bbox 3454 1472 3547 1524; x_wconf 69' lang='grc' dir='ltr'>καὶ</span> <span class='ocrx_word' id='word_1_623' title='bbox 3593 1475 3686 1527; x_wconf 88' lang='grc' dir='ltr'>ἐπ-</span> 
     </span>
    </p>
   </div>
   <div class='ocr_carea' id='block_1_81' title="bbox 2018 1553 3690 1625">
    <p class='ocr_par' dir='ltr' id='par_1_81' title="bbox 2018 1553 3690 1625">
     <span class='ocr_line' id='line_1_81' title="bbox 2018 1553 3690 1625; baseline 0 -17"><span class='ocrx_word' id='word_1_624' title='bbox 2018 1555 2243 1625; x_wconf 86' lang='grc' dir='ltr'>έραστον</span> <span class='ocrx_word' id='word_1_625' title='bbox 2288 1553 2466 1618; x_wconf 82' lang='grc' dir='ltr'>δείξας</span> <span class='ocrx_word' id='word_1_626' title='bbox 2516 1554 2696 1616; x_wconf 88' lang='grc' dir='ltr'>αὐτοῖς</span> <span class='ocrx_word' id='word_1_627' title='bbox 2743 1554 2916 1623; x_wconf 77' lang='grc' dir='ltr'>χαμαὶ</span> <span class='ocrx_word' id='word_1_628' title='bbox 2960 1553 3307 1624; x_wconf 73' lang='grc' dir='ltr'>ἐρριμμένον,</span> <span class='ocrx_word' id='word_1_629' title='bbox 3359 1555 3548 1625; x_wconf 71' lang='grc' dir='ltr'>νεκρὸν</span> <span class='ocrx_word' id='word_1_630' title='bbox 3594 1556 3690 1608; x_wconf 78' lang='grc' dir='ltr'>καὶ</span> 
     </span>
    </p>
   </div>
   <div class='ocr_carea' id='block_1_82' title="bbox 2013 1635 3686 1708">
    <p class='ocr_par' dir='ltr' id='par_1_82' title="bbox 2013 1635 3686 1708">
     <span class='ocr_line' id='line_1_82' title="bbox 2013 1635 3686 1708; baseline -0.001 -18"><span class='ocrx_word' id='word_1_631' title='bbox 2013 1637 2358 1708; x_wconf 75' lang='grc' dir='ltr'>ἀναίσθητον.</span> <span class='ocrx_word' id='word_1_632' title='bbox 2389 1637 2451 1689; x_wconf 89' lang='grc' dir='ltr'><strong>Εἰ</strong></span> <span class='ocrx_word' id='word_1_633' title='bbox 2479 1635 2588 1707; x_wconf 88' lang='grc' dir='ltr'>γάρ</span> <span class='ocrx_word' id='word_1_634' title='bbox 2619 1635 2716 1690; x_wconf 77' lang='grc' dir='ltr'>καὶ</span> <span class='ocrx_word' id='word_1_635' title='bbox 2754 1635 2816 1688; x_wconf 83' lang='grc' dir='ltr'>τὸ</span> <span class='ocrx_word' id='word_1_636' title='bbox 2861 1635 3134 1704; x_wconf 81' lang='grc' dir='ltr'>ἐπιτίμιον</span> <span class='ocrx_word' id='word_1_637' title='bbox 3179 1635 3396 1702; x_wconf 72' lang='grc' dir='ltr'>ἐδέξατο</span> <span class='ocrx_word' id='word_1_638' title='bbox 3431 1639 3458 1688; x_wconf 87' lang='lat'>0</span> <span class='ocrx_word' id='word_1_639' title='bbox 3495 1637 3686 1704; x_wconf 74' lang='grc' dir='ltr'>Ἀδάμ.</span> 
     </span>
    </p>
   </div>
   <div class='ocr_carea' id='block_1_83' title="bbox 2017 1715 3690 1790">
    <p class='ocr_par' dir='ltr' id='par_1_83' title="bbox 2017 1715 3690 1790">
     <span class='ocr_line' id='line_1_83' title="bbox 2017 1715 3690 1790; baseline -0.004 -16"><span class='ocrx_word' id='word_1_640' title='bbox 2017 1721 2136 1774; x_wconf 83' lang='grc' dir='ltr'>Ὅτι</span> <span class='ocrx_word' id='word_1_641' title='bbox 2168 1720 2246 1790; x_wconf 80' lang='grc' dir='ltr'><em>τῆ</em></span> <span class='ocrx_word' id='word_1_642' title='bbox 2292 1717 2365 1784; x_wconf 85' lang='grc' dir='ltr'>εἷ,</span> <span class='ocrx_word' id='word_1_643' title='bbox 2418 1720 2517 1773; x_wconf 70' lang='grc' dir='ltr'>καὶ</span> <span class='ocrx_word' id='word_1_644' title='bbox 2573 1720 2662 1784; x_wconf 83' lang='grc' dir='ltr'>είς</span> <span class='ocrx_word' id='word_1_645' title='bbox 2709 1715 2828 1788; x_wconf 75' lang='grc' dir='ltr'>γῆν</span> <span class='ocrx_word' id='word_1_646' title='bbox 2877 1717 3224 1785; x_wconf 75' lang='grc' dir='ltr'>ἀπελεύσῃο</span> <span class='ocrx_word' id='word_1_647' title='bbox 3258 1719 3370 1781; x_wconf 84' lang='grc' dir='ltr'>καὶ,</span> <span class='ocrx_word' id='word_1_648' title='bbox 3409 1718 3512 1771; x_wconf 82' lang='grc' dir='ltr'>Ἔν</span> <span class='ocrx_word' id='word_1_649' title='bbox 3543 1718 3580 1786; x_wconf 80' lang='grc' dir='ltr'>ᾖ</span> <span class='ocrx_word' id='word_1_650' title='bbox 3612 1718 3690 1774; x_wconf 77' lang='grc' dir='ltr'>ἂν</span> 
     </span>
    </p>
   </div>
   <div class='ocr_carea' id='block_1_84' title="bbox 2016 1800 3688 1873">
    <p class='ocr_par' dir='ltr' id='par_1_84' title="bbox 2016 1800 3688 1873">
     <span class='ocr_line' id='line_1_84' title="bbox 2016 1800 3688 1873; baseline 0 -17"><span class='ocrx_word' id='word_1_651' title='bbox 2016 1803 2206 1873; x_wconf 76' lang='grc' dir='ltr'>ἡμέρᾳ</span> <span class='ocrx_word' id='word_1_652' title='bbox 2255 1803 2502 1872; x_wconf 69' lang='grc' dir='ltr'>φάγητε,</span> <span class='ocrx_word' id='word_1_653' title='bbox 2548 1800 2780 1868; x_wconf 81' lang='grc' dir='ltr'>θανάτῳ</span> <span class='ocrx_word' id='word_1_654' title='bbox 2823 1801 3221 1855; x_wconf 83' lang='grc' dir='ltr'>ἀποθανεῖσθε</span> <span class='ocrx_word' id='word_1_655' title='bbox 3241 1819 3254 1832; x_wconf 75' lang='grc' dir='ltr'><strong><em>ο</em></strong></span> <span class='ocrx_word' id='word_1_656' title='bbox 3295 1800 3409 1854; x_wconf 83' lang='grc' dir='ltr'>ἀλλ’</span> <span class='ocrx_word' id='word_1_657' title='bbox 3442 1803 3590 1872; x_wconf 84' lang='grc' dir='ltr'>ὅμως</span> <span class='ocrx_word' id='word_1_658' title='bbox 3627 1805 3688 1856; x_wconf 88' lang='grc' dir='ltr'>ἐν</span> 
     </span>
    </p>
   </div>
   <div class='ocr_carea' id='block_1_85' title="bbox 2019 1886 3688 1962">
    <p class='ocr_par' dir='ltr' id='par_1_85' title="bbox 2019 1886 3688 1962">
     <span class='ocr_line' id='line_1_85' title="bbox 2019 1886 3688 1962; baseline -0.002 -18"><span class='ocrx_word' id='word_1_659' title='bbox 2019 1893 2256 1962; x_wconf 76' lang='grc' dir='ltr'>ῥήμασιν</span> <span class='ocrx_word' id='word_1_660' title='bbox 2281 1886 2348 1960; x_wconf 83' lang='grc' dir='ltr'>ῆν</span> <span class='ocrx_word' id='word_1_661' title='bbox 2376 1889 2514 1952; x_wconf 90' lang='grc' dir='ltr'>τέως</span> <span class='ocrx_word' id='word_1_662' title='bbox 2543 1888 2612 1941; x_wconf 85' lang='grc' dir='ltr'>τὰ</span> <span class='ocrx_word' id='word_1_663' title='bbox 2653 1887 2754 1957; x_wconf 90' lang='grc' dir='ltr'>τῆς</span> <span class='ocrx_word' id='word_1_664' title='bbox 2783 1886 3128 1953; x_wconf 75' lang='grc' dir='ltr'>ἀποφάσεως,</span> <span class='ocrx_word' id='word_1_665' title='bbox 3161 1887 3254 1940; x_wconf 73' lang='grc' dir='ltr'>καὶ</span> <span class='ocrx_word' id='word_1_666' title='bbox 3272 1961 3275 1962; x_wconf 14' lang='grc' dir='ltr'><em>ν</em></span> <span class='ocrx_word' id='word_1_667' title='bbox 3293 1887 3503 1940; x_wconf 81' lang='grc' dir='ltr'>οὐδέπω</span> <span class='ocrx_word' id='word_1_668' title='bbox 3540 1888 3688 1958; x_wconf 75' lang='grc' dir='ltr'>ᾕδει-</span> 
     </span>
    </p>
   </div>
   <div class='ocr_carea' id='block_1_86' title="bbox 2016 1961 3688 2042">
    <p class='ocr_par' dir='ltr' id='par_1_86' title="bbox 2016 1961 3688 2042">
     <span class='ocr_line' id='line_1_86' title="bbox 2016 1961 3688 2042; baseline 0.001 -18"><span class='ocrx_word' id='word_1_669' title='bbox 2016 1961 2136 2037; x_wconf 88' lang='grc' dir='ltr'>σαν,</span> <span class='ocrx_word' id='word_1_670' title='bbox 2172 1971 2221 2024; x_wconf 88' lang='grc' dir='ltr'>τί</span> <span class='ocrx_word' id='word_1_671' title='bbox 2251 1967 2319 2041; x_wconf 77' lang='grc' dir='ltr'>ἦν</span> <span class='ocrx_word' id='word_1_672' title='bbox 2352 1970 2448 2025; x_wconf 89' lang='grc' dir='ltr'>τοῦ</span> <span class='ocrx_word' id='word_1_673' title='bbox 2483 1971 2712 2024; x_wconf 88' lang='grc' dir='ltr'>θανάτου</span> <span class='ocrx_word' id='word_1_674' title='bbox 2761 1970 2824 2022; x_wconf 84' lang='grc' dir='ltr'>τὸ</span> <span class='ocrx_word' id='word_1_675' title='bbox 2872 1963 3042 2036; x_wconf 85' lang='grc' dir='ltr'>εἶδος,</span> <span class='ocrx_word' id='word_1_676' title='bbox 3077 1967 3190 2022; x_wconf 81' lang='grc' dir='ltr'>ἀλλ’</span> <span class='ocrx_word' id='word_1_677' title='bbox 3221 1961 3376 2032; x_wconf 75' lang='grc' dir='ltr'>οὗτος</span> <span class='ocrx_word' id='word_1_678' title='bbox 3405 1972 3688 2042; x_wconf 88' lang='grc' dir='ltr'>προλαϐὼν</span> 
     </span>
    </p>
   </div>
   <div class='ocr_carea' id='block_1_87' title="bbox 2011 2050 3688 2126">
    <p class='ocr_par' dir='ltr' id='par_1_87' title="bbox 2011 2050 3688 2126">
     <span class='ocr_line' id='line_1_87' title="bbox 2011 2050 3688 2126; baseline -0.001 -18"><span class='ocrx_word' id='word_1_679' title='bbox 2011 2055 2100 2108; x_wconf 72' lang='grc' dir='ltr'>διὰ</span> <span class='ocrx_word' id='word_1_680' title='bbox 2123 2055 2184 2108; x_wconf 84' lang='grc' dir='ltr'>τὸ</span> <span class='ocrx_word' id='word_1_681' title='bbox 2223 2058 2376 2126; x_wconf 82' lang='grc' dir='ltr'>μῖσος</span> <span class='ocrx_word' id='word_1_682' title='bbox 2401 2055 2492 2107; x_wconf 88' lang='grc' dir='ltr'>τὸν</span> <span class='ocrx_word' id='word_1_683' title='bbox 2522 2051 2744 2122; x_wconf 80' lang='grc' dir='ltr'>ἀδελφὸν</span> <span class='ocrx_word' id='word_1_684' title='bbox 2765 2092 2780 2116; x_wconf 97' lang='grc'>,</span> <span class='ocrx_word' id='word_1_685' title='bbox 2837 2053 2932 2105; x_wconf 82' lang='grc' dir='ltr'>καί</span> <span class='ocrx_word' id='word_1_686' title='bbox 2973 2051 3064 2104; x_wconf 79' lang='grc' dir='ltr'>τὸν</span> <span class='ocrx_word' id='word_1_687' title='bbox 3115 2050 3308 2120; x_wconf 84' lang='grc' dir='ltr'>φθόνον</span> <span class='ocrx_word' id='word_1_688' title='bbox 3351 2053 3444 2106; x_wconf 77' lang='grc' dir='ltr'>τὸν</span> <span class='ocrx_word' id='word_1_689' title='bbox 3479 2053 3688 2108; x_wconf 73' lang='grc' dir='ltr'>ἔνδοθεν</span> 
     </span>
    </p>
   </div>
   <div class='ocr_carea' id='block_1_88' title="bbox 2013 2133 3686 2208">
    <p class='ocr_par' dir='ltr' id='par_1_88' title="bbox 2013 2133 3686 2208">
     <span class='ocr_line' id='line_1_88' title="bbox 2013 2133 3686 2208; baseline -0.001 -18"><span class='ocrx_word' id='word_1_690' title='bbox 2013 2138 2174 2190; x_wconf 73' lang='grc' dir='ltr'>αὑτὸν</span> <span class='ocrx_word' id='word_1_691' title='bbox 2203 2139 2458 2208; x_wconf 81' lang='grc' dir='ltr'>τήκοντα,</span> <span class='ocrx_word' id='word_1_692' title='bbox 2488 2137 2580 2188; x_wconf 77' lang='grc' dir='ltr'>ἐπὶ</span> <span class='ocrx_word' id='word_1_693' title='bbox 2616 2135 2832 2204; x_wconf 78' lang='grc' dir='ltr'>σφαγὴν</span> <span class='ocrx_word' id='word_1_694' title='bbox 2861 2133 3088 2204; x_wconf 86' lang='grc' dir='ltr'>ῶρμησε</span> <span class='ocrx_word' id='word_1_695' title='bbox 3113 2133 3208 2186; x_wconf 90' lang='grc' dir='ltr'>τοῦ</span> <span class='ocrx_word' id='word_1_696' title='bbox 3239 2134 3422 2200; x_wconf 71' lang='grc' dir='ltr'>¹Ἅϐελ,</span> <span class='ocrx_word' id='word_1_697' title='bbox 3455 2137 3550 2188; x_wconf 78' lang='grc' dir='ltr'>καὶ</span> <span class='ocrx_word' id='word_1_698' title='bbox 3576 2136 3686 2190; x_wconf 84' lang='grc' dir='ltr'>δει-</span> 
     </span>
    </p>
   </div>
   <div class='ocr_carea' id='block_1_89' title="bbox 2013 2217 3683 2292">
    <p class='ocr_par' dir='ltr' id='par_1_89' title="bbox 2013 2217 3683 2292">
     <span class='ocr_line' id='line_1_89' title="bbox 2013 2217 3683 2292; baseline -0.001 -19"><span class='ocrx_word' id='word_1_699' title='bbox 2013 2221 2102 2273; x_wconf 79' lang='grc' dir='ltr'>νὸν</span> <span class='ocrx_word' id='word_1_700' title='bbox 2139 2221 2318 2292; x_wconf 85' lang='grc' dir='ltr'>θέαμα</span> <span class='ocrx_word' id='word_1_701' title='bbox 2348 2220 2589 2291; x_wconf 82' lang='grc' dir='ltr'>παρέσχε</span> <span class='ocrx_word' id='word_1_702' title='bbox 2617 2219 2730 2282; x_wconf 80' lang='grc' dir='ltr'>τοῖς</span> <span class='ocrx_word' id='word_1_703' title='bbox 2767 2218 3012 2287; x_wconf 83' lang='grc' dir='ltr'>γονεῦσιν</span> <span class='ocrx_word' id='word_1_704' title='bbox 3042 2217 3186 2270; x_wconf 84' lang='grc' dir='ltr'>ἰδεῖν.</span> <span class='ocrx_word' id='word_1_705' title='bbox 3217 2218 3318 2271; x_wconf 91' lang='grc' dir='ltr'>Διά</span> <span class='ocrx_word' id='word_1_706' title='bbox 3347 2235 3428 2271; x_wconf 90' lang='grc' dir='ltr'>τοι</span> <span class='ocrx_word' id='word_1_707' title='bbox 3467 2218 3624 2272; x_wconf 80' lang='grc' dir='ltr'>τοῦτο</span> <span class='ocrx_word' id='word_1_708' title='bbox 3649 2221 3683 2290; x_wconf 91' lang='grc' dir='ltr'>ή</span> 
     </span>
    </p>
   </div>
   <div class='ocr_carea' id='block_1_90' title="bbox 2017 2299 3736 2374">
    <p class='ocr_par' dir='ltr' id='par_1_90' title="bbox 2017 2299 3736 2374">
     <span class='ocr_line' id='line_1_90' title="bbox 2017 2299 3736 2374; baseline 0 -19"><span class='ocrx_word' id='word_1_709' title='bbox 2017 2304 2198 2374; x_wconf 78' lang='grc' dir='ltr'>μήτηρ</span> <span class='ocrx_word' id='word_1_710' title='bbox 2253 2303 2445 2372; x_wconf 86' lang='grc' dir='ltr'>μικρὸν</span> <span class='ocrx_word' id='word_1_711' title='bbox 2505 2299 2866 2365; x_wconf 86' lang='grc' dir='ltr'>ἀνανεύσασα,</span> <span class='ocrx_word' id='word_1_712' title='bbox 2910 2300 3003 2353; x_wconf 73' lang='grc' dir='ltr'>καὶ</span> <span class='ocrx_word' id='word_1_713' title='bbox 3059 2299 3210 2369; x_wconf 85' lang='grc' dir='ltr'>μόλις</span> <span class='ocrx_word' id='word_1_714' title='bbox 3268 2299 3365 2370; x_wconf 80' lang='grc' dir='ltr'>ὀψέ</span> <span class='ocrx_word' id='word_1_715' title='bbox 3418 2319 3546 2354; x_wconf 90' lang='grc' dir='ltr'>ποτε</span> <span class='ocrx_word' id='word_1_716' title='bbox 3591 2304 3683 2356; x_wconf 87' lang='grc' dir='ltr'>τοῦ</span> <span class='ocrx_word' id='word_1_717' title='bbox 3727 2359 3736 2370; x_wconf 58' lang='grc'>,</span> 
     </span>
    </p>
   </div>
   <div class='ocr_carea' id='block_1_91' title="bbox 2011 2382 3686 2457">
    <p class='ocr_par' dir='ltr' id='par_1_91' title="bbox 2011 2382 3686 2457">
     <span class='ocr_line' id='line_1_91' title="bbox 2011 2382 3686 2457; baseline -0.007 -18"><span class='ocrx_word' id='word_1_718' title='bbox 2011 2387 2282 2457; x_wconf 72' lang='grc' dir='ltr'>ἀφορήτου</span> <span class='ocrx_word' id='word_1_719' title='bbox 2317 2385 2540 2448; x_wconf 81' lang='grc' dir='ltr'>πένθους</span> <span class='ocrx_word' id='word_1_720' title='bbox 2575 2383 2782 2437; x_wconf 83' lang='grc' dir='ltr'>ἐκείνου</span> <span class='ocrx_word' id='word_1_721' title='bbox 2810 2382 3163 2452; x_wconf 81' lang='grc' dir='ltr'>παραμυθίαν</span> <span class='ocrx_word' id='word_1_722' title='bbox 3187 2383 3366 2452; x_wconf 83' lang='grc' dir='ltr'>εὑρεῖν</span> <span class='ocrx_word' id='word_1_723' title='bbox 3400 2384 3686 2451; x_wconf 74' lang='grc' dir='ltr'>δυνηθεῖσα</span> 
     </span>
    </p>
   </div>
   <div class='ocr_carea' id='block_1_92' title="bbox 2011 2465 3687 2538">
    <p class='ocr_par' dir='ltr' id='par_1_92' title="bbox 2011 2465 3687 2538">
     <span class='ocr_line' id='line_1_92' title="bbox 2011 2465 3687 2538; baseline -0.002 -16"><span class='ocrx_word' id='word_1_724' title='bbox 2011 2470 2098 2524; x_wconf 75' lang='grc' dir='ltr'>διὰ</span> <span class='ocrx_word' id='word_1_725' title='bbox 2125 2469 2216 2521; x_wconf 83' lang='grc' dir='ltr'>τοῦ</span> <span class='ocrx_word' id='word_1_726' title='bbox 2245 2467 2524 2538; x_wconf 80' lang='grc' dir='ltr'>τεχθέντος</span> <span class='ocrx_word' id='word_1_727' title='bbox 2547 2466 2750 2531; x_wconf 84' lang='grc' dir='ltr'>παιδὸς,</span> <span class='ocrx_word' id='word_1_728' title='bbox 2782 2465 2876 2518; x_wconf 75' lang='grc' dir='ltr'>καὶ</span> <span class='ocrx_word' id='word_1_729' title='bbox 2907 2465 3004 2534; x_wconf 83' lang='grc' dir='ltr'>τὴν</span> <span class='ocrx_word' id='word_1_730' title='bbox 3039 2465 3390 2536; x_wconf 73' lang='grc' dir='ltr'>εὐχαριστίαν</span> <span class='ocrx_word' id='word_1_731' title='bbox 3425 2467 3687 2538; x_wconf 62' lang='grc' dir='ltr'>ἀναφέρει</span> 
     </span>
    </p>
   </div>
   <div class='ocr_carea' id='block_1_93' title="bbox 2010 2547 3687 2623">
    <p class='ocr_par' dir='ltr' id='par_1_93' title="bbox 2010 2547 3687 2623">
     <span class='ocr_line' id='line_1_93' title="bbox 2010 2547 3687 2623; baseline -0.001 -19"><span class='ocrx_word' id='word_1_732' title='bbox 2010 2551 2088 2622; x_wconf 80' lang='grc' dir='ltr'>τῷ</span> <span class='ocrx_word' id='word_1_733' title='bbox 2122 2552 2384 2623; x_wconf 81' lang='grc' dir='ltr'>Δεσπότῃ,</span> <span class='ocrx_word' id='word_1_734' title='bbox 2419 2549 2630 2602; x_wconf 74' lang='grc' dir='ltr'>καὶτοῦ</span> <span class='ocrx_word' id='word_1_735' title='bbox 2661 2548 3048 2616; x_wconf 73' lang='grc' dir='ltr'>ἀδελφοκτόνον</span> <span class='ocrx_word' id='word_1_736' title='bbox 3083 2547 3387 2620; x_wconf 86' lang='grc' dir='ltr'>στηλιτεύει</span> <span class='ocrx_word' id='word_1_737' title='bbox 3411 2551 3508 2618; x_wconf 83' lang='grc' dir='ltr'>τήν</span> <span class='ocrx_word' id='word_1_738' title='bbox 3544 2551 3687 2621; x_wconf 81' lang='grc' dir='ltr'>πρᾶ-</span> 
     </span>
    </p>
   </div>
   <div class='ocr_carea' id='block_1_94' title="bbox 2012 2631 3688 2702">
    <p class='ocr_par' dir='ltr' id='par_1_94' title="bbox 2012 2631 3688 2702">
     <span class='ocr_line' id='line_1_94' title="bbox 2012 2631 3688 2702; baseline -0.001 -16"><span class='ocrx_word' id='word_1_739' title='bbox 2012 2632 2115 2699; x_wconf 83' lang='grc' dir='ltr'>ξιν,</span> <span class='ocrx_word' id='word_1_740' title='bbox 2146 2632 2345 2702; x_wconf 84' lang='grc' dir='ltr'>ταύτην</span> <span class='ocrx_word' id='word_1_741' title='bbox 2377 2631 2525 2702; x_wconf 76' lang='grc' dir='ltr'>αὐτῷ</span> <span class='ocrx_word' id='word_1_742' title='bbox 2559 2631 2650 2684; x_wconf 79' lang='grc' dir='ltr'>καὶ</span> <span class='ocrx_word' id='word_1_743' title='bbox 2684 2631 2822 2702; x_wconf 82' lang='grc' dir='ltr'>αὐτὴ</span> <span class='ocrx_word' id='word_1_744' title='bbox 2850 2631 3112 2702; x_wconf 86' lang='grc' dir='ltr'>μεγίστην</span> <span class='ocrx_word' id='word_1_745' title='bbox 3144 2631 3415 2701; x_wconf 90' lang='grc' dir='ltr'>τιμωρίαν</span> <span class='ocrx_word' id='word_1_746' title='bbox 3453 2633 3688 2700; x_wconf 84' lang='grc' dir='ltr'>ἐπάγου-</span> 
     </span>
    </p>
   </div>
   <div class='ocr_carea' id='block_1_95' title="bbox 2014 2711 3684 2786">
    <p class='ocr_par' dir='ltr' id='par_1_95' title="bbox 2014 2711 3684 2786">
     <span class='ocr_line' id='line_1_95' title="bbox 2014 2711 3684 2786; baseline 0.001 -20"><span class='ocrx_word' id='word_1_747' title='bbox 2014 2733 2102 2779; x_wconf 90' lang='grc' dir='ltr'>σα,</span> <span class='ocrx_word' id='word_1_748' title='bbox 2130 2717 2190 2768; x_wconf 83' lang='grc' dir='ltr'>τὺ</span> <span class='ocrx_word' id='word_1_749' title='bbox 2226 2715 2444 2786; x_wconf 86' lang='grc' dir='ltr'>διηνεκῆ</span> <span class='ocrx_word' id='word_1_750' title='bbox 2478 2715 2576 2786; x_wconf 82' lang='grc' dir='ltr'>τὴν</span> <span class='ocrx_word' id='word_1_751' title='bbox 2607 2714 2826 2785; x_wconf 81' lang='grc' dir='ltr'>μνήμην</span> <span class='ocrx_word' id='word_1_752' title='bbox 2863 2712 3222 2768; x_wconf 81' lang='grc' dir='ltr'>ἐναποθέσθαι</span> <span class='ocrx_word' id='word_1_753' title='bbox 3246 2713 3326 2785; x_wconf 86' lang='grc' dir='ltr'>τῷ</span> <span class='ocrx_word' id='word_1_754' title='bbox 3363 2715 3490 2786; x_wconf 83' lang='grc' dir='ltr'>παρ’</span> <span class='ocrx_word' id='word_1_755' title='bbox 3519 2711 3684 2768; x_wconf 77' lang='grc' dir='ltr'>αὑτοῦ</span> 
     </span>
    </p>
   </div>
   <div class='ocr_carea' id='block_1_96' title="bbox 2011 2797 2434 2869">
    <p class='ocr_par' dir='ltr' id='par_1_96' title="bbox 2011 2797 2434 2869">
     <span class='ocr_line' id='line_1_96' title="bbox 2011 2797 2434 2869; baseline -0.005 -17"><span class='ocrx_word' id='word_1_756' title='bbox 2011 2799 2359 2869; x_wconf 82' lang='grc' dir='ltr'>γεγενημένῳ</span> <span class='ocrx_word' id='word_1_757' title='bbox 2385 2797 2434 2850; x_wconf 70' lang='grc' dir='ltr'>ἀ.</span> 
     </span>
    </p>
   </div>
   <div class='ocr_carea' id='block_1_97' title="bbox 2083 2878 3686 2950">
    <p class='ocr_par' dir='ltr' id='par_1_97' title="bbox 2083 2878 3686 2950">
     <span class='ocr_line' id='line_1_97' title="bbox 2083 2878 3686 2950; baseline -0.004 -12"><span class='ocrx_word' id='word_1_758' title='bbox 2083 2883 2261 2938; x_wconf 88' lang='grc' dir='ltr'>Εῖδετε</span> <span class='ocrx_word' id='word_1_759' title='bbox 2291 2884 2412 2936; x_wconf 83' lang='grc' dir='ltr'>ὅσον</span> <span class='ocrx_word' id='word_1_760' title='bbox 2439 2881 2607 2936; x_wconf 87' lang='grc' dir='ltr'>κακόν</span> <span class='ocrx_word' id='word_1_761' title='bbox 2652 2882 2800 2934; x_wconf 86' lang='grc' dir='ltr'>ἐστιν</span> <span class='ocrx_word' id='word_1_762' title='bbox 2839 2879 3122 2950; x_wconf 89' lang='grc' dir='ltr'>ἀμαρτία;</span> <span class='ocrx_word' id='word_1_763' title='bbox 3169 2878 3286 2943; x_wconf 85' lang='grc' dir='ltr'>πῶς</span> <span class='ocrx_word' id='word_1_764' title='bbox 3317 2881 3398 2944; x_wconf 87' lang='grc' dir='ltr'>είς</span> <span class='ocrx_word' id='word_1_765' title='bbox 3427 2879 3686 2950; x_wconf 83' lang='grc' dir='ltr'>αἰσχύνην</span> 
     </span>
    </p>
   </div>
   <div class='ocr_carea' id='block_1_98' title="bbox 2011 2963 3686 3038">
    <p class='ocr_par' dir='ltr' id='par_1_98' title="bbox 2011 2963 3686 3038">
     <span class='ocr_line' id='line_1_98' title="bbox 2011 2963 3686 3038; baseline -0.003 -18"><span class='ocrx_word' id='word_1_766' title='bbox 2011 2968 2104 3020; x_wconf 75' lang='grc' dir='ltr'>καὶ</span> <span class='ocrx_word' id='word_1_767' title='bbox 2133 2967 2332 3030; x_wconf 82' lang='grc' dir='ltr'>ὃνειδος</span> <span class='ocrx_word' id='word_1_768' title='bbox 2365 2965 2649 3038; x_wconf 86' lang='grc' dir='ltr'>προτίθησι</span> <span class='ocrx_word' id='word_1_769' title='bbox 2679 2966 2805 3028; x_wconf 86' lang='grc' dir='ltr'>τοὺς</span> <span class='ocrx_word' id='word_1_770' title='bbox 2831 2965 3036 3035; x_wconf 89' lang='grc' dir='ltr'>ταύτην</span> <span class='ocrx_word' id='word_1_771' title='bbox 3065 2963 3484 3034; x_wconf 86' lang='grc' dir='ltr'>εἰργασμένους;</span> <span class='ocrx_word' id='word_1_772' title='bbox 3517 2963 3686 3015; x_wconf 85' lang='grc' dir='ltr'>εἰδετε</span> 
     </span>
    </p>
   </div>
   <div class='ocr_carea' id='block_1_99' title="bbox 2012 3045 3688 3120">
    <p class='ocr_par' dir='ltr' id='par_1_99' title="bbox 2012 3045 3688 3120">
     <span class='ocr_line' id='line_1_99' title="bbox 2012 3045 3688 3120; baseline -0.004 -16"><span class='ocrx_word' id='word_1_773' title='bbox 2012 3049 2128 3115; x_wconf 84' lang='grc' dir='ltr'>πῶς</span> <span class='ocrx_word' id='word_1_774' title='bbox 2156 3051 2253 3120; x_wconf 90' lang='grc' dir='ltr'>τῆς</span> <span class='ocrx_word' id='word_1_775' title='bbox 2283 3050 2488 3102; x_wconf 81' lang='grc' dir='ltr'>ἀνωθεν</span> <span class='ocrx_word' id='word_1_776' title='bbox 2511 3049 2733 3120; x_wconf 87' lang='grc' dir='ltr'>χάριτος</span> <span class='ocrx_word' id='word_1_777' title='bbox 2769 3048 2858 3101; x_wconf 80' lang='grc' dir='ltr'>διὰ</span> <span class='ocrx_word' id='word_1_778' title='bbox 2883 3045 3086 3116; x_wconf 87' lang='grc' dir='ltr'>ταύτην</span> <span class='ocrx_word' id='word_1_779' title='bbox 3115 3045 3320 3115; x_wconf 82' lang='grc' dir='ltr'>γυμνὸς</span> <span class='ocrx_word' id='word_1_780' title='bbox 3354 3046 3566 3114; x_wconf 85' lang='grc' dir='ltr'>γέγονε,</span> <span class='ocrx_word' id='word_1_781' title='bbox 3589 3046 3688 3099; x_wconf 79' lang='grc' dir='ltr'>καὶ</span> 
     </span>
    </p>
   </div>
   <div class='ocr_carea' id='block_1_100' title="bbox 2011 3129 3688 3202">
    <p class='ocr_par' dir='ltr' id='par_1_100' title="bbox 2011 3129 3688 3202">
     <span class='ocr_line' id='line_1_100' title="bbox 2011 3129 3688 3202; baseline -0.002 -16"><span class='ocrx_word' id='word_1_782' title='bbox 2011 3133 2181 3186; x_wconf 84' lang='grc' dir='ltr'>ἆπασι</span> <span class='ocrx_word' id='word_1_783' title='bbox 2209 3133 2564 3202; x_wconf 87' lang='grc' dir='ltr'>προκείμενος</span> <span class='ocrx_word' id='word_1_784' title='bbox 2591 3134 2669 3194; x_wconf 90' lang='grc' dir='ltr'>εἰς</span> <span class='ocrx_word' id='word_1_785' title='bbox 2698 3129 3083 3198; x_wconf 88' lang='grc' dir='ltr'>καταγέλωτα;</span> <span class='ocrx_word' id='word_1_786' title='bbox 3111 3129 3278 3182; x_wconf 77' lang='grc' dir='ltr'>εἴδετε</span> <span class='ocrx_word' id='word_1_787' title='bbox 3311 3129 3427 3192; x_wconf 87' lang='grc' dir='ltr'>πῶς</span> <span class='ocrx_word' id='word_1_788' title='bbox 3456 3132 3548 3182; x_wconf 74' lang='grc' dir='ltr'>καὶ</span> <span class='ocrx_word' id='word_1_789' title='bbox 3574 3131 3688 3192; x_wconf 86' lang='grc' dir='ltr'>τοῖς</span> 
     </span>
    </p>
   </div>
   <div class='ocr_carea' id='block_1_101' title="bbox 2009 3211 3684 3285">
    <p class='ocr_par' dir='ltr' id='par_1_101' title="bbox 2009 3211 3684 3285">
     <span class='ocr_line' id='line_1_101' title="bbox 2009 3211 3684 3285; baseline -0.003 -17"><span class='ocrx_word' id='word_1_790' title='bbox 2009 3216 2224 3284; x_wconf 82' lang='grc' dir='ltr'>γονεῦσι</span> <span class='ocrx_word' id='word_1_791' title='bbox 2251 3218 2364 3278; x_wconf 89' lang='grc' dir='ltr'>τοῖς</span> <span class='ocrx_word' id='word_1_792' title='bbox 2402 3215 2506 3268; x_wconf 83' lang='grc' dir='ltr'>ὑπὸ</span> <span class='ocrx_word' id='word_1_793' title='bbox 2550 3216 2649 3285; x_wconf 87' lang='grc' dir='ltr'>τῆς</span> <span class='ocrx_word' id='word_1_794' title='bbox 2677 3214 2890 3283; x_wconf 85' lang='grc' dir='ltr'>φύσεως</span> <span class='ocrx_word' id='word_1_795' title='bbox 2929 3211 3097 3282; x_wconf 74' lang='grc' dir='ltr'>αὐτῆς</span> <span class='ocrx_word' id='word_1_796' title='bbox 3129 3211 3455 3282; x_wconf 84' lang='grc' dir='ltr'>ὠθουμένοις</span> <span class='ocrx_word' id='word_1_797' title='bbox 3487 3215 3565 3275; x_wconf 86' lang='grc' dir='ltr'>εἰς</span> <span class='ocrx_word' id='word_1_798' title='bbox 3593 3229 3652 3280; x_wconf 71' lang='grc' dir='ltr'>ιρι</span> <span class='ocrx_word' id='word_1_799' title='bbox 3673 3243 3684 3253; x_wconf 90' lang='lat'><strong>-</strong></span> 
     </span>
    </p>
   </div>
   <div class='ocr_carea' id='block_1_102' title="bbox 2009 3296 3690 3371">
    <p class='ocr_par' dir='ltr' id='par_1_102' title="bbox 2009 3296 3690 3371">
     <span class='ocr_line' id='line_1_102' title="bbox 2009 3296 3690 3371; baseline -0.002 -20"><span class='ocrx_word' id='word_1_800' title='bbox 2009 3299 2328 3371; x_wconf 87' lang='grc' dir='ltr'>λοστοργίαν</span> <span class='ocrx_word' id='word_1_801' title='bbox 2358 3298 2642 3369; x_wconf 81' lang='grc' dir='ltr'>βδελυκτδς</span> <span class='ocrx_word' id='word_1_802' title='bbox 2675 3297 2909 3367; x_wconf 82' lang='grc' dir='ltr'>κατέστη</span> <span class='ocrx_word' id='word_1_803' title='bbox 2951 3296 3038 3350; x_wconf 76' lang='grc' dir='ltr'>διὰ</span> <span class='ocrx_word' id='word_1_804' title='bbox 3071 3296 3168 3368; x_wconf 82' lang='grc' dir='ltr'>τὴν</span> <span class='ocrx_word' id='word_1_805' title='bbox 3209 3297 3384 3368; x_wconf 84' lang='grc' dir='ltr'>κακήν</span> <span class='ocrx_word' id='word_1_806' title='bbox 3411 3297 3690 3366; x_wconf 82' lang='grc' dir='ltr'>ἐπιχείρη-</span> 
     </span>
    </p>
   </div>
   <div class='ocr_carea' id='block_1_103' title="bbox 2011 3378 3688 3452">
    <p class='ocr_par' dir='ltr' id='par_1_103' title="bbox 2011 3378 3688 3452">
     <span class='ocr_line' id='line_1_103' title="bbox 2011 3378 3688 3452; baseline -0.004 -16"><span class='ocrx_word' id='word_1_807' title='bbox 2011 3400 2134 3448; x_wconf 90' lang='grc' dir='ltr'>σιν;</span> <span class='ocrx_word' id='word_1_808' title='bbox 2167 3382 2458 3452; x_wconf 74' lang='grc' dir='ltr'>Ψεύγωμεν</span> <span class='ocrx_word' id='word_1_809' title='bbox 2517 3381 2715 3444; x_wconf 88' lang='grc' dir='ltr'>τοίνυν,</span> <span class='ocrx_word' id='word_1_810' title='bbox 2762 3378 3086 3450; x_wconf 82' lang='grc' dir='ltr'>παρακαλῶ,</span> <span class='ocrx_word' id='word_1_811' title='bbox 3130 3379 3228 3450; x_wconf 80' lang='grc' dir='ltr'>τὴν</span> <span class='ocrx_word' id='word_1_812' title='bbox 3277 3379 3550 3450; x_wconf 79' lang='grc' dir='ltr'>ἁμαρτίαν</span> <span class='ocrx_word' id='word_1_813' title='bbox 3587 3380 3688 3448; x_wconf 84' lang='grc' dir='ltr'>τήν</span> 
     </span>
    </p>
   </div>
   <div class='ocr_carea' id='block_1_104' title="bbox 2008 3457 3687 3536">
    <p class='ocr_par' dir='ltr' id='par_1_104' title="bbox 2008 3457 3687 3536">
     <span class='ocr_line' id='line_1_104' title="bbox 2008 3457 3687 3536; baseline -0.004 -18"><span class='ocrx_word' id='word_1_814' title='bbox 2008 3465 2280 3528; x_wconf 80' lang='grc' dir='ltr'>τοσούτοις</span> <span class='ocrx_word' id='word_1_815' title='bbox 2313 3465 2460 3536; x_wconf 84' lang='grc' dir='ltr'>ήμᾶς</span> <span class='ocrx_word' id='word_1_816' title='bbox 2489 3462 2918 3534; x_wconf 85' lang='grc' dir='ltr'>περιϐάλλουσαν</span> <span class='ocrx_word' id='word_1_817' title='bbox 2953 3463 3163 3525; x_wconf 87' lang='grc' dir='ltr'>κακοῖς,</span> <span class='ocrx_word' id='word_1_818' title='bbox 3208 3461 3302 3516; x_wconf 77' lang='grc' dir='ltr'>καὶ</span> <span class='ocrx_word' id='word_1_819' title='bbox 3341 3461 3439 3531; x_wconf 83' lang='grc' dir='ltr'>τήν</span> <span class='ocrx_word' id='word_1_820' title='bbox 3485 3457 3687 3530; x_wconf 81' lang='grc' dir='ltr'>ἀρετὴν</span> 
     </span>
    </p>
   </div>
   <div class='ocr_carea' id='block_1_105' title="bbox 2009 3543 3686 3618">
    <p class='ocr_par' dir='ltr' id='par_1_105' title="bbox 2009 3543 3686 3618">
     <span class='ocr_line' id='line_1_105' title="bbox 2009 3543 3686 3618; baseline -0.003 -17"><span class='ocrx_word' id='word_1_821' title='bbox 2009 3549 2276 3618; x_wconf 77' lang='grc' dir='ltr'>ἑλώμεθα,</span> <span class='ocrx_word' id='word_1_822' title='bbox 2313 3548 2398 3600; x_wconf 80' lang='grc' dir='ltr'>ἵνα</span> <span class='ocrx_word' id='word_1_823' title='bbox 2427 3547 2520 3600; x_wconf 78' lang='grc' dir='ltr'>καὶ</span> <span class='ocrx_word' id='word_1_824' title='bbox 2549 3547 2648 3618; x_wconf 81' lang='grc' dir='ltr'>τὴν</span> <span class='ocrx_word' id='word_1_825' title='bbox 2678 3545 2882 3600; x_wconf 85' lang='grc' dir='ltr'>ἄνωθεν</span> <span class='ocrx_word' id='word_1_826' title='bbox 2926 3543 3136 3597; x_wconf 85' lang='grc' dir='ltr'>εῦνοιαν</span> <span class='ocrx_word' id='word_1_827' title='bbox 3175 3555 3198 3582; x_wconf 74' lang='grc' dir='ltr'>θ</span> <span class='ocrx_word' id='word_1_828' title='bbox 3228 3543 3686 3613; x_wconf 85' lang='grc' dir='ltr'>ἐπισπασώμεθα,</span> 
     </span>
    </p>
   </div>
   <div class='ocr_carea' id='block_1_106' title="bbox 2011 3625 3686 3702">
    <p class='ocr_par' dir='ltr' id='par_1_106' title="bbox 2011 3625 3686 3702">
     <span class='ocr_line' id='line_1_106' title="bbox 2011 3625 3686 3702; baseline -0.004 -17"><span class='ocrx_word' id='word_1_829' title='bbox 2011 3633 2102 3685; x_wconf 76' lang='grc' dir='ltr'>καὶ</span> <span class='ocrx_word' id='word_1_830' title='bbox 2131 3631 2230 3702; x_wconf 84' lang='grc' dir='ltr'>τὴν</span> <span class='ocrx_word' id='word_1_831' title='bbox 2262 3630 2480 3684; x_wconf 84' lang='grc' dir='ltr'>κόλασιν</span> <span class='ocrx_word' id='word_1_832' title='bbox 2508 3627 2874 3698; x_wconf 79' lang='grc' dir='ltr'>διαφύγωμεν.</span> <span class='ocrx_word' id='word_1_833' title='bbox 2916 3625 3028 3679; x_wconf 79' lang='grc' dir='ltr'>Καὶ</span> <span class='ocrx_word' id='word_1_834' title='bbox 3055 3625 3135 3690; x_wconf 82' lang='grc' dir='ltr'>τῷ</span> <span class='ocrx_word' id='word_1_835' title='bbox 3167 3625 3312 3693; x_wconf 82' lang='grc' dir='ltr'>Σὴθ,</span> <span class='ocrx_word' id='word_1_836' title='bbox 3339 3627 3524 3695; x_wconf 84' lang='grc' dir='ltr'>φησὶν,</span> <span class='ocrx_word' id='word_1_837' title='bbox 3557 3625 3686 3694; x_wconf 77' lang='grc' dir='ltr'>ἐγέ-</span> 
     </span>
    </p>
   </div>
   <div class='ocr_carea' id='block_1_107' title="bbox 2007 3707 3672 3780">
    <p class='ocr_par' dir='ltr' id='par_1_107' title="bbox 2007 3707 3672 3780">
     <span class='ocr_line' id='line_1_107' title="bbox 2007 3707 3672 3780; baseline -0.005 -12"><span class='ocrx_word' id='word_1_838' title='bbox 2007 3733 2146 3768; x_wconf 70' lang='grc' dir='ltr'>νετο</span> <span class='ocrx_word' id='word_1_839' title='bbox 2165 3715 2324 3778; x_wconf 81' lang='grc' dir='ltr'>υίός⁶</span> <span class='ocrx_word' id='word_1_840' title='bbox 2357 3712 2710 3780; x_wconf 80' lang='grc' dir='ltr'>ἐπωνόμασε</span> <span class='ocrx_word' id='word_1_841' title='bbox 2757 3709 2826 3762; x_wconf 81' lang='grc' dir='ltr'>δὲ</span> <span class='ocrx_word' id='word_1_842' title='bbox 2880 3709 2946 3763; x_wconf 82' lang='grc' dir='ltr'>τὸ</span> <span class='ocrx_word' id='word_1_843' title='bbox 2995 3709 3184 3776; x_wconf 78' lang='grc' dir='ltr'>ὄνομα</span> <span class='ocrx_word' id='word_1_844' title='bbox 3233 3707 3421 3762; x_wconf 87' lang='grc' dir='ltr'>αὐτοῦ</span> <span class='ocrx_word' id='word_1_845' title='bbox 3463 3707 3672 3770; x_wconf 75' lang='grc' dir='ltr'>Ἑνώςο</span> 
     </span>
    </p>
   </div>
   <div class='ocr_carea' id='block_1_108' title="bbox 2009 3789 3687 3862">
    <p class='ocr_par' dir='ltr' id='par_1_108' title="bbox 2009 3789 3687 3862">
     <span class='ocr_line' id='line_1_108' title="bbox 2009 3789 3687 3862; baseline -0.004 -14"><span class='ocrx_word' id='word_1_846' title='bbox 2009 3791 2188 3862; x_wconf 82' lang='grc' dir='ltr'>οὗτος</span> <span class='ocrx_word' id='word_1_847' title='bbox 2215 3795 2481 3862; x_wconf 82' lang='grc' dir='ltr'>ἤλπισεν</span> <span class='ocrx_word' id='word_1_848' title='bbox 2507 3791 2919 3846; x_wconf 81' lang='grc' dir='ltr'>ἐπικαλεῖσθαι</span> <span class='ocrx_word' id='word_1_849' title='bbox 2981 3791 3044 3844; x_wconf 79' lang='grc' dir='ltr'>τὸ</span> <span class='ocrx_word' id='word_1_850' title='bbox 3099 3791 3284 3859; x_wconf 80' lang='grc' dir='ltr'>ὄνομα</span> <span class='ocrx_word' id='word_1_851' title='bbox 3325 3791 3546 3857; x_wconf 79' lang='grc' dir='ltr'>Κυρίου</span> <span class='ocrx_word' id='word_1_852' title='bbox 3578 3789 3687 3843; x_wconf 85' lang='grc' dir='ltr'>τοῦ</span> 
     </span>
    </p>
   </div>
   <div class='ocr_carea' id='block_1_109' title="bbox 2013 3873 3686 3948">
    <p class='ocr_par' dir='ltr' id='par_1_109' title="bbox 2013 3873 3686 3948">
     <span class='ocr_line' id='line_1_109' title="bbox 2013 3873 3686 3948; baseline -0.005 -15"><span class='ocrx_word' id='word_1_853' title='bbox 2013 3879 2179 3934; x_wconf 84' lang='grc' dir='ltr'>Θεοῦ.</span> <span class='ocrx_word' id='word_1_854' title='bbox 2213 3879 2353 3948; x_wconf 88' lang='grc' dir='ltr'>Ὅρα</span> <span class='ocrx_word' id='word_1_855' title='bbox 2385 3878 2504 3940; x_wconf 89' lang='grc' dir='ltr'>πῶς</span> <span class='ocrx_word' id='word_1_856' title='bbox 2549 3875 2690 3930; x_wconf 87' lang='grc' dir='ltr'>κατά</span> <span class='ocrx_word' id='word_1_857' title='bbox 2739 3875 2929 3947; x_wconf 83' lang='grc' dir='ltr'>μικρὸν</span> <span class='ocrx_word' id='word_1_858' title='bbox 2977 3873 3160 3930; x_wconf 85' lang='grc' dir='ltr'>λοιπὸν</span> <span class='ocrx_word' id='word_1_859' title='bbox 3201 3873 3539 3926; x_wconf 86' lang='grc' dir='ltr'>παιδεύονται</span> <span class='ocrx_word' id='word_1_860' title='bbox 3569 3876 3686 3937; x_wconf 86' lang='grc' dir='ltr'>ταῖς</span> 
     </span>
    </p>
   </div>
   <div class='ocr_carea' id='block_1_110' title="bbox 2012 3957 3688 4032">
    <p class='ocr_par' dir='ltr' id='par_1_110' title="bbox 2012 3957 3688 4032">
     <span class='ocr_line' id='line_1_110' title="bbox 2012 3957 3688 4032; baseline -0.002 -19"><span class='ocrx_word' id='word_1_861' title='bbox 2012 3961 2402 4032; x_wconf 81' lang='grc' dir='ltr'>προσηγορίαις</span> <span class='ocrx_word' id='word_1_862' title='bbox 2449 3961 2556 4014; x_wconf 90' lang='grc' dir='ltr'>τῶν</span> <span class='ocrx_word' id='word_1_863' title='bbox 2610 3960 2944 4029; x_wconf 87' lang='grc' dir='ltr'>τικτομένων</span> <span class='ocrx_word' id='word_1_864' title='bbox 3001 3957 3412 4010; x_wconf 83' lang='grc' dir='ltr'>ἐναποτίθεσθαι</span> <span class='ocrx_word' id='word_1_865' title='bbox 3460 3957 3559 4028; x_wconf 89' lang='grc' dir='ltr'>τῆς</span> <span class='ocrx_word' id='word_1_866' title='bbox 3607 3959 3688 4016; x_wconf 69' lang='lat' dir='ltr'>ol-</span> 
     </span>
    </p>
   </div>
   <div class='ocr_carea' id='block_1_111' title="bbox 2011 4033 3682 4112">
    <p class='ocr_par' dir='ltr' id='par_1_111' title="bbox 2011 4033 3682 4112">
     <span class='ocr_line' id='line_1_111' title="bbox 2011 4033 3682 4112; baseline -0.003 -17"><span class='ocrx_word' id='word_1_867' title='bbox 2011 4043 2163 4106; x_wconf 89' lang='grc' dir='ltr'>κείας</span> <span class='ocrx_word' id='word_1_868' title='bbox 2218 4041 2636 4112; x_wconf 83' lang='grc' dir='ltr'>εὐγνωμοσύνης</span> <span class='ocrx_word' id='word_1_869' title='bbox 2687 4040 2784 4110; x_wconf 86' lang='grc' dir='ltr'>τὴν</span> <span class='ocrx_word' id='word_1_870' title='bbox 2835 4039 3126 4103; x_wconf 80' lang='grc' dir='ltr'>ἀπόδειξιν.</span> <span class='ocrx_word' id='word_1_871' title='bbox 3189 4039 3298 4090; x_wconf 82' lang='lat' dir='ltr'><strong><em>Kal</em></strong></span> <span class='ocrx_word' id='word_1_872' title='bbox 3349 4033 3501 4100; x_wconf 74' lang='grc' dir='ltr'>οὗτος</span> <span class='ocrx_word' id='word_1_873' title='bbox 3551 4037 3682 4108; x_wconf 82' lang='grc' dir='ltr'>γὰρ,</span> 
     </span>
    </p>
   </div>
   <div class='ocr_carea' id='block_1_112' title="bbox 2013 4120 3686 4198">
    <p class='ocr_par' dir='ltr' id='par_1_112' title="bbox 2013 4120 3686 4198">
     <span class='ocr_line' id='line_1_112' title="bbox 2013 4120 3686 4198; baseline -0.003 -20"><span class='ocrx_word' id='word_1_874' title='bbox 2013 4127 2198 4198; x_wconf 74' lang='grc' dir='ltr'>φησὶν,</span> <span class='ocrx_word' id='word_1_875' title='bbox 2229 4130 2256 4180; x_wconf 89' lang='grc' dir='ltr'>ό</span> <span class='ocrx_word' id='word_1_876' title='bbox 2294 4127 2425 4197; x_wconf 80' lang='grc' dir='ltr'>Σὴθ,</span> <span class='ocrx_word' id='word_1_877' title='bbox 2459 4127 2727 4195; x_wconf 89' lang='grc' dir='ltr'>γεννήσας</span> <span class='ocrx_word' id='word_1_878' title='bbox 2763 4123 2895 4187; x_wconf 80' lang='grc' dir='ltr'>υἱὸν,</span> <span class='ocrx_word' id='word_1_879' title='bbox 2933 4121 3254 4190; x_wconf 79' lang='grc' dir='ltr'>ἐπωνόμασε</span> <span class='ocrx_word' id='word_1_880' title='bbox 3289 4121 3350 4172; x_wconf 83' lang='grc' dir='ltr'>τὸ</span> <span class='ocrx_word' id='word_1_881' title='bbox 3384 4120 3555 4190; x_wconf 76' lang='grc' dir='ltr'>ὄνομα</span> <span class='ocrx_word' id='word_1_882' title='bbox 3585 4122 3686 4173; x_wconf 85' lang='grc' dir='ltr'>αὑ-</span> 
     </span>
    </p>
   </div>
   <div class='ocr_carea' id='block_1_113' title="bbox 2009 4203 3686 4277">
    <p class='ocr_par' dir='ltr' id='par_1_113' title="bbox 2009 4203 3686 4277">
     <span class='ocr_line' id='line_1_113' title="bbox 2009 4203 3686 4277; baseline -0.005 -13"><span class='ocrx_word' id='word_1_883' title='bbox 2009 4209 2106 4264; x_wconf 90' lang='grc' dir='ltr'>τοῦ</span> <span class='ocrx_word' id='word_1_884' title='bbox 2150 4209 2334 4274; x_wconf 80' lang='grc' dir='ltr'>Ἐνώς.</span> <span class='ocrx_word' id='word_1_885' title='bbox 2399 4205 2528 4262; x_wconf 72' lang='grc' dir='ltr'>Εἶτα</span> <span class='ocrx_word' id='word_1_886' title='bbox 2576 4205 2909 4277; x_wconf 78' lang='grc' dir='ltr'>ἑρμηνεῦσαι</span> <span class='ocrx_word' id='word_1_887' title='bbox 2961 4205 3094 4274; x_wconf 79' lang='grc' dir='ltr'>ἡμῖν</span> <span class='ocrx_word' id='word_1_888' title='bbox 3141 4203 3436 4274; x_wconf 82' lang='grc' dir='ltr'>βουλομένη</span> <span class='ocrx_word' id='word_1_889' title='bbox 3481 4205 3515 4276; x_wconf 88' lang='grc' dir='ltr'>ή</span> <span class='ocrx_word' id='word_1_890' title='bbox 3566 4203 3686 4257; x_wconf 85' lang='grc' dir='ltr'>θεία</span> 
     </span>
    </p>
   </div>
   <div class='ocr_carea' id='block_1_114' title="bbox 2011 4277 3685 4360">
    <p class='ocr_par' dir='ltr' id='par_1_114' title="bbox 2011 4277 3685 4360">
     <span class='ocr_line' id='line_1_114' title="bbox 2011 4277 3685 4360; baseline -0.004 -18"><span class='ocrx_word' id='word_1_891' title='bbox 2011 4289 2202 4360; x_wconf 74' lang='grc' dir='ltr'>Γραφή</span> <span class='ocrx_word' id='word_1_892' title='bbox 2223 4289 2316 4341; x_wconf 90' lang='grc' dir='ltr'>τοῦ</span> <span class='ocrx_word' id='word_1_893' title='bbox 2337 4289 2596 4358; x_wconf 85' lang='grc' dir='ltr'>ὀνόματος</span> <span class='ocrx_word' id='word_1_894' title='bbox 2619 4287 2716 4356; x_wconf 82' lang='grc' dir='ltr'>τήν</span> <span class='ocrx_word' id='word_1_895' title='bbox 2737 4283 3131 4355; x_wconf 83' lang='grc' dir='ltr'>προσηγορίαν,</span> <span class='ocrx_word' id='word_1_896' title='bbox 3157 4282 3340 4352; x_wconf 85' lang='grc' dir='ltr'>φησίν·</span> <span class='ocrx_word' id='word_1_897' title='bbox 3362 4277 3552 4348; x_wconf 82' lang='grc' dir='ltr'>Οὗτος</span> <span class='ocrx_word' id='word_1_898' title='bbox 3577 4282 3685 4350; x_wconf 73' lang='grc' dir='ltr'>ἤλ-</span> 
     </span>
    </p>
   </div>
   <div class='ocr_carea' id='block_1_115' title="bbox 2011 4365 3679 4439">
    <p class='ocr_par' dir='ltr' id='par_1_115' title="bbox 2011 4365 3679 4439">
     <span class='ocr_line' id='line_1_115' title="bbox 2011 4365 3679 4439; baseline -0.004 -13"><span class='ocrx_word' id='word_1_899' title='bbox 2011 4387 2194 4426; x_wconf 79' lang='grc' dir='ltr'>πισεν</span> <span class='ocrx_word' id='word_1_900' title='bbox 2206 4371 2616 4425; x_wconf 78' lang='grc' dir='ltr'>ἐπικαλεῖσθαι</span> <span class='ocrx_word' id='word_1_901' title='bbox 2637 4369 2704 4422; x_wconf 84' lang='grc' dir='ltr'>τὸ</span> <span class='ocrx_word' id='word_1_902' title='bbox 2736 4369 2922 4436; x_wconf 76' lang='grc' dir='ltr'>ὄνομα</span> <span class='ocrx_word' id='word_1_903' title='bbox 2953 4367 3172 4434; x_wconf 80' lang='grc' dir='ltr'>Κυρίου</span> <span class='ocrx_word' id='word_1_904' title='bbox 3201 4365 3348 4439; x_wconf 75' lang='lat' dir='ltr'>[I78]</span> <span class='ocrx_word' id='word_1_905' title='bbox 3373 4367 3480 4420; x_wconf 81' lang='grc' dir='ltr'>τοῦ</span> <span class='ocrx_word' id='word_1_906' title='bbox 3511 4367 3679 4420; x_wconf 85' lang='grc' dir='ltr'>Θεοῦ.</span> 
     </span>
    </p>
   </div>
   <div class='ocr_carea' id='block_1_116' title="bbox 2011 4447 3682 4524">
    <p class='ocr_par' dir='ltr' id='par_1_116' title="bbox 2011 4447 3682 4524">
     <span class='ocr_line' id='line_1_116' title="bbox 2011 4447 3682 4524; baseline -0.005 -16"><span class='ocrx_word' id='word_1_907' title='bbox 2011 4457 2124 4508; x_wconf 73' lang='grc' dir='ltr'>Καὶ</span> <span class='ocrx_word' id='word_1_908' title='bbox 2149 4455 2258 4524; x_wconf 79' lang='grc' dir='ltr'>γάρ</span> <span class='ocrx_word' id='word_1_909' title='bbox 2282 4455 2346 4507; x_wconf 90' lang='grc' dir='ltr'>ἐκ</span> <span class='ocrx_word' id='word_1_910' title='bbox 2369 4453 2558 4506; x_wconf 89' lang='grc' dir='ltr'>τούτου</span> <span class='ocrx_word' id='word_1_911' title='bbox 2584 4450 2772 4504; x_wconf 84' lang='grc' dir='ltr'>λοιπὸν</span> <span class='ocrx_word' id='word_1_912' title='bbox 2797 4451 2898 4520; x_wconf 83' lang='grc' dir='ltr'>τήν</span> <span class='ocrx_word' id='word_1_913' title='bbox 2923 4448 3097 4520; x_wconf 79' lang='grc' dir='ltr'>ἀρχὴν</span> <span class='ocrx_word' id='word_1_914' title='bbox 3132 4447 3312 4520; x_wconf 84' lang='grc' dir='ltr'>μέλλει</span> <span class='ocrx_word' id='word_1_915' title='bbox 3353 4447 3621 4502; x_wconf 80' lang='grc' dir='ltr'>ποιεῖσθαι</span> <span class='ocrx_word' id='word_1_916' title='bbox 3652 4447 3682 4500; x_wconf 85' lang='grc' dir='ltr'>ό</span> 
     </span>
    </p>
   </div>
   <div class='ocr_carea' id='block_1_117' title="bbox 2015 4531 3682 4608">
    <p class='ocr_par' dir='ltr' id='par_1_117' title="bbox 2015 4531 3682 4608">
     <span class='ocr_line' id='line_1_117' title="bbox 2015 4531 3682 4608; baseline -0.005 -17"><span class='ocrx_word' id='word_1_917' title='bbox 2015 4539 2280 4608; x_wconf 87' lang='grc' dir='ltr'>μακάριος</span> <span class='ocrx_word' id='word_1_918' title='bbox 2337 4537 2620 4608; x_wconf 81' lang='grc' dir='ltr'>προφήτης</span> <span class='ocrx_word' id='word_1_919' title='bbox 2665 4535 2765 4604; x_wconf 88' lang='grc' dir='ltr'>τῆς</span> <span class='ocrx_word' id='word_1_920' title='bbox 2809 4533 3192 4602; x_wconf 87' lang='grc' dir='ltr'>γενεαλογίας,</span> <span class='ocrx_word' id='word_1_921' title='bbox 3247 4531 3342 4583; x_wconf 88' lang='grc' dir='ltr'>τοῦ</span> <span class='ocrx_word' id='word_1_922' title='bbox 3403 4531 3540 4584; x_wconf 63' lang='lat' dir='ltr'>xm</span> <span class='ocrx_word' id='word_1_923' title='bbox 3581 4531 3682 4601; x_wconf 81' lang='grc' dir='ltr'>τήν</span> 
     </span>
    </p>
   </div>
   <div class='ocr_carea' id='block_1_118' title="bbox 2017 4611 3680 4694">
    <p class='ocr_par' dir='ltr' id='par_1_118' title="bbox 2017 4611 3680 4694">
     <span class='ocr_line' id='line_1_118' title="bbox 2017 4611 3680 4694; baseline -0.006 -20"><span class='ocrx_word' id='word_1_924' title='bbox 2017 4623 2235 4694; x_wconf 88' lang='grc' dir='ltr'>μνήμην</span> <span class='ocrx_word' id='word_1_925' title='bbox 2266 4618 2750 4687; x_wconf 78' lang='grc' dir='ltr'>ἀποπεμψάμενος,</span> <span class='ocrx_word' id='word_1_926' title='bbox 2785 4618 2876 4670; x_wconf 79' lang='grc' dir='ltr'>καὶ</span> <span class='ocrx_word' id='word_1_927' title='bbox 2919 4614 3028 4668; x_wconf 87' lang='grc' dir='ltr'>τῶν</span> <span class='ocrx_word' id='word_1_928' title='bbox 3083 4613 3142 4676; x_wconf 77' lang='grc' dir='ltr'>ἐξ</span> <span class='ocrx_word' id='word_1_929' title='bbox 3191 4611 3355 4666; x_wconf 83' lang='grc' dir='ltr'>αὑτοῦ</span> <span class='ocrx_word' id='word_1_930' title='bbox 3397 4613 3554 4683; x_wconf 88' lang='grc' dir='ltr'>μέχρι</span> <span class='ocrx_word' id='word_1_931' title='bbox 3583 4612 3680 4664; x_wconf 86' lang='grc' dir='ltr'>τοῦ</span> 
     </span>
    </p>
   </div>
   <div class='ocr_carea' id='block_1_119' title="bbox 2011 4694 3681 4774">
    <p class='ocr_par' dir='ltr' id='par_1_119' title="bbox 2011 4694 3681 4774">
     <span class='ocr_line' id='line_1_119' title="bbox 2011 4694 3681 4774; baseline -0.008 -16"><span class='ocrx_word' id='word_1_932' title='bbox 2011 4705 2204 4774; x_wconf 86' lang='grc' dir='ltr'>Λάμεχ</span> <span class='ocrx_word' id='word_1_933' title='bbox 2224 4703 2542 4772; x_wconf 86' lang='grc' dir='ltr'>γεγονότων,</span> <span class='ocrx_word' id='word_1_934' title='bbox 2575 4703 2669 4755; x_wconf 79' lang='grc' dir='ltr'>καὶ</span> <span class='ocrx_word' id='word_1_935' title='bbox 2695 4701 2882 4770; x_wconf 79' lang='grc' dir='ltr'>ἐπειδὴ</span> <span class='ocrx_word' id='word_1_936' title='bbox 2910 4699 3008 4770; x_wconf 78' lang='grc' dir='ltr'>τήν</span> <span class='ocrx_word' id='word_1_937' title='bbox 3039 4699 3148 4751; x_wconf 76' lang='grc' dir='ltr'>ἀπὸ</span> <span class='ocrx_word' id='word_1_938' title='bbox 3169 4697 3266 4766; x_wconf 87' lang='grc' dir='ltr'>τῆς</span> <span class='ocrx_word' id='word_1_939' title='bbox 3294 4695 3504 4764; x_wconf 83' lang='grc' dir='ltr'>φύσεως</span> <span class='ocrx_word' id='word_1_940' title='bbox 3531 4694 3681 4763; x_wconf 74' lang='grc' dir='ltr'>αὐτῷ</span> 
     </span>
    </p>
   </div>
   <div class='ocr_carea' id='block_1_120' title="bbox 2014 4777 3677 4856">
    <p class='ocr_par' dir='ltr' id='par_1_120' title="bbox 2014 4777 3677 4856">
     <span class='ocr_line' id='line_1_120' title="bbox 2014 4777 3677 4856; baseline -0.005 -18"><span class='ocrx_word' id='word_1_941' title='bbox 2014 4787 2304 4856; x_wconf 87' lang='grc' dir='ltr'>προεδρίαν</span> <span class='ocrx_word' id='word_1_942' title='bbox 2349 4785 2697 4856; x_wconf 85' lang='grc' dir='ltr'>χαρισθεῖσαν</span> <span class='ocrx_word' id='word_1_943' title='bbox 2749 4783 2794 4848; x_wconf 72' lang='grc' dir='ltr'>ί,</span> <span class='ocrx_word' id='word_1_944' title='bbox 2837 4785 2936 4853; x_wconf 79' lang='grc' dir='ltr'>τὴν</span> <span class='ocrx_word' id='word_1_945' title='bbox 2973 4779 3080 4833; x_wconf 91' lang='grc' dir='ltr'>τῶν</span> <span class='ocrx_word' id='word_1_946' title='bbox 3131 4777 3485 4850; x_wconf 85' lang='grc' dir='ltr'>πρωτοτόκων</span> <span class='ocrx_word' id='word_1_947' title='bbox 3515 4778 3677 4844; x_wconf 85' lang='grc' dir='ltr'>λέγω,</span> 
     </span>
    </p>
   </div>
   <div class='ocr_carea' id='block_1_121' title="bbox 2013 4859 3680 4941">
    <p class='ocr_par' dir='ltr' id='par_1_121' title="bbox 2013 4859 3680 4941">
     <span class='ocr_line' id='line_1_121' title="bbox 2013 4859 3680 4941; baseline -0.006 -19"><span class='ocrx_word' id='word_1_948' title='bbox 2013 4871 2077 4939; x_wconf 81' lang='grc' dir='ltr'>τῇ</span> <span class='ocrx_word' id='word_1_949' title='bbox 2119 4871 2286 4941; x_wconf 72' lang='grc' dir='ltr'>κακία</span> <span class='ocrx_word' id='word_1_950' title='bbox 2324 4872 2422 4939; x_wconf 88' lang='grc' dir='ltr'>τῆς</span> <span class='ocrx_word' id='word_1_951' title='bbox 2468 4867 2840 4940; x_wconf 84' lang='grc' dir='ltr'>προαιρέσεως</span> <span class='ocrx_word' id='word_1_952' title='bbox 2870 4865 3196 4934; x_wconf 88' lang='grc' dir='ltr'>ἐλυμήνατο,</span> <span class='ocrx_word' id='word_1_953' title='bbox 3231 4859 3548 4916; x_wconf 84' lang='grc' dir='ltr'>ἐκϐάλλεται</span> <span class='ocrx_word' id='word_1_954' title='bbox 3581 4860 3680 4930; x_wconf 83' lang='grc' dir='ltr'>μὲν</span> 
     </span>
    </p>
   </div>
   <div class='ocr_carea' id='block_1_122' title="bbox 2013 4945 3681 5021">
    <p class='ocr_par' dir='ltr' id='par_1_122' title="bbox 2013 4945 3681 5021">
     <span class='ocr_line' id='line_1_122' title="bbox 2013 4945 3681 5021; baseline -0.005 -16"><span class='ocrx_word' id='word_1_955' title='bbox 2013 4955 2193 5018; x_wconf 77' lang='grc' dir='ltr'>αὐτὸς,</span> <span class='ocrx_word' id='word_1_956' title='bbox 2226 4957 2319 5008; x_wconf 78' lang='grc' dir='ltr'>καὶ</span> <span class='ocrx_word' id='word_1_957' title='bbox 2345 4958 2393 5007; x_wconf 87' lang='grc' dir='ltr'>οἱ</span> <span class='ocrx_word' id='word_1_958' title='bbox 2420 4954 2477 5021; x_wconf 81' lang='grc' dir='ltr'>ἐξ</span> <span class='ocrx_word' id='word_1_959' title='bbox 2505 4954 2693 5018; x_wconf 71' lang='grc' dir='ltr'>αὑτοῦ,</span> <span class='ocrx_word' id='word_1_960' title='bbox 2720 4951 2812 5005; x_wconf 86' lang='grc' dir='ltr'>τοῦ</span> <span class='ocrx_word' id='word_1_961' title='bbox 2851 4949 3177 5016; x_wconf 84' lang='grc' dir='ltr'>καταλόγου·</span> <span class='ocrx_word' id='word_1_962' title='bbox 3206 4949 3234 4999; x_wconf 88' lang='grc' dir='ltr'><strong>ὀ</strong></span> <span class='ocrx_word' id='word_1_963' title='bbox 3261 4945 3317 5000; x_wconf 77' lang='grc' dir='ltr'>δὲ</span> <span class='ocrx_word' id='word_1_964' title='bbox 3360 4945 3466 5018; x_wconf 82' lang='grc' dir='ltr'>Σήθ</span> <span class='ocrx_word' id='word_1_965' title='bbox 3497 4947 3681 4998; x_wconf 76' lang='grc' dir='ltr'>λοιπὸν</span> 
     </span>
    </p>
   </div>
   <div class='ocr_carea' id='block_1_123' title="bbox 2013 5029 3679 5110">
    <p class='ocr_par' dir='ltr' id='par_1_123' title="bbox 2013 5029 3679 5110">
     <span class='ocr_line' id='line_1_123' title="bbox 2013 5029 3679 5110; baseline -0.004 -19"><span class='ocrx_word' id='word_1_966' title='bbox 2013 5041 2150 5110; x_wconf 81' lang='grc' dir='ltr'>ὅπερ</span> <span class='ocrx_word' id='word_1_967' title='bbox 2192 5040 2290 5091; x_wconf 76' lang='grc' dir='ltr'>οὐκ</span> <span class='ocrx_word' id='word_1_968' title='bbox 2335 5036 2478 5108; x_wconf 73' lang='grc' dir='ltr'>εἶχεν</span> <span class='ocrx_word' id='word_1_969' title='bbox 2511 5037 2619 5091; x_wconf 85' lang='grc' dir='ltr'>ἀπὸ</span> <span class='ocrx_word' id='word_1_970' title='bbox 2670 5036 2769 5105; x_wconf 85' lang='grc' dir='ltr'>τῆς</span> <span class='ocrx_word' id='word_1_971' title='bbox 2809 5034 3040 5103; x_wconf 75' lang='grc' dir='ltr'>φύσεως,</span> <span class='ocrx_word' id='word_1_972' title='bbox 3088 5031 3275 5085; x_wconf 84' lang='grc' dir='ltr'>τούτου</span> <span class='ocrx_word' id='word_1_973' title='bbox 3321 5033 3410 5085; x_wconf 82' lang='grc' dir='ltr'>διά</span> <span class='ocrx_word' id='word_1_974' title='bbox 3452 5029 3550 5102; x_wconf 81' lang='grc' dir='ltr'>τὴν</span> <span class='ocrx_word' id='word_1_975' title='bbox 3583 5031 3679 5101; x_wconf 80' lang='grc' dir='ltr'>τῆς</span> 
     </span>
    </p>
   </div>
   <div class='ocr_carea' id='block_1_124' title="bbox 2015 5111 3679 5192">
    <p class='ocr_par' dir='ltr' id='par_1_124' title="bbox 2015 5111 3679 5192">
     <span class='ocr_line' id='line_1_124' title="bbox 2015 5111 3679 5192; baseline -0.008 -18"><span class='ocrx_word' id='word_1_976' title='bbox 2015 5123 2385 5192; x_wconf 84' lang='grc' dir='ltr'>προαιρέσεως</span> <span class='ocrx_word' id='word_1_977' title='bbox 2431 5119 2847 5188; x_wconf 82' lang='grc' dir='ltr'>εὐγνωμοσύνην</span> <span class='ocrx_word' id='word_1_978' title='bbox 2903 5113 3165 5180; x_wconf 76' lang='grc' dir='ltr'>ἀξιοῦται,</span> <span class='ocrx_word' id='word_1_979' title='bbox 3219 5115 3314 5166; x_wconf 74' lang='grc' dir='ltr'>καὶ</span> <span class='ocrx_word' id='word_1_980' title='bbox 3361 5115 3439 5177; x_wconf 85' lang='grc' dir='ltr'>εἰς</span> <span class='ocrx_word' id='word_1_981' title='bbox 3493 5111 3679 5166; x_wconf 85' lang='grc' dir='ltr'>τοῦτον</span> 
     </span>
    </p>
   </div>
   <div class='ocr_carea' id='block_1_125' title="bbox 2017 5193 3680 5274">
    <p class='ocr_par' dir='ltr' id='par_1_125' title="bbox 2017 5193 3680 5274">
     <span class='ocr_line' id='line_1_125' title="bbox 2017 5193 3680 5274; baseline -0.006 -18"><span class='ocrx_word' id='word_1_982' title='bbox 2017 5205 2330 5274; x_wconf 84' lang='grc' dir='ltr'>μεθίσταται</span> <span class='ocrx_word' id='word_1_983' title='bbox 2367 5202 2550 5254; x_wconf 82' lang='grc' dir='ltr'>λοιπὸν</span> <span class='ocrx_word' id='word_1_984' title='bbox 2589 5201 2654 5252; x_wconf 84' lang='grc' dir='ltr'>τά</span> <span class='ocrx_word' id='word_1_985' title='bbox 2697 5199 2796 5268; x_wconf 90' lang='grc' dir='ltr'>τῆς</span> <span class='ocrx_word' id='word_1_986' title='bbox 2829 5197 3216 5270; x_wconf 83' lang='grc' dir='ltr'>πρωτοτοκίας,</span> <span class='ocrx_word' id='word_1_987' title='bbox 3251 5198 3298 5248; x_wconf 87' lang='grc' dir='ltr'>εἰ</span> <span class='ocrx_word' id='word_1_988' title='bbox 3345 5197 3437 5249; x_wconf 74' lang='grc' dir='ltr'>καὶ</span> <span class='ocrx_word' id='word_1_989' title='bbox 3481 5195 3558 5266; x_wconf 87' lang='grc' dir='ltr'>μὴ</span> <span class='ocrx_word' id='word_1_990' title='bbox 3593 5193 3680 5246; x_wconf 83' lang='grc' dir='ltr'>διὰ</span> 
     </span>
    </p>
   </div>
   <div class='ocr_carea' id='block_1_126' title="bbox 2011 5279 3680 5358">
    <p class='ocr_par' dir='ltr' id='par_1_126' title="bbox 2011 5279 3680 5358">
     <span class='ocr_line' id='line_1_126' title="bbox 2011 5279 3680 5358; baseline -0.005 -20"><span class='ocrx_word' id='word_1_991' title='bbox 2011 5289 2110 5358; x_wconf 79' lang='grc' dir='ltr'>τὴν</span> <span class='ocrx_word' id='word_1_992' title='bbox 2140 5287 2320 5357; x_wconf 73' lang='grc' dir='ltr'>φύσιν,</span> <span class='ocrx_word' id='word_1_993' title='bbox 2347 5285 2480 5339; x_wconf 83' lang='grc' dir='ltr'>ἀλλὰ</span> <span class='ocrx_word' id='word_1_994' title='bbox 2503 5285 2592 5336; x_wconf 72' lang='grc' dir='ltr'>διὰ</span> <span class='ocrx_word' id='word_1_995' title='bbox 2637 5283 2736 5352; x_wconf 83' lang='grc' dir='ltr'>τήν</span> <span class='ocrx_word' id='word_1_996' title='bbox 2777 5281 2876 5351; x_wconf 85' lang='grc' dir='ltr'>τῆς</span> <span class='ocrx_word' id='word_1_997' title='bbox 2905 5280 3270 5351; x_wconf 87' lang='grc' dir='ltr'>προαιρέσεως</span> <span class='ocrx_word' id='word_1_998' title='bbox 3298 5280 3542 5350; x_wconf 85' lang='grc' dir='ltr'>γνώμην,</span> <span class='ocrx_word' id='word_1_999' title='bbox 3587 5279 3680 5331; x_wconf 68' lang='grc' dir='ltr'>καὶ</span> 
     </span>
    </p>
   </div>
   <div class='ocr_carea' id='block_1_127' title="bbox 2012 5361 3678 5437">
    <p class='ocr_par' dir='ltr' id='par_1_127' title="bbox 2012 5361 3678 5437">
     <span class='ocr_line' id='line_1_127' title="bbox 2012 5361 3678 5437; baseline -0.007 -13"><span class='ocrx_word' id='word_1_1000' title='bbox 2012 5372 2060 5424; x_wconf 82' lang='grc' dir='ltr'>οἰ</span> <span class='ocrx_word' id='word_1_1001' title='bbox 2093 5373 2157 5424; x_wconf 83' lang='grc' dir='ltr'>ἐκ</span> <span class='ocrx_word' id='word_1_1002' title='bbox 2186 5371 2376 5423; x_wconf 87' lang='grc' dir='ltr'>τούτου</span> <span class='ocrx_word' id='word_1_1003' title='bbox 2413 5367 2719 5437; x_wconf 87' lang='grc' dir='ltr'>τικτόμενοι</span> <span class='ocrx_word' id='word_1_1004' title='bbox 2745 5364 2844 5432; x_wconf 86' lang='grc' dir='ltr'>τῆς</span> <span class='ocrx_word' id='word_1_1005' title='bbox 2876 5363 3222 5431; x_wconf 84' lang='grc' dir='ltr'>γενεαλογίας</span> <span class='ocrx_word' id='word_1_1006' title='bbox 3254 5361 3546 5426; x_wconf 79' lang='grc' dir='ltr'>ἀξιοῦνται.</span> <span class='ocrx_word' id='word_1_1007' title='bbox 3569 5363 3678 5414; x_wconf 80' lang='grc' dir='ltr'>Καὶ</span> 
     </span>
    </p>
   </div>
   <div class='ocr_carea' id='block_1_128' title="bbox 2013 5443 3678 5524">
    <p class='ocr_par' dir='ltr' id='par_1_128' title="bbox 2013 5443 3678 5524">
     <span class='ocr_line' id='line_1_128' title="bbox 2013 5443 3678 5524; baseline -0.005 -20"><span class='ocrx_word' id='word_1_1008' title='bbox 2013 5453 2200 5524; x_wconf 79' lang='grc' dir='ltr'>ὥσπερ</span> <span class='ocrx_word' id='word_1_1009' title='bbox 2228 5445 2380 5512; x_wconf 77' lang='grc' dir='ltr'>οὗτος</span> <span class='ocrx_word' id='word_1_1010' title='bbox 2415 5449 2578 5512; x_wconf 85' lang='grc' dir='ltr'>Ἐνὼς</span> <span class='ocrx_word' id='word_1_1011' title='bbox 2599 5447 2803 5518; x_wconf 80' lang='grc' dir='ltr'>ἐκλήθη</span> <span class='ocrx_word' id='word_1_1012' title='bbox 2829 5445 2918 5498; x_wconf 84' lang='grc' dir='ltr'>διά</span> <span class='ocrx_word' id='word_1_1013' title='bbox 2943 5447 3002 5498; x_wconf 84' lang='grc' dir='ltr'>τὸ</span> <span class='ocrx_word' id='word_1_1014' title='bbox 3028 5443 3399 5497; x_wconf 83' lang='grc' dir='ltr'>ἐπικαλεῖσθαι</span> <span class='ocrx_word' id='word_1_1015' title='bbox 3421 5443 3482 5496; x_wconf 79' lang='grc' dir='ltr'>τὸ</span> <span class='ocrx_word' id='word_1_1016' title='bbox 3507 5443 3678 5511; x_wconf 82' lang='grc' dir='ltr'>ὄνομα</span> 
     </span>
    </p>
   </div>
   <div class='ocr_carea' id='block_1_129' title="bbox 2015 5525 3678 5605">
    <p class='ocr_par' dir='ltr' id='par_1_129' title="bbox 2015 5525 3678 5605">
     <span class='ocr_line' id='line_1_129' title="bbox 2015 5525 3678 5605; baseline -0.007 -17"><span class='ocrx_word' id='word_1_1017' title='bbox 2015 5537 2217 5605; x_wconf 85' lang='grc' dir='ltr'>Κυρίου</span> <span class='ocrx_word' id='word_1_1018' title='bbox 2240 5536 2332 5588; x_wconf 87' lang='grc' dir='ltr'>τοῦ</span> <span class='ocrx_word' id='word_1_1019' title='bbox 2365 5533 2520 5596; x_wconf 89' lang='grc' dir='ltr'>Θεοῦ,</span> <span class='ocrx_word' id='word_1_1020' title='bbox 2542 5533 2684 5585; x_wconf 72' lang='grc' dir='ltr'>οὕτω</span> <span class='ocrx_word' id='word_1_1021' title='bbox 2719 5533 2811 5584; x_wconf 78' lang='grc' dir='ltr'>καὶ</span> <span class='ocrx_word' id='word_1_1022' title='bbox 2846 5531 2894 5582; x_wconf 83' lang='grc' dir='ltr'>οἱ</span> <span class='ocrx_word' id='word_1_1023' title='bbox 2930 5531 2996 5581; x_wconf 86' lang='grc' dir='ltr'>ἐκ</span> <span class='ocrx_word' id='word_1_1024' title='bbox 3017 5527 3203 5580; x_wconf 86' lang='grc' dir='ltr'>τούτου</span> <span class='ocrx_word' id='word_1_1025' title='bbox 3232 5527 3414 5578; x_wconf 78' lang='grc' dir='ltr'>λοιπὸν</span> <span class='ocrx_word' id='word_1_1026' title='bbox 3439 5525 3498 5578; x_wconf 85' lang='grc' dir='ltr'>τὸ</span> <span class='ocrx_word' id='word_1_1027' title='bbox 3523 5525 3678 5594; x_wconf 85' lang='grc' dir='ltr'>γένος</span> 
     </span>
    </p>
   </div>
   <div class='ocr_carea' id='block_1_130' title="bbox 2014 5606 3679 5687">
    <p class='ocr_par' dir='ltr' id='par_1_130' title="bbox 2014 5606 3679 5687">
     <span class='ocr_line' id='line_1_130' title="bbox 2014 5606 3679 5687; baseline -0.005 -19"><span class='ocrx_word' id='word_1_1028' title='bbox 2014 5619 2373 5687; x_wconf 79' lang='grc' dir='ltr'>καταγόμενοι</span> <span class='ocrx_word' id='word_1_1029' title='bbox 2428 5615 2526 5686; x_wconf 81' lang='grc' dir='ltr'>τῆς</span> <span class='ocrx_word' id='word_1_1030' title='bbox 2586 5613 2758 5684; x_wconf 85' lang='grc' dir='ltr'>αὐτῆς</span> <span class='ocrx_word' id='word_1_1031' title='bbox 2809 5611 3081 5676; x_wconf 81' lang='grc' dir='ltr'>ἀξιοῦνται</span> <span class='ocrx_word' id='word_1_1032' title='bbox 3139 5606 3528 5679; x_wconf 88' lang='grc' dir='ltr'>προσηγορίας.</span> <span class='ocrx_word' id='word_1_1033' title='bbox 3581 5607 3679 5660; x_wconf 86' lang='grc' dir='ltr'>Διά</span> 
     </span>
    </p>
   </div>
   <div class='ocr_carea' id='block_1_131' title="bbox 2013 5690 3675 5768">
    <p class='ocr_par' dir='ltr' id='par_1_131' title="bbox 2013 5690 3675 5768">
     <span class='ocr_line' id='line_1_131' title="bbox 2013 5690 3675 5768; baseline -0.005 -18"><span class='ocrx_word' id='word_1_1034' title='bbox 2013 5699 2168 5752; x_wconf 86' lang='grc' dir='ltr'>τοῦτο</span> <span class='ocrx_word' id='word_1_1035' title='bbox 2203 5701 2294 5752; x_wconf 77' lang='grc' dir='ltr'>καὶ</span> <span class='ocrx_word' id='word_1_1036' title='bbox 2323 5701 2354 5751; x_wconf 90' lang='grc' dir='ltr'><strong>ὁ</strong></span> <span class='ocrx_word' id='word_1_1037' title='bbox 2398 5699 2664 5768; x_wconf 85' lang='grc' dir='ltr'>μακάριος</span> <span class='ocrx_word' id='word_1_1038' title='bbox 2705 5690 2858 5758; x_wconf 76' lang='grc' dir='ltr'>οὗτος</span> <span class='ocrx_word' id='word_1_1039' title='bbox 2901 5695 3182 5764; x_wconf 82' lang='grc' dir='ltr'>προφήτης</span> <span class='ocrx_word' id='word_1_1040' title='bbox 3217 5691 3446 5745; x_wconf 79' lang='grc' dir='ltr'>ἐνταῦθα</span> <span class='ocrx_word' id='word_1_1041' title='bbox 3477 5691 3675 5761; x_wconf 89' lang='grc' dir='ltr'>στήσας</span> 
     </span>
    </p>
   </div>
   <div class='ocr_carea' id='block_1_132' title="bbox 2013 5777 3270 5853">
    <p class='ocr_par' dir='ltr' id='par_1_132' title="bbox 2013 5777 3270 5853">
     <span class='ocr_line' id='line_1_132' title="bbox 2013 5777 3270 5853; baseline -0.007 -19"><span class='ocrx_word' id='word_1_1042' title='bbox 2013 5783 2111 5853; x_wconf 80' lang='grc' dir='ltr'>τὴν</span> <span class='ocrx_word' id='word_1_1043' title='bbox 2133 5783 2384 5852; x_wconf 87' lang='grc' dir='ltr'>διήγησιν</span> <span class='ocrx_word' id='word_1_1044' title='bbox 2411 5781 2571 5833; x_wconf 78' lang='grc' dir='ltr'>πάλιν</span> <span class='ocrx_word' id='word_1_1045' title='bbox 2599 5781 2772 5850; x_wconf 79' lang='grc' dir='ltr'>ἀρχὴν</span> <span class='ocrx_word' id='word_1_1046' title='bbox 2805 5777 2996 5848; x_wconf 82' lang='grc' dir='ltr'>ἑτέραν</span> <span class='ocrx_word' id='word_1_1047' title='bbox 3021 5777 3270 5829; x_wconf 87' lang='grc' dir='ltr'>ποιεῖται.</span> 
     </span>
    </p>
   </div>
   <div class='ocr_carea' id='block_1_133' title="bbox 2077 5924 3672 6002">
    <p class='ocr_par' dir='ltr' id='par_1_133' title="bbox 2077 5924 3672 6002">
     <span class='ocr_line' id='line_1_133' title="bbox 2077 5924 3672 6002; baseline -0.009 -13"><span class='ocrx_word' id='word_1_1048' title='bbox 2077 5943 2100 5972; x_wconf 78' lang='lat'><strong><em>°</em></strong></span> <span class='ocrx_word' id='word_1_1049' title='bbox 2141 5937 2238 5990; x_wconf 79' lang='lat' dir='ltr'><strong><em>Alii</em></strong></span> <span class='ocrx_word' id='word_1_1050' title='bbox 2265 5941 2310 5986; x_wconf 84' lang='grc' dir='ltr'>οἰ</span> <span class='ocrx_word' id='word_1_1051' title='bbox 2347 5945 2432 5997; x_wconf 84' lang='grc' dir='ltr'>τῆς</span> <span class='ocrx_word' id='word_1_1052' title='bbox 2467 5943 2642 5999; x_wconf 81' lang='grc' dir='ltr'>γενεᾶς.</span> <span class='ocrx_word' id='word_1_1053' title='bbox 2671 5935 2856 6002; x_wconf 28' lang='lat' dir='ltr'>‘0qu</span> <span class='ocrx_word' id='word_1_1054' title='bbox 2881 5935 3143 6002; x_wconf 36' lang='grc' dir='ltr'>ηιεεκτδηη..</span> <span class='ocrx_word' id='word_1_1055' title='bbox 3161 5933 3482 6002; x_wconf 69' lang='grc' dir='ltr'>γεγενημένον.</span> <span class='ocrx_word' id='word_1_1056' title='bbox 3520 5924 3672 5976; x_wconf 69' lang='grc' dir='ltr'>επεὶ.</span> 
     </span>
    </p>
   </div>
   <div class='ocr_carea' id='block_1_134' title="bbox 2013 5995 3518 6064">
    <p class='ocr_par' dir='ltr' id='par_1_134' title="bbox 2013 5995 3518 6064">
     <span class='ocr_line' id='line_1_134' title="bbox 2013 5995 3518 6064; baseline -0.01 -12"><span class='ocrx_word' id='word_1_1057' title='bbox 2013 6005 2164 6052; x_wconf 82' lang='grc' dir='ltr'>τῶν...</span> <span class='ocrx_word' id='word_1_1058' title='bbox 2190 5995 2527 6064; x_wconf 70' lang='grc' dir='ltr'>γεγενημένων.</span> <span class='ocrx_word' id='word_1_1059' title='bbox 2598 6003 2620 6029; x_wconf 78' lang='grc' dir='ltr'>θ</span> <span class='ocrx_word' id='word_1_1060' title='bbox 2655 5997 2750 6050; x_wconf 75' lang='lat' dir='ltr'><strong><em>Alii</em></strong></span> <span class='ocrx_word' id='word_1_1061' title='bbox 2775 5997 2926 6060; x_wconf 79' lang='grc' dir='ltr'>χάριν.</span> <span class='ocrx_word' id='word_1_1062' title='bbox 2999 5995 3019 6034; x_wconf 77' lang='grc' dir='ltr'>ῐ</span> <span class='ocrx_word' id='word_1_1063' title='bbox 3047 5997 3144 6046; x_wconf 75' lang='lat' dir='ltr'><strong><em>Alii</em></strong></span> <span class='ocrx_word' id='word_1_1064' title='bbox 3169 5995 3518 6055; x_wconf 78' lang='grc' dir='ltr'>ἅφορισθεῐσαν.</span> 
     </span>
    </p>
   </div>
   <div class='ocr_carea' id='block_1_135' title="bbox 3179 6079 3248 6138">
    <p class='ocr_par' dir='ltr' id='par_1_135' title="bbox 3179 6079 3248 6138">
     <span class='ocr_line' id='line_1_135' title="bbox 3179 6079 3248 6138; baseline 0 0"><span class='ocrx_word' id='word_1_1065' title='bbox 3179 6079 3248 6138; x_wconf 89' lang='grc'>11</span> 
     </span>
    </p>
   </div>
  </div>
