4038 6394
300 379 395 434 I73

362 496 422 547 c'.
460 492 594 547 Ἀλλ’
621 494 705 549 ἵνα
744 492 817 567 μὴ
851 493 1142 565 ἀρξάμενοι
1165 496 1258 550 τοῦ
1309 498 1645 571 διηγήματος
1668 514 1693 544 ι
1719 503 1800 567 είς
1823 503 1957 557 πολὺ

295 578 468 650 μῆκος
506 580 833 651 ἑκτείνωμεν
870 580 968 653 τὴν
1000 581 1367 646 διδασκαλίαν,
1399 586 1632 640 ἐνταῦθα
1674 590 1767 642 καὶ
1801 591 1963 659 ἡμεῖς

289 666 539 740 καθάπερ
592 670 622 721 6
672 672 935 740 μακάριος
979 664 1134 733 οὗτος
1184 674 1470 745 προφήτης
1516 674 2003 745 καταπαύσωμενκ

288 754 381 807 τὸν
405 755 579 826 λόγον,
603 757 683 820 είς
710 755 807 827 τὴν
841 756 988 826 ἑξῆς,
1017 757 1110 811 ἐὰν
1141 757 1170 809 6
1204 758 1337 823 Θεὸς
1375 760 1662 834 ἐπιτρέπῃ,
1697 761 1805 814 τῶν
1840 762 1964 814 ἑπο-

294 843 469 912 μένων
493 842 590 914 τὴν
618 841 910 915 ἑρμηνείαν
948 847 1397 916 ταμιευσάμενοι.
1434 847 1585 912 Τέως
1635 848 1691 901 δὲ
1737 850 1827 900 ἐπὶ
1864 847 1958 901 τοῦ

290 929 552 1001 παρόντος
593 930 766 983 ἐκεῖνο
818 930 1199 1001 παρακαλέσαι
1265 932 1363 1002 τὴν
1422 933 1689 1005 ὑμετέραν
1742 935 1961 1004 ἀγάπην

292 1014 571 1086 βούλομαι,
595 1014 734 1069 ὥστε
763 1017 1103 1086 καρποῦσθαι
1133 1036 1185 1071 τι
1220 1017 1380 1073 πλέον
1407 1020 1473 1073 ἐκ
1499 1019 1608 1073 τῶν
1637 1023 1763 1091 παρ’
1803 1019 1959 1091 ἡμῶν

293 1100 622 1174 λεγομένων,
663 1105 756 1157 καὶ
807 1103 928 1157 καθ’
968 1105 1203 1177 ἑκάστην
1243 1107 1451 1177 ἡμέραν
1498 1108 1725 1171 ἑαυτοὺς
1763 1107 1962 1178 διερευ-

290 1195 506 1259 νᾶσθαι,
534 1196 587 1250 τί
619 1196 718 1268 μὲν
749 1199 814 1250 ἐκ
863 1197 1064 1269 ταύτης
1101 1200 1199 1270 τῆς
1229 1198 1571 1263 διδασκαλίας
1609 1199 1955 1271 ἐκερδάνατε,

289 1283 344 1337 τί
373 1283 430 1336 δέ
466 1285 532 1337 ἑκ
552 1283 649 1354 τῆς
675 1285 884 1355 ἐτέρας,
923 1285 1017 1338 καὶ
1057 1285 1133 1357 μὴ
1168 1285 1325 1356 μόνον
1351 1286 1512 1359 μέχρι
1540 1286 1641 1356 τῆς
1676 1287 1845 1357 ἀκοῆς
1877 1287 1962 1339 δέ-

288 1369 479 1440 χεσθαι
511 1370 577 1423 16
623 1371 753 1442 παρ’
785 1370 941 1442 ἡμῶν
987 1371 1273 1442 λεγόμενα,
1306 1373 1442 1428 ἀλλά
1470 1374 1564 1428 καὶ
1611 1376 1690 1437 είς
1721 1373 1817 1445 τὴν
1853 1374 1961 1428 διά-

290 1476 439 1513 νοιαν
471 1459 625 1531 ὐμῶν
653 1460 793 1513 αὐτὰ
822 1461 1255 1529 ἐναποτίθεσθαι,
1289 1463 1383 1516 καὶ
1416 1466 1482 1535 τῇ
1520 1467 1733 1534 συνεχεῖ
1760 1464 1959 1537 μελέτῃ

292 1548 500 1616 παγίαν
546 1549 727 1603 αὐτῶν
783 1550 882 1620 τὴν
927 1551 1147 1621 μνήμην
1194 1552 1487 1605 ποιεῖσθαι.
1539 1551 1806 1625 Βούλομαι
1849 1551 1959 1623 γάρ

291 1635 436 1704 ὑμᾶς
477 1636 550 1707 μὴ
585 1636 745 1705 μόνον
774 1638 982 1700 ἑαυτοῖς
1030 1639 1238 1708 ἀρκεῖν,
1266 1639 1400 1692 ἀλλά
1448 1640 1541 1693 καὶ
1586 1640 1790 1711 ἑτέροις
1820 1639 1959 1692 διδα-

293 1720 521 1783 σκάλους
548 1721 813 1790 γίνεσθαι,
841 1723 979 1776 ὥστε
1011 1723 1269 1779 δύνασθαι
1296 1726 1389 1778 καὶ
1414 1726 1635 1797 ἑτέρους
1668 1726 1954 1792 νουθετεῖν,

292 1808 388 1860 καὶ
418 1808 490 1879 μὴ
525 1808 611 1861 διά
642 1808 813 1877 λόγων
855 1810 1013 1880 μόνον
1042 1810 1199 1864 τοῦτο
1227 1814 1417 1875 ποιεῖν,
1442 1813 1578 1866 ἀλλά
1607 1814 1700 1867 καὶ
1730 1813 1818 1867 διὰ
1848 1813 1956 1866 τῶν

291 1894 466 1966 ἔργων
516 1896 787 1949 παιδεύειν
838 1897 966 1960 τοὺς
1015 1897 1236 1969 πλησίον
1291 1899 1428 1971 πρὸς
1470 1900 1568 1972 τὴν
1616 1904 1716 1972 τῆς
1757 1901 1957 1972 ἀρετῆς

289 1983 642 2055 κατόρθωσιν.
692 1984 972 2053 Ἐννόησον
1024 1986 1132 2055 γάρ
1188 2004 1297 2057 μοι,
1363 1988 1445 2040 ὅτι
1504 1991 1551 2040 εἰ
1610 1988 1955 2060 βουληθείητε

288 2069 411 2122 καθ’
438 2070 672 2141 ἑκάστην
706 2069 919 2141 ἡμέραν
953 2072 1182 2125 ἐνταῦθα
1211 2074 1643 2145 παραγενόμενοι
1674 2075 1867 2145 μικρόν
1902 2093 1955 2129 τι

291 2157 454 2228 μέρος
487 2157 850 2229 καρποῦσθαι,
903 2159 997 2212 καὶ
1037 2159 1145 2213 τῶν
1192 2160 1552 2230 ἐνοχλούντων
1592 2163 1721 2233 ὑμῖν
1768 2161 1955 2214 παθῶν

285 2242 566 2313 διόρθωσιν
607 2242 953 2314 ποιήσασθαι,
1002 2244 1116 2307 πῶς
1157 2247 1277 2298 κατ’
1305 2245 1482 2315 ὀλίγον
1521 2248 1601 2309 είς
1648 2246 1816 2318 αὐτὴν
1855 2246 1957 2316 τῆς

284 2331 484 2402 ἀρετῆς
513 2331 612 2401 τὴν
638 2331 815 2402 ἄκραν
848 2320 1091 2403 κορυφήν
1123 2333 1428 2388 ἐλεύσεσθε.
1464 2336 1597 2389 Οὐδέ
1645 2334 1755 2405 γάρ
1790 2336 1956 2388 παυό-

288 2416 427 2486 μεθα
455 2420 541 2487 ἐφ’
569 2418 807 2488 ἑκάστης
845 2419 1231 2490 διαλεγόμενοι,
1277 2422 1373 2474 καὶ
1426 2423 1552 2492 περὶ
1598 2423 1696 2494 τῆς
1728 2422 1955 2494 ἀρίστης

286 2502 562 2569 πολιτείας
610 2506 738 2576 ύμῖν
800 2507 1155 2577 ἐνηχοῦντες,
1208 2508 1347 2562 ὥστε
1396 2510 1465 2563 τά
1510 2511 1730 2581 ὀλέθρια
1782 2510 1954 2565 ταῦτα

284 2593 431 2664 πάθη
460 2594 769 2659 ἐκκόπτειν,
816 2596 909 2648 τὸν
951 2595 1118 2667 θυμὸν
1166 2597 1328 2667 λέγω,
1368 2598 1466 2670 τὴν
1500 2599 1817 2668 βασκανίαν,
1861 2603 1953 2656 τὸν

284 2680 500 2749 φθόνον.
532 2682 745 2736 Τούτων
786 2683 895 2755 γάρ
933 2684 1350 2756 ἀναιρεθέντων,
1382 2688 1742 2761 εὐκολώτερον
1785 2692 1877 2745 καὶ
1919 2694 1952 2763 ἡ

284 2768 413 2839 περὶ
437 2769 504 2822 τὰ
532 2771 790 2840 χρήματα
824 2771 989 2841 μανία
1009 2771 1293 2843 διόρθωσιν
1319 2773 1551 2844 λήψεται
1579 2777 1673 2830 καὶ
1701 2778 1798 2848 τῆς
1828 2780 1954 2850 περὶ

281 2855 353 2909 τὰ
377 2858 631 2928 χρήματα
663 2858 857 2928 μανίας
884 2859 1041 2913 πάλιν
1070 2859 1386 2933 παυθείσης,
1424 2862 1560 2931 μετά
1588 2862 1828 2926 πλείονος
1855 2865 1953 2936 τῆς

280 2942 465 3007 ἀδείας
500 2944 549 2996 οί
594 2943 784 2997 ἄτοποι
824 2943 1073 3016 λογισμοὶ
1122 2947 1216 3000 καὶ
1253 2950 1308 3000 αἱ
1353 2950 1576 3019 αἰσχραὶ
1627 2950 1953 3022 ἐνθυμήσεις

281 3031 809 3103 κατασταλήσονταιο
862 3031 1014 3097 Ῥίζα
1046 3033 1153 3104 γάρ
1186 3034 1403 3088 πάντων
1450 3034 1558 3088 τῶν
1590 3037 1774 3091 κακῶν
1801 3042 1952 3092 ἐστιν

282 3120 316 3189 ἡ
346 3118 693 3191 φιλαργυρία.
735 3118 835 3173 Ἂν
862 3120 1037 3173 τοίνυν
1069 3121 1168 3192 τὴν
1199 3121 1352 3193 ῥίζαν
1394 3124 1732 3195 ἑκτέμωμεν,
1773 3127 1865 3180 καὶ
1893 3128 1952 3194 ἐξ

281 3206 446 3261 αὐτοῦ
467 3206 561 3260 τοῦ
590 3207 785 3277 βάθους
807 3209 974 3278 αὐτὴν
1005 3209 1427 3281 ἀνασπάσωμεν,
1456 3213 1818 3284 εὐκολώτερον
1842 3215 1951 3269 τῶν

284 3294 496 3349 κλάδων
524 3296 911 3367 περιεσόμεθα.
950 3297 1016 3349 Ἥ
1053 3296 1162 3368 γάρ
1184 3298 1475 3368 ἀκρόπολις
1501 3300 1609 3354 τῶν
1634 3303 1837 3367 κακῶν,
1857 3305 1951 3357 καὶ

286 3386 316 3437 6
345 3380 605 3451 κολοφὼν,
645 3382 720 3447 ὡς
755 3385 948 3446 εἰπεῖν,
972 3384 1081 3437 τῶν
1119 3386 1548 3457 ἁμαρτημάτων,
1582 3391 1614 3461 ἡ
1645 3390 1816 3445 λύσσα
1842 3393 1950 3447 τῶν

281 3469 576 3539 χρημάτων
608 3469 775 3535 ἐστὶν,
802 3465 869 3541 ἧς
904 3472 951 3523 εί
980 3470 1369 3544 βουληθείημεν
1383 3472 1529 3548 [179]
1545 3478 1947 3547 περιγενέσθαι,

279 3554 431 3607 οὐδὲν
464 3555 525 3608 τὸ
555 3555 761 3609 κωλύον
785 3556 879 3611 καὶ
919 3557 1122 3629 ταύτην
1149 3560 1248 3630 τὴν
1301 3563 1496 3632 μανίαν
1540 3565 1821 3634 ἐκφυγεῖν,
1856 3569 1949 3622 καὶ

283 3642 421 3711 μετά
448 3643 652 3715 ταύτης
683 3646 1090 3700 συνανασπάσαι
1126 3648 1220 3700 καὶ
1249 3649 1502 3720 ἐκτεμεῖν
1532 3651 1709 3706 πάντα
1733 3654 1802 3707 τά
1824 3654 1942 3708 ὀλέ-

280 3730 405 3800 θρια
426 3730 594 3801 πάθη.
633 3730 743 3786 Καὶ
783 3732 856 3803 μὴ
882 3733 1138 3803 νομίσητε
1165 3735 1305 3805 μέγα
1327 3753 1379 3789 τι
1404 3737 1500 3790 καὶ
1529 3740 1783 3811 φορτικὸν
1811 3738 1947 3797 εἶναι

276 3817 337 3869 16
355 3818 649 3888 χρημάτων
682 3818 974 3889 ὑπεριδεῖν·
1007 3821 1174 3873 Ὅταν
1214 3821 1322 3893 γὰρ
1350 3823 1606 3895 ἑννοὴσω,
1643 3827 1726 3881 ὅτι
1766 3828 1948 3882 πολλοὶ

276 3904 383 3959 τῶν
412 3904 712 3977 ἀνθρώπων
735 3906 822 3959 διὰ
849 3906 1011 3978 κενὴν
1037 3907 1131 3961 καὶ
1159 3908 1415 3980 ἀνόνητον
1441 3912 1752 3982 φιλοτιμίαν
1779 3916 1945 3970 πολλά

276 3992 499 4062 χρυσίου
530 3992 767 4047 τάλαντα
813 3992 1023 4064 ἑξέχεον
1069 3996 1147 4058 είς
1197 3995 1349 4049 οὐδὲν
1379 3997 1528 4063 δέον,
1573 4000 1689 4054 ἀλλ’
1724 4002 1810 4055 ἵνα
1846 4004 1945 4075 τὴν

278 4082 429 4154 παρὰ
451 4081 559 4135 τῶν
585 4081 859 4153 ἀγοραίων
880 4082 971 4135 καὶ
998 4081 1418 4153 τριοὸολιμαίων
1443 4086 1702 4153 πολλάκις
1730 4089 1941 4163 ἀνθρώ-

277 4186 393 4222 πων
421 4169 695 4239 εὐφημίαν
726 4168 1147 4239 καρπώσωνται,
1169 4169 1267 4242 τήν
1288 4171 1395 4243 πρὸ
1413 4172 1512 4243 τῆς
1534 4175 1771 4249 ἑσπέρας
1792 4180 1943 4244 τέλος

275 4254 676 4327 λαμϐάνουσαν,
710 4256 966 4319 πολλάκις
991 4255 1049 4309 δέ
1093 4257 1214 4311 οὐδέ
1244 4259 1404 4330 μέχρι
1436 4262 1536 4332 τῆς
1559 4264 1797 4337 ἑσπέρας
1826 4266 1942 4322 δια-

279 4344 559 4413 μείνασαν,
587 4343 724 4398 ἀλλά
755 4344 849 4397 καὶ
870 4344 998 4413 πρὶν
1024 4344 1056 4413 ἦ
1089 4344 1443 4418 πληρωθῆναι
1475 4348 1574 4421 τὴν
1600 4352 1812 4423 ἡμέραν
1843 4372 1944 4424 μυ-

276 4432 412 4502 ρίοις
441 4432 637 4495 αὐτοὺς
666 4431 1097 4500 περιϐάλλουσαν
1131 4436 1320 4499 κακοῖς
1342 4450 1355 4463 ·
1385 4435 1586 4507 [ἕτεροι
1612 4440 1669 4492 δὲ
1711 4443 1817 4496 τῶν
1849 4445 1943 4498 ἐπὶ

272 4521 338 4587 τῇ
361 4517 534 4587 πλάνῃ
557 4521 620 4588 τῇ
662 4518 947 4590 Ἑλληνικῇ
980 4521 1563 4594 προκατειλημμένων,
1587 4528 1749 4583 πάλιν
1774 4529 1862 4584 διὰ
1882 4532 1942 4585 τὸ

272 4607 411 4676 πρὸς
440 4607 537 4677 τὴν
567 4605 675 4659 τῶν
701 4604 1004 4677 ἀνθρώπων
1046 4607 1345 4678 ἐπτοῆσθαι
1388 4610 1566 4677 δόξαν,
1603 4616 1696 4668 καὶ
1736 4617 1941 4691 ταύτην

272 4692 399 4761 περὶ
426 4692 619 4745 πολλοῦ
647 4691 937 4756 ποιεῖσθαι,
968 4692 1147 4747 πάντα
1168 4694 1237 4747 τὰ
1263 4695 1392 4750 ὄντα
1425 4698 1699 4768 ῥίψαντες,
1746 4706 1840 4758 καὶ
1884 4707 1942 4760 ἒν

274 4781 434 4849 μόνον
471 4779 754 4853 τριϐώνιον
786 4781 996 4844 ἑαυτοῖς
1018 4782 1409 4850 καταλιπόντες
1433 4786 1462 4825 b
1482 4787 1574 4841 καὶ
1604 4787 1937 4863 βακτηρίαν,

269 4866 410 4921 οὕτω
437 4868 526 4921 16v
562 4869 773 4922 ἅπαντα
796 4867 909 4939 βίον
936 4869 1204 4938 διάγουσι,
1230 4871 1407 4925 πάντα
1428 4874 1520 4927 τὸν
1547 4877 1708 4931 πόνον
1731 4880 1937 4938 ἐκεῖνον

268 4957 362 5009 καὶ
381 4955 477 5027 τὴν
507 4956 877 5028 ταλαιπωρίαν
897 4955 984 5009 διά
1018 4956 1117 5027 τὴν
1141 4957 1292 5028 παρά
1313 4959 1423 5013 τῶν
1443 4960 1743 5032 ἀνθρώπων
1768 4969 1938 5041 εὐφηο

276 5043 401 5113 μίαν
429 5044 713 5113 ὑπομένειν
736 5042 1096 5115 αἱρούμενον]
1131 5043 1258 5098 ὅταν
1289 5045 1469 5101 τοίνυν
1500 5050 1673 5106 ταῦτα
1706 5052 1934 5124 λογίσω-

271 5148 386 5194 μαι,
414 5130 514 5183 οὐκ
544 5126 659 5183 οἶδα
695 5130 852 5184 ποίαν
895 5130 1088 5200 ἕξομεν
1136 5130 1434 5202 ἀπολογίαν
1481 5137 1515 5207 ῆ
1570 5143 1932 5216 συγγνώμην,

276 5219 383 5271 >ὐδέ
408 5216 468 5270 16
498 5216 786 5270 πολλοστὸν
823 5218 1045 5271 ἐκείνων
1076 5218 1162 5272 διὰ
1200 5220 1302 5290 τὴν
1343 5223 1491 5293 παρὰ
1534 5225 1627 5278 τοῦ
1672 5228 1806 5283 Θεοῦ
1845 5232 1932 5285 δο-

267 5309 450 5360 θεῖσαν
478 5306 697 5378 ἐντολὴν
731 5305 993 5379 προέσθαι
1035 5306 1372 5377 ἀνεχόμενοι,
1413 5313 1509 5365 καὶ
1538 5313 1624 5367 διά
1651 5316 1752 5387 τὴν
1779 5319 1934 5386 δόξαν
1965 5355 1971 5362 -

268 5395 480 5466 ἐκείνην
521 5394 618 5466 τὴν
650 5395 914 5449 ἀθάνατον
956 5395 1051 5448 καὶ
1092 5395 1266 5467 πέρας
1311 5398 1411 5451 οὐκ
1449 5398 1711 5470 ἔχουσαν,
1744 5407 1879 5461 ἀλλά
1907 5420 1929 5449 ο

268 5482 358 5535 καὶ
384 5482 605 5536 ἐκείνων
633 5482 846 5554 χείρους
876 5483 1172 5552 γινόμενοι,
1218 5484 1312 5536 καὶ
1342 5485 1477 5556 μηδὲ
1508 5490 1632 5544 ὅσον
1665 5492 1724 5544 τὸ
1770 5496 1932 5565 μέσον

267 5569 585 5633 ἐννοοῦντες·
617 5572 700 5624 ὅτι
726 5572 920 5623 ἐκεῖνοι
955 5571 1052 5641 μὲν
1081 5569 1171 5624 διὰ
1196 5572 1296 5641 τὴν
1321 5574 1472 5645 παρὰ
1498 5576 1607 5631 τῶν
1630 5582 1933 5653 ἀνθρώπων

266 5654 372 5708 τῶν
406 5655 678 5726 ὁμογενῶν
718 5657 972 5729 ἀνόνητον
1018 5655 1294 5726 εὐφημίαν
1336 5661 1571 5717 τοσαῦτα
1614 5666 1891 5738 προΐενται
1916 5693 1930 5703 τ

332 5848 356 5876 ³
384 5845 468 5916 Sig
484 5848 704 5932 quinqufe
716 5863 838 5932 lx‘nss.
868 5858 1022 5932 τροις.
1052 5852 1149 5925 λιιι
1187 5851 1685 5932 τοῦιᾶναγνώσματος.
1757 5865 1784 5904 b
1808 5868 1928 5932 nos.

273 5910 1207 5991 51ﬂ9?.?ff‘:_,_fI"5‘31.£°EE5‘33:
1218 5919 1404 5978 χείρους
1424 5921 1673 5983 γινόμενοι.
1700 5940 1854 5991 usque
1875 5910 1933 5983 ἔα

298 5971 553 6031 Ῑὲκχέωμεν
575 5971 746 6032 τοίνυν,
770 5971 946 6021 desunt
966 5972 1015 6024 in
1036 5971 1231 6026 Coislinl

1113 380 1170 435 S.
1211 380 1498 437 JOANNIS
1530 378 2020 440 CHRYSOSTOMI
2057 384 2373 445 ARCIIIEP.
2413 384 2966 447 CONSTANTINOP.

3616 376 3726 434 'lT-l

2064 505 2223 575 ἡμεῖς
2252 506 2308 560 δὲ
2339 508 2426 563 διὰ
2451 509 2541 563 16v
2570 506 2846 576 Δεσπότην
2891 504 2985 557 τὸν
3021 500 3308 573 ἡμέτερον,
3352 496 3442 552 16v
3482 493 3572 548 καί
3613 492 3728 547 τῶν

2062 589 2425 659 ὑπηργμένων
2449 590 2706 662 χορηγὸν,
2732 589 2828 643 καὶ
2869 586 3082 648 ἐκείνας
3120 586 3221 647 τὰς
3259 580 3599 652 ἀπορρήτους
3624 577 3729 629 δω-

2012 720 2022 727 ~
2063 675 2191 744 Ρεάς
2235 676 2722 747 ἐπαγγελλόμενον,
2772 676 2892 730 οὐδέ
2919 672 2947 711 ά
2981 674 3042 726 16
3077 670 3237 740 τυχὸν
3269 669 3528 729 πολλάκις
3558 682 3727 734 μετα-

2058 760 2255 815 διδόναι
2275 765 2387 825 τοῖς
2415 763 2735 833 πενομένοις·
2753 760 3069 833 αἱρούμεθα.
3094 760 3204 812 Καὶ
3228 756 3401 817 ποίοις
3427 752 3730 822 ὀφθαλμοῖς

2060 847 2301 917 ὀψόμεθα
2333 849 2424 904 τὸν
2465 849 2658 922 κριτὴν
2690 849 2791 919 τῆς
2823 847 2998 910 οῦτως
3026 845 3247 900 εὐκόλου
3297 841 3514 911 ἐντολῆς
3555 854 3731 893 κατα-

2065 934 2380 1006 μελοῦντεςς
2425 938 2515 1009 Μὴ
2551 938 2658 1009 769
2691 938 2867 991 πάντα
2911 935 2980 989 τά
3023 936 3152 988 δντα
3195 932 3349 1003 ῥῖψαι
3394 928 3727 1001 προτρέπως

2074 1021 2334 1076 Ἀπόλαυε
2364 1024 2543 1094 πάσης
2584 1024 2841 1087 ἀνέσεως,
2870 1023 2964 1076 καὶ
3000 1022 3097 1091 τὴν
3143 1018 3336 1074 ἐαυτοῦ
3369 1017 3557 1089 χρείαν
3586 1015 3729 1084 πλη-

2062 1108 2243 1181 ρώσας
2280 1111 2349 1163 τά
2394 1110 2624 1181 περιττὰ
2668 1110 2761 1163 καὶ
2809 1110 2929 1177 είκῆ
2974 1109 3200 1179 κείμενα
3242 1104 3419 1159 ταῦτα
3451 1103 3729 1169 ἀναγκαῖα.

2062 1197 2306 1266 ποίησον,
2330 1199 2422 1251 καὶ
2449 1201 2565 1261 τοῖς
2591 1197 2735 1268 λιμῷ
2764 1195 3105 1266 πιεζομένοις
3133 1193 3228 1247 καὶ
3257 1193 3361 1245 ὑπὸ
3387 1191 3479 1244 τοῦ
3509 1185 3726 1261 κρυμοῦ

2061 1284 2429 1355 πηγνυμένοις
2480 1284 2687 1349 τούτοις
2724 1284 2994 1353 διάνειμαι
3020 1291 3066 1345 θ,
3116 1282 3209 1335 καὶ⁵
3243 1281 3331 1334 διά
3369 1280 3469 1349 τῆς
3517 1278 3730 1330 τούτων

2062 1372 2241 1443 χειρὸς
2279 1373 2359 1436 εἰς
2401 1371 2499 1443 τὴν
2532 1371 2728 1427 ἑαυτοῦ
2766 1372 2999 1444 πατρίδα
3040 1370 3368 1440 διαπέμπου,
3409 1369 3476 1438 ἣν
3517 1365 3633 1437 μετ’
3660 1363 3726 1416 οὐ

2063 1458 2195 1511 πολὺ
2225 1458 2387 1530 λήψῃ.
2432 1454 2593 1514 Οὗτοι
2634 1460 2742 1529 γάρ
2779 1459 3008 1530 μάλιστα
3053 1455 3368 1527 δυνήσονται
3404 1470 3486 1507 σοι
3524 1468 3728 1523 χρησι-

2065 1542 2259 1611 μεῦσαι
2306 1546 2444 1615 πρὸς
2481 1546 2580 1616 τὴν
2622 1547 2739 1598 ἐκεῖ
2779 1542 3171 1615 μετακομιδὴν,
3208 1543 3274 1596 ἶν’
3312 1542 3441 1595 ὅταν
3482 1538 3729 1609 ἀπέλθῃς

2061 1631 2195 1694 ἐκεῖ,
2236 1631 2451 1686 ᾶπαντα
2489 1631 2655 1705 εὕρῃς
2694 1632 3128 1702 εὐτρεπισμένα,
3170 1630 3265 1682 καὶ
3311 1628 3551 1689 πλείονος
3591 1627 3722 1678 ἀπο·

2059 1717 2264 1788 λαύσῃς
2290 1721 2405 1772 ἐκεῖ
2428 1719 2526 1789 τῆς
2551 1718 2830 1790 εὐπορίας,
2867 1718 3008 1790 ὁρῶν
3028 1717 3201 1772 ταῦτα
3231 1716 3336 1770 ὐπδ
3357 1714 3466 1768 τῶν
3494 1730 3730 1783 9.51620-

2063 1804 2353 1874 μισάντων,
2394 1806 2591 1876 μᾶλλον
2622 1806 2678 1859 δὲ
2714 1807 2818 1859 ὐπὸ
2861 1807 2959 1877 τῆς
3006 1804 3103 1858 τοῦ
3147 1802 3283 1857 Θεοῦ
3316 1802 3729 1871 φιλανθρωπίας

2060 1894 2617 1949 πολυπλασιασθέντα.
2655 1894 2747 1965 Μὴ
2790 1894 2897 1965 γάρ
2940 1895 3184 1964 κάματον
3212 1892 3323 1963 ἔχει
3357 1890 3418 1944 16
3451 1893 3726 1959 πρᾶγμα;

2062 1983 2137 2051 μὴ
2163 1982 2270 2053 γὰρ
2292 1983 2547 2053 φροντίδα
2568 1982 2689 2036 τινὰ
2715 1986 2808 2036 καὶ
2838 1982 3135 2054 μέριμναν;
3162 1981 3273 2049 Οὐχ
3303 1978 3609 2046 ὑποζυγίων
3638 1994 3724 2028 σοι

2058 2070 2212 2138 χρεία
2245 2070 2380 2140 πρὸς
2411 2070 2510 2141 τὴν
2550 2069 2933 2141 μετακομιδὴν,
2965 2070 3025 2121 οὐ
3058 2067 3151 2122 τοῦ
3199 2066 3574 2137 φυλάττοντος,
3621 2065 3726 2116 οὐκ

2058 2156 2215 2209 ἄλλου
2235 2157 2447 2219 οὐδενὸς
2479 2158 2740 2212 τοιούτου.
2770 2156 2908 2211 Οὔτε
2938 2157 3047 2226 γὰρ
3092 2155 3315 2229 λῃστὴς,
3362 2153 3487 2206 οὗτε
3524 2170 3725 2221 τοιχω-

2059 2240 2219 2313 ρύχος
2274 2243 2489 2314 ἐκείνην
2526 2243 2725 2314 βαδίζει
2777 2242 2875 2314 τὴν
2920 2243 3062 2308 ὁδὸν,
3117 2242 3205 2296 ῖνα
3247 2239 3570 2310 λυμαίνηται
3607 2241 3724 2300 τοῖς

2058 2329 2210 2400 παρά
2238 2331 2330 2384 σοῦ
2375 2331 2777 2401 πεμπομένοιςο
2827 2330 2942 2384 ἀλλ’
2977 2332 3120 2401 άπερ
3170 2330 3237 2401 ἢν
3270 2328 3445 2398 ἀποθῇ
3494 2328 3574 2389 εἰς
3619 2326 3725 2386 τὰς

2055 2415 2163 2471 τῶν
2191 2419 2435 2489 πενήτων
2466 2421 2652 2489 χεῖρας
2673 2458 2689 2482 ,
2720 2416 2894 2471 ταῦτα
2924 2419 3003 2481 είς
3033 2417 3275 2487 ἀσφαλὲς
3312 2417 3557 2484 ταμιεῖον
3586 2414 3729 2466 ἀπο-

2058 2503 2197 2578 θήσῃ
2232 2504 2328 2576 τὴν
2353 2504 2446 2558 τοῦ
2474 2503 2608 2558 Θεοῦ
2643 2508 2822 2576 χεῖρα.
2852 2504 3002 2576 Αθτη
3032 2505 3141 2576 γὰρ
3172 2504 3429 2574 ἀκέραιον
3479 2502 3573 2555 καὶ
3616 2501 3724 2570 τὴν

2054 2594 2258 2648 τούτων
2296 2593 2538 2667 φυλακήν
2564 2594 2809 2668 παρέξει,
2837 2594 2929 2649 καὶ
2956 2593 3176 2648 ἑπειδάν
3199 2591 3497 2665 ἑπανέλθῃς
3520 2596 3599 2655 εἰς
3620 2591 3725 2660 τὴν

2055 2680 2252 2735 οίκείον
2282 2682 2539 2753 πατρίδα,
2577 2684 2716 2753 μετὰ
2743 2683 2840 2753 τῆς
2873 2683 3099 2736 ἐκείνων
3132 2681 3439 2742 ἀποδόσεως
3469 2680 3560 2732 καὶ
3582 2681 3723 2731 ἁναο

2055 2767 2301 2840 κηρύξει,
2333 2769 2429 2823 καὶ
2461 2768 2815 2837 στεφανώσει,
2842 2771 2936 2822 καὶ
2966 2772 3023 2823 ἐν
3054 2770 3202 2843 πάσῃ
3232 2767 3381 2841 [180]
3406 2766 3726 2838 εὐρυχωρία

2054 2856 2148 2908 καὶ
2194 2856 2372 2909 ἀνέσει
2406 2857 2761 2927 καταστήσει.
2808 2856 3115 2927 Ἐκχέωμεν
3154 2857 3348 2919 τοίνυν,
3391 2853 3722 2925 παρακαλῶ,

2054 2943 2122 2996 τά
2158 2942 2494 3014 ἀποκείμενα
2541 2945 2620 3007 είς
2671 2943 2769 3008 τὰς
2817 2944 2923 2996 τῶν
2975 2945 3219 3014 πενήτων
3266 2944 3570 3013 γαστέρας,
3621 2943 3726 2993 καὶ

2056 3031 2364 3103 σπείρωμεν
2398 3031 2475 3096 ὡς
2516 3031 2596 3086 ἑτι
2643 3032 2853 3103 καιρὸς,
2904 3032 2991 3086 ῖνα
3032 3034 3112 3096 είς
3152 3034 3244 3085 τὸν
3297 3032 3479 3085 δέοντα
3526 3031 3726 3099 καιρὸν

2054 3117 2378 3191 θερίσωμεν,
2412 3118 2432 3157 ί
2457 3119 2552 3173 καὶ
2575 3120 2650 3192 μὴ
2672 3120 2986 3190 προϊέμενοι
3005 3119 3103 3191 τὴν
3130 3118 3412 3190 παροῦσαν
3432 3118 3725 3189 εὐκαιρίαν

2054 3205 2281 3278 ὕστερον
2332 3207 2567 3278 ἀνόνητα
2622 3207 3073 3279 μεταμελώμεθα.
3130 3207 3220 3278 Μὴ
3265 3206 3371 3279 γάρ
3421 3206 3508 3259 διὰ
3556 3204 3728 3258 τοῦτο

2054 3292 2276 3347 πλείονά
2292 3311 2373 3347 σοι
2396 3294 2715 3365 κεχάρισται
2741 3298 2770 3348 6
2795 3294 3174 3365 φιλάνθρωπος
3199 3296 3496 3364 Δεσπότης,
3526 3295 3608 3347 ἴνα
3633 3298 3726 3354 εἰς

2052 3380 2148 3452 τὴν
2181 3380 2372 3434 ἑαυτοῦ
2404 3382 2564 3452 μόνον
2595 3381 2784 3452 χρείαν
2817 3381 3204 3455 καταναλώσῃς
3239 3382 3307 3436 τὰ
3338 3382 3582 3445 δοθέντα,
3617 3382 3722 3434 καὶ

2050 3466 2118 3520 τά
2154 3467 2315 3521 λοιπά
2342 3468 2606 3538 ταμιείοις
2639 3470 2735 3522 καὶ
2754 3468 3026 3532 κιϐωτίοις
3057 3469 3478 3542 ἐναποκλείσῃςξ
3514 3470 3588 3521 Οὐ
3622 3469 3724 3522 διά

2050 3552 2229 3619 τοῦτο,
2260 3553 2375 3607 ἀλλ’
2400 3555 2507 3619 ῖνα,
2544 3556 2686 3609 κατά
2714 3555 2815 3625 τὴν
2853 3556 3172 3625 παραίνεσιν
3207 3556 3307 3627 τὴν
3332 3556 3722 3624 ἀποπολικὴν,

2049 3641 2110 3694 16
2143 3642 2231 3695 σὸν
2263 3642 2605 3714 περίσσευμα
2641 3643 2865 3716 γένηται
2917 3645 2997 3708 είς
3035 3644 3145 3697 τῶν
3187 3644 3362 3699 ἄλλων
3406 3645 3723 3714 ὑστέρημα.

2048 3729 2157 3780 Καὶ
2185 3729 2250 3782 σὺ
2293 3730 2390 3799 μὲν
2424 3729 2554 3793 ἴσως
2596 3731 2691 3784 καὶ
2724 3732 2863 3800 ὑπὲρ
2893 3732 2991 3802 τὴν
3017 3732 3206 3802 χρείαν
3244 3731 3535 3794 ἀπολαύεις
3555 3771 3570 3796 ,
3615 3733 3725 3785 καὶ

2049 3817 2107 3869 ἐν
2128 3819 2194 3886 τῇ
2218 3820 2396 3888 τρυφῇ
2418 3818 2512 3870 καὶ
2539 3818 2598 3871 ἐν
2620 3820 2734 3882 τοῖς
2754 3819 3025 3890 ἐσθήμασι
3045 3819 3140 3873 καὶ
3157 3822 3215 3872 ἐν
3236 3820 3372 3891 ἄλλῃ
3393 3818 3721 3889 πολυτελείᾳ

2048 3902 2224 3974 πολλῷ
2264 3904 2343 3975 τῷ
2373 3904 2600 3977 ἀργύρῳ
2632 3907 2992 3978 κεχρημένος,
3035 3909 3130 3961 καὶ
3159 3907 3320 3979 μέχρι
3350 3909 3460 3960 τῶν
3489 3907 3726 3960 οἰκετῶν

2048 3994 2143 4045 καὶ
2178 3992 2285 4046 τῶν
2320 3993 2529 4062 ἀλόγων
2557 3994 2744 4049 τοῦτον
2784 3996 3151 4067 κερματίζωψ
3185 3999 3213 4050 6
3255 3997 3312 4049 δὲ
3360 3998 3528 4065 πένης
3562 3995 3726 4048 οὐδὲν

2046 4079 2247 4133 τούτων
2274 4080 2425 4152 ζητεῖ
2445 4082 2594 4153 παρὰ
2614 4082 2730 4145 σοῦ,
2764 4084 2796 4155 ἢ
2824 4084 2982 4153 μόνον
3007 4084 3165 4154 λιμὸν
3193 4082 3725 4155 παραμυθήσασθαι,

2046 4166 2140 4218 καὶ
2162 4166 2259 4237 τὴν
2297 4167 2605 4235 ἀναγκαίαν
2632 4169 2821 4242 χρείαν
2858 4170 2952 4224 καὶ
2983 4170 3080 4241 τὴν
3106 4172 3383 4241 ἐφήμερον
3416 4168 3561 4239 αὐτῷ
3586 4185 3727 4239 τρο-ι

2047 4252 2152 4324 φὴν
2182 4258 2499 4325 παρασχεῖν,
2533 4254 2674 4309 ὥστε
2698 4257 2958 4327 συστῆναι
2985 4260 3079 4311 καὶ
3113 4261 3187 4329 μὴ
3210 4258 3587 4329 διαφθαρῆναν
3617 4259 3727 4311 καὶ

2044 4342 2164 4395 οὐδὲ
2201 4344 2357 4396 τοῦτο
2393 4344 2562 4417 ἀνέχῃ
2607 4346 2866 4416 ποιῆσαι,
2912 4346 3033 4400 οὐδὲ
3076 4346 3295 4418 λογίζῃ,
3340 4349 3420 4400 ὅτι
3453 4346 3724 4410 πολλάκις

2044 4431 2237 4502 ἀθρόον
2266 4432 2634 4502 ἀναρπασθεὶς
2667 4433 2734 4485 τά
2770 4434 2868 4503 μὲν
2900 4434 3224 4504 συλλεγέντα
3265 4435 3480 4488 ἅπαντα
3523 4433 3719 4486 ἐντεῦ-

2045 4518 2135 4572 θεν
2169 4519 2621 4590 καταλιμπάνεις,
2675 4521 2767 4573 καὶ¹
2805 4521 2975 4574 ἐνίοτε
3018 4524 3098 4585 εἰς
3143 4521 3372 4593 ἐχθροὶς
3410 4524 3503 4574 καὶ
3551 4522 3724 4576 πολε-

2046 4605 2201 4677 μίους
2245 4606 2415 4660 ταῦτα
2458 4609 2897 4679 μεταστήσεται·
2929 4608 3089 4672 αὐτὸς
3135 4609 3191 4661 δὲ
3234 4610 3303 4661 16
3341 4611 3721 4680 ἁμαρτήματα

2044 4695 2273 4759 ἅπαντα,
2295 4697 2351 4761 ἐξ
2370 4688 2445 4749 ὧν
2460 4694 2630 4749 ταῦτα
2651 4695 2950 4764 συλλέγεις,
2970 4697 3087 4767 μεθ’
3105 4697 3298 4751 ἑαυτοῦ
3317 4697 3495 4752 λαϐὼν
3512 4698 3639 4751 ἄπει
3660 4701 3716 4753 9.

2042 4782 2153 4835 Καὶ
2171 4783 2223 4835 τί
2248 4799 2373 4835 ποτε
2401 4785 2545 4853 ἐρεῖς
2567 4783 2707 4835 κατὰ
2726 4782 2824 4854 τὴν
2845 4784 3057 4857 ἡμέραν
3082 4784 3297 4856 ἐκείνην
3318 4785 3415 4856 τὴν
3437 4785 3673 4856 φοϐεράν
3697 4806 3716 4854 ;

2039 4870 2093 4923 τί
2120 4870 2177 4924 δὲ
2199 4869 2511 4942 ἀπολογήσῃ
2540 4871 2683 4925 οὕτω
2714 4872 2972 4943 ῥᾳθύμως
2999 4874 3067 4926 τὰ
3092 4872 3234 4926 κατὰ
3256 4874 3355 4944 τὴν
3379 4874 3570 4927 ἑαυτοῦ
3602 4891 3721 4927 σω-

2038 4957 2233 5028 τηρίαν
2263 4959 2657 5028 οίκονομὴσας;
2686 4959 2784 5011 Διά
2811 4959 2969 5013 τοῦτο
2997 4960 3119 5029 ἐμοὶ
3148 4961 3375 5025 πείθοιο,
3402 4963 3493 5013 καὶ
3525 4961 3600 5024 ὡς
3625 4960 3718 5015 ἑτι

2038 5044 2228 5115 καιρὸν
2263 5045 2425 5114 ἔχεις,
2460 5046 2733 5116 διάνειμαι
2767 5045 2836 5098 τά
2865 5045 3094 5117 περιττά
3120 5046 3228 5099 τῶν
3261 5049 3576 5119 χρημάτων,
3617 5047 3719 5103 ῖνα.

2036 5132 2135 5202 τὴν
2170 5134 2286 5186 ἐκεῖ
2316 5132 2498 5203 σαυτῴ
2534 5132 2819 5204 προαποθῇ
2858 5134 3150 5204 σωτηρίαν,
3183 5137 3277 5187 καὶ
3321 5136 3428 5186 τῶν
3471 5136 3717 5189 αἰωνίων

2035 5220 2255 5288 ἀγαθῶν
2288 5222 2525 5294 εὐρὴσῃς
2565 5222 2665 5292 τὴν
2713 5221 3096 5275 ἀνταπόδοσιν·
3138 5219 3206 5294 ἧς
3252 5224 3461 5291 γένοιτο
3499 5223 3717 5289 πάντας

2036 5310 2183 5381 ἡμᾶς
2220 5311 2513 5378 ἐπιτυχεῖν,
2569 5309 2750 5378 χάριτι
2797 5311 2890 5362 καὶ
2941 5308 3320 5381 φιλανθρωπίᾳ
3368 5310 3459 5363 τοῦ
3494 5313 3712 5380 Κυρίου

2035 5395 2191 5466 ήμῶν
2229 5395 2400 5465 Ἰησοῦ
2446 5395 2702 5465 Χριστοῦ,
2738 5395 2856 5466 μεθ’
2895 5389 2954 5449 οὗ
2979 5395 3055 5466 τῷ
3102 5396 3276 5468 Πατρὶ
3304 5397 3418 5469 ἄμα
3447 5397 3526 5468 τῷ
3562 5399 3714 5470 ἁγίῳ

2035 5484 2310 5554 Πνεύματι
2341 5482 2486 5551 δόξα,
2520 5485 2740 5554 κράτος,
2772 5483 2927 5555 τιμή,
2959 5484 3053 5539 νῦν
3084 5486 3177 5538 καὶ
3204 5485 3311 5553 ἀεὶ,
3344 5487 3439 5539 καὶ
3472 5488 3551 5550 είς
3576 5488 3713 5553 τοὺς

2035 5570 2240 5636 αἰῶνας
2278 5570 2387 5624 τῶν
2417 5570 2647 5626 αἰώνων.
2694 5572 2886 5643 Ἀμήν.

2098 5751 2123 5790 ιι
2145 5750 2295 5798 Savil.
2313 5812 2323 5818 _
2338 5756 2391 5818 9!.
2417 5756 2520 5800 tres
2534 5763 2666 5818 “mss.
2704 5752 2805 5807 ταῖς
2827 5753 3109 5818 ἀπορρήτοις
3130 5754 3325 5818 ἐκείναις
3349 5756 3542 5818 δωρεαῖς
3566 5757 3711 5818 ἐφελ-

2036 5812 2402 5878 κόμενον,-ούδέ.
2474 5822 2499 5851 ο
2516 5811 2657 5878 _Reg.
2680 5827 2805 5878 lngus
2825 5811 3134 5876 πηγνυμένοις
3149 5814 3300 5878 ταῦτα
3325 5811 3544 5878 διάνέιμε.
3574 5811 3711 5869 lhfl’a

2046 5874 2219 5940 Morel.
2248 5874 2525 5940 δυνήσονταί
2559 5889 2636 5921 σοι
2667 5874 2989 5940 συλλαϐέσθαι
3013 5878 3142 5938 πρὸς.
3208 5877 3237 5940 ,τ
3263 5874 3529 5940 Sequeniia
3552 5915 3564 5936 ,
3609 5894 3711 5940 per

2041 5938 2162 6006 ὁρας
2186 5942 2240 5981 et
2252 5933 2435 6006 ylginli
2460 5940 2640 6006 lineay,
2667 5949 2823 6006 ιλεψιε
2852 5937 2912 6006 ξιιι
2938 5939 2999 5985 τὰ
3019 5933 3144 6006 κατὰ
3163 5933 3443 6006 τὴνὲαυτοῦ
3462 5933 3708 6006 σωτηᾴίαν

2044 5996 2378 6060 οἱκονομήσάς,
2397 5998 2577 6052 desunt
2595 6000 2648 6049 in
2670 5996 2964 6049 Coisxiniano
2982 6000 3165 6050 codice.
3220 6002 3360 6050 8Duo
3382 6015 3492 6051 mss.
3516 5996 3700 6053 duim
3720 6033 3738 6061 ς
