4038 6394
355 393 458 450 173

335 529 353 603 Ι
417 506 480 603 εἴ
507 503 728 562 Horatia
749 505 1034 564 exhortatio
1061 513 1237 562 contra
1265 507 1549 560 avaritiam.
1581 536 1652 547 —
1679 505 1944 563 Caeterum

355 613 416 654 ne
465 597 680 674 incepta
728 599 957 655 lectione
1001 599 1272 668 aliquanto
1311 599 1657 668 prolixiorem
1703 606 1948 654 texamus

352 705 690 756 sermonem,
721 689 811 745 hic
837 694 999 746 etiam
1048 705 1147 746 nos
1183 705 1308 745 cum
1349 690 1509 745 beato
1560 688 1822 760 propheta
1868 688 1949 742 di-

351 783 509 838 cendi
553 781 715 837 linem
753 781 1048 852 faciamus,
1081 791 1395 854 sequentem
1429 782 1948 851 interpretationem,

352 875 395 928 si
425 876 569 930 Deus
611 875 942 944 permiserit,
985 876 1039 930 in
1073 876 1237 931 alium
1265 890 1567 930 sermonem
1605 883 1946 943 reponentes.

354 967 472 1022 Jam
492 975 673 1023 autem
693 967 1020 1022 admonitam
1043 970 1320 1023 caritatem
1348 978 1580 1023 vestram
1608 969 1822 1033 vellem,
1845 982 1952 1037 quo

357 1059 675 1128 ampliorem
716 1059 1001 1128 quemdam
1031 1075 1098 1114 ex
1127 1059 1285 1114 dictis
1314 1059 1513 1113 nostris
1558 1057 1790 1114 fruetmn
1831 1073 1953 1128 per-

357 1151 590 1220 cipiatis,
620 1159 682 1205 ut
702 1150 942 1220 quotidie
967 1165 1062 1204 vos
1087 1150 1428 1214 examinctis,
1460 1150 1585 1220 quid
1614 1165 1678 1204 ex
1710 1148 1812 1203 hoc
1837 1164 1954 1204 ser-

360 1257 542 1304 mone,
569 1251 627 1297 et
670 1242 797 1312 quid
841 1258 906 1296 ex
953 1242 1060 1296 alio
1108 1242 1497 1305 luerifeceritis,
1531 1250 1588 1296 et
1627 1257 1732 1294 non
1779 1240 1952 1294 solum

361 1332 582 1388 auribus
609 1332 921 1402 percipiatis
956 1341 1138 1387 nostra
1163 1331 1335 1399 dicta,
1363 1331 1462 1388 sed
1488 1342 1541 1386 et
1572 1331 1735 1385 menti
1765 1339 1956 1385 vestra:

362 1423 498 1477 bene
514 1421 927 1489 commendctis,
954 1430 1008 1477 et
1033 1421 1344 1492 qumidiana
1374 1422 1721 1477 meditatione
1747 1421 1954 1475 lirmam

366 1514 440 1568 rei
472 1515 787 1568 memoriam
819 1515 1062 1568 teneatis.
1109 1514 1313 1568 Vellem
1344 1513 1486 1568 enim
1526 1529 1621 1568 vos
1662 1530 1767 1567 non
1798 1513 1954 1567 vobis

365 1613 570 1658 tantum
591 1604 869 1674 prolicere,
888 1604 982 1659 sed
1009 1614 1064 1660 et
1084 1604 1310 1660 aliorum
1337 1603 1452 1659 fieri
1479 1605 1786 1675 magistros,
1815 1605 1887 1659 ita
1903 1613 1958 1659 ut

363 1699 584 1768 possitis
599 1698 760 1754 etiam
788 1697 925 1752 alios
948 1697 1260 1765 admouere,
1288 1713 1462 1768 neque
1481 1697 1583 1753 hoc
1611 1698 1789 1754 verbis
1807 1698 1961 1752 dum-

363 1799 510 1844 taxat
554 1805 748 1860 agere,
797 1789 892 1846 sed
927 1799 985 1845 et
1026 1791 1279 1860 operibus
1320 1791 1535 1846 erudire
1583 1791 1854 1860 proximos
1891 1790 1958 1846 ad

363 1882 685 1950 prta-larum
711 1882 924 1936 virtutis
942 1881 1200 1936 oflicium.
1219 1882 1484 1953 Cogitate,
1508 1883 1692 1948 oro,-si
1722 1896 1836 1944 vos,
1865 1883 1974 1955 qui

364 1973 458 2027 hic
479 1973 739 2040 aﬂ‘uistis,
766 1973 1004 2043 quotidie
1047 1974 1436 2044 portiunculam
1478 1983 1682 2030 tantum
1725 1975 1961 2045 accepis-

362 2065 498 2120 setis
523 2065 591 2119 ad
615 2065 984 2122 emendandas
1011 2065 1348 2122 affectionqu
1373 2069 1826 2138 perturbationes,
1849 2069 1959 2138 jam

362 2155 436 2211 ad
483 2171 751 2212 summum
795 2158 1014 2229 aliquod
1055 2159 1325 2231 fastigium
1373 2172 1724 2230 perventuros
1775 2162 1959 2218 fuisse.

368 2248 508 2304 Nam
537 2264 645 2304 non
675 2265 952 2306 cessamus
977 2252 1300 2321 quotidianis
1325 2255 1663 2310 sermonibus
1692 2253 1962 2310 inculcare

361 2340 588 2397 auribus
613 2343 833 2409 vestris,
863 2359 983 2414 qua:
1007 2344 1076 2400 ad
1103 2345 1478 2402 instituendam
1508 2349 1766 2417 optimam
1800 2347 1960 2402 vitam

362 2436 623 2503 attinent,
651 2447 710 2491 ut
739 2437 1079 2493 cradicentur
1102 2437 1229 2493 mali
1257 2440 1343 2494 isti
1371 2440 1615 2506 allectus,
1642 2441 1777 2494 iram
1802 2439 1959 2505 dico;

362 2528 624 2584 invidiam
661 2539 717 2585 et
747 2530 968 2587 livorem
1003 2550 1017 2585 :
1046 2531 1239 2602 quibus
1263 2532 1524 2599 sublatis,
1558 2532 1763 2589 facilius
1791 2542 1846 2589 et
1883 2533 1965 2588 in-

362 2619 522 2673 sania
567 2621 654 2674 illa
687 2621 740 2675 in
779 2622 1094 2692 colligendis
1136 2625 1374 2694 pecuniis
1402 2625 1829 2680 emendationem
1865 2624 1966 2679 ad-

362 2710 608 2766 mitteret
653 2711 776 2783 :(a)
807 2721 861 2767 et
901 2722 1148 2769 cessante
1196 2714 1401 2770 insania
1447 2715 1720 2783 avaritiae,
1774 2715 1966 2786 majori

365 2807 662 2863 securitate
713 2809 910 2865 illicitae
952 2810 1215 2882 fmquue
1253 2813 1605 2884 cogitationes
1642 2814 1965 2884 comprime-

363 2907 606 2954 rentur:
654 2899 829 2956 Radix
872 2903 1006 2956 enim
1055 2905 1284 2958 omnium
1341 2906 1591 2960 malorum
1628 2915 1702 2960 est
1750 2906 1965 2960 avaritia

363 2991 456 3060 (ι.
481 2991 612 3046 Tim.
641 2993 696 3048 ti.
733 2993 844 3065 10).
877 2993 1032 3062 Quod
1069 2995 1118 3051 si
1161 2997 1398 3052 radicem
1444 2998 1871 3066 resecuerimus,
1913 3006 1968 3053 et

365 3084 610 3140 funditus
638 3087 1139 3156 exstirpaverimus,
1174 3089 1381 3146 facilius
1411 3105 1592 3146 ramos
1627 3090 1810 3146 licebit
1847 3105 1962 3144 am-

364 3187 584 3247 putare.
613 3179 724 3233 Arx
764 3180 908 3234 enim
953 3180 1249 3247 malorum,
1279 3191 1332 3236 et
1356 3181 1622 3252 eolophon
1643 3224 1659 3249 ,
1694 3192 1753 3236 ut
1788 3182 1857 3236 ita
1884 3181 1966 3236 di-

365 3285 515 3334 cam,
545 3281 926 3341 peccatorum,
965 3282 1046 3328 est
1072 3274 1250 3330 rabies
1275 3275 1363 3329 illa
1391 3275 1806 3346 eolligendarum
1833 3275 1968 3330 divi-

367 3357 594 3429 tiarum,
623 3379 783 3432 quam
809 3364 852 3419 si
874 3364 1095 3420 domare
1115 3365 1467 3433 voluerimus,
1493 3367 1620 3421 nihil
1649 3377 1813 3432 vetat,
1837 3369 1965 3439 quin

366 3456 536 3510 simul
559 3465 613 3511 et
639 3457 738 3512 bac
764 3458 969 3514 insania
996 3459 1301 3526 liberemur,
1329 3468 1383 3515 et
1403 3474 1523 3514 cum
1545 3459 1646 3516 hac
1674 3461 1968 3516 evellamus

368 3559 435 3604 ct
457 3550 794 3607 eradicemus
838 3567 1026 3608 omnes
1069 3553 1401 3624 perniciosos
1440 3553 1683 3609 affectus.
1733 3553 1850 3610 Jam
1900 3569 1968 3610 ne

368 3643 694 3699 existimetis
723 3660 974 3717 magnum
1001 3645 1201 3716 aliquid
1230 3655 1283 3701 et
1312 3661 1474 3718 grave
1503 3660 1625 3702 esse
1644 3661 1803 3717 opum
1834 3661 1966 3702 con-

369 3744 664 3804 temptum.
705 3737 840 3804 Quia
870 3753 993 3792 eum
1022 3753 1231 3793 meeum
1275 3747 1624 3808 reputoﬁam
1672 3739 1870 3793 multos
1898 3738 1968 3793 ob

369 3826 591 3881 inanem
623 3837 679 3883 et
703 3828 944 3884 inutilem
982 3829 1206 3900 gloriam
1249 3829 1414 3884 multa
1452 3831 1566 3885 auri
1613 3829 1808 3884 talenta
1835 3829 1972 3885 cll'u-

369 3917 528 3973 disse
551 3919 603 3974 in
630 3920 832 3974 nullam
863 3921 1171 3987 utilitatem,
1195 3920 1290 3976 sed
1315 3930 1428 3976 uta
1448 3920 1886 3977 circumforaneis
1915 3930 1968 3976 ct

371 4009 677 4066 trivialibus
715 4010 1052 4066 homunculis
1088 4024 1421 4081 aucupentur
1466 4012 1697 4067 nominis
1737 4012 1965 4067 celebri-

373 4109 566 4166 tatem,
598 4117 718 4172 qua:
740 4102 808 4157 ad
836 4117 1118 4172 vesperam
1139 4103 1364 4170 desinit,
1409 4113 1464 4159 et
1490 4119 1634 4174 smpe
1662 4118 1770 4158 non
1801 4119 1967 4173 usque

370 4192 446 4246 ad
480 4207 759 4262 vesperam
783 4193 961 4261 durat,
990 4195 1085 4250 sed
1115 4204 1170 4250 et
1199 4194 1509 4266 priusquam
1555 4195 1669 4250 dies
1696 4195 1967 4264 complea-

373 4293 488 4348 tur,
513 4284 976 4340 innumerismalis
991 4287 1387 4353 circumdatur;
1407 4285 1482 4360 (ὁ)
1505 4286 1615 4360 [alii
1637 4298 1813 4342 autem
1838 4303 1967 4356 gen-

373 4376 549 4430 tilium
575 4392 760 4434 errore
803 4381 1192 4450 praeoccupati,
1223 4381 1383 4435 ctiam
1424 4381 1522 4450 ipsi
1564 4380 1630 4435 ad
1680 4380 1966 4435 humanam

376 4467 732 4537 respicientes
760 4471 985 4540 gloriam
1008 4513 1023 4536 ,
1051 4487 1210 4540 quam
1238 4472 1455 4526 maximi
1485 4471 1713 4538 faciunt,
1745 4472 1966 4542 abjectis

370 4559 540 4613 simul
568 4561 837 4626 omnibus,
883 4573 938 4617 et
966 4563 1128 4632 pallio
1173 4573 1375 4618 tantum
1424 4573 1584 4634 atque
1621 4565 1810 4619 baculo
1848 4579 1968 4618 ser-

369 4653 536 4719 vatis,
568 4667 784 4708 omnem
810 4655 974 4709 vitam
1000 4657 1078 4710 sic
1103 4657 1356 4726 exigunt,
1389 4669 1601 4710 omnem
1630 4656 1870 4710 laborem
1898 4656 1966 4709 il-

374 4743 488 4797 lum
519 4753 574 4798 et
598 4744 871 4800 miseriam
897 4748 968 4802 ob
996 4748 1120 4802 vani
1146 4747 1378 4802 nominis
1417 4746 1782 4802 celebritatem
1808 4761 1968 4800 assu-

369 4833 606 4906 mentes]
633 4853 647 4889 :
675 4851 796 4890 cum
818 4837 977 4907 igitur
999 4837 1114 4892 haec
1135 4853 1344 4893 mecum
1365 4847 1575 4909 reputo,
1605 4839 1786 4893 nescio
1805 4853 1964 4909 quam

372 4924 608 4980 habituri
657 4928 826 4984 simus
867 4929 952 4982 vel
996 4931 1423 4996 excusationem,
1467 4930 1552 4984 vel
1597 4931 1826 4992 veniam,
1876 4930 1966 5000 qui

375 5032 553 5087 neque
575 5019 648 5074 ob
687 5021 998 5075 mandatum
1030 5037 1062 5077 a
1089 5021 1317 5076 Domino
1353 5020 1641 5087 traditum,
1690 5037 1864 5092 neque
1897 5023 1968 5076 ob

373 5109 602 5177 gloriam
639 5111 783 5166 illam
828 5113 1186 5170 immortalem
1215 5123 1268 5168 et
1297 5115 1724 5180 interminatam,
1754 5115 1837 5169 vel
1869 5115 1967 5168 mi-

373 5200 577 5255 nimam
604 5217 785 5257 rerum
816 5214 1118 5259 nostrarum
1152 5207 1452 5275 portionem
1481 5206 1784 5274 relinquere
1808 5206 1969 5261 susti-

373 5307 587 5362 nemus,
615 5295 686 5366 (ε)
711 5296 840 5365 quin
869 5306 924 5352 et
971 5297 1268 5353 deteriores
1304 5298 1408 5353 illis
1451 5297 1747 5366 reddimur,
1793 5313 1969 5370 neque

375 5395 640 5454 quantum
680 5387 750 5442 sit
784 5389 1068 5445 discrimen
1113 5391 1428 5461 cogitamus.
1470 5391 1603 5446 Nam
1639 5392 1714 5446 illi
1757 5392 1827 5448 ob
1873 5393 1969 5448 bo-

439 5476 517 5543 _(_a)
530 5484 642 5543 Quae
660 5487 953 5543 sequuntur,
975 5481 1132 5543 abhis
1155 5482 1336 5540 verbis,
1353 5488 1400 5532 et
1425 5487 1637 5532 cessante
1649 5480 1838 5532 insania
1859 5495 1971 5532 ava-

379 5540 516 5606 rttitz‘
534 5540 637 5606 lxai
653 5544 738 5596 τῆς
752 5541 860 5606 περὶ
882 5542 942 5587 τὰ
961 5541 1183 5603 χρήματα
1203 5544 1410 5604 μανίας),
1431 5557 1590 5606 usque
1605 5544 1664 5592 ad
1683 5545 1770 5593 illa
1788 5546 1957 5606 verba,

380 5604 498 5659 post
517 5598 691 5670 decem
719 5598 923 5670 circiter
944 5598 1137 5670 versus,
1154 5598 1382 5670 magnum
1398 5598 1591 5670 aliquid
1609 5611 1657 5655 et
1689 5617 1838 5670 grave
1853 5598 1959 5670 esse

376 5670 528 5718 opum
548 5665 869 5732 contemptum
895 5663 1137 5726 (φορτικὸν
1159 5663 1274 5713 εἷνᾶι
1297 5666 1354 5712 τὸ
1378 5663 1636 5729 χρημάτων
1662 5663 1955 5732 ἰῆτεριδεῖν),

385 5719 574 5767 desunt
598 5734 648 5768 ιιι
674 5725 878 5771 Lorslin.

421 5733 574 5767 esnnt
598 5734 648 5768 In
674 5733 878 5772 LOISIID.

444 5779 520 5904 ib;
543 5788 656 5839 Quae
679 5786 866 5834 uncinis
886 5786 1190 5847 clauduntur,
1214 5790 1393 5840 desunt
1413 5793 1461 5840 in
1482 5791 1767 5844 Coisliniano
1783 5795 1972 5845 Codice.

469 5855 496 5889 c
551 5850 663 5900 Quae
685 5853 958 5904 sequuntur
980 5863 1137 5904 usque
1155 5855 1231 5904 ad.
1258 5855 1560 5904 eﬂ'undmnus
1581 5868 1716 5904 erae.
1733 5860 1910 5904 desunt
1927 5859 1972 5904 in

1433 394 1501 450 IN
1536 394 1689 452 CAP.
1731 393 1820 451 1V.
1860 393 2104 453 GENES.
2147 395 2377 454 HOMIL.
2419 397 2540 456 XX.

3547 403 3650 460 1Ἱί

2056 507 2282 574 minum,
2310 511 2402 581 qui
2429 511 2670 582 ejusdem
2698 521 2903 568 naturae
2927 521 3084 581 sunt,
3114 513 3353 570 inutilem
3381 511 3606 586 gloriam
3627 556 3644 581 ,

2054 615 2292 672 eousque
2313 614 2678 674 pervenerunt
2724 614 2782 660 ut
2828 617 2934 660 tam
2978 607 3142 662 multa
3186 607 3472 678 projiciant
3501 625 3516 661 :
3547 623 3646 663 nos
3666 672 3675 678 Γ

2055 701 2234 747 autem
2261 672 2486 764 propter
2513 695 2794 750 Dominum
2828 707 3069 751 nostrum
3089 739 3104 763 ,
3134 672 3226 767 qui
3254 672 3558 770 suppeditat
3586 672 3675 754 eaS

2055 797 2173 852 qua:
2200 784 2558 854 possidemus,
2579 797 2632 842 et
2650 787 2936 842 inell'abilia
2964 789 3051 841 illa
3069 787 3207 844 dona
3236 790 3538 858 pollicetur,
3558 805 3650 844 sat.

2057 887 2124 942 pe
2142 889 2313 944 neque
2336 890 2557 945 parvum
2579 877 2830 947 quiddam
2861 879 3107 948 inopibus
3128 893 3352 950 erogare
3377 879 3646 933 volumus.

2060 964 2127 1019 Et
2170 966 2416 1036 qualibus
2459 968 2627 1023 oculis
2673 968 2970 1023 videbimus
3012 969 3277 1036 Judicem,
3321 971 3651 1040 negligentes

2060 1057 2372 1113 mandatum
2399 1059 2542 1114 illius
2565 1071 2669 1114 tam
2699 1061 2890 1115 facile?
2919 1060 3056 1116 Num
3081 1061 3360 1128 adhortor,
3391 1071 3450 1116 ut
3469 1062 3647 1115 omnia

2059 1157 2236 1203 vestra
2263 1149 2562 1219 abjiciatis?
2593 1152 2797 1207 Fruere
2840 1152 2988 1207 omni
3018 1153 3404 1223 prosperitate,
3443 1162 3496 1207 et
3527 1168 3649 1206 cum

2060 1241 2189 1296 satis
2216 1241 2406 1299 feceris
2435 1255 2528 1299 tuo
2557 1246 2712 1310 usui,
2743 1263 2863 1316 qua:
2889 1261 3218 1316 supervacua
3265 1247 3357 1301 tibi
3387 1255 3439 1301 et
3477 1248 3651 1301 otiosa

2055 1333 2256 1404 jacent,
2301 1337 2353 1390 iu
2381 1339 2740 1393 necessarium
2770 1355 2922 1394 usum
2962 1349 3251 1405 converte,
3294 1338 3520 1407 aliisque
3544 1337 3654 1392 dis-

2063 1427 2236 1482 tribue
2274 1428 2416 1483 fame
2465 1429 2867 1496 laborantibus,
2899 1441 2954 1487 et
2991 1432 3112 1502 gelu
3151 1431 3559 1502 rigescentibus,
3599 1441 3656 1486 et

2066 1532 2161 1586 per
2185 1517 2400 1573 illorum
2440 1536 2631 1576 manus
2676 1523 2728 1576 in
2771 1532 2914 1576 tuam
2955 1524 3183 1592 patriam
3226 1524 3564 1590 transmitte,
3599 1523 3654 1577 in

2063 1623 2223 1676 quam
2253 1600 2564 1678 propediem
2595 1611 2685 1666 tibi
2713 1613 3039 1682 pergendum
3061 1611 3086 1680 ,'
3109 1621 3168 1666 ut
3197 1613 3269 1667 ibi
3291 1614 3542 1683 accipias.
3577 1613 3656 1666 llli

2063 1702 2207 1754 enim
2248 1702 2535 1772 plurimum
2569 1704 2662 1758 tibi
2710 1706 2967 1774 prodesse
3007 1714 3258 1774 poterunt
3303 1705 3370 1760 ad
3414 1714 3654 1760 transve-

2065 1793 2270 1850 bendas
2300 1796 2425 1852 illuc
2451 1811 2580 1867 epes
2610 1816 2622 1851 :
2655 1808 2711 1852 ut
2735 1799 2948 1869 quando
2970 1800 3095 1854 illuc
3118 1799 3332 1864 abieris,
3364 1798 3543 1853 omnia
3568 1797 3656 1851 in-

2064 1887 2252 1940 venias
2278 1887 2418 1943 bene
2465 1888 2746 1959 disposita,
2778 1890 3074 1960 majorique
3118 1890 3224 1944 illic
3266 1889 3462 1944 fruaris
3489 1889 3658 1944 abun-

2064 1976 2266 2046 dantia,
2290 1979 2478 2034 videns
2497 1995 2558 2036 ea
2581 1995 2612 2034 a
2637 1981 3124 2047 transvehentibus,
3150 1981 3258 2036 imo
3275 1996 3306 2035 a
3327 1981 3658 2052 benignitate

2067 2070 2184 2139 Dei,
2211 2072 2282 2126 ita
2309 2072 2684 2143 multiplicata.
2715 2074 2853 2130 Num
2884 2074 3123 2130 laborem
3154 2073 3315 2129 habet
3341 2073 3395 2128 id
3422 2073 3656 2143 negotii?

2067 2178 2196 2218 num
2237 2178 2455 2232 curam,
2507 2182 2634 2220 num
2681 2165 3138 2222 sollicitudinem?
3179 2165 3262 2220 Ad
3315 2165 3431 2220 hare
3481 2175 3661 2218 trans-
3714 2160 3715 2163 “

2068 2258 2309 2313 vehenda
2359 2260 2509 2313 nullo
2555 2260 2649 2315 tibi
2691 2275 2825 2330 opus
2850 2270 2933 2315 est
2953 2259 3218 2330 jumento,
3263 2274 3372 2314 non
3412 2257 3656 2322 custode,

2067 2364 2240 2419 neque
2268 2351 2376 2406 ullo
2399 2351 2526 2406 alio.
2554 2350 2739 2406 Nullus
2764 2352 2908 2406 enim
2936 2351 3074 2406 latro
3099 2351 3182 2406 vel
3213 2350 3297 2405 fur
3327 2351 3426 2404 hac
3455 2351 3539 2403 via
3571 2349 3658 2404 iu-

2065 2445 2226 2511 cedit,
2251 2455 2308 2498 ut
2341 2460 2532 2500 nocere
2554 2454 2716 2515 queat
2732 2447 2796 2500 iis
2821 2461 2940 2516 qua:
2959 2461 2987 2498 a
3011 2455 3063 2500 te
3085 2445 3212 2500 illuc
3228 2445 3509 2498 mittuntur
3529 2461 3543 2497 :
3563 2444 3659 2497 sed

2067 2550 2129 2589 ea
2159 2551 2279 2605 qua:
2319 2538 2624 2605 reposueris
2668 2537 2720 2590 in
2762 2551 3055 2607 egenorum
3094 2551 3317 2601 manus,
3357 2535 3442 2588 illa
3472 2536 3526 2589 in
3571 2549 3662 2589 se-

2067 2644 2255 2683 curum
2287 2630 2710 2701 promptuarium
2731 2669 2747 2696 ,
2779 2644 2971 2699 nempe
2999 2643 3216 2683 manum
3253 2627 3347 2682 Dei
3373 2627 3614 2682 ell'undes
3642 2644 3658 2680 :

2067 2736 2187 2791 qua:
2217 2721 2470 2776 inviolata
2499 2731 2554 2776 et
2581 2721 2847 2776 custodita
2876 2720 3168 2791 praebebit,
3198 2730 3254 2775 et
3281 2735 3403 2774 cum
3433 2718 3663 2774 redieris

2068 2814 2122 2868 in
2148 2814 2394 2884 patriam,
2419 2813 2523 2868 illis
2550 2813 2773 2868 redditis
2795 2813 2952 2866 etiam
2978 2811 3289 2882 pradicabit
3314 2810 3498 2866 laudes
3518 2820 3660 2874 tuas,

2068 2915 2123 2960 et
2153 2904 2455 2971 coronabit,
2485 2919 2548 2959 ac
2569 2913 2620 2959 te
2650 2905 2705 2958 in
2731 2903 3008 2959 latitudine
3032 2904 3384 2967 constituens,
3408 2916 3659 2957 securum

2069 3007 2126 3054 et
2149 2997 2359 3054 felicem
2386 2997 2594 3053 reddet.
2633 2996 2981 3051 Ell‘undamus
3003 3010 3154 3065 ergo,
3179 3009 3391 3065 precor,
3414 2993 3658 3063 deposita

2069 3091 2122 3147 in
2165 3106 2458 3163 pauperum
2513 3101 2763 3157 ventres,
2804 3099 2857 3146 et
2893 3089 3219 3146 seminemus
3269 3088 3396 3144 dum
3451 3098 3661 3158 tempus

2069 3193 2172 3252 est,
2204 3195 2263 3239 ut
2288 3196 2592 3255 opportuno
2624 3195 2865 3254 tempore
2888 3192 3173 3250 metamus,
3201 3182 3275 3253 (a)
3305 3191 3359 3236 et
3385 3195 3454 3235 ne
3485 3191 3661 3234 trans-

2069 3277 2232 3332 missa
2281 3277 2539 3347 temporis
2583 3277 3016 3347 opportunitate,
3061 3275 3286 3346 posthac
3326 3275 3521 3329 frustra
3563 3289 3662 3328 nos

2073 3371 2350 3440 pteniteat.
2380 3369 2614 3425 Haecine
2642 3368 2711 3424 de
2735 3381 2894 3423 causa
2923 3367 3187 3439 benignus
3214 3367 3355 3422 Deus
3387 3347 3534 3436 pluia
3567 3366 3661 3420 tibi

2070 3463 2291 3534 largitus
2317 3472 2421 3528 est,
2450 3472 2510 3518 ut
2554 3463 2606 3516 in
2650 3471 2797 3516 tuum
2829 3461 2998 3516 solius
3041 3474 3194 3514 usum
3234 3457 3512 3528 impendas
3542 3473 3662 3523 quze

2070 3554 2238 3618 dedit,
2262 3563 2318 3609 et
2335 3553 2542 3623 reliqua
2572 3553 2626 3606 in
2649 3552 2846 3606 arculis
2871 3561 2924 3606 et
2954 3550 3336 3620 promptuariis
3363 3547 3662 3604 recondas?

2071 3647 2185 3702 Non
2213 3662 2277 3702 ea
2314 3646 2382 3701 de
2411 3661 2593 3712 causa,
2625 3644 2720 3701 sed
2747 3653 2840 3712 ut,
2871 3644 3165 3699 secundum
3192 3642 3539 3712 apostolicam
3565 3641 3662 3695 ad—

2070 3741 2444 3806 munitionem,
2469 3736 2796 3794 abundantia
2843 3745 2930 3792 tua
2974 3735 3200 3790 aliorum
3251 3733 3486 3803 inopiam
3535 3747 3663 3801 sup-

2070 3834 2216 3902 pleat
2237 3830 2314 3903 (2.
2343 3830 2462 3885 Cor.
2491 3829 2544 3884 8.
2570 3827 2683 3899 14).
2704 3827 2774 3882 Et
2790 3835 2844 3882 tu
2867 3825 3082 3898 quidem
3112 3824 3333 3880 forsitan
3355 3821 3517 3878 etiam
3541 3822 3662 3892 plus

2071 3939 2229 3995 quam
2254 3939 2388 3994 cpus
2405 3931 2489 3977 est
2508 3921 2592 3976 his
2613 3920 2808 3976 frueris
2837 3920 2890 3974 in
2912 3918 3138 3985 deliciis,
3161 3917 3424 3984 vestibus,
3446 3915 3663 3985 alioque

2071 4015 2198 4070 luxu
2219 4057 2234 4082 ,
2262 4015 2430 4070 servis
2469 4028 2682 4084 quoque
2707 4021 2762 4068 et
2806 4011 2978 4066 brutis
3015 4019 3294 4082 argentum
3323 4009 3548 4064 multum
3574 4006 3663 4062 dia

2071 4111 2294 4164 videns:
2335 4123 2538 4178 pauper
2581 4114 2758 4161 autem
2802 4105 2935 4160 nihil
2978 4103 3172 4158 horum
3213 4119 3243 4156 a
3287 4113 3338 4158 te
3377 4103 3527 4172 petit,
3567 4105 3656 4154 see

2075 4209 2280 4256 tantum
2303 4209 2361 4254 ut
2381 4199 2578 4255 famem
2599 4199 2841 4269 mitiges,
2872 4205 2931 4251 ut
2955 4194 3322 4267 quotidianum
3353 4194 3429 4249 illi
3456 4193 3658 4259 cibum,

2071 4309 2134 4349 ac
2150 4293 2510 4349 necessarium
2536 4306 2690 4346 usum
2715 4291 2934 4356 tribuas,
2965 4297 3024 4342 ut
3050 4288 3215 4354 vivat,
3236 4296 3292 4342 et
3312 4302 3416 4340 non
3442 4295 3624 4354 pereat
3647 4325 3663 4334 .,

2072 4398 2128 4444 et
2153 4404 2329 4459 neque
2357 4387 2459 4441 hoc
2499 4386 2676 4440 facere
2705 4384 2940 4454 dignaris
2962 4424 2977 4448 ,
3009 4397 3186 4452 neque
3213 4379 3439 4450 cogitas,
3470 4388 3521 4433 te
3549 4379 3664 4448 ple-

2071 4496 2296 4551 rttmque
2316 4480 2495 4535 subito
2515 4478 2817 4548 abreptum,
2845 4475 3024 4530 omnia
3046 4489 3166 4544 quae
3188 4472 3411 4528 collecta
3433 4479 3557 4525 sunt
3577 4468 3665 4525 hic

2070 4575 2411 4644 relinquere,
2443 4580 2500 4627 et
2526 4570 2794 4626 interdum
2822 4569 2874 4623 in
2909 4569 3092 4623 hostes
3117 4575 3173 4622 et
3213 4566 3459 4621 inimicos
3485 4573 3662 4618 trans.

2071 4665 2234 4730 ferri;
2270 4675 2322 4720 te
2349 4672 2526 4718 autem
2559 4660 2792 4731 peccatis
2818 4659 3066 4715 omnibus
3085 4698 3098 4720 ,
3127 4672 3225 4729 per
3253 4671 3372 4725 qure
3403 4654 3518 4708 haec
3544 4655 3662 4708 col-

2073 4757 2268 4828 legisti,
2313 4764 2490 4810 tecum
2535 4753 2767 4822 receptis
2813 4751 2937 4805 hinc
2973 4749 3223 4818 migrare.
3262 4745 3331 4800 Et
3370 4744 3495 4814 quid
3537 4753 3666 4798 tunc

2072 4851 2222 4905 dices
2248 4849 2299 4902 in
2331 4847 2419 4902 die
2447 4847 2540 4901 illo
2568 4843 2830 4900 terribili?
2856 4840 3125 4913 quomodo
3153 4849 3204 4893 te
3228 4835 3507 4892 excusstbis
3527 4875 3543 4900 ,
3573 4837 3665 4904 qui

2072 4943 2147 4996 ita
2174 4941 2507 5012 negligenter
2528 4938 2715 4994 salutis
2743 4934 3012 5005 negotium
3037 4929 3344 4986 instituisti?
3373 4926 3662 4998 l’rOptei'ca

2075 5034 2205 5091 mihi
2229 5034 2572 5102 obtempera,
2604 5039 2660 5085 et
2684 5044 2806 5084 cum
2834 5026 3010 5081 adhuc
3053 5034 3263 5092 tempus
3298 5020 3462 5075 habes
3483 5061 3498 5085 ,
3529 5033 3668 5089 opes

2072 5138 2435 5195 supervacuas
2461 5121 2744 5184 distribue,
2777 5127 2835 5172 ut
2862 5117 3007 5186 prius
3035 5114 3144 5169 illic
3171 5113 3224 5168 in
3255 5123 3398 5167 tuam
3427 5112 3661 5180 reposita

2073 5219 2272 5274 habeas
2310 5218 2562 5284 salutem,
2610 5222 2664 5268 et
2707 5227 2804 5282 pro
2845 5210 2952 5264 illis
2990 5218 3248 5280 perpetua
3290 5208 3430 5263 bona
3471 5220 3664 5260 conse-

2074 5313 2258 5384 quaris
2287 5329 2301 5367 :
2333 5325 2452 5382 quze
2483 5324 2580 5364 nos
2607 5323 2794 5362 omnes
2817 5305 3064 5362 obtinere
3093 5302 3386 5370 contingat,
3414 5299 3583 5371 gratia
3607 5308 3666 5351 et

2073 5406 2405 5475 benignitate
2424 5401 2637 5457 Domini
2665 5400 2831 5454 nostri
2853 5397 2980 5454 Jesu
3005 5395 3226 5463 Christi,
3249 5409 3370 5448 cum
3393 5408 3498 5462 quo
3521 5390 3664 5446 Patri

2076 5498 2237 5554 simul
2267 5505 2324 5551 et
2349 5493 2570 5564 Spiritui
2596 5501 2786 5547 sancto
2811 5491 2882 5544 sit
2912 5488 3105 5560 gloria,
3135 5485 3438 5555 imperium,
3470 5481 3664 5546 honor.

2075 5605 2218 5647 nunc
2245 5598 2303 5646 et
2321 5601 2555 5658 semper,
2585 5595 2640 5641 et
2660 5585 2714 5640 in
2739 5582 2936 5639 saecula
2955 5579 3293 5638 saeculorum.
3327 5576 3521 5632 Amen.

2125 5784 2199 5842 (a)
2216 5786 2329 5842 Quae
2351 5784 2621 5842 sequuntur
2647 5785 2808 5842 usque
2815 5771 2905 5842 ad,
2918 5768 3217 5842 negligenter
3232 5766 3401 5842 aetatis
3417 5766 3656 5842 negotium

551 5830 663 5918 {iu-ax.
685 5830 1243 5918 isquiihiiiiiisﬁdéh'q,"
2064 5830 2466 5918 instituisti,qute
2474 5839 2674 5918 circiter
2699 5830 2904 5888 mediam
2932 5830 3155 5898 paginam
3177 5830 3450 5893 absolvunt,
3478 5832 3656 5882 desunt

378 5905 676 5969 Cntslin.,it2
698 5905 883 5973 ut‘plus
899 5905 1258 5978 quam'dimidia
1284 5905 1456 5978 pagina
1474 5905 1680 5968 deﬁciat.

2066 5914 2116 5965 tu
2132 5901 2416 5957 eoleiuiatio
2436 5901 2623 5954 Codice.
