4038 6394
370 397 467 452 I75

921 496 1203 553 llOMILIA
1258 493 1401 549 XXI.

352 637 475 715 ,lste
504 650 579 694 est
617 636 740 693 liber
768 632 1103 706 generationis
1129 630 1408 689 hominum,
1437 626 1519 680 die
1542 641 1639 696 quo
1676 622 1794 693 fecit
1818 620 1961 715 Deus

439 731 625 795 Adam,
649 725 921 783 secundum
944 724 1213 793 imaginem
1226 720 1324 775 Dei
1348 719 1468 791 fecit
1494 717 1658 779 illum,
1681 712 1963 769 masculum

438 834 486 879 et
516 822 754 893 feminam
786 819 902 888 fecit
928 817 1062 880 illos,
1092 825 1140 869 et
1160 816 1349 867 vocavit
1371 826 1551 865 nomen
1574 826 1744 866 eorum
1771 805 1958 874 Adam,

437 932 537 984 qua
563 914 645 966 die
661 911 773 983 frcit
791 926 872 965 eos
894 907 1046 981 (Gen.
1068 906 1124 963 5.
1151 906 1200 960 l.
1221 904 1257 960 2
1279 905 1319 975 ).

439 1048 492 1104 Ι.
526 1047 743 1117 Magnus
771 1053 827 1099 et
853 1041 1131 1098 inelfabilis
1160 1039 1461 1105 thesaurus,
1507 1034 1724 1102 dilecti,
1754 1034 1807 1089 in
1834 1048 1959 1088 ver-

369 1139 450 1198 bis
472 1139 637 1196 modo
676 1137 827 1193 lectis
855 1134 1161 1191 reconditus
1186 1140 1286 1187 est.
1319 1131 1383 1185 Et
1426 1128 1538 1183 scio
1563 1125 1801 1198 quidem,
1829 1123 1964 1178 mul-

368 1249 453 1294 tos
482 1237 756 1292 nominum
786 1234 1084 1304 catalogum
1124 1230 1471 1301 respicientes
1511 1236 1565 1282 et
1602 1224 1847 1281 lectionis
1876 1240 1964 1278 su-

370 1328 607 1399 perﬁciei
659 1328 943 1395 luerentes,
991 1333 1177 1395 putare
1228 1322 1359 1377 nihil
1410 1319 1639 1389 amplius
1692 1318 1744 1373 in
1783 1316 1961 1383 dictis,

370 1435 528 1491 quam
553 1432 698 1473 mera
740 1417 954 1471 nomina
975 1430 1093 1472 esse
1124 1433 1137 1469 :
1186 1429 1285 1483 ego
1317 1421 1495 1467 autem
1532 1424 1627 1465 vos
1656 1424 1845 1465 omnes
1872 1408 1965 1463 ob—

371 1525 545 1577 secro,
567 1525 637 1566 ne
666 1507 979 1577 simpliciter
1006 1521 1069 1561 ea
1096 1521 1216 1575 qua:
1247 1504 1297 1558 in
1328 1500 1619 1571 Scripturis
1639 1499 1806 1555 sacris
1831 1514 1964 1553 con-

373 1611 516 1656 tenta
569 1608 692 1654 sunt
722 1592 1022 1653 transeatis.
1066 1596 1205 1651 Nihil
1237 1595 1379 1651 enim
1422 1593 1511 1649 hic
1563 1580 1820 1661 scriptum
1860 1600 1960 1657 est,

373 1694 512 1764 quod
535 1709 642 1749 non
663 1692 856 1747 multas
876 1706 1131 1747 sensuum
1154 1686 1573 1744 habeatdivitias
1594 1702 1607 1740 :
1630 1682 1966 1756 quandoqui-

374 1786 493 1839 dem
525 1784 709 1839 divino
733 1783 930 1853 Spiritu
955 1781 1120 1836 afflati
1150 1778 1423 1851 propheta:
1445 1776 1647 1848 loquuti
1674 1786 1817 1840 sunt,
1845 1775 1967 1829 ideo

379 1886 561 1946 utpote
590 1892 619 1931 a
663 1876 863 1947 Spiritu
915 1876 1127 1944 scripta:
1172 1874 1439 1945 ingentem
1488 1871 1542 1926 in
1588 1886 1647 1926 se
1694 1870 1965 1925 continent

374 1973 701 2027 thesaurum.
736 1971 801 2025 Et
830 1985 897 2025 ne
923 1968 1133 2024 mireris
1160 1966 1302 2038 quod
1325 1966 1376 2021 in
1410 1965 1509 2022 hac
1530 1964 1803 2019 nominum
1830 1977 1965 2017 enu-

375 2064 672 2118 meratione
719 2064 913 2117 multas
942 2062 1277 2131 latenteSque
1329 2059 1542 2114 divitias
1579 2057 1965 2113 sententiarum

377 2155 531 2210 vobis
560 2170 645 2210 me
675 2166 1017 2211 ostensurum
1044 2154 1316 2224 pollicear.
1348 2152 1530 2221 Neque
1572 2151 1715 2206 enim
1743 2148 1825 2204 vel
1855 2149 1967 2221 syl-

378 2247 527 2313 laba,
558 2249 642 2305 vel
667 2248 905 2319 apiculus
934 2257 1017 2303 est
1047 2248 1099 2303 in
1130 2247 1299 2303 sacris
1326 2246 1543 2311 Literis,
1578 2245 1631 2300 in
1662 2244 1815 2315 cujus
1837 2258 1965 2314 pro-

376 2338 543 2394 fundo
570 2354 679 2394 non
708 2339 780 2395 sit
828 2339 1041 2408 grandis
1066 2337 1327 2410 quispiam
1384 2336 1666 2391 thesaurus
1703 2352 1717 2389 :
1746 2334 1970 2405 proinde

377 2444 477 2500 par
500 2439 583 2485 est
617 2445 716 2486 nos
755 2429 931 2485 divina
975 2431 1145 2499 gratia
1172 2428 1381 2495 ductos,
1431 2436 1487 2483 et
1531 2425 1729 2495 Spiritu
1785 2435 1971 2481 sancte

381 2522 674 2579 illustratos
694 2522 903 2594 eloquia
928 2522 1105 2578 divina
1130 2522 1297 2577 adire.
1321 2520 1505 2592 Neque
1534 2534 1670 2589 opus
1695 2518 1856 2573 habet
1882 2518 1970 2573 di-

382 2618 504 2671 vina
533 2617 806 2686 Scriptura
857 2617 1131 2671 hominum
1179 2615 1461 2684 sapientia,
1508 2623 1569 2668 ut
1626 2612 1967 2682 intelligatur,

386 2711 481 2764 sed
509 2710 835 2766 revelatione
880 2709 1130 2780 Spiritus,
1159 2718 1219 2764 ut
1262 2708 1451 2763 hausto
1482 2707 1605 2763 inde
1629 2722 1757 2762 vero
1786 2721 1968 2769 sensu,

384 2816 632 2872 magnum
663 2802 817 2856 nobis
856 2800 985 2857 hinc
1006 2800 1218 2856 lucrum
1267 2808 1557 2855 accrescat.
1579 2798 1656 2870 (a)
1693 2797 1824 2852 Nam
1846 2798 1890 2852 si
1920 2796 1970 2851 in

386 2892 732 2948 smcularibus
761 2893 988 2963 negotiis
1011 2892 1207 2962 scripta
1242 2932 1257 2956 ,
1288 2907 1407 2962 qua:
1428 2891 1495 2946 ab
1523 2890 1825 2946 hominibus
1844 2904 1976 2945 con-

386 2985 653 3053 ﬁciuntnr,
707 3001 849 3056 stupe
899 2996 1139 3057 tempore
1188 2995 1459 3054 corrupta,
1489 3000 1517 3039 a
1546 2994 1785 3053 tempore
1824 2984 1975 3038 initio

388 3078 726 3132 instrumenti
754 3086 956 3144 notato,
988 3086 1042 3133 et
1083 3078 1150 3132 ab
1177 3092 1279 3132 una
1326 3076 1549 3149 syllaba,
1598 3075 1822 3129 multum
1854 3089 1974 3128 mo-

388 3169 554 3223 menti
584 3170 779 3225 habent
803 3188 816 3224 :
845 3169 1011 3225 multo
1029 3170 1195 3239 magis
1220 3168 1322 3225 hoc
1366 3170 1417 3223 in
1445 3166 1733 3237 Scripturis
1782 3164 1975 3231 divinis

386 3278 414 3315 a
470 3262 671 3333 Spiritu
722 3272 909 3318 sancto
957 3262 1267 3333 compositis
1316 3260 1618 3328 invenitur,
1677 3259 1836 3314 modo
1888 3275 1978 3315 so-

387 3354 487 3408 lzrli
534 3354 723 3419 simus,
773 3363 828 3409 et
882 3369 986 3409 non
1041 3363 1240 3410 temere
1286 3352 1783 3423 przetergrediamar
1833 3351 1976 3406 :sed

391 3446 593 3501 intenta
656 3455 834 3501 mente
879 3446 1158 3517 diligenter
1198 3446 1378 3500 omnia
1419 3444 1821 3501 consideremus
1852 3483 1869 3509 ,
1923 3451 1980 3497 et

395 3555 501 3595 non
561 3538 974 3608 negligentiores
1036 3538 1202 3593 simus
1257 3537 1374 3591 aliis
1425 3536 1519 3606 qui
1584 3543 1735 3589 tanto
1803 3533 1980 3589 studio

392 3631 447 3685 in
498 3631 787 3686 sensilibus
844 3639 1085 3685 utuntur.
1142 3628 1434 3684 Enimvero
1495 3626 1583 3698 qui
1639 3625 1852 3681 metalla
1896 3624 1981 3679 ef-

395 3724 644 3791 fodiunt,
678 3741 783 3780 non
826 3723 877 3779 iu
927 3722 1213 3795 superficie
1269 3730 1505 3786 manent,
1548 3720 1642 3777 sed
1687 3737 1811 3776 cum
1855 3736 1980 3789 pro-

392 3820 553 3875 funde
582 3818 869 3873 admodum
896 3817 1291 3883 descenderint,
1313 3825 1367 3873 et
1395 3816 1510 3872 auri
1557 3824 1796 3870 ramenta
1842 3828 1980 3868 nan-

391 3909 521 3964 Cisci
568 3908 859 3979 potuerint,
923 3924 1118 3978 magno
1166 3908 1347 3963 labore
1393 3918 1447 3963 et
1499 3906 1782 3963 sedulitate
1831 3920 1894 3961 ea
1948 3920 1979 3959 a

400 4012 539 4055 terra
589 4009 890 4071 separant,
950 4011 1173 4071 postque
1231 4003 1456 4055 multum
1495 4000 1643 4055 illum
1700 3998 1932 4053 laborem
1964 4039 1979 4063 ,

400 4093 617 4147 brevem
643 4093 873 4162 aliquam
916 4092 1158 4147 laborum
1201 4092 1481 4147 inveniunt
1518 4090 1981 4157 consolationem;

397 4195 762 4241 verumtamen
790 4185 915 4241 licet
932 4185 985 4240 lti
1011 4186 1200 4249 sciant,
1228 4199 1287 4239 se
1316 4184 1597 4240 utilitatem
1629 4194 1983 4253 percepturos

398 4278 668 4333 laboribus
690 4292 793 4331 non
824 4276 1259 4347 respondentem.
1288 4290 1537 4346 saapeque
1567 4275 1725 4330 etiam
1757 4282 1879 4344 post
1908 4282 1986 4327 tot

398 4369 604 4440 vigilias
627 4378 684 4425 et
709 4368 938 4431 labores,
967 4370 1365 4439 exspectatione
1389 4382 1486 4423 sua
1516 4366 1797 4422 frustratos
1842 4380 1983 4433 esse,

400 4478 574 4534 neque
594 4463 672 4518 sic
700 4461 985 4528 desistunt,
1010 4461 1104 4517 sed
1130 4476 1225 4531 spe
1252 4460 1485 4525 aluntur,
1524 4468 1580 4516 et
1606 4474 1768 4515 sensu
1790 4458 1989 4514 laboris

400 4565 604 4611 carent.
633 4555 785 4625 Quod
815 4556 859 4610 si
896 4555 971 4610 illi
1009 4564 1213 4610 tantum
1240 4571 1350 4625 pra:
1378 4568 1438 4609 se
1476 4552 1655 4610 ferunt
1679 4554 1911 4609 studium
1936 4554 1990 4609 in

402 4647 859 4718 corruptibilibus,
888 4647 1127 4713 incertis,
1156 4655 1209 4702 et
1231 4646 1469 4713 caducis,
1495 4648 1665 4701 multo
1711 4647 1877 4716 magis
1898 4646 1991 4700 de-

401 4746 490 4795 cet
518 4754 637 4808 nos,
682 4738 771 4794 ubi
803 4739 998 4795 divitia:
1039 4738 1235 4794 auferri
1286 4749 1575 4811 nequeunt,
1626 4750 1679 4795 et
1709 4740 1991 4795 thesaurus

402 4835 609 4888 absumi
656 4848 763 4887 non
799 4840 1011 4903 potest,
1048 4840 1103 4887 et
1146 4846 1241 4901 spe
1270 4847 1375 4886 non
1421 4832 1720 4897 aberratur,
1769 4846 1863 4900 par
1910 4831 1992 4885 vel

404 4928 578 4997 majus
620 4925 855 4982 studium
885 4924 1158 4987 adhibere.
1191 4932 1246 4980 et
1288 4923 1413 4978 hinc
1434 4923 1612 4993 aliquo
1642 4923 1813 4977 fructu
1864 4938 1988 4993 per-

404 5025 584 5084 cepto,
615 5016 917 5072 desiderata
942 5016 1154 5087 assequi
1177 5017 1461 5085 possimus,
1490 5016 1775 5085 agnitaque
1802 5014 1991 5069 ineffa-

403 5111 494 5165 hili
527 5110 852 5182 benignitate
881 5111 977 5166 Dei
1003 5151 1019 5177 ,
1050 5110 1247 5180 gratias
1286 5116 1505 5180 agentes
1534 5108 1757 5163 Domino
1786 5117 1991 5171 nostro,

406 5202 522 5268 ejus
548 5201 705 5257 nobis
720 5201 953 5257 favorem
980 5201 1349 5265 conciliemus.
1370 5210 1426 5257 et
1443 5199 1637 5255 diaboli
1665 5199 1866 5255 retibus
1888 5214 1994 5254 non

407 5295 777 5364 illaqueemur.
819 5294 931 5366 Age
973 5309 1101 5365 ergo
1128 5295 1349 5365 prolatis
1398 5296 1450 5350 in
1493 5293 1724 5349 medium
1772 5293 1836 5347 iis
1878 5309 1996 5362 qua:

409 5400 553 5439 nunc
571 5384 705 5440 lecta
746 5396 892 5451 sunt,
922 5384 1204 5455 diligenter
1232 5385 1436 5455 singula
1464 5394 1864 5455 perscrutemur
1892 5398 1909 5437 :
1939 5392 1997 5437 ut

410 5478 567 5532 solita
600 5477 881 5533 refocillati
908 5478 1171 5539 doctrina.
1201 5480 1280 5533 sic
1308 5480 1524 5533 domum
1552 5480 1743 5533 iterum
1775 5476 1995 5533 receda-

374 5590 377 5597 ·
411 5569 497 5623 tis.
528 5570 579 5624 1.
619 5568 768 5642 (Cap.
796 5570 874 5641 5).
900 5569 1004 5624 Iste
1026 5581 1096 5623 est
1116 5569 1239 5624 liber
1258 5571 1592 5641 generationis
1608 5571 1890 5635 hominum,
1915 5569 1999 5623 in-

413 5662 544 5732 quit,
572 5664 653 5717 die
670 5680 768 5733 quo
797 5665 912 5733 fecit
937 5662 1074 5717 Deus
1099 5663 1286 5729 Adam,
1309 5664 1582 5718 secundum
1607 5663 1880 5733 imaginem
1906 5662 2002 5715 Dei

562 5774 764 5825 Plurima
778 5790 842 5840 ex
862 5777 1210 5840 sequentibus,
1226 5775 1335 5839 plus
1347 5789 1491 5840 quam
1513 5775 1756 5826 dimidiam
1781 5775 2003 5838 paginam

476 5774 550 5884 (az
562 5774 764 5848 Plurima
778 5790 842 5826 ex
862 5777 1210 5854 sequentibus,

416 5836 532 5888 abso
556 5844 737 5900 veutta,
760 5839 939 5889 desunt
962 5852 1009 5889 nt
1033 5838 1224 5887 L0lsllu.

1092 388 1149 441 δ.
1188 378 1466 438 JOANNIS
1498 369 1973 433 CIIRYSOSTOMI
2012 368 2331 426 ABCI'llEP.
2369 367 2904 429 CONSTANTINOP.

3554 377 3654 434 176

2066 504 2185 571 fecit
2226 501 2473 561 illum;2.
2523 506 2807 556 masculum
2847 513 2895 557 et
2944 504 3182 574 feminam
3235 506 3352 576 fecit
3397 507 3556 573 illos,
3611 520 3659 565 et

2066 593 2345 646 nominavit
2363 609 2545 647 nomen
2565 610 2738 648 eorum
2765 594 2931 647 Adam
2958 595 3033 666 (a)
3054 638 3069 661 ,
3099 596 3181 651 die
3219 614 3319 667 quo
3360 601 3475 669 fecit
3509 601 3663 657 illos.

2066 682 2315 749 Attende,
2372 682 2618 751 obsecro,
2670 685 2941 755 prephetm
2978 686 3134 755 hujus
3176 688 3501 746 admirabilis
3552 709 3646 747 sa—

2067 773 2363 844 pientiam;
2411 774 2519 830 imo
2567 776 2737 831 sancti
2780 776 3011 847 Spiritus
3062 778 3380 834 doctrinam.
3436 783 3517 837 Ab
3566 784 3660 839 illo

2068 866 2231 932 enim,
2260 875 2318 921 ut
2342 882 2484 937 saepe
2518 867 2719 923 dictum
2746 878 2849 932 est,
2872 869 3106 936 afflatus,
3135 871 3291 927 nobis
3316 873 3435 930 lucc
3478 877 3660 931 omnia

2060 957 2303 1027 loquitur
2334 979 2346 1014 :
2379 968 2433 1014 et
2478 958 2711 1029 linguam
2736 958 2950 1030 quidem
2990 962 3248 1031 prepheta
3278 966 3658 1033 commodavit,

2067 1049 2235 1117 gratia
2262 1056 2438 1103 autem
2468 1048 2695 1119 Spiritus
2724 1050 2893 1104 sancti
2938 1066 3033 1120 per
3078 1051 3222 1107 illam
3246 1054 3425 1108 omnia
3470 1054 3661 1110 humao

2073 1154 2202 1192 num
2247 1153 2417 1210 genus
2460 1141 2743 1195 manifeste
2770 1140 2950 1196 docet.
2984 1142 3116 1198 Vide
3140 1158 3271 1215 ergo
3294 1146 3563 1215 quomodo
3591 1147 3660 1204 ad

2068 1230 2328 1300 originem
2360 1245 2663 1286 sermonem
2692 1231 2919 1294 reducit,
2957 1242 3013 1288 et
3055 1236 3329 1304 superiora
3358 1237 3547 1292 iterum
3574 1254 3662 1293 re-

2069 1320 2251 1375 sumit.
2303 1320 2495 1389 Quare,
2549 1331 2604 1376 et
2636 1336 2739 1392 qua
2785 1321 2855 1377 de
2882 1323 3081 1377 causa?
3108 1324 3239 1391 Quia
3289 1326 3419 1380 vidit
3446 1343 3544 1382 eos
3566 1329 3661 1399 qui

2071 1420 2197 1466 tunc
2225 1421 2400 1479 erant,
2448 1427 2635 1482 magna
2664 1428 2774 1483 pra:
2798 1427 2857 1469 se
2876 1412 3019 1469 ferre
3040 1414 3231 1485 ingrati
3277 1417 3441 1471 animi
3484 1419 3661 1489 signa,

2071 1519 2171 1558 nec
2196 1504 2447 1559 meliores
2477 1504 2591 1559 fieri
2617 1519 2685 1560 ex
2728 1505 2791 1559 iis
2817 1521 2936 1575 qua:
2984 1507 3159 1577 primo
3198 1510 3402 1577 parenti
3448 1511 3662 1565 accide-

2065 1604 2210 1662 rant,
2258 1595 2355 1651 sed
2400 1597 2451 1650 in
2503 1595 2643 1651 idem
2698 1596 2911 1650 malitia:
2948 1597 3268 1668 profundum
3322 1600 3662 1670 pramipitari.

2069 1687 2202 1743 Nam
2224 1701 2348 1742 cum
2381 1687 2426 1742 is
2460 1687 2548 1758 qui
2577 1702 2644 1743 ex
2673 1687 2764 1743 illo
2792 1695 2947 1744 natus
2971 1698 3087 1745 erat
3128 1690 3307 1745 statim
3352 1694 3659 1749 concitante

2072 1778 2265 1832 invidia
2293 1777 2358 1832 ad
2387 1777 2737 1833 fratricidium
2786 1780 3001 1847 ruisset,
3033 1789 3088 1836 et
3132 1781 3252 1837 ideo
3296 1785 3663 1853 gravissimam

2073 1884 2286 1939 pennam
2312 1869 2542 1937 tulisset,
2574 1872 2713 1925 sicut
2737 1872 2985 1941 superius
3004 1872 3287 1929 caritatem
3312 1887 3541 1931 vestram
3564 1878 3664 1932 do~

2063 1963 2280 2017 cuimus
2320 1979 2334 2015 :
2371 1974 2434 2016 ac
2464 1963 2664 2032 posteri
2708 1963 2829 2033 ejus
2856 1963 2987 2017 nihil
3019 1979 3082 2019 ea
3108 1966 3456 2036 castigatione
3485 1967 3664 2037 profe-

2071 2055 2292 2118 cissent,
2323 2052 2417 2108 sed
2444 2054 2496 2107 in
2516 2053 2805 2123 majoribus
2829 2069 2890 2110 se
2917 2055 3073 2111 malis
3117 2057 3494 2126 involvissent,
3525 2061 3667 2116 sicut

2070 2145 2347 2201 audivistis
2372 2145 2508 2213 beri,
2540 2145 2771 2201 Lamech
2795 2162 2988 2217 nempe
3016 2158 3291 2218 peccatum
3341 2166 3494 2205 suum
3521 2168 3660 2206 uxo-

2072 2237 2222 2293 ribus
2240 2247 2602 2306 enarrantem,
2632 2253 2951 2311 poenamque
2978 2240 3235 2297 adversus
3274 2256 3335 2299 se
3361 2244 3663 2299 decernen-

2075 2337 2182 2385 tem
2214 2346 2227 2383 :
2252 2330 2376 2401 quia
2404 2331 2658 2400 paulatim
2686 2330 2820 2387 vidit
2844 2331 3146 2389 increscere
3168 2333 3425 2390 malitiam
3449 2336 3664 2391 illorum

2072 2422 2226 2493 quasi
2272 2422 2471 2477 malum
2498 2422 2775 2479 humorem
2804 2439 2901 2495 per
2929 2434 3099 2481 totum
3134 2441 3334 2496 corpus
3359 2444 3420 2484 se
3467 2428 3665 2483 dill‘un-

2073 2514 2313 2582 deutem,
2343 2515 2487 2571 sistit
2516 2516 2735 2573 malitia:
2753 2517 3030 2588 impetum,
3044 2526 3099 2574 et
3119 2521 3495 2590 generationes
3517 2523 3659 2589 illas,

2075 2622 2195 2677 quae
2223 2622 2291 2663 ex
2334 2607 2468 2663 Cain
2506 2608 2767 2679 usquead
2816 2610 3072 2677 Lamech,
3129 2628 3198 2669 ne
3236 2615 3492 2669 memoria
3542 2617 3668 2686 qui-

2076 2701 2198 2757 dem
2229 2701 2520 2773 dignatur:
2548 2702 2644 2759 sed
2682 2704 2834 2775 quasi
2880 2704 3201 2776 principium
3254 2707 3522 2777 quoddam
3566 2708 3670 2762 du-

2074 2807 2207 2848 cens
2258 2800 2315 2849 et
2360 2792 2559 2849 luctum
2610 2793 2741 2850 Adae
2788 2804 2844 2850 et
2897 2794 3025 2851 Eva:
3071 2796 3374 2853 demulcere
3440 2798 3668 2864 volens,

2078 2883 2135 2938 in
2186 2898 2345 2953 quem
2395 2882 2516 2939 illos
2569 2883 2827 2954 iniecerat
2877 2884 3181 2953 fratricida,
3230 2897 3434 2942 armata
3482 2899 3668 2943 contra

2078 2974 2214 3030 Abel
2253 2974 2517 3031 dextera:
2557 2975 2635 3031 sic
2677 2977 3034 3032 narrationem
3082 2978 3307 3047 orditur,
3357 2988 3410 3035 et
3452 2980 3667 3050 inquit:

2078 3063 2107 3119 1
2116 3075 2189 3120 ste
2212 3074 2283 3120 est
2309 3064 2434 3120 liber
2457 3066 2796 3136 generationis
2817 3066 3080 3121 hominum
3102 3108 3119 3135 ,
3146 3068 3227 3123 die
3253 3085 3353 3139 quo
3381 3070 3501 3140 fecit
3528 3068 3671 3124 Deus

2080 3157 2266 3225 Adam,
2292 3158 2569 3213 secundum
2589 3158 2864 3229 imaginem
2886 3156 2983 3213 Dei
3008 3160 3128 3231 fecit
3155 3160 3302 3214 illum
3324 3175 3345 3225 ;
3382 3160 3672 3217 masculum

2077 3258 2127 3302 et
2152 3248 2393 3320 feminam
2416 3248 2533 3318 fecit
2560 3248 2706 3303 illos:
2722 3256 2768 3302 et
2796 3248 3070 3303 nominavit
3090 3265 3273 3305 nomen
3292 3266 3462 3305 eorum
3486 3250 3669 3320 Adam,

2082 3339 2166 3393 die
2192 3354 2293 3409 quo
2320 3339 2438 3411 fecit
2463 3338 2602 3394 illos.

2150 3431 2204 3487 2.
2247 3430 2539 3488 Considera
2569 3431 2837 3503 quomodo
2876 3432 3063 3488 iisdem
3110 3433 3289 3489 verbis
3317 3449 3445 3490 usus
3492 3434 3668 3500 fuerit,

2084 3525 2284 3595 quibus
2332 3536 2387 3580 et
2418 3526 2589 3592 initio,
2621 3534 2678 3580 ut
2721 3524 2941 3582 doceret
2966 3541 3065 3581 nos
3086 3567 3102 3593 ,
3133 3541 3191 3582 se
3219 3528 3593 3598 generationes
3621 3527 3677 3581 il-

2084 3616 2164 3671 las
2208 3626 2265 3672 ut
2310 3626 2489 3685 postea
2540 3614 2873 3687 reprobatas,
2915 3632 3088 3686 neque
3113 3618 3369 3672 memoria
3414 3628 3535 3687 post
3573 3617 3678 3672 hoc

2083 3708 2269 3780 dignas
2302 3708 2501 3764 habere
2549 3724 2569 3764 ε
2621 3708 2715 3764 sed
2766 3725 2833 3764 ex
2879 3707 3033 3775 Seth,
3067 3709 3157 3780 qui
3187 3725 3328 3765 nunc
3367 3711 3471 3765 illis
3521 3720 3679 3765 natus

2083 3809 2186 3864 est,
2215 3800 2580 3871 genealogiam
2608 3800 2795 3864 ordiri,
2829 3809 2887 3854 ut
2905 3808 2959 3855 et
2984 3816 3051 3857 ex
3067 3801 3172 3857 hoc
3198 3801 3393 3866 discas,
3422 3811 3677 3871 quantam

2088 3892 2231 3948 Deus
2261 3891 2479 3947 humani
2522 3892 2739 3963 generis
2764 3893 3027 3948 rationem
3060 3892 3260 3948 habeat
3280 3936 3294 3958 ,
3323 3902 3379 3948 et
3406 3894 3679 3966 quomodo

2088 3983 2210 4039 illos
2232 3991 2547 4049 aversetur,
2578 3983 2769 4054 quibus
2807 3984 3147 4053 sanguinaria
3197 3999 3349 4039 meus
3388 3994 3490 4039 est.
3545 3984 3679 4039 Nam

2090 4076 2303 4132 illorum
2329 4076 2665 4141 memoriam,
2709 4076 2860 4146 quasi
2887 4091 3173 4146 numquam
3199 4077 3472 4144 vixissent,
3503 4078 3572 4131 ita
3608 4080 3682 4132 si-

2094 4170 2259 4225 lentio
2286 4168 2522 4239 prteterit
2565 4185 2580 4223 :
2618 4168 2970 4224 monstrando
3009 4168 3164 4224 nobis
3189 4184 3348 4239 quam
3376 4185 3538 4240 grave
3568 4186 3682 4223 tua-

2093 4260 2204 4315 lum
2225 4260 2295 4315 sit
2316 4268 2614 4330 peccatum,
2643 4258 2786 4330 quod
2812 4260 2901 4329 qui
2922 4260 3337 4329 amplectuntur,
3365 4274 3425 4315 se
3451 4261 3679 4329 priumm

2095 4364 2149 4408 et
2182 4354 2413 4408 maxime
2456 4352 2821 4423 pessutndant.
2872 4352 3010 4409 Ecce
3052 4352 3198 4409 enim
3237 4352 3316 4407 illi
3363 4367 3395 4407 e
3439 4353 3683 4422 catalogo

2093 4456 2491 4515 expunguntur,
2514 4452 2571 4500 et
2595 4454 2817 4500 eatenus
2857 4452 3062 4500 tantum
3111 4455 3599 4500 commemorantur
3627 4456 3685 4500 ut

2098 4537 2384 4593 infametur
2423 4537 2660 4607 ipsorum
2704 4536 2925 4603 malitia,
2954 4544 3009 4591 et
3041 4535 3424 4605 posterioribus
3474 4537 3685 4590 steculis

2096 4627 2485 4683 emendationis
2521 4627 2631 4681 sint
2656 4628 2887 4683 occasio.
2922 4629 2991 4681 At
3016 4628 3105 4698 qui
3151 4627 3348 4697 injuste
3373 4628 3600 4689 occisus,
3635 4637 3690 4683 et

2094 4719 2331 4775 fraterna
2358 4734 2517 4774 manu
2541 4720 2889 4790 interemptus
2917 4727 3020 4784 est,
3048 4734 3117 4773 ex
3155 4734 3220 4773 eo
3249 4726 3491 4789 tempore
3517 4733 3689 4787 usque

2101 4813 2154 4867 in
2200 4814 2301 4867 hoc
2326 4821 2596 4877 nostrum,
2637 4812 2877 4867 omnium
2924 4810 3240 4866 decantatur
3266 4827 3361 4866 ore
3384 4853 3399 4877 ,
3431 4819 3487 4867 et
3516 4824 3691 4879 neque

2102 4914 2313 4974 tempus
2340 4904 2496 4975 hujus
2516 4904 2829 4959 memoriam
2844 4902 3117 4969 exstinxit,
3142 4918 3312 4972 neque
3330 4903 3470 4957 illius
3486 4903 3691 4958 crimen

2102 4995 2365 5051 imminuit
2396 5013 2409 5049 :
2439 4995 2533 5051 sed
2563 5004 2617 5050 et
2646 4995 2732 5050 hic
2757 4994 2997 5065 quotidie
3023 4995 3264 5050 omnium
3306 5009 3400 5051 ore
3422 4994 3687 5065 praedica-

2103 5100 2207 5151 tur.
2240 5099 2295 5145 et
2321 5089 2409 5144 ille
2436 5088 2689 5143 continue
2719 5088 3029 5142 infamatur.

2094 5216 2099 5217 ν
2182 5180 2351 5235 Virtus
2377 5196 2440 5235 ea:
2478 5179 2718 5234 (erumnis
2746 5180 2805 5248 fit
2852 5179 3118 5234 illustrior.
3160 5178 3295 5245 Quid
3329 5178 3393 5232 sit
3416 5178 3700 5233 secundum

2098 5276 2369 5347 imaginem
2416 5273 2515 5329 Dei
2561 5274 2742 5328 creari.
2795 5302 2867 5313 —
2912 5272 3133 5328 Vidistis
3176 5281 3432 5342 quantum
3476 5271 3697 5326 malitiae

2092 5369 2377 5435 damnum,
2418 5378 2475 5422 et
2516 5374 2775 5438 quantum
2820 5366 3033 5420 virtutis
3062 5364 3269 5420 robur?
3316 5373 3372 5419 et
3423 5363 3695 5434 quomodo

2101 5463 2323 5528 malitia,
2353 5463 2513 5517 etiam
2561 5462 2606 5516 si
2649 5459 2865 5515 infestet
2888 5467 2944 5514 et
2985 5458 3312 5524 dominetur,
3339 5456 3695 5526 exstinguitur

2104 5562 2287 5608 tamen
2328 5562 2381 5607 et
2410 5551 2657 5606 aboletur
2683 5567 2698 5603 :
2727 5549 2897 5603 virtus
2926 5556 3107 5603 autem
3132 5546 3258 5601 licet
3308 5546 3610 5609 infestetur,
3643 5553 3694 5598 et

2106 5644 2386 5700 innumera
2416 5642 2595 5714 gravia
2624 5641 2908 5706 sustineat,
2936 5654 2999 5693 ea
3030 5639 3316 5695 omasione
3344 5637 3601 5692 illustrior
3633 5637 3693 5690 lit

2178 5830 2251 5894 (a)
2285 5827 2401 5879 vide
2425 5825 2560 5877 Prtef.
2585 5825 2718 5876 Tomi
2740 5824 2900 5887 hujus,
2925 5822 2950 5886 ς
2972 5827 3043 5871 tv.
