4038 6394
385 331 492 390 175

1023 448 1269 504 ΟΜῘΛΙΔ.
1303 446 1445 502 KA'.

370 537 532 606 Αὕτη
563 539 602 606 ἦ
624 539 846 604 βίϐλος
873 535 1160 608 γενέσεως
1190 534 1543 608 ἀνθρώπων,
1639 537 1832 604 ἡμέρᾳ
1859 537 2057 603 ἐποίψ

449 627 568 662 aer
599 613 632 662 ό
661 609 807 673 Θεὸς
837 607 946 660 τὸν
980 607 1176 674 Ἀδὰμ,
1203 610 1334 660 κατ’
1354 607 1562 666 εἰκόνα
1593 607 1744 661 Θεοῦ
1768 609 2062 676 ἐποίησεν

449 680 668 742 αὐτὸν,
721 678 913 746 ἄρσεν
955 677 1054 730 καί
1089 676 1274 746 θῆλυ
1299 677 1622 746 ἐποίησενη
1642 678 1902 746 αὐτοὺς,
1957 678 2060 730 καὶ

445 743 804 834 ἑπωνόμαᾴε
835 749 902 802 τὸ
926 747 1114 816 ὄνομα
1133 745 1333 801 αὐτῶν
1365 745 1558 816 Ἀδὰμ,
1584 743 1623 820 ᾗ
1640 745 1828 817 ἡμέρᾳ
1849 747 2059 816 ἐποίη-

447 837 564 873 σεν
596 836 840 884 αυτοι-ς.

446 911 516 959 α’.
555 903 728 966 Πολὺς
764 903 861 956 καὶ
893 903 1096 971 ᾶφατος
1121 903 1150 954 ό
1189 901 1481 974 θησαυρὸς,
1531 903 1839 974 ἀγαπητοὶ,
1861 905 1920 956 ἐν
1947 906 2058 966 τοῖς

373 992 692 1062 πρόσφατον
716 989 1132 1058 ἀναγνωσθεῐσι.
1167 990 1284 1043 Καὶ
1317 987 1432 1044 οΙδα
1467 991 1564 1060 μὲν
1593 991 1672 1043 δτι
1707 991 1890 1044 πολλοὶ
1923 991 2058 1061 πρὸς

368 1081 468 1134 τὸν
491 1081 602 1134 τῶν
639 1079 924 1150 ὀνομάτων
961 1077 1264 1147 κατάλογον
1298 1079 1632 1150 ἀφορῶντες,
1669 1081 1765 1132 καὶ
1802 1079 2058 1145 ἐξεπιπο-

367 1167 472 1238 λῆς
518 1171 634 1232 τοῖς
676 1165 1076 1236 ἀνεγνωμένοις
1134 1166 1494 1238 προσέχοντες
1547 1167 1830 1236 νομίζουσι
1887 1168 2056 1238 μηδὲν

369 1255 536 1308 πλέον
562 1255 708 1324 ἔχειν
732 1253 808 1307 τά
829 1253 1118 1324 εἰρημένα,
1155 1253 1271 1308 ἀλλ’
1301 1253 1338 1324 ἢ
1383 1253 1570 1317 ἁπλῶς
1600 1255 1877 1322 ὀνομάτων
1915 1251 2054 1310 εἶναι

367 1341 772 1413 προσηγορίαςο
798 1339 910 1410 ἐγὼ
935 1339 991 1393 δὲ
1015 1339 1326 1412 παρακαλῶ.
1344 1339 1552 1404 πάντας
1585 1341 1730 1410 ὑμᾶς
1760 1340 1834 1412 μὴ
1865 1342 2054 1406 ἁπλῶς

365 1429 740 1500 παρατρέχειν
771 1427 842 1481 τά
872 1428 932 1481 ἐν
958 1429 1080 1492 ταῖς
1107 1427 1282 1490 θείαις
1321 1428 1564 1500 Γραφαῖς
1597 1429 1847 1500 κείμενα.
1885 1429 2053 1484 Οὑδέν

361 1517 480 1588 γάρ
505 1516 616 1569 τῶν
633 1515 870 1569 ἐνταῦθα
891 1515 1304 1588 γεγραμμένων
1319 1516 1490 1584 ἐστὶν,
1514 1515 1542 1569 δ
1569 1516 1644 1588 μὴ
1665 1517 1832 1572 πολὺν
1848 1535 1941 1588 νοη
1951 1519 2054 1589 μά-

361 1621 478 1657 των
505 1603 738 1656 πλοῦτον
777 1601 913 1674 ἔχει·
958 1603 1148 1675 ἐπειδὴ
1182 1605 1292 1677 γὰρ
1321 1603 1600 1674 Πνεύματι
1649 1603 1778 1675 θείῳ
1823 1605 2051 1677 ἐνηχού-

363 1709 522 1762 μενοι
563 1691 810 1757 ἐξέθεντο
841 1693 892 1744 oi
939 1693 1199 1763 μακάριοι
1251 1691 1560 1764 προφῆται,
1612 1691 1700 1746 διά
1747 1692 1906 1746 τοῦτο
1955 1693 2052 1747 ἀτε

367 1771 652 1842 Πνεύματι
693 1771 1078 1842 γεγραμμέναι
1125 1771 1294 1826 πολὺν
1335 1771 1551 1840 ἔχουσιν
1601 1773 2052 1843 ἐγκεκρυμμένον

361 1859 664 1930 θησαυρόν.
705 1858 816 1912 Καὶ
849 1857 933 1929 μὴς
951 1857 1264 1929 θαυμάσῃς,
1318 1857 1368 1910 εί
1420 1858 1480 1910 ἐν
1514 1856 1593 1928 τῷ
1621 1858 1910 1929 καταλόγῳ
1940 1859 2050 1913 τῶν

359 1945 647 2014 ὀνομάτων
683 1943 779 1999 νῦν
810 1943 1220 2014 ἐπαγγέλλομαι
1253 1943 1384 2013 ὑμῖν
1422 1942 1700 1996 δεικνύναι
1747 1943 1918 1997 πολὺν
1957 1945 2050 2012 ἐγ-

362 2032 752 2102 κεκρυμμένον
801 2031 1030 2084 πλοῦτον
1075 2031 1387 2103 νοημάτων.
1441 2030 1578 2083 Οὑδέ
1622 2033 1733 2102 γὰρ
1768 2032 2046 2105 συλλαϐὴ,

357 2120 486 2174 οὑδέ
515 2119 716 2192 κεραία
751 2119 850 2190 μία
872 2117 1022 2192 [181]
1047 2121 1193 2172 ἐστὶν
1219 2117 1516 2190 ἐγκειμένη
1555 2119 1707 2190 παρά
1729 2123 1796 2190 τῇ
1825 2121 2046 2191 Γραφῇ,

361 2201 400 2280 ᾖ
437 2207 510 2279 μὴ
540 2207 710 2270 πολὺς
742 2207 1090 2261 ἐναπόκειται
1139 2206 1461 2278 θησαυρδςι
1504 2209 1563 2260 ἐν
1605 2205 1682 2278 τῷ
1732 2207 1906 2277 βάθει.
1950 2209 2051 2263 Διά

359 2305 451 2340 τοι
483 2285 644 2340 τοῦτο
673 2287 939 2357 προσήκει
975 2287 1126 2357 ἡμᾶς
1162 2287 1264 2340 ὑπὸ
1289 2287 1388 2358 τῆς
1413 2285 1620 2340 ἄνωθεν
1663 2287 1890 2358 χάριτος
1924 2289 2051 2362 ὁδη-

360 2365 688 2434 γουμένους,
725 2367 821 2418 καὶ
847 2365 948 2436 τὴν
981 2365 1132 2437 παρά
1167 2365 1259 2419 τοῦ
1290 2365 1446 2434 ἀγίου
1481 2364 1804 2436 Πνεύματος
1848 2367 2049 2438 έλλαμυ

359 2444 460 2498 ὺιν
490 2443 837 2514 δεξαμένους,
865 2443 1040 2507 οῦτως
1073 2443 1284 2498 ἐπιέναι
1317 2443 1388 2497 τά
1417 2445 1537 2498 θεῖα
1565 2444 1742 2513 λόγια.
1779 2445 1914 2500 Οὑδέ
1939 2449 2049 2519 γὰρ

361 2523 562 2590 σοφίας
589 2523 942 2595 ἀνθρωπίνης
985 2525 1156 2578 δεῖται
1199 2527 1232 2596 ἡ
1276 2524 1396 2578 θεία
1427 2524 1622 2596 Γραφὴ
1659 2525 1798 2596 πρὸς
1825 2525 1925 2598 τὴν
1955 2545 2052 2582 κα-

359 2604 624 2674 τανόησιν
660 2604 770 2658 τῶν
809 2606 1232 2676 γεγραμμένων,
1281 2604 1420 2658 ἀλλὰ
1469 2605 1572 2675 τῆς
1607 2603 1702 2658 τοῦ
1733 2605 2048 2678 Πνεύματος

357 2683 786 2753 ἀποκαλύψεως,
813 2684 902 2736 ἵνα
921 2684 1012 2738 τὸν
1040 2685 1214 2757 ἀληθῆ
1237 2683 1362 2738 νοῦν
1387 2683 1497 2738 τῶν
1517 2685 1854 2756 ἐγκειμένων
1879 2705 2046 2741 κατα-

363 2762 632 2833 μαθόντες
674 2761 878 2834 πολλὴν
915 2764 1128 2818 ἐκεῖθεν
1159 2763 1442 2836 δεξώμεθα
1491 2765 1592 2834 τὴν
1643 2763 1934 2834 ώφέλειαν.
1983 2767 2046 2821 El

357 2841 472 2912 γάρ
495 2845 552 2893 ἐν
591 2843 705 2905 τοῖς
731 2839 1002 2911 βιωτικοῖς
1029 2843 1319 2914 πράγμασι
1358 2843 1426 2898 τὰ
1452 2843 1558 2897 ὑπὸ
1601 2843 1712 2898 τῶν
1743 2845 2046 2916 ἀνθρώπων

359 2919 766 2992 συντελούμενα
803 2925 1160 2993 γραμματεῖα
1193 2923 1456 2986 πολλάκις
1488 2923 1566 2994 τῷ
1594 2924 1774 2996 χρόνῳ
1827 2924 2052 2994 διαφθα-

361 2999 562 3072 ρέντα,
608 3001 714 3053 ὑπὸ
759 3001 852 3054 τοῦ
903 3001 1224 3071 ἐγκειμένου
1269 3002 1464 3074 χρόνου
1504 3003 1582 3075 τῷ
1633 3003 1906 3074 προοιμίῳ
1949 3005 2046 3058 τοῦ

356 3079 782 3148 γραμματείου,
839 3081 936 3133 καὶ
967 3081 1078 3133 ἀπὸ
1120 3083 1250 3151 μιᾶς
1299 3081 1574 3152 συλλαϐῆς
1607 3083 1636 3122 1)
1687 3083 1889 3154 πολλὴν
1917 3083 2044 3155 ἔσχε

356 3159 460 3227 τὴν
493 3159 664 3230 ἰσχύν·
701 3159 882 3228 πολλῷ
927 3161 1126 3230 μᾶλλον
1167 3161 1260 3214 ἐπὶ
1309 3160 1419 3214 τῶν
1459 3161 1620 3215 θείων
1670 3163 1902 3234 Γραφῶν
1937 3163 2051 3216 τῶν

357 3237 642 3308 Πνεύματι
673 3239 813 3310 ἁγίῳ
842 3239 1218 3310 συγκειμένων
1245 3239 1406 3294 τοῦτό
1451 3241 1604 3294 ἐστιν
1651 3243 1854 3311 εὑρεῖν,
1887 3243 2045 3311 μόνον

357 3317 462 3370 ἐὰν
485 3319 770 3388 νήφωμεν,
807 3319 900 3371 καὶ
937 3317 1012 3389 μὴ
1040 3319 1228 3382 ἁπλῶς
1253 3319 1714 3390 παρατρέχωμεν,
1755 3321 1896 3376 ἀλλά
1923 3339 2046 3375 συν-

355 3399 628 3462 τείνοντες
672 3397 831 3468 ήμῶν
875 3397 968 3452 τὸν
999 3399 1260 3470 λογισμὸν
1319 3399 1782 3472 κατοπτεύσωμεν
1828 3401 2044 3456 ἅπαντα

361 3478 504 3546 μετὰ
526 3477 835 3548 ἀκριϐείας,
869 3479 964 3532 καὶ⁸
998 3478 1072 3550 μὴ
1111 3479 1329 3550 χείρους
1357 3477 1640 3550 γινώμεθα
1668 3480 1778 3534 τῶν
1811 3481 1938 3551 περὶ
1976 3481 2046 3536 τά

357 3555 596 3628 αἰσθητά
634 3558 908 3626 τοσαύτην
957 3558 1057 3630 τὴν
1101 3559 1338 3630 σπουδὴν
1389 3559 1879 3630 ἐπιδεικνυμένων.
1935 3563 2044 3614 Καὶ

357 3645 470 3716 γάρ
501 3647 550 3698 οἱ
582 3648 682 3718 τὴν
711 3645 1038 3718 μεταλλικὴν
1062 3647 1168 3718 γῆν
1212 3647 1600 3720 ἀνορύττοντες
1633 3649 1694 3701 οὑ
1735 3649 1899 3721 μέχρι
1941 3651 2042 3721 τῆς

359 3733 682 3802 ἐπιφανείας
711 3735 980 3799 ἵστανται,
1005 3733 1123 3789 ἀλλ’
1156 3735 1376 3789 ἐπειδάν
1421 3735 1554 3789 πολὺ
1599 3735 1760 3806 βάθος
1789 3748 1812 3776 ε
1847 3738 2042 3792 κατέλ-

359 3819 518 3886 θωσι,
533 3823 630 3874 καὶ
647 3821 998 3887 καταλαϐεῖν,
1016 3822 1286 3893 δυνηθῶσι
1305 3823 1398 3877 τοῦ
1416 3825 1641 3896 χρυσίου
1665 3825 1734 3879 τὰ
1749 3825 2038 3896 ψήγματα,

365 3910 506 3977 μετά
535 3910 734 3964 πολλοῦ
763 3911 858 3964 τοῦ
887 3911 1048 3966 πόνου
1075 3911 1293 3982 καὶτῆς
1325 3912 1568 3976 εὐτονίας
1607 3916 1704 3982 τῆς
1744 3915 1845 3984 γῆς
1877 3915 2043 3986 χωρί-

359 3995 534 4060 ζουσι,
565 4000 662 4052 καὶ
695 3999 836 4070 μετὰ
860 3999 952 4052 τὸν
981 3999 1148 4054 πολὺν
1191 4001 1398 4054 ἐκεῖνον
1425 4001 1604 4066 πόνον,
1631 4001 1888 4072 βραχεῖάν
1921 4020 2042 4056 τινα

355 4087 466 4142 τῶν
491 4089 674 4142 πόνων
699 4089 1010 4159 εὑρίσκουσι
1060 4089 1450 4159 παραμυθίαν’
1500 4091 1594 4144 καὶ
1637 4091 1788 4158 ὅμως
1839 4091 2042 4156 εἰδότες

357 4175 440 4229 ὃτι
468 4176 728 4232 ἐλάττονα
761 4177 872 4230 τῶν
893 4177 1074 4232 πόνων
1104 4175 1448 4250 καρποῦνται
1476 4177 1574 4249 τὴν
1600 4178 1892 4248 ὠφέλειαν,
1913 4180 2042 4234 πολ-

357 4265 518 4329 λάκις
557 4267 615 4320 δὲ
653 4265 748 4320 καὶ
785 4265 926 4336 μετά
954 4267 1054 4338 τὴν
1083 4265 1284 4337 πολλὴν
1319 4267 1628 4338 ἀγρυπνίαν
1673 4267 1766 4320 καὶ
1800 4269 1894 4320 τὸν
1940 4269 2042 4322 κά-

367 4371 554 4422 ματον,
590 4355 685 4408 καὶ
711 4355 808 4424 τῆς
851 4354 1176 4425 προσδοκίας
1220 4354 1554 4426 διήμαρτον,
1587 4355 1682 4408 καὶ
1715 4355 1836 4408 οὑδέ
1865 4355 2039 4419 οὕτως

359 4441 708 4509 ἀφίστανται,
761 4441 900 4495 ἀλλά
942 4443 1010 4512 τῇ
1059 4441 1234 4494 ἐλπίδι
1283 4443 1648 4514 τρεφόμενοι,
1697 4443 1806 4498 τῶν
1859 4445 2038 4498 πόνων

361 4530 610 4600 αἴσθησιν
657 4529 716 4582 οὑ
752 4529 1142 4600 λαμϐάνουσιν.
1195 4529 1260 4582 Εἰ
1315 4530 1496 4582 τοίνυν
1545 4532 1744 4584 ἐκεῖνοι
1796 4533 1923 4602 περὶ
1969 4533 2038 4586 τά

361 4618 580 4694 φθαρτά
606 4619 702 4672 καὶ
741 4620 1002 4689 ἐπίκηρα,
1033 4617 1164 4674 ἔνθα
1207 4621 1304 4673 καὶ
1341 4617 1536 4690 άδηλία
1585 4620 1790 4692 πολλὴ,
1841 4622 2038 4674 τοσαύ-

355 4715 456 4768 την
501 4701 898 4756 ἐπιδείκνυνται
947 4702 1044 4772 τὴν
1079 4701 1336 4774 σπουδὴν,
1389 4703 1569 4774 πολλῷ
1617 4704 1823 4774 μᾶλλον
1864 4721 2036 4774 προσ-

357 4783 480 4853 ήκει
511 4785 676 4854 *ἡμᾶς
715 4785 848 4837 ὅπου
905 4785 1000 4838 καὶ
1051 4788 1078 4840 ό
1132 4785 1362 4850 πλοῦτος
1417 4787 1818 4858 ἀναφαίρετος,
1861 4787 1956 4840 καὶ
2007 4790 2036 4842 ό

357 4869 632 4943 θησαυρὸς
667 4872 1026 4944 άδαπάνητος,
1051 4874 1146 4926 καὶ
1166 4873 1486 4945 διαμαρτεῖν
1513 4874 1613 4927 οὑκ
1644 4873 1753 4938 ένι,
1789 4875 1886 4946 τὴν
1915 4875 2036 4944 ἴσην

358 4959 454 5010 καὶ
479 4957 700 5013 πλείονα
734 4959 966 5030 σπουδὴν
991 4960 1418 5024 ἐπιδείκνυσθαι,
1454 4961 1541 5014 ἵνα
1573 4961 1892 5033 δυνηθῶμεν
1917 4963 2038 5018 ἐπι-

355 5046 539 5112 τυχεῖν
579 5045 687 5097 τῶν
731 5047 1201 5116 σπουδαζομένων,
1239 5047 1332 5098 καὶ
1358 5047 1453 5118 τὴ)
1485 5047 1736 5100 ἐντεῦθεν
1766 5047 2036 5116 ὠφέλειαν

356 5135 806 5202 καρπωσάμενοι,
838 5133 935 5186 καὶ
971 5133 1380 5203 καταμαθόντες
1409 5135 1501 5186 τοῦ
1525 5133 1662 5186 Θεοῦ
1693 5135 1791 5206 τὴν
1829 5135 2034 5204 ἄφατον

356 5219 788 5290 φιλανθρωπίαν,
818 5220 1156 5291 εὐγνώμονές
1191 5239 1250 5272 τε
1289 5221 1576 5292 γενώμεθα
1614 5224 1742 5294 περὶ
1768 5223 1859 5275 τὸν
1894 5225 2032 5294 ὴμέ-

353 5322 510 5376 τερον
539 5307 838 5378 Δεσπότην,
862 5307 959 5360 καὶ
977 5309 1075 5378 τὴν
1102 5309 1313 5361 ἐκεῖθεν
1337 5308 1548 5362 εὔνοιαν
1574 5310 2032 5381 ἐπισπασάμενοι,

355 5392 646 5463 ἀχείρωτοι
675 5393 1034 5464 καταστῶμεν
1076 5397 1196 5458 ταῖς
1229 5395 1322 5447 τοῦ
1364 5395 1611 5450 διαϐόλου
1645 5396 1857 5464 παγίσι.
1894 5399 2032 5470 Φέρε

353 5477 448 5538 οὖν
470 5479 542 5533 τά
583 5479 897 5552 πρόσφατον
927 5483 1348 5550 ἀναγνωσθέντα
1393 5485 1474 5546 είς
1503 5483 1666 5556 μέσον
1705 5484 2028 5556 προθέντες,

349 5565 832 5638 διερευνησώμεθα
859 5569 998 5640 μετὰ
1035 5571 1324 5642 ἀκριϐείας
1351 5570 1604 5636 ἕκαστον,
1647 5573 1734 5626 ἴνα
1770 5576 1868 5644 τῆς
1909 5591 2031 5625 συν-

351 5654 517 5724 ήθους
551 5655 960 5720 ἀπολαύσαντες
985 5657 1361 5724 διδασκαλίας,
1393 5659 1568 5723 οὕτως
1601 5659 1784 5714 οἶκαδε
1819 5663 2030 5731 ἀναχω-

353 5743 578 5814 ρήσητε.
596 5742 757 5811 Αὕτη
777 5745 817 5812 ἠ
837 5744 1080 5812 βίϐλος,
1113 5747 1268 5816 φησὶ,
1293 5745 1587 5816 γενέσεως
1613 5746 1958 5816 ἀνθρώπωνν
1987 5743 2028 5822 ᾗ

351 5833 545 5901 ἡμέρᾳ
573 5835 864 5906 ἐποίησεν
889 5841 924 5893 ό
951 5828 1095 5906 Θεὸς
1123 5839 1232 5894 τὸν
1263 5839 1444 5908 Ἀδὰμ
1473 5838 1602 5893 κατ’
1636 5837 1840 5892 εἰκόνα
1872 5839 2022 5895 Θεοῦ

411 5953 434 5978 ει
469 5941 593 6004 Reg.
632 5957 759 5994 unus
797 5944 1020 6002 πλοῦτος.
1106 5943 1135 5984 δ
1157 5947 1256 5996 Alii
1278 5946 1462 5996 addunt
1484 5946 1726 6004 πολλάκις.

414 6005 436 6034 ε
464 6003 638 6054 More}.
664 6005 728 6060 εἰς
749 6008 868 6054 πολὺ
894 6009 1048 6068 βάθος.
1078 6008 1212 6057 ιὶιιιιε
1234 6022 1332 6056 mss
1377 6009 1439 6064 εἰς
1465 6011 1616 6070 βάθος.

1427 329 1496 386 ΙΝ
1529 331 1678 387 CAP.
1725 331 1768 387 ν
1810 327 1896 384 ET
1937 331 2025 387 Vl.
2071 328 2318 388 GENES.
2357 327 2592 382 I'IORIIL.
2635 328 2777 387 XXI.

3739 329 3848 386 I76

2166 454 2457 519 ἐποίησεν
2493 449 2699 505 αὐτόν’
2735 449 2926 516 ἄρσεν
2947 447 3046 502 καί
3076 446 3236 516 θῆλυ
3261 445 3554 512 ἐποίησεν
3592 445 3836 512 αὐτούς.

2165 541 2272 596 Kal
2305 540 2660 607 ἐπωνόμασε
2687 539 2753 592 τὸ
2795 537 2984 605 ὄνομα
3011 536 3209 591 αὐτῶν
3233 533 3260 574 ἀ
3309 534 3510 602 Ἀδὰμ,
3565 527 3604 603 ᾖ
3647 533 3836 603 ἡμέρᾳ

2161 628 2452 694 ἐποίησεν
2489 625 2732 690 αὐτούς.
2761 624 2872 678 Θέα
2896 641 2986 694 μοι
3005 623 3099 676 τοῦ
3128 621 3444 694 θαυμαστοῦ
3477 622 3670 675 τούτου
3699 638 3834 692 προ-

2163 717 2334 786 φήτου
2355 715 2454 785 τὴν
2481 713 2720 768 σύνεσιν·
2757 713 2958 784 μᾶλλον
2988 713 3046 766 δέ
3072 710 3164 764 τοῦ
3192 711 3348 780 ἁγίου
3381 709 3698 781 Πνεύματος
3735 711 3834 780 τὴν

2159 803 2524 858 διδασκαλίαν.
2595 803 2834 856 Ἐκεῖθεν
2883 802 2992 874 γὰρ
3026 801 3387 872 ἐνηχούμενος
3438 801 3654 855 ἅπαντα
3699 802 3836 872 ἡμῖν

2161 892 2484 962 φθέγγεται,
2521 891 2616 944 καὶ
2649 889 2748 960 τὴν
2777 889 3024 958 γλῶτταν
3059 888 3160 960 μὲν
3187 883 3341 952 οὗτος
3370 887 3664 954 ἐδάνεισεν,
3711 889 3746 959 ἡ
3777 888 3834 942 δὲ

2158 979 2252 1032 τοῦ
2278 977 2595 1049 Πνεύματος
2629 977 2788 1048 χάρις
2815 977 2994 1030 πάντα
3023 974 3214 1044 σαφῶς
3248 973 3336 1028 διὰ
3363 973 3556 1028 τούτου
3577 973 3678 1046 τὴν
3703 975 3836 1046 ἡμε-

2157 1065 2324 1135 τέραν
2349 1065 2590 1118 διδάσκει
2620 1068 2802 1134 φύσιν,
2831 1063 3030 1116 Σκόπει
3067 1061 3247 1116 τοίνυν
3277 1061 3395 1125 πῶς
3422 1063 3504 1125 εἰς
3533 1060 3710 1132 ἀρχὴν
3739 1061 3832 1114 τὸν

2157 1154 2316 1224 λόγον
2345 1155 2614 1225 ἀνήγαγε,
2647 1155 2740 1208 καὶ
2767 1151 2994 1216 ἀνωθεν,
3011 1151 3088 1215 ὡς
3118 1153 3316 1216 εἰπεῖν,
3341 1151 3501 1206 πάλιν
3523 1151 3621 1223 τὴν
3641 1151 3860 1222 διήγη-.

2159 1259 2244 1295 σιν
2273 1241 2606 1314 ποιήσασθαι
2637 1240 2791 1314 [182]
2821 1239 3090 1312 βούλεται.
3115 1239 3272 1304 Τίνος
3301 1240 3485 1294 ἕνεκεν
3510 1241 3604 1294 καὶ
3629 1238 3716 1294 διὰ
3741 1237 3858 1307 τίκ

2169 1330 2388 1402 Ἐπειδὴ
2418 1329 2528 1400 γὰρ
2551 1325 2660 1384 εἶδε
2690 1331 2816 1394 τοὺς
2844 1329 2946 1400 ἤδη
2978 1328 3272 1398 γεγονότας
3301 1327 3498 1400 πολλὴν
3525 1327 3625 1399 τὴν
3653 1330 3832 1396 ἀγνω-

2159 1417 2398 1488 μοσύνην
2425 1417 2886 1488 ἐπιδειξαμένους,
2927 1416 3023 1470 καὶ
3067 1415 3200 1486 μηδέ
3232 1417 3344 1479 τοῖς
3375 1417 3456 1478 εἰς
3489 1415 3578 1467 τὸν
3613 1413 3830 1485 πρωτό-
3911 1431 3930 1446 ε

2155 1507 2396 1562 πλαστον
2428 1507 2816 1577 γεγενημένοις
2857 1503 3358 1578 σωφρονισθέντας,
3390 1501 3504 1556 ἀλλ’
3540 1504 3619 1566 είς
3665 1501 3844 1556 αὑτὸν·
3917 1559 3922 1564 _

2153 1595 2244 1648 τὸν
2277 1595 2522 1668 κρημνὸν
2549 1593 2650 1664 τῆς
2681 1592 2878 1655 κακίας
2928 1591 3374 1663 κατενεχθένταςο
3418 1591 3447 1644 ὅ
3489 1607 3549 1644 τε
3591 1589 3701 1662 γὰρ
3735 1590 3829 1642 ὑπ’

2153 1681 2318 1736 αὑτοῦ
2348 1681 2560 1752 τεχθεὶς
2597 1680 2801 1745 εὐθέως
2831 1680 2920 1736 διά
2961 1679 3261 1751 βασκανίαν
3291 1680 3372 1742 είς
3411 1677 3826 1747 ἀδελφοκτονίαν

2153 1770 2403 1842 ὥρμησε·
2435 1768 2517 1823 διὸ
2538 1768 2632 1824 καὶ
2669 1769 2768 1842 τὴν
2802 1769 3072 1840 τιμωρίαν
3113 1767 3331 1838 ἐκείνην
3375 1765 3472 1837 τὴν
3506 1765 3826 1836 χαλεπωτά-

2150 1876 2250 1930 την
2279 1857 2514 1925 ἐδέξατο,
2547 1857 2726 1920 καθὼς
2755 1856 3058 1924 φθάσαντες
3080 1853 3400 1925 ἐδιδάξαμεν
3422 1853 3521 1924 τὴν
3549 1853 3828 1924 ὑμετέραν

2152 1947 2394 2017 ἀγάπην·
2429 1941 2550 2000 εἶτα
2581 1945 2742 2000 πάλιν
2784 1945 2834 1998 οἱ
2882 1946 2998 2016 μετ’
3029 1945 3254 2007 ἐκεῖνον,
3288 1942 3410 1996 οὑδέ
3430 1945 3497 2014 τῇ
3527 1941 3716 1995 τούτου
3749 1957 3828 1994 τι·

2158 2034 2340 2106 μωρία
2387 2032 2880 2105 σωφρονισθέντες,
2923 2031 3126 2102 χείροσι
3163 2032 3355 2093 κακοῖς
3401 2029 3627 2092 ἐαυτοὺς
3670 2045 3826 2100 περι-

2158 2121 2379 2188 έϐαλον,
2407 2121 2660 2194 καθάπερ
2687 2120 2958 2191 ἠκούσατε
2983 2119 3111 2190 χθὲς
3141 2117 3236 2173 τοῦ
3267 2119 3456 2190 Λάμεχ
3485 2117 3584 2188 τὴν
3622 2117 3830 2170 οἰκείαν

2153 2210 2428 2282 ἁμαρτίαν
2463 2209 2821 2280 διηγουμένου
2867 2209 2992 2272 ταῖς
3025 2206 3222 2261 ἐαυτοῦ
3267 2205 3486 2276 γυναιξὶ
3509 2243 3526 2270 ,
3563 2205 3658 2258 καὶ
3701 2203 3825 2257 καθ’

2151 2297 2344 2352 ἑαυτοῦ
2392 2301 2454 2352 τὸ
2496 2297 2774 2368 ἐπιτίμιον
2801 2296 3091 2368 ὁρίζοντος*
3131 2296 3253 2350 ἐπεὶ
3283 2295 3424 2350 κατά
3461 2293 3657 2368 μικρὸν
3687 2289 3826 2346 εἶδεν

2150 2383 2522 2457 αὐξανομένην
2543 2383 2722 2440 αὑτῶν
2747 2384 2843 2456 τὴν
2869 2384 3068 2438 κακίαν
3101 2383 3358 2454 καθάπερ
3384 2381 3562 2454 ῥεῦμα
3589 2378 3828 2450 πονηρὸν

2154 2472 2346 2544 μέλλον
2376 2471 2517 2526 κατά
2545 2473 2746 2536 παντὸς
2765 2471 3066 2544 διατρέχειν
3091 2470 3186 2524 τοῦ
3205 2470 3480 2542 σώματος,
3512 2469 3693 2538 ἵστησι
3722 2465 3824 2536 τῆς

2151 2561 2351 2624 κακίας
2385 2561 2482 2631 τὴν
2513 2561 2704 2632 φορὰν,
2745 2561 2838 2614 καὶ
2869 2561 2970 2622 τὰς
3015 2559 3207 2628 γενεὰς
3237 2557 3443 2621 ταύτας
3488 2556 3676 2611 λοιπὸν
3721 2553 3822 2620 τάς

2150 2651 2216 2704 ἐκ
2245 2649 2340 2702 τοῦ
2371 2648 2506 2704 Κάῖν
2541 2650 2702 2720 μέχρι
2740 2648 2834 2702 τοῦ
2873 2649 3067 2718 Λάμεχ
3107 2646 3408 2718 γενομένας
3447 2645 3570 2700 οὐδὲ
3601 2645 3824 2716 μνήμης

2151 2739 2308 2804 ἀξιοῖ,
2340 2739 2454 2793 ἀλλ’
2481 2739 2671 2810 ὥσπερ
2702 2739 2878 2810 ἀρχήν
2897 2755 3018 2792 τινα
3047 2736 3392 2806 ποιούμενος,
3415 2736 3510 2790 καὶ
3539 2734 3600 2788 τὸ
3623 2733 3822 2795 πένθος

2148 2828 2244 2882 τοῦ
2285 2827 2460 2898 Ἀδάμ
2493 2829 2587 2882 καὶ
2626 2829 2725 2899 τῆς
2765 2826 2910 2892 Εὔας
2943 2825 3446 2898 παραμυθήσασθαι
3476 2823 3820 2895 βουλόμενος,

2147 2911 2193 2986 ᾧ
2233 2917 2546 2987 περιϐαλεῖν
2597 2916 2798 2980 αὑτοὺς
2847 2916 3146 2986 ἐτόλμησεν
3187 2917 3218 2968 ὁ
3267 2911 3673 2984 ἀδελφοκτόνος,
3720 2909 3819 2979 τὴν

2147 3005 2328 3073 δεξιάν
2375 3005 2604 3071 ὁπλίσας
2651 3007 2794 3060 κατά
2833 3004 2928 3058 τοῦ
2960 3003 3162 3066 Ἀϐελ,
3211 3001 3388 3066 οὕτως
3439 3002 3670 3072 ἄρχεται
3719 2997 3820 3068 τῆς

2146 3095 2452 3166 διηγήσεως
2473 3137 2488 3158 ,
2519 3095 2612 3148 καί
2644 3111 2830 3166 φησιν·
2857 3093 3020 3159 Αὕτη
3057 3093 3096 3162 ἡ
3134 3092 3354 3158 βίϐλος
3387 3088 3680 3160 γενέσεως
3708 3087 3818 3142 ἀν-

2147 3183 2410 3252 θρώπων,
2439 3177 2482 3255 ᾖ
2509 3181 2698 3252 ἡμέρᾳ
2731 3181 3022 3249 ἐποίησεν
3049 3184 3082 3236 ὁ
3129 3178 3276 3246 Θεὸς
3318 3177 3428 3232 τὸν
3468 3175 3661 3246 Ἀδὰμ,
3693 3173 3820 3228 κατ’

2145 3274 2352 3328 εἰκόνα
2375 3272 2528 3328 Θεοῦ
2555 3273 2846 3339 ἐποίησεν
2877 3272 3087 3326 αὐτόν·
3109 3270 3300 3338 ἄρσεν
3321 3267 3420 3322 καὶ
3452 3265 3610 3334 θῆλυ
3629 3265 3762 3318 ἐποί
3765 3281 3824 3330 η-

2145 3377 2260 3416 σεν
2289 3363 2533 3427 αὐτούς·
2564 3361 2664 3415 καὶ
2696 3361 3051 3430 ἐπωνόμασε
3081 3359 3147 3414 τὸ
3173 3359 3362 3428 ὄνομα
3383 3354 3586 3412 αὐτῶν
3616 3353 3822 3423 Ἀδὰμ,

2143 3445 2184 3521 ᾖ
2216 3449 2408 3520 ἡμέρᾳ
2433 3449 2726 3517 ἐποίησεν
2757 3449 3002 3514 αὐτούς.

2217 3535 2282 3608 β’.
2316 3537 2512 3591 Σκόπει
2535 3537 2652 3599 πῶς
2697 3538 2810 3599 τοῖς
2831 3536 3015 3599 αὑτοῖς
3047 3535 3256 3606 ῥήμασι
3277 3532 3566 3603 κέχρηται,
3613 3529 3688 3590 ὡς
3729 3529 3822 3582 καὶ

2145 3626 2202 3678 ἐν
2233 3625 2540 3696 προοιμίοις
2562 3665 2578 3690 ,
2615 3625 2701 3678 ἵνα
2744 3623 2930 3693 διδάξῃ
2979 3623 3146 3692 ἡμᾶς,
3179 3621 3263 3674 ὅτι
3297 3619 3374 3682 ώς
3403 3617 3696 3687 ἀδοκίμους
3739 3633 3822 3684 γε-

2143 3715 2374 3784 νομένας
2405 3713 2502 3776 τὰς
2539 3713 2728 3782 γενεάς
2767 3711 3124 3775 ἐκείναςοὺδέ
3171 3711 3391 3782 μνήμης
3439 3707 3627 3760 λοιπὸν
3656 3703 3836 3772 ὲὶξιοῖ,⁴

2141 3805 2258 3860 ἀλλ’
2288 3808 2352 3859 ἐκ
2400 3804 2492 3858 τοῦ
2523 3803 2617 3858 νῦν
2646 3803 2958 3875 τεχθέντος,
2991 3801 3084 3856 τοῦ
3132 3801 3238 3873 Σὴθ
3267 3799 3410 3868 λέγω
3436 3839 3452 3864 ,
3497 3797 3595 3868 τῆς
3628 3813 3822 3864 γενεαο

2142 3893 2327 3962 λογίας
2359 3893 2605 3964 ἄρχεται,
2639 3891 2726 3945 ἵνα
2757 3891 2852 3944 καὶ
2884 3891 2949 3943 ἐκ
2981 3890 3171 3943 τούτου
3203 3888 3400 3960 μάθῃς,
3434 3887 3556 3948 ὅσος
3589 3883 3666 3954 τῷ
3699 3883 3839 3958 Θεῷ.

2142 3983 2300 4052 λόγος
2323 3984 2422 4054 τῆς
2455 3981 2805 4052 ἀνθρωπίνης
2849 3979 3088 4049 φύσεως,
3119 3979 3212 4033 καὶ
3237 3980 3386 4041 ὅπως
3412 3977 3817 4046 ἀποστρέφεται

2141 4073 2268 4135 τοὺς
2311 4071 2536 4140 φονικὴν
2584 4069 2806 4140 ἔχοντας
2835 4070 2936 4140 τὴν
2969 4067 3216 4140 γνώμην.
3279 4067 3366 4131 Ὧς
3403 4065 3510 4137 γάρ
3546 4063 3679 4136 μηδέ
3709 4079 3815 4118 παν

2143 4158 2450 4230 ραχθέντων
2489 4157 2674 4210 λοιπὸν
2716 4157 2940 4210 ἐκείνων
2987 4157 3066 4220 είς
3105 4157 3199 4208 τὸν
3243 4153 3377 4224 βίον,
3413 4151 3588 4216 οὕτως
3635 4151 3817 4207 αὐτῶν

2139 4248 2238 4318 τὴν
2265 4247 2490 4318 γνώμην
2520 4245 2954 4317 παραλιμπάνει,
2986 4245 3202 4308 δεικνὺς
3232 4247 3386 4315 ἡμῖν,
3416 4243 3537 4296 ὅσον
3565 4241 3682 4300 ἐστὶ
3717 4257 3816 4296 κα-

2140 4334 2234 4390 κία
2269 4335 2523 4405 χαλεπὸν,
2565 4333 2658 4388 καὶ
2684 4334 2764 4387 ὅτι
2795 4335 3004 4397 ἑαυτοῖς
3031 4334 3100 4386 τὰ
3131 4334 3364 4404 μέγιστα
3389 4330 3742 4402 λυμαίνονται
3767 4331 3814 4383 οί

2138 4425 2342 4496 ταύτην
2367 4425 2757 4498 ἀσπαζόμενοι.
2799 4425 2929 4480 Ἰδοὺ
2966 4425 3073 4498 γὰρ
3097 4419 3242 4479 οὗτοι
3272 4424 3371 4494 μὲν
3391 4421 3487 4475 τοῦ
3511 4420 3812 4488 καταλόγου

2137 4513 2744 4584 λοιπὸν-ἐξαλείφονται,
2779 4515 2870 4567 ἐπὶ
2889 4513 3142 4568 τοσοῦτον
3167 4512 3225 4566 δε
3259 4513 3481 4583 μνήμης
3499 4508 3812 4580 ἠξιώθησαν

2143 4605 2323 4674 μόνον,
2357 4603 2498 4656 ὥστε
2532 4603 2631 4665 τὴν
2658 4603 2860 4656 κακίαν
2890 4601 3072 4655 αὑτῶν
3102 4601 3546 4672 στηλιτεύεσθαι,
3571 4597 3667 4651 κα)⁸
3693 4601 3814 4660 ταῖς

2139 4693 2218 4755 είς
2247 4691 2307 4744 τὸ
2341 4689 2467 4762 ἑξῆς
2492 4691 2707 4758 γενεαῖς
2740 4689 2995 4759 γενέσθαι
3025 4685 3409 4762 σωφρονισμοῦ
3435 4685 3712 4740 ὑπόθεσιν.
3754 4685 3810 4734 'U

2138 4778 2194 4831 δὲ
2237 4779 2439 4841 ἀδίκως
2485 4777 2832 4850 ἀναιρεθεὶς,
2871 4777 2965 4830 καὶ
3019 4777 3125 4830 ὑπὸ
3156 4777 3257 4845 τῆς
3290 4773 3591 4844 ἀδελφικῆς
3630 4771 3811 4843 χειρὸς

2139 4865 2442 4936 φονευθεὶς,
2483 4865 2542 4930 ἐξ
2591 4865 2798 4920 ἐκείνου
2839 4865 3000 4936 μέχρι
3041 4863 3136 4917 τοῦ
3181 4863 3274 4916 νῦν
3323 4865 3381 4916 ἐν
3413 4865 3527 4926 τοῖς
3559 4861 3810 4914 ἁπάντων

2137 4955 2318 5030 ᾄδεται
2359 4955 2611 5024 στόμασι,
2653 4954 2746 5006 καὶ
2781 4954 2906 5006 οὔτε
2941 4957 2970 5006 ό
3013 4952 3202 5022 χρόνος
3233 4951 3424 5004 τούτου
3455 4949 3555 5021 τὴν
3592 4953 3810 5020 μνήμην

2137 5043 2380 5106 ἔσϐεσεν,
2408 5041 2532 5094 οὔτε
2562 5043 2772 5095 ἐκείνου
2807 5041 2905 5112 τὴν
2952 5039 3288 5110 κατηγορίαν
3319 5039 3645 5108 ὑπετέμετο,
3677 5035 3812 5090 ἀλλὰ

2137 5131 2233 5185 καὶ
2276 5123 2434 5193 οὗτος
2467 5130 2587 5184 καθ’
2618 5129 2856 5198 ἑκάστην
2900 5129 3114 5200 ἡμέραν
3158 5127 3312 5199 παρὰ
3358 5129 3574 5181 πάντων
3603 5127 3810 5194 ἀνακη-

2139 5221 2410 5294 ρύττεται,
2435 5219 2532 5272 καὶ
2557 5219 2766 5282 ἐκεῖνος
2791 5217 3059 5286 διηνεκῶς
3099 5215 3476 5286 στηλιτεύεται

2213 5308 2396 5360 Είδετε
2427 5307 2526 5376 ὅση
2555 5306 2654 5374 τῆς
2686 5305 2884 5368 κακίας
2910 5307 2946 5375 ἡ
2969 5305 3135 5374 λύμη,
3171 5305 3262 5356 καὶ
3289 5305 3388 5372 ὅση
3412 5303 3512 5372 τῆς
3545 5302 3744 5371 ἀρετῆς
3773 5302 3806 5372 ἡ

2138 5397 2310 5466 ἰσχὺς,
2329 5395 2423 5448 καὶ
2443 5394 2591 5457 ὅπως
2615 5394 2648 5464 ἡ
2674 5391 2794 5464 μὲν,
2821 5393 2915 5446 καὶ
2938 5392 3252 5462 πολεμοῦσα
3279 5391 3372 5442 καὶ
3393 5387 3805 5460 περιγινομένη,

2135 5485 2417 5540 σϐέννυταί
2443 5503 2504 5538 τε
2533 5485 2628 5539 καὶ
2654 5481 2998 5554 ἀφανίζεται,
3025 5485 3058 5552 ἡ
3080 5482 3158 5548 δὲ,
3187 5479 3278 5534 καὶ
3303 5479 3684 5550 πολεμουμένη
3711 5477 3808 5532 καὶ

2129 5577 2198 5630 τά
2231 5575 2399 5647 μυρία
2427 5573 2576 5628 δεινά
2602 5573 2968 5644 ὑπομένουσα,
3003 5570 3177 5642 ταύτῃ
3207 5569 3408 5640 μᾶλλον
3437 5569 3532 5620 καὶ
3556 5567 3806 5636 λαμπρο-

2129 5664 2262 5736 τέρα
2294 5663 2388 5718 καὶ
2427 5661 2755 5732 φαιδροτέρα
2789 5661 2997 5727 γίνεται
3021 5677 3034 5725 ;
3071 5659 3182 5711 Καὶ
3209 5658 3336 5727 ἐνῆν
3363 5655 3461 5726 μὲν
3488 5658 3583 5710 καὶ
3609 5653 3669 5720 ἐξ
3687 5653 3808 5706 ἐτέ-

2131 5771 2242 5826 ρων
2291 5748 2635 5824 πραγμάτων
2677 5749 2880 5819 όμοίως
2928 5746 3258 5818 συμϐάντων
3305 5745 3463 5799 τοῦτο
3497 5743 3670 5811 δεῖξαι
3706 5739 3802 5800 νῦν

2199 6009 2226 6049 ἀ
2249 6010 2467 6071 Qualuur
2483 6024 2598 6060 mss.
2623 6009 2676 6058 τὸ
2715 6011 2862 6070 ὄνομα
2883 6003 3046 6056 αὑτοῦ.
