4038 6394
358 318 463 372 177

353 433 448 486 ἐπὶ
472 435 567 504 τῇς
597 433 867 506 ὑμετέρας
897 434 1115 506 ἀγάπης
1136 455 1148 468 ·
1178 438 1401 494 ἀλλ’ἵνα
1431 441 1504 511 μή
1535 441 1633 511 τῆς
1655 440 2024 511 προκειμένης

353 521 675 585 ἀκολουθίας
704 524 839 584 τέως
864 523 1209 594 ἐκπέσωμεν,
1241 527 1372 597 φέρε
1405 528 1566 581 πάλιν
1595 527 2027 596 ἐπαναλάϐωμεν

355 607 494 660 αὐτὰ
523 609 592 662 10
628 609 910 678 εἰρημένα.
955 610 1112 677 Αϋτη
1165 614 1203 679 ἠ
1231 614 1470 679 βίϐλος,
1519 615 1692 683 φησὶ,
1736 615 2028 684 γενέσεως

355 695 698 762 ἀνθρώπων,
716 695 864 769 [185]
879 691 920 766 ᾗ
936 697 1125 766 ἡμέρᾳ
1147 699 1438 767 ἐποίησεν
1459 704 1492 755 ό
1521 701 1666 766 Θεὸς
1691 702 1798 755 τὸν
1832 702 2024 768 Ἀδὰμ,

354 786 480 836 κατ’
517 785 719 837 εἰκόνα
754 785 902 838 Θεοῦ
934 787 1228 854 ἐποίησεν
1257 789 1464 842 αὐτόν’
1506 787 1696 856 ἄρσεν
1734 789 1834 842 καὶ
1869 787 2024 854 θῆλυ

352 871 639 938 ἐποίησεν
670 873 894 938 αὐτούς
919 891 933 905 ·
978 873 1074 926 καὶ
1111 875 1464 943 ἐπωνόμασε
1498 876 1562 929 τὸ
1600 877 1787 945 ὄνομα
1826 875 2025 929 αὐτῶν

365 959 574 1028 Ἀδὰμ,
607 954 647 1030 ᾖ
690 961 878 1028 ἡμέρᾳ
911 961 1204 1029 ἐποίησεν
1245 964 1486 1028 αὐτούς.
1537 963 1679 1033 Ὅρα
1715 963 1831 1026 πῶς
1865 963 2021 1016 πάλιν

349 1047 448 1116 τῆς
473 1047 773 1117 διηγήσεως
805 1048 1013 1101 ἄνωθεν
1047 1049 1332 1120 ἀρξαμένη
1367 1053 1401 1122 ή
1451 1050 1570 1104 θεία
1600 1052 1790 1122 Γραφὴ
1821 1052 2022 1120 ὐπομι-

354 1136 582 1204 μνήσκει
626 1137 814 1205 ἡμᾶς,
861 1137 993 1207 ὅσης
1033 1137 1258 1207 ἠξίωται
1309 1140 1472 1210 τιμῆς
1523 1143 1552 1192 0
1599 1139 2021 1211 δημιουργηθεὶς

349 1221 650 1291 ἄνθρωπος.
688 1216 772 1294 τῌ
800 1224 1025 1291 ἡμέρᾳ,
1073 1227 1264 1296 φησὶν,
1319 1227 1608 1294 ἐποίησεν
1663 1227 1851 1297 Ἀδὰμ,
1895 1227 2020 1281 κατ’

347 1311 551 1362 εἰκόνα
577 1310 722 1363 Θεοῦ
756 1311 1043 1378 ἐποίησεν
1073 1313 1278 1374 αὐτὸν,
1305 1314 1425 1366 ἀντὶ
1449 1313 1567 1376 τοῦ,
1594 1316 1829 1386 ἄρχοντα
1860 1315 2021 1368 αὐτὸν

349 1397 645 1468 κατέστησε
680 1399 894 1452 πάντων
916 1400 1023 1453 τῶν
1043 1404 1353 1472 ὁρωμένων.
1388 1403 1556 1456 Τοῦτο
1589 1405 1696 1473 γάρ
1721 1405 1855 1456 ἐστι·
1882 1405 2020 1458 Κατ’

346 1488 550 1540 εἰκόνα
571 1534 582 1545 ,
610 1489 752 1542 κατά
770 1506 830 1540 τε
858 1490 948 1541 τὸν
975 1489 1072 1557 τῆς
1098 1491 1272 1560 ἀρχῆς
1297 1491 1475 1558 λόγον,
1512 1492 1604 1544 καὶ
1634 1492 1773 1544 κατὰ
1800 1492 1890 1544 τὸν
1920 1493 2020 1563 τῆς

345 1572 682 1638 δεσποτείας.
735 1576 946 1646 ’Ὠσπερ
995 1576 1105 1647 γὰρ
1158 1579 1186 1629 0
1223 1578 1332 1631 τῶν
1365 1578 1502 1631 ὅλων
1544 1578 1678 1641 Θεὸς
1728 1578 1827 1648 τὴν
1878 1579 2019 1632 κατά

345 1661 563 1712 πάντων
611 1661 782 1732 ἀρχὴν
828 1663 938 1732 ἔχει
970 1663 1076 1716 τῶν
1123 1681 1182 1716 τε
1231 1665 1464 1735 ὁρατῶν,
1505 1665 1612 1718 τῶν
1646 1684 1704 1718 τε
1748 1666 2015 1736 ἀοράτων,

343 1747 674 1818 δημιουργὸς
699 1749 955 1802 ἁπάντων
990 1751 1293 1820 τυγχάνων,
1322 1751 1463 1803 οὕτω
1487 1751 1581 1804 καί
1610 1752 1670 1804 τὸ
1696 1749 1834 1815 ζῶον
1864 1753 2020 1806 τοῦτο

343 1835 406 1888 10
437 1836 650 1904 λογικὸν
685 1836 1117 1908 δημιουργήσας,
1172 1839 1436 1910 ἐϐουλήθη
1475 1839 1691 1893 πάντων
1728 1841 1837 1893 τῶν
1877 1843 2018 1912 ὁρω-

347 1923 522 1993 μένων
567 1923 666 1994 τὴν
697 1923 869 1995 ἀρχὴν
904 1926 1064 1976 αὐτὸν
1113 1924 1277 1996 ἔχειν.
1324 1926 1414 1978 Διὸ
1445 1929 1538 1980 καὶ
1575 1927 1674 1997 τὴν
1708 1928 1809 1994 τῆς
1842 1928 2019 1999 ψυχῆς

342 2013 530 2065 οὐσίαν
569 2011 718 2082 αὐτῷ
752 2013 1062 2083 ἐχαρίσατο,
1097 2013 1382 2086 βουληθεὶς
1416 2015 1578 2068 αὐτὸν
1626 2015 1718 2068 καὶ
1752 2014 2018 2070 ἀθάνατον

343 2095 480 2153 εἶναι
517 2101 597 2162 εἰς
624 2099 686 2150 10
703 2098 947 2168 διηνεκές
966 2117 979 2130 '
1012 2099 1128 2152 ἀλλ’
1159 2100 1348 2171 ἐπειδὴ
1378 2101 1463 2154 διὰ
1499 2101 1772 2173 ῥαθυμίαν
1798 2102 2014 2170 ὤλισθε,

344 2188 442 2242 καὶ
484 2186 700 2258 παρέϐη
734 2188 830 2258 τήν
861 2187 1109 2241 δοθεῖσαν
1158 2188 1308 2260 αὐτῷ
1339 2191 1580 2260 ἐντολὴν,
1612 2190 1733 2244 οὐδέ
1757 2190 1899 2244 οῦτω
1927 2192 2015 2244 τέ-

341 2275 461 2329 λεον
495 2289 521 2317 τι
563 2277 889 2347 ἀπεστράφη
927 2276 1027 2347 τὴν
1060 2275 1264 2330 οἰκείαν
1299 2276 1706 2347 φιλανθρωπίαν
1747 2279 2016 2349 μιμούμε-

342 2380 455 2426 νος,
479 2363 612 2416 ἀλλὰ
643 2363 741 2433 τῆς
775 2364 872 2433 μὲν
896 2363 1193 2426 ἀθανασίας
1222 2364 1385 2418 αὐτὸν
1411 2365 1771 2437 ἀπεστέρησε,
1802 2367 2014 2436 θανάτῳ

342 2451 398 2504 ξὲ
439 2451 808 2514 καταδικάσας
843 2451 934 2503 ἐπὶ
976 2451 1076 2521 τῆς
1121 2451 1294 2521 αὐτῆς
1335 2453 1512 2525 ἀρχῆς
1563 2452 1748 2522 σχεδόν
1804 2455 2014 2525 ἀφῆκεν

344 2533 503 2591 εἶναι.
545 2535 676 2591 Εἶτα
697 2539 886 2609 ἐπειδὴ
915 2540 943 2591 0
973 2537 1032 2602 ἐξ
1072 2539 1238 2591 αὐτοῦ
1267 2540 1479 2609 τεχθεὶς
1507 2543 1588 2604 εἰς
1618 2540 1886 2611 τοσαύτην
1918 2560 2014 2611 μα-

343 2626 464 2678 νίαν
490 2625 761 2690 ἐξώκειλε,
787 2626 881 2679 καὶ
911 2625 1125 2696 πρῶτος
1149 2626 1210 2678 τὸ
1239 2621 1378 2689 εἶδος
1400 2627 1494 2680 τοῦ
1519 2628 1678 2697 φόνου
1707 2630 2010 2698 εἰσήνεγκε,

342 2713 434 2766 καὶ
461 2713 554 2765 τὸν
584 2713 938 2784 βεϐιασμένον
961 2714 1167 2767 ἐκεῖνον
1195 2715 1424 2768 θάνατον
1452 2714 1747 2780 κατέδειξε,
1765 2716 1860 2768 καὶ
1885 2717 2016 2767 πολι

340 2801 437 2872 λὴν
479 2801 790 2866 ἐπεδείξατο
818 2803 916 2872 τὴν
949 2803 1343 2874 ἀγνωμοσύνην
1367 2802 1563 2872 ψεῦδος
1600 2804 1679 2874 τῷ
1715 2804 1860 2876 φόνῳ
1892 2822 2014 2859 συν-

343 2889 506 2958 άψας,
531 2891 596 2959 τῇ
630 2889 867 2960 διηνεκεῖ
903 2890 1143 2960 τιμωρίᾳ
1175 2891 1506 2960 σωφρονίσαι
1522 2891 1682 2944 αὐτὸν
1707 2891 2008 2962 ἠϐουλήθη,

343 2976 431 3030 ἵνα
465 2975 538 3046 μὴ
573 2975 732 3046 μόνον
766 2977 926 3038 αὐτὸς
959 2977 1194 3049 κερδάνῃ
1233 2979 1297 3029 ἐκ
1329 2977 1439 3030 τῶν
1466 2979 1546 3041 εἰς
1585 2978 1749 3031 αὐτὸν
1787 2995 2015 3050 γεγενη-

345 3063 540 3133 μένων,
570 3062 707 3116 ἀλλά
737 3064 831 3116 καὶ
859 3065 985 3126 τοὺς
1017 3065 1154 3133 μετὰ
1194 3064 1367 3116 ταῦτα
1395 3063 1622 3136 διδάσκῃ
1655 3065 1750 3118 καὶ
1788 3065 1897 3117 τῶν
1929 3084 2013 3119 τε·

341 3150 696 3219 τολμημένων
723 3149 782 3202 10
803 3150 1050 3219 μέγεθος,
1082 3151 1173 3203 καὶ
1197 3152 1294 3221 τῆς
1317 3151 1542 3214 ἀτοπίας
1565 3152 1664 3221 τὴν
1687 3153 2010 3224 ὑπερϐολήν.

354 3237 492 3289 Ἀλλ’
523 3237 710 3306 ἐπειδὴ
736 3236 1050 3303 διά.πολλὴν
1085 3236 1356 3308 ῥᾳθυμίαν
1389 3239 1484 3290 καὶ
1517 3240 1566 3291 οἱ
1601 3241 1666 3291 ἐκ
1698 3239 1893 3292 τούτου
1919 3258 2014 3309 γε-

340 3323 631 3394 γενημένοι
662 3324 802 3376 κατά
828 3325 1021 3394 μικρὸν
1046 3325 1284 3394 χείροσιν
1313 3325 1538 3388 ἑαυτοὺς
1566 3326 1886 3396 περιέϐαλον
1918 3346 2014 3382 κα-

341 3414 477 3474 κοῖς,
511 3411 1029 3482 παραμυθήσασθαι,
1052 3412 1124 3476 ώς
1150 3414 1344 3477 εἰπεῖν,
1375 3412 1696 3484 βουλόμενος
1719 3415 1810 3468 10v
1845 3417 2016 3488 Ἀδὰμ

340 3496 400 3549 00
433 3498 592 3566 μόνον
617 3497 704 3551 διὰ
726 3498 826 3570 τὴν
854 3500 1058 3551 οἰκείαν
1105 3500 1417 3568 παράϐασιν
1451 3501 1509 3554 ἐν
1539 3502 1776 3573 τοσαύτῃ
1808 3506 2014 3574 τυγχά-

341 3602 500 3638 νοντα
523 3586 832 3657 κατηφείᾳ,
877 3586 1010 3639 ἀλλά
1055 3589 1146 3640 καὶ
1179 3588 1268 3641 διὰ
1311 3589 1371 3640 τὸ
1409 3588 1666 3660 τόλμημα
1711 3589 1805 3644 τοῦ
1848 3593 2009 3657 Κάῐν,

340 3675 435 3727 καὶ
461 3675 521 3727 10
545 3675 738 3738 πένθος
761 3677 936 3728 ἐκεῖνο
962 3677 1019 3728 10
1043 3676 1332 3747 ἀφόρητον,
1359 3679 1493 3749 ὅπερ
1514 3674 1626 3730 εἶδε
1653 3681 1765 3743 τοῖς
1793 3681 2011 3745 οἰκείοις

340 3761 638 3832 ὀφθαλμοῖς
661 3779 672 3791 ·
712 3761 835 3815 οὐτε
874 3762 982 3834 γάρ
1021 3763 1112 3816 τοῦ
1160 3763 1390 3818 θανάτου
1429 3765 1624 3836 ᾔδεσαν
1655 3766 1714 3819 10
1757 3763 1930 3834 εἶδος,
1963 3770 2010 3821 εἰ

341 3849 436 3902 καὶ
464 3850 563 3918 τὴν
591 3850 865 3918 ἀπόφασιν
900 3849 1148 3916 ἐδέξαντο
1173 3868 1185 3880 ·
1232 3852 1324 3904 καὶ
1363 3851 1584 3906 διπλοῦν
1635 3852 1781 3924 αὐτῷ
1811 3855 1863 3918 Ι»,
1917 3856 2012 3908 καὶ

342 3935 599 4004 τριπλοῦν
654 3937 714 3988 10
753 3937 945 4000 πένθος
993 3938 1240 4006 ἐγένετο,
1274 3939 1355 3991 ὅτι
1401 3956 1458 3992 τε
1504 3940 1596 3992 καὶ
1640 3941 1731 3993 10v
1781 3940 2010 3995 θάνατον

345 4022 560 4092 πρῶτον
597 4018 733 4076 εἶδον
769 4025 1142 4094 εἰσενεχθέντα
1175 4027 1255 4089 εἰς
1287 4028 1377 4079 τὸν
1411 4026 1544 4095 βίον,
1596 4027 1696 4080 καὶ
1729 4027 1902 4096 βίαιον
1926 4028 2012 4082 θά-

342 4127 518 4173 νατον,
557 4110 650 4162 καὶ
683 4111 788 4163 ὐπὸ
811 4111 904 4164 τοῦ
939 4111 1128 4174 παιδὸς
1157 4113 1513 4184 τολμηθέντα,
1548 4113 1642 4165 καὶ
1671 4115 1751 4176 εἰς
1785 4114 2011 4184 ἀδελφὸν

344 4198 700 4267 ὁμομήτριον,
733 4200 826 4252 καὶ
855 4200 1206 4271 ὁμοπάτριον,
1230 4202 1324 4253 καὶ
1353 4201 1503 4254 οὐδὲν
1525 4202 1821 4273 ἠδικηκότα
1847 4221 1860 4234 ο
1894 4204 2010 4272 βου-

341 4285 562 4352 λόμενος
604 4285 780 4339 τοίνυν
817 4289 845 4339 0
890 4288 1269 4358 φιλάνθρωπος
1311 4287 1442 4350 Θεὸς
1485 4289 1811 4360 ἀντίρροπον
1861 4291 2010 4361 αὐτῷ

340 4370 452 4422 τῶν
473 4369 736 4441 λυπηρῶν
769 4373 866 4442 τὴν
896 4375 1250 4444 παραμυθίαν
1279 4377 1614 4442 εἰσαγαγεῖν,
1652 4376 1838 4447 ’έτερον
1863 4378 2010 4448 αὐτῷ

342 4459 573 4528 παρέχει
610 4459 774 4512 παῖδα
813 4459 904 4512 τὸν
932 4459 1062 4530 Σὴθ,
1093 4461 1187 4514 καὶ
1220 4461 1498 4533 ἀρκοῦσαν
1528 4462 1676 4532 αὐτῷ
1701 4463 1800 4533 τήν
1834 4466 2011 4534 παρά-

340 4540 533 4611 κλησιν
576 4541 822 4594 ἐντεῦθεν
853 4544 1249 4613 ποιησάμενος,
1295 4547 1402 4598 ἀπ’)
1441 4546 1627 4600 τούτου
1667 4547 1851 4600 λοιπὸν
1907 4550 2008 4618 τῆς

341 4629 604 4694 γενέσεως
633 4629 732 4700 τὴν
773 4630 949 4700 ἀρχὴν
982 4633 1284 4703 συνίστησι.
1323 4633 1421 4686 Διά
1449 4633 1604 4687 τοῦτο
1635 4635 1728 4688 καὶ
1759 4636 1786 4687 0
1829 4637 2008 4705 μακά-

343 4734 456 4786 ριος
503 4718 789 4789 προφήτης
826 4718 998 4783 οὕτως
1040 4719 1241 4790 ἤρξατο
1289 4721 1462 4789 λέγων
1485 4737 1497 4752 ο
1533 4722 1693 4789 Αὕτη
1726 4723 1764 4789 ἠ
1791 4724 2010 4789 βίϐλος

338 4803 630 4872 γενέσεως
650 4805 993 4874 ἀνθρώπων.
1025 4806 1153 4860 Εἶτα
1186 4809 1652 4880 ἐπαγγειλάμενος
1675 4809 1773 4882 τήν
1795 4811 2010 4878 γένεσιν

338 4893 445 4944 τῶν
489 4892 792 4962 ἀνθρώπων
829 4895 1131 4966 διηγεῖσθαι
1156 4937 1170 4957 ,
1224 4897 1414 4949 σκόπει
1453 4898 1540 4968 οἵᾳ
1585 4897 1846 4968 κέχρηται
1881 4899 2009 4952 ἀκο-

337 4979 542 5050 λουθίᾳ·
570 4979 804 5048 Ἕᾷρσε,
830 4983 1014 5050 φησὶν,
1055 4982 1234 5051 Ἀδὰμ
1250 4983 1353 5051 ἔτη
1371 4983 1646 5038 διακόσια
1669 4984 2006 5052 τριάκοντα,

337 5066 433 5120 λαὶ
455 5066 746 5136 ἐγέννησε
779 5069 928 5122 κατὰ
972 5071 1086 5138 τὴν
1127 5070 1293 5123 ἰδέαν
1320 5073 1529 5135 αὐτοῦ,
1573 5073 1670 5125 καί
1704 5072 1852 5125 κατὰ
1897 5073 2009 5141 τὴν

336 5156 542 5208 εἰκόνα
573 5156 760 5208 αὐτοῦ
786 5197 800 5221 ,
827 5157 925 5209 καὶ
951 5157 1302 5225 ἐπωνόμασε
1335 5158 1402 5212 τὸ
1431 5158 1616 5228 ὄνομα
1651 5161 1835 5213 αὑτοῦ
1861 5161 2004 5228 Σήθ.

341 5241 656 5309 Ἐγένοντο
687 5241 755 5295 δὲ
803 5245 862 5296 αἰ
907 5243 1119 5311 ἡμέραι
1151 5245 1336 5299 αὑτοῦ
1366 5245 1470 5314 ἔτη
1509 5246 1860 5313 ἑπτακόσια,
1908 5249 2007 5302 καί

336 5327 666 5396 ἐγέννησεν
697 5329 867 5394 υίο-ὺς
899 5329 1044 5401 [184]
1079 5333 1176 5383 καί
1213 5333 1554 5402 θυγατέρας.
1584 5336 1693 5387 Καὶ
1732 5334 2008 5402 ἐγένοντο

337 5415 524 5467 πᾶσαι
548 5420 606 5470 αἱ
629 5416 842 5486 ἡμέραι
872 5417 1048 5488 Ἀδὰμ
1070 5419 1172 5486 έτη
1197 5419 1521 5474 ἐννακόσια
1552 5421 1885 5489 τριάκοντα,
1911 5425 2007 5477 καί

335 5501 652 5557 ἀπέθανεν.

406 5597 471 5656 γ’.
498 5590 570 5643 Οὐ
607 5591 786 5654 καλῶς
804 5590 985 5661 ἔλεγον
1004 5594 1061 5645 ἐν
1091 5596 1203 5656 τοῖς
1242 5597 1566 5667 προοιμίοις,
1589 5597 1669 5650 ότι
1691 5597 1842 5650 οὐδὲν
1862 5597 2008 5650 ἐστιν

335 5679 514 5748 εὐρεῖν
543 5677 730 5740 ἁπλῶς
763 5681 856 5732 καὶ
878 5681 998 5750 εἰκῆ
1023 5682 1405 5751 γεγραμμένον
1447 5685 1502 5736 ἐν
1533 5688 1598 5753 τῇ
1630 5684 1750 5754 θεία
1777 5685 1964 5755 Γραφῇ
1989 5701 2006 5750 ;

348 5765 477 5816 ’ἰδοῦ
522 5763 630 5832 γὰρ
663 5765 756 5817 καὶ
794 5765 890 5818 νῦν
915 5768 1056 5837 πόσῃ
1083 5770 1149 5838 τῇ
1184 5769 1440 5839 ἀκριϐείᾳ
1474 5771 1744 5842 ἐχρήσατο
1769 5773 1798 5823 0
1828 5773 2004 5842 μακά-

373 5908 560 5985 ᾗῃῡιιο
578 5922 694 5985 τηεογ.
719 5912 903 5984 οᾱιξιιρι
927 5914 1086 5985 αὐτόν.
1129 5915 1182 5985 Lb
1210 5917 1380 5985 _Sav_il._,
1409 5918 1577 5966 Morel.
1602 5924 1655 5985 οἰ
1675 5917 1869 5985 quidam
1885 5933 1998 5970 mss.

337 5987 482 6034 ιιντῳ,
508 5984 594 6019 sex
619 5983 731 6020 mas.
755 5980 930 6034 αὐτῶν,
955 5982 1102 6036 atque
1126 5980 1194 6026 ila
1214 5980 1334 6038 legi!
1361 5981 1605 6040 interpres
1631 5980 1847 6041 Latinus.

1168 321 1223 375 S.
1260 319 1544 376 JOANNIS
1581 321 2063 378 CIXRYSOSTOMI
2104 324 2424 379 ARCIIIEP.
2472 323 3020 380 CONSTANTINOP.
3695 326 3784 381 £78

2136 459 2246 512 ριος
2293 433 2446 498 0510:
2507 443 2813 512 προφήτης.
2851 440 3173 509 Ἐγέννησε
3217 441 3320 505 δὲ,
3372 440 3554 511 φησὶν,
3617 440 3786 507 Ἀδὰμ

2129 529 2277 581 κατὰ
2303 529 2416 596 τὴν
2454 529 2617 582 ἰδέαν
2649 527 2856 590 αὐτοῦ,
2888 528 2987 579 καὶ
3022 531 3168 582 κατὰ
3199 529 3312 595 τὴν
3357 530 3560 580 εἰκόνα
3588 526 3786 589 αὐτοῦ,

2130 619 2222 668 καὶ
2252 618 2602 684 ἐπωνόμασε
2629 617 2693 669 τὸ
2721 617 2908 684 ὄνομα
2945 615 3131 669 αὐτοῦ
3159 614 3281 681 Σήθ
3300 631 3313 644 °
3349 617 3440 668 ἐπὶ
3464 616 3521 668 δὲ
3541 615 3635 667 τοῦ
3667 614 3788 683 πρό-

2128 724 2285 776 τερον
2313 708 2616 777 τεχθέντος,
2653 706 2746 759 τοῦ
2780 708 2918 761 Κάῖν
2955 707 3116 775 λέγω,
3155 708 3306 760 οὐδὲν
3333 706 3575 760 τοιοῦτον
3605 708 3790 776 ἐπιση-

2132 795 2465 864 μηνάμενος,
2503 795 2617 848 ἀλλ’
2647 795 2851 850 ἄνωθεν
2880 797 3210 868 προμηνύων
3244 796 3409 850 αὐτοῦ
3436 795 3536 865 τὴν
3562 794 3657 848 ἐπὶ¹
3696 793 3791 864 τὴν

2127 880 2325 932 κακίαν
2353 883 2531 951 ὁρμήν
2550 896 2561 908 ·
2605 882 2696 934 καὶ
2734 882 2986 943 εἰκότως⁹
3017 883 3075 934 οὐ
3107 881 3214 953 γὰρ
3239 881 3407 944 ἔσωζε
3437 881 3564 944 τοὺς
3595 896 3788 950 πατρι-

2126 967 2256 1030 κοὺς
2301 971 2656 1038 χαρακτῆρας
2680 1007 2695 1030 ,
2735 969 2848 1021 ἀλλ’
2881 969 3081 1032 εὐθέως
3118 969 3252 1040 πρὸς
3281 968 3377 1039 τὴν
3408 968 3604 1020 κακίαν
3634 967 3788 1038 ηὐτο-

2127 1055 2379 1125 μόλησεν.
2425 1056 2686 1110 Ἐνταῦθα
2703 1056 2760 1108 δέ
2778 1073 2930 1126 φησι,
2955 1057 3115 1110 Κατὰ
3143 1056 3256 1124 τὴν
3273 1055 3438 1110 ἰδέαν
3455 1053 3662 1115 αὐτοῦ,
3695 1055 3785 1108 καί

2125 1141 2276 1196 κατά
2317 1142 2433 1210 τὴν
2464 1142 2665 1196 εἰκόνα
2703 1143 2910 1208 αὑτοῦ,
2944 1144 3220 1196 τουτέστιν
3249 1142 3555 1214 όμότροπον
3586 1140 3664 1211 τῷ
3694 1159 3784 1209 γε·

2125 1231 2408 1300 γεννηκότι
2429 1272 2440 1294 ,
2475 1233 2599 1295 τοὺς
2635 1231 2830 1294 αὐτοὺς
2857 1233 2954 1302 τῆς
2988 1231 3190 1304 ἀρετῆς
3215 1231 3568 1302 χαρακτῆρας
3588 1228 3784 1282 διασώ-

2125 1317 2315 1382 ζοντα,
2364 1317 2460 1388 τὴν
2509 1320 2693 1371 εἰκόνα
2737 1318 2834 1388 τὴν
2873 1318 3146 1389 πατρικὴν
3189 1318 3278 1370 διά
3325 1317 3432 1370 τῶν
3464 1317 3638 1388 ἔργων
3681 1317 3789 1370 δει-

2123 1400 2341 1467 κνύντα,
2369 1402 2803 1454 ἀνακαλέσασθαι
2829 1403 3122 1473 δυνάμενον
3139 1401 3228 1454 διὰ
3248 1419 3346 1473 της
3369 1402 3574 1462 οἰκείας
3595 1401 3789 1471 ἀρετῆς

2122 1487 2215 1540 τοῦ
2243 1488 2604 1560 προλαϐόντος
2635 1491 2694 1541 10
2723 1491 3112 1560 πλημμέλημα.
3135 1489 3274 1543 Οὐδέ
3304 1488 3414 1560 γὰρ
3449 1488 3575 1557 περὶ
3606 1505 3789 1557 σωμα-

2123 1575 2289 1628 τικῶν
2328 1578 2689 1646 χαρακτήρων
2739 1576 2970 1630 ἐνταῦθα
3005 1579 3136 1647 ἡμῖν
3179 1575 3483 1643 διαλέγεται
3523 1577 3556 1645 ή
3599 1575 3788 1646 Γραφὴ

2121 1663 2372 1730 λέγουσα,
2406 1665 2564 1717 Κατὰ
2588 1663 2701 1730 τὴν
2734 1663 2898 1716 ἰδέαν
2921 1661 3128 1726 αὑτοῦ,
3153 1663 3249 1715 καί
3279 1661 3429 1714 κατὰ
3454 1660 3568 1729 τὴν
3589 1661 3791 1714 εἰκόνα

2122 1749 2328 1802 αὐτοῦ·
2355 1749 2489 1802 ἀλλὰ
2519 1752 2646 1820 περὶ
2669 1750 2766 1818 τῆς
2793 1753 2850 1802 ἐν
2870 1752 2934 1820 τῇ
2962 1749 3105 1820 ψυχῇ
3138 1747 3541 1813 καταστάσεως,
3574 1746 3661 1798 ἴνα
3687 1747 3788 1817 μά-

2123 1835 2325 1906 θωμεν,
2359 1839 2441 1889 ὅτι
2475 1830 2626 1898 οὗτος
2656 1838 2755 1890 οὐκ
2788 1837 2938 1889 ἔσται
2972 1836 3229 1898 τοιοῦτος.
3285 1835 3376 1887 Διὸ
3406 1835 3500 1888 καὶ
3543 1837 3575 1905 ή
3611 1838 3789 1906 μήτηρ

2120 1925 2219 1996 τὴν
2263 1926 2636 1996 προσηγορίαν
2684 1924 2934 1978 ἐπιθεῖσα
2986 1923 3064 1995 τῷ
3103 1923 3256 1977 παιδὶ
3291 1923 3407 1992 μετ’
3445 1923 3790 1993 εὐχαριστίας

2073 1997 2088 2016 ’
2120 2012 2326 2084 ταύτην
2359 2013 2654 2084 ἐπιτίθησι,
2689 2013 2778 2064 καὶ
2809 2013 2868 2064 οὐ
2916 2014 2982 2083 τῇ
3006 2011 3186 2080 φύσει,
3218 2009 3442 2079 οὐδέτῷ
3471 2011 3613 2080 τόκῳ
3643 2009 3787 2077 λογί-

2122 2100 2273 2164 ζεται
2314 2100 2374 2152 10
2427 2101 2616 2171 τεχθὲν
2667 2099 2896 2161 παιδίον,
2945 2099 3082 2152 ἀλλά
3121 2101 3188 2170 τῇ
3225 2097 3318 2150 τοῦ
3361 2096 3494 2149 Θεοῦ
3543 2098 3786 2167 δυνάμει.

2132 2188 2344 2258 Ἐκείνη
2374 2188 2480 2259 γὰρ
2515 2189 2610 2240 καὶ
2637 2188 2733 2259 τὴν
2759 2187 2916 2256 φύσιν
2947 2186 3186 2257 διήγειρε
3207 2185 3342 2254 πρὸς
3370 2185 3460 2238 10v
3486 2183 3668 2249 τόκον,
3700 2181 3790 2238 καί

2119 2292 2281 2345 φησιν
2308 2293 2322 2307 ο
2374 2277 2762 2345 Ἐπωνόμασε
2789 2276 2853 2328 τὸ
2891 2273 3078 2342 ὄνομα
3101 2272 3288 2326 αὐτοῦ
3329 2271 3454 2338 Σὴο
3477 2271 3750 2340 λέγουσα
3775 2285 3789 2299 ·

2117 2363 2489 2431 ἐξανέστησε
2537 2363 2647 2432 γάρ
2700 2380 2802 2432 μοι
2861 2365 2893 2416 ό
2939 2360 3084 2426 Θεὸς
3133 2360 3370 2429 σπέρμα
3411 2360 3615 2428 ἕτερον
3661 2359 3789 2415 ἀντί

2122 2451 2333 2512 Ἅϐελ,
2379 2451 2452 2503 ὃν
2499 2449 2810 2505 ἀπέκτεινε
2863 2449 3029 2503 Κάτν.
3083 2449 3225 2519 Ὅρα
3271 2448 3364 2501 τοῦ
3407 2449 3653 2517 ῥήματος
3697 2448 3790 2516 τὴν

2117 2537 2424 2609 ἀκρίϐειαν.
2462 2539 2575 2591 Οὐκ
2609 2533 2784 2599 εἰπεν,
2827 2537 2994 2589 ἔδωκέ
3030 2553 3119 2606 μοι
3156 2538 3185 2589 ὁ
3213 2537 3365 2600 Θεὸς,
3401 2535 3514 2588 ἀλλ’
3556 2534 3787 2599 Ἐξανέ-

2115 2626 2310 2693 στησέ
2335 2643 2456 2693 μοι.
2496 2625 2695 2678 Σκόπει
2727 2623 2844 2686 πῶς
2876 2622 3135 2694 ἀμυδρῶς
3165 2623 3234 2676 τὰ
3265 2623 3492 2694 προίμια
3525 2623 3626 2692 τῆς
3654 2622 3783 2675 ἀνα-

2119 2714 2360 2777 στάσεως
2401 2712 2649 2766 ἐντεῦθεν
2683 2711 2958 2765 δείκνυται
2994 2710 3093 2780 ήδη
3135 2709 3225 2762 διὰ
3256 2707 3348 2761 τοῦ
3397 2709 3664 2779 ῥήματος.
3703 2708 3789 2771 Ὠς

2115 2804 2224 2876 γὰρ
2260 2803 2327 2857 ἂν
2366 2805 2506 2856 εἴποι
2541 2820 2625 2866 τις
2673 2801 2856 2869 ἔλεγεν
2880 2817 2894 2832 ο
2935 2799 3056 2853 ἀντὶ
3094 2799 3188 2853 τοῦ
3232 2797 3485 2860 πεσόντος
3526 2796 3790 2868 ἀνέστησέ

2120 2910 2209 2963 μοι
2240 2891 2447 2946 τοῦτον.
2477 2892 2539 2944 Εἰ
2573 2891 2667 2944 καὶ
2698 2892 2921 2955 ἐκεῖνος,
2957 2889 3141 2958 φησὶν,
3171 2886 3276 2939 ὑπὸ
3306 2885 3406 2955 τῆς
3439 2885 3732 2955 ἀδελφικῆς
3763 2893 3786 2924 ο

2114 2981 2292 3047 δεξιᾶς
2320 2982 2399 3043 εἰς
2426 2979 2524 3049 τὴν
2570 2979 2674 3048 γῆν
2722 2977 2991 3032 κατέπεσε
3013 3014 3029 3040 ,
3070 2975 3165 3028 καὶ
3207 2971 3302 3026 τοῦ
3339 2972 3569 3025 θανάτου
3604 2975 3790 3044 πεῖραν

2116 3069 2328 3131 ἔλαϐεν,
2353 3068 2464 3121 ἀλλ’
2493 3069 2524 3138 ή
2555 3067 2646 3120 τοῦ
2679 3065 2813 3119 Θεοῦ
2846 3065 3072 3134 δύναμις
3096 3064 3217 3117 ἀντὶ
3254 3060 3349 3114 τοῦ
3386 3062 3644 3124 πεσόντος
3673 3059 3790 3113 105-

2115 3175 2209 3211 τον
2232 3158 2472 3228 ἤγειρεν.
2521 3155 2737 3225 Ἐπειδὴ
2759 3156 2866 3224 γὰρ
2895 3153 3110 3206 οὐδέπω
3138 3151 3325 3222 καιρῦς
3342 3145 3408 3220 ἦν
3432 3150 3529 3219 τῆς
3560 3147 3793 3201 ἀναστά-

2119 3263 2277 3308 σεως,
2309 3246 2428 3313 οὐχὶ
2456 3244 2545 3296 τὸν
2581 3244 2816 3296 πεσόντα
2847 3243 3066 3311 ήγειρεν
3086 3281 3101 3304 ,
3133 3238 3246 3291 ἀλλ’
3277 3238 3462 3308 ἕτερον
3509 3237 3625 3288 ἀντ’
3655 3233 3792 3288 ἐκεί-

2115 3350 2206 3384 νου
2233 3349 2246 3361 ο
2278 3332 2357 3384 διὸ
2386 3332 2480 3384 καὶ
2508 3331 2644 3400 αὐτή
2674 3345 2857 3401 φησιν·
2900 3325 3299 3393 Ἑξανέστησε
3325 3324 3434 3394 γάρ
3467 3342 3569 3392 μοι
3591 3327 3624 3377 ό
3653 3324 3791 3388 Θεὸς

2116 3422 2354 3491 σπέρμα
2379 3420 2582 3488 ἕτερον
2605 3419 2967 3480 ἁντὶ.’Λ6ελ,
2993 3417 3065 3470 ὃν
3091 3415 3404 3470 ἀπέκτεινε
3432 3413 3606 3468 Κάϊν.
3640 3408 3790 3476 Εἶδες

2116 3509 2530 3578 εὐγνωμοσύνην
2562 3507 2816 3575 γυναικός
2840 3522 2852 3570 ;
2879 3501 3015 3566 εἶδες
3048 3501 3458 3572 φιλανθρωπίαν
3477 3499 3789 3564 Δεσπότου;

2116 3597 2234 3660 πῶς
2257 3599 2482 3665 ταχεῖαν
2515 3595 2696 3657 αὐτοῖς
2729 3594 2827 3664 τὴν
2858 3589 3211 3663 παραμυθίαν
3244 3589 3500 3657 ἐπενόησε
3529 3603 3544 3651 ;
3577 3587 3790 3654 Ταύτην

2119 3682 2413 3754 μιμώμεθα
2450 3686 2706 3744 άπαντες,
2749 3680 2843 3733 καὶ
2864 3679 2926 3731 10
2953 3681 3060 3732 πᾶν
3085 3680 3150 3748 τῇ
3182 3675 3385 3732 ἄνωθεν
3428 3674 3618 3745 χάριτι
3643 3674 3789 3741 λογι-

2115 3771 2356 3841 ξώμεθα.
2390 3771 2453 3822 Εἰ
2486 3769 2594 3840 γὰρ
2633 3769 2730 3823 καὶ
2756 3770 2790 3838 ή
2819 3767 2980 3836 φύσις
3005 3764 3317 3838 ἐργάζεται,
3343 3763 3458 3816 ἀλλ’
3489 3763 3593 3815 οὐκ
3616 3761 3792 3830 οἰκείᾳ.

2113 3858 2372 3929 δυνάμει,
2422 3857 2559 3912 ἀλλά
2606 3857 2684 3926 τῷ
2726 3856 3106 3927 προστάγματι
3151 3852 3247 3905 τοῦ
3289 3851 3790 3921 δημιουργήσαντος

2113 3948 2354 4000 εῖκουσα’
2380 3947 2474 3999 καὶ
2497 3946 2764 4017 μηδέποτε
2793 3943 3131 4012 ἀλγείτωσαν
3151 3941 3429 4009 γυναῖκες,
3458 3936 3683 3989 ἐπειδάν
3714 3933 3787 4004 μὴ

2114 4034 2391 4097 τίκτωσιν,
2424 4033 2559 4086 ἀλλά
2607 4031 2831 4103 γνώμην
2861 4030 3180 4100 εὐχάριστον
3220 4025 3663 4095 ἐπιδεικνύμεναι
3697 4022 3791 4075 ἐπὶ

2112 4122 2203 4176 τὸν
2239 4123 2336 4191 τῆς
2367 4121 2578 4190 φύσεως
2623 4117 2953 4191 δημιουργὸν
2980 4115 3496 4184 καταφευγέτωσαν,
3527 4113 3627 4165 καὶ
3661 4108 3790 4179 παρ’

2113 4209 2321 4263 ἐκείνου
2355 4209 2673 4262 αἰτείτωσαν
2705 4206 2798 4259 τοῦ
2827 4205 2928 4275 τῆς
2959 4205 3174 4274 φύσεως
3199 4201 3491 4265 Δεσπότου,
3529 4201 3626 4253 καὶ
3652 4200 3788 4269 μήτε

2112 4301 2179 4369 τῇ
2211 4297 2466 4367 συνουσίᾳ
2489 4295 2596 4348 τῶν
2621 4293 3015 4347 συνοικούντων
3036 4331 3050 4356 ,
3087 4295 3222 4361 μήτε
3258 4291 3429 4360 ἐτέρῳ
3453 4288 3560 4340 τινὶ
3581 4284 3790 4354 λογιζέο

2115 4387 2328 4438 σθωσαν
2357 4384 2452 4452 τὴν
2477 4384 2584 4436 τῶν
2614 4382 2820 4435 παίδων
2843 4381 3029 4450 γονὴν,
3059 4380 3194 4432 ἀλλά
3227 4378 3304 4447 τῷ
3327 4375 3648 4448 δημιουργῷ
3678 4373 3784 4428 τῶν

2112 4475 2247 4526 ὅλων
2282 4473 2360 4543 τῷ
2387 4473 2479 4526 καὶ
2508 4472 2615 4525 ἀπὸ
2639 4470 2732 4524 τοῦ
2761 4471 2835 4540 μὴ
2863 4470 3016 4532 ὄντος
3054 4469 3134 4530 εἰς
3155 4467 3214 4520 10
3239 4462 3378 4519 εἶναι
3408 4463 3785 4534 παραγαγόντι

2111 4558 2207 4630 τὴν
2236 4560 2396 4627 φύσιν
2421 4559 2520 4629 τὴν
2541 4557 2837 4628 ἡμετέραν,
2869 4557 2965 4609 καὶ
2992 4554 3337 4625 χωλεύουσαν
3364 4551 3528 4606 πάλιν
3561 4548 3786 4620 διορθῶ-

2114 4663 2203 4698 σαι
2227 4644 2507 4714 δυναμένῳ
2530 4660 2544 4674 ο
2580 4643 2702 4695 ἐπεὶ
2734 4643 2830 4696 καὶ
2858 4641 2998 4709 αῦτη
3025 4641 3123 4710 τὴν
3153 4637 3247 4692 τοῦ
3273 4637 3502 4700 πένθους
3535 4635 3788 4688 ὑπόθεσιν

2111 4731 2413 4799 δοξολογίας
2441 4731 2693 4802 ἀφορμὴν
2724 4729 3036 4800 ἐποιήσατο,
3063 4727 3156 4780 καὶ
3173 4726 3250 4797 τῷ
3272 4725 3515 4795 Δεσπότῃ
3549 4719 3702 4795 [185]
3729 4719 3788 4774 10

2114 4822 2220 4872 πᾶν
2237 4817 2506 4888 λογίζεται
2523 4818 2774 4886 λέγουσα,
2794 4814 3200 4881 Ἐξανέστησέ
3215 4831 3318 4882 μοι
3335 4817 3367 4866 ό
3389 4813 3533 4876 Θεὸς
3552 4810 3788 4876 σπέρμα

2111 4903 2315 4972 ἕτερον
2345 4894 2479 4957 ἀντὶ
2510 4905 2700 4966 Ἅϐελ,
2741 4900 2814 4954 ὂν
2841 4900 3154 4954 ἀπέκτεινε
3182 4898 3346 4951 Κάϊν.
3385 4897 3548 4965 Ὁρᾷς
3587 4893 3704 4954 πῶς
3727 4891 3784 4942 οὖ

2117 4990 2274 5059 μόνον
2310 4989 2407 5041 οὐκ
2445 4988 2827 5058 ἐδυσχέρανεν,
2854 4986 2978 5039 οὐδέ
3004 4983 3306 5053 ἐφθέγξατό
3335 4999 3388 5034 τι
3421 4979 3670 5051 λυπηρὸν
3707 4977 3785 5046 (00

2116 5078 2183 5145 γα
2193 5094 2222 5145 ρ
2247 5077 2310 5129 ἂν
2343 5076 2639 5145 παρέλιπεν
2661 5076 2694 5144 ἡ
2716 5073 2834 5126 θεία
2854 5071 3063 5143 Γραφὴ.
3101 5071 3153 5123 εἴ
3172 5070 3236 5138 γέ
3258 5087 3310 5122 τι
3335 5067 3578 5120 τοιοῦτον
3604 5065 3787 5134 εἴρητο

2114 5167 2242 5234 παρ’
2276 5163 2516 5234 αὐτῆς),
2541 5161 2678 5214 ἀλλά
2709 5161 2975 5230 γενναίως
3011 5158 3310 5227 ἐνεγκοῦσα
3338 5157 3398 5208 τὸ
3427 5154 3665 5223 συμϐὰν,
3695 5169 3786 5206 τα-

2114 5252 2265 5320 χείας
2299 5248 2541 5314 ἀξιοῦται
2591 5250 2690 5318 τῆς
2731 5246 3116 5317 παραμυθίας,
3146 5245 3236 5298 καὶ
3271 5243 3491 5296 πλείονα
3516 5240 3616 5310 τὴν
3665 5239 3788 5306 εὐγ-

2115 5337 2437 5408 νωμοσύνην
2467 5335 2871 5398 ἐπιδείκνυται,
2903 5331 3354 5402 ἀνακηρύττουσα
3385 5328 3478 5381 τοῦ
3513 5325 3784 5379 Δεσπότου

2113 5425 2210 5495 τὴν
2248 5424 2596 5496 εὐεργεσίαν;
2633 5424 2778 5494 Ὅρα
2810 5423 2920 5492 γὰρ
2955 5420 3074 5491 μεθ’
3116 5421 3248 5490 ὅσης
3277 5415 3586 5488 φιλοτιμίας
3628 5416 3655 5467 0
3691 5414 3784 5464 Δε-

2117 5514 2320 5584 σπότης
2350 5512 2418 5565 τά
2445 5511 2574 5582 παρ’
2607 5509 2800 5564 ἐαυτοῦ
2830 5507 3213 5563 ἐπιδείκνυται.
3242 5506 3316 5558 Οὐ
3345 5505 3502 5574 μόνον
3531 5502 3644 5571 γὰρ
3674 5497 3783 5551 υἰδν

2113 5601 2301 5670 ἕτερον
2333 5599 2645 5669 ἐχαρίσατο,
2681 5595 2817 5649 ἀλλά
2848 5596 2942 5649 καὶ
2968 5595 3220 5666 ἐνάρετον
3251 5592 3412 5645 αὐτὸν
3441 5588 3659 5642 ἔσεσθαι
3686 5585 3781 5656 ήδη

2114 5687 2440 5759 προμηνύει.
2461 5685 2784 5753 Ἑγέννησε
2794 5683 2926 5752 γὰρ,
2942 5684 3096 5752 φησὶ,
3110 5680 3262 5734 κατὰ
3272 5679 3388 5746 τὴν
3399 5677 3565 5732 ἰδέαν
3578 5672 3782 5737 αὑτοῦ,

2116 5777 2213 5830 καὶ
2249 5775 2398 5828 κατὰ
2431 5773 2548 5841 τὴν
2583 5773 2789 5827 εἰκόνα
2815 5769 3021 5824 αὑτοῦ.
3048 5769 3159 5822 Καὶ
3188 5769 3275 5820 ἵνα
3306 5766 3564 5836 μάθωμεν
3585 5761 3784 5820 εὐθέως

2115 5863 2209 5917 τοῦ
2232 5861 2516 5931 τεχθέντος
2549 5860 2648 5929 τὴν
2686 5857 2907 5930 ἀρετὴν,
2941 5859 3042 5928 δρα
3065 5857 3157 5910 κα)⁵
3189 5854 3352 5908 αὐτὸν
3380 5852 3539 5906 πάλιν
3573 5849 3660 5904 διὰ
3687 5846 3782 5914 τῆς

2188 5985 2209 6011 ο
2248 5980 2328 6030 Sic
2349 5980 2461 6029 Sav.
2502 5984 2554 6029 el
2579 5990 2750 6029 omnes
2774 5978 2894 6028 fere.
2919 5976 3042 6028 Mor.
3069 5975 3163 6024 ἀπὸ
3189 5981 3271 6034 τῆς
3293 5974 3452 6034 ἀδελφ.
