4038 6394
359 351 454 424 1ῖῖ
1412 343 1476 399 ΙΝ
1513 343 1665 399 CAP.
1708 342 1772 397 V.
1814 343 2062 399 GENES.
2105 345 2330 402 HOMIL.
2363 345 2502 403 XXl.

351 469 408 517 et
421 458 660 516 clarior?
687 457 754 512 Et
768 457 954 513 liceret
981 457 1194 527 quidem
1219 455 1322 511 hoc
1355 455 1513 510 etiam
1530 471 1598 509 ex
1622 453 1740 508 aliis
1763 451 1926 521 gestis

351 566 468 620 qua:
504 549 755 604 similiter
782 557 1073 604 evenerunt
1111 545 1319 601 caritati
1357 553 1557 600 vestrae
1595 543 1876 600 OSIendere
1908 559 1924 600 :

353 640 445 695 sed
462 656 526 694 ne
552 640 622 695 ab
647 634 1474 709 institutonostrodigrediamur,
1495 653 1592 708 age
1613 635 1789 691 denuo
1808 649 1926 702 qua:

349 733 488 786 dicta
513 739 642 787 sunt
663 741 986 800 repetamus.
1035 729 1142 784 Iste
1157 741 1241 784 est
1264 730 1389 784 liber
1411 728 1742 801 generationis
1767 726 1928 778 homi-

350 839 489 888 mtm,
529 823 612 877 die
645 840 744 892 quo
771 824 886 894 fecit
927 822 1065 876 Deus
1102 822 1267 876 Adam
1293 863 1310 888 ,
1340 820 1614 875 secundum
1659 819 1928 888 imaginem

354 917 443 971 Dei
485 919 603 988 fecit
627 917 816 982 illum;
858 915 1138 970 masculum
1177 923 1225 970 et
1267 915 1509 985 feminam
1553 912 1671 982 fecit
1695 911 1813 965 illos
1836 925 1856 974 ;
1881 921 1928 963 et

350 1010 620 1080 appellavit
639 1025 820 1064 nomen
845 1025 1016 1062 eorum
1042 1008 1223 1074 Adam,
1249 1008 1331 1061 die
1355 1023 1453 1077 quo
1483 1006 1599 1078 fecit
1625 1005 1760 1058 illos.
1791 1003 1927 1057 Vide

347 1100 614 1171 quomodo
639 1101 832 1155 iterum
860 1100 1167 1154 narratione
1195 1099 1268 1154 ab
1294 1098 1446 1152 initio
1471 1095 1718 1166 repetita,
1753 1094 1928 1148 divina

347 1193 618 1260 Scriptura
664 1191 818 1245 nobis
864 1198 1250 1245 commemorat
1295 1199 1548 1258 quantum
1589 1187 1844 1240 honorem
1898 1199 1925 1238 a

348 1283 638 1338 Conditore
668 1282 888 1337 sortitus
916 1283 986 1336 sit
1034 1281 1219 1337 homo.
1259 1280 1357 1335 Die
1403 1296 1522 1350 quo,
1575 1279 1783 1348 inquit,
1814 1277 1928 1348 fecit

349 1377 541 1442 Adam,
567 1374 843 1429 secundum
885 1374 1158 1444 imaginem
1185 1371 1282 1428 Dei
1331 1373 1444 1444 fecit
1489 1372 1632 1426 illum
1661 1385 1682 1424 :
1705 1369 1807 1424 hoc
1846 1376 1930 1423 est

349 1468 642 1536 principem
691 1467 838 1520 illum
884 1466 1158 1521 constituit
1184 1465 1424 1519 omnium
1465 1462 1775 1518 visibilium.
1818 1459 1930 1514 lloc

347 1558 488 1612 enim
535 1565 618 1611 est
649 1555 945 1611 Secundum
998 1557 1287 1626 imaginem,
1333 1553 1622 1611 secundum
1668 1552 1926 1606 rationem

347 1648 568 1702 dominii
595 1657 649 1703 et
667 1649 1016 1718 principatus.
1042 1647 1174 1701 Nam
1204 1647 1344 1703 sicut
1370 1645 1606 1699 omnium
1627 1643 1768 1698 Deus
1784 1641 1929 1712 prin-

347 1741 577 1810 cipatum
607 1740 768 1795 habet
795 1755 955 1809 super
979 1740 1156 1794 omnia
1179 1749 1286 1794 tam
1310 1737 1537 1793 visibilia
1557 1751 1717 1806 quam
1741 1733 1924 1788 invisi-

347 1832 494 1897 bilia,
529 1832 619 1901 qui
646 1831 884 1885 omnium
930 1831 1174 1885 conditor
1200 1839 1254 1885 et
1280 1828 1454 1900 Opifex
1485 1836 1568 1883 est
1593 1843 1610 1880 :
1638 1827 1716 1882 sic
1736 1834 1927 1881 etcum

348 1922 602 1977 formavit
621 1923 880 1977 rationale
909 1923 1011 1977 hoc
1038 1921 1257 1987 animal,
1290 1919 1457 1974 voluit
1479 1919 1720 1974 omnium
1749 1916 1930 1972 visibi-

351 2015 478 2068 lium
503 2014 821 2085 prmfectura
844 2014 1049 2083 insigne
1072 2028 1212 2068 esse.
1234 2011 1463 2066 Proinde
1490 2019 1546 2066 et
1579 2010 1772 2064 animae
1801 2007 1928 2062 sub-

347 2108 594 2162 stantiam
622 2107 701 2160 illi
745 2107 965 2176 largitus
993 2115 1095 2172 est,
1137 2106 1321 2160 volens
1361 2105 1532 2174 ipsum
1575 2102 1927 2158 immortalem

361 2213 479 2253 esse
517 2208 575 2253 et
604 2206 920 2268 perpetuum
945 2214 964 2254 :
989 2213 1176 2252 verum
1203 2197 1292 2252 ubi
1320 2212 1416 2267 per
1438 2196 1693 2252 desidiam
1714 2195 1927 2263 excidit,

347 2299 398 2344 et
425 2301 787 2360 transgressus
813 2296 896 2344 est
920 2288 1224 2344 mandatum
1241 2287 1342 2343 sibi
1361 2287 1633 2353 traditum,
1657 2301 1829 2356 neque
1840 2286 1917 2341 sic

347 2379 567 2434 omnino
594 2381 764 2450 ipsum
791 2387 1066 2436 aversatus
1087 2389 1171 2436 est
1198 2397 1214 2434 :
1245 2380 1339 2436 sed
1365 2395 1464 2450 pro
1489 2395 1586 2434 sua
1616 2378 1922 2434 misericor-

347 2471 432 2524 dia
461 2471 922 2527 immortalitatem
947 2471 1162 2542 quidem
1187 2471 1264 2526 illi
1307 2470 1528 2535 ademit,
1551 2478 1724 2524 morte
1751 2478 1927 2524 autem

347 2561 652 2617 damnatum
677 2563 731 2618 in
749 2564 940 2620 eodem
968 2563 1137 2619 ferme
1159 2563 1459 2633 principatu
1477 2562 1707 2633 reliquit.
1729 2561 1930 2616 Deinde

353 2668 472 2708 cum
512 2654 559 2708 is
583 2655 674 2724 qui
701 2669 767 2709 ex
801 2654 894 2710 illo
918 2663 1074 2709 natus
1103 2663 1219 2710 erat
1251 2655 1305 2708 in
1336 2661 1534 2707 tantam
1563 2651 1802 2723 prorupit
1850 2653 1930 2706 in-

347 2744 577 2808 saniam,
604 2753 665 2799 ut
688 2746 889 2815 primus
917 2745 1105 2801 mortis
1133 2746 1366 2816 speciem
1390 2745 1687 2810 inveheret,
1721 2745 1927 2799 violen-

352 2847 459 2891 tam
488 2837 636 2891 illam
670 2837 872 2892 ctedem
898 2837 1195 2904 exhiberet,
1237 2852 1300 2892 ac
1325 2837 1456 2892 credi
1484 2836 1813 2892 mendacium
1839 2851 1930 2889 co-

349 2931 559 3000 pulans,
579 2945 822 3001 magnam
845 2929 1238 3001 improbitatem
1260 2945 1370 3000 pra:
1394 2943 1453 2983 se
1475 2928 1656 2991 ferret,
1681 2928 1927 2981 diuturna

347 3023 691 3090 castigatione
718 3021 1002 3077 emendare
1027 3021 1178 3074 illum
1204 3020 1390 3083 voluit,
1419 3029 1478 3072 ut
1503 3034 1608 3074 non
1636 3018 1808 3072 solum
1837 3017 1928 3070 ille

347 3113 549 3167 lucrum
577 3113 776 3169 faceret
796 3128 861 3168 ex
879 3114 942 3168 iis
967 3129 1083 3183 qua:
1109 3113 1206 3182 ipsi
1221 3110 1614 3182 contingebant,
1639 3110 1732 3164 sed
1750 3117 1805 3163 et
1831 3124 1926 3178 po-

347 3216 517 3259 steros
543 3204 760 3260 doceret
781 3205 1183 3259 commissorum
1205 3201 1641 3272 magnitudinem,
1665 3209 1717 3254 et
1746 3199 1930 3268 iugen.

347 3306 453 3351 tem
500 3296 720 3352 sceleris
761 3296 1072 3352 fmditatem.
1113 3295 1377 3350 Cancrum
1424 3293 1546 3365 quia
1590 3308 1701 3363 prae
1741 3307 1928 3362 magna

348 3387 556 3456 ignavia
579 3387 774 3457 posteri
793 3402 1002 3457 quoque
1024 3387 1164 3442 illius
1184 3385 1431 3458 paulatim
1455 3385 1506 3439 in
1527 3385 1770 3454 graviora
1792 3383 1926 3436 mala

345 3479 591 3544 ruebant,
611 3480 813 3545 volens,
836 3489 894 3534 ut
913 3481 984 3534 ita
1000 3479 1194 3546 dicam,
1217 3479 1378 3534 solari
1401 3477 1685 3539 Adamum,
1709 3476 1802 3546 qui
1823 3492 1928 3529 non

344 3571 516 3626 solum
546 3572 614 3626 ob
635 3587 782 3625 suam
805 3572 1279 3642 transgressionem
1299 3571 1432 3625 adeo
1457 3569 1733 3631 maerebat,
1758 3567 1850 3623 sed
1875 3575 1931 3622 et

346 3664 414 3716 ob
437 3663 692 3732 ﬂagitium
709 3663 860 3718 Caini
877 3664 928 3717 in
949 3664 1090 3718 luctu
1109 3663 1423 3718 intolerabili
1441 3662 1770 3726 versabatur,
1789 3659 1928 3730 quod

345 3756 458 3809 suis
486 3755 602 3824 ipse
648 3755 815 3810 oculis
849 3770 1046 3810 catsum
1089 3755 1222 3811 Abel
1250 3755 1470 3810 vidisset
1512 3769 1733 3833 :neque
1782 3753 1925 3808 enim

348 3849 538 3904 mortis
566 3850 798 3918 speciem
828 3849 1087 3913 sciebant,
1112 3849 1320 3903 tametsi
1345 3848 1446 3902 lata
1468 3855 1610 3903 esset
1630 3847 1889 3902 sententia
1912 3863 1924 3897 :

349 3941 490 3995 unde
512 3951 568 3995 et
587 3940 778 4008 duplex
811 3940 888 3995 illi
909 3955 973 3995 ac
1005 3940 1194 4009 triplex
1222 3940 1395 3994 luctus
1433 3938 1636 4002 aderat,
1667 3939 1790 4007 quia
1821 3936 1929 4005 pri—

349 4048 498 4086 nium
519 4030 766 4085 viderunt
791 4039 1016 4086 mortem
1046 4032 1098 4084 in
1123 4033 1281 4084 vitam
1327 4030 1703 4094 introductam,
1736 4038 1794 4082 et
1817 4027 1930 4081 vio-

352 4124 548 4178 lentam
573 4131 820 4189 mortem,
853 4131 908 4178 et
931 4137 960 4176 a
988 4123 1096 4176 lilio
1119 4130 1496 4192 perpetratum,
1547 4129 1601 4176 et
1630 4121 1681 4173 in
1708 4118 1924 4173 fratrem

349 4215 538 4270 eodem
585 4222 737 4284 patre
781 4213 1074 4284 eademque
1121 4225 1289 4268 matre
1330 4221 1532 4276 natum,
1562 4212 1652 4282 qui
1698 4211 1826 4265 nihil
1855 4211 1928 4264 illi

350 4307 558 4375 injuria:
588 4305 856 4359 intulisset
886 4324 902 4360 :
928 4305 1113 4359 volens
1133 4320 1260 4374 ergo
1289 4304 1547 4374 benignus
1577 4304 1716 4358 Deus
1748 4317 1928 4372 parem

350 4397 627 4451 doloribus
649 4394 838 4450 alierre
861 4396 1301 4460 consolationem,
1327 4397 1490 4451 alium
1521 4396 1596 4450 illi
1624 4396 1715 4450 dat
1741 4395 1926 4460 lilium,

350 4489 480 4546 Seth
507 4489 785 4551 videlicet;
815 4501 977 4558 atque
1005 4490 1130 4543 hinc
1154 4490 1253 4559 ipsi
1274 4489 1394 4543 data
1417 4489 1704 4544 sufﬁcienti
1730 4503 1929 4543 conso-

352 4581 570 4648 latione,
593 4581 769 4638 abillo
789 4595 968 4653 postea
984 4581 1254 4652 progeniei
1273 4581 1476 4634 initium
1497 4579 1660 4634 ducit.
1684 4579 1932 4648 Propter-

351 4690 418 4730 ea
453 4675 640 4730 beatus
664 4676 922 4746 propheta
958 4675 1038 4729 sic
1062 4687 1284 4729 exorsus
1319 4681 1422 4736 est,
1465 4673 1647 4726 dicens
1676 4690 1688 4725 :
1728 4671 1835 4725 Iste
1857 4681 1931 4725 est

355 4765 480 4819 liber
506 4767 844 4836 generationis
892 4766 1172 4819 hominum.
1225 4763 1446 4827 Deinde,
1475 4773 1532 4815 ut
1583 4762 1823 4832 promisit
1873 4777 1931 4816 se

354 4867 693 4914 narraturum
723 4858 996 4913 hominum
1023 4857 1444 4928 generationem,
1496 4856 1616 4910 vide
1661 4870 1762 4924 qua
1791 4856 1932 4910 serie

354 4951 539 5005 utitur.
563 4951 618 5006 3.
659 4949 795 5005 Vixit
823 4951 985 5004 Adam
1012 4951 1158 5003 annis
1187 4948 1410 5002 ducentis
1431 4949 1654 5016 triginta,
1685 4956 1730 5000 et
1757 4948 1929 5017 genuit

354 5044 631 5096 secundum
655 5043 868 5112 speciem
897 5059 1060 5105 suam,
1090 5051 1138 5095 et
1162 5039 1435 5094 secundum
1460 5041 1728 5110 imaginem
1755 5055 1934 5102 suam;

341 5145 388 5185 ιιι
429 5133 699 5202 appellavit
719 5149 898 5186 nomen
914 5133 1052 5184 illius
1075 5131 1220 5185 Setlt.
1247 5131 1300 5184 4.
1333 5129 1563 5182 Fuerunt
1591 5137 1754 5181 autem
1774 5129 1932 5197 ipsius

352 5226 475 5278 anni
501 5225 820 5295 septingenti,
845 5233 890 5278 et
915 5225 1083 5294 genuit
1109 5222 1240 5292 ﬁlios
1263 5230 1310 5276 et
1329 5221 1481 5290 ﬁlias.
1507 5221 1560 5276 5.
1585 5221 1653 5276 Et
1679 5222 1801 5288 facti
1819 5229 1935 5275 sunt

351 5331 525 5368 omnes
550 5315 656 5367 dies
681 5313 867 5379 Adam,
889 5313 1012 5366 anni
1036 5314 1269 5383 nongenti
1285 5314 1510 5383 triginta,
1529 5325 1575 5366 et
1592 5325 1814 5366 mortuus
1835 5323 1930 5366 est.

426 5406 482 5458 3.
511 5402 661 5457 Nihil
681 5405 872 5474 frustra
893 5404 1107 5474 positum
1127 5405 1180 5458 in
1200 5405 1466 5474 Scriptura
1488 5419 1654 5456 saera.
1669 5402 1935 5458 ——Nonne

354 5493 494 5549 bene
507 5493 748 5548 dicebam
766 5493 818 5547 in
834 5494 1054 5549 exordio
1072 5494 1353 5560 sermonis,
1377 5493 1507 5548 nihil
1523 5508 1647 5549 esse
1663 5502 1860 5548 temere
1879 5500 1935 5548 et

353 5586 558 5653 absque
578 5583 803 5638 utilitate
823 5584 874 5637 in
895 5598 1045 5638 sacra
1066 5584 1336 5653 Scriptura
1353 5582 1620 5653 positum?
1635 5582 1772 5637 Ecce
1789 5581 1932 5636 enim

348 5685 402 5729 et
423 5695 576 5737 nunc
587 5682 779 5743 quanta
799 5674 1065 5744 diligentia
1093 5690 1220 5729 usus
1239 5685 1318 5730 est
1339 5675 1523 5729 beatus
1545 5674 1631 5728 ille
1654 5672 1930 5742 propheta.

349 5763 565 5840 (lenuit,
590 5764 780 5836 inquit,
802 5763 962 5820 Adam
980 5766 1252 5821 secundum
1271 5766 1484 5838 speciem
1502 5781 1661 5832 suam,
1689 5773 1734 5819 et
1757 5781 1926 5820 serun-

3499 329 3600 386 138

2035 453 2159 502 dum
2173 452 2437 523 imaginem
2451 472 2613 519 suam,
2627 454 3146 526 etappellavitnomen
3163 440 3302 507 illius
3318 449 3460 507 Setlt.
3474 447 3604 506 Cum

2029 543 2098 598 de
2121 543 2300 612 priore
2326 544 2628 611 loqueretur
2652 543 2758 595 tilio
2780 583 2793 605 ,
2821 540 2948 596 Cain
2975 541 3094 595 dico
3114 582 3130 607 ,
3156 540 3282 594 nihil
3313 541 3419 596 tale
3445 541 3608 611 signi-

2030 637 2208 691 ficavit
2250 637 2498 690 nimirutu
2533 637 2642 705 jam
2682 644 2837 690 antea
2882 634 3117 690 indicans
3147 634 3288 688 illius
3318 635 3369 687 in
3409 633 3604 688 malum

2032 730 2450 800 proclivitatem;
2479 739 2533 785 et
2557 729 2746 784 merito
2772 747 2785 782 :
2817 742 2920 783 non
2944 728 3084 782 enim
3112 725 3343 781 servavit
3364 736 3608 794 paternos

2032 837 2226 890 mores,
2254 824 2347 877 sed
2375 823 2614 892 protinus
2641 822 2708 876 ad
2738 821 2988 874 malitiam
3018 819 3272 888 confugit.
3308 819 3404 872 llic
3429 827 3605 872 autem

2031 912 2238 982 inquit,
2287 911 2580 967 Secundum
2638 911 2853 980 speciem
2901 919 2948 964 et
3001 909 3276 963 secundum
3340 909 3610 978 imaginem

2030 1017 2210 1066 suam,
2243 1002 2343 1055 hoc
2381 1009 2501 1067 est,
2539 1001 2850 1056 eorumdem
2893 1015 3134 1062 morum,
3165 998 3356 1066 quibus
3395 997 3480 1051 ille
3520 997 3609 1066 qui

2031 1101 2303 1162 genuerat,
2331 1103 2385 1147 et
2408 1093 2496 1163 qui
2521 1099 2761 1148 servaret
2779 1091 2993 1146 eosdem
3017 1090 3227 1144 virtutis
3251 1089 3606 1151 characteres,

2030 1185 2118 1252 qui
2149 1192 2423 1252 paternam
2455 1181 2737 1254 imaginem
2767 1181 3017 1252 cperibus
3043 1181 3365 1249 exprimeret
3384 1189 3483 1245 ,.et
3513 1180 3603 1248 qui

2031 1289 2124 1329 sua
2156 1273 2351 1328 virtute
2378 1273 2573 1342 prioris
2609 1282 2885 1342 peccatum
2923 1285 3171 1340 reparare
3211 1267 3610 1339 possit..Neque

2031 1363 2172 1418 enim
2221 1363 2288 1418 de
2333 1363 2700 1432 corporalibus
2745 1362 3080 1417 lineamentis
3119 1371 3173 1414 et
3217 1358 3609 1414 characteribus

2031 1454 2302 1525 Scriptura
2330 1455 2483 1509 nobis
2521 1455 2794 1510 disserens
2816 1494 2832 1520 ,
2875 1452 3039 1508 dicit:
3073 1451 3364 1506 Secundum
3391 1451 3607 1520 speciem

2029 1562 2208 1611 suam,
2251 1555 2297 1599 et
2340 1545 2615 1600 secundum
2665 1545 2932 1615 imaginem
2980 1559 3124 1598 suam
3149 1559 3169 1597 :
3215 1541 3308 1598 sed
3351 1541 3419 1596 de
3466 1549 3606 1595 statu

2029 1640 2242 1704 animae,
2274 1647 2333 1693 ut
2372 1638 2640 1693 discamus
2682 1638 2822 1690 hunc
2860 1652 2966 1690 non
3003 1635 3160 1689 talem
3190 1650 3309 1688 esse
3347 1632 3604 1686 futurum.

2032 1728 2154 1784 Ideo
2181 1739 2236 1784 et
2264 1739 2434 1784 mater
2463 1744 2654 1783 nomen
2687 1728 2795 1782 lilio
2825 1727 3103 1796 imponens
3128 1765 3144 1789 ,
3175 1739 3294 1777 cum
3319 1722 3604 1792 gratiarum

2031 1822 2236 1876 actione
2266 1822 2368 1875 hoc
2395 1836 2588 1876 nomen
2616 1820 2804 1874 indidit
2833 1837 2846 1874 :
2891 1827 2947 1873 et
2971 1833 3143 1888 neque
3172 1826 3408 1881 natnrzc,
3441 1830 3610 1884 neque

2032 1914 2205 1984 partui
2233 1913 2486 1968 adscribit
2513 1922 2693 1966 natum
2727 1927 2945 1982 puerum
2968 1951 2984 1976 ,
3027 1909 3118 1964 sed
3152 1908 3243 1963 Dei
3283 1909 3485 1962 virtuti.
3517 1908 3607 1962 llla

2031 2008 2174 2062 enim
2203 2014 2444 2061 naturam
2486 2004 2786 2061 fecundavit
2827 2002 2895 2056 ad
2920 2011 3148 2071 partum,
3178 2008 3231 2054 et
3260 2002 3334 2053 ait
3363 2017 3376 2054 :
3407 1997 3608 2069 Cogno-

2030 2098 2234 2150 minavit
2262 2113 2442 2152 nomen
2469 2097 2610 2150 illius
2636 2094 2759 2150 Setlt
2781 2135 2797 2160 ,
2827 2093 2994 2148 dicens
3017 2107 3036 2146 :
3062 2090 3310 2145 Excitavit
3335 2090 3466 2143 enim
3487 2089 3608 2142 mihi

2029 2187 2168 2242 Deus
2209 2204 2375 2242 semen
2417 2187 2557 2241 aliud
2598 2202 2690 2257 pro
2716 2185 2868 2249 Abel,
2907 2199 3053 2251 quem
3089 2182 3269 2235 occidit
3304 2179 3427 2234 Cain
3453 2177 3605 2252 (Gen.

2031 2284 2086 2336 4.
2111 2281 2226 2351 25).
2254 2280 2388 2334 Vide
2413 2279 2561 2334 verbi
2586 2278 2932 2347 diligentiam.
2959 2273 3074 2328 Non
3101 2271 3233 2327 dixit
3257 2290 3270 2326 :
3301 2271 3453 2326 Dedit
3478 2270 3608 2324 mihi

2033 2373 2204 2428 Deus:
2239 2371 2354 2437 sed,
2388 2370 2638 2424 Excitavit
2664 2367 2806 2422 milii.
2837 2365 3066 2421 Attende
3095 2362 3359 2432 quomodo
3384 2360 3609 2415 obscure

2034 2463 2185 2517 nobis
2217 2462 2316 2517 hoc
2349 2460 2514 2516 verbo
2553 2457 2958 2514 resurrectionis
2983 2453 3198 2510 exordia
3243 2452 3330 2508 hic
3356 2451 3606 2506 ostendit.

2033 2554 2106 2608 Ita
2131 2551 2273 2607 enim
2315 2551 2627 2622 loquebatur
2655 2565 2716 2603 ac
2761 2548 2804 2603 si
2834 2548 2953 2616 quis
2994 2545 3235 2600 diceret:
3279 2543 3381 2596 Pro
3424 2556 3490 2597 eo
3517 2541 3608 2610 qui

2029 2647 2242 2711 cecidit,
2271 2645 2517 2700 excitavit
2543 2643 2670 2698 mihi
2697 2643 2856 2696 hunc.
2885 2640 3212 2708 Quamquam
3240 2636 3330 2690 ille
3349 2677 3364 2701 ,
3397 2636 3610 2705 inquit,

2033 2738 2084 2790 in
2116 2746 2310 2790 terram
2352 2735 2536 2789 dextra
2568 2734 2742 2787 fratris
2767 2743 3048 2801 percussus
3084 2727 3307 2790 cecidit,
3341 2735 3392 2780 et
3423 2725 3610 2780 mortis

2035 2829 2322 2898 periculum
2346 2827 2489 2891 fecit,
2523 2834 2694 2879 tamen
2729 2824 2818 2878 Dei
2843 2823 3012 2876 virtus
3035 2836 3128 2890 pro
3149 2834 3289 2874 czrso
3316 2819 3454 2872 hunc
3479 2817 3609 2872 mihi

2031 2919 2324 2974 suscitavit.
2351 2917 2455 2972 Sed
2480 2918 2600 2987 quia
2632 2915 2864 2970 nondum
2897 2922 3104 2981 tempus
3124 2919 3240 2966 erat
3265 2910 3608 2965 resurrectio-

2033 3013 2136 3077 nis,
2189 3027 2293 3065 non
2339 3020 2604 3065 mortuum
2651 3006 2942 3070 suscitavit,
2991 3004 3084 3059 sed
3125 3005 3283 3058 alium
3329 3017 3428 3071 pro
3475 3001 3603 3055 illo:

2033 3104 2378 3174 quamobrem
2405 3113 2459 3157 et
2485 3102 2593 3172 ipsa
2624 3100 2794 3155 dixit:
2828 3098 3101 3154 Suscitavit
3127 3096 3249 3150 mihi
3275 3094 3414 3148 Deus
3441 3111 3609 3149 semen

2033 3195 2172 3248 aliud
2199 3210 2291 3264 pro
2317 3194 2470 3257 Abel,
2497 3208 2641 3264 quem
2669 3190 2848 3245 occidit
2873 3189 3020 3244 Cain.
3053 3187 3240 3242 Vidisti
3265 3195 3472 3257 gratum
3495 3199 3610 3239 mu-

2035 3287 2179 3341 lieris
2224 3284 2497 3341 animum?
2541 3283 2716 3338 vidisti
2763 3281 3139 3350 benignitatem
3189 3275 3432 3331 Domini?
3479 3289 3610 3344 quo-

2034 3377 2193 3432 modo
2248 3377 2594 3431 acceleratam
2643 3375 2746 3428 illis
2796 3370 3211 3428 consolationem
3263 3366 3611 3436 excogitavit;

2032 3469 2182 3526 Hanc
2209 3470 2478 3524 imitemur
2503 3482 2690 3522 omnes
2715 3506 2728 3529 ,
2757 3474 2813 3519 et
2842 3472 3008 3518 totum
3037 3477 3280 3530 superna:
3305 3461 3488 3529 gratia:
3513 3462 3606 3512 tria

2034 3562 2274 3617 buamus.
2315 3559 2446 3613 Nam
2481 3558 2606 3612 licet
2643 3565 2827 3608 natura
2871 3561 3141 3622 Operetur,
3172 3565 3278 3604 non
3309 3557 3484 3602 tamen
3515 3563 3605 3603 sua

2035 3652 2252 3712 virtute,
2282 3648 2376 3703 sed
2403 3652 2668 3716 praecepto
2692 3645 2852 3706 illius,
2881 3641 2968 3711 qui
2998 3642 3163 3710 ipsam
3187 3638 3328 3702 fecit,
3358 3637 3608 3691 obedicus

2033 3751 2304 3813 operatur.
2347 3739 2415 3792 Et
2438 3750 2721 3806 numquam
2750 3733 2962 3788 doleant
2992 3731 3238 3784 mulieres
3266 3727 3476 3796 quando
3502 3741 3609 3779 non

2034 3835 2262 3904 pariunt,
2293 3832 2386 3887 sed
2413 3840 2622 3901 gratum
2649 3828 2882 3880 animum
2917 3839 3026 3894 pra:
3051 3837 3110 3876 se
3137 3821 3383 3885 ferentes,
3416 3818 3482 3872 ad
3513 3835 3609 3871 nn-

2036 3936 2168 3980 turae
2194 3924 2449 3993 Opiﬁeein
2484 3919 2821 3990 confugiant;
2847 3926 2899 3970 et
2927 3916 2993 3970 ab
3021 3915 3108 3968 illo
3135 3921 3316 3981 petant
3338 3951 3353 3976 ,
3394 3911 3481 3980 qui
3515 3925 3607 3962 na-

2037 4030 2167 4073 tura;
2195 4017 2450 4071 Dominus
2476 4024 2592 4078 est;
2637 4020 2691 4066 et
2733 4024 2903 4078 neque
2939 4006 3221 4075 cunjugtnn
3261 4002 3608 4072 congressui,

2036 4126 2209 4182 neque
2233 4108 2384 4164 alteri
2411 4107 2640 4174 cuipiam
2669 4102 2744 4157 rei
2774 4101 2998 4154 ﬁliorum
3027 4099 3285 4166 imputent
3312 4093 3612 4163 generatio-

2037 4219 2157 4259 nem
2180 4245 2194 4268 ,
2224 4202 2319 4257 sed
2357 4196 2629 4255 Conditori
2658 4193 2892 4249 omnium
2916 4231 2932 4256 ,
2959 4191 3047 4260 qui
3077 4205 3143 4243 ex
3173 4189 3337 4242 nihilo
3370 4196 3609 4240 naturam

2037 4303 2271 4349 nostram
2298 4289 2546 4360 produxit
2569 4298 2626 4340 ut
2650 4293 2791 4340 esset
2814 4325 2829 4348 ,
2857 4293 2910 4336 et
2933 4279 3317 4334 claudicantem
3345 4277 3608 4346 corrigere

2037 4396 2210 4456 potest
2236 4402 2249 4437 ;
2277 4379 2698 4452 quandoquidem
2720 4385 2773 4430 et
2793 4375 2888 4429 ista
2913 4389 2977 4427 ex
2999 4370 3278 4426 occasione
3305 4368 3613 4422 luctusDeo

2035 4479 2255 4549 gloriam
2299 4470 2561 4529 referendi
2598 4467 2824 4535 sumpsit
2863 4471 3253 4533 argumentum,
3293 4467 3347 4514 et
3391 4458 3614 4512 Domino

2037 4579 2203 4625 totum
2235 4566 2432 4629 tribuit,
2458 4563 2639 4617 dicens
2663 4577 2676 4613 :
2708 4556 2953 4612 Excitavit
2982 4554 3105 4608 mihi
3132 4552 3272 4609 Deus
3289 4567 3454 4607 semen
3471 4549 3612 4603 aliud

2039 4676 2134 4730 pro
2161 4655 2317 4723 Abel,
2348 4669 2494 4724 quem
2523 4650 2704 4706 occidit
2728 4647 2874 4703 Cain.
2905 4645 3069 4701 Vides
3091 4641 3360 4730 quomodo
3384 4656 3488 4694 non
3519 4653 3610 4693 so-

2037 4729 2146 4804 lum
2173 4763 2278 4801 non
2318 4742 2573 4815 gravatim
2601 4739 2754 4805 tulit,
2786 4751 2957 4806 neque
2989 4735 3138 4788 triste
3163 4729 3360 4801 aliquid
3399 4731 3612 4797 loquuta

2039 4848 2124 4896 est
2149 4839 2276 4910 (non
2303 4837 2444 4892 enim
2470 4831 2896 4905 prmtertnisisset
2922 4825 3100 4882 divina
3123 4824 3422 4891 Scriptura,
3452 4819 3618 4888 siqui-

2040 4933 2162 4989 detn
2191 4931 2293 4986 tale
2321 4928 2571 4999 quiddam
2600 4924 2668 4979 ab
2705 4923 2793 4977 illa
2821 4921 3020 4976 dictum
3049 4915 3284 4986 fuisset),
3315 4927 3494 4967 verum
3517 4927 3608 4983 ge-

2040 5039 2232 5080 nerose
2275 5022 2450 5076 ferens
2493 5015 2634 5088 quod
2685 5012 2980 5073 acciderat,
3029 5005 3396 5062 consolatione
3437 5003 3616 5057 statim

2039 5119 2284 5188 dignatur
2305 5155 2320 5181 ,
2349 5121 2404 5168 et
2443 5110 2646 5180 majora
2691 5105 2826 5176 grati
2867 5101 3028 5157 animi
3074 5101 3165 5153 dat
3191 5099 3337 5166 signa
3357 5135 3376 5162 ,
3409 5096 3617 5149 Domini

2040 5211 2354 5266 beneficium
2381 5201 2714 5278 przedicans?
2745 5199 2876 5254 Vide
2905 5200 3044 5252 enim
3069 5208 3226 5264 quam
3258 5191 3482 5260 benigne
3514 5188 3618 5242 Do-

2041 5304 2216 5359 minus
2255 5317 2372 5372 quae
2411 5311 2625 5354 suarum
2670 5300 2793 5348 sunt
2845 5289 3068 5360 partium
3113 5290 3449 5352 exsequatur.
3500 5279 3616 5334 Non

2042 5392 2202 5449 modo
2225 5369 2365 5447 enim
2389 5389 2549 5443 alium
2571 5385 2662 5440 dat
2689 5383 2763 5437 illi
2790 5381 2976 5444 lilium,
3006 5375 3099 5432 sed
3128 5383 3184 5430 et
3208 5375 3401 5427 virtute
3428 5369 3618 5440 praedi-

2043 5495 2153 5540 tum
2176 5482 2292 5538 fore
2316 5488 2470 5534 antea
2493 5475 2770 5546 signiﬁcat.
2799 5470 2983 5534 Genuit
3006 5467 3146 5521 enim
3169 5505 3185 5529 ,
3211 5463 3413 5532 inquit,
3437 5476 3620 5514 secun-

2044 5578 2165 5630 dum
2183 5573 2399 5644 speciem
2422 5585 2585 5631 suam,
2612 5575 2660 5619 et
2683 5561 2960 5619 secundum
2985 5556 3253 5624 imaginem
3278 5566 3442 5604 suam.
3473 5548 3540 5602 Et
3564 5557 3620 5602 ut

2043 5641 2220 5720 statim
2240 5662 2506 5717 discamus
2530 5657 2634 5710 nati
2654 5655 2926 5713 virtutem,
2953 5649 3071 5702 vide
3096 5644 3215 5714 quia
3237 5651 3291 5696 et
3316 5642 3426 5707 ipse
3443 5641 3618 5693 statim

2048 5777 2140 5833 per
2164 5751 2567 5828 appellationem
2598 5745 2688 5800 lilii
2715 5745 2793 5799 sui
2823 5758 2929 5798 sua:
2961 5738 3149 5794 mentis
3174 5733 3421 5806 pietatem
3442 5735 3613 5785 osten~
