4038 6394
408 326 513 382 179

405 439 515 493 dat.
547 437 614 492 Et
651 435 839 502 Setho,
889 433 1093 504 inquit,
1136 442 1285 486 natus
1322 440 1393 486 est
1422 429 1597 499 ﬁlius,
1630 438 1678 483 et
1719 425 1991 497 appellavit

408 546 587 584 nomen
615 528 753 582 illius
777 526 935 581 Enos.
966 520 1067 578 Hic
1084 524 1300 595 speravit
1326 523 1559 576 invocare
1582 536 1765 575 nomen
1783 518 1991 573 Domini

409 619 504 676 Dei
546 617 700 688 (Gen.
744 618 799 672 4.
841 615 959 685 26).
1004 614 1191 670 Vidisti
1238 613 1644 683 appellationem
1695 611 1994 666 diademate

409 712 708 775 clariorem,
748 724 977 779 purpura
1020 704 1478 777 Splendidiorem?
1518 704 1655 773 Quid
1699 702 1857 757 fuerit
1902 702 1994 756 illo

410 803 616 857 beatius
644 801 732 871 qui
779 801 1110 855 invocatione
1152 797 1244 852 Dei
1293 805 1513 851 ornatur
1534 835 1549 861 ,
1582 795 1741 865 idque
1769 809 1864 863 pro
1895 807 1993 846 no-

410 896 553 949 mine
583 893 856 963 possidet?

485 984 539 1039 N
543 986 764 1039 ominum
791 984 1044 1055 impositio
1073 999 1243 1037 recens
1276 983 1425 1035 natis.
1455 978 1680 1035 Nomina
1706 988 1995 1033 sanctorum

411 1079 531 1147 ﬁliis
556 1078 879 1147 imponenda.
910 1107 979 1116 —
1002 1076 1160 1130 Vides
1191 1075 1242 1129 id
1270 1075 1410 1145 quod
1436 1075 1503 1129 ab
1531 1074 1680 1128 initio
1705 1073 1945 1129 dicebam
1975 1114 1992 1140 ,

410 1179 465 1223 et
492 1171 541 1223 in
573 1170 749 1239 parvis
790 1167 1230 1237 appellationibus
1255 1182 1474 1238 magnas
1503 1167 1883 1221 sententiarum
1912 1166 1995 1221 di-

409 1260 565 1313 vitias
591 1260 891 1315 reconditas
917 1259 1073 1314 esse?
1097 1259 1209 1313 Non
1235 1258 1407 1313 solum
1436 1260 1577 1313 enim
1609 1258 1693 1312 hic
1720 1268 1995 1327 parentum

412 1360 737 1406 monstratur
765 1353 952 1421 pietas,
976 1350 1068 1405 sed
1099 1360 1152 1404 et
1181 1364 1369 1420 magna
1398 1364 1522 1419 erga
1550 1349 1746 1403 liberos
1770 1349 1997 1417 diligen-

413 1445 517 1509 tia;
573 1453 628 1497 et
672 1442 940 1512 quomodo
988 1441 1164 1495 statim
1209 1448 1265 1495 et
1302 1456 1333 1494 a
1379 1439 1640 1509 principio
1682 1438 1997 1494 erudiebant

414 1535 663 1605 puerulos
687 1534 776 1604 qni
818 1535 947 1602 ipsis
973 1533 1327 1587 nascebantur
1347 1574 1361 1596 ,
1386 1532 1738 1586 admonentes
1768 1546 1862 1600 per
1899 1547 1996 1599 ap-

414 1624 744 1693 pellationes,
780 1638 913 1692 quas
941 1622 1042 1676 illis
1070 1622 1452 1689 imposuerant,
1484 1631 1543 1675 ut
1569 1621 1816 1675 virtutem
1845 1635 2001 1675 exer-

412 1724 596 1769 cerent
625 1732 638 1767 :
666 1729 769 1767 non
795 1713 931 1767 sicut
958 1728 1100 1767 nunc
1128 1712 1346 1766 fortuito
1375 1721 1504 1765 etut
1530 1712 1755 1782 primum
1785 1726 2001 1766 succur-

413 1806 484 1859 rit
512 1806 726 1859 nomina
768 1806 917 1859 ﬁunt.
956 1804 1201 1870 Nomine,
1244 1803 1519 1872 inquiunt,
1561 1805 1644 1857 avi
1690 1803 1773 1858 vel
1818 1803 2000 1872 proavi

411 1904 631 1949 vocetur
656 1910 827 1964 puer:
865 1904 918 1948 at
945 1893 1103 1963 prisci
1133 1908 1238 1948 non
1267 1894 1336 1948 ita
1358 1935 1372 1957 ,
1402 1894 1495 1949 sed
1525 1908 1737 1949 omnem
1782 1909 1996 1963 operam

412 1984 731 2040 adhibebant
760 2026 773 2046 ,
804 1995 861 2038 ut
889 1984 1013 2037 talia
1059 1985 1197 2039 natis
1232 1985 1569 2054 imponerent
1595 1984 1809 2039 nomina
1834 2026 1849 2049 ,
1879 2000 1999 2055 qua:

416 2092 522 2130 non
552 2076 721 2131 solum
773 2075 891 2129 illos
925 2076 1014 2144 qui
1042 2075 1255 2129 nomina
1286 2075 1642 2129 sortiebantur
1669 2075 1721 2129 in
1752 2075 1999 2129 virtutem

413 2166 756 2230 adducerent,
781 2165 874 2220 sed
899 2174 953 2220 et
975 2166 1103 2220 alios
1129 2180 1336 2230 omnes,
1359 2165 1515 2219 etiam
1541 2166 1630 2235 qui
1658 2167 2001 2235 sequentibus

412 2257 622 2312 saeculis
652 2255 808 2310 futuri
840 2266 1010 2320 erant,
1038 2256 1357 2311 omnimoda:
1382 2256 1728 2327 phiIOSOphia:
1756 2257 1999 2313 doctrina

414 2359 613 2404 essent.
648 2349 701 2404 ld
729 2349 869 2418 quod
898 2349 1129 2403 sciemus
1148 2392 1161 2414 ,
1191 2349 1236 2403 si
1265 2365 1444 2404 sermo
1471 2349 1742 2419 aliquanto
1771 2350 1999 2419 amplius

414 2440 754 2509 processerit.
801 2438 961 2509 Igitur
989 2455 1088 2494 nos
1126 2455 1299 2509 neque
1340 2440 1541 2510 qumvis
1580 2440 1793 2494 nomina
1825 2440 2002 2510 pueris

413 2530 658 2585 indamus
681 2571 696 2595 ,
729 2546 900 2600 neque
930 2545 1146 2585 avorum
1172 2540 1225 2585 et
1262 2546 1574 2600 proavorum
1616 2540 1672 2586 et
1699 2547 1882 2586 eorum
1909 2532 1999 2601 qui

411 2637 607 2691 genere
656 2622 783 2675 clari
832 2620 1062 2687 fuerunt,
1118 2622 1330 2675 nomina
1384 2622 1698 2685 tribuamus,
1747 2621 1839 2675 sed
1877 2636 2001 2675 san-

414 2723 619 2767 ctorum
645 2713 901 2773 virorum,
930 2713 1019 2782 qui
1049 2712 1332 2766 virtutibus
1359 2712 1641 2777 fulserunt,
1670 2712 1999 2782 plurimaque

413 2803 551 2873 apud
598 2804 762 2857 Deum
808 2803 994 2857 lidncia
1025 2803 1305 2857 valuerunt
1331 2802 1430 2871 (a).
1458 2802 1569 2857 lmo
1606 2819 1778 2873 neque
1809 2803 1996 2858 horum

415 2893 715 2947 nominibus
746 2892 910 2946 lidant
936 2894 1017 2947 vel
1049 2904 1324 2961 parentes,
1366 2894 1448 2948 vel
1484 2893 1629 2961 pueri
1656 2894 1845 2962 quibus
1874 2895 1996 2949 talia

416 2984 627 3036 nomina
653 2981 987 3051 contingunt.
1012 2982 1152 3035 Nihil
1173 2983 1312 3037 enim
1344 2983 1557 3051 prodest
1586 2984 1739 3038 alicui
1768 2987 1997 3040 vocabu-

417 3074 522 3126 lum
547 3075 740 3128 virtute
768 3088 1008 3139 vacuum,
1054 3073 1147 3127 sed
1196 3066 1437 3128 habenda
1476 3084 1558 3129 est
1586 3076 1771 3129 salutis
1807 3093 1999 3146 exspe-

412 3164 575 3217 ctatio
600 3164 652 3217 in
678 3164 886 3217 virtutis
911 3164 1221 3232 operatione
1247 3182 1260 3217 :
1290 3175 1343 3217 et
1369 3179 1539 3235 neque
1566 3166 1618 3219 in
1645 3167 1999 3236 appellatione

414 3254 641 3307 sublime
668 3266 878 3321 sapere,
909 3269 1081 3323 neque
1105 3254 1155 3307 in
1187 3259 1501 3323 cognatione
1525 3265 1831 3310 sanctorum
1854 3258 1997 3313 viro-

414 3361 554 3411 rum,
583 3361 755 3415 neqne
784 3346 835 3399 in
864 3346 1039 3415 aliquo
1067 3347 1171 3401 alio
1196 3388 1211 3411 ,
1241 3347 1332 3402 sed
1362 3347 1412 3402 in
1443 3347 1631 3404 fiducia
1662 3352 1996 3421 propriorum

412 3454 636 3509 operum
666 3456 679 3493 :
712 3438 818 3492 imo
846 3455 1017 3508 neque
1043 3440 1093 3494 in
1119 3441 1221 3494 illis
1247 3441 1471 3495 multum
1499 3441 1567 3497 de
1585 3458 1643 3497 se
1662 3448 1879 3510 sentire,
1903 3446 1997 3501 sed

410 3532 535 3583 tunc
552 3529 718 3598 magis
735 3528 982 3583 humilem
997 3538 1048 3583 et
1061 3530 1354 3585 modestum
1370 3546 1490 3587 esse
1501 3542 1729 3601 oportet,
1749 3550 1868 3589 cum
1887 3552 1999 3591 ma-

411 3636 541 3682 gnas
567 3620 816 3674 virtutum
846 3620 1054 3676 divitias
1083 3637 1369 3691 congerere
1396 3639 1708 3692 possumus:
1755 3629 1832 3682 sic
1855 3631 1995 3684 enim

411 3719 467 3763 et
503 3711 601 3780 ipsi
628 3711 879 3765 collectas
909 3711 1118 3766 divitias
1156 3722 1271 3767 tuto
1300 3714 1690 3784 custodiemus,
1736 3728 1790 3773 et
1829 3718 1995 3774 bene-

414 3800 699 3857 volentiam
726 3802 817 3856 Dei
845 3802 999 3856 nobis
1019 3804 1438 3860 conciliabimus.
1468 3805 1757 3862 Enimvero
1783 3820 1998 3878 propter

413 3890 515 3945 hoc
539 3900 594 3945 et
631 3893 882 3948 Christus
919 3892 1194 3964 discipulis
1232 3897 1343 3950 suis
1380 3895 1626 3951 dicebat:
1660 3898 1784 3952 Cum
1827 3903 1997 3955 omnia

412 3982 659 4049 feceritis,
708 3986 885 4050 dicite,
929 3984 1144 4041 Inutiles
1185 3990 1314 4042 servi
1358 4006 1532 4044 sumus
1556 3989 1707 4061 (Luc.
1736 3993 1822 4047 17.
1857 3994 1992 4066 10)τ

412 4074 464 4126 in
491 4075 737 4129 omnibus
758 4091 940 4129 eorum
968 4079 1339 4133 conﬁdentiam
1367 4081 1680 4149 reprimens,
1709 4092 1762 4138 et
1780 4082 1849 4138 ad
1877 4100 1997 4139 mo-

409 4164 638 4219 destiam
682 4182 777 4220 eos
807 4184 1061 4223 revocans
1082 4211 1097 4235 ,
1126 4181 1183 4224 ut
1223 4169 1376 4224 bonis
1402 4172 1652 4241 operibus
1693 4188 1798 4228 non
1826 4176 1997 4230 extol-

413 4256 611 4318 lantur,
643 4257 736 4311 sed
766 4258 936 4312 sciant
974 4261 1255 4314 maximam
1284 4262 1537 4316 virtutum
1581 4278 1699 4320 esse
1739 4266 1789 4319 in
1841 4266 1995 4322 bonis

410 4348 662 4417 operibus
693 4350 929 4404 modeste
955 4359 1008 4403 et
1038 4350 1305 4407 humiliter
1333 4366 1391 4408 se
1421 4352 1636 4410 habere.

484 4438 539 4491 4.
569 4437 741 4492 Porro
764 4439 828 4492 ad
855 4449 1162 4495 contextum
1208 4443 1470 4497 sermonis
1500 4445 1797 4510 redeamus,
1826 4456 1881 4501 et
1914 4448 1994 4502 vi-

411 4528 636 4582 deamus
664 4543 760 4583 eos
784 4530 874 4598 qui
906 4540 1087 4598 postea
1110 4534 1215 4585 nati
1242 4542 1383 4587 sunt.
1412 4534 1693 4591 Probabile
1720 4546 1802 4591 est
1828 4539 1993 4603 enim,

411 4636 513 4676 nos
552 4620 806 4690 paulatim
857 4624 1193 4691 procedendo
1239 4626 1470 4694 majores
1523 4628 1829 4684 inventuros
1875 4646 1995 4685 esse

417 4712 700 4767 thesauros
720 4721 772 4767 et
800 4714 1086 4768 immensas
1112 4715 1343 4770 divitias.
1375 4717 1426 4771 9.
1466 4717 1533 4771 Et
1568 4720 1689 4773 uixit
1716 4720 1873 4787 Enos,
1913 4722 1995 4774 hic

415 4803 559 4857 Set/ti
575 4804 733 4872 ﬁlius,
767 4820 927 4858 annos
953 4815 1151 4858 centum
1177 4809 1469 4878 nonaginta,
1493 4820 1539 4863 et
1565 4812 1733 4880 genuit
1761 4812 1991 4878 Cainam,

475 4894 555 4966 (a)_
582 4895 710 4954 Quod
733 4896 810 4966 hic
829 4897 1277 4966 aitAChrysostomus
1296 4938 1310 4957 ,
1344 4902 1534 4966 nomina
1569 4910 1843 4953 sanctorum
1864 4918 1994 4966 esse

413 4954 834 5025 [iliis—imponenda
848 4954 1071 5025 ,ufacttim
1094 4954 1491 5025 deprehenditur,
1510 4976 1653 5025 supra
1686 4972 1830 5013 'l‘omo
1862 4965 1905 5014 ll
1947 4969 1993 5017 in

414 5019 694 5087 tincomios.
712 5018 903 5087 Meletii.
925 5026 1094 5087 Locum
1114 5018 1224 5087 huic
1247 5020 1527 5087 illustraudo
1550 5018 1654 5073 luco
1676 5036 1994 5087 Opportunum

413 5078 491 5129 hic
514 5078 777 5145 afferimus.
802 5082 874 5129 Sic
898 5094 1019 5143 ergo
1042 5081 1223 5144 legitur
1247 5082 1390 5145 paulo
1414 5093 1523 5145 post
1561 5078 1751 5135 initium.
1785 5088 1993 5137 humilia:

413 5141 767 5190 Eneomiastlcae
790 5141 1077 5207 :_.\'antcttm
1098 5141 1209 5207 cum
1239 5141 1269 5193 ὰ
1301 5141 1537 5207 principio
1568 5146 1617 5197 in
1649 5148 1893 5199 civitatem
1922 5148 1994 5199 in-

410 5212 630 5270 gressum
650 5201 1322 5270 excepissetis,unusquisque
1345 5201 1499 5270 ﬁlium
1521 5222 1660 5257 suum
1681 5209 1785 5270 ejus
1807 5210 1994 5259 nomine

412 5261 702 5333 appellabat,
727 5261 813 5323 per
835 5261 1201 5333 appellationem
1223 5261 1502 5333 existimans
1526 5261 1847 5333 unusquisque
1869 5284 1921 5321 se
1942 5271 1993 5322 in

450 5334 609 5395 omum
625 5336 763 5392 suam
783 5331 998 5395 sanctum
1014 5326 1336 5395 introducere,
1355 5329 1604 5395 missisque
1622 5326 1854 5395 patribus,
1873 5334 1991 5392 αινὶε,

415 5388 461 5430 et
485 5385 692 5444 proavis,
716 5392 892 5435 matres
919 5385 1043 5436 beati
1066 5388 1239 5453 Meletii
1267 5385 1435 5453 nomen
1458 5385 1757 5453 impertiebant
1796 5385 1990 5453 liberis,

415 5454 533 5517 quos
562 5453 864 5517 pepererat.
890 5454 1119 5517 naturam
1141 5450 1267 5499 enim
1290 5450 1503 5517 vincelwt
1527 5450 1670 5517 amor
1697 5454 1885 5517 pietatis
1901 5489 1929 5517 ,γ
1946 5450 1992 5506 et

417 5503 642 5578 deinceps
663 5507 1096 5578 quinascebtmtur,
1121 5522 1213 5558 non
1236 5512 1447 5578 naturali
1468 5513 1619 5563 solum
1644 5503 1989 5576 benevolentia

412 5564 863 5641 sed‘:qtiant'_u/]‘ccttt
884 5581 999 5639 erga
1021 5569 1155 5621 illaut
1194 5572 1560 5641 appellationem
1577 5611 1590 5631 ,
1618 5564 1754 5624 erant
1896 5564 1990 5641 pa:

434 5626 635 5700 cutibus,
856 5626 984 5700 enim
1005 5643 1179 5700 nomen
1194 5626 1240 5681 ei
1259 5626 1596 5700 ornamentum
1618 5626 1926 5700 cognationis,
1946 5626 1992 5689 et

413 5689 595 5759 a’dium
615 5689 814 5759 tutelam
833 5729 845 5748 ,
870 5696 915 5739 et
937 5692 1005 5742 ita
1027 5693 1202 5743 tecatis
1224 5692 1425 5744 salutem
1446 5734 1459 5757 ,
1484 5703 1529 5748 et
1564 5689 1743 5749 atmiis
1771 5689 1991 5751 solatium

407 5756 511 5802 esse
542 5750 891 5804 ea'istinmlumt.

1161 319 1221 378 8.
1259 315 1543 376 JOANNIS‘
1574 311 2047 371 CHRYSOSTOHI
2085 313 2403 369 ARClllEP.
2440 316 2970 375 CONSTANTINOP.

3577 316 3680 373 180

2099 428 2186 482 12.
2232 437 2277 482 et
2309 429 2520 484 Cainam
2542 435 2713 502 genuit
2766 434 3027 501 Malaleel,
3057 435 3144 490 15.
3171 447 3219 489 et
3242 435 3480 492 Nalal'eel
3507 445 3673 510 genuit

2095 519 2276 585 Jared,
2309 520 2394 575 18.
2427 532 2474 574 et
2523 522 2682 577 Jared
2703 527 2869 594 genuit
2901 525 3093 580 Enoch.
3120 527 3209 582 21.
3244 528 3314 584 Et
3335 532 3458 585 visit
3499 531 3675 589 Enoen

2097 611 2243 664 annis
2270 620 2467 665 centum
2494 617 2755 685 sexaginta
2780 619 2997 687 quinque
3016 660 3031 685 ,
3078 630 3124 674 et
3149 623 3319 690 genuit
3364 623 3673 684 Mathusala.

2097 701 2185 754 22.
2210 700 2413 756 Placuit
2430 715 2595 758 autem
2614 706 2786 761 Enoclt
2817 708 2944 764 Deo.
2966 709 3035 764 Et
3054 713 3175 767 vixit
3190 712 3388 780 Enoch,
3413 729 3674 787 postquam

2097 794 2268 863 genuit
2298 793 2609 864 Mat/tusala,
2638 802 2785 853 annis
2813 802 3057 869 ducentis,
3093 814 3138 857 et
3165 808 3333 875 genuit
3361 808 3494 876 ﬁlios
3522 819 3569 864 et
3614 813 3677 880 ﬁ-

2098 887 2213 941 lias.
2239 887 2330 943 25.
2363 888 2426 942 Et
2442 895 2643 959 fuerunt
2672 893 2778 949 dies
2802 894 2981 950 Enoch
3002 900 3207 953 trecenti
3244 904 3505 974 sexaginta
3529 908 3677 972 quin-

2097 994 2209 1049 que.
2238 979 2327 1033 2i.
2371 980 2439 1033 Et
2484 983 2675 1053 placuit
2704 983 2881 1039 Enoch
2926 985 3054 1053 Deo,
3096 1000 3143 1043 et
3174 1007 3275 1045 non
3317 996 3545 1051 inventus
3571 1006 3673 1063 est,

2097 1069 2216 1135 quia
2244 1074 2499 1125 transtulit
2540 1074 2683 1127 illunt
2731 1075 2889 1131 Deus.
2916 1077 3051 1132 Num
3100 1080 3237 1137 bene
3268 1083 3530 1149 dicebam,
3579 1102 3678 1142 nos

2098 1161 2437 1230 procedendo
2488 1180 2738 1235 magnum
2780 1168 3086 1225 thesaurum
3123 1174 3176 1228 in
3234 1173 3337 1229 illis
3377 1178 3680 1234 nominibus

2100 1251 2408 1309 inventuros
2435 1257 2589 1310 esse?
2612 1258 2989 1315 Animadverte
3010 1264 3171 1329 enim,
3199 1265 3445 1333 obsecro,
3470 1268 3575 1333 hic,
3599 1270 3680 1323 di-

2101 1341 2259 1407 lecte,
2304 1354 2357 1398 et
2394 1344 2524 1415 justi
2575 1348 2822 1404 virtutem
2855 1360 2909 1405 et
2944 1352 3070 1408 boni
3117 1355 3211 1410 Dei
3234 1356 3498 1426 ingentem
3524 1359 3680 1413 beni—

2100 1435 2356 1504 gnitatem
2384 1477 2400 1499 ,
2431 1448 2485 1492 et
2528 1438 2817 1510 Scriptura:
2848 1443 3196 1514 diligentiam.
3245 1448 3313 1503 Et
3338 1452 3458 1505 vixit
3500 1452 3680 1510 Enoch

2102 1526 2249 1579 annis
2278 1539 2473 1581 centum
2491 1532 2754 1601 semginta
2792 1536 3038 1605 quinque,
3067 1547 3115 1592 et
3152 1542 3322 1610 genuit
3364 1542 3678 1600 Mathusala.

2104 1615 2169 1668 Et
2202 1618 2390 1686 placuit
2431 1619 2607 1675 Enoclt
2655 1621 2765 1678 Deo
2786 1664 2803 1690 ,
2853 1637 3116 1695 postquam
3144 1633 3315 1699 genuit
3363 1632 3680 1693 Nat/culoso.

2176 1707 2384 1777 Nuptiae
2398 1728 2499 1765 non
2517 1713 2570 1766 in
2593 1731 2744 1768 causa
2766 1727 2881 1770 sunt
2904 1720 3171 1789 quominus
3189 1722 3412 1777 homines
3433 1724 3542 1781 Deo
3564 1730 3688 1797 plu-

2103 1804 2587 1859 ceant.-—Andiant
2613 1805 2709 1861 viri
2735 1818 2790 1863 et
2814 1812 3086 1878 mulieres,
3116 1824 3170 1868 et
3202 1816 3404 1872 discant
3423 1819 3550 1889 justi
3576 1823 3681 1877 vir-

2106 1900 2269 1945 tutem
2292 1934 2307 1957 ,
2343 1909 2440 1948 nec
2470 1906 2654 1964 putent
2695 1899 2906 1968 nuptias
2951 1902 3001 1955 in
3038 1918 3198 1959 causa
3242 1921 3362 1963 esse
3398 1913 3681 1979 quominus

2104 1984 2223 2053 quis
2272 1985 2383 2040 Deo
2413 1987 2637 2057 placeat.
2682 1989 2813 2045 Nam
2844 1993 3040 2049 idcirco
3068 1997 3245 2053 divina
3296 2001 3568 2073 Scriptura
3592 2022 3684 2060 se-

2104 2075 2208 2130 mel
2251 2086 2305 2132 et
2326 2078 2517 2134 iterum
2545 2080 2599 2135 id
2644 2083 2961 2153 signiﬁcavit
2986 2086 3171 2144 dicens
3199 2106 3212 2143 :
3248 2091 3445 2150 Genuit
3470 2096 3680 2153 Mathu-

2104 2170 2235 2234 sala,
2263 2180 2318 2225 et
2359 2180 2484 2227 tunc
2506 2174 2722 2242 placuit.
2769 2175 2835 2230 Et
2862 2176 3001 2233 idem
3035 2181 3324 2251 ingeminat
3361 2204 3423 2242 ac
3461 2194 3683 2260 repetit,

2103 2262 2289 2319 dicens
2324 2282 2338 2317 :
2368 2265 2436 2319 Et
2486 2268 2676 2336 placuit
2704 2280 2965 2341 postquam
3009 2278 3181 2346 genuit
3214 2294 3234 2332 :
3260 2291 3317 2333 ut
3347 2297 3415 2336 ne
3443 2284 3560 2352 quis
3588 2300 3683 2337 ar-

2104 2352 2331 2409 bitretur
2372 2356 2707 2413 obstaculum
2738 2361 2919 2417 virtuti
2957 2379 3078 2420 esse
3106 2368 3433 2439 conjugium.
3471 2372 3583 2440 Qua
3637 2376 3683 2429 si

2104 2445 2267 2500 sobrii
2298 2462 2502 2513 sumus,
2542 2465 2713 2520 neque
2752 2452 3019 2521 educatio,
3051 2472 3223 2528 neque
3238 2461 3563 2531 conjugium,
3590 2481 3684 2519 ne-

2104 2551 2208 2605 que
2248 2537 2393 2592 aliud
2436 2540 2564 2609 quid
2612 2542 2767 2596 nobis
2803 2544 2996 2612 oberit,
3043 2552 3326 2617 quominus
3379 2555 3683 2623 placeamus

2106 2627 2237 2683 Deo.
2266 2629 2406 2684 Ecce
2451 2632 2595 2686 enim
2638 2643 2691 2689 et
2714 2633 2797 2689 hic
2822 2636 3058 2705 ejusdem
3087 2652 3290 2697 natura:
3340 2656 3487 2710 erat,
3532 2648 3685 2717 cujus

2103 2727 2157 2773 et
2189 2734 2285 2774 nos
2312 2735 2495 2776 sumus
2528 2741 2542 2776 :
2570 2733 2622 2778 et
2650 2741 2824 2795 neque
2847 2728 2929 2784 lex
2956 2730 3145 2786 tradita
3176 2744 3307 2799 erat,
3346 2751 3517 2806 neque
3542 2737 3686 2794 Scri-

2106 2817 2273 2876 ptura:
2301 2810 2583 2879 docebant,
2624 2831 2797 2886 neque
2839 2820 2982 2874 aliud
3008 2822 3295 2893 quidquam
3322 2827 3386 2881 ad
3410 2832 3684 2898 sapientia:

2106 2901 2561 2976 philosophizeque
2589 2909 2818 2964 studium
2846 2911 3161 2971 deducebat.
3193 2916 3269 2971 Ex
3298 2933 3376 2985 se,
3400 2931 3455 2974 et
3493 2937 3559 2977 ex
3583 2939 3684 2977 vo-

2105 2993 2305 3050 luntate
2339 2999 2503 3068 ipsius
2549 2992 2844 3070 proiectum
2885 3014 2968 3059 est
2999 3008 3141 3077 quod
3173 3010 3282 3065 Deo
3308 3012 3577 3081 placeret,
3611 3018 3683 3071 ita

2104 3096 2161 3139 ut
2190 3104 2355 3153 usque
2398 3089 2555 3143 hodie
2575 3094 2717 3145 vivat
2743 3095 2974 3150 nondum
2997 3106 3223 3154 mortem
3260 3115 3530 3172 expertus.
3549 3106 3683 3161 Nam

2103 3177 2147 3231 si
2176 3180 2392 3247 nuptiar,
2418 3181 2625 3247 dilecti,
2676 3186 2761 3239 vel
2791 3200 3077 3254 puerorum
3118 3191 3363 3247 educatio
3386 3236 3400 3259 ,
3453 3196 3684 3266 impedi-

2103 3280 2342 3323 mentum
2388 3270 2565 3326 l'orent
2609 3275 2662 3329 in
2706 3277 2955 3331 virtutum
2987 3280 3211 3347 itinere,
3252 3299 3583 3356 nequaquam
3630 3290 3683 3342 in

2103 3359 2241 3415 hanc
2268 3371 2506 3418 nostram
2533 3366 2694 3419 vitam
2725 3370 2932 3437 nuptias
2977 3371 3365 3430 introduxisset
3404 3378 3679 3433 universo-

2102 3465 2220 3505 rum
2269 3453 2524 3521 Creatnr,
2553 3465 2705 3511 utne
2746 3458 2796 3511 in
2838 3460 2996 3515 rebus
3039 3458 3318 3533 praa'cipuis
3362 3476 3416 3521 et
3452 3470 3685 3525 maxime

2102 3546 2421 3601 necessariis
2447 3562 2545 3601 nos
2598 3548 2833 3604 kederet.
2874 3551 2977 3607 Sed
3018 3555 3139 3623 quia
3184 3570 3289 3610 non
3338 3558 3510 3613 solum
3551 3560 3683 3615 nihil

2102 3637 2256 3691 nobis
2283 3638 2496 3693 obstant
2523 3640 2587 3694 ad
2636 3641 3120 3712 philosophandum
3164 3648 3454 3703 secundum
3490 3651 3681 3720 Deum,

2102 3727 2145 3780 si
2173 3728 2501 3785 voluerimus
2530 3746 2651 3787 esse
2678 3734 2865 3802 sobrii,
2914 3736 3009 3791 sed
3062 3746 3117 3792 et
3170 3755 3415 3809 magnam
3453 3742 3684 3799 all‘ernnt

2100 3822 2544 3889 consolationem,
2566 3826 2690 3881 dum
2713 3830 3073 3898 comprimunt
3093 3834 3337 3888 insanum
3364 3846 3565 3890 natura:
3585 3840 3684 3890 im.

2100 3922 2301 3982 petum,
2347 3930 2445 3970 nec
2474 3918 2672 3973 turbari
2713 3922 2865 3990 quasi
2897 3936 3044 3977 mare
3067 3925 3271 3992 sinunt,
3312 3927 3405 3981 sed
3440 3930 3683 3985 efﬁciunt

2102 4014 2160 4058 nt
2186 4006 2380 4076 scapha
2409 4008 2638 4064 feliciter
2662 4013 2715 4065 in
2756 4022 2964 4081 portum
3007 4016 3261 4085 appellat,
3289 4018 3408 4073 ideo
3435 4022 3681 4075 consola-

2102 4097 2296 4151 tionem
2332 4100 2467 4154 hanc
2501 4100 2734 4157 humano
2757 4105 2940 4173 generi
2991 4108 3191 4161 tribuit.
3217 4110 3369 4175 Quod
3398 4126 3555 4180 quam
3583 4129 3679 4167 νυ-

2100 4204 2218 4241 rum
2252 4190 2340 4256 sit,
2378 4193 2614 4247 ostendit
2650 4193 2825 4263 justus
2853 4196 2960 4250 ille.
3003 4198 3135 4264 Quia
3160 4212 3459 4271 postquam,
3489 4205 3680 4274 inquit.

2099 4287 2283 4353 genuit
2327 4286 2617 4343 Mathusala
2639 4331 2653 4355 ,
2686 4290 2882 4359 placuit
2907 4292 3016 4346 Deo
3045 4293 3258 4359 Enoch,
3307 4311 3478 4367 netpie
3517 4313 3680 4367 parvo

2098 4391 2359 4431 mulorum
2390 4395 2613 4435 numero
2638 4382 2690 4435 in
2720 4383 2971 4438 virtutum
3013 4386 3269 4442 exercitio
3297 4393 3673 4456 perseveravit.

2097 4467 2191 4522 sed
2208 4469 2360 4536 vixit,
2384 4471 2567 4539 inquit,
2587 4473 2741 4527 annis
2760 4472 3090 4531 ducentis.Et
3110 4478 3229 4547 quia
3250 4489 3367 4547 post
3388 4489 3683 4551 transgres-

2099 4562 2304 4616 sionem
2332 4562 2463 4617 Adze
2494 4564 2739 4619 inventus
2772 4574 2855 4621 est
2900 4570 3058 4623 homo
3090 4572 3177 4638 qui
3203 4570 3268 4623 ad
3298 4574 3546 4626 virtutum
3566 4575 3686 4628 cnl-

2099 4668 2220 4708 men
2238 4655 2566 4719 ascenderet,
2585 4665 2639 4710 et
2659 4659 2814 4726 primi
2830 4661 3065 4727 parentis
3090 4672 3361 4730 peccatum
3382 4678 3679 4731 revocaret,

2098 4743 2168 4798 ob
2211 4760 2327 4799 eam
2356 4761 2512 4814 quam
2540 4748 2678 4816 apud
2711 4748 2876 4803 Deum
2906 4749 3133 4805 habebat
3157 4754 3403 4822 gratiam,
3437 4755 3556 4809 vide
3577 4757 3678 4811 bo-

2100 4837 2151 4889 ni
2204 4836 2293 4890 Dei
2333 4839 2683 4894 excellentem
2726 4840 3084 4897 clementiam.
3117 4842 3247 4897 Nam
3302 4846 3421 4914 quia
3482 4846 3683 4901 invenit

2098 4929 2326 4997 aliquem
2370 4930 2457 4999 qni
2487 4932 2659 4999 potuit
2708 4943 2978 5000 peccatum
3028 4934 3155 4987 Adae
3184 4950 3436 4990 revocare
3472 4953 3485 4988 :
3520 4953 3679 4992 mon-

2099 5018 2316 5071 strando
2351 5034 2408 5073 re
2438 5020 2546 5089 ipsa
2575 5023 2696 5090 quia
2723 5038 2828 5076 non
2853 5023 3038 5077 volens
3066 5035 3290 5080 mortem
3332 5026 3562 5079 humano
3590 5042 3687 5096 ge-

2098 5111 2212 5164 neri
2246 5110 2438 5164 inl'erre
2463 5123 2682 5181 propter
2729 5115 2960 5168 mandati
3005 5117 3515 5185 transgressionem,
3554 5133 3679 5171 eum

2096 5203 2185 5272 qui
2209 5204 2511 5258 mandatum
2539 5216 2816 5275 acceperat
2841 5207 3293 5271 condemnaverit,
3323 5209 3465 5265 hunc
3491 5210 3686 5266 viven-

2100 5305 2204 5349 tem
2250 5297 2523 5352 transl'ert.
2556 5297 2626 5351 Et
2662 5298 2887 5369 placuit,
2918 5301 3106 5370 inquit,
3138 5301 3314 5355 Enoch
3336 5301 3445 5357 Deo
3465 5345 3479 5370 ,
3510 5314 3560 5357 et
3579 5321 3685 5359 non

2094 5387 2324 5441 inventus
2362 5399 2454 5455 est,
2485 5407 2543 5443 eo
2582 5390 2719 5459 quod
2745 5394 2999 5446 transtulit
3033 5393 3179 5447 illum
3204 5394 3361 5449 Deus.
3403 5395 3563 5450 Vides
3591 5412 3686 5451 sa-

2097 5478 2347 5545 pientiam
2366 5480 2613 5535 Domini?
2636 5483 2904 5538 Viventem
2927 5486 3214 5553 transtulit,
3242 5502 3346 5541 non
3365 5488 3685 5543 immortali-

2096 5580 2259 5624 tatem
2299 5572 2517 5641 largitus
2547 5582 2662 5641 est,
2714 5592 2781 5630 ne
2828 5577 3079 5647 peccandi
3127 5588 3327 5633 metum
3377 5591 3681 5645 enervaret,

2094 5663 2186 5717 sed
2215 5664 2456 5720 timorem
2474 5667 2525 5720 in
2546 5666 2775 5723 humano
2791 5685 2985 5740 genere
3005 5671 3267 5742 vigentem
3297 5672 3532 5745 reliquit.
3551 5672 3684 5727 Pro-

2095 5766 2212 5825 pter
2240 5754 2342 5812 hoc
2389 5758 2579 5813 iterum
2624 5760 2868 5828 obscure,
2903 5770 2959 5817 ut
2999 5762 3069 5817 ita
3109 5761 3312 5832 dicam,
3357 5772 3411 5819 et
3456 5761 3683 5820 latenter
