4038 6394
155 330 256 384 179

157 442 535 515 προσηγορίας
565 423 662 494 τοῦ
693 441 785 494 ὑπ’
825 439 991 494 αὐτοῦ
1017 440 1298 510 τεχθέντος
1325 440 1612 494 δεικνύντα
1652 443 1714 496 :0
1746 460 1832 513 φι-

155 531 340 584 λόθεον
371 529 538 584 αὑτοῦ
561 530 662 600 τῆς
687 527 936 600 γνώμης.
965 529 1074 582 Καὶ
1103 529 1182 593 τῷ
1213 529 1356 596 Σήθ.
1389 531 1572 600 φησὶν,
1597 529 1837 598 ἐγένετο

155 619 306 684 υίὸς,
347 619 448 671 καί
481 617 842 686 ἐπωνόμασε
873 616 940 670 τὸ
973 615 1160 684 ὄνομα
1190 616 1376 670 αὑτοῦ
1415 615 1616 682 Ἐνώς.
1650 613 1838 684 Οὗτος

157 707 428 774 ᾕλπισεν
475 704 898 758 ἐπικαλεῖσθαι
939 705 1004 758 τὸ
1051 703 1238 772 ὄνομα
1269 704 1490 771 Κυρίου
1523 705 1634 758 τοῦ
1667 704 1834 758 Θεοῦ.

157 790 306 856 Εἶδες
337 793 722 864 προσηγορίαν
741 791 892 862 διαδή
902 807 1071 862 ματος
1091 791 1498 862 λαμπροτέραν,
1523 791 1652 846 ἀλου
1661 792 1838 862 ργίδος

157 881 560 952 φαιδροτέραν;
599 879 666 932 Τί
695 879 804 950 γὰρ
833 877 902 932 ἂν
931 879 1018 948 εῖη
1045 877 1512 948 μακαριστότερον
1541 878 1636 932 τοῦ
1664 878 1838 931 τοιού-

156 987 245 1022 του
285 970 386 1022 τοῦ
431 971 504 1039 τῇ
548 967 835 1038 ἐπικλήσει
877 965 974 1020 τοῦ
1013 965 1150 1019 Θεοῦ
1200 965 1708 1038 καλλωπιζομένου,
1743 967 1838 1020 καὶ

157 1059 312 1112 τοῦτο
341 1058 468 1112 ἀντὶ
492 1056 758 1126 ὀνόματος
788 1071 958 1124 κεκτη
967 1053 1166 1122 μένου;

233 1149 406 1220 Ὁρᾷς
444 1147 588 1212 πῶς,
613 1147 748 1208 ὅπερ
779 1144 841 1209 ἐξ
874 1145 1048 1216 ἀρχῆς
1079 1143 1284 1211 ἔλεγον,
1317 1142 1410 1196 καὶ
1441 1143 1498 1196 ἐν
1529 1143 1720 1206 αὑταῖς
1746 1141 1836 1214 ψι-

153 1233 272 1296 λαῖς
309 1239 436 1298 ταῖς
463 1233 861 1304 προσηγορίαις
886 1231 1054 1293 πολὺς
1073 1229 1426 1284 ἐναπόκειται
1457 1229 1686 1294 πλοῦτος
1711 1247 1835 1302 νοη-

163 1323 346 1392 μάτων
371 1339 389 1386 ;
421 1322 500 1374 Οὐ
537 1321 698 1388 μόνον
717 1319 826 1389 γὰρ
847 1315 956 1370 τῶν
981 1317 1184 1386 γονέων
1209 1315 1457 1370 ἐντεῦθεν
1483 1315 1754 1370 δείκνυται
1776 1315 1836 1368 :0

159 1407 425 1476 φιλόθεον·
449 1406 586 1460 ἀλλά
607 1407 702 1460 καὶ
725 1407 758 1476 ή
791 1403 960 1476 πολλή
982 1405 1115 1476 περὶ
1141 1405 1268 1466 τοὺς
1291 1403 1486 1465 παῖδας
1509 1401 1688 1455 αὐτῶν
1717 1403 1836 1456 ἐπι-

163 1495 384 1564 μέλεια·
423 1496 522 1546 καὶ
569 1493 718 1556 ὅπως
749 1493 956 1546 ἀνωθεν
989 1493 1084 1546 καὶ
1131 1491 1189 1558 ἐξ
1235 1491 1408 1562 ἀρχῆς
1445 1491 1728 1544 ἐπαίδευον
1765 1491 1834 1545 τὰ

159 1583 456 1652 τικτόμενα
487 1581 677 1634 παιδία
705 1579 796 1634 διὰ
821 1579 922 1650 τῆς
956 1579 1350 1651 προσηγορίας,
1389 1579 1456 1649 ἦν
1492 1577 1676 1641 αὐτοῖς
1702 1580 1832 1631 ἐπε-

157 1669 396 1730 τίθεσαν,
433 1667 536 1736 τῆς
565 1667 768 1738 ἀρετῆς
791 1665 1112 1736 ἀντέχεσθαι
1136 1705 1152 1730 ,
1177 1666 1269 1719 καὶ
1303 1665 1364 1717 οὐ
1387 1665 1636 1736 καθάπερ
1663 1667 1712 1717 οί
1740 1665 1834 1719 νῦν

161 1756 342 1819 ἁπλῶς
375 1756 468 1808 καὶ
499 1754 574 1816 ώς
605 1753 762 1822 ἔτυχε
784 1752 882 1816 τὰς
915 1751 1288 1823 προσηγορίας
1313 1749 1612 1805 ποιοῦνται.
1647 1751 1742 1813 Εἰς
1773 1751 1834 1804 :0

157 1843 348 1913 ὄνομα,
380 1843 534 1914 φησὶ,
557 1840 652 1894 τοῦ
685 1839 937 1904 πάππου,
971 1841 1066 1894 καὶ
1093 1839 1190 1892 τοῦ
1221 1840 1538 1893 ἐπιπάππου
1567 1837 1834 1892 καλείσθω

159 1933 216 1984 :0
253 1933 510 1984 παιδίον·
555 1929 672 1984 ἀλλ’
713 1931 762 1982 οί
808 1929 1034 1982 παλαιοὶ
1076 1929 1176 2000 οὐχ
1219 1928 1428 1994 οὕτως,
1478 1927 1614 1982 ἀλλά
1652 1930 1833 1982 πᾶσαν

163 2022 396 2091 σπουδὴν
423 2018 702 2072 ἐποιοῦντο
729 2016 982 2080 τοιαύτας
1008 2017 1380 2088 προσηγορίας
1401 2015 1701 2070 ἐπιτιθέναι
1719 2021 1833 2080 τοῖς

159 2109 518 2178 τικτομένοις,
553 2107 612 2158 αἳ
647 2104 723 2176 μή
763 2105 924 2175 μόνον
957 2104 1156 2166 αὐτοὺς
1182 2105 1310 2166 τοὺς
1335 2103 1436 2174 τὴν
1459 2104 1832 2176 προσηγορίαν

159 2200 478 2269 δεχομένους
516 2198 595 2258 είς
641 2195 846 2266 ἀρετὴν
891 2195 1108 2264 ἐνῆγον,
1165 2193 1304 2246 ἀλλά
1350 2193 1446 2246 καὶ
1493 2196 1606 2256 τοῖς
1653 2193 1833 2257 ἄλλοις

161 2287 328 2339 ἅπασι
357 2286 448 2338 καὶ
488 2286 612 2346 ταῖς
653 2283 794 2352 μετά
822 2281 1000 2336 ταῦτα
1021 2283 1238 2350 γενεαῖς
1263 2279 1581 2333 διδασκαλία
1621 2280 1834 2350 φιλοσο-

161 2375 286 2444 φίας
319 2375 538 2442 ἁπάσης
559 2369 819 2438 ἐγίνοντο.
845 2369 957 2422 Καὶ
983 2368 1140 2421 τοῦτο
1169 2367 1422 2438 εἰσόμεθα
1458 2368 1598 2420 κατὰ
1640 2367 1833 2438 μικρὸν

161 2461 444 2532 προϊόντος
465 2457 562 2512 τοῦ
586 2457 770 2525 λόγου.
799 2456 891 2526 Μή
930 2455 1112 2508 τοίνυν
1145 2455 1280 2527 μηδὲ
1307 2458 1472 2525 ἡμεῖς
1501 2453 1604 2517 τὰς
1639 2453 1834 2524 τυχού·

163 2567 258 2612 σας
305 2546 688 2620 προσηγορίας
739 2543 1078 2614 ἐπιτιθῶμεν
1105 2556 1132 2584 α
1159 2545 1272 2606 τοῖς
1309 2543 1517 2606 παισὶν,
1566 2543 1698 2613 μηδὲ
1727 2541 1834 2596 τῶν

161 2641 422 2701 πάππων,
453 2635 546 2688 καὶ
576 2635 686 2686 τῶν
711 2633 1072 2696 ἐπιπάππων,
1111 2632 1208 2684 καὶ
1227 2631 1336 2684 τῶν
1370 2630 1504 2703 πρὸς
1536 2631 1689 2698 γένος
1725 2629 1836 2682 δια-

161 2727 432 2796 φερόντων
469 2723 570 2784 τὰς
596 2721 894 2793 ὀνομασίας
953 2721 1134 2784 αὐτοῖς
1166 2717 1540 2790 χαριζώμεθα,
1567 2717 1700 2772 άλλά
1726 2717 1834 2772 τῶν

161 2813 330 2880 ἁγίων
377 2809 588 2880 ἀνδρῶν
617 2809 728 2862 τῶν
775 2809 944 2881 ἀρετῇ
986 2807 1428 2877 διαλαμψάντων,
1477 2806 1584 2858 τῶν
1633 2805 1834 2875 πολλὴν

163 2899 473 2971 παρρησίαν
517 2897 654 2968 πρὸς
683 2897 776 2950 τὸν
817 2895 950 2948 Θεὸν
978 2895 1320 2964 ἐσχηκότων·
1364 2893 1564 2964 μᾶλλον
1610 2892 1668 2946 δὲ
1699 2890 1834 2962 μηδέ

163 2993 278 3051 ταῖς
307 2987 514 3040 τούτων
556 2981 948 3056 προσηγορίαις
979 2981 1164 3044 ἁπλῶς
1191 2981 1567 3052 θαρῤείτωσαν
1612 2981 1752 3052 μήτε
1783 2980 1834 3032 οἱ

163 3077 363 3146 γονεῖς,
399 3073 538 3144 μήτε
578 3073 626 3124 οί
659 3070 850 3132 παῖδες
871 3111 885 3132 ,
920 3070 967 3122 οἱ
1001 3069 1101 3132 τὰς
1135 3069 1508 3140 προσηγορίας
1533 3067 1832 3138 δεχόμενοι.

165 3167 298 3221 Οὐδὲ
341 3166 450 3236 γὰρ
483 3161 692 3234 ὀνίνησί
743 3180 795 3214 τι
830 3159 1172 3232 προσηγορία
1207 3161 1406 3230 ἀρετῆς
1441 3159 1646 3232 ἔρημος
1675 3155 1828 3226 οὖσα,

163 3255 294 3310 ἀλλά
340 3253 420 3306 δεῖ
449 3254 506 3304 ἐν
535 3255 604 3322 τῇ
635 3248 968 3322 κατορθώσει
1005 3250 1104 3320 τῆς
1134 3249 1332 3319 ἀρετῆς
1363 3247 1460 3312 τὰς
1494 3248 1714 3312 ἐλπίδας
1735 3250 1834 3320 τῆς

165 3341 434 3412 σωτηρίας
458 3339 624 3410 ἔχειν,
655 3337 750 3391 καὶ
780 3338 916 3408 μήτε
953 3336 1048 3389 ἐπὶ
1077 3335 1420 3408 προσηγορίᾳ
1444 3335 1587 3406 μέγα
1618 3340 1833 3408 φρονεῖν

165 3431 300 3500 μήτε
325 3430 414 3481 ἐπὶ
441 3423 851 3497 συγγενείᾳτῶν
866 3424 1038 3492 ἁγίων
1052 3421 1283 3494 ἀνδρῶν,
1308 3423 1442 3494 μήτε
1466 3423 1551 3477 ἐπ’
1567 3423 1712 3494 ἄλλῳ
1729 3443 1833 3497 μη-

163 3516 268 3570 δενὶ
285 3515 400 3568 ἀλλ’
420 3514 516 3566 ἐπὶ
531 3517 598 3584 τῇ
613 3511 722 3566 τῶν
744 3512 962 3565 οἰκείων
987 3511 1163 3581 ἔργων
1187 3527 1260 3563 πα
1267 3511 1370 3582 ρῤη
1379 3511 1470 3582 σία
1485 3527 1499 3542 ·
1524 3511 1676 3584 [186]
1695 3512 1833 3582 μᾶλ-

163 3603 250 3657 λον
268 3605 326 3656 δὲ
359 3599 498 3674 μηδὲ
519 3602 611 3653 ἐπὶ
630 3600 805 3674 ταύτῃ
829 3599 970 3670 μέγα
989 3601 1226 3670 φρονεῖν,
1245 3599 1380 3652 ἀλλά
1392 3599 1512 3652 τότε
1529 3599 1727 3669 μᾶλλον
1744 3617 1837 3654 κα-

165 3689 450 3744 τεπάλθαι
467 3689 562 3742 καὶ
580 3687 910 3759 μετριάζειν,
929 3688 1057 3740 ὅταν
1069 3686 1237 3740 πολὺν
1249 3687 1340 3740 τὸν
1361 3687 1586 3740 πλοῦτον
1601 3687 1695 3759 τῆς
1711 3688 1836 3760 ἀρε-

165 3779 258 3846 τῆς
271 3767 596 3844 συναγαγεῖν
612 3773 946 3846 δυνηθῶμεν·
959 3774 1102 3827 οὕτω
1117 3773 1224 3845 γὰρ
1242 3775 1335 3828 καὶ
1348 3775 1501 3828 αὐτοὶ
1514 3775 1649 3845 μετά
1663 3777 1836 3845 ἀσφα-

166 3863 308 3926 λείας
333 3865 428 3917 τον
451 3863 780 3931 συλλεγέντα
807 3861 1036 3916 πλοῦτον
1071 3863 1394 3932 συνάξομεν,
1423 3863 1517 3916 καὶ
1554 3863 1654 3934 τὴν
1685 3865 1836 3935 παρά

166 3951 256 4004 τοῦ
302 3950 442 4004 Θεοῦ
463 3949 680 4003 εὖνοιαν
709 3950 1126 4020 ἐπισπασόμεθα
1158 3951 1211 4006 ι’.
1237 3951 1334 4004 Διά
1364 3951 1473 4022 γάρ
1501 3951 1659 4004 τοῦτο
1687 3952 1781 4005 καὶ
1807 3953 1836 4004 ὁ

167 4038 402 4108 Χριστὸς
433 4037 588 4106 ἔλεγε
611 4039 726 4101 τοῖς
757 4037 1045 4108 μαθηταῖς,
1079 4038 1268 4092 ’Ὅταν
1290 4037 1488 4090 πάντα
1513 4037 1798 4104 ποιήσετε
1817 4078 1833 4100 ,

167 4125 368 4192 λέγετε
387 4167 404 4190 ,
450 4124 542 4177 ὅτι
577 4123 804 4193 ἀχρεῖοι
842 4124 1056 4178 δοῦλοί
1091 4125 1280 4194 ἐσμεν
1305 4141 1318 4154 ·
1351 4123 1628 4194 πανταχοῦ
1673 4141 1835 4178 καταο

171 4213 400 4266 στέλλων
425 4212 608 4265 αὐτῶν
637 4213 705 4266 τὰ
743 4214 1088 4284 φρονήματα,
1125 4213 1218 4265 καὶ
1255 4211 1458 4265 πείθων
1485 4212 1584 4282 μὲν
1621 4227 1838 4284 μετριο-

171 4305 408 4371 φρονεῖν.
459 4299 555 4354 καὶ
607 4299 686 4370 μὴ
729 4299 1050 4370 ἐπαίρεσθαι
1097 4300 1188 4351 ἐπὶ
1239 4295 1678 4368 κατορθώμασιν,
1721 4296 1838 4349 ἀλλ’

169 4389 368 4442 εἰδέναι
404 4387 482 4451 ὥς
521 4389 556 4458 ή
591 4385 820 4457 μεγίστη
852 4387 1023 4457 ἀρετὴ
1053 4385 1192 4456 αὕτη
1221 4385 1456 4456 μάλιστα
1486 4384 1703 4437 πάντων
1723 4384 1838 4436 ἐστὶ

169 4477 228 4528 :0
253 4479 312 4530 ἐν
339 4474 772 4546 κατορθώμασιν
801 4473 932 4527 ὄντα
962 4473 1084 4527 τινὰ
1110 4471 1445 4543 μετριάζειν.

237 4563 300 4618 δ’.
329 4562 472 4616 Ἀλλ’
485 4563 580 4614 ἐπὶ
603 4561 700 4632 τήν
720 4561 1044 4614 ἀκολουθίαν
1063 4561 1224 4614 πάλιν
1246 4559 1627 4628 ἐπανέλθωμεν
1643 4559 1735 4612 τοῦ
1755 4558 1842 4612 λό-

171 4667 288 4718 γου,
333 4651 432 4704 καὶ
469 4649 668 4720 ἱδωμεν
704 4649 833 4712 τοὺς
871 4647 998 4720 ἑξῆς
1026 4647 1340 4718 τεχθέντας.
1373 4647 1532 4710 Εἰκὸς
1555 4639 1665 4717 γάρ
1701 4645 1842 4700 κατά

173 4739 364 4809 μικῴν
401 4737 694 4807 προῖόντας
729 4735 950 4806 μείζονα
977 4735 1252 4807 θησαυρὸν
1295 4735 1503 4805 εὑρεῖν,
1544 4735 1638 4788 καὶ
1675 4735 1841 4787 πολὺν

173 4826 264 4878 καὶ
299 4825 508 4894 ἄφατον
552 4823 803 4878 πλοῦτον.
833 4825 943 4877 Καὶ
975 4824 1171 4890 ἔζησε,
1205 4823 1392 4893 φησὶν,
1440 4822 1638 4887 Ένὼς,
1666 4817 1842 4886 οὗτος

173 4915 204 4966 ὁ
223 4914 329 4966 τοῦ
349 4916 476 4978 Σὴθ
497 4911 647 4978 υίὸς,
670 4911 773 4980 ἔτη
795 4911 1010 4964 ἑκατὸν
1022 4909 1404 4975 ἐνενήκοντα,
1429 4909 1525 4962 καὶ
1551 4910 1843 4978 ἐγέννησε

175 4999 280 5052 τὸν
323 4998 576 5062 Καΐνᾱν,
627 4997 728 5051 καί
777 4995 1004 5051 Καῖνιῖν
1027 4995 1317 5066 ἐγέννησε
1349 4994 1456 5048 τὸν
1499 4991 1840 5060 Μαλελεήλ,

172 5087 266 5140 καὶ
291 5085 616 5153 Μαλελεήλ
643 5083 936 5154 ἐγέννησε
957 5083 1066 5136 τὸν
1109 5080 1322 5149 ’Ῑαρὲδ,
1353 5079 1450 5132 καὶ
1487 5079 1665 5147 Ἰιιρὲδ
1682 5079 1845 5148 ἐγέν-

171 5190 322 5239 νησε
354 5171 460 5225 τὸν
495 5171 696 5241 Ἑνώχ.
729 5171 838 5225 Καὶ
864 5169 1078 5238 ἔζησεν
1117 5167 1305 5236 Ἑνὼχ
1331 5167 1436 5236 ἐτη
1467 5165 1682 5220 ἑκατὸν
1709 5165 1848 5231 ἐξή-

171 5277 356 5313 κοντα
389 5259 588 5320 πέντε,
616 5259 715 5312 καὶ
746 5257 1036 5327 ἐγέννησε
1053 5257 1160 5308 τὸν
1195 5251 1585 5309 Μαθουσὰλα.
1621 5251 1846 5320 Εὐηρέ-

171 5365 365 5416 στησε
390 5349 458 5402 δὲ
485 5389 500 5414 ,
549 5350 702 5419 φησὶ,
745 5347 827 5414 τῷ
869 5345 990 5412 Θεῷ
1030 5345 1241 5414 Ἑνὼχ,
1273 5343 1372 5398 καί
1405 5341 1617 5410 ἔζησεν
1658 5341 1847 5411 Ἑνὼχ

169 5436 316 5506 μετὰ
350 5436 416 5489 τὸ
441 5435 735 5506 γεννῆσαι
772 5435 960 5489 αὐτὸν
993 5434 1100 5487 τὸν
1132 5429 1505 5486 Μαθουσάλα
1529 5430 1634 5498 ἐτη
1659 5429 1850 5483 διακό-

173 5541 298 5588 σια,
343 5525 442 5576 καὶ
491 5523 823 5592 ἐγέννησεν
849 5521 1020 5588 υιοὺς
1049 5521 1148 5574 καὶ
1199 5517 1526 5588 θυγατέρας
1548 5557 1563 5578 .
1599 5515 1697 5570 καί
1727 5515 1850 5586 ἑτέ-

174 5628 352 5664 νοντο
366 5613 425 5663 αἱ
447 5611 658 5678 ἡμέραι
687 5609 874 5678 Ἑνὼχ
887 5607 990 5675 ἔτη
1015 5607 1323 5674 τριακόσια
1335 5604 1404 5670 ἐξ
1407 5601 1632 5671 ἥκοντα
1650 5599 1846 5655 πέντε.

175 5698 284 5752 Καὶ
308 5699 726 5764 εἰεηρέστησεν
765 5695 948 5763 Ἑνὼχ
977 5695 1058 5759 τῷ
1085 5691 1228 5758 Θεῷ,
1261 5693 1360 5746 καὶ
1385 5694 1498 5758 οὐχ
1519 5690 1850 5759 εὑρίσκετο,

175 5785 320 5840 διότι
351 5785 682 5855 μετέθηκεν
711 5785 900 5840 αὑτὸν
935 5786 968 5838 ὀ
1003 5784 1168 5849 Θεός.
1205 5783 1280 5836 Οὐ
1311 5780 1492 5845 καλῶς
1523 5779 1730 5850 ἔλεγον,
1764 5779 1847 5836 ὃτι

241 5885 269 5946 ξ’
293 5887 502 5946 Septem
525 5899 642 5936 mss.
671 5886 952 5945 ἐπιτίθεμεν,
976 5884 1124 5946 male.

242 5945 272 5988 δ
303 5945 404 6000 Alii
453 5949 789 6012 συνάξωμεν...
831 5945 1222 6008 ἐπισπασώμεθα.

1205 325 1276 382 ΙΝ
1311 325 1464 384 CAP.
1505 329 1548 384 ν
1585 323 1676 382 ΕΤ
1709 321 1796 380 Ἦ.
1853 321 2096 378 GENES.
2142 317 2564 378 HOMIL.‘XKI.

3505 329 3608 386 180

1947 443 2230 515 προϊόντες
2263 443 2432 498 πολὺν
2465 443 2558 498 καὶ
2595 443 2802 514 ἄφατον
2845 444 3150 514 εὑρήσομεν
3175 445 3402 500 πλοῦτον
3439 462 3610 500 πνευ-

1946 542 2178 612 ματικὸν
2206 544 2264 595 ἐν
2284 541 2494 608 τούτοις
2522 545 2817 616 ὁνόμασιν;
2863 546 3062 599 Ἐννόει
3091 546 3200 616 γάρ
3231 563 3322 618 μοι
3353 545 3610 608 ἐνταῦθα,

1943 641 2197 710 άγαπητέ
2219 680 2234 706 ,
2269 643 2364 694 καὶ¹
2397 643 2492 695 τοῦ
2525 643 2734 696 δικαίου
2777 645 2876 715 τὴν
2911 647 3133 715 ἀρετὴν,
3163 645 3378 700 καὶτοῦ
3401 645 3610 714 ἀγαθοῦ

1943 735 2077 790 Θεοῦ
2115 737 2215 809 τὴν
2247 738 2692 810 ὑπερϐάλλουσαν
2718 741 3149 811 φιλανθρωπίαν,
3187 741 3282 795 καὶ
3329 741 3430 812 τῆς
3457 740 3610 804 θείας

1944 831 1984 884 Γ
1987 833 2164 904 ραφῆς
2187 835 2286 906 τήν
2316 835 2620 907 ἀκρίϐειαν.
2647 837 2882 905 Ἔζῆσε,
2913 839 3098 908 φησιν,
3137 837 3328 906 Ἑνὼχ
3355 837 3458 905 ἔτη
3484 837 3612 890 ἐκα-

1943 931 2050 985 τὸν
2076 931 2374 998 ἐξήκοντα
2407 935 2608 998 πέντε.
2635 937 2732 991 καὶ
2759 937 3050 1008 ἐγέννησε
3087 937 3196 991 τὸν
3213 935 3606 999 Μαθουσάλα,

1943 1029 2044 1084 καὶ
2067 1032 2458 1101 εὐηρέστησε,
2489 1035 2673 1106 φησὶν,
2717 1034 2898 1102 Ἑνὼχ
2935 1031 3016 1100 τῷ
3057 1031 3180 1100 Θεῷ
3205 1037 3358 1104 μετὰ
3394 1035 3458 1087 τὸ
3486 1051 3612 1104 γεν-

1942 1125 2128 1192 νῆσαι
2149 1129 2335 1182 αὐτὸν
2351 1130 2458 1182 τὸν
2487 1129 2878 1186 Μαθουσάλα.

2027 1221 2394 1278 Ἀκουέτωσαν
2421 1225 2514 1279 καὶ
2562 1225 2753 1298 ἄνδρες
2781 1226 2876 1280 καὶ
2908 1228 3186 1294 γυναῖκες,
3221 1224 3314 1278 καὶ
3359 1222 3609 1277 παιδευέ-

1945 1316 2158 1372 σοωσαν
2183 1321 2278 1374 τοῦ
2304 1321 2511 1374 δικαίου
2531 1319 2628 1391 τὴν
2651 1319 2871 1392 ἀρετήν,
2899 1321 2993 1374 καὶ
3021 1319 3096 1392 μή
3123 1318 3494 1390 νομιζέτωσαν
3522 1317 3610 1370 τον

1943 1412 2118 1483 γάμον
2148 1413 2378 1484 κώλυμα
2399 1408 2540 1466 εἶναι
2570 1413 2706 1486 πρὸς
2856 1413 3215 1484 εὐαρέστησιν
3237 1413 3334 1484 τὴν
3365 1412 3502 1484 πρὸς
3516 1410 3609 1464 τὸν

1941 1506 2092 1561 Θεόν.
2119 1510 2222 1566 Διὰ
2245 1510 2352 1581 γὰρ
2372 1510 2528 1563 τοῦτο
2553 1509 2648 1563 καὶ
2669 1509 2814 1576 ἆπαξ
2835 1511 2929 1564 καὶ
2957 1510 3205 1582 δεύτερον
3227 1511 3612 1579 ἐπεσημήνατο

1941 1605 2175 1676 λέγουσα
2209 1609 2242 1680 ή
2303 1607 2424 1662 θεία
2459 1608 2672 1679 Γραφὴ,
2703 1607 2785 1661 δτι
2822 1607 3080 1678 ἐγέννησε
3119 1607 3216 1662 τὸν,
3255 1605 3605 1668 Μαθουσάλα,

1943 1703 2038 1757 καὶ
2063 1704 2186 1758 τότε
2207 1704 2562 1776 εύηρέστησε,
2591 1706 2686 1759 καὶ
2711 1704 2872 1758 πάλιν
2901 1705 2960 1758 τὸ
2986 1705 3117 1758 αὐτὸ
3149 1703 3497 1758 ἐδιπλασίασε
3521 1703 3610 1756 λέ-

1941 1817 2133 1869 γουσα,
2158 1801 2266 1856 Καὶ
2303 1799 2677 1870 ὠηρέστησε
2693 1799 2846 1870 μετὰ
2873 1801 2940 1855 τὸ
2974 1799 3266 1871 γεννῆσαι
3293 1801 3500 1863 αὑτὸν,
3523 1797 3614 1852 ἵνα

1945 1899 2018 1970 μή
2055 1915 2140 1961 τις
2169 1897 2366 1972 νομίσῃ
2389 1897 2776 1969 ἐμποδίζεσθαι
2810 1899 2946 1971 πρὸς
2981 1897 3080 1970 τὴν
3105 1899 3306 1970 ταύτης
3331 1899 3610 1970 κατόρθω-

1942 2009 2048 2046 σιν.
2079 1991 2204 2047 Ἐὰν
2226 1993 2336 2061 γὰρ
2355 1994 2636 2066 νήφωμεν,
2649 1993 2774 2048 οὔτε
2799 1995 2996 2067 γάμος,
3023 1995 3146 2050 οὔτε
3166 1995 3464 2068 ἀνατροφή,
3485 1995 3610 2050 οὔτε

1941 2089 2126 2160 ἔτερόν
2151 2107 2204 2142 τι
2232 2090 2524 2159 ἐμποδίσαι
2551 2091 2684 2162 ήμίν
2709 2091 2998 2163 δυνήσεται
3026 2095 3106 2156 εἰς
3127 2090 3226 2166 τὴν
3253 2093 3619 2165 εὐαρέστησιν

1939 2186 2040 2257 τὴν
2055 2187 2192 2257 πρὸς
2215 2186 2307 2239 τὸν
2329 2187 2482 2241 Θεόν.
2529 2186 2660 2240 Ἰδοὺ
2691 2187 2802 2258 γὰρ
2827 2189 2922 2242 καὶ
2967 2180 3124 2254 οὗτος
3147 2190 3246 2261 τῆς
3281 2189 3453 2262 αὐτῆς
3481 2191 3616 2262 ἡμῖν

1941 2281 2157 2351 φύσεως
2189 2282 2493 2352 τυγχάνων,
2521 2285 2616 2338 καὶ
2653 2283 2778 2338 οὔτε
2807 2285 2970 2357 νόμου
2999 2285 3240 2350 δοθέντος
3267 2325 3284 2350 ,
3314 2283 3438 2338 οὔτε
3472 2287 3614 2357 Γρα-

1943 2379 2060 2448 φῶν
2089 2379 2357 2448 κειμένων
2387 2379 2498 2435 τῶν
2525 2381 2929 2446 διδασκουσῶν,
2965 2381 3088 2436 οὔτε
3131 2382 3316 2454 ἐτέρου
3345 2383 3491 2446 τινὸς
3530 2385 3617 2446 τίς

1943 2476 2260 2545 φιλοσοφίαν
2285 2475 2588 2544 ἐνάγοντος,
2617 2476 2828 2532 οίκοθεν
2859 2478 2952 2532 καὶ
2966 2479 3076 2533 ἀπὸ
3091 2479 3464 2552 προαιρέσεως
3487 2497 3612 2534 τοσ-

1943 2572 2113 2642 αύτην
2143 2571 2456 2637 ἐπεδείξατο
2483 2571 2582 2644 τήν
2611 2573 2992 2644 εὐαρέστησιν,
3023 2575 3100 2638 ὡς
3130 2575 3292 2646 μέχρι
3315 2576 3414 2646 τῆς
3443 2579 3614 2648 σήμε-

1945 2687 2037 2740 ρον
2088 2669 2413 2742 διαρκέσαι,
2465 2669 2560 2723 καὶ
2595 2669 2822 2741 μηδέπω
2858 2671 2951 2724 καὶ
2996 2669 3093 2724 νῦν
3135 2673 3332 2742 πεῖραν
3379 2671 3613 2727 θανάτου

1941 2762 2145 2816 λαϐεῖν.
2184 2763 2246 2816 Εἰ
2303 2763 2412 2834 γὰρ
2443 2765 2472 2816 ὁ
2499 2763 2696 2833 γάμος,
2747 2762 3020 2834 ἁγαπητέ,
3065 2763 3160 2817 καὶ⁵
3190 2763 3224 2834 ή
3255 2763 3614 2836 παιδοτροφία

1943 2856 2171 2928 κώλυμα
2201 2857 2399 2928 ήμελλε
2421 2857 2665 2927 γίνεσθαι
2688 2857 2824 2928 πρὸς
2850 2858 2949 2930 τήν
2977 2859 3075 2930 τῆς
3099 2859 3300 2930 ἀρετῆς
3335 2859 3474 2922 ὁδὸν,
3513 2859 3614 2914 οὐκ

1943 2955 2226 3026 εἰσήνεγκε
2265 2955 2441 3025 γάμον
2467 2955 2546 3018 είς
2573 2953 2665 3007 τὸν
2697 2953 2810 3024 βίον
2847 2954 2939 3006 τὸν
2989 2954 3257 3026 ἡμέτερον
3284 2956 3312 3008 ὁ
3346 2955 3453 3008 τῶν
3478 2955 3616 3008 ὅλων

1941 3051 2290 3124 δημιουργὸς,
2327 3051 2415 3104 ἵνα
2449 3049 2523 3122 μὴ
2556 3051 2612 3104 ἐν
2651 3053 2762 3114 τοῖς
2791 3050 3025 3122 καιρίοις
3077 3050 3169 3104 καὶ
3221 3051 3424 3122 σφόδρα
3451 3052 3616 3120 ἀναγ-

1943 3147 2249 3220 καιοτέροις
2273 3148 2420 3218 ἡμᾶς
2445 3147 2772 3218 λυμήνηται.
2815 3145 2953 3199 Ἀλλ’
2986 3146 3172 3218 ἐπειδὴ
3192 3147 3252 3200 οὐ
3277 3148 3435 3218 μόνον
3463 3147 3615 3202 οὐδὲν

1941 3241 2074 3312 ήμῖν
2095 3242 2376 3314 ἐμποδίζει
2404 3241 2540 3312 πρὸς
2565 3243 2664 3312 τὴν
2691 3241 2832 3296 κατά
2853 3242 2984 3296 Θεὸν
3007 3241 3346 3312 φιλοσοφίαν,
3370 3243 3465 3298 ἐὰν
3489 3243 3616 3314 βου-

1941 3335 2164 3409 λώμεθα
2203 3337 2356 3411 [187]
2386 3340 2596 3411 νήφειν,
2621 3338 2759 3392 ἀλλὰ
2787 3339 2884 3392 καὶ
2913 3338 3116 3411 πολλὴν
3138 3341 3268 3410 ἡμῖν
3283 3341 3494 3408 εἰσάγει
3518 3339 3618 3412 τήν

1945 3437 2298 3510 παραμυθίαν
2355 3437 2692 3508 μαινομένην
2731 3437 2832 3507 τήν
2885 3437 3048 3505 φύσιν
3087 3437 3524 3492 καταστέλλουσα
3563 3449 3614 3504 ε,

1943 3532 2040 3587 καὶ
2063 3533 2164 3586 οὐκ
2191 3533 2412 3602 ἀφιεῖσα
2441 3530 2700 3598 πελάγιον
2735 3529 3004 3595 σαλεύειν,
3067 3529 3204 3584 ἀλλά
3255 3529 3517 3599 διηνεκῶς
3559 3533 3618 3584 ἐν

1943 3629 2124 3700 λιμένι
2147 3629 2208 3682 :0
2233 3627 2439 3697 σκάφος
2457 3627 2634 3698 ὁρμᾷν
2662 3625 3181 3697 παρασκευάζουσα,
3212 3627 3302 3680 διά
3338 3627 3498 3680 τοῦτο
3520 3627 3618 3698 τὴν

1945 3725 2192 3780 ἐντεῦθεν
2221 3703 2572 3796 παραμυθίαν
2587 3723 2876 3794 ἐχαρίσατο
2895 3723 2972 3794 τῷ
2991 3722 3098 3776 τῶν
3120 3722 3216 3776 ἀνθ
3226 3723 3422 3794 ρώπων
3449 3723 3614 3792 γένει.

1946 3822 2069 3874 Ὀτι
2100 3819 2210 3892 γὰρ
2262 3819 2441 3892 ἀληθῆ
2494 3819 2562 3872 τά
2597 3820 2730 3892 παρ’
2763 3819 2920 3890 ήμῶν
2951 3819 3236 3890 λεγόμενα,
3292 3820 3561 3873 δείκνυσιν
3589 3822 3618 3873 ὁ

1943 3915 2150 3980 δίκαιος
2185 3907 2362 3978 οὗτος.
2389 3915 2544 3969 Μετά
2582 3915 2692 3986 γάρ
2716 3913 2777 3967 :0
2802 3915 3078 3984 γεννῆσαι,
3108 3915 3261 3984 φησὶ,
3283 3915 3376 3968 τὸν
3399 3915 3618 3968 Μαθου-

1947 4012 2104 4078 σάλα,
2137 4011 2504 4083 εὐηρέστησεν
2549 4009 2718 4080 Ἑνὼχ
2762 4009 2838 4080 τῷ
2861 4009 3000 4080 Θεῷ,
3037 4010 3131 4064 καὶ
3162 4011 3223 4062 οὐ
3261 4011 3468 4081 βραχύν
3497 4029 3618 4063 τινα

1945 4107 2176 4180 ἀριθμὸν
2198 4109 2452 4179 διήρκεσε
2483 4107 2581 4179 τήν
2607 4107 2810 4180 ἀρετὴν
2853 4105 3070 4177 μετιὼν,
3109 4106 3268 4170 ἀλλά,
3319 4107 3473 4178 φησὶ,
3505 4107 3620 4160 δια-

1946 4207 2104 4261 κόσια
2127 4206 2243 4278 ἐτη.
2275 4205 2386 4260 Καὶ
2416 4203 2604 4276 ἐπειδὴ
2640 4204 2777 4276 μετά
2805 4205 2903 4276 τὴν
2943 4203 3037 4256 τοῦ
3063 4204 3486 4274 πρωτοπλάστου
3511 4223 3618 4258 πα-

1949 4303 2180 4374 ράϐασιν
2210 4301 2412 4374 εὑρέθη
2435 4301 2725 4372 ἄνθρωπος
2757 4301 2892 4370 πρὸς
2915 4299 3083 4371 αὐτὴν
3111 4299 3211 4372 τὴν
3244 4303 3488 4372 κορυφήν
3521 4301 3621 4372 τῆς

1946 4399 2150 4470 ἀρετῆς
2187 4399 2373 4462 ἀνιὼν,
2405 4399 2498 4452 καί⁸
2528 4397 2626 4468 τήν
2669 4395 2764 4452 τοῦ
2801 4397 3143 4468 προπάτορος
3187 4395 3462 4468 ἁμαρτίαν
3501 4397 3624 4451 ἀνα-

1949 4495 2280 4566 καλούμενος
2307 4495 2395 4548 διά
2423 4495 2521 4566 τῆς
2547 4493 2754 4556 οἰκείας
2786 4493 3218 4566 εὐαρεστήσεως,
3245 4495 3348 4564 ὅρα
3371 4495 3464 4546 τοῦ
3488 4493 3623 4560 ἀγα-

1950 4591 2043 4646 θοῦ
2061 4591 2194 4644 Θεοῦ
2215 4591 2312 4664 τὴν
2331 4592 2432 4644 ύπε
2443 4589 2777 4661 ρδάλλουσαν
2798 4589 2988 4660 φιλανθ
2999 4589 3229 4662 ρωπίαν.
3263 4589 3478 4661 Ἐπειδὴ
3498 4585 3622 4661 εὗρε

1949 4687 2246 4758 δυνηθέντα
2271 4685 2709 4740 ἀνακαλέσασθαι
2740 4685 2801 4740 τὸ
2822 4685 3130 4758 ἁμάρτημα
3148 4683 3242 4737 τοῦ
3285 4684 3476 4754 Ἀδὰμ,
3517 4685 3626 4736 δει-

1952 4787 2080 4850 κνὺς
2115 4785 2180 4838 δι’
2213 4785 2393 4839 αὐτῶν
2417 4785 2525 4838 τῶν
2556 4783 2914 4857 πραγμάτων,
2951 4783 3031 4836 ὅτι
3073 4783 3134 4836 οὐ
3168 4780 3489 4852 βουλόμενος
3534 4781 3624 4836 τὸν

1952 4883 2180 4936 θάνατον
2235 4884 2536 4950 ἐπαγαγεῖν
2580 4881 2658 4952 τῷ
2696 4881 2842 4949 γένει
2889 4879 2966 4950 τῷ
2991 4879 3246 4950 ἡμετέρῳ
3284 4877 3372 4930 διὰ
3401 4877 3500 4949 τὴν
3524 4879 3624 4946 τῆς

1953 4979 2174 5049 ἐντολῆς
2203 4977 2516 5050 παράϐασιν
2542 4977 2730 5031 τοῦτον
2764 4975 3082 5030 κατεδίκασε
3102 5013 3118 5039 ,
3153 4973 3245 5026 τὸν
3273 4971 3373 5042 τὴν
3405 4971 3624 5043 ἐντολὴν

1951 5074 2263 5146 δεξάμενον,
2295 5075 2484 5129 τοῦτον
2522 5073 2698 5140 ζῶντα
2735 5072 3044 5144 μεθίστησι.
3083 5071 3194 5124 Kal
3228 5069 3626 5138 εὺηρέστησε,

1955 5177 2139 5246 φησὶν,
2173 5174 2362 5245 Ἑνὼχ
2384 5173 2465 5241 τῷ
2497 5172 2638 5239 Θεῷ,
2666 5172 2764 5226 καί
2797 5172 2906 5240 οὐχ
2945 5171 3278 5237 εὑρίσκετο,
3312 5169 3461 5222 διότι
3489 5185 3628 5236 μετ-

1953 5272 2171 5340 έθηκεν
2201 5275 2389 5326 αὺτὸν
2415 5274 2448 5325 ὁ
2475 5271 2638 5336 Θεός.
2686 5268 2848 5340 Ὁρᾷς
2883 5265 3075 5336 σοφίαν
3119 5265 3424 5329 Δεσπότους
3477 5263 3625 5317 Μετ-

1957 5369 2122 5439 έθηκε
2153 5366 2352 5434 ζῶντα,
2381 5365 2502 5438 οὐχὶ
2530 5363 2830 5418 ἀθανασίαν
2856 5347 3169 5434 ἐχαρίσατο,
3205 5359 3294 5414 ἵνα
3323 5357 3400 5430 μή
3424 5357 3630 5428 ἐκλύσῃ

1957 5465 2054 5520 τοῦ
2087 5463 2556 5536 πλημμελήματος
2587 5461 2680 5515 τὸν
2721 5459 2886 5530 φόϐον
2905 5501 2920 5524 ,
2970 5459 3086 5512 ἀλλ’
3109 5457 3320 5527 ἀφῆκεν
3359 5455 3630 5525 ἀκμάζειν

1956 5560 2034 5632 τῷ
2066 5559 2173 5614 τῶν
2199 5559 2502 5630 ἀνθρώπων
2546 5559 2710 5628 γένει.
2739 5557 2837 5611 Διά
2857 5553 3016 5610 τοῦτο
3049 5553 3209 5608 πάλιν
3246 5549 3521 5622 ἀμυδρῶς,
3553 5549 3630 5613 ὡς

1958 5657 2156 5723 εἰπεῖν,
2203 5654 2298 5709 καὶ
2359 5653 2728 5718 λανθανόντως
2783 5649 3222 5708 ἀνακαλέσασθαι
3262 5646 3508 5718 βούλεται
3531 5643 3630 5715 τήν

2027 5816 2051 5844 ε
2095 5811 2201 5861 Hoc
2239 5815 2292 5861 et
2333 5811 2431 5860 duo
2481 5811 2740 5874 sequentia
2780 5809 3035 5874 participia
3079 5805 3126 5855 in
3167 5805 3628 5874 femininogcngc

1963 5873 2206 5924 exhibent
2232 5887 2406 5924 omnes
2435 5863 2582 5938 mss.)
2615 5875 2674 5924 ad
2707 5863 3019 5935 παίδοτροςὸία
3054 5880 3234 5930 nempe
3277 5863 3467 5918 sinuuli
3497 5863 3628 5912 refc-

1964 5943 2158 5986 runtur.
