4038 6394
489 320 584 381 181
1298 322 1355 379 S.
1395 322 1683 381 JOANNIS
1721 320 2203 381 CHRYSOSTOMI
2244 321 2569 380 ARCIIIEP.
2606 323 3148 382 CONSTANTINOP.

489 445 786 513 ἀπόφασιν,
811 440 877 511 ἢν
906 436 1048 492 κατά
1074 435 1169 491 τοῦ
1209 437 1380 510 Ἀδὰμ
1400 439 1678 510 ἐξήνεγκε.
1727 438 1872 493 Ἀλλ’
1910 439 1970 492 οὐ
2001 441 2147 492 ποιεῖ

487 532 620 585 αὐτὸ
646 526 899 602 φανερὸν,
933 527 1022 580 ἵνα
1063 526 1094 578 6
1123 525 1284 594 φόϐος
1314 526 1437 580 ἀντὶ
1475 527 1853 599 σωφρονισμοῦ
1899 527 2135 597 γένηται.

485 619 585 673 Διά
629 617 787 672 τοῦτο
813 613 1255 686 εὐαρεστήσαντα
1302 613 1391 667 τὸν
1430 614 1600 685 Ἑνὼχ
1629 616 1944 686 μετέθηκεν.
1996 616 2059 668 EE
2087 613 2145 667 δέ

482 723 567 770 τις
601 704 837 775 βούλοιτο
863 701 1343 772 περιεργάζεσθαι,
1373 702 1467 755 καὶ
1495 701 1699 771 λέγειν,
1737 704 1828 757 καὶ
1854 701 1958 756 ποῦ
1980 701 2143 755 αὐτὸν

484 791 787 862 μετέθηκε;
822 789 914 843 καὶ
941 789 991 841 εῖ
1013 788 1173 859 μέχρι
1205 788 1298 841 τοῦ
1334 789 1595 860 παρόντος
1620 790 1903 861 διήρκεσε;
1937 789 2145 860 μανθα-

481 879 619 932 νέτω
659 876 733 949 μὴ
766 876 1041 946 λογισμοῖς
1066 876 1424 947 ἀνθρωπίνοις
1449 877 1894 941 κατακολουθεῖν,
1923 879 2018 932 καὶ
2072 877 2143 931 τὰ

480 965 631 1037 παρά
659 964 753 1018 τοῦ
802 963 935 1018 Θεοῦ
982 964 1476 1035 πολυπραγμονεῖν,
1509 966 1643 1019 ἀλλά
1699 968 1975 1021 πιστεύειν
2026 971 2141 1032 τοῖς

478 1052 808 1122 λεγομένοις.
836 1052 1004 1105 Ὅταν
1032 1052 1141 1122 γὰρ
1167 1053 1195 1104 6
1217 1051 1346 1114 Θεὸς
1368 1053 1736 1122 ἀποφαίνηται
1760 1072 1831 1117 τι,
1856 1057 1916 1109 οὐ
1942 1056 2024 1109 δεῖ
2046 1056 2142 1110 ἀν-

477 1139 753 1193 τιϐλέπειν
778 1141 892 1202 τοῖς
920 1138 1162 1210 ῥηθεῖσιν
1185 1180 1199 1203 ,
1230 1138 1366 1192 ἀλλά
1389 1139 1458 1193 τά
1495 1140 1647 1208 παρὰ
1681 1140 1774 1194 τοῦ
1818 1141 1952 1195 Θεοῦ
1988 1143 2141 1210 λεγό-

479 1249 615 1302 μενα
641 1230 1053 1301 ἀξιοπιστότερα
1080 1230 1351 1300 ἡγεῖσθαι,
1384 1229 1487 1283 κᾶν
1523 1229 1597 1301 μὴ
1615 1229 1870 1301 φαίνηται
1900 1230 2010 1285 τῶν
2035 1232 2140 1286 ὑπὸ

474 1323 588 1384 τοῖς
611 1318 909 1388 ὀφθαλμοῖς
936 1318 1204 1388 κειμένων
1232 1318 1345 1380 τοῖς
1373 1317 1680 1389 ἡμετέροις.
1715 1318 1837 1370 Ὅτι
1873 1318 1981 1390 γὰρ
2012 1337 2132 1391 μετι
2193 1383 2197 1389 ν

476 1408 673 1476 έθηκεν
723 1406 885 1461 αὐτὸν
923 1401 1076 1459 εἶπεν
1112 1406 1145 1476 ἡ
1175 1403 1294 1458 θεία
1321 1405 1512 1476 Γραφὴ
1534 1444 1549 1468 ,
1585 1405 1679 1458 καὶ
1713 1406 1794 1459 ὅτι
1833 1406 2009 1471 ζῶντα
2041 1425 2139 1477 με·

473 1495 691 1564 τέθηκε,
736 1495 832 1549 καὶ
866 1497 1059 1565 πεῖραν
1096 1492 1171 1565 μὴ
1209 1491 1437 1547 λαϐόντα
1463 1492 1714 1557 θανάτου,
1747 1493 1883 1549 ἀλλά
1927 1495 2014 1548 διά
2039 1496 2137 1566 τῆς

473 1582 681 1645 οῖκείας
706 1581 1118 1652 εὐαρεστήσεως
1140 1578 1413 1651 ἀνώτερον
1433 1579 1692 1649 γεγονότα
1715 1580 1814 1652 τῆς
1840 1580 2138 1653 ἐξενεχθεί-

476 1684 578 1738 σης
619 1667 947 1738 ἀποφάσεως
1000 1666 1140 1720 κατά
1168 1665 1262 1719 τοῦ
1294 1665 1401 1719 τῶν
1428 1664 1731 1738 ἀνθρώπων
1758 1667 1969 1736 γένους.
2024 1667 2133 1723 Ποῦ

470 1754 531 1808 δέ
555 1754 716 1808 αὑτὸν
748 1754 1068 1826 μετέθηκεν,
1093 1755 1188 1807 καὶ
1215 1754 1362 1817 ὅπως
1394 1752 1488 1807 νῦν
1518 1753 1694 1823 διάγει
1711 1754 1869 1808 τοῦτο
1893 1756 1952 1807 οὐ
1974 1772 2138 1827 προσ-

473 1846 691 1915 έθηκεν.

546 1941 605 1988 ε’.
640 1929 793 1995 Εἶδες
838 1931 1149 2003 ἀγαθότητα
1186 1931 1475 1999 Δεσπότου,
1511 1931 1625 1996 πῶς
1647 1930 1821 2002 εὑρὼν
1843 1931 2007 2003 ἄνδρα
2034 1933 2135 2003 τὴν

469 2021 670 2093 ἀρετὴν
690 2018 1090 2092 κατωρθωκότα
1106 2058 1121 2082 ,
1143 2018 1630 2090 οὐκάπεστέρησεν
1666 2018 1825 2073 αὐτὸν
1840 2020 1936 2089 τῆς
1953 2018 2128 2087 ἀξίας,

470 2110 537 2180 ἣν
569 2108 646 2180 τῷ
677 2106 1083 2179 πρωτοπλάστῳ
1134 2107 1424 2178 ἐχαρίσατο
1473 2108 1579 2177 πρὸ
1624 2107 1722 2178 τῆς
1768 2106 2133 2178 παραϐάσεως

468 2198 568 2267 τῆς
596 2195 845 2264 ἐντολῆς,
880 2192 1143 2248 διδάσκων
1177 2196 1357 2264 ἡμᾶς,
1405 2194 1485 2247 ὅτι
1507 2196 1772 2260 κάκεῖνος,
1807 2196 1855 2247 εί
1911 2196 1985 2267 μὴ
2031 2196 2129 2266 τὴν

470 2286 684 2354 ἀπάτην
721 2282 1053 2353 προετίμησε
1099 2282 1197 2352 τῆς
1229 2281 1473 2351 δοθείσης
1511 2281 1765 2352 ἐντολῆς,
1795 2282 1905 2336 τῶν
1951 2284 2131 2338 αὐτῶν

466 2371 534 2425 ἂν
563 2370 812 2441 ἠξίωτοῆ
850 2372 944 2424 καὶ
978 2369 1275 2441 μειζόνωνς
1328 2369 1439 2423 Καὶ
1483 2369 1678 2437 ἔζησε,
1709 2373 1861 2441 φησι,
1896 2375 2130 2426 Μαθου-

466 2459 631 2513 mila
675 2460 778 2527 ἐτη
831 2458 1048 2512 ἑκατὸν
1084 2455 1455 2525 ὀγδοήκοντα
1496 2457 1668 2519 ἑπτὰ,
1707 2458 1804 2511 καί
1838 2459 2131 2528 ἐγέννησε

467 2546 575 2601 τὸν
602 2546 803 2616 Λάμεχ
818 2565 832 2578 ο
856 2545 953 2599 καὶ
969 2544 1145 2614 ἔζησε
1160 2544 1360 2614 Λάμεχ
1379 2545 1484 2612 ἔτη
1505 2545 1722 2599 ἑκατὸν
1741 2546 2128 2615 ὀγδοήκοντα,

465 2634 562 2689 καὶ
592 2634 920 2705 ἐγέννησεν
947 2633 1103 2699 υἱόν,
1128 2632 1226 2687 καὶ
1252 2632 1603 2701 ἐπωνόμασε
1636 2633 1700 2686 τό
1730 2634 1917 2703 ὄνομα
1944 2636 2128 2690 αὑτοῦ

465 2722 612 2781 Νῶε.
647 2721 841 2792 λέγων
863 2737 878 2753 ·
924 2715 1112 2787 Οὗτος
1144 2720 1220 2789 δὴ
1255 2721 1636 2776 ἀναπαύσειει
1672 2722 1829 2791 ἡμᾶς
1860 2722 1978 2776 ἀπὸ
2011 2723 2130 2777 τῶν

464 2809 616 2883 [188]
631 2810 819 2879 ἔργων
850 2808 1039 2879 ἡμῶν,
1061 2809 1154 2863 καὶ
1181 2808 1298 2864 ἀπὸ
1320 2808 1437 2862 τῶν
1461 2808 1750 2877 λυπηρῶν
1769 2809 1886 2863 τῶν
1917 2810 2130 2879 χειρῶν

466 2896 653 2965 ἡμῶν,
697 2896 793 2950 καὶ
835 2896 953 2951 ἀπό
1002 2896 1113 2964 τῆς
1141 2895 1275 2965 γῆς,
1331 2891 1408 2966 ἧς
1440 2896 1820 2963 κατηράσατο
1850 2898 2062 2965 Κύριος
2094 2902 2128 2953 ό

465 2984 629 3047 Θεός.
666 2984 807 3054 Ὅρα
834 2983 993 3036 πάλιν
1024 2982 1112 3034 διὰ
1138 2982 1238 3052 τῆς
1271 2984 1637 3053 προσηγορίας
1669 2984 1762 3036 τοῦ
1794 2984 1887 3037 νῦν
1912 2985 2128 3054 τεχθέν-

463 3088 553 3134 τος
580 3070 685 3123 ὑπὸ
712 3069 806 3121 τοῦ
833 3070 1022 3140 Λάμεχ
1050 3069 1360 3139 μυστηρίων
1388 3070 1448 3122 τὸ
1479 3070 1721 3141 μέγεθος,
1751 3073 1844 3126 καὶ
1879 3075 2126 3145 προρῤή-

465 3173 603 3218 σεως
632 3154 955 3226 ὑπερϐολὴν,
996 3156 1090 3208 καὶ
1118 3155 1521 3226 φιλανθρωπίαν
1552 3158 1755 3225 ἄφατον
1787 3159 1880 3212 τοῦ
1918 3159 2125 3228 ἀγαθοῦ

462 3242 620 3296 Θεοῦ.
678 3241 892 3311 Ἐπειδὴ
940 3240 1050 3312 γὰρ
1096 3244 1162 3312 τῇ
1203 3242 1379 3314 οἰκεία
1422 3248 1723 3313 προγνώσει
1748 3246 1815 3299 τὰ
1863 3246 2126 3315 μέλλοντα

463 3328 738 3400 προεώρα,
773 3328 893 3383 ῖδὼν
916 3327 1014 3399 τὴν
1046 3328 1243 3382 κακίαν
1268 3329 1377 3383 τῶν
1409 3330 1709 3401 ἀνθρώπων
1734 3332 2122 3405 αὐξανομένην,

464 3416 719 3487 προλέγει
755 3415 844 3469 διά
884 3417 983 3485 τῆς
1008 3415 1102 3468 τοῦ
1142 3416 1330 3479 παιδὸς
1356 3418 1723 3489 προσηγορίας
1761 3420 1832 3473 τὰ
1864 3421 2125 3491 μέλλοντα

463 3502 875 3573 καταλήψεσθαι
906 3502 1054 3556 κακά
1096 3502 1241 3556 ἅπαν
1268 3502 1329 3556 τὸ
1358 3504 1467 3558 τῶν
1500 3504 1803 3577 ἀνθρώπων
1830 3507 2005 3576 γένος,
2038 3509 2125 3563 ἵνα

461 3592 566 3646 κᾶν
614 3591 692 3662 τῷ
734 3591 883 3662 φόϐῳ
913 3589 1371 3662 σωφρονισθέντες
1400 3592 1740 3661 ἀπόσχωνται
1767 3597 1865 3665 τῆς
1905 3596 2121 3662 κακίας,

461 3679 688 3732 ἕλωνται
716 3678 773 3731 δέ
795 3676 891 3747 τὴν
915 3678 1135 3748 ἀρετήν.
1167 3677 1277 3731 Καὶ¹
1298 3678 1399 3748 69a
1423 3679 1799 3749 μακροθυμίαν
1828 3682 2119 3746 Δεσπότου,

462 3765 567 3834 πρὸ
594 3765 760 3818 πόσου
792 3763 983 3834 χρόνου
1014 3763 1111 3832 τὴν
1144 3763 1446 3835 πρόρρησιν
1468 3764 1719 3833 γενέσθαι
1736 3769 1894 3831 ποιεῖ,
1915 3768 1999 3822 ἵνα
2030 3769 2124 3823 καὶ

460 3860 558 3923 τὴν
613 3853 819 3905 οἰκείαν
883 3851 1215 3921 ἐπιδείξηται
1268 3852 1675 3924 φιλανθρωπίαν
1713 3897 1728 3922 ,
1783 3856 1879 3909 καὶ
1940 3856 2123 3927 πάσης

458 3940 754 4009 ἀπολογίας
813 3941 1158 4011 ἀποστερήσῃ
1201 3939 1326 4003 τοὺς
1370 3939 1468 4012 τὴν
1514 3941 1782 4013 τιμωρίαν
1831 3942 2123 4014 μέλλοντας

458 4027 724 4097 δέχεσθαι.

543 4114 679 4167 Ἀλλ’
710 4114 840 4178 ίσως
874 4114 940 4168 ἀν
968 4131 1052 4178 τις
1073 4112 1238 4175 εἴποι.
1274 4113 1368 4167 καὶ
1394 4112 1557 4168 πόθεν
1585 4113 1664 4185 τῷ
1694 4114 1884 4187 Λάμεχ
1912 4117 1972 4170 τὸ
1998 4136 2123 4172 τοσ-

457 4202 614 4255 οῦτον
658 4202 885 4272 μέγεθος
928 4202 1026 4272 τῆς
1072 4203 1460 4274 προῤῥήσεως;
1516 4201 1590 4273 μὴ
1632 4202 1741 4273 γὰρ
1787 4205 2119 4278 μέμνηταιή

458 4288 669 4359 Γραφὴ,
686 4290 767 4343 ὅτι
790 4289 1041 4361 ἐνάρετός
1067 4306 1149 4351 τις
1171 4284 1240 4359 ἦν
1260 4288 1355 4342 καὶ
1372 4288 1678 4360 θαυμαστός
1698 4307 1713 4355 ;
1736 4290 1826 4361 Μὴ
1849 4290 2118 4363 ξενισθῇς,

457 4376 707 4445 ἁγαπητέ
728 4393 741 4406 ·
770 4377 930 4444 σοφὸς
957 4375 1065 4447 γὰρ
1095 4375 1169 4429 ὢν
1200 4376 1294 4429 καὶ
1322 4376 1625 4446 εὐμήχανος
1649 4379 1678 4430 6
1706 4379 2001 4448 Δεσπότης.
2028 4381 2121 4433 καὶ

456 4463 523 4515 δι’
557 4462 791 4529 ἀναξίων
824 4462 1083 4526 πολλάκις
1122 4464 1395 4534 συγχωρεῖ
1444 4463 1802 4533 προλέγεσθαι
1833 4465 2119 4537 θαυμαστά

458 4549 554 4602 καὶ
602 4548 810 4619 μεγάλα
848 4550 1165 4620 πράγματα,
1198 4550 1290 4602 καὶ
1338 4550 1436 4602 οὐκ
1495 4551 1553 4602 ἐν
1585 4553 1652 4620 τῇ
1699 4551 1911 4622 Παλαιᾷ
1961 4553 2120 4623 μόνον

458 4634 633 4698 τοῦτο,
668 4635 801 4689 ἀλλά
841 4635 932 4688 καὶ
964 4637 1020 4690 ἐν
1045 4638 1111 4707 τῇ
1140 4636 1333 4707 Καινῆ.
1368 4637 1565 4689 Ἀκουε
1591 4638 1699 4708 γὰρ
1723 4638 1815 4690 τοῦ
1847 4640 2121 4709 εὐαγγελι-

460 4722 586 4776 στοῦ
614 4724 740 4795 περὶ
770 4722 863 4776 τοῦ
897 4722 1118 4791 Καῖάφα
1142 4722 1236 4775 τοῦ
1267 4721 1377 4775 τῶν
1425 4723 1685 4778 Ἰουδαίων
1706 4725 2002 4796 ἀρχιερέως
2033 4726 2120 4781 λέ-

459 4828 645 4880 γοντος
671 4828 683 4843 ο
731 4810 908 4865 Τοῦτο
940 4809 1007 4863 δὲ
1038 4810 1140 4880 ἀφ’
1182 4810 1400 4864 ἐαυτςῦ
1441 4811 1552 4863 οὐκ
1594 4806 1782 4874 εἶπεν,
1829 4813 1967 4866 ἀλλ’
2011 4813 2118 4882 ἁρ-

457 4898 689 4967 χιερεὺς
726 4897 811 4951 ὢν
858 4898 961 4952 τοῦ
1002 4897 1279 4951 ἐνιαυτοῦ
1327 4898 1560 4951 ἐκείνου
1582 4936 1597 4960 ,
1645 4899 2115 4968 προεφήτευσεν,

453 4986 544 5040 ὅτι
580 4986 843 5055 ἤμελλεν
872 4988 903 5039 ό
943 4984 1176 5053 Ἰησοῦς
1209 4984 1639 5053 ἀποθνήσκειν,
1680 4988 1795 5054 οὐχ
1822 4987 1974 5056 ὑπὲρ
2010 4988 2117 5043 τοῦ

456 5073 608 5127 λαοῦ
625 5074 836 5142 μόνον,
866 5074 1003 5127 ἀλλ’
1035 5073 1137 5126 ἵνα
1170 5072 1268 5125 καὶ
1296 5071 1369 5125 τὰ
1391 5071 1534 5139 ἔθνη
1560 5072 1635 5126 τά
1667 5072 2117 5144 ἐσκορπισμένα

451 5158 769 5229 συναγάγῃ
798 5162 887 5225 εἰς
910 5158 998 5213 ἓν.
1029 5160 1297 5231 Εὐρήσεις
1325 5157 1564 5215 τοιοῦτόν
1588 5177 1642 5213 τι
1693 5159 1855 5215 πάλιν
1899 5161 1992 5214 καὶ
2022 5163 2117 5216 ἐπὶ

448 5246 544 5301 τοῦ
572 5246 800 5315 Βαλαὰμ
823 5246 1125 5315 γινόμενον.
1183 5245 1418 5317 Κληθεὶς
1446 5247 1554 5318 γάρ
1583 5245 1768 5301 ὦστεδ
1803 5248 2116 5320 καταράσα-

454 5335 580 5388 σθαι
606 5332 697 5386 τὸν
727 5333 875 5396 λαὸν,
904 5336 967 5387 οὐ
1004 5334 1161 5403 μόνον
1188 5335 1248 5387 οὐ
1273 5334 1650 5405 κατηράσατο,
1693 5333 1829 5388 ἀλλά
1851 5335 1946 5388 καὶ
1983 5354 2117 5408 προ-

446 5424 716 5494 εφήτευσε
751 5420 961 5492 μεγάλα
986 5421 1082 5475 καὶ
1109 5420 1397 5491 θαυμαστά
1426 5421 1747 5494 πράγματα,
1776 5422 1836 5475 οὐ
1867 5424 1995 5495 περὶ
2018 5423 2112 5477 τοῦ

451 5511 580 5564 λαοῦ
608 5510 786 5579 μόνον,
833 5509 968 5563 ἀλλά
996 5510 1091 5564 καὶ
1127 5510 1255 5580 περὶ
1280 5511 1378 5579 τῆς
1403 5510 1497 5563 τοῦ
1522 5510 1771 5582 Σωτῆρος
1798 5510 1954 5581 ἑπιδη
1962 5512 2111 5583 μίας.

451 5597 545 5669 Μὴ
568 5598 747 5650 τοίνυν
782 5595 1008 5661 ξενίζου,
1032 5598 1081 5649 εί
1106 5597 1200 5649 καὶ
1220 5596 1315 5651 νῦν
1347 5600 1375 5650 ό
1400 5597 1588 5668 Λάμεχ
1612 5599 1978 5669 προσηγορίαν
2000 5599 2114 5652 ἑπι-

452 5679 563 5742 θεὶς
587 5679 664 5749 τῷ
693 5679 846 5733 παιδὶ
871 5677 1124 5749 τοιαύτην
1153 5677 1477 5748 ἐπιτίθησιν,
1505 5677 1640 5731 ἀλλά
1656 5677 1733 5748 τῷ
1752 5678 1870 5749 Θεῷ
1898 5679 2111 5748 λόγισαι

450 5766 513 5819 τὸ
548 5768 655 5819 πᾶν
681 5766 760 5837 τῷ
780 5765 870 5819 διά
896 5767 995 5837 τῆς
1031 5766 1339 5839 εὐμηχάνου
1366 5765 1530 5820 αὐτοῦ
1557 5767 1746 5836 σοφίας
1770 5767 1946 5821 πάντα
1970 5770 2111 5821 οἰκο-

514 5965 538 5991 θ
565 5961 690 6010 Bibl.
743 5967 793 6009 Pl
835 5962 1492 6021 8ιινί1.οὑτοςδιαναπαύσει.
1557 5960 1585 6001 b
1614 5960 1693 6011 Sic
1730 5961 1878 6012 Savil.
1920 5963 1969 6010 et
1992 5962 2105 6007 Mss.

455 6024 628 6075 Morel.
664 6022 845 6073 omittit
869 6026 992 6072 ὥστε

3814 325 3940 382 182

2254 438 2526 508 νομοῦντι.
2578 440 2689 495 Καὶ
2714 440 2969 495 ἐκάλεσε
2996 441 3062 495 τὸ
3087 440 3274 508 ὄνομα
3297 440 3486 495 αὑτοῦ
3517 440 3644 496 Νῶε
3664 458 3680 471 ’
3735 442 3939 512 ἑρμηο

2252 526 2465 581 νεὺεται
2490 528 2598 600 γὰρ
2629 527 2792 582 αὐτοῦ
2817 528 2878 581 τὸ
2903 528 3072 599 ὄνομα
3103 528 3424 592 ἀνάπαυσις.
3460 528 3570 599 Τὴν
3606 524 3703 583 οὖν
3734 546 3943 582 πανω-

2254 610 2468 683 λεθρίαν
2487 614 2723 684 ἐκείνην,
2763 614 2861 685 τὴν
2893 615 3033 685 μετά
3055 615 3321 669 τοσούτων
3361 614 3498 668 ἐτῶν
3526 616 3760 687 ἀριθμὸν
3785 632 3946 685 συμρ

2253 698 2513 770 ϐήσεσθαι
2563 701 2882 772 μέλλουσαν,
2922 701 3228 755 ἀνάπαυσιν
3269 701 3461 755 καλεῖ’
3514 702 3772 773 καθάπερ
3834 702 3947 754 καὶ

2263 786 2382 839 Ἰώϐ
2415 804 2547 857 φησι
2567 803 2581 817 ’
2637 788 2902 854 Θάνατος
2935 788 3111 857 ἀνδρί
3148 788 3509 854 ἀνάπαυσις.
3561 789 3786 860 Ἐπειδὴ
3813 788 3944 859 γὰρ

2250 874 2416 929 πολὺν
2440 875 2536 928 καὶ
2567 875 2771 947 σφόδρα
2795 876 2968 945 μέγαν
3004 875 3116 947 ἔχει
3149 875 3239 929 τὸν
3258 877 3497 947 κάματον
3519 877 3554 947 ἡ
3598 876 3795 939 κακία,
3827 876 3946 945 τὴν

2248 963 2452 1033 ταύτης
2483 963 2693 1034 ἀποχὴν
2718 964 2811 1017 καὶ¹
2829 964 2929 1034 τὴν
2961 963 3261 1035 ἀναίρεσιν,
3286 964 3353 1035 ἢν
3379 964 3469 1018 διὰ
3494 964 3588 1018 τοῦ
3621 964 3941 1018 κλυδωνίου

2247 1048 2452 1102 ἐκείνου
2476 1049 2696 1120 ἔμελλον
2730 1050 3073 1119 ὑφίστασθαι,
3104 1050 3407 1104 ἀνάπαυσιν
3429 1051 3602 1106 καλεῖ.
3639 1050 3755 1104 Καὶ
3782 1048 3944 1103 ἐκά-

2244 1139 2425 1201 λεσε,
2473 1137 2634 1207 φησὶ,
2681 1137 2748 1191 τὸ
2774 1138 2960 1206 ὄνομα
3000 1137 3187 1191 αὐτοῦ
3222 1136 3373 1192 Νῶε.
3432 1133 3567 1192 Εἶτα
3592 1135 3941 1208 ἑρμηνεύων

2246 1224 2378 1294 ⁴ἡμῖν
2412 1222 2508 1277 τοῦ
2541 1224 2803 1296 ὀνόματος
2847 1224 2946 1296 τὴν
2981 1225 3351 1296 προσηγορίαν
3383 1225 3547 1295 φησίν
3568 1241 3583 1255 ·
3626 1220 3837 1289 Οὗτος
3861 1222 3942 1283 δὲ

2245 1310 2582 1366 ἀναπαύσει
2619 1310 2776 1380 ἡμᾶς
2801 1311 2920 1366 ἀπὸ
2944 1310 3061 1365 τῶν
3080 1312 3269 1382 ἔργων
3288 1309 3461 1379 ἡμῶν
3480 1328 3495 1343 ο
3548 1311 3657 1365 ἀπὸ
3684 1311 3794 1380 τῆς
3829 1327 3942 1361 κα-

2244 1391 2390 1460 κίας,
2417 1393 2598 1465 φησὶν,
2631 1394 2930 1463 ἀποστήσει
2954 1409 2968 1423 °
3025 1393 3134 1447 Kal
3172 1393 3291 1447 ἀπὸ
3321 1391 3437 1446 τῶν
3473 1392 3772 1463 λυπηρῶν
3802 1390 3945 1445 τῶν

2244 1478 2457 1547 χειρῶν
2493 1479 2693 1549 ἡμῶνο
2750 1482 2844 1534 καὶ
2892 1480 3053 1535 πάλιν
3084 1479 3145 1534 τὸ
3188 1480 3321 1535 αὐτὸ
3346 1480 3453 1533 ἀπὸ
3491 1479 3597 1534 τῶν
3630 1480 3940 1551 πράξεων,

2244 1567 2396 1637 φησὶ,
2414 1566 2521 1621 τῶν
2551 1566 2822 1639 πονηρῶν.
2837 1567 2971 1621 Οὐδέ
2995 1567 3103 1638 γὰρ
3120 1567 3305 1636 ἐπειδὴ
3322 1568 3376 1619 αἱ
3398 1569 3573 1636 χεῖρες
3591 1566 3937 1630 ἐλυποῦντο,

2242 1652 2383 1707 οὕτω
2408 1655 2565 1709 τοῦτό
2593 1671 2756 1726 φησιν
2776 1665 2799 1694 θ
2813 1696 2826 1719 ,
2840 1655 2956 1708 ἀλλ’
2985 1655 3172 1727 ἐπειδὴ
3186 1654 3273 1708 διὰ
3292 1654 3394 1721 τῆς
3417 1654 3617 1707 τούτων
3639 1653 3939 1724 ἐργασίας

2242 1738 2338 1791 καὶ
2365 1739 2465 1809 τῆς
2496 1741 2736 1811 πονηρᾶς
2764 1739 3016 1809 πράξεως
3047 1736 3115 1791 τά
3151 1738 3252 1809 τῆς
3274 1736 3450 1807 λύπης
3476 1738 3656 1800 αὐτοῖς
3687 1735 3939 1808 ηὔξετο.

2240 1824 2353 1878 Καὶ
2394 1826 2512 1879 ἀπὸ
2550 1825 2662 1893 τῆς
2708 1825 2857 1895 ᾖς,
2899 1817 2971 1893 ἧς
3000 1825 3382 1893 κατηράσατο
3407 1826 3619 1892 Κύριος
3664 1828 3700 1878 ό
3736 1826 3935 1889 Θεός.

2253 1909 2632 1982 Ἐλευθερώσει
2662 1912 2808 1981 ἡμᾶς
2836 1910 3073 1976 πάντων,
3098 1910 3255 1980 φησὶ,
3280 1910 3390 1963 τῶν
3417 1911 3788 1979 ἐπικειμένων
3822 1927 3939 1963 κα-

2241 1997 2373 2062 κῶν,
2387 1999 2480 2052 καὶ
2498 1996 2591 2051 τοῦ
2618 1998 2747 2069 περ)⁵
2767 1999 2865 2069 τὴν
2885 1998 2991 2067 γῆν
3015 1996 3292 2051 πονεῖσθαι
3319 1998 3413 2050 καί
3440 1996 3937 2067 ταλαιπωρεῖσθαι

2237 2088 2337 2159 τὴν
2358 2088 2602 2160 κατάραν
2625 2086 2671 2158 [Ι
2681 2086 2771 2159 89]
2806 2087 3102 2158 δεξαμένην
3128 2086 3218 2139 διὰ
3239 2086 3339 2159 τὴν
3356 2085 3450 2139 τοῦ
3476 2086 3935 2160 πρωτοπλᾶστου

2239 2174 2567 2245 παράϐασιν.
2614 2174 2815 2229 Ἑννόει
2855 2174 2964 2245 γάρ
3001 2192 3092 2245 μοι
3122 2173 3331 2238 λοιπὸν,
3378 2174 3647 2245 ἀγαπητὲ,
3679 2174 3813 2238 πῶς
3866 2175 3936 2227 τὸ

2238 2262 2447 2316 παιδίον
2492 2262 2652 2315 τοῦτο
2701 2262 2842 2316 κατὰ
2909 2263 3105 2333 μικρὸν
3149 2261 3508 2332 αὐξανόμενον
3553 2261 3935 2325 διδασκαλίας

2239 2349 2491 2412 ὑπόθεσις
2524 2349 2695 2403 ἆπασι
2716 2351 2827 2411 τοῖς
2853 2348 3051 2418 ὁρῶσιν
3069 2347 3295 2416 ἐγίνετο.
3324 2348 3497 2402 Μόνον
3516 2348 3623 2419 γάρ
3638 2365 3725 2410 τις
3744 2349 3937 2401 ἐπυν-

2238 2434 2425 2489 θάνετο
2449 2435 2542 2488 τοῦ
2570 2435 2783 2489 παιδίου
2803 2434 2903 2508 τὴν
2929 2434 3317 2505 προσηγορίαν,
3338 2434 3431 2487 καὶ
3457 2433 3654 2497 εὐθέως
3678 2437 3713 2506 ή
3736 2436 3934 2507 ἑρμη-

2236 2523 2354 2576 νεία
2380 2524 2477 2595 τῆς
2506 2522 2876 2594 προσηγορίας
2897 2522 3143 2595 ἐδίδασκε
3157 2522 3264 2576 τῶν
3300 2521 3595 2593 μελλόντων
3620 2524 3930 2594 συμϐήσε-

2239 2609 2360 2664 σθαι
2381 2610 2473 2663 τὸν
2498 2609 2739 2679 ὄλεθρον.
2765 2609 2827 2663 Εί
2847 2607 2947 2680 μὲν
2972 2594 3079 2680 γάρ
3105 2626 3187 2671 τις
3201 2607 3386 2673 ἁπλῶς
3407 2601 3557 2663 εἶπεν
3588 2609 3929 2679 ἐνηχηθεὶς,

2236 2697 2316 2748 ὅτι
2364 2696 2484 2750 τόδε
2517 2696 2705 2760 ἔσται,
2749 2695 2851 2750 κᾶν
2879 2694 3021 2768 λήθῃ
3048 2695 3324 2766 παραδοθῇ
3352 2695 3412 2748 τὸ
3454 2695 3637 2766 ρηθέν,
3673 2698 3779 2750 καὶ
3812 2698 3931 2751 οὐκ

2235 2785 2300 2839 ἂν
2320 2786 2519 2848 πάντες
2546 2783 2839 2853 ἐγίνωσκον
2861 2782 2962 2854 τῆς
2985 2783 3252 2854 τιμωρίας
3274 2782 3337 2836 τὸ
3360 2782 3629 2854 ἀφόρητον
3649 2801 3665 2815 ·
3695 2785 3831 2837 νυνὶ
3859 2784 3924 2837 δὲ

2234 2867 2386 2935 οὗτος
2418 2872 2522 2925 ὑπὸ
2549 2874 2659 2936 τοῖς
2689 2871 2947 2925 ἁπάντων
2978 2869 3275 2939 ὀφθαλμοῖς
3305 2870 3688 2941 στρεφόμενος,
3718 2872 3933 2925 εὐκαί-

2236 2978 2376 3032 ρως,
2409 2958 2652 3030 ἀκαίρως
2685 2959 2992 3029 ὑπόμνησις
3030 2957 3241 3025 ἐγίνετο
3282 2955 3491 3036 τῆςτοῦ
3519 2955 3653 3009 Θεοῦ
3697 2957 3931 3025 ἀγανα-

2234 3050 2495 3119 κτήσεως.
2543 3045 2656 3100 Καὶ
2685 3046 2771 3099 ἴνα
2817 3044 3076 3115 μάθωμεν
3119 3042 3361 3114 ἀκριϐῶς
3395 3043 3487 3095 ἐπὶ
3512 3043 3677 3097 πόσον
3707 3045 3928 3116 χρόνον

2232 3134 2514 3206 διήρκεσεν
2542 3135 2570 3187 6
2602 3133 2716 3196 υίὸς
2751 3131 2838 3186 διὰ
2865 3132 2962 3202 τῆς
2996 3130 3366 3203 προσηγορίας
3403 3130 3502 3202 τῆς
3532 3130 3728 3184 ἑαυτοῦ
3764 3136 3926 3187 πᾶσι

2233 3221 2510 3293 παραινῶν
2558 3221 2857 3291 ἀποστῆναι
2896 3218 2995 3289 μὲν
3047 3218 3149 3288 τῆς
3183 3219 3401 3283 κακίας,
3454 3217 3669 3272 ἑλέσθαι
3699 3219 3759 3272 δέ
3813 3221 3925 3291 τὴν

2234 3310 2453 3381 ἀρετὴν,
2480 3309 2572 3361 καὶ
2594 3308 2875 3376 διαφυγεῖν
2902 3305 2997 3375 τὴν
3019 3304 3285 3375 τοσαύτην
3308 3305 3702 3376 ἀγανάκτησιν,
3733 3311 3888 3378 φησί
3904 3325 3925 3344 ο

2231 3398 2341 3451 Καὶ
2380 3392 2458 3466 ἦν
2486 3394 2616 3450 Νῶε
2648 3392 2800 3448 ἐτῶν
2843 3393 3277 3456 πεντακοσίων,
3310 3392 3410 3446 καὶ
3441 3392 3735 3461 ἐγέννησε
3776 3396 3926 3451 Νῶε

2231 3486 2388 3555 τρεῖς
2411 3486 2601 3551 υιούς.
2660 3485 2803 3551 Ὅρα
2842 3482 3004 3538 πάλιν
3052 3481 3210 3537 ἀλλον
3237 3482 3445 3536 δίκαιον
3477 3483 3615 3553 μετά
3636 3486 3924 3552 γυναικὸς

2233 3574 2326 3627 καὶ
2346 3572 2569 3636 τέκνων,
2600 3570 2799 3643 πολλὴν
2820 3571 2920 3640 τὴν
2947 3571 3076 3639 περὶ
3104 3569 3196 3623 τὸν
3227 3568 3359 3623 Θεὸν
3378 3569 3737 3642 εὐαρέστησιν
3770 3589 3924 3627 κατ-

2232 3659 2548 3731 ωρθωκότα,
2594 3659 2690 3713 καὶ
2722 3657 3048 3721 άπεναντίας
3081 3656 3256 3709 ἀπασι
3284 3655 3383 3727 τὴν
3424 3657 3523 3727 τῆς
3549 3658 3755 3729 ἀρετῆς
3790 3661 3924 3714 ὁδὸν

2231 3747 2503 3817 ἑλόμενον,
2540 3746 2637 3801 καὶ
2676 3743 2826 3798 οὐδὲν
2858 3743 2982 3798 οὑτε
3018 3744 3124 3796 ὑπὸ
3153 3742 3248 3797 τοῦ
3285 3744 3486 3813 γάμου,
3514 3744 3636 3797 οὕτε
3665 3747 3779 3799 ὑπὸ
3810 3748 3923 3817 τῆς

2231 3833 2615 3905 παιδοτροφίας
2645 3831 2974 3886 κωλυθέντα.
3028 3829 3177 3894 Τέως
3204 3829 3262 3883 δέ
3291 3831 3585 3899 ἀναγκαῖον
3617 3834 3924 3905 ἐκπλατῆ-

2230 3938 2319 3975 ναι
2360 3918 2454 3973 τοῦ
2499 3915 2635 3972 Θεοῦ
2661 3917 2760 3989 τὴν
2797 3917 3002 3986 ἄφατον
3033 3915 3446 3988 μακροθυμίαν,
3495 3918 3729 3970 καὶτῶν
3782 3923 3922 3974 τότε

2229 4007 2531 4079 ἀνθρώπων
2555 4005 2653 4077 τὴν
2685 4004 3077 4076 ἀγνωμοσύνην
3104 4002 3203 4075 τὴν
3248 4003 3717 4073 ὑπερϐάλλουσαν.
3768 4007 3916 4061 Ἰδοὺ

2229 4099 2338 4169 γάρ
2398 4096 2728 4150 πεντακόσια
2773 4094 2867 4165 ἔτη
2924 4093 3061 4158 τέως
3090 4094 3379 4164 διήρκεσεν
3425 4095 3453 4145 ό
3494 4093 3699 4158 δίκαιος
3746 4091 3921 4163 οὗτος

2232 4186 2390 4255 βοῶν,
2423 4184 2516 4239 καὶ
2538 4182 3043 4253 διαμαρτυρόμενος
3057 4179 3146 4234 διὰ
3170 4179 3268 4249 τῆς
3301 4178 3493 4232 ἑαυτοῦ
3522 4184 3919 4253 προσηγορίας

2227 4272 2290 4325 τὸ
2324 4272 2513 4342 μέλλον
2546 4270 2763 4323 ἔσεσθαι
2793 4267 3080 4322 κλυδώνιον
3118 4265 3257 4321 κατά
3291 4269 3471 4320 πᾶσαν
3497 4267 3598 4337 τὴν
3639 4270 3919 4339 οἰκουμέ-

2228 4376 2324 4428 νην
2355 4358 2444 4412 διά
2492 4357 2588 4427 τὴν
2621 4356 2721 4425 τῆς
2761 4354 2957 4416 κακίας
2999 4354 3243 4407 ἐπίτασιν
3278 4353 3371 4406 καὶ
3415 4352 3536 4405 οὐδὲ
3558 4351 3734 4415 οὕτως
3769 4356 3917 4408 ἁπο-

2230 4446 2418 4516 στῆναι
2458 4444 2559 4512 τῆς
2587 4442 2785 4505 κακίας
2825 4439 3223 4511 ἠϐουλήθησαν.
3291 4437 3429 4492 Ἀλλ’
3459 4441 3488 4491 6
3516 4437 3919 4511 φιλάνθρωπος

2228 4531 2359 4594 Θεὸς
2385 4530 2508 4584 οὐδὲ
2546 4528 2682 4600 μετά
2711 4527 2810 4598 τὴν
2841 4527 3109 4598 τοσαύτην
3135 4524 3460 4597 πρόρρησιν,
3482 4524 3605 4577 οὐδέ
3634 4526 3783 4595 μετά
3817 4529 3917 4581 τὸν

2227 4618 2494 4671 τοσούτων
2523 4614 2754 4687 ἀριθμὸν
2783 4614 2919 4667 ἑτῶν
2952 4614 3048 4685 τὴν
3074 4613 3342 4685 τιμωρίαν
3375 4613 3592 4681 ἐπάγει,
3627 4612 3770 4666 ἀλλὰ
3801 4617 3913 4669 πά-

2226 4704 2309 4759 λιν
2338 4703 2516 4770 αὑξων
2546 4702 2708 4757 αὐτοῦ
2738 4702 2835 4775 τὴν
2876 4702 3277 4773 μακροθυμίαν,
3310 4701 3401 4756 καὶ
3438 4701 3622 4772 ἕτερον
3656 4701 3763 4755 οὐκ
3793 4705 3912 4757 ὀλίο

2226 4809 2337 4861 γων
2368 4792 2501 4846 ἑτῶν
2523 4790 2752 4863 ἀριθμὸν
2775 4788 3099 4860 προστίθησι
3128 4791 3194 4859 τῇ
3232 4788 3408 4859 οἰκείᾳ
3443 4787 3798 4860 ἀνεξικακίᾳ.
3829 4793 3913 4846 Οὐ

2226 4880 2333 4953 γὰρ
2348 4879 2437 4933 διὰ
2462 4877 2619 4931 τοῦτο
2658 4877 2949 4947 παρήγαγε
2972 4876 3070 4945 τὴν
3094 4875 3203 4929 τῶν
3224 4875 3524 4948 ἀνθρώπων
3548 4875 3735 4945 φύσιν.
3755 4878 3911 4933 ὥστε

2224 4964 2664 5037 τιμωρήσασθαι,
2700 4964 2841 5017 ἀλλά
2857 4964 3168 5016 τούναντίον
3188 4963 3355 5028 ἅπαν,
3384 4962 3522 5015 ὥστε
3546 4963 3657 5016 τῶν
3684 4967 3916 5035 μυρίων

2226 5049 2447 5119 ἀγαθῶν
2472 5047 2572 5118 τὴν
2603 5047 2902 5101 ἀπόλαυσιν
2927 5045 3297 5116 δωρήσασθαι.
3330 5047 3429 5099 Διά
3456 5046 3614 5099 τοῦτο
3644 5047 3790 5117 ὁρᾷς
3812 5051 3915 5102 αὐ-

2222 5136 2315 5189 τὸν
2347 5134 2622 5205 πανταχοῦ
2656 5133 2939 5206 μέλλοντα,
2979 5134 3074 5185 καὶ
3110 5132 3543 5203 ἀναϐαλλόμενον
3575 5135 3631 5185 ἐν
3661 5137 3795 5198 ταῖς
3824 5153 3914 5189 τι.

2226 5223 2480 5295 μωρίαις.
2513 5221 2653 5275 Ἀλλ’
2683 5221 2773 5275 ἵνα
2820 5218 2999 5291 μὴτῷ
3028 5219 3220 5289 πλήθει
3246 5219 3354 5273 τῶν
3381 5220 3694 5291 λεγομένων
3722 5239 3911 5277 κατα-

2221 5308 2487 5380 χώσωμεν
2528 5306 2682 5378 ὑμῶν
2712 5306 2811 5376 τὴν
2849 5305 3091 5375 μνήμην,
3150 5304 3311 5374 μέχρι
3358 5303 3550 5357 τούτου
3595 5307 3914 5377 στήσαντες

2220 5398 2315 5451 τὸν
2337 5397 2493 5464 λόγον
2525 5397 2604 5459 είς
2630 5395 2731 5465 τὴν
2760 5392 3023 5448 ἐπιοῦσαν
3043 5393 3114 5446 τὰ
3139 5393 3435 5464 λειπόμενα
3458 5395 3910 5464 ταμιεοσόμεθα.

2295 5487 2367 5546 ς’.
2393 5477 2619 5532 ἀΤαῦτα
2653 5477 2709 5530 δέ
2754 5477 2828 5547 μὴ
2859 5475 3044 5540 ἁπλῶς
3072 5474 3391 5544 ἀκούωμεν,
3414 5477 3710 5545 ἀγαπητοὶ,
3761 5479 3914 5534 ἀλλά

2221 5565 2600 5637 παιδευώμεθα
2624 5565 2721 5635 τῆς
2746 5564 2949 5636 ἀρετῆς
2981 5564 3376 5635 ἐπιμελεῖσθαι,
3394 5565 3486 5617 καὶ
3525 5564 3622 5633 τὴν
3648 5567 3786 5635 περὶ
3814 5569 3913 5621 τὸν

2219 5658 2351 5711 Θεὸν
2391 5656 2750 5727 εὐαρέστησιν
2793 5654 2921 5724 περὶ
2958 5653 3155 5706 πολλοῦ
3185 5652 3477 5711 ποιεῖσθαι,
3509 5652 3603 5703 καὶ
3630 5654 3775 5722 μήτε
3823 5658 3909 5707 οξ-

2220 5746 2343 5807 κίας
2389 5742 2755 5815 προστασίαν,
2797 5742 2932 5811 μήτε
2974 5741 3229 5811 γυναικὸς
3265 5741 3553 5811 φροντίδα,
3585 5741 3727 5808 μήτε
3772 5744 3906 5796 παί-

2283 5834 2304 5860 ε
2334 5830 2464 5889 Haec,
2488 5831 2613 5877 οὕτω
2635 5826 2779 5877 τοῦτό
2803 5845 2960 5890 φησιν,
2982 5843 3011 5877 e
3038 5828 3185 5877 Savil.
3228 5826 3724 5890 ιιςριτεςρτυιιῐπῐίιιιτ.

2278 5891 2307 5931 d
2330 5888 2752 5943 Hmc'lransposila
2794 5888 3031 5947 leguntur
3056 5891 3183 5950 apud
3208 5891 3440 5937 Savilium
3468 5896 3522 5935 et
3550 5888 3903 5950 duugcndires

2218 5966 2354 6006 mss..
2377 5953 2442 6000 ila
2464 5959 2519 6000 ut
2537 5965 2647 6000 cum
2666 5950 2987 6011 sequentibus
3009 5948 3143 5999 Pauli
3164 5952 3222 5999 ad
3242 5949 3555 6000 Timotheum
3580 5957 3629 5999 ct
3652 5948 3901 5998 Ezechie-

2225 6017 2288 6065 lis
2323 6013 2443 6063 locis
2482 6020 2595 6066 ante
2622 6014 2870 6075 (‘pilngum
2907 6019 3172 6075 ponantur.

3902 6132 3935 6149 υ
