4038 6394
206 347 302 406 18ί

206 465 454 510 revocare
479 447 592 503 vult
619 446 938 503 sententiam
965 459 1120 516 quam
1151 453 1335 499 contra
1355 444 1522 498 Adam
1548 442 1785 512 protulit;

204 545 290 602 sed
315 541 658 597 manifestum
689 539 790 593 hoc
830 555 936 592 non
964 537 1107 601 facit,
1147 545 1204 591 ut
1234 537 1392 590 timor
1422 536 1562 590 illius
1610 551 1793 590 emen-

202 634 395 691 dationi
423 632 642 687 serviat.
675 631 738 683 Et
765 629 964 682 idcirco
995 627 1198 692 Enoch,
1247 642 1369 682 cum
1418 627 1515 696 ipsi
1560 627 1789 680 multum

202 729 452 797 placeret,
501 721 786 776 transtulit.
811 719 926 774 Jam
955 721 996 772 si
1023 719 1141 787 quis
1165 717 1428 772 curiosius
1462 731 1650 786 rogare
1696 731 1793 770 ve-

205 820 278 884 lit,
325 825 384 871 et
437 817 618 871 dicere
663 832 675 868 :
733 814 801 867 Et
854 827 960 882 quo
1010 814 1180 881 ipsum
1223 809 1526 866 transtulit?
1569 820 1622 864 et
1664 825 1791 864 num

203 925 363 980 usque
390 909 459 962 ad
492 921 730 977 praesens
758 903 988 959 vixerit?
1016 904 1183 958 discat
1228 919 1332 957 non
1363 903 1649 957 convenire
1693 902 1790 955 hu-

201 1003 366 1058 manis
392 999 806 1070 cogitationibus
829 996 1076 1066 obsequi,
1105 1006 1159 1049 et
1188 995 1452 1049 curiosius
1500 1010 1560 1049 ea
1609 1009 1728 1064 quae
1756 1007 1787 1046 a

204 1096 306 1150 Deo
335 1093 473 1148 ﬁunt
512 1091 813 1160 explorare,
843 1087 936 1142 sed
983 1086 1202 1141 credere
1247 1087 1310 1140 iis
1351 1101 1469 1155 quae
1517 1085 1783 1139 dicuntur.

203 1188 327 1243 Nam
354 1185 574 1256 quando
606 1184 746 1237 Deus
791 1180 988 1250 aliquid
1043 1179 1385 1248 pronuntiat,
1431 1177 1587 1230 dictis
1623 1176 1792 1246 ipsius

201 1276 674 1335 contradicendum
719 1289 824 1326 non
863 1281 965 1335 est,
998 1271 1090 1324 sed
1125 1271 1228 1325 ﬁde
1257 1270 1502 1337 digniora
1547 1267 1789 1323 habenda

202 1382 319 1428 sunt
358 1389 480 1442 quae
517 1387 548 1423 a
602 1370 709 1422 Deo
748 1367 1176 1436 pronuntiantur,
1207 1364 1414 1419 etiamsi
1446 1378 1550 1417 non
1570 1377 1786 1430 compa-

204 1475 370 1528 reant,
395 1479 556 1534 quam
577 1477 636 1517 ea
651 1476 770 1530 qua:
790 1459 959 1513 oculis
977 1458 1172 1511 nostris
1185 1456 1416 1526 subjecta
1440 1464 1582 1509 sunt.
1603 1454 1788 1507 Enim-

201 1575 320 1613 vero
349 1555 628 1626 Scriptura
656 1552 810 1617 dixit,
842 1550 981 1619 quod
1015 1548 1340 1603 transtulerit
1364 1548 1532 1611 illum,
1581 1544 1788 1614 etquod

202 1655 464 1707 viventem
497 1648 850 1712 transtulerit,
904 1661 1001 1700 nec
1035 1653 1261 1698 mortem
1288 1649 1538 1710 expertus
1563 1641 1666 1704 sit,
1695 1638 1789 1694 sed

202 1745 266 1799 ob
291 1759 471 1809 suum,
509 1757 668 1811 quem
699 1739 838 1808 apud
859 1739 1026 1793 Deum
1060 1737 1287 1791 habebat
1310 1735 1542 1789 favorem
1563 1775 1580 1798 ,
1629 1746 1790 1801 supe-

202 1837 307 1891 rior
335 1837 506 1890 factus
537 1835 607 1888 sit
630 1832 806 1887 divina
835 1830 1098 1884 sententia
1120 1837 1305 1883 contra
1358 1827 1647 1879 humanum
1691 1838 1757 1893 ge
1776 1857 1788 1864 -

202 1943 298 1982 nus
324 1926 551 1997 prolata.
583 1924 698 1993 Quo
722 1931 897 1978 autem
925 1922 1073 1976 illum
1101 1918 1451 1986 transtulerit,
1482 1926 1537 1973 et
1563 1930 1787 1988 quomo-

200 2021 266 2076 do
291 2035 436 2075 nunc
469 2026 613 2087 agat,
644 2017 746 2071 hoc
771 2032 877 2071 non
899 2015 1112 2084 adjecit.

273 2113 330 2166 5.
367 2109 565 2164 Vidisti
596 2108 883 2164 bonitatem
924 2105 1168 2170 Domini,
1200 2103 1469 2175 quomodo
1515 2103 1787 2157 inventum

201 2205 374 2258 virum
424 2204 512 2272 qui
543 2202 791 2255 virtutem
839 2205 1090 2269 operatus
1117 2206 1220 2262 est,
1263 2213 1367 2251 non
1409 2195 1673 2250 fraudavit
1711 2193 1792 2247 di-

202 2295 397 2366 gnitate
423 2308 583 2363 quam
611 2291 916 2360 primigenze
944 2288 1143 2343 homini
1174 2298 1298 2342 ante
1327 2287 1562 2342 mandati
1610 2296 1789 2340 trans-

203 2386 530 2453 gressionem
576 2383 796 2453 largitus
833 2390 947 2436 erat
979 2398 991 2433 :
1025 2380 1225 2435 docens
1259 2393 1356 2434 nos
1377 2420 1396 2446 ,
1427 2393 1486 2434 se
1533 2387 1589 2434 et
1617 2377 1784 2440 illum,

204 2481 302 2534 nisi
328 2478 593 2532 dzcmonis
618 2475 984 2546 deceptionem
1013 2473 1180 2543 pluris
1211 2472 1420 2527 fecisset
1449 2487 1605 2541 quam
1638 2469 1791 2524 tradi-

205 2580 310 2623 tum
341 2567 677 2630 mandatum,
708 2565 895 2621 eodem
917 2565 1000 2619 vel
1023 2565 1211 2634 majori
1231 2564 1434 2618 honore
1451 2563 1787 2633 diguaturum

207 2661 407 2716 fuisse?
435 2660 526 2715 25.
558 2657 624 2712 Et
651 2658 804 2724 vixit,
835 2657 1024 2727 inquit,
1054 2654 1347 2709 Mathusala
1387 2671 1548 2708 annos
1594 2663 1790 2707 centum

202 2764 244 2807 et
268 2753 534 2823 octoginta.
548 2760 761 2821 septem,
787 2758 833 2803 et
857 2749 1028 2820 genuit
1057 2747 1276 2801 Lamech
1310 2762 1330 2800 :
1352 2747 1444 2802 28.
1485 2756 1532 2801 et
1552 2745 1674 2800 vixit
1693 2744 1792 2799 La-

201 2845 337 2898 mech
356 2860 520 2897 annos
547 2852 742 2897 centum
763 2841 1046 2912 octoginta,
1071 2839 1162 2895 29.
1201 2848 1249 2894 et
1289 2840 1458 2910 genuit
1505 2838 1690 2907 lilium,
1741 2846 1788 2892 et

202 2938 473 3008 appellavit
497 2953 678 2989 nomen
699 2934 838 2989 illius
865 2933 999 2999 Noe,
1024 2934 1194 2988 dicens
1213 2949 1231 2986 :
1257 2931 1356 2986 Hic
1377 2932 1683 3002 requiescere
1705 2935 1789 3002 fa-

203 3038 290 3090 ciet
320 3052 412 3090 nos
433 3034 495 3088 ab
520 3032 752 3101 aperibus
793 3031 996 3095 nostris,
1017 3039 1063 3084 et
1087 3046 1118 3081 a
1143 3029 1384 3082 molestiis
1415 3043 1654 3080 manuum
1696 3043 1789 3080 no-

203 3138 444 3191 strarum,
474 3137 520 3180 et
567 3143 598 3178 a
645 3135 780 3178 terra
819 3139 972 3194 quam
1019 3120 1282 3174 maledixit
1331 3119 1580 3173 Dominus
1629 3117 1789 3172 Deus.

206 3221 329 3276 Vide
353 3221 551 3276 iterum
581 3234 674 3288 per
699 3216 1108 3286 appellationem
1136 3229 1278 3269 tiunc
1307 3216 1415 3267 nati
1458 3229 1524 3267 ex
1558 3212 1788 3267 Lamech

204 3313 582 3385 mysteriorum
614 3310 1031 3381 magnitudinem
1053 3349 1067 3371 ,
1099 3307 1331 3362 vaticinii
1377 3307 1746 3362 excellentiam
1769 3345 1786 3368 ,

202 3416 255 3461 et
285 3407 376 3460 Dei
403 3406 538 3460 boni
562 3403 887 3459 ineﬂ'abilem
917 3401 1317 3471 benignitatem.
1349 3399 1608 3466 Quoniam
1645 3399 1789 3452 enim

203 3498 536 3570 przescientia
566 3510 662 3550 sua
691 3493 1018 3564 prawidebat
1058 3507 1120 3546 ea
1149 3506 1267 3561 qua:
1303 3489 1475 3544 futura
1518 3498 1704 3553 eram;
1732 3496 1792 3543 ut

202 3590 330 3644 vidit
356 3588 618 3643 malitiam
653 3586 930 3642 hominum
957 3585 1008 3639 in
1055 3583 1169 3638 dies
1203 3583 1371 3653 magis
1418 3591 1574 3652 atque
1623 3582 1792 3652 magis

203 3681 528 3746 increscere,
551 3679 790 3750 praedicit
807 3693 902 3748 per
921 3675 1328 3747 appellationem
1348 3674 1495 3744 pueri
1519 3673 1656 3728 mala
1673 3688 1792 3743 quae

204 3783 372 3829 totum
394 3773 686 3827 humanum
713 3783 880 3840 genus
905 3770 1149 3822 invasura
1179 3775 1382 3832 essent,
1405 3774 1462 3819 ut
1492 3765 1573 3819 vel
1601 3766 1790 3820 timore

201 3865 442 3935 castigati
472 3863 865 3918 abducerentur
891 3875 922 3913 a
953 3859 1115 3924 vitiis,
1148 3866 1202 3913 et
1229 3858 1659 3927 amplexarentur
1685 3857 1793 3910 vir-

203 3965 392 4011 tntcm.
427 3955 496 4009 Et
523 3955 645 4009 vide
686 3951 995 4024 patientiam
1021 3949 1229 4005 Domini
1257 3950 1516 4010 curantis,
1568 3957 1628 4003 ut
1667 3958 1793 4003 ante

205 4057 412 4102 tantum
461 4053 674 4116 tempus
697 4043 1004 4099 vaticinium
1043 4040 1400 4112 praecederet,
1445 4050 1502 4094 ut
1542 4049 1596 4094 et
1641 4055 1790 4094 suam

206 4139 513 4194 ostenderet
532 4135 970 4197 misericordiam,
992 4142 1048 4189 et
1067 4133 1211 4189 omni
1230 4133 1459 4202 privaret
1484 4131 1792 4187 defensione

207 4250 303 4290 eos
330 4234 421 4304 qui
453 4246 628 4302 poena:
657 4230 818 4285 futuri
845 4237 998 4284 erant
1022 4227 1257 4283 obnoxii.

277 4325 382 4379 Per
400 4325 638 4393 indignos
660 4322 913 4376 interdum
943 4319 1116 4389 futura
1139 4317 1347 4388 pradici
1367 4318 1472 4372 vult
1509 4317 1664 4371 Deus.
1695 4317 1794 4371 Ge-

207 4421 342 4474 neris
379 4417 591 4470 humani
632 4415 864 4469 interitus
892 4414 1032 4482 quies
1059 4421 1358 4466 vocatur.-——
1373 4411 1481 4466 Sed
1511 4410 1647 4465 forte
1675 4410 1792 4481 quis

211 4507 411 4564 dixerit
441 4525 454 4560 :
485 4504 639 4562 Unde
660 4503 890 4560 Lamech
922 4503 1026 4558 hoc
1053 4502 1253 4565 habuit,
1307 4510 1364 4555 ut
1409 4509 1615 4555 tantum
1654 4501 1790 4555 vati-

207 4601 406 4654 cinium
432 4595 784 4666 praediceret?
809 4609 914 4650 non
946 4594 1088 4650 enim
1113 4593 1356 4649 meminit
1378 4592 1656 4662 Scriptura
1671 4607 1792 4647 eum

207 4690 373 4746 multa
385 4688 583 4742 virtute
597 4686 872 4751 claruisse,
888 4685 1363 4754 admirabilemque
1385 4684 1565 4738 luisse.
1595 4683 1673 4738 Ne
1695 4683 1796 4737 mi-

207 4781 364 4844 reris,
395 4778 591 4833 dilecte
617 4795 630 4829 :
661 4777 914 4831 Dominus
940 4776 1082 4830 enim
1112 4782 1294 4830 noster
1313 4775 1524 4843 sapiens
1540 4783 1593 4828 et
1621 4774 1798 4828 omni-

207 4880 424 4942 potens,
453 4885 552 4939 per
588 4868 834 4938 indignos
878 4883 1021 4938 saepe
1064 4866 1309 4921 concedit
1335 4866 1547 4935 praedici
1577 4879 1796 4936 magnas

208 4961 589 5030 tuirabilesque
626 4975 713 5014 res
743 4976 756 5013 :
809 4958 967 5030 idque
1009 4975 1116 5013 non
1147 4958 1200 5012 in
1246 4958 1423 5013 Veteri
1453 4958 1797 5012 Testamento

208 5053 405 5116 solum,
433 5051 530 5106 sed
558 5061 613 5105 et
639 5052 690 5104 in
733 5049 903 5104 Novo.
933 5050 1072 5104 Audi
1115 5049 1256 5104 enim
1296 5049 1676 5118 evangelistam
1731 5049 1800 5103 de

206 5143 408 5214 Caipha
440 5141 745 5197 Judreorum
777 5140 1026 5212 pontiﬁce
1045 5141 1307 5196 dicentem
1344 5156 1362 5195 :
1410 5139 1523 5194 Hoc
1562 5149 1729 5194 autem
1766 5156 1801 5193 a

203 5237 476 5304 semetipso
517 5250 620 5288 non
641 5234 788 5299 dixit,
814 5233 901 5287 sed
927 5249 1044 5286 cum
1080 5242 1206 5287 esset
1232 5233 1463 5303 pontifex
1481 5232 1603 5285 anni
1623 5231 1794 5298 illius,

205 5327 452 5398 praedixit
477 5326 777 5378 moriturum
804 5341 908 5379 esse
927 5323 960 5377 .l
965 5341 1124 5387 esum,
1150 5342 1253 5378 non
1287 5324 1452 5378 solum
1473 5340 1566 5394 pro
1587 5324 1797 5394 populo,

206 5421 297 5476 sed
339 5428 398 5472 ut
421 5427 591 5490 gentes
627 5418 882 5488 dispersas
904 5426 1229 5487 congregaret
1255 5417 1307 5470 in
1332 5433 1493 5470 unum
1525 5416 1798 5487 (Joan.ll.

211 5512 328 5581 5|).
351 5510 598 5564 Invenies
625 5510 752 5564 item
780 5519 834 5564 et
855 5524 886 5563 a
914 5509 1128 5563 Balaam
1158 5509 1262 5564 tale
1289 5509 1418 5579 quid
1449 5509 1664 5563 factum.
1696 5508 1802 5564 Vo-

209 5613 359 5656 catus
386 5601 534 5656 enim
583 5610 636 5655 ut
669 5600 1010 5656 malediceret
1036 5601 1292 5670 populum
1314 5641 1326 5662 ,
1356 5616 1461 5653 non
1488 5600 1658 5654 solum
1691 5614 1796 5654 non

211 5693 509 5756 maledixit,
539 5690 632 5747 sed
655 5701 710 5746 et
734 5691 978 5761 praedixit
1007 5692 1200 5746 multas
1231 5691 1496 5760 mirasque
1523 5706 1610 5745 res
1630 5734 1642 5754 ,
1693 5707 1798 5746 non

213 5783 280 5838 de
308 5785 504 5855 populo
533 5793 757 5854 tantum,
781 5785 874 5842 sed
904 5785 1064 5842 etiam
1109 5784 1178 5841 de
1226 5783 1454 5840 adventu
1497 5780 1789 5841 Salvatoris

1267 328 1336 386 IN
1370 328 1521 385 CAP.
1564 327 1626 382 V.
1667 326 1909 386 GENES.
1948 328 2176 386 HOMIL.
2218 332 2366 392 XXI.

3387 342 3488 396 {82

1908 446 2076 500 nostri
2100 445 2288 517 (Num.
2318 449 2433 521 24).
2457 449 2572 505 Νοη
2603 451 2764 522 igitur
2789 453 3020 522 mireris,
3061 455 3107 512 si
3155 457 3312 512 etiam
3343 475 3483 513 nunc

1900 533 2136 592 Lamech
2158 538 2227 592 ita
2260 555 2480 609 puerum
2509 543 2806 613 appellarit.
2825 545 2919 600 sed
2949 547 3058 601 Deo
3088 556 3255 602 totum
3289 550 3482 617 tribue,

1899 626 1988 694 qui
2013 627 2196 682 solerti
2220 644 2316 684 sua
2342 632 2600 701 sapientia
2629 645 2816 690 cuncta
2844 637 3138 708 dispensat.
3186 641 3256 694 Et
3293 645 3486 695 vocavit

1899 733 2081 770 nomen
2102 719 2240 774 illius
2267 720 2398 775 Noe.
2425 723 2535 779 Hoc
2577 742 2798 792 nomen,
2845 729 2888 783 si
2934 730 3054 799 quis
3083 731 3479 800 interpretetur,

1899 808 2128 876 quietem
2157 811 2301 865 dicit.
2336 814 2578 878 Quietem
2619 827 2795 872 autem
2827 829 2981 872 vocat
3005 821 3308 890 generalem
3335 822 3483 876 illum

1898 899 2171 956 interitum
2202 915 2322 973 post
2348 908 2545 963 multos
2595 925 2763 965 annos
2817 911 3085 979 futurum;
3120 915 3257 970 sicut
3282 924 3337 970 et
3379 914 3484 970 Job

1897 991 2060 1048 dicit:
2098 994 2241 1051 Mors
2279 1000 2384 1052 viro
2407 1005 2545 1068 quies
2571 1002 2689 1073 (Job
2719 1005 2772 1058 5.
2798 1004 2892 1075 25)
2924 1024 2936 1058 :
2991 985 3240 1076 quoniam
3282 1010 3481 1064 multus

1896 1093 2050 1140 estet
2077 1088 2227 1144 valde
2255 1105 2472 1160 magnus
2503 1092 2653 1148 labor
2698 1097 2932 1161 malitiae,
2973 1099 3087 1168 ejus
3127 1102 3479 1155 cessationem

1897 1186 1951 1230 et
1975 1179 2324 1248 perditionem
2358 1200 2452 1253 per
2479 1185 2732 1241 diluvium
2758 1189 3006 1255 futuram,
3035 1192 3263 1262 quietem
3298 1203 3474 1249 vocat.

1898 1267 1963 1320 Et
1989 1274 2177 1326 vocavit
2204 1291 2384 1329 nomen
2405 1276 2543 1330 illius
2566 1277 2699 1332 Noe.
2730 1281 2928 1336 Deinde
2952 1285 3355 1351 appellationem
3383 1302 3480 1339 no-

1897 1361 2055 1416 minis
2087 1363 2482 1434 interpretatur,
2509 1376 2564 1422 et
2596 1370 2724 1425 dicit
2749 1387 2764 1422 :
2796 1371 2896 1425 Hic
2918 1378 3088 1444 utique
3106 1377 3315 1444 quietem
3337 1377 3479 1432 nobis

1896 1456 2152 1522 prwstabit
2190 1457 2250 1510 ab
2282 1463 2511 1529 aperibus
2533 1465 2718 1518 nostris
2738 1481 2756 1517 :
2792 1480 2820 1518 a
2851 1467 3069 1532 malitia,
3101 1469 3289 1535 inquit,
3319 1485 3477 1524 aver-

1899 1551 1991 1608 tet,
2023 1545 2092 1598 Et
2117 1563 2149 1599 a
2186 1549 2426 1604 molestiis
2453 1567 2691 1606 manuum
2716 1565 3002 1610 nostrarum
3027 1575 3045 1611 .'
3077 1570 3126 1611 et
3157 1559 3344 1612 iterum
3376 1559 3477 1615 hoc

1897 1633 2089 1702 ipsum,
2121 1636 2188 1690 ab
2213 1640 2483 1706 operibus,
2527 1643 2730 1712 inquit,
2775 1647 2950 1700 malis.
2994 1647 3109 1701 Non
3141 1649 3281 1703 enim
3326 1650 3475 1716 dicit,

1896 1740 2086 1781 manus
2113 1727 2297 1784 dolore
2323 1731 2540 1788 affectas
2569 1751 2582 1787 :
2624 1736 2715 1790 sed
2749 1753 2841 1804 per
2868 1739 3074 1794 illarum
3104 1756 3264 1810 opera
3288 1753 3340 1797 et
3365 1759 3480 1796 ma-

1897 1815 1974 1870 las
1998 1818 2255 1884 actiones,
2287 1823 2558 1880 molestias
2584 1836 2765 1880 auctas
2791 1828 2971 1884 fuisse.
3009 1830 3073 1883 Et
3095 1848 3122 1883 α
3150 1843 3300 1897 terra,
3325 1850 3477 1904 quam

1896 1910 2158 1964 maledixit
2183 1911 2443 1968 Dominus
2460 1915 2616 1971 Deus.
2639 1918 2906 1974 Liberabit
2925 1937 3039 1986 nos,
3066 1923 3252 1993 inquit,
3277 1925 3344 1978 ab
3364 1942 3480 1978 oru-

1896 2000 2052 2056 nihus
2105 2004 2260 2058 malis
2304 2009 2698 2075 prementibus,
2745 2019 2800 2066 et
2842 2013 3113 2069 laboribus
3143 2025 3198 2070 et
3247 2017 3479 2072 miseriis

1897 2109 2028 2162 quas
2057 2095 2297 2152 subimus
2324 2101 2373 2153 in
2416 2111 2551 2156 terra
2587 2104 2832 2172 colenda,
2861 2123 2978 2176 qua:
3007 2109 3360 2164 maledictioni
3392 2111 3476 2164 l'a—

1896 2199 1979 2242 cta
2007 2199 2088 2244 est
2114 2191 2341 2246 obnoxia
2362 2204 2574 2264 propter
2597 2198 2901 2267 primigenze
2924 2199 3154 2256 hominis
3183 2215 3478 2273 transgres-

1896 2282 2123 2338 sionem.
2151 2284 2245 2339 Hic
2284 2287 2670 2354 animadverte,
2703 2291 2916 2358 dilecte,
2957 2296 3224 2363 quomodo
3269 2298 3478 2366 puellus

1897 2374 1998 2429 iste
2042 2378 2291 2444 paulatim
2337 2395 2620 2446 crescens,
2672 2384 2920 2437 omnibus
2963 2387 3132 2455 ipsum
3177 2388 3480 2444 videntibus
3575 2431 3586 2440 .

1897 2466 2134 2522 discendi
2182 2472 2390 2525 occasio
2444 2472 2619 2527 fueril.
2671 2473 2800 2527 Nam
2851 2492 2972 2530 mox
3026 2487 3080 2532 ut
3116 2480 3232 2548 quis
3282 2497 3474 2536 nomen

1899 2561 2046 2627 pueri
2074 2561 2373 2618 sciscitatus
2417 2573 2517 2629 est,
2546 2580 2612 2619 ex
2642 2568 3077 2636 interpretatione
3120 2574 3363 2626 vocabuli
3391 2575 3476 2628 di-

1896 2648 2027 2704 dicit
2068 2661 2380 2707 eventurum
2425 2657 2725 2724 generalem
2763 2658 3051 2714 interitum.
3095 2661 3224 2717 Nam
3270 2665 3314 2719 si
3358 2667 3476 2734 quis

1895 2742 2077 2797 divino
2119 2743 2322 2814 Spiritu
2366 2747 2578 2802 afﬂatus
2627 2750 2938 2818 simpliciter
2967 2755 3067 2809 hoc
3107 2757 3335 2811 futurum
3389 2759 3475 2812 di-

1898 2835 2089 2899 xisset,
2135 2835 2189 2890 id
2210 2837 2386 2890 statim
2435 2839 2620 2894 fuisset
2644 2841 2896 2896 oblivioni
2928 2844 3194 2908 traditum,
3220 2856 3272 2902 et
3298 2849 3476 2918 gravi-

1899 2938 1979 2982 tas
2024 2944 2194 2999 posnaa
2232 2946 2338 2985 non
2367 2931 2552 2987 luisset
2579 2934 2824 2990 omnibus
2853 2938 3060 3008 cognita
3095 2956 3110 2992 :
3140 2956 3279 2995 nunc
3299 2952 3474 2996 autem

1897 3021 2017 3088 quia
2070 3020 2156 3076 hic
2190 3031 2314 3077 ante
2341 3023 2578 3078 omnium
2603 3037 2844 3080 versatur
2867 3029 3069 3095 oculos,
3093 3034 3402 3101 tempestive
3421 3043 3478 3088 et

1898 3114 2269 3183 intempestive
2294 3115 2528 3170 divinam
2558 3121 3009 3175 commemorabat
3035 3123 3473 3194 indignationem.

1898 3206 2063 3260 Porro
2112 3217 2172 3262 ut
2216 3218 2363 3263 certo
2393 3210 2624 3264 sciamus
2649 3221 2848 3280 quanto
2879 3222 3115 3284 tempore
3169 3232 3478 3286 persevcra-

1895 3298 2033 3356 vcrit
2057 3297 2196 3352 ﬁlius
2222 3315 2318 3368 per
2340 3301 2419 3354 sui
2450 3301 2681 3358 nominis
2729 3306 3134 3373 appellationem
3165 3325 3352 3365 omnes
3386 3312 3482 3366 ad-

1897 3404 2117 3444 monere
2147 3400 2205 3444 ut
2227 3391 2549 3447 desisterent
2576 3408 2606 3448 a
2647 3404 2881 3462 peccato,
2914 3405 2969 3452 et
2992 3397 3238 3453 virtutem
3275 3402 3480 3470 ample-

1895 3492 2166 3546 xarentur,
2191 3497 2296 3552 quo
2320 3483 2451 3536 iram
2483 3482 2618 3538 hanc
2637 3485 2871 3554 effugere
2913 3489 3170 3555 valerent,
3189 3489 3316 3544 dicit
3341 3509 3355 3544 :
3385 3492 3477 3546 '52.

1895 3572 1965 3626 Et
1999 3583 2103 3627 erat
2131 3574 2240 3628 Noe
2278 3591 2529 3628 annorum
2561 3577 2966 3648 quingentorum,
2991 3588 3039 3634 et
3079 3583 3249 3651 genuit
3284 3593 3382 3638 tres
3407 3585 3480 3652 ﬁ—

1896 3668 2011 3722 lios.
2045 3667 2176 3722 Vide
2201 3668 2390 3723 iterum
2419 3670 2578 3724 alium
2603 3670 2802 3740 justum
2843 3689 2962 3727 cum
3016 3689 3182 3731 uxore
3216 3686 3270 3731 et
3318 3677 3474 3744 ﬁliis,

1897 3761 1988 3830 qui
2033 3761 2170 3816 bene
2202 3761 2470 3830 operando
2495 3763 2778 3818 admodum
2828 3766 3024 3834 placuit
3056 3768 3184 3835 Deo,
3218 3779 3271 3824 et
3296 3781 3479 3826 contra

1896 3869 2054 3920 quam
2082 3867 2266 3907 omnes
2293 3854 2539 3923 agebant,
2569 3856 2777 3910 virtutis
2808 3858 2944 3912 viam
2981 3859 3143 3930 elegit
3174 3877 3186 3913 :
3216 3869 3268 3915 et
3307 3878 3480 3933 neque

1899 3944 2135 4013 nuptiis,
2188 3959 2358 4014 neque
2405 3945 2632 4000 ﬁliorum
2677 3947 2993 4004 educatione
3041 3951 3335 4019 prohibitus
3376 3965 3481 4010 est.

1899 4033 2067 4090 Porro
2090 4035 2511 4104 obstupescenda
2540 4047 2621 4092 est
2659 4038 2937 4095 ineﬁ‘abilis
2987 4043 3235 4110 patientia
3271 4045 3384 4108 Dei,
3426 4055 3480 4100 et

1896 4127 2197 4198 prodigiosa
2228 4127 2500 4182 hominum
2524 4172 2538 4194 ,
2580 4130 2669 4200 qui
2701 4140 2822 4185 tunc
2849 4143 3034 4201 erant,
3063 4136 3316 4206 nequitia.
3337 4137 3478 4194 Ecce

1897 4221 2039 4275 enim
2060 4221 2360 4290 quingentis
2404 4223 2555 4275 annis
2582 4222 2786 4277 vixerat
2810 4222 2985 4292 justus
3012 4226 3118 4294 ille,
3148 4228 3384 4282 clamans
3425 4238 3484 4284 et

1900 4313 2188 4368 testiﬁcans
2218 4329 2315 4367 suo
2341 4315 2557 4369 nomine
2587 4314 2820 4369 futurum
2848 4333 2942 4386 per
2967 4319 3269 4375 universum
3297 4323 3480 4377 orbem

1897 4393 2172 4473 diluvium,
2205 4407 2273 4462 ob
2298 4407 2513 4462 nimiam
2561 4407 2834 4463 hominum
2863 4411 3116 4466 malitiam
3142 4453 3157 4476 ,
3208 4421 3261 4468 et
3312 4430 3485 4485 neque

1900 4499 1979 4554 sic
2003 4515 2032 4552 a
2063 4500 2298 4570 nequitia
2327 4500 2598 4555 abstinere
2626 4501 2927 4557 voluerunt.
2962 4504 3030 4557 At
3059 4505 3296 4562 clemens
3341 4507 3483 4563 Deus

1900 4603 2073 4660 neque
2103 4598 2218 4659 post
2246 4598 2448 4644 tantum
2476 4590 2802 4658 vaticinium,
2838 4607 3008 4663 neque
3037 4603 3156 4662 post
3196 4604 3279 4649 tot
3315 4611 3482 4650 anno-

1902 4697 2020 4736 rum
2044 4698 2321 4736 numerum
2351 4698 2562 4753 pinnam
2592 4683 2788 4740 inducit
2819 4702 2832 4736 :
2863 4686 2956 4738 sed
2983 4686 3158 4741 denuo
3203 4702 3354 4742 suam
3385 4704 3484 4742 au-

1901 4785 2083 4829 cturus
2112 4775 2441 4844 patientiam,
2489 4775 2623 4830 alios
2667 4792 2769 4830 non
2797 4792 2992 4846 paucos
3017 4792 3185 4831 annos
3212 4795 3321 4832 sure
3348 4780 3486 4833 tole-

1901 4867 2087 4920 rantia:
2116 4866 2372 4936 adjungit.
2402 4866 2586 4936 Neque
2607 4869 2746 4922 enim
2779 4869 2898 4923 ideo
2927 4870 3172 4938 produxit
3197 4869 3485 4926 humanum

1902 4974 2071 5030 genus
2095 4969 2152 5014 ut
2173 4961 2404 5028 puniret,
2431 4959 2524 5014 sed
2553 4961 2715 5031 plane
2744 4976 2773 5015 c
2794 4960 3024 5024 diverso,
3059 4969 3114 5015 ut
3140 4961 3361 5016 donaret
3387 4979 3488 5015 no-

1905 5050 1988 5104 bis
2033 5051 2308 5105 innumera
2336 5051 2472 5106 bona
2503 5052 2696 5120 quibus
2726 5051 3043 5106 fruerentur.
3099 5053 3165 5106 Et
3208 5064 3487 5123 propterea

1905 5142 2076 5210 ipsum
2098 5141 2295 5212 ubique
2326 5142 2472 5197 vides
2496 5151 2850 5207 cunctantem,
2897 5152 2952 5197 et
2986 5159 3163 5198 moras
3187 5155 3490 5201 nectentem

1906 5232 1958 5286 in
1985 5233 2156 5301 ptenis
2188 5232 2504 5302 inﬁigcndis.
2535 5232 2728 5286 Verum
2762 5249 2829 5286 ne
2866 5233 3128 5288 dictorum
3157 5235 3493 5290 multitudine

1907 5323 2220 5379 memoriam
2266 5336 2495 5379 vestram
2551 5325 2876 5389 obruamus,
2927 5324 3013 5379 hic
3065 5341 3370 5381 sermonem
3421 5327 3494 5380 si-

1906 5423 2128 5479 stentes,
2159 5425 2350 5470 caetera
2397 5431 2563 5484 usque
2592 5416 2642 5469 in
2689 5417 2975 5470 crastinum
3006 5431 3348 5486 reponemus.

1981 5507 2033 5563 6.
2075 5505 2290 5562 Moralis
2313 5508 2555 5578 epilogus.
2579 5508 2795 5564 —Harc
2832 5521 3030 5577 autem,
3069 5526 3136 5564 ne
3179 5509 3491 5580 simpliciter

1911 5608 1966 5654 et
1995 5598 2453 5653 inconsideranter
2480 5599 2776 5666 audiamus,
2805 5600 2979 5655 dilecti
3017 5644 3030 5656 .
3062 5599 3156 5654 sed
3181 5601 3484 5655 erudiamur

1911 5689 1979 5744 ad
2010 5689 2265 5743 virtutum
2309 5704 2489 5743 curam
2529 5690 2811 5760 agendam,
2860 5691 3252 5760 adinodumque
3280 5693 3486 5747 studea-

1913 5798 2029 5837 mus
2060 5781 2168 5837 Deo
2195 5781 2331 5837 bene
2365 5783 2602 5851 placere;
2651 5793 2708 5839 ct
2731 5798 2902 5852 neque
2933 5783 3120 5838 domus
3148 5782 3490 5855 gubernatio-
