4038 6394
514 324 613 378 185

513 451 654 497 omn,
688 448 857 503 neque
887 434 1068 487 uxoris
1107 448 1310 501 curam,
1348 452 1521 507 neque
1550 438 1775 492 filiorum
1826 438 2085 493 SOIllClltl-

514 528 711 591 dinem,
743 542 913 594 neque
950 527 1090 581 aliud
1118 527 1369 597 quiddam
1410 540 1784 600 prastexamns,
1811 533 1949 603 quod
1998 550 2065 603 ptt

515 630 687 677 tentus
715 623 840 675 satis
869 638 990 676 esse
1032 622 1099 676 ad
1142 625 1503 679 excusandam
1546 636 1782 680 nostram
1822 626 2086 697 negligeno

518 722 646 777 tetu,
691 711 1035 781 desidemque
1081 714 1241 767 vitam
1292 731 1305 768 :
1352 730 1523 782 neque
1572 715 1757 786 frigida
1802 716 1893 770 illa
1933 716 2094 771 verba

517 803 873 871 proferamus,
925 812 980 857 et
1021 802 1257 858 dicamus
1297 822 1310 857 :
1354 805 1649 860 Mundanus
1694 822 1831 872 sum,
1875 822 2094 860 uxorem

518 892 709 958 habeo,
736 901 789 947 et
814 892 1103 946 liberorum
1130 908 1313 948 curam
1349 909 1478 965 gero
1510 913 1524 949 :
1557 895 1609 949 id
1652 894 1791 966 quod
1825 895 1978 951 multi
2005 910 2098 950 so-

519 981 630 1034 lent
654 982 851 1048 dicere,
897 982 938 1034 si
971 984 1181 1052 quando
1229 998 1324 1038 eos
1366 1000 1612 1054 rogamus
1652 995 1710 1040 ut
1747 986 1813 1041 ad
1841 986 2096 1040 virtutum

522 1074 733 1127 labores
763 1074 1145 1142 ingrediantur,
1176 1076 1257 1130 vel
1289 1077 1513 1131 mullum
1554 1077 1784 1132 studium
1815 1077 2101 1132 adhibeant

524 1165 576 1219 in
606 1166 772 1220 Sacris
801 1166 992 1221 Literis
1017 1167 1275 1237 legendis.
1308 1169 1421 1223 Non
1444 1181 1524 1225 est
1546 1170 1645 1226 hoc
1667 1187 1864 1235 meum,
1896 1172 2098 1241 inquit:

523 1256 777 1325 numquid
841 1258 1135 1312 renuntiavi
1197 1260 1433 1314 smeulo?
1502 1262 1758 1331 numquid
1811 1262 2103 1317 monachus

525 1346 678 1399 sum?
705 1346 842 1412 Quid
868 1346 1019 1412 dicis,
1050 1346 1248 1402 homo?
1276 1350 1359 1404 An
1387 1349 1489 1405 hoc
1524 1350 1591 1405 ad
1621 1352 1767 1408 solos
1816 1351 2105 1407 monachos

527 1439 776 1506 pertinet,
809 1447 865 1492 ut
890 1439 1026 1494 bene
1052 1440 1160 1495 Deo
1188 1441 1472 1511 placeant?
1499 1444 1700 1499 Omnes
1725 1444 1969 1499 homines
1998 1446 2108 1500 vult

527 1528 703 1581 salvos
730 1526 863 1593 fleri,
891 1538 944 1583 et
970 1530 1035 1583 ad
1061 1532 1382 1600 agnitionem
1412 1533 1653 1587 veritatis
1678 1535 1859 1589 venire
1886 1533 2105 1607 (l.Tim.

528 1614 582 1668 9..
617 1616 696 1685 4),
730 1617 1033 1687 nullamque
1055 1620 1308 1674 virtutem
1335 1621 1618 1691 negligere.
1647 1622 1785 1677 Audi
1817 1623 1958 1677 enim
1984 1638 2107 1678 eum

532 1721 626 1774 per
654 1709 961 1777 prophetam
1004 1707 1268 1765 dicentem
1315 1727 1328 1763 :
1379 1709 1517 1766 Noto
1559 1724 1767 1767 mortem
1810 1714 2107 1781 peccatoris,

536 1798 623 1850 sed
648 1808 703 1851 ut
731 1809 1045 1854 convertatur
1072 1812 1118 1855 et
1143 1804 1272 1856 vivat
1312 1803 1522 1873 (Exeo/1.
1555 1806 1643 1860 18.
1672 1806 1789 1877 25).
1821 1806 2108 1876 Numquid,

534 1889 620 1943 dic
648 1905 763 1955 oro,
785 1891 930 1960 justo
957 1892 1078 1948 huic
1107 1896 1287 1949 uxoris
1310 1896 1660 1962 consuetudo,
1706 1897 1788 1951 vel
1826 1898 2111 1952 liberorum

535 1993 660 2032 cura
697 1979 793 2034 fuit
821 1980 1134 2037 obstaculo?
1173 1985 1407 2039 Obsecro
1453 1986 1612 2056 igitur
1650 2002 1715 2041 ne
1757 1988 2113 2057 nosmetipsos

539 2070 801 2138 fallamus,
828 2072 921 2128 sed
951 2085 1150 2144 quanto
1173 2076 1339 2147 magis
1365 2076 1731 2147 hujuscemodi
1764 2079 1906 2132 curis
1934 2078 2114 2148 impli-

538 2178 738 2229 cantur,
769 2173 915 2220 tanto
954 2168 1121 2238 magis
1164 2169 1395 2224 remedia
1443 2185 1508 2226 ex
1546 2170 1771 2226 lectione
1816 2171 2114 2227 divinarum

541 2256 931 2326 Scripturarum
969 2262 1338 2332 suscipiamus.
1378 2262 1567 2319 Nonne
1613 2272 1668 2318 et
1717 2264 1794 2319 illi
1837 2264 2113 2333 ejusdem,

541 2351 693 2415 cujus
722 2366 816 2403 nos
842 2365 1044 2419 sumus,
1078 2352 1289 2408 fuerunt
1316 2364 1537 2420 naturae,
1570 2370 1743 2425 neque
1788 2364 1893 2409 tam
1924 2356 2118 2410 multas

544 2439 840 2495 habuerunt
867 2444 1175 2499 occasiones
1193 2444 1259 2499 ad
1286 2445 1493 2500 virtutis
1518 2445 1749 2500 studium
1774 2446 2119 2502 inducentes?

544 2531 657 2598 Qua
700 2547 827 2602 ergo
869 2534 1068 2588 erimus
1110 2535 1264 2590 venia
1301 2535 1467 2606 digni,
1504 2537 1593 2607 qui
1642 2537 1732 2591 tali
1771 2536 1992 2593 fruimur
2020 2537 2119 2591 do-

544 2623 735 2687 ctrina,
757 2632 1022 2679 cttantam
1047 2627 1269 2695 gratiam
1293 2627 1561 2697 assequuti
1578 2642 1781 2696 sumus,
1807 2643 1869 2684 ac
1892 2644 2121 2697 superne

546 2712 834 2767 subsidium
860 2715 1134 2782 habemus,
1164 2727 1218 2771 et
1242 2717 1585 2773 iuell'abilium
1615 2719 1827 2775 illorum
1856 2720 2118 2775 bonorum

549 2805 952 2873 promissionem
978 2807 1301 2876 accepimus,
1330 2809 1374 2864 si
1402 2824 1510 2863 non
1536 2808 1604 2863 ad
1628 2825 1930 2865 mensuram
1960 2812 2126 2864 virtu-

549 2905 659 2948 tum
698 2897 1057 2965 pervenimus,
1100 2897 1291 2967 quibus
1331 2899 1535 2968 antiqui
1580 2898 1766 2954 Patres
1816 2900 2122 2969 pollebant?

548 2985 679 3039 Nam
709 2988 752 3041 si
784 2988 1104 3043 voluerimus
1128 2989 1290 3044 sobrii
1318 3005 1456 3055 esse,
1492 2989 1760 3045 suf‘ticiunt
1788 2990 1869 3045 vel
1911 3006 1972 3045 ea
2006 3006 2124 3060 qua:

552 3078 708 3131 hodie
745 3080 880 3135 dicta
922 3090 1043 3136 sunt
1073 3090 1128 3137 ιιι
1152 3082 1218 3136 ad
1245 3083 1454 3137 virtutis
1479 3098 1715 3137 antorem
1742 3097 1839 3137 nos
1868 3083 2122 3151 excitent,

554 3185 652 3222 nec
676 3171 837 3223 ullum
868 3180 1112 3246 putemus
1148 3171 1212 3233 ad
1257 3172 1393 3234 illius
1434 3176 1574 3230 viam
1610 3193 1731 3235 esse
1774 3171 2125 3241 impedimen-

556 3270 686 3319 tum.
719 3267 848 3321 Nant
885 3269 929 3322 si
958 3270 990 3321 ti
1018 3271 1107 3339 qui
1134 3279 1257 3324 ante
1286 3271 1459 3340 legem
1487 3278 1656 3333 erant,
1685 3285 1716 3323 a
1743 3266 1983 3323 doctrina
2027 3286 2115 3326 na-

557 3365 688 3410 tura:
742 3372 852 3411 suae
892 3360 1047 3413 insita
1090 3360 1156 3414 ad
1209 3369 1406 3415 tantam
1453 3361 1776 3431 pertigcrunt
1820 3360 2065 3416 virtutem
2109 3377 2124 3415 :

555 3447 681 3516 quid
706 3464 803 3502 nos
834 3451 1123 3517 poterimus
1148 3450 1347 3515 dicere,
1375 3452 1464 3522 qui
1496 3460 1616 3521 post
1656 3461 1857 3505 tantum
1896 3449 2128 3505 admini-

557 3538 752 3602 culum,
781 3548 835 3595 et
870 3551 989 3610 post
1032 3540 1226 3596 Christi
1257 3543 1562 3606 adventum,
1600 3554 1653 3597 et
1701 3542 1977 3596 imuuncra
2013 3540 2129 3611 ejus

558 3633 829 3699 miracula,
849 3633 1021 3688 adhuc
1037 3643 1142 3688 tam
1172 3636 1352 3703 procul
1374 3652 1402 3688 a
1422 3636 1612 3691 virtute
1635 3636 1851 3689 smnus?
1879 3634 2127 3699 Proinde,

555 3726 800 3790 obsecro,
833 3742 900 3780 ne
934 3727 1000 3780 ad
1028 3742 1091 3782 ea
1116 3744 1233 3797 qua:
1260 3728 1310 3781 iu
1337 3729 1502 3782 sacris
1528 3728 1815 3795 Scripturis
1852 3735 1977 3780 sunt
2001 3741 2132 3780 con-

559 3827 699 3869 tenta
731 3817 1040 3887 simpliciter
1066 3819 1445 3889 ingrediantur,
1476 3819 1568 3873 sed
1597 3834 1659 3873 ea
1690 3833 1811 3872 cum
1836 3818 2131 3873 attentione

558 3905 812 3975 legamus,
845 3918 901 3961 ut
925 3892 991 3962 ex
1025 3908 1127 3964 illis
1172 3918 1420 3979 percepta
1451 3910 1694 3971 utilitate,
1739 3907 1824 3962 vel
1863 3922 1984 3962 sero
2028 3907 2134 3961 sal-

560 4008 664 4050 tem
693 3999 973 4068 aliquando
1002 4001 1271 4064 virtutem,
1313 4016 1471 4070 quam
1518 4001 1657 4055 Deus
1695 4000 1902 4069 probat,
1941 4014 2133 4069 capes-

558 4103 677 4143 sere
706 4091 993 4145 valeamus.
1029 4092 1158 4146 Nam
1200 4092 1245 4146 si
1279 4092 1603 4162 spiritualent
1653 4093 1790 4145 hanc
1836 4090 2131 4144 doctrinam

558 4183 716 4233 etiam
747 4197 845 4235 nos
872 4183 1107 4251 quotidie
1137 4184 1288 4237 vobis
1314 4182 1592 4237 clamaturi
1621 4198 1823 4248 smnus,
1853 4197 2049 4251 vosque
2080 4182 2132 4236 in

562 4268 748 4323 eadem
795 4274 1055 4326 maneatis
1086 4275 1308 4342 ignavia,
1335 4290 1457 4343 qua:
1484 4283 1655 4327 vestra
1687 4274 1789 4327 erit
1831 4273 2029 4327 utilitas
2065 4288 2134 4328 ex

561 4364 806 4415 continua
829 4365 1106 4419 doctrina?
1126 4378 1216 4419 aut
1241 4368 1392 4421 nobis
1408 4383 1526 4437 qua:
1549 4367 1842 4421 consolatio
1868 4368 1987 4431 erit,
2012 4362 2134 4421 cu'rn

562 4452 817 4515 vulentns,
852 4472 949 4509 nos
978 4465 1176 4511 tantum
1207 4460 1447 4517 laborare
1475 4460 1692 4526 frustra,
1725 4471 1779 4513 et
1808 4460 1938 4513 nihil
1972 4460 2132 4529 profl-

562 4556 684 4597 cere
719 4553 861 4597 tanto
890 4548 1100 4602 studio?
1139 4549 1230 4602 Dic
1273 4549 1401 4603 milti
1431 4563 1447 4603 :
1473 4549 1658 4604 Nonne
1683 4566 1745 4604 ex
1776 4549 1979 4604 duabus
2002 4549 2137 4603 sub-

565 4634 773 4689 stantiis
796 4652 859 4691 co
882 4638 1064 4690 .stituti
1095 4655 1297 4705 smnus,
1327 4657 1390 4694 ex
1416 4640 1590 4694 anima
1618 4640 1758 4706 dico,
1789 4648 1844 4694 et
1871 4640 2133 4709 corpore?

561 4726 669 4781 Cur
693 4742 817 4795 ergo
845 4744 947 4781 non
975 4744 1155 4799 parent
1199 4731 1405 4800 utrique
1429 4747 1610 4785 curant
1639 4731 2011 4801 impendimus,
2039 4732 2135 4786 sed

560 4834 754 4888 corpus
791 4821 1000 4888 quidem
1039 4822 1283 4876 omnibus
1320 4821 1491 4876 modis
1515 4837 1782 4887 curamus,
1815 4832 1869 4876 et
1902 4823 2135 4878 accersi-

564 4922 681 4960 nms
703 4911 956 4973 medicos,
981 4926 1042 4965 ac
1070 4926 1163 4964 n0s
1180 4928 1389 4981 quoque
1414 4913 1539 4967 illud
1561 4914 1840 4982 diligenter
1862 4928 2131 4979 curamus,

567 5001 755 5052 vestitu
785 5002 1017 5068 pretioso
1047 5002 1174 5055 illttd
1208 5003 1451 5071 tegimus,
1480 5002 1655 5057 cibum
1680 5017 1840 5071 supra
1868 5018 2025 5072 quam
2051 5012 2136 5057 sat

562 5100 645 5143 est
666 5093 942 5157 sumimus,
968 5104 1124 5162 atque
1151 5093 1201 5146 in
1223 5094 1469 5148 continua
1495 5095 1842 5163 prosperitate
1864 5094 1992 5147 illud
2013 5109 2134 5150 esse

562 5180 827 5247 Volumus,
860 5191 915 5235 et
941 5183 1081 5235 nttlla
1110 5183 1327 5237 omnino
1365 5182 1677 5254 wgritudine
1703 5185 1883 5238 vexari
1916 5201 1929 5237 :
1961 5183 2057 5238 sed
2085 5183 2132 5238 si

563 5269 699 5324 forte
735 5270 861 5338 quid
888 5271 1152 5337 olnurbet,
1185 5289 1396 5328 omnem
1428 5289 1703 5329 movemus
1726 5272 2047 5340 machinam,
2076 5283 2134 5329 ut

561 5363 701 5430 quod
728 5362 1021 5418 molestiam
1051 5365 1204 5419 affert
1226 5366 1577 5422 emendetur?
1609 5367 1672 5421 Et
1698 5366 1799 5422 hoc
1824 5366 1889 5422 de
1909 5382 2135 5437 corpore

564 5458 707 5523 dico,
736 5458 875 5527 quod
909 5459 1198 5515 secundum
1247 5461 1591 5514 substantiam
1642 5461 1815 5515 minus
1853 5468 1935 5514 est
1963 5476 1977 5512 :
2007 5459 2133 5530 quid

562 5549 700 5602 enim
722 5550 911 5618 majus,
942 5551 1205 5617 anim:me,
1234 5568 1301 5606 an
1329 5553 1706 5622 corpus?Nam
1735 5553 1781 5608 si
1808 5558 1889 5612 vis
1912 5558 1928 5589 ³
1952 5555 2135 5611 videre

626 5640 639 5710 ξ
677 5640 878 5710 sati-lius
898 5644 968 5710 sic
992 5642 1134 5690 habet
1154 5649 1247 5710 νει
1274 5643 1365 5710 hoc
1385 5645 1446 5710 d_e
1472 5657 1699 5710 corpore,
1723 5649 1850 5710 quod
1869 5650 2136 5700 secundum

564 5702 1047 5769 substantirmrminus
1073 5710 1159 5763 est,
1180 5703 1316 5766 (quid
1341 5705 1468 5755 enim
1490 5702 1917 5769 maiusmitimaue
1940 5725 2004 5763 att
2023 5722 2134 5763 cor-

560 5775 649 5823 pus
667 5762 711 5813 i’)
728 5762 1022 5825 trepidamus
1044 5772 1090 5816 et
1108 5762 1351 5819 curamns.
1378 5769 1495 5821 Etsi
1517 5769 1646 5821 vis...

1272 323 1329 379 8.
1366 324 1642 383 JO.\NNlS
1677 314 2150 384 CllllYSOSTOMl
2189 314 2505 372 ARCIIIEP.
2547 320 3078 381 CONSTANTINOP.

3670 331 3783 389 ’ὶδᾶ

2205 428 2590 497 diversitatem,
2616 435 2977 491 animadverte
3003 438 3271 507 quomodo
3299 442 3491 496 nullius
3520 445 3771 498 momenti

2198 522 2269 575 sit
2291 537 2484 593 corpus
2512 526 2556 577 si
2586 529 2761 580 anima
2787 529 2854 581 ab
2881 544 2945 581 eo
2974 530 3295 585 discesserit.
3332 532 3495 601 lgitur
3527 537 3616 605 qui
3657 548 3774 590 tan-

2202 619 2309 665 tam
2338 612 2501 666 habes
2523 617 2763 684 corporis
2786 633 2987 680 curam,
3027 619 3177 688 cujus
3218 624 3406 690 gratia,
3456 632 3510 678 et
3560 639 3776 693 propter

2200 701 2329 771 quid
2360 712 2561 757 tantum
2591 706 2782 761 animae
2806 720 3165 780 contemptum
3207 712 3462 777 admittis,
3505 724 3559 769 et
3606 732 3777 785 neque

2203 806 2495 861 congruum
2528 795 2604 849 illi
2632 796 2806 851 cibum
2837 800 3123 870 impartiris
3164 819 3177 855 :
3210 803 3623 860 admonitionem
3655 807 3781 861 dico

2205 898 2273 935 ex
2313 883 2479 939 sacris
2507 884 2815 955 Scripturis,
2862 905 3033 959 neque
3078 892 3385 949 vulneribus
3421 904 3476 949 et
3514 896 3782 953 ulceribus

2206 988 2323 1042 qua:
2350 973 2489 1029 illius
2514 976 2677 1032 robur
2700 977 2996 1046 debilitant,
3019 990 3072 1035 et
3100 981 3342 1039 fiduciam
3363 998 3635 1055 enervant,
3660 987 3781 1041 ido-

2210 1080 2307 1118 nea
2338 1065 2572 1121 remedia
2600 1068 2822 1136 apponis
2851 1087 2864 1123 :
2895 1070 2988 1126 sed
3016 1070 3125 1126 fers
3156 1084 3210 1127 ut
3239 1073 3327 1129 illa
3363 1074 3612 1146 despecta
3640 1077 3789 1133 fame

2208 1156 2567 1223 contabescat,
2593 1158 2660 1211 ab
2688 1160 2956 1215 ulceribus
2985 1164 3263 1230 putrefiat;
3302 1172 3356 1219 et
3398 1166 3604 1235 objecta
3629 1169 3793 1238 quasi

2212 1246 2452 1308 canibus.
2485 1248 2639 1303 liceat
2665 1251 2742 1304 sic
2764 1250 2961 1318 dicere,
2990 1269 3019 1307 a
3042 1254 3194 1308 malis
3217 1264 3272 1309 et
3296 1255 3488 1311 illicitis
3511 1260 3795 1328 cogitatio~

2213 1336 2369 1391 nibus
2389 1337 2728 1406 dilaceretur,
2756 1342 3033 1413 omnisque
3058 1344 3282 1400 firmitas
3304 1347 3418 1417 ejus
3440 1348 3783 1403 dissolvatur.

2284 1429 2465 1482 Anima
2488 1433 2737 1500 quomodo
2764 1436 3010 1489 curanda.
3030 1466 3100 1476 —
3120 1436 3294 1505 Quare
3315 1455 3418 1494 non
3445 1441 3578 1495 sicut
3603 1442 3792 1515 visibi-

2213 1518 2278 1574 lis
2304 1524 2542 1591 corporis
2565 1526 2795 1595 gerimus
2814 1541 3017 1595 curam,
3046 1529 3115 1583 ita
3141 1538 3195 1584 et
3222 1532 3430 1597 animm,
3454 1549 3573 1603 qua:
3603 1534 3799 1589 ineor-

2214 1627 2375 1682 porea
2405 1624 2458 1668 et
2485 1616 2794 1682 invisibilis;
2837 1620 3129 1687 praesertim
3168 1636 3288 1676 cum
3335 1638 3462 1677 cura
3503 1625 3637 1694 ejus,
3678 1643 3792 1682 non

2216 1703 2376 1758 modo
2404 1706 2536 1760 levis
2563 1706 2633 1760 sit
2656 1716 2711 1761 et
2745 1707 2935 1775 facilis,
2979 1709 3071 1765 sed
3099 1712 3255 1766 etiam
3294 1714 3423 1768 nihil
3467 1715 3519 1769 in
3549 1732 3608 1770 ea
3637 1718 3793 1771 insu-

2217 1803 2411 1861 matur,
2464 1811 2635 1866 tthue
2690 1798 2997 1853 laboretur?
3053 1802 3229 1871 Atque
3280 1801 3367 1857 hic
3413 1805 3624 1874 quidem
3665 1822 3794 1862 cum

2219 1896 2302 1942 est
2327 1902 2519 1957 corpus
2572 1890 2887 1957 curandum,
2928 1907 3046 1946 cum
3086 1896 3305 1949 sanandi
3335 1896 3503 1950 morbi
3548 1899 3803 1967 corporis

2218 1996 2463 2051 magnam
2519 1997 2739 2038 necesse
2792 1994 2876 2039 est
2923 1986 3197 2054 pecuniam
3249 1986 3595 2056 impendere,
3650 2006 3800 2045 nunc

2221 2070 2273 2123 in
2329 2071 2602 2137 medicos,
2661 2089 2801 2128 nunc
2852 2075 2903 2128 in
2944 2075 3047 2129 alia
3102 2078 3444 2145 necessaria,
3498 2087 3681 2149 utpote
3740 2081 3806 2136 in

2224 2170 2402 2217 vestes
2442 2172 2496 2217 et
2530 2165 2827 2218 alimenta:
2874 2180 2941 2220 ne
2982 2166 3107 2237 quid
3154 2167 3365 2222 interim
3404 2168 3575 2223 dicam
3622 2170 3689 2224 de
3730 2171 3801 2225 iis

2224 2267 2343 2322 quae
2390 2263 2584 2323 praeter
2625 2256 2983 2311 necessarium
3027 2272 3181 2312 usum
3236 2258 3362 2313 luxu
3413 2260 3805 2327 absumuntur;

2222 2346 2397 2401 anima
2469 2356 2644 2403 autem
2702 2348 2847 2405 nullo
2905 2350 3090 2403 horum
3156 2349 3392 2420 indiget,
3454 2350 3548 2407 sed
3604 2353 3647 2406 si
3698 2368 3804 2407 vo—

2224 2437 2424 2504 lueris,
2487 2439 2625 2493 sicut
2681 2440 2917 2509 quotidie
2975 2443 3185 2512 corpori
3246 2443 3423 2497 cibum
3492 2445 3809 2515 suppeditas

2225 2538 2280 2584 et
2325 2531 2577 2598 pecunias
2606 2529 2853 2597 edundis,
2884 2532 2962 2587 sic
2989 2541 3045 2587 et
3078 2534 3313 2588 animam
3353 2549 3458 2592 non
3500 2534 3807 2605 despicere,

2185 2682 2193 2690 ,
2227 2631 2284 2675 ιιι
2307 2637 2375 2675 ne
2404 2621 2541 2676 fame
2567 2631 2784 2693 pereat;
2812 2624 2904 2679 sed
2927 2623 3059 2679 dare
3085 2626 3183 2696 ipsi
3203 2633 3578 2696 congruentem
3598 2627 3805 2689 cibum,

2228 2712 2474 2768 videlicet
2510 2729 2573 2768 ex
2620 2714 2846 2769 lectione
2888 2713 3282 2785 Scripturarum
3324 2723 3378 2771 et
3423 2732 3492 2771 ex
3541 2717 3809 2787 spirituali

2227 2804 2595 2858 adhortatione
2624 2820 2644 2858 :
2672 2802 2795 2859 Non
2821 2806 2961 2861 enim
3002 2806 3057 2859 in
3100 2822 3248 2876 parte,
3293 2806 3442 2873 dicit,
3472 2809 3632 2861 solum
3676 2809 3815 2865 viset

2229 2896 2396 2963 homo,
2427 2894 2516 2951 sed
2551 2899 2604 2951 in
2640 2898 2777 2952 omni
2821 2899 2967 2953 verbo
3010 2900 3144 2969 quod
3186 2901 3440 2970 egreditur
3479 2918 3570 2973 per
3592 2918 3665 2955 -οε
3707 2900 3817 2955 Dei

2230 2987 2451 3058 (Matth.
2479 2990 2533 3043 4.
2562 2988 2629 3059 ι)
2664 3006 2677 3042 :
2710 2990 2910 3059 optime
2930 2988 2998 3045 de
3026 2990 3109 3046 his
3136 2992 3404 3055 statueris,
3437 3002 3491 3046 et
3513 2992 3649 3063 parti
3686 3009 3815 3061 qua:

2230 3081 2385 3136 nobis
2412 3082 2578 3151 magis
2607 3091 2689 3136 est
2719 3083 2950 3153 prepria,
2981 3092 3125 3139 recte
3151 3085 3507 3155 prospexeris.
3535 3084 3687 3139 Sicut
3712 3084 3819 3153 igi-

2232 3180 2320 3225 tur
2346 3172 2557 3241 corpori
2586 3174 2730 3227 varia
2755 3173 2961 3244 prtebes
2986 3174 3317 3241 indumenta,
3345 3184 3400 3230 et
3421 3175 3680 3230 rationem
3716 3174 3815 3229 ba-

2230 3270 2325 3327 bes
2343 3267 2468 3322 anni
2493 3273 2874 3337 tempestatum
2899 3267 2950 3321 in
2977 3263 3206 3321 vestium
3225 3264 3535 3333 diversitate
3563 3290 3578 3325 :
3618 3265 3819 3325 sintdi-

2236 3371 2316 3415 ter
2343 3376 2515 3431 neque
2538 3364 2771 3417 animam
2789 3362 3069 3431 despicito,
3101 3371 3160 3417 ut
3187 3377 3255 3418 ne
3288 3362 3425 3417 nuda
3454 3364 3607 3418 bonis
3630 3364 3819 3433 operi-

2233 3452 2332 3507 bus
2356 3453 2679 3519 obambulet,
2708 3452 2804 3508 sed
2832 3452 3143 3508 decentibus
3173 3453 3317 3508 illam
3354 3454 3587 3510 vestibus
3613 3454 3815 3520 indue;

2234 3545 2410 3599 statim
2444 3561 2561 3600 eam
2590 3544 2864 3615 reparabis
2891 3555 2946 3599 et
2967 3544 3034 3599 ad
3066 3544 3359 3600 naturalem
3402 3545 3680 3600 sanitatem
3724 3560 3821 3599 res

2234 3634 2419 3689 duces.
2448 3634 2515 3689 Et
2542 3650 2661 3705 qua:
2691 3643 2815 3689 sunt
2840 3635 3032 3689 anima:
3073 3633 3418 3690 indumenta?
3458 3634 3821 3707 Eleemosyna

2235 3735 2289 3781 et
2314 3726 2529 3795 largitas
2554 3726 2605 3779 in
2628 3740 2893 3797 pauperes
2923 3744 2935 3780 :
2964 3724 3065 3780 hoc
3099 3725 3242 3781 enim
3284 3727 3574 3780 maximum
3617 3728 3822 3780 anima:

2235 3820 2608 3883 vestimentum
2638 3827 2740 3886 est,
2767 3819 2868 3874 hoc
2894 3818 3228 3890 splendidum
3258 3818 3399 3874 illius
3424 3818 3820 3873 indumentum.

2237 3914 2293 3968 Si
2322 3922 2497 3967 autem
2524 3914 2603 3968 vis
2629 3927 2737 3967 non
2764 3913 2935 3966 solum
2965 3911 3276 3966 vestimenta
3304 3926 3514 3981 parare,
3546 3910 3641 3965 sed
3671 3911 3823 3963 illam

2236 4022 2431 4063 ornare
2456 4007 2639 4069 etiam,
2670 4005 2807 4059 sicut
2832 4018 3025 4074 corpus
3050 4003 3213 4067 soles,
3253 4017 3463 4072 appone
3492 4001 3821 4070 adjutorium

2236 4096 2378 4167 quod
2401 4112 2467 4151 ex
2492 4094 2738 4166 precibus
2759 4101 2862 4157 est,
2889 4103 2942 4149 et
2963 4102 3299 4164 peccatorum
3322 4091 3736 4155 confessionem,
3762 4100 3825 4145 et

2236 4188 2499 4243 continuis
2525 4186 2771 4257 laerymis
2792 4185 2980 4240 faciem
3004 4194 3147 4239 tuam
3170 4185 3346 4240 lavare
3365 4200 3433 4239 ne
3458 4198 3653 4239 cesses.
3675 4182 3825 4237 Nam

2238 4282 2374 4335 sicut
2399 4280 2586 4335 faciem
2616 4277 2860 4349 corporis
2882 4279 2959 4333 tui
2985 4277 3220 4348 quotidie
3258 4292 3379 4331 eum
3419 4274 3563 4330 omni
3610 4274 3821 4328 sollici-

2241 4373 2424 4428 tudine
2443 4370 2634 4435 abluis,
2666 4386 2738 4425 ne
2778 4385 2883 4440 qua
2913 4369 3052 4425 forte
3100 4369 3301 4423 macula
3344 4367 3499 4422 faciei
3543 4366 3827 4422 inhaerens

2238 4466 2531 4523 deformem
2578 4462 2721 4519 illam
2750 4462 2940 4519 reddat
2984 4480 2999 4517 :
3039 4462 3117 4517 sic
3153 4471 3207 4516 et
3233 4461 3425 4515 anima:
3460 4474 3640 4514 curam
3677 4457 3826 4514 habe

2240 4561 2461 4617 fervidis
2505 4559 2740 4631 quotidie
2786 4556 3036 4629 lacrymis
3070 4570 3189 4610 eam
3234 4554 3474 4609 abluens.
3523 4551 3631 4605 llac
3668 4551 3822 4605 enim

2238 4669 2372 4723 aqua
2394 4652 2616 4707 maculis
2640 4649 2916 4720 depositis,
2939 4648 3056 4717 ejus
3081 4647 3241 4701 facies
3268 4643 3593 4714 splendidior
3615 4642 3822 4696 evadit.

2240 4745 2305 4800 Et
2330 4746 2451 4815 quia
2481 4743 2729 4798 mulieres
2748 4743 3018 4812 pleraeque
3044 4739 3113 4794 ob
3138 4736 3439 4801 mollitiem,
3466 4734 3825 4805 apostolicum

2240 4838 2544 4891 mandatum
2585 4841 3008 4898 contemnentes,
3053 4844 3160 4899 quo
3199 4828 3418 4899 jubetur
3456 4842 3523 4882 ne
3567 4824 3633 4879 In
3669 4826 3833 4879 tortis

2238 4928 2478 4990 crinibus,
2509 4934 2595 4977 aut
2619 4939 2762 4987 auro,
2790 4921 2868 4976 vel
2895 4919 3203 4990 margaritis,
3241 4918 3321 4971 vel
3354 4927 3485 4970 veste
3520 4924 3827 4983 sumptuosa

2240 5034 2300 5074 se
2336 5024 2531 5072 ornent
2559 5017 2633 5086 (l.
2662 5014 2796 5068 Tim.
2826 5014 2881 5068 2.
2904 5012 2983 5083 9),
3030 5026 3222 5081 magno
3269 5008 3372 5063 hoc
3408 5005 3533 5062 luxu
3580 5006 3823 5071 faciunt;

2240 5125 2410 5180 neque
2447 5109 2695 5163 mulieres
2726 5114 2950 5171 tantum,
2997 5104 3092 5159 sed
3135 5112 3190 5158 et
3232 5101 3330 5156 viri
3358 5099 3579 5171 quilibet
3624 5098 3829 5153 molles

2240 5203 2436 5257 vilibus
2482 5198 2808 5254 mulierculis
2842 5196 3045 5251 similes
3085 5194 3236 5257 fiunt,
3266 5190 3491 5246 annulos
3513 5188 3694 5259 digitis
3723 5204 3823 5255 ge~

2239 5304 2399 5358 stant,
2428 5301 2482 5347 et
2506 5290 2708 5361 magnis
2731 5288 3087 5359 gravibusque
3112 5283 3377 5353 lapidibus
3412 5296 3472 5336 se
3498 5288 3715 5345 emant,
3751 5279 3830 5335 de

2240 5385 2431 5455 quibus
2459 5383 2777 5437 erubescere
2798 5385 3073 5450 oporteret
3111 5392 3127 5431 :
3172 5385 3227 5430 et
3254 5375 3361 5429 illa:
3388 5387 3516 5443 ergo
3556 5379 3614 5426 et
3638 5371 3730 5435 hi,
3774 5372 3827 5425 si

2239 5477 2373 5532 meis
2402 5484 2650 5546 parerent
2693 5472 3047 5535 sermonibus,
3093 5482 3251 5523 aurea
3296 5466 3431 5531 hate,
3462 5479 3581 5534 quae
3608 5476 3663 5518 et
3687 5463 3830 5517 viris

2239 5580 2294 5626 et
2321 5568 2628 5623 mulieribus
2643 5565 2897 5620 damnosa
2920 5573 3063 5627 sunt,
3088 5561 3140 5615 in
3164 5562 3409 5615 ornatum
3428 5556 3621 5610 animae
3644 5564 3814 5609 trans-

2241 5665 2460 5726 ferrent,
2493 5671 2547 5716 et
2575 5659 2690 5714 istis
2719 5658 2859 5711 illam
2886 5655 3229 5710 adornarent.
3265 5651 3397 5705 Nam
3427 5648 3566 5703 sicut
3603 5647 3826 5717 corpori

2250 5754 2638 5821 circumposita,
2685 5749 2891 5807 etiamsi
2918 5747 3211 5803 formosum
3240 5742 3329 5811 sit,
3374 5742 3545 5814 ipsum
3574 5738 3827 5795 deforme
