4038 6394
161 379 296 436 ,183

185 496 290 550 δων
331 489 672 564 ἐπιμέλειαν,
701 492 841 563 μήτε
883 490 1011 547 ἄλλο
1049 491 1216 564 μηδὲν
1267 490 1720 564 προδαλλὼμεθα,
1753 491 1850 544 καὶ

183 585 494 656 νομίσωμεν
521 585 716 655 ἀρκεῖν
753 585 888 654 ἡμῖν
917 585 996 648 είς
1019 584 1314 651 ἀπολογίαν
1338 583 1434 638 τοῦ
1467 583 1728 656 ῥᾳθύμως
1758 585 1851 638 καὶ

183 673 544 744 ἠμελημένως
591 672 712 742 ζῇν,
760 671 894 741 μηδέ
944 671 1012 726 τά
1046 671 1230 743 ψυχρά
1264 673 1449 728 ἐκεῖνα
1479 672 1574 728 καὶ
1617 673 1850 742 ἀνόνητα

185 762 401 832 ῥήματα
427 759 820 830 προφέρωμεν,
855 759 949 814 καὶ
975 759 1224 830 λέγωμεν
1245 777 1259 790 ·
1300 760 1564 830 κοσμικός
1595 763 1730 830 εἰμι,
1756 777 1854 828 γυ-

183 851 340 901 ναῖκα
367 846 502 918 ἔχω,
545 847 642 900 καὶ
669 846 876 900 τέκνων
903 848 1158 916 φροντίδα
1203 847 1478 918 ποιοῦμαι.
1533 846 1714 901 Ταῦτα
1739 851 1854 912 τοῖς

185 935 424 988 πλείοσιν
451 934 576 996 ἔθος
607 933 812 1002 λέγειν,
857 935 1074 988 ἐπειδάν
1111 937 1306 999 αὐτοὺς
1334 935 1738 1007 παρακαλῶμεν
1773 938 1853 999 εἰς

187 1025 306 1087 τοὺς
335 1022 478 1095 ὑπὲρ
510 1025 614 1093 τῆς
643 1023 843 1094 ἀρετῆς
871 1025 1088 1088 πόνους,
1125 1023 1158 1094 ἢ
1193 1023 1322 1095 περὶ
1353 1025 1452 1094 τὴν
1485 1023 1592 1078 τῶν
1621 1025 1854 1095 Γραφῶν

187 1112 490 1178 ἀνάγνωσιν
552 1111 751 1182 πολλὴν
807 1111 1078 1164 ποιεῖσθαι
1117 1112 1216 1182 τὴν
1251 1113 1506 1183 σπουδήν.
1559 1113 1674 1165 Οὐκ
1707 1113 1854 1166 ἐστιν

189 1199 314 1267 ἐμὸν
335 1199 517 1260 τοῦτο.
547 1200 712 1268 φησί·
768 1199 842 1270 μὴ
869 1199 977 1269 γάρ
1000 1200 1358 1269 ἀπεταξάμην
1383 1217 1398 1266 ;
1439 1201 1512 1270 μὴ
1541 1199 1651 1272 γάρ
1690 1219 1855 1271 μονα-

189 1289 279 1357 χὸς
305 1289 450 1356 είμι;
481 1287 546 1339 Τί
580 1287 782 1354 λέγεις,
819 1285 1114 1357 ἀνθρωπες
1155 1287 1415 1351 Ἐκείνοις
1440 1288 1623 1358 μόνοις
1651 1291 1852 1342 ἀποκε-

191 1375 456 1443 κλήρωται
486 1374 548 1426 τὸ
565 1373 668 1443 τῆς
699 1374 836 1443 πρὸς
868 1373 959 1426 τὸν
987 1374 1118 1428 Θεὸν
1151 1375 1558 1446 εύαρεστήσεως
1589 1392 1605 1440 ;
1638 1376 1854 1440 Πάντας

191 1459 328 1532 1190]
355 1460 848 1530 ἀνθρώπους.θέλει
883 1461 1141 1529 σωθῆναι,
1171 1462 1264 1514 καὶ
1297 1462 1376 1525 εἰς
1403 1462 1696 1529 ἐπίγνωσιν
1725 1463 1852 1532 ἀλη-

189 1549 331 1612 θείας
361 1548 558 1612 ἐλθεῖν,
585 1549 682 1602 καὶ
711 1548 900 1602 οὐδένα
921 1547 1165 1618 βούλεται
1188 1549 1389 1618 ἀρετῆς
1406 1549 1854 1617 ἀμελεῖν.¹⁹Λκουε

192 1636 292 1704 γάρ
335 1635 504 1689 αὑτοῦ
543 1635 636 1688 διὰ
673 1635 770 1689 τοῦ
814 1637 1090 1706 προφήτου
1126 1634 1406 1703 λέγοντος·
1447 1637 1528 1690 Οὐ
1553 1637 1856 1706 ,ϐούλομαι

191 1723 291 1775 τὸν
311 1723 574 1777 θάνατον
614 1723 722 1777 τοῦ
750 1720 1122 1792 ἀμαρτωλοῦ,
1157 1723 1237 1789 ὡς
1277 1723 1343 1776 τὸ
1374 1723 1732 1792 ἐπιστρέψαι
1757 1724 1856 1777 καὶ

193 1807 294 1878 ζῇν
323 1811 540 1864 αὐτόν.
579 1811 674 1880 Μή
706 1828 761 1863 τι
791 1811 1033 1878 γέγονεν,
1062 1811 1181 1864 είπέ
1213 1828 1323 1880 μοι,
1349 1809 1523 1880 τούτῳ
1554 1810 1632 1881 τῷ
1663 1810 1855 1882 δικαίῳ

194 1899 412 1968 κώλυμα
437 1899 472 1970 ἡ
506 1898 762 1952 συνουσία
783 1899 882 1968 τῆς
914 1899 1188 1966 γυναικὸς,
1213 1899 1246 1968 ἡ
1274 1901 1306 1968 ἡ
1329 1899 1436 1952 τῶν
1461 1899 1664 1953 παίδων
1692 1915 1856 1970 φρον-

191 1987 298 2050 τίςς
329 1987 422 2058 Μὴ
452 1987 656 2051 τοίνυν,
686 1986 1010 2058 παρακαλῶ,
1044 1987 1176 2058 μηδὲ
1206 1989 1366 2058 ἡμεῖς
1390 1985 1691 2057 ἀπατῶμεν
1731 1988 1858 2039 ἐαυ-

193 2075 332 2137 τοῦς,
383 2075 497 2128 ἀλλ’
550 2075 660 2146 ὅσῳ
687 2073 912 2137 ταύταις
952 2075 1229 2144 φροντίσιν
1262 2073 1581 2144 ἐνεχόμεθα,
1619 2073 1856 2145 τοσούτῳ

198 2164 392 2234 μᾶλλον
425 2164 496 2216 τὰ
525 2164 635 2218 ἀπὸ
667 2163 769 2232 τῆς
802 2162 1159 2230 ἀναγνώσεως
1197 2162 1303 2215 τῶν
1334 2161 1490 2214 θείων
1518 2159 1748 2232 Γραφῶν
1773 2161 1859 2214 δε-

197 2251 414 2323 χώμεθα
445 2253 735 2324 φάρμακα.
787 2252 878 2320 Μὴ
935 2251 1042 2322 γάρ
1092 2250 1185 2303 καὶ
1234 2243 1378 2302 οὗτοι
1425 2249 1486 2302 οῦ
1535 2250 1635 2320 τῆς
1690 2251 1860 2321 αὐτῆς

193 2342 322 2410 ἡμῖν
376 2340 593 2407 φύσεως
629 2335 788 2409 ἦσαν,
836 2339 930 2392 καὶ
963 2339 1082 2392 ούδέ
1115 2337 1382 2401 τοσαύτας
1415 2339 1670 2410 ἀφορμὰς
1715 2333 1860 2408 εἶχον

193 2427 290 2491 τάς
319 2427 625 2495 ἐναγούσας
657 2427 856 2490 αὐτοὺς
895 2425 1034 2498 πρὸς
1075 2425 1174 2497 τὴν
1203 2425 1302 2496 τῆς
1330 2425 1528 2496 ἀρετῆς
1559 2427 1858 2498 ἐργασίαν;

195 2515 358 2578 Ποίας
389 2512 487 2567 οὖν
515 2513 582 2568 ἂν
605 2515 797 2585 εἴημεν
829 2511 1159 2583 συγγνώμης
1188 2511 1347 2578 ἄξιοι,
1384 2513 1433 2564 οί
1477 2513 1570 2566 καὶ
1605 2513 1859 2567 διδασκα-

195 2602 311 2665 λίας
329 2601 600 2672 τοσαύτης
631 2599 1017 2666 ἀπολαύοντες,
1047 2601 1139 2653 καὶ
1160 2599 1425 2670 τοσαύτης
1444 2599 1662 2671 χάριτος
1692 2601 1856 2666 ἀξιω-

193 2690 392 2754 θέντες.
446 2689 542 2743 καὶ
590 2690 690 2760 ’τῆς
722 2687 930 2742 ἄνωθεν
974 2687 1288 2758 συμμαχίας
1327 2687 1710 2753 ἀπολαύοντες,
1765 2689 1861 2741 καὶ

193 2778 300 2832 τῶν
347 2777 676 2848 ἀπορρήτων
713 2776 936 2829 ἐκείνων
967 2773 1187 2842 ἀγαθῶν
1215 2773 1310 2844 τὴν
1350 2775 1681 2842 ἐπαγγελίαν
1703 2775 1862 2838 δεξά-

197 2883 368 2936 μενοι,
398 2865 496 2918 ἐὰν
527 2865 602 2935 μὴ
633 2863 770 2933 πρὸς
807 2863 867 2916 τὸ
897 2863 1004 2916 τῶν
1043 2861 1284 2916 παλαιῶν
1324 2863 1530 2934 ἀνδρῶν
1569 2863 1862 2932 φθάσωμεν

195 2953 291 3022 τῆς
321 2951 526 3022 ἀρετῆς
559 2950 793 3020 μέτρονς
826 2950 888 3002 Εἰ
937 2949 1048 3018 γὰρ
1095 2946 1416 3018 βουλοίμεθα
1457 2949 1667 3017 νήφειν.
1702 2949 1864 3002 ἰκανά

195 3041 262 3092 τά
305 3041 552 3109 σήμερον
591 3039 727 3108 ἡμῖν
777 3035 1066 3106 κινηθέντα
1105 3036 1366 3105 διεγεῖραι
1413 3037 1558 3105 ἡμᾶς
1605 3035 1742 3106 πρὸς
1773 3037 1862 3089 τὸν

195 3127 356 3180 πόθον
380 3127 482 3196 τῆς
507 3125 732 3196 ἀρετῆς,
759 3123 852 3177 καὶ
886 3123 1154 3194 μηδέποτε
1195 3121 1432 3192 νομίζειν
1471 3120 1701 3192 κώλυμα
1731 3124 1864 3194 ἡμῖν

195 3213 446 3284 γενέσθαι
477 3213 613 3284 πρὸς
639 3211 740 3283 τὴν
762 3210 961 3280 ταύτης
979 3211 1116 3264 ὀδόν.
1154 3210 1218 3262 Εί
1244 3210 1352 3280 γάρ
1376 3211 1425 3262 οἱ
1447 3209 1552 3281 πρὸ
1576 3211 1670 3264 τοῦ
1696 3212 1862 3282 νόμον

193 3304 300 3357 ἀπὸ
327 3303 431 3372 τῆς
451 3305 509 3356 ἐν
537 3303 606 3372 τῇ
639 3299 800 3368 φύσει
837 3299 1096 3368 κειμένης
1122 3294 1464 3360 διδασκαλίας
1487 3299 1564 3360 εἰς
1597 3298 1864 3370 τοσαύτην

195 3391 436 3459 ἔφθασαν
467 3387 690 3460 ἀρετὴν,
717 3385 770 3439 τί
809 3385 1003 3455 ἔχομεν
1033 3387 1205 3438 εἰπεῖν
1241 3386 1403 3454 ἡμεῖς
1431 3386 1480 3437 οἱ
1510 3386 1648 3454 μετὰ
1670 3385 1865 3439 τοσαύ-

194 3495 292 3546 την
333 3473 608 3547 βοήθειαν,
640 3473 736 3526 καὶ
777 3471 873 3543 τὴν
902 3470 996 3525 τοῦ
1023 3470 1260 3542 Χριστοῦ
1301 3472 1624 3540 παρουσίαν,
1667 3471 1760 3525 καὶ
1794 3473 1864 3527 τά

199 3565 369 3636 μυρία
413 3561 674 3634 θαύματα
707 3561 898 3632 ττόρρω
946 3560 1046 3630 τῆς
1077 3559 1276 3632 ἀρετῆς
1308 3561 1664 3629 τυγχάνοντες
1694 3578 1708 3624 ς
1750 3561 1861 3623 Διὸ,

196 3649 530 3722 παρακαλῶ.
584 3648 658 3719 μὴ
709 3647 896 3711 ἁπλῶς
936 3645 1296 3717 ἐπερχώμεθα
1345 3646 1413 3698 τά
1455 3648 1512 3700 ἐν
1543 3649 1660 3710 ταῖς
1695 3647 1864 3712 θείαις

195 3739 443 3809 Γραφαῖς
479 3736 729 3808 κείμενα,
761 3735 894 3788 άλλά
928 3734 1065 3805 μετά
1097 3734 1370 3805 προσοχῆς
1401 3733 1864 3804 ἀναγινώσκωμεν

193 3827 262 3880 τά
295 3823 613 3893 ἐγκείμενα,
641 3822 729 3875 ἵνα
748 3821 846 3892 τὴν
878 3821 936 3887 ἐξ
971 3819 1150 3874 αὐτῶν
1178 3819 1446 3888 ὠφέλειαν
1471 3819 1862 3891 καρπούμενοι,

193 3913 291 3983 ὀψὲ
322 3911 458 3981 γοῦν
483 3927 616 3963 ποτε
647 3909 748 3979 τῆς
771 3908 912 3963 κατά
936 3907 1066 3960 Θεὸν
1091 3907 1291 3980 ἀρετῆς
1314 3905 1692 3960 ἀντιλαϐέσθαι
1714 3907 1868 3976 δυνη-

195 3999 396 4070 θῶμεν.
455 3999 520 4052 Εί
563 3996 674 4068 γάρ
719 3997 776 4049 δέ
807 3995 1094 4065 μέλλοιμεν
1140 3993 1234 4046 καὶ
1277 3994 1436 4062 ἡμεῖς
1476 3993 1596 4046 καθ’
1630 3994 1864 4064 ἑκάστην

195 4087 411 4160 ἡμέραν
444 4087 573 4155 ὑμῖν
606 4085 820 4153 ἐνηχεῖν
842 4081 941 4152 τὴν
973 4080 1350 4151 πνευματικὴν
1381 4079 1585 4148 ταύτην
1611 4080 1868 4134 διδασκα-

195 4173 334 4237 λίαν,
363 4173 462 4226 καὶ
497 4172 653 4242 ὑμεῖς
679 4169 771 4223 ἐπὶ
806 4169 901 4240 τῆς
927 4167 1098 4237 αὐτῆς
1129 4165 1402 4238 ῥᾳθυμίας
1447 4165 1685 4236 μείνητε,
1714 4169 1864 4220 ποῖον

195 4262 322 4332 ὑμῖν
357 4259 553 4328 ὄφελος
587 4257 740 4310 ἐσται
770 4257 834 4309 ἐκ
863 4255 962 4326 τῆς
991 4252 1250 4324 συνεχοῦς
1279 4251 1646 4316 διδασκαλίας,
1672 4251 1705 4323 ἢ
1733 4255 1864 4324 ἡμῖν

193 4347 276 4410 τίς
303 4346 460 4400 ἔσται
480 4341 800 4416 παραμυθία
836 4341 1005 4412 ὁρῶσι
1039 4339 1132 4393 τὸν
1158 4338 1411 4392 τοσοῦτον
1440 4337 1598 4410 ἡμῶν
1619 4337 1865 4410 κάματον

195 4434 456 4506 ἀνόνητον
491 4431 795 4502 γινόμενον,
827 4428 922 4482 καὶ
961 4426 1218 4498 οὐδεμίαν
1262 4425 1545 4498 προκοπὴν
1574 4426 1864 4498 γινομένην

193 4522 258 4576 ἐκ
280 4521 380 4591 τῆς
409 4517 688 4592 ἡμετέρας
721 4515 986 4584 σπουδῆςς
1027 4513 1164 4567 Εἱπέ
1191 4513 1299 4584 γάρ
1341 4529 1451 4583 μοι,
1490 4513 1611 4583 οὐχὶ
1639 4513 1747 4566 ἀπὸ
1773 4512 1866 4566 δύο

193 4593 390 4664 οὐσιῶν
411 4607 838 4676 συνεστήκαμεν,
851 4604 918 4656 ἐκ
935 4601 1114 4673 ψυχῆς
1136 4601 1278 4669 λέγω
1299 4599 1391 4654 καὶ
1411 4598 1658 4670 σώματος
1675 4619 1692 4668 ;
1711 4600 1868 4664 Τίνος

193 4693 286 4752 οὗν
320 4697 512 4750 ἕνεκεν
539 4693 612 4764 μὴ
639 4693 738 4764 τὴν
769 4691 891 4763 ἴσην
924 4688 1078 4744 αὐτοὶ
1095 4689 1355 4761 πρόνοιαν
1380 4686 1710 4760 ἀμφοτέροις
1739 4688 1870 4744 ἀπο-

194 4786 464 4855 νέμομεν,
509 4780 647 4836 ἀλλά
692 4779 752 4832 τὸ
793 4778 894 4850 μὲν
939 4777 1101 4849 σῶμα
1139 4777 1302 4830 παντὶ
1337 4775 1524 4846 τρόπῳ
1545 4773 1866 4846 θεραπεύειν

197 4871 602 4940 σπουδάζομεν,
635 4868 730 4922 καὶ
766 4866 972 4936 ἰατροῖς
1003 4864 1262 4936 χρήματα
1293 4861 1546 4926 διδόντες,
1588 4863 1684 4916 καὶ
1715 4863 1869 4916 αὐτοὶ

197 4961 400 5030 πολλὴν
429 4959 562 5030 περὶ
604 4955 738 5010 αὐτὸ
786 4954 888 5026 τὴν
939 4951 1256 5023 ἐπιμέλειαν
1287 4950 1740 5020 ἐπιδεικνύμενοι,
1771 4958 1869 5005 καὶ

195 5049 386 5120 ἐσθῆτι
415 5043 701 5101 πολυτελεῖ
742 5040 1184 5114 περιϐάλλοντες,
1207 5039 1306 5092 καὶ
1343 5037 1552 5110 τροφὴν
1585 5037 1746 5092 πλέον
1773 5037 1866 5090 τοῦ

192 5139 409 5200 δέοντος
451 5134 806 5206 παρέχοντες,
852 5129 945 5184 καὶ
991 5130 1048 5181 ἐν
1079 5127 1263 5182 ἀνέσει
1303 5126 1542 5198 διηνεκεῖ
1569 5126 1700 5178 αὐτὸ
1731 5121 1869 5179 εἶναι

195 5223 526 5298 βουλόμεθα.
575 5223 672 5276 καὶ
702 5218 808 5272 ὑπὸ
851 5217 1077 5288 μηδενὸς
1101 5215 1236 5278 ὅλως
1269 5212 1602 5298 ἐνῌοχλεῖσθαι
1626 5213 1868 5283 νοσήμαο

191 5294 284 5377 1ιιος
309 5327 326 5342 ·
357 5294 496 5364 ἀλλά
525 5307 628 5362 κᾶν
658 5306 721 5360 τὸ
745 5305 907 5375 τυχὸν
933 5303 994 5358 τὸ
1030 5301 1280 5374 ἐνοχλοῦν
1308 5294 1368 5373 ᾖ,
1408 5301 1586 5354 πᾶσαν
1613 5299 1868 5371 κινοῦμεν

194 5400 474 5472 μηχανὴν,
517 5397 659 5450 ὥστε
702 5395 764 5448 τὸ
805 5392 1009 5448 λυποῦν
1049 5388 1477 5462 διορθώσασθαι;
1508 5389 1619 5441 Καὶ
1643 5389 1737 5442 ἐπὶ
1771 5388 1870 5460 μὲν

191 5489 289 5544 τοῦ
315 5487 591 5558 σώματος,
635 5483 730 5538 τοῦ
768 5481 1050 5542 ἐλάττονος
1097 5477 1240 5546 λέγω
1283 5476 1384 5548 τὴν
1416 5475 1600 5530 οὐσίαν
1624 5492 1638 5507 ·
1682 5475 1737 5528 τί
1763 5476 1869 5548 γὰρ

193 5581 310 5632 ῐσον
337 5575 462 5629 εἰπέ
498 5589 610 5644 μοι,
636 5569 784 5642 ψυχὴ
809 5571 903 5622 καὶ
928 5567 1121 5637 σῶμα;
1147 5565 1210 5617 Εἰ
1241 5561 1350 5635 γὰρ
1381 5561 1559 5633 βούλει
1577 5575 1602 5604 α
1631 5563 1729 5634 τὴν
1757 5563 1870 5616 δια-

195 5666 370 5738 φορὰν
411 5663 562 5724 ίδεῖν,
584 5661 774 5714 σκόπει
797 5658 914 5720 πῶς
941 5655 1155 5718 οὐδενὸς
1182 5653 1344 5724 λόγου
1375 5651 1524 5716 ἀξιον
1556 5652 1870 5724 εὑρίσκεται

195 5737 452 5824 τὸίσῶμα
475 5750 577 5818 τῆς
617 5747 797 5817 ψυχῆς
828 5744 1281 5814 ἀναχωρησάσης.
1349 5741 1415 5824 ’οΔ
1446 5739 1625 5824 τοίνυν
1651 5737 1747 5792 τοῦ
1774 5739 1866 5824 σῶ-

201 5818 669 5912 ματοςποσαύτην
703 5829 957 5901 πρόνοιαν
989 5826 1330 5897 ποιούμενος,
1364 5821 1508 5886 τίνος
1539 5821 1742 5886 ἕνεκεν,
1775 5818 1869 5872 καὶ

259 5995 288 6024 ³
307 5991 462 6041 SaVil.
483 5991 578 6039 Καὶ
601 5989 676 6037 ἐπὶ
699 5989 782 6050 μὲν
818 5985 904 6035 τοῦ
919 5988 1155 6050 ,σώματος
1189 5979 1387 6050 τοιαῦτα
1416 5971 1762 6050 καῖ’-ποιοῦμεν
1788 5972 1870 6050 καὶ

201 6036 646 6106 ιιαᾶιιιειάῒιίάῖ
669 6036 710 6098 εί
741 6053 803 6112 β..
832 6047 994 6098 νει-ωδ
1012 6036 1122 6096 ’τί...
1143 6036 1319 6107 ’σῶμα;
1345 6039 1628 6104 parenthesi
1651 6036 1867 6086 inclusis.

1234 382 1302 440 IN
1339 381 1491 440 CAP.
1529 381 1576 436 ν
1613 369 1700 426 ΕΤ
1738 371 1824 430 \‘l.
1861 365 2108 427 GENES.
2147 365 2386 422 HOMIL.
2418 365 2560 422 XXI.

3513 357 3618 428 131

1957 487 2046 542 διά
2066 487 2118 540 τί
2134 487 2368 560 τοσαύτη
2393 488 2518 560 περὶ
2535 485 2632 556 τὴν
2649 484 2749 556 τῆς
2770 483 2946 558 ψυχῆς
2962 483 3218 557 πρόνοιαν
3235 482 3506 555 ὑπεροψία
3529 501 3621 536 κε-

1953 575 2185 646 χρῆσθαι
2209 575 2410 646 βούλει,
2437 575 2532 628 καὶ
2559 573 2684 628 οὔτε
2717 575 2920 645 τροφὴν
2943 573 3080 643 αὐτῇ
3105 570 3437 640 κατάλληλον
3452 587 3620 642 προσ-

1953 662 2130 730 άγειν,
2163 663 2262 734 τὴν
2289 665 2352 716 ἐκ
2379 663 2488 716 τῶν
2511 662 2672 716 θείων
2705 660 2937 732 Γραφῶν
2957 660 3100 726 λέγω
3129 659 3466 730 παραίνεσιν,
3493 657 3618 711 οὔτε

1951 752 2062 812 τοῖς
2089 749 2400 818 τραύμασιν
2429 748 2621 818 αὐτῆς,
2648 748 2872 809 καὶτοῖς
2907 747 3088 798 ἐλκεσι
3125 749 3236 808 τοῖς
3267 743 3622 816 καθαιροῦσιν

1951 836 2126 906 αὐτῆς
2147 835 2296 907 [191]
2329 835 2428 906 τὴν
2466 836 2637 905 ἰσχὺν,
2669 835 2765 888 καὶ
2796 833 2893 902 τὴν
2917 833 3228 903 παρρησίαν
3254 830 3621 902 ὑποτεμνομέ-

1953 941 2064 988 νοις
2097 923 2165 978 τὰ
2205 924 2488 993 ἐπιτήδεια
2531 922 2799 992 φάρμακα
2843 919 3164 980 ἐπιτιθέναι,
3199 918 3333 972 ἀλλά
3349 919 3440 972 καὶ
3464 935 3618 989 περι-

1953 1013 2086 1082 ορᾷν
2134 1011 2300 1082 ἀνέχῃ
2349 1009 2538 1080 αὐτὴν,
2573 1009 2667 1062 καὶ
2707 1007 2851 1078 λιμῷ
2901 1005 3230 1076 τηκομένην,
3257 1007 3348 1060 καὶ
3375 1006 3480 1058 ὑπὸ
3511 1007 3620 1058 τῶν

1956 1099 2128 1152 ἐλκῶν
2155 1097 2632 1167 διαφθειρομένην,
2661 1094 2756 1146 καὶ
2783 1091 3168 1162 προκειμένην,
3201 1091 3275 1154 ὡς
3303 1091 3496 1154 εἰπεῖν,
3523 1108 3622 1142 κα-

1956 1185 2132 1258 θάπερ
2158 1185 2304 1247 κυσὶ,
2337 1186 2448 1246 τοῖς
2479 1183 2732 1251 πονηροῖς
2756 1181 2851 1232 καὶ
2889 1179 3111 1242 ἀτόποις
3149 1177 3449 1246 λογισμοῖς,
3479 1177 3619 1230 ὥστε

1953 1273 2210 1342 διασπᾷν,
2247 1269 2342 1324 καὶ
2368 1268 2462 1321 τὸν
2490 1267 2642 1321 τόνον
2667 1267 2837 1336 αὐτῆς
2860 1266 3074 1319 ᾶπαντα
3099 1263 3414 1334 καθαιρεῖνς

2026 1357 2126 1411 Διά
2151 1357 2203 1410 τί
2237 1356 2310 1427 μὴ
2333 1354 2584 1425 καθάπερ
2610 1353 2704 1408 τοῦ
2739 1351 2990 1422 σώματος
3021 1349 3114 1403 τοῦ
3136 1349 3411 1422 ὁρωμένου
3437 1347 3619 1402 ποιού-

1959 1445 2098 1516 μεθα
2125 1445 2222 1515 τὴν
2250 1443 2528 1514 πρόνοιαν,
2567 1440 2659 1493 τὸν
2689 1439 2851 1493 αὑτὸν
2875 1437 2938 1509 δὴ
2976 1437 3176 1509 τρόπον
3205 1436 3296 1489 καὶ
3324 1436 3420 1506 τῆς
3445 1435 3620 1504 ψυχῆς

1953 1531 2054 1602 τῆς
2073 1530 2388 1600 ἀσωμάτου,
2417 1528 2510 1581 καὶ
2543 1526 2618 1599 μὴ
2645 1525 2950 1598 ὁρῶμέν-ης,
2981 1523 3138 1578 ὁπότε
3171 1523 3264 1576 καὶ
3284 1525 3318 1591 ἡ
3345 1523 3472 1592 περὶ
3491 1520 3621 1574 ταύ-

1954 1637 2055 1690 την
2097 1618 2382 1690 ἐπιμέλεια
2434 1618 2495 1669 οὐ
2543 1613 2700 1687 μόνον
2755 1613 2976 1676 εὔκολος
3007 1611 3102 1664 κοιλ¹
3135 1609 3335 1678 κούφη,
3366 1608 3501 1662 ἀλλά
3527 1608 3622 1662 καὶ

1957 1705 2248 1768 ἀδάπανος,
2281 1704 2375 1758 καὶ
2406 1701 2616 1765 οὐδενὸς
2650 1701 2898 1770 καμάτου
2931 1697 3199 1768 δεομένη;
3245 1696 3359 1750 Καὶ
3387 1694 3622 1748 ἐνταῦθα

1960 1793 2058 1864 μὲν
2081 1791 2176 1844 ἐπὶ
2199 1792 2298 1862 τῆς
2323 1790 2415 1844 τοῦ
2441 1789 2689 1860 σώματος
2711 1785 3045 1857 ἐπιμελείας,
3070 1784 3164 1837 καὶ
3187 1782 3293 1835 τῶν
3315 1781 3408 1834 τοῦ
3434 1781 3621 1851 σῶμα·

1956 1897 2047 1942 τος
2078 1876 2527 1953 ἀρρωστημάτων
2555 1876 2770 1944 ἀνάγκη
2793 1873 2886 1927 καὶ
2912 1890 3016 1946 χρη
3026 1873 3208 1942 μάτων
3231 1870 3430 1940 πολλὴν
3449 1870 3622 1923 δαπά-

1957 1985 2056 2039 νην
2087 1967 2356 2036 γενέσθαι,
2383 1965 2572 2020 καὶτὰ
2605 1963 2702 2034 μὲν
2734 1961 2912 2016 αὐτῶν
2950 1963 3064 2022 τοῖς
3105 1961 3307 2031 ἰατροῖς
3345 1975 3622 2028 προσανα-

1957 2055 2185 2119 λίσκειν,
2223 2053 2292 2107 τά
2327 2053 2383 2107 δέ
2427 2055 2507 2116 είς
2543 2053 2642 2123 τὴν
2677 2049 2841 2119 ἄλλην
2887 2048 3102 2102 ἃπασαν
3134 2045 3448 2117 θεραπείαν,
3488 2044 3624 2115 πρὸς

1957 2143 2163 2214 τροφὴν
2199 2143 2343 2211 λέγω
2393 2141 2488 2194 καὶ
2521 2139 2658 2211 πρὸς
2710 2137 3001 2208 ἐνδύματα,
3043 2136 3136 2188 καὶ
3162 2134 3316 2187 οὔπω
3345 2133 3506 2208 φημὶ.
3543 2133 3626 2184 ὅτι

1959 2233 2055 2285 καὶ
2085 2231 2225 2301 ὑπὲρ
2268 2229 2365 2300 τὴν
2395 2228 2582 2300 χρείαν
2630 2226 2679 2278 οί
2707 2225 2923 2286 πλείους
2951 2222 3123 2276 ταῦτα
3149 2220 3456 2274 δαπανῶσιν
3488 2220 3629 2289 ἀμε-

1959 2319 2086 2388 τρίᾳ
2110 2317 2278 2387 πολλῇ
2307 2315 2636 2386 κεχρημένοι
2662 2329 2677 2343 ·
2733 2311 2826 2364 ἐπὶ
2851 2310 2908 2363 δέ
2943 2309 3042 2380 τῆς
3075 2308 3248 2378 ψυχῆς
3277 2307 3488 2369 οὐδενὸς
3518 2307 3628 2359 τῶν

1961 2406 2217 2459 τοιούτων
2247 2407 2346 2465 δεῖ,
2379 2403 2495 2457 ἀλλ’
2531 2403 2580 2454 εί
2626 2399 2966 2472 βουληθείης,
2993 2397 3244 2467 καθάπερ
3273 2397 3358 2464 ἐφ’
3392 2396 3626 2465 ἑκάστης

1960 2495 2172 2566 ἡμέρας
2200 2493 2277 2563 τῷ
2297 2491 2512 2563 σώματι
2539 2489 2638 2560 τὴν
2655 2487 2862 2560 τροφὴν
2877 2487 3148 2556 χορηγεῖς,
3167 2485 3261 2538 καὶ
3279 2483 3346 2536 τά
3373 2484 3629 2554 χρήματα

1961 2581 2390 2645 καταναλίσκων,
2435 2577 2578 2632 οὕτω
2619 2577 2715 2629 καὶ
2740 2574 2836 2644 τὴν
2863 2571 3042 2642 ψυχὴν
3075 2571 3149 2642 μὴ
3194 2573 3456 2641 περιορᾷν
3483 2571 3630 2642 λιμῷ

1963 2668 2344 2742 φθειρομένην,
2373 2667 2467 2720 καὶ
2495 2665 2756 2734 παρέχειν
2785 2663 2920 2732 αὐτῇ
2944 2661 3040 2730 τὴν
3061 2657 3394 2728 κατάλληλον
3422 2660 3630 2730 τροφὴν

1961 2757 2058 2828 τὴν
2096 2759 2160 2810 ἐκ
2177 2756 2274 2825 τῆς
2300 2753 2408 2806 τῶν
2435 2751 2664 2823 Γραφῶν
2699 2745 3076 2816 ἀναγνώσεως,
3107 2746 3200 2798 καὶ
3246 2748 3344 2816 τῆς
3381 2762 3627 2810 πνευμα-

1962 2844 2118 2914 τικῆς
2145 2840 2428 2903 νουθεσίας
2447 2838 2766 2909 παραίνεσιν
2785 2853 2798 2865 ·
2840 2836 2960 2888 Οὐκ
2987 2834 3077 2887 ἐπ’
3099 2831 3254 2900 ἄρτῳ
3281 2835 3462 2900 μόνον
3499 2831 3627 2901 γάρ,

1965 2931 2120 3000 φησὶ,
2153 2927 2396 2996 ζήσεται
2427 2926 2756 2992 ἄνθρωπος,
2779 2921 2915 2976 ἀλλ’
2946 2921 3044 2974 ἐπὶ
3078 2918 3254 2972 παντὶ
3291 2918 3508 2986 ῥήματι
3534 2918 3629 2970 ἑκ-

1964 3016 2342 3087 πορευομένφ
2370 3015 2466 3068 διὰ
2493 3013 2792 3081 στόματος
2827 3009 2974 3064 Θεοῦ
2999 3025 3013 3039 ⁸
3057 3009 3248 3080 ἄριστα
3277 3007 3630 3078 περὶτούτων

1921 3111 1928 3123 ’
1963 3105 2330 3175 διατιθέμενος
2363 3102 2484 3174 ἔσῃ,
2529 3100 2625 3154 καὶ
2669 3099 2799 3170 περὶ
2841 3096 2935 3150 τοῦ
2972 3097 3097 3168 παρ’
3142 3097 3272 3166 ἡμῖν
3305 3095 3629 3167 οἰκειοτέρου

1964 3194 2346 3267 προσηκόντως
2373 3187 2767 3258 διανοούμενος.
2819 3185 3028 3254 Ὥσπερ
3067 3183 3245 3236 τοίνυν
3268 3181 3343 3253 τῷ
3372 3183 3580 3252 σώματι
3603 3183 3631 3222 b

1965 3283 2200 3352 διάφορα
2235 3279 2494 3350 παρέχεις
2527 3275 2822 3344 ἐνδύματα,
2852 3271 2946 3325 καὶ
2991 3269 3325 3342 ἐπιτηδεύεις
3369 3269 3502 3342 πρὸς
3535 3268 3632 3340 τὴν

1964 3373 2072 3427 τῶν
2101 3370 2308 3442 καιρῶν
2333 3368 2542 3440 τροπὴν
2575 3366 2669 3419 καὶ
2709 3364 2808 3436 τὴν
2847 3362 2957 3416 τῶν
2993 3362 3309 3432 ἐνδυμάτων
3340 3360 3629 3426 ποικιλίαν,

1965 3459 2106 3515 κατά
2137 3458 2198 3510 τδ
2227 3456 2357 3510 αὐτὸ
2393 3455 2526 3526 μηδὲ
2549 3453 2648 3522 τὴν
2671 3451 2847 3521 ψυχὴν
2879 3448 3109 3520 περιόρα
3139 3447 3350 3518 γυμνὴν
3387 3448 3632 3518 περι.ιοῦ-

1967 3559 2065 3596 σαν
2099 3541 2208 3593 τῶν
2225 3537 2446 3606 ἀγαθῶν
2469 3533 2741 3604 πράξεων,
2770 3530 2908 3585 άλλά
2927 3532 3021 3584 καὶ
3042 3530 3210 3600 αὐτὴν
3235 3530 3528 3600 περίϐαλλε
3554 3533 3632 3584 ἐν-

1964 3625 2165 3695 δύμασι
2205 3625 2316 3684 τοῖς
2358 3621 2493 3690 αὐτῇ
2526 3617 2794 3690 πρέπουσι
2822 3633 2837 3648 ο
2872 3613 3082 3684 ταχέως
3121 3613 3289 3685 αὐτὴν
3327 3614 3630 3685 ἀνακτήσῃ,

1965 3709 2059 3762 καὶ
2085 3705 2220 3777 πρὸς
2247 3705 2346 3771 τὴν
2372 3701 2512 3756 κατὰ
2539 3701 2700 3770 φύσιν
2745 3697 2952 3766 ὑγίειαν
2977 3697 3352 3766 ἐπαναγάγῃς.
3407 3697 3540 3748 Ποῖα
3574 3697 3630 3750 δέ

1964 3790 2029 3846 ἃν
2058 3789 2142 3859 είη
2171 3786 2373 3856 ταύτης
2401 3783 2671 3855 ἐνδύματα
2695 3799 2710 3848 ;
2761 3779 3126 3852 Ἐλεημοσύνη
3155 3779 3248 3832 καὶ
3283 3780 3317 3850 ἡ
3355 3779 3482 3848 περὶ
3507 3781 3632 3843 τοὺς

1965 3873 2202 3942 πένητας
2241 3867 2520 3938 δαψίλεια·
2559 3863 2719 3920 τοῦτο
2745 3863 2808 3916 τὸ
2845 3863 3101 3934 μέγιστον
3148 3861 3247 3932 τῆς
3272 3861 3450 3932 ψυχῆς
3479 3877 3632 3932 περι-

1965 3955 2196 4017 ϐόλαιον,
2229 3951 2386 4006 τοῦτο
2418 3948 2478 4002 τὸ
2515 3946 2737 4019 φαιδρὸν
2781 3945 2952 4016 αὐτῆς
2991 3945 3226 4016 ἱμάτιον.
3275 3944 3338 3998 Εἰ
3365 3945 3422 3998 δὲ
3454 3943 3632 4014 βούλει

1968 4039 2042 4108 μὴ
2073 4037 2230 4108 μόνον
2276 4033 2547 4104 ἐνδύματα
2589 4029 2872 4102 παρέχειν,
2918 4029 3033 4083 ἀλλ’
3061 4029 3262 4100 ὁμοίως
3308 4028 3388 4097 τῷ
3416 4027 3632 4098 σώματι

1965 4119 2362 4184 καλλωπίζειν,
2411 4115 2692 4188 προστίθει
2731 4116 2828 4168 καὶ
2876 4113 2972 4185 τὴν
3021 4112 3111 4166 διὰ
3146 4111 3254 4165 τῶν
3291 4111 3464 4181 εὐχῶν
3505 4112 3631 4182 βοή-

1967 4207 2117 4260 θειαν
2137 4245 2153 4271 ,
2199 4204 2292 4259 καὶ
2339 4201 2438 4272 τὴν
2485 4200 2594 4254 τῶν
2633 4197 3045 4270 ἁμαρτημάτων
3084 4195 3490 4268 ἐξομολόγησιν,
3539 4197 3634 4252 καὶ

1965 4293 2034 4362 τῇ
2080 4287 2332 4358 συνεχείᾳ
2359 4285 2467 4339 τῶν
2507 4283 2756 4356 δακρύων
2793 4282 3129 4352 ἀποσμήχων
3166 4279 3336 4350 αὐτῆς
3363 4281 3424 4334 τὸ
3462 4281 3632 4354 πρόσ-

1967 4389 2116 4428 ωπον
2169 4372 2243 4443 μὴ
2292 4369 2567 4442 διαλίπῃς.
2625 4365 2896 4438 Καθάπερ
2936 4365 3046 4436 γάρ
3099 4363 3248 4436 πάσῃ
3302 4365 3502 4436 σπουδῇ
3536 4365 3635 4437 τὴν

1967 4457 2088 4527 δψιν
2136 4455 2231 4509 τοῦ
2287 4453 2539 4526 σώματος
2600 4449 2723 4506 καθ’
2777 4451 3014 4521 ἑκάστην
3065 4448 3279 4521 ἡμέραν
3327 4448 3634 4513 ἐκπλύνεις,

1967 4537 2108 4593 ὥστε
2159 4536 2410 4609 μηδαμοῦ
2462 4535 2632 4608 ῥύπον
2657 4533 2782 4587 τινὰ
2826 4531 3174 4604 ἐπικείμενον
3217 4533 3285 4604 τῇ
3339 4531 3459 4602 ἅψει
3511 4531 3635 4585 δυσ-

1967 4623 2083 4693 ειδῆ
2134 4619 2303 4690 αὐτὴν
2355 4617 2660 4673 δεικνύναι·
2715 4613 2983 4680 ὡσαύτως
3027 4615 3123 4669 καὶ
3169 4615 3261 4668 ἐπὶ
3316 4617 3417 4684 τῆς
3459 4613 3636 4684 ψυχῆς

1969 4707 2144 4760 ποιεῖν
2196 4699 2498 4769 σπούδαζε,
2558 4701 2652 4755 καὶ
2699 4699 2825 4753 καθ’
2861 4698 3098 4769 ἑκάστην
3142 4695 3311 4766 αὐτὴν
3355 4696 3633 4756 ἀπόπλυνε

1969 4787 2146 4862 θερμὰ
2176 4786 2386 4858 δάκρυα
2417 4784 2722 4857 προσχέων.
2774 4781 2962 4854 Τούτῳ
2995 4781 3104 4853 γὰρ
3137 4779 3217 4852 τῷ
3263 4780 3416 4834 ὕδατι
3449 4778 3630 4862 ἐκείνη

1967 4861 2060 4925 τὸν
2091 4868 2258 4942 ῥύπον
2289 4865 2656 4936 ἀποτιθεμένη
2688 4863 3020 4936 φαιδροτέρα
3043 4863 3273 4931 γίνεται.
3307 4862 3418 4914 Καὶ
3443 4861 3632 4932 ἐπειδὴ

1969 4956 2026 5008 αἱ
2057 4952 2271 5014 πλείους
2292 4949 2402 5005 τῶν
2429 4949 2702 5018 γυναικῶν
2727 4947 2814 5002 διά
2858 4945 3059 5018 πολλὴν
3087 4943 3340 5011 βλακείαν
3369 4943 3466 4996 τοῦ
3497 4959 3631 5012 παρ-

1969 5033 2312 5105 αγγέλματος
2326 5031 2418 5085 τοῦ
2441 5029 2796 5084 ἀποστολικοῦ
2819 5026 3256 5099 ὑπερφρονοῦσαι
3284 5026 3378 5079 τοῦ
3395 5025 3642 5080 κελεύονα

1968 5136 2077 5182 τος.
2119 5117 2214 5184 Μὴ
2243 5117 2314 5170 ἐν
2352 5116 2714 5183 πλέγμασιν,
2741 5112 2780 5179 ἢ
2817 5109 3045 5180 χρυσῶ,
3077 5107 3115 5178 ἢ
3143 5108 3550 5178 μαργαρίταις.
3589 5107 3630 5176 ἢ

1971 5197 2261 5271 ἱματισμῷ
2288 5194 2614 5252 πολυτελεῖ
2639 5193 2835 5256 ἐαυτάς
2859 5193 3103 5262 κοσμεῖν,
3142 5190 3279 5262 μετὰ
3307 5189 3504 5262 πολλῆς
3530 5189 3631 5260 τῆς

1968 5283 2248 5354 δαψιλείας
2273 5281 2428 5334 τοῦτο
2457 5275 2798 5349 ἐργάζονται,
2829 5274 2889 5327 οὐ
2913 5275 3169 5343 γυναῖκες
3191 5272 3250 5327 δὲ
3285 5271 3466 5342 μόνον,
3496 5271 3633 5325 ἀλλά

1970 5353 2066 5422 καί
2096 5365 2300 5438 ἀνδρῶν
2328 5365 2442 5418 ὅσοι
2465 5359 2778 5432 βλακώδεις,
2815 5357 2908 5411 καὶ
2933 5356 3068 5429 πρὸς
3100 5355 3198 5427 τὴν
3228 5354 3336 5438 τῶν
3355 5353 3632 5438 γυκαικῶν

1971 5449 2120 5524 [192]
2141 5435 2417 5502 εὖτέλειαν
2434 5444 2659 5506 ἐαυτοὺς
2686 5441 2982 5524 κατάγουσι
3013 5437 3332 5524 δακτυλίους
3363 5435 3634 5524 περιτιθέο

1974 5517 2144 5605 μενοί,
2167 5531 2262 5585 καὶ
2289 5528 2366 5599 τῷ
2397 5525 2614 5598 μεγέθει
2647 5523 2835 5594 καὶτῷ
2857 5523 3006 5592 ὄγκῳ
3033 5519 3334 5605 τῶν-λίθων
3364 5517 3638 5605 καλλωπι-

1971 5601 2209 5687 ζόμενοι,
2236 5616 2323 5683 ἐφ’
2357 5608 2438 5676 οἷς
2467 5606 2816 5681 αἰσχύνεσθαι
2843 5605 2938 5659 καὶ
2965 5601 3596 5687 ἐγκαλύπτεσθαι-ἐχρῆν
3613 5617 3628 5634 ο

1971 5685 2064 5752 καλ
2092 5692 2238 5752 οὗτοι
2279 5695 2460 5749 τοίνυν
2485 5695 2736 5747 κάκεῖναι
2768 5691 2816 5742 εί
2852 5687 2962 5741 τῶν
2999 5685 3281 5757 ἡμετέρων
3322 5685 3636 5755 ἀνάσχοιντο

1974 5783 2170 5850 λόγων,
2205 5779 2275 5834 τά
2301 5778 2502 5850 χρυσία
2523 5775 2698 5830 ταῦτα
2721 5772 2789 5828 τά
2812 5771 3012 5842 πολλὴν
3036 5771 3128 5824 καὶ
3159 5771 3268 5850 τοῖς
3291 5769 3513 5850 ἀνδράσι
3539 5768 3637 5821 καὶ

1974 5848 2093 5928 ταῖς
2133 5848 2348 5933 γυναιξῖ
2387 5859 2484 5931 τὴν
2527 5855 2704 5928 λύμην
2737 5855 3042 5926 παρέχοντα
3081 5853 3160 5914 εἰς
3194 5849 3284 5902 τὸν
3321 5851 3420 5920 τῆς
3458 5848 3636 5918 ψυχῆς

2037 5967 2066 6006 δ
2099 5966 2249 6017 Savil.
2268 5971 2322 6014 el
2338 5962 2534 6026 quidam
2553 5973 2670 6012 mss.
2691 5957 3028 6020 διανοούμενος.
3057 5952 3150 6002 Καὶ
3173 5951 3226 6016 εἰ,
3235 5949 3377 6000 τοῦτο
3399 5950 3633 6014 ποιήσας,

1977 6031 2244 6095 καὶαῶσπερ
2265 6027 2333 6092 τῷ
2355 6026 2559 6086 σώματι.
