4038 6394
504 378 608 438 183

502 501 706 573 κόσμον
754 497 950 569 μᾶλλον
990 495 1395 568 μεταγέτωσαν,
1440 495 1532 548 καὶ
1583 492 1796 564 ἐκείνην
1839 489 1927 544 διὰ
1959 489 2163 543 τούτων

504 577 1014 648 καλλωπιζέτωσαν.
1049 582 1262 652 Ὠσπερ
1293 580 1400 652 γὰρ
1428 579 1506 651 τῷ
1541 581 1750 648 σώματι
1785 576 2164 646 περικείμενα,

504 669 613 724 κᾶν
667 667 938 738 εὔμορφον
990 661 1046 738 ᾖ,
1103 665 1500 736 δυσειδέστερον
1553 663 1710 716 τοῦτο
1757 660 2164 729 ἀπεργάζεται·

502 755 646 808 οὕτω
670 757 734 824 τῇ
766 753 908 822 ψυχῇ
937 764 961 791 ι
1003 749 1352 819 περιτεθέντα
1374 789 1387 812 ,
1439 747 1542 801 κᾶν
1592 747 1837 817 ἄμορφος
1862 740 1920 816 ᾗ,
1960 745 2040 805 εἰς
2068 743 2168 812 τὴν

505 840 680 909 ἄκραν
707 834 1006 906 εὐμορφίαν
1036 834 1202 903 αὐτὴν
1232 832 1534 902 μεθίστησι.
1565 832 1675 884 Kal
1707 831 1845 892 πῶς,
1884 829 2038 898 φησὶ,
2070 827 2162 880 δυ-

501 922 662 976 νατὸν
717 924 777 990 τῇ
826 920 968 989 ψυχῇ
1014 917 1308 987 περιθεῖναι
1347 915 1414 966 τά
1457 913 1680 983 χρυσία;
1731 912 1898 966 Πάλιν
1942 911 2030 964 διὰ
2067 913 2164 980 τῆς

501 1008 610 1060 τῶν
646 1006 892 1074 πενήτων
939 1003 1136 1072 χειρός.
1187 996 1342 1054 Οὗτοι
1373 998 1482 1066 γὰρ
1520 997 1796 1067 δεχόμενοι
1827 999 1924 1065 τὴν
1959 997 2163 1068 ταύτης

503 1089 804 1160 εὐμορφίαν
864 1085 1378 1147 κατασκευάζουσιν.
1439 1080 1700 1143 Ἑκείνοις
1751 1080 2056 1150 ἐγχείρισον
2095 1080 2162 1133 τὰ

500 1173 698 1244 χρυσία
719 1173 810 1224 καὶ
829 1172 1099 1238 διάνειμαι
1136 1170 1212 1230 εἰς
1241 1167 1335 1228 τὰς
1351 1163 1377 1204 δ
1407 1164 1583 1217 αὐτῶν
1605 1163 1896 1232 γαστέρας,
1923 1164 2017 1214 καὶ
2038 1180 2162 1214 τοσ-

501 1258 671 1326 αύτην
715 1255 815 1323 τῆς
847 1254 1022 1321 ψυχῆς
1061 1251 1361 1318 εὐμορφίαν
1401 1266 1480 1300 σοι
1523 1245 1928 1316 παραδιδόασιν,
1960 1246 2034 1308 ὼς
2067 1246 2164 1326 αὐέ

499 1339 591 1390 τὸν
618 1325 709 1388 τὸν
738 1335 912 1403 άληθῆ
934 1331 1161 1400 νυμφίον
1192 1329 1277 1381 διὰ
1305 1327 1402 1396 τῆς
1435 1327 1581 1398 ῶρας
1603 1325 2032 1390 ἐπισπάσασθαι,
2071 1325 2164 1377 καὶ

501 1422 569 1474 τά
600 1419 766 1491 μυρία
795 1436 876 1470 σοι
903 1415 1081 1482 ἀγαθά
1121 1413 1206 1466 διὰ
1234 1412 1419 1464 τούτου
1458 1410 1804 1481 προξενήσαι.
1858 1410 2026 1463 Ὅταν
2054 1410 2162 1481 γὰρ

500 1505 587 1557 διὰ
630 1503 722 1555 τοῦ
771 1501 995 1561 κάλλους
1037 1497 1314 1565 ἐπισπάσῃ
1352 1495 1441 1546 τὸν
1475 1495 1772 1562 Δεσπότην,
1809 1493 2026 1546 πάντων
2057 1494 2163 1546 τῶν

499 1586 719 1654 ἀγαθῶν
755 1584 898 1654 ἔχεις
946 1581 1044 1651 τήν
1083 1579 1364 1650 χορηγίαν,
1408 1579 1500 1630 καὶ
1531 1577 1627 1647 τὴν
1663 1577 1863 1644 ἄφατον
1902 1578 2163 1647 εὐπορίαν

501 1673 743 1741 ἐκτήσω·
802 1670 849 1720 εἰ
891 1667 1069 1719 τοίνυν
1102 1663 1401 1734 βουλόμεθα
1450 1662 1739 1732 ἐπέραστοι
1793 1662 2045 1728 γενέσθαι
2089 1661 2164 1733 τῷ

502 1754 765 1823 Δεσπότη,
789 1750 1175 1810 καταλιπόντες
1198 1749 1256 1800 τὸ
1291 1749 1416 1818 περὶ
1442 1747 1531 1798 τὸν
1554 1745 1643 1798 τοῦ
1679 1745 1924 1812 σώματος
1951 1745 2162 1798 καλλω-

503 1837 700 1906 πισμδν
735 1833 1049 1902 ἐπτοῆσθαι,
1077 1833 1172 1902 τὴν
1203 1831 1416 1900 ἐκείνης
1446 1829 1748 1900 εὐμορφίαν
1782 1829 1902 1882 καθ’
1926 1830 2163 1898 ἐκάστην

507 1920 710 1990 ἡμέραν
747 1917 1188 1987 περισκοπῶμεν,
1233 1916 1319 1966 ἵνα
1362 1915 1455 1966 καὶ
1487 1913 1583 1981 τὴν
1608 1912 1819 1965 εῦνοιαν
1851 1912 2166 1964 ἐπισπασώ-

502 2003 642 2072 μεθα
672 2003 762 2053 τοῦ
812 1998 1186 2068 φιλανθρώπου
1211 1996 1343 2048 Θεοῦ
1365 2036 1378 2058 ,
1418 1996 1511 2048 καί
1539 1996 1646 2047 τῶν
1672 1997 1994 2065 ἀπορρήτων
2029 1997 2166 2063 ἀγα-

499 2085 608 2137 θῶν
639 2083 1011 2153 ἐπιτύχωμεν,
1061 2083 1239 2150 χάριτι
1273 2081 1368 2132 καί
1411 2077 1791 2148 φιλανθρωπία
1834 2077 1927 2129 τοῦ
1957 2079 2162 2147 Κυρίου

503 2170 655 2240 ἡμῶν
693 2168 865 2236 Ἰησοῦ
901 2165 1156 2237 Χριστοῦ,
1179 2165 1295 2233 μεθ’
1324 2158 1383 2217 οῦ
1405 2163 1479 2232 τῷ
1508 2164 1679 2231 Πατρὶ
1709 2165 1739 2232 ἡ
1772 2161 1916 2225 δόξα,
1941 2164 2160 2232 κράτος,

500 2255 652 2322 τιμὴ,
689 2251 804 2321 ἅμα
831 2251 906 2320 τῷ
930 2249 1069 2318 ἁγίῳ
1101 2248 1397 2316 Πνεύματι,
1433 2246 1525 2300 νῦν
1558 2247 1650 2299 καὶ
1671 2249 1775 2310 ἀεὶ,
1809 2248 1900 2300 καὶ
1929 2249 2007 2311 εἰς
2039 2248 2164 2310 τούς

498 2336 702 2399 αἰῶνας
728 2335 832 2388 τῶν
865 2332 1092 2386 αἰώνων.
1137 2332 1330 2401 Ἀμήν.

1026 2436 1177 2508 ειθδ]
1218 2434 1456 2489 οιιιΑιΑ
1500 2435 1626 2488 KB'.

501 2550 609 2605 Kal
653 2545 732 2616 ἦν
755 2549 881 2603 Νῶε
907 2547 1057 2600 ἑτῶν
1088 2543 1520 2616 πεντακοσίων,
1567 2543 1663 2597 καί
1690 2543 1998 2616 ,ἐγέννησε
2033 2542 2166 2616 Νῶε

571 2613 729 2688 τρεῖς
760 2621 947 2683 υἱοὺς.
991 2621 1101 2688 τὸν
1125 2616 1274 2688 Σήμ,
1310 2615 1418 2688 τὸν
1451 2615 1597 2688 ξίὰμ,
1639 2615 1743 2668 τὸν
1786 2613 2003 2688 Ἰάφεθ.
2054 2615 2164 2688 Kal

569 2684 826 2759 ἐγένετο,
862 2689 1042 2759 ἡνίκα
1068 2686 1408 2759 ἤρξαντο-οἰ
1438 2684 1733 2759 ἅι-’θρωποι
1761 2687 1982 2759 Δπολλοὶ
2012 2686 2166 2752 γίνε-

571 2754 709 2815 σθαι
753 2759 851 2812 ἐπὶ
893 2758 1002 2826 τῆς
1045 2756 1192 2826 γῆς,
1249 2754 1348 2808 καὶ
1384 2755 1701 2824 θυγατέρες
1749 2755 2168 2825 ἐγεννήθησαν

570 2831 796 2895 αὐτοῖς.

573 2932 645 2985 α’.
675 2931 754 2983 Τά
766 2929 994 2998 λείψανα
1015 2931 1113 2997 τῆς
1126 2926 1376 2996 χθεσινῆς
1391 2927 1670 2997 τραπέζης
1689 2927 1813 2996 ύμῖν
1845 2929 2165 2998 παραθεῖναι

503 3015 762 3086 βούλομαι
791 3020 1025 3083 τήμερον
1051 3029 1063 3042 ’
1110 3011 1242 3064 ἀλλὰ
1271 3009 1343 3080 μὴ
1374 3009 1728 3080 δυσχεράνῃς.
1757 3011 2026 3080 ἀγαπητέ,
2057 3011 2167 3062 λεί-

499 3100 647 3167 ψανα
676 3097 911 3151 ἁκούων.
961 3095 1079 3147 Ἐπὶ
1113 3097 1210 3163 μὲν
1252 3093 1361 3164 γάρ
1411 3093 1518 3146 τῶν
1549 3093 1816 3156 αἰσθητῶν
1858 3094 2166 3163 ἐδεσμάτων

505 3184 644 3254 μετὰ
699 3183 826 3251 μίαν
871 3180 963 3233 καὶ
1003 3179 1258 3246 δευτέραν
1305 3177 1517 3246 ἡμέραν
1553 3176 1694 3229 ἕωλα
1725 3176 1983 3239 πολλάκις
2015 3179 2168 3242 γενό-

506 3283 641 3334 μενα
685 3265 753 3316 τά
800 3263 1104 3332 ἐδέσματα,
1151 3261 1396 3330 ἀχρηστα
1429 3260 1642 3328 γέγονε,
1681 3261 1772 3312 καὶ
1818 3262 2168 3332 ἀνεπιτήδεια

503 3349 639 3418 πρὸς
669 3348 902 3417 τροφήν’
955 3346 1047 3397 ἐπὶ
1089 3345 1146 3397 δὲ
1184 3346 1281 3414 τῆς
1315 3345 1688 3413 πνευματικῆς
1711 3345 1988 3414 τραπέζης
2016 3346 2167 3398 οὐδέν

501 3431 617 3483 ἐστι
635 3430 873 3482 τοιοῦτον
894 3429 1084 3486 δεῖσαι,
1108 3427 1220 3481 ἁλλ’
1240 3431 1362 3491 ὅσος
1389 3429 1454 3481 ἂν
1485 3427 1730 3501 παρέλθῃ
1757 3428 1966 3498 χρόνος,
1985 3430 2167 3483 τοσού-

501 3531 578 3584 τῳ
602 3514 798 3584 μᾶλλον
821 3511 1038 3564 πλείονα
1057 3510 1153 3580 τὴν
1173 3513 1328 3580 χάριν
1345 3511 1729 3574 ἐπιδείκνυται,
1745 3513 1837 3564 καὶ
1855 3529 1949 3564 νεα
1959 3513 2167 3584 ρώτερα

501 3600 597 3652 καί
637 3596 976 3666 άκμαιότερα
1023 3596 1352 3664 εὑρίσκεται.
1402 3597 1538 3666 Φέρε
1579 3592 1669 3649 οῦν
1715 3595 1816 3666 τὴν
1851 3597 2160 3667 ὑπόσχεσιν,

498 3682 675 3752 ἥνπερ
723 3680 848 3750 χθὲς
891 3678 1259 3748 ὑπεσχόμεθα,
1305 3680 1383 3741 είς
1428 3679 1584 3748 ἔργον
1619 3679 1938 3748 ἀγάγωμεν,
1981 3681 2076 3731 καὶ
2107 3681 2167 3733 τὸ

501 3765 662 3834 χρέος
683 3765 780 3834 τῆς
810 3761 1154 3824 διδασκαλίας
1184 3760 1594 3830 καταϐάλωμεν.
1631 3763 1723 3814 καὶ
1755 3761 1851 3831 τήν
1889 3763 2168 3832 εὐγνωμο-

503 3849 669 3917 σύνην
705 3846 1118 3912 ἐπιδειξώμεθα.
1171 3844 1305 3896 Οὐδὲ
1347 3843 1451 3914 γὰρ
1485 3847 1594 3906 τοῖς
1628 3845 2038 3915 ὑποδεχομένοις
2075 3848 2167 3915 μό-

501 3946 592 3982 νον
616 3930 896 3998 λυσιτελής
924 3927 1060 3998 αὐτη
1091 3927 1377 3995 τυγχάνει,
1413 3927 1662 3998 καθάπερ
1697 3929 1791 3980 ἐπὶ
1819 3929 1932 3983 τῶν
1967 3932 2164 4000 χρεῶν,

503 4012 638 4066 ἀλλά
671 4014 763 4065 καὶ
814 4013 934 4082 ἐμοὶ
980 4011 1057 4080 τῷ
1089 4011 1490 4064 καταϐάλλοντι.
1535 4012 1643 4063 Kal
1671 4013 1722 4065 τί
1751 4012 1895 4081 λέγω
1939 4016 2061 4084 ἐμοὶ
2090 4015 2168 4085 τῷ

502 4096 922 4162 καταϐάλλοντι;
953 4095 1186 4163 Τοιαύτη
1217 4093 1404 4147 τούτου
1435 4093 1526 4146 τοῦ
1569 4095 1762 4164 χρέους
1798 4098 1890 4150 τοῦ
1925 4116 2167 4166 πνευμα-

502 4179 653 4231 τικοῦ
687 4180 719 4248 ἡ
754 4179 930 4245 φύσις,
961 4179 1042 4230 ὅτι
1075 4179 1183 4246 ὅσῳ
1217 4179 1282 4230 ἂν
1313 4178 1733 4249 καταϐάλληται,
1763 4181 2001 4251 τοσούτῳ
2035 4185 2167 4252 μᾶλ-

502 4260 594 4312 λον
636 4259 876 4324 αὔξεται,
918 4261 1010 4313 καὶ
1072 4260 1288 4312 πλείονα
1343 4261 1442 4332 τὴν
1474 4259 1786 4332 περιουσίαν
1843 4265 2163 4334 ἐργάζεται,

505 4341 654 4413 [1’13]
685 4343 776 4394 καὶ
805 4342 1007 4410 ἄφατον
1031 4342 1122 4394 τὸν
1160 4343 1384 4395 πλοῦτον
1432 4345 1526 4396 καὶ
1555 4344 1632 4415 τῷ
1662 4346 2045 4401 καταϐάλλοντι
2074 4351 2168 4403 καὶ

502 4425 614 4486 τοίς
668 4424 1098 4494 ὑποδεχομένοις.
1159 4421 1308 4487 Εἶδες
1368 4427 1559 4497 καινήν
1607 4427 1799 4497 χρέους
1857 4429 2017 4496 φύσιν
2074 4433 2167 4485 καὶ

505 4505 655 4570 ξένον
685 4505 990 4572 καταϐολῆς
1035 4503 1205 4569 εἷδος;
1243 4506 1476 4559 Τοιαῦτα
1523 4509 1630 4578 γὰρ
1668 4509 1733 4562 τὰ
1787 4513 2163 4581 πνευματικά·

503 4591 569 4658 τῇ
604 4589 828 4657 διανομῇ
864 4588 1059 4658 μᾶλλον
1088 4589 1328 4655 αὔξεται,
1364 4592 1456 4642 καὶ
1479 4594 1543 4662 τῇ
1574 4593 1679 4645 τῶν
1705 4593 1963 4647 πλειόνων
2001 4614 2167 4662 μετα-

504 4671 660 4741 λήψει
697 4672 892 4725 πλείων
925 4673 958 4742 ή
1003 4673 1285 4743 περιουσία
1313 4675 1538 4740 γίνεται,
1570 4678 1661 4729 καί
1688 4677 1809 4729 οὔτε
1841 4681 1869 4731 ὁ
1896 4680 2167 4734 καταϐάλ-

503 4753 611 4806 λων
660 4754 909 4823 αἴσθησίν
939 4772 1062 4806 τινα
1111 4755 1208 4823 τῆς
1252 4755 1551 4826 καταϐολῆς
1579 4758 1861 4828 λαμϐάνει,
1910 4761 2044 4814 ἀλλά
2076 4763 2168 4814 καὶ

503 4831 722 4894 αὔξεται
752 4832 899 4900 αὐτῷ
937 4833 1004 4885 τὰ
1045 4833 1144 4902 τῆς
1196 4835 1530 4902 περιουσίας,
1563 4839 1656 4890 καὶ
1694 4841 1742 4890 οἱ
1783 4839 2167 4911 ὑποδεχόμενοι

505 4914 566 4965 ἐν
591 4911 793 4964 πλείονι
841 4912 1123 4983 περιουσία
1159 4923 1179 4949 ε
1214 4912 1580 4968 καθίστανται.
1630 4917 1781 4970 Ἑπεί
1813 4915 1903 4971 οὐν
1944 4919 2164 4991 τοιαύτη

503 4993 614 5046 τῶν
663 4993 1042 5062 πνευματικῶν
1073 4993 1276 5046 τούτων
1307 4997 1338 5064 ἡ
1372 4995 1551 5062 φύσις,
1584 4999 1719 5066 μετὰ
1754 5001 1932 5069 πάσης
1965 5001 2152 5071 προθυ-

509 5076 636 5143 μίας
667 5080 759 5130 κα¹ι
787 5080 948 5146 ἡμεῖς
975 5079 1110 5146 πρὸς
1137 5078 1233 5148 τὴν
1262 5079 1464 5132 ἔκτισιν
1508 5081 1842 5152 σπεύδωμεν,
1879 5086 1970 5137 καὶ
2010 5086 2168 5155 ὑμεῖς

503 5158 640 5225 πρὸς
667 5157 764 5228 τὴν
795 5159 1058 5230 ὑποδοχὴν
1083 5159 1180 5223 τὰς
1210 5161 1376 5224 ἀκοὰς
1409 5162 1786 5231 εὐτρεπίσατε,
1819 5166 1906 5218 ἵνα
1939 5168 2166 5230 ἕκαστος

503 5239 657 5309 ὑμῶν
685 5241 1026 5311 ἠπλωμένοις
1055 5246 1166 5306 τοῖς
1199 5243 1298 5312 τῆς
1324 5243 1558 5308 διανοίας
1588 5247 1806 5310 κόλποις
1839 5248 2168 5318 ὑποδεξάμε-

500 5339 590 5384 νος
633 5323 700 5376 τὰ
734 5326 860 5393 παρ’
894 5325 1049 5394 ήμῶν
1077 5325 1360 5396 λεγόμενα,
1396 5327 1566 5391 οὕτως
1596 5329 1774 5383 οἴκαδε
1814 5331 2165 5404 ἀναχωρήσῃ.

502 5405 672 5458 Πάλιν
711 5405 820 5477 γὰρ
845 5406 944 5478 τὴν
977 5409 1116 5463 κατὰ
1158 5409 1248 5462 τὸν
1277 5410 1476 5463 δίκαιον
1506 5411 1626 5463 Νῶε
1661 5412 1914 5466 ὑπόθεσιν
1945 5415 2023 5476 εἰς
2068 5415 2166 5484 μέ-

504 5502 594 5539 σον
622 5489 849 5556 ἀγαγεῖν
880 5489 1155 5561 βούλομαι,
1188 5492 1272 5545 ἴνα
1299 5493 1393 5545 τοῦ
1421 5495 1629 5547 δικαίου
1673 5495 1770 5565 τὴν
1803 5495 1998 5566 πολλὴν
2033 5499 2164 5567 ἁρε-

500 5573 600 5638 τὴν
628 5571 999 5641 καταμάθητε,
1031 5575 1123 5626 καὶ
1164 5574 1260 5644 τὴν
1304 5577 1505 5642 ἄφατον
1546 5577 1640 5629 τοῦ
1687 5578 1821 5631 Θεοῦ
1863 5579 2165 5649 φιλανθρω-

501 5653 650 5717 πίαν,
687 5655 780 5707 καὶ
814 5655 910 5725 τὴν
947 5655 1324 5725 μακροθυμίαν
1371 5659 1469 5728 τὴν
1500 5665 1674 5713 πάντα
1716 5659 1870 5727 λόγον
1903 5661 2160 5731 ὑπερϐαί-
2191 5657 2210 5692 ί

500 5750 714 5788 νουσαν;
744 5737 1005 5806 Ἐμάθετε
1026 5737 1167 5807 χθὲς.
1193 5738 1307 5800 πῶς
1333 5741 1396 5792 ἐκ
1419 5741 1714 5811 προοιμίων
1741 5742 1842 5811 τῆς
1859 5743 2161 5811 γεννήσεως

564 5875 589 5902 ³
614 5874 1124 5944 83νξ1.λπεριτιθέμεχα.
1147 5876 1312 5938 Αιὶίιυί
1345 5892 1459 5929 mss.
1484 5881 1790 5944 περιτιθέντα.
1825 5880 1946 5944 nor,
1972 5898 2158 5944 περιτε-

498 5935 681 6006 θέντακ·
717 5937 744 5974 b
759 5935 917 6006 βαίη.
945 5935 1002 6006 εί
1017 5939 1202 6006 aliquo;
1224 5935 1337 6006 ιίιεξι.
1358 5935 1807 6006 χρ·.›σία,’διανείμας
1827 5942 1947 5991 αὐτὰ
1973 5935 2156 5999 εἰς’τάς.

503 5997 526 6026 ε
553 5995 702 6045 Savil.
724 6004 776 6046 et
807 5997 993 6059 aliquot
1015 5995 1129 6051 mss}.
1157 5995 1378 6065 eti-uapti

1319 383 1377 433 ὃ.
1416 379 1704 432 ,ΙυΑΝΝἰδ
1745 376 1924 430 CIII“
1938 375 2164 430 SOSTO.

2268 374 2585 431 Αιιριιιερ.
2627 359 3168 437 ουλετΑΝτιΝορ.

3820 387 3908 445 186

2269 491 2297 542 ὁ
2318 489 2523 574 δίκαιος
2552 487 2706 558 οὗτος
2735 495 3022 566 δεξάμενος
3055 496 3202 568 παρά
3251 498 3343 552 τοῦ
3390 497 3596 569 πατρὸς
3632 499 3725 568 τὴν
3757 519 3910 574 προσ-

2264 570 2510 640 ηγορίαν,
2549 575 2681 626 πᾶσι
2733 578 2843 637 τοῖς
2874 576 2994 628 τότε
3025 575 3332 647 ἀνθρώποις
3367 574 3486 630 οῦσι
3533 578 3739 648 περιῄει
3781 570 3912 634 διδάο

2265 650 2462 712 σκαλος
2492 652 2602 704 τῶν
2653 654 2967 724 συμφορῶν,
3011 656 3289 725 μονονουχὶ
3323 655 3460 724 βοῶν
3492 657 3586 709 καὶ
3633 657 3796 726 λέγων
3836 661 3915 715 διὰ

2261 728 2356 782 τοῦ
2404 731 2605 784 οἰκείου
2650 733 2949 802 ὀνόματος’
3001 733 3273 802 ἀπόστητε
3325 734 3423 802 τῆς
3474 734 3688 798 κακίας,
3742 739 3914 808 μετέρ-

2263 810 2422 877 χεσθε
2456 812 2556 882 τήν
2581 812 2801 881 ἀρετὴν,
2837 812 3107 883 φοϐήθητε
3137 813 3233 883 τὴν
3268 813 3652 884 ἐπηρτημένην
3679 816 3910 870 κόλασιν·

2263 889 2440 942 κοινὸν
2474 892 2686 944 ἃπασαν
2719 894 2817 961 τὴν
2860 894 3182 962 οἰκουμένην
3217 893 3584 962 καταλήψεται
3624 893 3909 951 κλυδώνιον.

2263 967 2437 1039 Πολλὴ
2465 971 2562 1039 τῆς
2591 972 3013 1042 ἀγανακτήσεως
3046 974 3077 1042 ἡ
3107 971 3400 1042 ὐπερόολὴ,
3428 972 3610 1041 ἐπειδὴ
3646 974 3736 1025 καὶ
3759 975 3907 1045 πολλὴ

2261 1045 2359 1114 τῆς
2403 1049 2597 1110 κακίας
2628 1051 2659 1118 ή
2696 1051 2856 1118 φορά.
2892 1051 3000 1102 Καὶ
3033 1050 3192 1102 τοῦτο
3225 1050 3323 1102 οὐκ
3375 1051 3466 1102 ἐπὶ
3513 1052 3661 1103 δυσὶν
3691 1053 3722 1121 ἢ
3754 1056 3910 1123 τρισὶν

2262 1122 2433 1177 ἐτεσιν
2464 1127 2655 1188 ἐποίει,
2687 1127 2800 1180 ἀλλ’
2833 1131 2923 1180 ἐπὶ
2962 1129 3292 1180 πεντακόσια
3339 1127 3432 1196 ἔτη
3482 1129 3730 1199 διήρκεσε
3760 1122 3912 1185 ταῦτα

2261 1204 2558 1272 παραινῶν.
2599 1206 2778 1259 Είδετε
2815 1207 3191 1277 μακροθυμίαν
3233 1207 3538 1269 Δεσπότου;
3587 1207 3752 1259 εἰδετε
3794 1210 3913 1276 ἁγα-

2261 1280 2484 1351 θότητος
2519 1283 2853 1354 ὐπερϐολήν;
2890 1287 3057 1337 εἰδετε
3102 1285 3452 1350 ἀνεξικακίαν
3497 1285 3730 1353 άφατον;
3764 1288 3912 1340 εἴδετε

2260 1361 2456 1422 κακίας
2485 1361 2766 1427 ἐπίτασιν;
2802 1363 2968 1416 εἴδετε
3013 1363 3404 1434 ἀγνωμοσύνης
3456 1362 3713 1432 μέγεθοςς
3751 1365 3910 1434 Μέχρι

2259 1439 2368 1507 γάρ
2409 1438 2620 1503 τούτου,
2678 1441 2753 1504 ὼς
2811 1443 2944 1506 ἴστε,
2991 1442 3115 1512 χθὲς
3165 1445 3294 1512 ήμῖν
3326 1443 3393 1495 τά
3443 1442 3542 1510 τῆς
3591 1442 3912 1506 διδασκαλίας

2258 1517 2409 1579 τέλος
2443 1518 2664 1571 ἔλαϐεν·
2707 1521 3003 1587 ἀναγκαῖον
3051 1523 3228 1574 τοίνυν
3279 1525 3519 1591 σήμερον
3570 1523 3910 1592 καταμαθεῖν,

2259 1596 2405 1657 ὅπως
2454 1599 2482 1648 ὁ
2525 1598 2900 1670 φιλάνθρωπος
2932 1601 3206 1671 Δεσπότης
3233 1601 3330 1670 τὴν
3385 1601 3589 1654 οἰκείαν
3621 1603 3911 1674 ἀγαθὸτητα

2264 1675 2596 1745 μιμούμενος
2653 1677 2770 1730 ούδέ
2823 1679 2981 1748 μέχρι
3031 1680 3138 1731 τῶν
3184 1681 3552 1732 πεντακοσίων
3603 1680 3736 1733 ἐτῶν
3776 1682 3909 1752 ἔστη,

2261 1755 2396 1808 άλλά
2444 1756 2536 1807 καί
2569 1757 2761 1826 ἑτέραν
2798 1759 3112 1828 προσθήκην
3166 1758 3291 1829 περὶ
3323 1761 3448 1822 τούς
3476 1759 3711 1813 τοσαῦτα
3749 1765 3913 1833 ἡμαρ-

2259 1834 2492 1902 τηκότας
2527 1835 2777 1904 προνοίας
2802 1837 3128 1902 ἐπεδείξατο.
3162 1837 3269 1890 Καὶ
3296 1833 3373 1907 ἦν
3396 1837 3547 1903 Νῶε,
3579 1841 3761 1909 φησὶν,
3781 1839 3914 1893 ἐτῶν

2260 1915 2690 1966 πεντακοσίων.
2740 1916 3022 1985 Ἐπίτηδες
3066 1918 3196 1986 ἡμῖν
3235 1917 3325 1971 τὸν
3371 1917 3601 1987 ἀριθμὸν
3648 1919 3750 1972 τῶν
3793 1919 3913 1972 ἐτῶν

2258 1993 2352 2045 τοῦ
2386 1993 2592 2045 δικαίου
2649 1994 3032 2064 ἐπεσημήνατο
3069 1999 3100 2065 ἡ
3148 1995 3267 2048 θεία
3309 1995 3515 2066 Γραφὴ,
3553 1996 3639 2049 ἵνα
3676 1997 3912 2068 μάθωμεν

2261 2072 2318 2124 ἐν
2354 2074 2501 2141 πόσῳ
2549 2073 2722 2143 χρόνῳ
2772 2074 3036 2126 διετέλεσε
3093 2075 3371 2145 παραινῶν
3425 2078 3626 2140 αὐτοῖς,
3679 2079 3768 2129 καὶ
3813 2076 3912 2140 πῶς

2261 2153 2454 2204 ἐκεῖνοι
2509 2153 2606 2222 μὲν
2636 2153 2732 2221 τὴν
2776 2154 2871 2222 τῆς
2927 2155 3124 2218 κακίας
3174 2156 3291 2208 ὁδὸν
3339 2157 3602 2224 ἐλόμενοι,
3657 2158 3713 2209 ἐν
3759 2158 3908 2228 ταύτῃ

2261 2231 2707 2283 κατεδαπανῶν-το
2728 2248 2739 2259 ·
2771 2234 2799 2283 ὁ
2829 2233 2882 2284 δὲ
2915 2233 3120 2296 δίκαιος
3154 2236 3479 2297 ἁπεναντίας
3506 2237 3677 2288 ἅπασι
3709 2237 3911 2306 πορευό-

2264 2327 2420 2380 μενος
2449 2310 2546 2379 τὴν
2576 2312 2747 2380 ἄκραν
2781 2314 2977 2382 ἀρετὴν
3007 2313 3340 2378 ἐπεδείξατο,
3368 2313 3506 2366 ὥστε
3534 2315 3755 2384 κάλ’τὴν
3782 2317 3912 2386 παρὰ

2259 2388 2352 2441 τοῦ
2380 2389 2515 2441 Θεοῦ
2547 2390 2949 2443 ἐπισπάσασθαι
2985 2389 3217 2454 εὐνοιαν,
3249 2395 3343 2444 καὶ
3374 2393 3588 2446 πάντων
3623 2395 3912 2447 ὑπευθύνων

2260 2471 2326 2538 τῇ
2380 2469 2615 2540 τιμωρίᾳ
2667 2470 2989 2539 γενομένων,
3051 2471 3211 2522 αὐτὸν
3268 2471 3425 2540 μόνον
3470 2473 3747 2541 διαφυγεῖν
3793 2476 3912 2543 μετὰ

2259 2548 2368 2600 τῶν
2403 2549 2549 2619 αὐτῷ
2577 2550 2981 2618 προσηκόντων.
3023 2549 3299 2603 Ἐντεῦθεν
3330 2549 3692 2621 μανθάνομεν,
3731 2554 3807 2605 ὅτι
3832 2554 3911 2606 ἐὰν

2261 2629 2518 2698 νήφωμεν
2545 2629 2634 2681 καὶ
2658 2628 2730 2699 μὴ
2749 2627 3098 2699 ρᾳθυμῶμεν,
3114 2630 3173 2680 οὐ
3196 2629 3356 2697 μόνον
3371 2630 3520 2682 οὐδὲν
3537 2633 3686 2699 ἡμᾶς
3710 2631 3912 2700 βλάπτει

2261 2708 2321 2759 τὸ
2349 2707 2546 2777 μεταξύ
2571 2708 2678 2758 τῶν
2711 2709 2894 2760 κακῶν
2917 2707 3308 2778 ἀναμεμίχθαι,
3338 2708 3471 2760 ἀλλὰ
3503 2705 3594 2762 καὶ
3623 2711 3914 2780 ἀκριϐεστέ-

2266 2803 2390 2858 ρους
2423 2786 2549 2856 περὶ
2576 2785 2672 2857 τὴν
2714 2787 2912 2856 ἀρετὴν
2947 2787 3256 2857 ἐργάζεται.
3300 2788 3396 2840 Διὰ
3438 2789 3544 2859 γὰρ
3575 2789 3736 2842 τοῦτο
3779 2791 3913 2842 καὶὸ

2265 2869 2641 2939 φιλάνθρωπος
2705 2869 2837 2933 Θεὸς
2901 2869 3070 2932 οὕτως
3133 2869 3486 2940 ᾠκονόμησε,
3547 2871 3690 2924 κατά
3741 2871 3913 2924 ταύτὸν

2263 2947 2509 3012 ἅπαντας
2542 2943 2680 3000 εἶναι
2708 2947 2802 3000 καὶ
2833 2949 2957 3010 τοὺς
2989 2948 3255 3018 πονηροὺς
3284 2949 3376 3001 καὶ
3405 2951 3527 3012 τοὺς
3555 2950 3805 3016 ἀγαθοὺς,
3839 2950 3915 3002 Eva

2262 3027 2358 3080 καὶ
2385 3025 2494 3079 τῶν
2528 3025 2780 3095 πονηρῶν
2812 3027 2845 3096 ή
2874 3026 3041 3080 κακία
3071 3027 3420 3096 ἐγκόπτηται,
3458 3028 3547 3080 καὶ
3573 3027 3687 3081 τῶν
3718 3028 3913 3096 ἀγαθῶν

2264 3107 2296 3174 ἡ
2331 3106 2497 3176 ἀρετὴ
2529 3105 2884 3176 λαμπροτέρα
2931 3105 3271 3175 δεικνύηται,
3324 3107 3416 3159 καὶ
3454 3107 3520 3159 τά
3549 3107 3776 3176 μέγιστα
3803 3123 3914 3176 κερ-

2262 3185 2488 3238 δάνωσιν
2519 3187 2566 3238 οἱ
2595 3187 2856 3256 ράθυμοι,
2889 3187 2982 3239 ἐὰν
3017 3185 3329 3254 βούλωνται,
3364 3187 3468 3239 ἀπὸ
3501 3188 3604 3256 τῆς
3636 3187 3741 3240 τῶν
3769 3203 3913 3240 σεωυ-

2263 3265 2426 3316 δαίων
2470 3264 2769 3327 συνουσίας.
2835 3265 3030 3317 Ἐννόει
3076 3266 3184 3336 γάρ
3231 3265 3378 3336 [1941
3434 3283 3522 3335 μοι
3573 3267 3673 3319 τοῦ
3729 3267 3914 3320 δικαίου

2263 3345 2454 3396 τούτου
2487 3345 2546 3397 τὸ
2592 3343 2863 3413 ἐνάρετον,
2891 3344 3036 3407 ὅπως
3075 3347 3132 3396 ἐν
3180 3343 3372 3414 πλήθει
3402 3345 3644 3415 τοσούτῳ
3677 3346 3830 3416 πολλῇ
3859 3348 3913 3415 τῇ

2267 3425 2412 3495 ῥύμῃ
2465 3423 2598 3490 πρὸς
2643 3424 2740 3494 τὴν
2773 3423 2970 3475 κακίαν
3019 3425 3333 3493 φερομένων
3371 3422 3397 3460 ἀ
3448 3425 3612 3494 μόνος
3646 3426 3799 3488 αὐτὸς
3828 3426 3914 3495 τήν

2262 3502 2506 3555 ἐναντίαν
2549 3498 2710 3571 ἦλθεν
2738 3501 2873 3564 ὁδὸν,
2905 3502 3000 3571 τὴν
3035 3503 3235 3573 ἀρετὴν
3266 3504 3667 3574 προτιμοτέραν
3709 3505 3801 3574 τῆς
3831 3522 3914 3557 κα-

2263 3581 2384 3643 κίας
2427 3581 2695 3648 ἐλόμενος,
2729 3582 2820 3633 καὶ
2863 3579 2984 3633 οὐτε
3021 3583 3054 3651 ή
3090 3583 3396 3651 συμφωνία,
3441 3581 3564 3636 οὐτε
3597 3585 3658 3637 τὸ
3687 3581 3913 3638 τοσοῦτον

2266 3661 2468 3729 πλῆθος
2519 3660 2876 3732 ὀκνηρότερον
2937 3661 3097 3714 αὐτὸν
3152 3663 3444 3730 εἰργάσατο
3493 3665 3631 3736 πρὸς
3692 3666 3784 3734 τὴν
3829 3665 3912 3731 τῆς

2264 3741 2464 3809 ἀρετῆς
2495 3740 2630 3800 ὁδὸν,
2663 3739 2774 3792 ἀλλ’
2805 3741 2905 3810 ήδη
2951 3741 3238 3808 προλαϐὼν
3273 3742 3510 3812 ἐπλήρου
3559 3744 3621 3795 τὸ
3647 3745 3791 3813 παρὰ
3831 3742 3912 3794 τοῦ

2267 3819 2534 3890 μακαρίου
2580 3819 2857 3882 Μωῦσέως
2899 3819 3088 3888 μέλλον
3116 3821 3469 3891 ῥηθήσεσθαι,
3520 3823 3601 3875 ὃτι
3647 3826 3767 3876 Οὐκ
3813 3823 3911 3889 ἔσῃ

2257 3901 2406 3968 μετὰ
2433 3898 2682 3952 πολλῶν
2712 3898 2809 3951 ἐπὶ
2838 3901 3034 3966 κακίᾳ.
3066 3901 3176 3954 Καὶ
3208 3901 3268 3953 τὸ
3298 3901 3608 3971 θαυμαστὸν
3639 3904 3730 3956 καὶ
3755 3903 3912 3971 παρά-

2262 3979 2429 4042 δοξον,
2485 3978 2564 4029 ὅτι
2603 3979 2695 4030 καὶ
2733 3977 2958 4041 πολλοὺς
3007 3979 3164 4049 ἔχων,
3214 3980 3410 4049 μᾶλλον
3454 3980 3508 4033 δὲ
3557 3981 3796 4044 ἅπαντας
3835 3980 3914 4032 ἐπὶ

2262 4058 2359 4125 τὴν
2414 4058 2612 4110 κακίαν
2668 4059 3138 4127 προτρεπομένους
3212 4061 3302 4112 καὶ
3357 4058 3454 4130 τήν
3513 4060 3626 4114 τῶν
3686 4058 3913 4130 πονηρῶν

2263 4135 2514 4206 πράξεων
2569 4135 2861 4203 ἐργασίαν,
2911 4137 3005 4190 καλ⁵
3052 4138 3263 4200 οὐδενὸς
3307 4138 3457 4201 ὄντος
3503 4138 3599 4192 τοῦ
3653 4141 3784 4209 πρὸς
3831 4137 3913 4207 τὴν

2263 4215 2464 4284 ἀρετὴν
2500 4215 2801 4281 ἐνάγοντος,
2847 4215 3054 4271 οἴκοθεν
3100 4218 3190 4269 ἐπὶ
3231 4220 3433 4287 ταύτην
3485 4217 3623 4286 μετά
3672 4217 3914 4286 τοσαύτης

2265 4291 2490 4362 ῶρμησε
2535 4293 2633 4360 τῆς
2684 4293 3074 4364 σφοδρότητος,
3123 4295 3261 4347 ὥστε
3307 4296 3548 4366 τοσούτῳ
3586 4296 3774 4364 πλήθει
3819 4296 3913 4346 ἀπ-

2267 4372 2510 4433 εναντίας
2543 4370 2716 4423 ἐλθεῖν
2756 4382 2812 4410 θ’
2848 4373 2941 4425 καί
2978 4372 3100 4426 οὐτε
3141 4374 3360 4438 ἔδεισεν,
3397 4375 3521 4427 οῦτε
3550 4376 3791 4428 ὑπείδετο
3829 4373 3913 4442 τήν

2268 4450 2443 4520 κακήν
2497 4450 2834 4519 συμφωνίαν,
2882 4451 3006 4504 οὐτε
3052 4452 3220 4505 ἔπαθέ
3255 4471 3305 4506 τι
3345 4454 3603 4517 τοιοῦτον,
3635 4451 3745 4507 οἷον
3786 4452 3914 4512 εἰκὸς

2267 4527 2334 4602 ἦν
2365 4530 2487 4591 τοὺς
2523 4529 2898 4598 ρᾳθυμοῦντας
2947 4530 3157 4595 παθεῖν,
3193 4532 3240 4583 οἳ
3281 4532 3495 4584 ἐπειδάν
3531 4533 3680 4586 ἴδωσι
3709 4531 3913 4591 πολλοὺς

2269 4610 2409 4661 κατά
2439 4607 2601 4661 ταύτὸ
2631 4609 2945 4677 συμφωνίαν
2995 4609 3487 4680 ἐπιδεικνυμένους,
3519 4611 3722 4680 ταύτην
3762 4611 3914 4677 ascop-

2272 4687 2376 4756 μὴν
2407 4689 2499 4739 καὶ
2536 4686 2903 4756 προκάλυμμα
2945 4689 3041 4757 τῆς
3075 4689 3278 4752 οἰκείας
3313 4689 3584 4759 ῥᾳθυμίας
3639 4687 3914 4761 προϐαλλόο

2270 4765 2419 4833 μενοί
2464 4781 2627 4833 φασι·
2681 4766 2734 4818 τί
2783 4766 2846 4835 δὴ
2885 4765 3060 4835 μέλλω
3090 4766 3200 4835 ἐγὼ
3245 4769 3394 4839 παρὰ
3448 4768 3672 4832 τούτους
3692 4769 3913 4828 ἅπαντας

2269 4842 2416 4906 ξένον
2464 4861 2515 4896 τι
2556 4845 2648 4896 καὶ
2692 4845 2872 4897 καινὸν
2924 4844 3286 4912 βουλεύεσθαι,
3335 4845 3427 4900 καί
3455 4847 3695 4915 τοσούτῳ
3739 4847 3911 4914 πλήθει

2266 4921 2656 4980 ἐναντιοῦσθαι,
2703 4924 2795 4975 καὶ
2827 4923 2962 4994 πρὸς
2993 4924 3242 4976 τοσοῦτον
3273 4925 3440 4994 δῆμον
3480 4925 3714 4996 πόλεμον
3746 4923 3912 4979 ἀναδέ-

2267 5001 2454 5069 χεσθαι
2477 5018 2490 5065 ;
2520 5003 2610 5070 Μὴ
2638 5003 2744 5073 γάρ
2768 5002 3099 5074 δικαιότερος
3132 5003 3242 5070 ἐγὼ
3270 5004 3420 5073 παρά
3439 5005 3660 5067 τούτους
3689 5006 3911 5066 ἅπαντας

2266 5080 2548 5149 τυγχάνω;
2586 5081 2680 5144 Τίς
2729 5099 2817 5152 μοι
2864 5085 3021 5153 χρεία
3064 5083 3161 5153 τῆς
3203 5084 3468 5152 τοσαύτης
3515 5083 3836 5153 ἀπεχθείας;
3863 5083 3910 5135 τί

2269 5176 2357 5228 μοι
2406 5158 2593 5225 ὄφελος
2624 5158 2714 5211 τοῦ
2748 5159 3002 5212 τοσούτου
3055 5161 3278 5231 μίσους;
3331 5163 3496 5215 Οὐδὲν
3527 5163 3637 5215 τῶν
3663 5163 3908 5233 ἀνονήτων

2264 5236 2469 5288 τούτων
2493 5236 2865 5300 ἐϐουλεύσατο,
2907 5238 3023 5290 οὐδέ
3048 5241 3329 5309 ἐνενόησεν
3352 5257 3365 5268 ·
3395 5239 3528 5293 άλλά
3558 5241 3721 5294 πάλιν
3758 5242 3910 5293 ἐκεῖνο

2269 5314 2551 5386 προλαϐὼν
2600 5315 2835 5385 ἐπλήρου
2880 5316 2941 5368 τὸ
2991 5319 3278 5386 εἰρημένον
3305 5318 3452 5388 παρά
3491 5319 3585 5371 τοῦ
3630 5321 3908 5391 προφήτου,

2268 5395 2346 5448 ὅτι
2381 5396 2691 5460 Ιιζρείσσων
2727 5391 2813 5459 εἷς
2858 5395 3043 5448 ποιῶν
3079 5396 3146 5448 τὸ
3182 5397 3406 5464 θέλημα
3457 5400 3700 5466 Κυρίου,
3740 5401 3776 5466 ἢ
3809 5415 3906 5466 μυ-

2258 5475 2378 5540 ρίοι
2426 5473 2773 5541 παράνομοι.
2820 5475 2909 5544 Μὴ
2960 5474 3067 5545 γὰρ
3114 5477 3147 5546 ὴ
3200 5476 3477 5541 κοινωνία,
3532 5478 3684 5546 φησὶ,
3717 5477 3806 5530 καὶ
3854 5473 3906 5526 τὸ

2267 5553 2813 5622 συγκατασπασθῆναι
2845 5552 2921 5623 τῷ
2961 5553 3152 5623 πλήθει
3185 5554 3317 5624 πρὸς
3350 5554 3446 5624 τήν
3478 5557 3674 5607 κακίαν
3700 5556 3908 5622 αὐτομοο

2265 5628 2438 5683 λοῦντι
2486 5632 2757 5697 ἐξελέσθαι
2815 5649 2879 5702 με
2927 5633 3212 5703 δυνήσεται
3270 5635 3367 5703 τῆς
3413 5635 3708 5704 τιμωρίας;
3771 5633 3906 5702 ᾜδει

2267 5710 2388 5780 γὰρ,
2425 5710 2536 5780 ᾔδει
2569 5709 2754 5780 σαφῶς
2783 5711 2862 5762 ὅτι
2885 5712 3112 5774 ἕκαστος
3144 5712 3283 5782 ὑπὲρ
3311 5711 3407 5779 τῆς
3433 5713 3632 5774 οἰκείας
3661 5711 3906 5780 σωτηρίας

2264 5789 2362 5850 τὰς
2410 5789 2635 5851 εὐθύνας
2686 5789 2866 5852 δώσει,
2922 5791 3014 5842 καὶ
3065 5792 3164 5842 οὐκ
3217 5791 3362 5843 ἐστιν
3413 5792 3594 5860 ἓτερον
3649 5792 3780 5858 ὑπὲρ
3823 5786 3902 5839 τοῦ

2267 5865 2667 5935 ἁμαρτάνοντος
2714 5871 2835 5923 οὔτε
2889 5869 3106 5922 κόλασιν
3155 5869 3461 5937 ὑπομεῖναι,
3513 5869 3634 5922 οὐτε
3693 5867 3901 5940 ἀμοιδῆς

2324 6003 2467 6075 fiAlii
2494 6007 2749 6070 φερομένῳ.
2819 6007 3013 6071 ﬁSavil.
3039 6013 3088 6056 et
3115 6008 3196 6057 alii
3222 6008 3350 6068 ἦλθε.
