4038 6394
210 380 312 434 135

207 498 436 552 reddunt
466 515 479 552 :
509 498 582 552 ita
611 495 658 552 si
683 496 874 552 animm
907 495 1393 566 circumpunantur,
1439 496 1650 551 etiamsi
1689 495 1788 550 de-

207 591 364 644 formi
382 604 649 642 summam
664 586 1106 658 pulchritudinem
1120 586 1390 642 afferrent.
1417 587 1482 642 Et
1500 585 1787 656 quomodo,

207 683 377 745 dices,
403 689 628 746 possunt
645 679 838 733 animm
865 679 1193 748 circumponi
1209 693 1370 733 aurea
1388 679 1412 732 7
1430 677 1624 732 lterum
1651 678 1790 742 dico,

208 787 306 842 per
326 785 519 825 manus
539 785 847 839 pauperum.
871 769 950 823 llli
973 770 1116 825 enim
1136 769 1476 839 accipientes,
1507 766 1794 823 formosam

209 864 355 919 illam
382 861 633 918 reddunt.
660 862 770 916 Illis
792 876 1007 915 auream
1037 860 1316 930 pecuniam
1341 858 1509 923 trade,
1546 868 1600 914 et
1629 859 1679 912 in
1726 859 1794 912 il-

211 955 385 1009 lorum
406 963 627 1008 ventres
647 952 954 1021 dispensato
970 993 986 1017 ,
1013 959 1319 1022 tantamque
1354 951 1426 1006 ibi
1446 950 1678 1004 vicissim
1701 949 1797 1003 da-

212 1047 348 1101 bunt
371 1046 842 1116 pulchritudinem,
865 1055 927 1100 ut
945 1043 1113 1100 forma
1140 1054 1226 1099 tua
1251 1060 1435 1098 verum
1461 1044 1606 1098 illum
1635 1057 1794 1112 spon-

211 1153 333 1192 sum
362 1139 580 1201 alliciat,
605 1139 984 1206 innumeraque
1009 1137 1148 1190 dona
1171 1135 1434 1190 conciliet.
1457 1134 1589 1189 Cum
1617 1144 1793 1188 autem

215 1229 612 1298 pulchritudine
654 1228 937 1282 Dominum
989 1227 1274 1292 allexeris,
1323 1226 1800 1296 suppeditabuntur

213 1321 313 1375 tibi
360 1321 497 1374 bona
526 1319 728 1383 omnia,
773 1328 828 1373 et
857 1318 1132 1372 immensis
1173 1317 1362 1387 opibus
1389 1316 1702 1371 abundabis.
1740 1315 1796 1370 Si

217 1427 349 1482 ergo
369 1411 628 1466 amabiles
654 1409 770 1464 fieri
796 1410 1022 1464 Domino
1046 1409 1310 1475 volumus,
1339 1408 1448 1477 jam
1490 1422 1594 1461 non
1636 1422 1797 1460 orna-

217 1512 332 1557 tum
359 1502 598 1570 corporis
625 1501 759 1556 tanti
785 1502 1056 1563 faciamus,
1086 1500 1180 1554 sed
1202 1500 1389 1553 anima:
1416 1499 1798 1552 formositatem

217 1595 457 1664 quotidie
485 1609 676 1672 magna
704 1593 977 1662 diligentia
1007 1607 1275 1658 curemus,
1309 1599 1438 1645 utet
1461 1591 1681 1660 gratiam
1701 1590 1801 1644 be-

215 1688 368 1756 nigni
397 1686 492 1740 Dei
523 1685 679 1740 nobis
701 1685 1066 1747 conciliemus,
1098 1693 1151 1737 et
1176 1682 1456 1736 ineffabilia
1497 1683 1630 1736 bona
1669 1697 1801 1734 con-

219 1793 532 1847 sequamur,
563 1776 728 1846 gratia
761 1784 816 1830 ct
859 1775 1182 1843 benignitate
1221 1773 1427 1827 Domini
1467 1774 1634 1827 nostri
1675 1771 1802 1826 Jesu

217 1869 440 1935 Christi,
469 1884 592 1922 cum
628 1883 736 1938 quo
771 1867 934 1933 Patri,
962 1865 1119 1920 simul
1155 1878 1212 1920 et
1249 1865 1466 1933 Spiritui
1510 1872 1695 1918 sancto
1736 1864 1804 1916 sit

219 1961 414 2029 gloria,
454 1958 759 2028 imperium,
787 1958 980 2025 honor,
1020 1973 1161 2012 nunc
1188 1966 1243 2012 et
1269 1969 1501 2026 semper,
1532 1955 1664 2010 etin
1705 1967 1804 2008 sac-

213 2053 343 2109 cula
370 2052 709 2108 seculorum.
742 2053 934 2105 Amen.

771 2184 1048 2240 IIOMILIA
1089 2183 1256 2238 XXII.

225 2298 295 2353 Et
326 2309 432 2353 erat
461 2297 578 2354 Noe
604 2315 855 2352 annorum
873 2299 1274 2368 quingentorum,
1304 2305 1349 2350 et
1375 2295 1545 2366 genuit
1567 2291 1681 2346 Noe
1707 2302 1804 2345 (res

299 2392 454 2460 ﬁlios,
485 2392 626 2456 Sent,
662 2390 841 2456 Citam,
870 2400 915 2443 et
938 2388 1184 2458 Japheth.
1211 2388 1276 2441 Et
1303 2391 1494 2458 factum
1516 2394 1586 2439 est
1605 2383 1806 2454 quando

298 2491 558 2551 ceperunt
586 2481 810 2535 homines
838 2478 1167 2550 multiplicari
1203 2495 1360 2548 super
1386 2487 1587 2541 terram,
1617 2485 1662 2530 et
1686 2476 1810 2544 ﬁlia:

303 2585 438 2627 nate
460 2583 578 2627 sunt
602 2572 674 2626 eis
699 2570 848 2640 (Gen.
878 2571 931 2628 5.
962 2571 1050 2625 51.
1081 2579 1126 2624 et
1151 2570 1202 2626 6.
1237 2569 1315 2640 1).

303 2687 331 2740 1
345 2725 358 2738 .
395 2686 736 2739 Attentionem
761 2684 1050 2738 auditorum
1069 2691 1259 2753 captat.
1291 2680 1419 2749 Qua:
1435 2680 1499 2735 sit
1523 2691 1704 2734 natura
1724 2681 1812 2732 de-

223 2778 323 2832 biti
345 2777 647 2847 spiritualia.
664 2776 1016 2846 -—Reliquias
1039 2774 1300 2829 hesterna:
1321 2787 1520 2827 mensae
1540 2770 1691 2826 vobis
1713 2769 1812 2824 lto-

229 2872 321 2926 die
345 2879 645 2941 pt'Oponere
670 2871 788 2924 volo
817 2893 830 2925 :
862 2870 1047 2925 sedne
1071 2884 1209 2939 aegre
1233 2868 1398 2932 feras,
1429 2867 1640 2930 dilecte,
1669 2864 1811 2936 quod

231 2966 491 3035 reliquias
517 2963 656 3018 dico.
688 2963 820 3018 Nam
849 2965 902 3019 in
931 2963 1271 3018 sensibilibns
1297 2961 1507 3031 quidem
1549 2960 1813 3014 alimentis

231 3070 354 3130 post
386 3075 552 3114 unum
583 3069 636 3113 et
661 3058 886 3113 alterum
917 3057 1058 3111 diem
1088 3054 1320 3110 marcida
1364 3054 1497 3108 ﬁunt
1525 3053 1720 3118 edulia,
1761 3060 1814 3106 et

231 3151 301 3206 ad
333 3149 656 3206 vescendum
682 3149 884 3203 inutilia
916 3166 930 3202 :
959 3147 1010 3201 in
1037 3145 1298 3216 spirituali
1319 3158 1448 3200 vero
1474 3158 1657 3199 mensa
1683 3143 1815 3196 nihil

233 3244 340 3299 tale
367 3244 544 3298 vereri
573 3248 804 3312 oportet.
835 3241 951 3310 ipsa
976 3240 1142 3305 enim,
1172 3249 1371 3310 quanto
1409 3237 1527 3308 plus
1559 3238 1814 3306 temporis

232 3334 516 3404 praeteriit,
550 3342 698 3388 tanto
729 3332 983 3402 majorem
1007 3331 1229 3402 gratiam
1260 3329 1440 3395 habet,
1471 3339 1525 3383 et
1551 3329 1817 3384 recentior

229 3438 393 3497 atque
423 3429 660 3497 vegetior
696 3424 984 3480 invenitur.
1026 3423 1137 3492 Age
1183 3422 1340 3492 igitur
1385 3421 1815 3492 promissionem,

232 3533 394 3588 quam
418 3517 532 3572 heri
560 3517 849 3579 emisimus,
881 3515 1213 3585 impleamus,
1232 3523 1283 3568 et
1305 3513 1542 3568 debitum
1561 3512 1820 3568 doetrinae

233 3619 389 3680 grato
439 3607 785 3663 exhibeamus
829 3611 1026 3662 animo.
1073 3605 1191 3661 Non
1234 3607 1377 3661 enim
1416 3606 1520 3660 hoc
1569 3606 1696 3660 utile
1739 3614 1822 3660 est

230 3700 622 3768 accipientibus
668 3699 965 3762 dumtaxat,
1020 3706 1080 3753 ut
1118 3699 1174 3752 in
1213 3697 1334 3752 aliis
1377 3696 1589 3760 debitis,
1633 3697 1727 3752 sed
1767 3706 1822 3752 et

237 3791 368 3845 mihi
409 3790 787 3846 dinumeranti.
829 3789 898 3844 Et
921 3789 1045 3859 quid
1091 3789 1211 3844 dico
1254 3787 1386 3844 mihi
1424 3788 1822 3843 dinumeranti?

237 3885 386 3939 Talis
433 3894 516 3938 est
553 3883 841 3952 spiritualis
889 3881 1054 3936 debiti
1099 3893 1310 3946 natura,
1353 3889 1412 3935 ut
1452 3889 1652 3951 quanto
1702 3895 1818 3933 ma-

239 3979 320 4046 gis
373 3976 632 4042 solvitur,
684 3985 830 4029 tanto
877 3973 1046 4043 magis
1108 3982 1394 4042 augeatur,
1455 3979 1510 4026 et
1575 3971 1818 4025 substan-

242 4070 371 4122 tiam
418 4067 588 4137 magis
642 4067 983 4136 multiplicet,
1037 4074 1197 4136 atque
1259 4064 1556 4120 ineffabiles
1612 4063 1826 4118 divitias

242 4158 431 4213 afferat
450 4169 558 4212 tam
588 4157 758 4224 danti,
783 4172 940 4228 quam
980 4155 1380 4225 accipientibus.
1411 4154 1603 4210 Vidisti
1633 4171 1825 4210 novam

242 4250 408 4305 debiti
427 4258 692 4314 naturam,
715 4259 771 4304 et
795 4263 969 4302 raram
999 4247 1282 4302 solutionis
1301 4248 1578 4318 speciem?
1605 4248 1661 4301 In
1688 4248 1828 4303 hunc

243 4339 385 4392 enim
411 4338 627 4392 modum
667 4353 728 4393 se
756 4337 953 4392 habent
991 4337 1287 4407 spiritualia
1311 4379 1327 4404 ,
1361 4347 1419 4391 ut
1456 4337 1828 4392 distributione

244 4431 413 4501 magis
441 4438 705 4492 crescant,
730 4439 784 4484 et
811 4444 932 4484 cum
954 4429 1106 4484 multi
1137 4439 1261 4484 sunt
1285 4430 1588 4497 participes,
1613 4429 1830 4484 uberior

245 4524 315 4575 sit
342 4520 699 4586 abundantia;
724 4530 779 4576 et
805 4519 897 4591 qui
921 4520 1241 4587 numeravit,
1275 4536 1382 4575 non
1411 4521 1604 4575 sentiat
1644 4535 1703 4575 se
1726 4520 1828 4574 ali-

246 4614 372 4685 quid
391 4628 726 4679 numerasse,
752 4612 1181 4683 quandoquidem
1210 4612 1328 4682 ejus
1356 4627 1490 4682 opes
1535 4623 1782 4667 crescunt
1810 4629 1826 4678 ;

244 4720 297 4761 et
349 4708 416 4762 iis
463 4707 555 4776 qui
597 4715 921 4775 acceperunt
958 4705 1130 4775 major
1146 4706 1308 4761 etiam
1345 4706 1497 4774 c0pia
1540 4715 1828 4759 accrescat.

245 4800 378 4867 Quia
411 4799 575 4870 igitur
601 4799 722 4853 talis
749 4806 831 4853 est
850 4797 1206 4866 spiritualium
1236 4795 1458 4851 istorum
1475 4804 1686 4860 natura,
1711 4810 1830 4849 ma-

245 4905 345 4962 gna
372 4889 652 4945 alacritate
677 4889 840 4944 etiam
888 4903 986 4943 nos
1023 4888 1092 4943 ad
1133 4889 1451 4943 solutionem
1496 4887 1830 4953 festinemus,

248 4992 302 5036 et
327 4996 427 5036 vos
448 4981 516 5035 ad
544 4979 938 5050 suscipiendum
966 4994 1123 5035 aures
1147 4981 1585 5048 accommodetis,
1619 4989 1677 5034 ut
1716 4997 1834 5034 om-

249 5091 345 5130 nes
371 5089 495 5129 cum
517 5074 638 5128 latis
653 5072 1043 5128 animisinibus
1065 5072 1400 5142 sumpseritis
1441 5088 1560 5140 qua:
1605 5087 1634 5127 a
1679 5073 1832 5127 nobis

249 5169 522 5232 dicuntur,
571 5167 642 5220 ita
679 5166 894 5220 domum
943 5165 1373 5236 proﬁciscamini.
1417 5165 1611 5221 lterum
1652 5175 1830 5220 autem

249 5269 626 5330 argumentum
655 5259 723 5314 de
761 5259 908 5329 justo
946 5257 1058 5314 Noe
1082 5258 1136 5312 in
1165 5256 1402 5312 medium
1451 5255 1643 5312 all‘erre
1686 5258 1830 5324 volo,

251 5363 312 5405 ut
325 5351 458 5421 justi
483 5366 730 5421 magnam
755 5351 1029 5416 virtutem,
1054 5357 1112 5405 et
1138 5349 1458 5404 ineffabilem
1499 5350 1595 5404 Dei
1619 5351 1834 5405 miseri-

249 5444 520 5510 cordiam,
550 5458 614 5497 ac
634 5443 973 5498 tolerantiam
1000 5458 1119 5512 quae
1167 5457 1380 5497 omnem
1427 5442 1592 5497 animi
1621 5452 1832 5512 captum

252 5537 620 5602 transcendit,
671 5535 911 5593 discatis.
955 5535 1224 5592 Didicistis
1266 5537 1402 5602 heri,
1446 5537 1713 5606 quomodo
1767 5538 1836 5593 ab

253 5640 375 5686 ortu
414 5644 516 5685 suo
535 5629 711 5700 justus
740 5629 851 5694 ille,
877 5635 1098 5698 accepto
1131 5643 1163 5682 a
1187 5638 1340 5698 patre
1368 5629 1582 5684 nomine
1603 5669 1617 5695 ,
1659 5628 1837 5682 obam-

254 5722 489 5788 bulahat,
522 5722 772 5777 omnibus
791 5721 880 5793 qui
903 5730 1029 5776 tunc
1055 5729 1213 5777 erant
1231 5720 1420 5777 doctor
1441 5720 1800 5776 calamitatum
1817 5759 1832 5783 ,

253 5829 407 5887 quasi
460 5813 698 5871 clamans
722 5821 777 5870 et
819 5828 916 5894 per
958 5814 1131 5886 ipsum
1160 5827 1360 5872 nomen
1400 5827 1557 5872 suum
1593 5812 1779 5870 dicens
1814 5828 1829 5866 :

1117 375 1191 436 IN
1211 378 1369 436 CAP.
1407 377 1477 433 ν.
1507 378 1600 436 ΕΤ
1631 379 1719 436 Vl.
1761 379 2006 438 GENES.
2043 373 2277 434 HOMlL.
2315 375 2480 433 XXII.

3371 387 3472 444 186

1899 491 2152 548 Desistite
2174 507 2205 547 a
2225 491 2387 558 malo,
2414 490 2710 561 operemini
2733 491 3006 560 "virtutem,
3037 494 3222 550 timete
3257 508 3472 565 prauam

1900 584 2293 654 impendentem
2326 597 2647 638 :commune
2675 582 2929 638 diluvium
2959 585 3012 639 in
3042 594 3152 639 toto
3188 587 3319 642 orbe
3348 587 3470 642 erit.

1898 673 2088 745 Ingens
2116 673 2216 730 Dei
2242 673 2535 744 indignatio
2560 674 2741 740 instat,
2775 675 2897 745 quia
2918 685 2972 730 et
2994 688 3185 746 magna
3223 677 3476 747 nequitia:

1898 765 2179 820 colluvies.
2210 763 2279 819 Et
2300 763 2402 819 hoc
2423 779 2529 819 non
2555 779 2651 834 per
2672 765 2806 820 duos
2835 765 2918 821 vel
2943 774 3053 821 tres
3076 776 3278 821 tantum
3305 782 3477 824 annos

1899 854 2150 922 faciebat,
2187 855 2281 911 sed
2307 856 2626 926 quingentos
2650 871 2820 911 annos
2841 858 2974 912 vixit
3002 857 3116 913 haec
3158 858 3474 915 admonens.

1900 945 2122 1000 Vidistis
2142 946 2476 1000 tolerantiam
2509 947 2758 1001 Domini?
2792 947 2999 1002 vidistis
3023 948 3276 1004 bonitatis
3294 951 3476 1005 excel-

1900 1035 2155 1091 lentiam?
2184 1037 2393 1091 vidistis
2419 1037 2736 1092 ineffabilem
2764 1039 3114 1107 patientiam?
3140 1040 3346 1095 vidistis
3360 1056 3478 1094 ma-

1900 1125 2026 1180 litiae
2044 1127 2406 1182 incrementa?
2428 1127 2632 1183 vidistis
2648 1129 3000 1198 improbitatis
3023 1132 3480 1199 magnitudinem?

1902 1217 2185 1288 Hucusque
2213 1220 2376 1284 enim,
2406 1228 2461 1274 ut
2489 1221 2656 1286 scitis,
2704 1221 2819 1276 heri
2859 1237 3036 1278 sermo
3058 1233 3243 1279 noster
3268 1240 3482 1294 proces-

1903 1310 1972 1362 sit
2003 1326 2016 1362 :
2041 1325 2216 1379 operm
2243 1311 2468 1379 pretium
2496 1321 2576 1366 est
2601 1313 2757 1381 igitur
2777 1322 2835 1366 ut
2859 1313 3016 1368 hodie
3037 1313 3322 1381 discamus,
3343 1330 3482 1385 quo-

1904 1401 2065 1455 modo
2090 1403 2395 1456 misericors
2418 1405 2557 1457 Deus
2596 1420 2692 1472 pro
2719 1419 2812 1458 sua
2843 1406 3078 1460 bonitate
3108 1422 3280 1476 neque
3323 1408 3482 1477 quin-

1905 1494 2076 1562 gentis
2101 1495 2253 1548 anuis
2283 1494 2347 1547 ad
2368 1495 2698 1548 tolerantiam
2721 1505 3006 1551 contentus
3027 1497 3142 1562 fuit,
3171 1498 3265 1553 sed
3283 1499 3485 1552 addidit

1906 1601 2078 1640 annos
2103 1586 2236 1640 alios
2263 1586 2329 1640 ad
2361 1587 2665 1656 superiores
2692 1589 2742 1640 in
2786 1589 3008 1658 gratiam
3036 1605 3220 1644 eorum
3251 1591 3340 1660 qui
3366 1599 3484 1645 tan-

1908 1688 2018 1733 tum
2050 1689 2417 1747 peccaverant.
2461 1678 2528 1731 Et
2555 1689 2660 1732 erat
2701 1678 2835 1748 Noe,
2889 1681 3077 1750 inquit,
3106 1683 3487 1751 quingentorum

1907 1787 2175 1825 annorum.
2229 1771 2310 1825 Ad
2363 1772 2643 1826 utilitatem
2699 1781 2932 1826 nostram
2981 1772 3158 1826 divina
3209 1773 3485 1842 Scriptura

1908 1878 2189 1917 numerum
2241 1877 2503 1917 annorum
2567 1862 2701 1931 justi
2751 1864 3075 1932 assignavit,
3116 1871 3173 1917 ut
3219 1864 3488 1918 discamus

1908 1964 2109 2024 quanto
2137 1965 2376 2025 tempore
2403 1955 2618 2022 vixerit,
2647 1955 2942 2010 admonens
2972 1956 3112 2021 illos,
3142 1965 3194 2010 et
3220 1938 3512 2025 quomodo

1910 2046 1982 2101 illi
2013 2046 2228 2116 quidem
2259 2047 2474 2100 malitia:
2491 2047 2628 2100 viam
2646 2048 2853 2114 sectati,
2879 2047 2930 2101 in
2958 2062 3018 2102 ea
3040 2047 3338 2117 consumpti
3361 2048 3484 2112 sint;

1906 2138 2081 2207 justus
2112 2147 2289 2192 autem
2315 2153 2468 2192 secus
2499 2154 2656 2208 quam
2692 2138 2784 2192 alii
2811 2138 3089 2194 ambulans
3121 2148 3265 2192 tanta
3295 2143 3492 2194 virtute

1909 2230 2272 2300 prmcclluerit
2303 2245 2318 2283 :
2350 2238 2409 2284 ut
2429 2238 2484 2284 et
2520 2230 2620 2284 sibi
2650 2229 2744 2284 Dei
2771 2230 3195 2284 benevolentiam
3235 2230 3497 2285 concilia-

1911 2331 2013 2388 ret,
2042 2332 2094 2376 et
2131 2337 2250 2377 cum
2275 2337 2462 2376 omnes
2493 2322 2584 2375 alii
2629 2325 2803 2391 pomis
2844 2322 3062 2377 obnoxii
3117 2324 3325 2389 lierent,
3379 2323 3492 2392 ipse

1911 2417 2057 2472 solus
2080 2430 2199 2470 cum
2221 2424 2328 2470 tota
2360 2414 2560 2468 familia
2605 2413 2878 2485 effugeret.
2925 2414 3060 2469 llinc
3086 2413 3360 2478 discimus,
3395 2430 3493 2468 no-

1912 2507 2015 2571 bis,
2067 2507 2112 2561 si
2152 2506 2314 2561 sobrii
2367 2505 2620 2561 fuerimus
2647 2515 2701 2560 et
2731 2521 2836 2560 non
2881 2504 3114 2572 desides,
3169 2520 3275 2558 non
3321 2505 3492 2558 solum

1913 2599 2046 2652 nihil
2072 2613 2268 2652 nocere
2298 2598 2342 2651 si
2370 2601 2509 2652 inter
2537 2597 2742 2652 medios
2765 2597 2937 2651 malos
2967 2611 3277 2660 versemur;
3320 2595 3414 2650 scd
3440 2594 3495 2649 id

1915 2705 2014 2745 nos
2040 2689 2266 2744 reddere
2295 2689 2508 2744 virtutis
2535 2689 2901 2743 studiosiores.
2930 2688 3061 2742 Nam
3087 2688 3207 2743 ideo
3233 2687 3495 2756 benignus

1917 2785 2062 2840 Deus
2091 2784 2169 2838 sic
2193 2783 2539 2852 dispensavit,
2572 2792 2628 2836 ιιι
2677 2782 2834 2836 simul
2869 2791 3050 2836 essent
3093 2780 3218 2835 boni
3249 2789 3302 2834 et
3348 2780 3494 2845 mali,

1915 2892 2024 2946 quo
2076 2877 2338 2931 malorum
2389 2877 2832 2931 subenervaretur
2877 2874 3097 2939 malitia,
3132 2875 3498 2944 bonorumque

1916 2967 2090 3025 virtus
2115 2969 2309 3024 clarius
2339 2968 2667 3022 elucesceret
2695 2985 2709 3021 :
2740 2977 2794 3023 et
2817 2966 3028 3021 desides
3055 2981 3086 3020 a
3113 2966 3492 3020 studiosiorum

1919 3060 2298 3117 consuetudine
2318 3061 2541 3131 plurima
2568 3059 2846 3116 commoda
2891 3059 3282 3124 lucrifacercnt,
3339 3059 3501 3114 modo

1919 3154 2136 3208 vellent.
2166 3153 2262 3208 Hic
2289 3153 2493 3222 cogites
2515 3152 2698 3218 velim,
2732 3160 2944 3222 quantze
2980 3152 3190 3206 virtutis
3221 3151 3380 3206 fuerit
3409 3151 3501 3205 ille

1916 3245 2110 3314 justus,
2165 3243 2435 3313 quomodo
2484 3243 2538 3298 in
2574 3251 2721 3298 tanta
2764 3243 3121 3308 multitudine,
3154 3258 3274 3313 quae
3311 3257 3504 3312 magno

1922 3337 2123 3405 impetu
2152 3336 2205 3389 in
2232 3335 2435 3390 malum
2467 3335 2672 3403 ruebat,
2707 3337 2854 3390 solus
2899 3335 3013 3406 ipse
3063 3335 3275 3390 diversa
3315 3335 3504 3389 ambu-

1923 3427 2051 3483 lavit
2074 3429 2182 3495 via,
2213 3428 2462 3482 virtutem
2489 3429 2706 3482 tnalitia:
2731 3429 3052 3498 praiferens:
3087 3443 3149 3482 ac
3171 3443 3346 3498 neque
3370 3428 3505 3482 alio-

1923 3535 2040 3574 rum
2067 3534 2382 3586 consensus,
2415 3534 2514 3573 nec
2560 3527 2705 3572 tanta
2754 3518 3058 3589 frequentia
3094 3519 3352 3574 reddebat
3382 3535 3504 3572 eum

1925 3611 1991 3665 ad
2021 3611 2230 3664 virtutis
2259 3611 2362 3664 iter
2411 3609 2872 3680 segnioremzsed
2915 3611 3023 3679 jam
3069 3611 3213 3678 prius
3258 3610 3507 3680 implebat

1926 3703 2066 3774 quod
2116 3705 2302 3759 beatus
2348 3703 2521 3758 Moses
2569 3714 2753 3772 postea
2793 3703 3032 3757 dicturus
3069 3712 3184 3757 erat
3217 3723 3231 3758 :
3263 3701 3384 3756 Non
3410 3702 3508 3756 eris

1931 3813 2046 3851 cum
2076 3795 2306 3867 pluribus
2333 3798 2386 3849 in
2422 3797 2616 3849 malitia
2647 3794 2842 3864 (Exod.
2869 3794 2960 3851 2'5.
2986 3796 3064 3865 2).
3088 3795 3154 3850 Ει
3174 3794 3314 3864 quod
3342 3795 3510 3865 magis

1927 3887 2261 3953 admirabile,
2293 3901 2414 3942 cum
2441 3887 2640 3941 multos
2671 3885 2912 3952 haberet,
2964 3887 3073 3940 imo
3115 3899 3304 3940 omnes
3326 3886 3412 3955 qui
3441 3885 3508 3938 ad

1930 3979 2126 4034 malum
2156 3989 2210 4032 et
2239 3978 2304 4033 ad
2349 3993 2510 4047 prava
2560 3993 2720 4047 opera
2747 3977 3174 4040 cohortarentur,
3227 3985 3282 4031 et
3336 3976 3510 4030 nnlhts

1930 4079 2073 4125 esset
2112 4069 2202 4139 qui
2243 4069 2309 4123 ad
2335 4070 2581 4123 virtutem
2617 4068 2891 4122 induceret
2924 4085 2939 4124 :
2971 4076 3114 4121 tanta
3157 4067 3244 4120 ille
3286 4066 3337 4120 in
3389 4082 3507 4121 eam

1931 4163 2266 4218 vehementia
2296 4161 2588 4228 ferebatur,
2616 4171 2674 4216 ut
2703 4163 2840 4215 viam
2867 4169 3031 4215 tanta:
3058 4159 3378 4214 multitudini
3415 4174 3508 4228 op-

1883 4297 1886 4300 .
1932 4255 2157 4326 positam
2183 4264 2237 4310 et
2277 4255 2598 4309 contrariam
2643 4261 2882 4318 teneret;
2936 4265 3109 4321 neque
3157 4251 3394 4314 timebat,
3421 4259 3512 4304 aut

1932 4347 2216 4402 verebatur
2238 4361 2520 4416 pravorum
2548 4344 2909 4407 concordiam,
2939 4358 3118 4413 neque
3138 4342 3210 4396 illi
3238 4341 3342 4396 tale
3383 4341 3509 4411 quid

1932 4439 2130 4502 evenit,
2161 4438 2318 4508 quale
2353 4441 2492 4492 solet
2530 4437 2734 4507 ignavis
2781 4435 3042 4500 accidere,
3077 4434 3168 4504 qui
3211 4434 3255 4487 si
3301 4432 3514 4502 quando

1934 4530 2164 4584 viderint
2208 4529 2406 4583 multos
2447 4529 2605 4588 simul
2654 4541 2992 4587 concurrere,
3048 4525 3148 4579 hoc
3189 4523 3433 4578 velamen
3461 4535 3515 4578 et

1934 4620 2074 4675 hanc
2099 4620 2435 4676 occasionem
2458 4635 2568 4674 sua:
2597 4620 2822 4690 ignavia:
2850 4626 3174 4688 praetexunt,
3199 4633 3264 4671 ac
3291 4617 3472 4671 dicunt
3497 4633 3510 4667 :

1934 4715 2042 4771 Cur
2068 4730 2167 4785 ego
2197 4729 2390 4768 novum
2437 4712 2706 4784 quidpiam
2755 4721 2809 4767 ct
2857 4712 3122 4780 singulare
3163 4719 3358 4778 prmter
3397 4709 3515 4764 illos

1937 4821 2124 4861 omnes
2163 4818 2508 4874 aggressurus
2537 4819 2655 4858 sum
2673 4845 2688 4869 ,
2712 4802 3047 4857 adversarius
3079 4808 3240 4854 tantae
3267 4800 3514 4854 multitu-

1937 4897 2068 4963 dini,
2100 4906 2290 4950 etcum
2318 4903 2463 4949 tanto
2488 4894 2683 4964 populo
2711 4893 2913 4947 bellum
2938 4891 3320 4960 suscepturus?
3355 4893 3514 4944 Num-

1938 4988 2064 5054 quid
2094 4988 2196 5041 illis
2235 4987 2483 5040 omnibus
2522 4986 2715 5054 justior
2762 4983 2924 5038 sum?
2953 4982 3080 5050 Quae
3132 4983 3328 5036 utilitas
3383 4983 3516 5037 foret

1940 5088 2204 5132 tantarum
2233 5076 2664 5131 inimicitiarum?
2683 5074 2823 5143 quod
2845 5072 3183 5127 commodum
3207 5073 3336 5126 tanti
3368 5073 3472 5126 odii
3496 5073 3518 5127 ἲ

1937 5169 2081 5226 Nihil
2121 5167 2426 5238 hujnsmodi
2474 5166 2732 5220 inutiliter
2777 5163 3062 5234 cogitabat,
3111 5179 3285 5232 neque
3336 5165 3516 5217 animo

1937 5262 2219 5316 versabat:
2243 5261 2336 5315 sed
2362 5259 2558 5325 ethoc,
2589 5256 2729 5327 quod
2759 5267 2941 5326 postea
2973 5269 3000 5309 a
3029 5254 3286 5324 propheta
3314 5255 3513 5308 dictum

1939 5361 2041 5417 cst,
2092 5352 2239 5421 prius
2276 5351 2389 5418 ipse
2439 5347 2695 5418 implebat
2736 5363 2749 5402 :
2802 5346 2988 5400 Melior
3027 5355 3098 5399 est
3148 5361 3282 5399 unus
3326 5345 3516 5413 faciem

1938 5444 2242 5497 voluntatem
2290 5440 2535 5506 Domini,
2599 5454 2752 5509 quam
2796 5437 3048 5491 innumeri
3106 5437 3518 5507 pravaricatores

1941 5535 2128 5608 (Eccli.
2157 5535 2244 5590 16.
2269 5532 2352 5604 5).
2391 5532 2526 5588 Num
2553 5533 2810 5597 societas,
2844 5531 3032 5602 inquit,
3059 5528 3411 5583 multitudinis
3447 5527 3517 5582 ad

1939 5631 2135 5684 malum
2164 5627 2387 5692 ruentis,
2419 5636 2473 5680 et
2497 5625 2654 5679 simul
2679 5625 2954 5694 rapientis,
2987 5638 3017 5677 a
3043 5622 3277 5676 cruciatu
3305 5634 3390 5673 me
3419 5633 3516 5687 po-

1941 5722 2062 5774 terit
2083 5717 2335 5788 eripere?
2358 5717 2570 5773 Sciebat
2595 5715 2756 5780 enim,
2784 5713 2987 5772 sciebat
3029 5711 3228 5783 liquido
3254 5724 3516 5782 quemque

1941 5826 2040 5887 pro
2066 5825 2162 5870 sua
2185 5811 2357 5873 salute
2382 5809 2643 5868 rationem
2659 5807 2988 5868 redditurum
3017 5819 3136 5864 esse
3155 5844 3172 5874 ,
3197 5818 3368 5874 neque
3392 5817 3515 5858 um-
