4038 6394
490 303 594 361 187

488 432 649 488 quam
681 415 815 482 fore,
841 423 903 471 ut
922 415 1030 472 alio
1057 426 1310 485 peccante
1352 415 1490 471 alius
1532 428 1743 486 pcenam
1790 411 2079 478 sustineat,

491 512 577 566 vel
602 509 905 566 mercedem
932 509 1204 564 sortiatur.
1233 508 1436 564 Idcirco
1458 508 1634 577 justus
1673 504 1824 576 quasi
1850 503 2082 559 scintilla

492 602 548 655 in
563 599 737 654 medio
764 598 896 653 mari
918 612 1155 663 versans,
1180 612 1285 652 non
1306 597 1478 653 solum
1498 612 1606 652 non
1627 592 2085 663 exstinguebatur,

491 689 585 745 sed
614 690 851 759 quotidie
872 690 1139 760 fulgidiori
1160 690 1279 746 luce
1316 690 1582 762 prodibat,
1605 702 1795 744 omnes
1820 688 1931 742 suis
1956 701 2088 757 ope-

496 783 641 837 ribus
667 782 887 838 docens.

570 874 809 929 Liberum
836 875 1119 930 arbitrium.
1148 906 1220 916 -—
1244 876 1435 930 Vidisti
1465 874 1734 944 quomodo
1752 873 1832 929 sui
1860 871 1999 942 juris
2032 880 2089 927 et

496 967 703 1022 arbitrii
756 976 998 1022 naturain
1040 976 1276 1022 nostram
1308 966 1563 1021 Dominus
1611 965 1893 1019 formavit?
1934 963 2089 1019 Unde

497 1060 663 1124 enim,
697 1059 812 1124 dic,
836 1076 949 1123 oro,
984 1060 1056 1113 illi
1083 1060 1147 1114 ad
1168 1060 1422 1113 malitiam
1458 1058 1836 1129 properabant,
1866 1066 1920 1113 et
1948 1057 2090 1124 scip-

498 1164 590 1203 sos
622 1152 795 1219 peetus
833 1150 1098 1206 faciebant
1146 1152 1444 1215 obuoxios;
1476 1152 1575 1205 iste
1616 1159 1792 1205 autem
1839 1150 2090 1205 virtutem

500 1243 749 1312 eligebat.
796 1255 849 1297 et
898 1244 1103 1313 fugiens
1151 1260 1337 1298 eorum
1390 1245 1724 1305 societatem,
1756 1257 1928 1311 pmuae
1985 1257 2090 1295 non

499 1335 764 1390 obnoxius
796 1334 934 1388 fuit?
966 1335 1150 1389 Nonne
1170 1334 1530 1397 manifestum,
1559 1349 1653 1387 sua
1701 1348 1965 1402 quemque
1998 1348 2093 1385 vo-

503 1427 705 1481 luntate
727 1428 806 1481 vel
840 1427 1117 1490 malitiam,
1145 1428 1225 1480 vel
1259 1426 1508 1480 virtutem
1544 1426 1783 1494 eligere?
1827 1424 1958 1478 Nam
1993 1424 2091 1477 nisi

503 1518 573 1572 ita
595 1528 757 1586 esset,
781 1529 835 1573 et
862 1521 960 1573 nisi
994 1530 1193 1573 naturae
1222 1528 1419 1573 nostra:
1440 1527 1677 1589 potestas
1722 1519 1877 1572 insita
1913 1525 2090 1583 esset,

504 1626 676 1680 neque
708 1612 823 1666 illos
866 1612 1057 1680 puniri.
1088 1627 1263 1681 neque
1308 1612 1439 1666 istos
1468 1612 1678 1666 virtutis
1704 1611 1920 1680 prmmia
1953 1611 2095 1664 acci-

504 1718 633 1772 pere
658 1704 1165 1772 oportcbat.Vt-rmn
1193 1705 1314 1774 quia
1344 1705 1398 1759 in
1425 1714 1603 1759 nostra
1629 1704 1899 1759 voluntate
1924 1712 2095 1757 totum

506 1799 855 1865 postgratiam
878 1797 967 1851 Dei
988 1798 1226 1852 relictum
1250 1807 1349 1863 est,
1378 1797 1497 1852 ideo
1522 1807 1576 1852 et
1602 1796 1944 1866 peccantibus
1971 1812 2097 1866 sup

504 1887 661 1956 plicia
689 1896 868 1958 parata
899 1896 1063 1955 sunt,
1096 1898 1150 1943 et
1177 1889 1311 1943 bene
1339 1888 1685 1957 Operatttibus
1729 1886 2005 1943 mercedes
2044 1895 2100 1941 et

506 1981 747 2048 pra-mia.
776 1978 843 2033 Et
865 1991 973 2034 erat
994 2021 1009 2045 ,
1036 1980 1224 2050 inquit,
1261 1980 1376 2034 Noe
1396 1997 1647 2034 annorum
1674 1981 2059 2051 quingentorum
2081 2021 2095 2046 ,

506 2080 556 2123 et
575 2071 745 2141 genuit
772 2081 871 2124 tres
900 2073 1034 2140 ﬁlios
1061 2072 1201 2136 Sent,
1227 2070 1387 2125 Cham
1433 2083 1479 2126 et
1516 2070 1763 2141 Japheth.
1804 2071 2099 2127 Considera

509 2160 702 2215 divina:
732 2161 1023 2231 Scriptum
1053 2166 1466 2217 accurationem.
1496 2164 1780 2234 Postquam
1817 2178 2099 2218 numermn

507 2269 770 2308 annorum
808 2255 936 2324 justi
980 2255 1131 2309 nobis
1160 2257 1425 2319 narravit,
1452 2256 1794 2326 exhibuitque
1834 2255 2101 2325 ingentem

511 2346 720 2402 Domini
746 2349 1071 2416 patientiam,
1096 2349 1287 2403 iterum
1314 2364 1578 2403 summam
1610 2349 1941 2405 tolerantiam
1963 2348 2101 2418 ejus,

511 2447 566 2492 ct
612 2441 860 2510 nequitia:
900 2440 1173 2496 hominum
1216 2443 1647 2513 exsuperantiam
1694 2442 1971 2498 declarare
2017 2444 2104 2498 ni-

514 2532 658 2584 titur.

583 2623 640 2677 2.
682 2624 932 2679 Adversus
953 2643 1037 2680 eos
1056 2627 1144 2698 qui
1165 2627 1394 2681 dicebant
1414 2626 1620 2699 angelos
1646 2644 1760 2682 cum
1782 2628 1982 2697 ﬁliabus
2008 2629 2105 2682 ho-

516 2718 708 2770 minum
736 2719 1032 2771 committas
1071 2736 1193 2774 esse.
1218 2750 1290 2759 —
1314 2720 1420 2775 Sed
1466 2721 1744 2775 audiamus
1787 2722 1898 2791 ipsa
1944 2721 2106 2777 verba

510 2806 677 2865 Mosis
709 2828 721 2863 :
754 2812 948 2879 Spiritu
997 2812 1138 2866 enim
1188 2814 1432 2880 loquens,
1464 2816 1641 2867 omnia
1683 2829 1781 2871 nos
1830 2814 2111 2884 diligenter

515 2900 629 2954 vult
655 2901 868 2954 docere.
891 2904 912 2956 i
954 2901 1102 2972 (Cap.
1132 2903 1208 2971 6).
1236 2903 1302 2955 Et
1345 2904 1533 2970 factum
1560 2913 1654 2969 est,
1687 2903 1876 2973 inqttit,
1903 2906 2109 2975 quando

520 3009 670 3063 stupet
686 3004 773 3047 unt
828 2995 1055 3049 homines
1098 2996 1427 3063 multiplicari
1474 3012 1624 3065 super
1654 3006 1868 3061 terram,
1903 3007 1948 3051 et
1989 2999 2112 3065 ﬁlia:

524 3095 661 3138 uatw
690 3097 806 3138 sunt
836 3086 957 3140 illis.
989 3085 1104 3139 Non
1148 3088 1349 3154 absque
1385 3088 1591 3141 ratione
1629 3086 1851 3153 addidit,
1881 3088 1944 3143 Et
1991 3090 2113 3158 lilia:

521 3186 657 3229 nata:
682 3185 798 3228 sunt
824 3177 923 3230 illis
952 3192 970 3230 :
1000 3176 1090 3229 sed
1125 3187 1182 3229 ut
1214 3192 1457 3248 magnam
1490 3177 1878 3235 multitudinem
1910 3182 1988 3235 sic
2032 3182 2113 3235 in-

524 3269 780 3322 sinuaret.
814 3268 942 3323 Nam
982 3270 1067 3323 ubi
1100 3280 1240 3323 tanta
1284 3271 1518 3325 radicum
1550 3281 1631 3326 est
1661 3271 1942 3327 mttltitudo
1966 3315 1981 3339 ,
2019 3290 2117 3330 nc-

522 3378 673 3416 cesse
703 3375 783 3417 est
808 3365 965 3417 etiam
999 3365 1193 3419 multos
1224 3381 1399 3421 ramos
1426 3368 1626 3422 enasci.
1671 3366 1726 3421 9..
1763 3367 1831 3423 Ut
1860 3369 2112 3438 viderunt,

526 3454 731 3524 inquit,
757 3457 852 3524 ﬁlii
882 3455 979 3509 Dei
1023 3458 1157 3525 [ilius
1191 3458 1450 3513 hominum
1484 3461 1619 3530 quod
1645 3462 1873 3530 pulchra:
1908 3473 2067 3517 essent
2095 3506 2112 3532 ,

525 3560 848 3617 smupserunt
899 3551 993 3603 sibi
1040 3568 1220 3605 uxores
1268 3570 1331 3607 ea:
1370 3554 1634 3619 omnibus,
1672 3571 1798 3625 quas
1840 3556 2112 3626 elegerant.

526 3640 773 3710 Singulas
799 3642 1060 3698 dictiones
1089 3644 1371 3714 diligenter
1397 3646 1799 3701 considerenms
1823 3689 1838 3713 ,
1882 3663 1948 3703 ne
1987 3647 2115 3718 quid

528 3733 582 3788 in
612 3734 773 3789 fundo
803 3735 974 3790 latens
1004 3750 1101 3789 nos
1142 3746 1444 3807 praetereat.
1475 3737 1664 3809 Opertc
1712 3740 1940 3806 pretium
1972 3739 2115 3794 enim

528 3826 694 3881 fuerit
731 3827 866 3881 bene
908 3829 1130 3882 scrutari
1164 3832 1302 3883 hunc
1331 3829 1527 3897 locum,
1557 3841 1612 3885 ut
1642 3831 2012 3887 subvertamus
2042 3832 2119 3887 fa-

531 3917 685 3972 bulas
727 3919 903 3973 omnia
957 3919 1345 3976 inconsiderate
1386 3922 1759 3991 loquentium:
1792 3934 1847 3978 ct
1888 3925 2115 3994 prinmm

526 4010 800 4064 efferenda
829 4026 890 4063 ea
918 4026 1036 4080 qua:
1062 4012 1239 4066 dicere
1268 4012 1486 4080 audent,
1510 4023 1566 4068 et
1599 4023 1891 4069 monstrata
1931 4030 2117 4070 eorum

525 4120 652 4173 quae
694 4105 763 4159 ab
798 4104 902 4159 illis
935 4104 1187 4160 dicuntur
1210 4106 1566 4171 absurditate,
1596 4122 1883 4178 germanus
1909 4122 2121 4178 quoque

533 4196 824 4266 Scriptura:
865 4212 1054 4253 sensus
1095 4208 1286 4253 vestrtc
1315 4200 1522 4254 caritati
1553 4200 1871 4268 aperiendus
1908 4210 2029 4266 est,
2062 4209 2118 4254 ttt

533 4301 604 4344 ne
632 4287 945 4356 simpliciter
971 4297 1024 4342 et
1067 4289 1221 4344 facile
1244 4304 1403 4345 aures
1428 4291 1843 4346 accommodetis
1869 4290 2124 4347 tamblas-

534 4379 732 4451 phema
785 4378 1083 4435 dicentibus
1103 4421 1117 4443 ,
1149 4389 1203 4435 et
1230 4382 1511 4437 adversum
1535 4383 1708 4453 capita
1736 4398 1831 4438 sua
1861 4383 2124 4439 blaterare

536 4468 874 4524 audentibus.
902 4471 1162 4525 Asserunt
1189 4472 1331 4526 enim
1364 4471 1465 4527 hoc
1490 4488 1595 4527 non
1622 4473 1690 4528 de
1716 4472 2020 4528 hominibus
2044 4473 2126 4528 di-

535 4572 680 4617 ctum
708 4576 849 4626 esse,
872 4561 967 4616 sed
993 4561 1060 4617 de
1085 4562 1289 4633 angelis
1315 4582 1329 4618 :
1354 4563 1464 4618 llos
1485 4565 1649 4630 enim,
1675 4566 1842 4626 aittnt.
1870 4566 2007 4620 lilios
2033 4566 2122 4620 Dei

535 4654 842 4726 appellavit.
876 4654 1111 4708 Primum
1136 4654 1440 4721 ostendant,
1469 4656 1556 4710 ubi
1597 4657 1770 4726 angeli
1798 4656 1887 4710 lilii
1914 4657 2003 4711 Dei
2032 4672 2127 4726 ap—

538 4747 719 4819 pellati
746 4746 854 4802 sint
875 4745 951 4820 (a)
984 4766 998 4802 :
1026 4746 1119 4802 scd
1152 4763 1256 4802 non
1287 4757 1536 4819 poterunt
1566 4766 1785 4821 usquam
1804 4760 2125 4807 monstrare.

583 4883 659 4945 (a)
677 4881 919 4945 Veterum
931 4879 1190 4945 multorum
1202 4882 1367 4944 Opinio
1378 4880 1465 4945 fuit
1475 4882 1677 4943 angelos
1687 4897 1784 4945 cor.
1793 4896 1947 4932 »οιιροδ
1957 4881 2123 4941 fuisse,

541 4943 722 4993 tit—cum
743 4943 934 4993 filiabus
969 4943 1217 5008 hominum
1239 4943 1358 4992 rem
1384 4944 1645 5008 habuisse;
1682 4943 1889 5008 illosque
1924 4946 2128 5008 angelos

540 5008 732 5080 quidam
766 5014 1023 5080 vocarunt,
1052 5004 1238 5080 tigiles.
1261 5006 1499 5080 Josephus
1532 5008 1696 5080 Antiq.
1726 5004 1820 5055 lib.’
1840 5007 1899 5080 in,
1924 5004 2028 5080 cap.

537 5066 676 5118 multi
693 5067 852 5129 angeli
881 5067 964 5117 Dei
986 5082 1097 5117 cum
1120 5066 1584 5131 mulieribusmixli.
1615 5066 1822 5131 ldipsnm
1847 5070 1955 5118 fere
1976 5066 2125 5116 Justi-

539 5142 661 5185 nus,
706 5128 1068 5192 Athenagoras,
1108 5129 1333 5178 Cletneus
1364 5128 1755 5192 Alexandrinus,
1792 5132 2128 5191 'rlteognostus

536 5193 663 5252 apud
688 5191 919 5255 Photium,
943 5200 993 5241 et
1017 5192 1114 5241 alii.
1149 5201 1295 5250 Quam
1328 5205 1434 5255 rem
1460 5191 1677 5253 pluribus
1702 5200 2031 5255 persequutus
2052 5200 2129 5241 est

539 5253 1021 5317 Josepbusgscaligcr
1059 5255 1107 5302 in
1147 5255 1273 5317 notis
1308 5254 1365 5302 ad
1403 5255 1593 5303 Eusebii
1626 5253 1887 5303 Chronicon
1909 5288 1933 5317 ε
1950 5263 2001 5304 et
2024 5260 2130 5317 post

539 5314 668 5364 eum
689 5316 767 5364 alii
793 5314 1052 5371 innumeri,
1071 5329 1193 5377 quos
1216 5314 1413 5377 longum
1438 5324 1574 5365 esset
1595 5330 1879 5377 recensere.
1900 5314 2129 5377 Cum'an-

539 5383 645 5441 Qctn
663 5380 729 5441 ait
751 5375 1132 5441 (:ltrgfsostOItttts,
1155 5375 1417 5427 Ostendattt
1448 5378 1529 5428 ubi
1550 5378 1707 5439 angeli
1730 5376 1820 5441 ﬁlii
1846 5377 1934 5427 Dei
1956 5375 2127 5440 appel-

539 5438 626 5489 lati
666 5440 803 5490 sint.”
846 5438 959 5488 illud
997 5439 1194 5501 quidem
1234 5454 1405 5501 verum
1450 5447 1527 5488 cst
1563 5438 1657 5488 non
1694 5438 1901 5501 reperiri
1937 5438 1996 5489 ιη’
2020 5445 2129 5487 LXX

540 5501 917 5564 lntcrliretibtis,
943 5499 1065 5564 quas
1086 5500 1217 5550 solos
1238 5499 1438 5564 legebat
1458 5499 1838 5564 Chrysostonius.
1863 5499 2045 5549 Verum
2081 5501 2129 5548 in

541 5562 666 5612 libro
681 5561 793 5613 'Job.
831 5576 875 5613 c.
911 5561 972 5621 1,
994 5578 1038 5613 ν,
1075 5566 1138 5621 6,
1164 5561 1328 5625 angeli
1367 5561 1596 5615 vocantur
1633 5566 1682 5614 in
1721 5564 1954 5615 Hebraico
1988 5570 2130 5612 textu

542 5626 840 5703 nvn‘aarsn
865 5664 917 5704 et
938 5654 1234 5717 invulgati),
1259 5652 1349 5716 ﬁlii
1376 5654 1477 5705 Dei.
1504 5654 1815 5705 Nihilominus
1859 5655 2132 5717 tamcndhic

547 5719 699 5777 probe
722 5718 935 5766 confluat
956 5715 1322 5781 _(;hrysostontus
1346 5730 1433 5767 eos
1463 5719 1546 5781 qttj
1578 5718 1802 5769 dicerent
1836 5718 1984 5767 hosce
2009 5715 2130 5766 filios

545 5783 630 5829 Dei
655 5781 799 5829 luisse
825 5779 1044 5843 angelus.

1236 307 1294 361 S.
1332 298 1611 357 JOANNIS
1644 294 2122 356 CHRYSOSTOMI
2158 297 2481 355 ARCHIEP.
2520 294 3064 357 CONSTANTINOP.

3674 297 3782 353 188

2190 410 2449 467 Homines
2490 411 2707 481 quidem
2754 410 2847 465 filii
2892 410 2989 465 Dei
3028 407 3155 464 dicti
3201 418 3359 475 sunt,
3394 407 3569 480 angeli
3600 421 3782 465 autem

2186 519 2497 574 numquam.
2532 504 2691 574 Atqui
2731 502 2801 558 de
2839 502 3046 573 angelis
3072 501 3203 556 dicit
3233 520 3246 556 :
3281 502 3382 568 Qui
3418 503 3541 573 facit
3574 503 3783 573 angelos

2185 613 2304 651 suos
2342 597 2579 667 spiritus,
2608 607 2655 650 et
2682 597 2938 650 ministros
2978 612 3096 650 suos
3133 597 3392 665 ﬂammam
3422 596 3554 665 ignis
3582 596 3602 663 (
3632 593 3780 649 Psal.

2188 688 2313 745 103.
2342 690 2376 744 ι
2403 688 2461 760 );
2502 689 2569 745 de
2612 690 2919 745 hominibus
2955 698 3133 742 autem
3166 706 3179 743 :
3211 687 3323 759 Ego
3351 688 3460 742 dixi
3484 705 3504 741 :
3534 687 3622 742 Dii
3665 690 3785 742 estis

2189 782 2210 852 (
2234 779 2379 837 Psal.
2408 784 2497 838 8|.
2524 784 2560 839 6
2582 784 2635 855 );
2678 793 2734 839 et
2776 784 2966 839 iterum
3000 801 3014 837 :
3043 779 3208 837 Filios
3245 784 3393 854 genui
3420 823 3434 847 ,
3464 794 3511 837 et
3562 783 3786 838 exaltari
3870 838 3882 847 ,

2190 873 2355 944 (lsai.
2389 877 2437 929 l.
2468 874 2563 945 2);
2608 885 2662 932 et
2715 876 2907 931 iterum
2955 894 2969 929 :
3024 874 3402 946 Primogenitus
3452 877 3589 944 ﬁlius
3639 893 3784 931 meus

2190 966 2358 1021 Israel
2384 969 2401 1035 (
2429 967 2595 1022 Exod.
2629 969 2683 1023 4.
2713 968 2809 1031 22)
2843 986 2855 1021 :
2889 968 3109 1037 angelus
3134 977 3309 1022 autem
3337 984 3593 1035 nusquam
3622 983 3784 1021 voca-

2192 1068 2277 1115 tus
2304 1068 2387 1115 est
2414 1060 2572 1125 filius,
2606 1075 2777 1131 neque
2808 1059 2949 1113 illius
2980 1059 3090 1113 Dei.
3121 1056 3382 1112 Cmtcram
3413 1059 3536 1127 quid
3561 1058 3784 1112 dicunt?

2193 1153 2457 1217 Profecto,
2489 1155 2663 1224 angeli
2708 1156 2921 1224 quidem
2952 1163 3143 1207 erant:
3177 1152 3270 1205 sed
3296 1152 3418 1220 quia
3444 1152 3507 1205 ad
3540 1152 3782 1221 iniquum

2192 1246 2295 1300 hoc
2321 1262 2455 1316 opus
2485 1245 2874 1301 descenderunt
2899 1287 2912 1307 ,
2943 1244 3199 1314 dignitate
3227 1260 3319 1297 sua
3346 1243 3671 1297 exciderunt.
3700 1243 3783 1296 En

2194 1339 2385 1391 iterum
2424 1337 2712 1391 fabulosius
2748 1336 2910 1390 aliud.
2942 1336 3152 1405 Ergone
3179 1349 3321 1388 nunc
3348 1334 3659 1388 exciderunt
3684 1376 3698 1397 ,
3727 1343 3788 1388 et

2194 1429 2309 1483 hzec
2336 1430 2503 1483 ruina:
2526 1428 2732 1482 illorum
2756 1444 2912 1481 causa
2934 1429 2956 1478 ‘l
2981 1426 3176 1481 Verum
3207 1427 3480 1494 Scriptura
3508 1441 3606 1479 nos
3629 1426 3787 1480 aliter

2194 1521 2385 1586 docet,
2420 1536 2611 1589 nempe
2636 1530 2919 1590 antequam
2952 1521 3271 1573 formaretur
3299 1519 3501 1587 primus
3529 1517 3719 1581 homo,
3754 1532 3787 1569 ι

2194 1629 2289 1667 sua
2324 1612 2579 1681 dignitate
2617 1612 2880 1667 excidisse
2920 1620 2973 1665 et
2997 1610 3266 1665 diabolum
3292 1646 3307 1675 ,
3332 1619 3390 1664 ct
3414 1625 3509 1664 cos
3533 1610 3623 1679 qui
3659 1623 3787 1663 cum

2195 1722 2263 1762 eo
2309 1708 2565 1777 majorem
2613 1721 2772 1776 quam
2815 1705 3039 1759 decebat
3081 1704 3393 1771 dignitatem
3442 1702 3789 1757 ambiebant:

2197 1802 2334 1855 sicut
2359 1809 2414 1855 et
2438 1800 2650 1868 sapiens
2679 1799 2894 1870 quidam
2931 1799 3100 1868 inquit
3123 1815 3135 1851 :
3162 1796 3366 1852 Iiwidia
3407 1806 3573 1849 autem
3597 1796 3794 1850 diaboli

2197 1908 2334 1946 mors
2350 1892 2553 1945 intravit
2570 1893 2622 1947 in
2638 1890 2881 1944 mundum
2899 1889 3057 1959 (Sap.
3080 1890 3135 1943 ‘2.
3153 1886 3268 1959 24).
3284 1890 3395 1954 Dic,
3417 1903 3617 1957 quaeso,
3634 1888 3790 1953 mihi,

2199 1984 2245 2037 si
2291 1998 2396 2037 non
2436 1992 2560 2037 ante
2606 1981 2800 2035 factum
2843 1980 3112 2035 hominem
3154 1979 3385 2044 excidit,
3416 1978 3682 2049 quomodo
3736 1980 3792 2032 in

2202 2084 2345 2129 tanta
2367 2074 2623 2144 dignitate
2651 2088 2870 2127 manens
2898 2072 3084 2126 invidit
3128 2071 3369 2126 homini?
3397 2070 3674 2137 Quomodo
3699 2085 3792 2124 ra-

2205 2166 2337 2219 tioni
2365 2181 2658 2219 consonum
2687 2173 2769 2218 est
2792 2205 2806 2228 ,
2838 2163 3081 2232 angelum
3116 2162 3517 2231 incorporeum,
3540 2171 3592 2216 et
3623 2163 3672 2215 in
3699 2162 3795 2215 tali

2203 2258 2459 2329 dignitate
2488 2258 2835 2312 constitutum
2862 2298 2877 2323 ,
2907 2254 3106 2309 homini
3142 2254 3381 2309 invidere
3416 2269 3640 2325 corpore
3682 2255 3795 2307 cir-

2203 2351 2523 2406 cumamicto
2543 2351 2566 2403 ?
2588 2349 2693 2404 Sed
2719 2350 2970 2420 quoniam
3006 2364 3035 2402 a
3061 2362 3292 2417 superna
3323 2347 3490 2418 gloria
3532 2346 3581 2400 in
3617 2353 3799 2400 extre-

2206 2460 2347 2499 mam
2373 2442 2715 2513 ignominiam
2737 2441 2981 2512 dejcctus
3007 2438 3198 2505 fuerat,
3227 2439 3353 2494 licet
3372 2449 3508 2493 esset
3544 2438 3798 2509 incorpo-

2205 2550 2364 2601 reus;
2394 2534 2581 2589 videns
2613 2534 2900 2588 formatum
2929 2531 3222 2597 hominem,
3254 2532 3305 2587 in
3335 2546 3559 2601 corpore
3591 2542 3799 2585 tantum

2208 2629 2465 2685 honorem
2513 2628 2819 2683 Conditoris
2860 2628 3231 2682 benevolentia
3274 2626 3517 2680 sortitum
3546 2666 3560 2689 ,
3595 2625 3795 2679 invidia

2208 2723 2428 2787 exarsit,
2460 2731 2514 2776 et
2538 2721 2872 2790 deceptione,
2900 2719 2965 2773 ad
3004 2734 3161 2787 quam
3192 2718 3454 2788 serpentis
3478 2732 3637 2785 opera
3669 2731 3803 2769 usus

2210 2824 2312 2880 est,
2339 2813 2607 2868 hominem
2627 2812 2813 2867 mortis
2834 2826 3005 2881 pmmc
3027 2811 3314 2866 obnoxium
3335 2810 3482 2865 fecit.
3496 2802 3639 2864 Talis
3654 2809 3801 2863 enim

2209 2916 2291 2961 cst
2322 2906 2553 2970 malitia;
2586 2921 2692 2959 non
2721 2912 2898 2973 potest
2924 2919 3028 2957 non
3052 2902 3283 2971 graviter
3313 2902 3450 2956 ferre
3472 2900 3695 2955 aliorum
3724 2899 3806 2953 fe-

2212 2998 2485 3051 licitatem.
2517 2995 2670 3063 Quod
2712 2996 2869 3065 igitur
2893 2993 3136 3048 diabolus
3162 3002 3219 3048 ct
3256 2992 3431 3047 onmis
3460 2992 3575 3061 eius
3603 2990 3804 3044 cohors

2212 3090 2340 3144 olim
2366 3104 2396 3142 a
2416 3088 2582 3159 gloria
2612 3087 2697 3141 illa
2724 3086 3039 3150 exciderint,
3059 3095 3113 3139 ct
3143 3081 3479 3155 ignominiosi
3510 3082 3802 3148 evaserint,

2215 3179 2554 3234 manifestum
2585 3186 2684 3233 est.
2718 3177 2964 3247 Alioquin
2990 3176 3150 3231 etiam
3177 3184 3373 3244 quanta
3402 3191 3506 3230 non
3532 3175 3806 3229 dementia

2215 3274 2429 3344 plenum
2481 3272 2669 3337 fuerit,
2701 3272 2881 3327 dicere
2923 3270 3146 3341 angelos
3187 3270 3257 3324 ita
3295 3270 3565 3339 dejectos,
3596 3280 3653 3323 ut
3682 3284 3807 3322 cum

2216 3364 2527 3421 mulieribus
2569 3378 2681 3419 rem
2726 3362 3020 3427 haberent,
3049 3371 3101 3417 et
3132 3361 3443 3431 incorporea
3486 3362 3571 3414 illa
3616 3371 3808 3414 natura

2216 3458 2556 3529 capularetur
2592 3454 2960 3526 corporibus?
2994 3456 3185 3508 Annon
3225 3454 3378 3508 audis
3421 3454 3703 3507 Dominum
3727 3451 3813 3505 di-

2217 3562 2426 3607 centem
2474 3550 2541 3605 de
2592 3551 2902 3620 angelorum
2952 3550 3248 3604 substantia
3284 3565 3301 3604 :
3339 3547 3404 3601 In
3447 3549 3815 3602 resurrectione

2218 3645 2349 3697 enim
2392 3659 2550 3711 neque
2596 3642 2972 3696 matrimonium
3012 3641 3336 3704 contrahunt,
3370 3655 3528 3707 neque
3567 3641 3811 3700 nubunt;

2219 3738 2308 3791 sed
2331 3748 2446 3792 sunt
2471 3735 2598 3789 sicut
2619 3734 2784 3804 angeli
2810 3732 2901 3787 Dei
2930 3731 3141 3800 (Matth.
3164 3730 3255 3784 29..
3290 3731 3380 3787 50.
3410 3730 3573 3783 Marc.
3597 3730 3681 3784 12.
3714 3728 3811 3785 25.

2221 3829 2346 3883 Luc.
2377 3828 2466 3883 ‘20.
2499 3828 2587 3895 55)
2612 3826 2636 3879 ?
2661 3825 2843 3897 Neque
2886 3824 3027 3880 enim
3059 3824 3310 3894 possibile
3333 3832 3414 3877 est
3440 3822 3812 3891 incorpoream

2221 3931 2483 3981 naturam,
2514 3918 2673 3973 talem
2702 3933 2950 3987 tauquam
2975 3914 3462 3984 concupiscentiam
3491 3914 3709 3968 habere.
3730 3912 3813 3967 Ad

2223 4009 2336 4065 iure
2374 4010 2533 4064 etiam
2558 4008 2897 4078 cogitandum
2930 4018 3046 4069 est.
3087 4006 3187 4061 hoc
3228 4005 3475 4060 omnibus
3505 4004 3678 4058 modis
3720 4004 3820 4058 ab-

2221 4101 2593 4156 surdissimum
2626 4099 2788 4153 fuisse
2810 4099 2861 4151 itt
2885 4098 3121 4152 animum
3153 4096 3427 4151 inducere.
3460 4094 3589 4149 Nam
3614 4094 3659 4148 si
3690 4110 3821 4148 san-

2221 4194 2294 4247 cti
2327 4202 2379 4246 et
2405 4192 2493 4263 qui
2525 4192 2781 4261 Spiritttm
2812 4200 3053 4244 sanctum
3079 4196 3417 4259 acceperant,
3446 4202 3617 4256 neque
3646 4187 3817 4239 visio-

2222 4299 2347 4340 nem
2376 4284 2685 4354 angelorum
2730 4281 2913 4337 viderc
2944 4289 3231 4351 potuerunt
3264 4278 3436 4348 (Dan.
3474 4281 3555 4333 l0.
3585 4278 3713 4331 7-H
3747 4278 3766 4347 )
3803 4295 3816 4332 :

2223 4376 2500 4431 enimvero
2525 4375 2605 4429 vir
2629 4374 3014 4429 desideriorum
3041 4382 3325 4443 conspecta
3361 4371 3535 4443 angeli
3582 4386 3821 4440 prtescn-

2226 4469 2295 4522 tia
2322 4509 2337 4531 ,
2379 4483 2483 4522 non
2514 4477 2690 4521 tamen
2733 4465 3049 4529 substantia,
3083 4464 3227 4534 (quo
3270 4473 3424 4533 pacto
3462 4463 3607 4517 enim
3647 4461 3819 4516 videri

2227 4569 2410 4631 posset
2438 4560 2788 4629 incorporalis
2817 4555 3193 4626 substantia?)
3222 4555 3316 4611 sed
3349 4552 3823 4609 trausformatione

2226 4651 2397 4705 solum
2425 4650 2652 4721 quadam
2684 4651 2816 4715 visa,
2849 4663 3036 4719 parum
3074 4646 3243 4701 abfuit
3270 4646 3396 4716 quin
3432 4645 3632 4699 viribus
3655 4644 3828 4697 desti-

2229 4751 2372 4798 tutus
2414 4753 2470 4798 et
2512 4743 2744 4797 animam
2776 4742 3079 4803 amitteret;
3125 4748 3285 4809 atque
3313 4737 3358 4793 si
3390 4746 3568 4792 tantus
3605 4750 3671 4790 ac
3699 4735 3827 4788 talis

2229 4838 2310 4889 vir
2338 4851 2474 4904 pene
2503 4836 2703 4905 absque
2740 4834 2926 4903 Spiritu
2953 4832 3184 4901 jaecbat,
3217 4832 3334 4901 quis
3362 4832 3521 4884 etiam
3548 4827 3707 4881 valde
3742 4827 3829 4881 in-

2227 4944 2393 4983 sanus
2420 4926 2794 4996 comprobaret
2829 4925 2944 4978 haec
2986 4922 3293 4991 blasphcma
3340 4921 3498 4975 verba
3532 4919 3829 4973 dementia:

2230 5020 2406 5091 plena,
2435 5020 2573 5089 quod
2620 5019 2931 5086 incorporea
2962 5025 3017 5070 ct
3044 5013 3334 5084 spiritualis
3362 5022 3549 5066 natura
3574 5012 3831 5080 corporis

2229 5112 2564 5178 complexum
2611 5108 2806 5164 ferret?

2301 5207 2355 5259 5.
2402 5202 2643 5257 Homines
2673 5200 2768 5267 ﬁlii
2811 5199 2905 5252 Dei
2933 5198 3057 5252 dicti
3093 5197 3145 5250 in
3187 5195 3476 5266 Scriptura.
3505 5192 3704 5247 -—Sed
3754 5207 3828 5247 ne

2232 5298 2472 5370 pluribus
2504 5298 2599 5351 ista
2627 5294 2957 5351 excutientes
2973 5300 3147 5346 terere
3172 5300 3381 5357 tempus
3396 5286 3694 5347 videamur,
3728 5301 3833 5353 age

2233 5394 2353 5463 quia
2392 5388 2778 5444 sufficientibus
2817 5383 3144 5455 argumentis
3178 5381 3384 5435 caritati
3409 5388 3605 5433 vestae
3646 5378 3836 5431 decla-

2234 5486 2468 5539 ravimus
2488 5524 2503 5547 ,
2535 5496 2692 5551 quam
2724 5480 2792 5533 sit
2819 5479 2919 5532 hoc
2948 5474 3273 5545 impossibile
3303 5489 3316 5525 :
3350 5472 3637 5527 doceamus
3685 5485 3833 5523 nime

2235 5592 2353 5647 qum
2378 5576 2454 5630 rei
2485 5576 2553 5630 sit
2590 5573 2820 5636 veritas;
2870 5571 3062 5625 iterum
3112 5577 3287 5623 tamen
3334 5566 3486 5620 lectis
3517 5566 3581 5619 iis
3608 5579 3734 5633 qua:
3776 5564 3829 5615 in
3896 5578 3899 5579 '

2236 5670 2410 5724 divina
2428 5666 2702 5736 Scriptura
2725 5659 3063 5719 feruntur.~Et
3076 5663 3268 5729 factum
3283 5667 3377 5720 est,
3409 5656 3599 5725 inquit,
3622 5656 3835 5723 quando

2238 5769 2490 5835 coeperunt
2534 5759 2759 5813 homines
2802 5754 3129 5827 multiplicari
3175 5769 3326 5825 super
3371 5762 3575 5817 terram,
3622 5759 3671 5802 et
3709 5749 3838 5819 ﬁlia
