4038 6394
189 326 298 382 I87

176 457 332 504 τινος
372 442 668 511 ἐπιτυχεῖν.
703 440 804 494 Διά
845 440 1003 494 τοῦτο
1045 441 1074 494 6
1109 439 1312 502 δίκαιος
1353 438 1604 507 καθάπερ
1636 436 1867 507 σπινθὴρ

178 538 240 590 ἑν
281 538 452 608 μέσῳ
497 537 726 604 πελάγει
769 537 1071 606 τυγχάνων,
1121 536 1183 588 οὐ
1219 534 1378 605 μόνον
1423 533 1524 586 οὐκ
1561 532 1867 594 ἐσϐέννυτο,

178 633 325 687 ἀλλά
381 636 480 689 καὶ
521 633 640 687 καθ’
673 634 913 704 ἑκάστην
955 631 1167 704 ἡμέραν
1207 628 1582 700 λαμπρότερον
1623 627 1774 698 ὴφίει
1810 627 1871 680 τὸ

178 732 345 800 φῶς,
409 729 724 792 διδάσκαλος
778 731 912 782 πᾶσι
980 728 1262 799 γινόμενος
1320 725 1409 780 διὰ
1459 725 1569 778 τῶν
1619 722 1810 776 ἑαυτοῦ
1841 735 1870 764 ι

176 827 398 898 ἔργων.

247 921 426 987 Εἶδες
460 923 534 986 ὡς
578 919 922 987 αὐτεξούσιον
968 917 1125 991 ἡμῶν
1171 917 1272 988 τὴν
1323 915 1484 984 φύσιν
1531 915 1560 968 6
1595 913 1870 982 Δεσπότης

174 1020 596 1090 ἐδημιούργησε
610 1035 625 1084 ;
677 1017 847 1070 Πόθεν
877 1016 1006 1088 γὰρ,
1040 1014 1160 1067 είπέ
1209 1029 1317 1084 μοι.
1355 1013 1550 1064 ἐκεῖνοι
1603 1009 1702 1080 μὲν
1736 1003 1872 1078 πρὸς

173 1120 277 1187 τὴν
311 1117 526 1171 κακίαν
565 1115 841 1178 ἔσπευδον,
870 1114 964 1168 καὶ¹
993 1115 1058 1184 τῇ
1094 1111 1335 1182 τιμωρίᾳ
1381 1108 1714 1170 ὑπευθύνους
1744 1108 1870 1158 έαυ-

172 1217 309 1279 τοὺς
339 1215 635 1282 καθίστων,
648 1209 800 1278 οὗτος
819 1213 877 1268 δὲ
893 1213 990 1284 τὴν
1012 1212 1209 1284 ἀρετὴν
1224 1209 1310 1263 ὲλό
1316 1225 1494 1280 μενος,
1508 1207 1602 1260 καὶ
1615 1207 1716 1278 τὴν
1735 1205 1874 1276 πρὸς,

173 1311 441 1376 ἐκείνους
451 1310 732 1365 κοινωνίαν
749 1307 961 1379 φυγὼν,
973 1308 1071 1378 τῆς
1091 1306 1364 1379 τιμωρίας
1383 1307 1578 1376 πεῖραν
1594 1304 1694 1356 οὐκ
1710 1302 1872 1372 ἐλάμ-

173 1409 390 1474 ϐανεν;
416 1409 527 1463 Οὐκ
547 1406 786 1478 εὔδηλον,
819 1404 1006 1460 ὅτιδιά
1030 1405 1092 1458 τὸ
1105 1404 1333 1458 ἕκαστον
1351 1401 1528 1473 οἰκεία
1552 1399 1870 1471 προαιρέσει

174 1509 338 1578 ῆτὴν
372 1507 574 1577 ἀρετὴν
601 1503 909 1576 αίρεῖσθαι;
941 1504 1004 1556 Et
1032 1502 1141 1573 γὰρ
1168 1501 1242 1572 μὴ
1267 1500 1426 1554 τοῦτο
1440 1495 1529 1570 ἦν,
1552 1498 1688 1570 μηδὲ
1715 1500 1773 1551 έν
1799 1497 1866 1567 τῇ

175 1603 348 1670 φύσει
383 1604 448 1672 τῇ
479 1601 718 1672 ἡμετέρᾳ
744 1600 812 1652 τά
846 1601 944 1670 τῆς
969 1598 1216 1664 ἐξουσίας
1249 1596 1446 1661 ἔκειτο,
1479 1594 1602 1648 οὐτε
1629 1595 1869 1656 ἐκείνους

174 1699 518 1762 κολάζεσθαι
557 1697 686 1761 ἔδει,
728 1695 852 1750 οὐτε
894 1694 1116 1758 τούτους
1165 1694 1396 1765 ἀμοιϐὰς
1432 1693 1728 1764 λαμϐάνειν
1770 1691 1869 1763 τῆς

174 1797 396 1865 ἀρετῆς
417 1813 428 1825 ο
459 1793 574 1848 ἀλλ’
606 1793 794 1865 ἐπειδὴ
819 1795 878 1846 έν
904 1795 970 1864 τῇ
1005 1791 1319 1864 προαιρέσει
1354 1793 1422 1862 τῇ
1463 1790 1705 1861 ἡμετέρᾳ
1733 1805 1868 1842 κατ-

173 1894 338 1945 έλιπε
379 1892 514 1961 μετά
542 1891 641 1961 τὴν
671 1889 876 1945 ἀνωθεν
899 1889 1059 1961 χάριν
1088 1889 1150 1942 τὸ
1177 1889 1306 1952 πᾶν,
1328 1887 1416 1942 διὰ
1441 1887 1598 1940 τοῦτο
1636 1886 1728 1939 καὶ
1755 1887 1868 1949 τοῖς

174 1987 565 2058 ἁμαρτάνουσι
593 1985 842 2048 κολάσεις
871 1985 1211 2047 ἀπόκεινται,
1241 1982 1337 2037 καὶ⁹
1372 1985 1484 2045 τοῖς
1513 1979 1868 2052 κατορθοῦσιν

173 2084 484 2145 ἀντιδόσεις
511 2083 604 2136 καὶ
629 2081 874 2153 ἀμοιϐαί.
921 2081 1034 2135 Kal
1069 2076 1168 2151 ἦν,
1202 2081 1356 2150 φησι,
1385 2078 1513 2134 Νῶε
1544 2077 1694 2132 ἐτῶν
1725 2092 1866 2130 πεν-

172 2182 507 2242 τακοσίων,
549 2179 650 2232 καί
687 2178 984 2248 ἐγέννησε
1012 2177 1171 2244 τρεῖς
1206 2175 1397 2241 υἱοὺς,
1440 2174 1551 2228 τὸν
1576 2175 1728 2242 Σὴμ,
1760 2174 1868 2226 τὸν

173 2276 336 2344 Χὰμ,
373 2273 480 2327 τὸν
522 2273 734 2342 Ἰἁφεθ.
774 2272 970 2326 Σκόπει
1001 2273 1099 2344 τῆς
1126 2271 1276 2334 θείας
1321 2270 1544 2342 Γραφῆς
1572 2269 1674 2341 τὴν
1711 2269 1868 2341 ἀκρί-

177 2371 363 2424 ϐειαν.
409 2369 627 2441 Ἐπειδὴ
671 2370 968 2442 διηγήσατο
1013 2371 1146 2440 ἡμῖν
1190 2368 1300 2421 τῶν
1344 2367 1482 2420 ὲτῶν
1519 2366 1611 2419 τοῦ
1657 2366 1864 2420 δικαίου

176 2467 275 2520 τὸν
310 2467 568 2538 ἀριθμὸν,
597 2465 915 2520 δεικνύουσα
938 2465 1037 2535 τῆς
1070 2463 1451 2536 μακροθυμίας
1471 2463 1620 2536 [I95]
1652 2463 1743 2517 τοῦ
1769 2468 1866 2518 Δε-

180 2564 393 2616 σπότου
416 2563 516 2635 τὴν
549 2561 876 2634 ὑπερϐολὴν,
908 2561 1154 2632 βούλεται
1185 2560 1347 2614 πάλιν
1372 2561 1467 2614 καὶ
1492 2560 1589 2632 τὴν
1617 2561 1865 2614 ἐπίτασιν

180 2669 282 2739 τῆς
321 2666 674 2734 ἀνεξικακίας
706 2665 800 2718 τοῦ
832 2664 1104 2718 Δεσπότου
1132 2664 1298 2735 δήλην
1335 2666 1467 2736 ἡμῖν
1498 2666 1743 2737 ποιῆσαι,
1775 2669 1866 2720 καὶ

181 2766 286 2835 τῆς
318 2763 518 2827 κακίας
543 2762 652 2816 τῶν
680 2761 983 2833 ἀνθρώπων
1013 2762 1111 2833 τὴν
1147 2762 1346 2835 πολλὴν
1378 2763 1569 2835 φοράν.

257 2870 335 2941 β’.
369 2870 506 2924 Ἀλλ’
526 2869 847 2940 ἀκούσωμεν
869 2867 1048 2923 αὐτῶν
1067 2868 1174 2922 τῶν
1198 2868 1348 2941 παρά
1363 2868 1458 2922 τοῦ
1481 2869 1754 2932 Μωῦσέως
1769 2873 1867 2942 ρη-

183 2967 392 3022 θέντων
410 2984 424 2997 ·
463 2966 741 3036 Πνεύματι
762 2965 869 3036 γάρ
895 2964 1261 3036 φθεγγόμενος
1293 2966 1508 3020 ἅπαντα
1539 2967 1678 3037 μετά
1704 2967 1868 3038 ἀκρι-

183 3063 344 3127 ϐείας
363 3064 512 3134 ἡμᾶς
538 3061 748 3130 διδάξαι
771 3061 1040 3131 βούλεται.
1068 3062 1178 3116 Kal
1195 3062 1452 3130 ἐγένετο,
1477 3066 1660 3135 φησὶν,
1682 3065 1868 3132 ἡνίκα

183 3160 457 3229 ἤρξαντο
483 3163 553 3214 οἱ·
571 3160 868 3228 ἄνθρωποι
896 3159 1118 3214 πολλοὶ
1157 3159 1427 3230 γίνεσθαι
1450 3161 1550 3214 ἐπὶ
1570 3161 1689 3230 τῆς
1727 3162 1863 3232 γῆς,

184 3258 290 3312 καὶ
355 3256 678 3326 θυγατέρες
737 3255 1154 3325 ἐγεννήθησαν
1219 3257 1444 3323 αὐτοῖς.
1507 3257 1619 3329 Οὐχ
1679 3260 1868 3326 ἁπλῶς

184 3354 503 3426 προσέθηκε
540 3353 622 3416 τὸ,
671 3351 780 3407 Kal
817 3353 1133 3423 θυγατέρες
1171 3353 1588 3423 ἐγεννήθησαν
1642 3358 1865 3424 αὐτοῖς,

185 3451 308 3505 ἀλλ’
339 3451 428 3503 ἵνα
460 3451 523 3503 τὸ
555 3449 688 3501 πολύ
720 3448 924 3520 πλῆθος
965 3452 1100 3520 ἡμῖν
1147 3452 1382 3525 έμφήνη.
1419 3452 1592 3507 Ὅπου
1634 3455 1741 3526 γὰρ
1777 3473 1868 3508 το·-

190 3551 387 3604 σοῦτον
425 3549 487 3602 τδ
514 3548 620 3602 τῶν
650 3547 817 3620 ῥιζῶν
844 3547 1067 3618 πλῆθος,
1097 3549 1309 3622 ἀνάγκη
1343 3550 1570 3616 πολλοὺς
1595 3554 1868 3608 τίκτεσθαι

187 3647 323 3710 τοὺς
365 3645 615 3707 κλάδους.
681 3645 930 3709 Ἰδόντες
981 3644 1067 3710 δὲ,
1100 3646 1283 3716 φησὶν,
1329 3649 1384 3700 οί
1429 3648 1548 3702 υἱοὶ
1577 3649 1684 3703 τοῦ
1723 3653 1869 3705 Θεοῦ

188 3745 299 3810 τὰς
369 3741 697 3811 θυγατέρας
742 3740 860 3795 τῶν
904 3741 1250 3810 ἀνθρώπιον,
1304 3743 1393 3797 ὅτι
1455 3747 1638 3799 καλαί
1689 3750 1866 3814 εἰσιν,

190 3840 420 3894 ἔλαϐον
442 3837 676 3904 ἑαυτοῖς
697 3837 987 3907 γυναῖκας
1007 3837 1125 3892 ἀπὸ
1147 3839 1359 3893 πασῶν
1379 3835 1466 3895 ὧν
1491 3842 1868 3908 ἐξελέξαντο.

204 3937 481 4004 Ἐκάστην
511 3933 656 3997 λέξιν
692 3933 800 3987 τῶν
829 3933 1134 4004 εἰρημένων
1163 3935 1345 4003 σαφῶς
1393 3941 1869 4012 κατοπτεύσωμεν,

194 4035 285 4086 ἵνα
323 4032 491 4102 μηδὲν
519 4031 665 4102 ἡμᾶς
694 4029 1027 4102 παραδράμῃ
1049 4030 1157 4084 τῶν
1183 4034 1240 4086 ὲν
1273 4032 1350 4104 τῷ
1377 4031 1528 4102 βάθει
1559 4040 1873 4111 κεκρυμμέ-

196 4149 326 4184 νων.
361 4128 476 4181 Kal
503 4129 612 4198 γὰρ
641 4129 936 4196 ἀναγκαῖον
963 4127 1150 4181 τούτου
1178 4129 1271 4183 τοῦ
1306 4133 1503 4202 χωρίου
1547 4134 1745 4206 πολλὴν
1775 4136 1872 4206 τὴν

197 4227 429 4298 ἔρευναν
459 4223 804 4293 ποιήσασθαι,
835 4223 928 4276 καὶ
953 4223 1250 4294 ἀνατρέψαι
1282 4226 1381 4288 τὰς
1421 4227 1742 4298 μυθολογίας
1767 4234 1872 4287 τῶν

201 4322 622 4394 ἀπερισκέπτως
651 4320 826 4373 πάντα
853 4320 1236 4390 φθεγγομένων
1257 4338 1272 4352 ο
1303 4323 1395 4374 καὶ
1421 4323 1634 4394 πρῶτον
1673 4329 1771 4396 μὲν
1795 4332 1872 4383 εί-

201 4421 322 4470 ·αῖν
344 4418 484 4484 ’ἅπερ
514 4415 691 4484 λέγειν
726 4413 984 4486 τολμῶσι,
1000 4417 1093 4468 καὶ
1115 4417 1388 4483 δείξαντας
1408 4420 1507 4491 τὴν
1528 4421 1754 4478 ἀτοπίαν
1768 4426 1874 4478 τῶν

203 4515 333 4586 παρ’
350 4514 534 4569 αὐτῶν
561 4514 890 4583 λεγομένων,
917 4513 1060 4567 οὕτω
1081 4515 1170 4568 τὸν
1203 4515 1374 4588 ἀληθῆ
1392 4518 1515 4571 νοῦν
1543 4524 1641 4592 τῆς
1656 4522 1694 4572 Γ
1701 4527 1874 4596 ραφῆς

200 4611 412 4676 διδάξαι
452 4611 551 4682 τὴν
582 4610 853 4682 ὑμετέραν
885 4610 1124 4682 ἀγάπην,
1146 4611 1286 4665 ὥστε
1327 4612 1403 4684 μὴ
1431 4615 1615 4680 ἁπλῶς
1656 4619 1876 4690 ὑπέχειν

201 4707 298 4771 τὰς
329 4708 502 4770 ᾰκοάς
543 4712 655 4771 τοῖς
685 4710 754 4762 τά
795 4707 1088 4779 βλάσφημα
1119 4709 1300 4762 ἐκεῖνα
1337 4710 1745 4783 φθεγγομένοις,
1782 4720 1876 4771 καὶ

202 4807 344 4859 κατά
368 4807 470 4876 τῆς
493 4803 702 4860 ἑαυτῶν
726 4803 972 4874 ,κεφαλῆς
1001 4803 1238 4875 τολμῶσι
1263 4806 1459 4874 λέγειν.
1491 4810 1626 4865 Φασὶ
1668 4814 1771 4884 γάρ
1793 4815 1874 4869 ὅτι

203 4901 263 4954 οὐ
296 4901 426 4972 περὶ
468 4896 771 4970 ἀνθρώπων
800 4898 958 4952 τοῦτο
995 4901 1227 4972 εἴρηται,
1259 4902 1396 4957 ἀλλά
1438 4907 1565 4977 περὶ
1595 4908 1871 4977 ἀγγέλωνο

204 4995 427 5058 τούτους
477 4995 588 5066 γὰρ
636 4996 786 5058 υἱοὺς
829 4995 964 5048 Θεοῦ
1026 5000 1452 5069 προσηγόρευσε.
1513 5003 1735 5074 Πρῶτον
1777 5007 1876 5073 μὲν

204 5092 558 5159 δειξάτωσαν,
606 5090 708 5144 ποῦ
747 5091 969 5159 ἄγγελοι
1015 5093 1120 5146 υἱοὶ
1149 5095 1282 5148 Θεοῦ
1326 5099 1874 5172 προσηγορεύθησαν

205 5187 320 5239 ἀλλ’
359 5187 461 5240 οὐκ
489 5186 556 5239 ἂν
584 5185 759 5256 ἔχοιεν
793 5187 1029 5258 οὐδαμοῦ
1077 5189 1263 5254 δεῖξαι.
1305 5191 1614 5265 Ἄνθρωποι
1645 5197 1744 5267 μὲν
1767 5201 1876 5271 γάρ

205 5279 518 5349 ἐκλήθησαν
557 5279 664 5332 υἱοὶ
698 5278 855 5342 Θεοῦ,
897 5281 1114 5349 ἄγγελοι
1155 5283 1212 5336 δὲ
1254 5283 1522 5354 οὐδαμῶς.
1554 5287 1714 5342 Ἀλλά
1753 5291 1877 5362 περὶ

209 5378 308 5448 μὲν
339 5377 450 5430 τῶν
498 5378 744 5446 ἀγγέλων
789 5381 956 5451 φησίν
980 5396 996 5412 ο
1039 5379 1094 5432 Ὀ
1151 5380 1338 5436 ποιῶν
1391 5385 1531 5449 τοὺς
1581 5385 1879 5456 ἀγγέλους

203 5472 394 5529 αὐτοῦ
432 5474 760 5542 πνεύματα,
802 5475 899 5528 καί
943 5475 1086 5541 τοὺς
1114 5479 1495 5556 λειτουργοὺς
1533 5483 1717 5538 αὐτοῦ
1763 5501 1876 5539 πυ-

199 5573 312 5643 ρὸς
339 5573 540 5642 φλόγα
558 5589 573 5605 ο
603 5573 730 5642 περὶ
767 5571 822 5626 δὲ
863 5573 972 5626 τῶν
1003 5573 1098 5627 ἀνθ
1107 5575 1324 5645 ρώπων,
1376 5577 1517 5649 Ἐγὼ
1541 5575 1679 5634 εἶπα
1697 5596 1710 5611 °
1746 5583 1878 5636 Θεοί

268 5765 288 5790 ⁸
310 5768 393 5818 Sic
415 5767 565 5818 Savil.
595 5768 762 5819 Morel.
793 5778 847 5818 el
879 5771 1045 5820 Monlf.
1069 5774 1236 5827 αὐτῶν,
1269 5775 1399 5832 {tum

500 5873 768 5936 humu.
804 5871 922 5935 Gn.
958 5872 1116 5936 LIII.

1254 329 1322 384 IN
1361 328 1517 385 CAP.
1555 326 1596 382 V
1635 326 1724 385 ET
1763 325 1830 382 Vl
1871 326 2118 384 GENES.
2161 327 2396 386 ΙΙΟΜΙΙ..
2437 329 2598 386 XXII.

3545 325 3649 381 I88

1976 437 2150 490 ἐστε⁹
2188 437 2283 490 καὶ⁹
2329 435 2526 490 πάλινο
2568 422 2739 500 Υίοὺς
2779 433 3098 503 ἐγέννησα,
3138 437 3236 492 καί
3275 438 3526 506 ὕψωσαο
3554 441 3648 493 καὶ

1976 533 2139 587 πάλιν
2161 550 2175 564 ·
2221 535 2598 602 Πρωτότοκος
2642 533 2773 598 υἱός
2811 549 2930 601 μου
2987 531 3232 601 Ἰσραήλ
3252 549 3264 561 ·
3313 533 3541 604 ἄγγελος
3589 535 3650 588 δὲ

1975 627 2214 698 οὐδαμοῦ
2267 627 2380 691 υἱὸς
2425 627 2649 698 ἐκλήθη,
2689 625 2810 680 οὐδὲ
2842 627 2956 691 υίὺς
2992 627 3150 681 Θεοῦ.
3188 627 3352 682 Ἀλλά
3391 629 3444 682 τί
3477 646 3648 700 φασι;

1975 723 2103 784 Ναὶ.
2137 724 2356 792 ἀγγελοι
2406 723 2506 795 μὲν
2535 719 2708 794 ἦσαν’
2755 723 2888 776 διότι
2915 723 2973 776 δὲ
3004 724 3139 795 πρὸς
3188 726 3286 797 τὴν
3335 727 3652 798 παράνομον

1975 819 2180 891 ταύτην
2217 819 2416 892 πρᾶξιν
2469 820 2754 892 κατῆλθον,
2801 822 2900 890 τῆς
2951 819 3108 884 ἀξίας
3154 819 3429 886 ἐξέπεσον.
3481 823 3652 877 Πάλιν

1975 916 2162 986 ἕτερον
2211 916 2638 987 μυθωδέστερον.
2668 914 2735 967 Τί
2765 911 2892 982 οῦν;
2940 914 3036 968 νῦν
3064 914 3339 983 ἐξέπεσον,
3387 918 3482 970 καὶ
3509 916 3648 990 αὕτη

1976 1012 2074 1082 τῆς
2107 1010 2367 1074 πτώσεως
2397 1011 2580 1074 αὐτοῖς
2610 1010 2638 1050 ιι
2670 1011 2818 1063 ἐστιν
2839 1012 2872 1080 ἡ
2899 1010 3081 1075 αίτία;
3113 1012 3223 1065 Καὶ
3253 1011 3359 1083 μὴν
3458 1013 3648 1086 Γραφὴ

1975 1105 2149 1178 ἄλλως
2172 1105 2318 1177 ἡμᾶς
2342 1104 2606 1170 διδάσκει,
2627 1104 2708 1157 ὅτι
2729 1105 2822 1159 καὶ
2846 1104 2951 1176 πρὸ
2976 1105 3073 1172 τῆς
3101 1105 3193 1157 τοῦ
3221 1105 3646 1176 πρωτοπλὰστου

1974 1201 2330 1273 δημιουργίας
2357 1202 2457 1270 τῆς
2484 1198 2642 1264 ἀξίας
2678 1198 2890 1270 ἐκείνης
2915 1197 3325 1270 κατηνέχθησαν
3354 1201 3446 1254 καὶ
3477 1203 3506 1254 6
3534 1201 3648 1256 διά-

1976 1297 2130 1360 ϐολος
2161 1297 2254 1350 καὶ
2280 1297 2329 1349 οἱ
2351 1295 2467 1366 μετ’
2496 1293 2684 1361 αὐτοῦ,
2716 1294 2903 1364 μεῖζον
2940 1294 3036 1364 τῆς
3073 1293 3232 1360 ἀξίας
3261 1295 3645 1367 φρονήσαντες,

1981 1393 2230 1464 καθάπερ
2256 1396 2350 1448 καὶ
2383 1394 2544 1464 σοφός
2577 1395 2660 1458 τίς
2693 1411 2860 1464 φησι⁹
2891 1394 3094 1460 Φθόνῳ
3123 1392 3194 1447 δὲ
3229 1395 3336 1449 τοῦ
3363 1395 3647 1454 διαϐόλου

1975 1483 2231 1550 θάνατος
2261 1487 2349 1551 είς
2382 1485 2491 1539 τὸν
2533 1485 2766 1554 κόσμον
2792 1482 3098 1552 εἰσῆλθεν.
3143 1485 3282 1538 Είπὲ
3313 1486 3421 1558 γάρ
3453 1505 3564 1559 μοι,
3595 1493 3646 1544 εἰ

1976 1572 2052 1642 μὴ
2080 1567 2147 1642 ἦν
2179 1571 2286 1644 πρὸ
2312 1572 2411 1642 τῆς
2439 1570 2532 1624 τοῦ
2560 1569 2846 1642 ἀνθρώπου
2874 1571 3234 1643 δημιουργίας
3254 1573 3644 1640 ἐκπεπτωκὼς,

1973 1669 2092 1732 πῶς
2130 1670 2197 1724 ἂν
2243 1670 2336 1722 ἐπὶ
2367 1670 2465 1740 τῆς
2505 1668 2662 1734 ἀξίας
2697 1668 2871 1739 μένων
2911 1668 3179 1741 ἐϐάσκηνε
3213 1669 3292 1740 τῷ
3337 1670 3643 1745 ἀνθρώπως

1973 1765 2133 1818 Ποῖον
2165 1765 2273 1837 γὰρ
2305 1765 2371 1820 ἂν
2419 1766 2532 1835 ἔχοι
2569 1765 2745 1834 λόγον,
2775 1764 3006 1834 ἀγγελον
3043 1765 3314 1838 ἀνθρώπῳ
3357 1769 3644 1842 βασκῆναι,

1973 1864 2067 1918 τὸν
2112 1865 2400 1936 ἀσώματον
2447 1866 2541 1920 καὶ
2598 1867 2656 1919 έν
2713 1866 2950 1940 τοσαύτῃ
2993 1871 3128 1939 τιμῇ
3179 1870 3537 1940 τυγχάνοντα,
3565 1871 3646 1942 τῷ

1974 1960 2133 2031 σῶμα
2191 1961 2592 2032 περικειμένῳ;
2651 1960 2788 2014 Ἀλλ’
2845 1963 3034 2033 ἐπειδὴ
3087 1964 3196 2018 ἀπὸ
3238 1946 3354 2038 τῆς.
3384 1968 3648 2022 ἀνωτάτω

1971 2057 2130 2127 δόξης
2151 2058 2230 2120 είς
2260 2057 2498 2128 ἐσχάτην
2520 2057 2744 2127 ἀτιμίαν
2789 2058 3120 2130 κατηνέχθη,
3163 2062 3256 2114 καὶ
3292 2063 3462 2116 ταῦτα
3501 2063 3647 2118 ἀσώ-

1975 2170 2144 2224 ματος
2186 2151 2282 2213 ὣν.
2324 2150 2430 2206 εἶδε
2456 2153 2513 2206 δὲ
2539 2153 2629 2206 τὸν
2656 2151 2806 2226 [196]
2837 2154 3121 2225 ἄνθρωπον
3149 2156 3644 2230 δημιουργηθέντα,

1973 2250 2067 2302 καὶ
2095 2251 2153 2303 ὲν
2208 2248 2422 2319 σώματι
2457 2247 2725 2320 τοσαύτης
2751 2251 2918 2318 τιμῆς
2958 2249 3255 2316 ἀξιωθέντα
3286 2252 3374 2306 διά
3411 2254 3510 2324 τὴν
3549 2255 3645 2308 τού

1970 2346 2475 2418 δημιουργήσαντος
2530 2343 2970 2416 φιλανθρωπίαν,
3026 2347 3108 2410 είς
3161 2346 3355 2418 φθόνον
3411 2349 3642 2422 ἐξήφθη,

1972 2443 2066 2494 καὶ
2098 2441 2188 2494 διά
2215 2443 2317 2512 τῆς
2347 2440 2586 2511 ἀπάτης,
2625 2440 2693 2512 ἢν
2720 2440 2809 2494 διά
2849 2440 2942 2494 τοῦ
2975 2441 3151 2512 ὄφεως
3197 2446 3536 2516 προσήγαγε,
3565 2449 3646 2520 τῷ

1971 2537 2065 2592 τοῦ
2100 2537 2333 2592 θανάτου
2382 2537 2642 2608 ἐπιτιμίῳ
2695 2537 2992 2592 ὑπεύθυνον
3033 2540 3124 2593 τὸν
3167 2539 3450 2612 ἄνθρωπον
3507 2561 3646 2597 κατ-

1972 2633 2258 2687 εσκεύασε.
2304 2633 2557 2686 Τοιοῦτον
2601 2632 2708 2706 γάρ
2745 2635 2778 2704 ἠ
2809 2633 3074 2706 πονηρίαο
3114 2637 3176 2689 οὐ
3207 2636 3425 2692 δύναται
3453 2639 3646 2710 πράως

1975 2735 2159 2800 φέρειν
2186 2729 2285 2802 τὴν
2311 2729 2516 2801 ἐτέρων
2555 2728 2874 2801 εὐημερίαν.
2901 2730 3025 2784 Ὅτι
3057 2732 3158 2803 μὲν
3181 2729 3273 2786 οὖν
3297 2735 3462 2787 πάλαι
3496 2737 3590 2788 καὶ
3614 2737 3646 2790 ὁ

1970 2827 2212 2890 διάϐολος
2241 2827 2335 2880 καὶ
2365 2827 2514 2880 πᾶσα
2533 2825 2698 2880 αὐτοῦ
2731 2827 2764 2897 η
2790 2827 3004 2896 φάλαγξ
3029 2829 3094 2881 ὲκ
3129 2831 3226 2900 τῆς
3250 2829 3404 2901 δόξης
3430 2831 3644 2902 ἐκείνης

1971 2923 2249 2989 ἐξέπεσον,
2291 2925 2386 2978 καὶ
2417 2925 2526 2976 τῶν
2557 2923 2922 2994 ὴτιμωμένων
2969 2927 3242 2994 γεγόνασι,
3284 2924 3438 3000 δῆλον
3495 2930 3642 2984 ἀπα-

1975 3041 2059 3076 σιν
2077 3034 2125 3077 ο.
2149 3021 2354 3084 ’Ἄλλως
2374 3022 2432 3074 δὲ
2453 3021 2545 3074 καὶ
2568 3020 2726 3084 ποίας
2746 3022 2846 3074 οὐκ
2867 3021 2932 3076 ἂν
2953 3022 3036 3094 εἴη
3059 3025 3240 3088 ἀνοίας
3264 3027 3567 3097 ἀνάμεστον
3583 3029 3646 3082 τὸ

1972 3121 2169 3191 λέγειν,
2187 3120 2271 3174 ὃτι
2299 3120 2517 3189 ἄγγελοι
2547 3119 2680 3189 πρὸς
2709 3119 2994 3174 συνουσίαν
3017 3124 3288 3191 γυναικῶν
3311 3127 3646 3198 κατηνέχθη-

1974 3236 2094 3284 σαν,
2121 3218 2216 3272 καὶ
2237 3219 2271 3288 ἡ
2297 3217 2589 3288 ἀσώματος
2613 3217 2799 3286 ἐκείνη
2829 3217 2988 3286 φύσις
3014 3219 3146 3290 πρὸς
3175 3220 3272 3292 τὴν
3308 3223 3646 3296 συναλλαγὴν

1973 3315 2080 3367 τῶν
2100 3313 2364 3386 σωμάτων
2388 3313 2603 3386 ὑπήχθη
2621 3331 2636 3380 ;
2659 3316 2725 3367 Ἣ
2739 3315 2838 3368 οὐκ
2863 3315 3081 3382 ἀκούεις
3104 3317 3197 3372 τοῦ
3216 3320 3453 3392 Χριστοῦ
3471 3322 3646 3392 λέγον-

1973 3430 2064 3478 τος
2087 3414 2215 3486 περὶ
2237 3413 2337 3484 τῆς
2369 3413 2478 3466 τῶν
2508 3413 2753 3482 ἀγγέλων
2777 3414 2964 3478 οὐσίας
2984 3432 2997 3444 ·
3033 3417 3128 3471 Ἐν
3148 3416 3258 3488 γὰρ
3289 3419 3364 3488 τῇ
3383 3422 3648 3476 ἀναστά-

1972 3527 2069 3564 σει
2101 3512 2239 3564 οὔτε
2263 3509 2580 3580 γαμοῦσιν,
2600 3512 2739 3564 οὔτε
2770 3513 3182 3582 γαμίσκονται,
3212 3516 3352 3570 ἀλλ’
3379 3519 3538 3574 είσίν
3564 3521 3638 3588 ὡς

1973 3608 2216 3676 ἄγγελοι
2241 3606 2386 3660 Θεοῦ
2406 3624 2422 3669 ;
2438 3605 2572 3659 Οὐδὲ
2591 3607 2698 3678 γὰρ
2713 3601 2824 3660 οἷόν
2838 3623 2898 3659 τε
2916 3606 3010 3678 τὴν
3029 3607 3317 3679 ἀσώματον
3334 3613 3494 3680 φύσιν
3509 3615 3646 3667 ἐκεί-

1974 3722 2071 3776 νην
2088 3703 2340 3774 τοιαύτην
2372 3703 2664 3773 ἐπιθυμίαν
2697 3703 2951 3767 δέξασθαί
2985 3721 3136 3760 ποτε.
3180 3708 3323 3776 Πρὸς
3355 3709 3564 3774 τούτοις
3586 3712 3644 3765 δὲ

1976 3807 2195 3860 κάκεῖνο
2209 3806 2455 3875 ἐννοῆσαι
2466 3802 2564 3867 δεῖ,
2577 3804 2659 3856 ὅτι
2673 3804 2848 3874 πάντη
2862 3803 2969 3858 τῶν
2981 3805 3341 3861 ἀτοπωτάτων
3354 3809 3470 3862 ἐστὶ
3485 3810 3646 3866 τοῦτο

1975 3899 2227 3966 δέξασθαι
2269 3897 2347 3969 τῷ
2387 3897 2652 3968 λογισμῷ.
2693 3899 2757 3954 El
2782 3900 2891 3970 γὰρ
2924 3902 2973 3953 οἱ
3013 3901 3158 3970 ἆγιοι
3187 3903 3280 3956 καὶ
3331 3904 3645 3975 Πνεύματος

1978 3997 2133 4065 ἀγίου
2177 3993 2466 4065 ἠξιωμένοι
2511 3993 2634 4047 οὐδὲ
2677 3995 2940 4049 ὀπτασίαν
2977 3995 3220 4065 ἀγγέλων
3262 3999 3388 4055 ἰδεῖν
3419 4000 3644 4072 ἴσχυσαν

1978 4093 2096 4165 (καὶ
2119 4091 2227 4164 γὰρ
2241 4094 2269 4145 6
2289 4090 2428 4163 ἀνὴρ
2441 4089 2549 4143 τῶν
2565 4089 2868 4160 ἐπιθυμιῶν
2892 4090 3220 4162 θεασάμενος
3243 4095 3471 4163 ἀγγέλου
3502 4116 3644 4171 παρ-

1976 4189 2185 4253 ουσίαν,
2201 4188 2303 4240 οὐκ
2319 4186 2488 4258 αὐτὴν
2506 4187 2604 4257 τὴν
2623 4185 2828 4239 οὐσίανο
2856 4187 2974 4250 πῶς
3001 4189 3107 4258 γὰρ
3137 4182 3248 4242 οἷόν
3271 4205 3331 4242 τε
3353 4191 3644 4262 ἀσώματον

1978 4285 2166 4342 οὐσίαν
2200 4285 2359 4349 ίδεῖν;
2391 4282 2525 4337 ἀλλά
2557 4283 3178 4353 μεταηηματισθείσαν,
3229 4285 3325 4357 τὴν
3364 4288 3643 4359 ἐνέργειαν

1982 4381 2178 4455 μικροῦ
2202 4380 2311 4434 δείν
2336 4380 2431 4432 καὶ
2451 4377 2620 4448 αὐτὴν
2650 4379 2750 4449 τὴν
2765 4379 2942 4450 ψυχὴν
2964 4380 3196 4450 ἀφῆκεν,
3218 4383 3312 4436 καὶ
3338 4383 3368 4434 6
3393 4385 3645 4452 τοσοῦτος

1980 4479 2072 4531 καὶ
2099 4475 2414 4548 τηλικοῦτος
2442 4474 2581 4544 ἀνὴρ
2616 4474 2817 4538 ἄπνους
2854 4476 3039 4545 σχεδὸν
3069 4477 3265 4546 ἔκειτο)
3286 4497 3300 4510 ·
3328 4481 3414 4546 τίς
3445 4483 3510 4537 ἂν
3538 4486 3644 4538 κᾶν

1981 4573 2188 4646 σφόδρα
2211 4565 2543 4644 μεμηνὼςῇ,
2567 4570 2914 4637 καταδέξαιτο
2937 4573 2998 4626 τὸ
3033 4574 3349 4647 βλάσφημον
3367 4579 3524 4632 τοῦτο
3551 4583 3642 4652 ῥῆ-

1984 4691 2062 4745 μα
2088 4672 2186 4726 καὶ
2215 4671 2412 4742 πολλῆς
2438 4671 2607 4741 γέμον
2631 4671 2729 4741 τῆς
2753 4671 2956 4734 ἀνοίας,
2988 4672 3071 4724 ὄτι
3103 4673 3137 4743 ή
3158 4673 3448 4745 ἀσώματος
3480 4677 3640 4746 φύσις

1982 4771 2076 4824 καὶ
2101 4767 2264 4840 νοερά
2297 4765 2562 4839 σωμάτων
2595 4767 2910 4839 συμπλοκῆς
2933 4768 3219 4840 ἠνέσχετο,

2049 4906 2120 4970 γ’.
2149 4897 2287 4952 Ἀλλ’
2316 4898 2403 4951 ἵνα
2425 4897 2500 4969 μὴ
2514 4898 2755 4968 έπὶξπολύ
2781 4898 2950 4952 ταῦτα
2979 4899 3251 4965 κινοῦντες
3267 4901 3358 4956 καὶ
3385 4903 3541 4958 αὐτοὶ
3553 4906 3642 4960 δό-

1983 4995 2160 5066 ξωμεν
2182 4993 2306 5065 είκῆ
2327 4993 2418 5046 τὸν
2443 4993 2631 5065 χρόνον
2661 4995 3026 5066 κατατρίϐειν,
3053 4998 3184 5068 φέρε
3211 5001 3395 5074 ἐπειδὴ
3417 5002 3506 5056 διά
3532 5004 3642 5057 τῶν

1981 5091 2321 5163 πραγμάτων
2342 5090 2477 5160 ὲπλη
2487 5093 2864 5163 ροφορήσαμεν
2886 5092 3039 5162 ὑμῶν
3059 5094 3158 5164 τὴν
3175 5095 3412 5168 ἀγάπην,
3433 5099 3509 5162 ὡς
3532 5101 3642 5154 τῶν

1982 5186 2260 5241 ἀδυνάτων
2289 5184 2447 5238 τοῦτο
2474 5185 2798 5256 καθέστηκε,
2827 5188 2925 5258 τὴν
2963 5188 3220 5259 ἀλήθειαν
3253 5193 3362 5247 τῶν
3389 5194 3640 5267 ἐγκειμέ-

1983 5293 2091 5330 νων
2135 5275 2432 5347 διδάξωμεν
2470 5276 2632 5346 ὐμᾶς,
2671 5277 2832 5331 πάλιν
2880 5279 3204 5348 ἀναγνόντες
3251 5282 3320 5336 τά
3360 5287 3506 5356 παρὰ
3544 5289 3640 5357 τῆς

1985 5367 2134 5431 θείας
2160 5368 2382 5440 Γραφῆς
2405 5369 2686 5440 εἰρημένα·
2713 5369 2821 5424 Kal
2848 5371 3105 5440 ἐγένετο,
3123 5375 3306 5446 φησὶν,
3326 5379 3506 5445 ἡνίκα
3536 5379 3638 5446 11p-

1985 5463 2169 5528 ξαντο
2197 5465 2250 5516 οί
2272 5461 2566 5532 ἅνθρωποι
2587 5466 2802 5520 πολλοὶ
2824 5467 3089 5536 γίνεσθαι
3115 5469 3211 5524 ἐπὶ
3242 5469 3354 5540 τῆς
3388 5471 3520 5540 γῆς,
3543 5473 3639 5528 καί

2047 5723 2077 5760 ι)
2101 5721 2198 5770 Alii
2221 5727 2305 5779 τῆς
2327 5722 2554 5779 πτώσεως
2579 5724 2749 5772 αὐτῶν.

2054 5785 2075 5811 ο
2101 5784 2247 5833 Savil.
2274 5784 2407 5833 addit
2435 5785 2488 5832 ἐκ
2521 5788 2614 5833 τῶν
2637 5787 2905 5850 εἰρημένων.

3290 5837 3363 5897 12
