4038 6394
443 426 757 496 θυγατέρες
814 428 1223 499 ἐγεννήθησαν
1256 429 1458 496 αὐτοῖς
1479 447 1490 460 ·
1530 430 1756 497 ἰδόντες
1789 432 1858 485 δὲ
1907 437 1960 487 οί
1994 434 2110 488 υἱοὶ

442 516 548 566 τοῦ
595 515 740 568 Θεοῦ
771 515 876 581 τὰς
920 515 1243 585 θυγατέρας·
1276 513 1393 567 τῶν
1425 517 1769 585 ἀνθρώπων,
1812 519 1898 572 ὅτι
1931 521 2113 574 καλαί

441 603 618 665 εἰσιν,
648 602 869 655 ἔλαϐον
899 601 1134 666 ἑαυτοῖς
1164 603 1449 670 γυναῖκας
1477 604 1593 657 ἀπὸ
1630 605 1862 669 πασῶν,
1896 599 1983 659 ὧν
2014 607 2110 672 ἐξ·

440 689 747 752 ελέξαντο.
790 689 1156 760 Προλαϐόντες
1194 689 1512 760 ἐδιδάξαμεν
1557 691 1721 760 ὑμᾶς,
1757 693 1838 745 ὅτι
1882 693 2003 757 ἔθος
2041 697 2106 766 τῇ

440 782 651 854 Γραφῇ,
698 783 792 836 καὶ
838 783 964 846 τοὺς
991 783 1307 852 ἀνθρώπους
1353 785 1502 847 υἱοὺς
1543 785 1677 838 Θεοῦ
1705 785 1909 841 καλεῖν.
1957 789 2147 849 Ἐπεὶ,

437 863 528 920 οὖν
562 869 667 921 ἀπὸ
696 867 790 922 τοῦ
829 868 934 938 Σὴθ
973 861 1118 922 οῦτοι
1157 870 1394 939 κατῆγον
1430 871 1490 922 τὸ
1535 871 1709 938 γένος.
1739 873 1832 926 καὶ
1865 874 1974 927 ἀπὸ
2013 875 2106 928 τοῦ

438 951 528 1002 ὐπ’
568 950 733 1004 αὐτοῦ
767 951 1048 1020 τεχθέντος
1078 951 1168 1003 καὶ
1204 953 1733 1024 προσαγορευθέντος
1775 954 1940 1019 Ἐνώς
1977 952 2108 1025 (Οὗ-

438 1057 528 1104 τος
575 1040 702 1109 γὰρ,
767 1039 948 1110 φησὶν,
992 1038 1256 1107 ἤλπισεν
1303 1039 1713 1096 ἐπικαλεῖσθαι
1757 1041 1824 1095 τὸ
1855 1042 2041 1113 ὄνομα
2076 1056 2102 1084 ι

437 1129 657 1193 Κυρίου
688 1127 792 1180 τοῦ
820 1121 1011 1194 Θεοῦ),
1041 1127 1098 1193 ἐξ
1128 1127 1335 1181 ἐκείνου
1367 1128 1550 1181 λοιπὸν
1570 1130 1618 1182 οἱ
1645 1129 1769 1200 ἐξῆς
1796 1131 2101 1201 τικτόμενοι

435 1214 540 1264 υἱοὶ
565 1212 698 1264 Θεοῦ
729 1213 1249 1283 προσηγορεύθησαν
1271 1216 1420 1285 παρὰ
1448 1217 1547 1286 τῆς
1579 1216 1730 1281 θείας
1752 1217 1990 1288 Γραφῆς,
2015 1217 2105 1271 διά

433 1301 491 1353 τδ
529 1301 808 1371 μιμεῖσθαι
842 1302 1037 1373 μέχρις
1060 1304 1268 1355 ἐκείνου
1304 1303 1412 1355 τῶν
1441 1305 1719 1375 προγόνων
1753 1305 1849 1376 τὴν
1880 1307 2099 1378 ἀρετήν·

433 1389 581 1450 υἱοὺς
624 1387 680 1440 δὲ
717 1387 1018 1458 ἀνθρώπων
1047 1389 1273 1442 ἐκάλεσε
1309 1390 1435 1453 τούς
1473 1391 1579 1461 πρὸ
1617 1391 1710 1444 τοῦ
1751 1391 1857 1462 Σὴθ
1887 1393 2103 1461 γεγονό-

430 1492 548 1538 τας,
585 1476 708 1537 τοὺς
745 1475 855 1527 ἀπὸ
894 1475 987 1527 τοῦ
1031 1477 1188 1536 Κάῖν,
1221 1476 1315 1528 καὶ
1353 1477 1479 1539 τοὺς
1510 1477 1570 1540 ἐξ
1601 1478 1807 1530 ἐκείνου
1854 1480 1915 1532 τδ
1949 1479 2102 1546 γένος

431 1564 787 1632 κατάγοντας.
831 1562 1102 1632 Ἐγένετο
1139 1563 1267 1632 γάρ,
1301 1565 1483 1632 φησὶν,
1527 1564 1710 1630 ἡνίκα
1747 1565 2008 1633 ἤρξαντο
2047 1569 2101 1620 οἱ

429 1652 726 1718 ἅνθρωποι
769 1652 984 1704 πολλοὶ
1013 1653 1282 1720 γίνεσθαι
1307 1652 1408 1704 ἐπὶ
1429 1651 1539 1718 τῆς
1563 1651 1693 1722 γῆς,
1726 1655 1822 1707 καὶ
1856 1656 2102 1725 θυγατέ-

428 1755 529 1804 ρες
585 1737 1007 1807 ἐγεννήθησαν
1054 1738 1274 1803 αὐτοῖς·
1344 1738 1572 1805 ἰδόντες
1633 1739 1701 1792 δὲ
1741 1743 1794 1794 οι
1842 1743 1957 1794 υἱοὶ
1991 1742 2098 1796 τοῦ

431 1827 579 1881 Θεοῦ
641 1829 709 1893 (οἱ
755 1827 862 1881 ἀπὸ
905 1828 998 1879 τοῦ
1027 1827 1132 1896 Σὴθ
1163 1829 1256 1879 καὶ
1281 1827 1373 1880 τοῦ
1415 1828 1600 1898 Ἐνὼς)
1638 1829 1744 1895 τὰς
1775 1830 2099 1898 θυγατέρας

428 1913 546 1966 τῶν
596 1913 921 1981 ἀνθρώπων
972 1915 1220 1982 (ἐκείνας
1253 1913 1352 1976 τάς
1397 1915 1490 1967 ὐπ’
1528 1915 1750 1968 ἐκείνων
1791 1916 2094 1985 τεχθείσας,

429 2001 556 2070 περὶ
579 1995 652 2053 ὧν
670 1997 838 2062 εἶπεν,
856 2002 938 2052 ὅτι
957 2000 1063 2052 Καὶ
1081 1999 1396 2069 θυγατέρες
1419 2000 1835 2069 ἐγεννήθησαν
1848 2002 2096 2070 αὐτοῖς),

429 2088 516 2140 ὅτι
547 2089 725 2141 καλαί
749 2089 927 2140 είσιν.
947 2087 1089 2156 Ὅρα
1113 2086 1226 2149 πῶς
1247 2087 1334 2139 διά
1354 2088 1452 2157 τῆς
1475 2086 1669 2152 λέξεως
1693 2089 1893 2156 ταύτης
1919 2091 2096 2143 πᾶσαν

439 2179 566 2245 ἡμῖν
607 2175 784 2227 αὐτῶν
821 2177 920 2245 τὴν
945 2173 1097 2245 [197]
1126 2173 1408 2242 ἀσέλγειαν
1438 2175 1715 2245 ἐνέφηνεν.
1749 2176 1880 2230 Οὐδὲ
1901 2177 2008 2248 γάρ
2029 2178 2095 2230 δι’

430 2262 719 2333 ἐπιθυμίαν
746 2261 1087 2324 παιδοποιίας
1117 2262 1208 2314 ἐπὶ
1229 2262 1327 2331 τὴν
1359 2263 1553 2333 πρᾶξιν
1573 2262 1776 2333 ταύτην
1808 2263 2094 2334 ὥρμησαν,

427 2349 560 2402 ἀλλά
587 2349 651 2403 δι’
682 2349 950 2420 ἀκρασίαν
975 2349 1166 2418 ἡδονῆς
1188 2363 1202 2378 ·
1245 2348 1490 2414 Ἰδόντες
1521 2349 1649 2420 γάρ,
1682 2350 1835 2421 φησὶ,
1867 2352 1973 2417 τὰς
2002 2355 2096 2406 θυ-

429 2437 675 2506 γατέρας
701 2436 820 2490 τῶν
847 2434 1194 2503 ἀνθρώπων,
1221 2435 1308 2488 ὅτι
1328 2438 1508 2490 καλαί
1527 2439 1704 2491 είσιν.
1741 2439 1806 2490 Ἠ
1831 2439 2095 2512 ἐπιθυμία

429 2528 524 2595 τῆς
558 2525 862 2596 εὐμορφίας
892 2524 919 2563 b
955 2525 1034 2587 είς
1073 2523 1164 2577 τὸν
1193 2523 1411 2594 ὄλεθρον
1441 2524 1635 2588 αὐτοὺς
1664 2524 1850 2578 τοῦτον
1873 2528 2091 2597 ἤνεγκε,

428 2616 518 2666 καὶ
561 2614 621 2666 16
664 2611 857 2674 κάλλος
912 2611 1010 2680 τῆς
1069 2611 1243 2679 ὅψεως
1295 2613 1389 2664 καὶ
1438 2615 1537 2682 τῆς
1575 2611 1829 2684 πορνείας
1867 2616 2094 2686 καὶτῆς

427 2700 709 2770 ἀσελγείας
743 2700 926 2762 αὐτοῖς
958 2698 1248 2767 γεγένηται
1281 2699 1470 2752 αἴτιον.
1504 2701 1614 2752 Καὶ
1649 2701 1770 2754 οὐδὲ
1793 2702 1967 2773 τούτῳ
1994 2705 2094 2775 ηρ-

426 2789 615 2858 κέσθη,
657 2788 792 2841 ἀλλά
838 2785 1192 2855 προσέθηκεν·
1230 2787 1482 2840 Ἔλαϐον
1521 2787 1589 2839 δὲ
1633 2788 1866 2855 ἑαυτοῖς
1900 2791 2093 2858 γυναῖ-

425 2894 535 2942 κας
561 2877 680 2930 ἀπὸ
711 2873 943 2937 πασῶν,
971 2868 1058 2927 ὧν
1081 2873 1455 2938 ἐξελέξαντο.
1490 2876 1598 2927 Καὶ
1625 2876 1782 2930 τοῦτο
1811 2878 1971 2931 πάλιν
2004 2880 2092 2948 ἐμ-

426 2963 707 3032 φαίνοντός
737 2965 851 3015 ἐστι
880 2961 976 3032 τὴν
1002 2960 1198 3031 πολλὴν
1225 2961 1402 3014 αὐτῶν
1427 2963 1733 3031 ἀσέλγειαν,
1761 2964 1842 3016 δτι
1861 2965 1938 3036 τῷ
1964 2965 2092 3018 κάλ-

426 3052 505 3104 λει
535 3051 872 3120 ἡττήθησαν,
912 3048 1006 3101 καὶ
1029 3048 1241 3118 χαλινὸν
1273 3047 1539 3100 ἐπιθεῖναι
1564 3051 1630 3120 τῇ
1658 3049 1876 3121 ἀτάκτῳ
1903 3053 2091 3105 ἐπιθυ-

413 3139 526 3210 ,μία
571 3139 671 3190 οὐκ
712 3134 1112 3206 ἠϐουλήθησαν·
1145 3134 1279 3187 ἀλλά
1309 3133 1626 3205 ὑποϐρύχιοι
1658 3137 1942 3205 γεγόνασιν
1988 3139 2090 3191 ὐπὸ

421 3228 520 3294 τῆς
567 3223 693 3286 θέας
731 3221 1106 3292 χειρωθέντες,
1141 3221 1236 3272 καὶ
1268 3220 1355 3274 διὰ
1392 3221 1489 3291 τὴν
1529 3224 1842 3292 παράνομον
1885 3225 2090 3296 ταύτην

424 3311 622 3382 πρᾶξιν
650 3313 884 3380 ἐρήμους
907 3309 1132 3369 ἑαυτοὺς
1150 3309 1584 3374 καταστήσαντες
1611 3309 1708 3378 τῆς
1730 3311 1932 3364 ἀνωθεν
1959 3329 2091 3382 προ-

420 3399 591 3462 νοίας.
615 3399 724 3450 Καὶ
753 3397 838 3448 ἵνα
871 3395 1130 3465 μάθωμεν
1144 3395 1223 3447 ὅτι
1253 3395 1314 3445 οὐ
1345 3395 1495 3464 νόμῳ
1521 3395 1723 3465 γάμου,
1753 3397 1872 3450 οὐδέ
1900 3399 2086 3452 παιδο-

425 3485 601 3549 ποιίας
662 3485 846 3538 ’ἐνεκεν
907 3483 1064 3534 τοῦτο
1116 3481 1489 3552 διεπράξαντο,
1548 3483 1634 3536 διὰ
1684 3485 1841 3537 τοῦτό
1902 3503 2084 3556 φησιν·

436 3573 690 3637 Ἰδόντες
727 3571 816 3623 ὅτι
853 3570 1035 3622 καλαί
1061 3571 1238 3632 εἰσιν,
1275 3569 1495 3622 ἔλαϐον
1532 3570 1766 3637 ἑαυτοῖς
1802 3573 2089 3641 γυναῖκας

398 3659 542 3714 -ἀπύ
573 3656 806 3720 πασῶν,
845 3652 935 3709 ὧν
955 3655 1331 3720 ἐξελέξαντο.
1369 3656 1433 3709 Τί
1476 3654 1602 3723 οὗν;
1643 3658 1750 3710 τῶν
1797 3660 2088 3732 ὀφθαλμῶν

423 3749 519 3819 τὴν
546 3747 672 3800 θέαν
695 3745 759 3798 ἄν
781 3760 863 3806 τις
891 3743 1224 3806 αἱτιάσαιτο;
1249 3742 1530 3812 Οὐδαμῶς·
1565 3744 1687 3797 οὐδέ
1717 3745 1824 3816 γάρ
1852 3748 1880 3799 6
1901 3747 2088 3816 ὀφθαλ.

402 3837 526 3906 ,μὸς
555 3833 646 3886 τοῦ
677 3832 888 3884 ὀλίσθου
913 3831 1084 3892 αἴτιος
1113 3831 1352 3898 γέγονεν,
1384 3831 1497 3884 ἀλλ’
1527 3833 1559 3903 ἡ
1592 3834 1689 3900 τῆς
1720 3837 2089 3906 προαιρέσεως

426 3921 687 3994 ῥᾳθυμία,
738 3923 829 3974 καὶ
882 3920 939 3972 τὸ
991 3921 1088 3989 τῆς
1137 3919 1430 3989 ἐπιθυμίας
1477 3921 1826 3992 ἀχαλίνωτον.
1874 3925 1932 3977 Ὀ
1979 3926 2086 3997 γάρ

423 4009 696 4080 ὀφθαλμὸς
716 4009 803 4061 διὰ
829 4007 981 4060 τοῦτο
1004 4007 1424 4078 ἐδημιουργήθη,
1450 4008 1589 4062 ὥστε
1621 4010 1706 4064 διὰ
1738 4011 1926 4065 τούτου
1958 4031 2090 4066 κατ-

423 4097 747 4158 οπτεύοντας
790 4097 860 4147 τὰ
909 4093 1002 4146 τοῦ
1047 4093 1179 4146 Θεοῦ
1213 4094 1688 4168 δημιουργήματα,
1715 4098 1954 4163 δοξάζειν
1996 4102 2087 4155 τὸν

424 4184 630 4237 τούτων
674 4183 924 4252 ποιητήν.
968 4180 1075 4232 Τοῦ
1109 4179 1394 4252 ὀφθαλμοῦ
1428 4183 1606 4238 τοίνυν
1641 4185 1787 4236 ἐστὶν
1827 4185 1984 4257 ἔργον
2025 4188 2086 4241 τὸ

424 4274 575 4343 όρᾷν·
609 4271 670 4324 τὸ
690 4271 744 4322 δὲ
774 4269 957 4331 κακῶς
995 4270 1124 4339 ὁρᾷν
1153 4269 1369 4322 ἀπὸτοῦ
1399 4270 1610 4325 ἔνδοθεν
1631 4273 1969 4344 ἡνιοχοῦντος
2001 4276 2086 4329 λο-

423 4357 622 4428 γισμοῦ
656 4357 880 4424 γίνεται.
910 4355 990 4408 Τά
1017 4355 1123 4425 γὰρ
1146 4355 1279 4427 μέλη
1321 4356 1454 4426 πρὸς
1475 4359 1572 4428 τὴν
1593 4358 1699 4412 τῶν
1731 4361 1952 4429 ἀγαθῶν
1993 4365 2083 4435 ἐρ-

424 4445 622 4513 γασίαν
656 4444 786 4513 ἡμῖν
824 4438 962 4494 εἶναι
992 4444 1233 4512 χρήσιμα
1259 4443 1689 4516 ἐδημιούργησεν
1723 4449 1749 4500 6
1787 4450 2082 4522 Δεσπότης,

423 4534 519 4585 καὶ
544 4529 871 4602 ἡνιοχεῖσθαι
900 4529 1270 4598 συνεχώρησεν
1297 4531 1402 4583 ὑπὸ
1429 4532 1525 4602 τῆς
1555 4533 1842 4603 ἀσωμάτου
1877 4537 2081 4604 οὐσίας,

421 4623 520 4690 τῆς
543 4619 720 4690 ψυχῆς
749 4617 909 4684 λέγω.
950 4615 1196 4669 Ἐπειδὰν
1223 4613 1314 4670 οὖν
1348 4619 1528 4690 ἐκείνη
1556 4623 1634 4682 είς
1665 4622 1932 4693 ρᾳθυμίαν
1952 4626 2085 4678 ἀπο-

420 4701 597 4778 κλίνῃ,
629 4704 840 4766 καὶτὰς
864 4703 1020 4774 ἡνίας
1040 4703 1271 4774 χαλάσῃ,
1295 4705 1544 4773 καθάπερ
1571 4708 1784 4780 ήνίοχος
1811 4711 1909 4764 οὐκ
1928 4711 2083 4776 εἰδὼς

421 4796 488 4846 τά
525 4794 736 4847 ἄτακτα
768 4791 875 4843 τῶν
927 4790 1105 4842 ἵππων
1137 4791 1484 4861 σκιρτήματα
1528 4796 1929 4862 καταστέλλειν,
1965 4803 2083 4862 ταῖς

423 4882 599 4949 ἡνίαις
631 4879 834 4940 ἐνδοὺς,
876 4877 969 4930 καὶ
1001 4877 1126 4940 τοὺς
1164 4877 1362 4941 ἵππους
1393 4881 1518 4942 τοὺς
1553 4881 1614 4934 τὸ
1648 4883 1799 4954 ἆρμα
1828 4885 2084 4950 ἕλκοντας

422 4969 512 5021 καὶ
537 4966 727 5020 ἑαυτὸν
763 4964 1214 5034 κατακρημνίζει·
1245 4963 1387 5018 οὕτω
1408 4966 1470 5037 δὴ
1502 4969 1595 5020 καὶ
1623 4971 1656 5038 ἡ
1693 4973 2011 5042 προαίρεσις
2048 4976 2079 5045 ή

419 5054 686 5125 ἡμετέρα,
732 5052 948 5105 ἐπειδάν
985 5051 1061 5121 μὴ
1108 5052 1221 5121 εἰδῇ
1261 5054 1371 5115 τοῖς
1409 5053 1590 5123 μέλεσι
1625 5056 1848 5120 δεόντως
1878 5061 2082 5130 κεχρῆ-

421 5144 566 5205 σθαι,
626 5141 744 5202 ταῖς
804 5140 1056 5200 ἀτάκτοις
1117 5138 1433 5208 ἐπιθυμίαις
1477 5140 1700 5194 ἐνδοῦσα
1753 5143 2081 5215 ὑποϐρύχιον

422 5229 618 5298 ἑαυτὴν
650 5225 958 5297 ἐργάζεται.
994 5225 1092 5278 Διά
1119 5224 1324 5279 τοῦτοὸ
1351 5228 1625 5298 Δεσπότης
1655 5230 1812 5299 ἡμῶν
1849 5233 2080 5300 Χριστὸς

419 5316 574 5380 εἰδὼς
609 5314 707 5383 τῆς
739 5312 951 5382 φύσεως
978 5311 1135 5383 ἡμῶν
1166 5311 1226 5365 τὸ
1259 5314 1659 5384 εὐεπηρέαστον
1695 5319 1786 5371 καὶ
1813 5320 1911 5389 τῆς
1956 5337 2081 5391 προ-

419 5403 680 5474 αιρέσεως
710 5399 806 5470 τὴν
836 5400 967 5471 ῥαθυ
977 5399 1124 5469 μίαν,
1152 5399 1315 5470 νόμον
1340 5400 1532 5472 ἔθηκεν
1556 5404 1964 5475 ἀποτειχίζοντα
1987 5411 2080 5462 καὶ

419 5488 693 5542 κωλύοντα
740 5486 837 5556 τὴν
890 5485 1174 5557 περίεργον
1225 5487 1474 5558 θεωρίαν,
1522 5489 1609 5542 ἵνα
1646 5491 1709 5544 ἐκ
1751 5492 1944 5546 πολλοῦ
1982 5495 2076 5548 τοῦ

417 5576 778 5646 διαστήματος
807 5573 904 5644 τὴν
937 5574 996 5624 ἐν
1029 5575 1156 5643 ἡμῖν
1185 5574 1505 5645 τικτομένην
1537 5576 1713 5647 πυράν
1754 5578 1940 5650 σϐέσῃ,
1985 5583 2076 5636 καί

481 5739 506 5800 ξι
532 5736 612 5782 Sic
636 5733 784 5800 §aviL
809 5740 861 5783 et
881 5741 1070 5800 septem
1109 5749 1222 5783 mss.
1240 5737 1318 5800 _Al
1339 5735 1519 5800 Morel.
1546 5738 1610 5798 τῷ
1654 5738 1863 5800 ὀνόματι.

479 5797 510 5841 δ
530 5800 612 5847 διε
632 5797 775 5848 SaviL
806 5803 857 5846 et
878 5799 1072 5858 quidam
1092 5811 1205 5846 mss.
1237 5795 1290 5845 In
1309 5798 1420 5848 aliis
1444 5806 1526 5857 τῆς
1548 5795 1796 5862 εὐμορφίας
1817 5803 1961 5853 deest

1241 312 1296 366 S.
1339 310 1622 368 JOANNIS
1660 317 2151 374 CHRYSOSTOMI
2198 321 2510 377 ABCIIIEP.
2549 325 3100 384 CONSTANTINOP.
3761 337 3857 398 190

2221 453 2403 506 φησιν·
2444 437 2505 491 '0
2547 442 2852 509 ἐμϐλέψας
2879 443 3128 512 γυναῖκα
3179 458 3197 484 ³
3231 446 3378 512 πρὸς
3415 446 3480 499 τὸ
3519 447 3863 520 ἐπιθυμῆσαι

2215 526 2423 592 αὐτῆς,
2458 526 2574 596 ἤδη
2608 529 2963 597 ἐμοίχευσεν
2989 532 3186 599 αὐτὴν
3217 533 3286 585 ἐν
3314 533 3387 601 τῆ
3426 535 3634 603 καρδίᾳ
3665 541 3860 602 αὑτοῦ.

2216 612 2312 664 Διά
2350 613 2524 675 τοῦτο,
2567 616 2749 684 φησὶν,
2794 618 3123 688 ἀπαγορεύω
3163 621 3261 690 τὴν
3295 622 3592 676 ἀκόλαστον
3620 623 3756 694 ὄψιν,
3787 629 3865 682 ἵνα

2215 699 2564 771 ἐλευθερώσω
2598 703 2696 771 τῆς
2733 704 2933 758 ἀτόπου
2970 706 3236 778 πράξεως.
3279 709 3370 778 Μὴ
3403 708 3510 780 γὰρ
3535 710 3599 781 δὴ
3629 713 3861 784 νομίσῃς,

2216 787 2400 855 φησὶν,
2426 788 2509 840 ὅτι
2539 790 2572 858 ή
2604 791 2890 862 συμπλοκὴ
2926 792 3084 862 μόνον
3112 795 3210 862 τὴν
3243 795 3518 866 ἁμαρτίαν
3546 797 3862 866 ἐργάζεται·

2214 874 2246 944 ή
2289 873 2480 945 γνώμη
2521 877 2730 948 ἐστὶνή
2771 880 2868 950 τὴν
2907 880 3230 952 κατάκρισιν
3267 883 3550 955 δεχομένη.
3587 886 3695 939 Καὶ
3735 881 3864 942 οὗτοι

2210 961 2391 1014 τοίνυν
2425 963 2613 1034 ἐπειδὴ
2641 964 2700 1016 16
2730 966 2922 1030 κάλλος
2945 968 3155 1021 είδοσαν
3187 967 3237 1030 ά,
3275 971 3519 1024 ἑάλωσαν
3637 973 3749 1045 θέᾳ·
3781 972 3866 1029 ΕΙ-

2211 1045 2322 1099 δον
2352 1049 2478 1119 γὰρ,
2510 1051 2693 1120 φησὶν,
2728 1051 2814 1104 ὅτι
2846 1055 3026 1106 καλαί
3062 1057 3200 1118 εισι,
3244 1057 3341 1109 καὶ
3374 1057 3595 1112 ἔλαϐον
3645 1061 3865 1129 ἑαυτοῖς

2210 1135 2328 1187 ἀπὸ
2382 1136 2613 1200 πασῶν,
2652 1134 2740 1192 ὧν
2774 1141 3150 1205 ἐξελέξαντο.
3198 1145 3334 1197 Ἀλλ’
3378 1146 3575 1217 ἴδωμεν
3609 1151 3703 1202 καὶ
3741 1152 3864 1220 μετά

2209 1221 2306 1291 τὴν
2343 1224 2541 1277 ἄτοπον
2576 1226 2779 1296 ταύτην
2809 1227 3026 1298 πρᾶξιν,
3058 1231 3152 1283 καί
3183 1229 3279 1301 τὴν
3309 1232 3605 1288 ἀκόλαστον
3629 1236 3861 1309 γνώμην,

2207 1308 2300 1360 τοῦ
2349 1309 2483 1363 Θεοῦ
2535 1311 2634 1382 τὴν
2669 1312 2998 1385 ἀγαθότητα.
3054 1317 3164 1368 Καὶ
3205 1313 3355 1380 εἷπε,
3399 1321 3551 1390 φησὶ,
3587 1308 3863 1390 Κύριοςνό

2209 1395 2353 1459 Θεός
2373 1411 2386 1425 ·
2425 1399 2506 1450 Οὐ
2535 1397 2621 1466 μὴ
2659 1401 2982 1469 καταμείνῃ
3008 1401 3072 1454 τὸ
3097 1403 3337 1473 Πνεῦμα
3369 1423 3489 1474 μου
3526 1408 3595 1460 ἐν
3619 1409 3742 1476 τοῖς
3766 1411 3862 1463 ἀν-

2207 1479 2457 1546 θρώποις
2492 1486 2724 1550 τούτοις
2757 1490 2843 1551 είς
2871 1487 2976 1540 τὸν
3007 1488 3210 1554 αἰῶνα,
3237 1491 3333 1545 διὰ
3376 1493 3443 1546 τὸ
3467 1492 3620 1548 εἶναι
3652 1498 3859 1563 αὐτοὺς

2206 1567 2456 1634 σάρκας.
2484 1571 2760 1625 Ἔσονται
2788 1573 2855 1626 δὲ
2881 1577 2939 1627 αἱ
2962 1574 3172 1642 ἡμέραι
3196 1578 3393 1630 αὐτῶν
3413 1581 3518 1646 ἐτη
3551 1581 3765 1635 ἑκατὸν
3787 1585 3860 1636 εί-

2207 1671 2362 1708 κοσι.
2393 1657 2661 1712 ’Λϐυσσον
2695 1661 3102 1733 φιλανθρωπίας
3134 1664 3278 1717 ἔστιν
3311 1666 3437 1719 ίδεῖν
3474 1669 3532 1720 ἐν
3577 1673 3688 1732 τοῖς
3719 1670 3857 1744 [198]

2208 1741 2430 1812 βραχέσι
2485 1745 2694 1809 τούτοις
2752 1749 2980 1818 ῥήμασι.
3025 1753 3136 1805 Καὶ
3179 1748 3331 1817 εἷπε,
3386 1755 3540 1824 φησὶ,
3587 1741 3860 1825 Κύρίοςό

2207 1832 2370 1895 Θεός·
2402 1834 2484 1885 Οὐ
2511 1832 2598 1900 μὴ
2635 1837 2960 1904 καταμείνῃ
2992 1838 3059 1890 τὸ
3088 1840 3328 1910 Πνεῦμα
3355 1859 3473 1910 μου
3501 1845 3571 1897 ἐν
3609 1845 3734 1910 τοῖς
3761 1843 3858 1901 ἁν-

2204 1918 2456 1985 θρώποις
2488 1921 2739 1987 τούτοις,
2786 1922 2886 1976 διὰ
2932 1923 2999 1978 τὸ
3055 1923 3207 1980 εἶναι
3246 1927 3468 1995 αὐτοὺς
3501 1931 3750 2001 σάρκας.
3791 1935 3860 1988 Τὸ

2205 2003 2426 2076 Πνεῦμα
2461 2006 2692 2060 ἐνταῦθα
2721 2009 2818 2080 τὴν
2851 2015 3210 2085 προνοητικὴν
3254 2017 3420 2070 αὐτοῦ
3461 2019 3693 2091 δύναμιν
3733 2023 3857 2075 ἐκά-

2203 2089 2347 2153 λεσε,
2392 2091 2488 2163 τὴν
2532 2093 2805 2150 ἀπώλειαν
2850 2099 3026 2152 αὐτῶν
3076 2101 3177 2171 ἤδη
3229 2089 3738 2176 προμηνύωνξΚαὶ
3777 2111 3857 2165 ίνα

2205 2179 2382 2250 μάθῃς
2421 2180 2502 2233 ὅτι
2542 2183 2671 2253 περὶ
2699 2184 2890 2238 τούτου
2915 2182 2982 2257 ἧν
3015 2189 3043 2240 6
3065 2187 3243 2257 λόγος,
3275 2193 3378 2262 ὅρα
3410 2194 3470 2246 16
3504 2196 3852 2267 ἐπαγόμενον·

2201 2267 2304 2318 Διά
2332 2267 2398 2319 τὸ
2441 2264 2594 2322 εἷναι
2623 2271 2863 2337 αὐτοὺς,
2900 2275 3055 2344 φησὶ,
3097 2275 3365 2344 σάρκας·
3401 2264 3782 2349 τουτέστιξδιά
3804 2286 3857 2339 τὸ

2204 2357 2494 2421 σαρκικαῖς
2532 2356 2792 2426 πράξεσιν
2840 2360 3034 2424 αὐτοὺς
3074 2366 3640 2437 καταδεδαπανῆσθαι.
3671 2373 3854 2442 καὶμὴ

2201 2441 2280 2502 είς
2305 2439 2419 2494 δέον
2447 2445 2745 2515 κεχρῆσθαι
2769 2450 2833 2518 τῇ
2873 2451 2975 2518 τῆς
3013 2449 3188 2522 ψυχῆς
3220 2454 3394 2526 οὐσίᾳ,
3431 2456 3542 2510 ἀλλ’
3572 2459 3653 2522 ὡς
3692 2439 3856 2531 σάρκα

2206 2526 2366 2595 μόνον
2396 2532 2814 2602 περικειμένους
2846 2537 2938 2588 καὶ
2961 2537 3136 2608 ψυχῆς
3159 2542 3394 2612 ἐρήμους
3415 2543 3595 2610 ὄντας,
3613 2526 3855 2601 οὓτω-τὸν

2200 2613 2406 2667 ἑαυτῶν
2426 2615 2538 2686 βίον
2556 2622 2986 2676 καταναλίσκειν.
3018 2625 3174 2689 Ἔθος
3193 2627 3299 2698 γὰρ
3321 2630 3406 2682 ἀεὶ
3428 2634 3493 2701 τῇ
3527 2632 3647 2704 θείᾳ
3677 2634 3850 2706 Γραφῇ

2201 2701 2380 2772 σάρκα
2419 2705 2546 2768 τοὺς
2589 2709 2884 2777 σαρκικούς
2914 2711 3118 2778 καλεῖν,
3162 2713 3349 2787 ῶσπερ
3401 2720 3529 2782 τοὺς
3582 2721 3852 2792 ἐναρέτους

2198 2785 2475 2859 ἀσάρκους
2521 2791 2825 2862 ὀνομάζειν,
2870 2799 3120 2870 καθάπερ
3152 2803 3180 2854 6
3213 2785 3420 2867 Παῦλός
3458 2823 3646 2873 φησιν,
3683 2785 3866 2878 ᾝιεῖς

2199 2873 2267 2925 δὲ
2292 2877 2403 2928 οὐκ
2451 2877 2592 2930 ἐστὲ
2634 2881 2704 2933 ἑν
2745 2886 2956 2951 σαρκί·
2995 2887 3094 2939 οὐκ
3141 2889 3327 2960 ἐπειδὴ
3378 2892 3557 2963 σάρκα
3596 2895 3656 2947 οὐ
3712 2873 3854 2967 περιζ

2197 2960 2425 3027 έκειντο,
2459 2965 2575 3018 ἀλλ’
2607 2968 2806 3038 ἐπειδὴΔ
2840 2971 3019 3043 σάρκα
3062 2977 3430 3046 περικείμενοι
3453 2979 3726 3053 -ἀνώτεροι
3750 2983 3850 3035 τῶν

2199 3050 2474 3119 σαρκικῶν
2502 3047 2644 3122 ἦσαν
2671 3059 3052 3128 φρονημάτων.
3085 3062 3295 3134 Ὥσπερ
3327 3061 3419 3118 οὖν
3452 3069 3549 3120 καὶ
3583 3047 3752 3122 τοίσδε
3773 3071 3850 3124 διά

2195 3136 2256 3187 τὸ
2288 3138 2561 3210 ὐπερορᾷν
2587 3142 2695 3196 τῶν
2723 3147 2998 3215 σαρκικῶν
3026 3148 3210 3218 ἔλεγεν
3229 3165 3244 3181 ·
3277 3153 3462 3222 Ὑμεῖς
3491 3155 3562 3208 δὲ
3588 3160 3697 3210 οὐκ
3723 3159 3853 3212 ἐστὲ

2196 3223 2266 3275 ὲν
2287 3227 2468 3293 σαρκί
2485 3243 2498 3257 ·
2533 3227 2674 3282 οὕτω
2704 3231 2799 3284 καὶ
2819 3234 2909 3285 ἐπὶ
2931 3234 3157 3300 τούτων,
3185 3239 3280 3291 ἐπε
3291 3240 3369 3310 ιδὴ
3396 3243 3525 3312 περὶ
3549 3243 3649 3308 τὰς
3672 3262 3851 3317 σαρκι-

2197 3309 2299 3374 κάς
2337 3312 2561 3382 πράξεις
2585 3316 3002 3392 διηνεκῶςῆσαν
3029 3309 3408 3395 ὴσχολημένοι,
3439 3309 3650 3403 σάρκας
3670 3309 3849 3396 αὐτοὺς

2195 3399 2440 3454 ἐκάλεσε.
2479 3403 2580 3454 Διὰ
2617 3403 2684 3458 τὸ
2711 3403 2864 3461 εἶναι
2897 3412 3119 3477 αὐτοὺς
3155 3413 3408 3481 σάρκας,
3465 3399 3570 3472 οὐκ
3620 3420 3698 3474 ἔτι
3733 3439 3850 3492 συγ-

2195 3488 2428 3557 χωρήσω
2453 3494 2571 3554 ταῖς
2599 3493 2894 3563 ἁμαρτίαις
2917 3499 3111 3564 αὐτοὺς
3141 3505 3704 3574 καταρῤυπαίνεσθαι.

2266 3576 2326 3628 6'.
2355 3573 2505 3641 Εἶδες
2525 3581 2947 3652 ἀγανακτήσεως
2966 3587 3212 3656 μέγεθος;
3231 3573 3367 3655 εἶδες
3383 3593 3614 3665 ἀπειλῆς
3639 3595 3850 3665 ὑπερϐο-

2195 3658 2325 3731 λήν;
2355 3665 2552 3718 Σκόπει
2607 3669 2722 3732 πῶς
2763 3674 2826 3742 τῇ
2859 3673 3050 3744 ἀπειλῇ
3111 3677 3204 3729 καὶ
3235 3680 3300 3748 τῇ
3325 3680 3713 3752 ’ἀγανακτήσει
3759 3684 3848 3751 τὴν

2196 3748 2602 3836 φιλανθρωπίαν
2632 3754 2804 3824 ἔμιξε.
2835 3759 3084 3824 Τοιοῦτος
3110 3762 3219 3834 γὰρ
3249 3765 3276 3816 ό
3308 3766 3586 3836 Δεσπότης

2196 3819 2332 3904 ροςῖ
2377 3819 2592 3893 ἀπειλεῖ
2637 3819 2917 3910 πολλάκις,
2958 3819 3079 3916 οὐχ*
3104 3819 3302 3913 ἵναιείς
3336 3852 3497 3922 ἔργον
3541 3819 3846 3927 ἀγάγῖγτήν

2194 3924 2443 3996 ἀπειλὴν,
2478 3929 2592 3982 ἀλλ’
2646 3932 2730 3984 ἵνα
2788 3934 3220 4006 διορθωσάμενος
3278 3942 3468 4006 αὐτοὺς
3536 3924 3730 4014 μηκέτι
3757 3924 3845 4016 τήν

2193 4012 2420 4085 ἀπειλὴν
2443 4017 2523 4079 εἰς
2549 4018 2707 4087 ἔργον
2746 4021 3020 4095 ἐξενέγκῃ.
3050 4028 3110 4080 El
3137 4029 3243 4100 γάρ
3276 4012 3846 4106 ἐϐούλετο-τιμωρήσα-

2195 4099 2337 4163 σθαι,
2369 4103 2513 4167 τίνος
2535 4104 2718 4159 ἕνεκεν
2759 4109 2853 4162 καὶ
2889 4112 3215 4181 προέλεγεν;
3261 4117 3401 4171 Ἀλλ’
3427 4123 3617 4196 ἐπειδὴ
3644 4128 3715 4196 μὴ
3738 4126 3844 4195 βού-

2194 4184 2362 4246 λεται,
2392 4188 2478 4242 διά
2502 4192 2658 4245 τοῦτο
2687 4195 2772 4247 ἀεὶ
2801 4198 2982 4266 μέλλει
3007 4203 3099 4253 καὶ
3130 4203 3510 4277 ἀναϐάλλεται,
3547 4184 3845 4285 καίπρολὲ-

2192 4288 2296 4339 γει,
2334 4275 2587 4348 ἀφορμὴν
2619 4283 2874 4352 παρέχων
2906 4289 3016 4350 τοῖς
3039 4289 3355 4356 ὑπευθύνοις
3402 4275 3598 4364 φυγεῖν
3629 4275 3726 4370 μὲν
3755 4303 3844 4371 τῆν

2192 4361 2411 4427 κακίαν,
2446 4365 2657 4420 ἑλέσθαι
2685 4369 2742 4421 δὲ
2780 4371 2878 4440 τήν
2916 4374 3136 4446 ἀρετὴν,
3177 4381 3270 4432 καὶ
3301 4361 3712 4456 τῆςήτιμωρίας
3754 4361 3842 4458 τήν

2192 4451 2384 4518 πεῖραν
2405 4451 2702 4522 διαφυγεῖν.
2736 4458 2884 4511 Ἐπεὶ
2907 4457 2998 4513 οῦν
3024 4463 3284 4536 ἠπείλησε
3307 4473 3371 4540 τῇ
3395 4473 3738 4546 πανωλεθρίᾳ
3761 4479 3841 4528 αὐ-

2190 4535 2316 4598 τοὺς
2336 4540 2673 4608 παραδώσειν
2699 4547 2876 4614 (τοῦτο
2899 4549 3007 4620 γάρ
3033 4535 3302 4617 ἐστιν,ίοὺ
3320 4535 3406 4624 μὴ
3432 4535 3753 4628 καταμείνῃ
3781 4564 3840 4616 τὸ

2189 4624 2429 4694 Πνεῦμα
2452 4645 2570 4695 μου
2591 4630 2662 4684 ἐν
2691 4633 2814 4698 τοῖς
2839 4635 3172 4705 ἀνθρώποις
3200 4643 3447 4709 τούτοις,
3479 4624 3675 4702 διὰ-τὸ
3701 4624 3839 4705 εἶναι

2189 4713 2411 4780 αὐτοὺς
2431 4715 2664 4784 σάρκας
2681 4735 2694 4747 ·
2719 4721 2838 4774 ἀντὶ
2858 4723 2971 4788 τοῦ,
2987 4726 3099 4778 Οὐκ
3121 4728 3264 4780 ἐάσω
3285 4731 3482 4796 αὐτοὺς
3503 4734 3688 4788 λοιπὸν
3709 4737 3837 4807 ζῇν),

2188 4799 2286 4851 οὐκ
2310 4801 2597 4872 ἀρκεσθεὶς
2633 4809 2698 4876 τῇ
2724 4809 2830 4862 τῶν
2864 4815 3230 4866 πεντακοσίων
3253 4817 3390 4870 ἑτῶν
3419 4823 3782 4895 μακροθυμίᾳ.

2187 4885 2274 4938 διὰ
2303 4889 2482 4958 πάσης
2511 4890 2611 4959 τῆς
2633 4889 2776 4963 ζωῆς
2801 4896 2893 4948 τοῦ
2925 4899 3047 4951 Νῶε
3074 4901 3160 4954 διὰ
3181 4903 3280 4971 τῆς
3309 4885 3682 4980 προσηγορίας
3698 4885 3834 4965 ἐπειι.ἐ

2187 4971 2421 5039 δεύοντο,
2463 4976 2557 5029 νῦν
2588 4979 2749 5035 πάλιν
2791 4985 3073 5040 ἐπιτείνων
3100 4990 3199 5060 τὴν
3238 4992 3630 5065 ἀγανάκτησιν,
3657 5000 3837 5069 ἑτέραν

2189 5061 2370 5126 αὐτοῖς
2395 5065 2735 5137 προθεσμίαν
2754 5071 2925 5140 ὁρίζει
2945 5075 3038 5126 καί
3065 5094 3226 5147 φησιν
3246 5097 3259 5108 ·
3299 5061 3734 5156 Ἠπειλησάμην,
3751 5061 3834 5140 κρῖί

2187 5145 2359 5213 εἷπον,
2383 5152 2474 5203 καὶ
2503 5153 2668 5225 δήλην
2709 5158 2939 5229 ἐποίησα
2969 5167 3064 5233 τὴν
3093 5145 3230 5237 ἐμὴν
3259 5145 3651 5242 ἀγανάκτησιν,
3759 5176 3835 5228 διὸ

2186 5237 2245 5289 τὸ
2275 5239 2474 5308 πλῆθος
2501 5241 2608 5294 τῶν
2630 5245 3039 5317 ἁμαρτημάτων
3062 5252 3169 5306 τῶν
3195 5237 3573 5328 εἰργασμένων
3605 5237 3832 5332 ἐπάχθῆ-

2186 5342 2272 5378 ναι
2293 5326 2420 5395 ὑμῖν
2437 5328 2583 5383 ἐστιν
2605 5331 2891 5387 ἀκόλουθον
2911 5352 2927 5368 ·
2955 5339 3066 5392 ἀλλ’
3088 5342 3274 5414 ἐπειδὴ
3303 5347 3398 5398 καὶ
3423 5347 3549 5411 τοὺς
3569 5349 3637 5402 τά
3654 5351 3831 5404 ἀνίατα

2186 5414 2572 5503 ἡμαρτηκότας
2625 5419 2863 5490 σωθῆναι
2904 5423 3186 5496 βούλομαι,
3241 5432 3334 5483 καὶ
3379 5435 3585 5503 μηδένα
3610 5437 3828 5490 ἀπόλλυ-

2185 5501 2328 5565 σθαι,
2352 5502 2440 5556 διά
2480 5506 2636 5558 τοῦτο
2681 5511 2773 5561 καὶ
2823 5514 3014 5566 ἑκατὸν
3058 5516 3230 5570 εἴκοσι
3284 5520 3420 5572 ἐτῶν
3449 5525 3640 5591 χρόνον
3682 5523 3830 5578 πάλιν

2215 5589 2454 5660 νδίδωμι,
2491 5593 2667 5658 ἴνα,-εί
2717 5596 2968 5666 βούλεσθε
3006 5604 3097 5655 καὶ
3137 5604 3204 5658 τά
3246 5589 3612 5680 ἡμαρτημένα
3658 5611 3824 5665 ἀπονί-

2245 5754 2269 5815 ίξ
2293 5750 2404 5815 Sex.
2414 5766 2528 5801 mss.
2541 5758 2739 5815 γυναικί.

2245 5810 2270 5850 ἀ
2293 5814 2443 5864 Savil.
2495 5810 2706 5870 in'lexlu
2733 5820 2934 5887 εἴδεσαν,
2960 5827 3007 5874 in
3033 5841 3184 5891 marg.
3209 5843 3237 5880 e
3265 5845 3363 5882 var.
3393 5833 3509 5883 lect.
3554 5835 3745 5896 ἰδόντες.
