4038 6394
265 479 400 520 mna:
420 478 538 520 sunt
570 466 674 522 illis
702 483 720 520 :
753 473 808 519 ut
849 466 1079 520 viderunt
1122 465 1218 534 filii
1262 463 1355 517 Dei
1385 464 1520 533 ﬁlias
1559 464 1818 516 hominum
1841 502 1855 522 ,

262 559 399 627 quod
425 559 659 628 pulchra:
685 569 866 624 essent,
894 567 1212 626 sumpserunt
1245 556 1565 626 sibimetipsis
1592 570 1775 608 uxores
1804 556 1866 606 de

262 649 524 713 omnibus,
554 666 682 721 quas
711 650 983 720 elegerant.
1016 649 1170 703 Prius
1198 648 1476 703 docuimus
1504 661 1629 710 vos,
1658 661 1861 700 morem

268 754 390 795 esse
420 739 736 810 Scriptura,
781 751 839 795 ut
884 740 1127 795 homines
1157 739 1294 795 ﬁlios
1322 739 1413 794 Dei
1439 747 1613 795 vocet.
1649 737 1715 792 Et
1741 740 1862 809 quia

261 831 348 885 isti
377 846 406 885 θ
439 832 611 888 Setho
644 834 903 903 originem
934 833 1254 899 trahebant,
1288 841 1341 905 et
1386 833 1455 887 ah
1477 833 1594 902 ejus
1624 832 1732 886 ﬁlio
1772 831 1861 903 qui

258 923 567 991 appellatus
595 934 678 979 est
706 925 850 979 Enos
880 942 893 978 :
939 924 1068 980 dicit
1093 926 1233 979 enim
1279 942 1291 978 :
1339 922 1446 978 Iste
1469 925 1686 995 speravit
1712 924 1859 977 invo-

262 1030 385 1068 care
422 1032 609 1070 nomen
648 1016 864 1072 Domini
898 1016 997 1072 Dei
1034 1033 1053 1076 :
1082 1019 1150 1073 ab
1180 1020 1271 1075 illo
1302 1029 1480 1089 postea
1506 1020 1611 1073 nati
1634 1061 1648 1084 ,
1684 1021 1856 1073 vocati

257 1116 386 1161 sunt
426 1106 521 1162 ﬁlii
554 1109 647 1164 Dei
687 1110 740 1164 in
783 1110 979 1165 divinis
1025 1110 1346 1181 Scripturis,
1394 1121 1675 1181 propterea
1718 1111 1858 1182 quod

258 1214 504 1270 cousque
537 1211 813 1270 parentum
834 1204 1083 1257 virtutem
1116 1204 1301 1257 imitati
1324 1213 1484 1257 sunt:
1518 1203 1650 1257 lilios
1679 1214 1857 1258 autem

258 1292 391 1345 Cain
422 1303 477 1347 et
503 1293 595 1363 qui
615 1310 681 1349 ex
705 1311 769 1349 eo
793 1296 925 1361 nati,
951 1305 1003 1351 et
1028 1297 1114 1367 qui
1138 1306 1261 1351 aute
1286 1295 1415 1351 Seth
1441 1296 1604 1366 geniti
1622 1295 1854 1362 fuerunt,

256 1381 405 1438 ﬁlios
429 1382 707 1439 hominum
738 1397 909 1441 vocat.
937 1386 1154 1441 Factum
1180 1397 1253 1441 est
1276 1428 1292 1454 ,
1329 1388 1519 1457 illQlIis‘,
1550 1403 1665 1442 cum
1692 1403 1856 1458 caepe-

257 1484 379 1529 runt
406 1475 636 1531 homines
662 1478 994 1547 multiplicari
1037 1496 1189 1547 super
1232 1488 1421 1533 Aerram
1445 1519 1460 1544 ,
1502 1488 1549 1531 et
1578 1479 1700 1547 ﬁlia:
1724 1488 1858 1532 nata:

256 1576 375 1619 sunt
402 1568 505 1620 illis
528 1585 548 1621 :
578 1578 632 1621 ut
651 1570 878 1623 viderunt
904 1570 999 1639 ﬁlii
1030 1569 1143 1636 Dei,
1169 1570 1258 1640 qui
1293 1585 1319 1623 ιδ
1351 1569 1479 1624 Seth
1510 1579 1563 1624 et
1601 1569 1668 1624 ab
1709 1569 1854 1623 Enos

258 1660 548 1727 progeniti,
564 1661 700 1729 ﬁlias
722 1662 1002 1729 hominum,
1033 1663 1147 1716 illas
1173 1679 1289 1732 quae
1311 1662 1377 1717 ab
1402 1662 1518 1715 aliis
1543 1672 1679 1716 nata:
1706 1670 1850 1727 sunt,

255 1750 329 1803 de
356 1752 551 1820 quibus
580 1752 713 1807 dixit
740 1755 883 1824 quod
928 1754 1082 1809 Filia:
1108 1766 1243 1809 natae
1274 1755 1375 1809 sint
1398 1754 1521 1820 illis,
1558 1754 1706 1821 Quod
1732 1754 1851 1823 pul-

254 1844 395 1896 chra:
410 1855 594 1897 essent.
628 1845 759 1900 Vide
786 1848 1055 1917 quomodo
1098 1864 1196 1919 per
1220 1846 1441 1902 verbum
1490 1846 1591 1902 hoc
1636 1862 1850 1901 omnem

255 1936 412 1988 nobis
437 1950 626 1990 eorum
647 1937 1118 2008 intemperantiam
1150 1939 1402 1994 insinuet.
1447 1938 1563 1993 Non
1602 1940 1742 1992 enim
1782 1937 1853 1993 ob

253 2025 585 2083 desiderium
630 2030 1087 2097 procreandorum
1141 2030 1367 2085 ﬁliorum
1414 2031 1803 2085 conveniebant
1833 2073 1848 2097 ,

254 2118 353 2171 sed
380 2120 449 2171 ob
489 2120 817 2189 voluptatem
845 2130 900 2177 et
943 2122 1406 2192 intemperantiam
1439 2139 1451 2174 :
1490 2121 1557 2177 Ut
1582 2123 1809 2176 viderunt
1831 2163 1848 2191 ,

254 2212 428 2278 inquit
453 2251 469 2275 ,
497 2211 639 2279 ﬁlias
667 2213 949 2277 hominum,
983 2215 1120 2284 quod
1158 2214 1386 2285 pulchra:
1424 2223 1606 2269 essent.
1645 2214 1852 2269 Concu-

255 2305 516 2373 piseentia
556 2305 772 2360 fornue‘
816 2307 937 2362 illos
978 2307 1029 2361 in
1074 2307 1211 2363 hanc
1259 2308 1467 2363 induxit
1507 2308 1797 2377 perniciem
1830 2347 1846 2375 ,

256 2397 603 2465 pulchritudo
652 2410 902 2469 aspectus
955 2402 1297 2457 scortatiouis
1322 2411 1377 2456 et
1423 2402 1848 2471 intemperantiae

253 2488 336 2543 eis
374 2492 590 2545 occasio
636 2491 753 2545 fuit.
810 2495 873 2547 Et
924 2510 1095 2564 neque
1136 2494 1187 2548 id
1228 2496 1360 2548 satis
1408 2495 1614 2549 habens
1654 2494 1843 2549 addit:

254 2582 598 2649 Sumpserunt
614 2584 709 2638 sibi
723 2584 847 2654 ipsis
876 2602 1058 2639 uxores
1087 2585 1150 2639 de
1165 2586 1413 2652 omnibus,
1433 2604 1557 2659 quas
1575 2588 1844 2658 elegerant:

250 2673 393 2741 quod
421 2675 583 2728 etiam
605 2691 848 2745 magnam
879 2677 1090 2732 illorum
1109 2678 1569 2748 intemperantiam
1593 2678 1844 2743 insinuat,

253 2764 399 2833 quod
429 2781 457 2818 a
482 2766 883 2835 pulchritudine
909 2770 1034 2823 victi
1070 2779 1213 2836 sunt,
1240 2779 1296 2824 et
1335 2769 1543 2824 frenum
1574 2771 1847 2839 imponere

252 2857 573 2913 inordinata:
598 2861 1045 2930 concupiscentia:
1075 2877 1187 2917 sua:
1229 2878 1337 2917 non
1370 2864 1653 2918 valuerunt
1690 2880 1703 2916 :
1749 2862 1843 2917 sed

250 2952 548 3018 spectando
587 2954 726 3022 capti
759 2955 1127 3025 suliniersique
1158 2965 1303 3019 sunt,
1333 2964 1492 3025 atque
1527 2956 1596 3011 ob
1625 2957 1842 3025 impium

251 3042 355 3097 hoc
386 3059 521 3113 opus
562 3060 791 3115 superna
826 3046 1155 3115 providentia
1198 3062 1317 3121 sese
1356 3062 1552 3102 vacuos
1593 3048 1844 3103 reddide-

252 3146 397 3191 runt.
427 3136 495 3191 Et
516 3148 574 3192 ut
598 3138 868 3194 discamus
895 3140 1038 3209 ipsos
1059 3156 1165 3195 non
1193 3141 1308 3211 lege
1326 3142 1651 3211 nuptiarum,
1672 3159 1845 3212 neque

252 3230 709 3297 procreandorum
750 3230 979 3286 ﬁliorum
1021 3234 1188 3303 gratia
1232 3234 1332 3290 hoc
1375 3236 1593 3301 fecisse,
1628 3249 1845 3305 propter

251 3317 354 3375 hoc
370 3320 501 3375 dicit
528 3338 541 3373 :
567 3321 634 3377 Ut
654 3322 885 3377 viderunt
905 3326 1041 3395 quod
1068 3326 1296 3395 pulchra
1323 3338 1502 3392 essent,
1526 3339 1844 3398 sumpserunt

247 3414 573 3484 sibimetipsis
613 3432 796 3470 uxores
835 3418 897 3471 de
924 3418 1189 3482 omnibus,
1231 3436 1355 3487 quas
1392 3420 1662 3491 elegerant.
1706 3422 1841 3489 Quid

251 3507 457 3575 igitur?
499 3507 925 3575 reprchendetne
964 3510 1156 3580 aliquis
1197 3525 1468 3580 aspecmm
1515 3512 1843 3567 oculorum?

247 3595 367 3653 Non
401 3614 417 3651 :
452 3614 629 3668 neque
653 3599 794 3653 enim
819 3600 1005 3655 oculus
1030 3602 1197 3655 ruina:
1224 3616 1385 3657 causa
1429 3603 1525 3657 fuit
1553 3644 1569 3670 ,
1619 3603 1713 3658 sed
1750 3620 1844 3658 vo-

248 3692 472 3748 luntatis
502 3693 820 3764 negligentia
847 3702 901 3748 et
927 3693 1184 3749 effrenata
1214 3696 1666 3765 concupiscentia.
1708 3697 1840 3752 Nam

247 3783 439 3839 oculus
468 3793 750 3854 propterea
793 3784 963 3839 factus
990 3794 1114 3851 est,
1142 3794 1200 3838 ut
1244 3785 1370 3839 dum
1404 3787 1545 3841 videt
1572 3796 1843 3841 creaturas

249 3874 371 3941 Dei,
415 3876 646 3947 ipsarum
677 3876 1017 3932 Conditorem
1048 3877 1304 3933 celebret.
1337 3879 1518 3950 Itaque
1543 3882 1681 3935 oculi
1709 3896 1844 3953 opus

247 3979 333 4024 est
358 3969 542 4025 videre
577 3987 589 4022 :
631 3970 771 4027 male
808 3981 986 4026 autem
1023 3971 1205 4027 videre
1228 4013 1243 4037 ,
1283 3987 1313 4025 a
1353 3981 1531 4028 mente
1558 3982 1673 4040 est,
1723 3990 1843 4046 qua:

248 4060 577 4117 intrinsecus
599 4062 879 4132 gubernat.
922 4061 1055 4117 Nam
1096 4063 1336 4118 membra
1378 4075 1557 4119 nostra
1584 4066 1730 4120 utilia
1774 4066 1840 4120 ad

247 4153 448 4207 bonum
481 4153 809 4221 operandum
836 4153 1047 4210 condita
1070 4166 1193 4210 sunt
1216 4170 1245 4209 a
1275 4155 1499 4211 Domino
1518 4200 1533 4222 ,
1561 4166 1616 4213 et
1644 4159 1840 4228 guber-

248 4248 361 4299 nari
391 4262 453 4300 ea
492 4247 759 4301 concessit
784 4246 853 4301 ab
880 4248 1191 4318 incorporea
1221 4249 1539 4313 substantia.
1569 4251 1635 4307 de
1665 4252 1838 4307 anima

247 4338 390 4391 dico.
438 4337 728 4407 Postquam
752 4348 933 4394 autem
962 4340 1077 4395 haec
1102 4341 1373 4411 negligens
1400 4358 1541 4409 esse,
1572 4352 1626 4397 et
1674 4344 1839 4399 hahe-

248 4446 345 4485 nas
375 4431 558 4486 laxare
602 4434 824 4503 cmperit
846 4474 861 4498 ,
904 4434 1353 4504 quemadmodum
1384 4437 1562 4506 auriga
1596 4438 1840 4495 nesciens

245 4537 509 4591 equorum
554 4521 805 4578 ferociam
833 4538 1179 4594 compescere
1204 4568 1219 4594 ,
1250 4527 1490 4582 remissis
1534 4527 1700 4584 frenis
1724 4570 1738 4593 ,
1788 4542 1841 4585 et

246 4630 415 4685 equos
439 4631 660 4671 currum
692 4616 964 4673 trahentes
996 4629 1049 4673 et
1075 4620 1311 4689 seipsum
1351 4621 1403 4675 in
1441 4636 1678 4691 prmccps
1708 4622 1841 4692 deji-

244 4705 355 4758 cit:
391 4706 469 4761 sic
499 4706 657 4775 plane
681 4716 733 4761 et
760 4708 1007 4763 voluntas
1055 4718 1235 4764 nostra
1270 4710 1698 4782 quandoquidem
1747 4729 1842 4768 ne-

243 4797 346 4849 scit
393 4796 650 4851 membris
694 4807 753 4852 ut
798 4808 1010 4869 oportet
1047 4801 1155 4866 uti,
1204 4801 1519 4857 iuordinatis
1560 4804 1840 4875 indulgens

242 4890 696 4957 concupiscentiis
724 4890 953 4960 seipsam
984 4893 1295 4965 submergit.
1347 4895 1633 4965 Propterea
1662 4898 1842 4953 Domio

244 4993 349 5033 nus
380 4988 566 5035 noster
591 4980 857 5049 Christus,
881 4984 1056 5039 sciens
1068 4984 1306 5055 fragilem
1334 4998 1568 5043 nostram
1593 5001 1838 5047 naturam

242 5080 297 5125 et
324 5072 620 5129 voluntatis
643 5076 1037 5146 negligentiam,
1069 5080 1239 5150 legem
1270 5084 1441 5151 posuit
1468 5100 1587 5154 qua:
1609 5087 1841 5142 muniret

242 5176 307 5217 ac
333 5162 649 5232 prohiberet
677 5168 940 5222 curiosam
972 5172 1487 5241 considerationem,
1520 5184 1579 5230 ut
1614 5193 1837 5233 nascens

241 5253 296 5309 in
317 5254 810 5323 nobisincendium,
830 5274 948 5313 cum
972 5261 1147 5316 adhuc
1176 5265 1356 5332 procul
1384 5275 1485 5330 est,
1502 5269 1834 5339 exstinguat;

239 5355 296 5400 et
325 5347 400 5401 ait
424 5363 440 5402 :
476 5347 577 5414 Qui
605 5350 787 5420 aspicit
814 5350 1092 5416 mulierem,
1122 5364 1177 5408 ut
1196 5358 1516 5427 concupiscat
1542 5361 1704 5423 illaut,
1722 5364 1836 5433 jam

238 5439 552 5494 adulterium
577 5442 825 5495 commisit
850 5460 965 5497 cum
993 5444 1084 5498 illa
1111 5446 1163 5499 in
1207 5448 1358 5502 corde
1399 5467 1491 5503 suo
1520 5450 1538 5523 (
1562 5451 1749 5506 Matth.
1779 5456 1833 5510 5.

239 5529 357 5600 28).
402 5531 627 5602 Propter
666 5533 808 5601 hoc,
861 5534 1050 5606 inquit,
1098 5538 1358 5595 interdico
1408 5542 1561 5598 vobis
1592 5544 1833 5601 illicitum

238 5622 414 5676 visum
439 5664 455 5688 ,
506 5633 563 5678 ut
589 5624 658 5680 ab
685 5640 846 5696 opere
877 5627 1064 5685 illicito
1107 5644 1203 5684 vos
1246 5631 1487 5689 liberem.
1534 5634 1611 5691 Nc
1639 5646 1789 5707 putes
1814 5679 1830 5706 ,

301 5803 322 5835 ι
341 5802 486 5857 ναι.
504 5805 700 5870 form,
725 5807 868 5859 deest
892 5810 941 5858 in
967 5811 1253 5875 quibusdam
1272 5820 1377 5864 Mss.

1112 348 1177 405 ΙΝ
1214 348 1366 406 CAP.
1412 350 1473 402 ν.
1518 349 1604 404 ET
1660 347 1744 400 Vl.
1799 342 2047 399 GENES.
2090 345 2315 401 ΗΜΜΙΙ..
2363 347 2526 404 XXII.

3464 362 3568 422 190

1976 455 2161 526 inquit,
2193 472 2481 529 congressu
2514 461 2687 517 solum
2709 476 2983 534 peccatum
3014 469 3124 525 ﬁeri
3153 490 3166 525 :
3199 472 3451 533 voluntas
3487 492 3570 536 est

1967 561 2088 615 qua!
2133 549 2541 606 condemnatur.
2591 552 2754 625 Igitur
2796 567 2851 612 et
2892 558 2945 612 hi
2985 561 3113 615 visa:
3151 565 3571 636 pulchritudinis

1967 642 2273 708 spectacqu
2312 646 2451 715 capti
2492 657 2637 701 sunt.
2690 648 2931 706 Viderunt
2975 656 3143 724 enim,
3188 659 3356 731 inqult
3383 703 3400 731 ,
3428 678 3571 739 quod

1968 730 2196 799 pulchris
2231 746 2413 800 essent,
2445 746 2493 790 et
2521 752 2839 810 sumpserunt
2862 745 2956 798 sibi
2982 762 3164 805 uxores
3206 730 3271 806 ex
3309 730 3563 825 omnibus,

1965 839 2092 891 quas
2140 826 2408 898 elegerant.
2460 829 2567 885 Sed
2612 833 2891 891 videamus
2939 840 3100 895 etiam
3150 851 3272 913 post
3322 847 3563 904 illicitam

1967 912 2177 970 illorum
2203 921 2588 987 operationem,
2632 933 2688 981 et
2714 912 3161 999 intemperantem
3185 939 3424 995 animum
3458 943 3565 998 Do-

1965 1005 2093 1059 mini
2126 1007 2219 1063 Dei
2236 1009 2553 1068 bonitatem.
2583 1015 2638 1070 5.
2664 1015 2829 1087 Dixit,
2860 1020 3065 1093 inquit,
3100 1025 3353 1087 Dominus
3380 1031 3519 1088 Deus
3540 1052 3561 1091 :

1966 1096 2088 1151 Non
2116 1102 2424 1168 permanebit
2450 1104 2678 1175 Spiritus
2710 1126 2849 1165 meus
2876 1112 2929 1167 in
2956 1114 3242 1174 hominibus
3275 1121 3355 1177 Itis
3382 1124 3436 1177 in
3463 1141 3562 1180 scr-

1963 1189 2154 1255 culum,
2177 1209 2234 1247 eo
2254 1195 2391 1264 quod
2412 1197 2511 1265 ipsi
2537 1215 2715 1255 carnes
2744 1204 2863 1258 sint.
2895 1205 3061 1262 Erunt
3089 1222 3255 1267 autem
3281 1216 3387 1271 dies
3413 1219 3555 1289 ipso-

1961 1298 2074 1335 rum
2102 1295 2299 1339 centum
2321 1289 2497 1360 viginti
2517 1294 2657 1348 anni.
2699 1295 2797 1351 Hic
2825 1298 2877 1353 in
2913 1304 3095 1370 paucis
3126 1306 3302 1364 verbis
3328 1312 3553 1386 abyssus

1960 1375 2342 1435 misericordia:
2372 1381 2537 1438 videri
2566 1396 2763 1456 potest.
2808 1390 2878 1445 Et
2906 1394 3054 1459 dixit,
3086 1399 3274 1469 inquit,
3301 1375 3552 1462 Dominus

1959 1463 2101 1522 Deus
2131 1484 2151 1523 :
2176 1470 2298 1526 Non
2328 1478 2636 1544 permanebit
2659 1480 2884 1550 Spiritus
2907 1502 3046 1541 meus
3074 1489 3127 1543 in
3155 1463 3442 1551 ltominibus
3475 1500 3558 1556 Itis

1959 1559 2013 1612 in
2037 1563 2298 1630 saxulum,
2325 1583 2383 1620 eo
2414 1569 2549 1637 quod
2568 1571 2667 1641 ipsi
2694 1589 2871 1631 carnes
2894 1578 3017 1634 sint.
3059 1580 3312 1651 Spiritum
3343 1588 3430 1643 hic
3459 1605 3556 1660 po-

1963 1654 2181 1709 tentiam
2209 1672 2382 1723 suam,
2406 1676 2508 1730 qua
2533 1678 2713 1719 curam
2744 1670 2911 1723 nostri
2941 1672 3085 1742 agit,
3126 1689 3279 1732 vocat
3299 1719 3313 1743 ρ
3338 1654 3552 1738 illorum

1961 1740 2237 1800 interitum
2266 1753 2651 1819 prmnuntians.
2694 1756 2763 1811 Et
2792 1768 2847 1813 ut
2872 1740 3012 1817 scias
3044 1740 3143 1820 hac
3166 1766 3233 1822 de
3261 1785 3319 1824 re
3348 1786 3555 1829 sermo-

1960 1850 2082 1889 nem
2105 1836 2311 1906 haberi,
2341 1843 2463 1899 vide
2487 1846 2612 1915 quid
2638 1848 2918 1907 subdatur.
2951 1853 3030 1909 Eo
3051 1859 3187 1925 quod
3217 1861 3334 1929 ipsi,
3361 1863 3551 1937 inquit,

1957 1942 2136 1983 carnes
2164 1932 2265 1985 sint
2305 1949 2325 1987 :
2369 1933 2469 1990 hoc
2512 1947 2621 2004 est,
2668 1955 2734 1995 eo
2771 1945 2912 2013 quod
2959 1950 3261 2007 carnalibus
3302 1932 3553 2025 operibus

1957 2022 2162 2090 seipsos
2190 2033 2332 2080 totos
2359 2028 2575 2097 dedant,
2605 2041 2661 2087 et
2687 2036 2879 2091 animae
2916 2042 3211 2099 substantia
3239 2022 3550 2122 abutantur,

1956 2120 2012 2164 et
2040 2114 2191 2183 quasi
2233 2117 2345 2171 sola
2376 2134 2538 2177 carne
2578 2123 2894 2184 circumdati
2937 2134 3112 2190 anima
3163 2153 3440 2211 carerent,
3474 2114 3553 2202 sic

1957 2204 2119 2262 vitam
2162 2223 2313 2263 suam
2358 2213 2662 2271 absumant.
2718 2220 3012 2292 Perpetuus
3056 2231 3197 2284 enim
3260 2235 3549 2309 Scriptura:

1957 2311 2065 2351 mos
2107 2309 2209 2364 est,
2244 2317 2460 2359 carnem
2491 2322 2683 2365 vocare
2709 2316 2985 2372 carnales:
3014 2320 3151 2376 sicut
3190 2325 3386 2383 virtute
3412 2347 3549 2398 prae-

1957 2396 2203 2457 starztes,
2253 2397 2431 2450 carnis
2475 2411 2723 2468 expertes
2770 2408 3051 2463 nominat:
3096 2396 3547 2482 quemadmodum

1954 2478 2151 2535 Paulus
2171 2482 2335 2538 dicit:
2366 2485 2465 2541 Vos
2490 2499 2656 2544 autem
2682 2510 2783 2547 non
2799 2498 2917 2552 estis
2941 2500 2994 2553 in
3016 2478 3166 2557 carne
3189 2506 3363 2577 (Rom.
3387 2511 3443 2568 8.
3467 2514 3542 2584 9):

1954 2587 2061 2627 non
2103 2576 2243 2644 quod
2290 2592 2395 2633 non
2439 2596 2603 2637 carne
2648 2585 2961 2644 circumdati
3011 2576 3230 2665 essent,
3281 2601 3377 2655 sed
3422 2576 3545 2674 quia

1952 2680 2114 2721 carne
2138 2669 2474 2738 circumdati,
2489 2679 2792 2746 superiores
2811 2693 2961 2737 erant
2978 2689 3283 2747 carnalibus
3301 2669 3545 2753 affectio-

1954 2760 2110 2814 nibus
2139 2772 2193 2817 et
2211 2765 2477 2821 sensibus.
2501 2767 2632 2824 Nam
2664 2771 2799 2828 sicut
2830 2774 2946 2831 istis
2970 2778 3182 2837 dicebat
3214 2801 3227 2837 :
3256 2784 3358 2841 Vos
3376 2800 3547 2846 autem

1952 2868 2053 2905 non
2076 2855 2194 2909 estis
2219 2857 2272 2909 in
2302 2874 2471 2925 carne,
2504 2875 2569 2915 eo
2591 2864 2733 2932 quod
2763 2870 2996 2924 carnalia
3029 2872 3393 2943 despiciebant
3422 2897 3437 2936 :
3471 2882 3543 2938 ita

1952 2954 2006 2997 et
2034 2944 2099 2999 de
2129 2946 2232 3003 illis
2263 2948 2475 3017 dicitur,
2499 2954 2639 3021 quod
2664 2957 2768 3011 sint
2797 2974 2987 3017 carnes
3008 3003 3023 3023 ,
3050 2978 3115 3018 eo
3144 2970 3283 3035 quod
3310 2970 3549 3029 carnali-

1951 3033 2055 3090 bus
2083 3037 2245 3093 rebus
2270 3044 2525 3097 continuo
2550 3045 2657 3098 sint
2683 3052 2948 3118 occupati.
2984 3051 3061 3107 Eo
3089 3033 3225 3125 quod
3245 3060 3344 3129 ipsi
3368 3080 3545 3121 carnes

1949 3125 2071 3193 sint,
2102 3143 2207 3183 non
2241 3130 2379 3186 ultra
2401 3134 2689 3191 concedam
2718 3139 2796 3195 eis
2820 3150 2876 3195 ut
2902 3146 3136 3213 peccatis
3162 3125 3273 3203 suis
3303 3152 3546 3226 coinqui-

1951 3229 2163 3275 nentur.

2019 3312 2079 3370 4.
2106 3312 2293 3369 Vidisti
2333 3316 2712 3389 indignationis
2740 3326 3203 3395 magnitudinem?
3230 3334 3405 3391 vidisti
3437 3340 3541 3394 mi-

1950 3419 2136 3461 narum
2170 3408 2610 3468 vehementiam?
2651 3416 2947 3474 Considera
2977 3423 3135 3477 etiam
3162 3430 3431 3496 quomodo
3458 3433 3543 3487 in.

1952 3497 2310 3556 terminationi
2337 3512 2390 3558 et
2417 3505 2765 3575 indignationi
2789 3510 3206 3571 misericordiam
3233 3519 3539 3579 admiscuit.

1950 3588 2095 3646 Talis
2124 3592 2267 3647 enim
2308 3604 2388 3649 est
2421 3596 2679 3654 Dominus
2722 3611 2906 3658 noster
2934 3620 2949 3659 :
2980 3608 3212 3662 minatur
3238 3624 3404 3680 smpe,
3436 3630 3541 3674 non

1950 3691 2009 3735 ut
2028 3697 2190 3753 opere
2204 3687 2471 3755 compleat
2498 3691 2690 3757 minas,
2718 3693 2812 3747 sed
2833 3703 2889 3748 ut
2913 3698 3170 3753 correctis
3197 3702 3351 3757 nobis
3370 3708 3539 3763 minas

1950 3789 2053 3829 non
2081 3775 2147 3830 ad
2174 3792 2307 3847 Opus
2331 3780 2607 3850 perducat.
2650 3785 2861 3857 Alioqui
2894 3788 2939 3842 si
2982 3791 3174 3860 punire
3204 3796 3395 3863 vellet,
3442 3814 3540 3854 cur

1949 3868 2303 3936 praadiceret?
2344 3872 2449 3927 Sed
2480 3876 2601 3944 quia
2630 3891 2735 3931 non
2762 3880 2874 3933 vult
2893 3922 2909 3947 ,
2945 3896 3159 3953 semper
3183 3897 3461 3946 cunctatur
3485 3903 3540 3948 et

1950 3974 2155 4014 moram
2185 3965 2369 4029 nectit,
2395 3974 2449 4019 et
2469 3966 2668 4035 diﬁ'ert,
2698 3978 2753 4024 et
2779 3972 3039 4040 praedicit,
3070 3979 3406 4035 occasionem
3436 3986 3539 4041 reis

1947 4062 2229 4121 praestans,
2259 4064 2317 4109 ut
2345 4055 2594 4127 fugiendo
2623 4061 2878 4117 malitiam
2906 4074 2959 4119 et
2986 4070 3238 4123 sectando
3268 4073 3538 4142 virtutem,

1948 4161 2138 4217 poenas
2167 4164 2272 4203 non
2299 4154 2662 4219 experiantur.
2705 4154 2887 4226 Itaque
2916 4170 3198 4230 postquam
3222 4166 3502 4223 intermina
3522 4199 3542 4209 -

1951 4247 2035 4293 tus
2087 4248 2169 4294 est
2206 4240 2329 4295 illos
2372 4258 2431 4298 se
2469 4246 2897 4303 exterminationi
2940 4254 3173 4320 generali
3221 4256 3539 4317 traditurum

1947 4329 2074 4400 (hoc
2102 4333 2242 4387 enim
2269 4343 2371 4401 est,
2392 4334 2511 4390 Non
2540 4340 2847 4407 permanebit
2878 4341 3105 4412 Spiritus
3136 4363 3273 4403 meus
3293 4350 3343 4403 in
3374 4353 3538 4407 Itami-

1946 4422 2092 4476 nibus
2128 4424 2271 4491 istis,
2314 4443 2371 4480 eo
2401 4429 2536 4497 quod
2576 4430 2677 4499 ipsi
2713 4432 2814 4485 sint
2843 4449 3021 4489 carnes
3054 4453 3072 4490 :
3114 4453 3177 4491 ac
3208 4440 3253 4493 si
3296 4441 3539 4511 diceret,

1946 4514 2063 4568 Non
2086 4516 2259 4570 sinam
2288 4518 2408 4575 illos
2440 4521 2660 4590 posthac
2687 4524 2913 4597 vivere),
2943 4543 3049 4582 non
3079 4542 3360 4589 contentus
3386 4537 3539 4606 quino

1946 4618 2225 4678 gentorum
2252 4628 2515 4668 annorum
2544 4616 2833 4686 patientia,
2865 4635 2967 4690 qua
3000 4638 3095 4691 per
3129 4640 3342 4682 omnem
3372 4630 3533 4685 vitam

1944 4700 2079 4767 Noe,
2129 4703 2313 4758 audito
2350 4704 2491 4758 illius
2525 4708 2741 4764 nomine
2767 4709 3115 4780 docebantur,
3165 4732 3307 4772 nunc
3340 4719 3533 4775 iterum

1946 4792 2262 4861 protrahens
2284 4802 2339 4849 et
2361 4794 2615 4852 differens
2636 4798 3074 4870 indignationem,
3104 4805 3243 4860 aliud
3268 4807 3372 4861 illis
3400 4820 3535 4864 tem-

1947 4896 2045 4951 pus
2072 4883 2373 4951 prtescribit
2397 4894 2449 4939 et
2474 4887 2602 4941 dicit
2629 4904 2642 4940 :
2676 4888 3049 4946 Interminatus
3079 4909 3219 4961 sum,
3252 4906 3305 4952 et
3330 4898 3438 4953 dixi
3478 4910 3534 4955 et

1947 4974 2119 5044 palam
2151 4976 2249 5032 feci
2272 4994 2445 5033 meam
2475 4980 2911 5051 indignationem,
2942 5002 3100 5057 quam
3136 4990 3207 5044 ob
3232 4994 3531 5049 multitudi-

1946 5084 2068 5123 nem
2117 5080 2457 5140 peccatorum
2486 5114 2503 5139 ,
2553 5090 2672 5143 qua?
2711 5079 2915 5147 operati
2946 5082 3076 5134 estis
3098 5123 3113 5145 ,
3170 5086 3320 5140 vobis
3350 5087 3533 5144 inferri

1941 5162 2146 5231 justum
2192 5173 2275 5219 est
2323 5181 2337 5217 :
2389 5165 2483 5220 sed
2511 5168 2632 5236 quia
2680 5170 2840 5223 etiam
2889 5186 2983 5226 eos
3030 5174 3117 5242 qui
3168 5175 3533 5235 incurabiliter

1946 5263 2322 5323 peccaverunt,
2358 5256 2584 5310 salutem
2615 5259 2867 5329 consequi
2897 5262 3038 5329 volo,
3071 5265 3380 5337 nullumque
3411 5286 3533 5339 per-

1945 5345 2045 5410 ire,
2075 5346 2275 5404 idcirco
2300 5349 2449 5405 vobis
2479 5350 2726 5422 indulgeo
2749 5362 2805 5408 et
2848 5362 3055 5426 tempus
3095 5369 3308 5414 centum
3344 5363 3527 5433 viginti

1943 5452 2203 5495 annorum
2234 5440 2307 5511 (a)
2336 5457 2351 5495 :
2383 5449 2461 5508 ut,
2492 5443 2535 5497 si
2567 5443 2839 5499 volueritis
2863 5486 2877 5511 ,
2912 5456 2967 5501 et
2997 5460 3212 5517 peccata
3251 5452 3533 5510 ablueritis

2004 5638 2076 5705 (a)
2108 5636 2241 5695 Quod
2275 5636 2355 5705 hic
2392 5639 2643 5705 subiungit
2673 5641 3063 5705 Chrysostomus,
3099 5644 3206 5695 illos
3238 5656 3432 5697 centum
3457 5653 3531 5697 vi-

1978 5700 2257 5775 iptiannos
2294 5700 2343 5748 in
2380 5701 2554 5750 Genesi
2572 5700 2895 5775 _'me_moratos
2938 5714 3131 5775 tempus
3175 5709 3387 5775 indicare
3431 5727 3529 5775 quo

1978 5713 2062 5748 mtt
2105 5713 2257 5747 annos
2294 5713 2343 5748 tn
2380 5713 2554 5750 Genesi
2599 5714 2895 5755 memoratos
2938 5714 3131 5768 tempus
3175 5713 3387 5759 indicare
3431 5727 3529 5775 quo

1940 5713 2173 5810 diluvium
2199 5769 2456 5811 venturum
2482 5770 2603 5831 erat,
2630 5764 2847 5828 illudque
2867 5770 3072 5831 spatium
3097 5770 3225 5831 quod
3251 5773 3528 5826 intererssit
3590 5788 3593 5791 λ

1943 5836 1972 5874 a
1997 5833 2219 5887 tempore
2242 5836 2340 5888 quo
2363 5831 2491 5875 Deus
2525 5824 3015 5894 diluvium—praedixit
3034 5864 3050 5893 ,
3089 5824 3146 5880 ad
3183 5833 3339 5895 ipsum
3365 5845 3520 5896 usque
