4038 6394
535 301 636 359 I9!

534 414 903 486 resipiscendo
925 422 1085 485 atque
1118 414 1169 467 in
1209 415 1429 469 meliora
1458 430 1555 470 vos
1584 416 1972 484 convertendo,
2004 431 2132 472 nec-

538 524 642 563 non
670 507 851 563 virtuti
885 506 1228 571 studueritis,
1262 522 1539 577 pmnarum
1564 510 1799 579 pericula
1826 509 2091 580 ellugiatis
2115 528 2128 564 :

540 581 706 653 Eiunt
732 600 873 654 enim
900 640 916 665 ,
964 600 1162 668 inquit,
1204 599 1312 653 dies
1338 616 1511 654 eorum
1540 601 1663 655 anni
1705 609 1906 656 centum
1932 601 2131 671 viginti.

536 693 589 747 4.
625 688 867 763 Gigantes
897 702 1087 754 autem,
1119 692 1309 761 inquit,
1332 701 1474 747 erant
1497 710 1649 763 super
1673 703 1859 748 terram
1884 694 1938 749 in
1957 694 2132 749 diebus

536 788 659 841 illis.
700 784 767 839 Et
794 795 1119 855 posteaquam
1148 785 1360 854 ingressi
1380 795 1496 839 sunt
1526 786 1622 855 filii
1652 784 1750 839 Dei
1774 786 1844 839 ad
1869 786 2005 855 filias
2034 787 2130 841 ho-

537 879 752 942 minum,
780 876 982 944 illwque
1002 876 1096 930 sibi
1121 885 1440 947 genuerunt,
1479 877 1559 930 illi
1582 886 1725 932 erant
1750 879 2010 949 gigantes,
2042 880 2130 947 qui

534 989 566 1023 a
590 970 775 1024 steculo
798 969 891 1021 viri
918 968 1122 1037 famosi.
1164 967 1416 1037 Gigantes
1438 968 1525 1023 hic
1560 983 1591 1023 a
1629 969 1807 1024 divina
1853 971 2125 1040 Scriptura

532 1062 637 1116 dici
668 1062 858 1131 opinor
881 1060 1127 1115 robustos
1153 1074 1399 1129 corpore.
1441 1059 1521 1114 Ex
1547 1061 1671 1127 illis,
1705 1061 1915 1133 inquit,
1961 1078 2126 1133 gene-

534 1156 671 1211 ratio
716 1152 925 1208 illorum
972 1162 1124 1207 aucta
1162 1163 1264 1208 est.
1310 1152 1366 1207 ld
1392 1153 1534 1224 quod
1567 1164 1623 1210 et
1651 1155 1756 1210 alio
1802 1156 1921 1210 loco
1946 1157 2127 1211 videre

534 1247 657 1300 licet
692 1246 931 1298 dictum:
969 1244 1209 1313 Gigantes
1234 1285 1249 1311 ,
1303 1244 1509 1314 inquit,
1556 1247 1761 1300 veniunt
1801 1256 1855 1300 ut
1902 1250 2127 1319 furorem

532 1355 698 1391 meum
727 1338 926 1408 placent
957 1336 1109 1408 (lsai.
1139 1336 1224 1392 l5.
1251 1339 1327 1406 3).
1356 1338 1504 1392 Hunc
1535 1355 1692 1408 porro
1708 1349 1920 1394 centum
1943 1340 2124 1410 viginti

532 1444 793 1483 annorum
814 1443 1115 1493 numerum,
1148 1430 1306 1499 aliqui
1332 1438 1515 1498 putant
1532 1431 1815 1508 terminum
1839 1432 1957 1485 vita:
1971 1449 2119 1487 esse:

532 1535 638 1574 non
671 1520 771 1575 hoc
796 1530 975 1575 autem
999 1520 1285 1590 signiﬁcat,
1314 1520 1409 1576 sed
1442 1537 1582 1576 nunc
1611 1524 1917 1589 patientiam
1946 1524 2126 1579 decla-

537 1628 656 1667 rare
681 1613 815 1680 vult,
848 1628 1006 1683 quam
1035 1622 1091 1668 et
1113 1624 1232 1683 post
1270 1613 1383 1669 ha-c
1415 1625 1630 1685 peccata
1673 1617 1723 1669 in
1756 1618 1900 1687 ipsos
1937 1628 2123 1673 osten-

536 1705 635 1760 dit.
678 1704 841 1778 igitur
878 1714 934 1761 ut
963 1694 1230 1761 discamus
1276 1708 1395 1763 illos
1446 1718 1567 1778 post
1613 1709 2029 1782 indignationem
2071 1721 2124 1767 et

536 1798 706 1853 minas
732 1839 747 1865 ,
795 1807 851 1853 et
895 1799 1028 1853 tanti
1069 1800 1323 1869 temporis
1350 1799 1781 1868 diuturnitatem,
1809 1818 1966 1873 quam
1992 1804 2123 1874 ipsis

534 1892 589 1945 in
625 1893 992 1962 paenitentiam
1020 1893 1262 1960 dederat,
1294 1910 1399 1950 non
1432 1898 1603 1951 solum
1636 1898 1767 1953 nihil
1804 1899 2115 1968 profecisse,

535 1983 631 2037 sed
679 1983 731 2037 in
780 1983 966 2039 iisdem
1020 1985 1259 2041 moribus
1302 1989 1731 2056 perscveravisse
1776 2008 1791 2046 :
1842 2003 2120 2063 propterea

535 2074 682 2140 dicit,
716 2074 996 2147 Postquam
1034 2077 1247 2147 ingressi
1286 2089 1402 2132 sunt
1444 2079 1542 2149 filii
1566 2080 1662 2135 Dei
1688 2082 1759 2136 ad
1782 2084 1917 2153 ﬁlias
1954 2086 2123 2140 homi-

536 2181 687 2228 num,
729 2164 930 2235 illteque
976 2167 1070 2220 sibi
1094 2179 1393 2238 genuerunt,
1424 2168 1502 2223 illi
1527 2181 1670 2225 erant
1696 2173 1943 2245 gigantes,
1975 2177 2063 2247 qui
2091 2194 2123 2229 a

534 2260 720 2312 saeculo
738 2258 831 2312 viri
847 2261 1050 2331 famosi.
1077 2260 1262 2315 Vidisti
1292 2262 1646 2331 improbitatis
1665 2267 2122 2337 magnitudinem?

532 2350 710 2405 vidisti
752 2352 992 2421 stupidas
1032 2362 1087 2407 et
1129 2352 1333 2409 doloris
1383 2369 1547 2413 sensu
1587 2368 1834 2414 carentes
1874 2360 2122 2436 animas?

532 2442 714 2513 Neque
744 2460 919 2515 poenae
960 2446 1150 2514 timor,
1181 2462 1355 2517 neque
1384 2447 1680 2505 tolerantia:
1708 2459 1917 2521 tempus
1955 2455 2125 2508 arcuit

534 2535 653 2591 illos
682 2551 713 2590 a
740 2536 892 2592 malis
912 2538 1163 2606 operibus
1195 2557 1207 2591 :
1241 2539 1334 2594 sed
1360 2541 1523 2597 semel
1556 2541 1611 2596 in
1637 2557 1878 2612 praeceps
1905 2542 2120 2613 dejecti,

532 2637 587 2682 et
633 2629 827 2683 mentis
873 2630 1028 2684 oculo
1080 2631 1373 2699 excaecati,
1417 2648 1447 2687 a
1486 2632 1622 2687 mala
1669 2635 2117 2704 concupiscentia,

531 2721 680 2789 quasi
711 2720 779 2776 ab
804 2720 1060 2777 ebrietate
1084 2722 1313 2792 quadam
1336 2722 1593 2792 demersi,
1611 2724 1678 2779 ad
1699 2741 1759 2781 se
1783 2726 1959 2781 redire
1986 2727 2122 2782 ultra

532 2812 821 2866 noluerunt
849 2830 861 2865 :
895 2814 1345 2883 quemadmodum
1373 2825 1428 2869 et
1455 2818 1669 2886 sapiens
1710 2818 1923 2887 quidam
1950 2818 2078 2873 dicit
2105 2837 2119 2873 :

532 2902 730 2975 Impius
750 2946 765 2969 ,
812 2920 927 2958 cum
953 2905 1005 2958 in
1036 2906 1343 2978 profundum
1371 2907 1602 2961 ceciderit
1632 2909 1904 2975 "talorum,
1952 2920 2121 2964 conte-

535 2998 662 3050 mnit
694 2995 872 3066 (Prov.
909 2997 997 3051 18.
1030 2996 1106 3067 5).
1135 2996 1308 3052 Grave
1346 2998 1510 3064 enim,
1548 3013 1711 3067 grave
1750 3007 1866 3064 est,
1895 3000 2119 3066 dilecte,

532 3089 651 3160 capi
700 3089 902 3159 laqueis
941 3088 1159 3143 diaboli.
1214 3090 1406 3143 Anima
1449 3090 1591 3144 enim
1636 3099 1823 3161 postea
1867 3094 2016 3162 quasi
2070 3094 2121 3148 in

532 3181 733 3235 retibus
770 3179 1155 3248 comprehensa
1189 3178 1446 3245 trahitur,
1495 3189 1550 3234 et
1593 3181 1732 3235 sicut
1777 3196 1872 3237 sus
1916 3184 1970 3237 in
2027 3183 2121 3239 luti

533 3271 810 3327 volutabro
840 3272 1159 3337 oblectatur,
1192 3272 1269 3327 sic
1296 3281 1351 3327 et
1378 3272 1477 3327 ista
1506 3288 1535 3327 a
1565 3274 1701 3327 mala
1734 3276 2123 3334 consuetudine

532 3364 743 3429 obruta,
774 3379 843 3419 ne
881 3364 1045 3419 sentit
1069 3363 1282 3434 quidem
1311 3376 1651 3435 peccatorum
1682 3366 1952 3424 faetorem.
1998 3368 2123 3425 Ideo

530 3472 667 3527 opus
705 3466 788 3511 est
815 3465 871 3511 ut
897 3456 1061 3512 sobrii
1089 3465 1143 3511 et
1172 3456 1356 3527 vigiles
1384 3456 1582 3525 simus,
1624 3473 1694 3514 ne
1729 3458 1798 3515 ab
1830 3459 1981 3515 initio
2008 3461 2122 3516 dia-

533 3550 656 3606 bolo
698 3550 995 3621 ingressum
1040 3549 1431 3617 concedamus,
1471 3560 1528 3605 ut
1567 3568 1635 3607 ne
1663 3552 2011 3609 obtenebrata
2036 3570 2123 3610 ra-

532 3646 675 3701 tione
714 3655 929 3711 nostra,
968 3653 1022 3699 et
1061 3653 1326 3701 excaecata
1362 3646 1556 3702 mentis
1584 3649 1906 3718 perspicacia
1927 3688 1941 3716 ,
1967 3650 2120 3719 quasi

535 3739 769 3810 privatos
800 3739 956 3809 hujus
984 3737 1113 3793 solis
1144 3738 1343 3794 lumine
1372 3738 1580 3806 reddat,
1615 3756 1716 3797 nec
1754 3742 2029 3798 valeamus
2066 3742 2118 3796 in

531 3831 710 3885 radios
734 3831 861 3885 solis
883 3831 1103 3900 justitiae
1131 3832 1393 3897 contueri,
1420 3843 1476 3888 et
1503 3833 1572 3887 ita
1600 3834 1651 3887 in
1692 3849 1932 3905 praeceps
1976 3834 2121 3890 fera-

533 3938 654 3977 mur
686 3939 699 3975 :
729 3922 780 3977 id
809 3922 948 3991 quod
980 3931 1034 3977 et
1055 3923 1157 3976 illis
1185 3934 1308 3977 tunc
1336 3923 1555 3979 accidit.
1586 3925 1720 3980 Audi
1752 3926 1895 3982 enim
1926 3927 2118 3982 iterum

533 4011 786 4067 bonitatis
810 4012 900 4066 Dei
928 4012 1286 4068 tolerantiam.
1319 4014 1373 4069 5.
1423 4013 1490 4067 Ut
1528 4015 1652 4069 vidit
1690 4025 1878 4079 autem,
1926 4016 2118 4087 inquit,

533 4106 785 4161 Dominus
818 4105 975 4172 Deus,
1007 4106 1142 4178 quod
1185 4106 1538 4177 multiplicata
1576 4117 1696 4163 sunt
1724 4109 1933 4165 malitite
1958 4110 2121 4163 homi-

536 4214 660 4250 num
687 4213 836 4266 super
862 4207 1066 4250 terram.
1095 4196 1230 4263 Quid
1258 4198 1357 4252 sibi
1386 4198 1499 4253 vult
1527 4197 1628 4253 hoc
1651 4198 1874 4265 dictum,
1900 4198 1968 4253 Ut
1996 4200 2120 4254 vidit

532 4290 741 4345 autem?
787 4291 920 4345 Num
965 4290 1244 4361 ignorabat
1287 4292 1579 4347 Dominus?
1621 4293 1776 4348 Absit
1818 4311 1832 4347 :
1884 4293 1977 4349 sed
2023 4310 2120 4364 pro

534 4394 719 4439 nostra
750 4382 1059 4437 inﬁrmitate
1085 4383 1262 4436 omnia
1288 4393 1467 4438 narrat
1494 4383 1672 4439 divina
1702 4384 1974 4455 Scriptura
2000 4402 2013 4439 :
2063 4395 2119 4440 ut

532 4490 631 4531 nos
659 4475 884 4541 doceat,
916 4489 1011 4530 eos
1035 4474 1192 4529 etiam
1232 4484 1355 4543 post
1398 4483 1595 4529 tantam
1639 4474 1735 4530 Dei
1779 4476 2117 4530 tolerantiam

531 4570 586 4623 in
636 4566 829 4622 iisdem
876 4565 1139 4621 mansisse
1184 4566 1377 4628 malis,
1406 4568 1687 4622 autetiam
1735 4568 1790 4621 itt
1834 4568 2011 4637 pejora
2056 4584 2118 4622 se

526 4661 854 4732 conjecisse,
901 4660 1019 4714 ait:
1056 4658 1125 4714 Ut
1162 4659 1286 4713 vidit
1334 4670 1538 4727 autem,
1580 4660 1715 4732 quod
1768 4661 2118 4730 multiplicata

526 4765 645 4809 sunt
669 4751 880 4805 malitia
906 4750 1167 4805 hominum
1191 4767 1342 4820 super
1358 4761 1561 4805 terram.
1597 4753 1672 4809 Ex
1694 4751 1795 4807 hoc
1814 4753 1954 4807 enim
1978 4752 2118 4807 malo

526 4860 712 4915 opere,
738 4844 889 4914 quasi
917 4858 949 4898 e
970 4842 1117 4898 fonte
1144 4844 1373 4912 quodam
1400 4886 1415 4908 ,
1446 4844 1608 4897 multa
1656 4845 1817 4898 etiam
1847 4845 1952 4898 alia
1983 4844 2115 4899 sub-

528 4941 835 4996 oriebantur
850 4946 1068 5009 peccata
1096 4955 1109 4991 :
1132 4937 1251 4991 ideo
1272 4936 1421 5001 dicit,
1449 4936 1661 5017 Malitia:
1677 4938 1957 4992 hominum.
1980 4937 2113 4992 Nam

529 5035 615 5088 ubi
667 5034 960 5101 scortatio,
1012 5040 1067 5088 et
1095 5033 1301 5087 luxuria
1333 5074 1348 5098 ,
1402 5042 1456 5087 et
1499 5041 1642 5086 tanta
1676 5032 2113 5103 intemperantia,

529 5124 817 5179 verisimtle
847 5134 928 5179 est
958 5125 1030 5180 ibi
1062 5132 1117 5179 et
1154 5124 1491 5187 ebrietatem,
1520 5133 1574 5178 ct
1599 5125 1965 5194 crapulamet
1999 5139 2113 5177 ma-

526 5232 686 5288 gnam
740 5217 1075 5287 injustitiam,
1119 5226 1173 5272 et
1226 5218 1543 5279 avaritiam,
1599 5219 1984 5288 innumeraque
2011 5217 2112 5271 alia

527 5310 675 5364 nasci
726 5310 885 5364 mala.
919 5309 986 5365 Ut
1015 5310 1137 5364 vidit
1178 5320 1349 5363 autem
1372 5351 1387 5371 ,
1420 5310 1630 5380 inquit,
1679 5309 1927 5364 Dominus
1973 5308 2114 5365 Deus

526 5401 659 5468 quod
684 5402 1034 5471 multiplicata:
1057 5410 1173 5456 sunt
1206 5402 1416 5455 malitia:
1442 5402 1701 5457 hominum
1722 5417 1874 5471 super
1904 5411 2111 5469 terram,

525 5577 795 5629 diluvium:
822 5576 972 5638 illud,
1008 5577 1233 5640 inquam,
1272 5588 1441 5628 contra
1474 5590 1779 5627 communem
1818 5578 2112 5627 sententiam

527 5649 621 5690 est.
641 5648 752 5693 Nam
778 5648 971 5702 putatur
989 5639 1283 5702 hisindieari
1315 5642 1523 5702 Spatium
1561 5641 1673 5689 vitae
1705 5639 1913 5702 hominis
1944 5649 2112 5701 postea

523 5700 984 5764 contrahetidumet
1005 5700 1065 5749 ad
1088 5709 1286 5764 centum
1310 5700 1478 5764 viginti
1502 5715 1653 5764 annos
1674 5700 2031 5764 redigendum;
2060 5711 2113 5752 et

525 5770 577 5813 ut
599 5763 713 5813 anui
733 5761 1057 5827 chronologici
1078 5762 1319 5827 quadrent
1337 5761 1442 5826 {sic
1464 5761 1836 5827 intelligendum
1858 5770 1952 5813 est.

1278 300 1332 356 S.
1373 300 1653 359 JOANNIS
1691 298 2170 359 CHRYSOSTOMI
2208 301 2524 359 ARCIIIEP.
2572 306 3112 371 CONSTANTINOP.

3713 330 3813 388 ﬂ!

2243 429 2291 472 et
2309 424 2448 519 quod
2472 427 2812 500 unusquisque
2834 435 3022 505 cogitat
3062 437 3115 489 in
3149 440 3300 494 corde
3340 457 3433 497 suo
3476 443 3731 519 diligenter
3755 465 3819 512 ad

2241 514 2379 567 ntala
2414 520 2645 575 omnibus
2664 524 2856 578 diebus.

2311 606 2366 660 5.
2409 606 2542 700 Vide
2578 616 2855 706 quomodo
2899 619 3103 691 singula
3149 640 3269 696 quae
3300 627 3548 689 dicuntur
3583 652 3813 706 peccato-

2239 711 2356 798 rum
2402 701 2691 758 ostendunt
2732 711 3171 777 magnitudinem.
3224 718 3357 787 Quia
3381 723 3525 779 enim
3552 701 3603 781 in
3631 745 3818 798 genere

2238 786 2390 893 dixit,
2414 790 2469 843 Μ
2475 794 2905 881 ultiplicatazsunt
2934 804 3142 860 malitia:
3159 786 3418 867 hominum
3445 831 3599 886 super
3621 786 3815 893 Errant,

2240 883 2494 983 subdidit,
2516 887 2584 941 Et
2612 895 2973 965 unusquisque.
2988 897 3171 970 Magna
3200 902 3357 974 hujus
3383 883 3530 964 verbi
3558 883 3820 983 emphasis

2236 988 2288 1030 et
2318 979 2396 1033 vis
2424 990 2526 1035 est.
2569 982 2684 1039 Non
2735 987 2923 1059 inquit,
2974 993 3285 1052 adolescens
3312 1001 3505 1069 solum,
3538 979 3715 1062 sed-et
3743 1025 3819 1064 se-

2236 1085 2338 1125 nex
2389 1074 2577 1130 eadem
2620 1079 2730 1149 agit
2774 1098 2893 1151 quae
2941 1084 3295 1145 adolescens:
3327 1109 3500 1166 neque
3528 1100 3608 1153 vir
3629 1101 3817 1165 solum.

2234 1165 2327 1220 sed
2354 1177 2406 1222 et
2426 1170 2657 1228 mulier:
2686 1189 2861 1245 neque
2887 1193 3074 1235 servus
3101 1184 3292 1249 solum,
3322 1165 3495 1244 sedet
3514 1192 3686 1248 liber:
3718 1212 3818 1253 nun

2234 1257 2385 1315 dives
2414 1262 2611 1330 solum,
2642 1266 2735 1321 sed
2762 1279 2815 1323 et
2837 1285 3058 1340 pauper.
3085 1275 3153 1330 Et
3176 1280 3417 1343 verbum.
3448 1281 3667 1356 Cogitat,
3691 1291 3821 1343 mul-

2236 1359 2344 1405 tum
2389 1353 2547 1410 habet
2600 1364 2876 1416 momenti.
2927 1364 3041 1420 Non
3088 1370 3229 1423 enim
3259 1387 3323 1426 ex
3354 1353 3698 1447 subreptimie
3725 1382 3816 1437 hoc

2232 1442 2338 1498 illis
2383 1447 2597 1514 accidit,
2647 1452 2741 1505 sed
2788 1453 2839 1507 in
2887 1457 3049 1512 corde
3074 1461 3328 1530 cogitant,
3360 1474 3415 1519 et
3454 1442 3567 1523 han
3591 1485 3686 1538 per
3710 1472 3816 1526 sin-

2230 1536 2378 1603 gulas
2408 1535 2571 1592 horas
2615 1542 2851 1610 volvunt,
2898 1548 2949 1601 in
2981 1549 3061 1603 his
3094 1553 3326 1607 studium
3353 1570 3507 1612 suum
3532 1535 3811 1627 collocant.

2231 1640 2285 1685 et
2329 1646 2502 1702 neque
2549 1633 2766 1691 fortuito
2790 1642 2957 1695 semel
2988 1653 3042 1696 et
3068 1645 3256 1700 iterum
3288 1651 3612 1720 supplantati
3642 1671 3671 1709 a
3699 1674 3813 1727 pec-

2228 1733 2370 1793 cato,
2416 1741 2448 1780 a
2492 1729 2694 1785 malitia
2735 1731 2837 1787 sibi
2882 1743 3196 1805 temperant,
3241 1743 3335 1796 sed
3390 1743 3675 1817 diligenter
3700 1766 3811 1805 eam

2228 1828 2503 1885 exercent,
2529 1831 2583 1875 et
2609 1822 2747 1876 mala
2773 1837 3100 1893 operantur:
3132 1830 3233 1887 hoc
3259 1842 3361 1900 est,
3390 1852 3583 1907 magno
3621 1840 3815 1909 studio,

2230 1910 2358 1966 nihil
2390 1912 2584 1981 obiter,
2631 1915 2766 1970 nihil
2811 1917 3141 1988 negligenter
3162 1923 3231 1979 ab
3256 1926 3334 1979 eis
3363 1928 3440 1992 ﬁt,
3475 1944 3650 1999 nequc
3674 1931 3815 1986 brevi

2232 2011 2490 2074 tempore,
2516 2004 2613 2059 sed
2639 2006 2887 2062 omnibus
2915 2010 3122 2079 diebus,
3154 2028 3368 2071 onmem
3397 2032 3547 2073 suam
3573 2020 3733 2074 vitam
3762 2023 3811 2075 in

2228 2092 2331 2149 hoc
2354 2095 2688 2166 impendunt.
2721 2099 2910 2155 Vidisti
2935 2103 3150 2159 malitia:
3172 2107 3596 2165 immanitatem?
3644 2113 3811 2168 vidisti

2227 2188 2499 2255 quomodo
2521 2189 2698 2245 dedita
2729 2206 2892 2263 opera
2916 2208 3028 2248 rem
3057 2195 3301 2263 fecerint,
3332 2199 3619 2271 diligenter
3642 2208 3810 2259 omnia

2227 2282 2365 2337 mala
2408 2295 2726 2353 operantes;
2764 2295 2818 2339 et
2860 2288 3037 2342 omnis
3061 2298 3193 2343 aetas
3219 2291 3286 2345 ad
3325 2294 3590 2362 agendum
3623 2296 3810 2351 malum

2227 2390 2323 2432 sua
2344 2386 2536 2447 sponte
2550 2379 2874 2435 accesserit?
2897 2379 3261 2454 Unusquisque,
3288 2385 3477 2455 inquit,
3500 2402 3678 2458 neque
3691 2400 3815 2445 aetas

2228 2470 2534 2537 immatura,
2561 2482 2615 2527 et
2638 2471 2873 2543 alioquin
2897 2473 3170 2544 inexperta
3197 2477 3457 2532 malorum
3482 2493 3651 2535 vacua
3668 2490 3812 2536 erat:

2227 2562 2323 2618 sed
2347 2564 2525 2619 statim
2555 2564 2695 2620 etab
2736 2566 3073 2622 incunabulis
3099 2582 3286 2622 omnes
3317 2569 3515 2624 malum
3546 2570 3653 2626 hoc
3680 2588 3812 2642 pra:-

2227 2654 2356 2708 lium
2385 2656 2684 2723 certabant,
2726 2660 3111 2714 contendentes
3142 2668 3198 2714 ut
3227 2660 3383 2716 malis
3407 2661 3661 2731 operibus
3684 2664 3813 2717 alter

2226 2746 2452 2800 alterum
2492 2756 2787 2816 superaret.
2832 2748 2946 2814 llic,
3002 2766 3121 2816 oro,
3148 2750 3328 2806 animo
3353 2752 3597 2822 expende
3629 2753 3812 2807 miram

2228 2836 2385 2907 hujus
2406 2837 2537 2908 justi
2565 2839 2902 2908 sapientiam,
2932 2840 3022 2910 qui
3045 2840 3098 2894 in
3130 2850 3275 2896 tanta
3304 2841 3563 2896 malorum
3607 2845 3812 2913 conspi-

2226 2931 2436 2984 ratione
2466 2929 2720 2984 malitiam
2751 2930 2987 3000 eﬂ'ugere
3016 2931 3200 2999 valuit,
3231 2941 3285 2987 et
3312 2933 3440 2988 nihil
3488 2934 3617 2990 inde
3641 2936 3812 2991 damni

2227 3022 2402 3077 sensit
2424 3039 2439 3075 :
2461 3023 2555 3077 sed
2582 3023 2734 3093 quasi
2764 3040 2829 3078 ex
2859 3024 2959 3078 alia
2985 3034 3171 3079 natura
3200 3028 3542 3093 constitutus,
3588 3029 3668 3083 sic
3696 3028 3813 3083 forti

2226 3113 2406 3167 animo
2445 3115 2720 3184 praeditus,
2772 3125 2826 3170 et
2866 3131 2962 3186 per
3002 3118 3236 3188 scipsum
3287 3119 3492 3175 virtutis
3522 3120 3811 3191 operationi

2226 3205 2457 3271 deditus,
2482 3216 2535 3261 et
2561 3206 2757 3261 malam
2784 3223 2970 3263 eorum
2997 3210 3446 3278 cciispirationem
3478 3212 3685 3283 ell‘ugit,
3711 3225 3762 3267 et
3783 3230 3811 3267 a

2225 3293 2495 3354 communi
2519 3298 2756 3354 omnium
2788 3300 3085 3369 perditione
3107 3310 3191 3356 est
3216 3314 3513 3373 exemptus.
3552 3306 3612 3359 6.
3644 3304 3710 3358 Et
3734 3322 3813 3360 se-

2225 3407 2341 3446 cum
2368 3394 2637 3463 reputavit,
2670 3394 2862 3465 inquit,
2901 3396 3145 3450 Dominus
3174 3395 3313 3451 Deus
3335 3399 3469 3468 quod
3496 3400 3700 3470 fecisset
3726 3400 3813 3453 ho-

2226 3485 2412 3539 minem
2460 3502 2612 3557 super
2655 3497 2861 3542 terram.
2916 3488 3043 3544 Vide
3081 3492 3271 3544 iterum
3302 3493 3520 3547 verbum
3551 3508 3809 3560 crassum,

2225 3586 2279 3630 et
2308 3587 2504 3633 nostrae
2531 3580 2777 3647 parvitati
2801 3580 3071 3636 idoneum.
3103 3582 3288 3636 Secum
3323 3587 3597 3653 reputavit,
3629 3586 3811 3656 inquit,

2227 3672 2632 3741 pro,pmnituit:
2664 3688 2768 3727 non
2790 3673 2931 3743 quod
2964 3676 3272 3743 ptenituerit
3306 3676 3492 3739 Deum,
3523 3677 3695 3742 absit;
3724 3678 3812 3732 sed

2224 3763 2515 3817 secundum
2563 3763 2847 3818 humanam
2897 3766 3341 3821 consuetudinem
3388 3767 3625 3837 loquitur
3668 3770 3812 3823 nobis

2223 3854 2400 3909 divina
2449 3853 2744 3926 Scriptura,
2797 3866 2857 3911 ut
2909 3872 3008 3911 nos
3058 3858 3253 3912 doceat
3298 3861 3540 3913 enormia
3606 3860 3811 3913 illorqu

2224 3959 2439 4019 peccata
2456 3950 2774 4004 clementem
2798 3950 2965 4005 Deum
2990 3949 3041 4004 in
3065 3950 3480 4022 indignationem
3498 3954 3810 4007 concitasse.

2223 4038 2293 4093 Et
2321 4057 2488 4096 secum
2513 4044 2784 4113 reputavit,
2816 4041 3004 4113 inquit,
3057 4042 3303 4097 Dominus
3333 4042 3472 4098 Deus
3501 4048 3636 4115 quod
3662 4045 3811 4113 fecis-

2222 4145 2295 4189 set
2339 4136 2593 4190 hominem
2637 4152 2790 4207 super
2834 4146 3038 4191 terram.
3091 4137 3226 4191 Num
3276 4137 3419 4193 enim
3452 4145 3673 4207 prapter
3716 4137 3811 4191 hoc

2224 4233 2396 4302 ipsum
2422 4230 2667 4302 produxi,
2701 4231 2889 4303 inquit,
2917 4241 2974 4287 ut
2995 4233 3044 4285 in
3064 4240 3262 4286 tantam
3296 4233 3585 4301 perniciem
3618 4235 3809 4300 lapsus.

2222 4324 2428 4394 sibiipsi
2480 4324 2791 4394 perditionis
2840 4325 2992 4379 licret
3029 4325 3255 4378 auctor?
3282 4324 3418 4378 Num
3445 4324 3542 4377 hac
3564 4324 3631 4378 dc
3658 4338 3810 4377 causa

2223 4433 2252 4471 a
2300 4416 2560 4488 principio
2603 4425 2749 4471 tanto
2801 4415 3005 4471 honore
3045 4433 3167 4471 cum
3217 4415 3486 4486 insigniri,
3521 4425 3577 4469 et
3619 4426 3809 4469 tantam

2222 4516 2339 4587 ejus
2381 4528 2564 4568 curam
2614 4526 2701 4564 me
2751 4510 2948 4567 habere
2977 4510 3267 4575 declaravi,
3300 4520 3356 4563 ut
3377 4510 3559 4563 virtuti
3597 4523 3807 4573 vacans,

2222 4611 2428 4665 alienus
2451 4622 2480 4661 a
2507 4605 2802 4677 perditione
2826 4605 3010 4659 ﬁeret?
3043 4604 3303 4670 Quoniam
3332 4612 3507 4657 autem
3537 4601 3809 4656 clementia

2223 4718 2342 4757 mea
2393 4701 2591 4756 abusus
2639 4707 2741 4763 est,
2798 4699 2966 4753 satius
3022 4698 3244 4767 posthac
3290 4696 3452 4750 fuerit
3505 4695 3675 4748 malos
3701 4693 3809 4759 ejus

2221 4806 2443 4850 conatus
2495 4793 2771 4862 impedire.
2822 4791 2888 4845 Et
2929 4790 3183 4861 cogitavit,
3226 4790 3276 4843 7.
3296 4789 3531 4859 Dixitque
3571 4786 3812 4839 Dominus

2222 4890 2382 4953 Deus,
2412 4888 2583 4959 inquit
2605 4905 2619 4942 :
2643 4886 2832 4941 Delebo
2860 4887 3115 4940 hominem
3141 4900 3290 4954 quem
3316 4882 3416 4951 feci
3434 4899 3466 4934 a
3494 4882 3625 4951 facie
3646 4891 3809 4942 terrm,

2220 4986 2284 5038 ab
2313 4983 2514 5037 homine
2540 4996 2696 5051 usque
2722 4979 2792 5032 ad
2819 4994 2989 5048 pecus,
3021 4987 3068 5031 et
3095 4994 3126 5029 a
3147 4974 3414 5046 reptilibus
3444 4988 3602 5043 usque
3629 4971 3696 5023 ad
3726 4984 3810 5024 oo-

2221 5077 2384 5132 latilia
2430 5074 2542 5129 caeli
2561 5089 2580 5127 :
2604 5075 2725 5143 quia
2771 5087 2966 5125 mecum
3020 5069 3247 5139 reputavi
3295 5066 3431 5139 quod
3473 5066 3677 5135 fecerim
3707 5077 3809 5118 eos.

2221 5172 2351 5240 Quae
2378 5169 2482 5225 mei
2509 5167 2669 5223 cilicii
2698 5174 2873 5231 erant,
2902 5166 3092 5235 inquit,
3132 5164 3314 5219 omnia
3342 5160 3586 5218 exhibui.
3622 5158 3707 5214 Ex
3734 5155 3812 5211 ni-

2221 5266 2349 5329 hilo,
2377 5272 2435 5318 ut
2459 5270 2624 5327 esset,
2657 5260 2805 5315 illuni
2833 5259 3083 5329 produxi,
3129 5266 3334 5312 natura:
3364 5255 3503 5309 illius
3528 5252 3809 5311 scientiam

2219 5355 2580 5412 faciendorum
2612 5362 2666 5409 et
2694 5366 2799 5407 non
2829 5350 3190 5405 faciendorum
3235 5346 3424 5414 indidi,
3471 5344 3698 5399 liberum
3734 5356 3811 5392 ar-

2218 5448 2434 5503 bitrium
2459 5445 2675 5510 donavi,
2709 5442 2960 5497 ineli‘abili
2994 5442 3274 5496 tolerantia
3295 5453 3425 5492 usus
3446 5450 3585 5499 sum,
3603 5444 3659 5488 et
3698 5442 3804 5501 pest

2220 5539 2434 5608 longum
2466 5536 2597 5591 illud
2623 5545 2852 5605 tempus,
2880 5542 2935 5589 et
2956 5542 3075 5603 post
3104 5530 3517 5601 indignationem
3539 5534 3597 5581 et
3635 5526 3809 5578 minas

2218 5647 2351 5704 quas
2391 5630 2522 5696 dixi,
2550 5639 2605 5687 et
2649 5628 2793 5684 aliud
2838 5622 3094 5699 prteﬁnivi
3141 5634 3373 5694 tempus,
3401 5620 3587 5675 volens
3634 5624 3687 5671 ut
3722 5614 3807 5668 illo

2219 5742 2315 5786 sua
2331 5734 2549 5800 peccata
2568 5724 2852 5793 sentiente,
2878 5720 3171 5793 indignatio
3191 5733 3309 5775 mea
3339 5727 3695 5774 revocaretur:
3717 5706 3801 5764 sed
