4038 6394
185 438 272 497 191
1241 441 1306 496 ΙΝ
1339 441 1472 494 CAP
1529 441 1568 494 V
1607 438 1696 494 ΕΤ
1731 437 1798 492 Vl
1827 437 1866 493 G

1971 435 2072 492 ES.
2120 435 2351 492 HOMIL.
2393 435 2558 494 XXII.

181 555 378 626 ψασῦαι
409 552 504 606 διὰ
529 547 628 620 τῆς
660 553 750 603 ἐπὶ
791 550 851 604 τὸ
884 549 1092 618 βέλτιον
1125 549 1444 618 μεταϐολῆς,
1479 547 1572 599 καὶ
1597 545 1695 614 τὴν
1721 545 1847 614 ἀρε-

181 637 274 710 τὴν
300 637 568 705 ἑλόμενοι,
589 635 688 704 τῆς
711 635 980 702 τιμωρίας
1001 632 1096 702 τὴν
1119 634 1312 702 πεῖραν
1331 629 1851 699 ἐκφύγητε.Ἕσον-

181 743 270 779 ται
291 723 422 792 γὰρ,
459 725 650 793 φησὶν,
679 725 738 774 αἱ
776 719 988 790 ἡμέραι
1025 718 1223 774 αὐτῶν
1241 721 1346 787 ἐτη
1385 718 1600 772 ἑκατὸν
1633 716 1850 772 εῑκοσι.

186 817 244 866 οι
265 812 332 864 δὲ
353 813 650 882 γίγαντες,
673 810 860 880 φησὶν,
883 805 1047 878 ἦσαν
1063 808 1162 861 ἐπὶ
1193 805 1301 874 τῆς
1325 805 1440 875 τῆς
1464 806 1535 858 ἐν
1564 803 1694 870 ταῖς
1715 802 1856 872 ἠμέ-

179 920 310 971 ραις
335 902 618 966 ἐκείναις.
649 901 760 952 Καὶ
792 901 919 966 μετ’
940 896 1160 960 ἐκεῖνα,
1189 897 1268 961 ὡς
1296 894 1372 948 ἂν
1399 892 1856 960 εἰσεπορεύοντο

185 995 236 1045 οί
261 991 380 1044 υἱοὶ
399 988 506 1042 τοῦ
536 987 686 1042 Θεοῦ
704 984 852 1059 [199]
872 985 1018 1053 πρὸς
1037 984 1140 1050 τὰς
1160 984 1486 1053 θυγατέρας
1499 980 1620 1035 τῶν
1635 977 1855 1046 ἀνθρώ-

183 1096 330 1142 πων,
351 1077 454 1132 καὶ
469 1075 816 1146 ἐγεννῶσαν
833 1073 1089 1139 ἑαυτοῖς,
1106 1071 1322 1125 ἐκεῖνοι
1336 1068 1500 1140 ἦσαν
1513 1072 1567 1124 οί
1582 1069 1857 1140 γίγαντες

181 1172 236 1222 οι
273 1169 376 1221 ἀπ’
409 1166 648 1230 αἰῶνος,
690 1167 743 1218 οἱ
780 1163 1078 1230 ἅνθρωποι
1113 1163 1169 1214 οὶ
1214 1158 1558 1229 ὀνομαστοί.
1589 1155 1858 1225 Γίγαντας

187 1255 418 1308 ἐνταῦθα
452 1255 580 1316 τοὺς
615 1251 866 1322 ἰσχυροὺς
895 1249 956 1302 τὸ
991 1247 1150 1319 σῶμα
1179 1243 1334 1317 οἶμαι
1363 1246 1540 1314 λέγειν
1569 1243 1667 1316 τὴν
1707 1243 1858 1296 Θείαν

186 1343 430 1412 Γραφήν.
471 1340 564 1405 Ἐξ
599 1340 842 1402 ἐκείνων,
889 1337 1074 1406 φησὶν,
1123 1339 1156 1406 ἠ
1193 1334 1356 1404 γενεά
1401 1332 1579 1386 αὐτῶν
1621 1330 1854 1403 ηὐξήθη.

189 1431 296 1484 Καὶ
333 1429 445 1500 γὰρ
473 1429 568 1482 καὶ
609 1425 842 1496 ἀλλαχοῦ
879 1425 1024 1478 ἔστιν
1056 1425 1182 1478 ἰδεῖν
1210 1424 1368 1476 τοῦτο
1401 1421 1717 1494 εἰρημένονο
1754 1421 1856 1472 Γί-

189 1535 418 1588 γαντες,
472 1517 656 1587 φησιν,
711 1517 988 1584 ἔρχονται
1027 1514 1132 1566 τὸν
1171 1512 1362 1581 θυμόν
1390 1529 1510 1580 μου
1548 1509 1776 1562 παῦσαι
1807 1521 1854 1562 α.

189 1607 390 1660 Τοῦτον
418 1605 474 1658 δὲ
501 1605 592 1658 τὸν
615 1604 722 1657 τῶν
755 1602 946 1656 ἐκατὸν
969 1602 1141 1654 εἴκοσι
1176 1599 1311 1652 ἐτῶν
1341 1597 1572 1669 ἀριθμὸν
1600 1596 1743 1659 τινὲς
1775 1611 1860 1646 νο-

193 1694 406 1764 μίζουσι
433 1694 524 1746 τὸν
555 1694 678 1763 ὅρον
703 1693 800 1762 τῆς
833 1691 978 1761 ζωῆς
1003 1685 1144 1743 εῖναι
1168 1706 1182 1718 ·
1221 1689 1281 1741 ού
1312 1688 1469 1740 τοῦτο
1499 1685 1556 1738 δέ
1585 1683 1858 1754 σημαίνει,

187 1782 325 1835 ἀλλά
343 1781 482 1843 τέως
499 1779 598 1850 τὴν
623 1778 1006 1850 μακροθυμίαν
1029 1773 1365 1840 ἐνδείξασθαι
1393 1772 1658 1844 βούλεται,
1677 1772 1742 1842 ἣν
1769 1770 1862 1822 καὶ

191 1869 332 1942 μετά
373 1867 614 1922 τοσαῦτα
663 1867 1038 1939 ἁμαρτήματα
1095 1863 1184 1917 ἐπ’
1234 1862 1428 1925 αὐτοὺς
1475 1859 1859 1913 ἐπιδείκνυται.

187 1956 284 2010 Ἷν⁹
317 1951 411 2009 οὖν
465 1953 724 2025 μάθωμεν
769 1952 864 2005 καὶ
899 1951 1036 2022 μετά
1079 1951 1176 2020 τὴν
1207 1947 1598 2018 ἀγανάκτησιν,
1637 1945 1728 1997 καὶ
1763 1943 1864 2014 τὴν

187 2044 442 2115 ἀπειλὴν,
471 2045 568 2096 καὶ
601 2041 699 2112 τὴν
721 2040 990 2111 τοσαύτην
1022 2038 1118 2091 τοῦ
1140 2038 1332 2108 χρόνου
1364 2033 1765 2106 μακροθυμίαν,
1799 2033 1866 2103 ἣν

191 2136 270 2196 εἰς
311 2134 600 2203 μετάνοιαν
636 2130 820 2191 αὐτοῖς
843 2128 1096 2190 δέδωκεν,
1142 2125 1218 2188 ὡς
1259 2123 1320 2176 οὐ
1350 2123 1507 2193 μόνον
1531 2120 1684 2174 οὐδὲν
1707 2119 1856 2191 ἐκέρ-

189 2219 368 2280 δανον,
407 2218 546 2272 ἀλλά
580 2217 810 2278 καὶτοῖς
845 2215 1027 2276 αὐτοῖς
1049 2213 1360 2282 ἐπέμειναν,
1393 2209 1480 2262 διά
1499 2208 1658 2262 τοῦτό
1680 2223 1864 2278 φησιν,

203 2307 302 2372 Ὦς
327 2306 404 2361 ἂν
428 2305 888 2374 εἰσεπορεύοντο
909 2305 964 2356 οὶ
989 2301 1106 2356 vlo!
1135 2298 1244 2353 τοῦ
1277 2296 1426 2352 Θεοῦ
1447 2297 1594 2366 πρὸς
1629 2295 1735 2362 τὰς
1761 2299 1866 2350 θυ-

193 2393 448 2463 γατέρας
505 2392 622 2448 τῶν
658 2387 983 2458 ἀνθρώπων
1003 2427 1020 2453 ,
1067 2388 1168 2441 καὶ
1224 2383 1568 2456 ἐγεννῶσαν
1610 2383 1866 2448 ἑαυτοῖς,

191 2480 410 2536 ἐκεῖνοι
442 2476 608 2551 ἦσαν
633 2482 688 2534 οἱ
716 2479 989 2548 γίγαντες
1015 2477 1070 2529 οι
1095 2473 1196 2529 ἀπ’
1224 2475 1456 2538 αἰῶνος,
1489 2474 1543 2526 οι
1575 2469 1870 2539 ἅνθρωποι

191 2573 246 2623 al
300 2567 650 2638 ὀνομαστοί.
697 2561 851 2628 Εἶδες
897 2562 1288 2634 ἀγνωμοσύνης
1335 2558 1676 2630 ὑπερϐολήν;
1731 2554 1870 2620 εἶδες

193 2657 370 2729 ψυχὴν
417 2656 748 2726 ἀνάλγητον;
801 2651 938 2706 Οὔτε
963 2655 992 2706 ὁ
1017 2651 1118 2721 τῆς
1160 2648 1430 2720 τιμωρίας
1477 2647 1658 2729 φόῆος,
1690 2645 1870 2729 οὗτεῗὸ

194 2727 300 2812 τῆς
325 2727 703 2811 μακροθυμίας
732 2736 919 2807 χρόνος
939 2733 1244 2804 ἀπέστησεν
1269 2731 1465 2793 αὐτοὺς
1493 2728 1598 2782 τῶν
1621 2728 1872 2800 πονηρῶν
1897 2727 1900 2730 ’

197 2827 447 2898 πράξεων
473 2845 487 2857 ·
515 2827 630 2880 ἀλλ’
665 2823 813 2890 ἀπα-ξ
848 2822 986 2877 κατὰ
1009 2819 1268 2892 κρημνῶν
1307 2816 1740 2886 κατενεχθέντες,
1778 2816 1872 2870 καὶ

195 2917 254 2970 τὸ
267 2916 366 2986 τῆς
383 2915 620 2978 διανοίας
635 2913 792 2984 ὄμμα
806 2909 1170 2982 πηρωθέντες,
1184 2907 1285 2960 οὐκ
1301 2905 1380 2959 ἐτι
1396 2905 1599 2968 λοιπὸν,
1622 2903 1872 2975 καθάπερ

197 3004 304 3056 ὑπὸ
349 3003 522 3074 μέθης
569 3001 710 3063 τινος
755 2999 854 3070 τῆς
913 2998 1153 3068 πονηρᾶς
1189 2993 1483 3066 ἐπιθυμίας
1533 2992 1870 3046 καταϐαπτι-

201 3093 440 3154 σθέντες,
465 3089 778 3157 ἀνενεγκεῖν
795 3085 1192 3157 ἠϐουλήθησαν,
1214 3083 1464 3154 καθάπερ
1490 3082 1583 3135 καὶ
1608 3083 1766 3150 σοφός
1788 3080 1871 3143 τίς

197 3195 362 3248 φησιν
383 3195 398 3208 ·
438 3174 692 3242 Ἀσεϐὴς
721 3173 1000 3243 ἐμπεσὼν
1023 3173 1110 3238 εἰς
1126 3170 1318 3236 ,βάθος
1350 3168 1552 3223 κακῶν
1578 3185 1870 3238 καταφρο-

196 3267 310 3321 νεῖ.
345 3265 530 3318 Δεινὸν
563 3263 692 3334 γάρ.
720 3261 911 3325 δεινὸν,
946 3261 1215 3331 άγαπητέ,
1241 3259 1444 3312 ἁλῶναι
1471 3261 1592 3321 ταῖς
1626 3258 1720 3310 τοῦ
1753 3258 1870 3311 δια-

193 3355 358 3408 ϐόλου
391 3353 638 3422 παγίσιν.
671 3351 738 3405 Ἦ
765 3349 874 3421 γὰρ
895 3349 1041 3420 ψυχὴ
1067 3348 1250 3402 λοιπὸν
1277 3347 1526 3417 καθάπερ
1548 3347 1605 3399 ἐν
1635 3345 1872 3410 δικτύοις

197 3439 607 3511 ἀπειλημμένη,
646 3437 742 3491 καὶ
781 3436 970 3507 ὥσπερ
1005 3430 1068 3499 ὗς
1099 3435 1456 3505 ἐγκυλιομένη
1487 3433 1728 3505 βορϐόρῳ
1749 3433 1874 3504 ἥδε-

199 3545 311 3592 ται,
341 3527 486 3580 οὕτω
520 3527 614 3580 καὶ
641 3523 780 3594 αὐτὴ
809 3523 915 3578 ὑπὸ
956 3523 1058 3592 τῆς
1105 3524 1283 3592 κακῆς
1312 3520 1596 3592 συνηθείας
1624 3537 1873 3590 καταχω-

201 3616 414 3680 σθεῖσα,
447 3614 570 3668 οὐδέ
599 3613 854 3683 αἴσθησιν
893 3611 1158 3681 λαμϐάνει
1193 3611 1292 3680 τῆς
1319 3608 1426 3662 τῶν
1461 3607 1874 3679 ἁμαρτημάτων

197 3703 494 3766 δυσωδίας.
525 3701 618 3754 Διὸ
645 3702 752 3772 χρὴ
777 3701 968 3770 νήφειν
1008 3698 1102 3752 καὶ
1130 3697 1508 3768 ἐγρηγορέναι,
1540 3696 1680 3749 ὥστε
1714 3695 1875 3766 μηδε-

203 3792 338 3863 μίαν
365 3789 446 3860 τῷ
475 3790 700 3862 πονηρῷ
735 3787 950 3859 δαίμονι
975 3786 1126 3856 παρά
1151 3787 1250 3856 τὴν
1276 3784 1448 3856 ἀρχὴν
1469 3783 1670 3840 εἴσοδον
1693 3799 1873 3853 παρα-

203 3882 376 3950 σχεῖν,
417 3879 504 3932 ἴνα
536 3878 610 3948 μὴ
647 3874 926 3938 σκοτώσας
954 3877 987 3944 ή
997 3873 1113 3944 μῶν
1143 3873 1234 3927 τὸν
1259 3873 1535 3943 λογισμὸν,
1563 3873 1660 3924 καὶ
1701 3871 1762 3924 τὸ
1795 3871 1872 3926 δι-

197 3965 456 4038 ορατικὺν
476 3966 580 4034 τῆς
603 3963 838 4026 διανοίας
859 3961 1270 4030 ἀποτυφλώσας,
1299 3961 1715 4032 παρασκευάσῃ,
1739 3960 1873 4015 καθ-

201 4059 348 4128 άπερ
378 4053 856 4124 ἀπεστερημένους
889 4051 984 4104 τοῦ
1023 4049 1245 4122 ἡλιακοῦ
1276 4049 1466 4103 τούτου
1507 4050 1704 4118 φωτὸς,
1739 4050 1876 4121 πρὸς

200 4146 300 4208 τὰς
327 4146 556 4205 ἀκτῖνας
581 4141 678 4194 τοῦ
698 4140 798 4211 τῆς
825 4139 1170 4209 δικαιοσύνης
1197 4138 1351 4210 ἡλίου
1373 4139 1504 4209 ὁρᾷν
1527 4136 1601 4208 μὴ
1640 4137 1874 4208 δυναμέ-

201 4249 344 4294 νους,
388 4229 535 4284 κατά
561 4227 820 4298 κρημνῶν
851 4227 1132 4297 φέρεσθαι,
1168 4227 1306 4296 ὅπερ
1335 4225 1428 4279 καὶ
1452 4219 1596 4278 οὗτοι
1627 4225 1747 4277 τότε
1773 4241 1872 4277 πε-

205 4319 482 4373 πόνθασιν.
529 4317 728 4368 ¹Ἄκουε
759 4313 868 4384 γὰρ
900 4314 1060 4367 πάλιν
1105 4313 1199 4382 τῆς
1241 4311 1336 4365 τοῦ
1379 4311 1513 4365 Θεοῦ
1543 4310 1876 4382 άγαθότητος

203 4406 300 4475 τὴν
327 4401 710 4468 ἀνεξικακίαν.
753 4400 920 4455 Ἰδὼν
955 4399 1041 4464 δὲ,
1085 4399 1238 4471 φησὶ,
1274 4399 1490 4467 Κύριος
1531 4401 1564 4451 ό
1601 4398 1743 4464 Θεὸς
1787 4395 1875 4450 ὅτι

203 4490 678 4557 ἐπληθύνθησαν
702 4489 760 4540 αἱ
781 4488 980 4539 κακίαι
1006 4485 1124 4538 τῶν
1141 4485 1466 4552 ἀνθρώπων
1489 4483 1585 4536 ἐπὶ
1605 4481 1716 4550 τῆς
1737 4481 1870 4550 τῆς.

204 4577 266 4628 Τί
295 4575 552 4646 βούλεται
593 4575 653 4628 τὸ
679 4573 985 4645 εἰρημένον,
1025 4571 1184 4625 Ἰδὼν
1207 4571 1308 4634 δέ;
1336 4571 1450 4625 Οὐκ
1473 4570 1658 4641 ἐπειδὴ
1691 4569 1874 4641 ἠγνόει

201 4665 230 4716 ὸ
257 4664 538 4734 Δεσπότης
565 4679 580 4694 '
617 4661 690 4732 μὴ
726 4663 933 4730 γένοιτο
958 4678 971 4691 ·
1000 4659 1138 4714 ἀλλά
1179 4660 1316 4730 πρὸς
1341 4658 1439 4730 τὴν
1474 4659 1753 4712 ἀσθένειαν
1778 4657 1874 4728 τὴν

203 4751 481 4824 ἡμετέραν
511 4751 726 4804 ἅπαντα
750 4751 1014 4821 διηγεῖται
1038 4751 1071 4820 ή
1097 4749 1216 4802 θεία
1243 4748 1434 4819 Γραφή
1463 4765 1476 4778 ·
1511 4747 1599 4800 ἵνα
1624 4749 1770 4818 ἡμᾶς
1797 4747 1874 4799 δι-

201 4842 356 4914 δάξῃ,
392 4841 476 4893 ὅτι
511 4839 605 4892 καὶ
659 4837 796 4910 μετὰ
831 4839 928 4908 τὴν
971 4837 1239 4907 τοσαύτην
1282 4835 1446 4889 αὐτοῦ
1496 4835 1874 4906 μακροθυμίαν

201 4933 311 4992 τῶς
331 4930 521 4991 αὐτοῖς
541 4927 824 4997 ἐπέμενον,
851 4928 882 4998 ἢ
921 4928 1020 4979 καὶ·
1059 4926 1264 4996 χείροσι
1309 4923 1628 4994 περιέϐαλον
1655 4923 1874 4986 ἐαυτοὺς

203 5019 416 5080 κακοῖς,
451 5015 618 5085 φησίν
641 5031 656 5045 ’
706 5013 862 5068 Ἰδὼν
885 5013 952 5066 δὲ
974 5013 1064 5066 ὅτι
1091 5013 1562 5079 ἐπληθύνθησαν
1593 5013 1654 5065 al
1679 5010 1874 5063 κακίαι

201 5101 322 5159 τῶν
350 5102 679 5171 ἀνθρώπων
727 5103 824 5156 ἐπὶ
875 5101 986 5170 τῆς
1016 5101 1146 5170 γῆς.
1194 5102 1287 5152 Ἐκ
1333 5099 1440 5168 γὰρ
1482 5101 1582 5169 τῆς
1634 5101 1876 5170 πονηρᾶς

201 5192 410 5263 ταύτης
433 5192 706 5262 πράξεως,
738 5191 988 5260 καθάπερ
1011 5189 1117 5242 ἀπὸ
1148 5190 1330 5258 πηγῆς
1373 5204 1535 5250 τινος,
1577 5188 1672 5240 καὶ
1713 5187 1876 5258 ἕτερα

205 5279 378 5333 πολλά
409 5280 594 5342 αὐτοῖς
639 5279 882 5332 ἐτίκτετο
927 5278 1332 5349 ἁμαρτήματα·
1373 5275 1460 5328 διὰ
1491 5274 1648 5328 τοῦτό
1691 5293 1874 5345 φησιν,

197 5372 264 5422 Al
309 5369 518 5422 κακίαι
567 5367 690 5420 τῶν
731 5366 1077 5434 ἀνθρώπων.
1109 5367 1284 5418 Ὅπου
1329 5365 1440 5434 γὰρ
1500 5363 1746 5436 πορνεία,
1780 5365 1876 5418 καὶ

203 5453 486 5522 ἀσέλγεια,
518 5455 612 5506 καὶ
655 5453 892 5523 τοσαύτη
941 5453 1226 5514 ἀκολασία,
1269 5454 1412 5516 εἰκὸς
1447 5453 1540 5505 καὶ
1564 5451 1753 5521 μέθην,
1786 5453 1879 5504 καὶ

205 5541 516 5612 παροινίαν,
548 5543 644 5595 καὶ
669 5541 870 5612 πολλὴν
913 5541 1147 5602 ἀδικίαν,
1198 5542 1290 5594 καὶ
1339 5538 1648 5604 πλεονεξίαν
1675 5542 1769 5592 καὶ
1811 5539 1880 5592 τὰ

207 5630 379 5698 μυρία
409 5627 695 5682 τίκτεσθαι
718 5629 886 5684 κακά.
932 5627 1091 5683 Ἰδὼν
1121 5627 1209 5691 δὲ,
1233 5629 1386 5697 φησὶ,
1418 5628 1632 5693 Κύριος
1652 5629 1684 5680 ὀ
1711 5625 1876 5692 Θεὸς,

205 5716 296 5769 ὅτι
327 5717 810 5784 ἐπληθύνθησαν
837 5719 896 5771 αἱ
923 5717 1122 5771 κακίαι
1151 5714 1269 5768 τῶν
1288 5715 1614 5783 ἀνθρώπων
1638 5713 1734 5766 ἐπί
1768 5712 1890 5778 τῆς·

205 5803 342 5874 τῆς,
373 5805 474 5858 καί
503 5802 624 5870 πᾶς
653 5821 740 5870 τις
763 5804 1080 5857 διανοεῖται
1103 5804 1174 5856 ἐν
1199 5801 1272 5870 τῇ
1307 5799 1524 5868 καρδίᾳ
1552 5799 1737 5856 αὺτοῦ
1757 5803 1883 5856 ἐπι-

205 5890 400 5964 μελῶς
431 5891 534 5944 ἐπὶ
563 5893 635 5944 τὰ
661 5891 892 5959 πονηρὰ
920 5891 1121 5960 πάσας
1155 5891 1257 5958 τὰς
1283 5888 1522 5960 ἡμέρας.

265 5975 284 5999 ⁸
305 5978 360 6028 lu
384 5977 512 6031 Isaia
533 5977 716 6044 lt‘gitur
747 5981 1010 6044 πληρῶσαι.

2028 551 2088 596 ε’.
2113 544 2257 614 ’Ὀρα
2279 545 2396 608 πῶς
2425 544 2654 596 ἕκαστον
2671 543 2778 594 τῶν
2794 545 2912 614 είρη
2923 543 3096 614 μένων
3127 543 3438 598 δείκνυσιτὺ
3467 545 3616 620 [⁵⁸200]

1957 631 2182 700 μέγεθος
2203 631 2312 682 τῶν
2332 634 2552 700 ήμαρτη
2562 629 2758 699 μένων.
2779 629 2996 701 Ἐπειδὴ
3017 631 3128 700 γὰρ
3153 625 3273 683 εἷπε
3297 631 3618 698 καθολικῶς,

1953 719 2036 771 ὅτι
2077 719 2576 784 Ἑπληθύνθησαν
2596 719 2654 768 αὶ
2683 717 2883 769 κακίαι
2911 713 3030 768 τῶν
3052 717 3376 785 ἀνθρώπων
3393 719 3490 772 ἐπί
3512 719 3622 790 τῆς

1953 805 2086 875 τῆς,
2117 807 2387 877 ἐπήγαγε,
2421 805 2528 860 Καὶ
2559 803 2678 872 πᾶς
2709 822 2798 870 τις
2837 805 2886 858 ι.
2917 804 3135 876 Μεγάλη
3169 806 3264 860 τοῦ
3315 809 3557 880 ῥήματος
3589 813 3620 881 ἡ

1955 893 2212 962 ἔμφασις.
2245 894 2356 963 Οὐχ
2407 895 2436 948 ὁ
2468 893 2605 955 νέος,
2643 893 2827 962 φησιν,
2856 891 2992 946 ἀλλὰ
3024 894 3116 946 καὶ
3159 896 3186 948 ὁ
3216 897 3526 968 πρεσϐύτης
3554 900 3622 951 τὰ

1957 981 2096 1035 αὐτά
2129 981 2208 1052 τῷ
2233 982 2338 1051 νέῳ
2367 979 2782 1052 διαπράττεται·
2815 981 2935 1034 οὐδὲ
2965 981 3105 1052 ἀνὴρ
3143 982 3301 1051 μόνον
3321 1023 3334 1042 ,
3361 984 3496 1037 ἀλλά
3529 989 3624 1038 καὶ

1956 1069 2092 1142 γυνή
2115 1086 2128 1100 ·
2163 1069 2224 1122 οὐ
2253 1067 2457 1132 δοῦλος,
2482 1068 2618 1122 ἀλλά
2641 1068 2735 1121 καὶ
2761 1066 3044 1140 ἐλεύθερος
3063 1085 3078 1100 ·
3105 1070 3167 1123 οὐ
3197 1069 3470 1134 πλούσιος,
3490 1073 3625 1126 ἀλλά

1958 1154 2052 1208 καὶ
2076 1154 2262 1226 πένης.
2291 1155 2402 1208 Καὶ
2421 1153 2500 1221 τὸ,
2533 1153 2876 1219 Διανοεῖται,
2903 1155 3101 1226 πολλὴν
3123 1155 3235 1226 ἔχει
3259 1156 3358 1227 τὴν
3373 1157 3622 1228 δύναμιν.

1958 1241 2036 1298 Οὐ
2075 1244 2184 1314 γὰρ
2217 1245 2281 1296 ἐκ
2315 1243 2668 1314 συναρπαγῆς
2713 1243 2870 1297 τοῦτο
2902 1243 3285 1314 ὑπομένουσιν,
3319 1245 3434 1298 ἀλλ’
3463 1247 3519 1298 ἐν
3556 1251 3622 1319 τῇ

1959 1331 2156 1402 καρδίᾳ
2181 1329 2568 1401 διανοούμενοι,
2590 1333 2681 1385 καὶ
2709 1332 2880 1384 ταῦτα
2911 1332 3032 1386 καθ’
3065 1333 3304 1404 ἑκάστην
3331 1333 3479 1406 ὥραν
3502 1334 3628 1404 βου-

1958 1419 2260 1490 λευόμενοι,
2293 1420 2387 1472 καὶ
2420 1422 2477 1472 ἐν
2507 1419 2713 1483 τούτοις
2732 1421 2830 1490 τὴν
2863 1420 3096 1490 σπουδὴν
3122 1419 3356 1492 ἔχοντες,
3391 1423 3484 1475 καὶ
3506 1423 3626 1476 ούδέ

1959 1508 2148 1570 ἅπλῶς
2189 1509 2287 1562 καὶ
2319 1507 2394 1570 ὡς
2433 1507 2622 1578 ἔτυχεν
2655 1505 2806 1572 ἅπαξ
2837 1507 2868 1578 ἢ
2921 1507 3172 1578 δεύτερον
3211 1509 3626 1564 ὑποσκελισθέν-

1959 1615 2049 1660 τες
2084 1597 2306 1666 ὑπὸτῆς
2332 1589 2626 1667 ἁμαρτίας,
2659 1597 2905 1650 ἵστανται
2933 1597 3031 1666 τῆς
3049 1597 3268 1662 κακίας,
3299 1598 3414 1651 ἀλλ’
3437 1599 3628 1670 ἐπιμε-

1961 1681 2068 1743 λῶς
2099 1679 2301 1751 ταύτην
2335 1683 2704 1750 μετέρχονται,
2738 1682 2828 1734 καὶ
2855 1681 2923 1734 τὰ
2951 1681 3162 1752 πονηρά
3187 1681 3624 1752 διαπράττονται·

1961 1767 2106 1823 τοῦτ’
2130 1768 2244 1821 ἔστι
2288 1767 2426 1839 μετὰ
2461 1767 2661 1839 πολλῆς
2713 1769 2812 1838 τῆς
2842 1769 3097 1840 σπουδῆς,
3124 1769 3274 1823 οὐδὲν
3312 1771 3626 1842 παρέργως,

1961 1857 2112 1910 οὐδὲν
2140 1856 2501 1926 ἠμελημένως
2531 1855 2624 1908 ὑπ’
2658 1855 2837 1910 αὐτῶν
2864 1856 3091 1924 γίνεται,
3123 1857 3241 1910 ούδέ
3264 1857 3400 1928 πρὸς
3425 1857 3629 1930 βραχὺν

1963 1943 2175 2014 χρόνον,
2202 1941 2334 1996 ἀλλά
2365 1943 2540 2004 πάσας
2567 1941 2663 2004 τάς
2693 1943 2924 2014 ἡμέρας,
2958 1944 3138 1996 πᾶσαν
3157 1943 3335 1995 αὐτῶν
3357 1943 3455 2014 τὴν
3486 1944 3631 2014 ζωὴν

1964 2031 2046 2094 εἰς
2083 2030 2240 2084 τοῦτο
2288 2029 2790 2084 καταναλίσκουσιν.
2843 2027 2994 2094 Εἶδες
3027 2031 3292 2102 πονηρίας
3339 2032 3628 2098 ἐπίτασιν;

1965 2113 2100 2183 εἶδες
2157 2117 2275 2181 πῶς
2319 2117 2550 2186 μελέτην
2599 2118 2662 2170 τὸ
2716 2119 2945 2188 πρᾶγμα
3001 2117 3298 2184 ἐποιοῦντο,
3359 2119 3631 2190 ἐπιμελῶς

1967 2206 2182 2260 ἅπαντα
2223 2204 2291 2258 τὰ
2322 2205 2533 2276 πονηρά
2577 2203 3050 2276 διαπραττόμενοι,
3110 2208 3200 2260 καὶ
3253 2207 3402 2262 πᾶσα
3445 2209 3632 2278 ἡλικία

1967 2295 2104 2366 πρὸς
2136 2294 2232 2365 τὴν
2288 2293 2389 2363 τῆς
2437 2295 2635 2358 κακίας
2691 2295 2953 2365 ἐργασίαν
2992 2295 3313 2366 ηὐτομόλει;
3367 2297 3492 2366 Πᾶς
3520 2315 3629 2365 τις,

1968 2381 2162 2452 φησίν·
2192 2381 2311 2434 ούδέ
2339 2383 2371 2452 ή
2403 2379 2580 2452 ἄωρος
2616 2381 2822 2448 ἡλικία,
2858 2382 2980 2436 ούδέ
3015 2384 3046 2452 ή
3082 2383 3446 2455 ἀπειρόκακος
3475 2385 3634 2456 ἀμοι-

1970 2487 2062 2542 ρος
2092 2466 2182 2542 ἦν,
2212 2470 2328 2522 ἀλλ’
2356 2469 2560 2533 εὐθέως
2592 2471 2686 2524 καὶ
2719 2471 2783 2522 ἐκ
2817 2472 3116 2542 προοιμίων
3155 2474 3254 2544 τὴν
3295 2473 3470 2546 κακήν
3499 2474 3632 2530 ταύ-

1967 2575 2068 2627 την
2121 2557 2354 2628 ἅμιλλαν
2402 2557 2602 2620 πάντες
2653 2557 2950 2620 ἐποιοῦντο,
3011 2559 3238 2624 ἕκαστος
3267 2561 3358 2614 τὸν
3408 2561 3634 2631 πλησίον

1969 2645 2399 2718 ὑπερϐάλλεσθαι
2431 2645 2749 2716 φιλονεικῶν
2771 2648 2830 2699 ἐν
2861 2650 2926 2718 τῇ
2959 2647 3067 2701 τῶν
3114 2649 3366 2717 πράξεων
3391 2667 3632 2724 παρανο-

1969 2732 2092 2804 μίᾳ.
2129 2733 2330 2786 Ἐννόει
2359 2733 2466 2806 γάρ
2517 2750 2607 2804 μοι
2641 2733 2876 2788 ἐνταῦθα
2903 2734 3002 2806 τὴν
3051 2735 3496 2808 ὑπερϐάλλουσαν
3537 2738 3633 2792 τοῦ

1967 2819 2176 2874 δικαίου
2204 2820 2416 2889 σοφίαν,
2446 2821 2528 2874 ὅτι
2550 2822 2606 2873 ἐν
2637 2819 2873 2890 τοσαύτῃ
2899 2823 3085 2876 κακῶν
3129 2824 3420 2895 συμφωνίᾳ
3447 2823 3634 2896 ἴσχυσε

1968 2907 2067 2978 τὴν
2097 2907 2274 2980 λύμην
2306 2908 2606 2978 διαφυγεῖν,
2629 2908 2724 2964 καὶ
2769 2909 3036 2980 μηδεμίαν
3079 2911 3330 2964 ἐντεῦθεν
3380 2911 3635 2976 δέξασθαι

1972 2995 2195 3067 βλάϐην,
2233 2995 2370 3050 ἀλλά
2394 2995 2643 3074 καθάπερ
2683 2995 2742 3062 ἐξ
2789 2997 2981 3068 ἐτέρας
3019 2999 3232 3067 φύσεως
3263 2999 3639 3074 συγκείμενος,

1969 3084 2142 3148 οὕτως
2182 3073 2490 3158 ὲρῥωμένὸν
2513 3153 2516 3160 Ι
2538 3085 2791 3158 φρόνημα
2825 3085 3130 3150 ἀναλαϐὼν,
3159 3088 3253 3140 καὶ⁹
3301 3086 3511 3141 οἴκοθεν
3544 3073 3636 3142 ἐπὶ

1969 3172 2069 3246 τὴν
2095 3174 2198 3244 τῆς
2229 3175 2430 3246 ἀρετῆς
2461 3173 2798 3245 κατόρθωσιν
2851 3173 3114 3240 σπεύσας,
3174 3175 3268 3230 καὶ
3307 3175 3406 3245 τὴν
3463 3175 3636 3246 κακὴν

1971 3261 2148 3314 αὐτῶν
2170 3261 2488 3331 συμφωνίαν
2525 3260 2767 3332 διέφυγε,
2812 3260 2906 3314 καὶ
2963 3261 3064 3330 τῆς
3107 3261 3246 3316 κατά
3295 3262 3511 3316 πάντων
3553 3265 3638 3316 ἐν-

1973 3349 2228 3421 εχθείσης
2267 3349 2646 3420 πανωλεθρίας
2687 3349 2845 3412 ἐκτὸς
2891 3349 3102 3418 γέγονε.
3134 3349 3246 3404 Καὶ
3277 3351 3634 3420 ἐνεθυμήθη,

1973 3439 2128 3509 φησὶ,
2156 3439 2369 3508 Κύριος
2399 3441 2432 3493 ό
2459 3437 2624 3504 Θεὸς,
2656 3439 2744 3491 ὅτι
2784 3438 3036 3506 ἐποίησε
3057 3439 3164 3493 τὸν
3201 3438 3514 3508 ἄνθρωπον
3537 3442 3636 3494 ἐπὶ

1971 3527 2084 3595 τῆς
2109 3526 2240 3598 γῆς.
2273 3529 2413 3598 Ὅρα
2444 3527 2606 3580 πάλιν
2639 3525 2835 3591 λέξεως
2863 3526 3148 3597 παχύτητα
3173 3527 3266 3580 καὶ
3291 3529 3638 3597 συγκαταϐα-

1973 3629 2074 3666 σιν.
2128 3611 2516 3682 Ἐνεθυμήθη,
2564 3611 2749 3683 φησὶν,
2791 3612 2910 3666 ἀντὶ
2942 3612 3059 3676 τοῦ,
3093 3613 3484 3686 Μετεμελήθη·
3536 3616 3638 3668 οὐκ

1971 3699 2159 3772 ἐπειδὴ
2188 3699 2569 3771 μεταμελεῖται
2595 3698 2724 3763 Θεός
2742 3715 2757 3732 ⁸
2794 3700 2869 3768 μὴ
2911 3699 3147 3768 γένοιτο’
3202 3699 3338 3754 ἀλλά
3366 3701 3507 3756 κατά
3539 3701 3638 3773 τὴν

1974 3787 2258 3859 συνήθειαν
2277 3787 2373 3858 τὴν
2401 3785 2745 3857 ἀνθρωπίνην
2764 3787 2893 3858 ἡμῖν
2914 3785 3218 3856 διαλέγεται
3235 3791 3268 3858 ή
3287 3788 3404 3841 θεία
3424 3789 3634 3860 Γραφῇ,

1973 3876 2058 3928 ἵνα
2086 3873 2270 3946 διδάξῃ
2291 3875 2457 3945 ἡμᾶς,
2489 3874 2571 3927 ὅτι
2601 3873 2635 3945 ἠ
2666 3874 2938 3946 ὑπερϐολὴ
2967 3874 3076 3929 τῶν
3101 3877 3509 3948 ἡμαρτημένων
3539 3879 3638 3931 αύ-

1972 3968 2082 4028 τοῖς
2107 3965 2188 4027 είς
2234 3961 2501 4033 τοσαύτην
2546 3963 2914 4034 ἀγανάκτησιν
2966 3965 3056 4018 τὸν
3085 3963 3462 4036 φιλάνθρωπον
3506 3967 3637 4022 Θεὸν

1973 4051 2167 4123 ήγαγε.
2218 4049 2329 4104 Καὶ
2379 4047 2733 4118 ἐνεθυμήθη,
2793 4049 2950 4118 φησι,
2991 4051 3207 4118 Κύριος
3257 4054 3291 4105 ὁ
3343 4055 3506 4120 Θεὸς,
3547 4053 3638 4108 ὅτι

1971 4140 2221 4207 ἐποίησε
2243 4139 2350 4192 τὸν
2376 4139 2688 4206 ἄνθρωπον
2705 4137 2802 4190 ἐπὶ
2828 4137 2935 4206 τῆς
2957 4137 3088 4208 γῆς.
3111 4139 3203 4211 Μὴ
3223 4141 3332 4211 γὰρ
3353 4139 3441 4194 διὰ
3459 4139 3635 4207 τοῦτο,

1973 4227 2126 4296 φησὶ,
2162 4225 2324 4281 αὐτὸν
2352 4226 2695 4298 παρήγαγον,
2744 4225 2832 4278 ἵνα
2858 4226 2938 4288 είς
2966 4225 3220 4280 τοσοῦτον
3259 4225 3472 4280 ὄλισθον
3509 4244 3640 4282 κατ-

1973 4315 2209 4386 ενεχθεὶς
2237 4301 2507 4376 ἀπωλείας
2534 4311 2714 4382 ἐαυτῷ
2737 4311 2907 4376 αἴτιος
2929 4315 3170 4386 καταστῇ
3199 4331 3213 4380 ;
3261 4314 3361 4368 Διά
3388 4313 3548 4368 τοῦτο
3580 4315 3641 4382 ἐξ

1973 4405 2148 4476 ἀρχῆς
2190 4403 2285 4456 καὶ
2325 4405 2389 4455 ἐκ
2420 4402 2722 4472 προοιμίων
2770 4401 3040 4472 τοσαύτης
3081 4401 3292 4474 ἠξίωσα
3348 4405 3512 4458 αὑτὸν
3540 4405 3639 4474 τῆς

1973 4493 2157 4562 τιμῆς,
2191 4491 2286 4546 καὶ
2317 4491 2584 4561 τοσαύτην
2631 4489 2757 4560 περὶ
2787 4489 2949 4542 αὐτὸν
2977 4489 3341 4562 ἐπεδειξάμην
3379 4492 3480 4562 τὴν
3508 4493 3640 4562 πρό-

1975 4597 2144 4644 νοιαν,
2181 4581 2267 4632 ἵνα
2293 4579 2391 4650 τὴν
2419 4577 2620 4650 ἀρετὴν
2652 4577 2904 4643 ἐλόμενος
2929 4577 3086 4640 ἐκτὸς
3111 4577 3210 4647 τῆς
3231 4577 3503 4640 ἀπωλείας
3540 4577 3637 4645 γέο

1974 4685 2152 4738 νηται.
2187 4667 2404 4738 Ἐπειδὴ
2437 4667 2494 4720 δὲ
2516 4668 2616 4720 οὐκ
2635 4668 2714 4730 είς
2736 4666 2855 4720 δέον
2871 4668 3138 4737 ἐχρήσατο
3165 4669 3230 4737 τῇ
3261 4667 3640 4738 φιλανθρωπίᾳ

1974 4759 2040 4828 τῇ
2071 4758 2201 4828 ἐμῇ,
2237 4755 2444 4825 βέλτιον
2476 4753 2660 4808 λοιπὸν
2688 4753 2990 4824 ἐκκοπῆναι
3019 4752 3180 4806 αὑτοῦ
3203 4753 3300 4824 τὴν
3316 4755 3490 4825 κακὴν
3517 4757 3638 4807 ἐπι-

1977 4845 2242 4917 χείρησιν.
2305 4843 2416 4898 Καὶ
2452 4841 2753 4909 διενοήθη,
2787 4843 2885 4895 καὶ
2923 4838 3054 4895 εἷπε
3101 4843 3318 4909 Κύριος
3366 4845 3400 4896 ὀ
3455 4843 3599 4908 Θεός
3623 4859 3634 4871 ·

1990 4933 2317 5001 Ἁπαλείψω
2343 4931 2449 4986 τὸν
2472 4931 2784 4998 ἄνθρωπον
2811 4929 2882 4982 ὃν
2895 4928 3152 4998 ἐποίησα
3173 4929 3290 4982 ἀπὸ
3315 4929 3640 4996 προσώπου

1977 5021 2086 5090 τῆς
2109 5019 2238 5091 γῆς,
2265 5020 2383 5076 ἀπὸ
2407 5018 2720 5086 ἀνθρώπου
2741 5017 2850 5082 ἕως
2885 5015 3166 5082 κτήνους,
3197 5017 3295 5070 καὶ
3319 5017 3437 5070 ἀπὸ
3465 5017 3640 5084 ἑρπε-

1978 5111 2095 5164 τῶν
2121 5111 2231 5174 ἕως
2253 5105 2541 5161 πετεινῶν
2561 5105 2665 5158 τοῦ
2682 5104 2966 5172 οὐρανοῦ,
2995 5102 3086 5156 ὅτι
3111 5103 3508 5172 ἐνεθυμήθην,
3551 5105 3642 5158 ὅτι

1975 5200 2232 5267 ἐποίησα
2260 5197 2498 5260 αὐτούς.
2525 5193 2606 5246 Τὰ
2631 5193 2760 5262 παρ’
2793 5191 2940 5262 [201]
2969 5189 3205 5262 ἐμαυτοῦ
3235 5191 3432 5255 πάντα,
3451 5192 3636 5262 φησιν,

1977 5286 2357 5358 ἐπεδειξάμην.
2401 5281 2532 5336 Ἀπὸ
2558 5279 2654 5334 τοῦ
2698 5281 2773 5350 μὴ
2810 5279 2961 5341 ὄντος
3005 5280 3085 5342 είς
3119 5278 3179 5332 τὸ
3211 5275 3352 5334 εἶναι
3393 5282 3642 5351 παρήγα-

1976 5394 2093 5446 γον,
2127 5374 2222 5444 τὴν
2251 5371 2450 5440 γνῶσιν
2499 5367 2606 5420 τῶν
2641 5367 2931 5438 πρακτέων
2961 5367 3053 5420 καὶ
3081 5366 3190 5420 τῶν
3225 5367 3300 5438 μὴ
3351 5365 3640 5438 πρακτέων

1977 5465 2210 5532 ἐνέθηκα
2235 5463 2300 5531 τῇ
2341 5458 2521 5527 φύσει,
2548 5457 2606 5509 τὸ
2651 5454 2993 5520 αὐτεξούσιον
3033 5455 3416 5526 ἐδωρησάμην,
3445 5454 3640 5524 ἀφάτῳ

1978 5557 2044 5624 τῇ
2079 5546 2428 5621 μακροθυμίᾳ
2453 5542 2793 5616 ἐχρησάμην,
2828 5543 2920 5595 καὶ
2953 5542 3092 5614 μετά
3120 5543 3212 5595 τὸν
3263 5541 3428 5596 πολὺν
3453 5543 3642 5612 χρόνον

1978 5641 2206 5703 ἐκεῖνον,
2262 5633 2355 5687 καὶ
2408 5630 2506 5701 τὴν
2558 5629 2933 5699 ἀγανάκτησιν
2955 5669 2970 5694 ,
3013 5628 3108 5682 καὶ
3141 5629 3240 5698 τὴν
3283 5627 3534 5698 ἀπειλὴν,
3574 5628 3641 5699 ἢν

1979 5724 2153 5787 εἷπον,
2174 5723 2266 5776 καὶ
2282 5719 2472 5790 ἐτέραν
2506 5716 2843 5791 προθεσμίαν
2859 5716 3054 5788 ὥρισα,
3093 5713 3416 5788 βουλόμενος
3446 5715 3642 5778 αὐτοὺς

2039 5970 2072 6022 b
2097 5971 2315 6032 Quatuor
2355 5980 2468 6018 mss.
2503 5973 2595 6023 πᾶς
2637 5965 2785 6021 ὅστιςι
