4038 6394
273 421 376 480 195

269 543 394 610 quia
421 542 584 596 etiam
605 542 686 598 sic
707 541 839 598 nihil
869 541 1162 608 lucrifacio,
1193 559 1290 598 nec
1317 543 1555 613 proﬁcio,
1598 544 1739 612 cogit
1765 555 1858 596 ne-

267 635 494 686 cessitas
524 644 583 686 ut
609 633 782 687 minas
810 648 974 702 opere
995 635 1314 705 compleam,
1341 644 1394 690 et
1418 635 1665 689 omnibus
1687 633 1858 688 modis

268 721 438 778 deleri
464 723 588 780 illos
609 741 819 792 curem,
850 742 912 782 ac
935 727 1074 781 sicut
1111 728 1309 781 malum
1336 727 1599 798 quoddam
1628 727 1860 783 fermen-

266 833 379 878 tum
420 818 669 874 aboleam
719 828 888 875 totum
937 819 1146 874 illorum
1190 833 1378 888 genus,
1415 829 1476 874 ut
1505 835 1572 875 ne
1602 821 1860 889 posterio-

267 913 415 967 ribus
443 910 880 982 generationibus
908 911 1160 979 peccandi
1187 912 1432 967 doctores
1460 911 1606 966 ﬁant.
1635 911 1704 965 E:
1730 912 1858 965 dixit

269 1006 522 1060 Dominus
569 1006 705 1059 Deus
740 1022 759 1060 :
792 1005 979 1060 Delebo
1022 1007 1274 1060 hominem
1316 1022 1462 1074 quem
1514 1006 1612 1076 feci
1664 1022 1695 1058 a
1730 1006 1858 1072 facie

266 1107 436 1161 terra,
485 1095 551 1149 ab
598 1099 799 1151 homine
842 1114 997 1167 usque
1043 1099 1110 1151 ad
1152 1114 1321 1166 pecus.
1355 1096 1470 1151 .Iam
1501 1097 1638 1152 forte
1664 1096 1858 1152 dixerit

263 1192 497 1261 aliquis:
526 1193 700 1260 Quare
724 1206 843 1246 cum
867 1191 1027 1248 homo
1058 1193 1108 1246 in
1137 1193 1332 1246 malum
1362 1193 1665 1263 declinavit,
1696 1197 1856 1250 etiam

262 1279 418 1336 bruta
465 1283 709 1337 eamdem
754 1299 968 1355 ptenam
999 1285 1302 1340 sustinent?
1327 1286 1517 1341 Merito
1545 1302 1694 1343 sane.
1719 1288 1855 1344 Num

265 1385 487 1444 propter
533 1392 688 1430 suum
735 1379 968 1446 ipsorum
1013 1395 1166 1432 usum
1211 1379 1467 1449 producta
1519 1388 1645 1435 sunt
1673 1381 1858 1436 bruta?

263 1464 492 1536 Propter
519 1469 788 1524 hominem
808 1453 943 1524 facta
971 1480 1093 1524 sunt
1111 1471 1224 1540 (α).
1243 1472 1372 1525 Cum
1399 1471 1484 1525 hic
1511 1471 1668 1538 igitur
1691 1488 1720 1526 e
1745 1489 1859 1526 tne-

260 1559 356 1614 dio
404 1562 700 1630 auferatur,
748 1564 868 1634 quis
916 1565 1126 1618 illorum
1166 1579 1295 1620 usus
1335 1567 1514 1621 esset?
1562 1566 1762 1622 Idcirco
1803 1578 1859 1622 et

262 1651 422 1706 istam
477 1670 691 1722 pmnam
745 1671 1082 1712 communem
1133 1657 1328 1724 ferunt,
1379 1671 1430 1713 ut
1482 1660 1857 1732 indignatiOnis

260 1747 578 1815 gravitatem
620 1747 924 1805 addiscatis.
961 1751 1028 1805 Et
1055 1751 1194 1806 sicut
1217 1751 1285 1807 ab
1317 1753 1470 1807 initio
1495 1769 1614 1806 cum
1657 1755 1856 1823 primus

262 1837 426 1894 homo
454 1852 752 1909 peccasset,
783 1853 923 1898 terra
953 1845 1383 1902 male-dictionem
1412 1848 1618 1917 accepit
1650 1865 1663 1900 :
1695 1847 1773 1902 sic
1803 1856 1858 1902 et

260 1947 404 1985 nunc
430 1947 552 1986 cum
598 1935 894 1990 abolendus
923 1945 1067 1991 esset
1095 1936 1276 2000 homo,
1318 1937 1472 1992 bruia
1500 1953 1712 2008 quoque
1739 1939 1852 1992 cla-

257 2025 346 2079 dis
369 2028 516 2082 socia
548 2029 697 2083 liunt.
728 2027 1185 2097 Quemadmodum
1212 2031 1353 2086 enim
1393 2045 1514 2086 cum
1542 2031 1702 2085 homo
1729 2047 1852 2102 gra—

260 2126 349 2170 tus
376 2117 435 2170 lit
467 2119 598 2185 Deo,
629 2131 872 2175 creatura
920 2137 1131 2191 quoque
1169 2121 1415 2177 humana:
1441 2121 1710 2178 felicitatis
1733 2138 1856 2193 par-

259 2208 432 2278 ticeps
471 2219 576 2274 est,
627 2212 767 2266 sicut
807 2213 993 2269 beatus
1023 2214 1216 2270 Paulus
1261 2215 1468 2285 inquit:
1506 2215 1640 2282 Quia
1670 2227 1714 2269 et
1742 2219 1854 2285 ipsa

257 2312 493 2355 creatura
523 2302 814 2357 liberabitur
854 2321 885 2357 a
917 2306 1151 2360 servitute
1187 2308 1521 2377 corruptionis
1561 2309 1615 2361 in
1644 2308 1851 2362 liberta-

259 2403 359 2446 tem
402 2395 630 2462 filiorum
674 2397 854 2464 gloriae
897 2397 991 2451 Dei
1039 2398 1211 2469 (Rom.
1240 2399 1292 2456 8.
1323 2400 1452 2470 21):
1479 2401 1558 2457 sic
1606 2409 1661 2456 et
1711 2415 1853 2455 nunc

255 2497 379 2537 cum
409 2483 573 2539 homo
596 2485 666 2539 ob
691 2486 1080 2542 multitudinem
1101 2498 1434 2558 peccatorum
1460 2490 1778 2561 puniendus,
1798 2499 1852 2546 et

257 2575 549 2629 universali
566 2578 846 2646 perditioni
863 2580 1147 2636 tradendus
1173 2592 1332 2650 esset,
1347 2585 1506 2638 etiam
1515 2584 1776 2654 jumenta,
1797 2595 1854 2640 et

257 2667 490 2735 reptilia,
510 2677 563 2722 et
584 2669 811 2724 volatilia
836 2673 949 2726 οωΙί
966 2674 1120 2727 simul
1142 2686 1363 2742 pereunt
1381 2676 1596 2742 diluvio,
1616 2677 1754 2748 quod
1773 2689 1853 2733 to-

257 2767 370 2812 tum
396 2760 584 2814 orbem
603 2761 912 2817 invasurum
940 2774 1077 2820 erat.
1103 2767 1168 2820 Et
1189 2772 1324 2822 sicut
1349 2767 1402 2822 iu
1424 2768 1606 2836 domo,
1635 2767 1851 2840 quando

256 2849 302 2906 is
324 2852 418 2922 qui
445 2863 640 2922 praeest
671 2857 723 2909 in
771 2855 1187 2927 indignationem
1213 2863 1413 2914 domini
1440 2862 1643 2924 incidit,
1674 2864 1850 2918 solent

255 2946 612 3000 comministri
657 2962 847 3004 omnes
891 2951 939 3005 ei
967 2950 1293 3007 condolere:
1325 2953 1394 3007 ita
1417 2962 1471 3009 et
1499 2952 1586 3008 hic
1613 2955 1763 3022 quasi
1795 2956 1846 3010 in

253 3035 418 3091 domo
462 3037 771 3093 hominibus
802 3041 1169 3110 pereuntibus,
1216 3044 1392 3097 omnia
1437 3060 1555 3114 qua:
1586 3045 1637 3100 in
1666 3047 1844 3113 domo,

254 3139 309 3185 et
362 3145 488 3200 quae
538 3131 639 3187 sub
686 3132 831 3188 illius
880 3144 1034 3190 erant
1084 3135 1343 3204 dominio,
1396 3153 1616 3194 necesse
1667 3139 1766 3195 l‘uit
1795 3141 1846 3196 in

255 3221 505 3277 eamdem
534 3238 744 3291 poenam
779 3225 1030 3281 incidant.
1063 3227 1130 3280 Et
1156 3245 1352 3284 mecum
1384 3231 1630 3299 reputavi,
1655 3232 1843 3302 inquit,

253 3314 392 3380 quod
425 3316 628 3384 fecerim
670 3317 806 3371 illos.
864 3317 1040 3372 Verbo
1084 3318 1185 3373 hoc
1227 3330 1480 3389 quantum
1528 3337 1587 3377 se
1651 3334 1847 3379 nostra.I

254 3404 547 3462 humilitati
591 3409 947 3478 atteniperat?
987 3410 1124 3465 Num
1167 3413 1434 3477 volebam,
1480 3415 1668 3484 inquit,
1703 3425 1845 3470 tanta

254 3497 375 3552 illos
400 3513 558 3568 ptena
589 3500 782 3568 plecti?
823 3500 923 3570 Ipsi
955 3517 1040 3556 tne
1063 3514 1402 3572 peccatorum
1439 3505 1766 3560 immanitate
1796 3507 1846 3559 in

255 3601 460 3646 tantam
509 3593 824 3648 invexerunt
870 3594 1308 3664 indignationem.
1360 3594 1623 3651 Czeterum
1650 3612 1717 3652 ne
1748 3613 1845 3666 pu-

255 3695 432 3738 temus
456 3685 818 3739 omnimodam
845 3687 1184 3742 abolitionem
1217 3688 1431 3743 humani
1473 3690 1682 3759 generis
1709 3690 1842 3756 fieri,

255 3779 616 3848 radicitnsquc
643 3791 883 3836 naturain
913 3792 1149 3837 nostram
1181 3783 1555 3840 eradicandam
1584 3803 1598 3840 :
1639 3785 1735 3841 sed
1761 3787 1846 3839 di-

253 3887 469 3926 scamus
512 3883 766 3942 quantum
811 3875 1010 3929 malum
1067 3876 1135 3930 sit
1177 3886 1474 3947 peccatum,
1509 3887 1566 3933 et
1592 3889 1845 3950 quantum

255 3963 455 4018 bonum
477 3966 646 4020 virtus
676 3983 688 4018 :
718 3967 939 4036 etquod
965 3967 1151 4023 melior
1175 3970 1244 4023 sit
1269 3984 1404 4025 unus
1429 3969 1630 4026 faciens
1654 3971 1845 4026 volun-

253 4065 418 4109 tatem
469 4057 696 4123 Domini,
741 4073 900 4125 quam
942 4058 1127 4115 decem
1166 4061 1332 4115 millia
1376 4063 1843 4131 praevaricatorum

257 4146 445 4218 (Ereti.
475 4149 565 4203 16.
587 4150 664 4217 3),
693 4151 819 4204 dicit
855 4168 870 4204 :
901 4150 956 4208 8.
987 4150 1102 4206 Noe
1126 4163 1291 4206 autem
1318 4153 1504 4208 invenit
1523 4155 1737 4226 gratiam
1759 4173 1845 4210 co-

251 4256 364 4292 rum
399 4239 616 4294 Domino
645 4240 772 4298 Deo.
803 4241 1037 4297 Tametsi
1080 4245 1364 4300 multitudo
1406 4247 1610 4311 omnis,
1653 4247 1842 4318 inquit,

254 4334 306 4387 in
338 4342 542 4387 tantam
574 4336 830 4389 malitiam
862 4337 1129 4404 inciderit,
1170 4338 1344 4408 justus
1374 4348 1552 4396 tamen
1585 4341 1670 4396 hic
1700 4344 1844 4396 scin-

255 4429 422 4482 tillam
449 4428 660 4484 virtutis
690 4432 954 4497 servavit,
992 4432 1116 4487 dum
1148 4432 1228 4488 his
1257 4435 1505 4489 omnibus
1533 4438 1676 4489 omni
1706 4445 1842 4489 tem-

251 4535 386 4588 pore
435 4519 689 4590 loquitur,
738 4531 794 4576 et
818 4522 944 4576 dum
975 4523 1287 4578 adhortatur
1318 4533 1374 4579 ut
1401 4541 1428 4578 a
1457 4525 1656 4580 malitia
1699 4527 1845 4580 desi-

249 4620 420 4674 stant,
447 4614 608 4667 simul
635 4630 694 4670 se
718 4615 926 4670 interim
956 4616 1182 4672 liberum
1208 4619 1274 4672 ab
1303 4619 1510 4673 illorum
1544 4619 1630 4674 Iue
1657 4635 1844 4676 serva-

249 4706 344 4758 vit.
371 4705 595 4776 Insuper
618 4707 756 4761 sicut
777 4708 852 4763 illi
877 4709 1029 4762 malis
1053 4711 1304 4778 cperibus
1329 4711 1646 4766 clementem
1674 4713 1842 4766 Deum

247 4797 316 4852 ad
364 4797 785 4869 indignationem
830 4814 1247 4871 provocaverant
1292 4822 1305 4857 :
1357 4809 1434 4860 sic
1480 4805 1614 4875 ipse,
1650 4807 1844 4862 virtute

249 4889 485 4959 pollens,
523 4891 754 4947 Gratiam
796 4895 982 4948 invenit
1009 4912 1177 4950 coram
1221 4895 1439 4951 Domino
1468 4896 1593 4956 Deo.
1625 4897 1746 4952 Non
1774 4909 1844 4952 cst

248 4982 395 5034 enim
429 4999 759 5050 personarum
785 4995 1019 5054 acceptor
1045 4986 1177 5041 Deus
1199 4987 1336 5058 (Act.
1371 4987 1458 5043 I0.
1491 4989 1601 5060 34).
1647 4988 1842 5044 Verum

246 5081 300 5125 et
346 5072 394 5126 si
446 5072 502 5126 in
548 5083 692 5128 tanta
736 5076 1075 5132 multitudine
1105 5079 1337 5134 inveniat
1379 5077 1648 5135 hominem
1680 5097 1840 5135 unum

247 5179 371 5232 quae
414 5163 516 5218 sibi
556 5165 746 5234 placita
773 5178 896 5222 sunt
939 5168 1242 5236 facientem,
1293 5185 1398 5225 non
1447 5171 1716 5242 despicit:
1748 5173 1842 5228 sed

249 5269 345 5308 sua
377 5255 528 5310 illum
559 5258 809 5326 dignatur
837 5275 986 5327 cura,
1028 5270 1082 5316 et
1121 5271 1269 5316 tanto
1296 5263 1552 5332 majorem
1583 5265 1726 5319 illius
1757 5282 1841 5320 ra-

248 5348 452 5402 tionem
501 5347 681 5416 habet,
729 5362 948 5420 quanto,
996 5367 1115 5407 cum
1149 5363 1226 5409 tot
1264 5356 1502 5426 tantique
1527 5366 1632 5410 smt
1658 5359 1746 5428 qui
1772 5359 1838 5412 ad

246 5455 449 5493 malum
498 5457 619 5495 cum
661 5442 898 5509 trahunt,
945 5444 1057 5514 ipse
1099 5447 1430 5503 constantius
1462 5449 1671 5505 virtutis
1703 5451 1836 5504 viam

243 5545 483 5589 52013103
511 5545 614 5592 εει.

302 5755 379 5821 (μα)
420 5761 554 5804 Itane
591 5757 851 5821 lectionem
889 5759 1242 5821 amplectimur.
1281 5761 1393 5811 licet
1433 5765 1478 5811 in
1518 5778 1612 5812 uno
1650 5776 1832 5815 tantum

242 5817 409 5866 codice
434 5826 735 5881 compareat.
786 5819 839 5868 lu
863 5817 1196 5871 aliis‘deerant
1221 5824 1296 5870 11η·
1323 5839 1481 5882 voces,
1508 5827 1676 5876 merito
1699 5842 1830 5888 sane,
1878 5860 1879 5863 η

242 5890 523 5954 (Εἰκότως),
548 5900 599 5940 et
623 5905 791 5941 manca
815 5892 1067 5942 sententia
1092 5889 1366 5944 videbatur.
1427 5901 1430 5903 λ

1177 424 1241 479 ΙΝ
1279 424 1432 479 CAP.
1475 423 1537 476 ν.
1580 422 1665 478 ΕΤ
1710 420 1794 476 γι.
1837 419 2082 486 6ΕΝΕ5,.
2125 424 2352 496 HOMIL.
2397 421 2562 486 XXII.

3443 447 3544 503 l9!

2050 539 2102 596 6.
2139 540 2351 599 Horatio
2393 546 2692 613 exhortatio,
2744 551 3008 606 avaritiam
3035 555 3088 607 in
3133 557 3344 612 decursu
3386 563 3546 618 horta

1969 633 2118 687 tionis
2146 636 2408 706 proﬂigat.
2436 666 2509 677 —
2533 637 2604 692 ld'
2618 640 2865 709 scientes,
2893 643 2958 698 ad
2985 644 3035 699 id
3063 662 3221 701 unum
3249 663 3552 718 spectemus

1965 723 2106 792 quod
2127 725 2225 794 ipsi
2251 726 2445 795 placet,
2468 737 2523 783 et
2545 730 2708 785 ellicit
2738 742 2794 786 ut
2814 733 2978 802 ipsius
2997 738 3216 806 gratiam
3241 742 3394 796 nobis
3415 757 3557 800 con-
3587 767 3591 776 ·

1965 814 2204 871 ciliemus
2231 833 2245 870 :
2278 833 2450 890 neque
2471 820 2740 877 hominum
2769 826 3036 894 amicitiae,
3063 845 3234 900 neque
3265 846 3561 896 consuctu-
3585 864 3590 877 ι

1963 903 2072 959 dini
2100 907 2170 960 ita
2206 907 2522 978 serviamus,
2555 921 2614 967 ut
2643 914 2851 970 virtutis
2875 919 3123 975 faciamus
3143 922 3425 992 jacturam,
3452 932 3554 987 sed

1969 995 2059 1051 Dei
2114 999 2415 1070 tolerantia,
2447 1015 2604 1074 prout
2643 1006 2816 1076 decet,
2849 1019 3098 1067 utamur:
3129 1022 3183 1069 et
3217 1015 3342 1070 dum
3373 1018 3558 1077 adhuc

1965 1096 2172 1160 tempus
2211 1091 2489 1164 habemus,
2519 1112 2732 1155 omnem
2761 1101 3090 1173 deponentes
3118 1106 3400 1178 ignaviam,
3437 1111 3553 1168 vlr-
3606 1172 3614 1186 .

1965 1191 2128 1237 tutem
2174 1200 2434 1255 amemus,
2485 1201 2866 1264 peccatumque
2909 1198 3034 1252 odio
3077 1199 3384 1260 habeamus.
3432 1205 3549 1263 Nisi

1963 1276 2105 1328 enim
2132 1285 2187 1331 et
2205 1278 2270 1333 ad
2299 1279 2453 1336 istam
2473 1297 2656 1340 amore
2679 1297 2732 1341 et
2751 1288 3015 1346 desiderio
3033 1293 3262 1363 quodam
3283 1297 3543 1359 immenos

1962 1379 2061 1420 nos
2089 1369 2490 1440 contulerimus,
2538 1382 2593 1428 et
2618 1378 2900 1447 nequitiam
2928 1382 3082 1439 valde
3109 1384 3376 1442 oderimus
3409 1405 3422 1441 :
3451 1404 3543 1445 ne-

1963 1473 2066 1526 que
2093 1458 2250 1530 hujus
2279 1462 2527 1520 damnum
2556 1468 2808 1538 ell‘ugerc,
2863 1489 3034 1544 neque
3083 1477 3222 1532 illam
3255 1483 3541 1550 amplexari

1964 1549 2272 1616 poterimus.
2303 1552 2454 1620 Quod
2482 1558 2621 1611 enim
2649 1560 2816 1614 virtus
2840 1578 2973 1632 opus
3004 1565 3195 1621 habeat
3219 1568 3281 1622 iis
3309 1549 3396 1640 qui
3424 1589 3541 1626 eant

1963 1641 2368 1709 concupiscunt,
2402 1655 2454 1699 et
2481 1648 2595 1716 ejus
2623 1651 2886 1708 desiderio
2929 1657 3298 1726 cxardescunt,
3347 1662 3414 1717 de
3442 1664 3544 1716 hoc

1964 1731 2275 1798 prophetam
2325 1736 2449 1790 anuli
2515 1739 2776 1796 dicentem
2811 1743 3062 1800 :Judicia
3116 1749 3320 1806 Domini
3385 1770 3540 1822 vera,

1951 1820 2236 1890 justiﬁcata
2281 1825 2334 1879 in
2379 1828 2633 1899 idipsum,
2685 1833 3036 1892 desiderabilia
3081 1856 3232 1910 super
3272 1859 3452 1898 aurum
3498 1820 3543 1899 et

1960 1913 2182 1985 lapidem
2220 1921 2493 1988 pretiosum
2518 1925 2729 1979 multum
2768 1928 2939 1996 (Paul.
2973 1932 3058 1987 18.
3092 1933 3180 2004 I0)
3213 1952 3226 1987 :
3269 1951 3372 1990 non
3401 1942 3540 2008 quod

1960 2023 2064 2064 non
2095 2011 2263 2080 magis
2291 2011 2684 2084 desiderabilia,
2717 2021 2810 2075 sed
2841 2023 2962 2092 quia
3005 2027 3142 2096 apud
3183 2044 3282 2082 nos
3325 2047 3427 2085 non
3457 2035 3542 2087 in—

1957 2104 2241 2162 veniuntur
2268 2107 2390 2172 alia,
2437 2126 2558 2180 qua:
2611 2111 2692 2166 his
2749 2117 2984 2172 materiis
3030 2119 3136 2172 sint
3183 2123 3540 2190 pretiosiora:

1962 2204 2240 2264 prepterea
2289 2199 2464 2254 subdit
2497 2220 2511 2256 :
2543 2201 2611 2256 Et
2637 2204 2865 2259 dulciora
2888 2223 3041 2280 super
3065 2214 3161 2266 mel
3189 2225 3234 2266 et
3263 2219 3448 2286 favum.
3482 2220 3544 2271 lit

1961 2287 2044 2342 hic
2069 2305 2280 2360 quoque
2309 2293 2430 2362 quia
2473 2310 2576 2350 non
2631 2299 2832 2355 invenit
2856 2303 2998 2372 quod
3026 2317 3214 2362 natura
3245 2311 3400 2366 melle
3424 2312 3541 2366 dul-

1958 2378 2071 2432 cius
2097 2389 2275 2446 esset,
2308 2383 2403 2436 hac
2432 2385 2778 2444 similitudine
2808 2407 2934 2448 usus
2984 2403 3085 2451 est.
3139 2397 3301 2468 Igitur
3344 2403 3479 2457 sicut
3511 2404 3542 2457 ii

1957 2469 2120 2536 quiin
2160 2471 2349 2540 opibus
2378 2474 2688 2546 colligendis
2715 2477 2986 2539 insaniunt
3027 2485 3293 2544 desiderio
3318 2501 3371 2545 et
3413 2507 3543 2546 con-

1958 2560 2281 2627 cupiscentia
2311 2564 2559 2632 quadam,
2591 2568 2643 2622 in
2676 2569 2777 2625 hoc
2805 2573 3118 2630 incumbunt
3145 2593 3337 2650 magno
3371 2585 3544 2638 studio

1958 2662 2014 2704 ct
2040 2661 2252 2718 conatu,
2281 2665 2333 2709 et
2365 2673 2649 2728 numquam
2675 2662 2957 2732 explentur
2999 2685 3012 2720 :
3042 2671 3261 2726 avaritia
3287 2675 3426 2727 enim
3460 2677 3541 2729 in-

1959 2742 2215 2798 satiabilis
2260 2754 2341 2799 est
2390 2746 2620 2804 ebrietas
2651 2769 2663 2804 :
2690 2762 2743 2807 et
2789 2755 2926 2810 sicut
2974 2757 3128 2824 ebrii,
3175 2773 3372 2831 quanto
3425 2767 3543 2835 plus

1958 2832 2083 2887 vino
2107 2847 2167 2888 se
2215 2834 2556 2906 ingurgitaut,
2589 2849 2736 2897 tanto
2763 2845 2926 2915 magis
2953 2847 3018 2902 ad
3045 2849 3186 2907 sitim
3215 2832 3545 2911 inﬂammavi-

1959 2927 2192 2981 tur:sic
2244 2939 2299 2983 et
2351 2930 2434 2984 isti
2480 2949 2690 3004 quoque
2741 2937 3188 2999 insanianrhanc
3234 2946 3540 3003 indomitam

1957 3032 2244 3088 numquam
2269 3021 2457 3078 sistere
2483 3035 2722 3094 ansunt,
2747 3029 2840 3084 sed
2864 3043 3064 3100 quanto
3089 3037 3254 3106 magis
3277 3055 3400 3094 snas
3416 3057 3543 3110 opt-t5

1954 3110 2136 3178 augeri
2165 3111 2362 3180 vident,
2389 3122 2537 3169 tanto
2562 3131 2614 3170 et
2639 3121 3066 3190 concupiscentia
3095 3129 3260 3197 magis
3286 3130 3500 3200 flagrant
3525 3151 3538 3186 :

1955 3217 2128 3272 neque
2153 3214 2308 3260 antea
2336 3219 2365 3259 a
2393 3208 2627 3276 pessimo
2655 3215 2892 3282 appetitu
2935 3217 3035 3272 hoc
3063 3218 3344 3288 absistunt,
3376 3223 3542 3280 donec

1957 3296 2008 3346 in
2055 3294 2225 3362 ipsum
2267 3297 2484 3352 malitia:
2530 3299 2847 3369 profundum
2879 3305 3272 3366 descenderint.
3300 3313 3464 3384 Igitur
3497 3318 3561 3370 si.

1954 3385 2028 3439 illi
2062 3386 2414 3456 perniciosam
2444 3389 2582 3447 hanc
2623 3396 3104 3464 concupiscentiam
3133 3403 3389 3460 malorum
3427 3421 3541 3461 om—

1955 3477 2098 3530 nium
2149 3493 2364 3534 causam
2395 3497 2516 3536 cum
2563 3493 2704 3539 tanta
2745 3490 3088 3546 contentione
3115 3505 3302 3550 curant
3333 3514 3346 3548 :
3377 3500 3564 3552 multo.

1949 3565 2142 3634 justius
2158 3577 2238 3622 est
2257 3584 2355 3623 nos
2363 3570 2560 3640 judicia
2583 3573 2811 3643 Domini,
2830 3593 2946 3648 qua:
2964 3596 3318 3649 superaurum
3335 3596 3458 3640 sunt
3483 3601 3557 3643 et-

1953 3659 2181 3730 lapidem
2211 3662 2500 3732 pretiosum
2544 3667 2794 3736 multum,
2824 3685 3039 3739 semper
3062 3673 3114 3726 in
3157 3687 3334 3731 mente
3360 3689 3560 3733 nostra.

1954 3766 2188 3818 versare,
2223 3755 2458 3825 nihilque
2499 3759 2780 3827 pretiosius
2813 3762 3004 3818 virtute
3053 3765 3164 3835 ipsa
3194 3769 3497 3826 existimare
3522 3817 3535 3836 ,

1954 3842 2050 3898 sed
2097 3847 2409 3902 exscindere
2437 3865 2501 3903 ex
2528 3851 2708 3905 animo
2746 3864 2931 3909 nostro
2969 3856 3277 3914 all‘ectiones
3305 3861 3420 3916 illas
3447 3879 3539 3932 pe-

1951 3937 2163 3994 stiferas
2188 3955 2397 4004 omnes,
2426 3951 2479 3995 et
2507 3943 2645 3998 scire
2675 3947 3015 4015 temporalem
3046 3949 3186 4004 illam
3216 3953 3535 4023 voluptati-in

1952 4040 2264 4100 perpetuum
2298 4048 2485 4102 parere
2526 4037 2704 4093 solere
2747 4038 3009 4104 dolorem,
3057 4051 3110 4098 et
3158 4045 3260 4100 line
3307 4053 3536 4101 (ιιι-θυιὰς.

1954 4133 2233 4200 tormenta,
2257 4129 2654 4199 cavendumque
2673 4147 2791 4187 esse
2814 4148 2879 4187 ne
2905 4135 3230 4203 decipianius
3256 4154 3352 4192 nos
3371 4141 3484 4209 ipso
3517 4183 3536 4208 ,

1953 4233 2125 4288 neque
2151 4231 2396 4289 putemus
2423 4221 2510 4276 hic
2539 4221 2696 4277 tinent
2727 4223 3000 4281 habituras
3029 4213 3149 4282 css'e
3190 4245 3276 4283 res
3307 4243 3534 4286 nostras.

1953 4307 2010 4363 Id
2037 4325 2166 4365 vero
2189 4311 2432 4366 sentiunt
2455 4313 2714 4384 plerique,
2745 4315 2866 4370 licet
2885 4317 3059 4372 verbis
3086 4333 3190 4374 non
3219 4320 3498 4390 loquantur
3523 4341 3535 4376 :

1953 4415 2074 4456 nam
2123 4402 2343 4459 credere
2373 4419 2432 4459 se
2476 4404 2662 4459 dicunt
2708 4411 3174 4476 resurrectionem,
3214 4420 3268 4467 et
3311 4411 3535 4468 futuram

1951 4493 2352 4551 retributionem
2386 4513 2401 4550 :
2429 4497 2522 4550 sed
2544 4512 2642 4567 ego
2665 4513 2770 4553 non
2800 4501 3014 4555 attendo
3034 4503 3214 4569 verba,
3239 4505 3332 4559 sed
3361 4509 3533 4576 quoti—

1951 4590 2109 4644 diana
2151 4598 2318 4660 gesta.
2367 4590 2499 4644 Nam
2530 4591 2574 4645 si
2603 4593 3046 4649 resurrectionem
3075 4607 3350 4666 exspectas
3379 4607 3432 4653 et
3455 4615 3538 4652 re-

1954 4681 2318 4749 tributionem,
2346 4697 2511 4751 quare
2556 4683 2624 4736 ita
2653 4686 2931 4751 praesentis
2960 4686 3081 4740 vitae
3109 4688 3290 4756 gloria:
3326 4688 3536 4742 deditus

1951 4787 2010 4828 es
2035 4773 2058 4828 ?
2085 4774 2280 4839 Quare,
2331 4773 2418 4828 dic
2454 4773 2604 4840 mihi,
2637 4776 2872 4844 quotidie
2914 4778 3118 4831 crucias
3169 4788 3240 4844 te,
3285 4780 3535 4847 pecunias

1955 4865 2135 4934 plures
2164 4879 2320 4935 quam
2352 4880 2512 4919 arena
2543 4865 2610 4920 sit
2631 4865 2907 4936 colligens,
2935 4877 2989 4922 et
3011 4881 3188 4937 agros,
3229 4877 3282 4923 et
3304 4868 3492 4925 domos
3515 4913 3531 4933 ,

1949 4963 2004 5009 et
2046 4954 2262 5009 balneas
2289 4970 2496 5021 emens,
2542 4965 2703 5026 atque
2749 4957 2862 5012 haec
2900 4959 3045 5027 saepe
3084 4973 3178 5028 per
3219 4960 3454 5028 rapinam
3481 4973 3568 5016 et.

1950 5046 2223 5100 avaritiam
2268 5047 2615 5114 corradendo,
2641 5059 2698 5104 et
2727 5049 2851 5104 illud
2893 5049 3163 5119 prolilietae
3190 5051 3389 5107 dictum
3433 5055 3531 5110 ini-

1950 5140 2185 5210 plendo:
2229 5140 2312 5194 Va:
2352 5142 2439 5212 qui
2488 5143 2798 5212 conjungunt
2849 5143 3050 5197 domum
3093 5145 3163 5197 ad-
3212 5147 3436 5213 domum,
3485 5159 3564 5201 et‘

1949 5248 2127 5303 agrum
2155 5249 2279 5304 agro
2307 5234 2565 5302 capulant,
2611 5243 2664 5285 ut
2693 5234 2853 5288 vicino
2897 5235 3130 5304 auferant
3153 5237 3346 5308 aliquid
3376 5237 3524 5308 (leui.

1949 5326 2004 5381 5.
2035 5326 2131 5398 8)?
2161 5329 2350 5380 Annon
2375 5326 2490 5381 haec
2513 5326 2746 5396 quotidie
2765 5327 2946 5383 videre
2963 5342 3039 5384 e5!
3067 5329 3095 5383 ’ἓ
3119 5330 3186 5385 Ει
3209 5330 3296 5387 ille
3315 5332 3526 5402 quidem

1947 5416 2118 5471 dicit:
2150 5416 2308 5487 hujus
2352 5417 2544 5472 domus
2589 5415 2964 5473 obscuritatem
3015 5428 3071 5475 et
3112 5421 3350 5476 umbram
3395 5439 3526 5478 mea:

1950 5509 2086 5577 parit
2110 5525 2126 5574 ;
2154 5517 2210 5562 et
2235 5506 2468 5562 inﬁnitos
2490 5518 2774 5577 prtetextus
2795 5511 3076 5581 excogitat,
3102 5521 3158 5566 ut
3180 5529 3296 5568 eam
3324 5515 3492 5585 rapiat
3510 5556 3518 5563 .

1946 5599 2082 5654 alius
2115 5606 2291 5653 autem
2337 5607 2544 5667 raptum
2592 5600 2807 5669 pauperi
2855 5617 3059 5671 agrum,
3104 5618 3202 5658 suo
3230 5604 3517 5674 conjungit.

1946 5690 2057 5746 lloc
2100 5693 2275 5744 autem
2320 5689 2490 5745 multo
2537 5691 2728 5761 majus,
2758 5701 2808 5746 et
2839 5696 3006 5764 magis
3053 5694 3388 5761 admirabile,
3427 5703 3516 5751 nu-
3574 5696 3589 5715 '

1946 5799 2149 5854 nusque
2176 5784 2329 5837 venia
2356 5783 2594 5852 dignum,
2624 5784 2762 5852 quod
2793 5801 2927 5840 unus
2957 5803 3056 5841 uno
3081 5787 3376 5858 eodemque
3404 5789 3522 5844 loeti

1946 5879 2188 5936 habitans
2214 5887 2266 5935 et
2305 5877 2516 5947 sedens,
2550 5892 2690 5950 smpc
2736 5878 2842 5935 alio
2869 5891 3112 5951 trauslrc,
3144 5897 3314 5957 neque
3339 5886 3385 5968 si
3417 5883 3524 5938 vel-
