  <div class='ocr_page' id='page_1' title='image "/cluster/home/n/w/nwhite01/storage/ocr_20150623/53/nnc1.0046978453/193.png"; bbox 0 0 4038 6394; ppageno 0'>
   <div class='ocr_carea' id='block_1_1' title="bbox 503 412 609 470">
    <p class='ocr_par' dir='ltr' id='par_1_1' title="bbox 503 412 609 470">
     <span class='ocr_line' id='line_1_1' title="bbox 503 412 609 470; baseline -0.019 0"><span class='ocrx_word' id='word_1_1' title='bbox 503 412 609 470; x_wconf 69' lang='lat' dir='ltr'><strong>I95</strong></span> 
     </span>
    </p>
   </div>
   <div class='ocr_carea' id='block_1_2' title="bbox 503 520 2089 594">
    <p class='ocr_par' dir='ltr' id='par_1_2' title="bbox 503 520 2089 594">
     <span class='ocr_line' id='line_1_2' title="bbox 503 520 2089 594; baseline -0.008 -9"><span class='ocrx_word' id='word_1_2' title='bbox 503 530 597 594; x_wconf 88' lang='lat' dir='ltr'><strong>let,</strong></span> <span class='ocrx_word' id='word_1_3' title='bbox 631 527 833 593; x_wconf 70' lang='lat' dir='ltr'><strong>valens»,</strong></span> <span class='ocrx_word' id='word_1_4' title='bbox 882 525 964 581; x_wconf 88' lang='lat' dir='ltr'><strong>vel</strong></span> <span class='ocrx_word' id='word_1_5' title='bbox 993 524 1064 579; x_wconf 90' lang='lat' dir='ltr'><strong>ob</strong></span> <span class='ocrx_word' id='word_1_6' title='bbox 1106 525 1281 578; x_wconf 78' lang='lat' dir='ltr'><strong>varias</strong></span> <span class='ocrx_word' id='word_1_7' title='bbox 1305 524 1703 590; x_wconf 84' lang='lat' dir='ltr'><strong>occupationes,</strong></span> <span class='ocrx_word' id='word_1_8' title='bbox 1734 520 1818 577; x_wconf 81' lang='lat' dir='ltr'><strong>vel</strong></span> <span class='ocrx_word' id='word_1_9' title='bbox 1848 520 2089 589; x_wconf 88' lang='lat' dir='ltr'><strong>corporis</strong></span> 
     </span>
    </p>
   </div>
   <div class='ocr_carea' id='block_1_3' title="bbox 502 611 2091 686">
    <p class='ocr_par' dir='ltr' id='par_1_3' title="bbox 502 611 2091 686">
     <span class='ocr_line' id='line_1_3' title="bbox 502 611 2091 686; baseline -0.003 -16"><span class='ocrx_word' id='word_1_10' title='bbox 502 617 809 674; x_wconf 71' lang='lat' dir='ltr'><strong>valetudine</strong></span> <span class='ocrx_word' id='word_1_11' title='bbox 854 616 1130 686; x_wconf 87' lang='lat' dir='ltr'><strong>alligatus;</strong></span> <span class='ocrx_word' id='word_1_12' title='bbox 1180 614 1374 684; x_wconf 89' lang='lat' dir='ltr'><strong>ubique</strong></span> <span class='ocrx_word' id='word_1_13' title='bbox 1422 621 1596 668; x_wconf 88' lang='lat' dir='ltr'><strong>tamen</strong></span> <span class='ocrx_word' id='word_1_14' title='bbox 1640 622 1696 668; x_wconf 90' lang='lat' dir='ltr'><strong>et</strong></span> <span class='ocrx_word' id='word_1_15' title='bbox 1741 613 1794 666; x_wconf 92' lang='lat' dir='ltr'><strong>in</strong></span> <span class='ocrx_word' id='word_1_16' title='bbox 1842 611 2091 666; x_wconf 88' lang='lat' dir='ltr'><strong>omnibus</strong></span> 
     </span>
    </p>
   </div>
   <div class='ocr_carea' id='block_1_4' title="bbox 502 702 2090 773">
    <p class='ocr_par' dir='ltr' id='par_1_4' title="bbox 502 702 2090 773">
     <span class='ocr_line' id='line_1_4' title="bbox 502 702 2090 773; baseline -0.007 -6"><span class='ocrx_word' id='word_1_17' title='bbox 502 712 674 767; x_wconf 80' lang='lat' dir='ltr'><strong>fer-me</strong></span> <span class='ocrx_word' id='word_1_18' title='bbox 700 710 941 773; x_wconf 83' lang='lat' dir='ltr'><strong>urbibus,</strong></span> <span class='ocrx_word' id='word_1_19' title='bbox 964 709 1291 763; x_wconf 83' lang='lat' dir='ltr'><strong>monimenta</strong></span> <span class='ocrx_word' id='word_1_20' title='bbox 1311 706 1547 761; x_wconf 58' lang='lat' dir='ltr'><strong>avaritiae</strong></span> <span class='ocrx_word' id='word_1_21' title='bbox 1574 719 1685 759; x_wconf 85' lang='lat' dir='ltr'><strong>suae</strong></span> <span class='ocrx_word' id='word_1_22' title='bbox 1712 702 2009 773; x_wconf 86' lang='lat' dir='ltr'><strong>possidere,</strong></span> <span class='ocrx_word' id='word_1_23' title='bbox 2033 711 2090 757; x_wconf 92' lang='lat' dir='ltr'><strong>et</strong></span> 
     </span>
    </p>
   </div>
   <div class='ocr_carea' id='block_1_5' title="bbox 501 795 2085 863">
    <p class='ocr_par' dir='ltr' id='par_1_5' title="bbox 501 795 2085 863">
     <span class='ocr_line' id='line_1_5' title="bbox 501 795 2085 863; baseline -0.008 -4"><span class='ocrx_word' id='word_1_24' title='bbox 501 803 833 860; x_wconf 74' lang='lat' dir='ltr'><strong>immortales</strong></span> <span class='ocrx_word' id='word_1_25' title='bbox 882 802 1100 857; x_wconf 71' lang='lat' dir='ltr'><strong>malitiae</strong></span> <span class='ocrx_word' id='word_1_26' title='bbox 1140 815 1250 855; x_wconf 69' lang='lat' dir='ltr'><strong>sua:</strong></span> <span class='ocrx_word' id='word_1_27' title='bbox 1276 799 1555 853; x_wconf 86' lang='lat' dir='ltr'><strong>columnas</strong></span> <span class='ocrx_word' id='word_1_28' title='bbox 1592 804 1827 851; x_wconf 75' lang='lat' dir='ltr'><strong>statuere</strong></span> <span class='ocrx_word' id='word_1_29' title='bbox 1852 795 2041 863; x_wconf 75' lang='lat' dir='ltr'><strong>satagit</strong></span> <span class='ocrx_word' id='word_1_30' title='bbox 2064 809 2085 847; x_wconf 86' lang='lat'><strong><em>:</em></strong></span> 
     </span>
    </p>
   </div>
   <div class='ocr_carea' id='block_1_6' title="bbox 500 886 2087 964">
    <p class='ocr_par' dir='ltr' id='par_1_6' title="bbox 500 886 2087 964">
     <span class='ocr_line' id='line_1_6' title="bbox 500 886 2087 964; baseline -0.008 -15"><span class='ocrx_word' id='word_1_31' title='bbox 500 906 553 949; x_wconf 93' lang='lat' dir='ltr'><strong>ct</strong></span> <span class='ocrx_word' id='word_1_32' title='bbox 611 904 823 964; x_wconf 80' lang='lat' dir='ltr'><strong>peccata</strong></span> <span class='ocrx_word' id='word_1_33' title='bbox 873 891 1111 963; x_wconf 89' lang='lat' dir='ltr'><strong>quidem,</strong></span> <span class='ocrx_word' id='word_1_34' title='bbox 1155 905 1222 945; x_wconf 81' lang='lat' dir='ltr'><strong>ex</strong></span> <span class='ocrx_word' id='word_1_35' title='bbox 1266 889 1457 960; x_wconf 83' lang='lat' dir='ltr'><strong>quibus</strong></span> <span class='ocrx_word' id='word_1_36' title='bbox 1499 888 1614 943; x_wconf 64' lang='lat' dir='ltr'><strong>hac</strong></span> <span class='ocrx_word' id='word_1_37' title='bbox 1641 887 1817 941; x_wconf 83' lang='lat' dir='ltr'><strong>omnia</strong></span> <span class='ocrx_word' id='word_1_38' title='bbox 1866 886 2087 940; x_wconf 88' lang='lat' dir='ltr'><strong>collecta</strong></span> 
     </span>
    </p>
   </div>
   <div class='ocr_carea' id='block_1_7' title="bbox 500 982 2086 1054">
    <p class='ocr_par' dir='ltr' id='par_1_7' title="bbox 500 982 2086 1054">
     <span class='ocr_line' id='line_1_7' title="bbox 500 982 2086 1054; baseline -0.007 -13"><span class='ocrx_word' id='word_1_39' title='bbox 500 996 647 1049; x_wconf 86' lang='lat' dir='ltr'><strong>sunt.</strong></span> <span class='ocrx_word' id='word_1_40' title='bbox 680 1000 781 1041; x_wconf 91' lang='lat' dir='ltr'><strong>suo</strong></span> <span class='ocrx_word' id='word_1_41' title='bbox 810 983 1009 1054; x_wconf 86' lang='lat' dir='ltr'><strong>imponi</strong></span> <span class='ocrx_word' id='word_1_42' title='bbox 1040 982 1218 1053; x_wconf 86' lang='lat' dir='ltr'><strong>capiti,</strong></span> <span class='ocrx_word' id='word_1_43' title='bbox 1253 983 1532 1050; x_wconf 88' lang='lat' dir='ltr'><strong>l&#39;erensque</strong></span> <span class='ocrx_word' id='word_1_44' title='bbox 1559 994 1776 1050; x_wconf 89' lang='lat' dir='ltr'><strong>gravem</strong></span> <span class='ocrx_word' id='word_1_45' title='bbox 1803 991 1867 1032; x_wconf 91' lang='lat' dir='ltr'><strong>ac</strong></span> <span class='ocrx_word' id='word_1_46' title='bbox 1892 991 2086 1031; x_wconf 85' lang='lat' dir='ltr'><strong>onero-</strong></span> 
     </span>
    </p>
   </div>
   <div class='ocr_carea' id='block_1_8' title="bbox 500 1068 2088 1140">
    <p class='ocr_par' dir='ltr' id='par_1_8' title="bbox 500 1068 2088 1140">
     <span class='ocr_line' id='line_1_8' title="bbox 500 1068 2088 1140; baseline -0.008 -5"><span class='ocrx_word' id='word_1_47' title='bbox 500 1097 614 1135; x_wconf 86' lang='lat' dir='ltr'><strong>sam</strong></span> <span class='ocrx_word' id='word_1_48' title='bbox 645 1081 839 1135; x_wconf 91' lang='lat' dir='ltr'><strong>molem</strong></span> <span class='ocrx_word' id='word_1_49' title='bbox 865 1093 967 1133; x_wconf 93' lang='lat' dir='ltr'><strong>non</strong></span> <span class='ocrx_word' id='word_1_50' title='bbox 1002 1076 1164 1132; x_wconf 88' lang='lat' dir='ltr'><strong>sentit</strong></span> <span class='ocrx_word' id='word_1_51' title='bbox 1196 1094 1208 1130; x_wconf 89' lang='lat'><strong>:</strong></span> <span class='ocrx_word' id='word_1_52' title='bbox 1237 1076 1354 1130; x_wconf 90' lang='lat' dir='ltr'><strong>aliis</strong></span> <span class='ocrx_word' id='word_1_53' title='bbox 1382 1083 1559 1128; x_wconf 89' lang='lat' dir='ltr'><strong>autem</strong></span> <span class='ocrx_word' id='word_1_54' title='bbox 1587 1087 1761 1135; x_wconf 90' lang='lat' dir='ltr'><strong>usum,</strong></span> <span class='ocrx_word' id='word_1_55' title='bbox 1788 1070 1876 1140; x_wconf 90' lang='lat' dir='ltr'><strong>qui</strong></span> <span class='ocrx_word' id='word_1_56' title='bbox 1906 1085 1973 1123; x_wconf 80' lang='lat' dir='ltr'><strong>ex</strong></span> <span class='ocrx_word' id='word_1_57' title='bbox 2002 1068 2088 1123; x_wconf 88' lang='lat' dir='ltr'><strong>his</strong></span> 
     </span>
    </p>
   </div>
   <div class='ocr_carea' id='block_1_9' title="bbox 503 1160 2089 1239">
    <p class='ocr_par' dir='ltr' id='par_1_9' title="bbox 503 1160 2089 1239">
     <span class='ocr_line' id='line_1_9' title="bbox 503 1160 2089 1239; baseline -0.007 -15"><span class='ocrx_word' id='word_1_58' title='bbox 503 1171 688 1227; x_wconf 81' lang='lat' dir='ltr'><strong>haberi</strong></span> <span class='ocrx_word' id='word_1_59' title='bbox 743 1179 937 1239; x_wconf 83' lang='lat' dir='ltr'><strong>potest,</strong></span> <span class='ocrx_word' id='word_1_60' title='bbox 971 1167 1235 1231; x_wconf 87' lang='lat' dir='ltr'><strong>concedit,</strong></span> <span class='ocrx_word' id='word_1_61' title='bbox 1268 1181 1374 1221; x_wconf 92' lang='lat' dir='ltr'><strong>non</strong></span> <span class='ocrx_word' id='word_1_62' title='bbox 1402 1164 1575 1219; x_wconf 91' lang='lat' dir='ltr'><strong>solum</strong></span> <span class='ocrx_word' id='word_1_63' title='bbox 1625 1171 1746 1233; x_wconf 89' lang='lat' dir='ltr'><strong>post</strong></span> <span class='ocrx_word' id='word_1_64' title='bbox 1784 1160 2089 1231; x_wconf 88' lang='lat' dir='ltr'><strong>emigratio-</strong></span> 
     </span>
    </p>
   </div>
   <div class='ocr_carea' id='block_1_10' title="bbox 503 1249 2087 1325">
    <p class='ocr_par' dir='ltr' id='par_1_10' title="bbox 503 1249 2087 1325">
     <span class='ocr_line' id='line_1_10' title="bbox 503 1249 2087 1325; baseline -0.009 -9"><span class='ocrx_word' id='word_1_65' title='bbox 503 1279 625 1318; x_wconf 92' lang='lat' dir='ltr'><strong>nem</strong></span> <span class='ocrx_word' id='word_1_66' title='bbox 655 1278 719 1316; x_wconf 80' lang='lat' dir='ltr'><strong>ex</strong></span> <span class='ocrx_word' id='word_1_67' title='bbox 752 1262 850 1315; x_wconf 91' lang='lat' dir='ltr'><strong>hac</strong></span> <span class='ocrx_word' id='word_1_68' title='bbox 880 1260 1009 1324; x_wconf 89' lang='lat' dir='ltr'><strong>vita,</strong></span> <span class='ocrx_word' id='word_1_69' title='bbox 1055 1257 1151 1314; x_wconf 90' lang='lat' dir='ltr'><strong>sed</strong></span> <span class='ocrx_word' id='word_1_70' title='bbox 1178 1258 1338 1313; x_wconf 92' lang='lat' dir='ltr'><strong>etiam</strong></span> <span class='ocrx_word' id='word_1_71' title='bbox 1381 1266 1665 1325; x_wconf 80' lang='lat' dir='ltr'><strong>antequam</strong></span> <span class='ocrx_word' id='word_1_72' title='bbox 1697 1253 1819 1307; x_wconf 91' lang='lat' dir='ltr'><strong>hinc</strong></span> <span class='ocrx_word' id='word_1_73' title='bbox 1841 1249 2087 1319; x_wconf 87' lang='lat' dir='ltr'><strong>egredia-</strong></span> 
     </span>
    </p>
   </div>
   <div class='ocr_carea' id='block_1_11' title="bbox 502 1341 2086 1410">
    <p class='ocr_par' dir='ltr' id='par_1_11' title="bbox 502 1341 2086 1410">
     <span class='ocr_line' id='line_1_11' title="bbox 502 1341 2086 1410; baseline -0.011 0"><span class='ocrx_word' id='word_1_74' title='bbox 502 1364 609 1410; x_wconf 89' lang='lat' dir='ltr'><strong>tur.</strong></span> <span class='ocrx_word' id='word_1_75' title='bbox 640 1353 769 1407; x_wconf 86' lang='lat' dir='ltr'><strong>Nam</strong></span> <span class='ocrx_word' id='word_1_76' title='bbox 802 1350 1011 1406; x_wconf 87' lang='lat' dir='ltr'><strong>etiamsi</strong></span> <span class='ocrx_word' id='word_1_77' title='bbox 1041 1367 1146 1404; x_wconf 91' lang='lat' dir='ltr'><strong>non</strong></span> <span class='ocrx_word' id='word_1_78' title='bbox 1179 1350 1375 1403; x_wconf 91' lang='lat' dir='ltr'><strong>invitus</strong></span> <span class='ocrx_word' id='word_1_79' title='bbox 1402 1347 1481 1402; x_wconf 88' lang='lat' dir='ltr'><strong>eis</strong></span> <span class='ocrx_word' id='word_1_80' title='bbox 1509 1346 1758 1408; x_wconf 91' lang='lat' dir='ltr'><strong>nudetur,</strong></span> <span class='ocrx_word' id='word_1_81' title='bbox 1802 1358 1833 1397; x_wconf 92' lang='lat' dir='ltr'><strong>a</strong></span> <span class='ocrx_word' id='word_1_82' title='bbox 1859 1341 2086 1396; x_wconf 91' lang='lat' dir='ltr'><strong>familia-</strong></span> 
     </span>
    </p>
   </div>
   <div class='ocr_carea' id='block_1_12' title="bbox 500 1434 2087 1511">
    <p class='ocr_par' dir='ltr' id='par_1_12' title="bbox 500 1434 2087 1511">
     <span class='ocr_line' id='line_1_12' title="bbox 500 1434 2087 1511; baseline -0.009 -10"><span class='ocrx_word' id='word_1_83' title='bbox 500 1448 645 1501; x_wconf 89' lang='lat' dir='ltr'><strong>rihns</strong></span> <span class='ocrx_word' id='word_1_84' title='bbox 672 1446 785 1501; x_wconf 66' lang='lat' dir='ltr'><strong>haec</strong></span> <span class='ocrx_word' id='word_1_85' title='bbox 814 1444 989 1499; x_wconf 90' lang='lat' dir='ltr'><strong>omnia</strong></span> <span class='ocrx_word' id='word_1_86' title='bbox 1017 1443 1360 1511; x_wconf 83' lang='lat' dir='ltr'><strong>dissipantur,</strong></span> <span class='ocrx_word' id='word_1_87' title='bbox 1393 1448 1448 1494; x_wconf 93' lang='lat' dir='ltr'><strong>et</strong></span> <span class='ocrx_word' id='word_1_88' title='bbox 1484 1448 1541 1493; x_wconf 92' lang='lat' dir='ltr'><strong>ut</strong></span> <span class='ocrx_word' id='word_1_89' title='bbox 1570 1439 1640 1492; x_wconf 90' lang='lat' dir='ltr'><strong>ita</strong></span> <span class='ocrx_word' id='word_1_90' title='bbox 1667 1437 1861 1500; x_wconf 92' lang='lat' dir='ltr'><strong>dicam,</strong></span> <span class='ocrx_word' id='word_1_91' title='bbox 1884 1434 2087 1488; x_wconf 80' lang='lat' dir='ltr'><strong>dilace-</strong></span> 
     </span>
    </p>
   </div>
   <div class='ocr_carea' id='block_1_13' title="bbox 501 1525 2082 1609">
    <p class='ocr_par' dir='ltr' id='par_1_13' title="bbox 501 1525 2082 1609">
     <span class='ocr_line' id='line_1_13' title="bbox 501 1525 2082 1609; baseline -0.009 -15"><span class='ocrx_word' id='word_1_92' title='bbox 501 1548 686 1609; x_wconf 89' lang='lat' dir='ltr'><strong>rantur</strong></span> <span class='ocrx_word' id='word_1_93' title='bbox 705 1555 719 1592; x_wconf 88' lang='lat'><strong>:</strong></span> <span class='ocrx_word' id='word_1_94' title='bbox 740 1552 915 1607; x_wconf 91' lang='lat' dir='ltr'><strong>neque</strong></span> <span class='ocrx_word' id='word_1_95' title='bbox 936 1535 1051 1605; x_wconf 91' lang='lat' dir='ltr'><strong>ipse</strong></span> <span class='ocrx_word' id='word_1_96' title='bbox 1069 1534 1154 1589; x_wconf 84' lang='lat' dir='ltr'><strong>vel</strong></span> <span class='ocrx_word' id='word_1_97' title='bbox 1179 1534 1457 1589; x_wconf 90' lang='lat' dir='ltr'><strong>millesima</strong></span> <span class='ocrx_word' id='word_1_98' title='bbox 1487 1546 1671 1587; x_wconf 86' lang='lat' dir='ltr'><strong>eorum</strong></span> <span class='ocrx_word' id='word_1_99' title='bbox 1694 1538 1844 1599; x_wconf 90' lang='lat' dir='ltr'><strong>parte</strong></span> <span class='ocrx_word' id='word_1_100' title='bbox 1869 1525 2082 1581; x_wconf 83' lang='lat' dir='ltr'><strong>fruitur.</strong></span> 
     </span>
    </p>
   </div>
   <div class='ocr_carea' id='block_1_14' title="bbox 500 1620 2083 1699">
    <p class='ocr_par' dir='ltr' id='par_1_14' title="bbox 500 1620 2083 1699">
     <span class='ocr_line' id='line_1_14' title="bbox 500 1620 2083 1699; baseline -0.01 -14"><span class='ocrx_word' id='word_1_101' title='bbox 500 1631 568 1685; x_wconf 85' lang='lat' dir='ltr'><strong>Et</strong></span> <span class='ocrx_word' id='word_1_102' title='bbox 584 1629 708 1699; x_wconf 91' lang='lat' dir='ltr'><strong>quid</strong></span> <span class='ocrx_word' id='word_1_103' title='bbox 738 1628 859 1683; x_wconf 92' lang='lat' dir='ltr'><strong>dico</strong></span> <span class='ocrx_word' id='word_1_104' title='bbox 885 1626 1114 1681; x_wconf 86' lang='lat' dir='ltr'><strong>fruitur?</strong></span> <span class='ocrx_word' id='word_1_105' title='bbox 1140 1624 1439 1692; x_wconf 87' lang='lat' dir='ltr'><strong>Quomodo,</strong></span> <span class='ocrx_word' id='word_1_106' title='bbox 1463 1636 1583 1677; x_wconf 92' lang='lat' dir='ltr'><strong>cum</strong></span> <span class='ocrx_word' id='word_1_107' title='bbox 1612 1620 1822 1675; x_wconf 88' lang='lat' dir='ltr'><strong>nonnisi</strong></span> <span class='ocrx_word' id='word_1_108' title='bbox 1845 1628 2083 1672; x_wconf 91' lang='lat' dir='ltr'><strong>ventrem</strong></span> 
     </span>
    </p>
   </div>
   <div class='ocr_carea' id='block_1_15' title="bbox 500 1711 2081 1791">
    <p class='ocr_par' dir='ltr' id='par_1_15' title="bbox 500 1711 2081 1791">
     <span class='ocr_line' id='line_1_15' title="bbox 500 1711 2081 1791; baseline -0.009 -13"><span class='ocrx_word' id='word_1_109' title='bbox 500 1739 665 1778; x_wconf 91' lang='lat' dir='ltr'><strong>unum</strong></span> <span class='ocrx_word' id='word_1_110' title='bbox 710 1722 921 1789; x_wconf 84' lang='lat' dir='ltr'><strong>habeat,</strong></span> <span class='ocrx_word' id='word_1_111' title='bbox 968 1720 1139 1791; x_wconf 88' lang='lat' dir='ltr'><strong>possit</strong></span> <span class='ocrx_word' id='word_1_112' title='bbox 1185 1726 1263 1773; x_wconf 91' lang='lat' dir='ltr'><strong>tot</strong></span> <span class='ocrx_word' id='word_1_113' title='bbox 1310 1732 1469 1788; x_wconf 90' lang='lat' dir='ltr'><strong>opum</strong></span> <span class='ocrx_word' id='word_1_114' title='bbox 1509 1713 1898 1769; x_wconf 90' lang='lat' dir='ltr'><strong>multitudinem</strong></span> <span class='ocrx_word' id='word_1_115' title='bbox 1929 1711 2081 1765; x_wconf 85' lang='lat' dir='ltr'><strong>absu-</strong></span> 
     </span>
    </p>
   </div>
   <div class='ocr_carea' id='block_1_16' title="bbox 500 1815 689 1870">
    <p class='ocr_par' dir='ltr' id='par_1_16' title="bbox 500 1815 689 1870">
     <span class='ocr_line' id='line_1_16' title="bbox 500 1815 689 1870; baseline -0.011 0"><span class='ocrx_word' id='word_1_116' title='bbox 500 1830 647 1870; x_wconf 84' lang='lat' dir='ltr'><strong>mere</strong></span> <span class='ocrx_word' id='word_1_117' title='bbox 666 1815 689 1868; x_wconf 68' lang='grc' dir='ltr'>τ</span> 
     </span>
    </p>
   </div>
   <div class='ocr_carea' id='block_1_17' title="bbox 571 1896 2076 1967">
    <p class='ocr_par' dir='ltr' id='par_1_17' title="bbox 571 1896 2076 1967">
     <span class='ocr_line' id='line_1_17' title="bbox 571 1896 2076 1967; baseline -0.011 -4"><span class='ocrx_word' id='word_1_118' title='bbox 571 1910 624 1963; x_wconf 88' lang='grc'><strong>7.</strong></span> <span class='ocrx_word' id='word_1_119' title='bbox 674 1908 742 1962; x_wconf 88' lang='lat' dir='ltr'><strong>At</strong></span> <span class='ocrx_word' id='word_1_120' title='bbox 770 1906 1031 1961; x_wconf 90' lang='lat' dir='ltr'><strong>malorum</strong></span> <span class='ocrx_word' id='word_1_121' title='bbox 1072 1903 1308 1959; x_wconf 92' lang='lat' dir='ltr'><strong>omnium</strong></span> <span class='ocrx_word' id='word_1_122' title='bbox 1353 1915 1513 1956; x_wconf 89' lang='lat' dir='ltr'><strong>causa</strong></span> <span class='ocrx_word' id='word_1_123' title='bbox 1557 1909 1640 1955; x_wconf 91' lang='lat' dir='ltr'><strong>est</strong></span> <span class='ocrx_word' id='word_1_124' title='bbox 1685 1912 1819 1951; x_wconf 87' lang='lat' dir='ltr'><strong>vana</strong></span> <span class='ocrx_word' id='word_1_125' title='bbox 1862 1896 2026 1967; x_wconf 77' lang='lat' dir='ltr'><strong>gloria</strong></span> <span class='ocrx_word' id='word_1_126' title='bbox 2064 1911 2076 1946; x_wconf 93' lang='lat'>:</span> 
     </span>
    </p>
   </div>
   <div class='ocr_carea' id='block_1_18' title="bbox 499 1988 2081 2071">
    <p class='ocr_par' dir='ltr' id='par_1_18' title="bbox 499 1988 2081 2071">
     <span class='ocr_line' id='line_1_18' title="bbox 499 1988 2081 2071; baseline -0.008 -18"><span class='ocrx_word' id='word_1_127' title='bbox 499 1999 639 2071; x_wconf 91' lang='lat' dir='ltr'><strong>quod</strong></span> <span class='ocrx_word' id='word_1_128' title='bbox 666 2013 858 2068; x_wconf 87' lang='lat' dir='ltr'><strong>nempe</strong></span> <span class='ocrx_word' id='word_1_129' title='bbox 886 1997 1016 2053; x_wconf 87' lang='lat' dir='ltr'><strong>velit</strong></span> <span class='ocrx_word' id='word_1_130' title='bbox 1041 2010 1232 2050; x_wconf 91' lang='lat' dir='ltr'><strong>nomen</strong></span> <span class='ocrx_word' id='word_1_131' title='bbox 1255 2009 1406 2049; x_wconf 90' lang='lat' dir='ltr'><strong>suum</strong></span> <span class='ocrx_word' id='word_1_132' title='bbox 1431 1993 1629 2063; x_wconf 87' lang='lat' dir='ltr'><strong>imponi</strong></span> <span class='ocrx_word' id='word_1_133' title='bbox 1659 1992 1822 2061; x_wconf 90' lang='lat' dir='ltr'><strong>agris,</strong></span> <span class='ocrx_word' id='word_1_134' title='bbox 1856 1988 2081 2054; x_wconf 82' lang='lat' dir='ltr'><strong>balneis,</strong></span> 
     </span>
    </p>
   </div>
   <div class='ocr_carea' id='block_1_19' title="bbox 498 2084 2079 2157">
    <p class='ocr_par' dir='ltr' id='par_1_19' title="bbox 498 2084 2079 2157">
     <span class='ocr_line' id='line_1_19' title="bbox 498 2084 2079 2157; baseline -0.009 -10"><span class='ocrx_word' id='word_1_135' title='bbox 498 2102 554 2147; x_wconf 91' lang='lat' dir='ltr'><strong>et</strong></span> <span class='ocrx_word' id='word_1_136' title='bbox 580 2090 806 2146; x_wconf 54' lang='lat' dir='ltr'><strong>aedibus.</strong></span> <span class='ocrx_word' id='word_1_137' title='bbox 858 2089 988 2157; x_wconf 71' lang='lat' dir='ltr'><strong>Qua:</strong></span> <span class='ocrx_word' id='word_1_138' title='bbox 1013 2088 1107 2142; x_wconf 87' lang='lat' dir='ltr'><strong>tibi</strong></span> <span class='ocrx_word' id='word_1_139' title='bbox 1158 2086 1285 2142; x_wconf 91' lang='lat' dir='ltr'><strong>hinc</strong></span> <span class='ocrx_word' id='word_1_140' title='bbox 1320 2087 1553 2149; x_wconf 84' lang='lat' dir='ltr'><strong>utilitas,</strong></span> <span class='ocrx_word' id='word_1_141' title='bbox 1601 2084 1797 2148; x_wconf 91' lang='lat' dir='ltr'><strong>homo,</strong></span> <span class='ocrx_word' id='word_1_142' title='bbox 1827 2096 1945 2136; x_wconf 90' lang='lat' dir='ltr'><strong>cum</strong></span> <span class='ocrx_word' id='word_1_143' title='bbox 1976 2096 2079 2135; x_wconf 93' lang='lat' dir='ltr'><strong>non</strong></span> 
     </span>
    </p>
   </div>
   <div class='ocr_carea' id='block_1_20' title="bbox 499 2174 2085 2253">
    <p class='ocr_par' dir='ltr' id='par_1_20' title="bbox 499 2174 2085 2253">
     <span class='ocr_line' id='line_1_20' title="bbox 499 2174 2085 2253; baseline -0.007 -15"><span class='ocrx_word' id='word_1_144' title='bbox 499 2183 667 2239; x_wconf 84' lang='lat' dir='ltr'><strong>multo</strong></span> <span class='ocrx_word' id='word_1_145' title='bbox 696 2193 843 2253; x_wconf 90' lang='lat' dir='ltr'><strong>post,</strong></span> <span class='ocrx_word' id='word_1_146' title='bbox 875 2180 1011 2235; x_wconf 82' lang='lat' dir='ltr'><strong>febri</strong></span> <span class='ocrx_word' id='word_1_147' title='bbox 1046 2181 1294 2249; x_wconf 88' lang='lat' dir='ltr'><strong>quapiam</strong></span> <span class='ocrx_word' id='word_1_148' title='bbox 1326 2186 1379 2232; x_wconf 91' lang='lat' dir='ltr'><strong>te</strong></span> <span class='ocrx_word' id='word_1_149' title='bbox 1405 2177 1733 2247; x_wconf 90' lang='lat' dir='ltr'><strong>corripiente</strong></span> <span class='ocrx_word' id='word_1_150' title='bbox 1755 2214 1769 2239; x_wconf 98' lang='lat'><strong>,</strong></span> <span class='ocrx_word' id='word_1_151' title='bbox 1801 2174 2085 2240; x_wconf 85' lang='lat' dir='ltr'><strong>animaque</strong></span> 
     </span>
    </p>
   </div>
   <div class='ocr_carea' id='block_1_21' title="bbox 498 2262 2080 2337">
    <p class='ocr_par' dir='ltr' id='par_1_21' title="bbox 498 2262 2080 2337">
     <span class='ocr_line' id='line_1_21' title="bbox 498 2262 2080 2337; baseline -0.009 -7"><span class='ocrx_word' id='word_1_152' title='bbox 498 2274 676 2330; x_wconf 86' lang='lat' dir='ltr'><strong>subito</strong></span> <span class='ocrx_word' id='word_1_153' title='bbox 702 2273 947 2327; x_wconf 89' lang='lat' dir='ltr'><strong>evolante</strong></span> <span class='ocrx_word' id='word_1_154' title='bbox 972 2311 988 2337; x_wconf 93' lang='lat'><strong>,</strong></span> <span class='ocrx_word' id='word_1_155' title='bbox 1036 2268 1209 2324; x_wconf 90' lang='lat' dir='ltr'><strong>nudus</strong></span> <span class='ocrx_word' id='word_1_156' title='bbox 1235 2278 1291 2323; x_wconf 91' lang='lat' dir='ltr'><strong>et</strong></span> <span class='ocrx_word' id='word_1_157' title='bbox 1316 2282 1513 2322; x_wconf 91' lang='lat' dir='ltr'><strong>vacuus</strong></span> <span class='ocrx_word' id='word_1_158' title='bbox 1553 2263 1932 2335; x_wconf 89' lang='lat' dir='ltr'><strong>relinquendus</strong></span> <span class='ocrx_word' id='word_1_159' title='bbox 1962 2262 2038 2317; x_wconf 92' lang='lat' dir='ltr'><strong>sis</strong></span> <span class='ocrx_word' id='word_1_160' title='bbox 2064 2276 2080 2316; x_wconf 88' lang='lat'><strong>:</strong></span> 
     </span>
    </p>
   </div>
   <div class='ocr_carea' id='block_1_22' title="bbox 500 2352 2083 2432">
    <p class='ocr_par' dir='ltr' id='par_1_22' title="bbox 500 2352 2083 2432">
     <span class='ocr_line' id='line_1_22' title="bbox 500 2352 2083 2432; baseline -0.009 -12"><span class='ocrx_word' id='word_1_161' title='bbox 500 2368 608 2421; x_wconf 90' lang='lat' dir='ltr'><strong>imo</strong></span> <span class='ocrx_word' id='word_1_162' title='bbox 645 2365 840 2418; x_wconf 88' lang='lat' dir='ltr'><strong>virtute</strong></span> <span class='ocrx_word' id='word_1_163' title='bbox 878 2360 1090 2432; x_wconf 87' lang='lat' dir='ltr'><strong>quidem</strong></span> <span class='ocrx_word' id='word_1_164' title='bbox 1135 2359 1364 2414; x_wconf 86' lang='lat' dir='ltr'><strong>nudatus</strong></span> <span class='ocrx_word' id='word_1_165' title='bbox 1390 2400 1404 2423; x_wconf 88' lang='lat'><strong>,</strong></span> <span class='ocrx_word' id='word_1_166' title='bbox 1450 2357 1677 2413; x_wconf 90' lang='lat' dir='ltr'><strong>vestitus</strong></span> <span class='ocrx_word' id='word_1_167' title='bbox 1717 2364 1896 2410; x_wconf 88' lang='lat' dir='ltr'><strong>autem</strong></span> <span class='ocrx_word' id='word_1_168' title='bbox 1946 2352 2083 2423; x_wconf 84' lang='lat' dir='ltr'><strong>inju-</strong></span> 
     </span>
    </p>
   </div>
   <div class='ocr_carea' id='block_1_23' title="bbox 499 2446 2086 2522">
    <p class='ocr_par' dir='ltr' id='par_1_23' title="bbox 499 2446 2086 2522">
     <span class='ocr_line' id='line_1_23' title="bbox 499 2446 2086 2522; baseline -0.008 -12"><span class='ocrx_word' id='word_1_169' title='bbox 499 2456 641 2511; x_wconf 90' lang='lat' dir='ltr'><strong>stitia</strong></span> <span class='ocrx_word' id='word_1_170' title='bbox 660 2496 675 2519; x_wconf 94' lang='lat'><strong>,</strong></span> <span class='ocrx_word' id='word_1_171' title='bbox 706 2453 905 2522; x_wconf 87' lang='lat' dir='ltr'><strong>rapinis</strong></span> <span class='ocrx_word' id='word_1_172' title='bbox 924 2492 940 2517; x_wconf 96' lang='lat'><strong>,</strong></span> <span class='ocrx_word' id='word_1_173' title='bbox 977 2451 1218 2517; x_wconf 88' lang='lat' dir='ltr'><strong>avaritia,</strong></span> <span class='ocrx_word' id='word_1_174' title='bbox 1244 2449 1549 2521; x_wconf 77' lang='lat' dir='ltr'><strong>gemitibus,</strong></span> <span class='ocrx_word' id='word_1_175' title='bbox 1578 2447 1883 2517; x_wconf 90' lang='lat' dir='ltr'><strong>ejulatibus,</strong></span> <span class='ocrx_word' id='word_1_176' title='bbox 1912 2446 2086 2516; x_wconf 88' lang='lat' dir='ltr'><strong>lacry-</strong></span> 
     </span>
    </p>
   </div>
   <div class='ocr_carea' id='block_1_24' title="bbox 500 2537 2084 2615">
    <p class='ocr_par' dir='ltr' id='par_1_24' title="bbox 500 2537 2084 2615">
     <span class='ocr_line' id='line_1_24' title="bbox 500 2537 2084 2615; baseline -0.006 -14"><span class='ocrx_word' id='word_1_177' title='bbox 500 2548 601 2602; x_wconf 93' lang='lat' dir='ltr'><strong>mis</strong></span> <span class='ocrx_word' id='word_1_178' title='bbox 621 2546 984 2615; x_wconf 87' lang='lat' dir='ltr'><strong>orphanorum</strong></span> <span class='ocrx_word' id='word_1_179' title='bbox 1007 2584 1023 2609; x_wconf 96' lang='lat'><strong>,</strong></span> <span class='ocrx_word' id='word_1_180' title='bbox 1054 2542 1259 2598; x_wconf 84' lang='lat' dir='ltr'><strong>insidiis</strong></span> <span class='ocrx_word' id='word_1_181' title='bbox 1280 2583 1295 2608; x_wconf 95' lang='lat'><strong>,</strong></span> <span class='ocrx_word' id='word_1_182' title='bbox 1327 2541 1507 2597; x_wconf 82' lang='lat' dir='ltr'><strong>dolis?</strong></span> <span class='ocrx_word' id='word_1_183' title='bbox 1558 2538 1841 2609; x_wconf 86' lang='lat' dir='ltr'><strong>Quomodo</strong></span> <span class='ocrx_word' id='word_1_184' title='bbox 1880 2537 2084 2608; x_wconf 85' lang='lat' dir='ltr'><strong>poteris</strong></span> 
     </span>
    </p>
   </div>
   <div class='ocr_carea' id='block_1_25' title="bbox 499 2628 2083 2708">
    <p class='ocr_par' dir='ltr' id='par_1_25' title="bbox 499 2628 2083 2708">
     <span class='ocr_line' id='line_1_25' title="bbox 499 2628 2083 2708; baseline -0.006 -16"><span class='ocrx_word' id='word_1_185' title='bbox 499 2637 726 2708; x_wconf 86' lang='lat' dir='ltr'><strong>grandes</strong></span> <span class='ocrx_word' id='word_1_186' title='bbox 754 2643 1162 2707; x_wconf 89' lang='lat' dir='ltr'><strong>prementesque</strong></span> <span class='ocrx_word' id='word_1_187' title='bbox 1191 2634 1309 2688; x_wconf 88' lang='lat' dir='ltr'><strong>illas</strong></span> <span class='ocrx_word' id='word_1_188' title='bbox 1337 2634 1573 2688; x_wconf 85' lang='lat' dir='ltr'><strong>sarcinas</strong></span> <span class='ocrx_word' id='word_1_189' title='bbox 1619 2640 1963 2701; x_wconf 85' lang='lat' dir='ltr'><strong>peccatorum</strong></span> <span class='ocrx_word' id='word_1_190' title='bbox 2005 2628 2083 2683; x_wconf 85' lang='lat' dir='ltr'><strong>fe-</strong></span> 
     </span>
    </p>
   </div>
   <div class='ocr_carea' id='block_1_26' title="bbox 501 2724 2083 2797">
    <p class='ocr_par' dir='ltr' id='par_1_26' title="bbox 501 2724 2083 2797">
     <span class='ocr_line' id='line_1_26' title="bbox 501 2724 2083 2797; baseline -0.006 -14"><span class='ocrx_word' id='word_1_191' title='bbox 501 2744 643 2791; x_wconf 72' lang='lat' dir='ltr'><strong>rens.</strong></span> <span class='ocrx_word' id='word_1_192' title='bbox 675 2744 765 2797; x_wconf 90' lang='lat' dir='ltr'><strong>per</strong></span> <span class='ocrx_word' id='word_1_193' title='bbox 792 2736 1069 2796; x_wconf 80' lang='lat' dir='ltr'><strong>angustam</strong></span> <span class='ocrx_word' id='word_1_194' title='bbox 1097 2725 1237 2779; x_wconf 87' lang='lat' dir='ltr'><strong>illam</strong></span> <span class='ocrx_word' id='word_1_195' title='bbox 1256 2733 1462 2794; x_wconf 89' lang='lat' dir='ltr'><strong>portam</strong></span> <span class='ocrx_word' id='word_1_196' title='bbox 1493 2724 1712 2789; x_wconf 89' lang='lat' dir='ltr'><strong>intrare,</strong></span> <span class='ocrx_word' id='word_1_197' title='bbox 1741 2737 1859 2791; x_wconf 79' lang='lat' dir='ltr'><strong>qua:</strong></span> <span class='ocrx_word' id='word_1_198' title='bbox 1888 2735 2083 2790; x_wconf 89' lang='lat' dir='ltr'><strong>capere</strong></span> 
     </span>
    </p>
   </div>
   <div class='ocr_carea' id='block_1_27' title="bbox 507 2813 2081 2889">
    <p class='ocr_par' dir='ltr' id='par_1_27' title="bbox 507 2813 2081 2889">
     <span class='ocr_line' id='line_1_27' title="bbox 507 2813 2081 2889; baseline -0.004 -17"><span class='ocrx_word' id='word_1_199' title='bbox 507 2820 682 2889; x_wconf 70' lang='lat' dir='ltr'><strong>nequit</strong></span> <span class='ocrx_word' id='word_1_200' title='bbox 722 2819 916 2872; x_wconf 90' lang='lat' dir='ltr'><strong>molem</strong></span> <span class='ocrx_word' id='word_1_201' title='bbox 944 2826 1105 2872; x_wconf 55' lang='lat' dir='ltr'><strong>tanta:</strong></span> <span class='ocrx_word' id='word_1_202' title='bbox 1140 2814 1554 2886; x_wconf 84' lang='lat' dir='ltr'><strong>magnitudinis?</strong></span> <span class='ocrx_word' id='word_1_203' title='bbox 1579 2813 1947 2868; x_wconf 85' lang='lat' dir='ltr'><strong>Necessarium</strong></span> <span class='ocrx_word' id='word_1_204' title='bbox 1979 2813 2081 2865; x_wconf 90' lang='lat' dir='ltr'><strong>ita-</strong></span> 
     </span>
    </p>
   </div>
   <div class='ocr_carea' id='block_1_28' title="bbox 498 2901 2081 2981">
    <p class='ocr_par' dir='ltr' id='par_1_28' title="bbox 498 2901 2081 2981">
     <span class='ocr_line' id='line_1_28' title="bbox 498 2901 2081 2981; baseline -0.004 -19"><span class='ocrx_word' id='word_1_205' title='bbox 498 2926 603 2981; x_wconf 89' lang='lat' dir='ltr'><strong>que</strong></span> <span class='ocrx_word' id='word_1_206' title='bbox 631 2907 764 2963; x_wconf 87' lang='lat' dir='ltr'><strong>furis</strong></span> <span class='ocrx_word' id='word_1_207' title='bbox 790 2922 1005 2963; x_wconf 86' lang='lat' dir='ltr'><strong>manere</strong></span> <span class='ocrx_word' id='word_1_208' title='bbox 1030 2948 1046 2973; x_wconf 91' lang='lat'><strong>,</strong></span> <span class='ocrx_word' id='word_1_209' title='bbox 1093 2915 1148 2961; x_wconf 88' lang='lat' dir='ltr'><strong>et</strong></span> <span class='ocrx_word' id='word_1_210' title='bbox 1172 2905 1427 2961; x_wconf 88' lang='lat' dir='ltr'><strong>oneribus</strong></span> <span class='ocrx_word' id='word_1_211' title='bbox 1451 2905 1556 2959; x_wconf 89' lang='lat' dir='ltr'><strong>illis</strong></span> <span class='ocrx_word' id='word_1_212' title='bbox 1583 2912 1858 2975; x_wconf 89' lang='lat' dir='ltr'><strong>gravatum</strong></span> <span class='ocrx_word' id='word_1_213' title='bbox 1888 2901 2081 2956; x_wconf 83' lang='lat' dir='ltr'><strong>frustra</strong></span> 
     </span>
    </p>
   </div>
   <div class='ocr_carea' id='block_1_29' title="bbox 500 2995 2083 3074">
    <p class='ocr_par' dir='ltr' id='par_1_29' title="bbox 500 2995 2083 3074">
     <span class='ocr_line' id='line_1_29' title="bbox 500 2995 2083 3074; baseline -0.006 -17"><span class='ocrx_word' id='word_1_214' title='bbox 500 3005 761 3074; x_wconf 64' lang='lat' dir='ltr'><strong>literature</strong></span> <span class='ocrx_word' id='word_1_215' title='bbox 784 3044 798 3064; x_wconf 89' lang='lat'><strong>,</strong></span> <span class='ocrx_word' id='word_1_216' title='bbox 840 3017 961 3055; x_wconf 93' lang='lat' dir='ltr'><strong>cum</strong></span> <span class='ocrx_word' id='word_1_217' title='bbox 1003 2999 1113 3069; x_wconf 91' lang='lat' dir='ltr'><strong>jam</strong></span> <span class='ocrx_word' id='word_1_218' title='bbox 1160 3007 1282 3053; x_wconf 88' lang='lat' dir='ltr'><strong>ante</strong></span> <span class='ocrx_word' id='word_1_219' title='bbox 1320 2997 1506 3051; x_wconf 89' lang='lat' dir='ltr'><strong>oculos</strong></span> <span class='ocrx_word' id='word_1_220' title='bbox 1534 3005 1711 3066; x_wconf 86' lang='lat' dir='ltr'><strong>parata</strong></span> <span class='ocrx_word' id='word_1_221' title='bbox 1737 2995 1945 3050; x_wconf 80' lang='lat' dir='ltr'><strong>videbis</strong></span> <span class='ocrx_word' id='word_1_222' title='bbox 1971 3006 2083 3049; x_wconf 88' lang='lat' dir='ltr'><strong>tor-</strong></span> 
     </span>
    </p>
   </div>
   <div class='ocr_carea' id='block_1_30' title="bbox 500 3090 2093 3163">
    <p class='ocr_par' dir='ltr' id='par_1_30' title="bbox 500 3090 2093 3163">
     <span class='ocr_line' id='line_1_30' title="bbox 500 3090 2093 3163; baseline -0.009 -10"><span class='ocrx_word' id='word_1_223' title='bbox 500 3106 677 3153; x_wconf 85' lang='lat' dir='ltr'><strong>menta</strong></span> <span class='ocrx_word' id='word_1_224' title='bbox 703 3135 716 3158; x_wconf 91' lang='lat'><strong>,</strong></span> <span class='ocrx_word' id='word_1_225' title='bbox 760 3103 815 3149; x_wconf 90' lang='lat' dir='ltr'><strong>et</strong></span> <span class='ocrx_word' id='word_1_226' title='bbox 862 3094 1037 3163; x_wconf 90' lang='lat' dir='ltr'><strong>ignem</strong></span> <span class='ocrx_word' id='word_1_227' title='bbox 1068 3092 1215 3145; x_wconf 92' lang='lat' dir='ltr'><strong>illum</strong></span> <span class='ocrx_word' id='word_1_228' title='bbox 1248 3090 1536 3145; x_wconf 86' lang='lat' dir='ltr'><strong>terribilem</strong></span> <span class='ocrx_word' id='word_1_229' title='bbox 1578 3104 1641 3143; x_wconf 87' lang='lat' dir='ltr'><strong>ac</strong></span> <span class='ocrx_word' id='word_1_230' title='bbox 1670 3102 1959 3158; x_wconf 91' lang='lat' dir='ltr'><strong>numquam</strong></span> <span class='ocrx_word' id='word_1_231' title='bbox 1990 3101 2093 3140; x_wconf 64' lang='grc' dir='ltr'><strong>εις-ν</strong></span> 
     </span>
    </p>
   </div>
   <div class='ocr_carea' id='block_1_31' title="bbox 498 3177 2080 3257">
    <p class='ocr_par' dir='ltr' id='par_1_31' title="bbox 498 3177 2080 3257">
     <span class='ocr_line' id='line_1_31' title="bbox 498 3177 2080 3257; baseline -0.006 -15"><span class='ocrx_word' id='word_1_232' title='bbox 498 3184 873 3257; x_wconf 88' lang='lat' dir='ltr'><strong>stinguendum</strong></span> <span class='ocrx_word' id='word_1_233' title='bbox 903 3197 1249 3251; x_wconf 89' lang='lat' dir='ltr'><strong>vermemque</strong></span> <span class='ocrx_word' id='word_1_234' title='bbox 1281 3195 1566 3252; x_wconf 89' lang='lat' dir='ltr'><strong>numquam</strong></span> <span class='ocrx_word' id='word_1_235' title='bbox 1598 3182 1932 3234; x_wconf 89' lang='lat' dir='ltr'><strong>moriturum.</strong></span> <span class='ocrx_word' id='word_1_236' title='bbox 1965 3177 2080 3234; x_wconf 68' lang='lat' dir='ltr'><strong>C33-</strong></span> 
     </span>
    </p>
   </div>
   <div class='ocr_carea' id='block_1_32' title="bbox 501 3271 2078 3345">
    <p class='ocr_par' dir='ltr' id='par_1_32' title="bbox 501 3271 2078 3345">
     <span class='ocr_line' id='line_1_32' title="bbox 501 3271 2078 3345; baseline -0.006 -11"><span class='ocrx_word' id='word_1_237' title='bbox 501 3290 674 3335; x_wconf 86' lang='lat' dir='ltr'><strong>terum</strong></span> <span class='ocrx_word' id='word_1_238' title='bbox 720 3277 765 3330; x_wconf 92' lang='lat' dir='ltr'><strong>si</strong></span> <span class='ocrx_word' id='word_1_239' title='bbox 808 3291 965 3345; x_wconf 88' lang='lat' dir='ltr'><strong>quam</strong></span> <span class='ocrx_word' id='word_1_240' title='bbox 1010 3282 1207 3328; x_wconf 70' lang='lat' dir='ltr'><strong>nostrre</strong></span> <span class='ocrx_word' id='word_1_241' title='bbox 1263 3273 1450 3327; x_wconf 91' lang='lat' dir='ltr'><strong>salutis</strong></span> <span class='ocrx_word' id='word_1_242' title='bbox 1496 3273 1751 3326; x_wconf 90' lang='lat' dir='ltr'><strong>habemus</strong></span> <span class='ocrx_word' id='word_1_243' title='bbox 1794 3271 2078 3339; x_wconf 88' lang='lat' dir='ltr'><strong>rationem,</strong></span> 
     </span>
    </p>
   </div>
   <div class='ocr_carea' id='block_1_33' title="bbox 498 3360 2078 3435">
    <p class='ocr_par' dir='ltr' id='par_1_33' title="bbox 498 3360 2078 3435">
     <span class='ocr_line' id='line_1_33' title="bbox 498 3360 2078 3435; baseline -0.008 -10"><span class='ocrx_word' id='word_1_244' title='bbox 498 3371 626 3425; x_wconf 90' lang='lat' dir='ltr'><strong>dum</strong></span> <span class='ocrx_word' id='word_1_245' title='bbox 658 3368 831 3423; x_wconf 90' lang='lat' dir='ltr'><strong>adhuc</strong></span> <span class='ocrx_word' id='word_1_246' title='bbox 858 3376 1068 3435; x_wconf 90' lang='lat' dir='ltr'><strong>tempus</strong></span> <span class='ocrx_word' id='word_1_247' title='bbox 1094 3364 1383 3427; x_wconf 85' lang='lat' dir='ltr'><strong>habemus,</strong></span> <span class='ocrx_word' id='word_1_248' title='bbox 1416 3362 1735 3417; x_wconf 88' lang='lat' dir='ltr'><strong>desistamus</strong></span> <span class='ocrx_word' id='word_1_249' title='bbox 1763 3378 1793 3415; x_wconf 90' lang='lat' dir='ltr'><strong>a</strong></span> <span class='ocrx_word' id='word_1_250' title='bbox 1824 3360 2078 3431; x_wconf 88' lang='lat' dir='ltr'><strong>nequitia,</strong></span> 
     </span>
    </p>
   </div>
   <div class='ocr_carea' id='block_1_34' title="bbox 498 3450 2080 3524">
    <p class='ocr_par' dir='ltr' id='par_1_34' title="bbox 498 3450 2080 3524">
     <span class='ocr_line' id='line_1_34' title="bbox 498 3450 2080 3524; baseline -0.008 -7"><span class='ocrx_word' id='word_1_251' title='bbox 498 3468 765 3517; x_wconf 78' lang='lat' dir='ltr'><strong>sectemur</strong></span> <span class='ocrx_word' id='word_1_252' title='bbox 794 3456 1062 3519; x_wconf 84' lang='lat' dir='ltr'><strong>virtutem,</strong></span> <span class='ocrx_word' id='word_1_253' title='bbox 1094 3469 1282 3510; x_wconf 88' lang='lat' dir='ltr'><strong>vanam</strong></span> <span class='ocrx_word' id='word_1_254' title='bbox 1311 3454 1537 3524; x_wconf 88' lang='lat' dir='ltr'><strong>gloriam</strong></span> <span class='ocrx_word' id='word_1_255' title='bbox 1557 3452 1929 3522; x_wconf 79' lang='lat' dir='ltr'><strong>deSpiciamus.</strong></span> <span class='ocrx_word' id='word_1_256' title='bbox 1947 3450 2080 3506; x_wconf 84' lang='lat' dir='ltr'><strong>Nam</strong></span> 
     </span>
    </p>
   </div>
   <div class='ocr_carea' id='block_1_35' title="bbox 500 3544 2082 3617">
    <p class='ocr_par' dir='ltr' id='par_1_35' title="bbox 500 3544 2082 3617">
     <span class='ocr_line' id='line_1_35' title="bbox 500 3544 2082 3617; baseline -0.004 -13"><span class='ocrx_word' id='word_1_257' title='bbox 500 3554 698 3611; x_wconf 75' lang='lat' dir='ltr'><strong>idcirco</strong></span> <span class='ocrx_word' id='word_1_258' title='bbox 729 3565 859 3611; x_wconf 83' lang='lat' dir='ltr'><strong>vana</strong></span> <span class='ocrx_word' id='word_1_259' title='bbox 890 3549 1110 3614; x_wconf 90' lang='lat' dir='ltr'><strong>dicitur,</strong></span> <span class='ocrx_word' id='word_1_260' title='bbox 1148 3547 1270 3617; x_wconf 90' lang='lat' dir='ltr'><strong>quia</strong></span> <span class='ocrx_word' id='word_1_261' title='bbox 1301 3546 1473 3601; x_wconf 91' lang='lat' dir='ltr'><strong>inanis</strong></span> <span class='ocrx_word' id='word_1_262' title='bbox 1498 3555 1608 3610; x_wconf 90' lang='lat' dir='ltr'><strong>est,</strong></span> <span class='ocrx_word' id='word_1_263' title='bbox 1648 3554 1703 3601; x_wconf 93' lang='lat' dir='ltr'><strong>et</strong></span> <span class='ocrx_word' id='word_1_264' title='bbox 1745 3545 1878 3600; x_wconf 89' lang='lat' dir='ltr'><strong>nihil</strong></span> <span class='ocrx_word' id='word_1_265' title='bbox 1919 3544 2082 3599; x_wconf 91' lang='lat' dir='ltr'><strong>habet</strong></span> 
     </span>
    </p>
   </div>
   <div class='ocr_carea' id='block_1_36' title="bbox 500 3634 2084 3710">
    <p class='ocr_par' dir='ltr' id='par_1_36' title="bbox 500 3634 2084 3710">
     <span class='ocr_line' id='line_1_36' title="bbox 500 3634 2084 3710; baseline -0.007 -11"><span class='ocrx_word' id='word_1_266' title='bbox 500 3643 693 3699; x_wconf 85' lang='lat' dir='ltr'><strong>stabile</strong></span> <span class='ocrx_word' id='word_1_267' title='bbox 738 3654 909 3710; x_wconf 89' lang='lat' dir='ltr'><strong>neque</strong></span> <span class='ocrx_word' id='word_1_268' title='bbox 957 3638 1170 3693; x_wconf 78' lang='lat' dir='ltr'><strong>firmum</strong></span> <span class='ocrx_word' id='word_1_269' title='bbox 1204 3654 1217 3689; x_wconf 90' lang='lat'><strong>:</strong></span> <span class='ocrx_word' id='word_1_270' title='bbox 1244 3635 1339 3691; x_wconf 87' lang='lat' dir='ltr'><strong>sed</strong></span> <span class='ocrx_word' id='word_1_271' title='bbox 1368 3636 1541 3691; x_wconf 90' lang='lat' dir='ltr'><strong>solum</strong></span> <span class='ocrx_word' id='word_1_272' title='bbox 1566 3646 1650 3691; x_wconf 89' lang='lat' dir='ltr'><strong>est</strong></span> <span class='ocrx_word' id='word_1_273' title='bbox 1677 3636 1958 3690; x_wconf 91' lang='lat' dir='ltr'><strong>oculorum</strong></span> <span class='ocrx_word' id='word_1_274' title='bbox 1988 3634 2084 3689; x_wconf 90' lang='lat' dir='ltr'><strong>de-</strong></span> 
     </span>
    </p>
   </div>
   <div class='ocr_carea' id='block_1_37' title="bbox 498 3726 2082 3805">
    <p class='ocr_par' dir='ltr' id='par_1_37' title="bbox 498 3726 2082 3805">
     <span class='ocr_line' id='line_1_37' title="bbox 498 3726 2082 3805; baseline -0.007 -16"><span class='ocrx_word' id='word_1_275' title='bbox 498 3733 675 3805; x_wconf 85' lang='lat' dir='ltr'><strong>ceptio</strong></span> <span class='ocrx_word' id='word_1_276' title='bbox 694 3773 711 3798; x_wconf 79' lang='lat'><strong>,</strong></span> <span class='ocrx_word' id='word_1_277' title='bbox 740 3740 796 3785; x_wconf 92' lang='lat' dir='ltr'><strong>ct</strong></span> <span class='ocrx_word' id='word_1_278' title='bbox 827 3730 1130 3800; x_wconf 90' lang='lat' dir='ltr'><strong>priusquam</strong></span> <span class='ocrx_word' id='word_1_279' title='bbox 1163 3735 1437 3798; x_wconf 86' lang='lat' dir='ltr'><strong>appareat,</strong></span> <span class='ocrx_word' id='word_1_280' title='bbox 1463 3726 1659 3781; x_wconf 88' lang='lat' dir='ltr'><strong>avolat.</strong></span> <span class='ocrx_word' id='word_1_281' title='bbox 1710 3728 1898 3780; x_wconf 85' lang='lat' dir='ltr'><strong>Annon</strong></span> <span class='ocrx_word' id='word_1_282' title='bbox 1925 3734 1979 3781; x_wconf 91' lang='lat' dir='ltr'><strong>et</strong></span> <span class='ocrx_word' id='word_1_283' title='bbox 2006 3726 2082 3778; x_wconf 91' lang='lat' dir='ltr'><strong>vi-</strong></span> 
     </span>
    </p>
   </div>
   <div class='ocr_carea' id='block_1_38' title="bbox 499 3817 2077 3891">
    <p class='ocr_par' dir='ltr' id='par_1_38' title="bbox 499 3817 2077 3891">
     <span class='ocr_line' id='line_1_38' title="bbox 499 3817 2077 3891; baseline -0.004 -12"><span class='ocrx_word' id='word_1_284' title='bbox 499 3826 688 3885; x_wconf 85' lang='lat' dir='ltr'><strong>demus</strong></span> <span class='ocrx_word' id='word_1_285' title='bbox 717 3837 860 3891; x_wconf 63' lang='lat' dir='ltr'><strong>saape</strong></span> <span class='ocrx_word' id='word_1_286' title='bbox 879 3863 893 3885; x_wconf 95' lang='lat'><strong>,</strong></span> <span class='ocrx_word' id='word_1_287' title='bbox 924 3836 1045 3876; x_wconf 89' lang='lat' dir='ltr'><strong>eum</strong></span> <span class='ocrx_word' id='word_1_288' title='bbox 1067 3862 1082 3886; x_wconf 96' lang='lat'><strong>,</strong></span> <span class='ocrx_word' id='word_1_289' title='bbox 1113 3835 1270 3888; x_wconf 89' lang='lat' dir='ltr'><strong>quem</strong></span> <span class='ocrx_word' id='word_1_290' title='bbox 1302 3817 1459 3873; x_wconf 79' lang='lat' dir='ltr'><strong>hodie</strong></span> <span class='ocrx_word' id='word_1_291' title='bbox 1488 3818 1795 3888; x_wconf 85' lang='lat' dir='ltr'><strong>praecedunt</strong></span> <span class='ocrx_word' id='word_1_292' title='bbox 1840 3819 2077 3883; x_wconf 80' lang='lat' dir='ltr'><strong>lictores,</strong></span> 
     </span>
    </p>
   </div>
   <div class='ocr_carea' id='block_1_39' title="bbox 498 3910 2081 3985">
    <p class='ocr_par' dir='ltr' id='par_1_39' title="bbox 498 3910 2081 3985">
     <span class='ocr_line' id='line_1_39' title="bbox 498 3910 2081 3985; baseline -0.008 -10"><span class='ocrx_word' id='word_1_293' title='bbox 498 3929 555 3975; x_wconf 85' lang='lat' dir='ltr'><strong>et</strong></span> <span class='ocrx_word' id='word_1_294' title='bbox 578 3918 777 3985; x_wconf 87' lang='lat' dir='ltr'><strong>stipant</strong></span> <span class='ocrx_word' id='word_1_295' title='bbox 800 3914 1079 3978; x_wconf 77' lang='lat' dir='ltr'><strong>satellites,</strong></span> <span class='ocrx_word' id='word_1_296' title='bbox 1103 3926 1221 3966; x_wconf 91' lang='lat' dir='ltr'><strong>cras</strong></span> <span class='ocrx_word' id='word_1_297' title='bbox 1246 3911 1297 3965; x_wconf 93' lang='lat' dir='ltr'><strong>in</strong></span> <span class='ocrx_word' id='word_1_298' title='bbox 1327 3926 1595 3965; x_wconf 88' lang='lat' dir='ltr'><strong>carcerem</strong></span> <span class='ocrx_word' id='word_1_299' title='bbox 1627 3910 1846 3980; x_wconf 90' lang='lat' dir='ltr'><strong>conjici,</strong></span> <span class='ocrx_word' id='word_1_300' title='bbox 1878 3918 1934 3965; x_wconf 92' lang='lat' dir='ltr'><strong>et</strong></span> <span class='ocrx_word' id='word_1_301' title='bbox 1961 3926 2081 3964; x_wconf 92' lang='lat' dir='ltr'><strong>cum</strong></span> 
     </span>
    </p>
   </div>
   <div class='ocr_carea' id='block_1_40' title="bbox 501 4001 2082 4074">
    <p class='ocr_par' dir='ltr' id='par_1_40' title="bbox 501 4001 2082 4074">
     <span class='ocr_line' id='line_1_40' title="bbox 501 4001 2082 4074; baseline -0.006 -10"><span class='ocrx_word' id='word_1_302' title='bbox 501 4006 935 4067; x_wconf 75' lang='lat' dir='ltr'><strong>malefactoribus</strong></span> <span class='ocrx_word' id='word_1_303' title='bbox 977 4004 1177 4059; x_wconf 88' lang='lat' dir='ltr'><strong>versari</strong></span> <span class='ocrx_word' id='word_1_304' title='bbox 1208 4001 1327 4074; x_wconf 86' lang='lat' dir='ltr'><strong>(a)?</strong></span> <span class='ocrx_word' id='word_1_305' title='bbox 1374 4002 1512 4069; x_wconf 84' lang='lat' dir='ltr'><strong>Quid</strong></span> <span class='ocrx_word' id='word_1_306' title='bbox 1550 4001 1650 4056; x_wconf 91' lang='lat' dir='ltr'><strong>hac</strong></span> <span class='ocrx_word' id='word_1_307' title='bbox 1677 4017 1809 4056; x_wconf 87' lang='lat' dir='ltr'><strong>vana</strong></span> <span class='ocrx_word' id='word_1_308' title='bbox 1837 4011 1895 4056; x_wconf 90' lang='lat' dir='ltr'><strong>et</strong></span> <span class='ocrx_word' id='word_1_309' title='bbox 1938 4001 2082 4055; x_wconf 91' lang='lat' dir='ltr'><strong>inani</strong></span> 
     </span>
    </p>
   </div>
   <div class='ocr_carea' id='block_1_41' title="bbox 499 4092 2080 4173">
    <p class='ocr_par' dir='ltr' id='par_1_41' title="bbox 499 4092 2080 4173">
     <span class='ocr_line' id='line_1_41' title="bbox 499 4092 2080 4173; baseline -0.007 -17"><span class='ocrx_word' id='word_1_310' title='bbox 499 4102 665 4173; x_wconf 88' lang='lat' dir='ltr'><strong>gloria</strong></span> <span class='ocrx_word' id='word_1_311' title='bbox 696 4096 965 4153; x_wconf 85' lang='lat' dir='ltr'><strong>fallacius?</strong></span> <span class='ocrx_word' id='word_1_312' title='bbox 1014 4094 1167 4162; x_wconf 89' lang='lat' dir='ltr'><strong>Quod</strong></span> <span class='ocrx_word' id='word_1_313' title='bbox 1210 4095 1255 4149; x_wconf 81' lang='lat' dir='ltr'><strong>si</strong></span> <span class='ocrx_word' id='word_1_314' title='bbox 1303 4096 1355 4151; x_wconf 90' lang='lat' dir='ltr'><strong>in</strong></span> <span class='ocrx_word' id='word_1_315' title='bbox 1400 4094 1499 4148; x_wconf 89' lang='lat' dir='ltr'><strong>hac</strong></span> <span class='ocrx_word' id='word_1_316' title='bbox 1526 4095 1632 4148; x_wconf 88' lang='lat' dir='ltr'><strong>vita</strong></span> <span class='ocrx_word' id='word_1_317' title='bbox 1662 4092 2080 4149; x_wconf 88' lang='lat' dir='ltr'><strong>vicissitudinem</strong></span> 
     </span>
    </p>
   </div>
   <div class='ocr_carea' id='block_1_42' title="bbox 502 4185 2083 4253">
    <p class='ocr_par' dir='ltr' id='par_1_42' title="bbox 502 4185 2083 4253">
     <span class='ocr_line' id='line_1_42' title="bbox 502 4185 2083 4253; baseline -0.005 -6"><span class='ocrx_word' id='word_1_318' title='bbox 502 4194 639 4248; x_wconf 90' lang='lat' dir='ltr'><strong>hanc</strong></span> <span class='ocrx_word' id='word_1_319' title='bbox 654 4190 863 4253; x_wconf 87' lang='lat' dir='ltr'><strong>evadat,</strong></span> <span class='ocrx_word' id='word_1_320' title='bbox 881 4187 1099 4241; x_wconf 81' lang='lat' dir='ltr'><strong>omnino</strong></span> <span class='ocrx_word' id='word_1_321' title='bbox 1131 4201 1276 4240; x_wconf 92' lang='lat' dir='ltr'><strong>mors</strong></span> <span class='ocrx_word' id='word_1_322' title='bbox 1303 4186 1523 4241; x_wconf 87' lang='lat' dir='ltr'><strong>veniens</strong></span> <span class='ocrx_word' id='word_1_323' title='bbox 1550 4185 1854 4241; x_wconf 86' lang='lat' dir='ltr'><strong>felicitatem</strong></span> <span class='ocrx_word' id='word_1_324' title='bbox 1880 4186 2083 4240; x_wconf 83' lang='lat' dir='ltr'><strong>abscin-</strong></span> 
     </span>
    </p>
   </div>
   <div class='ocr_carea' id='block_1_43' title="bbox 501 4275 2083 4348">
    <p class='ocr_par' dir='ltr' id='par_1_43' title="bbox 501 4275 2083 4348">
     <span class='ocr_line' id='line_1_43' title="bbox 501 4275 2083 4348; baseline -0.004 -12"><span class='ocrx_word' id='word_1_325' title='bbox 501 4282 614 4347; x_wconf 90' lang='lat' dir='ltr'><strong>det,</strong></span> <span class='ocrx_word' id='word_1_326' title='bbox 644 4291 700 4335; x_wconf 89' lang='lat' dir='ltr'><strong>et</strong></span> <span class='ocrx_word' id='word_1_327' title='bbox 729 4294 888 4348; x_wconf 90' lang='lat' dir='ltr'><strong>quem</strong></span> <span class='ocrx_word' id='word_1_328' title='bbox 937 4276 1096 4331; x_wconf 90' lang='lat' dir='ltr'><strong>hodie</strong></span> <span class='ocrx_word' id='word_1_329' title='bbox 1123 4276 1179 4335; x_wconf 85' lang='lat' dir='ltr'><strong>in</strong></span> <span class='ocrx_word' id='word_1_330' title='bbox 1203 4276 1318 4329; x_wconf 90' lang='lat' dir='ltr'><strong>foro</strong></span> <span class='ocrx_word' id='word_1_331' title='bbox 1346 4290 1537 4346; x_wconf 89' lang='lat' dir='ltr'><strong>magna</strong></span> <span class='ocrx_word' id='word_1_332' title='bbox 1570 4291 1760 4345; x_wconf 89' lang='lat' dir='ltr'><strong>pompa</strong></span> <span class='ocrx_word' id='word_1_333' title='bbox 1786 4275 2083 4330; x_wconf 83' lang='lat' dir='ltr'><strong>comitaba-</strong></span> 
     </span>
    </p>
   </div>
   <div class='ocr_carea' id='block_1_44' title="bbox 503 4365 2079 4439">
    <p class='ocr_par' dir='ltr' id='par_1_44' title="bbox 503 4365 2079 4439">
     <span class='ocr_line' id='line_1_44' title="bbox 503 4365 2079 4439; baseline -0.004 -13"><span class='ocrx_word' id='word_1_334' title='bbox 503 4383 619 4437; x_wconf 85' lang='lat' dir='ltr'><strong>tur,</strong></span> <span class='ocrx_word' id='word_1_335' title='bbox 646 4369 736 4439; x_wconf 89' lang='lat' dir='ltr'><strong>qul</strong></span> <span class='ocrx_word' id='word_1_336' title='bbox 774 4369 828 4422; x_wconf 86' lang='lat' dir='ltr'><strong>in</strong></span> <span class='ocrx_word' id='word_1_337' title='bbox 856 4381 1126 4425; x_wconf 87' lang='lat' dir='ltr'><strong>carcerem</strong></span> <span class='ocrx_word' id='word_1_338' title='bbox 1147 4365 1482 4435; x_wconf 88' lang='lat' dir='ltr'><strong>conjiciebat,</strong></span> <span class='ocrx_word' id='word_1_339' title='bbox 1514 4375 1567 4421; x_wconf 93' lang='lat' dir='ltr'><strong>et</strong></span> <span class='ocrx_word' id='word_1_340' title='bbox 1594 4368 1646 4419; x_wconf 92' lang='lat' dir='ltr'><strong>in</strong></span> <span class='ocrx_word' id='word_1_341' title='bbox 1678 4366 1817 4422; x_wconf 92' lang='lat' dir='ltr'><strong>solio</strong></span> <span class='ocrx_word' id='word_1_342' title='bbox 1841 4366 2079 4431; x_wconf 90' lang='lat' dir='ltr'><strong>sedebat,</strong></span> 
     </span>
    </p>
   </div>
   <div class='ocr_carea' id='block_1_45' title="bbox 502 4458 2081 4528">
    <p class='ocr_par' dir='ltr' id='par_1_45' title="bbox 502 4458 2081 4528">
     <span class='ocr_line' id='line_1_45' title="bbox 502 4458 2081 4528; baseline -0.007 -7"><span class='ocrx_word' id='word_1_343' title='bbox 502 4464 803 4525; x_wconf 84' lang='lat' dir='ltr'><strong>inﬂabatur,</strong></span> <span class='ocrx_word' id='word_1_344' title='bbox 827 4469 882 4514; x_wconf 92' lang='lat' dir='ltr'><strong>et</strong></span> <span class='ocrx_word' id='word_1_345' title='bbox 908 4459 1149 4515; x_wconf 89' lang='lat' dir='ltr'><strong>homines</strong></span> <span class='ocrx_word' id='word_1_346' title='bbox 1177 4458 1309 4512; x_wconf 85' lang='lat' dir='ltr'><strong>alius</strong></span> <span class='ocrx_word' id='word_1_347' title='bbox 1329 4460 1477 4528; x_wconf 89' lang='lat' dir='ltr'><strong>quasi</strong></span> <span class='ocrx_word' id='word_1_348' title='bbox 1500 4459 1715 4513; x_wconf 90' lang='lat' dir='ltr'><strong>umbras</strong></span> <span class='ocrx_word' id='word_1_349' title='bbox 1734 4458 2081 4528; x_wconf 88' lang='lat' dir='ltr'><strong>despiciebat,</strong></span> 
     </span>
    </p>
   </div>
   <div class='ocr_carea' id='block_1_46' title="bbox 502 4548 2085 4621">
    <p class='ocr_par' dir='ltr' id='par_1_46' title="bbox 502 4548 2085 4621">
     <span class='ocr_line' id='line_1_46' title="bbox 502 4548 2085 4621; baseline -0.006 -9"><span class='ocrx_word' id='word_1_350' title='bbox 502 4558 549 4612; x_wconf 90' lang='lat' dir='ltr'><strong>is</strong></span> <span class='ocrx_word' id='word_1_351' title='bbox 576 4553 753 4610; x_wconf 89' lang='lat' dir='ltr'><strong>subito</strong></span> <span class='ocrx_word' id='word_1_352' title='bbox 780 4559 961 4621; x_wconf 89' lang='lat' dir='ltr'><strong>postea</strong></span> <span class='ocrx_word' id='word_1_353' title='bbox 985 4550 1183 4619; x_wconf 89' lang='lat' dir='ltr'><strong>jacebit</strong></span> <span class='ocrx_word' id='word_1_354' title='bbox 1209 4558 1449 4605; x_wconf 90' lang='lat' dir='ltr'><strong>mortuus</strong></span> <span class='ocrx_word' id='word_1_355' title='bbox 1477 4549 1679 4621; x_wconf 86' lang='lat' dir='ltr'><strong>absque</strong></span> <span class='ocrx_word' id='word_1_356' title='bbox 1718 4550 1913 4619; x_wconf 89' lang='lat' dir='ltr'><strong>spiritu</strong></span> <span class='ocrx_word' id='word_1_357' title='bbox 1938 4590 1952 4615; x_wconf 97' lang='lat'><strong>,</strong></span> <span class='ocrx_word' id='word_1_358' title='bbox 1985 4548 2085 4603; x_wconf 86' lang='lat' dir='ltr'><strong>foe—</strong></span> 
     </span>
    </p>
   </div>
   <div class='ocr_carea' id='block_1_47' title="bbox 506 4640 2084 4714">
    <p class='ocr_par' dir='ltr' id='par_1_47' title="bbox 506 4640 2084 4714">
     <span class='ocr_line' id='line_1_47' title="bbox 506 4640 2084 4714; baseline -0.004 -14"><span class='ocrx_word' id='word_1_359' title='bbox 506 4658 623 4703; x_wconf 90' lang='lat' dir='ltr'><strong>tore</strong></span> <span class='ocrx_word' id='word_1_360' title='bbox 664 4644 886 4714; x_wconf 87' lang='lat' dir='ltr'><strong>plenus,</strong></span> <span class='ocrx_word' id='word_1_361' title='bbox 935 4640 1132 4713; x_wconf 88' lang='lat' dir='ltr'><strong>petitus</strong></span> <span class='ocrx_word' id='word_1_362' title='bbox 1178 4640 1472 4695; x_wconf 90' lang='lat' dir='ltr'><strong>innumeris</strong></span> <span class='ocrx_word' id='word_1_363' title='bbox 1506 4640 1758 4694; x_wconf 83' lang='lat' dir='ltr'><strong>conviciis</strong></span> <span class='ocrx_word' id='word_1_364' title='bbox 1779 4656 1901 4695; x_wconf 92' lang='lat' dir='ltr'><strong>cum</strong></span> <span class='ocrx_word' id='word_1_365' title='bbox 1928 4640 2084 4694; x_wconf 90' lang='lat' dir='ltr'><strong>abiis</strong></span> 
     </span>
    </p>
   </div>
   <div class='ocr_carea' id='block_1_48' title="bbox 503 4730 2161 4811">
    <p class='ocr_par' dir='ltr' id='par_1_48' title="bbox 503 4730 2161 4811">
     <span class='ocr_line' id='line_1_48' title="bbox 503 4730 2161 4811; baseline -0.005 -18"><span class='ocrx_word' id='word_1_366' title='bbox 503 4752 640 4811; x_wconf 90' lang='lat' dir='ltr'><strong>quos</strong></span> <span class='ocrx_word' id='word_1_367' title='bbox 684 4734 888 4806; x_wconf 90' lang='lat' dir='ltr'><strong>pridem</strong></span> <span class='ocrx_word' id='word_1_368' title='bbox 939 4732 1130 4801; x_wconf 88' lang='lat' dir='ltr'><strong>injuria</strong></span> <span class='ocrx_word' id='word_1_369' title='bbox 1169 4730 1343 4785; x_wconf 77' lang='lat' dir='ltr'><strong>affecit</strong></span> <span class='ocrx_word' id='word_1_370' title='bbox 1366 4772 1383 4797; x_wconf 96' lang='lat'><strong>,</strong></span> <span class='ocrx_word' id='word_1_371' title='bbox 1434 4741 1545 4785; x_wconf 91' lang='lat' dir='ltr'><strong>tum</strong></span> <span class='ocrx_word' id='word_1_372' title='bbox 1579 4732 1647 4786; x_wconf 92' lang='lat' dir='ltr'><strong>ab</strong></span> <span class='ocrx_word' id='word_1_373' title='bbox 1681 4732 1746 4786; x_wconf 91' lang='lat' dir='ltr'><strong>iis</strong></span> <span class='ocrx_word' id='word_1_374' title='bbox 1768 4746 1902 4803; x_wconf 92' lang='lat' dir='ltr'><strong>quos</strong></span> <span class='ocrx_word' id='word_1_375' title='bbox 1933 4748 2086 4785; x_wconf 88' lang='lat' dir='ltr'><strong>nmn—</strong></span> <span class='ocrx_word' id='word_1_376' title='bbox 2142 4744 2161 4759; x_wconf 84' lang='lat'><em>’</em></span> 
     </span>
    </p>
   </div>
   <div class='ocr_carea' id='block_1_49' title="bbox 502 4823 2082 4901">
    <p class='ocr_par' dir='ltr' id='par_1_49' title="bbox 502 4823 2082 4901">
     <span class='ocr_line' id='line_1_49' title="bbox 502 4823 2082 4901; baseline -0.004 -18"><span class='ocrx_word' id='word_1_377' title='bbox 502 4844 661 4901; x_wconf 79' lang='lat' dir='ltr'><strong>quam</strong></span> <span class='ocrx_word' id='word_1_378' title='bbox 694 4827 869 4889; x_wconf 79' lang='lat' dir='ltr'><strong>laesit,</strong></span> <span class='ocrx_word' id='word_1_379' title='bbox 913 4823 1322 4883; x_wconf 86' lang='lat' dir='ltr'><strong>condolentibus</strong></span> <span class='ocrx_word' id='word_1_380' title='bbox 1354 4832 1530 4877; x_wconf 91' lang='lat' dir='ltr'><strong>tamen</strong></span> <span class='ocrx_word' id='word_1_381' title='bbox 1559 4823 1623 4877; x_wconf 87' lang='lat' dir='ltr'><strong>iis</strong></span> <span class='ocrx_word' id='word_1_382' title='bbox 1647 4824 1736 4892; x_wconf 91' lang='lat' dir='ltr'><strong>qui</strong></span> <span class='ocrx_word' id='word_1_383' title='bbox 1767 4823 1834 4877; x_wconf 90' lang='lat' dir='ltr'><strong>ab</strong></span> <span class='ocrx_word' id='word_1_384' title='bbox 1864 4824 1967 4878; x_wconf 88' lang='lat' dir='ltr'><strong>isto</strong></span> <span class='ocrx_word' id='word_1_385' title='bbox 1998 4824 2082 4877; x_wconf 91' lang='lat' dir='ltr'><strong>in-</strong></span> 
     </span>
    </p>
   </div>
   <div class='ocr_carea' id='block_1_50' title="bbox 501 4915 2085 4994">
    <p class='ocr_par' dir='ltr' id='par_1_50' title="bbox 501 4915 2085 4994">
     <span class='ocr_line' id='line_1_50' title="bbox 501 4915 2085 4994; baseline -0.006 -16"><span class='ocrx_word' id='word_1_386' title='bbox 501 4923 639 4994; x_wconf 89' lang='lat' dir='ltr'><strong>juria</strong></span> <span class='ocrx_word' id='word_1_387' title='bbox 685 4919 856 4979; x_wconf 62' lang='grc' dir='ltr'><strong>(λαεριί</strong></span> <span class='ocrx_word' id='word_1_388' title='bbox 908 4917 1135 4972; x_wconf 88' lang='lat' dir='ltr'><strong>fuerant.</strong></span> <span class='ocrx_word' id='word_1_389' title='bbox 1193 4915 1330 4989; x_wconf 88' lang='lat' dir='ltr'><strong>Quid</strong></span> <span class='ocrx_word' id='word_1_390' title='bbox 1360 4915 1459 4970; x_wconf 90' lang='lat' dir='ltr'><strong>hoc</strong></span> <span class='ocrx_word' id='word_1_391' title='bbox 1485 4915 1841 4971; x_wconf 83' lang='lat' dir='ltr'><strong>miserabilius</strong></span> <span class='ocrx_word' id='word_1_392' title='bbox 1890 4917 2085 4971; x_wconf 86' lang='lat' dir='ltr'><strong>fuerit?</strong></span> 
     </span>
    </p>
   </div>
   <div class='ocr_carea' id='block_1_51' title="bbox 502 5007 2086 5076">
    <p class='ocr_par' dir='ltr' id='par_1_51' title="bbox 502 5007 2086 5076">
     <span class='ocr_line' id='line_1_51' title="bbox 502 5007 2086 5076; baseline -0.004 -7"><span class='ocrx_word' id='word_1_393' title='bbox 502 5013 741 5069; x_wconf 82' lang='lat' dir='ltr'><strong>Collecta</strong></span> <span class='ocrx_word' id='word_1_394' title='bbox 774 5019 948 5063; x_wconf 92' lang='lat' dir='ltr'><strong>autem</strong></span> <span class='ocrx_word' id='word_1_395' title='bbox 974 5008 1152 5063; x_wconf 89' lang='lat' dir='ltr'><strong>omnia</strong></span> <span class='ocrx_word' id='word_1_396' title='bbox 1199 5022 1565 5076; x_wconf 59' lang='lat' dir='ltr'><strong>saepenumero</strong></span> <span class='ocrx_word' id='word_1_397' title='bbox 1592 5007 1790 5062; x_wconf 90' lang='lat' dir='ltr'><strong>inimici</strong></span> <span class='ocrx_word' id='word_1_398' title='bbox 1821 5016 1874 5061; x_wconf 92' lang='lat' dir='ltr'><strong>et</strong></span> <span class='ocrx_word' id='word_1_399' title='bbox 1904 5008 2086 5062; x_wconf 80' lang='lat' dir='ltr'><strong>li0$tes</strong></span> 
     </span>
    </p>
   </div>
   <div class='ocr_carea' id='block_1_52' title="bbox 503 5098 2084 5171">
    <p class='ocr_par' dir='ltr' id='par_1_52' title="bbox 503 5098 2084 5171">
     <span class='ocr_line' id='line_1_52' title="bbox 503 5098 2084 5171; baseline -0.006 -11"><span class='ocrx_word' id='word_1_400' title='bbox 503 5108 646 5161; x_wconf 90' lang='lat' dir='ltr'><strong>inter</strong></span> <span class='ocrx_word' id='word_1_401' title='bbox 697 5118 756 5156; x_wconf 89' lang='lat' dir='ltr'><strong>se</strong></span> <span class='ocrx_word' id='word_1_402' title='bbox 810 5101 1107 5171; x_wconf 89' lang='lat' dir='ltr'><strong>partiuntur</strong></span> <span class='ocrx_word' id='word_1_403' title='bbox 1152 5108 1206 5153; x_wconf 92' lang='lat' dir='ltr'><strong>et</strong></span> <span class='ocrx_word' id='word_1_404' title='bbox 1251 5098 1575 5154; x_wconf 88' lang='lat' dir='ltr'><strong>distribuunt</strong></span> <span class='ocrx_word' id='word_1_405' title='bbox 1604 5116 1616 5151; x_wconf 95' lang='lat'><strong>:</strong></span> <span class='ocrx_word' id='word_1_406' title='bbox 1644 5109 1858 5167; x_wconf 90' lang='lat' dir='ltr'><strong>peccata</strong></span> <span class='ocrx_word' id='word_1_407' title='bbox 1906 5110 2084 5153; x_wconf 88' lang='lat' dir='ltr'><strong>autem</strong></span> 
     </span>
    </p>
   </div>
   <div class='ocr_carea' id='block_1_53' title="bbox 506 5189 2087 5265">
    <p class='ocr_par' dir='ltr' id='par_1_53' title="bbox 506 5189 2087 5265">
     <span class='ocr_line' id='line_1_53' title="bbox 506 5189 2087 5265; baseline -0.001 -20"><span class='ocrx_word' id='word_1_408' title='bbox 506 5211 602 5265; x_wconf 77' lang='lat' dir='ltr'><strong>per</strong></span> <span class='ocrx_word' id='word_1_409' title='bbox 630 5208 750 5264; x_wconf 75' lang='lat' dir='ltr'><strong>qure</strong></span> <span class='ocrx_word' id='word_1_410' title='bbox 781 5191 892 5245; x_wconf 68' lang='lat' dir='ltr'><strong>haec</strong></span> <span class='ocrx_word' id='word_1_411' title='bbox 915 5201 1224 5245; x_wconf 85' lang='lat' dir='ltr'><strong>coacervata</strong></span> <span class='ocrx_word' id='word_1_412' title='bbox 1253 5198 1409 5255; x_wconf 92' lang='lat' dir='ltr'><strong>sunt,</strong></span> <span class='ocrx_word' id='word_1_413' title='bbox 1439 5205 1619 5245; x_wconf 88' lang='lat' dir='ltr'><strong>secum</strong></span> <span class='ocrx_word' id='word_1_414' title='bbox 1649 5189 1844 5255; x_wconf 87' lang='lat' dir='ltr'><strong>aufert,</strong></span> <span class='ocrx_word' id='word_1_415' title='bbox 1875 5190 1943 5244; x_wconf 90' lang='lat' dir='ltr'><strong>de</strong></span> <span class='ocrx_word' id='word_1_416' title='bbox 1965 5190 2087 5259; x_wconf 86' lang='lat' dir='ltr'><strong>qui-</strong></span> 
     </span>
    </p>
   </div>
   <div class='ocr_carea' id='block_1_54' title="bbox 504 5280 2083 5352">
    <p class='ocr_par' dir='ltr' id='par_1_54' title="bbox 504 5280 2083 5352">
     <span class='ocr_line' id='line_1_54' title="bbox 504 5280 2083 5352; baseline -0.004 -11"><span class='ocrx_word' id='word_1_417' title='bbox 504 5289 604 5341; x_wconf 83' lang='lat' dir='ltr'><strong>bus</strong></span> <span class='ocrx_word' id='word_1_418' title='bbox 632 5283 859 5352; x_wconf 89' lang='lat' dir='ltr'><strong>diligens</strong></span> <span class='ocrx_word' id='word_1_419' title='bbox 887 5290 942 5336; x_wconf 90' lang='lat' dir='ltr'><strong>et</strong></span> <span class='ocrx_word' id='word_1_420' title='bbox 964 5292 1208 5336; x_wconf 92' lang='lat' dir='ltr'><strong>accurata</strong></span> <span class='ocrx_word' id='word_1_421' title='bbox 1234 5283 1368 5336; x_wconf 90' lang='lat' dir='ltr'><strong>ratio</strong></span> <span class='ocrx_word' id='word_1_422' title='bbox 1390 5282 1651 5351; x_wconf 80' lang='lat' dir='ltr'><strong>exigetur.</strong></span> <span class='ocrx_word' id='word_1_423' title='bbox 1682 5280 1805 5335; x_wconf 90' lang='lat' dir='ltr'><strong>Ideo</strong></span> <span class='ocrx_word' id='word_1_424' title='bbox 1834 5281 2083 5346; x_wconf 68' lang='lat' dir='ltr'><strong>obsecro,</strong></span> 
     </span>
    </p>
   </div>
   <div class='ocr_carea' id='block_1_55' title="bbox 505 5371 2086 5445">
    <p class='ocr_par' dir='ltr' id='par_1_55' title="bbox 505 5371 2086 5445">
     <span class='ocr_line' id='line_1_55' title="bbox 505 5371 2086 5445; baseline -0.002 -15"><span class='ocrx_word' id='word_1_425' title='bbox 505 5387 563 5430; x_wconf 91' lang='lat' dir='ltr'><strong>ut</strong></span> <span class='ocrx_word' id='word_1_426' title='bbox 595 5374 853 5445; x_wconf 85' lang='lat' dir='ltr'><strong>fugientes</strong></span> <span class='ocrx_word' id='word_1_427' title='bbox 879 5387 1066 5427; x_wconf 86' lang='lat' dir='ltr'><strong>vanam</strong></span> <span class='ocrx_word' id='word_1_428' title='bbox 1108 5371 1246 5425; x_wconf 90' lang='lat' dir='ltr'><strong>hanc</strong></span> <span class='ocrx_word' id='word_1_429' title='bbox 1285 5372 1548 5441; x_wconf 90' lang='lat' dir='ltr'><strong>gloriam,</strong></span> <span class='ocrx_word' id='word_1_430' title='bbox 1586 5388 1763 5426; x_wconf 82' lang='lat' dir='ltr'><strong>veram</strong></span> <span class='ocrx_word' id='word_1_431' title='bbox 1810 5372 2086 5427; x_wconf 85' lang='lat' dir='ltr'><strong>desidere-</strong></span> 
     </span>
    </p>
   </div>
   <div class='ocr_carea' id='block_1_56' title="bbox 507 5463 2085 5535">
    <p class='ocr_par' dir='ltr' id='par_1_56' title="bbox 507 5463 2085 5535">
     <span class='ocr_line' id='line_1_56' title="bbox 507 5463 2085 5535; baseline -0.004 -11"><span class='ocrx_word' id='word_1_432' title='bbox 507 5480 652 5535; x_wconf 85' lang='lat' dir='ltr'><strong>mus,</strong></span> <span class='ocrx_word' id='word_1_433' title='bbox 678 5474 734 5520; x_wconf 90' lang='lat' dir='ltr'><strong>et</strong></span> <span class='ocrx_word' id='word_1_434' title='bbox 758 5479 877 5534; x_wconf 73' lang='lat' dir='ltr'><strong>qua:</strong></span> <span class='ocrx_word' id='word_1_435' title='bbox 905 5463 1152 5519; x_wconf 89' lang='lat' dir='ltr'><strong>omnibus</strong></span> <span class='ocrx_word' id='word_1_436' title='bbox 1179 5463 1339 5518; x_wconf 90' lang='lat' dir='ltr'><strong>duret</strong></span> <span class='ocrx_word' id='word_1_437' title='bbox 1364 5465 1606 5520; x_wconf 70' lang='lat' dir='ltr'><strong>saeculis:</strong></span> <span class='ocrx_word' id='word_1_438' title='bbox 1639 5476 1693 5519; x_wconf 91' lang='lat' dir='ltr'><strong>et</strong></span> <span class='ocrx_word' id='word_1_439' title='bbox 1727 5481 1898 5535; x_wconf 83' lang='lat' dir='ltr'><strong>neque</strong></span> <span class='ocrx_word' id='word_1_440' title='bbox 1925 5480 2085 5534; x_wconf 90' lang='lat' dir='ltr'><strong>opum</strong></span> 
     </span>
    </p>
   </div>
   <div class='ocr_carea' id='block_1_57' title="bbox 572 5636 2091 5710">
    <p class='ocr_par' dir='ltr' id='par_1_57' title="bbox 572 5636 2091 5710">
     <span class='ocr_line' id='line_1_57' title="bbox 572 5636 2091 5710; baseline -0.003 -21"><span class='ocrx_word' id='word_1_441' title='bbox 572 5641 921 5710; x_wconf 59' lang='lat' dir='ltr'><strong>(u)__:l&#39;empore</strong></span> <span class='ocrx_word' id='word_1_442' title='bbox 950 5641 1270 5710; x_wconf 61' lang='grc' dir='ltr'><strong>(ἴω-γεοειρωὶ</strong></span> <span class='ocrx_word' id='word_1_443' title='bbox 1308 5654 1403 5690; x_wconf 92' lang='lat' dir='ltr'><strong>non</strong></span> <span class='ocrx_word' id='word_1_444' title='bbox 1426 5641 1778 5710; x_wconf 59' lang='lat' dir='ltr'><strong>semelaccidit</strong></span> <span class='ocrx_word' id='word_1_445' title='bbox 1800 5645 1858 5691; x_wconf 76' lang='lat' dir='ltr'><strong>ut</strong></span> <span class='ocrx_word' id='word_1_446' title='bbox 1876 5636 2091 5699; x_wconf 69' lang='lat' dir='ltr'><strong>praefecti</strong></span> 
     </span>
    </p>
   </div>
   <div class='ocr_carea' id='block_1_58' title="bbox 515 5702 2093 5772">
    <p class='ocr_par' dir='ltr' id='par_1_58' title="bbox 515 5702 2093 5772">
     <span class='ocr_line' id='line_1_58' title="bbox 515 5702 2093 5772; baseline -0.002 -17"><span class='ocrx_word' id='word_1_447' title='bbox 515 5702 697 5772; x_wconf 74' lang='lat' dir='ltr'><strong>antalii</strong></span> <span class='ocrx_word' id='word_1_448' title='bbox 766 5702 1057 5772; x_wconf 72' lang='lat' dir='ltr'><strong>optimates,</strong></span> <span class='ocrx_word' id='word_1_449' title='bbox 1089 5716 1154 5752; x_wconf 82' lang='lat' dir='ltr'><strong>ex</strong></span> <span class='ocrx_word' id='word_1_450' title='bbox 1193 5702 1889 5772; x_wconf 43' lang='lat' dir='ltr'><strong>imperatoris.indignatione,</strong></span> <span class='ocrx_word' id='word_1_451' title='bbox 1919 5717 2093 5772; x_wconf 86' lang='lat' dir='ltr'><strong>munus</strong></span> 
     </span>
    </p>
   </div>
   <div class='ocr_carea' id='block_1_59' title="bbox 510 5763 2092 5873">
    <p class='ocr_par' dir='ltr' id='par_1_59' title="bbox 510 5763 2092 5873">
     <span class='ocr_line' id='line_1_59' title="bbox 510 5763 2092 5873; baseline 0.001 -57"><span class='ocrx_word' id='word_1_452' title='bbox 835 5766 951 5814; x_wconf 83' lang='lat' dir='ltr'><strong>etin</strong></span> <span class='ocrx_word' id='word_1_453' title='bbox 974 5778 1223 5815; x_wconf 78' lang='lat' dir='ltr'><strong>carcerem</strong></span> <span class='ocrx_word' id='word_1_454' title='bbox 1248 5763 1451 5826; x_wconf 80' lang='lat' dir='ltr'><strong>conjecti</strong></span> <span class='ocrx_word' id='word_1_455' title='bbox 1477 5763 1731 5827; x_wconf 75' lang='lat' dir='ltr'><strong>aliquando</strong></span> <span class='ocrx_word' id='word_1_456' title='bbox 1765 5768 1910 5816; x_wconf 84' lang='lat' dir='ltr'><strong>etiam</strong></span> <span class='ocrx_word' id='word_1_457' title='bbox 1934 5769 2092 5829; x_wconf 82' lang='lat' dir='ltr'><strong>capite</strong></span> 
     </span>
     <span class='ocr_line' id='line_1_60' title="bbox 548 5838 870 5873; baseline 0.012 -4"><span class='ocrx_word' id='word_1_458' title='bbox 548 5838 554 5846; x_wconf 85' lang='lat'><strong>-</strong></span> <span class='ocrx_word' id='word_1_459' title='bbox 611 5839 622 5869; x_wconf 86' lang='grc' dir='ltr'>ι</span> <span class='ocrx_word' id='word_1_460' title='bbox 795 5838 870 5873; x_wconf 90' lang='lat' dir='ltr'><strong>ur.</strong></span> 
     </span>
    </p>
   </div>
   <div class='ocr_carea' id='block_1_60' title="bbox 1209 400 3012 462">
    <p class='ocr_par' dir='ltr' id='par_1_60' title="bbox 1209 400 3012 462">
     <span class='ocr_line' id='line_1_61' title="bbox 1209 400 3012 462; baseline 0 -1"><span class='ocrx_word' id='word_1_461' title='bbox 1209 406 1266 461; x_wconf 90' lang='lat' dir='ltr'><strong>S.</strong></span> <span class='ocrx_word' id='word_1_462' title='bbox 1304 402 1582 462; x_wconf 73' lang='lat' dir='ltr'><strong>JOANNIS</strong></span> <span class='ocrx_word' id='word_1_463' title='bbox 1610 401 2083 460; x_wconf 77' lang='lat' dir='ltr'><strong>CHRYSOSTOMI</strong></span> <span class='ocrx_word' id='word_1_464' title='bbox 2122 400 2438 458; x_wconf 79' lang='lat' dir='ltr'><strong>ARClllEP.</strong></span> <span class='ocrx_word' id='word_1_465' title='bbox 2478 403 3012 461; x_wconf 75' lang='lat' dir='ltr'><strong>CONSTANTINOP.</strong></span> 
     </span>
    </p>
   </div>
   <div class='ocr_carea' id='block_1_61' title="bbox 3662 410 3755 469">
    <p class='ocr_par' dir='ltr' id='par_1_61' title="bbox 3662 410 3755 469">
     <span class='ocr_line' id='line_1_62' title="bbox 3662 410 3755 469; baseline 0.022 -2"><span class='ocrx_word' id='word_1_466' title='bbox 3662 410 3755 469; x_wconf 65' lang='lat'><strong>19¢</strong></span> 
     </span>
    </p>
   </div>
   <div class='ocr_carea' id='block_1_62' title="bbox 2197 523 3757 597">
    <p class='ocr_par' dir='ltr' id='par_1_62' title="bbox 2197 523 3757 597">
     <span class='ocr_line' id='line_1_63' title="bbox 2197 523 3757 597; baseline 0.006 -24"><span class='ocrx_word' id='word_1_467' title='bbox 2197 536 2348 574; x_wconf 90' lang='lat' dir='ltr'><strong>amor</strong></span> <span class='ocrx_word' id='word_1_468' title='bbox 2375 538 2472 576; x_wconf 89' lang='lat' dir='ltr'><strong>nos</strong></span> <span class='ocrx_word' id='word_1_469' title='bbox 2493 525 2794 594; x_wconf 88' lang='lat' dir='ltr'><strong>snpplantet</strong></span> <span class='ocrx_word' id='word_1_470' title='bbox 2817 567 2831 590; x_wconf 96' lang='lat'><strong>,</strong></span> <span class='ocrx_word' id='word_1_471' title='bbox 2880 541 3052 596; x_wconf 77' lang='lat' dir='ltr'><strong>neque</strong></span> <span class='ocrx_word' id='word_1_472' title='bbox 3080 523 3522 597; x_wconf 62' lang='lat' dir='ltr'><strong>concupiscentiae</strong></span> <span class='ocrx_word' id='word_1_473' title='bbox 3559 526 3757 583; x_wconf 75' lang='lat' dir='ltr'><strong>flamma</strong></span> 
     </span>
    </p>
   </div>
   <div class='ocr_carea' id='block_1_63' title="bbox 2194 616 3757 688">
    <p class='ocr_par' dir='ltr' id='par_1_63' title="bbox 2194 616 3757 688">
     <span class='ocr_line' id='line_1_64' title="bbox 2194 616 3757 688; baseline 0.007 -24"><span class='ocrx_word' id='word_1_474' title='bbox 2194 624 2401 678; x_wconf 60' lang='grc' dir='ltr'><strong>(κιαι-ιιι,</strong></span> <span class='ocrx_word' id='word_1_475' title='bbox 2434 630 2605 684; x_wconf 89' lang='lat' dir='ltr'><strong>neque</strong></span> <span class='ocrx_word' id='word_1_476' title='bbox 2634 616 2767 669; x_wconf 83' lang='lat' dir='ltr'><strong>livor</strong></span> <span class='ocrx_word' id='word_1_477' title='bbox 2793 627 2849 671; x_wconf 90' lang='lat' dir='ltr'><strong>et</strong></span> <span class='ocrx_word' id='word_1_478' title='bbox 2878 617 3071 671; x_wconf 90' lang='lat' dir='ltr'><strong>invidia</strong></span> <span class='ocrx_word' id='word_1_479' title='bbox 3098 629 3400 687; x_wconf 84' lang='lat' dir='ltr'><strong>torqueant,</strong></span> <span class='ocrx_word' id='word_1_480' title='bbox 3430 633 3601 688; x_wconf 91' lang='lat' dir='ltr'><strong>neque</strong></span> <span class='ocrx_word' id='word_1_481' title='bbox 3626 620 3757 675; x_wconf 78' lang='lat' dir='ltr'><strong>furor</strong></span> 
     </span>
    </p>
   </div>
   <div class='ocr_carea' id='block_1_64' title="bbox 2193 704 3758 781">
    <p class='ocr_par' dir='ltr' id='par_1_64' title="bbox 2193 704 3758 781">
     <span class='ocr_line' id='line_1_65' title="bbox 2193 704 3758 781; baseline 0.007 -27"><span class='ocrx_word' id='word_1_482' title='bbox 2193 714 2244 755; x_wconf 86' lang='lat' dir='ltr'><strong>et</strong></span> <span class='ocrx_word' id='word_1_483' title='bbox 2292 704 2366 757; x_wconf 87' lang='lat' dir='ltr'><strong>ira</strong></span> <span class='ocrx_word' id='word_1_484' title='bbox 2397 719 2495 759; x_wconf 81' lang='lat' dir='ltr'><strong>nos</strong></span> <span class='ocrx_word' id='word_1_485' title='bbox 2524 705 2809 761; x_wconf 90' lang='lat' dir='ltr'><strong>incendant</strong></span> <span class='ocrx_word' id='word_1_486' title='bbox 2836 725 2849 761; x_wconf 94' lang='lat'><strong>:</strong></span> <span class='ocrx_word' id='word_1_487' title='bbox 2879 708 2974 762; x_wconf 90' lang='lat' dir='ltr'><strong>sed</strong></span> <span class='ocrx_word' id='word_1_488' title='bbox 3004 708 3102 762; x_wconf 90' lang='lat' dir='ltr'><strong>has</strong></span> <span class='ocrx_word' id='word_1_489' title='bbox 3130 723 3318 764; x_wconf 90' lang='lat' dir='ltr'><strong>omnes</strong></span> <span class='ocrx_word' id='word_1_490' title='bbox 3346 709 3515 765; x_wconf 89' lang='lat' dir='ltr'><strong>malas</strong></span> <span class='ocrx_word' id='word_1_491' title='bbox 3547 718 3602 764; x_wconf 93' lang='lat' dir='ltr'><strong>et</strong></span> <span class='ocrx_word' id='word_1_492' title='bbox 3644 727 3758 781; x_wconf 87' lang='lat' dir='ltr'><strong>per-</strong></span> 
     </span>
    </p>
   </div>
   <div class='ocr_carea' id='block_1_65' title="bbox 2195 797 3750 872">
    <p class='ocr_par' dir='ltr' id='par_1_65' title="bbox 2195 797 3750 872">
     <span class='ocr_line' id='line_1_66' title="bbox 2195 797 3750 872; baseline 0.005 -23"><span class='ocrx_word' id='word_1_493' title='bbox 2195 798 2421 852; x_wconf 85' lang='lat' dir='ltr'><strong>niciosas</strong></span> <span class='ocrx_word' id='word_1_494' title='bbox 2448 797 2754 854; x_wconf 78' lang='lat' dir='ltr'><strong>aﬂectiones</strong></span> <span class='ocrx_word' id='word_1_495' title='bbox 2796 815 2920 854; x_wconf 88' lang='lat' dir='ltr'><strong>rore</strong></span> <span class='ocrx_word' id='word_1_496' title='bbox 2959 800 3187 870; x_wconf 86' lang='lat' dir='ltr'><strong>Spiritus</strong></span> <span class='ocrx_word' id='word_1_497' title='bbox 3214 801 3611 872; x_wconf 82' lang='lat' dir='ltr'><strong>exstinguentes</strong></span> <span class='ocrx_word' id='word_1_498' title='bbox 3635 843 3648 865; x_wconf 91' lang='lat'><strong>,</strong></span> <span class='ocrx_word' id='word_1_499' title='bbox 3675 803 3750 856; x_wconf 77' lang='lat' dir='ltr'><strong>de</strong></span> 
     </span>
    </p>
   </div>
   <div class='ocr_carea' id='block_1_66' title="bbox 2193 890 3758 959">
    <p class='ocr_par' dir='ltr' id='par_1_66' title="bbox 2193 890 3758 959">
     <span class='ocr_line' id='line_1_67' title="bbox 2193 890 3758 959; baseline 0.005 -18"><span class='ocrx_word' id='word_1_500' title='bbox 2193 890 2479 958; x_wconf 87' lang='lat' dir='ltr'><strong>spiciamus</strong></span> <span class='ocrx_word' id='word_1_501' title='bbox 2505 891 2803 959; x_wconf 71' lang='lat' dir='ltr'><strong>prresentia,</strong></span> <span class='ocrx_word' id='word_1_502' title='bbox 2829 892 3194 948; x_wconf 87' lang='lat' dir='ltr'><strong>desideremus</strong></span> <span class='ocrx_word' id='word_1_503' title='bbox 3220 892 3411 958; x_wconf 88' lang='lat' dir='ltr'><strong>futura,</strong></span> <span class='ocrx_word' id='word_1_504' title='bbox 3442 892 3495 947; x_wconf 92' lang='lat' dir='ltr'><strong>in</strong></span> <span class='ocrx_word' id='word_1_505' title='bbox 3519 895 3758 949; x_wconf 70' lang='lat' dir='ltr'><strong>memoria</strong></span> 
     </span>
    </p>
   </div>
   <div class='ocr_carea' id='block_1_67' title="bbox 2202 980 3754 1055">
    <p class='ocr_par' dir='ltr' id='par_1_67' title="bbox 2202 980 3754 1055">
     <span class='ocr_line' id='line_1_68' title="bbox 2202 980 3754 1055; baseline 0.003 -22"><span class='ocrx_word' id='word_1_506' title='bbox 2202 980 2491 1035; x_wconf 85' lang='lat' dir='ltr'><strong>habeamus</strong></span> <span class='ocrx_word' id='word_1_507' title='bbox 2521 982 2753 1037; x_wconf 83' lang='lat' dir='ltr'><strong>futurum</strong></span> <span class='ocrx_word' id='word_1_508' title='bbox 2776 982 2917 1040; x_wconf 89' lang='lat' dir='ltr'><strong>diem</strong></span> <span class='ocrx_word' id='word_1_509' title='bbox 2936 1026 2951 1050; x_wconf 91' lang='lat'><strong>,</strong></span> <span class='ocrx_word' id='word_1_510' title='bbox 2978 999 3274 1055; x_wconf 89' lang='lat' dir='ltr'><strong>magnaque</strong></span> <span class='ocrx_word' id='word_1_511' title='bbox 3307 984 3575 1055; x_wconf 89' lang='lat' dir='ltr'><strong>diligentia</strong></span> <span class='ocrx_word' id='word_1_512' title='bbox 3608 987 3754 1038; x_wconf 71' lang='lat' dir='ltr'><strong>vitant</strong></span> 
     </span>
    </p>
   </div>
   <div class='ocr_carea' id='block_1_68' title="bbox 2195 1072 3762 1146">
    <p class='ocr_par' dir='ltr' id='par_1_68' title="bbox 2195 1072 3762 1146">
     <span class='ocr_line' id='line_1_69' title="bbox 2195 1072 3762 1146; baseline 0.004 -19"><span class='ocrx_word' id='word_1_513' title='bbox 2195 1072 2549 1129; x_wconf 90' lang='lat' dir='ltr'><strong>instituamus.</strong></span> <span class='ocrx_word' id='word_1_514' title='bbox 2581 1074 2762 1146; x_wconf 83' lang='lat' dir='ltr'><strong>Neque</strong></span> <span class='ocrx_word' id='word_1_515' title='bbox 2786 1075 2928 1131; x_wconf 83' lang='lat' dir='ltr'><strong>enim</strong></span> <span class='ocrx_word' id='word_1_516' title='bbox 2956 1076 3055 1129; x_wconf 90' lang='lat' dir='ltr'><strong>hac</strong></span> <span class='ocrx_word' id='word_1_517' title='bbox 3080 1075 3148 1131; x_wconf 91' lang='lat' dir='ltr'><strong>de</strong></span> <span class='ocrx_word' id='word_1_518' title='bbox 3177 1091 3333 1131; x_wconf 86' lang='lat' dir='ltr'><strong>causa</strong></span> <span class='ocrx_word' id='word_1_519' title='bbox 3362 1076 3413 1130; x_wconf 92' lang='lat' dir='ltr'><strong>in</strong></span> <span class='ocrx_word' id='word_1_520' title='bbox 3443 1076 3579 1131; x_wconf 90' lang='lat' dir='ltr'><strong>hanc</strong></span> <span class='ocrx_word' id='word_1_521' title='bbox 3610 1078 3762 1133; x_wconf 85' lang='lat' dir='ltr'><strong>vitam</strong></span> 
     </span>
    </p>
   </div>
   <div class='ocr_carea' id='block_1_69' title="bbox 2196 1166 3555 1232">
    <p class='ocr_par' dir='ltr' id='par_1_69' title="bbox 2196 1166 3555 1232">
     <span class='ocr_line' id='line_1_70' title="bbox 2196 1166 3555 1232; baseline 0.002 -14"><span class='ocrx_word' id='word_1_522' title='bbox 2196 1166 2302 1219; x_wconf 90' lang='lat' dir='ltr'><strong>nati</strong></span> <span class='ocrx_word' id='word_1_523' title='bbox 2326 1182 2533 1232; x_wconf 90' lang='lat' dir='ltr'><strong>sumus,</strong></span> <span class='ocrx_word' id='word_1_524' title='bbox 2562 1177 2619 1221; x_wconf 94' lang='lat' dir='ltr'><strong>ut</strong></span> <span class='ocrx_word' id='word_1_525' title='bbox 2640 1168 2811 1223; x_wconf 91' lang='lat' dir='ltr'><strong>solum</strong></span> <span class='ocrx_word' id='word_1_526' title='bbox 2837 1168 3181 1223; x_wconf 91' lang='lat' dir='ltr'><strong>comedamus</strong></span> <span class='ocrx_word' id='word_1_527' title='bbox 3210 1176 3265 1223; x_wconf 87' lang='lat' dir='ltr'><strong>et</strong></span> <span class='ocrx_word' id='word_1_528' title='bbox 3291 1168 3555 1223; x_wconf 88' lang='lat' dir='ltr'><strong>bibamus.</strong></span> 
     </span>
    </p>
   </div>
   <div class='ocr_carea' id='block_1_70' title="bbox 2263 1258 3758 1332">
    <p class='ocr_par' dir='ltr' id='par_1_70' title="bbox 2263 1258 3758 1332">
     <span class='ocr_line' id='line_1_71' title="bbox 2263 1258 3758 1332; baseline 0.001 -19"><span class='ocrx_word' id='word_1_529' title='bbox 2263 1258 2670 1330; x_wconf 83' lang='lat' dir='ltr'><strong>Temperantiam</strong></span> <span class='ocrx_word' id='word_1_530' title='bbox 2716 1261 2976 1332; x_wconf 64' lang='lat' dir='ltr'><strong>praedicat.</strong></span> <span class='ocrx_word' id='word_1_531' title='bbox 3018 1292 3089 1302; x_wconf 94' lang='grc'><strong>--</strong></span> <span class='ocrx_word' id='word_1_532' title='bbox 3136 1262 3250 1315; x_wconf 84' lang='grc' dir='ltr'><strong>Νοη</strong></span> <span class='ocrx_word' id='word_1_533' title='bbox 3288 1262 3391 1315; x_wconf 86' lang='lat' dir='ltr'><strong>vita</strong></span> <span class='ocrx_word' id='word_1_534' title='bbox 3433 1269 3515 1316; x_wconf 93' lang='lat' dir='ltr'><strong>est</strong></span> <span class='ocrx_word' id='word_1_535' title='bbox 3560 1271 3758 1330; x_wconf 83' lang='lat' dir='ltr'><strong>propter</strong></span> 
     </span>
    </p>
   </div>
   <div class='ocr_carea' id='block_1_71' title="bbox 2192 1350 3759 1423">
    <p class='ocr_par' dir='ltr' id='par_1_71' title="bbox 2192 1350 3759 1423">
     <span class='ocr_line' id='line_1_72' title="bbox 2192 1350 3759 1423; baseline 0.003 -20"><span class='ocrx_word' id='word_1_536' title='bbox 2192 1350 2369 1404; x_wconf 91' lang='lat' dir='ltr'><strong>cibum</strong></span> <span class='ocrx_word' id='word_1_537' title='bbox 2410 1361 2465 1406; x_wconf 89' lang='lat' dir='ltr'><strong>et</strong></span> <span class='ocrx_word' id='word_1_538' title='bbox 2506 1362 2684 1421; x_wconf 87' lang='lat' dir='ltr'><strong>potum</strong></span> <span class='ocrx_word' id='word_1_539' title='bbox 2707 1392 2724 1419; x_wconf 95' lang='lat'><strong>,</strong></span> <span class='ocrx_word' id='word_1_540' title='bbox 2769 1352 2863 1407; x_wconf 88' lang='lat' dir='ltr'><strong>sed</strong></span> <span class='ocrx_word' id='word_1_541' title='bbox 2906 1362 3125 1423; x_wconf 88' lang='lat' dir='ltr'><strong>propter</strong></span> <span class='ocrx_word' id='word_1_542' title='bbox 3149 1352 3309 1407; x_wconf 87' lang='lat' dir='ltr'><strong>vitam</strong></span> <span class='ocrx_word' id='word_1_543' title='bbox 3340 1352 3489 1407; x_wconf 87' lang='lat' dir='ltr'><strong>cibus</strong></span> <span class='ocrx_word' id='word_1_544' title='bbox 3513 1362 3569 1406; x_wconf 90' lang='lat' dir='ltr'><strong>et</strong></span> <span class='ocrx_word' id='word_1_545' title='bbox 3598 1363 3759 1421; x_wconf 85' lang='lat' dir='ltr'><strong>potus.</strong></span> 
     </span>
    </p>
   </div>
   <div class='ocr_carea' id='block_1_72' title="bbox 2190 1440 3757 1513">
    <p class='ocr_par' dir='ltr' id='par_1_72' title="bbox 2190 1440 3757 1513">
     <span class='ocr_line' id='line_1_73' title="bbox 2190 1440 3757 1513; baseline 0.001 -19"><span class='ocrx_word' id='word_1_546' title='bbox 2190 1440 2268 1495; x_wconf 88' lang='lat' dir='ltr'><strong>Ne</strong></span> <span class='ocrx_word' id='word_1_547' title='bbox 2288 1456 2415 1511; x_wconf 88' lang='lat' dir='ltr'><strong>ergo</strong></span> <span class='ocrx_word' id='word_1_548' title='bbox 2441 1442 2766 1498; x_wconf 88' lang='lat' dir='ltr'><strong>invertamus</strong></span> <span class='ocrx_word' id='word_1_549' title='bbox 2790 1444 3052 1509; x_wconf 89' lang='lat' dir='ltr'><strong>ordinem,</strong></span> <span class='ocrx_word' id='word_1_550' title='bbox 3082 1460 3249 1513; x_wconf 83' lang='lat' dir='ltr'><strong>neque</strong></span> <span class='ocrx_word' id='word_1_551' title='bbox 3276 1445 3353 1497; x_wconf 90' lang='lat' dir='ltr'><strong>sic</strong></span> <span class='ocrx_word' id='word_1_552' title='bbox 3378 1444 3547 1498; x_wconf 81' lang='lat' dir='ltr'><strong>ventri</strong></span> <span class='ocrx_word' id='word_1_553' title='bbox 3579 1455 3629 1497; x_wconf 88' lang='lat' dir='ltr'><strong>et</strong></span> <span class='ocrx_word' id='word_1_554' title='bbox 3648 1460 3757 1497; x_wconf 78' lang='lat' dir='ltr'><strong>car-</strong></span> 
     </span>
    </p>
   </div>
   <div class='ocr_carea' id='block_1_73' title="bbox 2192 1533 3760 1604">
    <p class='ocr_par' dir='ltr' id='par_1_73' title="bbox 2192 1533 3760 1604">
     <span class='ocr_line' id='line_1_74' title="bbox 2192 1533 3760 1604; baseline 0.001 -19"><span class='ocrx_word' id='word_1_555' title='bbox 2192 1533 2275 1587; x_wconf 90' lang='lat' dir='ltr'><strong>nis</strong></span> <span class='ocrx_word' id='word_1_556' title='bbox 2322 1533 2677 1602; x_wconf 89' lang='lat' dir='ltr'><strong>voluptatibus</strong></span> <span class='ocrx_word' id='word_1_557' title='bbox 2725 1536 3039 1601; x_wconf 86' lang='lat' dir='ltr'><strong>serviamus,</strong></span> <span class='ocrx_word' id='word_1_558' title='bbox 3086 1536 3235 1604; x_wconf 91' lang='lat' dir='ltr'><strong>quasi</strong></span> <span class='ocrx_word' id='word_1_559' title='bbox 3278 1552 3395 1590; x_wconf 89' lang='lat' dir='ltr'><strong>eam</strong></span> <span class='ocrx_word' id='word_1_560' title='bbox 3443 1535 3512 1589; x_wconf 91' lang='lat' dir='ltr'><strong>ob</strong></span> <span class='ocrx_word' id='word_1_561' title='bbox 3559 1551 3760 1590; x_wconf 86' lang='lat' dir='ltr'><strong>causam</strong></span> 
     </span>
    </p>
   </div>
   <div class='ocr_carea' id='block_1_74' title="bbox 2192 1625 3762 1697">
    <p class='ocr_par' dir='ltr' id='par_1_74' title="bbox 2192 1625 3762 1697">
     <span class='ocr_line' id='line_1_75' title="bbox 2192 1625 3762 1697; baseline 0 -19"><span class='ocrx_word' id='word_1_562' title='bbox 2192 1625 2314 1679; x_wconf 85' lang='lat' dir='ltr'><strong>facti</strong></span> <span class='ocrx_word' id='word_1_563' title='bbox 2346 1627 2513 1679; x_wconf 91' lang='lat' dir='ltr'><strong>simus</strong></span> <span class='ocrx_word' id='word_1_564' title='bbox 2543 1644 2556 1679; x_wconf 94' lang='lat'>:</span> <span class='ocrx_word' id='word_1_565' title='bbox 2589 1626 2683 1680; x_wconf 91' lang='lat' dir='ltr'><strong>sed</strong></span> <span class='ocrx_word' id='word_1_566' title='bbox 2726 1636 3035 1695; x_wconf 87' lang='lat' dir='ltr'><strong>reputantes</strong></span> <span class='ocrx_word' id='word_1_567' title='bbox 3069 1627 3320 1681; x_wconf 90' lang='lat' dir='ltr'><strong>damnum</strong></span> <span class='ocrx_word' id='word_1_568' title='bbox 3362 1626 3501 1697; x_wconf 90' lang='lat' dir='ltr'><strong>quod</strong></span> <span class='ocrx_word' id='word_1_569' title='bbox 3534 1626 3653 1680; x_wconf 89' lang='lat' dir='ltr'><strong>inde</strong></span> <span class='ocrx_word' id='word_1_570' title='bbox 3678 1642 3762 1679; x_wconf 90' lang='lat' dir='ltr'><strong>na-</strong></span> 
     </span>
    </p>
   </div>
   <div class='ocr_carea' id='block_1_75' title="bbox 2189 1718 3760 1789">
    <p class='ocr_par' dir='ltr' id='par_1_75' title="bbox 2189 1718 3760 1789">
     <span class='ocr_line' id='line_1_76' title="bbox 2189 1718 3760 1789; baseline 0 -18"><span class='ocrx_word' id='word_1_571' title='bbox 2189 1718 2374 1784; x_wconf 90' lang='lat' dir='ltr'><strong>scitur,</strong></span> <span class='ocrx_word' id='word_1_572' title='bbox 2417 1720 2737 1789; x_wconf 87' lang='lat' dir='ltr'><strong>castigemus</strong></span> <span class='ocrx_word' id='word_1_573' title='bbox 2778 1730 2952 1775; x_wconf 89' lang='lat' dir='ltr'><strong>motus</strong></span> <span class='ocrx_word' id='word_1_574' title='bbox 2990 1721 3204 1786; x_wconf 89' lang='lat' dir='ltr'><strong>carnis;</strong></span> <span class='ocrx_word' id='word_1_575' title='bbox 3249 1735 3317 1775; x_wconf 91' lang='lat' dir='ltr'><strong>ne</strong></span> <span class='ocrx_word' id='word_1_576' title='bbox 3362 1721 3531 1775; x_wconf 89' lang='lat' dir='ltr'><strong>simus</strong></span> <span class='ocrx_word' id='word_1_577' title='bbox 3559 1734 3760 1789; x_wconf 88' lang='lat' dir='ltr'><strong>segnes,</strong></span> 
     </span>
    </p>
   </div>
   <div class='ocr_carea' id='block_1_76' title="bbox 2191 1811 3759 1881">
    <p class='ocr_par' dir='ltr' id='par_1_76' title="bbox 2191 1811 3759 1881">
     <span class='ocr_line' id='line_1_77' title="bbox 2191 1811 3759 1881; baseline 0.001 -19"><span class='ocrx_word' id='word_1_578' title='bbox 2191 1825 2291 1863; x_wconf 91' lang='lat' dir='ltr'><strong>nec</strong></span> <span class='ocrx_word' id='word_1_579' title='bbox 2321 1812 2692 1879; x_wconf 84' lang='lat' dir='ltr'><strong>permittamus</strong></span> <span class='ocrx_word' id='word_1_580' title='bbox 2719 1812 2863 1866; x_wconf 91' lang='lat' dir='ltr'><strong>illam</strong></span> <span class='ocrx_word' id='word_1_581' title='bbox 2908 1811 3163 1867; x_wconf 87' lang='lat' dir='ltr'><strong>adversus</strong></span> <span class='ocrx_word' id='word_1_582' title='bbox 3199 1813 3429 1866; x_wconf 91' lang='lat' dir='ltr'><strong>animam</strong></span> <span class='ocrx_word' id='word_1_583' title='bbox 3471 1812 3759 1881; x_wconf 88' lang='lat' dir='ltr'><strong>insurgere.</strong></span> 
     </span>
    </p>
   </div>
   <div class='ocr_carea' id='block_1_77' title="bbox 2189 1902 3761 1974">
    <p class='ocr_par' dir='ltr' id='par_1_77' title="bbox 2189 1902 3761 1974">
     <span class='ocr_line' id='line_1_78' title="bbox 2189 1902 3761 1974; baseline -0.001 -17"><span class='ocrx_word' id='word_1_584' title='bbox 2189 1902 2321 1957; x_wconf 85' lang='lat' dir='ltr'><strong>Nam</strong></span> <span class='ocrx_word' id='word_1_585' title='bbox 2349 1905 2392 1957; x_wconf 92' lang='lat' dir='ltr'><strong>si</strong></span> <span class='ocrx_word' id='word_1_586' title='bbox 2426 1904 2620 1959; x_wconf 81' lang='lat' dir='ltr'><strong>Paulus</strong></span> <span class='ocrx_word' id='word_1_587' title='bbox 2664 1906 2753 1959; x_wconf 91' lang='lat' dir='ltr'><strong>ille</strong></span> <span class='ocrx_word' id='word_1_588' title='bbox 2800 1906 2917 1959; x_wconf 88' lang='lat' dir='ltr'><strong>talis</strong></span> <span class='ocrx_word' id='word_1_589' title='bbox 2962 1915 3018 1959; x_wconf 92' lang='lat' dir='ltr'><strong>et</strong></span> <span class='ocrx_word' id='word_1_590' title='bbox 3061 1914 3271 1971; x_wconf 86' lang='lat' dir='ltr'><strong>tantus,</strong></span> <span class='ocrx_word' id='word_1_591' title='bbox 3302 1905 3388 1974; x_wconf 92' lang='lat' dir='ltr'><strong>qui</strong></span> <span class='ocrx_word' id='word_1_592' title='bbox 3418 1905 3571 1973; x_wconf 86' lang='lat' dir='ltr'><strong>quasi</strong></span> <span class='ocrx_word' id='word_1_593' title='bbox 3601 1904 3761 1956; x_wconf 87' lang='lat' dir='ltr'><strong>alatus</strong></span> 
     </span>
    </p>
   </div>
   <div class='ocr_carea' id='block_1_78' title="bbox 2190 1996 3763 2066">
    <p class='ocr_par' dir='ltr' id='par_1_78' title="bbox 2190 1996 3763 2066">
     <span class='ocr_line' id='line_1_79' title="bbox 2190 1996 3763 2066; baseline -0.003 -15"><span class='ocrx_word' id='word_1_594' title='bbox 2190 2012 2285 2066; x_wconf 84' lang='lat' dir='ltr'><strong>per</strong></span> <span class='ocrx_word' id='word_1_595' title='bbox 2315 2006 2481 2050; x_wconf 93' lang='lat' dir='ltr'><strong>totum</strong></span> <span class='ocrx_word' id='word_1_596' title='bbox 2509 1998 2691 2052; x_wconf 89' lang='lat' dir='ltr'><strong>orbem</strong></span> <span class='ocrx_word' id='word_1_597' title='bbox 2733 1998 3157 2063; x_wconf 84' lang='lat' dir='ltr'><strong>transeurrebat,</strong></span> <span class='ocrx_word' id='word_1_598' title='bbox 3185 1996 3554 2066; x_wconf 88' lang='lat' dir='ltr'><strong>corporalibus</strong></span> <span class='ocrx_word' id='word_1_599' title='bbox 3581 2009 3763 2048; x_wconf 84' lang='lat' dir='ltr'><strong>neces-</strong></span> 
     </span>
    </p>
   </div>
   <div class='ocr_carea' id='block_1_79' title="bbox 2188 2088 3761 2157">
    <p class='ocr_par' dir='ltr' id='par_1_79' title="bbox 2188 2088 3761 2157">
     <span class='ocr_line' id='line_1_80' title="bbox 2188 2088 3761 2157; baseline -0.001 -16"><span class='ocrx_word' id='word_1_600' title='bbox 2188 2089 2431 2142; x_wconf 91' lang='lat' dir='ltr'><strong>sitatibus</strong></span> <span class='ocrx_word' id='word_1_601' title='bbox 2459 2090 2701 2157; x_wconf 89' lang='lat' dir='ltr'><strong>superior</strong></span> <span class='ocrx_word' id='word_1_602' title='bbox 2739 2088 2905 2143; x_wconf 85' lang='lat' dir='ltr'><strong>factus</strong></span> <span class='ocrx_word' id='word_1_603' title='bbox 2925 2130 2941 2155; x_wconf 88' lang='lat'><strong>,</strong></span> <span class='ocrx_word' id='word_1_604' title='bbox 2970 2097 3024 2142; x_wconf 91' lang='lat' dir='ltr'><strong>et</strong></span> <span class='ocrx_word' id='word_1_605' title='bbox 3051 2103 3364 2143; x_wconf 89' lang='lat' dir='ltr'><strong>arcanorum</strong></span> <span class='ocrx_word' id='word_1_606' title='bbox 3407 2088 3621 2143; x_wconf 92' lang='lat' dir='ltr'><strong>illorum</strong></span> <span class='ocrx_word' id='word_1_607' title='bbox 3648 2102 3761 2139; x_wconf 90' lang='lat' dir='ltr'><strong>ver-</strong></span> 
     </span>
    </p>
   </div>
   <div class='ocr_carea' id='block_1_80' title="bbox 2188 2176 3761 2249">
    <p class='ocr_par' dir='ltr' id='par_1_80' title="bbox 2188 2176 3761 2249">
     <span class='ocr_line' id='line_1_81' title="bbox 2188 2176 3761 2249; baseline -0.004 -15"><span class='ocrx_word' id='word_1_608' title='bbox 2188 2179 2378 2234; x_wconf 88' lang='lat' dir='ltr'><strong>borum</strong></span> <span class='ocrx_word' id='word_1_609' title='bbox 2406 2180 2616 2234; x_wconf 90' lang='lat' dir='ltr'><strong>auditor</strong></span> <span class='ocrx_word' id='word_1_610' title='bbox 2635 2220 2651 2245; x_wconf 98' lang='lat'><strong>,</strong></span> <span class='ocrx_word' id='word_1_611' title='bbox 2695 2196 2812 2249; x_wconf 64' lang='lat' dir='ltr'><strong>quae</strong></span> <span class='ocrx_word' id='word_1_612' title='bbox 2840 2195 3004 2249; x_wconf 89' lang='lat' dir='ltr'><strong>usque</strong></span> <span class='ocrx_word' id='word_1_613' title='bbox 3033 2181 3085 2234; x_wconf 92' lang='lat' dir='ltr'><strong>in</strong></span> <span class='ocrx_word' id='word_1_614' title='bbox 3118 2180 3257 2233; x_wconf 87' lang='lat' dir='ltr'><strong>hunc</strong></span> <span class='ocrx_word' id='word_1_615' title='bbox 3285 2178 3424 2233; x_wconf 87' lang='lat' dir='ltr'><strong>diem</strong></span> <span class='ocrx_word' id='word_1_616' title='bbox 3463 2178 3600 2232; x_wconf 90' lang='lat' dir='ltr'><strong>alius</strong></span> <span class='ocrx_word' id='word_1_617' title='bbox 3618 2176 3761 2230; x_wconf 85' lang='lat' dir='ltr'><strong>audi-</strong></span> 
     </span>
    </p>
   </div>
   <div class='ocr_carea' id='block_1_81' title="bbox 2189 2270 3760 2340">
    <p class='ocr_par' dir='ltr' id='par_1_81' title="bbox 2189 2270 3760 2340">
     <span class='ocr_line' id='line_1_82' title="bbox 2189 2270 3760 2340; baseline -0.001 -17"><span class='ocrx_word' id='word_1_618' title='bbox 2189 2272 2262 2325; x_wconf 90' lang='lat' dir='ltr'><strong>vit</strong></span> <span class='ocrx_word' id='word_1_619' title='bbox 2292 2271 2487 2336; x_wconf 90' lang='lat' dir='ltr'><strong>nullus,</strong></span> <span class='ocrx_word' id='word_1_620' title='bbox 2519 2271 2757 2325; x_wconf 88' lang='lat' dir='ltr'><strong>scribens</strong></span> <span class='ocrx_word' id='word_1_621' title='bbox 2786 2270 2993 2325; x_wconf 85' lang='lat' dir='ltr'><strong>dicebat</strong></span> <span class='ocrx_word' id='word_1_622' title='bbox 3028 2289 3039 2325; x_wconf 94' lang='lat'>:</span> <span class='ocrx_word' id='word_1_623' title='bbox 3070 2270 3270 2340; x_wconf 81' lang='lat' dir='ltr'><strong>Castigo</strong></span> <span class='ocrx_word' id='word_1_624' title='bbox 3296 2286 3480 2339; x_wconf 80' lang='lat' dir='ltr'><strong>corpus</strong></span> <span class='ocrx_word' id='word_1_625' title='bbox 3505 2284 3689 2332; x_wconf 71' lang='lat' dir='ltr'><strong>meum,</strong></span> <span class='ocrx_word' id='word_1_626' title='bbox 3718 2278 3760 2322; x_wconf 78' lang='lat' dir='ltr'><strong>et</strong></span> 
     </span>
    </p>
   </div>
   <div class='ocr_carea' id='block_1_82' title="bbox 2187 2361 3762 2433">
    <p class='ocr_par' dir='ltr' id='par_1_82' title="bbox 2187 2361 3762 2433">
     <span class='ocr_line' id='line_1_83' title="bbox 2187 2361 3762 2433; baseline -0.004 -16"><span class='ocrx_word' id='word_1_627' title='bbox 2187 2363 2241 2417; x_wconf 83' lang='lat' dir='ltr'><strong>in</strong></span> <span class='ocrx_word' id='word_1_628' title='bbox 2261 2364 2542 2417; x_wconf 77' lang='lat' dir='ltr'><strong>servitutem</strong></span> <span class='ocrx_word' id='word_1_629' title='bbox 2568 2363 2741 2433; x_wconf 83' lang='lat' dir='ltr'><strong>redigo</strong></span> <span class='ocrx_word' id='word_1_630' title='bbox 2760 2404 2773 2425; x_wconf 95' lang='lat'><strong>,</strong></span> <span class='ocrx_word' id='word_1_631' title='bbox 2823 2379 2885 2416; x_wconf 84' lang='lat' dir='ltr'><strong>ne</strong></span> <span class='ocrx_word' id='word_1_632' title='bbox 2924 2364 3051 2427; x_wconf 77' lang='lat' dir='ltr'><strong>forte</strong></span> <span class='ocrx_word' id='word_1_633' title='bbox 3090 2361 3206 2415; x_wconf 81' lang='lat' dir='ltr'><strong>aliis</strong></span> <span class='ocrx_word' id='word_1_634' title='bbox 3242 2361 3525 2430; x_wconf 60' lang='lat' dir='ltr'><strong>pradicans</strong></span> <span class='ocrx_word' id='word_1_635' title='bbox 3552 2361 3660 2430; x_wconf 78' lang='lat' dir='ltr'><strong>ipse</strong></span> <span class='ocrx_word' id='word_1_636' title='bbox 3686 2375 3762 2410; x_wconf 89' lang='lat' dir='ltr'><strong>re-</strong></span> 
     </span>
    </p>
   </div>
   <div class='ocr_carea' id='block_1_83' title="bbox 2187 2456 3765 2527">
    <p class='ocr_par' dir='ltr' id='par_1_83' title="bbox 2187 2456 3765 2527">
     <span class='ocr_line' id='line_1_84' title="bbox 2187 2456 3765 2527; baseline -0.001 -18"><span class='ocrx_word' id='word_1_637' title='bbox 2187 2456 2373 2526; x_wconf 78' lang='lat' dir='ltr'><strong>probus</strong></span> <span class='ocrx_word' id='word_1_638' title='bbox 2391 2457 2616 2509; x_wconf 77' lang='lat' dir='ltr'><strong>inveniar</strong></span> <span class='ocrx_word' id='word_1_639' title='bbox 2637 2458 2715 2527; x_wconf 75' lang='grc' dir='ltr'><strong>(ι.</strong></span> <span class='ocrx_word' id='word_1_640' title='bbox 2743 2456 2863 2512; x_wconf 89' lang='lat' dir='ltr'><strong>Cor.</strong></span> <span class='ocrx_word' id='word_1_641' title='bbox 2886 2457 2939 2512; x_wconf 91' lang='lat'><strong>9.</strong></span> <span class='ocrx_word' id='word_1_642' title='bbox 2961 2456 3053 2527; x_wconf 77' lang='lat'><strong>‘27)</strong></span> <span class='ocrx_word' id='word_1_643' title='bbox 3084 2474 3095 2509; x_wconf 92' lang='lat'><strong>:</strong></span> <span class='ocrx_word' id='word_1_644' title='bbox 3124 2457 3167 2510; x_wconf 91' lang='lat' dir='ltr'><strong>si</strong></span> <span class='ocrx_word' id='word_1_645' title='bbox 3199 2456 3358 2526; x_wconf 85' lang='lat' dir='ltr'><strong>igitur</strong></span> <span class='ocrx_word' id='word_1_646' title='bbox 3379 2456 3487 2522; x_wconf 89' lang='lat' dir='ltr'><strong>ille,</strong></span> <span class='ocrx_word' id='word_1_647' title='bbox 3515 2457 3607 2525; x_wconf 91' lang='lat' dir='ltr'><strong>qui</strong></span> <span class='ocrx_word' id='word_1_648' title='bbox 3631 2464 3765 2507; x_wconf 78' lang='lat' dir='ltr'><strong>tanta</strong></span> 
     </span>
    </p>
   </div>
   <div class='ocr_carea' id='block_1_84' title="bbox 2186 2548 3762 2618">
    <p class='ocr_par' dir='ltr' id='par_1_84' title="bbox 2186 2548 3762 2618">
     <span class='ocr_line' id='line_1_85' title="bbox 2186 2548 3762 2618; baseline -0.004 -16"><span class='ocrx_word' id='word_1_649' title='bbox 2186 2548 2431 2617; x_wconf 88' lang='lat' dir='ltr'><strong>dignatus</strong></span> <span class='ocrx_word' id='word_1_650' title='bbox 2457 2556 2540 2603; x_wconf 90' lang='lat' dir='ltr'><strong>est</strong></span> <span class='ocrx_word' id='word_1_651' title='bbox 2578 2548 2746 2618; x_wconf 91' lang='lat' dir='ltr'><strong>gratia</strong></span> <span class='ocrx_word' id='word_1_652' title='bbox 2771 2589 2785 2613; x_wconf 96' lang='lat'><strong>,</strong></span> <span class='ocrx_word' id='word_1_653' title='bbox 2835 2559 2953 2618; x_wconf 89' lang='lat' dir='ltr'><strong>post</strong></span> <span class='ocrx_word' id='word_1_654' title='bbox 2980 2558 3123 2601; x_wconf 90' lang='lat' dir='ltr'><strong>tanta</strong></span> <span class='ocrx_word' id='word_1_655' title='bbox 3150 2556 3205 2602; x_wconf 88' lang='lat' dir='ltr'><strong>et</strong></span> <span class='ocrx_word' id='word_1_656' title='bbox 3242 2548 3364 2601; x_wconf 85' lang='lat' dir='ltr'><strong>talia</strong></span> <span class='ocrx_word' id='word_1_657' title='bbox 3394 2561 3556 2616; x_wconf 87' lang='lat' dir='ltr'><strong>opera</strong></span> <span class='ocrx_word' id='word_1_658' title='bbox 3578 2585 3593 2610; x_wconf 97' lang='lat'><strong>,</strong></span> <span class='ocrx_word' id='word_1_659' title='bbox 3636 2561 3762 2613; x_wconf 84' lang='lat' dir='ltr'><strong>opus</strong></span> 
     </span>
    </p>
   </div>
   <div class='ocr_carea' id='block_1_85' title="bbox 2187 2637 3767 2707">
    <p class='ocr_par' dir='ltr' id='par_1_85' title="bbox 2187 2637 3767 2707">
     <span class='ocr_line' id='line_1_86' title="bbox 2187 2637 3767 2707; baseline -0.002 -14"><span class='ocrx_word' id='word_1_660' title='bbox 2187 2637 2417 2693; x_wconf 90' lang='lat' dir='ltr'><strong>habebat</strong></span> <span class='ocrx_word' id='word_1_661' title='bbox 2466 2648 2525 2692; x_wconf 92' lang='lat' dir='ltr'><strong>ut</strong></span> <span class='ocrx_word' id='word_1_662' title='bbox 2570 2640 2888 2707; x_wconf 85' lang='lat' dir='ltr'><strong>castigaret,</strong></span> <span class='ocrx_word' id='word_1_663' title='bbox 2938 2638 2993 2693; x_wconf 92' lang='lat' dir='ltr'><strong>in</strong></span> <span class='ocrx_word' id='word_1_664' title='bbox 3042 2640 3347 2694; x_wconf 87' lang='lat' dir='ltr'><strong>servitutem</strong></span> <span class='ocrx_word' id='word_1_665' title='bbox 3375 2637 3678 2705; x_wconf 76' lang='lat' dir='ltr'><strong>redigeret,</strong></span> <span class='ocrx_word' id='word_1_666' title='bbox 3706 2650 3767 2690; x_wconf 85' lang='lat' dir='ltr'><strong>ac</strong></span> 
     </span>
    </p>
   </div>
   <div class='ocr_carea' id='block_1_86' title="bbox 2189 2726 3765 2799">
    <p class='ocr_par' dir='ltr' id='par_1_86' title="bbox 2189 2726 3765 2799">
     <span class='ocr_line' id='line_1_87' title="bbox 2189 2726 3765 2799; baseline -0.004 -15"><span class='ocrx_word' id='word_1_667' title='bbox 2189 2729 2435 2799; x_wconf 87' lang='lat' dir='ltr'><strong>potestati</strong></span> <span class='ocrx_word' id='word_1_668' title='bbox 2479 2729 2823 2799; x_wconf 90' lang='lat' dir='ltr'><strong>dominioque</strong></span> <span class='ocrx_word' id='word_1_669' title='bbox 2866 2730 3056 2783; x_wconf 70' lang='lat' dir='ltr'><strong>anima:</strong></span> <span class='ocrx_word' id='word_1_670' title='bbox 3096 2730 3337 2797; x_wconf 88' lang='lat' dir='ltr'><strong>corporis</strong></span> <span class='ocrx_word' id='word_1_671' title='bbox 3379 2728 3623 2782; x_wconf 70' lang='lat' dir='ltr'><strong>lascivias</strong></span> <span class='ocrx_word' id='word_1_672' title='bbox 3648 2726 3765 2779; x_wconf 63' lang='lat' dir='ltr'><strong>sub.</strong></span> 
     </span>
    </p>
   </div>
   <div class='ocr_carea' id='block_1_87' title="bbox 2182 2818 3765 2891">
    <p class='ocr_par' dir='ltr' id='par_1_87' title="bbox 2182 2818 3765 2891">
     <span class='ocr_line' id='line_1_88' title="bbox 2182 2818 3765 2891; baseline -0.002 -17"><span class='ocrx_word' id='word_1_673' title='bbox 2182 2820 2370 2890; x_wconf 91' lang='lat' dir='ltr'><strong>jiceret</strong></span> <span class='ocrx_word' id='word_1_674' title='bbox 2400 2839 2413 2875; x_wconf 91' lang='lat'><strong>:</strong></span> <span class='ocrx_word' id='word_1_675' title='bbox 2441 2821 2663 2891; x_wconf 80' lang='lat' dir='ltr'><strong>castigat</strong></span> <span class='ocrx_word' id='word_1_676' title='bbox 2706 2820 2846 2875; x_wconf 92' lang='lat' dir='ltr'><strong>enim</strong></span> <span class='ocrx_word' id='word_1_677' title='bbox 2874 2820 2992 2889; x_wconf 92' lang='lat' dir='ltr'><strong>quis</strong></span> <span class='ocrx_word' id='word_1_678' title='bbox 3028 2818 3168 2889; x_wconf 88' lang='lat' dir='ltr'><strong>quod</strong></span> <span class='ocrx_word' id='word_1_679' title='bbox 3197 2819 3451 2889; x_wconf 90' lang='lat' dir='ltr'><strong>insurgit,</strong></span> <span class='ocrx_word' id='word_1_680' title='bbox 3481 2827 3537 2872; x_wconf 93' lang='lat' dir='ltr'><strong>ct</strong></span> <span class='ocrx_word' id='word_1_681' title='bbox 3578 2820 3629 2872; x_wconf 92' lang='lat' dir='ltr'><strong>in</strong></span> <span class='ocrx_word' id='word_1_682' title='bbox 3660 2832 3765 2872; x_wconf 63' lang='lat' dir='ltr'><strong>sero</strong></span> 
     </span>
    </p>
   </div>
   <div class='ocr_carea' id='block_1_88' title="bbox 2186 2910 3767 2981">
    <p class='ocr_par' dir='ltr' id='par_1_88' title="bbox 2186 2910 3767 2981">
     <span class='ocr_line' id='line_1_89' title="bbox 2186 2910 3767 2981; baseline -0.001 -18"><span class='ocrx_word' id='word_1_683' title='bbox 2186 2912 2405 2966; x_wconf 90' lang='lat' dir='ltr'><strong>vitutem</strong></span> <span class='ocrx_word' id='word_1_684' title='bbox 2438 2911 2629 2981; x_wconf 89' lang='lat' dir='ltr'><strong>redigit</strong></span> <span class='ocrx_word' id='word_1_685' title='bbox 2673 2911 2724 2965; x_wconf 92' lang='lat' dir='ltr'><strong>id</strong></span> <span class='ocrx_word' id='word_1_686' title='bbox 2765 2911 2905 2980; x_wconf 92' lang='lat' dir='ltr'><strong>quod</strong></span> <span class='ocrx_word' id='word_1_687' title='bbox 2945 2910 3090 2965; x_wconf 87' lang='lat' dir='ltr'><strong>frena</strong></span> <span class='ocrx_word' id='word_1_688' title='bbox 3132 2910 3303 2978; x_wconf 87' lang='lat' dir='ltr'><strong>rejicit</strong></span> <span class='ocrx_word' id='word_1_689' title='bbox 3334 2928 3347 2965; x_wconf 92' lang='lat'>:</span> <span class='ocrx_word' id='word_1_690' title='bbox 3379 2911 3503 2981; x_wconf 92' lang='lat' dir='ltr'><strong>quid</strong></span> <span class='ocrx_word' id='word_1_691' title='bbox 3532 2910 3767 2964; x_wconf 87' lang='lat' dir='ltr'><strong>dicemus</strong></span> 
     </span>
    </p>
   </div>
   <div class='ocr_carea' id='block_1_89' title="bbox 2188 3001 3765 3072">
    <p class='ocr_par' dir='ltr' id='par_1_89' title="bbox 2188 3001 3765 3072">
     <span class='ocr_line' id='line_1_90' title="bbox 2188 3001 3765 3072; baseline -0.002 -15"><span class='ocrx_word' id='word_1_692' title='bbox 2188 3017 2286 3057; x_wconf 90' lang='lat' dir='ltr'><strong>nos</strong></span> <span class='ocrx_word' id='word_1_693' title='bbox 2312 3044 2328 3069; x_wconf 95' lang='lat'><strong>,</strong></span> <span class='ocrx_word' id='word_1_694' title='bbox 2361 3003 2453 3072; x_wconf 90' lang='lat' dir='ltr'><strong>qui</strong></span> <span class='ocrx_word' id='word_1_695' title='bbox 2491 3002 2738 3056; x_wconf 91' lang='lat' dir='ltr'><strong>omnibus</strong></span> <span class='ocrx_word' id='word_1_696' title='bbox 2762 3002 3043 3056; x_wconf 92' lang='lat' dir='ltr'><strong>virtutibus</strong></span> <span class='ocrx_word' id='word_1_697' title='bbox 3068 3001 3306 3056; x_wconf 90' lang='lat' dir='ltr'><strong>destituti</strong></span> <span class='ocrx_word' id='word_1_698' title='bbox 3332 3042 3346 3066; x_wconf 95' lang='lat'><strong>,</strong></span> <span class='ocrx_word' id='word_1_699' title='bbox 3379 3001 3630 3056; x_wconf 90' lang='lat' dir='ltr'><strong>omnibus</strong></span> <span class='ocrx_word' id='word_1_700' title='bbox 3652 3016 3765 3070; x_wconf 88' lang='lat' dir='ltr'><strong>pec-</strong></span> 
     </span>
    </p>
   </div>
   <div class='ocr_carea' id='block_1_90' title="bbox 2183 3094 3763 3164">
    <p class='ocr_par' dir='ltr' id='par_1_90' title="bbox 2183 3094 3763 3164">
     <span class='ocr_line' id='line_1_91' title="bbox 2183 3094 3763 3164; baseline -0.004 -14"><span class='ocrx_word' id='word_1_701' title='bbox 2183 3096 2317 3151; x_wconf 87' lang='lat' dir='ltr'><strong>catis</strong></span> <span class='ocrx_word' id='word_1_702' title='bbox 2346 3094 2550 3150; x_wconf 90' lang='lat' dir='ltr'><strong>onerati</strong></span> <span class='ocrx_word' id='word_1_703' title='bbox 2580 3108 2764 3149; x_wconf 91' lang='lat' dir='ltr'><strong>sumus</strong></span> <span class='ocrx_word' id='word_1_704' title='bbox 2786 3135 2801 3158; x_wconf 92' lang='lat'><strong>,</strong></span> <span class='ocrx_word' id='word_1_705' title='bbox 2835 3104 2889 3148; x_wconf 92' lang='lat' dir='ltr'><strong>et</strong></span> <span class='ocrx_word' id='word_1_706' title='bbox 2928 3104 3186 3164; x_wconf 65' lang='lat' dir='ltr'><strong>praetcrea</strong></span> <span class='ocrx_word' id='word_1_707' title='bbox 3230 3109 3471 3163; x_wconf 89' lang='lat' dir='ltr'><strong>magnam</strong></span> <span class='ocrx_word' id='word_1_708' title='bbox 3505 3094 3763 3163; x_wconf 86' lang='lat' dir='ltr'><strong>ignaviam</strong></span> 
     </span>
    </p>
   </div>
   <div class='ocr_carea' id='block_1_91' title="bbox 2185 3181 3767 3259">
    <p class='ocr_par' dir='ltr' id='par_1_91' title="bbox 2185 3181 3767 3259">
     <span class='ocr_line' id='line_1_92' title="bbox 2185 3181 3767 3259; baseline -0.005 -16"><span class='ocrx_word' id='word_1_709' title='bbox 2185 3202 2296 3259; x_wconf 74' lang='lat' dir='ltr'><strong>pne</strong></span> <span class='ocrx_word' id='word_1_710' title='bbox 2325 3187 2478 3242; x_wconf 90' lang='lat' dir='ltr'><strong>nobis</strong></span> <span class='ocrx_word' id='word_1_711' title='bbox 2502 3185 2760 3241; x_wconf 82' lang='lat' dir='ltr'><strong>ferimus?</strong></span> <span class='ocrx_word' id='word_1_712' title='bbox 2802 3184 2935 3239; x_wconf 86' lang='lat' dir='ltr'><strong>Num</strong></span> <span class='ocrx_word' id='word_1_713' title='bbox 2964 3184 3203 3240; x_wconf 91' lang='lat' dir='ltr'><strong>inducias</strong></span> <span class='ocrx_word' id='word_1_714' title='bbox 3226 3184 3385 3239; x_wconf 90' lang='lat' dir='ltr'><strong>habet</strong></span> <span class='ocrx_word' id='word_1_715' title='bbox 3411 3186 3511 3238; x_wconf 91' lang='lat' dir='ltr'><strong>hoc</strong></span> <span class='ocrx_word' id='word_1_716' title='bbox 3538 3181 3767 3238; x_wconf 78' lang='lat' dir='ltr'><strong>bellum?</strong></span> 
     </span>
    </p>
   </div>
   <div class='ocr_carea' id='block_1_92' title="bbox 2186 3274 3767 3349">
    <p class='ocr_par' dir='ltr' id='par_1_92' title="bbox 2186 3274 3767 3349">
     <span class='ocr_line' id='line_1_93' title="bbox 2186 3274 3767 3349; baseline -0.007 -13"><span class='ocrx_word' id='word_1_717' title='bbox 2186 3296 2314 3336; x_wconf 91' lang='lat' dir='ltr'><strong>num</strong></span> <span class='ocrx_word' id='word_1_718' title='bbox 2359 3290 2568 3349; x_wconf 88' lang='lat' dir='ltr'><strong>tempus</strong></span> <span class='ocrx_word' id='word_1_719' title='bbox 2610 3275 2952 3347; x_wconf 88' lang='lat' dir='ltr'><strong>aggrediendi</strong></span> <span class='ocrx_word' id='word_1_720' title='bbox 3001 3276 3369 3347; x_wconf 80' lang='lat' dir='ltr'><strong>assignatum?</strong></span> <span class='ocrx_word' id='word_1_721' title='bbox 3418 3274 3645 3344; x_wconf 85' lang='lat' dir='ltr'><strong>Semper</strong></span> <span class='ocrx_word' id='word_1_722' title='bbox 3675 3288 3767 3327; x_wconf 79' lang='lat' dir='ltr'><strong>nos</strong></span> 
     </span>
    </p>
   </div>
   <div class='ocr_carea' id='block_1_93' title="bbox 2186 3367 3764 3443">
    <p class='ocr_par' dir='ltr' id='par_1_93' title="bbox 2186 3367 3764 3443">
     <span class='ocr_line' id='line_1_94' title="bbox 2186 3367 3764 3443; baseline -0.004 -17"><span class='ocrx_word' id='word_1_723' title='bbox 2186 3371 2403 3443; x_wconf 77' lang='lat' dir='ltr'><strong>vigilare</strong></span> <span class='ocrx_word' id='word_1_724' title='bbox 2432 3380 2487 3425; x_wconf 91' lang='lat' dir='ltr'><strong>et</strong></span> <span class='ocrx_word' id='word_1_725' title='bbox 2509 3370 2720 3424; x_wconf 88' lang='lat' dir='ltr'><strong>sobrios</strong></span> <span class='ocrx_word' id='word_1_726' title='bbox 2744 3382 2867 3424; x_wconf 81' lang='lat' dir='ltr'><strong>esse</strong></span> <span class='ocrx_word' id='word_1_727' title='bbox 2891 3378 3135 3439; x_wconf 83' lang='lat' dir='ltr'><strong>Oportet,</strong></span> <span class='ocrx_word' id='word_1_728' title='bbox 3183 3378 3236 3421; x_wconf 88' lang='lat' dir='ltr'><strong>et</strong></span> <span class='ocrx_word' id='word_1_729' title='bbox 3276 3382 3566 3434; x_wconf 82' lang='lat' dir='ltr'><strong>numquam</strong></span> <span class='ocrx_word' id='word_1_730' title='bbox 3596 3367 3649 3418; x_wconf 89' lang='lat' dir='ltr'><strong>in</strong></span> <span class='ocrx_word' id='word_1_731' title='bbox 3680 3380 3764 3419; x_wconf 83' lang='lat' dir='ltr'><strong>se-</strong></span> 
     </span>
    </p>
   </div>
   <div class='ocr_carea' id='block_1_94' title="bbox 2185 3458 3766 3533">
    <p class='ocr_par' dir='ltr' id='par_1_94' title="bbox 2185 3458 3766 3533">
     <span class='ocr_line' id='line_1_95' title="bbox 2185 3458 3766 3533; baseline -0.006 -15"><span class='ocrx_word' id='word_1_732' title='bbox 2185 3464 2412 3519; x_wconf 91' lang='lat' dir='ltr'><strong>curitatc</strong></span> <span class='ocrx_word' id='word_1_733' title='bbox 2459 3461 2698 3533; x_wconf 89' lang='lat' dir='ltr'><strong>degere:</strong></span> <span class='ocrx_word' id='word_1_734' title='bbox 2738 3460 2862 3533; x_wconf 90' lang='lat' dir='ltr'><strong>quia</strong></span> <span class='ocrx_word' id='word_1_735' title='bbox 2910 3476 3016 3514; x_wconf 88' lang='lat' dir='ltr'><strong>non</strong></span> <span class='ocrx_word' id='word_1_736' title='bbox 3064 3469 3149 3514; x_wconf 92' lang='lat' dir='ltr'><strong>est</strong></span> <span class='ocrx_word' id='word_1_737' title='bbox 3195 3458 3513 3527; x_wconf 73' lang='lat' dir='ltr'><strong>przeliuitum</strong></span> <span class='ocrx_word' id='word_1_738' title='bbox 3562 3469 3766 3524; x_wconf 81' lang='lat' dir='ltr'><strong>tempus</strong></span> 
     </span>
    </p>
   </div>
   <div class='ocr_carea' id='block_1_95' title="bbox 2186 3548 3763 3624">
    <p class='ocr_par' dir='ltr' id='par_1_95' title="bbox 2186 3548 3763 3624">
     <span class='ocr_line' id='line_1_96' title="bbox 2186 3548 3763 3624; baseline -0.006 -16"><span class='ocrx_word' id='word_1_739' title='bbox 2186 3552 2399 3624; x_wconf 92' lang='lat' dir='ltr'><strong>quando</strong></span> <span class='ocrx_word' id='word_1_740' title='bbox 2446 3567 2543 3607; x_wconf 95' lang='lat' dir='ltr'><strong>nos</strong></span> <span class='ocrx_word' id='word_1_741' title='bbox 2589 3567 2935 3623; x_wconf 87' lang='lat' dir='ltr'><strong>aggressurus</strong></span> <span class='ocrx_word' id='word_1_742' title='bbox 2978 3559 3060 3605; x_wconf 89' lang='lat' dir='ltr'><strong>est</strong></span> <span class='ocrx_word' id='word_1_743' title='bbox 3102 3549 3291 3603; x_wconf 90' lang='lat' dir='ltr'><strong>hostis.</strong></span> <span class='ocrx_word' id='word_1_744' title='bbox 3349 3548 3511 3619; x_wconf 91' lang='lat' dir='ltr'><strong>Igitur</strong></span> <span class='ocrx_word' id='word_1_745' title='bbox 3558 3562 3763 3616; x_wconf 87' lang='lat' dir='ltr'><strong>semper</strong></span> 
     </span>
    </p>
   </div>
   <div class='ocr_carea' id='block_1_96' title="bbox 2188 3640 3765 3712">
    <p class='ocr_par' dir='ltr' id='par_1_96' title="bbox 2188 3640 3765 3712">
     <span class='ocr_line' id='line_1_97' title="bbox 2188 3640 3765 3712; baseline -0.008 -13"><span class='ocrx_word' id='word_1_746' title='bbox 2188 3646 2340 3699; x_wconf 92' lang='lat' dir='ltr'><strong>nobis</strong></span> <span class='ocrx_word' id='word_1_747' title='bbox 2368 3659 2494 3699; x_wconf 89' lang='lat' dir='ltr'><strong>cura</strong></span> <span class='ocrx_word' id='word_1_748' title='bbox 2519 3644 2621 3709; x_wconf 89' lang='lat' dir='ltr'><strong>sit,</strong></span> <span class='ocrx_word' id='word_1_749' title='bbox 2671 3657 2884 3712; x_wconf 89' lang='lat' dir='ltr'><strong>semper</strong></span> <span class='ocrx_word' id='word_1_750' title='bbox 2912 3640 3125 3695; x_wconf 89' lang='lat' dir='ltr'><strong>solliciti</strong></span> <span class='ocrx_word' id='word_1_751' title='bbox 3155 3643 3322 3694; x_wconf 90' lang='lat' dir='ltr'><strong>simus</strong></span> <span class='ocrx_word' id='word_1_752' title='bbox 3361 3641 3429 3695; x_wconf 90' lang='lat' dir='ltr'><strong>de</strong></span> <span class='ocrx_word' id='word_1_753' title='bbox 3467 3641 3641 3693; x_wconf 81' lang='lat' dir='ltr'><strong>salute</strong></span> <span class='ocrx_word' id='word_1_754' title='bbox 3671 3656 3765 3692; x_wconf 79' lang='lat' dir='ltr'><strong>nu-</strong></span> 
     </span>
    </p>
   </div>
   <div class='ocr_carea' id='block_1_97' title="bbox 2185 3729 3767 3804">
    <p class='ocr_par' dir='ltr' id='par_1_97' title="bbox 2185 3729 3767 3804">
     <span class='ocr_line' id='line_1_98' title="bbox 2185 3729 3767 3804; baseline -0.004 -14"><span class='ocrx_word' id='word_1_755' title='bbox 2185 3747 2294 3791; x_wconf 89' lang='lat' dir='ltr'><strong>stra</strong></span> <span class='ocrx_word' id='word_1_756' title='bbox 2319 3778 2334 3802; x_wconf 96' lang='lat'><strong>,</strong></span> <span class='ocrx_word' id='word_1_757' title='bbox 2363 3744 2422 3790; x_wconf 90' lang='lat' dir='ltr'><strong>ut</strong></span> <span class='ocrx_word' id='word_1_758' title='bbox 2458 3736 2534 3790; x_wconf 90' lang='lat' dir='ltr'><strong>sic</strong></span> <span class='ocrx_word' id='word_1_759' title='bbox 2560 3749 2844 3804; x_wconf 88' lang='lat' dir='ltr'><strong>numquam</strong></span> <span class='ocrx_word' id='word_1_760' title='bbox 2869 3733 3165 3803; x_wconf 79' lang='lat' dir='ltr'><strong>expugnari</strong></span> <span class='ocrx_word' id='word_1_761' title='bbox 3197 3733 3492 3802; x_wconf 73' lang='lat' dir='ltr'><strong>possimus,</strong></span> <span class='ocrx_word' id='word_1_762' title='bbox 3527 3741 3583 3787; x_wconf 91' lang='lat' dir='ltr'><strong>et</strong></span> <span class='ocrx_word' id='word_1_763' title='bbox 3602 3729 3767 3784; x_wconf 79' lang='lat' dir='ltr'><strong>hosti-</strong></span> 
     </span>
    </p>
   </div>
   <div class='ocr_carea' id='block_1_98' title="bbox 2186 3826 3769 3898">
    <p class='ocr_par' dir='ltr' id='par_1_98' title="bbox 2186 3826 3769 3898">
     <span class='ocr_line' id='line_1_99' title="bbox 2186 3826 3769 3898; baseline -0.003 -15"><span class='ocrx_word' id='word_1_764' title='bbox 2186 3829 2265 3884; x_wconf 91' lang='lat' dir='ltr'><strong>les</strong></span> <span class='ocrx_word' id='word_1_765' title='bbox 2291 3828 2603 3898; x_wconf 70' lang='lat' dir='ltr'><strong>effugientes</strong></span> <span class='ocrx_word' id='word_1_766' title='bbox 2632 3826 2870 3893; x_wconf 90' lang='lat' dir='ltr'><strong>insidias,</strong></span> <span class='ocrx_word' id='word_1_767' title='bbox 2894 3826 3311 3881; x_wconf 86' lang='lat' dir='ltr'><strong>misericordiam</strong></span> <span class='ocrx_word' id='word_1_768' title='bbox 3337 3841 3368 3880; x_wconf 88' lang='lat' dir='ltr'><strong>a</strong></span> <span class='ocrx_word' id='word_1_769' title='bbox 3392 3826 3498 3880; x_wconf 86' lang='lat' dir='ltr'><strong>Deo</strong></span> <span class='ocrx_word' id='word_1_770' title='bbox 3522 3840 3769 3894; x_wconf 81' lang='lat' dir='ltr'><strong>assequa-</strong></span> 
     </span>
    </p>
   </div>
   <div class='ocr_carea' id='block_1_99' title="bbox 2188 3915 3767 3989">
    <p class='ocr_par' dir='ltr' id='par_1_99' title="bbox 2188 3915 3767 3989">
     <span class='ocr_line' id='line_1_100' title="bbox 2188 3915 3767 3989; baseline -0.004 -16"><span class='ocrx_word' id='word_1_771' title='bbox 2188 3935 2306 3974; x_wconf 89' lang='lat' dir='ltr'><strong>mur</strong></span> <span class='ocrx_word' id='word_1_772' title='bbox 2331 3960 2347 3984; x_wconf 94' lang='lat'><strong>,</strong></span> <span class='ocrx_word' id='word_1_773' title='bbox 2393 3922 2559 3989; x_wconf 83' lang='lat' dir='ltr'><strong>gratia</strong></span> <span class='ocrx_word' id='word_1_774' title='bbox 2589 3928 2644 3973; x_wconf 88' lang='lat' dir='ltr'><strong>et</strong></span> <span class='ocrx_word' id='word_1_775' title='bbox 2687 3917 3117 3971; x_wconf 87' lang='lat' dir='ltr'><strong>miserationibus</strong></span> <span class='ocrx_word' id='word_1_776' title='bbox 3145 3915 3411 3985; x_wconf 87' lang='lat' dir='ltr'><strong>Unigeniti</strong></span> <span class='ocrx_word' id='word_1_777' title='bbox 3451 3916 3572 3985; x_wconf 87' lang='lat' dir='ltr'><strong>ejus</strong></span> <span class='ocrx_word' id='word_1_778' title='bbox 3594 3957 3610 3983; x_wconf 94' lang='lat'><strong>,</strong></span> <span class='ocrx_word' id='word_1_779' title='bbox 3650 3930 3767 3971; x_wconf 74' lang='lat' dir='ltr'><strong>cura</strong></span> 
     </span>
    </p>
   </div>
   <div class='ocr_carea' id='block_1_100' title="bbox 2187 4008 3772 4081">
    <p class='ocr_par' dir='ltr' id='par_1_100' title="bbox 2187 4008 3772 4081">
     <span class='ocr_line' id='line_1_101' title="bbox 2187 4008 3772 4081; baseline -0.003 -16"><span class='ocrx_word' id='word_1_780' title='bbox 2187 4026 2293 4081; x_wconf 82' lang='lat' dir='ltr'><strong>quo</strong></span> <span class='ocrx_word' id='word_1_781' title='bbox 2320 4010 2462 4065; x_wconf 85' lang='lat' dir='ltr'><strong>Patri</strong></span> <span class='ocrx_word' id='word_1_782' title='bbox 2487 4052 2503 4077; x_wconf 97' lang='lat'><strong>,</strong></span> <span class='ocrx_word' id='word_1_783' title='bbox 2535 4010 2695 4065; x_wconf 85' lang='lat' dir='ltr'><strong>simul</strong></span> <span class='ocrx_word' id='word_1_784' title='bbox 2721 4018 2776 4064; x_wconf 90' lang='lat' dir='ltr'><strong>et</strong></span> <span class='ocrx_word' id='word_1_785' title='bbox 2804 4008 3242 4079; x_wconf 76' lang='lat' dir='ltr'><strong>Spirituisancto</strong></span> <span class='ocrx_word' id='word_1_786' title='bbox 3268 4008 3334 4062; x_wconf 86' lang='lat' dir='ltr'><strong>sit</strong></span> <span class='ocrx_word' id='word_1_787' title='bbox 3362 4008 3532 4078; x_wconf 88' lang='lat' dir='ltr'><strong>gloria</strong></span> <span class='ocrx_word' id='word_1_788' title='bbox 3551 4050 3567 4071; x_wconf 92' lang='lat'><strong>,</strong></span> <span class='ocrx_word' id='word_1_789' title='bbox 3607 4022 3772 4076; x_wconf 49' lang='lat' dir='ltr'><strong>snpe-</strong></span> 
     </span>
    </p>
   </div>
   <div class='ocr_carea' id='block_1_101' title="bbox 2186 4099 3765 4170">
    <p class='ocr_par' dir='ltr' id='par_1_101' title="bbox 2186 4099 3765 4170">
     <span class='ocr_line' id='line_1_102' title="bbox 2186 4099 3765 4170; baseline -0.003 -13"><span class='ocrx_word' id='word_1_790' title='bbox 2186 4104 2347 4168; x_wconf 90' lang='lat' dir='ltr'><strong>rium,</strong></span> <span class='ocrx_word' id='word_1_791' title='bbox 2376 4102 2567 4169; x_wconf 90' lang='lat' dir='ltr'><strong>honor,</strong></span> <span class='ocrx_word' id='word_1_792' title='bbox 2588 4116 2728 4157; x_wconf 91' lang='lat' dir='ltr'><strong>nunc</strong></span> <span class='ocrx_word' id='word_1_793' title='bbox 2742 4111 2795 4156; x_wconf 91' lang='lat' dir='ltr'><strong>et</strong></span> <span class='ocrx_word' id='word_1_794' title='bbox 2810 4116 3041 4170; x_wconf 86' lang='lat' dir='ltr'><strong>semper,</strong></span> <span class='ocrx_word' id='word_1_795' title='bbox 3069 4112 3123 4155; x_wconf 92' lang='lat' dir='ltr'><strong>et</strong></span> <span class='ocrx_word' id='word_1_796' title='bbox 3145 4101 3196 4155; x_wconf 92' lang='lat' dir='ltr'><strong>in</strong></span> <span class='ocrx_word' id='word_1_797' title='bbox 3220 4100 3412 4155; x_wconf 52' lang='lat' dir='ltr'><strong>saecula</strong></span> <span class='ocrx_word' id='word_1_798' title='bbox 3429 4099 3765 4156; x_wconf 62' lang='lat' dir='ltr'><strong>saeculorum.</strong></span> 
     </span>
    </p>
   </div>
   <div class='ocr_carea' id='block_1_102' title="bbox 2187 4198 2380 4252">
    <p class='ocr_par' dir='ltr' id='par_1_102' title="bbox 2187 4198 2380 4252">
     <span class='ocr_line' id='line_1_103' title="bbox 2187 4198 2380 4252; baseline 0 0"><span class='ocrx_word' id='word_1_799' title='bbox 2187 4198 2380 4252; x_wconf 80' lang='lat' dir='ltr'><strong>Amen.</strong></span> 
     </span>
    </p>
   </div>
   <div class='ocr_carea' id='block_1_103' title="bbox 2722 4304 3230 4361">
    <p class='ocr_par' dir='ltr' id='par_1_103' title="bbox 2722 4304 3230 4361">
     <span class='ocr_line' id='line_1_104' title="bbox 2722 4304 3230 4361; baseline -0.004 0"><span class='ocrx_word' id='word_1_800' title='bbox 2722 4306 3000 4361; x_wconf 79' lang='lat' dir='ltr'><strong>HOMILIA</strong></span> <span class='ocrx_word' id='word_1_801' title='bbox 3043 4305 3131 4360; x_wconf 69' lang='lat' dir='ltr'><strong>XX</strong></span> <span class='ocrx_word' id='word_1_802' title='bbox 3143 4304 3230 4359; x_wconf 78' lang='grc' dir='ltr'>ιιι.</span> 
     </span>
    </p>
   </div>
   <div class='ocr_carea' id='block_1_104' title="bbox 2201 4416 3771 4489">
    <p class='ocr_par' dir='ltr' id='par_1_104' title="bbox 2201 4416 3771 4489">
     <span class='ocr_line' id='line_1_105' title="bbox 2201 4416 3771 4489; baseline -0.001 -16"><span class='ocrx_word' id='word_1_803' title='bbox 2201 4420 2307 4480; x_wconf 85' lang='lat' dir='ltr'><strong>Noe</strong></span> <span class='ocrx_word' id='word_1_804' title='bbox 2341 4429 2508 4473; x_wconf 85' lang='lat' dir='ltr'><strong>autem</strong></span> <span class='ocrx_word' id='word_1_805' title='bbox 2544 4419 2729 4472; x_wconf 81' lang='lat' dir='ltr'><strong>invenit</strong></span> <span class='ocrx_word' id='word_1_806' title='bbox 2757 4420 2973 4489; x_wconf 82' lang='lat' dir='ltr'><strong>gntiam</strong></span> <span class='ocrx_word' id='word_1_807' title='bbox 3014 4434 3185 4471; x_wconf 77' lang='lat' dir='ltr'><strong>coram</strong></span> <span class='ocrx_word' id='word_1_808' title='bbox 3229 4416 3443 4471; x_wconf 86' lang='lat' dir='ltr'><strong>Domino</strong></span> <span class='ocrx_word' id='word_1_809' title='bbox 3475 4416 3605 4472; x_wconf 86' lang='lat' dir='ltr'><strong>Deo.</strong></span> <span class='ocrx_word' id='word_1_810' title='bbox 3652 4417 3771 4471; x_wconf 69' lang='lat' dir='ltr'><strong>Ista!</strong></span> 
     </span>
    </p>
   </div>
   <div class='ocr_carea' id='block_1_105' title="bbox 2260 4506 3766 4580">
    <p class='ocr_par' dir='ltr' id='par_1_105' title="bbox 2260 4506 3766 4580">
     <span class='ocr_line' id='line_1_106' title="bbox 2260 4506 3766 4580; baseline -0.002 -17"><span class='ocrx_word' id='word_1_811' title='bbox 2260 4520 2427 4563; x_wconf 87' lang='lat' dir='ltr'><strong>autem</strong></span> <span class='ocrx_word' id='word_1_812' title='bbox 2449 4520 2562 4563; x_wconf 75' lang='lat' dir='ltr'><strong>sunt</strong></span> <span class='ocrx_word' id='word_1_813' title='bbox 2589 4510 2932 4579; x_wconf 78' lang='lat' dir='ltr'><strong>generatimes</strong></span> <span class='ocrx_word' id='word_1_814' title='bbox 2961 4506 3096 4562; x_wconf 86' lang='lat' dir='ltr'><strong>Noe.</strong></span> <span class='ocrx_word' id='word_1_815' title='bbox 3131 4507 3244 4562; x_wconf 85' lang='lat' dir='ltr'><strong>Noe</strong></span> <span class='ocrx_word' id='word_1_816' title='bbox 3268 4509 3416 4561; x_wconf 81' lang='lat' dir='ltr'><strong>homo</strong></span> <span class='ocrx_word' id='word_1_817' title='bbox 3435 4510 3630 4580; x_wconf 77' lang='lat' dir='ltr'><strong>justus,</strong></span> <span class='ocrx_word' id='word_1_818' title='bbox 3656 4526 3766 4579; x_wconf 82' lang='lat' dir='ltr'><strong>per-</strong></span> 
     </span>
    </p>
   </div>
   <div class='ocr_carea' id='block_1_106' title="bbox 2261 4600 3770 4673">
    <p class='ocr_par' dir='ltr' id='par_1_106' title="bbox 2261 4600 3770 4673">
     <span class='ocr_line' id='line_1_107' title="bbox 2261 4600 3770 4673; baseline -0.001 -17"><span class='ocrx_word' id='word_1_819' title='bbox 2261 4607 2422 4673; x_wconf 77' lang='lat' dir='ltr'><strong>fectus</strong></span> <span class='ocrx_word' id='word_1_820' title='bbox 2453 4602 2692 4655; x_wconf 74' lang='lat' dir='ltr'><strong>exsistens</strong></span> <span class='ocrx_word' id='word_1_821' title='bbox 2717 4602 2769 4654; x_wconf 86' lang='lat' dir='ltr'><strong>in</strong></span> <span class='ocrx_word' id='word_1_822' title='bbox 2795 4602 3114 4672; x_wconf 82' lang='lat' dir='ltr'><strong>generatione</strong></span> <span class='ocrx_word' id='word_1_823' title='bbox 3138 4616 3230 4653; x_wconf 79' lang='lat' dir='ltr'><strong>sua</strong></span> <span class='ocrx_word' id='word_1_824' title='bbox 3254 4614 3274 4655; x_wconf 89' lang='lat'><strong><em>:</em></strong></span> <span class='ocrx_word' id='word_1_825' title='bbox 3304 4600 3410 4653; x_wconf 86' lang='lat' dir='ltr'><strong>Deo</strong></span> <span class='ocrx_word' id='word_1_826' title='bbox 3439 4600 3630 4670; x_wconf 80' lang='lat' dir='ltr'><strong>placuit</strong></span> <span class='ocrx_word' id='word_1_827' title='bbox 3663 4600 3770 4654; x_wconf 80' lang='lat' dir='ltr'><strong>Noe</strong></span> 
     </span>
    </p>
   </div>
   <div class='ocr_carea' id='block_1_107' title="bbox 2261 4694 2605 4766">
    <p class='ocr_par' dir='ltr' id='par_1_107' title="bbox 2261 4694 2605 4766">
     <span class='ocr_line' id='line_1_108' title="bbox 2261 4694 2605 4766; baseline -0.006 -17"><span class='ocrx_word' id='word_1_828' title='bbox 2261 4694 2416 4766; x_wconf 84' lang='lat' dir='ltr'><strong>(Gen.</strong></span> <span class='ocrx_word' id='word_1_829' title='bbox 2446 4696 2499 4749; x_wconf 87' lang='lat'><strong>6.</strong></span> <span class='ocrx_word' id='word_1_830' title='bbox 2527 4694 2605 4765; x_wconf 93' lang='lat'><strong>9).</strong></span> 
     </span>
    </p>
   </div>
   <div class='ocr_carea' id='block_1_108' title="bbox 2261 4808 3771 4883">
    <p class='ocr_par' dir='ltr' id='par_1_108' title="bbox 2261 4808 3771 4883">
     <span class='ocr_line' id='line_1_109' title="bbox 2261 4808 3771 4883; baseline -0.007 -14"><span class='ocrx_word' id='word_1_831' title='bbox 2261 4816 2314 4870; x_wconf 81' lang='lat' dir='ltr'><strong>l.</strong></span> <span class='ocrx_word' id='word_1_832' title='bbox 2362 4813 2573 4868; x_wconf 78' lang='lat' dir='ltr'><strong>Virtutis</strong></span> <span class='ocrx_word' id='word_1_833' title='bbox 2602 4812 2964 4883; x_wconf 74' lang='lat' dir='ltr'><strong>prwrogativw.</strong></span> <span class='ocrx_word' id='word_1_834' title='bbox 2992 4841 3063 4851; x_wconf 95' lang='lat'><strong>—</strong></span> <span class='ocrx_word' id='word_1_835' title='bbox 3086 4811 3302 4865; x_wconf 73' lang='lat' dir='ltr'><strong>Vidistis</strong></span> <span class='ocrx_word' id='word_1_836' title='bbox 3331 4813 3383 4864; x_wconf 92' lang='lat' dir='ltr'><strong>in</strong></span> <span class='ocrx_word' id='word_1_837' title='bbox 3415 4811 3477 4864; x_wconf 91' lang='lat' dir='ltr'><strong>iis</strong></span> <span class='ocrx_word' id='word_1_838' title='bbox 3496 4826 3615 4880; x_wconf 69' lang='lat' dir='ltr'><strong>quae</strong></span> <span class='ocrx_word' id='word_1_839' title='bbox 3640 4808 3771 4862; x_wconf 84' lang='lat' dir='ltr'><strong>dicta</strong></span> 
     </span>
    </p>
   </div>
   <div class='ocr_carea' id='block_1_109' title="bbox 2191 4902 3767 4975">
    <p class='ocr_par' dir='ltr' id='par_1_109' title="bbox 2191 4902 3767 4975">
     <span class='ocr_line' id='line_1_110' title="bbox 2191 4902 3767 4975; baseline -0.008 -14"><span class='ocrx_word' id='word_1_840' title='bbox 2191 4916 2334 4969; x_wconf 78' lang='lat' dir='ltr'><strong>Sunt,</strong></span> <span class='ocrx_word' id='word_1_841' title='bbox 2361 4916 2557 4975; x_wconf 86' lang='lat' dir='ltr'><strong>quanta</strong></span> <span class='ocrx_word' id='word_1_842' title='bbox 2582 4902 2775 4957; x_wconf 76' lang='lat' dir='ltr'><strong>divina:</strong></span> <span class='ocrx_word' id='word_1_843' title='bbox 2821 4902 3201 4958; x_wconf 69' lang='lat' dir='ltr'><strong>misericordia:</strong></span> <span class='ocrx_word' id='word_1_844' title='bbox 3243 4902 3575 4973; x_wconf 80' lang='lat' dir='ltr'><strong>magnitudo,</strong></span> <span class='ocrx_word' id='word_1_845' title='bbox 3620 4914 3767 4970; x_wconf 76' lang='lat' dir='ltr'><strong>quam</strong></span> 
     </span>
    </p>
   </div>
   <div class='ocr_carea' id='block_1_110' title="bbox 2193 4992 3768 5068">
    <p class='ocr_par' dir='ltr' id='par_1_110' title="bbox 2193 4992 3768 5068">
     <span class='ocr_line' id='line_1_111' title="bbox 2193 4992 3768 5068; baseline -0.008 -16"><span class='ocrx_word' id='word_1_846' title='bbox 2193 5000 2379 5068; x_wconf 87' lang='lat' dir='ltr'><strong>ingens</strong></span> <span class='ocrx_word' id='word_1_847' title='bbox 2402 4995 2717 5049; x_wconf 88' lang='lat' dir='ltr'><strong>tolerantia?</strong></span> <span class='ocrx_word' id='word_1_848' title='bbox 2743 4992 2949 5047; x_wconf 85' lang='lat' dir='ltr'><strong>vidistis</strong></span> <span class='ocrx_word' id='word_1_849' title='bbox 2987 4993 3283 5060; x_wconf 89' lang='lat' dir='ltr'><strong>hominum,</strong></span> <span class='ocrx_word' id='word_1_850' title='bbox 3312 4993 3400 5062; x_wconf 92' lang='lat' dir='ltr'><strong>qui</strong></span> <span class='ocrx_word' id='word_1_851' title='bbox 3432 5002 3559 5045; x_wconf 90' lang='lat' dir='ltr'><strong>tunc</strong></span> <span class='ocrx_word' id='word_1_852' title='bbox 3601 4998 3768 5048; x_wconf 82' lang='lat' dir='ltr'><strong>erant,</strong></span> 
     </span>
    </p>
   </div>
   <div class='ocr_carea' id='block_1_111' title="bbox 2195 5081 3769 5160">
    <p class='ocr_par' dir='ltr' id='par_1_111' title="bbox 2195 5081 3769 5160">
     <span class='ocr_line' id='line_1_112' title="bbox 2195 5081 3769 5160; baseline -0.008 -17"><span class='ocrx_word' id='word_1_853' title='bbox 2195 5097 2559 5160; x_wconf 87' lang='lat' dir='ltr'><strong>portentosam</strong></span> <span class='ocrx_word' id='word_1_854' title='bbox 2616 5085 2911 5139; x_wconf 88' lang='lat' dir='ltr'><strong>malitiam?</strong></span> <span class='ocrx_word' id='word_1_855' title='bbox 2954 5084 3214 5139; x_wconf 91' lang='lat' dir='ltr'><strong>didicistis</strong></span> <span class='ocrx_word' id='word_1_856' title='bbox 3268 5094 3462 5153; x_wconf 89' lang='lat' dir='ltr'><strong>quanta</strong></span> <span class='ocrx_word' id='word_1_857' title='bbox 3509 5082 3667 5136; x_wconf 88' lang='lat' dir='ltr'><strong>fuerit</strong></span> <span class='ocrx_word' id='word_1_858' title='bbox 3723 5081 3769 5131; x_wconf 90' lang='lat' dir='ltr'><strong>in</strong></span> 
     </span>
    </p>
   </div>
   <div class='ocr_carea' id='block_1_112' title="bbox 2192 5170 3770 5245">
    <p class='ocr_par' dir='ltr' id='par_1_112' title="bbox 2192 5170 3770 5245">
     <span class='ocr_line' id='line_1_113' title="bbox 2192 5170 3770 5245; baseline -0.009 -10"><span class='ocrx_word' id='word_1_859' title='bbox 2192 5178 2365 5235; x_wconf 89' lang='lat' dir='ltr'><strong>media</strong></span> <span class='ocrx_word' id='word_1_860' title='bbox 2398 5186 2540 5231; x_wconf 90' lang='lat' dir='ltr'><strong>tanta</strong></span> <span class='ocrx_word' id='word_1_861' title='bbox 2569 5177 2903 5230; x_wconf 87' lang='lat' dir='ltr'><strong>multitudine</strong></span> <span class='ocrx_word' id='word_1_862' title='bbox 2924 5175 3053 5245; x_wconf 88' lang='lat' dir='ltr'><strong>justi</strong></span> <span class='ocrx_word' id='word_1_863' title='bbox 3080 5174 3266 5239; x_wconf 88' lang='lat' dir='ltr'><strong>virtus,</strong></span> <span class='ocrx_word' id='word_1_864' title='bbox 3294 5183 3347 5229; x_wconf 92' lang='lat' dir='ltr'><strong>et</strong></span> <span class='ocrx_word' id='word_1_865' title='bbox 3372 5190 3529 5245; x_wconf 91' lang='lat' dir='ltr'><strong>quam</strong></span> <span class='ocrx_word' id='word_1_866' title='bbox 3564 5172 3695 5226; x_wconf 90' lang='lat' dir='ltr'><strong>nihil</strong></span> <span class='ocrx_word' id='word_1_867' title='bbox 3726 5170 3770 5221; x_wconf 82' lang='lat' dir='ltr'><strong>ei</strong></span> 
     </span>
    </p>
   </div>
   <div class='ocr_carea' id='block_1_113' title="bbox 2193 5263 3767 5334">
    <p class='ocr_par' dir='ltr' id='par_1_113' title="bbox 2193 5263 3767 5334">
     <span class='ocr_line' id='line_1_114' title="bbox 2193 5263 3767 5334; baseline -0.005 -11"><span class='ocrx_word' id='word_1_868' title='bbox 2193 5269 2436 5323; x_wconf 90' lang='lat' dir='ltr'><strong>nocuerit</strong></span> <span class='ocrx_word' id='word_1_869' title='bbox 2474 5267 2556 5321; x_wconf 90' lang='lat' dir='ltr'><strong>vel</strong></span> <span class='ocrx_word' id='word_1_870' title='bbox 2585 5268 2795 5321; x_wconf 91' lang='lat' dir='ltr'><strong>illorum</strong></span> <span class='ocrx_word' id='word_1_871' title='bbox 2828 5267 2879 5319; x_wconf 93' lang='lat' dir='ltr'><strong>in</strong></span> <span class='ocrx_word' id='word_1_872' title='bbox 2910 5267 3107 5319; x_wconf 92' lang='lat' dir='ltr'><strong>malum</strong></span> <span class='ocrx_word' id='word_1_873' title='bbox 3134 5266 3481 5334; x_wconf 82' lang='lat' dir='ltr'><strong>conspiratio,</strong></span> <span class='ocrx_word' id='word_1_874' title='bbox 3516 5264 3601 5317; x_wconf 88' lang='lat' dir='ltr'><strong>vel</strong></span> <span class='ocrx_word' id='word_1_875' title='bbox 3632 5263 3767 5334; x_wconf 84' lang='lat' dir='ltr'><strong>quml</strong></span> 
     </span>
    </p>
   </div>
   <div class='ocr_carea' id='block_1_114' title="bbox 2194 5356 3768 5428">
    <p class='ocr_par' dir='ltr' id='par_1_114' title="bbox 2194 5356 3768 5428">
     <span class='ocr_line' id='line_1_115' title="bbox 2194 5356 3768 5428; baseline -0.004 -13"><span class='ocrx_word' id='word_1_876' title='bbox 2194 5362 2339 5415; x_wconf 88' lang='lat' dir='ltr'><strong>solus</strong></span> <span class='ocrx_word' id='word_1_877' title='bbox 2383 5360 2436 5413; x_wconf 92' lang='lat' dir='ltr'><strong>in</strong></span> <span class='ocrx_word' id='word_1_878' title='bbox 2482 5359 2658 5413; x_wconf 88' lang='lat' dir='ltr'><strong>medio</strong></span> <span class='ocrx_word' id='word_1_879' title='bbox 2699 5360 2919 5412; x_wconf 87' lang='lat' dir='ltr'><strong>istorum</strong></span> <span class='ocrx_word' id='word_1_880' title='bbox 2966 5358 3315 5428; x_wconf 88' lang='lat' dir='ltr'><strong>interceptus,</strong></span> <span class='ocrx_word' id='word_1_881' title='bbox 3358 5359 3513 5427; x_wconf 89' lang='lat' dir='ltr'><strong>longe</strong></span> <span class='ocrx_word' id='word_1_882' title='bbox 3562 5356 3768 5411; x_wconf 85' lang='lat' dir='ltr'><strong>diversa</strong></span> 
     </span>
    </p>
   </div>
   <div class='ocr_carea' id='block_1_115' title="bbox 2196 5449 3768 5519">
    <p class='ocr_par' dir='ltr' id='par_1_115' title="bbox 2196 5449 3768 5519">
     <span class='ocr_line' id='line_1_116' title="bbox 2196 5449 3768 5519; baseline -0.005 -13"><span class='ocrx_word' id='word_1_883' title='bbox 2196 5451 2476 5507; x_wconf 90' lang='lat' dir='ltr'><strong>incesserit</strong></span> <span class='ocrx_word' id='word_1_884' title='bbox 2504 5450 2620 5503; x_wconf 83' lang='lat' dir='ltr'><strong>via?</strong></span> <span class='ocrx_word' id='word_1_885' title='bbox 2642 5449 2773 5504; x_wconf 83' lang='lat' dir='ltr'><strong>Nam</strong></span> <span class='ocrx_word' id='word_1_886' title='bbox 2804 5450 2953 5518; x_wconf 86' lang='lat' dir='ltr'><strong>quasi</strong></span> <span class='ocrx_word' id='word_1_887' title='bbox 2983 5449 3308 5519; x_wconf 88' lang='lat' dir='ltr'><strong>gubernator</strong></span> <span class='ocrx_word' id='word_1_888' title='bbox 3334 5449 3585 5516; x_wconf 87' lang='lat' dir='ltr'><strong>optimus,</strong></span> <span class='ocrx_word' id='word_1_889' title='bbox 3620 5462 3768 5501; x_wconf 51' lang='lat' dir='ltr'><strong>men.</strong></span> 
     </span>
    </p>
   </div>
   <div class='ocr_carea' id='block_1_116' title="bbox 2196 5535 3770 5611">
    <p class='ocr_par' dir='ltr' id='par_1_116' title="bbox 2196 5535 3770 5611">
     <span class='ocr_line' id='line_1_117' title="bbox 2196 5535 3770 5611; baseline -0.006 -14"><span class='ocrx_word' id='word_1_890' title='bbox 2196 5545 2263 5598; x_wconf 93' lang='lat' dir='ltr'><strong>tis</strong></span> <span class='ocrx_word' id='word_1_891' title='bbox 2288 5543 2495 5598; x_wconf 89' lang='lat' dir='ltr'><strong>clavum</strong></span> <span class='ocrx_word' id='word_1_892' title='bbox 2516 5556 2703 5611; x_wconf 91' lang='lat' dir='ltr'><strong>magna</strong></span> <span class='ocrx_word' id='word_1_893' title='bbox 2730 5540 2997 5610; x_wconf 88' lang='lat' dir='ltr'><strong>vigilantia</strong></span> <span class='ocrx_word' id='word_1_894' title='bbox 3019 5540 3303 5609; x_wconf 91' lang='lat' dir='ltr'><strong>arripiens,</strong></span> <span class='ocrx_word' id='word_1_895' title='bbox 3332 5540 3505 5594; x_wconf 89' lang='lat' dir='ltr'><strong>navim</strong></span> <span class='ocrx_word' id='word_1_896' title='bbox 3536 5554 3684 5593; x_wconf 90' lang='lat' dir='ltr'><strong>suam</strong></span> <span class='ocrx_word' id='word_1_897' title='bbox 3706 5535 3770 5589; x_wconf 88' lang='lat' dir='ltr'><strong>ab</strong></span> 
     </span>
    </p>
   </div>
   <div class='ocr_carea' id='block_1_117' title="bbox 2196 5631 3765 5701">
    <p class='ocr_par' dir='ltr' id='par_1_117' title="bbox 2196 5631 3765 5701">
     <span class='ocr_line' id='line_1_118' title="bbox 2196 5631 3765 5701; baseline -0.006 -11"><span class='ocrx_word' id='word_1_898' title='bbox 2196 5633 2519 5690; x_wconf 90' lang='lat' dir='ltr'><strong>irruentibus</strong></span> <span class='ocrx_word' id='word_1_899' title='bbox 2545 5632 2759 5686; x_wconf 65' lang='lat' dir='ltr'><strong>malitiae</strong></span> <span class='ocrx_word' id='word_1_900' title='bbox 2786 5632 3032 5701; x_wconf 88' lang='lat' dir='ltr'><strong>procellis</strong></span> <span class='ocrx_word' id='word_1_901' title='bbox 3062 5631 3329 5701; x_wconf 91' lang='lat' dir='ltr'><strong>submergi</strong></span> <span class='ocrx_word' id='word_1_902' title='bbox 3379 5646 3483 5685; x_wconf 94' lang='lat' dir='ltr'><strong>non</strong></span> <span class='ocrx_word' id='word_1_903' title='bbox 3530 5642 3613 5686; x_wconf 92' lang='lat' dir='ltr'><strong>est</strong></span> <span class='ocrx_word' id='word_1_904' title='bbox 3649 5642 3765 5698; x_wconf 84' lang='lat' dir='ltr'><strong>pas-</strong></span> 
     </span>
    </p>
   </div>
   <div class='ocr_carea' id='block_1_118' title="bbox 2195 5721 3768 5792">
    <p class='ocr_par' dir='ltr' id='par_1_118' title="bbox 2195 5721 3768 5792">
     <span class='ocr_line' id='line_1_119' title="bbox 2195 5721 3768 5792; baseline -0.007 -11"><span class='ocrx_word' id='word_1_905' title='bbox 2195 5742 2308 5791; x_wconf 92' lang='lat' dir='ltr'><strong>sus,</strong></span> <span class='ocrx_word' id='word_1_906' title='bbox 2348 5725 2441 5780; x_wconf 88' lang='lat' dir='ltr'><strong>sed</strong></span> <span class='ocrx_word' id='word_1_907' title='bbox 2486 5724 2656 5779; x_wconf 88' lang='lat' dir='ltr'><strong>factus</strong></span> <span class='ocrx_word' id='word_1_908' title='bbox 2702 5732 3019 5791; x_wconf 90' lang='lat' dir='ltr'><strong>tempestate</strong></span> <span class='ocrx_word' id='word_1_909' title='bbox 3067 5724 3353 5792; x_wconf 86' lang='lat' dir='ltr'><strong>potentior,</strong></span> <span class='ocrx_word' id='word_1_910' title='bbox 3396 5724 3519 5777; x_wconf 91' lang='lat' dir='ltr'><strong>licet</strong></span> <span class='ocrx_word' id='word_1_911' title='bbox 3566 5722 3617 5775; x_wconf 91' lang='lat' dir='ltr'><strong>in</strong></span> <span class='ocrx_word' id='word_1_912' title='bbox 3665 5721 3768 5773; x_wconf 86' lang='lat' dir='ltr'><strong>alto</strong></span> 
     </span>
    </p>
   </div>
   <div class='ocr_carea' id='block_1_119' title="bbox 2194 5814 3764 5891">
    <p class='ocr_par' dir='ltr' id='par_1_119' title="bbox 2194 5814 3764 5891">
     <span class='ocr_line' id='line_1_120' title="bbox 2194 5814 3764 5891; baseline -0.004 -18"><span class='ocrx_word' id='word_1_913' title='bbox 2194 5820 2442 5890; x_wconf 87' lang='lat' dir='ltr'><strong>jactatus,</strong></span> <span class='ocrx_word' id='word_1_914' title='bbox 2469 5816 2617 5887; x_wconf 83' lang='lat' dir='ltr'><strong>quasi</strong></span> <span class='ocrx_word' id='word_1_915' title='bbox 2647 5816 2699 5871; x_wconf 91' lang='lat' dir='ltr'><strong>in</strong></span> <span class='ocrx_word' id='word_1_916' title='bbox 2738 5825 2896 5891; x_wconf 82' lang='lat' dir='ltr'><strong>portu</strong></span> <span class='ocrx_word' id='word_1_917' title='bbox 2940 5814 3175 5884; x_wconf 83' lang='lat' dir='ltr'><strong>sederet,</strong></span> <span class='ocrx_word' id='word_1_918' title='bbox 3198 5816 3406 5886; x_wconf 79' lang='lat' dir='ltr'><strong>virtutis</strong></span> <span class='ocrx_word' id='word_1_919' title='bbox 3440 5814 3764 5887; x_wconf 81' lang='lat' dir='ltr'><strong>gubernacu-</strong></span> 
     </span>
    </p>
   </div>
  </div>
