4038 6394
169 441 274 496 195

161 575 352 626 μενος,
385 555 424 625 ἢ
451 555 518 609 δι’
541 553 734 626 ἑτέραν
763 553 888 607 τινα
921 553 1264 625 πραγμάτων
1289 555 1610 624 περίστασιν
1629 593 1646 617 ,
1681 553 1714 624 ἢ
1745 555 1840 606 καὶ

160 647 268 698 ὑπὸ
293 646 400 716 τῆς
417 644 514 698 τοῦ
541 643 794 715 σώματος
809 643 1120 715 ἀρρωστίας
1151 643 1545 712 πεπεδημένος,
1561 642 1840 710 πανταχοῦ

161 733 256 786 καὶ
293 735 356 784 ἐν
380 733 602 794 πάσαις,
629 731 706 794 ὡς
733 733 930 792 είπεῖν,
963 731 1080 792 ταῖς
1111 729 1300 782 πόλεσι
1327 729 1573 798 βούλεται
1597 731 1840 800 ὑπομνή-

163 837 314 889 ματα
354 820 452 890 τῆς
505 819 712 882 οίκείας
764 817 1076 883 πλεονεξίας
1135 816 1452 886 κεκτῆσθαι,
1499 819 1593 870 καὶ
1640 817 1840 886 στήλας

158 907 470 970 ἀθανάτους
495 907 596 977 τῆς
616 907 826 969 οἰκείας
855 907 1055 968 κακίας
1083 906 1232 976 παρὰ
1259 906 1424 958 πᾶσιν
1443 905 1610 974 ἔχειν,
1637 905 1732 958 καὶ
1771 908 1838 958 τά

163 995 264 1063 μὲν
290 995 694 1064 ἁμαρτήματα,
728 994 787 1059 ἐξ
808 987 884 1047 ὧν
909 995 1122 1047 ἅπαντα
1151 991 1324 1046 ταῦτα
1355 994 1634 1064 συνελέγη,
1667 997 1732 1062 τῇ
1762 996 1834 1046 οί-

161 1079 288 1150 κεία
323 1079 597 1150 ἐπιτίθησι
627 1079 860 1152 κεφαλῇ,
889 1079 981 1133 καὶ
1013 1079 1230 1151 φορτίον
1253 1079 1388 1150 βαρὺ
1413 1079 1506 1132 καὶ
1536 1079 1838 1132 δυσϐάστα-

159 1181 288 1217 κτον
323 1167 721 1234 ἐπιφερόμενος
771 1167 872 1219 οὑκ
915 1165 1225 1220 αἰσθάνεται
1249 1183 1263 1197 ·
1300 1169 1398 1236 τὴν
1445 1166 1500 1218 δέ
1531 1167 1594 1218 ἐκ
1631 1166 1836 1220 τούτων

161 1252 467 1304 ἀπόλαυσιν
503 1252 712 1323 ἑτέροις
757 1255 1093 1323 παραχωρεῖ,
1138 1253 1198 1305 οὐ
1229 1253 1366 1322 μετά
1411 1254 1510 1322 τὴν
1545 1255 1640 1323 τῆς
1693 1253 1836 1323 ζωῆς

163 1339 500 1406 μετάστασιν
537 1341 720 1410 μόνον,
753 1339 888 1393 ἀλλά
933 1341 1024 1392 καὶ
1055 1339 1156 1409 πρὸ
1187 1343 1285 1408 τῆς
1331 1340 1579 1394 ἐντεῦθεν
1631 1341 1830 1406 ἐξόδου.

159 1426 282 1478 Κᾶν
303 1425 416 1498 γὰρ
443 1427 516 1498 μὴ
541 1427 688 1480 ἀκων
713 1429 892 1481 αὐτῶν
916 1427 1196 1498 γυμνωθῇ,
1221 1427 1326 1480 ὑπὸ
1347 1427 1451 1480 τῶν
1473 1427 1833 1498 ᾠκειωμένων

159 1511 566 1579 διασπᾶται,ὡς
583 1517 778 1579 εἰπεῖν,
801 1516 896 1568 καὶ
921 1515 1378 1585 διασπαράττεται
1404 1517 1619 1569 ᾶπαντα
1639 1516 1831 1580 ταῦτα,

159 1603 252 1652 καὶ
280 1601 404 1653 οὐδὲ
430 1602 525 1654 τοῦ
557 1603 850 1656 πολλοστοῦ
882 1604 1060 1657 αὐτῶν
1099 1603 1298 1674 μέρους
1339 1607 1397 1657 ἐν
1427 1603 1722 1656 ἀπολαύσει
1751 1605 1834 1672 γί-

157 1705 334 1742 νεται.
359 1689 428 1741 Τί
463 1691 516 1742 δὲ
547 1690 688 1760 λέγω
717 1693 774 1744 ἐν
807 1691 1099 1744 ἀπολαύσει
1123 1708 1137 1755 ;
1175 1693 1271 1744 Ἂν
1299 1691 1406 1763 γὰρ
1435 1691 1686 1764 βουληθῇ,
1715 1693 1832 1756 πῶς

157 1775 384 1844 ἀρκέσει
417 1775 546 1844 μίαν
571 1775 710 1846 ἔχων
737 1778 981 1849 γαστέρα
1011 1778 1146 1848 πρὸς
1185 1779 1404 1831 τοσοῦτο
1449 1779 1653 1849 πλῆθος
1697 1797 1832 1850 χρη-

161 1879 348 1932 ματων
371 1879 388 1928 ;

225 1949 296 2014 ζ’.
329 1950 492 2004 Ἀλλά
507 1950 613 2004 τῶν
633 1949 818 2005 κακῶν
839 1951 1093 2006 ἁπάντων
1108 1954 1168 2006 τὸ
1183 1955 1401 2026 αίτιονή
1419 1955 1713 2020 κενοδοξία,
1738 1957 1831 2010 καὶ

154 2037 214 2088 τδ
241 2037 537 2106 βούλεσθαι
559 2039 662 2110 τὴν
688 2040 1058 2111 προσηγορίαν
1077 2043 1388 2098 ἐπικεῖσθαι
1413 2044 1508 2115 τὴν
1524 2045 1689 2098 αὑτοῦ
1715 2049 1831 2109 τοῖς

153 2125 370 2194 ἀγροῖς,
399 2128 512 2188 τοῖς
540 2125 862 2194 βαλανείοις,
887 2131 1008 2191 ταῖς
1039 2130 1259 2194 οίκίαις.
1310 2133 1376 2184 Τί
1411 2149 1492 2186 σοι
1529 2133 1592 2186 τὸ
1616 2133 1827 2202 ὄφελος,

153 2210 440 2280 ἄνθρωπε,
489 2212 620 2264 ὅταν
655 2213 774 2282 μετ’
812 2216 874 2266 οὐ
922 2215 1080 2278 πολὺ,
1128 2218 1364 2288 πυρετοῦ
1412 2219 1826 2283 καταλαϐόντος,

151 2297 352 2365 ἀθρόον
379 2299 734 2370 ἀφιπταμένη
762 2301 962 2373 ήψυχὴ
1000 2303 1384 2376 καταλιμπάνῃ
1411 2321 1470 2357 σε
1497 2306 1702 2376 ἔρημον
1735 2309 1829 2361 καὶ

157 2384 384 2454 γυμνὸν,
418 2385 618 2456 μᾶλλον
667 2387 724 2440 δέ
755 2389 956 2459 ἀρετῆς
989 2391 1086 2460 μὲν
1108 2393 1548 2464 γεγυμνωμένον,
1598 2393 1829 2464 περιϐε-

153 2473 426 2541 ϐλημένον
451 2473 508 2526 δὲ
537 2475 636 2538 τὰς
663 2475 900 2539 ἀδικίας,
935 2479 1034 2542 τὰς
1073 2481 1346 2550 ἁρπαγὰς,
1368 2481 1467 2544 τὰς
1495 2483 1824 2548 πλεονεξίας,

151 2561 280 2623 τοὺς
313 2565 672 2631 στεναγμοὺς,
701 2565 790 2617 τὸν
814 2565 1074 2638 ὀδυρμὸν,
1096 2568 1164 2620 τά
1187 2569 1394 2640 δάκρυα
1421 2570 1530 2624 τῶν
1555 2571 1824 2642 ὀρφανῶν,

150 2646 252 2710 τάς
287 2647 602 2716 ἐπιϐουλάς,
655 2653 781 2716 τοὺς
830 2654 1047 2720 δόλους;
1101 2657 1224 2721 Πῶς
1274 2658 1474 2730 δυνήσῃ
1505 2659 1574 2712 τά
1617 2660 1829 2730 μεγάλα

151 2735 326 2788 ταῦτα
351 2738 552 2808 φορτία
577 2739 686 2792 τῶν
735 2741 1145 2814 ἁμαρτημάτων
1195 2745 1329 2814 ἔχων
1363 2747 1704 2817 ἐπικείμενα,
1729 2748 1828 2819 τὴν

153 2823 348 2892 στενὴν
383 2825 562 2895 πύλην
587 2827 801 2898 ἐκείνην
836 2828 1119 2900 διαϐῆναι,
1159 2833 1258 2902 τὴν
1304 2834 1364 2886 οὐ
1393 2835 1697 2906 δυναμένην
1743 2836 1829 2888 δέ-

153 2907 348 2974 ξασθαι
375 2911 470 2964 τὸν
493 2912 657 2980 ὄγκον
689 2913 782 2966 τοῦ
807 2915 1062 2969 τοσούτου
1101 2919 1396 2988 μεγέθουςς
1452 2921 1686 2994 Ἀνάγκη
1721 2923 1828 2976 τοί-

149 3009 246 3048 νυν
271 2996 380 3064 ἔξω
411 3000 662 3068 μένοντα,
688 3003 781 3054 καὶ
811 3001 915 3056 ὑπὸ
937 3002 1046 3056 τῶν
1075 3007 1308 3074 φορτίων
1339 3007 1542 3060 τούτων
1565 3007 1826 3082 βαρούμε-

151 3098 240 3134 νον
267 3085 512 3154 ἀνήνυτα
543 3089 1004 3164 μεταγινώσκειν,
1025 3091 1124 3163 ήδη
1151 3092 1256 3162 πρὸ
1285 3093 1392 3146 τῶν
1438 3095 1730 3167 ὀφθαλμῶν
1759 3097 1828 3152 τά

155 3169 492 3242 κολαστήρια
515 3171 726 3243 δρῶντα
761 3175 1191 3246 ηὐτρεπισμένα,
1227 3181 1318 3232 καὶ
1339 3179 1400 3234 τὸ
1437 3181 1548 3252 πῦρ
1569 3184 1743 3236 ἐκεῖνο
1767 3183 1829 3238 τὸ

151 3257 384 3342 φοϐερὸν
411 3261 507 3312 καὶ
539 3261 812 3330 μηδέποτε
863 3263 1240 3334 σϐεννύμενον,
1300 3269 1395 3321 καὶ
1427 3270 1520 3324 τὸν
1570 3271 1826 3342 σκώληκα

147 3341 643 3416 τὺνάτελεύτητον.
689 3347 828 3402 Ἀλλ’
855 3349 910 3402 ετ
937 3367 1020 3414 τις
1047 3353 1180 3422 ἡμῖν
1213 3353 1368 3422 λόγος
1406 3357 1504 3427 τῆς
1551 3341 1828 3430 σωτηρίας

145 3430 247 3502 τῆς
275 3433 578 3520 ἡμετέρας,
627 3435 704 3499 ὡς
759 3437 841 3490 ἐτι
875 3438 1064 3510 καιρὸν
1117 3441 1334 3512 ἔχομεν,
1367 3445 1691 3517 ἀποστῶμεν
1729 3451 1828 3520 τῆς

147 3519 369 3604 κακίας,
407 3523 504 3576 καὶ
533 3523 632 3595 τὴν
669 3526 872 3598 ἀρετὴν
906 3528 1349 3601 μεταδιώξωμεν,
1399 3535 1490 3604 τῆς
1523 3519 1827 3604 κενοδοξίας

147 3603 520 3699 ιδπερίδωμεν.
586 3613 683 3667 Διά
726 3613 881 3666 τοῦτο
936 3616 1045 3687 γὰρ
1091 3621 1186 3672 καὶ
1224 3621 1354 3692 κενὴ
1393 3603 1632 3690 λέγεται,
1675 3623 1824 3699 [204]

145 3693 340 3765 ἐπειδὴ
353 3697 602 3762 διάκενός
627 3704 742 3755 ἐστι
775 3703 869 3756 και
892 3703 1044 3756 οὐδὲν
1073 3705 1268 3776 ἔχουσα
1295 3709 1530 3778 βέϐαιον,
1557 3693 1694 3766 οὐδὲ.
1725 3693 1824 3783 μόξ

147 3795 326 3874 νιμαν,
359 3783 476 3874 ἀλλ’
514 3785 698 3857 ἀπάτη
739 3788 900 3858 μόνον
951 3789 1246 3861 ὀφθαλμῶν
1275 3797 1532 3866 τυγχάνει
1555 3836 1572 3862 ,
1623 3801 1754 3871 πρὶν
1788 3803 1820 3874 ἢ

149 3868 390 3958 φανῆναι
421 3873 800 3946 ἀφιπταμένη.
845 3877 915 3930 Ἦ
943 3879 1042 3950 οὐχ
1072 3879 1288 3950 ὁρῶμεν
1325 3885 1416 3936 τὸν
1445 3868 1682 3958 σήμερον
1718 3868 1824 3943 {aan

145 3955 602 4050 16v-§0.6r3061xov
629 3965 1105 4050 προπεμπόμενον,
1131 3971 1224 4023 καὶ
1249 3972 1354 4024 ὑπὸ
1375 3973 1484 4027 τῶν
1500 3955 1822 4050 δορυφόρων

149 4043 546 4115 κυκλούμενον,
601 4049 792 4122 αὔριον
843 4055 1104 4119 πολλάκις
1135 4058 1502 4130 δεσμωτήριον
1547 4043 1818 4134 οίκοῦντα,

149 4135 424 4226 καὶὲμετά
455 4138 564 4190 τῶν
589 4141 912 4214 κακούργων
953 4147 1350 4216 στρεφόμενονς
1399 4151 1463 4204 Τί
1489 4153 1694 4224 ταύτης
1723 4157 1822 4226 τῆς

149 4220 314 4315 ξεν-ῆς
341 4225 438 4276 καὶ
469 4227 706 4292 ματαίας
733 4229 890 4301 δόξης
918 4233 1354 4305 ἀπατηλότερον;
1413 4237 1475 4290 El
1507 4241 1563 4292 δὲ
1615 4220 1709 4294 καὶ
1745 4220 1819 4315 μή

149 4307 206 4359 ἐν
227 4309 306 4379 τῷ
340 4313 576 4381 παρόντι
603 4315 672 4368 τὰ
699 4317 798 4386 τῆς
823 4321 1124 4392 μεταϐολῆς
1147 4323 1306 4376 αὑτὸν
1335 4325 1634 4398 ἐκδέξηται,
1667 4333 1695 4382 ὁ
1725 4307 1822 4384 (id;

149 4411 304 4459 νατος
335 4401 554 4464 πάντως
586 4403 826 4458 ἐπελθὼν
854 4407 1066 4478 διέκοψε
1086 4412 1182 4480 τήν
1211 4412 1526 4482 εὐημερίαν,
1551 4417 1644 4468 καὶ
1671 4421 1698 4471 ὁ
1723 4421 1821 4490 σή-

349 4486 525 4576 σοϐῶν
555 4489 650 4542 ἐπὶ
681 4493 778 4562 τῆς
803 4493 1028 4566 ἀγορᾶς,
1077 4498 1170 4549 καὶ
1215 4502 1294 4562 είς
1331 4500 1700 4576 δεσμωτήριον
1730 4486 1821 4576 ἐμ-

147 4569 383 4662 ϐάλὶαυν,
443 4575 540 4628 καὶ
592 4577 686 4630 ἐπὶ
742 4579 828 4632 τοῦ
863 4581 1054 4652 θρῦνου
1101 4569 1440 4656 καθήμενος,
1471 4569 1820 4662 καὶ-,μεγάλα

147 4659 354 4724 φυσῶν,
411 4663 505 4714 καὶ
549 4665 676 4729 τοὺς
706 4667 950 4734 ἅπαντας
983 4671 1304 4743 ἀνθρώπους
1344 4676 1418 4738 ὡς
1450 4679 1604 4741 σκιὰς
1653 4681 1815 4752 ὀρῶν,

147 4745 343 4818 ἀθρόον
373 4754 441 4820 τῇ
476 4751 606 4822 ἑξῆς
636 4757 806 4808 κεῖται
844 4759 1036 4828 νεκρὸς
1077 4761 1297 4824 ἄπνους,
1337 4763 1598 4829 δυσωδίας
1652 4770 1816 4838 ἐμπε-

147 4835 482 4905 πλησμένος,
539 4841 759 4911 μυρίαις
797 4847 1150 4916 κατηγορίαις
1194 4849 1536 4920 βαλλόμενος,
1571 4835 1815 4910 ύπδντῶν

146 4922 536 4992 ἀδικηθέντων,
567 4929 670 4981 ὑπὸ
690 4931 798 4984 τῶν
821 4933 986 5002 μηδὲν
1009 4935 1394 5006 ἀδικηθέντων,
1415 4941 1816 5008 συναλγούντων

145 5013 258 5073 τοῖς
277 5013 602 5083 ἀδικηθεῖσι.
637 5019 700 5070 Τί
723 5019 816 5084 τοῦ
845 5020 1088 5074 τοιούτου
1113 5023 1470 5096 ἐλεεινότερον
1497 5029 1690 5094 γένοιτ’
1715 5032 1814 5100 iv;

145 5095 250 5150 Καὶ
282 5099 352 5152 τά
378 5102 476 5170 μὲν
508 5103 834 5174 συλλεγέντα
857 5107 1070 5162 ἅπαντα
1104 5095 1576 5184 πολ).ἀκιςίέχθροὶ
1605 5119 1698 5170 καὶ
1721 5095 1816 5172 πολ

143 5185 200 5238 λέ
207 5205 324 5256 μιοι
359 5189 495 5259 πρὸς
511 5192 774 5262 ἀλλήλους
802 5195 1138 5274 διενείμαντο
1158 5217 1169 5228 ·
1207 5200 1274 5252 τὰ
1299 5199 1354 5250 δὲ
1383 5201 1448 5253 ἐκ
1472 5201 1676 5257 τούτων
1696 5207 1816 5258 ἐπι-

143 5276 492 5344 σωρευθέντα
551 5291 576 5318 α
637 5281 785 5352 αὐτῷ
843 5283 1212 5355 ἁμαρτήματα
1259 5285 1436 5340 λαϐὼν
1484 5289 1690 5354 ἄπεισι,
1719 5294 1816 5356 τὰς

141 5362 288 5434 ὑπὲρ
319 5364 528 5420 τούτων
559 5368 856 5438 ἀπολογίας
895 5374 1032 5440 μετά
1065 5374 1262 5444 πολλῆς
1289 5376 1688 5448 ἀπαιτούμενος
1717 5384 1815 5452 τῆς

139 5452 458 5520 ἀκριϐείας.
499 5455 590 5507 Διὸ
610 5458 934 5528 παρακαλῶ,
965 5459 1254 5528 φεύγοντες
1291 5463 1386 5534 τὴν
1421 5467 1580 5536 κενὴν
1613 5467 1816 5538 ταύτην

141 5539 324 5606 δόξαν,
371 5541 472 5612 τήν
499 5543 672 5616 ἀληθῆ
733 5548 1075 5618 ποθήσωμεν,
1115 5552 1208 5604 καὶ
1248 5551 1691 5616 διαιωνίζουσαντ
1720 5557 1815 5609 καὶ

147 5631 285 5700 μήτε
315 5634 616 5703 χρημάτων
649 5635 788 5708 ἔρως
829 5639 974 5710 ἡμᾶς
1001 5639 1422 5706 ὑποσκελιζέτω,
1463 5645 1600 5714 μήτε
1635 5643 1816 5696 ιπιθυ.

209 5779 428 5854 ’Ἠοῖ-εί.
471 5783 835 5848 ἑκσωρευθέντα.
885 5785 992 5838 Mox
1019 5789 1160 5840 mulli
1203 5802 1316 5840 mss.
1357 5791 1440 5847 τὰς
1481 5795 1596 5858 ὑπὲρ
1629 5796 1808 5844 τούτων

147 5855 464 5890 παρανοιιιαε.

181 5857 464 5906 αρανομιας.

1317 437 1384 494 ΙΝ
1423 437 1576 494 CAP.
1617 439 1686 493 Vl
1725 435 1974 492 GENES.
2017 435 2248 495 HOMIL.
2283 439 2471 493 XXIII.

1953 553 2082 623 μίας
2105 553 2236 622 φλὸξ
2263 555 2628 618 κατακαιέτω,
2675 555 2808 626 μήτε
2847 554 3044 624 φθόνος
3071 553 3166 610 καὶ
3217 554 3484 623 βασκανία
3511 573 3596 626 τηε

1946 640 2110 704 κέτω,
2147 643 2286 712 μήτε
2305 641 2474 712 θυμὸς
2505 643 2832 713 ἐμπρησμὸν
2863 646 2992 713 ἡμῖν
3017 643 3446 713 ἀπεργαζέσθωο
3471 643 3604 696 ἀλλά

1944 727 2122 780 πάντα
2144 729 2314 782 ταῦτα
2337 729 2406 782 τά
2425 747 2560 799 πονη
2571 730 2638 800 ρά
2673 731 2766 784 καὶ
2787 730 3012 800 ὀλέθρια,
3034 731 3181 802 πάθῃ
3219 733 3283 801 τῇ
3313 731 3494 801 δρόσιμ
3513 731 3604 786 τοῦ

1945 814 2262 886 Πνεύματος
2309 817 2742 880 κατασϐέσαντες
2775 818 3112 887 ὑπερίδωμεν
3155 817 3264 870 τῶν
3303 818 3604 888 παρόντων,

1943 901 2270 972 ποθήσωμεν
2301 902 2368 955 τά
2407 902 2688 973 μέλλοντα,
2711 903 2916 956 ἔννοιάν
2941 921 3060 956 τινα
3083 903 3335 974 λάϐωμεν
3357 905 3458 974 τῆς
3481 905 3600 974 μελ-

1942 987 2142 1058 λούσης
2177 989 2408 1060 ἠμέρας,
2439 989 2532 1042 καὶ
2561 989 2760 1061 πολλὴν
2784 989 2878 1042 τοῦ
2912 990 3026 1060 βίου
3055 989 3149 1062 τὴν
3171 991 3452 1060 ἀκρίϐειαν
3483 993 3602 1044 ἐπι-

1939 1072 2262 1146 δειξώμεθα.
2296 1075 2428 1128 Ούδέ
2457 1075 2563 1147 γὰρ
2592 1076 2678 1130 διὰ
2705 1077 2862 1130 τοῦτο
2891 1079 2969 1139 είς
2999 1077 3089 1129 τὸν
3117 1076 3232 1146 βίον
3261 1077 3446 1130 τοῦτον
3471 1095 3602 1150 παρ·

1939 1161 2206 1232 ήχθημεν,
2241 1163 2324 1216 ἵνα
2362 1163 2520 1232 μόνον
2539 1165 2806 1235 ἐσθίωμεν
2839 1165 2931 1217 καὶ
2969 1164 3232 1234 πίνωμεν.

2009 1250 2082 1301 Οὐ
2120 1249 2180 1301 τὸ
2209 1249 2308 1321 ζῇν
2333 1251 2422 1304 διὰ
2449 1252 2510 1304 τὸ
2538 1255 2728 1321 φαγεῖν
2757 1253 2851 1304 καὶ
2885 1255 3024 1304 πιεῖν
3074 1252 3314 1322 γέγονεν,
3347 1251 3480 1304 ἀλλά
3512 1250 3602 1304 διά

1935 1337 1996 1390 τὸ
2027 1335 2124 1406 ζῇν
2153 1335 2214 1390 τὸ
2243 1341 2434 1406 φαγεῖν
2473 1339 2565 1392 καὶ
2597 1343 2757 1393 πιεῖν.
2794 1340 2884 1411 Μὴ
2929 1340 3108 1392 τοίνυν
3159 1341 3601 1410 ἀντιστρέφωμεν

1935 1425 2033 1496 τὴν
2063 1426 2234 1492 τάξιν.
2265 1427 2399 1498 μήτε
2427 1425 2500 1490 ὡς
2542 1426 2606 1478 δι’
2638 1426 2770 1479 αὐτὸ
2803 1427 3082 1496 γενόμενοι
3110 1425 3252 1479 οὕτω
3303 1430 3366 1496 τῇ
3403 1428 3599 1497 γαεῐτρὶ⁵

1934 1512 2293 1582 δουλεύωμεν,
2324 1515 2416 1566 καὶ⁸
2445 1517 2564 1576 ταῖς
2601 1516 2698 1584 τῆς
2727 1515 2926 1584 σαρκὸς
2955 1516 3196 1585 ἡδοναῖς⁸
3228 1514 3362 1568 ἀλλά
3391 1516 3488 1585 τὴν
3514 1517 3600 1568 ἐν-

1934 1601 2122 1653 τεῦθεν
2158 1603 2290 1672 ἡμῖν
2315 1600 2638 1671 τικτομένην
2690 1601 2892 1673 βλάϐην
2946 1602 3404 1672 ἀναλογιζόμενοι,
3441 1620 3600 1655 κατα-

1935 1689 2240 1758 στέλλωμεν
2261 1691 2359 1758 τῆς
2387 1689 2586 1759 σαρκὸς
2613 1689 2682 1742 τά
2703 1691 2999 1760 κινήματα,
3021 1691 3116 1744 καὶ
3146 1691 3218 1760 μὴ
3244 1691 3595 1761 ῥαθυμῶμεν.

1937 1777 2070 1847 μηδὲ
2101 1777 2474 1846 συγχωρῶμεν
2505 1777 2674 1847 αὐτὴν
2723 1777 3208 1842 κατεξανίστασθαι
3247 1779 3346 1846 τῆς
3397 1777 3592 1848 ψυχῆς.

1933 1866 1994 1918 Εἰ
2027 1864 2136 1936 γὰρ
2189 1865 2397 1928 Παῦλος
2445 1867 2472 1918 ὁ
2497 1865 2744 1928 τοσοῦτος
2798 1866 2892 1918 καὶ
2930 1865 3260 1935 τηλικοῦτος,
3293 1867 3322 1918 ὁ
3348 1865 3596 1936 καθάπερ

1933 1952 2238 2024 ὑπόπτερος
2265 1951 2362 2022 τὴν
2392 1953 2716 2022 οἰκουμένην
2761 1953 3076 2025 διαδραμὼν
3105 1955 3338 2018 ἃπασαν,
3367 1954 3461 2006 καὶ
3485 1953 3594 2006 τῶν

1932 2038 2258 2108 σωματικῶν
2287 2039 2542 2107 ἀναγκῶν
2573 2038 2841 2110 ἀνώτερος
2876 2041 3136 2109 γεγονὼς,
3175 2043 3266 2095 καὶ
3287 2041 3396 2093 τῶν
3423 2042 3596 2112 ἀρρή-

1929 2144 2038 2179 των
2070 2127 2292 2180 ἐκείνων
2336 2128 2597 2198 ῥημάτων
2643 2127 2874 2182 ἀκοῦσαι
2902 2127 3274 2194 καταξιωθεὶς,
3303 2124 3378 2182 ὧν
3432 2129 3590 2201 μέχρι

1927 2214 2030 2284 τῆς
2055 2216 2120 2284 σή
2131 2232 2194 2284 με
2202 2231 2292 2285 ρον
2309 2215 2482 2277 οὐδεὶς
2511 2214 2668 2280 ἀλλος
2685 2216 2905 2286 ἢκουσε,
2923 2217 3148 2287 γράφων
3162 2217 3346 2284 ἔλεγεν
3361 2234 3376 2248 ·
3418 2217 3589 2270 Ὑπω-

1930 2301 2108 2362 πιάζω
2135 2321 2248 2371 μου
2279 2303 2348 2357 τὸ
2383 2301 2573 2372 σῶμα,
2607 2304 2705 2358 καί
2734 2302 3110 2374 δουλαγωγῶ,
3135 2306 3346 2375 μήπως
3379 2305 3592 2374 ἄλλοις

1931 2391 2197 2458 κηρύξας
2227 2389 2412 2456 αὐτὸς
2434 2391 2718 2460 ἀδόκιμος
2751 2392 3036 2461 γένωμαι’
3067 2395 3114 2445 εί
3165 2394 3342 2447 τοίνυν
3389 2395 3593 2456 ἐκεῖνος

1927 2479 1956 2530 ό
1985 2477 2253 2547 τοσαύτης
2281 2477 2530 2543 ἀξιωθεὶς
2573 2480 2812 2548 χάριτος.
2849 2479 2988 2548 μετά
3029 2479 3268 2534 τοσαῦτα
3321 2481 3414 2534 καὶ
3451 2482 3596 2551 τηλι-

1929 2565 2104 2618 καῦτα
2142 2565 2542 2635 κατορθώματα
2570 2565 2738 2620 ἐδεῖτο
2773 2565 2866 2619 τοῦ
2901 2567 3261 2631 ὑπωπιάζειν,
3303 2569 3398 2622 καὶ
3449 2569 3596 2622 δουλ-

1931 2655 2186 2722 αγωγεῖν,
2213 2655 2306 2708 καὶ
2330 2654 2650 2708 ὑποτάττειν
2671 2655 2736 2724 τῇ
2775 2654 2870 2723 τῆς
2897 2655 3072 2724 ψυχῆς
3104 2654 3336 2726 ἐξουσίᾳ,
3365 2659 3458 2710 καὶ
3489 2658 3593 2711 ὑπὸ

1927 2740 2024 2810 τὴν
2057 2741 2259 2809 ταύτης
2293 2740 2492 2810 ἀρετὴν
2519 2735 2659 2794 εἶναι
2709 2742 2882 2794 ποιεῖν
2908 2741 3002 2794 τοῦ
3049 2739 3297 2811 σώματος
3349 2742 3418 2796 τά
3447 2759 3594 2816 σκιρ-

1925 2828 2148 2898 τήματα
2197 2827 2536 2894 (ὑπωπιάζει
2568 2829 2676 2899 γάρ
2715 2845 2797 2892 τις
2832 2828 2892 2881 τὸ
2925 2827 3466 2900 κατεξανιστάμενον,
3498 2832 3592 2886 καὶ

1925 2914 2256 2984 δουλαγωγεῖ
2280 2916 2340 2968 τὸ
2371 2915 2614 2986 ἀφηνιῶν
2647 2917 2730 2985 ιι)·
2763 2917 2816 2970 τί
2843 2911 2936 2970 οὖν
2967 2916 3034 2970 ἂν
3081 2917 3326 2988 εῐποιμεν
3349 2921 3510 2990 ἡμεῖς
3540 2921 3591 2973 οῖ

1927 3003 2145 3056 πάντων
2179 3003 2374 3073 ἔρημοι
2407 3001 2515 3055 τῶν
2537 3002 2778 3070 ἀγαθῶν.
2828 3003 2880 3055 οί
2911 3003 3152 3076 φορτίοις
3180 3005 3591 3076 ἁμαρτημάτων

1929 3089 2080 3164 [205]
2113 3091 2501 3164 βεϐαρημένοι,
2529 3093 2622 3146 καὶ
2653 3091 2790 3161 πρὸς
2835 3091 3046 3154 τούτοις
3077 3093 3276 3164 πολλὴν
3307 3093 3403 3162 τὴν
3435 3093 3592 3165 ρᾳθυ-

1929 3180 2059 3250 μίαν
2077 3179 2548 3251 ἐπιδεικνύμενοι;
2581 3179 2672 3251 Μὴ
2703 3179 2811 3249 γὰρ
2839 3179 3126 3251 ἀνακωχὴν
3154 3179 3266 3251 ἔχει
3291 3181 3320 3236 ό
3357 3181 3598 3252 πόλεμος

1925 3261 2111 3336 0510;;
2141 3267 2215 3340 μὴ
2265 3267 2373 3339 γάρ
2417 3267 2607 3338 καιρὸν
2665 3267 2959 3331 ἐπιθέσεως
3009 3269 3301 3340 κέκτηται;
3353 3269 3590 3324 Πάντοτε

1929 3359 2115 3428 νήφειν
2142 3358 2236 3410 καὶ
2265 3357 2625 3428 ἐγρηγορέναι
2641 3357 2740 3418 δεῖ,
2764 3357 2858 3409 καὶ
2889 3356 3154 3428 μηδέποτε
3172 3357 3230 3411 ἐν
3257 3357 3409 3428 ἀδείᾳ
3427 3353 3588 3412 εἶναι·

1926 3445 2048 3498 ἐπεὶ
2084 3443 2217 3515 μηδέ
2257 3445 2374 3498 ἐστι
2407 3443 2596 3516 καιρδς
2631 3443 2934 3515 ὡρισμένος
2965 3445 3064 3515 τῆς
3105 3443 3200 3496 τοῦ
3229 3443 3592 3516 πολεμοῦντος

1926 3532 2021 3588 καὶ
2059 3529 2476 3601 ἐπεμϐαίνοντος
2506 3541 2526 3570 ε
2563 3531 2691 3600 ἡμῖν
2721 3530 3036 3594 ἐπιθέσεως.
3081 3529 3191 3582 Ἀεὶ
3223 3531 3401 3584 τοίνυν
3427 3548 3592 3602 φρονο

1923 3619 2180 3688 τίζωμεν,
2203 3619 2286 3670 ἀεὶ
2319 3615 2670 3688 μεριμνῶμεν
2694 3616 2820 3687 περὶ
2845 3617 2944 3686 τῆς
2971 3616 3243 3687 σωτηρίας
3270 3616 3369 3686 τῆς
3395 3618 3592 3688 ἡμετέ-

1927 3723 2048 3778 ρας,
2084 3707 2169 3760 ῖνα
2201 3705 2343 3758 οὕτω
2392 3703 2705 3774 δυνηθῶμεν
2761 3705 2856 3758 καὶ
2883 3704 3038 3756 αὐτοὶ
3089 3703 3353 3758 ἀνάλωτοι
3387 3709 3588 3775 μεῖναι,

1925 3795 2019 3846 καὶ
2050 3793 2148 3856 τὰς
2182 3791 2334 3862 παρά
2383 3789 2474 3843 τοῦ
2511 3790 2768 3860 πολεμίου
2819 3791 3060 3860 μηχανὰς
3106 3791 3455 3860 διαφυγόντες
3491 3793 3590 3864 τῆς

1925 3879 2077 3952 παρὰ
2113 3877 2205 3932 τοῦ
2253 3875 2390 3930 Θεοῦ
2439 3875 2848 3948 φιλανθρωπίας
2901 3877 3240 3948 ἀξιωθῶμεν,
3289 3879 3468 3950 χάριτι
3497 3881 3590 3934 καὶ

1924 3967 2224 4037 οίκτιρμοῖς
2245 3964 2338 4018 τοῦ
2361 3962 2696 4031 Μονογενοῦς
2727 3963 2912 4026 αὑτοῦ,
2939 3963 3056 4034 μεθ’
3083 3959 3144 4018 οὗ
3167 3963 3246 4034 τῷ
3275 3967 3448 4036 Πατρὶ
3474 3967 3588 4036 ἅμα

1923 4053 2002 4122 τῷ
2033 4050 2176 4121 ἁγίῳ
2209 4049 2484 4121 Πνεύματι
2515 4049 2661 4116 δόξα,
2688 4052 2908 4123 κράτος,
2937 4051 3093 4123 τιμὴ,
3127 4051 3220 4105 νῦν
3244 4053 3338 4106 καὶ
3365 4054 3472 4116 ἀεὶ,
3495 4048 3618 4108 καῖ’

1923 4141 2002 4204 εἰς
2035 4141 2159 4202 τοὺς
2189 4138 2392 4202 αἰῶνας
2419 4137 2528 4192 τῶν
2557 4136 2787 4192 αἰώνων.
2833 4138 3024 4208 Ἀμήν.

2553 4226 2796 4279 ΟΜΙΛΙΑ
2827 4227 2956 4280 Kl".

1923 4313 2050 4370 Νῶε
2076 4314 2143 4367 δὲ
2163 4307 2302 4382 εὗρε
2331 4311 2504 4380 χάριν
2531 4313 2808 4382 ἐναντίον
2825 4315 3046 4379 Κιφίου
3071 4314 3176 4368 τοῦ
3207 4315 3375 4370 Θεοῦ.
3403 4313 3588 4374 Αὗται

1991 4385 2058 4438 δὲ
2106 4387 2166 4438 αἱ
2200 4383 2478 4454 ,γενέσεις
2520 4383 2666 4454 Νῶε,
2695 4381 2826 4436 Νῶε
2861 4385 3180 4454 κάνθρωπος
3207 4385 3452 4454 δίκαιος,
3494 4387 3586 4442 τέ-

1987 4459 2150 4526 λειυς
2183 4451 2269 4506 ὢν
2297 4453 2367 4506 ἐν
2387 4451 2462 4521 τῇ
2495 4451 2673 4522 γενεᾷ
2698 4453 2883 4508 αὑτοῦ
2905 4473 2918 4485 ·
2951 4451 3028 4520 τῷ
3058 4455 3178 4522 Θεῷ
3213 4451 3586 4526 εὐηρέάτησε

1987 4523 2134 4579 Νῶε.
2435 4543 2440 4546 ·

1990 4619 2060 4667 α’.
2089 4609 2272 4664 Εἷδετε
2301 4611 2358 4663 ἐν
2377 4611 2487 4672 τοῖς
2503 4609 2601 4680 ἤδη
2634 4609 2891 4680 ῥηθεῖσιν,
2915 4611 3036 4664 ὅσον
3053 4612 3152 4682 τῆς
3181 4613 3584 4684 φιλανθρωπίας

1918 4701 2011 4754 τοῦ
2037 4701 2172 4754 Θεοῦ
2201 4699 2261 4753 τδ
2289 4697 2536 4770 μέγεθος,
2567 4697 2660 4750 καὶ
2693 4697 2830 4766 πόση
2857 4697 3020 4750 αὐτοῦ
3049 4701 3146 4768 τῆς
3169 4699 3514 4763 ἀνεξικακίας
3549 4703 3582 4772 ή

1921 4788 2233 4860 ὑπερϐολή;
2268 4787 2437 4840 εἴδετε
2475 4785 2584 4837 τῶν
2612 4785 2734 4837 τότε
2767 4785 3067 4855 ἀνθρώπων
3112 4787 3210 4856 τῆς
3253 4787 3450 4849 κακίας
3483 4787 3582 4857 τὴν

1919 4876 2166 4928 ἐπίτασιν
2191 4890 2204 4938 ;
2228 4872 2566 4944 κατεμάθετε
2605 4873 2662 4924 ἐν
2691 4871 2839 4942 μέσῳ
2869 4871 3107 4942 τοσούτῳ
3141 4872 3333 4941 πλήθει
3353 4874 3452 4942 ὅση
3486 4873 3580 4925 τοῦ

1917 4961 2126 5014 δικαίου
2156 4961 2376 5030 γέγονεν
2414 4961 2448 5027 ἡ
2475 4958 2660 5030 ἀρετὴ,
2681 4959 2774 5010 καὶ
2793 4959 2873 5011 ὅτι
2893 4958 3041 5011 οὐδὲν
3070 4958 3230 5010 αὐτὸν
3255 4958 3576 5029 ἐλυμήνατο,

1918 5049 2039 5102 ούτε
2067 5051 2100 5118 ὴ
2133 5047 2420 5116 συμφωνία
2451 5045 2672 5098 ἐκείνων
2695 5045 2787 5096 ἐπὶ
2809 5045 2908 5114 τὴν
2941 5044 3136 5097 κακίαν
3171 5044 3430 5112 ῥέπουσα,
3455 5047 3578 5098 οὔτε

1917 5135 1978 5188 τδ
2015 5135 2171 5204 μόνον
2202 5136 2258 5185 ἐν
2293 5133 2440 5203 μέσῳ
2456 5131 2660 5183 τούτων
2697 5129 3048 5199 ἀπειλῆφθαι,
3081 5131 3170 5183 καὶ
3199 5131 3298 5202 τὴν
3329 5131 3578 5186 ἐναντίαν

1917 5223 2122 5274 ὁδεύειν
2156 5219 2308 5284 ὀδόν;
2367 5217 2632 5286 Καθάπερ
2694 5216 2800 5286 γὰρ
2851 5217 3187 5288 κυϐερνήτης
3211 5219 3430 5290 ἀριστος
3451 5223 3575 5285 τοὺς

1917 5311 2014 5379 τῆς
2043 5309 2280 5369 διανοίας
2309 5307 2499 5367 οἴακας
2531 5304 2668 5374 μετά
2705 5303 2899 5374 πολλῆς
2941 5305 3040 5374 τῆς
3069 5306 3374 5376 ἀγρυπνίας
3410 5325 3574 5377 μετα-

1916 5393 2306 5465 χειριζόμενος,
2335 5395 2434 5445 οὐκ
2461 5392 2612 5460 ἠφίει
2641 5391 3140 5464 καταϐαπτισθῆναι
3167 5393 3230 5446 τὸ
3249 5395 3454 5462 σκάφος
3471 5395 3576 5448 ὑπὸ

1914 5481 2014 5551 τῆς
2046 5480 2401 5550 σφοδρότητος
2427 5477 2536 5534 τῶν
2583 5477 2682 5548 τῆς
2721 5479 2918 5542 κακίας
2955 5481 3230 5550 κυμάτων,
3278 5481 3415 5535 ἀλλά
3437 5481 3576 5536 ἀνώα

1916 5583 2072 5637 τερος
2102 5564 2196 5618 τοῦ
2227 5563 2491 5634 χειμῶνος
2511 5561 2774 5632 γεγονὼς,
2809 5564 2903 5617 καὶ
2937 5565 3193 5633 πελάγιος
3215 5565 3473 5632 σαλεύων,
3498 5567 3576 5632 ὡς

1981 5671 2008 5709 ι.
2042 5669 2276 5734 Ἀῌφηνιῶν
2319 5679 2382 5715 ex
2424 5667 2616 5716 duobus
2647 5681 2766 5718 mss.
2793 5667 3099 5719 restituimus
3122 5689 3134 5718 :
3160 5677 3274 5720 ante
3314 5671 3576 5734 legebatur

1915 5729 2160 5796 ἀφηηρῦν-

1982 5796 2007 5856 εξ
2043 5792 2175 5848 Haec,
2203 5789 2713 5856 xaluéneuSaiyov‘toc,
2754 5794 2934 5845 desunt
2975 5796 3024 5844 in
3065 5793 3286 5856 plurimis
3313 5809 3452 5856 mss.,
3483 5794 3572 5846 sed

1929 5854 2176 5905 habentul
2210 5855 2262 5904 in
2284 5851 2480 5903 Monet
2511 5853 2622 5904 Sav.
