4038 6394
508 419 612 476 197

499 536 559 589 ἐν
582 534 757 607 λιμένι
774 535 1101 606 καθήμενος,
1124 532 1269 587 οὕτω
1289 536 1384 606 τῆς
1400 536 1601 606 ἀρετῆς
1616 537 1675 589 τὸ
1695 536 1955 606 πηδάλιον
1980 531 2173 587 ἰθύνων

499 624 657 686 ἐκτὸς
686 622 873 675 ἐαυτὸν
918 622 1218 691 κατέστησε
1246 622 1340 675 τοῦ
1374 622 1658 692 μέλλοντος
1707 622 1998 675 κλυδωνίου
2048 623 2172 683 τοὺς

498 711 638 763 κατὰ
664 710 762 779 τὴν
789 708 1111 780 οἰκουμένην
1151 709 1396 773 ἅπαντας
1436 710 1863 781 καταλήψεσθαι.
1908 708 2172 762 Τοσοῦτον

499 798 645 850 ἐστιν
692 796 859 866 ἀρετὴ
912 798 1163 868 πρᾶγμα,
1220 796 1505 858 ἀθάνατον,
1557 799 1649 849 καὶ
1701 797 2020 867 ἀχείρωτον.
2071 796 2173 848 οὐκ

496 877 642 935 εἶκον
668 885 787 946 ταῖς
806 882 900 935 τοῦ
937 884 1203 953 παρόντος
1238 883 1353 952 βίου
1382 884 1741 953 ἀνωμαλίαις,
1774 884 1888 938 ἀλλ’
1913 884 2170 954 ὑπεράνω

494 969 601 1021 τῶν
624 968 724 1040 τῆς
756 970 952 1033 κακίας
982 970 1212 1023 δικτύων
1233 972 1609 1042 ἀφιπταμένη,
1635 972 1886 1041 καθάπερ
1908 972 1999 1040 ἀφ’
2032 972 2169 1041 ὑψη-

494 1056 592 1126 λῆς
628 1074 773 1121 τινος
822 1060 1071 1123 σκοπιᾶς,
1108 1058 1279 1121 οὕτως
1313 1059 1531 1112 ἅπαντα
1585 1060 1653 1113 τά
1680 1059 1995 1131 ἀνθρώπινα
2034 1060 2170 1113 καθ-

490 1144 698 1215 ορῶσα,
736 1146 945 1209 οὐδενὸς
993 1146 1377 1200 ἐπαισθάνεται
1408 1147 1517 1200 τῶν
1550 1151 1662 1209 τοῖς
1694 1148 1873 1210 ἄλλοις
1908 1148 2167 1220 λυπηρῶν

493 1230 852 1301 φαινομένων.
902 1233 1040 1285 Ἀλλ’
1088 1233 1277 1303 ῶσπερ
1305 1235 1332 1286 6
1378 1234 1472 1286 ἐπὶ
1506 1235 1711 1305 πέτρας
1762 1235 1906 1297 τινὸς
1957 1237 2166 1306 ὑψηλῆς

491 1319 663 1383 ἐστὼς
690 1322 967 1393 καταγελᾷ
998 1322 1107 1376 τῶν
1130 1323 1413 1393 κυμάτων,
1438 1324 1657 1377 ἐπειδάν
1679 1326 1764 1396 ἴδῃ
1795 1326 1970 1379 ταῦτα
1996 1344 2165 1397 προσ-

493 1407 809 1478 ρηγνύμενα
846 1411 943 1479 μὲν
993 1412 1059 1480 τῇ
1102 1412 1300 1482 πέτρᾳ,
1351 1415 1427 1475 εἰς
1482 1413 1651 1482 ἀφρὸν
1680 1414 1736 1465 δὲ
1771 1414 1931 1475 εὐθὺς
1954 1414 2164 1466 διαλυό-

495 1511 633 1563 μενα
657 1511 671 1527 ο
712 1494 853 1548 οὓτω
883 1496 947 1566 δὴ
986 1497 1082 1550 καὶ
1114 1499 1142 1551 6
1193 1497 1289 1568 τὴν
1346 1500 1547 1569 ἀρετὴν
1580 1500 1797 1570 μετιὼν,
1840 1503 1896 1553 ἐν
1934 1502 2166 1570 ἀσφαλεῖ

492 1583 676 1653 χωρίῳ
707 1583 987 1647 καθεστὼς
1012 1585 1162 1637 οὐδὲν
1184 1586 1344 1655 ἀηδές
1371 1587 1628 1657 ὑπομένει
1650 1589 1753 1641 ὐπὸ
1771 1589 1871 1657 τῆς
1899 1590 2005 1641 τῶν
2031 1608 2164 1660 πρα-

490 1670 716 1739 γμάτων
744 1672 1006 1742 ταραχῆς,
1035 1673 1149 1725 ἀλλ’
1178 1674 1235 1725 ἐν
1257 1674 1454 1744 ἡσυχία
1474 1675 1705 1746 κάθηται
1726 1680 1792 1747 τῇ
1815 1678 1921 1730 τῶν
1947 1679 2161 1730 οἰκείων

491 1757 763 1828 λογισμῶν
791 1759 1077 1829 ἐντρυφῶν
1106 1759 1333 1831 γαλήνῃ,
1370 1762 1465 1814 καὶ
1499 1763 1715 1826 ἐννοῶν,
1770 1764 1845 1825 ὡς
1874 1765 2025 1816 οὐδὲν
2051 1766 2161 1818 τῶν

491 1846 772 1915 ποταμίων
827 1847 1113 1916 ῥευμάτων
1166 1849 1439 1920 διενήνοχε
1489 1851 1559 1904 τὰ
1596 1851 1690 1903 τοῦ
1747 1852 2012 1921 παρόντος
2044 1852 2159 1921 βίου

491 1932 787 2002 πράγματα
826 1933 964 2002 μετά
986 1937 1253 2004 τοσαύτης
1283 1937 1529 2001 εὐκολίας
1552 1939 1645 1990 καὶ
1670 1937 1848 2007 ῥύμης
1882 1939 2156 2009 παρατρέ-

488 2036 671 2088 χοντα.
710 2019 974 2090 Καθάπερ
1011 2024 1114 2093 γὰρ
1150 2024 1295 2077 ἔστιν
1337 2025 1463 2077 ἰδεῖν
1494 2026 1560 2078 τά
1596 2026 1696 2095 τῆς
1744 2027 2020 2096 θαλάσσης
2062 2028 2157 2081 κύ-

491 2123 636 2175 ματα
664 2107 756 2159 νῦν
789 2110 886 2178 μὲν
924 2112 1003 2172 εἰς
1034 2111 1165 2178 ὕψος
1200 2112 1405 2179 ἄφατον
1435 2114 1718 2184 αἰρόμενα,
1750 2115 1943 2185 ἀθρόον
1965 2116 2019 2166 δὲ
2054 2119 2157 2167 πά-

486 2192 569 2244 λιν
591 2196 986 2265 ταπεινούμενα
1006 2216 1019 2228 ·
1048 2198 1137 2252 τὸν
1165 2200 1327 2253 αὐτὸν
1354 2201 1417 2271 δὴ
1443 2201 1641 2271 τρόπον
1674 2204 1766 2255 καὶ
1799 2205 1922 2265 τοὺς
1954 2203 2156 2272 ἀρετῆς

488 2281 640 2355 [206]
671 2284 1028 2354 ἀμελοῦντας,
1056 2288 1149 2342 καί⁵
1200 2290 1298 2359 τὴν
1354 2290 1552 2345 κακίαν
1588 2293 1868 2360 μετιόντας
1915 2296 2151 2363 ὁρῶμεν,

484 2369 581 2422 νῦν
612 2370 710 2439 μὲν
742 2372 1299 2445 μεγαλοφρονοῦντας,
1328 2379 1417 2431 καὶ
1447 2380 1544 2441 τὰς
1571 2380 1741 2449 όφρῦς
1773 2380 2149 2443 άνασπῶντας,

484 2457 579 2509 καί
612 2460 827 2529 περίτά
848 2460 941 2513 τοῦ
973 2463 1237 2532 παρόντος
1270 2463 1386 2533 βίου
1431 2467 1729 2535 πράγματα
1763 2469 2149 2537 ἐπτοημένους,

482 2544 676 2614 ἀθρόον
699 2547 755 2599 δὲ
772 2550 1251 2619 ταπεινουμένους,
1284 2552 1374 2605 καὶ
1395 2554 1474 2616 εἰς
1504 2555 1736 2624 ἐσχάτην
1758 2555 2150 2624 ἐλαυνομένους

481 2634 691 2687 πενίαν.
731 2636 964 2701 Τούτους
994 2639 1101 2711 γάρ
1136 2640 1228 2693 καὶ
1253 2642 1281 2693 6
1314 2642 1581 2713 μακάριος
1616 2645 1778 2695 Δαυϊδ
1806 2646 1833 2695 ὁ
1866 2646 2150 2714 προφήτης

479 2723 847 2794 αἰνιττόμενος
898 2726 1084 2796 ἔλεγε·
1131 2728 1227 2796 Μὴ
1283 2731 1471 2798 φοϐοῦ
1516 2732 1662 2785 ὅταν
1689 2734 2007 2801 πλουτήσῃ
2042 2736 2148 2787 ἆν-

478 2820 729 2881 θρωπος,
760 2816 799 2883 ἣ
826 2816 971 2870 ὅταν
992 2818 1311 2887 πληθυνθῇ
1340 2820 1378 2887 ἠ
1412 2820 1560 2883 δόξα
1592 2822 1697 2874 τοῦ
1728 2824 1897 2874 οἴκου
1928 2822 2144 2876 αὑτοῦ·

476 2898 568 2952 ὅτι
592 2903 704 2954 οὐκ
742 2902 811 2955 ἐν
832 2902 911 2967 τῷ
928 2904 1339 2971 ἀποθνήσκειν
1352 2907 1807 2975 αὑτὸνλήψεται
1834 2908 1904 2962 τὰ
1930 2908 2143 2965 πάντα.

478 2989 581 3042 Καὶ
615 2991 793 3054 καλῶς
830 2987 971 3053 εἶπε,
996 2991 1093 3059 Μὴ
1122 2992 1330 3061 φοϐοῦ.
1367 2995 1457 3063 Μή
1497 3010 1552 3047 σε
1591 2993 1909 3065 θορυὸείτω,
1957 2998 2142 3067 φησὶν,

476 3079 510 3146 ή
545 3077 638 3131 τοῦ
687 3078 916 3132 πλούτου
959 3081 1263 3149 περιουσία,
1297 3082 1392 3134 καὶ
1423 3082 1579 3153 ήτῆς
1607 3082 1764 3146 δόξης
1796 3086 2140 3155 περιφάνεια.

479 3165 639 3235 Ὄψει
680 3166 788 3236 γάρ
817 3168 932 3235 μετ’
959 3166 1019 3218 οὐ
1050 3166 1182 3220 πολὺ
1221 3168 1395 3237 χαμαὶ
1449 3170 1717 3239 κείμενον,
1765 3171 2142 3243 ἀνενέργητον,

475 3252 686 3324 νεκρὸν,
719 3253 1070 3323 ἐρριμμένον,
1104 3254 1401 3325 σκωλήκων
1439 3257 1757 3327 γιγνόμενον
1788 3260 2012 3330 τροφὴν,
2044 3279 2142 3329 γυο

478 3338 608 3405 μνὸν
628 3337 831 3391 τούτων
857 3339 1114 3392 ἀπάντων
1144 3342 1483 3411 γιγνόμενον,
1530 3344 1623 3395 καὶ
1669 3344 1819 3397 οὐδὲν
1858 3346 1994 3408 ὅλως
2022 3347 2141 3417 μεθ’

473 3425 665 3478 ἐαυτοῦ
694 3426 1011 3494 ἀπενεγκεῖν
1042 3428 1353 3499 δυνηθέντα,
1381 3430 1496 3483 ἀλλ’
1520 3430 1753 3485 ἐνταῦθα
1787 3433 2001 3487 ἅπαντα
2038 3452 2141 3487 κα·-

472 3512 787 3568 ταλιπόντα.
816 3515 905 3584 Μὴ
925 3514 1101 3568 τοίνυν
1130 3517 1197 3569 τὰ
1226 3517 1468 3587 παρόντα
1502 3517 1624 3570 ἰδὼν
1651 3520 1983 3593 ἀγωνιάσῃς,
2006 3524 2141 3594 μηδὲ

476 3600 786 3672 μακαρίσῃς
818 3600 907 3653 τὸν
959 3602 1099 3668 μετὰ
1128 3602 1333 3674 βραχὺν
1385 3605 1572 3674 χρόνον
1606 3607 1664 3658 ἐν
1704 3608 1911 3679 ἐρημία
1936 3610 2140 3664 τούτων

475 3687 733 3757 μέλλοντα
770 3688 1032 3756 γίνεσθαι.
1071 3690 1323 3743 Τοιοῦτον
1354 3692 1463 3761 γάρ
1501 3694 1533 3763 ή
1570 3695 1819 3765 παροῦσα
1845 3697 2135 3768 εὐημερία,

470 3775 563 3828 καὶ
594 3777 625 3846 ή
654 3775 748 3827 τοῦ
777 3776 1005 3829 πλούτου
1038 3777 1197 3845 φύσις
1222 3795 1236 3808 '
1267 3779 1327 3831 οὐ
1366 3782 1735 3853 συναποδημεῑ
1750 3785 1860 3847 τοῖς
1890 3786 2138 3841 ἐντεῦθεν

473 3862 907 3932 μεθισταμένοις,
936 3865 1049 3917 ἀλλ’
1080 3866 1308 3919 ἐνταῦθα
1338 3867 1508 3938 αὐτὴν
1540 3869 1758 3924 ἃπασαν
1811 3874 2137 3929 καταλιπόν-

466 3967 578 4013 τες,
606 3952 801 4021 γυμνοί
826 3953 918 4004 καὶ
948 3952 1141 4023 ἔρημοι
1173 3953 1385 4017 ἀπίασι,
1422 3956 1587 4025 μόνην
1622 3956 1717 4027 τὴν
1759 3959 1956 4012 κακίαν
1984 3979 2137 4031 περι-

467 4038 810 4108 ϐεδλημένοι,
845 4039 935 4092 καὶ
967 4039 1035 4091 τά
1056 4042 1117 4091 ἐκ
1140 4040 1341 4111 ταύτης
1372 4042 1556 4105 αὐτοῖς
1598 4044 1923 4113 συλλεγέντα
1953 4049 2129 4119 ἀμαρ-

467 4128 725 4194 τημάτων
778 4126 996 4197 φορτία.
1046 4128 1167 4179 Ἐπὶ
1193 4127 1249 4179 δὲ
1274 4128 1375 4197 τῆς
1426 4130 1627 4199 ἀρετῆς
1656 4133 1895 4186 τοιοῦτον
1946 4137 2131 4189 οὐδέν·

465 4213 601 4267 ἀλλά
630 4215 722 4267 καὶ
753 4214 985 4267 ἐνταῦθα
1024 4216 1325 4287 ἀνωτέρους
1370 4218 1477 4269 τῶν
1514 4219 1969 4276 ἐπιϐουλευόντων
1999 4226 2133 4277 καθ-

469 4299 668 4370 ίστησι,
689 4301 782 4353 καὶ
814 4300 1120 4365 άναλώτους
1152 4302 1464 4373 ἐργάζεται,
1500 4307 1594 4359 καὶ
1627 4306 1848 4378 διηνεκῆ
1883 4311 1979 4380 τὴν
2015 4313 2134 4382 ήεο-

464 4388 561 4459 νὴν
590 4388 892 4458 χαρίζεται,
921 4391 1013 4442 καὶ
1041 4391 1139 4442 οὐκ
1168 4392 1360 4461 ἀφίησι
1391 4394 1485 4463 τῆς
1502 4394 1607 4447 τῶν
1632 4398 1969 4466 πραγμάτων
1993 4401 2133 4452 ἀνω-

468 4476 664 4547 μαλίας
684 4475 934 4546 αἴσθησιν
960 4476 1162 4541 λαϐεῖν,
1198 4479 1290 4531 καὶ
1324 4480 1571 4533 ἐντεῦθεν
1601 4483 1938 4555 ἀποδημοῦσι
1991 4505 2129 4557 συμ-

466 4563 805 4634 μεθίσταται,
841 4564 935 4614 καὶ
972 4564 1092 4615 τότε
1126 4565 1386 4631 μάλιστα,
1431 4570 1518 4620 ὅτε
1559 4571 1830 4641 χρῄζομεν
1867 4574 1964 4643 τῆς
1998 4578 2128 4647 παρ’

461 4653 628 4721 αὐτῆς
664 4651 998 4721 συμμαχίας,
1052 4653 1146 4705 καί
1206 4654 1346 4707 κατά
1378 4655 1474 4726 τὴν
1504 4659 1717 4729 ἡμέραν
1767 4663 1982 4731 ἐκείνην
2030 4664 2129 4735 τὴν

459 4740 697 4812 φοόεραν
748 4739 948 4809 πολλὴν
994 4741 1125 4809 ἡμῖν
1158 4742 1385 4811 παρέχει
1443 4745 1540 4814 τὴν
1602 4746 1872 4817 βοήθειαν,
1923 4753 2129 4823 ἥμερον

461 4830 593 4897 ήμῖν
625 4826 937 4879 καθιστῶσα
989 4828 1082 4878 τοῦ
1115 4827 1368 4882 δικαστοῦ
1400 4830 1460 4883 τὸ
1494 4832 1679 4902 ὄμμα⁹
1732 4840 1825 4889 καὶ
1876 4840 2126 4913 καθάπερ

458 4914 689 4967 ἐνταῦθα
718 4914 999 4983 παρόντων
1020 4913 1128 4966 τῶν
1154 4915 1343 4969 δεινῶν
1367 4918 1670 4990 ἀνωτέρους
1699 4925 1989 4996 καθίστησι
2016 4929 2124 4981 τῶν

456 5000 665 5061 δεινῶν,
705 5000 845 5052 οὕτω
877 5000 969 5052 καί
997 5002 1054 5053 ἐν
1080 5001 1156 5071 τῷ
1182 5002 1427 5072 μέλλοντι
1472 5006 1768 5077 ἐξαρπάζει
1799 5014 1921 5075 τοὺς
1954 5016 2125 5081 αὐτὴν

458 5087 889 5157 ἐπιφερομένους
914 5088 1022 5141 τῶν
1055 5089 1427 5161 κολαστηρίων
1462 5095 1706 5150 ἐκείνων.
1740 5097 1842 5151 Καὶ
1875 5101 1935 5153 οὐ
1966 5103 2123 5157 τοῦτο

458 5175 638 5246 μόνον,
668 5174 782 5227 ἀλλ’
814 5174 895 5227 ἐτι
920 5177 1014 5228 καὶ
1038 5177 1137 5246 τῆς
1158 5177 1267 5230 τῶν
1294 5180 1621 5251 ἀπορρήτων
1646 5186 1865 5251 ἀγαθῶν
1884 5189 2123 5243 ἀπολαύ-

455 5281 595 5323 σεως
616 5261 870 5333 πρόξενος
904 5266 1033 5333 ήμῖν
1060 5266 1288 5333 γίνεται.
1331 5270 1439 5321 Καὶ
1463 5269 1549 5323 ἴνα
1581 5272 1779 5343 μάθῃς,
1829 5275 1910 5328 ὅτι
1948 5278 2120 5333 ταῦτα

453 5350 624 5411 οὓτως
654 5351 786 5419 ἔχει,
842 5351 937 5403 καὶ
986 5354 1083 5423 οὐχ
1137 5355 1323 5413 ἁπλῶς
1375 5356 1467 5409 καὶ
1500 5359 1620 5429 εἰκῆ
1665 5362 2119 5431 ψυχαγωγοῦντες

453 5436 596 5507 ὑμᾶς
625 5438 831 5502 τούτοις
854 5440 1170 5511 κεχρήμεθα
1202 5445 1314 5506 τοίς
1344 5445 1604 5515 ῥήμασιν,
1636 5448 1701 5499 ἐκ
1732 5450 1839 5501 τῶν
1868 5449 1962 5503 νῦν
1990 5470 2119 5523 προ-

451 5524 716 5593 κειμένων
748 5526 917 5591 δεῖξαι
959 5528 1290 5613 πειράσομαι
1328 5534 1393 5602 τῇ
1428 5533 1672 5606 ὑμετέρα
1722 5536 1930 5611 ἀγάπῃ.
1974 5540 2117 5613 Ὅρα

449 5611 558 5681 γάρ
584 5613 700 5674 πῶς
732 5613 761 5664 6
790 5614 1090 5685 θαυμάσιος
1137 5610 1309 5683 οὗτος,
1350 5621 1378 5672 6
1427 5621 1551 5674 Νῶε
1585 5622 1746 5690 λέγω,
1788 5610 1986 5691 παντὸς
2020 5610 2113 5684 τοῦ

444 5699 554 5751 τῶν
587 5700 887 5771 ἀνθρώπων
930 5704 1118 5771 γένους
1146 5707 1225 5768 εἰς
1274 5707 1369 5778 τὴν
1399 5713 1519 5762 κατ’
1542 5711 1721 5764 αὐτῶν
1745 5714 2113 5786 ἀγανάκτησιν

445 5786 885 5858 ἐ›.καλεσαμένου
930 5792 1020 5843 τὸν
1071 5794 1449 5865 φιλάνθρωπον
1505 5801 1800 5871 Δεσπότην,
1840 5797 1993 5868 οὗτος
2025 5806 2111 5861 διὰ

441 5875 539 5942 τῆς
573 5876 778 5939 οἰκείας
802 5878 1035 5950 ἡδυνήθη
1060 5884 1258 5954 ἀρετῆς
1294 5889 1383 5938 καὶ
1425 5889 1521 5957 τῆς
1554 5892 1980 5964 ἀγανακτήσεως
2012 5897 2108 5968 τὴν

441 5964 641 6030 πεῖραν
668 5963 971 6031 διαφυγεῖν,
1020 5971 1111 6021 καὶ
1153 5972 1358 6039 πολλὴεο
1381 5976 1475 6043 τὴν
1506 5978 1631 6047 παρ’
1684 5963 1848 6033 αὐτοῦ
1898 5963 2106 6036 εὔνοιαν

440 6048 859 6118 ἐφελκύσασθαι.
892 6052 995 6107 Καὶ
1023 6059 1064 6107 εξ
1096 6057 1296 6127 βούλει,
1333 6061 1460 6125 τέως
1486 6066 1610 6134 περὶ
1637 6066 1737 6119 τῶν
1770 6070 1824 6122 ὲν
1861 6069 1935 6139 τῷ
1966 6088 2103 6141 παρ-

1302 420 1359 474 S.
1400 418 1685 475 JOANNlS
1728 414 2221 473 CHRYSOSTOMI
2269 414 2585 471 ARCIIIEI‘.
2628 412 3168 470 CONSTANTINOP.
3794 418 3919 472 198

2277 530 2393 583 όντι
2426 532 2525 602 βίῳ
2549 531 2935 602 διαλεχθῶμεν.
2967 533 3123 591 Ἴσως
3147 530 3252 603 γάρ
3274 547 3415 592 τινες
3438 532 3549 593 τοῖς
3581 532 3823 601 μέλλουσι
3840 545 3923 590 καί

2282 618 2355 688 μὴ
2384 620 2681 689 ὁρωμένοις
2711 617 3103 677 διαπιστοῦσιν.
3144 616 3369 685 Ἰδωμεν
3398 618 3576 670 τοίνυν
3608 619 3672 671 ἐκ
3715 620 3819 671 τῶν
3849 626 3925 674 ἐν-

2277 703 2449 758 ταῦθα
2470 705 2792 774 γινομένων,
2827 704 2947 756 τίνα
2980 704 3075 770 μὲν
3096 704 3219 764 τοὺς
3253 704 3387 773 πρὸς
3415 703 3510 773 τὴν
3558 708 3754 757 κακίαν
3784 710 3925 760 αὐτο-

2278 791 2617 861 μολήσαντας
2654 791 2944 857 διεδέξατο,
2979 792 3137 844 τίνων
3175 791 3231 843 δὲ
3258 791 3286 842 6
3334 791 3429 861 τὴν
3460 793 3657 862 ἀρετήν
3691 795 3923 862 ἐλόμενος

2278 879 2501 949 ἠξιώθη.
2544 879 2757 948 Ἐπειδὴ
2789 880 2897 951 γάρ
2917 879 3005 931 διὰ
3022 879 3118 949 τὴν
3152 879 3351 951 πολλὴν
3378 884 3475 950 τῆς
3523 883 3720 944 κακίας
3752 884 3921 936 ἐπίτα-

2278 984 2363 1019 σιν
2402 968 2720 1038 ἀπεφήνατο
2750 969 2776 1019 6
2809 967 3011 1036 ἀγαθὸς
3059 968 3190 1031 Θεὸς
3247 968 3588 1038 πανωλεθρία
3621 969 3681 1021 τὸ
3715 971 3816 1023 τῶν
3842 974 3923 1023 ἀν-

2275 1054 2507 1123 θρώπων
2565 1056 2720 1124 γένος
2780 1056 3181 1119 καταδικάσειν,
3221 1053 3409 1119 εἰπὼν,
3461 1057 3787 1125 Ἀπιιλείψιω
3832 1062 3921 1111 τὸν

2272 1142 2604 1211 ἄνθρωπον,
2634 1144 2706 1196 ὃν
2729 1145 3008 1209 ἐποίησα,
3047 1143 3166 1197 ἀπὸ
3200 1142 3523 1211 προσώπου
3552 1143 3661 1209 τῆς
3692 1145 3815 1213 γῆς,
3841 1151 3921 1201 καὶ

2270 1225 2482 1291 δεικνὺς
2509 1230 2606 1300 τῆς
2629 1232 3051 1299 ἀγανακτήσεως
3072 1230 3233 1282 αὐτοῦ
3252 1230 3348 1300 τὴν
3367 1231 3689 1302 ὑπερϐολὴν,
3716 1234 3774 1284 οὐ
3797 1237 3920 1287 κατά

2268 1314 2361 1367 τοῦ
2394 1318 2500 1369 τῶν
2530 1316 2835 1388 ἀνθρώπων
2868 1318 3057 1384 γένους
3092 1318 3251 1387 μόνον
3282 1319 3380 1388 τὴν
3418 1319 3689 1385 ἀπόφασιν
3724 1321 3919 1390 ἐξήνεγ-

2270 1421 2386 1467 κεν,
2415 1404 2551 1457 ἀλλά
2582 1406 2674 1458 καὶ
2701 1405 2841 1457 κατά
2872 1406 3086 1458 πάντων
3109 1406 3217 1458 τῶν
3244 1406 3477 1473 κτηνῶν,
3512 1408 3604 1459 καί
3638 1408 3743 1460 τῶν
3774 1412 3919 1478 ἑρπε-

2266 1494 2395 1555 τῶν,
2434 1494 2527 1546 καὶ
2576 1493 2684 1545 τῶν
2730 1495 2991 1547 πετεινῶν
3018 1512 3031 1524 ’
3083 1495 3189 1546 τῶν
3234 1495 3341 1565 γὰρ
3392 1496 3715 1566 ἀνθρώπων,
3754 1499 3919 1561 διὀὐς

2266 1580 2433 1632 ταῦτα
2473 1581 2751 1651 παρήχθη,
2780 1581 3112 1634 ἀπόλλυσθαι
3140 1582 3289 1652 [207]
3327 1582 3649 1651 μελλόντων,
3684 1585 3775 1637 καὶ
3804 1586 3919 1637 ὐπο-

2265 1668 2501 1738 ϐρυχίων
2552 1670 2814 1736 γίνεσθαι,
2879 1670 3104 1731 εἰκότως
3140 1669 3232 1722 καὶ
3284 1669 3456 1723 ταῦτα
3512 1671 3613 1738 τῆς
3672 1673 3919 1743 τιμωρίας

2264 1755 2703 1824 συναπήλαυσεν·
2738 1757 2921 1827 ἐπειδὴ
2960 1754 3053 1811 οὖν
3090 1760 3121 1828 ἡ
3156 1758 3426 1825 ἀπόφασις
3455 1760 3705 1829 ἀόριστος
3726 1756 3809 1830 ἦν,
3837 1764 3917 1813 καὶ

2261 1844 2517 1912 οὐδεμίαν
2555 1845 2751 1913 ἔχουσα
2781 1847 3065 1915 διαίρεσιν,
3104 1848 3191 1899 ἵνα
3230 1847 3407 1918 μάθῃς
3450 1848 3510 1901 τὸ
3542 1848 3917 1918 ἀπροσωπόλη-

2261 1946 2393 1982 πτον
2420 1931 2515 1983 τοῦ
2545 1931 2703 1994 Θεοῦ,
2734 1935 2826 1986 καὶ
2859 1936 2938 1985 ὅτι
2986 1937 3105 1997 ταῖς
3158 1934 3407 2004 καρδίαις
3460 1938 3582 1997 ταῖς
3638 1936 3915 2005 ἡμετέραις

2261 2018 2576 2086 ἐμϐατεύων
2597 2020 2786 2073 οὐδένα
2812 2023 3064 2091 περιορᾷ,
3094 2022 3229 2075 ἀλλὰ
3258 2022 3357 2076 κᾶν
3388 2024 3591 2093 μικράν
3620 2041 3738 2077 τινα
3764 2024 3915 2093 ἀφορ-

2263 2104 2368 2174 μὴν
2396 2104 2532 2178 εὐρῃ
2568 2110 2696 2177 παρ’
2745 2108 2901 2177 ήμῶν
2928 2109 3343 2180 εἰσφερομένην,
3376 2110 3583 2179 ἄφατον
3616 2112 3777 2165 αὐτοῦ
3808 2114 3913 2164 ἐπι-

2257 2198 2529 2251 δείκνυται
2570 2198 2667 2268 τὴν
2699 2200 3131 2269 φιλανθρωπίαν,
3190 2202 3416 2273 φησίνή
3468 2202 3681 2273 Γραφὴ,
3742 2203 3822 2255 ἵνα
3847 2204 3909 2272 μὴ

2257 2286 2566 2356 νομίσωμεν
2625 2289 2707 2340 ὅτι
2746 2289 3015 2359 παντελὴς
3070 2290 3375 2359 ἀφανισμός
3423 2290 3633 2358 γίνεται
3689 2290 3778 2343 τοῦ
3816 2290 3910 2341 τῶν

2255 2370 2351 2424 ἀνθ
2363 2372 2558 2443 ρώπων
2579 2375 2787 2443 γένους,
2812 2376 2947 2429 άλλά
2978 2378 3216 2446 γνῶμεν,
3246 2379 3325 2429 ὅτι
3354 2378 3441 2430 διά
3470 2379 3571 2447 τὴν
3602 2378 3800 2431 οἰκείαν
3823 2379 3907 2430 αὐ-

2256 2460 2348 2513 τοῦ
2382 2461 2695 2532 ἀγαθότητα
2727 2464 2919 2532 ἀφίησι
2948 2464 3221 2535 σπινθῆρά
3250 2482 3370 2517 τινα
3396 2465 3689 2531 σώζεσθαι,
3718 2466 3805 2518 καὶ
3841 2465 3909 2534 ρί-

2255 2546 2353 2610 ζαν
2383 2548 2459 2616 τῷ
2484 2548 2591 2602 τῶν
2623 2549 2925 2621 ἀνθρώπων
2956 2552 3135 2619 γένει,
3176 2551 3316 2604 ὥστε
3355 2552 3513 2605 πάλιν
3554 2555 3636 2615 εἰς
3688 2554 3907 2623 μακροὺς

2253 2636 2548 2704 ἐκταθῆναι
2572 2637 2798 2702 κλάδους
2825 2656 2837 2667 ·
2865 2638 2993 2692 Νῶε
3023 2639 3111 2704 δὲ,
3152 2642 3335 2709 φησὶν,
3380 2636 3517 2709 εὗρε
3556 2641 3732 2710 χάριν
3760 2641 3907 2693 ἐναν-

2253 2721 2380 2773 τίον
2405 2724 2507 2775 τοῦ
2547 2723 2712 2777 Θεοῦ.

2357 2814 2388 2859 ’.
2423 2809 2622 2861 Σκόπει
2645 2810 2741 2878 τῆς
2770 2810 2991 2882 Γραφῆς
3015 2811 3111 2881 τὴν
3136 2812 3437 2883 ἀκρίόειαν,
3485 2816 3634 2879 ὅπως
3662 2814 3777 2867 οὐδὲ
3818 2817 3901 2881 τὴν

2250 2895 2515 2964 τυχοῦσαν
2542 2896 2810 2967 συλλαϐὴν
2836 2898 2981 2951 ἐστιν
3004 2900 3378 2969 εὐρεῖνάπλῶς
3397 2902 3679 2973 κειμένην.
3706 2902 3901 2971 Ἐπειδὴ

2250 2986 2358 3055 γὰρ
2383 2986 2618 3052 ἐδίδαξεν
2652 2988 2797 3057 ἡμᾶς
2823 2988 2919 3058 τὴν
2970 2989 3069 3041 ὑπε
3082 2989 3273 3060 ρϐολὴν
3296 2991 3394 3059 τῆς
3444 2991 3645 3054 κακίας
3694 2991 3793 3043 τῶν
3819 2993 3900 3044 ἀνι

2250 3072 2503 3143 θρώπων,
2532 3074 2627 3127 καὶ
2647 3074 2747 3143 τῆς
2779 3076 3046 3146 τιμωρίας
3090 3077 3149 3129 τὸ
3193 3077 3420 3146 μέγεθος
3472 3080 3576 3148 τῆς
3626 3078 3899 3149 μελλούσης

2247 3165 2548 3234 ἐπάγεσθαι
2575 3168 2686 3229 τοῖς
2720 3166 2924 3236 ταύτης
2953 3168 3230 3237 ἐργάταις,
3261 3169 3501 3222 διδάσκει
3525 3172 3674 3241 ἡμᾶς
3701 3170 3790 3224 καί
3819 3170 3895 3222 τδι

2247 3253 2305 3306 ἐν
2332 3252 2572 3324 τοσούτῳ
2600 3254 2792 3324 πλήθει
2814 3254 3110 3325 δυνηθέντα
3152 3257 3249 3327 τὴν
3287 3258 3487 3329 ἀρετὴν
3520 3259 3774 3327 ἀκέραιον
3797 3259 3899 3311 δια-

2249 3345 2439 3400 σῶσαι.
2479 3348 2633 3400 Ἐστι
2667 3347 2766 3415 μὲν
2789 3347 2896 3418 γάρ
2922 3350 3014 3400 καὶ
3045 3348 3166 3402 καθ’
3205 3350 3404 3420 ἐαυτὴν
3440 3352 3471 3419 ἡ
3501 3351 3673 3420 ἀρετὴ
3706 3349 3897 3418 θαυμα-

2247 3436 2365 3506 στή.
2396 3436 2564 3488 Ὅταν
2611 3436 2667 3488 δὲ
2704 3436 2797 3488 καὶ
2840 3436 2899 3487 ἐν
2936 3437 3084 3505 μέσῳ
3113 3435 3221 3488 τῶν
3261 3436 3579 3490 κωλυόντων
3633 3438 3896 3506 τυγχάνων

2244 3539 2327 3583 τις
2354 3520 2559 3591 ταύτην
2595 3522 2775 3591 μετίῃ,
2813 3521 2991 3589 πολλῷ
3028 3520 3226 3591 μᾶλλον
3270 3522 3719 3593 θαυμαστοτέραν
3745 3523 3894 3589 αὐτὴν

2242 3608 2548 3678 ἀποφαίνει.
2588 3609 2685 3661 Διά
2719 3609 2876 3661 τοῦτο
2905 3608 3093 3680 ῶσπερ
3122 3607 3473 3679 θαυμάζουσα
3503 3610 3597 3662 τὸν
3644 3609 3837 3662 δίκαιον
3866 3610 3893 3677 ή

2244 3697 2366 3751 θεία
2394 3699 2583 3769 Γραφή
2632 3716 2815 3769 φησιν,
2851 3700 2931 3751 ὅτι
2988 3696 3189 3768 μεταξὺ
3236 3698 3343 3750 τῶν
3385 3698 3657 3751 τοσούτων
3686 3698 3770 3751 διὰ
3809 3698 3894 3765 τὴν

2243 3786 2442 3838 κακίαν
2498 3785 2796 3856 μελλόντων
2832 3787 3255 3855 ἀγανακτήσεως
3315 3785 3631 3857 πειρᾶσθαι,
3680 3784 3803 3839 Νῶε
3835 3785 3892 3835 δὲ

2241 3869 2379 3940 εὗρε
2408 3874 2582 3942 χάριν
2600 3874 2877 3927 ἐναντίον
2902 3875 3119 3942 Κυρίου
3156 3874 3263 3927 τοῦ
3319 3872 3482 3927 Θεοῦ.
3520 3870 3678 3941 Εὗρε
3714 3873 3889 3942 χάριν,

2242 3961 2353 4014 ἀλλ’
2396 3962 2699 4015 Ἐνιιιντίον
2747 3963 2853 4016 τοῦ
2909 3962 3084 4016 Θεοῦ·
3111 3964 3209 4031 οὺχ
3250 3962 3457 4024 ἀπλῶῧ
3512 3959 3671 4030 Εὗρε
3714 3962 3888 4029 zd’mr’

2242 4048 2379 4113 ἀλλ’,
2431 4051 2743 4103 Ἐναντίον
2796 4050 3012 4116 Κυρίου
3059 4050 3165 4103 τοῦ
3196 4049 3373 4103 Θεοῦ’
3421 4050 3506 4101 ἵνα
3540 4051 3687 4119 ἡμᾶς
3726 4047 3889 4116 διδάξῃ

2239 4137 2319 4188 ὃτι
2343 4136 2436 4189 ἕνα
2457 4136 2644 4189 τοῦτον
2665 4132 2774 4206 εἶχε
2794 4137 2883 4189 τὸν
2917 4137 3137 4200 σκοπὸν,
3166 4137 3307 4190 ὥστε
3331 4137 3420 4189 τὸν
3450 4137 3747 4206 ἀκοίμητον
3762 4138 3888 4188 ἐκεῖ·

2240 4241 2328 4276 νον
2353 4224 2630 4294 ὀφθαλμὸν
2658 4224 2945 4295 ἐπαινέτην
2962 4224 3124 4294 ἔχειν,
3150 4225 3243 4278 καὶ
3266 4225 3437 4286 οὐδεὶς
3461 4225 3609 4295 αὐτῴ
3636 4225 3786 4291 λόγος
3804 4224 3888 4289 τῆς

2238 4309 2345 4362 τῶν
2368 4309 2670 4381 ἀνθρώπων
2694 4310 2871 4381 δόξης,
2894 4311 3013 4363 οὐδὲ
3032 4311 3131 4380 τῆς
3153 4312 3395 4381 ἀτιμίας,
3422 4312 3515 4364 καὶ
3538 4312 3630 4364 τοῦ
3654 4311 3884 4379 γέλωτος.

2239 4397 2396 4461 Εἰκὸς
2418 4398 2525 4468 γὰρ
2560 4398 2722 4450 αὐτὸν
2752 4398 3079 4461 ἀπεναντίας
3110 4400 3281 4451 ἆπασι
3305 4398 3403 4469 τὴν
3436 4399 3637 4468 ἀρετὴν
3665 4397 3885 4467 μετιέναι

2240 4484 2559 4554 βουλόμενον
2619 4485 2814 4556 πολλὴν
2854 4486 3145 4553 ὑπομένειν
3177 4486 3278 4557 τὴν
3311 4486 3508 4556 χλεύην
3558 4486 3649 4539 καὶ
3686 4486 3769 4538 τὸν
3803 4484 3883 4551 γέ-

2236 4562 2398 4625 λωτα,
2442 4566 2656 4618 πάντων
2680 4564 2787 4616 τῶν
2810 4566 2906 4631 τὴν
2937 4566 3136 4617 κακίαν
3169 4565 3461 4631 μετιόντων
3510 4564 3774 4617 εἰωθότων
3808 4564 3883 4615 ἀεὶ

2234 4642 2600 4695 ἐπισκώπτειν
2627 4644 2751 4705 τοὺς
2784 4642 2986 4711 ταύτην
3013 4643 3232 4711 φεύγειν
3255 4643 3632 4713 βουλομένους,
3659 4646 3748 4697 καί
3772 4644 3881 4713 ἀρεο

2231 4719 2330 4789 τήν
2360 4722 2735 4792 αἱρουμένους,
2790 4723 2923 4793 ὅπερ
2956 4724 3049 4775 καὶ
3090 4723 3181 4775 νῦν
3216 4723 3476 4787 πολλάκις
3519 4724 3743 4791 γίνεται.
3786 4723 3875 4776 Καῑ

2232 4800 2460 4863 πολλοὺς
2488 4801 2597 4852 τῶν
2630 4801 2890 4871 ῥᾳθύμων
2914 4802 3128 4871 ὁρῶμεν
3169 4802 3243 4873 μὴ
3277 4802 3540 4874 φέροντας
3572 4805 3661 4857 τὸν
3689 4804 3879 4871 γέλωτα

2232 4880 2327 4931 καὶ
2374 4879 2471 4950 τὴν
2501 4880 2814 4948 χλευασίαν,
2858 4880 2993 4933 ἀλλά
3026 4883 3408 4951 προτιμῶντας
3458 4886 3556 4953 τὴν
3589 4885 3736 4954 παρά
3783 4882 3878 4935 τῶν

2229 4961 2529 5033 ἀνθρώπων
2554 4960 2706 5023 δόξαν
2738 4961 2836 5030 τῆς
2867 4961 3097 5030 ἀληθοῦς
3126 4962 3217 5015 καὶ
3254 4963 3340 5015 ἀεὶ
3374 4964 3658 5033 μενούσης,
3693 4964 3875 5015 ὑποσυ-

2234 5043 2490 5112 ρομένους
2526 5043 2615 5093 καὶ
2643 5042 3211 5111 συγκατασπωμένους
3232 5047 3297 5114 τῇ
3321 5043 3430 5097 τῶν
3460 5045 3659 5115 ἐτέρων
3690 5041 3874 5111 ἀνθρώ-

2229 5139 2346 5173 πων
2377 5121 2565 5191 κακίᾳ.
2598 5121 2790 5190 Ψυχῆς
2817 5120 2922 5191 γάρ
2973 5123 3087 5172 ἐστι
3133 5122 3385 5189 γενναίας
3438 5126 3531 5176 καὶ
3579 5122 3785 5194 στερρῷ
3807 5118 3873 5188 τῷ

2230 5203 2531 5270 φρονήματι
2560 5217 2728 5269 κεχρη
2739 5200 2905 5269 μένης
2923 5200 2989 5265 το
3007 5199 3296 5272 δυνηθῆναι
3318 5202 3590 5271 ἀντισχεῖν
3616 5205 3748 5273 πρὸς
3764 5202 3872 5263 τοὺς

2225 5278 2500 5349 διασύρειν
2530 5277 2905 5347 βουλομένους,
2938 5279 3033 5332 καὶ
3066 5280 3138 5351 μὴ
3174 5281 3311 5352 πρὸς
3340 5283 3631 5351 ἀρέσκειαν
3653 5281 3755 5333 τῶν
3788 5280 3871 5333 άν-

2226 5358 2461 5430 θρώπων
2516 5375 2568 5410 τι
2610 5358 3057 5429 διαπράττεσθαι,
3099 5362 3234 5415 ἀλλὰ
3282 5364 3416 5433 πρὸς
3456 5365 3547 5417 τὸν
3595 5365 3871 5434 ἀκοίμητον

2224 5438 2429 5490 ἐκεῖνον
2458 5436 2731 5507 ὀφθαλμὸν
2760 5438 2955 5491 τείνειν
2987 5440 3047 5492 τὸ
3067 5442 3241 5511 ὄμμα,
3270 5445 3362 5496 καὶ
3391 5444 3490 5514 τὴν
3530 5446 3659 5515 παρ’
3681 5444 3867 5495 ἐκείνου

2224 5517 2499 5588 εὐφημίαν
2537 5516 2694 5585 μόνον
2717 5517 3026 5587 ἀναμένειν,
3080 5520 3406 5575 καὶτούτων
3450 5525 3735 5593 ὐπερορᾷν,
3786 5520 3866 5573 καί

2226 5597 2389 5665 μηδὲν
2416 5595 2663 5666 ἡγεῖσθαι
2692 5597 2870 5649 αὐτῶν
2894 5598 2982 5650 τὸν
3009 5599 3244 5661 ἔπαινον,
3274 5604 3408 5672 μήτε
3434 5602 3523 5655 τὸν
3545 5602 3725 5671 ψόγον,
3748 5600 3865 5653 ἀλλά

2160 5704 2165 5707 ν
2222 5675 2471 5744 καθάπερ
2501 5675 2657 5738 σκιάς
2688 5677 2778 5727 καὶ
2810 5676 3060 5747 ὀνείρατα
3089 5681 3474 5750 παρατρέχειν.
3516 5682 3620 5733 Καὶ
3652 5679 3863 5732 ἐνταῦθα

2224 5754 2322 5823 μὲν
2351 5755 2532 5806 πολλοί
2562 5756 2819 5818 πολλάκις
2848 5755 2945 5826 τὴν
2967 5757 3121 5827 ὓϐριν
3145 5759 3204 5810 οὐ
3232 5760 3485 5828 φέροντες
3508 5762 3634 5813 δέκα
3656 5760 3687 5829 ἢ
3707 5760 3859 5809 εἴκοσι

2220 5833 2539 5903 ἀνθρώπων,
2574 5836 2606 5905 ἦ
2642 5837 2737 5887 καὶ
2770 5836 3085 5899 ἐλαττόνων,
3119 5840 3582 5910 ὐπεσκελίσθησαν
3629 5840 3715 5891 καὶ
3745 5854 3859 5888 κατ-

2218 5914 2432 5969 έπεσον.
2468 5917 2637 5967 Ἐστι
2671 5917 2777 5984 γὰρ
2798 5920 3059 5985 αἰσχύνη
3082 5919 3392 5988 ἐπάγουσα
3423 5921 3720 5989 ἁμαρτίαν.
3740 5916 3855 5978 Οὐδὲ

2218 5993 2322 6061 γὰρ
2353 5992 2411 6045 τὸ
2438 5995 2594 6063 τυχόν
2621 5997 2767 6048 ἐστιν
2806 5997 3077 6068 ὑπεριδεῖν
3102 6000 3208 6053 τῶν
3237 6002 3613 6066 ὀνειδιζόντων,
3658 5998 3744 6050 καὶ
3766 6013 3850 6046 x1-

2217 6073 2586 6145 ταγελώντων,
2635 6080 2725 6132 καὶ
2766 6080 3043 6149 κωμῳδεῖν
3094 6081 3461 6154 βουλομένων·
3514 6080 3624 6136 ἀλλ’
3651 6075 3790 6151 [208]
3826 6076 3851 6128 6
