4038 6394
215 424 317 482 197

215 536 318 588 lum
346 531 627 602 dirigebat,
655 539 710 584 et
734 544 765 583 a
787 526 991 583 diluvio
1017 538 1204 580 omnes
1228 523 1373 578 orbis
1406 520 1606 574 incolas
1630 517 1790 572 deva—

216 635 421 677 staturo
461 637 522 676 se
551 620 829 692 eripiebat.
859 617 1032 673 Tanta
1080 629 1166 670 res
1210 622 1294 669 est
1316 612 1504 675 virtus,
1550 618 1658 664 tam
1697 606 1796 660 itu-

216 712 480 775 nmrtalis,
530 721 638 765 tam
678 710 900 773 invicta,
946 716 1051 760 tam
1083 703 1216 758 nihil
1257 702 1454 757 cedens
1493 700 1648 767 hujus
1675 697 1796 750 vitae

217 801 567 857 varietatibus
593 817 606 852 :
637 799 734 853 sed
774 813 936 867 super
974 795 1188 851 malitia:
1217 794 1346 848 retia
1375 793 1614 852 volitans,
1645 787 1794 858 quasi

214 908 246 945 e
268 892 485 946 sublimi
511 890 727 958 specula
749 888 998 958 quadam,
1043 887 1121 940 sic
1146 884 1322 939 omnia
1352 883 1577 936 humana
1615 878 1797 947 despi-

215 983 304 1044 cit,
337 981 470 1034 nihil
496 979 638 1049 quod
667 979 786 1032 aliis
816 979 1098 1032 molestum
1141 976 1211 1029 sit
1235 973 1418 1028 sentit.
1449 973 1552 1028 Sed
1588 972 1725 1025 sicut
1753 972 1796 1024 is

217 1073 301 1142 qui
332 1086 501 1139 super
537 1070 807 1125 excelsam
851 1079 1052 1137 petram
1103 1075 1228 1131 stat,
1258 1065 1452 1119 ﬂuctus
1478 1063 1633 1126 ridet,
1663 1075 1796 1132 quos

218 1163 355 1216 videt
384 1163 455 1216 ad
483 1175 686 1231 petram
722 1175 912 1228 magno
940 1159 1140 1228 impetu
1165 1157 1441 1228 disrumpi,
1465 1171 1527 1209 ac
1558 1155 1798 1224 protinus

219 1253 266 1307 in
303 1267 553 1320 spumam
595 1252 730 1304 solvi
765 1269 776 1304 :
809 1252 880 1303 ita
911 1258 964 1303 et
1005 1251 1095 1318 qui
1141 1247 1325 1302 virtuti
1354 1248 1443 1302 dat
1485 1259 1700 1314 Operam
1743 1244 1797 1297 in

219 1360 406 1400 securo
437 1345 760 1399 constitutus
800 1344 938 1407 loco,
992 1341 1123 1395 nihil
1166 1341 1382 1394 insuave
1419 1339 1519 1392 fert
1566 1353 1595 1390 a
1636 1339 1798 1390 rebus

219 1437 560 1500 turbulentis,
588 1435 681 1490 sed
719 1434 1031 1504 tranquiilus
1073 1433 1250 1486 animo
1295 1441 1349 1486 et
1389 1430 1598 1500 quietus
1625 1427 1796 1495 sedet,

219 1527 571 1597 intelligitque
609 1539 695 1580 res
721 1525 880 1592 hujus
909 1523 1029 1578 vitae
1053 1523 1184 1577 nihil
1217 1521 1432 1576 differre
1465 1520 1532 1574 ab
1561 1519 1797 1573 amnium

217 1616 451 1679 fluentis,
478 1625 665 1685 utpote
693 1630 812 1685 qua:
835 1625 937 1668 tam
960 1613 1146 1683 rapido
1166 1628 1324 1667 cursu
1349 1619 1634 1666 transeant.
1666 1609 1798 1663 Nam

218 1710 351 1764 sicut
377 1709 565 1764 videre
591 1709 714 1763 licet
742 1708 904 1761 maris
920 1707 1113 1761 ﬂuctus
1142 1721 1284 1759 nunc
1312 1703 1524 1769 quidem
1555 1703 1606 1756 in
1633 1701 1798 1754 altum

220 1800 425 1868 extolli,
459 1815 582 1854 mox
610 1807 789 1852 autem
816 1797 1044 1867 deprimi
1070 1816 1083 1852 :
1108 1797 1180 1850 ita
1218 1807 1272 1851 et
1309 1795 1551 1849 videmus
1589 1807 1684 1848 eos
1710 1806 1796 1861 qui

223 1890 474 1944 virtutem
503 1897 872 1953 contemnunt,
903 1897 954 1942 et
983 1887 1230 1957 nequitize
1248 1887 1375 1940 dant
1399 1900 1637 1955 operam,
1658 1898 1800 1937 nunc

217 1981 432 2052 quidem
457 1981 685 2036 sublime
712 1995 920 2050 sapere,
961 1989 1013 2032 et
1033 1976 1312 2047 supercilia
1338 1977 1613 2042 extollere,
1643 1983 1800 2044 atque

219 2071 374 2140 hujus
404 2071 528 2124 vitae
567 2069 712 2124 curis
755 2071 991 2122 intentos
1021 2083 1161 2135 esse,
1209 2068 1384 2122 subito
1412 2075 1587 2122 autem
1619 2065 1796 2134 dejici,

217 2169 270 2215 et
293 2160 360 2214 ad
391 2169 694 2214 extremam
723 2159 908 2214 venire
954 2158 1208 2228 inopiam.
1250 2156 1396 2224 Quos
1424 2157 1608 2212 beatus
1635 2155 1798 2210 David

218 2250 580 2315 Inhindicans,
624 2249 835 2304 dicebat
867 2266 881 2303 :
915 2247 998 2302 Ne
1043 2248 1266 2302 timueris
1298 2265 1412 2301 cum
1455 2247 1588 2300 dives
1632 2250 1800 2316 factus

220 2341 371 2410 fuerit
398 2340 574 2405 homo,
615 2339 696 2394 vel
739 2355 855 2392 cum
895 2337 1229 2408 multiplicata
1253 2339 1402 2407 fuerit
1428 2338 1592 2408 gloria
1621 2338 1801 2392 domus

219 2433 326 2499 ejus
345 2447 364 2484 :
390 2431 510 2501 quia
549 2447 664 2484 cum
697 2430 939 2484 interierit
969 2447 1070 2483 non
1097 2440 1258 2484 sumet
1302 2430 1472 2483 omnia
1501 2427 1675 2500 (Psal.
1706 2429 1796 2484 48.

221 2523 332 2592 17).
374 2523 446 2577 Et
487 2523 624 2577 bene
668 2522 822 2589 dixit,
863 2521 948 2576 Ne
984 2522 1231 2576 timueris.
1282 2520 1362 2576 Na
1403 2529 1455 2577 te
1495 2522 1800 2588 conturbet,

219 2610 398 2666 dicere
428 2613 562 2680 vult,
585 2612 764 2666 divitis
779 2611 1100 2666 abundantia
1120 2619 1175 2665 et
1200 2611 1380 2681 gloriae
1408 2611 1679 2681 splendor.
1714 2611 1803 2668 Vi-

219 2701 372 2757 debis
400 2703 544 2756 enim
595 2717 701 2756 non
733 2701 902 2757 ntulto
930 2711 1050 2771 post
1077 2702 1222 2756 humi
1246 2701 1533 2772 jacentem,
1573 2710 1628 2758 et
1667 2704 1799 2758 nihil

219 2793 432 2862 operari
481 2793 779 2860 valentem,
835 2801 1102 2848 mortuum
1150 2794 1376 2848 cadaver
1435 2794 1700 2850 vermibus
1751 2796 1802 2850 in

220 2886 368 2940 cibos
394 2885 686 2956 objectum,
729 2883 1038 2958 nudumque
1078 2885 1163 2942 his
1191 2886 1438 2941 omnibus
1464 2886 1684 2951 factum,
1712 2887 1802 2957 qui

221 2976 353 3031 nihil
381 2978 574 3032 horum
613 2979 834 3032 omnino
860 2992 1042 3032 secum
1068 2977 1280 3034 auferre
1309 2978 1558 3049 potuerit,
1592 2977 1687 3032 sed
1716 2977 1804 3032 hic

220 3068 398 3122 omnia
443 3068 740 3138 reliquerit.
782 3066 860 3124 Ne
897 3068 1056 3138 igitur
1094 3068 1282 3123 anxius
1319 3069 1394 3124 sis
1439 3083 1558 3124 cum
1607 3068 1804 3124 videris

223 3159 505 3229 praesentia
537 3174 552 3212 :
582 3174 755 3229 neque
798 3159 1014 3213 beatum
1051 3159 1200 3213 dicas
1227 3174 1348 3214 eum
1378 3161 1466 3231 qui
1495 3167 1615 3230 post
1643 3161 1803 3215 breve

222 3261 435 3322 tempus
461 3252 529 3308 ab
571 3252 656 3307 his
684 3251 933 3307 omnibus
962 3251 1300 3307 destituetur.
1345 3253 1616 3323 Ejusmodi
1659 3253 1801 3307 enim

222 3352 306 3398 est
327 3359 562 3413 praesens
586 3344 826 3411 felicitas,
851 3355 903 3399 et
929 3345 1227 3400 divitiarum
1258 3356 1462 3412 natura,
1492 3353 1676 3400 utnon
1701 3363 1802 3401 una

224 3436 614 3504 commigrent,
676 3451 798 3490 cum
845 3435 970 3492 hinc
1018 3437 1176 3492 fuerit
1229 3437 1550 3490 abeundum.
1604 3437 1804 3492 Divites

224 3533 366 3584 enim
399 3529 484 3584 his
510 3529 758 3583 omnibus
783 3529 1004 3594 relictis,
1037 3530 1163 3584 nudi
1189 3530 1313 3585 hinc
1340 3529 1654 3596 abscedunt,
1693 3542 1806 3584 tan-

230 3629 344 3674 tum
365 3620 569 3674 malitia
603 3621 800 3684 vestiti,
830 3629 884 3675 et
909 3631 1245 3690 peccatorum
1271 3622 1523 3676 oneribus
1548 3622 1671 3678 inde
1696 3622 1806 3677 col-

225 3711 399 3766 lectis.
442 3713 512 3764 At
541 3711 697 3781 longe
729 3725 883 3765 secus
922 3711 1081 3766 habet
1110 3714 1294 3778 virtus,
1323 3729 1442 3782 quae
1483 3713 1569 3767 hic
1596 3728 1806 3784 quoque

231 3803 561 3873 potentiores
590 3801 1024 3869 insidiatoribus,
1071 3811 1125 3856 et
1168 3802 1325 3872 plane
1367 3803 1590 3859 invictos
1634 3803 1806 3860 reddit

225 3907 376 3958 suos,
402 3893 815 3963 continuamque
836 3893 1038 3964 praabet
1057 3895 1402 3962 voluptatem,
1431 3905 1482 3949 et
1515 3911 1582 3950 ne
1606 3897 1805 3952 sentire

225 3986 443 4056 quidem
488 3986 614 4040 sinit
645 4001 823 4041 rerum
870 3987 1090 4041 istarum
1135 3987 1544 4057 inmqualitatem
1574 4007 1587 4043 :
1615 3987 1710 4043 sed
1751 3997 1805 4043 et

230 4075 359 4130 hinc
377 4076 769 4146 emigrantibus
798 4077 1047 4131 comitem
1076 4093 1136 4132 se
1169 4077 1334 4141 addit,
1363 4087 1417 4133 et
1453 4087 1574 4132 tunc
1602 4079 1808 4148 potissi-

227 4183 397 4234 mum,
424 4183 544 4222 cum
569 4169 684 4236 ejus
712 4168 947 4223 subsidio
972 4182 1210 4237 egemus,
1240 4169 1292 4222 in
1313 4169 1503 4239 dieque
1531 4169 1620 4223 illo
1648 4170 1805 4224 terri-

230 4256 320 4310 bili
362 4271 611 4328 magnum
657 4257 809 4312 nobis
846 4265 1058 4325 praestat
1102 4257 1379 4323 auxilium,
1413 4259 1624 4327 placans
1654 4258 1807 4314 nobis

230 4345 432 4400 Judicis
459 4347 667 4400 oculum
694 4364 708 4400 :
736 4357 788 4401 et
817 4347 954 4401 sicut
984 4346 1068 4401 hic
1093 4349 1158 4401 ab
1186 4348 1551 4416 ingruentibus
1581 4349 1808 4404 infortu-

232 4438 357 4499 niis,
403 4438 475 4490 ita
523 4446 578 4493 et
624 4438 675 4490 in
717 4438 892 4492 futuro
935 4454 994 4493 se
1035 4439 1275 4493 colentes
1316 4454 1346 4492 a
1391 4441 1669 4494 tormentis
1708 4441 1810 4494 illis

228 4527 410 4596 eripit.
435 4526 620 4597 Neque
652 4530 751 4582 hoc
780 4531 950 4583 solum
978 4529 1105 4598 agit,
1142 4529 1236 4584 sed
1272 4540 1326 4584 et
1349 4529 1629 4585 ineﬂ‘abilia
1655 4531 1810 4585 nobis

231 4617 394 4679 boaa,
432 4618 622 4686 quibus
652 4617 904 4685 fruamur,
936 4620 1202 4673 conciliat.
1240 4619 1306 4673 Et
1333 4628 1389 4673 ut
1413 4620 1552 4675 scias
1587 4620 1701 4675 haec
1737 4622 1810 4676 ita

229 4723 350 4762 sese
388 4707 606 4773 habere,
634 4724 804 4778 neque
834 4724 931 4764 nos
960 4711 1012 4764 in
1041 4725 1233 4764 vanum
1263 4719 1317 4765 et
1349 4709 1541 4766 frustra
1568 4712 1635 4766 ad
1661 4712 1809 4766 blan-

231 4796 487 4853 diendum
529 4797 613 4852 his
661 4799 838 4854 verbis
883 4801 955 4854 uti
983 4801 1234 4856 :tentabo
1288 4817 1430 4856 nunc
1465 4817 1536 4856 ex
1574 4804 1655 4858 his
1693 4819 1812 4873 quae

235 4891 506 4960 proposita
558 4900 683 4946 sunt
732 4893 942 4946 caritati
990 4903 1179 4947 vestrae
1224 4891 1276 4947 id
1329 4893 1632 4949 ostendere.
1682 4895 1814 4950 Vide

230 4983 379 5037 enim
417 4983 688 5052 quomodo
727 4983 1071 5039 admirandus
1100 4985 1191 5040 ille
1220 4985 1320 5052 vir,
1365 4985 1478 5042 Noe
1505 4988 1645 5052 dico,
1695 4989 1813 5042 uni-

231 5087 392 5128 verso
423 5073 695 5126 hominum
717 5089 911 5144 genere
937 5075 1189 5131 adversus
1214 5077 1558 5148 semetipsum
1583 5081 1818 5136 clemen-

235 5165 367 5222 tiam
396 5163 604 5219 Domini
628 5164 695 5218 ad
722 5165 1046 5222 iracundiam
1071 5180 1392 5237 provocante
1416 5187 1429 5222 :
1449 5172 1555 5238 ille,
1578 5174 1810 5242 inquam,

231 5257 384 5311 solus
425 5271 522 5311 sua
563 5257 759 5311 virtute
805 5261 972 5328 potuit
1014 5269 1068 5314 et
1111 5261 1483 5332 indignationis
1525 5266 1814 5333 periculum

235 5347 497 5418 eﬂugere,
531 5356 588 5402 et
633 5363 875 5418 magnam
921 5350 1012 5405 Dei
1041 5351 1464 5408 benevolentiam
1507 5356 1607 5410 sibi
1633 5359 1814 5412 conci-

243 5438 397 5492 liare.
421 5439 521 5504 Ac,
549 5437 593 5490 si
623 5439 814 5506 placet,
842 5441 1122 5510 loquamur
1150 5443 1218 5498 de
1254 5445 1318 5498 iis
1342 5461 1461 5514 quae
1487 5446 1538 5499 in
1571 5449 1816 5516 praesenti

241 5530 352 5584 vita
390 5529 660 5584 eveniunt.
706 5531 844 5586 Sunt
884 5533 1027 5588 enim
1057 5533 1299 5590 fortassis
1345 5538 1503 5609 aliqui
1534 5536 1725 5596 futuris
1764 5553 1818 5598 et

234 5618 605 5676 invisibilibus
635 5636 821 5691 parum
861 5625 1161 5680 credentes.
1212 5626 1497 5684 Videamus
1536 5630 1712 5703 itaque
1752 5651 1818 5690 ex

238 5708 308 5763 iis
336 5723 456 5778 quae
482 5709 570 5761 hic
594 5712 866 5777 eveniunt,
898 5713 1069 5792 qualia
1092 5716 1404 5786 contingunt
1435 5719 1498 5772 iis
1517 5722 1604 5787 qui
1635 5726 1820 5793 nequi-

235 5799 326 5854 tiae
357 5813 417 5855 se
445 5797 664 5871 dedunt,
694 5811 748 5860 et
767 5805 940 5875 qualia
973 5809 1162 5880 accipit
1188 5810 1231 5866 is
1256 5811 1345 5881 qui
1375 5813 1620 5870 virtutem
1649 5829 1816 5875 secta-

1222 411 1286 468 IN
1323 410 1472 466 CAP.
1518 407 1602 462 Vl.
1632 401 1875 461 GENES.
1919 400 2146 457 IIOMIL.
2188 403 2374 460 XXIII.

3382 419 3483 478 £93

1912 523 2013 568 tur.
2057 514 2338 585 Postquam
2380 517 2520 571 enim
2558 516 2726 573 bonus
2770 521 2908 577 Dens
2949 524 3018 578 ob
3057 525 3241 598 ingens
3266 534 3484 590 malitia:

1900 618 2240 676 augmentum
2287 610 2603 664 sententiam
2651 614 2766 666 tulit
2805 631 2927 671 esse
2982 617 3270 676 humanum
3314 640 3482 694 genus

1900 698 2189 751 universali
2231 699 2462 768 pernicie
2494 703 2838 771 puniendum,
2868 717 2921 760 et
2949 708 3086 763 dixit
3114 729 3126 764 :
3161 711 3348 768 Delebo
3388 720 3482 771 Ito-

1902 787 2086 840 minem
2110 805 2254 855 quem
2283 791 2399 859 feci,
2423 807 2456 843 a
2477 793 2604 858 facie
2629 803 2773 848 terra:
2796 813 2814 850 :
2834 808 2888 850 ct
2918 809 3218 858 monstrans
3242 806 3481 876 indigna-

1903 877 2060 932 tionis
2114 893 2224 933 su:c
2278 881 2734 950 magnitudinem,
2792 903 2896 940 non
2947 901 3128 945 contra
3187 895 3474 953 humanum

1902 967 2178 1022 dumtaxat
2218 985 2384 1039 genus
2427 974 2748 1028 sententiam
2793 979 3031 1046 protulit,
3078 983 3173 1038 sed
3202 993 3260 1040 et
3293 1001 3480 1045 contra

1901 1059 2078 1113 omnia
2104 1059 2364 1128 jumenta,
2414 1072 2469 1117 et
2507 1065 2733 1132 reptilia,
2780 1076 2833 1121 et
2876 1070 3106 1125 Volatilia
3137 1091 3149 1126 :
3179 1091 3298 1130 cum
3339 1082 3479 1135 enim

1901 1149 2122 1239 perituri
2154 1162 2206 1204 et
2229 1151 2601 1222 submergendi
2631 1155 2873 1213 homines
2892 1172 3090 1229 essent,
3117 1178 3328 1235 propter
3347 1186 3482 1239 quos

1905 1236 2022 1291 haec
2059 1237 2197 1292 facta
2241 1250 2384 1304 sunt,
2408 1243 2527 1309 jure
2570 1259 2634 1298 ac
2688 1249 2880 1300 merito
2919 1251 3007 1305 illa
3052 1269 3262 1324 quoque
3305 1236 3478 1328 pinnae

1899 1329 2171 1382 consortio
2205 1331 2350 1398 paria
2385 1331 2570 1388 fuere:
2606 1335 2762 1403 igitur
2803 1352 2924 1392 cum
2953 1345 3215 1400 sententia
3247 1351 3479 1405 nondum

1902 1419 2161 1488 pra-finita
2201 1431 2364 1487 esset,
2419 1440 2522 1493 qua
2562 1426 2653 1480 alii
2705 1428 2772 1483 ab
2811 1430 2930 1486 aliis
2970 1447 3395 1506 secernerentur,
3427 1455 3482 1498 ut

1901 1509 2076 1564 discas
2100 1526 2256 1580 quam
2285 1529 2391 1567 non
2418 1515 2486 1568 sit
2525 1531 2870 1585 personarum
2901 1535 3150 1593 acceptor
3188 1527 3348 1597 Deus,
3389 1534 3484 1588 sed

1902 1599 1956 1653 in
1982 1600 2141 1654 corda
2167 1614 2347 1656 nostra
2380 1603 2682 1673 ingrediens
2707 1608 2912 1664 nullum
2935 1613 3211 1685 despiciat,
3242 1631 3295 1675 et
3322 1624 3364 1676 si
3399 1626 3483 1681 vel

1909 1705 2126 1759 parvam
2153 1693 2436 1761 quamdam
2463 1698 2796 1753 occasionem
2832 1717 2929 1756 nos
2954 1705 3255 1776 efferamus,
3296 1713 3482 1769 ineffa-

1904 1781 2062 1836 bilem
2088 1799 2238 1837 suam
2270 1784 2506 1840 declaret
2525 1788 2964 1860 misericordiam,
2996 1797 3163 1868 inquit
3189 1801 3480 1874 Scriptura,

1905 1881 2070 1966 utne
2102 1883 2268 1928 totum
2309 1890 2481 1945 genus
2526 1877 2815 1936 humanum
2857 1885 3172 1944 abolendum
3215 1905 3482 1966 putemus,

1900 1963 1996 2018 sed
2026 1965 2276 2032 sciamus,
2324 1967 2495 2037 ipsum
2537 1985 2631 2040 per
2669 1988 2819 2028 suam
2850 1975 3139 2036 bonitatem
3183 1963 3485 2059 relinquere

1900 2057 2186 2112 scintillam
2233 2068 2288 2114 et
2331 2060 2564 2116 radicem
2608 2067 2889 2134 quamdam
2930 2072 3148 2140 salvam,
3198 2087 3255 2132 ut
3289 2057 3478 2139 iterant

1907 2149 2194 2206 humanum
2223 2169 2390 2223 genus
2419 2154 2472 2208 in
2516 2171 2766 2225 proceros
2795 2164 3006 2218 extendi
3051 2170 3219 2236 possit
3262 2188 3437 2230 ramos
3465 2193 3479 2230 :

1904 2242 2040 2312 Noe,
2070 2244 2260 2315 inquit,
2292 2247 2479 2301 invenit
2506 2251 2722 2319 gratiam
2746 2268 2916 2308 coram
2941 2256 3065 2313 Deo.

1972 2335 2025 2389 2.
2073 2337 2200 2431 Vide
2228 2336 2516 2409 Scriptura:
2541 2341 2892 2414 diligentiam,
2924 2353 3192 2419 quomodo
3222 2371 3291 2413 ne
3315 2361 3476 2431 sylla-

1903 2425 2024 2480 bam
2045 2428 2257 2498 quidem
2281 2446 2438 2484 unam
2463 2433 2704 2490 inutilem
2726 2439 3012 2496 contineat.
3044 2444 3175 2501 Nam
3205 2425 3482 2522 postquam

1903 2533 2002 2573 nos
2032 2521 2212 2613 docuit
2255 2525 2567 2592 gravitatem
2609 2531 2858 2598 nequitia:
2895 2530 3192 2606 hominum,
3233 2552 3286 2598 et
3311 2521 3483 2613 poena:

1907 2612 2326 2684 magnitudinem
2375 2615 2632 2687 improbis
2674 2620 3038 2691 inferendam,
3087 2630 3282 2688 indicat
3317 2612 3483 2694 nobis

1907 2719 2030 2758 eum
2056 2705 2146 2774 qui
2184 2704 2236 2758 in
2267 2715 2410 2760 tanta
2444 2709 2780 2767 multitudine
2811 2720 3038 2783 potuerit
3077 2723 3337 2780 sinceram
3367 2744 3484 2784 ser-

1907 2810 2031 2850 vare
2072 2796 2342 2851 virtutem.
2389 2797 2487 2854 Est
2523 2800 2666 2855 enint
2702 2804 2866 2860 virtus
2915 2809 3076 2864 etiam
3119 2827 3213 2881 per
3253 2818 3480 2888 seipsam

1905 2885 2250 2942 admirabilis.
2279 2887 2430 2956 Quod
2472 2890 2518 2945 si
2559 2893 2680 2962 quis
2707 2895 2847 2951 illam
2890 2901 2943 2955 in
2981 2904 3160 2959 medio
3197 2885 3484 2977 prohiben-

1908 2980 2037 3033 tium
2082 2979 2255 3048 colat,
2308 2982 2478 3038 multo
2529 2987 2975 3048 admirabiliorem
3021 2997 3188 3065 ipsam
3227 3007 3480 3064 ostendit.

1909 3072 2198 3164 Propterea
2232 3073 2410 3128 divina
2440 3074 2712 3146 Scriptura
2755 3085 2903 3150 quasi
2929 3086 3240 3146 admirando
3282 3095 3482 3164 justum

1906 3163 2034 3219 dicit
2057 3165 2123 3220 de
2153 3166 2265 3234 illo,
2296 3168 2346 3221 in
2369 3168 2546 3224 medio
2575 3170 2788 3228 illorum
2818 3178 2905 3246 qui
2944 3163 3362 3252 indignationem
3390 3191 3486 3249 Dei

1906 3257 2180 3324 esperturi
2219 3269 2374 3314 erant
2407 3272 2672 3330 versante,
2707 3264 2823 3322 Noe
2855 3280 3021 3325 autent
3065 3279 3249 3332 invenit
3271 3285 3486 3351 gratiam

1913 3364 2084 3402 coram
2114 3349 2330 3404 Domino
2350 3350 2476 3406 Deo.
2503 3352 2704 3410 Invenit
2727 3361 2964 3430 gratiam,
2987 3367 3098 3432 sed,
3129 3349 3308 3426 Coram
3334 3373 3441 3431 Deo
3467 3394 3486 3434 :

1919 3456 2025 3494 non
2057 3442 2390 3512 simpliciter,
2420 3443 2621 3501 Invenit
2651 3452 2886 3520 gratiam,
2915 3456 3030 3523 sed,
3061 3460 3243 3516 Coram
3270 3464 3486 3524 Domino

1912 3532 2018 3586 Deo
2047 3542 2141 3586 :ut
2166 3547 2265 3587 nos
2313 3533 2521 3602 doceat,
2552 3537 2722 3606 ipsum
2750 3558 2911 3598 unum
2949 3546 3197 3606 habuisse
3240 3569 3482 3627 scopum,
3525 3529 3532 3536 ἡ

1909 3635 1969 3678 ut
2002 3625 2070 3720 ab
2109 3624 2392 3720 illoc-culo
2421 3626 2746 3696 laudaretur,
2781 3636 2867 3704 qui
2894 3636 3183 3696 dormitare
3210 3624 3482 3720 sopiriqne

1911 3717 2115 3781 nescit,
2155 3715 2390 3784 nihilque
2442 3721 2712 3778 curavisse
2768 3724 3051 3784 humanam
3102 3735 3348 3804 gloriam,
3393 3715 3487 3798 vel

1911 3808 2274 3877 ignominiam,
2298 3812 2379 3866 vel
2410 3813 2728 3868 irrisionem.
2749 3816 3050 3876 Ve‘risimile
3075 3825 3214 3879 enim
3237 3839 3319 3883 est
3337 3847 3482 3900 eum,

1910 3916 2030 3954 cum
2063 3914 2256 3971 praeter
2281 3919 2483 3961 morem
2515 3906 2750 3962 omnium
2781 3908 3030 3968 virtutem
3071 3917 3292 3987 coleret,
3323 3920 3488 3981 fuisse

1912 3993 2292 4049 subsannatum
2329 4006 2383 4051 et
2410 3998 2626 4077 irrisqm
2668 4001 2736 4056 ab
2778 4004 3026 4060 omnibus
3067 4012 3358 4080 nequitiam
3400 4034 3485 4074 se-

1911 4088 2197 4154 ctantibus,
2227 4089 2315 4158 qui
2334 4101 2721 4147 consueverant
2750 4109 2844 4149 eos
2869 4099 2960 4166 qui
2988 4099 3128 4154 illam
3158 4106 3406 4173 vitarent,
3433 4121 3488 4166 et

1915 4179 2159 4234 virtutem
2202 4182 2658 4251 amplexarentur,
2706 4186 2969 4256 irridere;
3009 4192 3061 4247 id
3089 4198 3228 4262 quod
3257 4211 3311 4254 et
3348 4219 3489 4260 nunc

1913 4283 2055 4340 sazpe
2099 4270 2212 4326 ﬁeri
2254 4273 2411 4328 solet.
2444 4273 2801 4347 Videmusque
2829 4296 3019 4352 segnes
3049 4289 3244 4345 multos
3270 4295 3361 4362 qui
3407 4298 3489 4350 ri-

1913 4377 2030 4415 sum
2065 4371 2119 4417 et
2159 4363 2624 4421 subsannationem
2664 4367 2806 4426 ferre
2844 4386 3133 4443 nequeunt,
3169 4383 3262 4436 sed
3297 4389 3487 4452 praefe-

1914 4462 2040 4508 runt
2065 4453 2350 4510 humanam
2377 4457 2599 4526 gloriam
2628 4475 2768 4515 verae
2811 4470 2866 4516 et
2890 4464 3195 4537 immortali,
3237 4475 3490 4534 abstracti

1915 4552 1970 4598 et
1996 4543 2170 4599 allecti
2199 4547 2267 4601 ab
2295 4547 2519 4602 aliorum
2551 4548 2825 4605 hominum
2869 4557 3086 4612 malitia.
3114 4563 3319 4620 Animae
3342 4570 3487 4625 enim

1916 4636 2066 4690 fortis
2091 4647 2143 4691 et
2174 4640 2468 4693 constantis
2514 4650 2616 4708 est,
2659 4656 2816 4710 posse
2839 4645 3098 4703 obsistere
3130 4651 3194 4706 iis
3217 4656 3306 4724 qui
3340 4661 3489 4714 avelo

1917 4727 2025 4782 lere
2051 4727 2362 4794 moliuntur,
2393 4738 2446 4784 et
2475 4730 2601 4784 nihil
2624 4729 2800 4788 facere
2828 4746 2886 4790 ut
2913 4736 3216 4799 hominibus
3238 4745 3448 4814 placeat
3473 4769 3486 4804 :

1917 4817 2009 4872 sed
2034 4819 2244 4874 oculum
2274 4834 2427 4874 suum
2467 4821 2742 4878 intendere
2769 4825 2837 4879 ad
2865 4826 3014 4884 illum
3047 4829 3335 4904 insopitum
3361 4854 3492 4896 ocu-

1919 4911 2047 4977 lum,
2079 4919 2134 4967 et
2160 4911 2229 4966 ab
2256 4927 2320 4967 eo
2349 4912 2523 4968 solum
2557 4914 2780 4984 gloriam
2805 4929 3137 4991 exspectare,
3160 4927 3490 5002 istorumque

1916 5002 2136 5072 gloriam
2180 5002 2474 5072 despicere,
2519 5005 2817 5077 nulliusque
2861 5009 2950 5078 pili
2989 5011 3165 5070 facere
3205 5016 3490 5078 humanam

1919 5090 2128 5146 laudem
2155 5092 2234 5146 vel
2264 5094 2526 5160 convicia,
2553 5094 2650 5150 sed
2677 5110 2740 5150 ea
2767 5101 3172 5166 praetermittere
3193 5115 3251 5161 ut
3277 5111 3492 5169 umbras

1918 5193 1974 5236 et
2012 5184 2240 5237 somnia.
2262 5183 2379 5239 .Iam
2409 5185 2496 5240 hic
2537 5200 2680 5257 sa‘pe
2705 5189 2854 5243 multi
2883 5205 2988 5246 non
3020 5191 3251 5252 ferentes
3273 5199 3493 5270 injurias

1918 5271 2103 5326 decem
2143 5282 2235 5326 aut
2272 5274 2458 5344 viginti
2501 5274 2799 5346 hominum,
2843 5279 2929 5334 vel
2971 5284 3130 5339 etiam
3162 5291 3490 5362 pauciorum,

1919 5364 2238 5433 supplantati
2263 5373 2465 5420 suntet
2491 5379 2827 5422 corruerunt.
2855 5369 2947 5425 Est
2979 5374 3112 5428 enim
3135 5383 3368 5450 confusio
3395 5400 3492 5438 au-
3565 5402 3590 5450 ,ε

1919 5473 2035 5509 cens
2075 5457 2129 5508 in
2167 5466 2425 5526 peccatum
2452 5457 2639 5524 (Eccli.
2681 5459 2737 5514 4.
2775 5458 2890 5529 25).
2934 5461 3117 5534 Neque
3155 5483 3372 5536 parvum
3412 5483 3493 5531 est

1920 5545 2198 5615 despicere
2219 5546 2505 5602 irridentes
2531 5558 2584 5602 et
2608 5551 2992 5618 exprobrantes
3019 5565 3072 5609 et
3099 5557 3298 5615 salibus
3325 5564 3495 5619 inces-

1921 5649 2148 5693 sentes:
2180 5650 2234 5692 at
2271 5639 2448 5707 justus
2485 5640 2574 5697 ille
2624 5657 2732 5696 non
2779 5644 2902 5699 talis
2951 5657 3084 5701 erat.
3127 5649 3310 5722 Neque
3351 5659 3492 5714 enim

1925 5739 2128 5785 tantum
2157 5729 2342 5785 decem
2373 5738 2428 5786 et
2470 5732 2653 5799 viginti
2681 5742 2736 5788 et
2763 5745 2974 5790 centum
3006 5737 3268 5810 homines,
3310 5749 3401 5800 sed
3441 5759 3492 5806 et

1923 5838 2136 5880 omnem
2170 5821 2440 5879 hominum
2465 5835 2726 5894 naturam,
2755 5838 2807 5882 et
2831 5837 2908 5883 tot
2935 5832 3199 5902 myriadas
3224 5835 3488 5909 despexit.
