4038 6394
541 430 641 482 199

541 536 843 595 Verisimile
867 534 1009 591 enim
1042 541 1123 587 est
1153 544 1340 584 omnes
1385 528 1504 582 illos
1558 526 1761 589 risisse,
1794 522 2115 585 traduxisse,

538 628 971 688 subsannavisse,
1013 620 1368 677 debacchatus
1405 633 1546 683 esse,
1590 632 1652 670 ac
1678 615 1815 668 forte
1850 615 2029 675 etiam,
2074 613 2117 667 si

542 720 791 791 possibile
834 715 1041 778 fuisset,
1092 712 1384 767 dilacerare
1414 709 1665 761 voluisse.
1708 705 1930 773 Semper
1972 706 2117 757 enim

541 820 724 866 contra
772 810 1020 861 virtutem
1068 802 1261 858 insanit
1315 801 1559 855 malitia:
1592 799 1734 866 atqui
1784 813 1889 850 non
1945 796 2118 848 solum

543 903 670 957 nihil
699 902 769 954 illi
812 906 989 961 nocet,
1036 892 1127 949 sed
1169 902 1223 947 et
1264 889 1563 945 infestando
1606 888 1878 942 fortiorem
1927 884 2118 938 reddit.

542 994 772 1048 Tantum
797 990 940 1043 enim
981 985 1191 1039 virtutis
1219 993 1301 1037 est
1328 982 1509 1045 robur,
1547 989 1600 1034 ut
1633 977 1882 1047 patiendo
1908 984 2122 1045 superet

504 1088 512 1093 ’
543 1102 636 1139 eos
664 1084 753 1154 qui
781 1082 1047 1149 negotium
1096 1078 1194 1131 sihi
1234 1076 1453 1135 faciant,
1504 1082 1558 1127 et
1596 1087 1715 1125 eum
1760 1070 2120 1137 impugnatur,

546 1177 784 1230 hostibus
815 1174 904 1227 ﬁat
930 1171 1216 1241 potentior.
1254 1170 1422 1236 Atque
1471 1165 1521 1218 id
1574 1165 1624 1217 in
1654 1163 1833 1216 multis
1860 1162 2119 1213 videmus.

543 1270 807 1323 Cancrum
837 1273 892 1317 ut
930 1264 1076 1315 vobis
1106 1259 1418 1315 occasiones
1442 1257 1772 1324 praebeamus
1799 1272 1811 1307 :
1844 1252 1923 1305 Da
1952 1253 2119 1317 enim,

546 1360 736 1430 inquit,
770 1356 982 1425 sapienti
1011 1353 1340 1413 occasionem,
1373 1364 1418 1404 et
1444 1349 1719 1417 sapientior
1746 1349 1835 1400 en‘t
1868 1345 2045 1415 (Prov.
2068 1344 2122 1399 9.

545 1452 640 1523 9):
673 1465 849 1518 opera:
896 1447 1121 1515 pretium
1166 1443 1321 1496 fuerit
1361 1451 1413 1493 ct
1452 1458 1515 1495 ex
1565 1439 1758 1503 Veteri,
1802 1453 1852 1491 et
1883 1454 1949 1491 ex
1979 1436 2126 1491 Novo

547 1544 890 1598 Testamento
930 1536 1216 1604 Scriptura:
1258 1534 1407 1586 vobis
1435 1533 1622 1584 atl'erre
1652 1531 1913 1599 exempla.
1942 1528 2125 1598 Itaque

546 1634 738 1701 cogita,
774 1631 998 1683 ohscero
1045 1638 1123 1689 te,
1164 1625 1294 1679 Abel
1324 1639 1497 1678 nonne
1537 1623 1744 1676 occisus
1787 1630 1869 1675 est
1917 1636 1945 1673 a
1994 1620 2127 1673 Cain

554 1725 703 1795 (Gen.
737 1721 830 1791 4)?
875 1734 1051 1773 nonne
1097 1717 1241 1771 huini
1284 1716 1617 1784 prostratus?
1659 1713 1763 1769 Sed
1808 1729 1875 1767 ne
1914 1722 2127 1781 spectes

547 1814 686 1884 quod
731 1810 1089 1883 pra-valuerit,
1136 1808 1499 1875 occideritque
1542 1822 1660 1859 cum
1705 1805 1787 1858 cui
1838 1804 2124 1869 invidebat,

549 1904 673 1958 nihi'
704 1902 770 1956 ab
801 1902 890 1954 illo
915 1901 1106 1961 Lusus;
1139 1898 1231 1952 sed
1269 1897 1543 1965 sequentia
1578 1895 1820 1964 mpetrde
1853 1912 1865 1947 :
1897 1903 1954 1946 ut
1981 1894 2123 1946 scili-

548 2005 633 2049 cet
663 1993 871 2047 occisus
915 1991 1003 2044 ille
1045 1989 1109 2042 ad
1152 1988 1254 2042 hoc
1298 2002 1463 2056 usque
1507 1996 1712 2055 tempus
1743 1985 2057 2054 pra-dicetur
2077 1994 2129 2037 et

548 2093 858 2149 coronetur,
890 2098 987 2136 nec
1011 2089 1212 2135 tantmn
1239 2089 1445 2148 tempus
1468 2078 1584 2143 ejus
1613 2077 1920 2131 memoriam
1951 2076 2129 2129 immi-

551 2183 710 2239 nuat;
751 2181 806 2226 at
842 2172 930 2242 qui
958 2171 1153 2225 occidit
1201 2178 1255 2223 et
1286 2167 1584 2239 prawaluit,
1623 2168 1779 2221 etiam
1805 2178 1929 2221 tunc
1966 2166 2128 2219 vitam

551 2279 720 2323 morte
773 2267 1070 2336 graviorem
1121 2262 1464 2323 sustinuerit,
1510 2270 1665 2329 atque
1694 2276 1757 2315 ex
1795 2276 1861 2315 eo
1894 2272 2131 2328 tempore

553 2373 717 2429 usque
745 2359 795 2411 in
828 2357 1142 2411 hodiernum
1185 2354 1490 2413 infametur,
1525 2362 1577 2405 et
1603 2351 2128 2405 omnibusexsecra-

550 2450 681 2505 tioni
722 2449 999 2510 habeatur,
1031 2462 1149 2500 cum
1194 2447 1283 2499 ille
1322 2444 1559 2514 quotidie
1588 2444 1826 2495 omnium
1853 2456 1946 2495 ore
1985 2440 2128 2495 cele-

553 2548 754 2597 bretur.
784 2541 849 2595 Et
888 2540 1005 2594 haec
1031 2539 1242 2609 quidem
1272 2538 1324 2591 in
1354 2536 1603 2606 praise-uti
1630 2537 1735 2588 vita
1764 2552 1775 2587 :
1799 2550 1918 2602 qua:
1947 2542 2127 2587 autem

552 2635 604 2687 in
641 2631 818 2685 futuro
843 2631 1039 2684 szeculo
1070 2629 1398 2696 contingent,
1431 2627 1548 2694 quis
1580 2640 1777 2689 sermo,
1818 2640 1937 2694 qua:
1975 2637 2129 2679 mens

551 2738 802 2778 etiarrare
833 2722 1050 2791 posset?
1077 2721 1150 2774 Ac
1177 2721 1292 2773 scio
1311 2718 1525 2788 quidem
1561 2732 1675 2781 vos,
1708 2726 1888 2785 utpote
1920 2715 2130 2769 intelle-

546 2823 637 2869 ctu
667 2814 939 2883 praeditos,
984 2812 1149 2866 multa
1177 2810 1300 2864 talia
1331 2811 1384 2863 in
1417 2808 1706 2878 Scripturis
1746 2814 1997 2861 contenta
2042 2822 2133 2860 re-

550 2915 798 2974 perturos
840 2918 979 2958 esse.
1031 2902 1161 2957 Nam
1209 2901 1310 2955 illae
1352 2900 1448 2955 hac
1478 2900 1544 2954 de
1591 2915 1749 2953 causa
1800 2901 1851 2953 in
1896 2909 2131 2953 nostram

548 2994 832 3049 utilitatem
881 3001 1004 3046 sunt
1045 2992 1278 3061 scriptae,
1323 3000 1380 3044 ut
1410 2992 1522 3043 lizec
1555 2989 1842 3054 discentes,
1873 2990 2128 3043 malitiam

550 3088 813 3156 fugiamus
840 3085 1195 3152 virtutemque
1224 3082 1480 3135 colamus.
1502 3081 1595 3135 Vis
1620 3093 1673 3136 et
1702 3082 1751 3135 in
1773 3080 1921 3135 Novo
1949 3081 2135 3136 Testa-

553 3188 739 3232 mento
783 3175 1007 3243 idipsum
1068 3173 1284 3227 videre?
1327 3172 1458 3226 Audi
1499 3172 1713 3227 beatum
1757 3171 1951 3226 Lucam
1995 3172 2133 3228 istud

552 3269 725 3337 ipsum
770 3266 836 3321 de
862 3264 1118 3333 apostolis
1142 3272 1468 3326 narrantem,
1500 3263 1591 3332 qui
1619 3263 1865 3334 flagellati
1896 3280 1925 3318 a
1954 3266 2136 3319 conci-

556 3358 625 3411 lio
668 3357 1031 3410 discesserunt
1076 3352 1389 3423 gaudentes,
1429 3369 1494 3409 eo
1535 3355 1673 3423 quod
1719 3354 1863 3425 digni
1910 3355 2136 3411 fuissent

550 3447 718 3501 habiti
761 3448 849 3517 qui
892 3461 989 3515 pro
1034 3445 1249 3500 nomine
1290 3443 1488 3498 Christi
1540 3445 1743 3499 ferrent
1793 3447 2133 3515 ignominiam

553 3540 690 3610 (Act.
715 3539 768 3594 5.
802 3536 912 3606 4|).
937 3536 1171 3591 Tametsi
1203 3534 1408 3606 ﬂagella
1438 3552 1541 3591 non
1564 3537 1739 3605 gaudii
1767 3538 1870 3592 sint
1896 3541 2136 3594 occasio-

555 3646 671 3697 nes,
712 3630 805 3683 sed
855 3628 1081 3683 tristitiae
1121 3634 1178 3682 et
1217 3628 1461 3681 mteroris
1495 3645 1506 3681 :
1540 3628 1886 3682 nihilominus
1930 3629 2132 3700 flagella

552 3730 773 3792 pmpter
804 3720 991 3783 Deum,
1021 3727 1075 3773 et
1094 3733 1252 3772 causa
1284 3730 1673 3789 propterquam
1706 3719 2131 3789 ﬂagellabantur,

558 3812 803 3884 gaudium
830 3811 909 3867 eis
938 3811 1230 3881 pariebant.
1276 3812 1343 3864 At
1374 3811 1407 3863 ii
1436 3811 1523 3880 qui
1554 3811 1902 3881 ﬂagellarant,
1933 3814 1983 3867 in
2018 3832 2133 3869 ma-

552 3922 658 3977 gna
699 3904 859 3958 animi
890 3902 1325 3958 consternatione
1363 3912 1417 3956 et
1464 3902 1794 3959 haesitatione
1825 3908 2135 3961 nesciebant

556 3998 683 4068 quid
723 3996 975 4051 facerent.
1008 3995 1142 4049 Audi
1169 3996 1309 4049 enim
1338 3994 1779 4063 illos,quomodo
1808 4009 1927 4067 post
1956 3996 2135 4067 ﬂagel-

555 4090 810 4143 lationem
851 4086 1029 4139 animo
1058 4087 1335 4148 fluctuant,
1377 4094 1431 4139 et
1470 4086 1648 4139 dicant
1680 4105 1689 4139 :
1728 4086 1863 4152 Quid
1896 4090 2137 4159 faciemus

559 4179 842 4232 hominibus
870 4177 978 4230 istis
1003 4173 1138 4246 (Act.
1172 4176 1221 4230 4.
1258 4176 1385 4244 16)?
1409 4176 1544 4242 Quid
1579 4176 1756 4231 dicis?
1786 4177 2133 4248 Flagellastis,

563 4268 855 4323 innumeris
899 4266 1053 4319 malis
1098 4281 1191 4320 eos
1220 4266 1496 4332 affecistis,
1530 4277 1584 4322 et
1625 4268 1800 4323 adhuc
1843 4270 2137 4324 dubitatis?

560 4358 689 4413 Tam
730 4356 879 4411 fortis
916 4356 1216 4425 invictaque
1250 4372 1334 4413 res
1361 4367 1443 4413 est
1467 4361 1651 4425 virtus,
1680 4370 1732 4415 et
1762 4361 1885 4415 dum
1918 4364 2134 4431 patitur,

563 4454 815 4508 laedentes
840 4451 1023 4504 vincit.

635 4545 688 4599 5.
729 4543 834 4597 Sed
875 4557 943 4597 ne
974 4542 1226 4612 prolixior
1263 4541 1334 4596 sit
1357 4558 1555 4607 sermo,
1587 4546 1946 4599 necessarium
1980 4546 2139 4601 fuerit

564 4646 620 4690 ut
642 4637 833 4689 iterum
863 4634 928 4687 ad
956 4634 1156 4703 justum
1185 4643 1424 4687 nostrum
1456 4634 1759 4702 redeamus,
1788 4648 1839 4691 et
1875 4653 1994 4691 cum
2023 4649 2139 4691 stu-

558 4742 689 4797 pore
715 4727 1038 4780 admiremur
1062 4725 1201 4777 illius
1229 4724 1438 4777 virtutis
1468 4726 1847 4793 przestantiam,
1871 4735 2140 4796 quomodo

563 4834 757 4888 nempe
785 4816 1037 4887 populum
1079 4816 1363 4882 ridentem,
1395 4817 1775 4883 luditicantem,
1806 4821 2140 4874 subsannan-

563 4922 689 4974 tem,
724 4909 1087 4964 traducentem
1124 4906 1336 4977 (iterum
1362 4908 1501 4962 enim
1522 4909 1704 4962 eadem
1732 4909 1851 4963 dico
1879 4925 1932 4965 et
1959 4912 2138 4966 dicere

561 5017 666 5055 non
709 4997 951 5065 cessabo)
999 4997 1277 5065 despicere
1318 5004 1371 5050 et
1404 5012 1655 5066 superare
1700 5002 1949 5067 potuerit.
1996 5002 2140 5067 Quo-

567 5090 763 5144 modo?
807 5089 919 5157 Ego
949 5088 1144 5142 dicam.
1177 5087 1309 5151 Quia
1336 5088 1587 5141 continuo
1625 5088 1690 5142 ad
1720 5092 1930 5144 oculum
1969 5092 2138 5159 illum,

563 5183 649 5252 qui
681 5180 786 5234 falli
815 5179 1083 5248 sopirique
1111 5178 1313 5246 nequit,
1333 5188 1509 5233 mente
1535 5182 1790 5247 respexit,
1817 5190 1994 5249 postea
2025 5183 2141 5239 [nec

564 5272 736 5327 aliinia
767 5270 915 5341 quasi
942 5284 1046 5322 non
1070 5277 1249 5322 essent
1276 5268 1498 5321 curavit.
1530 5269 1590 5321 Et
1613 5272 1850 5338 profecto
1866 5272 1943 5325 sic
1971 5287 2029 5327 se
2057 5290 2143 5327 res

564 5366 745 5429 habet,
772 5371 827 5415 ιιι
850 5376 971 5415 eum
992 5360 1111 5429 quis
1139 5359 1239 5413 hoc
1258 5375 1437 5413 amore
1463 5361 1673 5415 saucius
1695 5371 1794 5427 est,
1820 5371 1873 5416 et
1902 5363 1951 5416 in
1979 5364 2143 5418 Deum

562 5456 833 5512 desiderio
854 5460 961 5509 suo"
981 5452 1166 5517 tendit,
1199 5452 1331 5506 nihil
1357 5451 1640 5506 visibilium
1665 5453 1871 5518 videat;
1901 5455 1991 5510 sed
2025 5471 2140 5524 per-

564 5558 724 5616 petuo
754 5561 873 5599 eum
915 5559 1072 5614 quem
1104 5542 1372 5597 desiderat
1399 5545 1732 5613 imaginetur,
1762 5556 1918 5601 nocte
1943 5548 2144 5601 scilicet

562 5650 727 5707 atque
762 5638 870 5703 die,
904 5636 1105 5691 cubans
1133 5645 1189 5690 et
1228 5651 1472 5704 surgens.
1513 5636 1589 5690 Ne
1618 5634 1776 5707 igitur
1815 5640 2004 5693 mirum
2050 5639 2144 5693 tibi

563 5730 657 5791 Sit,
703 5727 750 5781 si
784 5735 838 5781 et
861 5728 1036 5795 justus
1064 5727 1150 5780 ille
1187 5725 1353 5780 semel
1384 5741 1449 5780 eo
1480 5726 1650 5780 solum
1686 5729 1994 5797 respiciens,
2038 5746 2143 5784 non

562 5818 780 5873 curavit
821 5826 918 5868 eos
936 5809 1032 5882 qui
1059 5812 1404 5882 supplantare
1435 5818 1605 5890 ipsum
1632 5821 1981 5877 conabantur.
2008 5822 2137 5880 Nam

1234 416 1293 470 S.
1334 412 1612 470 JOANNIS
1648 405 2123 466 Cl'lRYSOS’lOMI
2166 396 2484 461 ARCIHEP.
2525 403 3061 461 CONSTANTINOP.

3690 402 3789 459 2M

2228 519 2468 574 exhibito
2505 519 2679 574 studio
2706 533 2825 582 suo,
2857 526 2912 571 et
2949 516 3183 571 divinam
3228 514 3450 583 gratiam
3493 522 3692 580 nactus,
3719 515 3796 570 his

2227 608 2477 662 munibus
2502 609 2746 677 superior
2775 617 2906 661 erat.
2942 605 3053 659 Noe
3073 607 3237 668 enim,
3268 604 3455 673 inquit,
3483 604 3665 657 invenit
3688 622 3797 676 gra-

2230 703 2349 755 tium
2375 718 2545 753 corum
2574 700 2792 753 Domino
2818 699 2948 752 Deo.
2981 698 3214 753 Tametsi
3235 697 3381 751 omni
3412 697 3682 751 hominum
3711 713 3800 767 ge-

2231 792 2365 855 neri,
2392 791 2535 861 quod
2567 800 2692 845 tunc
2731 800 2867 855 erat,
2914 806 3019 843 non
3048 797 3191 843 esset
3227 797 3432 858 gratus,
3460 803 3633 857 neque
3662 803 3800 842 ama-

2233 881 2374 946 bilis,
2406 896 2472 936 eo
2504 880 2644 951 quod
2673 881 2889 935 nolebat
2925 880 3167 934 eamdem
3198 880 3443 933 incedere
3471 879 3630 946 viam,
3651 895 3800 950 quam

2232 972 2305 1026 illi
2337 990 2349 1025 :
2379 972 2517 1043 apud
2558 987 2678 1026 eum
2726 982 2901 1026 tamen
2959 971 3047 1040 qui
3091 968 3251 1023 corda
3302 977 3569 1023 scrutatur
3614 969 3802 1024 invenit

2231 1065 2480 1136 gratiam,
2515 1066 2605 1136 qui
2650 1075 2704 1121 et
2744 1066 2884 1120 illius
2928 1074 3160 1119 mentem
3209 1064 3541 1133 approbavit.
3594 1063 3658 1117 Et
3686 1063 3804 1133 quid

2230 1157 2434 1221 damni,
2462 1158 2571 1225 dic,
2610 1157 2900 1222 oriebatur,
2925 1156 3067 1226 quod
3112 1171 3140 1209 a
3166 1154 3557 1224 congeneribus
3587 1153 3800 1208 subsan-

2232 1259 2450 1303 naretur
2475 1259 2529 1303 et
2572 1248 2887 1303 irrideretur
2916 1266 2929 1300 :
2958 1263 3079 1302 cum
3113 1248 3157 1302 is
3199 1249 3285 1317 qui
3329 1246 3486 1300 tinxit
3514 1252 3674 1300 corda
3717 1260 3807 1299 no-

2231 1348 2364 1404 stra,
2419 1349 2473 1393 et
2523 1339 2773 1409 intelligit
2819 1339 2996 1392 omnia
3043 1354 3202 1407 opera
3251 1347 3455 1401 nostra,
3502 1335 3808 1405 prmdicaret

2233 1434 2381 1487 illum
2417 1442 2469 1487 et
2499 1434 2822 1487 coronaret?
2848 1442 2901 1487 et
2928 1448 3046 1502 qua:
3072 1433 3273 1485 utilitas
3303 1430 3527 1495 homini,
3560 1430 3605 1483 si
3645 1430 3804 1496 ipsum

2235 1532 2377 1576 totus
2417 1522 2568 1576 orbis
2622 1522 2919 1576 admiretur
2967 1530 3022 1576 et
3065 1521 3275 1585 laudet;
3325 1518 3586 1574 Conditor
3639 1528 3804 1572 autem

2232 1617 2495 1680 omnium,
2530 1624 2584 1669 et
2609 1614 2779 1669 Judex
2826 1614 2913 1682 qui
2941 1614 3111 1683 decipi
3144 1612 3350 1683 nequit,
3380 1613 3431 1666 in
3462 1611 3551 1667 die
3580 1611 3672 1665 iL‘o
3707 1619 3805 1666 ter—

2234 1706 2371 1759 ribili
2418 1705 2871 1760 condemnaturus
2916 1704 3019 1759 sit?
3059 1705 3259 1774 Itaque,
3292 1703 3489 1768 dilecti,
3540 1718 3662 1756 cum
3703 1702 3809 1755 hzec

2235 1798 2387 1851 nobis
2431 1805 2706 1866 comperta
2749 1797 2880 1863 sint,
2908 1797 3105 1850 nullius
3137 1795 3287 1865 pensi
3315 1795 3613 1849 habeamus
3644 1795 3806 1848 homi-

2236 1905 2360 1942 num
2409 1889 2642 1955 laudem,
2678 1904 2852 1958 neque
2882 1890 2949 1943 ab
2992 1889 3096 1942 illis
3123 1890 3385 1944 celebrari
3422 1889 3613 1959 quovis
3661 1888 3809 1942 modo

2235 1995 2575 2049 qua-ramus:
2605 1980 2700 2034 sed
2747 1992 2964 2051 propter
3004 1981 3149 2034 illum
3199 1982 3371 2034 solum
3416 1982 3504 2051 qui
3554 1990 3812 2035 scrutatur

2234 2072 2394 2125 corda
2448 2082 2503 2125 et
2540 2087 2721 2141 renes,
2762 2072 2973 2127 virtutis
3003 2087 3163 2142 opera
3204 2072 3478 2135 faciamus,
3520 2082 3579 2127 et
3607 2081 3809 2140 peccata

2235 2162 2516 2232 fugiamus.

2304 2252 2537 2308 Laudari
2580 2252 2897 2309 Christianus
2939 2255 3003 2307 ab
3027 2253 3256 2307 omnibus
3306 2254 3492 2322 nequit.
3522 2283 3595 2293 —
3627 2251 3811 2319 Quanta

2234 2347 2419 2403 obrem
2453 2347 2696 2402 Christus
2722 2348 2972 2402 erudiens
3010 2362 3109 2401 nos
3132 2356 3188 2400 ut
3218 2362 3284 2401 ne
3333 2344 3614 2415 captandis
3647 2344 3811 2399 homi-

2236 2458 2363 2497 num
2406 2441 2653 2496 laudibus
2686 2441 2972 2506 inhicmns,
3018 2450 3141 2510 post
3184 2440 3347 2493 multa
3378 2438 3477 2492 alia
3524 2437 3737 2492 tandem
3767 2449 3810 2493 et

2238 2534 2337 2589 hoc
2377 2534 2573 2595 intulit,
2622 2533 2803 2587 dicens
2838 2550 2851 2584 :
2886 2530 2974 2585 Vte
3021 2532 3176 2596 vobis,
3226 2532 3428 2598 quando
3479 2530 3812 2584 benedixerint

2234 2626 2369 2679 vobis
2395 2642 2563 2679 omnes
2594 2626 2817 2678 homines
2840 2622 2986 2696 (Luc.
3012 2622 3065 2678 6.
3092 2623 3205 2692 26).
3236 2621 3524 2676 Considera
3558 2620 3813 2689 quomodo

2237 2733 2331 2786 per
2366 2715 2455 2771 Va:
2477 2717 2631 2770 nobis
2658 2715 2895 2771 declarat
2922 2714 3216 2784 quotuplex
3245 2713 3364 2767 illos
3395 2727 3555 2783 pinna
3590 2720 3809 2766 maneat.

2243 2807 2329 2863 Vae
2355 2810 2497 2863 enim
2528 2808 2749 2863 lamenti
2793 2807 3036 2861 nuntium
3085 2807 3305 2860 verbum
3350 2815 3431 2859 est
3458 2824 3471 2862 :
3503 2805 3646 2860 unde
3675 2806 3813 2874 quasi

2237 2902 2461 2956 miseros
2506 2918 2600 2956 eos
2643 2915 2840 2955 vocans
2862 2942 2874 2964 ,
2918 2900 3046 2954 dicit
3078 2916 3093 2953 :
3126 2898 3214 2953 Vae
3256 2899 3411 2964 vobis,
3445 2898 3650 2967 quando
3681 2898 3813 2951 bene-

2237 2996 2455 3050 dixerint
2481 2996 2615 3049 vobis
2647 3011 2816 3049 omnes
2855 2993 3098 3047 homines.
3129 2994 3192 3046 Et
3227 2992 3346 3047 vide
3372 3007 3529 3061 quam
3564 3001 3717 3045 caute
3743 2990 3814 3042 di-

2236 3096 2400 3143 ctum.
2431 3084 2545 3140 Non
2576 3086 2884 3155 simpliciter
2907 3084 3057 3149 dixit,
3077 3083 3345 3149 homines,
3366 3081 3479 3147 sed,
3513 3079 3700 3134 Omnes
3726 3081 3810 3132 ho-

2238 3180 2414 3233 mines.
2448 3177 2779 3247 lmpossibile
2820 3178 2962 3232 enim
2996 3186 3098 3242 est,
3145 3186 3202 3229 ut
3243 3175 3327 3229 vir
3365 3174 3567 3244 probus
3603 3173 3690 3241 qui
3732 3187 3817 3240 per

2238 3280 2513 3341 angustam
2544 3278 2598 3323 et
2620 3278 2820 3323 arctam
2852 3266 3063 3321 virtutis
3107 3266 3250 3319 viam
3284 3263 3542 3327 ambulat,
3576 3272 3631 3318 et
3672 3277 3818 3316 man-

2238 3363 2360 3417 data
2390 3362 2631 3430 sequitur
2657 3359 2875 3422 Christi,
2907 3358 2973 3412 ab
2998 3357 3245 3412 omnibus
3272 3354 3541 3421 laudetur,
3574 3362 3630 3408 et
3655 3352 3814 3407 admi-

2239 3455 2426 3509 rationi
2459 3453 2733 3508 habeatur.
2764 3452 2857 3507 Est
2883 3452 3025 3507 enim
3056 3459 3110 3505 et
3137 3450 3224 3503 illa
3248 3450 3435 3520 ingens
3462 3449 3686 3513 malitia,
3716 3450 3815 3499 vir-

2241 3548 2337 3600 tuti
2366 3546 2654 3600 adversari.
2678 3545 2908 3599 Proinde
2930 3543 3186 3598 Dominus
3207 3545 3382 3597 sciens
3406 3558 3507 3594 non
3536 3557 3693 3611 po:se
3712 3540 3815 3595 fieri

2240 3649 2297 3692 ut
2326 3638 2369 3691 is
2394 3636 2743 3707 quivirtutem
2774 3635 3053 3705 diligenter
3069 3643 3306 3701 exercet,
3329 3632 3463 3689 etab
3485 3634 3606 3702 ipso
3628 3639 3816 3687 tantum

2240 3730 2448 3783 laudem
2468 3738 2525 3783 ut
2541 3728 2765 3799 accipiat
2785 3727 3140 3797 prmstolalur,
3162 3726 3230 3780 ab
3254 3725 3500 3780 omnibus
3524 3724 3818 3778 hominibus

2242 3819 2502 3883 laudetur,
2535 3829 2587 3874 et
2616 3820 2753 3873 bene
2780 3817 2978 3882 audiat,
3022 3818 3141 3871 ideo
3179 3817 3403 3871 miseros
3433 3826 3592 3870 vocat
3622 3830 3712 3869 eos
3736 3816 3814 3883 qui

2241 3922 2456 3983 propter
2500 3912 2784 3966 humanam
2836 3911 3043 3965 laudem
3074 3910 3325 3963 virtutem
3370 3910 3664 3978 negligunt.
3696 3908 3813 3964 Nam

2239 4005 2497 4061 celebrari
2528 4004 2595 4058 ab
2622 4005 2887 4067 omnibus,
2920 4003 3209 4056 maximum
3255 3988 3413 4056 fuerit
3452 4010 3814 4071 argumentum

2241 4114 2343 4151 non
2368 4112 2607 4166 magnam
2632 4095 2812 4149 haberi
2837 4096 3043 4148 virtutis
3070 4095 3349 4149 rationem.
3374 4092 3658 4161 Quomodo
3683 4092 3812 4146 enim

2241 4188 2308 4242 ab
2334 4188 2583 4241 omnibus
2609 4186 2821 4257 probari
2854 4187 3049 4255 poterit
3074 4186 3154 4238 vir
3180 4186 3372 4250 bonus,
3402 4185 3448 4239 si
3486 4184 3601 4237 vult
3638 4182 3812 4252 injuria

2240 4278 2458 4333 atl‘ectos
2487 4278 2694 4347 eripere
2716 4279 2782 4331 ah
2808 4277 2872 4331 iis
2896 4278 2983 4346 qui
3011 4277 3200 4346 injuria
3228 4276 3485 4342 afﬁciant,
3514 4285 3570 4330 et
3600 4290 3694 4330 eos
3730 4274 3811 4343 qui

2242 4379 2520 4431 vexantur,
2554 4368 2620 4422 ab
2645 4369 2708 4422 iis
2735 4368 2822 4438 qui
2855 4368 2990 4421 male
3027 4366 3264 4422 faciunt?
3305 4368 3372 4421 Et
3412 4368 3605 4421 iterum
3646 4367 3688 4419 si
3718 4365 3817 4418 vult

2242 4462 2510 4529 corrigere
2536 4469 2838 4530 peccantes,
2865 4469 2919 4515 et
2944 4460 3162 4516 laudare
3188 4461 3323 4515 bene
3360 4472 3604 4532 agentes,
3651 4472 3817 4513 nonne

2242 4550 2530 4605 verisimile
2562 4559 2663 4618 est,
2692 4566 2815 4605 eum
2855 4549 2924 4605 ab
2951 4550 3069 4606 aliis
3112 4551 3459 4618 laudandum,
3494 4550 3566 4606 ab
3605 4551 3721 4606 aliis
3748 4548 3818 4603 vi-

2241 4644 2601 4716 tuperandum
2628 4644 2773 4698 esse?
2791 4643 3076 4711 Propterea
3102 4647 3293 4708 inquit:
3318 4640 3402 4691 Va:
3424 4639 3589 4701 vobis,
3611 4647 3809 4706 quanao

2236 4739 2378 4792 vobis
2402 4734 2756 4788 benedixerint
2771 4747 2948 4785 omnes
2962 4730 3216 4781 homines.
3234 4727 3697 4793 Quomodoigitur
3710 4739 3809 4777 non

2238 4830 2340 4884 erit
2370 4827 2731 4881 admiratione
2765 4836 2818 4880 ct
2849 4824 3009 4878 laude
3036 4823 3234 4891 dignus
3263 4820 3444 4889 justus
3472 4820 3594 4880 lSle,
3640 4816 3730 4883 qui
3752 4831 3809 4867 ea

2239 4937 2360 4990 qua:
2380 4920 2633 4973 Christus
2660 4916 2956 4971 adveniens
2981 4912 3187 4974 decuit,
3218 4912 3370 4979 prius
3398 4910 3509 4977 ipse
3535 4924 3565 4961 a
3587 4909 3701 4976 lege
3723 4920 3812 4957 na-

2242 5020 2376 5065 tura:
2395 5011 2642 5072 edoctus,
2665 5007 3004 5061 deditissitna
3030 5020 3190 5073 opera
3218 5000 3553 5070 adimplevit,
3581 4997 3814 5052 laudem-

2241 5118 2347 5171 que
2372 5101 2665 5154 humanam
2689 5094 3348 5164 contcmnendo,gratiam
3375 5090 3516 5162 apud
3532 5091 3700 5143 Deum
3726 5100 3814 5157 per

2241 5194 2498 5246 virtutem
2530 5190 2771 5244 invenire
2805 5187 3049 5243 studuit?
3078 5185 3191 5239 Noe
3213 5186 3381 5250 enim,
3409 5185 3604 5253 inquit,
3629 5179 3813 5234 invenit

2244 5288 2472 5357 gratiam
2494 5300 2671 5337 coram
2702 5282 2921 5335 Domino
2949 5280 3074 5333 Deo.
3106 5279 3371 5333 Caeterum
3396 5279 3574 5346 ipsum
3607 5282 3816 5344 propter

2244 5381 2474 5433 virtutes
2504 5393 2640 5448 quas
2683 5375 2910 5429 habebat
2935 5372 3227 5441 [invenisse
3251 5370 3481 5441 gratiam
3510 5382 3696 5421 curam
3721 5364 3814 5416 Do-

2246 5473 2396 5525 mino
2438 5469 2570 5535 Deo,
2605 5466 2844 5522 na:ravit
2879 5465 3035 5519 nobis
3067 5462 3411 5516 admirabilis
3443 5460 3532 5513 ille
3559 5456 3811 5528 propheta

2248 5564 2451 5631 Spiritu
2482 5570 2670 5614 sancto
2696 5558 2909 5611 alllatus
2945 5574 2957 5608 :
2992 5568 3170 5624 operae
3201 5554 3434 5624 pretium
3472 5551 3655 5619 itaque
3688 5557 3742 5598 ut
3763 5554 3814 5597 et

2248 5655 2527 5725 sequentia
2558 5654 2855 5714 discamus,
2880 5658 2935 5704 et
2960 5649 3243 5702 videamus
3266 5644 3396 5714 quid
3423 5644 3488 5697 de
3514 5642 3606 5694 illo
3628 5636 3813 5692 sentiat

2250 5749 2412 5803 Deus.
2448 5748 2502 5802 9.
2543 5745 2642 5800 Hae
2665 5754 2861 5809 autem,
2888 5743 3087 5812 inquit,
3118 5752 3237 5794 sunt
3263 5736 3622 5809 generationes
3659 5729 3765 5784 Noe
3798 5742 3811 5779 :

2253 5840 2368 5896 Noe
2394 5842 2545 5894 homo
2572 5839 2763 5900 iustus,
2795 5835 3058 5906 perfectus
3097 5834 3153 5888 in
3190 5832 3518 5903 gcizermione
3545 5841 3643 5880 sua
3668 5840 3687 5889 ;
3718 5821 3811 5872 Dea
