4038 6394
187 338 306 398 {5'9

185 453 412 520 δίκαιος
429 451 584 522 οὗτος
621 459 718 530 οὐχ
739 459 932 525 οὕτως.
979 461 1052 514 Οὐ
1092 463 1251 532 μόνον
1291 463 1398 534 γάρ
1418 465 1552 517 δέκα
1587 466 1681 519 καὶ
1709 466 1880 520 εἴκοσι

187 546 296 596 καὶ
325 546 524 598 ἑκατὸν
551 547 876 617 ἀνθρώπων,
917 549 1054 602 ἀλλά
1081 551 1174 602 καὶ
1201 549 1378 620 πάσης
1403 551 1638 622 τῆςτῶν
1670 552 1882 623 ἀνθρώ-

189 645 320 683 πων
349 631 588 698 φύσεως,
621 635 716 688 καὶ
750 635 1024 706 μυριάδων
1052 636 1326 690 τοσούτων
1379 639 1681 710 ὑπερεῖδεν.
1721 640 1882 704 Εἰκὸς

187 717 306 786 γάρ
335 719 590 784 ἅπαντας
625 721 823 785 αὐτοὺς
871 723 1176 794 καταγελᾷν
1197 764 1212 787 ,
1243 725 1545 796 κωμῳδεῖν,
1578 727 1879 797 χλευάζειν,

191 803 408 873 πολλὴν
437 807 536 874 τὴν
561 809 848 876 παροινίαν
874 810 1000 880 περὶ
1025 811 1187 863 αὑτὸν
1215 813 1638 878 ἐπιδείκνυσθαι,
1669 815 1798 878 ἴσως
1825 815 1881 867 δέ

189 887 224 957 ἦ
251 892 360 942 καὶ
391 893 674 962 βούλεσθαι
701 895 954 966 διασπᾷν,
997 899 1046 949 εἰ
1074 895 1184 950 οἶόν
1207 916 1266 952 τε
1295 895 1385 970 ἦν.
1429 901 1634 970 Πολλὴν
1657 901 1766 973 γὰρ
1796 903 1884 954 ἀεὶ

189 980 296 1048 τὴν
333 982 534 1048 μανίαν
559 983 930 1037 ἐπιδείκνυται
957 987 988 1056 ἡ
1021 987 1186 1038 κακία
1213 988 1352 1041 κατά
1371 989 1469 1059 τῆς
1500 990 1700 1060 ἀρετῆς
1722 1007 1736 1019 ·
1765 989 1882 1042 ἀλλ’

189 1067 252 1116 0'3
303 1069 472 1136 μόνον
503 1070 656 1122 οὐδὲν
685 1071 855 1140 αὐτὴν
909 1073 1154 1140 βλάπτει,
1210 1074 1348 1128 ἀλλά
1379 1079 1472 1129 καὶ
1522 1077 1583 1130 τὸ
1627 1077 1881 1146 πολεμεῖν

195 1156 566 1228 ἰσχυροτέραν
595 1160 763 1230 αὐτὴν
797 1161 1191 1230 ἀπεργάζεται.
1222 1164 1469 1236 Τοσαύτη
1506 1167 1616 1238 γὰρ
1643 1167 1740 1236 τῆς
1761 1167 1884 1235 ἁρε-

195 1244 296 1312 τῆς
339 1247 378 1316 ἡ
415 1247 586 1316 ἰσχὺς,
615 1248 698 1299 ὅτι
725 1249 784 1300 ἐν
812 1248 888 1318 τῷ
921 1250 1154 1320 πάσχειν
1193 1252 1298 1303 τῶν
1343 1253 1640 1308 ποιούντων
1667 1253 1882 1324 περιγί-

193 1347 380 1393 νεται,
416 1334 511 1385 καὶ
544 1336 600 1386 ἐν
629 1335 706 1403 τῷ
737 1347 762 1374 ιι
798 1336 1152 1404 πολεμεῖσθαι
1182 1338 1290 1390 τῶν
1337 1340 1714 1410 πολεμούντων
1743 1344 1882 1396 ἀνω-

195 1419 341 1490 τέρα
369 1420 710 1474 καθίσταται.
739 1423 850 1476 Καὶ
883 1423 1042 1475 τοῦτο
1067 1424 1240 1478 ἔνεστι
1283 1427 1379 1496 μὲν
1404 1428 1467 1480 ἐκ
1515 1428 1722 1482 πολλῶν
1753 1447 1880 1482 συν-

197 1507 354 1561 ιδεῖν.
391 1509 506 1561 Ἵνα
533 1509 592 1562 δὲ
647 1510 899 1580 ἀφορμὰς
940 1512 1067 1581 ὑμῖν
1113 1515 1483 1585 παράσχωμεν
1535 1516 1730 1582 (Δίδου
1773 1517 1881 1590 γάρ

194 1592 358 1658 φησὶ,
393 1592 562 1659 σοφῷ
614 1593 911 1661 ἀφορμὴν,
939 1595 1037 1646 καὶ
1070 1595 1408 1664 σοφώτερος
1441 1599 1633 1664 ἔσται)
1657 1639 1672 1660 ,
1723 1601 1883 1668 ἀναγ-

193 1683 360 1731 καῖον
396 1682 490 1733 καὶ
523 1682 588 1732 ἐκ
617 1682 715 1751 τῆς
756 1683 995 1746 Παλαιάς
1032 1685 1126 1735 καὶ
1161 1687 1224 1737 ἐκ
1255 1687 1351 1755 τῆς
1373 1688 1579 1756 Καινῆς
1608 1687 1674 1740 τὰ
1704 1705 1884 1758 παρα-

193 1761 472 1831 δείγματα
497 1765 625 1832 ὑμῖν
651 1769 1015 1836 παραγαγεῖν.
1043 1767 1244 1822 Ἐννόει
1276 1787 1362 1839 μοι
1387 1769 1563 1824 τοίνυν
1582 1771 1673 1824 τὸν
1695 1771 1879 1825 ’Ἅϐελο

193 1849 322 1918 οὐχὶ
357 1851 594 1921 ἀνῃρέθη
634 1851 739 1904 ὑπὸ
771 1851 866 1905 τοῦ
915 1853 1087 1918 Κάῖν;
1118 1855 1238 1926 οὐχὶ
1287 1856 1379 1909 ἐπὶ
1425 1856 1518 1910 τοῦ
1551 1857 1782 1928 ἐδάφους
1813 1855 1880 1930 ἦν

194 1939 578 2007 ἐρριμμένος
621 1939 780 1992 Ἀλλά
821 1941 897 2016 μὴ
921 1941 1080 1995 τοῦτο
1111 1944 1337 2009 σκόπει,
1378 1945 1460 1998 ὅτι
1488 1947 1757 2018 ἐκράτησε
1788 1949 1884 2000 καὶ

195 2025 578 2095 περιεγένετο,
614 2028 708 2080 καὶ
731 2027 908 2080 ἀνεῖλε
930 2029 1020 2082 τὸν
1060 2029 1443 2100 φθονούμενον,
1479 2035 1572 2086 καὶ
1597 2035 1748 2087 οὐδὲν
1768 2037 1883 2106 ηδι-

195 2112 420 2182 κτςκὰτα
443 2127 458 2142 ⁸
494 2113 630 2167 ἀλλά
669 2115 738 2167 τά
780 2116 919 2184 μετὰ
967 2117 1140 2170 ταῦτα
1173 2118 1409 2187 λογίζου,
1434 2122 1516 2174 ὅτι
1546 2123 1574 2175 6
1605 2123 1702 2194 μὲν
1733 2124 1884 2178 ἀναι-

201 2197 412 2267 ρεθεὶς.
455 2200 512 2266 ἐξ
563 2201 772 2253 ἐκείνου
805 2203 964 2274 μέχρι
1011 2204 1105 2256 τοῦ
1135 2205 1230 2258 νῦν
1281 2208 1736 2280 ἀνακηρύττεται,
1789 2213 1884 2265 καὶ

203 2286 592 2355 στεφανοῦται,
651 2289 808 2368 10:16
851 2291 1108 2356 τοσοῦτος
1142 2294 1334 2365 χρόνος
1383 2299 1482 2365 τὴν
1529 2299 1749 2368 μνήμην
1783 2299 1884 2353 οὐκ

199 2375 486 2444 ἐμάρανεν
507 2393 522 2408 ·
559 2377 588 2428 6
641 2375 700 2428 δὲ
729 2367 952 2442 ἀνελὼν,
989 2381 1084 2433 καὶ
1123 2367 1564 2452 περιγενόμενος.
1617 2367 1714 2437 καὶ.
1759 2387 1884 2440 τότε

202 2461 358 2532 ζωὴν
382 2461 612 2516 θανάτου
641 2464 947 2537 βαρυτέραν
981 2468 1240 2538 ὑπέμενε,
1271 2471 1366 2522 καὶ
1397 2471 1456 2534 ἐξ
1481 2472 1690 2526 ἐκείνου
1721 2473 1884 2545 μέχρι

201 2549 300 2602 τοῦ
327 2549 424 2603 νῦν
449 2545 605 2614 οὗτος
636 2552 734 2621 μὲν
765 2554 1162 2624 στηλιτεύεται,
1197 2558 1292 2610 καὶ
1335 2557 1433 2621 τὰς
1461 2559 1613 2630 παρά
1667 2562 1884 2616 πάντων

203 2637 546 2707 κατηγορίας
579 2637 816 2708 δέχεται,
848 2643 1058 2705 ἐκεῖνος
1087 2644 1142 2696 δὲ
1165 2643 1290 2698 καθ’
1314 2645 1553 2714 ἑκάστην
1583 2647 1796 2718 ἡμέραν
1825 2651 1884 2702 ἐν

201 2725 320 2786 τοῖς
347 2725 604 2776 ἁπάντων
629 2726 810 2796 ᾅδεται
835 2729 1086 2798 στόμασι.
1113 2732 1224 2784 Καὶ
1244 2731 1416 2786 ταῦτα
1439 2734 1537 2802 μὲν
1561 2735 1619 2788 ἐν
1639 2733 1717 2805 τῷ
1746 2753 1885 2806 παρ-

201 2811 322 2862 όντι
345 2811 460 2882 βίῳ,
491 2814 562 2868 τά
586 2815 642 2868 δὲ
675 2817 734 2868 ἐν
759 2816 837 2887 τῷ
875 2818 1122 2887 μέλλοντι
1161 2821 1319 2874 αἰῶνι
1367 2825 1517 2885 ποῖος
1542 2823 1714 2893 λόγος,
1755 2825 1883 2879 ποία

203 2898 412 2951 διάνοια
447 2902 798 2972 παραστῆσαι
817 2904 1106 2975 δυνήσεται
1133 2909 1274 2972 ;Καὶ
1301 2905 1418 2960 οἶδα
1445 2911 1542 2980 μέν
1571 2911 1651 2964 ὅτι
1677 2915 1884 2966 συνετοὶ

201 2987 364 3050 ὅντες
399 2991 571 3043 πολλά
621 2992 716 3045 καὶ¹
769 2993 1004 3063 διάφορα
1056 2995 1221 3066 ἔτερα
1257 2995 1480 3050 τοιαῦτα
1534 2997 1796 3068 εὑρήσετε
1826 3001 1884 3052 ἐν
1953 3013 1958 3016 ·

201 3079 330 3138 ταῖς
357 3077 600 3148 Γραφαίς
633 3081 882 3152 κείμενα.
915 3082 1014 3137 Διά
1057 3083 1166 3153 γάρ
1203 3083 1360 3137 τοῦτο
1392 3085 1700 3156 γέγραπται
1748 3088 1884 3159 πρὸς

201 3165 475 3234 ὠφέλειαν
500 3168 600 3238 τὴν
627 3169 926 3240 ἡμετέραν,
960 3168 1102 3224 ὥστε
1141 3171 1316 3224 ταῦτα
1359 3173 1729 3242 μανθάνοντας
1753 3175 1885 3244 φεύ-

203 3269 327 3318 γειν
365 3251 466 3322 μὲν
513 3254 612 3324 τὴν
666 3255 887 3320 κακίαν,
919 3259 1194 3328 προτιμᾷν
1227 3258 1283 3310 δὲ
1311 3259 1410 3328 τὴν
1443 3261 1662 3331 ἀρετήν.
1697 3261 1884 3316 Βούλει

201 3341 304 3392 καὶ
332 3341 390 3392 ἐν
415 3343 484 3412 τῇ
513 3343 689 3413 Καινῇ
719 3343 778 3395 τὸ
801 3343 931 3396 αὐτὸ
961 3343 1120 3398 τοῦτο
1149 3345 1275 3398 ίδείν
1299 3363 1314 3411 ;
1355 3349 1552 3400 ’Ἄκουε
1573 3347 1668 3400 τοῦ
1710 3367 1886 3419 μακα-

206 3427 329 3497 ρίου
357 3429 542 3480 Λουκᾶ
561 3429 621 3480 τὺ
652 3429 782 3482 αὐτὸ
805 3430 962 3486 τοῦτο
977 3431 1336 3502 διηγουμένου
1361 3436 1488 3506 περὶ
1512 3436 1622 3488 τῶν
1651 3437 1884 3490 άποστό·

203 3514 340 3576 λων,
377 3516 460 3568 ὅτι
513 3517 952 3586 μαστιγωθέντες
985 3518 1294 3590 ἀνεχώρουν
1341 3522 1448 3574 ἀπὸ
1482 3523 1573 3574 τοῦ
1608 3525 1884 3596 συνεδρίου

203 3603 511 3673 χαίροντες,
566 3605 648 3656 ὅτι
699 3604 1117 3676 κατηξιώθησαν
1157 3607 1296 3678 ὑπὲρ
1337 3607 1430 3660 τοῦ
1479 3609 1739 3680 ὀνόματος
1793 3611 1885 3664 τοῦ

203 3687 452 3758 Χριστοῦ
475 3687 860 3758 ἀτιμασθῆναι.
904 3689 1097 3742 Καίτοι
1129 3709 1190 3760 γε
1217 3694 1274 3744 αί
1323 3693 1586 3762 μάστιγες
1610 3696 1670 3747 οὐ
1710 3697 1886 3766 χαρᾶς

201 3769 352 3841 ἦσαν
383 3775 652 3845 ἀφορμαὶ,
682 3775 817 3829 ἀλλά
843 3775 1019 3846 λύπης
1054 3778 1148 3831 καὶ
1195 3779 1465 3849 ἀθυμίας·
1513 3781 1648 3836 ἀλλά
1696 3785 1750 3836 αἱ
1797 3783 1886 3838 διὰ

202 3865 300 3916 τὸν
328 3863 462 3916 Θεὸν
485 3865 766 3934 μάστιγες,
800 3867 949 3936 καὶὴ
979 3867 1252 3930 ὑπόθεσις,
1296 3869 1362 3922 δι’
1397 3871 1463 3940 ἢν
1507 3871 1883 3941 ἐμαστίζοντο,

203 3953 308 4020 τὴν
347 3953 522 4023 χαράν
544 3953 728 4016 αὐτοῖς
755 3953 958 4010 ἔτικτε.
996 3957 1104 4008 Καὶ
1141 3959 1188 4010 οἱ
1223 3958 1324 4027 μὲν
1359 3957 1802 4028 μαστιγώσαντες
1828 3965 1886 4016 ἐν

205 4038 414 4108 ἀπορίᾳ
442 4039 609 4110 πολλῇ
644 4040 739 4092 καὶ
765 4042 1050 4112 ἀμηχανίᾳ
1084 4043 1535 4114 καθεστήκεισαν,
1566 4048 1666 4100 οὐκ
1687 4049 1887 4114 εἰδότες

203 4126 235 4178 ὃ
261 4143 318 4178 τι
357 4125 660 4195 πράξωσιν.
701 4129 900 4184 Ἀκουε
933 4129 1046 4201 γὰρ
1071 4131 1252 4183 αὐτῶν
1281 4132 1376 4184 καὶ
1400 4133 1540 4202 με’τά
1568 4134 1669 4197 τὰς
1693 4135 1886 4204 μάστι-

205 4229 314 4281 γας
343 4211 770 4282 διαπορούντων,
823 4214 918 4268 καὶ
938 4213 1238 4282 λεγόντων·
1279 4217 1339 4270 Τί
1389 4219 1720 4288 ποιήσομεν
1765 4223 1888 4289 τοῖς

204 4299 543 4367 ἀνθρώποις
590 4302 856 4366 τούτοις;
895 4303 960 4356 Τί
1019 4303 1228 4371 λέγεις;
1299 4305 1676 4376 Ἐμαστίξατε,
1719 4311 1886 4380 μυρία

205 4388 356 4442 κακά
381 4389 692 4458 διεθήκατε,
727 4391 819 4444 καὶ
846 4390 927 4443 ἔτι
953 4392 1208 4460 ἀπορεῖτε
1229 4409 1244 4458 ;
1269 4391 1534 4446 Τοσοῦτον
1555 4395 1702 4448 ἐστιν
1735 4397 1886 4467 ίσχυ-

209 4476 307 4546 ρον
341 4477 580 4546 πρᾶγμα
619 4478 713 4529 καὶ
745 4478 1042 4548 ἀχείρωτον
1073 4480 1104 4548 ὴ
1137 4479 1304 4550 ἀρετὴ
1324 4519 1340 4544 ,
1396 4480 1490 4534 καὶ
1533 4481 1593 4534 ἐν
1634 4483 1782 4554 αὐτῷ
1809 4483 1886 4556 τῷ

209 4565 444 4636 πάσχειν
475 4565 584 4618 τῶν
615 4567 910 4619 ποιούντων
940 4567 1357 4638 περιγινομένη.

281 4659 354 4721 γ’.
388 4652 528 4704 Ἀλλ’
563 4653 650 4705 ἵνα
668 4651 742 4723 μὴ
772 4653 979 4724 μακρὸν
1009 4653 1252 4726 ποιῶμεν
1273 4654 1363 4706 τὸν
1389 4653 1568 4722 λόγον,
1593 4657 1887 4726 ἀναγκαῖον

207 4740 373 4793 πάλιν
395 4739 714 4792 ἐπανελθεῖν
739 4741 836 4791 ἐπὶ
857 4741 950 4792 τὸν
975 4739 1181 4794 δίκαιον
1202 4740 1410 4804 τοῦτον,
1431 4742 1525 4794 καὶ
1547 4743 1886 4815 ἐκπλαγῆναι

206 4828 376 4881 αὐτοῦ
407 4828 506 4894 τῆς
537 4828 738 4897 ἀρετῆς
769 4827 866 4898 τὴν
895 4827 1218 4899 ὑπερϐολὴν,
1257 4829 1373 4891 πῶς
1403 4828 1588 4898 ἴσχυσε
1631 4831 1885 4885 τοσούτου

205 4915 380 4986 δήμου
411 4914 842 4982 καταγελῶντος,
871 4915 1314 4985 ἐπεμϐαίνοντος,
1339 4915 1712 4986 χλευάζοντος,
1737 4935 1887 4990 κωμ-

207 5001 472 5072 ῳδοῦντος
508 5001 700 5072 (πάλιν
727 5002 833 5073 γάρ
863 5001 932 5054 τά
961 5001 1103 5054 αὐτά
1147 5001 1312 5070 λέγω,
1331 5003 1426 5055 καὶ
1468 5001 1640 5069 λέγων
1669 5005 1730 5058 οὑ
1749 5005 1888 5058 παύ-

208 5091 411 5158 σομαι)
447 5088 744 5158 ὑπεριδεῖν,
773 5089 867 5142 καὶ
913 5087 1182 5160 ἀνώτερος
1219 5089 1489 5156 γενέσθαι.
1541 5089 1697 5155 Πῶς;
1743 5091 1886 5160 Ἐγὼ

205 5176 374 5245 λέγω·
405 5174 624 5245 Ἐπειδὴ
645 5174 908 5243 διηνεκῶς
935 5173 1081 5246 ἐώρα
1104 5173 1240 5246 πρὸς
1255 5175 1346 5227 τὸν
1367 5175 1663 5246 ἀκοίμητον
1687 5176 1887 5246 ὀφθαλ-

207 5265 332 5334 μὸν,
373 5263 491 5315 ἐκεῖ
531 5262 830 5332 τεταμένον
877 5258 991 5332 εἶχε
1037 5263 1136 5332 τῆς
1167 5260 1314 5333 [209]
1345 5263 1586 5327 διανοίας
1615 5263 1676 5316 16
1705 5264 1883 5336 ὄμμα,

202 5351 301 5404 καὶ
332 5349 522 5403 λοιπὸν
549 5347 755 5402 τούτων
790 5349 1047 5403 ἁπάντων
1077 5349 1154 5414 ὡς
1181 5349 1332 5404 οὐδὲν
1376 5349 1546 5403 ὄντων
1574 5351 1880 5422 ἐφρόντιζε.

203 5439 322 5494 Καὶ
345 5436 460 5508 γάρ
485 5434 659 5500 οὓτως
693 5436 807 5506 ἔχει
828 5453 844 5467 ·
879 5435 1102 5490 ἐπειδάν
1144 5436 1254 5506 γάρ
1291 5455 1374 5499 τις
1400 5436 1581 5508 τρωθῇ
1607 5437 1686 5508 τῷ
1719 5438 1882 5510 ἔρωτι

201 5525 424 5595 ἐκείνῳ,
453 5524 547 5578 καὶ
571 5524 652 5587 είς
680 5524 772 5577 τὸν
795 5523 933 5594 πρὸς
959 5523 1050 5578 τὸν
1080 5523 1212 5577 Θεὸν
1233 5523 1395 5577 πόθον
1421 5525 1612 5578 ἑαυτὸν
1642 5527 1881 5600 ἐκτείνῃ,

203 5613 360 5668 οὐδὲν
379 5613 572 5681 ἕτερον
595 5613 698 5682 δρᾷ
725 5611 834 5665 τῶν
865 5611 1182 5683 ὁρωμένων,
1206 5611 1344 5666 ἀλλά
1370 5611 1633 5682 διηνεκῶς
1677 5615 1882 5669 ἐκεῖνον

203 5698 542 5768 φαντάζεται
565 5698 660 5752 τὸν
687 5697 1039 5769 ποθούμενον,
1063 5699 1158 5752 καὶ
1183 5701 1241 5753 ἐν
1269 5701 1444 5763 νυκτὶ,
1477 5699 1570 5752 καὶ
1591 5701 1650 5751 ἐν
1675 5700 1878 5771 ἡμέρα,

205 5787 300 5840 καὶ
318 5785 729 5856 κοιταζόμενος,
755 5786 850 5838 καὶ
867 5785 1296 5857 διανιστάμενος.
1321 5787 1414 5856 Μὴ
1441 5787 1622 5840 τοίνυν
1661 5803 1722 5840 σε
1741 5787 1881 5853 ξενι-

207 5873 368 5940 ζέτω,
391 5875 442 5927 εἰ
479 5873 576 5926 καὶ
605 5873 638 5925 6
657 5872 866 5936 δίκαιος
897 5867 1052 5936 οὗτος
1074 5873 1223 5942 ἅπαξ
1245 5875 1364 5928 ἐκεῖ
1389 5873 1572 5936 τείνας
1591 5873 1760 5927 αὑτοῦ
1783 5875 1883 5945 τὴν

271 5977 402 6058 ςεις
437 5979 554 6032 ευ.
591 5982 648 6030 ει
681 5983 786 6030 sex'
819 5991 932 6028 mss.
983 5977 1158 6030 Ilorel.
1197 5978 1293 6027 τῶν
1324 5977 1553 6028 τοιούτων
1597 5979 1877 6042 περιγίνεται

211 6057 290 6090 και
325 6057 418 6090 τω.

1353 347 1418 400 ΙΝ
1448 349 1598 404 CAP.
1643 349 1708 403 Vl
1746 349 1990 406 GENES.
2033 349 2263 406 IIOMIL.
2305 349 2494 405 XXlll.

3555 347 3662 402 ευο

1987 467 2250 529 διάνοιαν,
2306 465 2522 527 οὐδενὸς
2557 463 2840 534 ἐφρόντιζε
2877 462 2986 517 τῶν
3049 461 3428 527 ὑποσκελίζειν
3453 463 3660 530 ἐπιχει-

1987 553 2242 624 ρούντων.
2277 554 2356 606 Τά
2389 553 2496 622 γάρ
2529 553 2659 622 παρ’
2697 550 2890 605 ἐαυτοῦ
2934 551 3366 620 ἐπιδειξάμενος,
3419 550 3514 604 καὶ
3558 549 3660 620 τὴν

1987 640 2193 694 ἄνωθεν
2228 641 2386 710 χάριν
2433 638 2878 707 ἐπισπασάμενος
2926 638 3198 709 ἀνώτερος
3249 637 3506 691 ἀπάντων
3541 637 3656 704 ἐγίς

1985 745 2106 780 νετο
2151 728 2276 782 Νῶε
2301 726 2428 798 γάρ,
2453 728 2636 796 φησὶν,
2659 724 2794 793 εὗρε
2821 725 2994 794 χάριν
3013 725 3290 778 ἐναντίον
3311 726 3531 798 Κυρίου
3553 724 3654 778 τοῦ

1989 814 2157 868 Θεοῦ.
2194 816 2250 867 ΕΞ
2275 815 2368 866 καὶ
2391 815 2540 885 πάσῃ
2570 817 2636 883 τῇ
2661 813 2767 866 τῶν
2789 813 2908 866 τότε
2932 811 3232 882 ἀνθρώπων
3270 812 3431 881 φύσει
3463 813 3563 864 οὐκ
3589 807 3654 880 ἦν

1987 902 2260 971 ἐπίχαρις.
2289 901 2410 954 οὐδέ
2437 901 2700 963 ποθεινὸς,
2730 901 2817 954 διὰ
2843 901 2902 954 τὸ
2935 900 3008 970 μὴ
3047 899 3328 968 βούλεσθαι
3361 900 3459 968 τὴν
3487 899 3654 966 αὐτὴν

1985 989 2169 1051 αὐτοῖς
2198 988 2402 1040 ὁδεύειν
2435 988 2572 1048 ὁδὸν,
2609 987 2742 1040 ἀλλά
2773 988 2908 1059 πρὸς
2939 989 3143 1040 ἐκεῖνον
3182 987 3273 1039 τὸν
3299 987 3397 1048 τὰς
3429 986 3654 1050 καρδίας

1985 1075 2354 1145 ἐμϐατεύοντα
2385 1076 2543 1146 χάριν
2567 1069 2716 1144 εὗρε,
2745 1076 2838 1128 καὶ
2867 1077 3072 1137 ἐκεῖνος
3101 1074 3268 1127 αὑτοῦ
3303 1074 3401 1144 τὴν
3430 1071 3654 1142 γνώμην

1987 1164 2302 1226 ἀπεδέξατο.
2342 1165 2407 1216 Τί
2457 1165 2588 1234 γὰρ.
2631 1165 2751 1216 εἰπέ
2781 1181 2891 1234 μοι,
2931 1163 3133 1233 βλάϐος
3156 1163 3406 1216 ἐντεῦθεν
3439 1163 3656 1231 ἐγένετο

1986 1253 2092 1303 ἀπὸ
2127 1253 2224 1320 τῆς
2249 1253 2356 1305 τῶν
2385 1251 2663 1322 ὁμογενῶν
2684 1251 2882 1320 χλεύης
2903 1252 2997 1302 καὶ
3018 1249 3111 1304 τοῦ
3139 1249 3537 1316 καταγέλωτος,
3560 1248 3655 1302 τοῦ

1985 1340 2288 1405 πλάσαντος
2319 1341 2416 1404 τὰς
2450 1341 2674 1411 καρδίας
2698 1341 2872 1410 ἡμῶν,
2922 1341 3018 1393 καὶ
3069 1339 3340 1401 συνιέντος
3369 1340 3448 1401 είς
3481 1339 3657 1392 πάντα

1985 1430 2052 1484 τὰ
2078 1431 2212 1502 ἔργα
2246 1431 2403 1500 ἡμῶν
2424 1471 2438 1493 ,
2485 1431 2951 1500 ἀνακηρύττοντος
2979 1429 3068 1482 τὸν
3124 1429 3288 1498 ἄνδρα
3339 1429 3432 1481 καὶ
3461 1445 3656 1495 στεφα-

1984 1517 2236 1582 νοῦντος;
2269 1519 2331 1570 Τί
2357 1517 2412 1570 δὲ
2432 1517 2622 1586 ὄφελος
2650 1515 2921 1587 ἀνθρώπῳ
2953 1516 3145 1583 γένοιτ’
3182 1516 3248 1568 ἂν
3298 1517 3450 1586 παρά
3476 1515 3658 1584 πάσης

1983 1605 2082 1673 τῆς
2103 1605 2425 1675 οἰκουμένης
2457 1604 2856 1674 θαυμαζομένῳ
2877 1604 2972 1658 καὶ
3003 1602 3398 1674 ἐπαινουμένῳ,
3429 1601 3578 1673 παρὰ
3598 1601 3656 1654 δὲ

1985 1691 2077 1744 τοῦ
2111 1691 2220 1743 τῶν
2249 1692 2384 1744 ὅλων
2403 1690 2736 1762 δημιουργοῦ
2784 1692 2877 1744 καὶ
2912 1691 3003 1744 τοῦ
3041 1691 3478 1761 άπαραλογίστου
3505 1689 3656 1742 δικα-

1988 1775 2112 1829 στοῦ
2141 1777 2233 1830 ἐπὶ
2265 1779 2364 1848 τῆς
2401 1777 2614 1848 ἡμέρας
2658 1778 2872 1848 ἐκείνης
2903 1777 3000 1848 τῆς
3037 1777 3276 1846 φοϐερᾶς
3309 1774 3654 1847 κρινομένῳς

1987 1864 2170 1920 Ταῦτα
2197 1866 2374 1919 τοίνυν
2395 1866 2614 1930 εἰδότες,
2641 1865 2937 1937 ἀγαπητοὶ,
2966 1864 3170 1936 μηδένα
3193 1864 3346 1932 λόγον
3375 1860 3656 1932 ποιώμεθα

1985 1957 2079 2009 τοῦ
2112 1957 2263 2028 παρὰ
2291 1957 2398 2009 τῶν
2422 1955 2726 2030 ἀνθρώπων
2771 1956 2994 2010 ἐπαίνου
3019 1996 3034 2017 ,
3073 1955 3206 2026 μηδέ
3237 1955 3336 2024 τὴν
3365 1953 3514 2024 παρά
3541 1949 3660 2004 τού-

1984 2061 2093 2096 των
2125 2045 2401 2114 εὐφημίαν
2435 2046 2498 2098 ἐκ
2541 2045 2742 2107 παντὸς
2771 2043 2975 2114 τρόπου
3011 2042 3286 2114 ζητῶμεν,
3319 2039 3453 2094 ἀλλά
3475 2039 3566 2093 καὶ
3588 2039 3656 2092 δι’

1985 2133 2190 2186 ἐκεῖνον
2232 2133 2392 2202 μόνον
2431 2132 2522 2184 τὸν
2555 2131 2815 2194 ἐτάζοντα
2851 2131 3078 2198 καρδίας
3118 2129 3210 2184 καὶ
3257 2127 3522 2198 νεφροὺς,
3565 2127 3660 2180 καὶ

1983 2221 2053 2272 τά
2079 2221 2176 2290 τῆς
2202 2221 2400 2290 ἀρετῆς
2418 2218 2553 2290 ἔργα
2577 2219 2873 2289 μετίωμεν,
2895 2221 2990 2272 καὶ¹
3011 2219 3106 2289 τὴν
3129 2217 3326 2271 κακίαν
3346 2215 3658 2284 φεύγωμεν.

2057 2309 2153 2361 Διά
2175 2309 2284 2378 γάρ
2313 2306 2471 2360 τοῦτο
2495 2309 2588 2360 καὶ
2611 2310 2640 2360 ὁ
2669 2307 2901 2376 Χριστὸς
2929 2305 3195 2360 παιδεύων
3220 2304 3366 2374 ἡμᾶς
3397 2305 3470 2373 μὴ
3493 2321 3660 2374 κεχη-

1985 2399 2134 2452 νέναι
2167 2399 2302 2468 πρὸς
2358 2398 2456 2462 τὰς
2504 2396 2658 2470 παρὰ
2685 2398 2796 2450 τῶν
2847 2395 3150 2468 ἀνθρώπων
3189 2394 3486 2463 εὐφημίας,
3520 2394 3658 2461 μετά

1989 2485 2156 2539 πολλά
2208 2485 2373 2556 ἓτερα
2433 2485 2736 2538 τελευταῖον
2769 2484 2862 2538 καὶ
2909 2481 3068 2535 τοῦτο
3113 2482 3383 2551 ἐπήνεγκε
3442 2478 3614 2547 λέγων
3639 2495 3654 2510 υ

1991 2575 2134 2628 οὐαὶ
2155 2572 2319 2642 ὑμῖν,
2355 2570 2500 2625 ὅταν
2523 2570 2722 2637 καλῶς
2753 2570 3006 2624 εἴπωσιν
3029 2567 3186 2636 ὑμᾶς
3204 2568 3426 2632 πάντες
3465 2570 3518 2620 οἱ
3556 2566 3662 2620 ἄν·

1987 2665 2222 2728 θρωποι.
2255 2659 2456 2712 Σκόπει
2488 2658 2604 2722 πῶς
2636 2658 2723 2712 διὰ
2745 2657 2862 2722 τοῦ,
2887 2655 3052 2720 Οὐαὶ,
3079 2657 3214 2728 ἡμῖν
3245 2655 3527 2723 ἐνεφάνισε
3559 2671 3654 2706 πο-

1987 2747 2133 2818 ταπὴ
2161 2749 2270 2809 τοῖς
2295 2745 2550 2810 τοιούτοις
2573 2746 2815 2800 κείσεται
2847 2745 3106 2814 τιμωρία.
3125 2743 3200 2796 Τὸ
3224 2747 3330 2814 γάρ
3353 2742 3476 2794 οὐαὶ
3503 2741 3661 2794 τοῦτο

1989 2835 2258 2904 θρηνῶδές
2299 2837 2448 2888 ἐστιν
2476 2833 2828 2902 ἐπίφθεγμα·
2864 2831 3149 2902 μονονουχὶ
3201 2831 3311 2902 γὰρ
3357 2828 3658 2892 ταλανίζων

1987 2922 2186 2986 αὐτούς
2225 2939 2387 2993 φησιν
2410 2937 2424 2952 ⁸
2451 2922 2598 2976 Οὐαὶ
2627 2920 2788 2990 ὑμῖν,
2821 2919 2968 2974 ὅταν
2993 2917 3192 2984 καλῶς
3221 2918 3474 2971 εἴπωσιν
3504 2914 3661 2984 ὑμᾶς

1987 3013 2210 3078 πάντες
2233 3016 2288 3067 οἱ
2324 3013 2640 3079 ἅνθρωποι.
2671 3011 2780 3064 Καὶ
2803 3011 2906 3080 ὅρα
2928 3008 3021 3062 τοῦ
3043 3007 3210 3080 ῥητοῦ
3233 3006 3329 3077 τὴν
3353 3005 3656 3077 ἀκρίϐειαν.

1987 3102 2100 3154 υύκ
2137 3097 2290 3154 εἶπεν
2329 3099 2536 3162 ἁπλῶς,
2589 3101 2638 3151 οἱ
2669 3097 2966 3168 ἄνθρωποι,
3017 3095 3172 3158 ἀλλὰ,
3215 3094 3442 3160 Πάντες
3467 3095 3521 3147 οί
3550 3092 3658 3146 ἄν·

1987 3191 2222 3256 θρωποι.
2249 3187 2382 3240 Οὐδέ
2414 3191 2524 3258 γάρ
2554 3180 2664 3240 οἷόν
2694 3203 2756 3238 τε
2781 3185 2872 3238 τὺν
2897 3183 3173 3256 ἐνάρετον,
3217 3182 3312 3236 καὶ
3341 3183 3439 3250 τὴν
3469 3179 3660 3250 στενὴν
3705 3239 3728 3262 ο

1985 3276 2082 3330 καὶ
2105 3275 2472 3348 τεθλιμμένην
2521 3273 2640 3326 ὁδὸν
2687 3272 2960 3336 ὁδεύοντα,
3011 3272 3106 3326 καὶ⁹
3131 3272 3254 3333 ταῖς
3293 3269 3534 3332 ἐντολαῖς
3565 3265 3663 3321 τοῦ

1987 3363 2222 3434 Χριστοῦ
2245 3362 2750 3424 κατακολουθοῦντα
2775 3379 2850 3414 πα
2858 3361 2924 3432 ρὰ
2947 3361 3162 3415 πάντων
3187 3358 3282 3413 ἀνθ
3291 3358 3486 3428 ρώπων
3503 3359 3658 3411 ἐπαι-

1986 3451 2197 3506 νεῖσθαι
2229 3453 2323 3503 καὶ
2359 3451 2753 3522 θαυμάζεσθαι.
2787 3449 2963 3520 Πολλὴ
2983 3449 3088 3518 γάρ
3115 3449 3212 3518 τῆς
3241 3447 3440 3510 κακίας
3475 3448 3508 3516 ἡ
3537 3445 3658 3498 ἐπί-

1987 3557 2160 3603 τασις,
2196 3540 2344 3610 καὶὴ
2383 3539 2520 3610 πρὸς
2545 3539 2645 3607 τὴν
2670 3537 2868 3608 ἀρετὴν
2911 3537 3244 3598 ἐναντίωσις.
3283 3533 3451 3597 Εἰδὼς
3500 3531 3594 3586 οὖν
3629 3534 3662 3584 ὁ

1985 3627 2282 3696 Δεσπότης,
2316 3627 2398 3680 ὃτι
2426 3624 2516 3679 τὸν
2553 3624 2692 3694 μετά
2722 3623 3006 3693 ἀκριϐείας
3029 3621 3126 3693 τὴν
3153 3621 3352 3692 ἀρετὴν
3383 3620 3657 3691 μετιόντα.

1988 3714 2202 3768 καὶτὸν
2253 3715 2382 3784 παρ’
2417 3710 2582 3766 αὐτοῦ
2641 3711 2801 3780 μόνον
2856 3709 3206 3780 ἐκδεχόμενον
3259 3708 3495 3773 ἔπαινον,
3550 3707 3658 3760 τῶν

1988 3800 2263 3852 ἀδυνάτων
2296 3799 2361 3854 ἂν
2387 3803 2472 3868 εῖη
2517 3800 2668 3870 παρά
2709 3799 2925 3852 πάντων
2959 3795 3261 3867 ἀνθρώπων
3295 3793 3654 3858 ἐπαινεῖσθαι,

1989 3887 2081 3941 καὶ
2132 3887 2312 3950 καλῶς
2359 3887 2598 3949 ἀκούειν,
2629 3886 2716 3940 διὰ
2773 3885 2931 3939 τοῦτο
2962 3883 3238 3946 ταλανίζει
3276 3884 3403 3946 τοὺς
3449 3881 3536 3934 διὰ
3565 3882 3662 3934 τὸν

1989 3973 2140 4045 παρά
2187 3973 2390 4028 τούτων
2447 3974 2668 4026 ἔπαινον
2697 3973 2794 4042 τῆς
2824 3973 3026 4044 ἀρετῆς
3052 3970 3404 4042 ἀμελοῦντας.
3451 3969 3516 4022 Ἥ
3548 3969 3658 4040 γὰρ

1989 4063 2140 4133 παρὰ
2190 4062 2404 4114 πάντων
2432 4061 2673 4133 εὐφημία
2703 4061 3002 4132 τεκμήριον
3052 4059 3117 4112 ἂν
3168 4060 3251 4128 είη
3287 4057 3540 4128 μέγιστον
3561 4055 3661 4110 τοῦ

1991 4149 2066 4220 μὴ
2101 4149 2266 4202 πολὺν
2297 4149 2397 4220 τῆς
2447 4149 2647 4218 ἀρετῆς
2695 4146 2851 4216 λόγον
2880 4145 3170 4200 ποιεῖσθαι.
3213 4146 3338 4208 Πῶς
3367 4146 3474 4216 γάρ
3509 4144 3662 4214 παρὰ

1989 4237 2204 4290 πάντων
2229 4235 2536 4307 ἐπαινεθείη
2565 4237 2593 4288 6
2616 4235 2893 4306 ἐνάρετος,
2929 4235 2978 4286 εί
3025 4232 3266 4303 βούλοιτο
3287 4232 3414 4295 τοὺς
3447 4231 3662 4285 ἀδικου-

1991 4324 2184 4394 μένους
2208 4323 2533 4394 ἐξαρπάζειν
2553 4323 2659 4374 τῶν
2677 4322 3024 4382 ἀδικούντων,
3047 4321 3172 4383 τοὺς
3189 4319 3660 4391 ἐπηρεαζομένους

1987 4410 2097 4462 τῶν
2131 4408 2317 4472 κακῶς
2345 4412 2516 4461 ποιεῖν
2549 4407 2921 4479 βουλομένων;
2953 4407 3119 4460 Πάλιν
3158 4409 3206 4460 εἰ
3237 4405 3480 4476 βούλοιτο
3515 4405 3660 4474 διορ·

1990 4495 2114 4548 θοῦν
2141 4496 2274 4558 τοὺς
2301 4494 2452 4567 [210]
2469 4496 2898 4567 ἁμαρτάνοντας,
2925 4494 3018 4546 καὶ
3045 4495 3286 4552 ἐπαινεῖν
3311 4492 3436 4555 τοὺς
3464 4507 3661 4561 κατορτ⁹

1990 4584 2236 4646 θοῦντας,
2266 4585 2366 4637 οὐκ
2392 4583 2538 4645 εἰκὸς
2571 4584 2698 4645 τοὺς
2748 4581 2847 4652 μὲν
2897 4582 3160 4641 ἐπαινεῖν,
3187 4580 3313 4642 τοὺς
3339 4578 3396 4631 δέ
3432 4577 3660 4646 ψέγειν;

1987 4671 2086 4724 Διὰ
2117 4671 2274 4724 τοῦτό
2302 4687 2464 4740 φησιν
2487 4686 2500 4700 ·
2535 4670 2677 4722 οὐαὶ
2702 4669 2858 4737 ὑμῖν,
2877 4667 3024 4721 ὅταν
3045 4667 3244 4732 καλῶς
3277 4663 3427 4733 ὑμᾶς
3445 4665 3658 4717 εἴπωσι

1989 4749 2211 4814 πάντες
2240 4753 2292 4802 οί
2321 4749 2638 4816 ἂνθρωποι.
2667 4749 2792 4810 Πῶς
2829 4745 2922 4800 οὖν
2941 4747 3042 4800 οὐκ
3067 4745 3216 4810 ἄξιον
3245 4742 3544 4812 θαυμάζειν
3562 4745 3660 4795 καὶ

1989 4828 2387 4899 ἐκπλήττεσθαι
2433 4827 2522 4880 τὸν
2559 4828 2763 4880 δίκαιον
2792 4826 3002 4890 τοῦτον,
3034 4826 3115 4878 ὅτι
3165 4825 3307 4893 ἅπερ
3350 4823 3378 4873 6
3423 4819 3658 4892 Χριστὸς

1989 4908 2428 4978 παραγενόμενος
2461 4905 2726 4968 ἐδίδασκε,
2756 4905 2926 4958 ταῦτα
2955 4901 3243 4974 προλαϐὼν
3265 4899 3369 4978 ὑπὸ
3395 4899 3488 4952 τοῦ
3513 4900 3568 4952 ἐν

1989 4977 2147 5054 φύσει
2172 4985 2491 5055 ἐγκειμένου
2517 4985 2682 5052 νόμου
2733 4981 3038 5044 παιδευθεὶς
3072 4980 3210 5050 μετὰ
3234 4977 3431 5048 πολλῆς
3465 4977 3655 5048 μετῄει

1987 5068 2086 5138 τῆς
2121 5066 2447 5136 ὑπερϐολῆς,
2502 5065 2594 5116 καὶ¹
2647 5063 2737 5116 τὸν
2763 5064 2913 5134 παρά
2950 5062 3058 5114 τῶν
3104 5059 3406 5132 ἀνθρώπων
3435 5057 3660 5114 ἔπαινον

1989 5143 2596 5220 ἀποπεμψάμενοςηδιά
2639 5142 2740 5212 τῆς
2780 5141 2886 5194 τῶν
2927 5139 3300 5220 βεϐιωμένων-
3330 5139 3530 5220 ἀρετῆς
3556 5139 3658 5208 τὴν

1987 5226 2139 5295 παρά
2164 5224 2242 5295 τῷ
2270 5223 2389 5294 Θεῷ
2422 5217 2579 5293 χάριν
2627 5221 2804 5292 εὑρεῖν
2838 5217 3174 5283 ἐσπούδαζε;
3211 5217 3340 5270 Νῶε
3367 5217 3496 5286 γὰρ,
3547 5233 3656 5286 φη·-

1990 5307 2094 5367 σὶν,
2121 5301 2260 5370 εὗρε
2287 5302 2466 5371 χάριν
2479 5299 2758 5354 ἐναντίον
2787 5298 3010 5365 Κυρίου
3049 5295 3154 5371 τοῦ
3186 5296 3356 5350 Θεοῦ.
3404 5295 3544 5348 Ἀλλ’
3571 5297 3652 5349 ὅτι

1991 5383 2090 5453 μὲν
2117 5383 2203 5436 διὰ
2223 5370 2323 5452 τὴν
2349 5378 2656 5452 προσοῦσαν
2679 5377 2829 5448 αὐτῷ
2857 5376 3055 5448 ἀρετὴν
3084 5370 3208 5448 εὗρε
3229 5376 3388 5447 χάριν
3413 5376 3654 5453 ἐναντίον

1987 5448 2192 5534 Κυρίου
2214 5448 2309 5515 τοῦ
2341 5448 2496 5523 Θεοῦ,
2523 5459 2821 5528 διηγήσατο
2861 5459 2990 5528 ἡμῖν
3029 5458 3058 5509 6
3107 5457 3404 5528 θαυμάσιος
3439 5448 3593 5519 οὗτος
3623 5455 3656 5496 δ

1989 5543 2272 5612 προφήτης
2298 5537 2489 5610 ἐνηχού
2497 5555 2656 5608 μενος
2688 5536 2792 5590 ὑπὸ
2815 5535 2908 5590 τοῦ
2942 5535 3096 5604 ἁγίου
3119 5534 3258 5588 Πνεύ
3265 5552 3434 5604 ματος
3449 5552 3461 5566 ·
3485 5535 3654 5604 ἀναγ-

1987 5623 2138 5674 καῖον
2161 5621 2218 5672 δέ
2248 5621 2342 5673 καὶ
2359 5620 2426 5671 τά
2457 5619 2582 5687 ἐξῆς
2607 5616 2872 5688 εἰρημένα
2891 5613 3250 5684 καταμαθεῖν,
3283 5615 3377 5667 καὶ
3403 5615 3531 5668 ἰδεῖν
3559 5615 3658 5668 καὶ

1985 5699 2082 5767 τὴν
2113 5698 2290 5768 ψῆφον
2339 5696 2436 5767 τὴν
2465 5695 2614 5765 παρά
2647 5696 2740 5748 τοῦ
2771 5693 2906 5748 Θεοῦ
2951 5693 3080 5763 περὶ
3120 5691 3285 5746 αὐτοῦ
3337 5691 3652 5763 γινομένην.

1985 5771 2171 5832 Αὗται
2193 5776 2280 5830 δὲ.
2313 5776 2494 5846 φησὶν,
2521 5776 2578 5828 αἱ
2601 5774 2866 5842 γενέσεις
2892 5771 3020 5826 Νῶε
3043 5785 3057 5800 ⁸
3080 5771 3208 5826 Νῶε
3229 5771 3537 5840 ἄνθρωπος
3561 5771 3652 5825 δί-

1991 5871 2180 5920 καιος,
2216 5854 2444 5918 τέλειος
2465 5850 2550 5906 ὢν
2565 5853 2636 5906 ἐν
2660 5851 2736 5920 τῇ
2757 5851 2932 5922 γενεᾷ
2958 5851 3144 5905 αὐτοῦ
3163 5865 3178 5882 ο
3197 5849 3280 5916 τῷ
3308 5850 3428 5916 Θεῷ
3447 5849 3653 5918 εὐηρέ-

1988 5951 2182 6002 στησε
2205 5932 2350 5988 Νῶε.
2383 5932 2542 5996 Ξένος
2574 5931 2919 6002 γενεαλογίας
2945 5929 3164 6002 τρόπος.
3203 5929 3446 5982 Είποῦσα
3469 5929 3577 6000 γὰρ
3615 5929 3652 6002 ἡ

2049 6041 2079 6079 ὶδ
2119 6039 2198 6088 Sic
2220 6038 2370 6089 Savil.
2406 6043 2459 6090 et
2475 6049 2562 6086 sex
2585 6049 2699 6086 mss.
2724 6035 2780 6088 In
2827 6033 3000 6084 Morel.
3041 6035 3069 6082 6
3110 6029 3338 6098 μακάριος
3369 6032 3522 6090 οὗτος.
