4038 6394
471 327 569 382 201

473 445 593 500 θεία
614 444 823 517 Γραφὴ,
855 441 1034 500 Αὖτηι
1058 444 1125 496 δὲ
1151 447 1211 496 αἱ
1246 443 1510 514 γενέσεις
1532 442 1676 507 Νῶε,
1713 445 1804 496 καὶ
1844 444 1938 501 τὰς
1968 439 2134 502 ἀκοὰς

472 534 628 603 ἡμῶν
656 533 1107 603 ἀναπτερώσασα,
1138 532 1212 594 ὡς
1248 532 1514 602 μέλλουσα
1543 531 1640 602 τὴν
1674 530 2017 598 γενεαλογίαν
2042 529 2135 580 αὑ-

471 622 564 674 τοῦ
597 622 914 691 διηγεῖσθαι,
943 621 1035 673 καὶ
1063 620 1144 683 τίς
1177 621 1274 688 μὲν
1299 620 1462 672 αὑτοῦ
1493 621 1674 689 πατὴρ
1700 620 1937 686 ἐγένετο,
1974 615 2136 668 πόθεν

472 709 530 761 δὲ
552 710 612 760 τὸ
644 710 799 775 γένος
821 709 1044 776 κατῆγε,
1073 707 1166 759 καὶ
1190 708 1337 768 ὅπως
1365 709 1443 768 εἰς
1469 705 1560 757 τὸν
1594 706 1704 773 ιϐίον
1738 703 2014 772 παρήχθη,
2043 702 2135 754 καὶ

473 796 541 848 τὰ
568 797 702 850 ἄλλα
724 795 956 857 ἅπαντα,
983 796 1126 864 ἅπερ
1155 794 1273 858 ἔθος
1293 797 1404 856 τοῖς
1434 794 1528 856 τάς
1549 792 1898 860 γενεαλογίας
1917 791 2135 859 ἐξηγου-

477 885 656 954 μένοις
703 884 1024 954 διηγεῖσθαι,
1056 883 1230 936 ταῦτα
1262 883 1440 936 πάντα
1485 881 1876 943 καταλιποῦσα,
1910 879 2004 932 καὶ
2036 879 2134 949 τῆς

473 971 758 1042 συνηθείας
804 972 1060 1041 ἀνωτέρω
1096 970 1394 1040 γενομένη,
1437 970 1600 1038 φησί⁸
1646 968 1776 1022 Νῶε
1825 968 2134 1036 ἅνθρωπος

470 1059 718 1125 δίκαιος,
753 1060 979 1122 τέλειος
1004 1061 1088 1111 ὢν
1116 1060 1186 1112 ἐν
1211 1058 1285 1126 τῇ
1314 1056 1488 1126 γενεᾷ
1516 1056 1702 1110 αὑτοῦ
1721 1073 1734 1086 ·
1773 1055 1853 1119 τῷ
1887 1053 2008 1119 Θεῷ
2036 1055 2127 1107 εὐ-

469 1149 767 1217 ηρέστησε
783 1148 924 1202 Νῶε.
948 1145 1097 1210 Εἶδες
1115 1147 1429 1215 θαυμαστὴν
1455 1144 1798 1212 γενεαλογίαν
1820 1162 1834 1208 ς
1857 1143 1999 1204 Νῶε,
2030 1159 2132 1211 φη-

472 1238 576 1300 σὶν,
611 1236 934 1304 ἅνθρωπος.
972 1235 1111 1303 Ὅρα
1142 1233 1233 1286 καὶ
1264 1233 1324 1285 τὸ
1372 1232 1545 1284 κοινὸν
1573 1233 1740 1300 δνομα
1788 1230 1889 1300 τῆς
1919 1230 2131 1299 φύσεως

470 1325 584 1378 ἀντ’
621 1323 894 1394 ὲγκωμίου
918 1322 993 1392 τῷ
1023 1321 1216 1392 δικαίῳ
1243 1321 1543 1390 γινόμενον.
1576 1318 1791 1388 Ἐπειδὴ
1807 1318 1913 1388 γὰρ
1937 1320 2131 1370 ἐκεῖνοι

471 1415 564 1467 καὶ
594 1414 654 1467 τὸ
691 1413 964 1483 ἄνθρωποι
1015 1407 1152 1463 εἰναι
1202 1410 1489 1463 ἀπώλεσαν
1533 1408 1620 1462 διὰ
1649 1409 1709 1461 τὸ
1753 1409 1889 1478 πρὸς
1938 1408 2005 1460 τά
2030 1408 2130 1477 τῆς

471 1502 670 1571 σαρκὸς
691 1501 880 1572 ἡδονὰς
907 1500 1204 1568 ὀλισθῆσαι,
1231 1492 1403 1560 οὗτος,
1425 1500 1606 1568 φησὶν,
1635 1500 1690 1550 ἐν
1721 1497 1955 1566 τοσούτῳ
1978 1497 2131 1566 δήμῳ

468 1591 562 1643 τοῦ
590 1590 872 1660 ἀνθρώπου
908 1589 1004 1659 τὴν
1029 1589 1207 1640 εἰκόνα
1233 1587 1473 1640 διέσωσε.
1500 1586 1667 1638 Τοῦτο
1692 1587 1799 1656 γάρ
1825 1585 2128 1657 ἄνθρωπος,

469 1680 594 1732 ὅταν
627 1679 826 1749 ἀρετὴν
861 1678 1033 1750 μετίῃ.
1073 1677 1205 1728 Οὐδὲ
1241 1677 1348 1744 γὰρ
1381 1673 1441 1726 τὸ
1473 1675 1685 1745 μορφὴν
1735 1675 1878 1743 ἔχειν
1917 1672 2008 1726 τοῦ
2040 1675 2132 1726 ἀν-

470 1765 710 1836 θρώπου,
741 1765 834 1818 καὶ
870 1765 1210 1834 ὀφθαλμοὺς,
1235 1765 1325 1817 καὶ
1358 1766 1499 1833 ρῖνα.
1534 1763 1628 1814 καὶ
1664 1761 1854 1830 στόμα,
1901 1762 1994 1814 καὶ
2038 1779 2131 1814 πα-

471 1853 642 1925 ρειὰς,
672 1854 853 1905 καὶτὰ
882 1851 1040 1904 λοιπὰ
1074 1851 1230 1920 μέλη,
1263 1851 1416 1904 τοῦτο
1440 1849 1722 1920 ἄνθρωπον
1760 1848 2126 1903 ἀποδείκνυσι·

468 1939 638 1993 ταῦτα
667 1939 775 2008 γάρ
803 1939 934 2010 μέλη
965 1938 1219 2007 τυγχάνει
1247 1937 1339 1991 τοῦ
1377 1936 1644 2006 σώματος.
1680 1937 1995 2007 ’Ἄνθρωπον
2023 1937 2131 2008 γὰρ

472 2029 672 2079 ἐκεῖνον
720 2026 783 2078 ἂν
835 2025 1164 2094 καλέσαιμεν
1201 2025 1292 2076 τὸν
1339 2025 1437 2096 τὴν
1486 2025 1666 2077 εἰκόνα
1697 2025 1790 2077 τοῦ
1843 2024 2129 2094 ἀνθρώπου

469 2112 814 2177 διασώζοντα.
845 2113 908 2164 Τί
935 2113 989 2165 δέ
1017 2115 1132 2165 ὲστι
1155 2111 1247 2164 τοῦ
1275 2110 1562 2182 ἀνθρώπου
1595 2114 1627 2182 ἠ
1668 2113 1863 2177 εἰκὼν;
1891 2114 1963 2166 Ἰῖὸ
1985 2113 2129 2182 λογι-

468 2201 564 2253 κδν
598 2197 753 2253 εἶναι.
784 2200 847 2252 Τί
881 2197 1006 2265 οὗν;
1039 2200 1200 2270 φησίν
1225 2217 1238 2231 ο
1273 2203 1466 2252 ἐκεῖνοι
1517 2201 1617 2253 οὑκ
1647 2201 1712 2254 ἂν
1759 2197 1868 2252 εἷεν
1894 2201 2127 2268 λογικοί;

479 2288 617 2340 ’Ἀλλ’
651 2289 711 2339 οὑ
733 2285 888 2339 τοῦτο
916 2288 1094 2357 μόνον,
1115 2287 1248 2340 ἀλλά
1271 2289 1363 2347 καὶ
1389 2287 1449 2340 τὸ
1485 2288 1735 2357 ἐνάρετον
1761 2283 1921 2345 εἰναι.
1957 2289 2047 2340 καὶ
2070 2289 2130 2340 τὸ

467 2376 531 2428 τὰ
567 2374 711 2428 κακά
764 2374 1090 2442 διαφεύγειν,
1140 2375 1234 2428 καὶ
1263 2375 1371 2427 τῶν
1401 2375 1616 2428 ἀτόπων
1653 2376 1839 2428 παθῶν
1888 2379 2126 2446 κρατεῖν,

467 2464 524 2515 τὸ
555 2467 672 2525 ταῖς
694 2463 930 2526 ἐντολαῖς
959 2463 1051 2515 τοῦ
1079 2463 1348 2518 Δεσπότου
1377 2463 1816 2529 κατακολουθεῖν,
1849 2465 2004 2516 τοῦτο
2033 2465 2128 2518 ἀν-

465 2549 701 2621 θρωπος.

533 2637 595 2692 δ’.
625 2639 734 2691 Καὶ
765 2640 850 2692 ἵνα
889 2640 1082 2710 μάθῃς,
1100 2639 1182 2692 ὅτι
1211 2639 1328 2704 ἔθος
1353 2643 1418 2711 τῇ
1443 2641 1631 2711 Γραφῇ
1657 2641 1780 2704 τοὺς
1809 2641 1907 2710 τὴν
1929 2640 2128 2693 κακίαν

467 2727 745 2796 μετιόντας
767 2727 862 2780 καὶ
890 2728 989 2796 τῆς
1025 2728 1221 2798 ἀρετῆς
1245 2727 1576 2797 ἀμελοῦντας
1615 2729 1746 2798 μηδὲ
1776 2729 1875 2798 τῆς
1913 2728 2006 2780 τοῦ
2037 2729 2129 2781 ἀν-

465 2813 680 2883 θρώπου
715 2817 1083 2885 προσηγορίας
1115 2815 1298 2878 ἀξιοῦν
1320 2857 1334 2879 ,
1369 2816 1532 2869 ἄκουε
1571 2816 1664 2868 τοῦ
1693 2815 1828 2868 Θεοῦ
1860 2817 2126 2885 λέγοντος,

464 2901 716 2972 καθάπερ
745 2903 869 2971 χθὲς
893 2903 1152 2973 ἐλέγομεν
1175 2918 1189 2931 ·
1225 2905 1305 2956 Οὐ
1332 2903 1418 2972 μὴ
1444 2905 1767 2972 καταμείνῃ
1803 2903 1869 2957 τὸ
1889 2903 2130 2971 Πνεῦμά

465 3006 579 3056 μου
605 2989 672 3041 ἐν
694 2989 812 3054 τοῖς
843 2990 1172 3057 ἀνθρώποις
1207 2993 1458 3054 τούτοις,
1494 2989 1590 3044 διὰ
1623 2990 1691 3043 τὸ
1723 2991 1874 3043 εῖναι
1906 2993 2128 3058 αὐτοὺς

465 3074 716 3142 σάρκας.
759 3073 902 3142 Ἐγὼ
940 3076 1068 3145 γὰρ,
1110 3077 1262 3144 φησί,
1318 3078 1455 3146 μετὰ
1497 3077 1596 3146 τῆς
1649 3077 1853 3146 σαρκὸς
1885 3079 1978 3130 καὶ
2028 3079 2127 3148 τῆς

379 3213 400 3234 ο
463 3165 640 3234 ψυχῆς
669 3165 767 3235 τὴν
801 3164 1048 3230 ἐξουσίαν
1075 3177 1101 3204 ι
1147 3165 1510 3235 ὲδωρησόιμην
1533 3183 1544 3194 ’
1582 3167 1735 3218 αὐτοὶ
1771 3167 1923 3230 δὲὼς
1951 3168 2127 3238 σάρκα

469 3251 631 3320 μόνον
664 3251 1074 3321 περικείμενοι,
1109 3251 1251 3304 οὑτω
1276 3253 1376 3321 τῆς
1402 3252 1546 3305 κατά
1583 3255 1680 3324 τὴν
1713 3255 1888 3325 ψυχὴν
1925 3257 2126 3326 ἀρετῆς

466 3337 793 3408 ἀμελοῦντες
825 3339 935 3392 ὅλοι
978 3339 1078 3408 τῆς
1125 3339 1327 3409 σαρκὸς
1356 3339 1540 3392 λοιπὸν
1583 3342 1867 3409 γεγόνασιν
1898 3343 1945 3398 ὶ).
1978 3343 2125 3416 [211]

467 3423 618 3491 Εἶδες
646 3427 761 3491 πῶς
787 3427 874 3480 διά
907 3427 1002 3498 τὴν
1030 3428 1229 3481 κακίαν
1264 3429 1442 3500 σάρκα
1464 3431 1660 3494 αὐτοὺς
1689 3431 1862 3495 καλεῖ,
1903 3435 1995 3485 καὶ
2026 3435 2128 3488 οὑκ

465 3514 782 3586 ἀνθρώπους
811 3532 824 3578 ;
862 3516 971 3568 Καὶ
997 3515 1156 3568 πάλιν
1179 3516 1460 3587 προϊοῦσα,
1491 3517 1564 3580 ὠς
1591 3519 1788 3572 αὐτίκα
1824 3520 1966 3589 μάλα
1994 3522 2128 3575 εἴσε-

465 3603 581 3668 σθε,
605 3604 707 3675 γῆν
729 3603 924 3666 αὐτοὺς
957 3603 1212 3673 ὀνομάζει
1239 3605 1270 3673 ἡ
1308 3603 1428 3657 θεία
1455 3605 1663 3676 Γραφὴ.
1681 3606 1766 3659 διὰ
1788 3608 1846 3660 τὸ
1881 3612 1989 3670 τοῖς
2012 3612 2128 3679 γηΐ-

463 3709 574 3756 νοις
597 3693 908 3762 φρονήμασι
948 3691 1484 3762 καταδεδαπανῆσθαι
1509 3711 1522 3723 ·
1555 3694 1686 3761 φησὶ
1712 3695 1839 3766 γὰρ,
1876 3697 2124 3764 Ἐφοάρη

463 3778 532 3832 δὲ
557 3781 594 3847 ἡ
619 3778 694 3847 γῆ
739 3781 1018 3831 ἐναντίον
1045 3779 1149 3832 τοῦ
1186 3779 1332 3832 Θεοῦ
1354 3797 1367 3809 ·
1400 3781 1460 3832 οὐ
1485 3781 1613 3851 περὶ
1643 3783 1740 3852 τῆς
1780 3785 1880 3853 γῆς
1911 3785 2009 3853 τῆς
2045 3788 2127 3838 αι,

467 3867 669 3937 σθητῆς
691 3867 944 3935 λέγουσα,
966 3867 1099 3919 ἀλλά
1129 3868 1254 3931 τούς
1277 3869 1621 3932 ἐνοικοῦντας
1643 3873 1744 3940 γῆν
1765 3871 2122 3941 όνομάζουσα.

478 3953 736 4026 Ἀλλαχοῦ
771 3955 826 4006 δὲ
847 3953 969 4006 οὑτε
996 3954 1193 4025 σάρκα,
1231 3954 1353 4007 οὑτε
1387 3956 1489 4024 γῆν
1520 3957 1797 4026 ὀνομάζει,
1835 3960 1954 4012 οὐδὲ
1987 3957 2124 4014 εἶναι

463 4043 660 4107 αὐτοὺς
686 4045 896 4114 ἡγεῖται
933 4045 987 4095 ἐν
1013 4043 1089 4113 τῷ
1133 4045 1358 4114 παρόντι
1396 4045 1517 4114 βίῳ,
1550 4045 1638 4098 διὰ
1685 4047 1744 4098 τὸ
1789 4049 1884 4117 τῆς
1924 4049 2126 4120 ἀρετῆς

464 4133 702 4202 ἐρήμους
732 4128 887 4185 εἶναι.
922 4133 1118 4186 ’Ἄκουε
1150 4132 1258 4203 γὰρ
1287 4131 1378 4185 τοῦ
1427 4137 1704 4203 προφήτου
1740 4135 2001 4203 βοῶντος,
2033 4141 2126 4192 καὶ

463 4218 712 4286 λέγοντος
767 4219 824 4272 ἐν
873 4220 1012 4292 μέση
1047 4222 1110 4289 τῇ
1171 4221 1504 4290 μητροπόλει
1551 4222 1659 4274 τῶν
1699 4223 2121 4294 Ἱεροσολύμων,

461 4309 597 4360 ὅπου
638 4309 893 4377 μυριάδες
923 4308 1202 4370 τοσαῦται,
1230 4311 1361 4362 ἕπου
1406 4311 1609 4381 ἄπειρα
1646 4310 1846 4382 πλήθη·
1873 4309 2121 4379 τΗλθον,

464 4394 561 4447 καὶ
608 4396 718 4448 οὐκ
749 4391 828 4464 ἦν
860 4396 1165 4462 ἅνθρωπος
1196 4409 1209 4423 ’
1241 4397 1523 4463 ἐκάλεσα,
1556 4399 1653 4452 κτιί
1699 4403 1810 4452 οὐκ
1843 4397 1919 4470 ἦν
1947 4406 1978 4455 ὁ
2008 4406 2122 4456 ὐπ-

462 4483 904 4550 ακουσόμενοςο
939 4485 1039 4535 οὐκ
1098 4485 1287 4555 ἐπειδὴ
1337 4485 1410 4556 μὴ
1463 4487 1735 4557 παρῆσαν,
1785 4489 1899 4540 ἀλλ’
1935 4491 2122 4561 ἐπειδὴ

463 4570 729 4638 παρόντες
751 4570 860 4622 τῶν
885 4571 958 4641 μὴ
983 4571 1264 4641 παρόντων
1293 4573 1443 4625 οὐδὲν
1473 4573 1697 4645 ἄμεινον
1720 4575 2000 4631 διέκειντο.
2019 4580 2124 4633 Καὶ

462 4657 623 4711 πάλιν
648 4657 896 4727 ἑτέρωθι,
922 4657 1327 4727 Περιδράμετε.
1358 4661 1509 4729 φησί,
1532 4662 1626 4715 καί
1659 4663 1834 4730 ἴδετε,
1873 4668 1922 4718 εἰ
1955 4666 2124 4721 ἔστιν

461 4739 550 4810 εἷς
585 4742 770 4797 ποιῶν
793 4745 967 4813 κρῖμα
993 4745 1090 4797 καὶ
1113 4744 1524 4814 δικαιοσύνην,
1554 4751 1650 4803 καί
1693 4752 1866 4817 ἵλεως
1891 4752 2122 4822 ἔσομαι.

531 4827 686 4894 Εἶδες
715 4831 832 4894 πῶς
864 4833 1069 4884 ἐκεῖνον
1103 4833 1262 4902 μόνον
1287 4830 1392 4886 οἶδε
1419 4837 1602 4888 καλεῖν
1624 4838 1910 4909 ἄνθρωπον
1935 4843 1966 4912 ή
1993 4843 2122 4910 ἁγία

459 4919 651 4991 Γραφὴ
680 4919 770 4972 τὸν
813 4920 911 4990 τὴν
951 4920 1152 4990 ἀρετὴν
1190 4921 1462 4990 μετιόντα,
1501 4924 1628 4987 τούς
1654 4925 1711 4976 δὲ
1756 4925 1976 4991 λοιποὺς
2001 4930 2123 4984 οὑδὲ

461 5003 600 5060 εἶναι
627 5006 859 5075 νομίζει.
892 5007 1028 5060 ἀλλά
1066 5009 1197 5060 ποτὲ
1225 5010 1324 5078 μὲν
1352 5011 1558 5080 σάρκας
1599 5013 1875 5083 ὀνομάζει,
1908 5018 2036 5070 ποτὲ
2067 5018 2123 5072 δὲ

459 5099 562 5166 γῆν
597 5112 612 5160 ς
651 5095 748 5148 Διά
778 5093 934 5147 τοῦτο
964 5096 1058 5149 καὶ
1102 5095 1194 5148 νῦν
1227 5097 1328 5166 τὴν
1381 5100 1733 5168 γενεαλογίαν
1776 5103 1869 5156 τοῦ
1913 5105 2122 5158 δικαίου

459 5182 762 5251 διηγεῖσθαι
791 5184 1234 5254 ἐπαγγελλομένη
1261 5186 1294 5255 ἡ
1318 5185 1437 5238 θεία
1464 5188 1651 5260 Γραφή
1684 5207 1849 5260 φησι·
1879 5195 2004 5247 Νῶε
2027 5194 2125 5247 ἄν.

461 5272 690 5335 θρωπος
708 5285 722 5298 ’
748 5261 902 5332 οὗτος
925 5270 1033 5340 γὰρ
1063 5271 1221 5340 μόνος
1241 5271 1547 5343 ἄνθρωπος,
1567 5277 1614 5327 οἰ
1640 5278 1696 5328 δὲ
1719 5278 1895 5332 λοιποὶ
1915 5283 2012 5334 οὐκ
2039 5284 2124 5336 ἄν.

460 5356 693 5427 θρωποι,
723 5357 860 5411 ἀλλά
910 5358 1122 5428 μορφὴν
1169 5360 1268 5429 μὲν
1317 5361 1535 5430 ἔχοντες
1591 5365 1895 5437 ἀνθρώπων
1922 5410 1936 5432 ,
1967 5375 2032 5442 τῇ
2067 5373 2123 5426 δὲ

461 5447 699 5517 πονηρίᾳ
731 5447 826 5517 τῆς
877 5448 1252 5516 προαιρέσεως
1298 5450 1396 5520 τὴν
1439 5452 1719 5520 εὐγένειαν
1764 5457 1863 5528 τῆς
1908 5460 2123 5528 φύσεως

461 5534 881 5605 προδεδωκότες,
914 5535 1010 5588 καὶ
1032 5537 1153 5588 ἀντὶ
1175 5535 1476 5608 ἀνθρώπων
1503 5542 1640 5611 πρὸς
1665 5544 1763 5616 τὴν
1789 5546 1896 5599 τῶν
1919 5547 2105 5620 θηρίου

517 5702 536 5727 ³
575 5700 630 5771 ιιι
673 5703 844 5761 Savil.,
872 5701 1046 5771 Morel.
1065 5709 1136 5771 _el_
1164 5717 1278 5752 mss.
1302 5705 1528 5771 omnibus
1551 5710 1616 5756 ita
1641 5710 1842 5771 legitur.
1872 5711 1967 5763 Pro
1992 5716 2124 5771 ἐξου-

455 5763 847 5831 σίανΑῆιιετρτεε
875 5765 998 5831 lqgil
1030 5766 1214 5824 οὐσίαν,
1240 5779 1351 5826 qua;
1379 5767 1526 5831 Ie_clio
1549 5763 1750 5831 optimi.

517 5828 548 5866 ο
569 5820 778 5898 Sayings
805 5840 876 5898 :_u
906 5825 1031 5898 Νοιε
1055 5820 1212 5874 υειιηί
1228 5820 1440 5898 g‘enjlivi
1465 5820 1764 5898 cum'verbq
1786 5834 2113 5898 Δευίισιειιίἱνο,

456 5899 567 5950 qum
607 5886 909 5950 significatur
954 5887 1165 5950 aliquem
1196 5886 1339 5950 ιιἰίρυὶ
1367 5890 1439 5937 rei
1481 5904 1675 5950 prorsus
1707 5893 1950 5948 addictum
1983 5886 2110 5950 esse:

459 5948 542 5997 Sic
564 5951 616 5996 el
653 5947 768 5996 alibi
795 5948 974 6008 sapius
992 5948 1042 5996 in
1065 5947 1140 6001 his
1171 5950 1221 5997 in
1247 5949 1458 6000 Genesin
1482 5947 1723 6004 Homiliis.
1752 5971 1771 6002 ι

2145 5650 2200 5678 κ.

1230 328 1287 384 S.
1329 327 1612 382 JOANNIS
1649 323 2135 383 CHIH'SOSTOMI
2174 320 2490 376 ARCIIIEP.
2529 319 3074 375 CONSTANTINOP.
3783 319 3874 374 202

2240 438 2463 506 ἀλογίαν
2491 437 2836 499 ἐκπεσόντες.
2859 437 2984 487 Ὀτι
3018 433 3126 505 γάρ
3160 432 3254 486 καί⁸
3275 430 3580 503 ἀνθρώποις
3613 434 3720 494 τοῖς
3745 435 3875 503 λογι-

2237 531 2351 591 κοῖς
2373 526 2663 590 ο,ὲπειδάν
2709 524 2846 594 πρὸς
2879 523 3079 576 κακίαν
3129 522 3485 583 ἀποκλίνωσι,
3523 523 3616 572 καί.
3639 521 3743 573 τῶν
3769 523 3878 574 ἀλό-

2235 632 2347 683 γων
2375 614 2564 668 παθῶν
2588 612 2918 682 αἰχμάλωτοι
2947 610 3230 678 γένωνται,
3254 608 3363 660 τῶν
3383 607 3586 678 θηρίων
3606 609 3702 667 τὰς
3726 626 3877 679 προτ-

2233 703 2462 773 ηγορίας
2511 699 2817 769 ἐπιτίθησιν
2851 698 3036 760 αὑτοῖς
3075 699 3107 768 ἡ
3139 695 3258 750 θεία
3304 694 3527 766 Γραφὴ,
3566 695 3724 748 ἀκουε
3763 695 3878 748 ποτὲ

2183 790 2336 859 ίμὲν
2391 787 2564 857 αὐτῆς
2602 785 2888 855 λεγούσης,
2939 785 3142 838 “Imma
3199 780 3553 850 θηλυμανεῖς
3596 780 3874 850 ἐγένοντο.

2237 876 2376 948 Ὀρα
2417 873 2533 937 πῶς
2589 873 2675 926 διὰ
2719 870 2819 941 τὴν
2863 869 3100 941 ἄμετρον
3128 868 3384 936 λαγνείαν
3413 868 3512 937 τὴν
3555 865 3649 919 τοῦ
3699 865 3877 933 ἀλόγου

2233 961 2607 1034 προσηγορίαν
2631 957 2962 1030 ἐπιτίθησιν.
2989 957 3212 1010 Ἀλλοτε
3239 957 3316 1020 δὲ,
3347 955 3450 1021 ἰὸς
3481 953 3748 1008 ἀσπίδων
3771 953 3878 1006 ὑπὸ

2230 1053 2302 1104 τὰ
2335 1051 2506 1118 χείλη
2537 1047 2767 1102 αὐτῶν·
2795 1044 3030 1101 ἐνταῦθα
3057 1045 3182 1108 τούς
3210 1043 3302 1097 τοῦ
3339 1042 3530 1113 θηρίου
3561 1041 3620 1094 τὸ
3666 1040 3876 1093 ὓπουλον

2231 1137 2326 1192 καὶ
2366 1136 2580 1207 δολερὸν
2624 1133 2995 1204 μιμουμένους
3045 1131 3320 1201 ἐμφαίνει.
3363 1129 3468 1183 Καὶ
3519 1128 3683 1181 πάλιν
3725 1127 3878 1190 κύνας

2232 1225 2414 1287 ἐνεοὺς
2441 1223 2662 1293 ἐτέρους
2691 1223 2867 1276 καλεῖ.
2887 1221 2996 1276 Καὶ
3021 1220 3203 1281 πάλιν,
3230 1218 3390 1273 Ὠσεί
3419 1215 3677 1279 ἀσπίδος
3692 1212 3876 1282 κωφῆς

2232 1312 2326 1364 καί
2355 1311 2636 1376 ,βοούσης
2661 1310 2731 1362 τὰ
2751 1304 2872 1362 ὦτα
2908 1307 3118 1374 αὐτῆς,
3152 1306 3278 1368 τοὺς
3317 1304 3453 1375 πρὸς
3501 1304 3602 1372 τὴν
3645 1301 3878 1353 διδασκα-

2230 1397 2348 1450 λίαν
2378 1397 2475 1466 τῆς
2497 1398 2697 1466 ἀρετῆς
2723 1395 2824 1458 τάς
2854 1393 3023 1456 ἀκοὰς
3055 1392 3501 1462 ἀποφράττοντας
3527 1385 3872 1455 αἰνιττομένη.

2233 1487 2338 1537 Καὶ
2373 1486 2540 1538 πολλά
2577 1484 2724 1554 εὖροι
2751 1501 2834 1546 τις
2868 1483 2933 1536 ἂν
2965 1482 3204 1550 ὀνόματα
3230 1477 3582 1546 ἐπιτιθέμενα
3617 1475 3761 1545 παρά
3790 1474 3878 1543 τῆς

2232 1573 2380 1636 θείας
2413 1573 2632 1643 Γραφῆς
2670 1574 2780 1632 τοῖς
2809 1570 2897 1623 διὰ
2947 1569 3218 1640 ρᾳθυμίαν
3264 1568 3401 1639 πρὸς
3437 1566 3504 1618 τὰ
3551 1565 3659 1617 τῶν
3690 1563 3877 1629 ἀλόγων

2232 1659 2700 1728 καταφερομένοις
2750 1656 2916 1725 πάθη.
2970 1655 3074 1709 Καὶ
3125 1656 3223 1708 οὐκ
3269 1656 3326 1706 ὲν
3367 1656 3434 1723 τῇ
3482 1651 3693 1720 Παλαιᾷ
3735 1650 3878 1719 μόνον

2232 1744 2387 1799 τοῦτο
2421 1745 2569 1796 ἔστιν
2606 1744 2751 1805 ἰδεῖν,
2782 1743 2916 1795 ἀλλά
2959 1743 3050 1796 καὶ
3093 1743 3149 1794 ὲν
3187 1743 3252 1811 τῇ
3300 1739 3491 1809 Καινῇ.
3546 1739 3740 1789 Ἀκουε
3781 1735 3878 1804 γὰρ

2230 1832 2324 1886 τοῦ
2356 1831 2665 1884 Βαπτιστοῦ
2709 1831 2954 1883 Ἰωάννου
2993 1829 3242 1896 λέγοντος
3269 1829 3379 1889 τοῖς
3423 1823 3715 1886 Ἰουδαίοις,
3745 1824 3878 1876 Γεν-

2229 1920 2463 1988 νήματα
2491 1917 2762 1987 ἐχιδνῶν,
2781 1918 2872 1983 τίς
2901 1915 3212 1979 ὑπέδειξεν
3238 1914 3379 1983 ὑμῖν
3403 1911 3618 1981 φυγεῖν
3651 1908 3764 1964 ἀπὸ
3782 1907 3878 1974 τῆς

2226 2008 2576 2077 μελλούσης
2622 2004 2846 2073 ὁργῆς;
2885 2001 3037 2066 Εἶδες
3067 2002 3182 2064 πῶς
3227 2003 3322 2054 καὶ
3361 2000 3602 2053 ἐνταῦθα
3637 1998 3731 2068 τῆς
3755 1996 3878 2064 γνώ-

2235 2113 2342 2165 μης
2372 2094 2552 2147 αὑτῶν
2587 2092 2648 2144 τὸ
2674 2091 2892 2162 δολερὸν
2920 2091 3030 2143 ἀπὸ
3058 2090 3158 2157 τῆς
3188 2088 3280 2141 τοῦ
3308 2087 3498 2158 θηρίου
3522 2082 3877 2155 προσηγορίας

2230 2170 2479 2253 ᾑνίξατος
2515 2179 2580 2232 Τί
2612 2175 2705 2232 οὖν
2761 2178 3124 2249 ἐλεεινότερον
3153 2175 3368 2243 γένοιτο
3405 2174 3514 2226 τῶν
3554 2171 3654 2242 τὴν
3699 2169 3879 2222 κακίαν

2233 2270 2546 2340 μετιόντων,
2572 2269 2701 2321 ὅταν
2724 2268 2816 2320 καὶ
2848 2266 3019 2334 αὐτῆς
3047 2267 3147 2334 τῆς
3170 2262 3549 2334 προσηγορίας
3587 2259 3682 2312 τοῦ
3714 2258 3878 2312 καλεῖο

2231 2358 2354 2411 σθαι
2396 2359 2672 2428 ἄνθρωποι
2714 2355 3149 2426 ἀποστερῶνται,
3198 2355 3293 2406 καὶ
3331 2352 3419 2404 διὰ
3467 2350 3632 2404 τοῦτο
3675 2347 3878 2402 πλείονα

2229 2447 2326 2517 τὴν
2371 2445 2637 2516 τιμωρίαν
2687 2445 2985 2513 ὑπέχωσιν,
3017 2444 3100 2496 ὅτι
3138 2441 3338 2504 πολλὰς
3380 2439 3488 2494 ἀπὺ
3535 2438 3636 2507 τῆς
3685 2434 3878 2503 φύσεως

2230 2534 2484 2604 ἀφορμὰς
2519 2533 2828 2601 δεξάμενοι,
2855 2530 3060 2593 ταύτας
3094 2528 3494 2601 προδεδώκασιν
3519 2526 3737 2585 ἑκόντες
3763 2522 3879 2572 ὑπο-

2231 2621 2486 2688 συρέντες
2525 2621 2620 2672 καὶ
2659 2619 2796 2690 πρὸς
2841 2619 2940 2689 τὴν
2981 2619 3182 2672 κακίαν
3221 2614 3650 2686 αὐτομολοῦντες
3685 2629 3704 2674 ;
3742 2607 3880 2663 Ἐπεὶ

2229 2707 2322 2761 οὐν
2349 2709 2398 2759 οἰ
2440 2708 2561 2760 τότε
2610 2709 2812 2770 πάντες
2842 2705 3096 2771 ἀναξίους
3132 2705 3358 2766 ἑαυτοὺς
3387 2703 3487 2772 τῆς
3521 2696 3878 2771 προσηγορίας

2229 2796 2570 2862 κατέστησαν
2593 2796 2688 2847 καὶ
2716 2793 2810 2847 τοῦ
2831 2791 3190 2864 ὀνομάζεσθαι
3219 2791 3514 2860 ἄνθρωποι,
3548 2790 3578 2840 ὁ
3605 2787 3661 2839 δὲ
3692 2785 3878 2842 δίκαιος

2227 2875 2378 2944 οὗτος
2399 2885 2454 2934 ὲν
2471 2882 2708 2948 τοσούτῳ
2729 2881 2932 2951 ἀρετῆς
2954 2879 3149 2949 αὐχμῷ
3173 2877 3440 2947 τοσαύτην
3462 2874 3772 2939 ἐπεδείξατο
3792 2870 3876 2938 τῆς

2228 2972 2432 3034 οἰκείας
2453 2972 2652 3041 ἀρετῆς
2667 2969 2815 3042 [212]
2829 2970 2926 3040 τὴν
2949 2969 3272 3038 ὑπερϐολὴν,
3289 2966 3574 3036 ἀρξαμένη
3596 2958 3876 3033 διηγεῖσθαι

2227 3063 2260 3129 ἡ
2293 3059 2411 3111 θεία
2441 3060 2630 3127 Γραφὴ
2668 3056 2760 3110 τοῦ
2809 3057 2999 3128 ἀνδρὸς
3046 3059 3145 3121 τὴν
3181 3054 3529 3124 γενεαλογίαν
3573 3056 3743 3119 φησί·
3768 3046 3879 3103 Νῶε

2229 3148 2296 3200 δὲ
2321 3147 2647 3212 ἄνθρωπος.
2668 3147 2822 3201 Ἔστι
2846 3148 2936 3200 καὶ
2963 3146 3047 3199 ἐπ’
3074 3145 3230 3199 ἄλλου
3255 3145 3462 3199 δικαίου
3487 3141 3694 3210 ταύτην
3720 3139 3878 3208 εὑρεῖν

2228 3236 2325 3304 τὴν
2359 3233 2730 3304 προσηγορίαν
2766 3233 2885 3285 ἀντὶ
2936 3235 3192 3302 μεγίστου
3235 3230 3510 3300 ὲγκωμίου
3547 3227 3877 3297 ἐγκειμένην.

2229 3323 2323 3375 καὶ
2341 3321 2446 3391 πρὸ
2469 3321 2575 3372 τῶν
2592 3321 2764 3374 ἀλλων
2794 3321 3020 3374 ἀπασῶν
3042 3322 3148 3373 ἀπὸ
3169 3319 3374 3388 ταύτης
3398 3321 3496 3387 τῆς
3528 3311 3879 3386 προσηγορίας

2226 3399 2753 3469 ἀνακηρυττόμενον,
2789 3400 2882 3452 τὸν
2913 3399 3010 3470 τὴν
3049 3400 3248 3470 ἀρετὴν
3282 3397 3418 3467 μετά
3458 3394 3741 3465 ἀκριϐείας
3772 3394 3877 3444 ὲπι-

2225 3479 2593 3547 δεικνύμενον.
2632 3480 2729 3540 Τίς
2771 3475 2863 3531 οὖν
2910 3479 3089 3537 ὲστινς
3140 3478 3196 3531 ’0
3235 3475 3501 3546 μακάριος
3545 3473 3698 3537 Ἰὼὸ,
3737 3473 3764 3524 ό
3793 3470 3878 3537 τῆς

2227 3559 2508 3622 εὐσεϐείας
2532 3556 2786 3627 ἀθλητὴς.
2805 3558 2833 3610 ό
2863 3561 2961 3628 τῆς
2977 3557 3303 3627 οἰκουμένης
3327 3554 3673 3623 στεφανίτης,
3691 3554 3718 3605 ὀ
3741 3551 3879 3622 μόνος

2227 3639 2292 3692 τά
2319 3640 2595 3709 ἀνήκεστα
2621 3639 2805 3690 ἐκεῖνα
2851 3636 3148 3704 ὑπομείνας
3169 3677 3183 3698 ,
3217 3635 3312 3688 καὶ
3348 3634 3417 3686 τά
3449 3633 3623 3704 μυρία
3649 3632 3772 3701 βέλη
3802 3631 3878 3682 δε-

2229 3718 2458 3786 ξάμενος
2493 3718 2645 3789 παρὰ
2676 3717 2768 3769 τοῦ
2801 3715 3039 3787 πονηροῦ
3073 3717 3322 3786 δαίμονος
3352 3715 3586 3771 ἐκείνου,
3605 3715 3696 3764 καὶ
3722 3712 3879 3780 ἀτρω·

2225 3817 2313 3862 τος
2334 3799 2634 3866 διαμείνας,
2663 3798 2756 3850 καὶ
2782 3797 3033 3868 καθάπερ
3060 3797 3271 3865 ἀδάμας
3311 3813 3392 3859 τις
3413 3794 3560 3846 οὑτω
3591 3795 3765 3855 πάσας
3792 3791 3878 3852 τάς

2226 3879 2529 3948 προσϐολὰς
2551 3881 2792 3944 ἐνεγκεῖν
2815 3878 3079 3947 δυνηθεὶς,
3099 3879 3193 3929 καὶ
3214 3879 3271 3929 οὐ
3300 3877 3457 3946 μόνον
3473 3875 3534 3927 οὐ
3558 3875 3878 3927 καταϐαπτι-

2228 3959 2369 4020 σθείς
2402 3958 2505 4010 ὑπὸ
2547 3957 2654 4009 τῶν
2689 3956 2959 4008 τοσούτων
3001 3957 3282 4024 κυμάτων,
3311 3956 3446 4008 ἀλλά
3487 3955 3582 4007 καὶ
3629 3953 3879 4020 ἀνώτερςς

2224 4037 2332 4086 τῶν
2373 4037 2632 4105 κυμάτων
2662 4034 2951 4104 γενόμενος
2974 4053 2986 4065 ’
3025 4035 3116 4086 καὶ
3145 4035 3213 4087 τὰ
3247 4037 3345 4103 τῆς
3383 4033 3709 4102 οἰκουμένης
3747 4029 3874 4098 πάθη

2226 4116 2282 4165 ὲν
2317 4115 2391 4182 τῷ
2412 4115 2595 4182 οἰκείῳ
2635 4113 2847 4182 σώματι
2879 4113 3194 4182 δεξάμενος.
3214 4113 3386 4184 ταύτῃ
3413 4112 3615 4182 μᾶλλον
3648 4108 3875 4179 λαμπρὸ-

2225 4209 2378 4260 τερος
2414 4192 2770 4246 ἁνεδείκνυτο.
2806 4193 2879 4243 UO
2925 4193 3084 4260 μόνον
3113 4192 3223 4261 γάρ
3257 4192 3317 4243 οὐ
3361 4191 3704 4258 κατέπτηξεν
3733 4189 3877 4242 αὑτὸν

2227 4272 2258 4338 ἡ
2298 4270 2544 4339 συνέχεια
2573 4270 2668 4338 τῆς
2702 4270 2808 4322 τῶν
2833 4271 3020 4322 δεινῶν
3069 4270 3324 4339 ἐμϐολῆς,
3355 4269 3491 4323 ἀλλά
3541 4271 3634 4322 καὶ
3664 4271 3740 4330 εἰς
3773 4265 3877 4335 μεί-

2227 4349 2353 4412 ζονα
2384 4349 2731 4418 εὐχαριστίαν
2783 4349 2946 4402 αὑτὸν
2987 4349 3248 4418 διήγειρε,
3285 4350 3378 4401 καὶ
3403 4349 3469 4402 δι’
3510 4349 3759 4402 ἁπάντων
3789 4345 3876 4414 τὴν

2225 4429 2428 4480 οἰκείαν
2451 4428 2870 4498 εὐγνωμοσύνην
2900 4429 3266 4489 ἐπεδείκνυτο,
3303 4429 3522 4498 καιρίαν
3559 4429 3637 4498 τῷ
3665 4426 3876 4494 διαϐόλῳ

2224 4506 2395 4570 διδοὺς
2423 4507 2519 4576 τὴν
2552 4506 2762 4576 πληγὴν
2785 4547 2798 4569 ,
2829 4507 2924 4559 καλ⁸
2951 4507 3162 4569 δεικνὺς
3198 4508 3272 4570 ὡς
3307 4509 3590 4576 ἀνηνύτοις
3629 4506 3875 4576 ἐπιχειρεί

2225 4587 2319 4638 καὶ
2348 4587 2484 4656 πρὸς
2516 4585 2716 4655 κέντρα
2760 4585 3024 4649 λακτίζει.
3059 4585 3260 4639 Τοῦτον
3283 4587 3459 4639 τοίνυν
3492 4587 3585 4638 τὸν
3616 4587 3762 4653 ἆγιον
3793 4584 3875 4636 καὶ

2225 4665 2331 4735 πρὸ
2355 4665 2462 4717 τῶν
2487 4665 2662 4717 ἄθλων
2685 4665 2778 4716 καὶ
2807 4665 2912 4735 πρὸ
2933 4665 3038 4716 τῶν
3064 4665 3289 4730 ἀγώνων
3311 4665 3418 4717 τῶν
3443 4665 3713 4716 τοσούτων
3734 4664 3874 4713 ἐπαι-

2223 4744 2328 4796 νῶν
2360 4746 2388 4796 ό
2422 4741 2800 4812 φιλάνθρωπος
2842 4743 2974 4805 Θεὸς
3014 4745 3106 4795 καὶ
3144 4744 3558 4812 ἀνακηρύττων,
3593 4745 3723 4813 φησί
3756 4742 3875 4811 πρὸς

2222 4823 2312 4876 τὸν
2372 4822 2646 4876 διάϐολονο
2690 4823 3033 4890 Προσέσχες
3064 4821 3137 4890 τῇ
3175 4821 3404 4890 διανοίᾳ
3442 4841 3558 4877 σου
3602 4823 3680 4886 τῷ
3720 4819 3872 4886 θερά-

2225 4903 2398 4954 ποντί
2416 4919 2534 4969 μου
2570 4900 2716 4962 Ἰὼϐ,
2751 4899 2838 4952 ὅτι
2872 4903 2980 4954 οὐκ
3013 4900 3144 4953 ἐστι
3186 4904 3312 4954 κατ’
3342 4903 3529 4954 αὐτὸν
3585 4904 3875 4969 ἅνθρωπος

2224 4980 2339 5033 τῶν
2367 4979 2465 5032 ἐπὶ
2500 4979 2606 5045 τῆς
2624 4977 2757 5044 τῆς,
2786 4977 3093 5046 ἅνθρωπος
3117 4980 3437 5047 ἄμεμπτος,
3463 4980 3712 5041 δίκαιος,
3750 4980 3874 5039 ἄλης

2223 5059 2406 5123 θινὸς,
2439 5058 2756 5121 θεοσεϐὴς,
2793 5059 3164 5125 ἀπεχόμενος
3198 5059 3315 5111 ἀπὸ
3367 5060 3593 5124 παντὸς
3631 5059 3870 5126 πόνηρε.)

2223 5137 2591 5205 πράγματος;
2609 5132 2761 5198 Εἶδες
2786 5137 2878 5188 καὶ
2904 5136 3088 5188 τοῦτον
3117 5136 3225 5188 ἀπὸ
3249 5137 3339 5189 τοῦ
3363 5137 3538 5190 κοινοῦ
3562 5139 3660 5206 τῆς
3677 5136 3872 5205 φύσεως

2223 5218 2484 5286 ὀνόματος
2506 5215 2768 5285 πρότερον
2789 5215 3322 5283 ἀνακηρυττόμενονς
3345 5216 3708 5284 Προσέσχες,
3730 5215 3866 5284 φησί,

2221 5292 2302 5358 τῷ
2339 5293 2654 5360 θεράποντί
2673 5309 2790 5360 μου
2834 5290 2955 5346 Ἰὼϐ
2983 5331 2998 5354 ,
3030 5291 3118 5345 ὅτι
3150 5295 3260 5345 οὐκ
3298 5294 3468 5346 ἐστιν
3495 5294 3698 5362 ὅμοιος
3726 5290 3869 5356 αὺτῷ

2222 5371 2567 5438 ἀνθρωπος;
2604 5371 2712 5423 Καὶ
2755 5370 2860 5440 μὴν
2915 5368 3151 5432 ἅπαντες
3196 5371 3393 5439 ὅμοιοι,
3433 5372 3548 5425 ἀλλ’
3583 5373 3702 5442 οὑχί
3743 5371 3869 5424 κατά

2222 5450 2318 5520 τὴν
2358 5451 2578 5520 ἀρετὴν,
2597 5451 2730 5502 ἀλλὰ
2759 5449 2896 5502 κατὰ
2929 5449 3018 5501 τὸν
3046 5453 3143 5519 τῆς
3173 5451 3383 5521 μορφῆς
3417 5451 3571 5519 λόγον
3606 5469 3618 5482 ·
3646 5453 3705 5504 οὐ
3728 5449 3868 5503 τοῦτο

2221 5532 2278 5585 δὲ
2306 5531 2610 5602 ἄνθρωπος,
2635 5530 2748 5584 ἀλλ’
2777 5532 2905 5582 ὅταν
2941 5548 3024 5594 τις
3051 5532 3247 5594 κακίας
3274 5533 3612 5602 ἀπεχόμενος
3638 5534 3730 5603 τὴν
3754 5534 3868 5601 ἀρε-

2228 5609 2317 5680 τὴν
2351 5611 2528 5680 μετίῃ.

2291 5687 2350 5741 ε’.
2379 5683 2531 5749 Εἶδες
2562 5687 2712 5748 τίνας
2746 5685 3064 5756 ἀνθρώπους
3087 5683 3195 5739 οἵδε
3231 5687 3415 5740 καλεῖν
3451 5691 3482 5758 ἡ
3515 5689 3632 5743 θεία
3654 5688 3861 5761 Γραφής

2227 5766 2323 5817 Διά
2349 5766 2505 5818 τοῦτο
2536 5767 2630 5818 καὶ
2663 5765 2721 5830 ἐξ
2742 5766 2916 5834 ἀρχῆς
2949 5763 3071 5816 ἰδὼν
3099 5766 3187 5818 τὸν
3222 5766 3312 5819 ὑπ’
3347 5768 3514 5821 αὑτοῦ
3552 5768 3864 5838 δημιουργη-

2223 5845 2382 5898 θέντα
2412 5847 2440 5898 ό
2459 5845 2565 5897 τῶν
2595 5845 2731 5898 ὅλων
2758 5844 3034 5914 Δεσπότης
3062 5843 3215 5912 ἔλεγε
3238 5860 3252 5874 ·
3281 5846 3630 5916 Ποιήσωμεν
3664 5847 3862 5916 ἄνθρω-

2284 5969 2306 5996 ε
2334 5964 2482 6015 Savil.
2509 5971 2560 6016 et
2586 5979 2672 6016 sex
2697 5979 2809 6016 mss.
2833 5966 3099 6030 ἀνθρώπως
3118 5965 3226 6023 τοὺς
3246 5968 3456 6030 λογικοῦ.
3553 5993 3560 5999 -
