4038 6394
264 323 368 382 ωε

263 440 459 505 placuit
490 439 622 494 Noe.
654 439 826 494 Rarus
851 449 904 493 et
931 452 1104 493 novus
1132 439 1457 508 genealogue
1485 437 1695 493 modus.
1727 439 1858 494 Nam

260 542 320 585 ut
355 531 537 587 divina
564 533 836 602 Scriptura
862 532 1014 595 dixit,
1047 531 1147 586 Ha:
1171 541 1290 586 sunt
1327 533 1672 603 generationes
1700 532 1816 586 Noe
1842 548 1860 588 :

255 633 314 678 et
343 639 509 679 aures
551 635 764 679 nostras
804 623 1080 689 excitavit,
1130 624 1279 691 quasi
1322 623 1686 694 genealogiam
1717 624 1860 680 illius

255 725 564 780 narratura,
597 725 652 770 et
678 717 798 786 quis
835 715 954 785 ejus
991 725 1144 785 pater
1189 713 1368 778 fuerit,
1409 723 1465 770 et
1507 715 1650 770 unde
1691 731 1860 785 genus

253 808 496 874 duxerit,
526 819 580 864 et
605 807 878 879 quomodo
910 808 962 862 in
996 808 1134 862 hanc
1175 808 1337 862 vitam
1381 806 1541 863 fuerit
1568 808 1762 874 editus,
1803 816 1860 863 et

257 902 357 955 alia
387 911 582 956 cuncta
612 917 732 972 quae
758 915 874 955 mos
900 912 983 956 est
1017 903 1358 972 genealogias
1385 903 1725 957 narrantibus
1764 916 1854 957 re-

250 1008 482 1048 rensere
508 1011 522 1047 τ
550 993 750 1048 relictis
779 1003 953 1047 tamen
977 993 1080 1048 illis
1100 994 1369 1060 omnibus,
1397 1002 1452 1048 et
1470 993 1694 1047 aliorum
1720 1007 1854 1047 con-

249 1083 540 1139 suetudine
585 1084 854 1153 superior,
898 1084 1116 1153 inquit:
1153 1082 1272 1137 Noe
1309 1083 1457 1137 homo
1478 1084 1651 1153 justus
1678 1100 1697 1136 .°
1734 1100 1853 1152 per-

248 1180 416 1242 fectus
454 1175 508 1228 iu
552 1177 874 1246 generatione
901 1192 994 1229 sua
1038 1190 1057 1228 :
1103 1175 1208 1229 Deo
1250 1177 1439 1246 placuit
1478 1174 1612 1228 Noe.
1663 1175 1850 1230 Vidisti

244 1264 626 1321 admirabilem
653 1266 1064 1336 genealogiam?
1092 1265 1226 1330 Noe,
1271 1268 1460 1336 inquit,
1505 1267 1672 1320 homo.
1721 1267 1850 1322 Vide

237 1360 410 1413 etiam
442 1371 646 1413 natura:
672 1374 957 1414 commune
985 1374 1178 1413 nomen
1213 1375 1306 1428 pro
1333 1358 1492 1414 laude
1528 1358 1658 1428 justi
1687 1375 1848 1414 usur-

241 1460 453 1519 patum.
489 1451 620 1506 Nam
649 1452 771 1520 quia
794 1452 974 1505 caeteri
1003 1453 1072 1505 ob
1095 1452 1339 1504 carnales
1377 1452 1698 1520 voluptates,
1729 1453 1848 1521 qui-

238 1542 346 1596 bus
375 1542 614 1597 immersi
647 1552 818 1604 erant,
851 1543 1142 1595 amiserant
1167 1557 1288 1596 esse
1316 1541 1558 1594 homines
1588 1559 1600 1595 :
1631 1542 1748 1608 iste,
1775 1543 1846 1596 in-

235 1637 381 1700 quit,
429 1634 480 1686 in
529 1641 677 1686 tanto
728 1633 924 1701 populo
972 1631 1206 1686 hominis
1255 1633 1537 1702 imaginem
1591 1635 1840 1686 servavit.

235 1723 396 1777 Tunc
420 1725 619 1794 quippe
649 1723 810 1777 homo
835 1733 936 1788 est,
962 1722 1177 1792 quando
1203 1724 1453 1778 virtutem
1479 1723 1627 1778 colit.
1662 1724 1843 1794 Neque

233 1817 387 1870 enim
415 1817 652 1886 speciem
679 1814 876 1870 habere
901 1815 1154 1883 hominis,
1179 1826 1232 1870 et
1253 1818 1462 1882 oculos,
1491 1825 1548 1872 et
1572 1832 1751 1884 nares,
1787 1827 1843 1872 et

231 1923 321 1971 os,
356 1918 409 1964 et
430 1924 618 1978 genas,
646 1919 700 1964 et
734 1919 930 1964 eanera
957 1909 1219 1974 membra,
1262 1909 1364 1964 hoc
1408 1910 1677 1964 hominem
1720 1926 1840 1966 esse

231 2003 477 2057 ostendit
517 2021 531 2057 :
566 2002 681 2058 lucc
723 2005 867 2060 enim
914 2004 1152 2060 membra
1190 2012 1316 2058 sunt
1352 2005 1615 2072 corporis.
1657 2004 1839 2058 llomi-

230 2111 362 2150 nem
404 2097 554 2150 illum
595 2097 848 2162 dicimus,
887 2098 982 2168 qui
1024 2097 1310 2167 imaginem
1356 2095 1590 2151 hominis
1636 2098 1835 2152 salvam

228 2190 454 2244 retinet.
492 2189 625 2258 Qua:
651 2201 829 2246 autem
859 2199 943 2245 est
969 2191 1145 2260 imago
1188 2189 1459 2244 hominis?
1496 2189 1830 2244 Rationalem

225 2299 374 2339 esse.
406 2283 546 2350 Quid
580 2283 749 2355 ergo?
786 2298 968 2338 annon
1015 2291 1071 2339 et
1115 2282 1192 2336 illi
1242 2280 1459 2336 fuerunt
1503 2281 1831 2336 rationales?

225 2377 433 2431 Verum
478 2393 586 2432 non
632 2377 737 2432 hoc
765 2377 941 2432 solum
973 2375 1131 2431 luerit
1160 2375 1430 2430 hominem
1472 2390 1610 2438 esse,
1643 2374 1737 2429 sed
1777 2383 1833 2429 et

224 2468 518 2523 virtutibus
545 2483 664 2524 esse
689 2468 947 2535 deditum,
979 2477 1034 2523 et
1057 2469 1181 2522 vitia
1211 2466 1416 2538 fugere,
1447 2476 1502 2522 et
1527 2467 1728 2522 illicitis
1753 2467 1834 2520 ai-

222 2561 554 2618 l'ecuonibus
595 2562 884 2632 imperare,
925 2570 981 2618 et
1018 2560 1284 2617 mandatis
1307 2561 1592 2616 dominicis
1617 2561 1828 2616 obtem-

222 2667 438 2722 perare,
475 2653 579 2708 hoc
607 2661 690 2709 est
719 2668 840 2708 esse
867 2653 1165 2709 hominem.

293 2746 350 2799 ιι.
400 2744 670 2814 Improbos
720 2762 823 2799 non
867 2745 1093 2798 homines
1142 2744 1367 2814 appellat
1420 2743 1710 2813 Scriptura.
1755 2773 1826 2783 —

220 2837 392 2890 Porro
423 2847 482 2892 ut
505 2837 681 2892 discas
713 2852 916 2892 morem
948 2852 1068 2891 esse
1095 2835 1418 2907 Scripturze,
1453 2847 1512 2891 ut
1540 2837 1681 2892 vitiis
1708 2845 1822 2891 stu-

217 2928 413 2982 dentes
477 2936 536 2982 et
601 2928 850 2983 virtutem
896 2928 1226 2999 negligentes
1281 2927 1555 2983 hominum
1607 2929 1824 2984 nomine

217 3035 414 3074 vocare
453 3035 558 3072 non
605 3020 888 3089 dignetur,
920 3019 1043 3074 audi
1091 3019 1255 3074 Deum
1301 3019 1641 3090 loquentem,
1682 3021 1822 3076 sicut

219 3110 339 3163 heri
399 3109 760 3164 dicebamus:
795 3109 919 3163 Non
965 3110 1272 3180 permanebit
1319 3109 1545 3177 Spiritus
1588 3127 1728 3165 meus
1766 3111 1819 3166 in

211 3202 507 3257 hominibus
556 3203 698 3268 istis,
731 3219 786 3257 eo
825 3203 963 3274 quod
985 3203 1086 3273 ipsi
1109 3219 1286 3258 carnes
1313 3213 1429 3257 sunt
1455 3202 1614 3276 (Gen.
1638 3203 1690 3260 6.
1719 3205 1753 3259 3

215 3293 332 3360 Ego
358 3294 528 3359 enim,
558 3293 741 3349 dicere
765 3294 894 3358 vult,
921 3294 1271 3350 substantiam
1297 3311 1362 3350 ex
1385 3310 1545 3351 carne
1565 3304 1620 3351 et
1638 3298 1815 3352 anima

213 3389 321 3440 illis
361 3387 483 3442 dedi
522 3406 535 3441 :
578 3387 680 3457 ipsi
709 3395 887 3444 autem
929 3387 1080 3459 quasi
1123 3389 1234 3444 sola
1275 3403 1440 3444 carne
1465 3390 1811 3457 circumdati,

210 3482 282 3533 ita
315 3481 542 3535 virtutes
569 3480 732 3534 animi
761 3481 1032 3552 negligant
1052 3521 1067 3546 ,
1096 3489 1151 3536 et
1177 3482 1344 3536 solam
1374 3496 1590 3536 carnem
1620 3482 1814 3538 deinde

206 3583 508 3628 sectantur.
557 3573 744 3628 Vidisti
787 3573 1057 3644 quomodo
1081 3573 1152 3629 ob
1190 3575 1444 3629 malitiatn
1471 3590 1686 3631 carnem
1715 3591 1810 3632 eos

209 3676 370 3720 vocat
395 3675 450 3720 et
476 3681 584 3720 non
613 3665 861 3720 homines
885 3664 908 3718 ?
939 3666 1002 3720 Et
1032 3665 1246 3732 iterum,
1275 3675 1331 3720 ut
1357 3666 1533 3721 statim
1559 3666 1805 3735 audietis,

205 3767 405 3810 terram
433 3771 530 3811 eos
551 3757 794 3812 nominat
811 3757 988 3811 divina
1011 3756 1307 3826 Scriptura,
1330 3772 1396 3812 eo
1416 3758 1556 3827 quod
1581 3762 1806 3814 terrenis

203 3848 618 3918 cogitationibus
657 3847 1042 3902 absumantur:
1073 3847 1203 3902 dicit
1224 3848 1365 3902 enim
1393 3866 1405 3903 :
1438 3849 1528 3904 II.
1556 3847 1806 3920 Corrupto

203 3951 373 3994 autem
404 3950 517 3994 erat
543 3949 674 3992 terra
701 3957 872 3994 coram
898 3939 1026 3994 Deo.
1053 3939 1168 3994 Non
1194 3939 1262 3994 de
1287 3952 1426 3994 terra
1455 3941 1694 3996 sensibili
1728 3942 1805 3996 lo-

200 4034 389 4103 quitur
411 4075 426 4100 ,
473 4033 570 4089 sed
612 4033 994 4089 inhabilatores
1037 4043 1234 4089 terram
1271 4045 1446 4089 vocat.
1479 4035 1598 4090 Alio
1625 4045 1800 4090 autem

201 4129 323 4182 loco
344 4143 521 4198 neque
543 4137 738 4182 terram
769 4144 942 4198 neque
970 4143 1186 4183 carnem
1209 4129 1449 4184 nominat
1473 4146 1486 4182 :
1507 4129 1600 4184 sed
1630 4146 1801 4199 neque

198 4236 320 4274 esse
349 4236 446 4276 eos
473 4230 623 4291 putat
653 4222 705 4275 in
736 4223 834 4276 hac
871 4223 1118 4292 praesenti
1149 4223 1252 4276 vita
1273 4263 1290 4289 ,
1327 4238 1395 4278 eo
1430 4223 1572 4293 quod
1602 4225 1798 4280 virtute

201 4321 448 4366 careant.
485 4312 622 4367 Audi
653 4313 795 4366 enim
825 4312 1136 4382 prophetam
1175 4314 1489 4369 clamantem
1531 4323 1586 4370 et
1617 4315 1798 4370 dicen-

200 4412 310 4456 tem
343 4403 397 4456 in
430 4402 608 4456 media
637 4401 1204 4474 Jerosolymitanorum
1237 4405 1548 4474 metmpoli,
1605 4406 1692 4460 ubi
1723 4417 1797 4462 tot

202 4494 370 4548 millia
407 4495 632 4549 millium
660 4503 716 4550 et
743 4495 1026 4549 multitudo
1055 4495 1331 4550 innumera
1361 4514 1374 4550 :
1414 4494 1574 4561 Veni,
1621 4507 1665 4550 et
1695 4513 1796 4552 non

194 4597 301 4640 erat
327 4587 481 4640 homo
503 4603 523 4651 ;
550 4587 742 4652 vocavi,
767 4597 812 4640 et
839 4603 940 4640 non
959 4597 1066 4642 erat
1087 4588 1171 4658 qui
1195 4587 1394 4642 audiret
1411 4587 1561 4659 (Isai.
1587 4590 1673 4644 50.
1696 4591 1754 4663 2)
1777 4609 1791 4645 :

193 4695 300 4732 non
328 4679 454 4748 quia
479 4695 585 4732 non
612 4678 857 4743 aderant,
890 4677 983 4732 sed
1012 4679 1134 4747 quia
1167 4689 1459 4748 praesentes
1487 4679 1651 4733 nihilo
1676 4696 1793 4736 me-

195 4771 357 4824 liores
385 4779 562 4833 erant,
594 4785 754 4839 quam
781 4769 827 4824 si
864 4785 966 4823 non
998 4768 1222 4824 inissent
1248 4778 1560 4838 prazsentes.
1592 4769 1659 4824 Et
1686 4771 1794 4825 alio

195 4877 410 4932 quoque
437 4861 556 4915 loco
586 4880 598 4914 :
637 4860 917 4915 Discurrite
937 4871 983 4915 et
1003 4861 1183 4926 videte,
1216 4861 1262 4915 si
1287 4871 1356 4915 est
1376 4877 1504 4914 unus
1530 4862 1617 4930 qui
1639 4862 1794 4928 faciat

181 4957 446 5025 judicium
478 4966 525 5009 et
545 4956 832 5026 justitiam,
856 4966 901 5010 et
924 4957 1171 5026 propitius
1191 4972 1275 5009 ero
1297 4954 1440 5027 (Jer.
1471 4957 1523 5011 5.
1553 4957 1577 5010 I
1605 4957 1644 5026 ).

271 5045 409 5101 Deus
437 5047 692 5100 hominem
716 5064 830 5100 eum
851 5048 1012 5101 solum
1037 5057 1179 5102 vocat
1199 5048 1285 5119 qui
1309 5047 1535 5100 virtutem
1557 5047 1691 5100 colit.
1721 5077 1792 5087 —

197 5137 388 5194 Vidisti
417 5140 688 5228 quoning
717 5140 864 5193 illum
891 5141 1062 5194 solum
1091 5140 1365 5209 Scriptura
1405 5150 1586 5194 sancta
1618 5139 1790 5193 homi-

188 5249 316 5288 nem
345 5245 542 5286 vocare
573 5232 741 5299 solet,
769 5232 856 5302 qui
889 5233 1135 5286 virtutem
1165 5232 1294 5286 colit
1321 5249 1334 5285 :
1367 5242 1588 5288 caateros
1610 5245 1787 5288 autem

191 5338 369 5392 neque
395 5337 516 5376 esse
541 5332 710 5392 putat,
743 5323 837 5378 sed
863 5322 1152 5392 aliquando
1179 5331 1336 5378 vocat
1357 5332 1574 5389 terram,
1607 5334 1660 5379 et
1688 5325 1787 5378 ali-

192 5412 413 5484 quando
454 5415 720 5469 carnem?
766 5414 878 5470 Bac
922 5414 990 5470 de
1040 5429 1197 5469 causa
1253 5414 1613 5485 genealogiam
1659 5415 1789 5484 justi

192 5515 530 5561 narraturam
554 5523 612 5562 se
633 5507 948 5578 promittens
973 5509 1150 5562 divina
1179 5508 1450 5578 Scriptura
1480 5508 1608 5563 dicit
1636 5527 1648 5562 :
1675 5507 1790 5563 Noe

189 5597 341 5652 homo
372 5615 390 5652 :
421 5598 510 5654 hic
531 5600 673 5654 enim
695 5599 842 5655 solus
867 5599 1050 5666 homo,
1077 5600 1256 5655 ezeteri
1281 5607 1459 5655 autem
1491 5615 1596 5654 non
1620 5599 1798 5654 homi-‘

189 5705 324 5755 nes,
352 5690 449 5746 sed
481 5691 766 5748 humanam
793 5703 1040 5762 gerentes
1077 5685 1302 5762 formam
1327 5733 1344 5758 ,
1380 5701 1436 5748 et
1462 5709 1525 5748 es
1556 5692 1787 5748 homini-

193 5781 292 5838 bus
320 5785 376 5840 in
401 5785 602 5841 bestias
629 5785 858 5856 mutati,
904 5785 1103 5842 malitia
1127 5786 1413 5843 voluntatis
1455 5785 1786 5845 nobilitatem

1253 324 1316 380 IN
1354 322 1508 381 CAP.
1556 321 1640 376 Vl.
1672 321 1920 378 GENES.

1963 324 2193 386 IIOMIL.
2236 334 2426 393 XXIII.
3459 355 3567 412 ειη

1979 452 2182 497 natum
2231 449 2541 506 amiserunt.
2586 454 2738 522 Quod
2769 457 2912 515 enim
2937 474 3058 516 eum
3091 462 3144 518 in
3172 465 3369 523 malum
3395 468 3561 526 decli-

1973 545 2103 590 nant
2132 537 2376 597 homines
2403 546 2717 613 rationales,
2757 560 2810 605 et
2839 554 2980 608 servi
3011 554 3144 610 ﬁunt
3171 557 3556 617 irrationalium

1968 626 2330 696 all‘eetionum,
2358 632 2537 690 divina
2566 638 2838 710 Scriptura
2865 643 3103 714 imponat
3134 648 3238 704 illis
3260 649 3555 708 bestiarum

1967 719 2204 786 nomina,
2236 724 2357 779 audi
2385 736 2441 781 ut
2466 729 2693 798 quodam
2727 733 2842 788 loco
2861 735 2990 791 dicit
3020 754 3035 792 ε
3071 738 3208 811 Equi
3249 746 3556 813 [carinarum

1963 822 2215 868 amatores
2240 816 2363 884 facti
2390 832 2508 874 sunt
2541 821 2673 893 (Jer.
2711 825 2764 879 5.
2794 826 2870 893 8).
2903 827 3031 885 Vide
3061 835 3329 901 quomodo
3353 840 3424 892 ob
3453 837 3554 892 im-

1962 901 2224 958 modicam
2261 907 2588 966 salacitatem
2640 915 2779 970 hanc
2822 918 3097 976 brutorum
3126 929 3550 995 cognominatio-

1961 1004 2082 1044 nem
2114 992 2280 1050 indal.
2313 997 2446 1052 Alibi
2478 1011 2653 1056 autem
2683 1021 2696 1058 :
2738 1003 2995 1062 Venenum
3023 992 3257 1082 aspidem
3289 1018 3381 1071 sub
3401 1017 3551 1076 labiis

1958 1095 2129 1134 eorum
2156 1085 2328 1153 (Psal.
2360 1090 2446 1145 I3.
2477 1092 2528 1155 '5,
2560 1104 2606 1146 et
2633 1095 2757 1150 159.
2784 1097 2864 1166 4),
2897 1101 2983 1154 ubi
3013 1103 3128 1171 ejus
3158 1106 3340 1163 beslie
3365 1110 3547 1166 dolum

1957 1185 2010 1226 et
2035 1173 2298 1232 fallaciam
2331 1181 2525 1238 imitari
2558 1202 2653 1242 eos
2685 1189 2902 1245 indicat.
2928 1193 3102 1250 Canes
3131 1215 3341 1269 quoque
3370 1185 3547 1260 mutos

1955 1264 2090 1363 alios
2113 1280 2264 1323 vocat
2287 1270 2440 1341 (Isai.
2472 1276 2561 1330 56.
2595 1278 2673 1347 1).
2700 1279 2764 1334 Ει
2791 1282 2983 1338 iterum
3005 1264 3160 1352 dicit,
3183 1264 3329 1345 Sicut
3354 1297 3547 1363 aspidis

1953 1359 2124 1453 surdo?
2155 1371 2199 1414 et
2230 1363 2512 1421 obturantis
2537 1386 2682 1424 aures
2703 1390 2823 1428 suas
2849 1375 3018 1447 (Psal.
3052 1381 3139 1434 57.
3165 1383 3242 1453 5),
3274 1385 3392 1441 illos
3415 1359 3544 1444 sub-

1953 1449 2193 1508 indicans
2218 1457 2306 1526 qui
2335 1474 2489 1516 aures
2509 1463 2575 1516 ad
2604 1463 2899 1523 doctrinam
2931 1471 3142 1527 virtutis
3178 1449 3448 1534 obturant.
3477 1483 3542 1535 Et

1951 1542 2115 1633 multa
2160 1547 2261 1601 alia
2304 1552 2424 1618 quis
2465 1555 2679 1609 nomina
2730 1557 2968 1615 inveniet
3007 1563 3252 1633 imposita
3296 1583 3322 1620 a
3365 1569 3540 1626 divina

1947 1631 2218 1704 Scriptura
2272 1639 2339 1693 iis
2372 1644 2458 1710 qui
2491 1645 2542 1698 in
2571 1647 2846 1703 brutorum
2874 1652 3096 1707 allectus
3139 1673 3232 1726 per
3275 1659 3536 1730 ignaviam

1950 1733 2242 1822 transeunt.
2275 1731 2459 1803 Neque
2499 1737 2550 1790 in
2587 1740 2754 1794 veteri
2796 1743 2966 1797 solum
3002 1747 3138 1800 istud
3173 1751 3351 1806 videre
3373 1753 3494 1810 licet
3517 1797 3534 1822 ,

1945 1816 2038 1906 sed
2067 1829 2121 1872 et
2147 1821 2197 1874 in
2227 1837 2358 1876 nova
2401 1825 2537 1896 lege.
2581 1830 2716 1883 Audi
2759 1835 2901 1887 enim
2939 1837 3226 1906 Baptista")
3268 1816 3532 1900 dicentem

1943 1905 2189 1965 Judceis:
2235 1914 2508 1986 Progenies
2549 1922 2852 1990 viperarum,
2901 1932 3011 1994 quis
3053 1932 3190 1985 vobis
3241 1940 3536 1992 monstravit

1941 2003 2120 2070 fugere
2145 2022 2176 2057 a
2201 2019 2407 2062 ventura
2433 2011 2510 2063 ira
2551 2012 2766 2080 (Matth.
2799 2017 2851 2070 5.
2881 2019 2993 2088 '7)?
3038 2020 3223 2076 Vidisti
3263 2030 3532 2094 quomodo

1941 2101 1994 2146 et
2023 2095 2106 2148 hic
2134 2095 2313 2152 dolum
2345 2103 2540 2157 mentis
2569 2105 2778 2160 illorum
2812 2110 2995 2164 bestia:
3023 2115 3238 2170 nomine
3264 2120 3534 2189 signiliea-

1940 2186 2053 2283 vit?
2078 2189 2213 2255 Quid
2238 2207 2364 2262 ergo
2389 2196 2748 2254 miserabilius
2776 2200 2931 2257 fuerit
2956 2186 3340 2275 peccatoribus,
3366 2214 3453 2283 qui
3478 2225 3529 2271 et

1939 2278 2056 2348 ipso
2087 2281 2317 2338 hominis
2347 2289 2563 2344 nomine
2592 2293 2884 2361 privantnr,
2911 2307 2964 2350 et
2993 2309 3208 2368 pr0pter
3233 2301 3336 2358 hoc
3361 2278 3529 2374 majo-

1936 2375 2084 2430 ribus
2115 2379 2282 2445 pmnis
2308 2379 2449 2450 digni
2482 2394 2636 2449 sunt;
2667 2387 2806 2454 quod
2855 2399 2973 2458 post
3014 2403 3260 2463 acceptas
3280 2411 3310 2450 a
3338 2408 3522 2458 natura

1935 2464 2192 2533 plurimas
2213 2471 2520 2526 occasiones
2547 2473 2611 2528 ad
2645 2474 3080 2534 benefaciendnm
3103 2479 3401 2554 m‘onentcs,
3429 2488 3526 2542 de-

1933 2566 2074 2610 serta
2109 2573 2172 2613 ac
2205 2561 2408 2629 prodita
2437 2563 2630 2620 virtute
2673 2566 2812 2621 ultro
2855 2569 2921 2624 ad
2963 2571 3086 2626 vitia
3133 2575 3526 2647 transfugiant?

1931 2645 2192 2714 Quoniam
2223 2651 2380 2722 igitur
2403 2655 2490 2723 qui
2517 2665 2640 2710 tunc
2673 2666 2826 2712 erant
2845 2701 2858 2722 ,
2907 2675 3094 2716 omnes
3116 2679 3177 2718 ea
3206 2679 3264 2718 se
3291 2645 3523 2724 hominis

1930 2742 2286 2810 appellatione
2313 2745 2556 2815 indignos
2579 2751 2918 2817 przestabant,
2943 2753 3118 2822 justus
3144 2766 3322 2813 autem
3352 2759 3440 2816 ille
3468 2762 3522 2818 in

1935 2840 2081 2887 tanta
2109 2834 2318 2890 virtutis
2345 2837 2623 2893 sterilitate
2646 2881 2661 2906 ,
2715 2849 2820 2894 tam
2857 2845 3136 2900 excellenti
3187 2847 3380 2904 virtute
3421 2854 3518 2907 llo-

1929 2929 2054 2993 ruit,
2087 2929 2206 2985 ideo
2231 2929 2500 3002 Scriptura
2529 2949 2649 2988 cum
2671 2935 2922 3004 cmpisset
2951 2953 3167 2995 narrare
3197 2942 3295 2996 viri
3324 2959 3520 3012 genea-

1928 3021 2121 3091 logiam
2147 3063 2162 3089 ,
2193 3024 2326 3079 dixit
2359 3044 2371 3080 :
2407 3025 2523 3081 Noe
2551 3037 2719 3081 autem
2747 3030 2916 3083 homo.
2956 3031 3050 3084 Est
3086 3041 3139 3086 et
3168 3036 3304 3090 alius
3339 3036 3516 3105 justus

1923 3111 2160 3181 quidam,
2185 3115 2269 3169 cui
2292 3114 2395 3169 hoc
2423 3132 2614 3172 nomen
2642 3133 2737 3187 pro
2763 3135 2973 3174 summo
3002 3125 3244 3178 encomio
3270 3128 3513 3198 contigit,

1922 3211 1977 3257 et
2001 3218 2111 3274 pra;
2135 3205 2256 3260 aliis
2279 3207 2528 3262 omnibus
2575 3210 2675 3263 hoc
2719 3211 2936 3266 nomine
2965 3215 3316 3284 praedicatur,
3350 3227 3409 3273 ut
3436 3223 3516 3277 sic

1921 3295 2090 3351 virtus
2120 3296 2260 3352 illius
2287 3297 2573 3369 diligenter
2605 3311 2924 3370 exponatur.
2957 3304 3086 3372 Quis
3113 3305 3202 3362 ille
3224 3318 3304 3363 est
3326 3310 3349 3363 ἲ
3375 3310 3511 3367 Bea-

1921 3395 2003 3442 tus
2027 3387 2148 3453 Job,
2175 3389 2264 3444 ille
2291 3391 2432 3461 pugil
2461 3391 2690 3460 pietatis,
2723 3393 2919 3448 athleta
2951 3395 3115 3460 orbis,
3141 3398 3228 3467 qui
3253 3400 3396 3454 solus
3429 3402 3512 3454 in-

1915 3479 2171 3534 curabilia
2199 3480 2288 3535 illa
2315 3482 2598 3549 sustinuit,
2645 3492 2700 3538 et
2727 3487 2962 3553 acceptis
2992 3487 3285 3544 innumeris
3329 3507 3356 3543 a
3393 3491 3508 3545 dia-

1915 3569 2038 3624 bolo
2077 3571 2197 3626 telis
2224 3613 2240 3639 ,
2286 3573 2477 3628 vulnus
2527 3589 2633 3628 non
2656 3575 2862 3644 accepit
2909 3592 2924 3628 :
2971 3577 3065 3630 sed
3113 3578 3244 3633 sicut
3289 3580 3508 3638 adamas

1913 3662 2127 3733 quidam
2154 3679 2342 3720 omnes
2369 3665 2600 3735 impetus
2623 3666 2762 3720 ferre
2793 3668 2981 3736 potuit,
3010 3679 3063 3722 et
3089 3685 3118 3722 a
3147 3671 3305 3726 tantis
3331 3674 3505 3729 Ilut'ti-

1912 3754 2012 3809 bus
2042 3770 2146 3809 non
2172 3755 2344 3811 solum
2374 3771 2480 3811 non
2507 3765 2588 3811 est
2611 3759 2957 3825 submersus,
2988 3761 3082 3814 sed
3109 3769 3163 3814 et
3189 3764 3501 3831 praevaluit;

1910 3855 1964 3900 et
1988 3847 2221 3917 acceptis
2260 3847 2310 3902 in
2356 3862 2550 3916 corpus
2581 3862 2740 3902 suum
2787 3851 3035 3904 omnibus
3072 3851 3161 3920 qui
3209 3853 3258 3906 in
3303 3857 3503 3910 mundo

1909 3949 2065 3994 erant
2091 3941 2404 4006 doloribus,
2453 3941 2553 3996 hac
2602 3942 2811 3996 ratione
2851 3943 3019 3996 multo
3067 3945 3260 3998 clarior
3308 3951 3498 4001 evasit.

1907 4033 2021 4088 Non
2050 4035 2220 4088 solum
2249 4033 2392 4088 enim
2414 4050 2519 4088 non
2549 4034 2695 4087 illum
2734 4043 2939 4089 terrore
2989 4036 3210 4103 perculit
3241 4037 3498 4106 ingruen-

1907 4127 2036 4180 tium
2064 4125 2306 4180 dolorum
2340 4125 2672 4195 frequentia,
2702 4123 2796 4179 sed
2826 4134 2880 4179 et
2909 4126 2972 4179 ad
3003 4126 3258 4196 majorem
3297 4131 3498 4198 gratia-

1905 4237 2024 4276 rum
2051 4221 2313 4274 actionem
2341 4221 2590 4274 excitavit
2619 4237 2631 4272 :
2656 4227 2814 4289 atque
2840 4219 2892 4272 in
2920 4219 3168 4274 omnibus
3193 4236 3344 4274 suum
3373 4237 3498 4292 gra-

1906 4323 2016 4368 tum
2047 4313 2284 4367 animum
2305 4311 2616 4376 declarans,
2666 4310 2879 4366 letalem
2901 4311 3113 4365 diabolo
3155 4312 3360 4382 plagam
3410 4315 3497 4368 in-

1902 4407 2060 4470 ﬂixit,
2086 4421 2192 4475 quo
2219 4405 2306 4460 ille
2333 4405 2654 4474 intelligeret
2683 4418 2804 4456 sese
2822 4403 3012 4457 frustra
3045 4404 3216 4458 moliri
3239 4415 3292 4459 et
3311 4416 3494 4460 contra

1902 4497 2176 4554 stimulum
2204 4496 2500 4551 calcitrare.
2553 4495 2706 4549 llunc
2730 4491 2890 4564 igitur
2918 4505 3155 4549 sanctum
3184 4498 3344 4550 etiam
3371 4507 3496 4553 ante

1901 4601 1979 4648 tot
2005 4606 2202 4662 agones
2229 4599 2283 4646 et
2308 4589 2633 4650 certamina,
2676 4596 2879 4640 tantum
2911 4586 3145 4640 laudavit
3189 4590 3494 4644 misericors

1901 4683 2062 4746 Deus,
2094 4691 2148 4736 et
2176 4680 2472 4750 prrcdicans
2500 4677 2634 4731 dixit
2653 4677 2862 4731 diabolo
2889 4693 2902 4730 :
2933 4675 3073 4729 Num
3101 4679 3270 4731 animo
3294 4689 3380 4732 tuo
3398 4679 3492 4731 ad-

1898 4762 2087 4827 venisti
2113 4772 2358 4842 fauzulum
2386 4785 2548 4822 meum
2576 4768 2696 4832 Job,
2728 4768 2864 4839 quod
2903 4784 3003 4820 non
3033 4769 3096 4820 sit
3135 4769 3283 4821 homo
3311 4771 3490 4824 similis

1895 4866 2155 4929 illi'super
2173 4873 2378 4927 terram,
2407 4861 2555 4914 homo
2578 4861 2886 4930 inculpatus,
2905 4861 3096 4928 justus,
3130 4875 3299 4925 verax,
3327 4859 3488 4914 Deum

1895 4957 2093 5020 colens,
2121 4955 2373 5008 abstinens
2399 4954 2462 5005 ab
2483 4952 2620 5005 omni
2646 4967 2796 5020 apere
2815 4951 2949 5004 malo
2977 4949 3131 5018 (Job.
3171 4951 3220 5003 I.
3249 4947 3361 5022 8)?
3393 4951 3486 5004 Vi-

1897 5051 2018 5106 disti
2046 5058 2100 5104 et
2129 5048 2272 5101 hunc
2301 5063 2331 5100 a
2358 5045 2626 5101 communi
2660 5054 2862 5097 natura:
2889 5043 3102 5097 nomine
3124 5043 3269 5111 prius
3297 5044 3488 5112 pncdi-

1894 5141 2048 5197 cari?
2074 5139 2362 5203 Adrertisti,
2387 5137 2579 5205 inquit,
2608 5135 2856 5207 famulum
2889 5151 3054 5187 meum
3083 5133 3204 5198 Job,
3227 5136 3362 5205 quod
3387 5152 3489 5188 non

1894 5237 1958 5289 sit
1984 5234 2164 5289 similis
2195 5233 2272 5286 illi
2295 5233 2443 5284 homo
2463 5231 2488 5283 ?
2531 5229 2597 5283 Et
2627 5228 2828 5282 similes
2854 5228 3034 5298 utique
3060 5244 3248 5283 omnes
3277 5246 3485 5292 sumus,

1895 5326 1990 5380 sed
2021 5341 2128 5378 non
2173 5322 2464 5378 secundum
2502 5320 2783 5384 virtutem,
2825 5317 2918 5372 sed
2965 5319 3255 5374 secundum
3302 5319 3487 5374 forma:

1895 5416 2154 5472 rationem
2190 5431 2203 5467 :
2235 5420 2290 5466 at
2323 5412 2424 5465 hoc
2451 5424 2556 5463 non
2591 5416 2676 5463 est
2711 5409 2905 5474 homo,
2958 5409 3051 5463 sed
3077 5411 3290 5479 quando
3319 5410 3480 5464 absti-

1894 5523 2030 5563 nens
2048 5521 2076 5558 a
2109 5503 2308 5558 malitia
2331 5501 2576 5555 virtutem
2604 5506 2876 5568 cperatur.

1966 5601 2017 5656 5.
2049 5597 2238 5654 Vidisti
2268 5607 2403 5665 quos
2435 5591 2613 5647 divina
2643 5590 2917 5660 Scriptura
2945 5589 3188 5646 homines
3214 5593 3483 5662 appellare

1894 5691 2071 5750 solet?
2098 5687 2358 5758 Quocirca
2402 5693 2456 5740 et
2495 5681 2563 5738 ab
2604 5682 2758 5736 initio
2785 5696 2905 5736 cum
2927 5682 3145 5738 vidisset
3185 5683 3324 5739 Deus
3356 5697 3478 5740 eum

1893 5785 1984 5858 qui
2013 5797 2042 5837 a
2064 5797 2122 5838 se
2147 5772 2322 5835 tactus
2344 5769 2483 5843 erat,
2511 5772 2723 5829 dicebat
2751 5790 2764 5828 :
2814 5771 3088 5829 Faciamus
3129 5775 3379 5829 hominem
3399 5791 3471 5829 se-
