4038 6394
564 304 671 359 903

565 416 785 471 modum
812 411 1082 482 imaginem
1112 415 1335 461 nostram
1369 416 1415 459 et
1448 402 1722 457 secundant
1759 396 2138 453 similitudinem

571 508 721 576 (Gen.
758 506 809 559 1.
829 502 944 570 28),
976 501 1076 555 hoc
1102 508 1205 565 est,
1236 507 1292 552 ut
1312 498 1538 567 imperet
1574 502 1627 547 et
1651 490 1941 545 visibilibus
1966 485 2140 540 omni-

566 600 665 653 bus
690 604 744 650 et
778 593 1053 648 affectibus
1077 590 1228 644 suis:
1258 588 1504 655 imperet,
1550 597 1655 637 non
1685 581 1817 636 ferat
1837 576 2140 647 imperium.

567 686 720 755 Quod
774 686 817 739 si
863 699 1012 737 suam
1067 682 1295 749 prodens
1335 676 1639 746 dignitatem
1688 670 1967 739 imperium
2010 666 2144 720 ferat

570 780 767 849 potius,
798 790 953 845 quam
984 774 1236 842 imperet,
1281 770 1439 821 homo
1464 780 1583 819 esse
1610 760 1802 817 desinit
1826 801 1840 825 ,
1873 768 1927 813 et
1962 758 2144 811 bruto-

570 886 683 925 rum
716 871 769 923 in
796 883 855 921 se
886 880 1079 919 nomen
1110 859 1379 914 transfert.
1410 860 1585 924 Atque
1608 854 1706 906 hac
1733 851 1800 905 de
1821 862 1977 903 causa
2006 858 2146 899 nunc

569 964 742 1016 divina
786 958 1057 1024 Scriptura
1106 955 1353 1005 virtutem
1406 949 1531 1016 jttsti
1578 945 1721 998 illius
1772 936 2147 995 commendare

576 1056 779 1115 volens,
807 1052 941 1104 dixit
974 1067 986 1101 :
1022 1046 1117 1100 llo:
1145 1054 1256 1098 sunt
1283 1042 1622 1114 generationes
1650 1033 1764 1089 Noe
1795 1049 1813 1087 :
1847 1030 1961 1085 Noe
1998 1032 2149 1083 homo

573 1148 736 1216 iustus
771 1141 933 1213 (Gen.
968 1141 1019 1192 6.
1050 1137 1141 1205 9).
1174 1136 1309 1188 Ecce
1336 1144 1387 1186 et
1411 1131 1565 1184 aliam
1590 1129 1870 1182 maximam
1895 1120 2148 1194 prmconii

576 1214 801 1303 speciem
826 1272 838 1293 ,
876 1229 1055 1282 Justus
1087 1245 1103 1280 :
1134 1227 1231 1279 hac
1265 1220 1618 1292 appellatione
1657 1230 1870 1271 onmem
1902 1214 2146 1265 virtutem

579 1323 963 1391 complectitur.
998 1319 1107 1370 lioc
1129 1316 1267 1369 enim
1300 1327 1493 1366 nomen
1512 1351 1527 1376 ,
1554 1310 1750 1379 justus,
1778 1305 2150 1359 consuevimus

576 1390 751 1469 dicere
790 1412 856 1466 de
896 1411 961 1464 iis
990 1408 1076 1478 qui
1121 1404 1457 1473 omnigenam
1494 1408 1744 1455 exercent
1774 1398 2019 1449 virtutem
2048 1390 2148 1462 (a).

579 1506 764 1559 Postea
792 1512 846 1555 ut
865 1501 1038 1554 discas
1060 1494 1328 1566 quomodo
1357 1491 1422 1545 ad
1450 1502 1717 1544 summum
1758 1484 1965 1539 virtutis
2008 1481 2154 1535 fasti—

579 1597 717 1666 gium
749 1591 1069 1665 pervenerit,
1101 1588 1150 1641 id
1177 1584 1317 1656 quod
1346 1592 1400 1638 et
1431 1591 1557 1636 tunc
1582 1576 1890 1647 exigebatur
1912 1590 1940 1628 a
1963 1580 2151 1626 natura

581 1697 758 1742 nostra
779 1726 795 1752 ,
824 1683 990 1753 inquit
1022 1699 1035 1735 :
1074 1677 1110 1732 ¹1
1117 1687 1255 1731 ustus
1281 1685 1326 1729 et
1352 1677 1599 1745 perfectus
1623 1671 1675 1723 in
1699 1666 2015 1739 generatione
2040 1677 2151 1715 sua.

578 1778 785 1845 Omnia,
813 1775 1014 1846 inquit,
1044 1770 1282 1840 implevit
1315 1777 1662 1837 quaecumque
1684 1762 1856 1815 facere
1906 1754 2156 1812 convenit

578 1887 698 1925 eum
724 1869 1088 1939 quivirtutem
1119 1862 1487 1931 amplexatur:
1522 1854 1650 1911 illud
1679 1853 1821 1907 enim
1852 1850 2153 1939 significat,

583 1936 845 2028 Perfeetus
871 1974 890 2012 :
914 1955 1044 2011 nihil
1082 1951 1388 2013 intermisit,
1418 1948 1470 2003 in
1502 1946 1647 2001 nullo
1674 1941 2014 1998 claudicavit.
2038 1936 2154 1992 Non

582 2055 635 2108 in
658 2054 759 2107 hoc
785 2060 928 2105 recte
956 2048 1180 2117 agebat,
1229 2044 1282 2098 in
1319 2041 1411 2096 illo
1444 2049 1620 2093 autem
1648 2035 1939 2106 peccabat,
1982 2029 2075 2084 sed
2103 2030 2157 2083 in

581 2142 723 2197 omni
750 2142 944 2195 virtute
971 2136 1234 2207 perfectus
1258 2142 1375 2189 erat
1406 2149 1418 2185 :
1452 2129 1576 2191 illud
1601 2128 1741 2183 enim
1766 2125 2018 2180 exhibere
2044 2121 2159 2189 ejus

581 2232 740 2288 ofﬁcii
780 2239 912 2286 erat.
948 2228 1245 2291 Praeterea,
1287 2232 1346 2278 ut
1381 2237 1446 2277 ex
1490 2232 1729 2288 tempore
1766 2230 1973 2287 quoque
1998 2222 2053 2266 et
2093 2227 2158 2265 ex

581 2323 979 2395 comparatione
1025 2334 1145 2375 cum
1190 2317 1309 2371 aliis
1359 2312 1702 2369 illustriorem
1758 2306 1910 2363 nobis
1959 2305 2158 2374 justum

582 2394 890 2479 exhiberet,
933 2411 1101 2481 inquit
1140 2426 1153 2463 :
1191 2407 1459 2478 Perfectus
1486 2405 1538 2457 in
1571 2400 1887 2472 generatione
1928 2410 2062 2458 sua;
2106 2394 2159 2448 in

585 2519 823 2577 tempore
850 2505 939 2559 illo
958 2545 973 2569 ,
1005 2503 1056 2556 in
1087 2498 1430 2571 generatione
1455 2496 1541 2551 illa
1570 2505 1817 2563 perversa
1840 2532 1855 2557 ,
1884 2503 2001 2558 qua:
2027 2484 2160 2577 adeo

586 2600 645 2653 in’
688 2576 882 2652 malum
930 2592 1251 2657 declinavit,
1296 2603 1415 2660 quae
1443 2601 1616 2656 neque
1644 2580 1922 2651 vestigium
1952 2576 2161 2633 virtutis

588 2702 695 2758 pne
730 2702 790 2742 se
814 2685 955 2741 ferre
980 2683 1164 2738 voluit.
1196 2682 1252 2736 In
1296 2680 1383 2735 illa
1414 2678 1573 2749 igitur
1597 2673 1958 2745 generatione,
1988 2668 2039 2723 in
2061 2667 2163 2723 illis

588 2778 915 2849 temporibus
936 2776 1111 2844 justus
1140 2773 1229 2829 ille
1246 2786 1349 2827 non
1375 2770 1547 2825 solum
1579 2769 1827 2821 virtutem
1853 2777 1965 2833 pra:
1990 2776 2049 2815 se
2075 2768 2162 2813 tu-

589 2869 650 2923 lit
673 2911 687 2933 ,
720 2867 813 2923 sed
839 2876 894 2923 et
926 2867 977 2921 in
1007 2874 1209 2920 tantum
1236 2860 1478 2933 pervenit
1501 2856 1712 2915 virtutis
1744 2854 1995 2919 culmen,
2038 2866 2162 2921 per-

586 2959 754 3013 fectus
774 2999 789 3023 ,
821 2965 877 3012 et
915 2957 967 3011 in
997 2954 1246 3011 omnibus
1269 2952 1563 3008 absolutus.
1606 2946 1741 3003 Nam
1784 2945 1835 3000 id
1873 2941 2014 3015 quod
2038 2950 2163 2996 ante

585 3049 725 3108 dixi.
770 3047 908 3103 bene
933 3061 1088 3117 agere
1131 3046 1269 3099 inter
1293 3042 1500 3098 virtutis
1544 3040 1757 3105 hostes,
1802 3044 1856 3093 et
1903 3036 2040 3090 inter
2070 3048 2164 3089 eos

587 3140 677 3210 qui
703 3139 951 3193 virtutem
1000 3137 1283 3207 prohibent
1308 3132 1550 3189 eamdem
1577 3130 1913 3185 sedulitatem
1957 3142 2067 3198 prae
2106 3140 2166 3181 se

589 3228 727 3285 ferre
748 3271 764 3296 ,
811 3228 979 3298 majus
1004 3241 1214 3296 semper
1240 3225 1450 3279 virtutis
1480 3222 1687 3293 pondus
1726 3228 1969 3275 testatur.
2018 3217 2166 3275 Unde

592 3325 690 3375 hac
722 3319 926 3373 ratione
950 3318 1122 3386 justus
1154 3316 1238 3371 ille
1257 3314 1485 3384 majores
1514 3312 1695 3367 laudes
1723 3321 1908 3366 nactus
1933 3319 2033 3364 est.
2061 3309 2167 3364 Ne-

591 3426 695 3481 que
722 3410 807 3465 hic
836 3404 993 3463 finem
1035 3406 1279 3461 laudandi
1323 3406 1469 3459 illum
1510 3403 1829 3458 facitdivina
1858 3402 2125 3471 Scriptura
2148 3443 2164 3467 ,

589 3503 683 3558 sed
714 3502 883 3556 adhuc
906 3499 1116 3554 virtutis
1147 3498 1287 3551 illius
1323 3495 1697 3551 excellentiam
1728 3493 2081 3557 demonstrat,
2115 3502 2169 3548 et

590 3592 729 3663 quod
768 3592 947 3646 divino
975 3589 1178 3644 calculo
1207 3588 1455 3657 probatus
1485 3587 1677 3651 fuerit,
1727 3586 1849 3654 quia
1891 3595 2166 3655 postquam

589 3685 757 3750 dixit,
788 3682 1048 3751 Perfectus
1068 3682 1121 3733 in
1141 3680 1461 3749 generatione
1478 3695 1571 3732 sua
1595 3719 1609 3741 ,
1635 3678 1807 3740 addit,
1842 3675 1949 3729 Deo
1980 3676 2169 3745 placuit

595 3778 727 3830 Noe.
762 3773 929 3828 Tanta
954 3782 1070 3828 erat
1089 3773 1259 3826 virtus
1280 3772 1437 3834 illius,
1466 3780 1523 3824 ut
1547 3782 1601 3824 et
1620 3786 1649 3822 a
1677 3770 1786 3823 Deo
1813 3768 2016 3822 laudari
2043 3783 2166 3835 pro-

591 3868 866 3923 meruerit.
894 3864 1002 3919 Deo
1033 3865 1173 3920 enim
1192 3904 1205 3929 ,
1236 3863 1436 3933 inquit,
1468 3862 1655 3931 placuit
1680 3858 1829 3923 Noe;
1855 3872 1917 3913 ac
1944 3860 1987 3912 si
2015 3858 2160 3912 dice-

591 3970 672 4015 ret
704 3977 718 4013 :
754 3959 1076 4029 approbatus
1105 3955 1200 4010 fuit
1224 3970 1252 4007 a
1282 3955 1430 4018 Deo;
1476 3969 1569 4022 per
1596 3952 1735 4005 bona
1775 3967 1934 4020 opera
1976 3950 2169 4017 placuit

596 4054 673 4108 illi
699 4053 857 4108 oculo
883 4052 971 4122 qui
1004 4050 1166 4120 sopiri
1194 4065 1298 4103 non
1325 4057 1517 4118 potest,
1558 4054 1613 4101 et
1642 4046 1781 4099 illius
1810 4044 1907 4099 sibi
1935 4044 2166 4097 favorem

593 4153 793 4199 tantum
810 4142 1116 4197 conciliavit
1137 4155 1231 4210 per
1247 4140 1438 4195 bonam
1457 4139 1636 4200 vitam,
1658 4149 1714 4191 ut
1733 4152 1851 4190 eum
1872 4150 1976 4189 non
1994 4135 2165 4189 solum

591 4236 658 4289 ab
693 4235 1052 4305 indignatione
1081 4233 1134 4287 in
1165 4246 1352 4286 omnes
1377 4229 1691 4285 effundenda
1714 4228 1969 4293 liberarit,
1993 4228 2085 4282 sed
2115 4236 2170 4281 et

590 4325 815 4380 aliorum
841 4333 1121 4393 patronum
1150 4322 1354 4377 fecerit.
1404 4320 1513 4375 Deo
1541 4320 1680 4375 enim
1699 4361 1713 4382 ,
1746 4318 1946 4387 inquit,
1981 4316 2169 4387 placuit

596 4415 728 4471 Noe.
760 4416 887 4484 Quis
908 4415 1009 4469 hoc
1034 4414 1238 4469 beatior
1258 4412 1438 4476 fuerit,
1467 4414 1557 4480 qui
1585 4418 1783 4463 tantam
1810 4425 1917 4478 pne
1945 4424 2003 4462 se
2029 4408 2166 4462 ferre

592 4507 765 4575 potuit
787 4506 1058 4571 virtutem,
1077 4514 1135 4558 ut
1156 4504 1437 4557 Dominum
1461 4502 1691 4556 universi
1715 4501 1932 4555 haberet
1953 4500 2165 4553 laudum

590 4614 806 4657 auarum
847 4612 1144 4667 praeconem
1164 4596 1188 4649 ?

666 4690 885 4757 Quinam
908 4704 1019 4741 uere
1046 4695 1285 4756 regnent;
1311 4682 1615 4755 genealogus
1639 4683 1817 4736 modus
1837 4683 2076 4752 Optimus.
2098 4711 2169 4722 --

595 4781 720 4837 Haec
742 4781 809 4834 ab
831 4794 896 4834 eo
921 4778 1204 4832 sunt'facta
1231 4815 1247 4841 ,
1295 4791 1413 4844 qure
1437 4774 1711 4843 quibusvis
1732 4772 1957 4837 divitiis,
1985 4773 2169 4840 quavis

591 4870 936 4929 abundantia.
968 4869 1152 4939 quavis
1180 4867 1344 4936 gloria
1369 4874 1421 4920 et
1447 4864 1701 4934 potentia,
1730 4864 1913 4933 quavis
1939 4862 2166 4916 humana

592 4962 840 5018 felicitate
861 4961 1067 5031 potiora
1087 4958 1298 5012 duxerit
1317 4956 1556 5026 quisquis
1576 4965 1806 5009 mentem
1834 4953 1995 5010 habet
2016 4970 2029 5006 :
2055 4953 2169 5008 haec

592 5068 756 5122 regno
780 5052 945 5121 magis
969 5047 1340 5103 desiderabilia
1373 5046 1572 5100 fuerint
1596 5044 1675 5109 ei,
1722 5044 1811 5113 qui
1851 5045 2016 5098 Deum
2054 5044 2169 5098 sin-

589 5157 716 5197 cero
761 5155 944 5195 amore
977 5138 1167 5208 diligit.
1201 5137 1395 5192 Verum
1432 5136 1572 5189 enim
1614 5149 1835 5203 regnum
1869 5134 2005 5189 istud
2044 5144 2165 5200 est,

592 5248 749 5302 posse
773 5245 870 5285 nos
897 5231 1097 5300 optima
1124 5229 1229 5283 vita
1262 5227 1545 5297 propitium
1574 5234 1628 5280 et
1651 5225 1969 5281 clementem
2013 5226 2168 5281 nobis

592 5323 817 5377 reddere
847 5321 1147 5374 Dominum.
1190 5318 1500 5374 Gehennam
1529 5317 1672 5372 enim
1702 5316 1891 5371 timere
1930 5332 2035 5372 non
2070 5317 2165 5372 de-

598 5398 789 5469 bemus
812 5421 1034 5482 propter
1058 5412 1235 5483 ignem
1262 5412 1415 5466 iilum
1441 5412 1963 5483 inexstinguibilem,
1979 5422 2030 5469 et
2058 5428 2174 5485 po:-

658 5569 731 5635 (a)
756 5567 849 5619 Hic
874 5570 1019 5635 locus
1056 5570 1191 5618 hunc
1226 5582 1424 5618 versum
1461 5569 1773 5631 Empedoclis
1805 5569 1854 5635 in
1891 5569 2171 5635 memoriam

597 5629 796 5700 revocat
821 5644 833 5678 :
861 5629 909 5677 ἐν
922 5637 972 5700 ,δι
988 5640 1426 5700 διξιιοσρνῃισνῖςλτίσδην
1443 5629 1659 5700 mjéptzj
1677 5646 1785 5691 az...
1808 5632 1857 5683 iu
1871 5630 2063 5697 justitia
2084 5647 2174 5684 au-

600 5697 692 5743 tem
719 5692 1099 5755 comprehensio:
1122 5692 1384 5744 includitur
1398 5692 1565 5743 omnis
1579 5692 1762 5744 uirtus.

1301 290 1358 347 S.
1398 287 1673 345 JOANNIS
1708 277 2183 339 CHRYSOSTOMI
2218 278 2537 338 ARCIIIEP.
2576 279 3106 338 CONSTANTINOP.

3697 281 3795 339 20$

2249 408 2348 447 nas
2373 396 2671 461 terribiles,
2703 406 2756 451 et
2795 407 3075 467 perpetuos
3101 397 3402 452 cruciatus:
3438 395 3529 451 sed
3569 396 3686 467 quia
3725 398 3798 450 of-

2247 485 2512 543 fendimus
2535 499 2640 543 tam
2674 491 2866 544 bonum
2898 490 3225 555 Dominum,‘
3267 500 3325 546 et
3364 490 3432 545 ab
3469 490 3607 545 illius
3646 492 3799 558 gratia

2248 594 2431 635 Sumus
2458 582 2615 635 alieni
2658 599 2671 635 :
2715 584 2786 637 ita
2828 592 2881 637 et
2903 583 2969 637 ad
3009 599 3226 652 regnum
3264 583 3419 638 nobis
3467 584 3801 638 festinandum

2250 674 2461 728 nonnisi
2491 683 2703 744 propter
2732 690 2966 735 amorem
2992 676 3043 728 in
3072 676 3236 739 illum,
3268 684 3325 729 ut
3344 675 3460 743 ejus
3483 676 3647 746 gratia
3670 675 3805 729 frua-

2252 780 2391 817 mur.
2440 763 2570 817 Nam
2626 774 2683 817 ut
2704 780 2866 833 regno
2909 765 3311 820 desiderabilius
3358 774 3470 829 est,
3506 766 3806 821 clementem

2252 855 2532 908 Dominum
2581 866 2820 909 nosuum
2872 855 3186 910 benevolum
3226 871 3346 911 esse
3388 857 3540 910 nobis
3572 874 3584 908 :
3617 858 3687 910 ita
3727 873 3809 928 ge-

2255 946 2425 1000 heuna
2455 948 2685 1016 gravius,
2716 948 2782 1001 ab
2808 948 2947 1001 illius
2973 948 3337 1003 benevolentia
3367 949 3634 1004 excidere.

2333 1038 2547 1092 Vidistis
2584 1049 2793 1109 quantm
2837 1040 2988 1093 nobis
3039 1040 3277 1093 utilitatis
3319 1039 3416 1094 fuit
3457 1051 3808 1109 argumentum

2254 1130 2537 1198 appellatio
2554 1130 2706 1198 justi,
2734 1141 2788 1184 et
2813 1142 3065 1200 quantum
3096 1137 3478 1185 sententiarum
3517 1131 3809 1186 thesaurum

2256 1223 2461 1291 peperit
2484 1222 2808 1276 admirabilis
2851 1222 3007 1290 hujus
3030 1223 3129 1275 viri
3155 1223 3502 1292 genealogia?
3532 1223 3813 1291 Sequamur

2256 1314 2415 1383 igitur
2439 1322 2494 1368 et
2518 1328 2614 1367 nos
2643 1313 2835 1367 divinae
2864 1314 3151 1382 Scriptura:
3180 1313 3388 1382 regni-as
3408 1354 3422 1375 ,
3454 1325 3509 1369 et
3535 1314 3580 1366 si
3608 1315 3814 1367 velimus

2256 1405 2553 1475 aliquorum
2582 1405 2915 1474 genealogias
2939 1420 3207 1470 enarrare,
3240 1421 3343 1458 non
3376 1414 3550 1474 patres
3592 1415 3644 1458 et
3676 1420 3813 1467 avos,

2257 1506 2311 1550 et
2337 1497 2533 1551 abavos
2559 1497 2610 1551 itt
2644 1497 2875 1550 medium
2901 1495 3187 1551 afferamus
3208 1537 3224 1561 ,
3254 1497 3345 1552 sed
3372 1497 3485 1566 ejus
3512 1499 3679 1551 solum
3702 1539 3715 1561 ,
3734 1513 3815 1550 cu-

2254 1589 2344 1659 jus
2369 1599 2450 1645 est
2474 1590 2799 1661 genealogia,
2833 1591 3084 1644 virtutem
3109 1590 3439 1661 delegamus.
3467 1593 3564 1646 Hic
3599 1593 3816 1661 optimus

2258 1682 2581 1752 genealogis:
2611 1681 2801 1737 modus
2822 1693 2922 1736 est.
2954 1682 3083 1748 Qua:
3114 1683 3255 1737 enim
3282 1684 3482 1736 utilitas
3506 1699 3573 1736 ex
3602 1684 3751 1736 claris
3769 1695 3817 1737 et

2261 1772 2442 1841 probis
2476 1774 2785 1841 parentibus
2825 1772 3080 1840 originem
3109 1772 3307 1826 ducere
3334 1814 3349 1838 ,
3382 1783 3433 1826 te
3475 1783 3649 1827 autem
3679 1773 3819 1828 bona:

2262 1863 2382 1915 vitae
2403 1876 2521 1915 esse
2541 1870 2812 1930 expertem
2837 1860 2860 1914 Ὺ
2886 1870 2977 1915 aut
2996 1862 3136 1930 quod
3165 1862 3416 1915 damnum
3442 1861 3636 1929 fuerit,
3671 1863 3712 1916 si
3738 1880 3821 1933 pa-

2262 1963 2439 2006 rentes
2476 1958 2532 2006 et
2576 1953 2939 2020 progenitores
2976 1952 3174 2007 fuerint
3218 1952 3476 2022 ignobiles
3498 1962 3554 2007 et
3576 1954 3776 2007 obscuri
3803 1995 3818 2021 ,

2263 2043 2375 2112 ipse
2405 2054 2579 2097 autem
2609 2044 2887 2098 virtutibus
2917 2044 3107 2099 floreas
3128 2046 3151 2098 ἲ
3175 2044 3306 2110 Quia
3332 2056 3384 2099 et
3401 2044 3576 2113 justus
3603 2045 3689 2099 ille
3714 2046 3823 2100 talis

2265 2136 2379 2200 fuit,
2412 2144 2468 2190 et
2498 2137 2799 2191 conciliavit
2831 2136 2931 2193 sibi
2955 2139 3178 2207 gratiam
3209 2139 3301 2193 Dei
3326 2180 3341 2204 ,
3367 2154 3472 2193 non
3498 2138 3640 2208 quod
3669 2154 3697 2190 a
3718 2140 3825 2192 tali-

2264 2227 2362 2282 bus
2388 2228 2547 2283 fuerit
2575 2228 2913 2297 parentibus:
2939 2243 3111 2298 neque
3131 2229 3272 2282 enim
3303 2228 3373 2281 ita
3401 2242 3494 2283 eos
3520 2243 3826 2282 commemo-

2264 2329 2348 2373 rat
2386 2317 2658 2387 Scriptura
2706 2329 2763 2372 ut
2814 2319 3012 2374 virtute
3053 2319 3277 2373 nobiles.
3320 2318 3676 2373 Nihilominus
3714 2333 3825 2373 cum

2266 2420 2410 2464 tanta
2438 2421 2617 2465 essent
2641 2411 2913 2465 obstacula
2942 2419 2996 2465 et
3031 2420 3109 2465 tot
3152 2410 3553 2480 impedimenta,
3586 2412 3638 2466 in
3668 2410 3825 2480 ipsum

2265 2505 2545 2572 pervenire
2585 2504 2753 2572 potuit
2793 2503 3013 2558 virtutis
3035 2504 3051 2535 ¹
3081 2504 3379 2574 fastigium:
3407 2515 3463 2559 ut
3495 2505 3672 2559 discas
3713 2519 3824 2559 eum

2265 2594 2353 2662 qui
2385 2593 2567 2663 vigilat
2594 2603 2647 2646 et
2670 2594 2879 2648 sobrius
2904 2603 3006 2660 est,
3035 2603 3088 2646 et
3117 2609 3225 2647 sum
3261 2595 3445 2647 salutis
3473 2610 3655 2649 curam
3690 2594 3790 2663 agit
3809 2634 3822 2655 ,

2267 2685 2399 2739 nihil
2427 2701 2547 2741 esse
2571 2685 2713 2756 quod
2738 2686 3038 2757 prohibeat.
3066 2685 3198 2741 Nam
3229 2687 3367 2740 sicut
3398 2687 3484 2740 ubi
3517 2688 3829 2757 negligentes

2266 2779 2586 2846 cmperimus
2609 2793 2745 2844 esse,
2781 2780 2938 2832 etiam
2967 2794 2997 2832 a
3038 2779 3197 2833 rebus
3223 2779 3455 2833 minimis
3479 2778 3790 2834 offendimur
3814 2796 3827 2831 :

2270 2869 2340 2923 ita
2359 2869 2401 2922 si
2432 2869 2757 2923 voluerimus
2786 2870 2949 2923 sobrii
2978 2884 3097 2923 esse
3127 2911 3140 2933 ,
3174 2871 3420 2939 quamvis
3452 2869 3715 2924 innumeri
3737 2870 3832 2923 sint

2269 2964 2357 3033 qui
2383 2963 2449 3017 ad
2474 2962 2723 3015 tualitiam
2753 2960 2986 3024 trahant,
3019 2962 3322 3031 neutiquam
3352 2970 3593 3016 nostrum
3617 2963 3831 3015 studium

2270 3063 2513 3126 poterunt
2543 3051 2891 3109 labefactare:
2912 3055 3051 3107 sicut
3076 3069 3249 3122 neque
3276 3053 3422 3107 illum
3444 3055 3675 3123 justum,
3709 3065 3830 3106 tam-

2270 3146 2369 3201 etsi
2402 3154 2479 3200 tot
2502 3156 2682 3200 essent
2709 3144 2761 3199 id
2785 3154 3034 3198 curantes
3059 3185 3074 3204 .
3108 3145 3409 3214 segniorem
3445 3147 3495 3199 in
3538 3144 3824 3200 exercenda

2270 3239 2463 3293 virtute
2484 3238 2659 3293 facere
2680 3246 2988 3307 potuerunt.
3009 3237 3237 3292 Proinde
3259 3237 3437 3292 nullus
3465 3238 3628 3291 alium
3646 3246 3834 3308 arguat,

2270 3340 2325 3385 et
2355 3332 2407 3385 in
2436 3330 2567 3383 alios
2586 3330 2796 3400 culpam
2821 3329 3156 3394 trauscribat,
3180 3329 3275 3383 sed
3300 3345 3409 3383 suae
3432 3331 3655 3399 ignavia:
3682 3340 3834 3383 totum

2273 3422 2515 3490 imputet.
2545 3421 2614 3475 Et
2643 3422 2766 3491 quid
2793 3421 2912 3475 dico
2958 3421 3009 3474 in
3056 3420 3236 3476 alios?
3265 3421 3445 3491 Neque
3471 3421 3738 3475 diabolum
3768 3421 3837 3487 ip-

2272 3530 2388 3569 sum
2419 3513 2533 3583 quis
2558 3522 2663 3566 tam
2688 3520 2957 3583 potentem
2982 3522 3148 3583 putet,
3178 3522 3232 3568 ut
3252 3513 3533 3582 prohibere
3550 3513 3834 3581 quempiam

2274 3606 2443 3675 possit
2470 3605 2753 3674 quominus
2784 3605 2834 3659 in
2868 3606 3003 3658 viam
3033 3620 3150 3673 quae
3172 3604 3237 3658 ad
3267 3604 3517 3658 virtutem
3546 3604 3711 3667 ducit,
3739 3613 3833 3656 eat.

2274 3697 2820 3766 Supplantatquidem
2852 3706 2903 3750 et
2925 3696 3121 3766 decipit
3141 3697 3475 3751 socordiores
3500 3738 3515 3757 .
3548 3712 3654 3750 non
3686 3698 3837 3765 impe-

2273 3789 2351 3842 dit
2370 3800 2568 3853 autem,
2596 3803 2693 3842 nec
2710 3790 2813 3841 vim
2846 3789 3002 3842 infert
3027 3807 3039 3837 :
3067 3788 3117 3842 id
3146 3789 3285 3857 quod
3317 3804 3495 3842 rerum
3525 3788 3836 3856 experientia

2273 3881 2455 3936 docet:
2483 3894 2672 3949 nempe
2700 3879 2743 3933 si
2769 3881 3026 3934 vellemus
3051 3880 3271 3948 vigilare
3299 3922 3314 3946 ,
3346 3889 3503 3933 tanta:
3535 3877 3836 3934 constantiae

2274 3973 2544 4043 Specimen
2574 3973 2949 4027 exhiberemus
2969 4012 2983 4033 ,
3017 3982 3073 4026 ut
3107 3989 3280 4043 neque
3306 3972 3354 4026 si
3382 3973 3534 4025 multi
3567 3982 3743 4026 essent
3781 3969 3837 4021 ad

2275 4068 2489 4120 malitia:
2515 4067 2657 4121 viam
2684 4083 2779 4121 nos
2805 4067 3149 4120 cohortantes
3174 4106 3189 4130 ,
3217 4082 3400 4120 eorum
3431 4065 3693 4119 ferremus
3719 4078 3836 4116 con-

2274 4159 2469 4224 silium,
2503 4158 2596 4213 sed
2618 4160 2761 4212 omni
2783 4158 3069 4211 adamante
3096 4156 3381 4221 firmiores,
3402 4171 3561 4209 aures
3580 4155 3839 4208 obturare-

2276 4266 2392 4303 mus
2418 4260 2523 4304 tam
2556 4266 2716 4319 prava
2736 4248 3158 4304 consulentibus.
3190 4250 3256 4300 At
3298 4248 3341 4300 si
3373 4248 3699 4315 negligentes
3737 4244 3838 4296 fue—

2275 4343 2462 4407 rimus,
2486 4341 2694 4395 etiamsi
2724 4341 2899 4394 nullus
2927 4340 3097 4408 sitqui
3121 4338 3363 4392 consulat
3394 4338 3476 4392 vel
3497 4334 3795 4405 supplantet
3820 4371 3837 4397 ,

2275 4443 2456 4490 nostra
2496 4445 2684 4503 sponte
2719 4434 2785 4487 ad
2832 4433 3087 4486 malitiam
3135 4432 3492 4501 prosiliemus.
3522 4430 3655 4485 Nam
3683 4429 3725 4482 si
3746 4428 3839 4481 hoc

2276 4542 2377 4579 non
2397 4524 2709 4580 essetsitum
2734 4525 2784 4576 in
2802 4528 3069 4577 voluntate
3088 4534 3286 4585 nostra,
3307 4522 3422 4576 etin
3445 4522 3608 4575 animi
3623 4526 3813 4590 potesta

2278 4616 2494 4681 te,Deus
2512 4624 2754 4668 naturam
2781 4623 3021 4669 nostram
3043 4616 3122 4667 sui
3146 4614 3282 4682 juris
3308 4628 3412 4667 non
3430 4611 3666 4676 fecisset,
3688 4607 3836 4679 opor-

2276 4709 2417 4763 tebat
2445 4722 2539 4762 eos
2566 4707 2653 4777 qui
2678 4716 2878 4760 naturae
2908 4718 3101 4762 nostra:
3123 4707 3425 4776 participes,
3458 4719 3511 4760 et
3541 4705 3725 4759 iisdem
3751 4701 3834 4756 οὺς

2275 4800 2419 4855 noxii
2444 4809 2567 4855 sunt
2605 4800 2969 4856 affectionibus
2997 4841 3012 4867 ,
3042 4802 3126 4855 vel
3149 4820 3338 4859 omnes
3370 4801 3540 4857 malos
3565 4814 3683 4855 esse
3710 4838 3727 4863 ,
3763 4799 3833 4850 vel

2273 4906 2461 4948 omnes
2487 4893 2681 4947 virtute
2709 4892 2977 4962 praeditos.
3017 4890 3148 4946 Cum
3174 4901 3352 4946 autem
3385 4892 3624 4946 videmus
3649 4904 3831 4959 conge-

2273 5001 2428 5039 neres
2452 4994 2699 5052 nostros,
2732 4994 2786 5038 et
2814 4984 3011 5039 eisdem
3040 4984 3407 5038 affectionibus
3434 4981 3709 5046 obnoxios,
3740 4996 3834 5035 non

2274 5076 2459 5130 eadem
2485 5092 2604 5146 quae
2629 5090 2726 5130 nos
2757 5076 2861 5145 pati
2889 5093 2901 5128 :
2930 5074 3025 5130 sed
3050 5085 3103 5129 et
3130 5074 3301 5127 valida
3327 5074 3531 5129 ratione
3555 5074 3836 5143 guhemare

2274 5177 2516 5221 naturam
2547 5207 2563 5233 ,
2591 5176 2645 5221 et
2668 5167 2994 5221 inordinatos
3024 5172 3200 5220 motus
3231 5164 3468 5229 domare,
3499 5174 3555 5219 et
3583 5164 3837 5220 refrenare

2273 5260 2781 5329 concupiscentiam,
2810 5259 3072 5328 imperare
3100 5256 3264 5311 furori
3294 5264 3349 5312 et
3378 5258 3487 5320 irae,
3517 5254 3699 5325 fugare
3724 5254 3818 5308 invi

2272 5352 2413 5408 diam
2438 5393 2453 5419 ,
2499 5352 2773 5407 eliminare
2812 5352 3030 5407 livorem
3064 5392 3079 5419 ,
3123 5359 3465 5406 contemnere
3504 5349 3740 5403 rabidam
3787 5346 3834 5399 in

2273 5445 2653 5515 conquirendis
2686 5443 2929 5515 pecuniis
2961 5442 3302 5513 cupiditatem
3333 5483 3349 5509 ,
3380 5443 3641 5497 minorem
3666 5441 3831 5510 gloria

2273 5551 2457 5592 curam
2486 5535 2703 5603 habere,
2732 5534 2909 5591 ridere
2935 5549 3148 5591 omnem
3174 5535 3453 5606 praesentis
3479 5533 3601 5589 vita:
3628 5532 3834 5589 (elicita:

2336 5690 2354 5722 ί
2391 5689 2501 5748 Ain,
2526 5701 2726 5740 summa
2750 5687 2949 5741 virtutis.
