4038 6394
239 429 354 488 2113

249 563 373 600 πον
401 553 529 604 κατ’
550 555 751 606 εἰκόνα
794 553 1108 623 ἡμετέραν,
1133 557 1227 608 καί
1262 557 1392 608 καθ’
1432 557 1733 625 ὁμοίωσιν,
1777 555 1919 610 τοῦτ’

247 637 420 698 ἐστιν,
449 639 534 692 ἴνα
566 640 750 711 ἅρχων
844 642 1066 694 καὶτῶν
1087 643 1380 712 ὁρωμένων
1407 646 1661 698 ἁπάντων
1693 644 1787 696 καὶ
1815 646 1922 696 τῶν

239 727 300 776 ἐν
327 727 480 794 αὐτῷ
512 731 852 798 τικτομένων
881 731 1071 784 παθῶν
1091 748 1104 760 ·
1135 731 1220 783 ἵνα
1249 733 1412 803 ἄρχῃ,
1441 735 1533 784 καὶ
1569 733 1642 802 μὴ
1665 721 1944 802 ἅρχηται.¹

249 812 386 865 Ἐὰν
425 816 612 884 μέντοι
671 817 904 887 προδοὺς
961 817 1059 886 τὴν
1112 817 1286 888 ἀρχὴν
1338 818 1573 888 ἄρχηται
1632 817 1917 888 μᾶλλον.ἢ

235 898 410 970 ἄρχῃ.
440 902 705 954 ἀπόλλυσι
755 905 850 956 καὶ
898 903 958 956 τὺ
999 899 1138 956 εἶναι
1167 904 1472 974 ἄνθρωπος,
1499 906 1591 956 καὶ
1640 905 1774 974 πρὸς
1819 905 1918 974 τὴν

237 986 362 1038 τῶν
407 988 620 1056 ἀλόγων
651 993 1020 1062 προσηγορίαν
1071 993 1260 1044 ἑαυτὸν
1311 993 1652 1062 μετατίθησι.
1695 993 1790 1044 Διά
1835 1009 1916 1044 τοι

231 1073 404 1126 τοῦτο
425 1077 520 1128 καὶ
542 1077 636 1130 νῦν
659 1077 757 1149 τὴν
787 1079 988 1148 ἀρετὴν
1009 1079 1104 1132 τοῦ
1132 1079 1338 1132 δικαίου
1363 1079 1553 1132 τούτου
1577 1079 1914 1150 ἀνακηρῦξαι

237 1159 548 1232 βουλομένη
589 1165 620 1234 ή
657 1165 772 1218 θεία
807 1166 998 1236 Γραφή
1050 1183 1244 1235 φησιν,
1307 1163 1492 1222 Αὗται
1539 1170 1598 1220 αἱ
1649 1167 1915 1237 γενέσεις

233 1250 376 1302 N6»:
395 1267 410 1279 '
439 1249 568 1306 Νῶε
618 1253 930 1320 ἅνθρωπος
955 1253 1204 1319 δίκαιος.
1257 1255 1386 1308 Ἰδοὺ
1409 1256 1504 1308 καὶ
1529 1255 1716 1324 ἕτερον
1743 1257 1916 1320 ἐγκω-

229 1337 374 1404 μίου
405 1337 661 1406 μέγιστον
701 1337 862 1403 εἶδος,
911 1341 1181 1404 Δίκαιος-⁸
1231 1341 1316 1394 διά
1363 1341 1567 1410 ταύτης
1603 1343 1702 1406 τῆς
1743 1359 1914 1412 προσ-

233 1424 474 1494 ηγορίας
503 1425 604 1495 τήν
629 1427 855 1482 καθόλου
883 1427 1082 1498 ἀρετὴν
1103 1429 1304 1497 ταύτην
1323 1431 1594 1498 ἐμφαίνει.
1619 1429 1690 1482 Τὸ
1711 1431 1816 1499 γὰρ
1836 1427 1914 1482 δί-

229 1528 410 1576 καιος
446 1511 616 1583 ὄνομα
649 1514 766 1577 ἔθος
801 1517 931 1585 ήμν
963 1515 1056 1566 ἐπὶ
1098 1515 1208 1566 τῶν
1253 1518 1429 1568 πᾶσαν
1469 1517 1668 1586 ἀρετὴν
1701 1516 1910 1584 μετιόν-

228 1611 349 1652 των
377 1599 576 1668 λέγειν.
605 1599 740 1654 Εἶτα
788 1602 875 1654 ἵνα.
927 1602 1106 1674 μάθῃς
1137 1603 1285 1666 ὅπως
1317 1603 1450 1674 πρὸς
1489 1603 1620 1654 αὐτὸ
1648 1603 1708 1655 τὸ
1744 1603 1910 1672 ἄκρον

225 1689 336 1756 τῆς
365 1687 568 1756 ἀρετῆς
593 1687 846 1756 ἔφθασεν,
879 1690 1014 1761 ὅπερ
1049 1691 1140 1743 καὶ
1177 1691 1298 1742 τότε
1329 1693 1593 1762 ἀπῃτεῖτο
1637 1691 1788 1760 παρὰ
1813 1693 1909 1759 τῆς

229 1773 455 1840 φύσεως
483 1776 585 1845 τῆς
642 1775 935 1846 ἡμετέρας,
966 1777 1130 1847 φησὶ,
1159 1779 1397 1842 Δίκαιος
1417 1819 1430 1840 ,
1460 1777 1690 1843 τέλειος
1727 1777 1811 1831 ὢν
1841 1779 1912 1830 ἐν

227 1859 308 1928 τῇ
341 1859 514 1930 γενεᾷ
545 1863 750 1916 αὑτοῦ.
799 1864 984 1917 Πάντα
1016 1863 1336 1936 πληρώσας,
1363 1866 1546 1934 φησὶν,
1577 1865 1717 1937 άπερ
1745 1868 1909 1936 ἐχρῆν

225 1948 522 2020 ἄνθρωπον
561 1950 930 2016 ἐπιδείξασθαι
980 1950 1126 2023 [215]
1163 1952 1364 2022 ἀρετὴν
1412 1953 1664 2020 ἑλόμενον
1716 1954 1910 2020 (τοῦτο

223 2035 344 2104 γάρ
365 2039 502 2096 ἐστι,
527 2038 802 2104 Τέλειος),
818 2037 968 2091 οὐδὲν
989 2039 1328 2102 ἐλλελοιπὼς,
1354 2042 1410 2092 ἐν
1436 2039 1609 2092 οὐδενὶ
1635 2039 1904 2109 χωλεύων.

223 2123 310 2175 Οὐ
343 2124 405 2174 τὸ
460 2125 558 2194 μὲν
597 2125 968 2194 κατορθώσας,
999 2129 1057 2179 ἐν
1100 2125 1177 2197 τῷ
1228 2127 1283 2179 δὲ
1317 2127 1658 2198 διαμαρτὼν,
1701 2126 1816 2178 ἀλλ’
1850 2129 1907 2179 ἐν

225 2209 382 2280 πάσῃ
433 2212 603 2282 ἀρετῇ
643 2211 846 2274 τέλειος
891 2209 994 2284 ἦν·
1027 2215 1184 2267 τοῦτο
1228 2215 1338 2284 γὰρ
1385 2216 1549 2286 ἐχρῆν
1589 2214 1750 2268 αὐτὸν
1785 2217 1904 2268 ἐπι-

221 2293 526 2360 δείξασθαι.
549 2295 698 2360 Εἶτα,
723 2301 806 2352 ἵνα
833 2305 898 2352 ἐκ
921 2301 1012 2353 τοῦ
1033 2303 1224 2372 χρόνου
1248 2305 1341 2356 καὶ
1364 2305 1427 2355 ἐκ
1453 2303 1552 2371 τῆς
1573 2301 1908 2372 συγκρίσεως

223 2373 693 2456 περιφανέστερον
747 2389 880 2457 ἡμῖν
911 2388 1000 2440 τὸν
1043 2390 1252 2442 δίκαιον
1300 2389 1703 2460 ἀπεργάσηται,
1737 2391 1904 2461 φησί·

227 2471 468 2540 Τέλειος
493 2471 580 2526 ὢν
615 2473 774 2543 ἐν·τῇ
813 2475 1244 2552 ιγενεᾷμύτυῦε
1279 2478 1337 2530 ὲν
1381 2477 1458 2547 τῷ
1493 2477 1664 2548 καιρῷ
1692 2479 1904 2548 ἐκείνῳ,

223 2562 286 2613 ἑν
319 2563 387 2631 τῇ
417 2563 583 2631 γενεᾷ
617 2563 780 2615 αὐτοῦ
814 2566 882 2634 τῇ
911 2555 1342 2635 διεστραμμένη,
1378 2567 1443 2636 τῇ
1475 2565 1612 2636 πρὸς
1639 2565 1907 2636 τοσαύτην

221 2649 430 2702 κακίαν
455 2651 822 2722 ἀποκλινάσῃ,
849 2654 914 2722 τῇ
944 2651 1080 2721 μηδέ
1111 2651 1254 2720 ῖχνος
1279 2653 1377 2722 τῆς
1399 2651 1600 2723 ἀρετῆς
1639 2653 1909 2718 ἐπιδείξα-

223 2735 354 2788 σθαι
387 2737 731 2810 βουληθείσῃ.
767 2739 853 2790 Ἐν
875 2739 1056 2810 ἐκείνῃ
1079 2741 1256 2792 τοίνυν
1287 2743 1350 2810 τῇ
1373 2742 1556 2812 γενεᾷ,
1589 2743 1646 2793 ἐν
1678 2742 1906 2804 ἐκείνοις

223 2825 342 2885 τοῖς
365 2825 583 2893 χρόνοις
615 2820 768 2887 οὗτος
789 2827 818 2878 ὁ
839 2825 1046 2890 δίκαιος
1069 2827 1129 2880 οὐ
1161 2829 1320 2898 μόνον
1349 2828 1550 2898 ἀρετὴν
1573 2827 1902 2893 ἐπεδείξατο,

221 2911 366 2964 ἀλλὰ
419 2913 516 2964 καὶ
541 2911 622 2974 είς
662 2913 760 2984 τὴν
793 2913 970 2985 ἄκραν
1011 2915 1254 2986 κορυφὴν
1287 2915 1396 2968 τῶν
1455 2915 1664 2985 ἀρετῶν
1702 2917 1904 2984 ἔφθασε

223 2998 432 3062 τέλειος
463 3000 724 3068 γεγονὼς,
767 3002 862 3054 καὶ⁹
913 3003 972 3054 ἐν
1011 3003 1212 3055 ἅπασιν
1259 3003 1682 3072 άπηρτισμένος.
1729 3005 1904 3076 Ὅπερ

221 3085 340 3156 γάρ
361 3086 531 3157 ἔφθην
561 3089 754 3148 εἰπὼν,
788 3090 1009 3159 μείζονα
1049 3091 1320 3143 δείκνυσιν
1344 3093 1429 3143 ἀεὶ
1455 3092 1556 3160 τῆς
1589 3093 1793 3162 ἀρετῆς
1815 3094 1904 3146 τὸν

219 3175 390 3242 ὖγκον
413 3171 476 3229 τὸ
499 3177 704 3246 μεταξὺ
732 3179 840 3231 τῶν
874 3179 1253 3248 πολεμούντων
1287 3180 1456 3251 αὐτὴν
1489 3181 1902 3250 κατορθοῦσθαι,

223 3263 328 3316 καὶ
355 3265 412 3316 ἐν
467 3265 620 3335 μέσῳ
655 3266 766 3318 τῶν
813 3257 1130 3320 κωλυόντων
1159 3269 1258 3337 τὴν
1296 3269 1466 3337 αὐτὴν
1503 3269 1905 3325 ἐπιδείκνυσθαι

223 3351 538 3420 ἀκρίϐειαν.
567 3347 658 3404 Διὸ
691 3353 756 3423 δὴ
780 3355 873 3406 καὶ
899 3355 928 3404 ὁ
961 3354 1167 3418 δίκαιος
1187 3349 1340 3418 οὗτος
1373 3355 1632 3408 πλειόνων
1659 3357 1906 3421 ἀξιοῦται

217 3437 340 3490 τῶν
361 3437 622 3490 ἐπαίνων.
645 3441 754 3492 Καὶ
789 3441 906 3492 οὐδὲ
944 3442 1106 3510 μέχρι
1135 3443 1320 3496 τούτου
1347 3443 1559 3496 ἵσταται
1593 3445 1904 3516 ἀνακηρύτ-

219 3541 394 3578 τουσα
437 3526 654 3597 αὐτὸνή
695 3527 815 3580 θεία
863 3528 901 3578 Γ
906 3530 1074 3599 ραιρὴ,
1112 3529 1245 3582 ἀλλὰ
1276 3530 1596 3584 δεικνύουσα
1641 3533 1774 3602 ἡμῖν
1805 3533 1904 3602 τῆς

219 3612 432 3682 ἀρετῆς
486 3613 656 3666 αὐτοῦ
691 3615 790 3683 τὴν
823 3614 1144 3685 ὑπερϐολὴν,
1187 3617 1282 3668 καὶ
1313 3618 1394 3668 ὅτι
1441 3617 1538 3688 τὴν
1565 3617 1743 3688 ψῆφον
1774 3619 1906 3674 ἄνω-

217 3699 320 3750 θεν
343 3699 584 3766 ἐδέξατο,
617 3700 865 3766 εἰποῦσα,
904 3701 1134 3767 Τέλειος
1178 3702 1264 3755 ῶν·
1287 3705 1357 3756 ἑν
1383 3703 1457 3772 τῇ
1489 3705 1662 3776 γενεᾷ
1694 3709 1899 3774 αὐτοῦ,

217 3788 358 3855 φησί
377 3803 390 3814 ·
427 3785 510 3852 Τῷ
545 3789 668 3853 Θεῷ
699 3789 1071 3856 εὑηρέστησε
1100 3791 1245 3844 Νῶε.
1275 3793 1522 3863 Τοσαύτη
1548 3789 1616 3864 ἦν
1645 3795 1744 3864 τῆς
1771 3797 1902 3866 ἀρε-

216 3874 325 3942 τῆς
353 3875 516 3927 αὐτοῦ
549 3875 582 3945 ὴ
630 3877 940 3947 περιουσία,
971 3879 1046 3940 ὡς
1086 3879 1176 3931 τὸν
1213 3881 1362 3950 παρὰ
1399 3881 1491 3934 τοῦ
1521 3883 1654 3935 Θεοῦ
1683 3883 1903 3936 ἔπαινον

215 3963 653 4016 ἐπισπάσασθαι.
691 3963 774 4029 Τῷ
804 3965 924 4030 Θεῴ
957 3967 1083 4038 γὰρ,
1118 3970 1300 4038 φησὶν,
1331 3969 1704 4037 εὐηρέστησε
1729 3971 1856 4024 Νῶε
1883 3989 1896 4000 ·

217 4049 310 4102 ἵνα
329 4049 460 4120 εἴπῃ
489 4051 571 4102 ὃτι
607 4051 904 4116 ἀπόδεκτος
933 4055 1086 4124 παρά
1111 4055 1187 4124 τῷ
1218 4055 1334 4126 Θεῷ
1373 4055 1612 4125 γέγονεν,
1633 4059 1796 4129 ῆρεσε
1825 4060 1900 4129 τῷ

211 4139 512 4208 ἀκοιμήτῳ
562 4139 754 4211 ἐκείνῳ
793 4140 1056 4212 ὀφθαλμῷ
1087 4142 1176 4195 διὰ
1216 4143 1324 4196 τῶν
1353 4145 1500 4216 αὐτῷ
1548 4147 1899 4218 κατορθωμέ-

213 4241 348 4286 νων,
379 4226 476 4278 καὶ
501 4227 712 4278 ἐκείνου
753 4227 852 4297 τὴν
884 4227 1094 4282 εὔνοιαν
1132 4229 1467 4298 ἐφελκύσατο
1500 4235 1531 4298 ἡ
1573 4233 1680 4286 τῶν
1709 4232 1900 4302 βεϐιω-

219 4315 402 4384 μένων
435 4315 656 4386 πρᾶξις,
683 4317 778 4370 καὶ
813 4319 874 4370 οὐ
912 4319 1070 4389 μόνον
1106 4319 1226 4389 τῆς
1253 4320 1553 4392 μελλούσης
1587 4321 1728 4375 κατὰ
1765 4323 1900 4376 πάν-

212 4419 327 4454 των
357 4403 693 4472 ἐκφέρεσθαι
747 4405 1175 4477 ἀγανακτήσεως
1207 4407 1606 4479 ἠλευθέρωσεν,
1641 4410 1776 4463 ἀλλά
1805 4411 1898 4464 καὶ

214 4492 424 4562 ἐτέρων
451 4492 767 4564 προστάτην
821 4495 980 4547 αὐτὸν
1031 4497 1426 4568 ἀπειργάσατο.
1467 4495 1551 4562 Τῷ
1595 4498 1737 4562 Θεῷ,
1767 4499 1894 4570 γὰρ,

213 4579 408 4650 φησὶν,
424 4579 800 4649 εὐηρέστησε
823 4581 970 4635 Νῶε.
989 4583 1084 4647 Τίς
1104 4583 1170 4636 ἂν
1202 4583 1391 4637 τούτου
1440 4585 1898 4658 μακαριστότερος

213 4666 416 4734 γένοιτ’
453 4665 554 4730 ἂν,
585 4665 679 4719 τοῦ
725 4668 1044 4740 δυνηθέντος
1087 4672 1357 4742 τοσαύτην
1395 4672 1762 4736 ἐπιδείξασθαι
1797 4675 1896 4744 τὴν

215 4757 424 4828 ἀρετὴν
447 4795 460 4818 ,
497 4755 574 4818 ὡς
613 4757 705 4808 τὸν
739 4759 994 4811 ἁπάντων
1037 4761 1313 4832 Δεσπότην
1362 4761 1652 4830 ἐπαινέτην
1697 4761 1843 4832 ἔχειν
1880 4780 1894 4827 ;

287 4843 416 4896 Τῶν
445 4845 546 4914 μὲν
579 4840 674 4897 οὖν
705 4845 854 4915 αὐτῷ
887 4849 1291 4917 πεπραγμένων
1320 4848 1476 4900 τοῦτο
1501 4850 1701 4912 παντὸς
1734 4850 1895 4902 πλού-

215 4947 338 4996 του,
369 4931 556 5001 πάσης
585 4932 774 5002 δόξης,
807 4935 898 4986 καὶ
928 4935 1264 4999 δυναστείας,
1295 4937 1389 4988 καὶ
1426 4937 1526 5006 τῆς
1557 4937 1723 5007 ἄλλης
1757 4939 1897 4990 ἀπά-

219 5033 324 5088 σης
347 5019 702 5091 ἀνθρωπίνης
729 5023 1030 5094 εὐημερίας
1056 5023 1134 5093 τῷ
1155 5025 1279 5076 νοῦν
1299 5025 1474 5094 ἔχοντι
1505 5027 1896 5098 προτιμότερον

215 5103 286 5158 ἂν
315 5106 436 5175 εἴη·
475 5107 634 5160 τοῦτο
667 5107 744 5177 τῷ
785 5109 1016 5178 γνησίαν
1055 5112 1182 5180 περὶ
1223 5112 1314 5164 τὸν
1355 5112 1486 5164 Θεὸν
1520 5113 1740 5182 ἀγάπην
1773 5115 1896 5166 ἐπι-

215 5193 560 5266 δεικνυμένῳ
587 5195 867 5265 βασιλείας
905 5199 970 5250 ἂν
999 5199 1081 5268 εἴη
1119 5199 1508 5269 ποθεινότερον.
1539 5201 1603 5252 Ἣ
1631 5201 1739 5271 γὰρ
1760 5201 1895 5270 ἀλη-

211 5279 320 5348 θὴς
365 5281 614 5349 βασιλεία
673 5283 822 5336 ἐστὶν
869 5283 1030 5355 αὕτη,
1067 5286 1126 5338 τὸ
1161 5286 1452 5357 δυνηθῆναι
1485 5289 1630 5357 ἡμᾶς
1681 5288 1768 5342 διὰ
1795 5291 1895 5360 τῆς

213 5369 450 5440 ἀρίστης
482 5371 759 5434 πολιτείας
785 5373 986 5442 εὐμενῆ
1012 5374 1104 5426 καὶ
1151 5375 1276 5428 ἵλεω
1313 5377 1650 5446 καταστῆσαι
1683 5377 1894 5441 ἑαυτοῖς

211 5457 310 5509 τὸν
355 5459 658 5530 Δεσπότην.
698 5461 830 5514 Οὐδὲ
870 5462 979 5532 γάρ
1025 5463 1248 5529 γέενναν
1276 5464 1363 5516 διὰ
1400 5465 1560 5518 τοῦτο
1611 5467 1894 5533 φοϐεῖσθαι

209 5543 508 5614 ὀφείλομεν
541 5547 634 5599 καὶ
660 5547 976 5610 δεδοικέναι,
1007 5548 1094 5601 διὰ
1122 5549 1182 5602 τὸ
1210 5551 1320 5621 πῦρ
1346 5553 1524 5604 ἐκεῖνο
1543 5553 1606 5604 τὸ
1634 5553 1895 5606 ἄσὸεστον

213 5635 311 5688 καὶ
337 5635 438 5698 τὰς
469 5635 706 5707 φοϐερὰς
731 5637 1024 5708 τιμωρίας,
1055 5640 1151 5694 καὶ
1189 5640 1287 5702 τάς
1313 5641 1578 5711 διηνεκεῖς
1623 5643 1891 5706 κολάσεις,

213 5722 354 5776 ἀλλὰ
398 5723 490 5776 διὰ
521 5724 584 5776 τὸ
617 5726 990 5796 προσκροῦσαι
1017 5739 1042 5766 α
1073 5727 1150 5797 τῷ
1185 5728 1359 5790 οὕτως
1403 5729 1592 5799 ἀγαθῷ
1625 5729 1891 5802 Δεσπότῃ,

215 5809 312 5863 καὶ
335 5813 438 5880 τῆς
465 5811 676 5863 ἐκείνου
710 5813 920 5875 εὐνοίας
949 5813 1108 5877 ἐκτὸς
1136 5817 1282 5884 ἡμᾶς
1313 5819 1504 5885 στῆναι
1541 5833 1554 5845 ·
1585 5815 1771 5885 ῶσπερ
1799 5813 1892 5869 οὖν

275 5932 418 6004 'A_lii
459 5935 539 6004 διὰ
586 5935 648 6004 τὸ.
687 5936 748 5996 μή
793 5935 1310 6004 προσκροῦραι,ίοῐιεε
1349 5939 1549 6004 melius,
1586 5939 1674 5988 sed
1707 5939 1877 6004 Savil.,

215 5991 416 6058 Morel.,
443 6003 498 6046 et
519 5991 866 6058 maxillia'pafs
1031 6001 1106 6046 διὰ
1132 5991 1188 6046 τὸ
1209 5991 1550 6062 προσκροῦσαιξ

557 6076 829 6138 Ρηιιοι.
878 6079 995 6138 Gn.
1045 6079 1202 6142 LIII.

1401 435 1468 498 IN
1505 442 1658 498 CAP.
1709 433 1772 496 VI
1811 435 2058 498 GENES.
2103 440 2334 498 IIOMIB.
2377 437 2562 494 XXIII.

3579 437 3686 489 ευι

2028 557 2120 610 καὶ
2147 557 2236 608 ἐπὶ
2271 557 2370 625 τὴν
2401 553 2672 622 βασιλείαν
2696 549 2782 602 διὰ
2805 548 2961 602 τοῦτο
2998 541 3244 601 σπεύδειν
3277 547 3420 618 ἡμᾶς
3449 547 3574 618 χρὴ,
3595 548 3684 600 διὰ

2021 646 2110 698 τὸν
2139 645 2266 714 περὶ
2299 639 2458 695 αὐτὸν
2493 641 2674 704 πόθον,
2699 640 2786 691 ἵνα
2811 640 2910 708 τῆς
2939 637 3146 690 ἐκείνου
3190 639 3360 707 ῥοπῆς
3398 635 3682 690 ἀπολαύω-

2068 748 2142 782 εν.
2177 731 2390 797 ’Ὠσπερ
2435 727 2542 795 γάρ
2593 724 2862 795 βασιλείας
2913 724 3282 795 ποθεινότερον
3323 723 3383 775 τὸ
3428 723 3684 778 εὐνοῖκῶε⁹

2021 819 2148 886 περὶ
2171 818 2318 887 ἡμᾶς
2344 815 2645 868 διακεῖσθαι
2678 814 2769 866 τὸν
2799 813 3178 883 φιλάνθρωπον
3206 814 3238 883 ἡ
3249 813 3363 883 μῶν
3385 813 3678 881 Δεσπότην,

2017 905 2160 956 οὕτω
2187 904 2413 973 γεέννης
2459 902 2835 973 χαλεπώτερον
2885 895 2946 954 τὸ
2977 903 3074 972 τῆς
3107 899 3314 952 ἐκεῖθεν
3343 900 3552 962 εὐνοίας
3593 902 3683 952 ἐκ·

2021 1010 2084 1044 πε
2094 995 2222 1044 σεῖν.

2089 1081 2270 1132 Εἴδετε
2301 1079 2474 1147 πόσης
2501 1079 2636 1148 ἡμῖν
2661 1075 2926 1144 ὡφελείας
2950 1075 3167 1144 γέγονεν
3196 1075 3446 1137 ὑπόθεσις
3462 1076 3493 1143 ἡ
3511 1091 3679 1144 προσ-

2017 1168 2212 1239 ηγορία
2245 1167 2378 1237 μόνη
2409 1165 2501 1218 τοῦ
2529 1165 2740 1216 δικαίου
2760 1205 2774 1222 ,
2807 1164 2902 1216 καὶ
2929 1165 3050 1216 ὅσον
3083 1163 3214 1232 ἡμῖν
3255 1163 3525 1232 θησαυρὸν
3557 1179 3680 1230 νοη-

2019 1256 2202 1323 μάτων
2227 1254 2410 1306 ἕτεκεν
2437 1255 2468 1323 ἡ
2501 1251 2814 1320 γενεαλογία
2847 1250 2940 1302 τοῦ
2971 1249 3118 1320 [Qui
3158 1250 3458 1320 θαυμασίου
3493 1249 3676 1300 τούτου

2013 1343 2241 1412 ἀνδρός;
2273 1339 2584 1410 Μιμώμεθα
2607 1339 2788 1392 τοίνυν
2815 1341 2912 1408 τῆς
2945 1331 3092 1399 θείας
3127 1338 3346 1407 Γραφῆς
3367 1339 3490 1400 τοὺς
3509 1338 3680 1388 ’κανό-

2013 1447 2129 1492 νας,
2155 1430 2248 1482 καὶ
2270 1429 2363 1481 ἐὰν
2394 1427 2711 1498 βουλώμεθά
2753 1443 2912 1478 τινων
2955 1425 3300 1493 γενεαλογίας
3342 1425 3675 1492 ἐξηγεῖσθαι,

2017 1519 2091 1589 μὴ
2119 1519 2380 1589 πατέρας,
2413 1517 2506 1570 καὶ
2555 1516 2833 1580 πάππους,
2864 1515 2958 1568 καὶ
3002 1515 3350 1578 ἐπιπάππους
3385 1515 3464 1576 εἰς
3516 1513 3678 1582 μέσον

2013 1609 2290 1678 φέρωμεν,
2320 1607 2454 1660 ἀλλὰ
2502 1607 2596 1658 τοῦ
2628 1604 3121 1674 γενεαλογουμένου
3160 1603 3258 1674 τὴν
3289 1604 3488 1675 ἀρετὴν
3515 1605 3679 1656 ἐκκα-

2011 1695 2322 1762 λύπτωμεν.
2357 1687 2524 1758 Οὗτος
2569 1694 2678 1764 γὰρ
2723 1693 2942 1764 ἄριστος
2980 1692 3328 1760 γενεαλογίας
3359 1693 3576 1761 τρόπος.
3612 1691 3676 1741 Τί

2009 1782 2118 1852 γάρ
2141 1781 2332 1850 ὄφελος
2383 1785 2448 1835 ἐκ
2489 1782 2738 1851 πατέρων
2770 1776 2905 1832 εἷναι
2947 1778 3213 1850 λαμπρῶν
3256 1779 3348 1831 καὶ
3385 1777 3674 1848 ἐναρέτων,

2007 1869 2168 1922 αὐτὸν
2189 1869 2244 1922 δὲ
2271 1868 2476 1938 ἔρημον
2494 1864 2632 1921 εἶναι
2660 1869 2759 1938 τῆς
2787 1867 3016 1936 ἀρίστης
3045 1866 3312 1928 πολιτείας
3333 1883 3348 1928 ;
3372 1855 3404 1934 ἠ
3439 1863 3593 1918 πάλι.⁸
3627 1863 3677 1915 τί

2011 1955 2206 2026 βλάϐος
2231 1954 2297 2008 ἂν
2319 1955 2526 2022 γένοιτο
2545 1957 2607 2008 ἐκ
2631 1954 2882 2024 πατέρων
2910 1951 3050 2006 εἶναι
3075 1952 3168 2004 καὶ
3199 1945 3475 2022 προγόνων
3493 1951 3676 2018 δυσγει

2009 2043 2136 2105 νῶν,
2173 2044 2263 2096 καὶ
2307 2042 2564 2110 ἀφανῶν,
2601 2042 2760 2106 αὐτὸν
2813 2039 2870 2094 δέ
2919 2040 3085 2111 πολλῇ
3134 2033 3312 2110 κομᾷν
3351 2041 3416 2108 τῇ
3465 2039 3672 2108 ἀρετῇς

2021 2129 2172 2182 Ἐπεὶ
2201 2129 2295 2182 καὶ
2329 2129 2355 2180 ὁ
2377 2129 2582 2192 δίκαιος
2607 2121 2760 2192 οὗτος
2787 2127 3027 2190 τοιοῦτος
3050 2125 3306 2198 γεγονὼς,
3345 2127 3436 2180 καὶ
3463 2125 3558 2194 τὴν
3582 2124 3674 2176 τοῦ

2007 2219 2142 2271 Θεοῦ
2171 2209 2385 2270 εὔνοιαν
2435 2218 2902 2286 ἐπισπασάμενος,
2927 2217 3026 2268 οὐκ
3059 2213 3166 2268 ἀπὸ
3198 2213 3453 2267 τοιούτων
3483 2211 3672 2280 γέγονε

2010 2305 2318 2375 προγόνων·
2351 2305 2470 2356 οὐδέ
2499 2303 2608 2374 γάρ
2652 2303 2726 2367 ὡς
2755 2304 3024 2374 ἐναρέτων
3065 2301 3242 2356 αὐτῶν
3271 2300 3673 2372 ἐμνημόνευσεν

2007 2394 2041 2464 ή
2071 2394 2190 2446 θεία
2225 2393 2414 2462 Γραφή
2438 2409 2451 2420 ·
2482 2385 2576 2444 καὶ
2611 2391 2762 2462 ὅμως
2791 2392 2976 2462 ίσχυσε
3004 2390 3271 2444 τοσούτων
3296 2389 3462 2441 ὄντων
3496 2386 3672 2438 κωλυ-

2011 2481 2217 2550 μάτων,
2242 2480 2335 2533 καὶ
2364 2477 2466 2532 ὑπὸ
2505 2478 2777 2531 τοσούτων
2813 2477 3256 2548 ἐμποδιζόμενος,
3282 2478 3360 2538 εἰς
3389 2473 3556 2542 αὐτὴν
3577 2473 3672 2542 τὴν

2007 2567 2180 2639 ἄκραν
2207 2565 2448 2620 ἀνελθεῖν
2477 2566 2578 2635 τῆς
2609 2563 2812 2635 ἀρετῆς
2846 2565 2872 2604 1³
2896 2581 2909 2595 ·
2937 2565 3024 2617 ἴνα
3059 2564 3236 2635 μάθῃς
3262 2564 3342 2615 ὃτι
3367 2557 3456 2614 τὸν
3485 2559 3642 2630 βουλό
3660 2591 3672 2600 -

2011 2672 2168 2724 μενον
2194 2655 2404 2726 νήφειν,
2430 2655 2524 2706 καὶ
2551 2653 2910 2725 ἐγρηγορέναι
2933 2694 2946 2716 ,
2969 2652 3063 2705 καὶ
3105 2649 3304 2722 πολλὴν
3336 2651 3434 2717 τῆς
3467 2651 3676 2710 οἰκείας

2010 2741 2282 2814 σωτηρίας
2313 2741 2583 2795 ποιεῖσθαι
2610 2740 2705 2811 τὴν
2743 2741 3019 2811 πρόνοιαν,
3049 2739 3200 2792 οὐδέν
3231 2740 3345 2790 ἐστι
3385 2739 3446 2789 τὸ
3474 2737 3672 2789 διακωι

2008 2827 2151 2882 λύον.
2191 2829 2402 2900 Ὥσπερ
2433 2827 2542 2898 γὰρ
2586 2829 2662 2890 εἰς
2700 2827 2970 2898 ρᾳθυμίαν
3013 2825 3403 2888 ἀποκλίναντες
3441 2826 3533 2877 καὶ
3572 2825 3672 2878 ὑπὸ

2006 2916 2114 2969 τῶν
2141 2917 2410 2985 τυχόντων
2449 2915 2823 2985 βλαπτόμεθα,
2849 2905 3022 2978 οὕτως
3061 2915 3156 2967 ἐὰν
3189 2911 3540 2984 βουληθῶμεν
3584 2914 3674 2982 νή-

2006 3021 2146 3072 φειν,
2179 3005 2281 3056 κᾶν
2311 3004 2492 3074 μυρίοι
2515 2997 2648 3054 ὦσιν
2679 3003 2728 3054 οί
2769 3001 2906 3072 πρὸς
2936 3001 3035 3073 τὴν
3063 3002 3260 3054 κακίαν
3293 3001 3562 3062 ἕλκοντες,
3585 3000 3673 3051 οὐ·

2004 3092 2092 3143 δὲν
2124 3091 2280 3162 ἡμῶν
2333 3095 2398 3161 τῇ
2433 3091 2633 3161 σπουδῇ
2669 3083 3012 3160 λυμήνασθαι
3061 3089 3397 3161 δυνήσονται,
3424 3088 3672 3158 καθάπερ

2004 3177 2125 3232 οὐδὲ
2157 3179 2246 3231 τὸν
2275 3179 2484 3231 δίκαιον
2511 3177 2698 3232 τοῦτον
2723 3177 2946 3246 ἴσχυσαν
2980 3175 3221 3230 τοσοῦτοι
3253 3171 3404 3240 ὄντες
3441 3173 3672 3245 ὀκνηρό-
3713 3195 3716 3200 ’

2003 3281 2162 3336 τερον
2183 3268 2312 3338 περὶ
2336 3268 2435 3337 τὴν
2456 3267 2657 3338 ἀρετὴν
2679 3265 3035 3336 ἐργάσασθαι.
3056 3265 3263 3335 Μηδεὶς
3281 3265 3461 3316 τοίνυν
3487 3263 3674 3333 ἕτερόν

2003 3371 2124 3406 τινα
2153 3355 2438 3418 αἰτιάσθω,
2471 3356 2565 3407 καὶ
2597 3355 2681 3424 ἐφ’
2712 3355 2934 3424 ἐτέρους
2960 3355 3060 3422 τὴν
3085 3351 3262 3405 αἰτίαν
3289 3351 3670 3421 μεταγαγέτω,

2004 3441 2141 3494 ἀλλὰ
2168 3445 2231 3512 τῇ
2254 3441 2430 3512 οἰκεία
2461 3443 2703 3512 ῥᾳθυμία
2722 3439 2782 3494 τὸ
2807 3445 2914 3496 πᾶν
2939 3437 3311 3512 ἐπιγραφέτω.
3341 3440 3441 3493 Καὶ
3463 3441 3514 3492 τί
3531 3439 3672 3506 λέγω

2006 3531 2089 3598 ἐφ’
2119 3529 2369 3599 ἐτέρουςς
2397 3529 2548 3598 Μηδὲ
2574 3530 2734 3582 αὐτδν
2759 3529 2849 3582 τὸν
2884 3529 3126 3584 διάϐολον
3151 3527 3419 3598 νομιζέτω
3445 3541 3524 3590 τις
3551 3529 3644 3579 ίκα
3661 3560 3672 3564 --

2005 3611 2094 3668 νδν
2129 3613 2266 3668 εἶναι
2295 3615 2537 3668 κωλῦσαι
2589 3616 2688 3686 τὴν
2725 3617 2818 3668 ἐπὶ
2861 3616 2959 3685 τὴν
3011 3613 3209 3686 ἀρετὴν
3253 3613 3525 3685 φέρουσαν
3554 3615 3672 3667 ὁδὸν

2003 3701 2292 3757 δύνασθαι·
2333 3703 2448 3756 ἀλλ’
2475 3704 2660 3774 ἀπατᾷ
2695 3699 2795 3772 μὲν
2833 3704 2927 3756 καὶ
2962 3700 3310 3765 ὑποσκελίζει
3342 3702 3466 3762 τοὺς
3497 3701 3670 3772 ρᾳθυ-

2007 3787 2284 3857 μοτέρους,
2315 3787 2374 3838 οὐ
2413 3787 2518 3856 μὴν
2547 3785 2746 3840 κωλύει
2775 3788 2872 3840 καὶ
2903 3785 3144 3854 βιάζεται
3173 3803 3186 3814 ·
3223 3786 3313 3840 καὶ
3340 3785 3495 3838 τοῦτο
3531 3785 3668 3853 αὐτὴ

2001 3875 2110 3926 τῶν
2167 3876 2504 3946 πραγμάτων
2537 3877 2570 3946 ὴ
2601 3879 2762 3946 πεῖρα
2813 3875 3116 3932 δείκνυσιν.
3143 3875 3222 3926 ὅτι
3259 3873 3420 3944 ἡνίκα
3465 3871 3563 3944 μὲν
3603 3873 3669 3926 ἂν

2003 3962 2320 4033 βουλώμεθα
2350 3964 2574 4032 νήφειν,
2601 3961 2852 4018 τοσοῦτον
2901 3963 2991 4014 τὸν
3035 3959 3183 4016 τόνον
3229 3961 3666 4031 ἐπιδεικνύμεθα,

2002 4047 2075 4112 ὡς
2111 4047 2242 4118 μηδέ
2273 4047 2480 4100 πολλῶν
2523 4047 2689 4100 ὄντων
2731 4049 2838 4102 τῶν
2879 4047 3290 4120 προτρεπόντων
3331 4049 3421 4100 ἐπὶ
3451 4049 3550 4118 τὴν
3570 4047 3669 4120 τῆς

2003 4135 2196 4200 κακίας
2247 4136 2384 4199 ὁδὸν,
2435 4135 2722 4206 ἀνέχεσθαι
2763 4131 2862 4206 τῆς
2911 4135 3256 4206 συμϐουλῆς,
3284 4134 3418 4188 ἀλλὰ
3470 4137 3667 4198 παντὸς

2003 4223 2306 4294 ἀδάμαντος
2352 4222 2738 4294 στερροτέρους
2773 4225 2920 4294 ἡμᾶς
2953 4224 3219 4292 γίνεσθαι,
3255 4223 3348 4276 καὶ
3381 4223 3666 4293 ἀποφράτ-

2000 4330 2113 4364 τειν
2136 4313 2244 4374 τοῖς
2273 4311 2340 4363 τὰ
2392 4309 2568 4378 φαῦλα
2607 4311 3028 4379 συμϐουλεύουσι
3058 4309 3154 4373 τάς
3182 4311 3371 4373 ἀκοάς.
3411 4311 3576 4364 Ὅταν
3607 4311 3665 4364 δὲ

2003 4399 2366 4469 ρᾳθυμῶμεν,
2397 4399 2490 4450 καὶ
2534 4395 2760 4468 μηδενὸς
2802 4397 2953 4460 ὄντος
3002 4395 3094 4448 τοῦ
3144 4397 3662 4469 συμϐουλεύοντοςῆ

2001 4485 2686 4549 ὐποσκελίζοντος,οἱ’κοθεν
2715 4485 3021 4555 κινούμενοι
3045 4483 3134 4536 ἐπὶ
3159 4484 3254 4554 τὴν
3276 4485 3469 4538 κακίαν
3483 4485 3662 4556 ὁρμῶ-

2003 4591 2118 4643 μεν.
2143 4573 2202 4625 Εἰ
2224 4574 2331 4643 γάρ
2356 4572 2428 4643 μὴ
2459 4574 2516 4624 ἐν
2551 4575 2616 4643 τῇ
2651 4573 2966 4643 προαιρέσει
2996 4571 3149 4641 ήμῶν
3189 4573 3395 4634 ἔκειτο,
3432 4573 3564 4642 μηδὲ
3603 4573 3661 4624 ἐν

1997 4664 2062 4729 τῇ
2099 4659 2200 4730 τῆς
2254 4659 2476 4729 γνώμης
2516 4659 2766 4730 ἐξουσίᾳ,
2805 4659 2938 4729 μηδὲ
2977 4659 3315 4724 αὐτεξούσιον
3362 4659 3516 4730 ήμῶν
3562 4660 3660 4730 τήν

1999 4747 2159 4815 φύσιν
2192 4751 2219 4800 ό
2251 4747 2628 4817 φιλάνθρωπος
2653 4747 2783 4811 Θεὸς
2805 4746 3222 4808 κατεσκεύασεν,
3249 4747 3464 4817 ἐχρῆνῆ
3490 4747 3661 4800 ᾶπαν-

1997 4851 2095 4896 τας
2133 4831 2268 4885 εἶναι
2299 4834 2502 4894 κακοὺς
2529 4834 2652 4895 τοὺς
2679 4834 2778 4904 τῆς
2814 4833 2981 4903 αὐτῆς
3019 4833 3229 4901 φύσεως
3275 4833 3660 4895 κοινωνοῦντας

1998 4923 2092 4974 καὶ
2121 4923 2234 4982 τοῖς
2261 4921 2444 4982 αὐτοῖς
2497 4919 2725 4974 πάθεσιν
2773 4921 3184 4990 ὑποκειμένους,
3216 4919 3247 4988 ἢ
3281 4920 3487 4982 πάντας
3518 4921 3656 4972 εἶναι

1997 5007 2300 5078 ἐναρέτους.
2349 5007 2514 5059 Ὅταν
2543 5007 2600 5059 δὲ
2641 5005 2836 5077 ἴδωμεν
2885 5007 3010 5067 τοὺς
3047 5007 3326 5076 ὁμογενεῖς
3375 5009 3527 5076 ἡμῖν,
3564 5008 3656 5062 καὶ

1997 5095 2102 5146 ὑπὸ
2139 5093 2247 5146 τῶν
2273 5092 2450 5144 αὐτῶν
2495 5091 2686 5144 παθῶν
2714 5091 3145 5161 ἐνοχλουμένους,
3181 5091 3240 5143 οὐ
3271 5092 3338 5144 τά
3361 5093 3498 5146 αὐτά
3525 5095 3656 5163 ἡμῖν

1993 5181 2383 5250 ὑπομένοντας,
2414 5177 2550 5231 ἀλλὰ
2581 5178 2672 5230 καὶ
2696 5179 2990 5250 ἐρρωμένῳ
3015 5178 3092 5248 τῷ
3125 5179 3366 5249 λογισμῷ
3391 5181 3658 5250 ἡνιοχοῦν-

1993 5285 2093 5330 τας
2117 5268 2214 5338 τὴν
2237 5267 2416 5336 φύσιν,
2431 5265 2526 5318 καὶ
2559 5281 2622 5317 πε
2632 5264 3000 5334 ριγινομένους
3023 5265 3130 5318 τῶν
3149 5267 3398 5320 ἀτάκτων
3428 5281 3654 5338 σκιρτη-

1999 5357 2182 5426 μάτων
2201 5397 2216 5418 ,
2245 5355 2339 5406 καὶ
2365 5351 2714 5422 χαλινοῦντας
2757 5352 3069 5422 ἐπιθυμίαν,
3095 5353 3428 5420 κρατοῦντας
3459 5355 3648 5425 ὀργήν,

1995 5441 2296 5515 βασκανίαν
2351 5439 2668 5508 φεύγοντας,
2699 5437 2890 5506 φθόνον
2935 5437 3290 5510 ἐξορίζοντας,
3321 5444 3422 5511 τῆς
3451 5441 3653 5510 λύσσης

1991 5531 2100 5581 τῶν
2131 5527 2426 5598 χρημάτων
2471 5525 2873 5596 ὑπερορῶντας,
2901 5526 3056 5596 δόξης
3096 5527 3314 5580 ἔλαττον
3343 5527 3652 5598 φροντίζονς

1991 5633 2105 5678 τας,
2137 5615 2316 5684 πάσης
2345 5613 2446 5682 τῆς
2483 5613 2578 5664 τοῦ
2617 5612 2879 5684 παρόντος
2921 5613 3034 5682 βίου
3083 5613 3376 5683 εὐημερίας
3421 5631 3652 5681 καταγε-

1991 5701 2218 5764 λῶντας,
2242 5701 2335 5752 καὶ
2369 5699 2504 5769 πρὸς
2529 5701 2628 5770 τὴν
2650 5699 2826 5770 ἀληθῆ
2850 5699 3005 5764 δόξαν
3029 5701 3422 5771 ἐπτοημένους,
3451 5701 3652 5754 καὶτὸν

1993 5790 2144 5860 παρὰ
2182 5787 2273 5840 τοῦ
2323 5787 2457 5841 Θεοῦ
2493 5787 2706 5841 ἔπαινον
2746 5789 2961 5842 πάντων
3003 5789 3111 5841 τῶν
3139 5789 3432 5858 ὁρωμένων
3470 5805 3650 5859 προτι-

2051 6000 2081 6041 ιι
2115 5997 2212 6050 Alii
2230 6003 2314 6057 τῆς
2335 6001 2552 6061 κορυφῆς.
3139 6061 3212 6118 13
