4038 6394
373 455 478 512 205

371 583 502 639 tem,
533 571 774 641 aspirare
801 571 870 626 ad
893 585 1077 626 veram
1102 571 1349 642 gloriam,
1381 579 1436 626 et
1455 583 1770 640 praeponere
1791 567 1969 623 visibi.

370 661 511 718 libus
543 661 794 717 omnibus
831 661 1044 716 laudem
1080 677 1200 732 qua:
1226 677 1256 715 a
1289 662 1399 716 Deo
1427 669 1512 717 est
1543 679 1557 715 :
1587 674 1764 714 nonne
1793 658 1967 714 mani-

370 754 566 810 festum
605 763 690 810 est
723 770 818 811 eos
849 797 864 820 ,
899 764 1021 826 post
1058 756 1281 826 gratiam
1314 755 1411 810 Dei
1443 797 1459 820 ,
1489 769 1588 810 suo
1623 754 1800 810 studio
1832 754 1969 809 bene

367 863 528 915 agere
560 861 722 917 posse
740 888 754 908 ,
783 862 990 917 nosque
1014 854 1196 902 nostra
1223 847 1431 917 ignavia
1458 854 1697 902 nostram
1721 845 1966 901 amittere

367 939 598 992 salutem
629 978 646 1003 ,
673 947 730 992 et
755 937 873 1008 ejus
899 937 1068 1008 gratia
1093 953 1192 992 nos
1222 938 1502 1006 spoliare?

443 1029 494 1084 6.
527 1025 748 1082 Herulis
773 1029 1484 1100 exhortatio.—-—Quapropter
1512 1027 1736 1086 obsecro
1768 1039 1826 1085 ut
1854 1029 1970 1086 hmc

368 1123 667 1192 cogitantes
693 1164 709 1187 ,
753 1130 807 1176 et
843 1122 898 1176 in
925 1131 1103 1178 mente
1148 1132 1328 1178 nostra
1370 1123 1623 1178 continuo
1648 1133 1921 1179 versantes
1948 1163 1965 1190 ,

369 1228 660 1282 numquam
689 1212 961 1268 diabolum
987 1252 1004 1280 ,
1032 1213 1128 1269 sed
1154 1223 1392 1269 nostram
1420 1213 1588 1270 levetlt
1619 1215 1968 1286 ignavamque

371 1315 603 1359 mentem
634 1319 941 1375 arguamus.
963 1304 1033 1360 Et
1056 1305 1172 1360 haec
1196 1305 1315 1360 dico
1345 1321 1450 1360 non
1471 1306 1612 1376 quod
1639 1305 1909 1361 diabolum
1936 1320 1966 1360 a

369 1409 470 1449 suo
493 1395 720 1449 crimine
744 1394 1025 1451 absolvere
1049 1395 1248 1451 velim:
1280 1396 1418 1450 absit
1457 1411 1471 1450 :
1504 1396 1648 1451 vadit
1667 1397 1808 1452 enim
1832 1397 1969 1452 sicut

369 1485 458 1541 leo
477 1495 537 1540 ut
560 1487 752 1556 rapiat,
779 1497 834 1541 et
857 1490 1091 1558 rugiens,
1114 1497 1168 1543 et
1188 1503 1433 1559 quaerens
1453 1504 1611 1559 quem
1635 1489 1854 1545 devoret
1888 1489 1960 1562 (l.

372 1575 490 1630 Pet.
519 1577 571 1633 5.
600 1576 634 1632 8
662 1575 682 1650 )
717 1596 730 1632 :
761 1577 855 1633 sed
885 1587 941 1634 et
962 1593 1060 1634 nos
1080 1580 1344 1635 cautiores
1371 1579 1597 1636 reddere
1627 1581 1788 1647 volui,
1821 1591 1967 1637 utne

371 1669 740 1724 existimemus
760 1685 945 1726 carere
974 1685 1072 1726 nos
1098 1671 1274 1742 culpa,
1301 1670 1562 1740 siquidem
1593 1680 1699 1726 tam
1726 1671 1878 1727 facile
1899 1673 1967 1728 ad

372 1761 633 1816 malitiam
675 1762 1070 1834 prorumpimus
1101 1803 1116 1829 ,
1149 1773 1203 1818 et
1245 1778 1314 1818 ne
1361 1762 1546 1818 frivola
1599 1764 1686 1818 illa
1726 1763 1967 1819 dicamus

368 1854 534 1910 verba
558 1874 574 1911 :
600 1855 778 1924 Quare
809 1856 949 1910 Deus
974 1854 1176 1910 dimisit
1201 1855 1348 1910 illum
1375 1864 1482 1911 tam
1515 1855 1816 1926 improbum
1842 1897 1858 1922 ,
1906 1866 1966 1912 ut

368 1947 739 2016 supplantaret
770 1955 827 2003 et
860 1947 1267 2018 prosterneret?
1309 1947 1448 2003 Sunt
1473 1948 1615 2004 enim
1645 1947 1760 2004 haec
1803 1947 1964 2023 verba

369 2041 561 2111 ingrati
589 2040 880 2096 admodum
905 2040 1088 2094 animi.
1122 2040 1317 2094 Verum
1349 2047 1406 2094 tu
1449 2039 1550 2094 hoc
1577 2049 1752 2095 tecum
1782 2041 1964 2096 consi-

368 2131 521 2195 dera,
551 2131 699 2186 illum
727 2140 949 2202 propter
971 2130 1076 2187 hoc
1103 2133 1436 2202 potissimum
1467 2131 1710 2187 relictum
1733 2147 1874 2197 esse,
1907 2142 1966 2188 ut

367 2222 564 2277 timore
608 2221 916 2292 compulsi,
944 2231 1000 2278 et
1048 2221 1217 2278 hostis
1273 2222 1494 2277 insidias
1540 2232 1912 2293 exspectantes
1943 2265 1960 2292 ,
2001 2296 2013 2308 .

366 2314 536 2369 simus
563 2323 820 2384 perpetuo
843 2315 1009 2371 sobrii
1038 2323 1094 2371 et
1120 2313 1304 2386 vigiles
1325 2357 1340 2382 ,
1367 2315 1712 2386 laboremque
1752 2319 1964 2374 virtutis

367 2405 626 2460 leviorem
653 2405 910 2462 faciamus
936 2421 1032 2477 spe
1053 2407 1462 2464 retributionum
1491 2419 1547 2467 et
1564 2409 1962 2480 exspectatione

364 2506 694 2554 teternorum
725 2509 780 2554 et
805 2499 1152 2556 ineﬂ'abilium
1180 2499 1390 2555 illorum
1429 2499 1714 2554 bonorum.
1743 2499 1812 2554 Et
1835 2501 1961 2570 quid

364 2579 615 2657 miraris,
653 2589 699 2644 si
733 2589 806 2646 ob
831 2591 970 2646 hanc
997 2605 1212 2646 causam
1243 2590 1459 2660 reliquit
1482 2590 1752 2645 diabolum
1781 2591 1920 2646 Deus
1941 2633 1956 2658 ,

360 2681 450 2736 cui
471 2690 615 2736 tanta
646 2691 844 2737 nostrae
871 2681 1058 2737 salutis
1078 2697 1228 2748 cura,
1255 2689 1310 2736 et
1337 2681 1428 2752 qui
1449 2681 1521 2737 ita
1551 2691 1789 2736 nostram
1810 2697 1958 2737 som-

364 2775 660 2830 nolentiam
701 2775 904 2830 excutit
936 2817 952 2844 ,
997 2775 1386 2843 materiamque
1429 2788 1750 2829 coronarum
1801 2773 1959 2830 nobis

363 2876 634 2936 praeparat
658 2867 682 2920 ?
709 2865 882 2937 Ipsam
908 2866 1070 2922 etiam
1098 2865 1396 2937 gehennam
1427 2873 1707 2935 propterea
1730 2865 1955 2936 paravit,

361 2968 426 3012 ut
445 2956 628 3014 'metus
657 2974 827 3028 paena:
855 2959 1308 3028 iutolerabilisque
1332 2957 1600 3013 cruciatus
1640 2958 1708 3013 ad
1736 2973 1956 3030 regnum

362 3067 464 3105 nos
486 3051 748 3122 impellat.
793 3051 981 3106 Vidisti
1010 3052 1263 3107 solertem
1292 3050 1496 3106 Domini
1529 3051 1958 3122 benignitatem?

361 3147 638 3214 quomodo
663 3149 841 3202 omnia
870 3146 1030 3201 faciat
1055 3155 1110 3201 et
1137 3154 1330 3200 tractet
1367 3185 1382 3211 ,
1415 3153 1473 3199 ut
1517 3160 1622 3200 non
1657 3144 1829 3200 solum
1862 3159 1958 3202 eos

360 3239 452 3308 qui
477 3239 546 3294 ab
567 3253 630 3295 se
650 3239 850 3294 conditi
877 3248 1000 3293 sunt
1015 3247 1211 3303 servet,
1226 3236 1322 3292 sed
1351 3246 1406 3292 et
1431 3235 1782 3292 ineffabilibus
1802 3237 1958 3292 bonis

361 3331 536 3386 ditet?
565 3331 853 3402 Propterea
883 3332 1109 3386 liberum
1133 3330 1410 3386 arbitrium
1450 3329 1605 3385 nobis
1643 3329 1835 3384 indidit
1861 3370 1877 3395 ,
1900 3339 1957 3385 et

362 3427 419 3480 in
463 3435 651 3480 natura
695 3425 1129 3496 conscientiaque
1171 3433 1353 3479 nostra
1401 3421 1641 3492 reposuit
1676 3421 1952 3477 scientiam

361 3515 490 3570 boni
517 3525 572 3572 et
597 3516 755 3582 mali,
787 3516 1171 3585 diabolumque
1200 3529 1320 3570 esse
1347 3514 1590 3584 permisit
1615 3555 1632 3579 ,
1665 3527 1729 3568 ac
1749 3512 1952 3583 gehen-

361 3622 486 3662 nam
514 3608 749 3662 minatus
774 3617 878 3674 est,
907 3616 968 3663 ut
993 3623 1112 3663 eam
1144 3622 1251 3662 non
1287 3606 1656 3676 experiremur
1683 3647 1698 3672 ,
1739 3605 1834 3661 sed
1868 3622 1951 3660 re-

359 3716 524 3770 gnum
551 3700 988 3772 adipiscerentur.
1014 3701 1082 3756 Et
1100 3700 1228 3771 quid
1257 3701 1468 3754 miraris
1496 3700 1540 3755 si
1571 3699 1670 3754 ista
1700 3699 1879 3754 omnia
1897 3707 1954 3754 et

361 3795 643 3849 innumera
666 3792 766 3846 alia
801 3792 920 3847 ideo
943 3792 1170 3847 fecerit?
1196 3791 1294 3858 Qui
1325 3791 1376 3845 in
1405 3790 1520 3845 sinu
1539 3790 1713 3846 Patris
1735 3799 1818 3846 est
1844 3789 1954 3846 for-

360 3903 507 3944 tnam
532 3888 673 3944 servi
704 3888 979 3956 suscipere
1004 3886 1171 3940 voluit
1190 3883 1452 3955 (Philipp.
1481 3883 1538 3938 2.
1567 3881 1622 3955 7)
1651 3926 1666 3952 ,
1692 3893 1748 3939 et
1775 3884 1954 3940 omnia

360 3979 467 4034 alia
496 3980 764 4035 sustinere
792 3995 912 4050 qua:
954 3978 1019 4032 ad
1057 3993 1253 4048 corpus
1285 3977 1555 4047 pertinent
1588 4017 1601 4040 ,
1634 3992 1698 4029 ex
1731 3977 1955 4032 muliere

359 4079 542 4127 ortum
571 4071 789 4137 habere,
820 4086 885 4126 ex
910 4070 1128 4140 Virgine
1153 4069 1335 4134 nasci,
1368 4083 1559 4124 novem
1596 4067 1871 4122 mensibus
1899 4068 1952 4122 iu

359 4172 520 4219 utero
557 4163 754 4234 gestari
787 4204 803 4229 ,
853 4162 1041 4231 pannis
1069 4161 1266 4216 involvi
1298 4201 1314 4227 ,
1363 4169 1572 4231 patrem
1598 4176 1751 4216 suum
1780 4163 1956 4232 putari

360 4257 566 4330 Ioseph
584 4273 840 4327 sponsum
855 4256 1054 4322 Mariae,
1073 4255 1324 4326 paulatim
1345 4268 1608 4319 crescere,
1624 4254 1954 4320 circumcidi,

361 4351 686 4408 sacrificium
717 4349 930 4414 oll'erre,
951 4349 1180 4415 esurire,
1209 4346 1380 4412 sitire,
1405 4345 1633 4416 fatigari,
1661 4355 1715 4400 et
1742 4346 1955 4402 tandem

362 4443 526 4498 etiam
555 4451 783 4497 mortem
812 4439 1076 4495 sustinere
1115 4457 1127 4493 :
1159 4448 1215 4495 et
1243 4447 1472 4494 mortem
1504 4454 1610 4493 non
1640 4439 1910 4508 vulgarem
1937 4481 1953 4506 ,

361 4533 462 4589 sed
489 4548 611 4588 eam
626 4531 1266 4619 qurejgnominiosissima
1289 4530 1603 4594 habebatur,
1620 4531 1794 4588 crucis
1814 4532 1954 4597 dico;

363 4635 423 4681 et
443 4626 559 4680 hac
582 4623 762 4678 omnia
781 4633 999 4692 propter
1028 4637 1128 4679 nos
1147 4631 1494 4692 nostramque
1518 4621 1744 4678 salutem
1773 4637 1955 4677 susce-

364 4718 446 4786 pit
471 4714 713 4769 omnium
738 4713 1000 4768 Conditor
1024 4754 1039 4779 ,
1070 4712 1436 4779 immutabilis,
1465 4713 1554 4784 qui
1583 4713 1760 4768 omnia
1787 4728 1850 4767 ex
1874 4712 1956 4766 ni-

363 4808 477 4862 hilo
508 4816 566 4861 ιιι
591 4815 773 4862 essent
801 4805 1054 4875 produxit
1077 4845 1093 4870 ,
1121 4806 1209 4874 qui
1236 4804 1453 4872 respicit
1483 4813 1677 4859 terram
1708 4845 1724 4872 ,
1751 4812 1806 4858 et
1834 4803 1960 4858 facit

362 4916 484 4956 eam
511 4909 742 4955 tremere
771 4899 943 4970 (Psal.
968 4899 1091 4954 105.
1114 4899 1208 4966 52)
1229 4915 1244 4962 ;
1265 4898 1420 4968 cujus
1444 4897 1635 4967 gloria:
1661 4897 1838 4967 fulgur
1865 4913 1958 4952 ne-

361 5008 469 5061 que
481 4989 793 5058 Cherubim,
809 4991 1135 5060 incorporea:
1149 4989 1253 5044 illae
1264 4989 1505 5055 virtutes,
1519 4989 1699 5044 videre
1715 4998 1957 5058 possunt,

363 5081 463 5137 sed
493 5081 748 5136 adversas
782 5080 944 5136 facies
985 5090 1170 5150 tegunt
1210 5079 1434 5150 objectis
1471 5080 1572 5134 alis
1598 5119 1612 5142 ,
1641 5080 1958 5134 miraculum

365 5174 525 5230 nobis
554 5173 901 5239 exhibentes;
935 5189 1092 5245 quem
1121 5188 1335 5243 semper
1359 5173 1576 5228 laudant
1595 5173 1768 5243 angeli
1796 5182 1849 5227 et
1873 5189 1961 5226 ar-

365 5267 614 5338 changeli
645 5309 660 5334 ,
704 5275 762 5322 et
803 5267 1084 5322 innumera
1130 5265 1331 5321 millia:
1365 5265 1452 5320 hic
1497 5275 1716 5336 promer
1745 5279 1843 5320 nos
1869 5307 1882 5331 ,
1909 5274 1965 5320 et

368 5367 593 5429 propter
620 5367 859 5413 nostram
885 5359 1114 5414 salutem
1133 5400 1148 5423 ,
1172 5355 1334 5411 homo
1360 5357 1476 5411 fieri
1503 5356 1708 5421 voluit,
1740 5367 1795 5412 et
1821 5356 1962 5426 opti-

367 5467 473 5506 ma:
498 5452 623 5506 vita:
648 5450 806 5505 nobis
832 5451 971 5505 viam
1004 5450 1210 5521 paravit
1241 5491 1255 5517 ,
1289 5457 1342 5504 et
1387 5464 1482 5519 per
1517 5464 1579 5504 ea
1607 5449 1961 5504 sufficientem

370 5543 529 5599 nobis
567 5541 870 5597 doctrinam
901 5541 1234 5612 consignavit
1261 5582 1277 5607 ,
1309 5555 1408 5611 per
1444 5556 1563 5610 qua:
1593 5539 1692 5593 hac
1721 5540 1835 5608 ipsa
1864 5554 1958 5595 no.

367 5645 480 5690 stra
515 5642 702 5689 natura
731 5641 1008 5704 assumpta
1054 5632 1320 5688 transivit.
1365 5632 1495 5700 Quae
1540 5631 1699 5703 igitur
1742 5630 1964 5702 posthac

369 5725 530 5780 nobis
558 5728 667 5796 erit
686 5724 962 5787 excusatio
981 5764 996 5788 ,
1024 5725 1068 5778 si
1093 5737 1212 5778 cum
1242 5729 1322 5777 tot
1344 5730 1592 5792 tantaque
1621 5721 1848 5777 salutem
1871 5736 1968 5776 no-

369 5824 540 5870 stram
562 5813 954 5884 prmcesserint,
973 5814 1026 5867 in
1040 5813 1200 5868 rebus
1223 5811 1494 5868 inutilibus
1510 5827 1607 5866 nos
1623 5825 1963 5881 occupemus,

376 5907 496 5964 sola
530 5906 672 5962 circa
721 5906 837 5962 haec
877 5905 1195 5982 negligentia
1224 5915 1460 5962 nostram
1487 5904 1792 5961 amittentes
1816 5903 1958 5960 salu-

1474 453 1541 510 ΙΝ
1577 453 1728 510 CAP.
1778 451 1860 507 \‘l.
1902 450 2161 512 GENES._
2185 452 2417 511 HOMIL.
2451 455 2640 510 XXIV.

3557 457 3663 514 206

2081 577 2190 624 tem
2216 568 2240 624 ?
2268 568 2500 626 Proinde
2536 571 2762 626 obsecro
2791 578 2850 626 ut
2893 553 3174 643 vigilemus
3205 613 3222 639 ,
3250 581 3306 630 et
3332 589 3438 629 non
3467 583 3670 633 temere

2075 660 2302 716 aliorum
2331 675 2619 731 sequamur
2641 664 3104 731 consuetudinem,
3133 665 3228 720 sed
3245 675 3482 721 nostram
3505 667 3667 724 vitam

2075 751 2312 822 quotidie
2351 752 2635 824 diligenter
2672 757 3007 810 excutiamus
3038 797 3054 824 ,
3102 755 3484 830 videamusque
3539 759 3666 829 quid

2075 854 2352 912 peccatum
2376 885 2392 910 ,
2423 844 2620 916 quidve
2647 853 2792 901 recte
2821 861 2853 900 a
2897 847 3053 902 nobis
3095 857 3303 918 gestum
3335 848 3442 903 sit:
3486 859 3545 904 ut
3588 850 3668 905 sic

2076 944 2288 1004 peccata
2319 945 2500 990 nostra
2535 935 2882 992 emendemus
2901 979 2918 1004 ,
2947 953 3338 1010 supernamquc
3365 939 3520 995 nobis
3546 956 3669 1010 gra.

2074 1028 2200 1082 tiam
2222 1027 2569 1084 conciliemus
2601 1071 2616 1092 ,
2653 1045 2716 1084 ac
2740 1030 2851 1084 Deo
2880 1030 3184 1100 placeamus
3217 1073 3233 1099 ,
3261 1031 3507 1101 exemplo
3533 1031 3666 1100 justi

2075 1117 2235 1185 illius,
2261 1129 2317 1174 et
2342 1118 2576 1190 denique
2600 1136 2822 1190 regnum
2848 1110 3198 1191 assequamur
3221 1121 3474 1177 cmlorum
3497 1164 3513 1187 ,
3541 1138 3667 1192 gra-

2074 1211 2144 1264 tia
2176 1218 2230 1265 et
2263 1211 2630 1266 misericordia
2663 1214 2868 1267 Domini
2901 1213 3068 1268 nostri
3103 1213 3231 1269 Iesu
3271 1212 3510 1282 Christi,
3537 1231 3662 1270 eum

2071 1317 2179 1370 quo
2208 1301 2388 1368 Patri,
2419 1304 2576 1358 simul
2599 1314 2650 1359 et
2675 1303 2893 1374 Spiritui
2924 1318 3109 1361 sancto
3137 1308 3206 1360 sit
3233 1307 3398 1377 gloria
3421 1348 3435 1374 ,
3467 1307 3662 1374 honor.

2073 1393 2352 1464 imperium
2373 1436 2390 1463 ,
2419 1412 2560 1452 nunc
2581 1405 2636 1452 et
2659 1413 2902 1468 semper,
2934 1408 2988 1453 et
3017 1398 3069 1454 in
3096 1401 3290 1454 saacula
3316 1399 3660 1456 smculorum.

2072 1487 2265 1542 Amen.

2610 1603 2891 1660 HOMILIA
2933 1605 3123 1660 XXIV.

2071 1713 2256 1770 Genuit
2287 1724 2456 1769 autem
2483 1715 2600 1770 Noe
2627 1725 2726 1771 tres
2755 1717 2890 1786 ﬁlios
2918 1761 2934 1785 ,
2963 1716 3086 1774 Sent
3119 1759 3134 1785 ,
3174 1718 3338 1773 Cham
3362 1764 3376 1785 ,
3421 1718 3614 1788 .Iuphet
3641 1737 3658 1772 :

2142 1816 2384 1876 corrupta
2419 1816 2588 1862 autem
2613 1818 2721 1862 erat
2753 1819 2889 1864 terra
2909 1825 3079 1864 coram
3109 1809 3217 1865 Deo
3237 1851 3252 1876 ,
3297 1819 3346 1866 et
3372 1812 3564 1881 repleta
3590 1821 3664 1865 est

2141 1908 2274 1954 terra
2289 1901 2538 1972 injustitia
2565 1899 2720 1972 (Gen.
2750 1901 2802 1958 6.
2833 1903 2943 1974 10).

2145 2036 2195 2090 l.
2237 2036 2510 2108 Scriptura
2535 2055 2636 2092 non
2661 2039 2821 2094 obiter
2846 2042 3077 2110 legenda.
3110 2073 3180 2082 —
3208 2042 3358 2097 Haud
3386 2042 3658 2112 vulgarem

2068 2128 2347 2185 utilitatem
2375 2129 2662 2186 lterinobis
2681 2132 2855 2188 attulit
2878 2132 3004 2202 justi
3026 2133 3138 2188 Noe
3165 2134 3492 2204 genealogia.
3523 2135 3656 2190 Nam

2068 2231 2123 2274 et
2148 2221 2496 2291 cognovimus
2526 2223 2822 2278 mirabilem
2850 2225 3177 2295 genealogiaa
3198 2225 3416 2280 modum
3446 2268 3461 2290 ,
3491 2235 3547 2282 et
3575 2227 3656 2281 vi-

2065 2309 2243 2367 dimus
2265 2311 2469 2382 justum
2499 2313 2727 2383 laudari,
2751 2331 2859 2370 non
2879 2331 2909 2369 a
2936 2325 3216 2386 parentum
3239 2317 3482 2373 claritate
3510 2359 3526 2384 ,
3560 2319 3655 2373 sed

2065 2416 2096 2455 a
2123 2418 2334 2458 morum
2373 2403 2641 2474 probitate
2673 2448 2688 2471 ,
2733 2415 2950 2478 propter
2995 2424 3152 2479 quam
3197 2417 3402 2464 tantum
3447 2411 3659 2482 accepit

2066 2499 2426 2554 testimonium
2462 2515 2493 2555 a
2528 2500 2706 2556 divina
2733 2501 3009 2572 Scriptura
3048 2520 3062 2555 :
3093 2501 3210 2558 Noe
3232 2505 3406 2569 enim,
3441 2505 3652 2574 inquit,

2065 2589 2215 2646 homo
2253 2593 2426 2661 justus
2448 2633 2465 2660 ,
2499 2593 2749 2664 perfectus
2784 2594 3027 2650 exsistens
3054 2595 3108 2648 in
3150 2596 3471 2667 generatione
3522 2612 3654 2650 sua:

2062 2679 2174 2737 Deo
2188 2683 2379 2753 placuit
2405 2683 2540 2739 Noe.
2559 2684 2750 2741 Totum
2768 2686 2910 2740 enim
2931 2701 3236 2742 sermonem
3265 2687 3317 2741 in
3345 2702 3512 2757 pauca
3535 2687 3654 2743 haec

2062 2773 2226 2828 verba
2261 2773 2644 2846 insumpsimus
2683 2775 2820 2832 heri.
2867 2776 3309 2848 Quandoquidem
3349 2777 3655 2832 divinorum

2063 2865 2394 2937 eloquiorum
2424 2875 2612 2923 natura
2637 2868 2691 2924 in
2719 2869 2900 2938 paucis
2926 2869 3105 2925 verbis
3134 2869 3329 2926 multas
3357 2871 3652 2927 sententia-

2062 2975 2179 3015 rum
2214 2961 2367 3016 affert
2392 2961 2603 3015 divitias
2630 3003 2646 3028 ,
2679 2968 2734 3016 et
2772 2961 3089 3018 ineffabilem
3119 2962 3400 3034 diligenter
3427 2965 3653 3019 scrutari

2061 3053 2361 3110 volentibus
2385 3058 2692 3112 thesaurum
2717 3054 2957 3126 largitur.
2987 3055 3216 3112 Proinde
3239 3099 3256 3125 ,
3285 3057 3511 3113 obsecro
3533 3098 3550 3123 ,
3582 3072 3653 3114 ne

2061 3145 2188 3215 quid
2219 3144 2270 3200 iu
2300 3145 2474 3201 sacris
2491 3144 2687 3202 Literis
2712 3145 3076 3218 perfunctorie
3102 3158 3191 3206 aut
3220 3149 3393 3204 obiter
3430 3157 3653 3218 praeter-

2059 3243 2232 3303 eatur,
2263 3236 2355 3291 sed
2384 3237 2596 3293 etiamsi
2617 3238 2831 3293 nomina
2858 3249 3271 3306 reccnseantur,
3301 3240 3381 3296 vel
3415 3239 3659 3298 historiae

2059 3337 2366 3394 narrentur,
2387 3330 2719 3384 reconditum
2749 3329 3127 3400 investigemus
3156 3331 3481 3388 thesaurum.
3515 3330 3649 3386 Nam

2059 3417 2182 3474 ideo
2224 3417 2467 3475 Christus
2515 3419 2759 3476 dicebat:
2793 3421 3107 3477 Scrutamini
3145 3421 3442 3491 Scriptura:
3470 3422 3652 3495 (Joun.

2057 3511 2112 3567 5.
2145 3509 2256 3582 '59).
2283 3511 2414 3580 Quia
2442 3529 2547 3565 non
2578 3512 2770 3583 ubique
2797 3513 2849 3568 in
2879 3516 3162 3586 superficie
3185 3530 3337 3571 mens
3357 3515 3649 3586 Scriptura:

2058 3602 2328 3658 invenitur
2349 3644 2365 3666 ,
2411 3602 2504 3660 sed
2546 3618 2680 3673 opus
2704 3613 2786 3659 est
2822 3606 3080 3660 scrutinio
3107 3606 3275 3661 multo
3307 3647 3321 3671 ,
3356 3617 3412 3659 ut
3438 3606 3569 3659 nihil
3596 3607 3648 3659 in

2058 3694 2324 3767 profundo
2348 3695 2549 3760 latens,
2583 3695 2738 3751 nobis
2768 3707 3044 3752 remaneat
3067 3695 3462 3752 absconditum.
3494 3697 3647 3764 Quod

2059 3787 2104 3841 si
2134 3786 2245 3841 sola
2273 3795 2476 3840 naturae
2503 3787 2807 3856 appellatio,
2826 3789 2947 3853 hoc,
2966 3787 3200 3858 inquam,
3227 3803 3443 3855 nomen,
3478 3785 3652 3842 Homo

2061 3875 2224 3945 (Cen.
2249 3876 2301 3930 6.
2326 3877 2398 3944 9)
2425 3918 2440 3944 ,
2474 3885 2632 3932 tantae
2664 3877 2817 3931 nobis
2853 3878 3092 3932 utilitatis
3129 3889 3503 3948 argumentum
3531 3877 3648 3932 lteri

2060 3968 2190 4022 fuit:
2217 3977 2471 4038 quantum
2503 3969 2708 4023 lucrum
2735 3983 2841 4023 non
2866 3970 3216 4038 percipiemus
3241 4010 3257 4035 ,
3289 3971 3334 4024 si
3361 3977 3560 4025 attenta
3586 3984 3649 4024 ac

2059 4059 2204 4130 vigili
2233 4068 2412 4115 mente
2439 4059 2667 4131 singula,
2698 4075 2818 4132 quae
2843 4061 2896 4115 in
2917 4075 3068 4116 sacra
3093 4059 3366 4132 Scriptura
3384 4059 3647 4127 feruntur,

2060 4151 2388 4206 audierimus
2413 4152 2436 4205 ?
2463 4151 2674 4206 Etenim
2702 4152 3023 4207 clementem
3055 4152 3314 4208 habemus
3335 4152 3644 4218 Dominum,

2061 4255 2116 4300 et
2139 4244 2352 4316 quando
2377 4243 2519 4300 videt
2542 4259 2640 4300 nos
2659 4245 2938 4312 sollicitos,
2967 4255 3021 4300 et
3049 4261 3294 4316 magnum
3322 4244 3649 4301 desiderium

2060 4337 2130 4392 ad
2149 4336 2516 4408 cognoscenda
2540 4337 2732 4392 divina
2758 4337 2968 4408 eloquia
2999 4337 3224 4404 habere,
3255 4354 3362 4393 non
3391 4339 3665 4409 permittit.

2061 4445 2162 4485 nos
2191 4431 2293 4495 ulla
2322 4445 2380 4484 re
2407 4429 2664 4500 indigere,
2689 4428 2781 4486 sed
2813 4429 2992 4484 statim
3029 4429 3258 4486 illustrat
3287 4440 3522 4486 mentem
3551 4444 3658 4485 no-

2063 4531 2228 4576 stram
2249 4563 2265 4589 ,
2290 4530 2344 4576 et
2370 4537 2524 4576 suum
2550 4520 2809 4592 fulgorem
2837 4520 3058 4593 largitur
3091 4564 3106 4588 ,
3151 4531 3207 4578 et
3229 4537 3329 4594 pro
3354 4520 3657 4592 perspicaci

2063 4613 2321 4683 sapientia
2351 4613 2440 4667 illa
2457 4627 2552 4668 sua
2580 4626 2794 4668 omnem
2816 4628 2996 4668 veram
3018 4613 3316 4670 doctrinam
3342 4614 3536 4671 anima:
3558 4628 3661 4670 noo

2064 4716 2191 4763 stne
2219 4707 2424 4762 inserit.
2470 4707 2769 4777 Eapropter
2796 4722 2918 4763 cum
2956 4724 3054 4764 nos
3081 4708 3149 4765 ad
3178 4709 3317 4765 istud
3345 4711 3523 4781 ipsum
3552 4709 3653 4766 ad-

2065 4799 2402 4866 hortaretur,
2431 4809 2486 4853 et
2506 4799 2794 4855 alacriores
2825 4799 3024 4856 faceret
3054 4843 3070 4868 ,
3102 4803 3430 4859 beatitudine
3458 4803 3659 4875 dignos

2063 4889 2358 4944 declaravit
2377 4904 2471 4945 eos
2499 4890 2589 4961 qui
2608 4890 2712 4945 tale
2738 4891 3060 4947 desiderium
3090 4908 3200 4963 prae
3228 4908 3287 4949 se
3316 4893 3540 4962 ferrent,
3573 4896 3661 4951 di-

2065 4999 2227 5038 cens:
2250 4982 2394 5037 Beati
2420 4985 2507 5053 qui
2534 4985 2763 5038 esuriant
2791 4994 2838 5039 et
2869 4986 3046 5040 sitiunt
3062 4987 3320 5056 justitiam
3348 5029 3362 5054 ,
3407 4991 3527 5062 quia
3555 4990 3656 5060 ipsi

2066 5075 2653 5146 saturabuntur(lllatth.
2683 5077 2735 5131 5.
2767 5077 2845 5146 6).
2878 5077 3009 5134 Vide
3034 5079 3346 5149 sapientiam
3369 5081 3604 5138 doctoris
3637 5103 3655 5150 ;

2067 5183 2173 5222 non
2200 5168 2372 5223 solum
2399 5181 2496 5222 nos
2528 5183 2621 5237 per
2646 5167 3024 5223 beatitudinem
3055 5169 3426 5235 ltortatur,:ed
3452 5182 3506 5228 et
3534 5189 3654 5228 cum

2067 5258 2221 5323 dixit,
2255 5258 2355 5325 Qui
2377 5257 2602 5311 esuriunt
2619 5266 2664 5310 et
2679 5257 2852 5311 sitiunt
2863 5259 3138 5328 justitiam,
3157 5259 3337 5316 docuit
3354 5262 3654 5326 audientes,

2069 5359 2262 5421 quanta
2307 5349 2580 5403 alacritate
2620 5349 2916 5419 spiritualia
2963 5350 3172 5421 eloquia
3213 5351 3532 5422 investigare
3563 5367 3657 5422 par

2069 5442 2246 5496 fuerit.
2271 5438 2730 5507 Quemadmodum
2761 5481 2776 5505 ,
2803 5439 3011 5510 inquit,
3040 5442 3074 5495 ii
3105 5458 3239 5510 quos
3269 5443 3437 5497 fames
3467 5442 3610 5496 ducit
3638 5483 3654 5504 ,

2069 5527 2202 5579 mira
2228 5525 2500 5579 alacritate
2526 5524 2592 5578 ad
2618 5525 2768 5579 cibos
2812 5525 3079 5589 feStinant,
3111 5535 3166 5580 et
3199 5527 3289 5597 qui
3329 5527 3416 5582 siti
3445 5527 3661 5589 ardent,

2069 5622 2136 5678 ad
2175 5630 2357 5692 potum
2400 5636 2594 5692 magno
2633 5620 2901 5676 desiderio
2938 5619 3238 5676 accedunt:
3264 5620 3453 5676 eodem
3501 5621 3660 5676 modo

2069 5720 2136 5775 ad
2164 5717 2494 5789 spiritualem
2523 5717 2842 5785 doctrinam,
2876 5727 3144 5788 tamquam
3171 5718 3470 5772 esurientes
3505 5726 3560 5772 et
3585 5719 3659 5770 si-

2073 5805 2272 5878 tientes
2290 5808 2544 5865 accedere
2568 5824 2663 5880 par
2684 5818 2785 5863 est.
2816 5806 3129 5878 llujusmodi
3148 5809 3290 5863 enim
3316 5809 3413 5862 viri
3443 5823 3547 5862 non
3575 5824 3662 5862 so-

2078 5898 2189 5956 lum
2211 5899 2629 5958 beatitudinibus
2669 5899 2813 5965 digni
2855 5909 2978 5954 sunt
3010 5915 3026 5967 ;
3068 5897 3160 5954 sed
3200 5909 3253 5955 et
3281 5916 3402 5972 qua»
3435 5899 3661 5970 cupiunt
