4062 6396
370 444 473 499 907

364 558 737 621 assequuntur.
766 547 995 610 Etenim,
1022 545 1356 600 Satiabuntur
1382 584 1398 611 ,
1429 542 1592 611 inquit
1627 585 1643 608 ,
1692 540 1793 595 hoc
1831 548 1950 603 est,

363 637 1065 714 explebunturmxplebunt
1106 636 1383 707 spirituale
1423 648 1575 689 suum
1606 631 1949 689 desiderium.

358 734 538 805 Igitur
557 735 681 803 quia
708 742 815 787 tam
841 731 1012 786 bonus
1029 772 1044 797 ,
1072 739 1285 799 tamque
1312 728 1545 783 liberalis
1570 724 1827 780 Dominus
1851 738 1951 777 no-

364 828 447 882 bis
476 834 591 882 est:
621 839 719 894 age
746 832 799 878 et
819 836 916 877 nos
932 821 996 875 ad
1026 822 1196 892 ipsum
1219 817 1610 889 confugiamus,
1634 825 1688 871 et
1712 814 1828 886 ejus
1858 830 1954 867 no-

364 918 447 973 bis
473 916 698 987 gratiam
724 912 1091 979 conciliemus,
1121 918 1252 966 utet
1282 910 1393 980 ipse
1418 925 1512 978 pro
1535 924 1625 961 sua
1652 906 1951 962 misericor-

362 1008 450 1063 dia
479 1008 707 1063 illustret
730 1014 967 1060 nostram
992 1010 1223 1058 tuentem
1252 1000 1317 1055 ad
1342 999 1618 1055 videndam
1650 998 1948 1052 divinarum

362 1098 760 1169 Scripturarum
790 1097 1040 1151 virtutem
1066 1111 1080 1150 :
1108 1102 1161 1148 et
1189 1107 1283 1147 vos
1307 1106 1519 1162 quoque
1558 1089 1721 1143 multa
1754 1088 1948 1142 alaeri-

366 1200 473 1246 tate
501 1187 829 1260 spiritualem
857 1186 1151 1240 doctrinam
1180 1183 1327 1253 quasi
1359 1180 1655 1237 esurientes
1680 1188 1732 1233 et
1763 1179 1949 1233 sitien-

367 1296 447 1340 tes
464 1282 745 1354 suscipite.
760 1280 925 1336 Forte
951 1280 1092 1335 enim
1117 1320 1131 1344 ,
1175 1278 1308 1332 forte
1330 1276 1498 1331 bonus
1537 1284 1590 1328 et
1611 1274 1949 1343 omnipotens

365 1378 645 1443 Dominus,
667 1376 827 1432 etiam
850 1373 894 1428 si
924 1387 1023 1427 nos
1045 1370 1272 1426 humiles
1298 1369 1464 1424 simus
1492 1377 1547 1422 et
1572 1366 1785 1436 abjecti,
1820 1380 1948 1434 pro-

365 1482 485 1543 pter
527 1485 623 1528 vos
666 1478 725 1527 et
768 1479 1003 1524 vestram
1051 1465 1330 1521 utilitatem
1388 1460 1745 1532 suppeditabit
1796 1460 1948 1513 nobis

365 1579 667 1621 sermonem
714 1564 767 1618 in
806 1561 1080 1633 apertione
1104 1559 1214 1615 oris
1242 1558 1294 1613 in
1325 1557 1548 1627 gloriam
1584 1570 1731 1610 suam
1768 1596 1782 1618 ,
1814 1564 1868 1607 et
1898 1554 1948 1606 in

365 1656 773 1713 mdilicationem
803 1664 1037 1709 vestram
1069 1651 1283 1723 (Epltes.
1305 1650 1358 1705 6.
1384 1648 1497 1719 19).
1522 1646 1763 1716 Projecta
1793 1646 1950 1716 igitur

366 1766 493 1807 cura
522 1760 707 1805 nostra
734 1748 879 1803 omni
923 1749 975 1802 in
1011 1760 1296 1816 supernam
1329 1743 1551 1814 gratiam
1578 1782 1593 1805 ,
1623 1748 1678 1795 et
1707 1740 1951 1794 invocato

361 1858 434 1898 eo
463 1842 552 1913 qui
582 1850 637 1896 et
656 1839 971 1911 sapientiam
994 1838 1084 1892 dat
1107 1835 1362 1908 parvulis,
1394 1844 1447 1890 et
1472 1832 1735 1887 illuminat
1754 1844 1948 1894 etccos,

364 1947 419 1991 et
444 1934 717 2006 expeditas
739 1932 913 1988 reddit
933 1933 1139 2001 linguas
1166 1929 1465 1994 balborum,
1489 1926 1646 1997 paulo
1665 1935 1787 1980 ante
1816 1925 1951 1980 lecta

366 2034 684 2083 tractemus:
715 2034 771 2079 ttt
813 2038 931 2093 quae
974 2024 1088 2093 ipse
1134 2036 1228 2090 pro
1272 2034 1365 2074 sua
1406 2016 1771 2075 misericordia
1798 2014 1951 2070 nobis

363 2118 732 2189 suppeditarit,
753 2116 955 2172 caritati
985 2124 1176 2169 vestra:
1201 2110 1697 2183 proponamus.Sed
1727 2112 1949 2174 intenta,

364 2210 610 2276 obsecro,
634 2196 820 2262 adsitis
849 2215 1049 2270 mente,
1084 2215 1136 2259 et
1160 2204 1441 2274 diligenter
1471 2203 1535 2258 iis
1563 2217 1680 2272 qua:
1700 2200 1950 2256 dicuntur

356 2305 655 2369 attendite,
688 2316 981 2371 omnesque
1032 2300 1189 2371 hujus
1230 2300 1352 2354 vitze
1378 2313 1534 2354 curas
1558 2298 1801 2368 seponite
1833 2338 1848 2362 ,
1893 2305 1950 2351 nt

354 2397 637 2466 spirituale
663 2410 870 2457 semen,
893 2393 1041 2464 quasi
1062 2394 1115 2447 in
1138 2393 1386 2463 pinguem
1410 2400 1461 2446 et
1491 2391 1717 2445 feracem
1740 2404 1946 2459 agrum,

358 2488 563 2544 evulsis
590 2487 769 2541 herbis
790 2497 838 2540 et
872 2486 1060 2555 spinis,
1094 2484 1454 2555 projieiamus.
1502 2482 1599 2537 Hm
1622 2492 1787 2536 autem
1816 2524 1830 2548 ,
1872 2483 1954 2535 in-

364 2581 496 2651 quit,
537 2581 883 2650 generationes
933 2576 1080 2631 Noe:
1110 2575 1225 2631 Noe
1262 2577 1412 2630 homo
1452 2577 1624 2647 justus
1650 2613 1667 2640 ,
1699 2573 1952 2645 perfectus

360 2674 603 2729 exsistens
631 2673 684 2725 in
710 2672 1029 2743 generatione
1062 2687 1156 2724 sua
1189 2685 1205 2723 :
1234 2668 1343 2723 Deo
1384 2668 1573 2738 placuit
1603 2666 1736 2720 Noe.
1786 2665 1840 2719 ltt
1887 2666 1952 2719 iis

363 2782 530 2836 nuper
559 2766 716 2819 linem
748 2763 973 2819 docendi
1018 2761 1344 2816 faciebamus
1374 2802 1389 2827 ,
1434 2760 1555 2814 ideo
1590 2758 1865 2828 sequentia
1896 2757 1947 2810 in

363 2860 593 2915 medium
625 2858 968 2929 proponenda
996 2865 1137 2911 sunt.
1168 2856 1253 2910 10.
1289 2854 1471 2909 (lenuit
1502 2864 1669 2907 autem
1692 2895 1705 2917 ,
1738 2851 1907 2921 inqttit
1928 2892 1942 2917 ,

362 2948 478 3006 Noe
501 2961 599 3005 tres
625 2951 786 3019 ﬁlios,
819 2950 941 3005 Sent
962 2991 975 3014 ,
1010 2950 1187 3014 Citam,
1217 2947 1427 3018 Japhct.
1458 2946 1571 3000 Non
1598 2946 1800 3015 absque
1825 2959 1941 2998 cau-

359 3058 417 3097 sa
450 3043 626 3097 divina
667 3041 938 3111 Scriptura
966 3051 1020 3096 et
1049 3050 1258 3109 tempus
1286 3049 1341 3096 et
1370 3054 1647 3093 numerum
1678 3038 1831 3093 nobis
1853 3053 1941 3092 as-

362 3135 590 3205 signavit
636 3134 865 3188 liliortim
907 3133 1079 3202 justi:
1121 3133 1214 3187 sed
1259 3142 1313 3187 et
1358 3132 1481 3187 hinc
1524 3131 1678 3187 nobis
1722 3132 1949 3186 latenter

359 3227 628 3281 insinuare
645 3226 755 3279 vult.
782 3227 1048 3296 ingentem
1071 3224 1521 3293 multiplicemque
1543 3224 1657 3293 ejus
1676 3224 1945 3277 virtutem.

358 3320 491 3374 Nam
517 3328 794 3390 postquam
827 3318 1073 3387 superius
1097 3316 1230 3370 dixit
1261 3334 1273 3371 :
1309 3315 1424 3370 Noe
1447 3316 1948 3386 erotquingentorum

354 3428 609 3466 annorum
636 3409 788 3480 (Gen.
814 3411 868 3465 5.
896 3409 1012 3479 '52),
1042 3419 1165 3464 tunc
1191 3408 1424 3464 subdidit
1449 3426 1460 3460 :
1492 3406 1558 3460 Et
1579 3407 1747 3477 genuit
1776 3415 1872 3461 tres
1885 3408 1950 3476 ﬁ-

359 3503 452 3557 lios
478 3518 495 3556 :
524 3501 767 3557 docendo
793 3516 893 3556 nos
914 3515 1177 3555 summam
1204 3500 1547 3555 continentia:
1575 3499 1716 3555 illius
1748 3500 1946 3569 magni-

360 3595 595 3650 tudinem
627 3596 787 3649 fuisse
810 3637 824 3661 ,
859 3609 979 3649 cum
1014 3602 1171 3648 tantze
1209 3593 1633 3662 intemperantia:
1661 3592 1826 3647 dediti
1854 3606 1944 3646 es-

354 3697 474 3743 sent
488 3702 677 3743 omnes
697 3686 960 3753 homines,
976 3693 1229 3757 tantaque
1246 3686 1515 3740 salacitate
1531 3701 1717 3740 omnes
1738 3695 1942 3751 mtates,

358 3791 415 3835 ut
436 3781 507 3835 ita
536 3781 708 3835 dicam
735 3823 749 3847 ,
773 3780 838 3834 ad
865 3778 1060 3833 malum
1094 3787 1311 3833 ruerent
1341 3796 1353 3832 :
1387 3777 1609 3831 audistis
1637 3778 1777 3832 enim
1804 3776 1943 3831 divi-

354 3889 475 3927 nam
504 3873 831 3944 Scripturam
865 3871 1129 3926 dicentem
1162 3889 1175 3924 :
1221 3870 1288 3924 Ut
1323 3880 1493 3924 autent
1534 3868 1656 3922 vidit
1697 3867 1943 3921 Dominus

350 3969 486 4037 quod
505 3966 725 4037 impleta:
746 3974 861 4018 sunt
883 3964 1094 4018 malitia:
1122 3980 1273 4034 super
1294 3973 1477 4017 terram
1503 4003 1518 4026 ,
1546 3972 1591 4016 et
1622 3960 1828 4030 quilibet
1857 3977 1941 4013 co-

351 4059 532 4129 gitaret
563 4057 698 4109 mala
748 4055 1013 4127 diligenter
1054 4055 1106 4108 in
1151 4054 1303 4108 corde
1340 4069 1433 4109 suo
1480 4050 1941 4123 ajuventute:ubi

348 4146 633 4203 manifeste
674 4146 910 4201 declarat
939 4187 956 4213 ,
989 4155 1043 4201 et
1079 4146 1309 4214 juvenes
1351 4144 1543 4200 vicisse
1580 4144 1942 4215 provectiores

352 4251 508 4297 :ctate
530 4282 544 4307 ,
587 4248 642 4294 et
670 4253 827 4295 senes
848 4254 955 4292 non
977 4238 1152 4292 minus
1178 4251 1336 4308 quam
1355 4237 1580 4307 juvenes
1608 4236 1890 4291 insaniisse
1920 4275 1934 4299 ,

346 4342 402 4389 et
428 4332 494 4387 ad
521 4332 718 4386 malum
745 4330 911 4385 multa
951 4330 1283 4400 proclivitate
1316 4343 1634 4399 propensam
1666 4327 1830 4383 fuisse
1853 4327 1936 4397 ip-

347 4441 463 4482 sam
496 4424 654 4480 etiam
684 4433 895 4478 aetatem
918 4422 1179 4477 malorum
1210 4421 1562 4492 ineXpertam.

417 4515 471 4571 2.
500 4512 575 4572 Ut
615 4514 773 4585 igitur
800 4512 1084 4577 discamus,
1118 4528 1223 4584 quo
1249 4524 1403 4583 pacto
1446 4513 1509 4567 iis
1542 4512 1788 4568 omnibus
1817 4520 1937 4565 tau-

346 4621 459 4666 tam
498 4609 758 4664 insaniam
804 4621 867 4662 ac
915 4605 1115 4661 rabiem
1152 4621 1261 4676 prm
1305 4621 1364 4662 se
1414 4605 1721 4672 ferentibus,
1765 4605 1939 4674 justus

348 4704 438 4759 ille
467 4700 724 4758 manserit
751 4699 919 4767 solus,
947 4698 1325 4754 continentiam
1353 4713 1471 4753 cum
1512 4697 1629 4752 aliis
1656 4696 1940 4751 virtutibus

346 4803 567 4851 strenue
603 4806 841 4860 servans,
889 4791 1059 4845 donec
1104 4790 1169 4845 ad
1218 4790 1696 4860 quingentesimum
1742 4802 1938 4843 annum

347 4886 589 4957 pervenit
622 4904 635 4941 ε
665 4900 787 4940 cum
824 4883 1064 4947 dixisset,
1098 4880 1225 4935 Erat
1263 4880 1378 4935 Noe
1416 4882 1801 4954 quingentorum
1841 4896 1937 4933 an-

346 4995 550 5046 norum,
582 4985 709 5032 tunc
736 4975 906 5045 inquit
934 4992 946 5028 :
978 4973 1047 5027 Et
1084 4975 1254 5045 genuit
1280 4962 1401 5028 Noe
1424 4984 1522 5027 tres
1561 4977 1937 5045 /ilios.Vidisti,

345 5071 560 5135 dilecte,
593 5068 943 5125 excellentem
967 5066 1094 5136 justi
1127 5067 1579 5135 temperantiam?
1620 5065 1696 5120 Ne
1736 5065 1838 5119 hoc
1863 5066 1937 5118 ita

343 5160 709 5233 perfunctorie
751 5169 1104 5221 transeamus,
1130 5157 1222 5212 sed
1253 5165 1307 5211 et
1345 5166 1552 5225 tempus
1578 5156 1703 5211 illud
1733 5170 1937 5225 expen-

343 5255 552 5320 damus,
584 5259 639 5306 et
663 5250 918 5305 malitiam
944 5264 1063 5319 qua:
1088 5248 1153 5303 ad
1181 5263 1338 5302 omne
1366 5247 1638 5301 hominum
1675 5261 1840 5316 genus
1869 5248 1938 5299 ob

344 5363 528 5401 curam
584 5345 841 5400 desidiam
904 5359 964 5399 se
1020 5343 1369 5405 extenderat,
1425 5351 1479 5397 et
1539 5341 1937 5397 consideremus

344 5448 558 5508 quanta;
589 5438 662 5493 sit
700 5438 911 5492 virtutis
939 5445 994 5492 et
1021 5436 1232 5506 pietatis
1269 5450 1394 5506 erga
1433 5435 1622 5499 Deum,
1655 5435 1708 5490 in
1740 5445 1936 5489 tantam

348 5530 602 5599 temporis
630 5529 1011 5600 longitudinem
1058 5528 1499 5597 concupiscentia:
1528 5527 1728 5582 rabiem
1763 5527 1932 5583 refre-

349 5634 498 5687 nare,
544 5621 792 5690 viamque
837 5620 995 5691 longe
1030 5620 1097 5674 ab
1139 5621 1257 5676 aliis
1298 5619 1561 5676 diversam
1594 5635 1835 5690 carpere,
1878 5632 1933 5676 et

351 5724 457 5765 non
487 5711 658 5766 solum
684 5712 751 5767 ab
778 5712 959 5767 illicito
986 5715 1128 5767 coitu
1154 5728 1213 5767 se
1252 5710 1523 5774 cohibere.
1552 5712 1645 5767 sed
1676 5719 1731 5767 et
1753 5728 1783 5767 a
1810 5712 1939 5782 legi-

351 5802 482 5858 timo
505 5810 558 5856 et
587 5802 873 5872 inculpato.
905 5803 971 5857 Et
1020 5806 1208 5873 genuit,
1261 5804 1449 5873 inquit,
1482 5802 1595 5857 Noe
1619 5812 1715 5857 tres
1754 5806 1887 5871 filios
1916 5820 1934 5857 .'

349 5894 490 5963 Sem,
513 5894 693 5964 Citam,
710 5894 960 5965 'Japltetlt.
992 5896 1077 5949 11.
1100 5896 1345 5965 Corrupto
1367 5906 1529 5949 autem
1554 5910 1660 5951 erat
1679 5906 1810 5951 terra
1832 5911 1923 5949 eo-

1096 436 1156 491 S.
1187 432 1465 490 JOANNIS
1501 426 1979 487 CIIRYSOSTOMI
2010 428 2329 487 ARCIIIEP.
2361 432 2896 489 CONSTANTINOP.

3542 435 3649 489 203

2061 561 2171 599 rom
2202 544 2326 609 Dec,
2346 556 2392 599 et
2414 547 2606 617 repleta
2635 555 2739 599 erat
2764 556 2898 599 terra
2914 546 3177 616 injustitia.
3202 545 3325 600 Mihi
3347 545 3649 602 videturtli-

2060 638 2179 691 vina
2201 635 2597 706 dispensatione
2617 636 2837 703 factum,
2863 645 2920 690 ut
2943 637 3115 707 justus
3145 638 3234 691 ilie
3263 652 3403 691 nunc
3434 639 3647 692 tandem

2059 728 2123 782 ad
2158 743 2377 783 uxorem
2406 729 2704 796 accederet,
2738 729 2962 798 illosque
2990 729 3126 783 filios
3173 730 3486 798 susciperet.
3515 730 3647 796 Quia

2059 820 2201 875 enim
2232 820 2301 876 ob
2344 821 2559 875 malitia:
2606 821 3025 891 magnitudinem
3057 831 3110 875 et
3139 822 3403 890 ingentem
3452 822 3654 892 impro-

2059 911 2275 967 bitatem
2302 913 2537 982 generali
2585 911 2817 981 pernicie
2846 923 2986 966 tutus
3026 912 3169 966 orbis
3210 912 3467 967 dolendus
3496 924 3605 967 erat
3632 955 3646 974 ,

2058 1004 2363 1059 misericors
2389 1005 2529 1059 Deus
2554 1004 2705 1075 quasi
2734 1004 2965 1059 radicem
2992 1004 3218 1074 aliquam
3252 1014 3305 1059 et
3329 1004 3648 1059 fermentum

2057 1094 2224 1148 voluit
2249 1094 2450 1163 justum
2483 1095 2630 1149 illum
2680 1110 2978 1163 superesse,
3012 1104 3069 1148 ttt
3117 1095 3327 1147 abolitis
3375 1095 3476 1148 illis
3503 1095 3650 1161 origo

2055 1196 2108 1244 et
2136 1189 2383 1259 primitiae
2409 1188 2649 1258 qu'edam
2679 1198 2819 1243 esset
2864 1189 3179 1242 futurorum.
3213 1186 3380 1257 Hujus
3422 1188 3497 1241 rei
3527 1204 3651 1254 gra-

2058 1281 2149 1344 tia,
2180 1296 2298 1335 cum
2321 1281 2429 1351 jam
2463 1282 2871 1350 quingentorum
2915 1289 3056 1334 esset
3085 1296 3367 1345 annorum,
3403 1282 3650 1335 haberet-

2055 1387 2160 1441 que
2206 1382 2315 1427 tres
2357 1372 2487 1427 istos
2518 1373 2684 1435 filios,
2716 1372 2817 1426 illis
2847 1381 3128 1426 contentus
3176 1371 3289 1431 fuit,
3325 1388 3380 1426 re
3412 1373 3520 1442 ipsa
3551 1372 3649 1426 de-

2056 1466 2264 1519 clarans
2295 1465 2398 1519 hoc
2431 1480 2489 1519 se
2520 1466 2729 1530 fecisse,
2772 1475 2829 1518 ut
2870 1464 3061 1517 divinae
3087 1463 3138 1517 in
3167 1463 3453 1515 humanum
3482 1480 3652 1532 genus

2057 1555 2249 1610 futurtc
2278 1557 2587 1627 benignitati
2610 1556 2853 1612 serviret.
2883 1556 2950 1610 Et
2976 1573 3079 1626 quo
3102 1556 3239 1610 scias
3271 1557 3372 1610 hoc
3402 1573 3504 1609 non
3532 1572 3650 1610 esse

2059 1657 2340 1711 temeraria
2392 1657 2696 1725 c0njeetura
2750 1657 2987 1720 dictttm,
3038 1654 3313 1708 considera
3364 1653 3649 1721 Scriptura!

2059 1748 2405 1817 diligentiam.
2434 1748 2563 1802 Nam
2610 1757 2884 1817 postquam
2916 1747 3079 1805 dixit.
3107 1746 3305 1814 justum
3350 1746 3496 1799 illum
3546 1757 3651 1799 tres

2057 1842 2307 1896 habuisse
2332 1840 2504 1904 ﬁlios,
2531 1842 2707 1895 statim
2749 1840 2982 1895 subdidit
3011 1857 3023 1892 :
3054 1837 3307 1907 Currttpla
3346 1848 3451 1891 erat
3482 1848 3649 1891 autem

2057 1944 2192 1989 terra
2220 1951 2393 1989 coram
2440 1934 2568 1999 Deo,
2598 1944 2643 1988 et
2693 1935 2899 2002 impleta
2929 1944 3033 1986 erat
3085 1941 3217 1985 terra
3258 1932 3519 2001 injustitia.
3558 1930 3649 1984 Υἱ-

2058 2028 2180 2081 disti
2210 2027 2260 2081 in
2289 2026 2475 2081 eadem
2508 2036 2693 2080 natura
2724 2041 2966 2095 magnam
2991 2035 3044 2079 et
3074 2024 3393 2079 inelTabilem
3421 2023 3650 2077 varieta-

2058 2119 2208 2174 tem?
2241 2120 2314 2173 De
2360 2119 2505 2188 justo
2545 2119 2684 2172 enim
2740 2118 2949 2172 dicebat
2995 2117 3265 2186 Scriptura
3298 2135 3312 2173 :
3343 2115 3460 2170 Noe
3502 2115 3650 2169 homo

2049 2214 2238 2284 justus,
2264 2214 2511 2282 perfectus
2531 2213 2769 2266 exsistens
2796 2211 2847 2263 in
2870 2212 3189 2281 generatione
3209 2227 3303 2264 suo
3319 2210 3414 2265 :de
3432 2209 3649 2279 reliquis

2061 2313 2237 2359 autem
2269 2305 2517 2359 omnibus
2546 2304 2714 2372 inquit
2746 2320 2757 2354 :
2789 2302 3039 2371 Corrupto
3063 2312 3225 2354 autem
3255 2310 3362 2354 erat
3405 2311 3536 2353 terra
3560 2316 3649 2353 co-

2057 2414 2167 2451 ram
2195 2395 2325 2461 Deo,
2359 2406 2404 2450 et
2426 2397 2629 2465 impleta
2654 2404 2760 2449 erat
2789 2405 2922 2448 terra
2953 2395 3221 2464 iujnstitio.
3254 2392 3480 2447 Nomine
3506 2392 3647 2447 enim

2058 2499 2237 2556 terrai,
2267 2491 2538 2544 hominum
2572 2488 2963 2542 multitudinem
2991 2495 3163 2541 vocat.
3206 2486 3337 2553 Quia
3368 2486 3508 2538 enim
3535 2499 3649 2537 om-

2057 2584 2144 2637 nia
2171 2598 2356 2637 eorum
2384 2596 2545 2653 opera
2595 2581 2865 2635 terrestria
2910 2590 3061 2635 erant
3080 2620 3095 2644 ,
3125 2579 3322 2633 idcirco
3369 2588 3523 2632 terra:
3554 2591 3648 2629 no-

2058 2673 2201 2729 mine
2227 2684 2278 2728 et
2307 2688 2491 2729 eorum
2545 2673 2798 2727 vilitatem
2821 2714 2837 2737 ,
2869 2679 2922 2726 et
2966 2670 3179 2725 malitia:
3220 2667 3673 2738 exsuperantiam

2056 2764 2339 2836 significat.
2367 2764 2497 2819 Nam
2517 2765 2654 2820 sicut
2674 2764 2740 2819 de
2767 2764 3113 2833 prot0plast0,
3143 2762 3229 2831 qui
3277 2762 3447 2830 legent
3477 2770 3648 2812 trans--

2056 2876 2269 2934 gressus
2295 2861 2516 2932 gloriam
2543 2875 2642 2931 qua
2674 2858 3101 2914 eireumdabatur
3129 2856 3325 2922 amisit,
3356 2854 3647 2922 mortisque

2058 2970 2229 3026 poma:
2266 2955 2528 3009 obnoxius
2573 2952 2745 3007 factus
2775 2950 2889 3015 fuit,
2919 2950 3131 3004 dicebat
3167 2965 3180 3002 :
3214 2947 3370 3001 Terra
3409 2962 3480 3009 es,
3511 2955 3557 2999 et
3594 2945 3645 2996 in

2056 3060 2240 3103 terram
2267 3046 2425 3102 abibis
2452 3046 2602 3117 (Gen.
2630 3046 2684 3101 '5.
2714 3045 2802 3117 19)
2835 3063 2846 3099 :
2880 3046 2949 3098 ita
2977 3051 3032 3098 et
3073 3041 3180 3105 hic.
3209 3041 3330 3111 quia
3358 3041 3644 3110 plurimum

2056 3141 2389 3196 iuvaluerant
2415 3138 2561 3202 vitia,
2595 3138 2786 3208 inquit,
2835 3135 3083 3204 Corrupto
3126 3145 3296 3187 autem
3338 3140 3443 3185 erat
3489 3142 3644 3184 terra.

2054 3234 2236 3305 Neque
2263 3231 2576 3303 simpliciter
2603 3231 2732 3286 dicit
2764 3248 2776 3284 :
2808 3229 3059 3298 Corrupto
3100 3234 3265 3281 autem
3312 3234 3418 3278 erat
3461 3234 3595 3276 terra
3627 3238 3645 3274 :

2053 3327 2168 3393 sed,
2200 3325 2384 3383 Coram
2424 3323 2579 3379 Deo:
2608 3332 2655 3377 at
2693 3322 2901 3393 impleta
2929 3330 3035 3375 erat
3064 3328 3195 3373 terra
3237 3315 3506 3387 injustitia.
3553 3310 3647 3367 Di-

2050 3416 2225 3474 cendo
2251 3417 2411 3482 enim,
2446 3415 2696 3485 Corrupto
2742 3420 2865 3478 erat,
2896 3410 3233 3480 omnigenam
3276 3408 3486 3461 illorum
3532 3417 3648 3458 ma-

2054 3509 2222 3564 litiam
2248 3506 2490 3577 emphasi
2521 3505 2747 3576 quadam
2778 3503 2930 3558 dixit.
2962 3501 3076 3557 Non
3124 3500 3265 3554 enim
3290 3498 3394 3551 dici
3428 3505 3641 3564 potest,

2051 3617 2144 3658 eos
2172 3600 2329 3656 unius
2352 3600 2438 3654 vel
2458 3598 2684 3654 duorum
2708 3605 3045 3668 peccatorum
3073 3602 3278 3648 tantum
3307 3604 3428 3644 reos
3455 3588 3641 3650 fuisse,

2050 3693 2144 3749 sed
2169 3706 2357 3747 omnes
2382 3692 2683 3762 iniquitates
2709 3689 2908 3758 absque
2953 3685 3113 3741 modo
3138 3682 3503 3738 commisisse:
3524 3678 3645 3732 ideo

2050 3787 2268 3856 subdit,
2304 3786 2370 3839 Et
2412 3786 2617 3854 impleta
2647 3794 2754 3838 erat
2794 3792 2928 3836 terra
2969 3778 3236 3850 injustitia.
3268 3774 3384 3829 Non
3429 3772 3602 3827 obiter
3624 3809 3640 3833 .

2047 3895 2223 3952 neque
2246 3878 2535 3951 vulgariter
2560 3877 2774 3932 malitite
2801 3873 3103 3939 studebant,
3136 3870 3229 3925 sed
3259 3877 3472 3939 peccata
3497 3882 3644 3936 qum-

2049 3987 2153 4042 que
2182 3970 2407 4026 ferventi
2448 3967 2795 4024 contentione
2823 3965 3070 4035 agebant.
3115 3962 3180 4016 Et
3221 3960 3343 4015 vide
3371 3957 3643 4027 quomodo

2050 4066 2170 4121 illos
2221 4073 2402 4135 postea
2435 4078 2503 4118 ne
2531 4060 2675 4117 tenui
2696 4058 2909 4130 quidem
2940 4056 3200 4111 memoria
3250 4053 3515 4123 dignatur,
3545 4048 3642 4103 sed

2049 4158 2267 4213 nomine
2318 4165 2478 4211 terrae
2533 4162 2709 4221 vocat,
2739 4152 2898 4207 simul
2939 4148 3179 4204 indicans
3207 4155 3261 4201 et
3300 4154 3641 4215 peccatorum

2047 4251 2357 4322 gravitatem
2389 4254 2445 4302 et
2474 4245 2566 4299 Dei
2593 4242 3032 4314 indignationem.
3062 4239 3315 4307 Corrupto
3339 4246 3447 4289 erat
3474 4243 3641 4286 autem

2047 4354 2199 4409 terra,
2233 4341 2419 4410 inquit,
2443 4352 2613 4393 coram
2644 4336 2774 4401 Deo,
2799 4334 2901 4388 hoc
2939 4344 3038 4399 est,
3069 4344 3224 4386 secus
3252 4343 3411 4398 quam
3438 4341 3638 4397 prmce-

2047 4446 2193 4505 ptum
2222 4440 2340 4487 erat
2365 4446 2395 4484 a
2425 4430 2534 4485 Deo
2564 4428 2740 4482 omnia
2790 4425 3071 4487 faciebant,
3106 4420 3353 4477 mandata
3380 4420 3473 4474 Dei
3511 4432 3643 4473 con-

2050 4529 2341 4587 culcanles.
2369 4533 2424 4581 et
2450 4524 2761 4594 magistrum
2790 4529 2994 4574 naturae
3021 4513 3509 4577 humauminsitum
3563 4511 3641 4582 (a)

2055 4642 2147 4696 per
2172 4620 2432 4677 desidiam
2463 4618 2787 4671 amittentes.
2817 4611 2885 4666 Et
2909 4610 3116 4679 impleta
3140 4615 3247 4661 erat
3271 4615 3423 4669 terra,
3446 4604 3638 4673 inquit,

2044 4708 2743 4783 iniustitia.\’idisti.dilecte,
2760 4713 3015 4775 quantum
3037 4699 3232 4755 malum
3248 4698 3317 4753 sit
3336 4703 3639 4767 peccatum,

2044 4805 2313 4879 quomodo
2355 4802 2406 4857 id
2451 4800 2663 4864 efﬁciat,
2698 4808 2755 4852 ut
2783 4796 3026 4851 homines
3072 4806 3169 4846 suo
3212 4790 3431 4844 nomine
3459 4789 3641 4841 vocari

2045 4877 2149 4955 non
2182 4900 2291 4951 sint
2314 4893 2458 4964 digni
2484 4892 2507 4945 ?
2536 4890 2669 4945 Audi
2710 4902 2895 4942 rursus
2924 4900 3043 4955 quae
3086 4889 3422 4951 sequuntur:
3454 4877 3537 4932 12.
3576 4878 3641 4929 Et

2043 4992 2167 5045 vidit
2198 4987 2445 5042 Dominus
2468 4984 2607 5038 Deus
2635 4991 2840 5044 terram,
2864 4987 2910 5031 et
2944 4984 3052 5029 erat
3090 4984 3349 5043 corrupta.
3375 4971 3507 5026 Vide
3538 4970 3640 5023 ite-

2045 5098 2162 5137 rum
2211 5076 2478 5150 quomodo
2527 5089 2622 5131 eos
2669 5083 2865 5128 terram
2910 5077 3083 5124 vocet.
3132 5067 3201 5122 Et
3244 5077 3469 5136 postea,
3517 5078 3642 5117 cum

2046 5165 2210 5230 semel
2248 5180 2405 5242 atque
2436 5172 2626 5224 iterutn
2655 5175 2708 5222 et
2737 5164 2892 5220 tertio
2919 5161 3213 5217 nominavit
3241 5171 3461 5224 terram,
3490 5166 3549 5211 ut
3577 5173 3646 5211 ne

2049 5269 2166 5337 quis
2195 5266 2263 5320 de
2291 5275 2426 5318 terra
2456 5260 2693 5315 sensibili
2719 5273 2840 5313 eum
2866 5256 3064 5311 dixisse
3088 5254 3406 5325 suspicetur,
3438 5252 3643 5321 inquit:

2055 5360 2189 5426 Quia
2214 5364 2504 5425 corruperat
2547 5352 2709 5407 omnis
2745 5366 2864 5404 coro
2903 5349 3033 5403 viam
3069 5364 3212 5402 suam
3240 5361 3395 5416 super
3436 5353 3644 5398 terram.

2049 5452 2233 5521 Neque
2271 5462 2412 5502 nunc
2452 5444 2683 5500 hominis
2711 5441 3064 5513 appellatione
3108 5453 3204 5495 eos
3247 5437 3513 5507 dignatur,
3547 5433 3641 5491 sed

2045 5554 2261 5598 carnem
2286 5545 2441 5593 vocat
2471 5555 2485 5590 :
2513 5552 2620 5606 quo
2642 5550 2739 5589 nos
2761 5534 2957 5588 docere
2980 5530 3168 5596 voluit,
3197 5544 3255 5584 se
3284 5543 3391 5583 non
3412 5528 3481 5583 de
3508 5538 3650 5584 terra

2047 5635 2164 5689 haec
2191 5630 2391 5698 dicere,
2414 5629 2508 5685 sed
2550 5628 2618 5683 de
2657 5625 2963 5681 hominibus
2987 5638 3147 5679 carne
3171 5622 3403 5683 amictis.
3433 5629 3490 5674 et
3531 5631 3646 5672 ter-

2050 5724 2308 5783 restribus
2336 5720 2562 5794 negotiis
2583 5735 2700 5775 sese
2726 5728 2865 5774 totos
2890 5714 3338 5788 impendentibus.
3369 5718 3482 5769 Mos
3500 5711 3639 5767 enim

2018 5956 2023 5963 .
2116 5916 2189 5973 (ai
2220 5908 2570 5962 conscientiam
2591 5905 2661 5956 sic
2685 5903 2945 5968 eleganter
2967 5904 3195 5968 designat
3220 5900 3600 5961 Cbrysostomus
