4062 6396
399 347 510 404 ⁵207

401 461 709 533 προσιέναι.
745 465 806 518 Ol
835 465 945 536 γὰρ
975 464 1206 518 τοιοῦτοι
1233 466 1294 518 οὑ
1327 466 1485 536 μόνον
1517 468 1880 538 μα-καρισμῶν
1909 468 2074 533 ἄξιοι,

402 549 540 604 ἀλλὰ
579 551 674 604 καὶ
707 549 816 604 τῶν
857 552 1310 622 σπουδαζομένων
1357 553 1742 619 ἐπιτεύξονται.
1795 557 1903 609 Καὶ
1945 555 2074 625 γάρ,

399 637 956 706 Χορτασθήσονται,
987 639 1142 710 φησὶ,
1182 640 1326 692 τοῦτ’
1365 640 1532 706 ἐστιν,
1563 641 2073 714 ἐμπλησθήσονται·

401 725 786 798 πληρώσουσιν
831 727 1010 780 αὑτῶν
1054 727 1153 798 τὴν
1194 729 1486 797 ἐπιθυμίαν
1534 731 1632 802 τὴν
1675 730 2073 800 πνευματικήν.

413 814 570 866 Ἐπεὶ
611 809 705 867 οῦν
749 814 988 868 τοιοῦτον
1035 815 1228 886 ἐχομεν
1281 817 1587 886 Δεσπότην,
1627 816 1799 881 οὑτως
1850 817 2073 886 ἀγαθὸν,

402 899 548 954 οὕτω
571 901 872 970 φιλότιμον,
899 903 1032 972 φέρε
1055 904 1148 956 καὶ
1171 905 1330 972 ἡμεῖς
1354 904 1440 956 ἐπ’
1461 905 1623 958 αὑτὸν
1645 904 2074 975 καταφύγωμεν,

405 987 501 1038 καὶ
524 986 622 1056 τὴν
649 987 778 1057 παρ’
807 987 974 1040 αὑτοῦ
1007 989 1177 1060 ῥοπὴν
1201 989 1653 1060 ἐπισπασὼμεθα,
1682 992 1770 1044 ἴνα
1799 993 1892 1044 καὶ
1915 991 2077 1054 αὐτὸς

403 1075 506 1143 τὴν
553 1077 759 1129 οἰκείαν
811 1075 1223 1146 φιλανθρωπίαν
1271 1077 1607 1148 μιμούμενος
1657 1079 1868 1150 φωτίσῃ
1917 1079 2077 1150 ὴμῶν

403 1163 499 1214 τὸν
527 1163 815 1232 λογισμὸν,
843 1165 980 1235 πρὸς
1021 1166 1080 1218 τὸ
1121 1167 1474 1220 κατοπτεύειν
1509 1168 1616 1220 τῶν
1656 1168 1813 1220 θείων
1849 1169 2077 1240 Γραφῶν

405 1251 505 1320 τὴν
533 1251 761 1321 δύναμιν
779 1269 794 1282 ο
827 1253 921 1306 καὶ
949 1253 1105 1324 ὑμεῖς
1126 1253 1181 1305 δέ
1218 1253 1354 1323 μετά
1390 1254 1589 1323 πολλῆς
1615 1257 1714 1326 τῆς
1745 1255 2074 1326 προθυμίας,

409 1339 664 1408 καθάπερ
693 1339 984 1404 πεινῶντες
1018 1341 1112 1394 καὶ
1141 1341 1400 1410 διψῶντες
1419 1383 1434 1406 ,
1467 1342 1608 1394 οὑτω
1627 1343 1748 1413 ,τὴν
1782 1361 2078 1413 πνευματι-

408 1423 510 1492 κὴν
539 1425 886 1479 διδασκαλίαν
913 1427 1259 1490 ὑποδέξασθε.
1296 1431 1454 1489 Ἴσως
1483 1407 1782 1497 γὰρ,’ίσως
1815 1431 1843 1482 ὁ
1877 1431 2078 1499 ἀγαθὸς

407 1513 505 1564 καὶ
531 1512 838 1582 εὐμήχανος
864 1513 1162 1581 Δεσπότης.
1195 1515 1297 1567 κᾶν
1333 1517 1494 1584 ἡμεῖς
1525 1515 1760 1579 εὐτελεῖς
1787 1509 1954 1586 ὦμεν,
1985 1519 2079 1570 καὶ

413 1599 644 1668 μηδενὸς
683 1600 842 1668 λόγου
881 1599 1043 1665 ἄξιοι,
1085 1601 1221 1654 ἀλλά
1257 1603 1323 1655 δι’
1367 1603 1509 1672 ὑμᾶς
1548 1603 1640 1654 καὶ
1675 1602 1774 1672 τὴν
1813 1603 2079 1670 ὠφέλειαν

407 1688 508 1754 τὴν
537 1687 808 1758 ὑμετέραν
836 1690 1132 1759 χορηγήσει
1171 1689 1326 1757 λόγον
1356 1692 1489 1760 ἡμῖν
1526 1691 1583 1742 ἐν
1612 1688 1811 1754 ἀνοίξει
1844 1689 1938 1743 τοῦ
1967 1691 2079 1744 στό-

351 1829 356 1832 .
410 1793 582 1844 ματος
604 1779 685 1840 εἰς
717 1777 874 1841 δόξαν
908 1777 1096 1840 αὑτοῦ,
1121 1779 1216 1832 καὶ
1245 1780 1324 1841 εἰς
1351 1778 1636 1849 οἰκοδομήν
1666 1778 1956 1850 ὑμετέραν.
1985 1779 2078 1842 EE;

405 1863 508 1934 τήν
537 1863 742 1917 ἀνωθεν
773 1864 952 1919 τοίνυν
974 1865 1133 1936 χάριν
1162 1866 1222 1918 τὸ
1257 1867 1364 1920 πᾶν
1390 1867 1796 1938 ἐπιῤῥίψαντες,
1830 1870 2078 1922 κάκεῖνον

408 1951 870 2024 ἐπικαλεσάμενοι
912 1953 1004 2006 τὸν
1042 1953 1330 2022 σοφίζονται
1371 1955 1496 2017 τοὺς
1536 1955 1792 2023 τυφλοὺς,
1821 1955 1914 2010 καὶ
1948 1973 2080 2026 τρα-

408 2037 602 2092 νοῦντα
635 2040 736 2101 τὰς
771 2039 1021 2109 γλώσσας
1049 2042 1157 2094 τῶν
1199 2041 1522 2112 μογιλάλων,
1553 2041 1817 2112 ἁψώμεθα
1843 2044 1934 2096 καὶ
1969 2043 2078 2096 τῶν

358 2207 360 2210 _
406 2128 738 2197 προσφάτως
759 2142 783 2170 ει
808 2131 1254 2202 ἀνεγνωσμένων,
1282 2133 1346 2186 ἵν’
1365 2132 1508 2204 ἅπερ
1525 2133 1591 2188 ἂν
1614 2133 1772 2197 αὐτὸς
1793 2136 2080 2208 χορηγήσῃ

405 2213 506 2282 τὴν
535 2215 744 2269 οἰκείαν
779 2216 1189 2288 φιλανθρωπίαν
1235 2219 1590 2290 μιμούμενος,
1621 2221 1790 2274 ταῦτα
1822 2223 2080 2291 παραθῶ-

409 2316 510 2366 μεν
543 2302 608 2370 τῇ
645 2300 886 2374 ὑμετέρᾳ
920 2304 1130 2374 ἀγάπῃ.
1190 2305 1351 2358 Ἀλλά
1392 2306 1701 2360 συντείνατέ
1745 2325 1854 2378 μοι,
1903 2325 2080 2380 παρα-

407 2385 580 2450 καλῶ,
605 2386 705 2458 τὴν
727 2387 963 2442 διάνοιαν
985 2431 999 2454 ,
1030 2391 1124 2444 καὶ
1153 2391 1293 2462 μετά
1322 2392 1608 2462 ἀκριϐείας
1643 2395 1937 2464 προσέχετε
1969 2399 2081 2460 τοῖς

405 2470 744 2543 λεγομένοις,
781 2475 958 2530 πάντα
1005 2476 1256 2547 βιωτικδν
1301 2478 1558 2550 λογισμὸν
1594 2481 1800 2534 ἐαυτῶν
1841 2483 2082 2553 ἀποστή-

409 2578 638 2626 σαντες,
686 2563 772 2618 ἴνα
803 2563 1054 2635 καθάπερ
1084 2567 1162 2628 είς
1202 2567 1434 2638 λιπαρὰν
1466 2568 1560 2622 καὶ
1607 2569 1884 2640 βαθύγεων
1918 2572 2082 2643 ἄρου-

409 2667 544 2720 ραν,
576 2649 686 2704 τῶν
727 2651 964 2722 βοτανῶν
999 2653 1092 2705 καὶ
1129 2652 1238 2706 τῶν
1280 2655 1530 2710 ἀκανθῶν
1563 2657 2079 2731 ἐκκεκαθαρμένων,

409 2736 553 2789 οὕτω
581 2738 672 2790 τὸν
710 2739 1076 2810 πνευματικὸν
1107 2741 1304 2812 σπόρον
1330 2743 1742 2814 καταϐάλωμεν.
1777 2741 1964 2802 Αὗται
1990 2748 2080 2814 δέ,

411 2829 600 2896 φησὶν.
636 2829 695 2880 αἱ
721 2827 988 2897 γενέσεις
1023 2829 1168 2884 Νῶε·
1200 2830 1326 2884 Νῶε
1363 2829 1672 2899 ἅνθρωπος
1701 2834 1951 2902 δίκαιος,
1987 2837 2082 2890 τέ-

412 2917 574 2980 λειος
599 2915 670 2968 ἐν
703 2914 777 2985 τῇ
808 2917 982 2986 γενεᾷ
1007 2918 1215 2972 αὐτοῦ·
1251 2919 1329 2984 τῷ
1361 2919 1482 2984 Θεῷ
1521 2921 1892 2990 εὐηρέστησε
1933 2922 2079 2977 Νῶε.

417 3001 580 3072 ’Δχρι
611 3003 800 3057 τούτου
835 3006 989 3068 τέλος
1024 3006 1148 3076 ἔσχε
1189 3007 1258 3060 τά
1295 3008 1394 3078 τῆς
1425 3007 1772 3074 διδασκαλίας
1810 3009 1936 3080 χθές
1959 3028 1973 3040 ·
2005 3011 2085 3066 διὸ

411 3087 521 3160 χρὴ
553 3091 622 3144 τὰ
648 3091 948 3162 λειπόμενα
975 3094 1052 3157 εἰς
1085 3093 1247 3165 μέσον
1287 3095 1588 3166 προθεῖναι.
1635 3097 1955 3166 Ἐγέννησε
1993 3099 2084 3162 δὲ,
2133 3155 2140 3162 ,

355 3249 358 3252 _
413 3179 570 3245 φησὶ,
593 3179 721 3231 Νῶε
745 3179 900 3246 τρεῖς
921 3180 1113 3246 υἱοὺς,
1140 3181 1244 3233 τὸν
1263 3181 1412 3250 Σήμ,
1435 3182 1542 3235 τὸν
1568 3183 1714 3252 Χὰμ,
1737 3185 1844 3238 τὸν
1873 3185 2078 3256 Ἰάρετ).

411 3263 525 3332 Οὑχ
551 3261 740 3328 ἁπλῶς
771 3267 903 3336 ἡμῖν
941 3267 974 3336 ἡ
1009 3266 1130 3320 θεία
1158 3267 1348 3338 Γραφὴ
1375 3269 1469 3321 καὶ
1511 3268 1603 3323 τὸν
1633 3271 1820 3343 καιρὸν
1860 3279 1952 3326 καὶ
1993 3276 2086 3329 τὸν

353 3413 358 3416 _
409 3352 648 3423 ἀριθμὸν
696 3356 1079 3428 ἐπεσημήνατο
1115 3358 1224 3411 τῶν
1271 3360 1474 3414 παίδων
1517 3361 1610 3415 τοῦ
1660 3361 1906 3430 δικαίου¹,
1950 3366 2086 3423 ἀλλά

411 3441 509 3494 καὶ
529 3441 780 3495 ἐντεῦθεν
810 3445 944 3514 ἡμῖν
971 3445 1344 3510 λανθανόντως
1367 3448 1757 3518 παραδηλῶσαι
1786 3451 2081 3528 βουλομένη

411 3529 512 3599 τῆς
540 3529 743 3600 πολλῆς
771 3531 934 3584 αὑτοῦ
958 3533 1159 3603 ἀρετῆς
1183 3535 1282 3600 τὴν
1306 3535 1630 3606 ὑπερϐολήν.
1668 3537 1948 3612 Ἀνωτέρω
1975 3543 2084 3614 γάρ

411 3617 664 3680 εἰποῦσα,
685 3619 766 3672 ὃτι
787 3619 915 3676 Νῶε
939 3621 1018 3689 ἦν
1045 3621 1198 3674 ἑτῶν
1211 3625 1646 3689 πεντακοσίων,
1662 3626 1784 3678 τότε
1813 3629 2082 3698 ἐπήγαγε,

411 3706 524 3760 Καὶ
546 3706 842 3775 ἐγέννησε
874 3709 1024 3776 τρεῖς
1046 3710 1235 3774 υἱούς·
1253 3710 1579 3764 διδάσκουσα
1595 3714 1742 3784 ἡμᾶς
1757 3715 1856 3786 τῆς
1884 3717 2086 3788 ἐγκρα-

411 3794 565 3857 τείας
588 3795 834 3848 αὐτοῦτὸ
855 3797 1138 3866 ὑπεράγαν
1169 3796 1418 3867 μέγεθος,
1455 3800 1548 3852 καὶ
1575 3800 1658 3852 ὅτι
1689 3800 1838 3874 [ἳίὸ]
1870 3805 2086 3858 πάντων

411 3883 521 3936 τῶν
557 3883 683 3938 τότε
717 3883 886 3936 ὄντων
913 3885 1218 3952 ἀνθρώπων
1253 3886 1491 3958 τοσαύτῃ
1533 3889 1773 3961 ἀκρασίᾳ
1814 3893 2086 3964 κεχρημέ-

417 3987 544 4034 νων,
579 3971 674 4024 καὶ
705 3971 904 4041 πολλὴν
933 3972 1029 4042 τὴν
1065 3972 1319 4041 λαγνείαν
1353 3975 1830 4048 ἐπιδεικνυμένων,
1861 3981 1953 4032 καὶ
1980 3982 2088 4034 πά-

417 4074 538 4126 σης,
573 4057 648 4122 ὡς
680 4060 854 4112 εἰπεῖν
874 4097 889 4122 ,
920 4061 1018 4128 τῆς
1048 4059 1264 4130 ἡλικίας
1295 4061 1388 4114 ἐπὶ
1420 4061 1516 4132 τὴν
1556 4063 1750 4116 κακίαν
1785 4066 2086 4139 αὐτομολη-

417 4146 590 4216 σάσης
613 4161 626 4174 ·
655 4146 884 4200 ἀκούετε
914 4147 1023 4218 γάρ
1053 4148 1150 4218 τῆς
1176 4147 1326 4213 θείας
1356 4151 1576 4221 Γραφῆς
1606 4152 1891 4224 λέγουοης,
1929 4156 2087 4210 Ἰδὼν

415 4231 482 4286 δὲ
505 4235 718 4300 Κύριος
739 4233 828 4288 ὅτι
847 4235 1320 4304 ἐπ.,ἰηί)ὐνθησαν
1335 4240 1394 4292 αἱ
1409 4240 1608 4292 κακίαι
1629 4240 1740 4293 τῶν
1763 4242 2088 4311 ἀνθρώπων

413 4320 510 4374 ἐπὶ
543 4319 652 4390 τῆς
681 4321 816 4390 τῆς,
847 4323 944 4376 καὶ
974 4321 1093 4388 πᾶς
1121 4341 1211 4389 τις
1239 4323 1552 4378 διανοεῖται
1591 4327 1660 4381 τὰ
1693 4330 1926 4398 πονηρὰ
1960 4333 2087 4386 ἑπι-

411 4407 614 4479 μελῶς
643 4408 712 4461 ὲν
737 4407 808 4477 τῇ
844 4409 1054 4478 καρδίᾳ
1096 4411 1283 4465 αὐτοῦ
1324 4411 1392 4464 ἐκ
1421 4415 1730 4481 νεότητος,
1767 4421 1861 4470 καὶ
1901 4420 2087 4491 σαφῶς

416 4501 550 4568 ἡμῖν
582 4499 953 4570 δεικνυούσης,
989 4501 1070 4553 ὅτι
1100 4501 1194 4553 καὶ
1223 4500 1330 4554 νέοι
1369 4501 1561 4555 ἐνίκων
1587 4505 1712 4568 τοὺς
1751 4507 2089 4582 προϐεϐηκὸς

415 4603 535 4647 τας,
573 4587 667 4639 καὶ
705 4587 754 4638 οἰ
790 4585 1040 4656 γέροντες
1075 4587 1183 4640 τῶν
1215 4587 1350 4640 νέων
1384 4589 1482 4641 οὑκ
1528 4589 1746 4645 ἔλαττον
1783 4596 2084 4668 ἐμάνησαν,

417 4675 513 4728 καὶ
542 4675 624 4726 ὅτι
649 4675 745 4726 καὶ
775 4673 914 4744 αὑτὴ
949 4675 982 4744 ἡ
1013 4675 1382 4746 ἀπειρόκακος
1403 4675 1588 4747 ἡλικία
1609 4679 1746 4752 πρὸς
1767 4681 1864 4753 τὴν
1887 4686 2087 4742 κακίαν

419 4761 619 4831 πολλὴν
645 4757 760 4832 εἶχε
789 4761 886 4834 τὴν
922 4761 1114 4833 ῥοπήν.

492 4849 554 4918 β’.
591 4847 705 4903 Ἵνα
719 4849 900 4904 τοίνυν,
930 4849 1211 4920 μάθωμεν,
1226 4851 1373 4916 ὅπως
1394 4853 1596 4908 τούτων
1612 4857 1867 4913 ἁπάντων
1889 4861 2088 4936 πολλὴν

417 4938 517 5010 τὴν
556 4937 758 4989 λύσσαν
793 4937 888 4989 καὶ
929 4937 1028 5008 τὴν
1075 4937 1269 5008 μανίαν
1306 4941 1785 5014 ἐπιδεικνυμένων,
1828 4951 1856 5002 ὁ
1884 4949 2088 5017 δίκαιος

417 5019 571 5086 οὗτος
599 5023 780 5093 ἔμεινε
812 5025 970 5094 μόνος
1002 5024 1090 5076 τὸν
1120 5025 1222 5094 τῆς
1254 5029 1610 5100 σωφροσύνης
1640 5027 1802 5085 ἆθλον
1829 5037 1966 5102 μετά
1989 5039 2088 5110 τῆς

419 5111 585 5180 ἄλλης
635 5111 838 5180 ἀρετῆς
873 5111 1184 5182 κατορθῶν,
1238 5113 1429 5185 μέχρις
1466 5116 1556 5168 ὅτε
1601 5120 1682 5181 εἰς
1717 5121 1778 5172 τὸ
1822 5140 2088 5180 πεντακο-

420 5201 641 5254 σιοστὸν.
659 5199 778 5261 ἔτος
800 5197 1022 5268 ἔφθασε.
1052 5199 1208 5252 Μετὰ
1229 5201 1292 5253 τὸ
1317 5203 1490 5256 εἰπεῖν
1509 5203 1636 5276 γὰρ,
1657 5202 1766 5260 Ἦν
1789 5209 1917 5265 Νῶε
1939 5213 2089 5268 ἐτῶν

417 5287 864 5371 πεντακοσίων,
897 5279 1020 5338 τότε
1069 5289 1236 5358 φησὶ,
1271 5289 1382 5342 Καὶ
1422 5291 1714 5362 ἐγέννησε
1763 5299 1894 5353 Νῶε
1933 5303 2090 5371 τρεῖς

416 5377 606 5440 υἱούς.
641 5369 820 5436 Εἶδες,
855 5375 1126 5445 ἀγαπητέ,
1154 5373 1248 5428 τοῦ
1275 5375 1485 5436 δικαίου
1519 5379 1618 5452 τὴν
1644 5369 2088 5455 ὑπερϐάλλουσαν

417 5463 783 5532 ἐγκράτειαν;
815 5461 907 5532 Μὴ
950 5460 1059 5531 γὰρ
1098 5461 1162 5533 δὴ
1198 5463 1385 5528 ἁπλῶς
1433 5467 1572 5520 αὑτά
1617 5472 2084 5548 παραδράμωμεν,

416 5551 554 5606 ἀλλά
590 5551 685 5604 καὶ
725 5549 818 5602 τὸν
846 5549 1036 5618 καιρὸν
1081 5551 1434 5621 ἐννοήσαντες
1468 5557 1694 5622 ἐκεῖνον,
1733 5561 1827 5613 καὶ
1865 5563 1963 5632 τὴν
1991 5583 2088 5619 κα.

417 5637 546 5689 κίαν
579 5634 674 5706 τὴν
701 5635 842 5688 κατὰ
871 5636 1072 5699 παντὸς
1095 5636 1189 5688 τοῦ
1213 5637 1320 5690 τῶν
1348 5639 1650 5712 ἀνθρώπων
1669 5644 1858 5712 γένους
1879 5648 1967 5702 διὰ
1991 5651 2090 5723 τὴν

419 5723 622 5792 πολλὴν
646 5722 923 5794 ρᾳθυμίαν.
946 5723 1398 5788 ἐπιπολάζουσαν,
1427 5730 1790 5802 σκοπήσωμεν
1821 5735 1992 5808 πόσης

369 5895 372 5898 Ι
416 5811 618 5882 ἀρετῆς
656 5810 750 5864 καὶ
776 5810 1022 5878 φιλοθέου
1052 5812 1294 5884 γνώμης,
1335 5815 1392 5868 ἐν
1424 5816 1662 5889 τοσούτῳ
1698 5822 1860 5892 μήκει
1893 5828 2084 5898 χρὸνρυ

485 5993 497 6014 ⁵
533 5994 686 6046 Savil.
723 6000 774 6045 et
805 5995 998 6060 quidam
1023 6009 1134 6045 mss.
1163 5995 1456 6060 πρόσφατονι

1553 348 1615 402 ΙΝ
1649 350 1802 405 CAP.
1847 349 1910 404 Vl
1948 348 2189 404 GENES.
2235 348 2465 404 IIOMIL.
2503 351 2692 408 XXIV.

3737 347 3878 404 3081

2173 469 2272 540 τῆς
2319 468 2613 539 ἐπιθυμίας
2659 469 2756 540 τὴν
2798 470 2994 523 λύτταν
3023 468 3340 538 χαλινῶσαι,
3395 463 3490 518 καὶ
3521 465 3845 528 ἀπεναντίας

2175 559 2286 620 τοῖς
2308 556 2485 619 ἄλλοις
2514 555 2716 610 ἀπασιν
2749 557 2941 622 ἐλθεῖν,
2977 557 3070 609 καὶ
3103 554 3176 624 μὴ
3203 553 3363 624 μόνον
3386 552 3488 621 τῆς
3525 551 3842 622 παρανόμου

2179 643 2377 713 μίξεως
2406 643 2760 714 ἀποσχέσθαι,
2789 644 2922 697 ἀλλά
2948 643 3041 696 καὶ
3063 643 3161 712 τῆς
3188 640 3603 712 νενομισμένης,
3631 639 3725 692 καὶ
3749 638 3849 707 τῆς

2176 731 2281 798 ἐξω
2328 732 2698 802 τυγχανούσης
2744 731 3125 804 ἐγκλημάτων.
3175 729 3283 784 Καὶ
3329 728 3644 798 ἐγέννησε,
3687 726 3843 795 φησὶ,

2176 819 2303 874 Νῶε
2340 820 2494 887 τρεῖς
2543 819 2714 886 υἱοὺς
2761 820 2868 874 τὸν
2921 819 3068 890 Σὴμ,
3111 816 3218 872 τὸν
3263 817 3414 885 Χὰμ,
3451 814 3560 869 τὸν
3625 813 3845 882 Ἰάφεθ.

2188 906 2446 978 Ἐξρθιὶρη
2477 907 2545 960 δὲ
2566 909 2604 976 ἡ
2632 906 2707 977 τνῆ
2730 907 3010 961 ἐναντίον
3034 905 3142 960 τοῦ
3171 904 3340 970 Θεοῦ,
3371 903 3470 958 καὶ
3499 900 3778 967 ἐπλήσθη
3806 899 3869 968 ἡ.

2175 996 2252 1066 γῆ
2275 996 2530 1062 ἀδικίας.
2574 995 2728 1066 Ἐμοὶ
2759 995 2906 1048 δοκεῖ
2924 997 2990 1066 τῇ
3025 994 3116 1048 τοῦ
3146 993 3282 1046 Θεοῦ
3317 990 3600 1061 οἰκονομίᾳ
3639 990 3870 1060 ὑπηρε-.

2174 1084 2268 1138 τού
2277 1102 2433 1154 μενον
2465 1083 2556 1137 τὸν
2582 1083 2786 1138 δίκαιον
2810 1082 3000 1138 τοῦτον
3026 1082 3121 1135 καὶ
3145 1079 3240 1134 νῦν
3265 1081 3363 1148 τῆς
3395 1077 3592 1149 μίξεως
3619 1075 3850 1146 ἀνασχέ-

2179 1174 2320 1234 σθαι,
2348 1173 2440 1225 καὶ
2467 1172 2595 1234 τοὺς
2624 1171 2818 1236 παῖδας
2849 1169 3072 1234 τούτους
3097 1169 3260 1238 ἔχειν.
3303 1165 3520 1234 Ἐπειδὴ
3543 1163 3652 1234 γὰρ
3677 1161 3767 1216 διὰ
3785 1161 3868 1215 τῖ).

2177 1262 2278 1331 τῆς
2315 1261 2512 1324 κακίας
2561 1260 2788 1332 μέγεθος
2819 1261 2913 1314 καὶ
2957 1259 3056 1332 τὴν
3103 1257 3546 1330 ὑπερϐάλλουσαν
3585 1255 3868 1325 πονηρίαν.

2179 1352 2530 1424 πανωλεθρία
2553 1351 2744 1422 ἔμελλε
2777 1351 2876 1422 τὴν
2901 1351 3228 1420 οἰκουμένην
3263 1348 3696 1417 καταλήψεσθαι.
3731 1349 3760 1400 ὁ
3791 1345 3862 1399 δὲ·

2178 1440 2556 1509 φιλάνθρωπος
2588 1440 2718 1504 Θεὸς
2743 1439 2996 1511 καθάπερ
3030 1439 3182 1510 ῥίζαν
3208 1438 3330 1492 τινά
3361 1435 3662 1506 καὶζύμην
3689 1433 3845 1487 ἐϐού-

2177 1529 2298 1582 λετο
2327 1529 2416 1582 τὸν
2448 1528 2654 1582 δίκαιον
2692 1529 3032 1588 καταλιπεῖν,
3064 1529 3150 1581 ἵνα
3191 1527 3416 1597 ἀπαρχὴ
3445 1525 3668 1594 γένηται
3711 1519 3848 1592 μετὰ

2176 1617 2270 1670 τδν
2301 1617 2528 1670 ἐκείνων
2555 1616 2864 1686 ἀφανισμὸν
2889 1616 3000 1670 τῶν
3031 1615 3166 1686 μετὰ
3195 1613 3368 1668 ταῦτα
3399 1610 3700 1682 μελλόντων
3728 1607 3849 1660 ἐσε-

2179 1705 2338 1758 σθαι·
2373 1702 2575 1772 ταύτης
2605 1703 2790 1758 ἕνεκεν
2819 1704 2917 1772 τῆς
2963 1703 3171 1766 αἰτίας.
3208 1701 3347 1771 μετά
3387 1695 3874 1768 πεντακόσια-ἐτη,

2177 1792 2398 1855 τούτους
2428 1794 2552 1855 τοὺς
2573 1794 2722 1862 τρεῖς
2755 1792 2950 1854 παῖδας
2979 1790 3250 1861 ἐσχηκὼς,
3279 1789 3442 1859 μέχρι
3465 1785 3850 1842 τούτων-ἵστα-

2178 1895 2288 1938 ται,
2319 1877 2530 1938 δεικνὺς
2551 1875 2617 1928 δι’
2643 1875 2820 1929 αὑτῶν
2849 1876 2957 1930 τῶν
2993 1876 3352 1946 πραγμάτων,
3377 1874 3458 1926 ὃτι
3482 1867 3867 1942 τῇμελλούσῃς

2179 1959 2328 2031 παρὰ
2355 1958 2446 2012 τοῦ
2474 1957 2607 2010 Θεοῦ
2635 1957 3012 2028 φιλανθρωπίᾳ
3033 1959 3112 2022 εἰς
3139 1957 3200 2010 τὸ
3226 1956 3332 2010 τῶν
3364 1951 3670 2025 ἀνθρώπων.
3695 1950 3852 2020 γένος

2178 2044 2394 2096 ἔσεσθαι
2420 2040 2862 2112 ὑπηρετούμενος
2888 2039 3045 2094 τοῦτο
3071 2041 3357 2111 πεποίηκεν.
3387 2039 3497 2092 Καὶ
3528 2037 3616 2090 ἵνα
3647 2033 3846 2112 μάθῃς,

2177 2124 2259 2176 ὅτι
2288 2123 2386 2192 οὐχ
2411 2111 2598 2184 ἁπλῶς
2633 2111 2936 2190 στοχασμός
2963 2122 3077 2172 ἐστι
3107 2120 3260 2172 ταυτὶ
3287 2117 3358 2172 τὰ
3385 2119 3625 2188 ῥήματα,
3659 2111 3852 2166 σκόπει

2179 2205 2277 2270 τῆς
2305 2203 2528 2273 Γραφῆς
2555 2203 2654 2274 τὴν
2679 2201 2984 2269 ἀκρίϐειαν.
3024 2201 3243 2269 Ἐπειδὴ
3271 2199 3378 2269 γὰρ
3406 2193 3548 2262 εἷπε,
3580 2197 3661 2249 ὅτι
3694 2193 3853 2262 ἔσχεν

2179 2284 2208 2336 ὁ
2237 2272 2441 2345 δίκαιος
2469 2283 2594 2344 τοὺς
2613 2272 2772 2350 »τρεῖς
2802 2283 2971 2342 υἱοὺς.
3001 2281 3203 2344 εὐθέως
3241 2280 3548 2349 ἐπήγαγεν·
3597 2272 3870 2341 Ἐφθάρη-

2180 2362 2247 2414 δὲ
2271 2363 2308 2430 η
2340 2361 2416 2432 γῆ
2446 2361 2725 2416 ἐναντίον
2754 2361 2860 2414 τοῦ
2891 2363 3038 2416 Θεοῦ
3057 2403 3069 2418 .
3105 2362 3200 2415 καὶ.
3235 2358 3514 2426 ἐπλήσθη
3545 2358 3582 2422 ἡ
3615 2354 3692 2424 γῆ
3722 2353 3850 2408 ἀδιη

2180 2445 2334 2506 πίας.
2371 2439 2520 2504 Εἶδες
2547 2443 2639 2495 ἐπὶ
2671 2444 2771 2510 τῆς
2801 2443 2972 2510 αὐτῆς
3007 2443 3220 2510 φύσεως
3264 2439 3466 2508 πολλὴν
3507 2439 3603 2493 καὶ
3645 2438 3852 2502 ἄφατον

2179 2525 2277 2593 τὴν
2297 2523 2557 2592 διαφοράν
2579 2541 2593 2588 ;
2631 2522 2755 2574 Ἐπί
2783 2523 2881 2593 μὲν
2903 2523 2973 2590 γά
2983 2541 3013 2592 ρ
3031 2522 3120 2574 τοῦ
3143 2522 3352 2574 δικαίου
3379 2520 3562 2582 ἔλεγεν
3584 2518 3617 2587 ἡ
3639 2513 3850 2585 Γραφὴ,

2181 2605 2309 2658 Νῶε
2340 2603 2647 2668 ἅνθρωπος
2679 2602 2929 2666 δίκαιος,
2967 2602 3190 2666 τέλειος
3219 2601 3287 2654 ἐν
3316 2599 3389 2665 τῇ
3417 2593 3592 2665 γενεᾷ
3629 2593 3816 2647 αὐτοῦ
3835 2609 3850 2622 °

2181 2685 2274 2737 ἐπὶ
2303 2682 2358 2734 δὲ
2389 2682 2494 2734 τῶν
2523 2680 2726 2734 λοιπῶν
2757 2681 3011 2735 ἁπάντων
3046 2681 3209 2749 φησὶν
3227 2721 3239 2740 ,
3297 2677 3548 2746 Ἐφθιίρη
3596 2674 3663 2726 δὲ
3695 2675 3734 2740 ή
3777 2669 3854 2737 γῆ

2179 2761 2458 2814 ἐναντίον
2481 2762 2586 2814 τοῦ
2625 2760 2794 2820 Θεοῦ,
2830 2760 2928 2814 καί
2963 2760 3244 2826 ἐπλήσθη
3281 2758 3319 2825 ή
3357 2755 3432 2826 γῆ
3475 2755 3729 2817 ἀδικίας.
3765 2749 3856 2820 Τῷ

2181 2841 2401 2912 ὀνόματι
2442 2840 2542 2907 τῆς
2587 2840 2694 2908 γῆς
2737 2839 2797 2892 τὸ
2844 2839 2952 2892 τῶν
3007 2837 3306 2909 ἀνθρώπων
3339 2835 3540 2904 πλῆθος
3577 2829 3852 2900 ὀνομάζει.

2183 2919 2410 2986 Ἐπειδὴ
2435 2919 2544 2990 γὰρ
2570 2920 2746 2972 πᾶσαι
2774 2917 2954 2970 αὐτῶν
2975 2920 3029 2970 αἱ
3061 2917 3288 2986 πράξεις
3315 2917 3498 2984 γήῖναι
3535 2912 3852 2990 ἐτύγχανον,

2183 2999 2270 3054 διὰ
2313 2987 2470 3050 τοῦτο
2514 2987 2590 3066 τῷ
2647 2997 2741 3065 τῆς
2777 2997 2882 3065 γῆς
2933 2997 3156 3065 ὀνόματι
3209 2996 3308 3063 τὴν
3354 2993 3628 3046 εὐτέλειαν
3677 2987 3857 3042 αὑτῶν

2185 3077 2460 3146 ἐμφαίνει,
2492 3075 2710 3144 καὶτῆς
2739 3075 2938 3140 κακίας
2965 3075 3062 3145 τὴν
3091 3073 3420 3144 ὑπερϐολήν.
3451 3071 3717 3136 Καθάπερ
3745 3067 3856 3139 γὰρ

2184 3157 2277 3210 ἐπὶ
2303 3155 2398 3209 τοῦ
2441 3153 2902 3226 πρωτοπλάστου,
2953 3153 3089 3222 μετά
3131 3153 3230 3222 τὴν
3262 3150 3574 3221 παράϐασιν
3620 3147 3714 3202 καὶ
3757 3147 3857 3214 τὴν

2185 3234 2472 3302 ἀφαίρεσιν
2490 3225 2606 3301 τῆς
2627 3231 2785 3302 δόξης
2807 3233 2908 3299 τῆς
2924 3231 3190 3302 πρότερον
3219 3227 3676 3300 περιστελλούσης
3705 3225 3855 3297 ςειςη

2185 3313 2366 3372 αὑτὸν,
2388 3311 2465 3382 τῷ
2489 3311 2747 3381 ἐπιτιμίῳ
2771 3311 2863 3364 τοῦ
2900 3311 3128 3364 θανάτου
3155 3309 3316 3362 αὑτὸν
3345 3307 3644 3375 ὑπαγαγὼν
3677 3305 3855 3372 ἔλεγε,

2185 3391 2276 3461 Γῆ
2303 3387 2383 3452 εἷ,
2417 3390 2514 3446 καὶ
2549 3392 2636 3456 εἰς
2670 3390 2788 3460 γῆν
2820 3390 3133 3456 ἀπελεύση
3155 3405 3170 3418 ·
3213 3387 3354 3440 οὑτω
3383 3388 3444 3456 δὴ
3478 3388 3572 3438 καὶ
3600 3383 3855 3448 ἐνταῦθα,

2187 3469 2369 3541 ἐπειδὴ
2395 3466 2463 3538 ἦν
2489 3469 2656 3539 πολλὴ
2675 3467 2786 3522 τῶν
2807 3468 2992 3522 κακῶν
3023 3470 3054 3538 ὴ
3083 3467 3352 3529 ἐπίτασις.
3380 3468 3566 3535 φησιν,
3605 3461 3856 3530 Ἐφθάρη

2185 3550 2254 3603 δὲ
2285 3551 2324 3618 ή
2487 3548 2596 3600 Καὶ
2625 3548 2722 3616 οὐχ
2745 3547 2930 3610 ἁπλῶς
2957 3543 3130 3608 εἶπεν,
3165 3545 3424 3613 Ἐςρθάρη
3454 3543 3521 3596 δὲ
3549 3545 3586 3610 νή
3615 3541 3714 3609 τῆ,
3740 3541 3856 3594 ἀλλ’

2198 3629 2510 3682 Ἐναντὶον
2538 3625 2644 3680 τοῦ
2681 3625 2848 3688 Θεοῦ,
2881 3625 2980 3678 καὶ
3005 3622 3286 3690 ἐπλήσθη
3313 3624 3350 3690 ἡ
3377 3621 3456 3691 γῆ
3485 3622 3738 3686 ἀδικίας.
3766 3619 3858 3689 Τῷ

2185 3710 2382 3764 εἰπεῖν.
2433 3705 2690 3774 Ἐςρθιίρη
2714 3745 2728 3766 ,
2766 3707 2946 3758 πᾶσαν
2985 3703 3082 3773 τὴν
3121 3703 3319 3756 κακίαν
3357 3701 3534 3754 αὑτῶν
3577 3702 3854 3770 ἐνέφηνεν.

2186 3787 2320 3840 Οὐδὲ
2361 3783 2470 3855 γὰρ
2512 3783 2659 3836 ἐστιν
2704 3785 2911 3844 εἰπεῖν,
2944 3783 3025 3834 ὅτι
3074 3781 3155 3834 ἐνὶ
3201 3781 3292 3832 καὶ
3334 3779 3426 3832 δύο
3469 3781 3858 3850 ἁμαρτήμασιν

2187 3865 2522 3925 ὑπευθύνους
2553 3863 2776 3925 ἑαυτοὺς
2801 3861 3170 3930 κατέστησαν,
3201 3859 3336 3912 ἀλλά
3366 3859 3544 3921 πάσας
3569 3858 3666 3920 τὰς
3689 3875 3860 3928 παρα-

2186 3943 2378 4014 νομίας
2405 3941 2542 4013 μετὰ
2571 3939 2773 4008 πολλῆς
2795 3940 2893 4010 τῆς
2919 3939 3198 4006 δαψιλείας
3222 3937 3608 4007 διεπράττοντο
3625 3951 3638 3966 °
3665 3935 3743 3988 διὸ
3765 3937 3870 3988 καὶ·

2186 4025 2454 4094 ἐπήγαγε,
2481 4019 2588 4074 Καὶ
2611 4019 2890 4087 ἐπλήσθη
2916 4019 2955 4085 ’ἡ
2977 4017 3052 4086 γῆ
3075 4017 3328 4082 ἀδικίας.
3359 4017 3471 4085 Οὑχ
3491 4015 3699 4078 ἁπλῶς.
3723 4014 3860 4066 οὑδέ

2185 4108 2261 4170 ὡς
2290 4108 2446 4176 ἐτυχε
2475 4105 2574 4176 τὴν
2627 4103 2826 4157 κακίαν
2865 4101 3208 4172 ἐπετήδευον.
3253 4099 3367 4153 ἀλλ’
3401 4099 3640 4168 ἑκάστην
3679 4098 3859 4176 ἀμαρτ

2184 4186 2305 4239 τίαν
2341 4175 2476 4255 μετὰ
2505 4175 2705 4252 πολλῆς
2733 4183 2832 4251 τῆς
2861 4180 3161 4242 ἐπιτάσεως
3190 4179 3581 4232 ἐπεδείκνυντο.
3613 4177 3723 4230 Καὶ
3755 4175 3858 4244 δρα

2186 4266 2304 4330 πῶς
2325 4266 2510 4320 λοιπὸν
2534 4265 2654 4318 οὑδὲ
2680 4265 2899 4334 μνήμης
2923 4263 3122 4326 αὐτοὺς
3143 4261 3302 4331 ψιλῆς
3324 4260 3555 4326 ἀξιῶσαι
3579 4259 3854 4336 ἀνέχεται,

2187 4346 2320 4400 ἀλλὰ
2351 4345 2429 4414 τῷ
2474 4345 2574 4416 τῆς
2611 4343 2716 4412 γῆς
2744 4342 2966 4412 ὀνόματι
3010 4341 3207 4404 αὐτοὺς
3239 4341 3428 4400 καλεῖ,
3467 4338 3724 4393 δεικνῦσα
3761 4336 3858 4388 καὶ

2185 4426 2284 4494 τῆς
2308 4423 2505 4486 κακίας
2525 4421 2622 4491 τὴν
2653 4420 2980 4492 ὑπερϐολὴν,
3004 4422 3097 4474 καὶ
3128 4421 3228 4489 τῆς
3257 4419 3348 4473 τοῦ
3379 4417 3513 4473 Θεοῦ
3545 4417 3858 4486 ἀγανακτή-

2189 4520 2324 4566 σεως
2353 4501 2412 4554 τὸ
2453 4500 2697 4571 μέγεθος.
2753 4499 3012 4569 Ἐερθὰρη
3050 4499 3119 4553 δὲ
3155 4501 3192 4568 ’ἦ
3229 4498 3328 4569 γῆ,
3356 4499 3520 4568 φησὶν
3542 4535 3556 4558 ,
3583 4495 3875 4550 ἐναντίον

2187 4581 2294 4636 τοῦ
2331 4581 2500 4644 Θεοῦ,
2533 4579 2677 4632 τοῦτ’
2710 4579 2878 4644 ἐστιν,
2918 4579 3244 4644 ἀπεναντίας
3269 4580 3380 4643 τοῖς
3406 4577 3501 4630 τοῦ
3525 4575 3658 4630 Θεοῦ
3690 4591 3858 4646 προσ-

2187 4661 2466 4730 τάγμασιν
2529 4659 2746 4712 ὅιπαντα
2814 4659 3198 4730 διεπράττοντο
3218 4697 3233 4721 ,
3281 4655 3716 4715 καταπατοῦντες
3763 4651 3857 4707 τοῦ

2188 4740 2320 4793 Θεοῦ
2346 4739 2443 4802 τὰς
2469 4738 2708 4802 ἐντολάς.
2739 4738 2834 4792 καὶ
2873 4737 2965 4792 τὸν
3003 4739 3061 4791 ἐν
3093 4741 3159 4808 τῇ
3195 4736 3356 4806 φύσει
3391 4735 3638 4804 κείμενον
3671 4734 3740 4802 τῇ
3766 4733 3860 4784 ἀν-

2188 4819 2434 4891 θρωπίνῃ
2465 4815 2784 4870 διδάσκαλον
2809 4817 2898 4872 διὰ
2919 4817 3020 4886 τῆς
3040 4816 3248 4878 οἰκείας
3279 4813 3553 4886 ῥᾳθυμίας
3588 4811 3860 4891 προδεδω-

2189 4886 2363 4960 κδτες.
2407 4886 2533 4950 ’Καὶ
2586 4895 2886 4965 ἐπλήσθη,
2942 4895 3134 4967 φησὶν,
3193 4895 3230 4960 ’ή
3267 4891 3342 4962 γῆ
3374 4891 3630 4958 ἀδικίας.
3685 4886 3856 4954 Εἶδες,

2188 4979 2459 5048 ἀγαπητὲ,
2497 4977 2620 5030 ὅσον
2642 4977 2811 5030 κακὸν
2841 4977 3104 5046 ἁμαρτία,
3126 4975 3242 5038 πῶς
3259 4975 3352 5026 καὶ
3369 4974 3540 5043 αὑτῆς
3567 4973 3665 5041 τῆς
3694 4987 3862 5040 προσ-

2189 5057 2434 5129 ηγορίας,
2489 5057 2582 5110 καὶ
2620 5055 2716 5108 τοῦ
2755 5053 3076 5126 ἀνθρώπους
3115 5052 3474 5123 ὀνομάζεσθαι
3511 5051 3702 5104 λοιπὸν
3735 5051 3860 5102 ἀνα-

2191 5127 2335 5202 ξίους
2377 5133 2778 5205 ἀπεργάζεται;
2825 5134 3022 5186 Ἀκουε
3067 5131 3224 5185 πάλιν
3269 5132 3362 5184 καὶ
3405 5131 3511 5183 τῶν
3560 5129 3706 5198 ἑξῆς
3745 5127 3860 5184 Καὶ

2191 5211 2310 5266 εἶδε
2340 5213 2553 5279 Κύριος
2585 5216 2618 5265 ὁ
2655 5211 2798 5276 Θεὸς
2827 5211 2940 5278 τὴν
2964 5210 3101 5279 γῆν,
3131 5209 3228 5262 καὶ
3267 5206 3346 5278 ἦν
3386 5206 3856 5277 κατεφθαρμένῃ.

2193 5297 2337 5366 Ὅρα
2360 5293 2520 5346 πάλιν
2541 5293 2644 5361 γῆν
2668 5291 2866 5354 αὐτοὺς
2890 5289 3344 5360 ὀνομαζομένους.
3377 5287 3532 5346 Εἶτα.
3560 5287 3744 5356 ἐπειδὴ
3763 5286 3859 5338 καὶ

2190 5371 2338 5435 ἅπαξ
2361 5371 2454 5424 καὶ
2481 5370 2730 5440 δεύτερον
2759 5371 2851 5423 καῖ¹
2878 5371 3060 5438 τρίτον
3087 5369 3191 5438 γῆν
3222 5369 3417 5430 αὐτοὺς
3442 5367 3742 5438 ὠνόμασεν,
3775 5367 3860 5417 ἵνα

2194 5453 2268 5521 μή
2301 5467 2384 5511 τις
2412 5449 2660 5522 ὑπολάϐῃ
2708 5449 2835 5521 περὶ
2876 5449 2977 5518 τῆς
3015 5449 3117 5518 γῆς
3150 5449 3249 5516 τῆς
3281 5447 3542 5517 αἰσθητῆς
3579 5445 3747 5497 ταῦτα
3781 5446 3860 5495 εἰ-

2194 5529 2408 5602 ρῆσθαι,
2444 5529 2628 5598 φησὶν,
2665 5528 2794 5582 Ὅτι
2827 5527 3172 5596 κατέφθειρε
3197 5527 3364 5582 πᾶσα
3395 5526 3552 5593 σὰρξ
3577 5528 3690 5590 τὴν
3716 5524 3860 5578 ὁδὸν

2188 5607 2376 5660 αὐτοῦ
2396 5606 2492 5658 ἐπὶ
2512 5605 2621 5674 τῆς
2645 5606 2776 5674 γῆς.
2803 5606 2936 5659 Οὑδέ
2958 5605 3053 5658 νῦν
3076 5605 3393 5675 ἀνθρώπους
3416 5604 3610 5665 αὑτοὺς
3637 5602 3859 5656 καλέσαι

2189 5683 2526 5753 κατηξίωσεν
2549 5724 2562 5742 ,
2596 5683 2732 5736 ἀλλὰ
2761 5683 2837 5752 τῷ
2868 5685 2964 5752 τῆς
2999 5683 3201 5753 σαρκὸς
3234 5683 3458 5751 ὀνόματι
3496 5681 3653 5751 μόνον
3687 5681 3855 5733 ἐνδεί-

2192 5763 2386 5831 ξασθαι
2425 5763 2558 5832 ήμῖν
2600 5760 2864 5830 βούλεται,
2901 5761 2982 5814 ὅτι
3028 5761 3088 5813 οὑ
3118 5762 3246 5831 περὶ
3277 5761 3376 5828 τῆς
3410 5759 3513 5827 γῆς
3555 5759 3726 5810 ταῦτά
3756 5777 3859 5827 φη-

2195 5862 2298 5904 σιν,
2326 5840 2461 5896 ἀλλά
2483 5841 2612 5909 περὶ
2637 5838 2744 5892 τῶν
2768 5839 3072 5910 ἀνθρώπων
3095 5841 3202 5894 τῶν
3233 5840 3412 5910 σάρκα
3441 5839 3856 5908 περικειμένων,

2197 5924 2286 5975 καὶ
2327 5921 2447 5982 ταῖς
2485 5918 2698 5988 γηῖναις
2748 5919 3014 5987 πράξεσιν
3063 5920 3288 5980 ἑαυτοὺς
3344 5917 3856 5972 καταναλωσάντων.

2202 6000 2358 6062 ’Ἑθος
2395 5999 2499 6070 γὰρ
2543 5999 2610 6069 τῇ
2647 5991 2868 6069 Γραφῇ,
2914 5997 3164 6070 καθάπερ
3198 5996 3451 6066 πολλάκις
3503 5995 3725 6065 εἴπομεν
3765 5997 3858 6052 ἐπὶ
