4062 6396
276 341 382 396 209

279 459 375 528 τῆς
403 457 674 530 ὑμετέρας
695 460 934 529 ἀγάπης,
962 458 1086 524 τοὺς
1111 465 1370 532 σαρκικὸν
1397 463 1653 535 φρόνημα
1678 460 1946 526 ἐπιδειξα-

1095 346 1150 399 S.
1190 344 1473 401 JOANNIS
1503 336 1995 400 CllRYSOSTOMl
2034 337 2353 394 ARCHIEP.
2403 339 2950 396 CONSTANTINOP.

3611 344 3719 401 210

2052 456 2197 519 εἰκὸς
2232 456 2377 527 ἔχειν
2413 458 2592 529 ψυχὴν
2636 458 2728 511 τὸν
2764 458 2970 512 δίκαιον
3006 456 3192 512 τοῦτον
3232 457 3402 511 ταῦτα
3450 461 3716 515 ἀκούοντα

281 544 495 616 μένους,
520 549 615 601 καὶ
643 549 809 619 μηδὲν
838 547 1040 620 ὑψηλὸν
1067 541 1506 619 φανταζομένους
1526 552 1602 621 τῷ
1624 552 1722 621 τῆς
1747 549 1950 620 σαρκὸς
2050 544 2200 614 παρά
2228 545 2323 598 τοῦ
2350 548 2637 600 Δεσπότου.
2667 548 2730 600 Εἰ
2765 547 2873 617 γὰρ
2916 548 3010 601 καὶ
3063 547 3261 619 πολλὴν
3293 548 3492 620 ἀρετὴν
3538 550 3718 620 ἐαυτῷ

276 632 502 703 ὀνόματι
531 636 978 708 προσαγορεύειν,
1003 636 1254 708 καθάπερ
1275 639 1369 690 καὶ
1390 641 1417 692 ό
1440 639 1709 710 μακάριος
1736 636 1947 701 Παῦλός

277 735 462 789 φησιν’
491 723 556 774 Οἱ
584 721 652 774 δὲ
671 723 740 775 ἐν
762 723 942 790 σαρκί
968 723 1137 790 ὄντες
1163 724 1283 790 Θεῷ
1308 724 1519 793 ἀρέσαι
1543 727 1614 779 οὐ
1636 725 1944 779 δύνανται.

277 807 342 860 Τί
373 803 499 875 οῦν;
536 809 698 872 αὑτὸς
737 812 764 863 ὁ
795 811 966 865 ταῦτα
1012 811 1184 880 λέγων
1214 814 1335 883 οὐχὶ
1376 813 1553 885 σάρκα
1599 813 1943 884 περιέκειτο;

289 894 427 948 Ἀλλ’
452 896 513 949 οὑ
544 895 701 950 τοῦτό
729 915 914 967 φησιν,
944 899 1026 951 ὅτι
1051 900 1098 952 of
1133 899 1310 970 σάρκα
1341 901 1734 971 περικείμενοι,
1763 900 1824 952 οὑ
1855 898 1944 951 δύ-

274 998 458 1036 νανται
505 983 699 1052 ἀρέσαι
735 979 879 1038 οὗτοι
925 985 1004 1056 τῷ
1047 985 1188 1056 Θεῷ,
1236 987 1351 1039 ἀλλ’
1382 988 1463 1041 ὅτι
1511 989 1561 1041 οἱ
1610 988 1810 1058 μηδένα
1845 987 1944 1057 τῆς

273 1070 474 1141 ἀρετῆς
501 1070 658 1140 λόγον
690 1071 1020 1143 ποιούμενοι,
1059 1073 1195 1126 ἀλλά
1222 1074 1402 1128 πάντα
1433 1074 1500 1127 τά
1545 1074 1781 1146 σαρκικὰ
1810 1091 1943 1144 φρο-

275 1156 512 1220 νοῦντες,
551 1159 646 1210 καὶ
693 1159 823 1229 περὶ
853 1161 952 1222 τὰς
995 1159 1198 1231 ταύτης
1255 1161 1449 1231 ἡδονὰς
1499 1159 1939 1230 κατασπώμενοι,

276 1243 372 1296 καὶ
432 1245 700 1316 μηδεμίαν
747 1247 848 1317 τῆς
884 1248 1063 1317 ψυχῆς
1106 1247 1208 1317 τῆς
1262 1248 1557 1318 ἀσωμάτου
1610 1247 1704 1300 καὶ
1752 1250 1943 1318 νοερᾶς

275 1331 531 1400 φροντίδα
565 1333 896 1404 ποιούμενοι.
939 1333 1092 1387 Ἐπεὶ
1126 1330 1219 1388 οὖν
1247 1333 1338 1388 διὰ
1368 1334 1476 1386 τῶν
1504 1334 1808 1406 εἰρημένων
1838 1334 1944 1387 ἐδί-

273 1417 430 1483 δαξεν
455 1420 602 1490 ἡμᾶς
631 1421 661 1490 ἡ
693 1420 814 1475 θεία
840 1421 1032 1492 Γραφὴ
1057 1421 1167 1474 τῶν
1195 1421 1606 1493 ἁμαρτημάτων
1631 1421 1692 1474 τὸ
1717 1421 1938 1491 πλῆθος,

271 1504 372 1574 τῆς
406 1505 604 1570 κακίας
627 1507 726 1578 τὴν
750 1508 1075 1580 ὑπερϐολὴν,
1104 1510 1204 1579 τῆς
1232 1510 1656 1580 ἀγανακτήσεως
1687 1507 1781 1562 τοῦ
1807 1507 1940 1561 Θεοῦ

272 1591 332 1644 τὸ
363 1591 610 1662 μέγεθος,
629 1595 722 1647 καὶ
745 1596 827 1648 ὅτι
849 1595 937 1648 διὰ
959 1596 1058 1667 τὴν
1081 1596 1186 1649 τῶν
1209 1597 1535 1668 παρανόμων
1553 1596 1729 1667 ἔργων
1753 1598 1942 1666 ἐπιτή-

271 1679 451 1734 δευσιν
484 1683 577 1735 καὶ
613 1681 757 1749 ἅπαξ
803 1683 896 1736 καί¹
949 1683 1198 1755 δεύτερον
1255 1686 1348 1737 καὶ
1390 1683 1571 1754 τρίτον
1602 1684 1706 1754 γῆν
1744 1684 1942 1747 αὑτοὺς

270 1766 554 1839 ὠνόμασε,
596 1771 688 1824 καὶ
721 1770 797 1841 τῷ
829 1772 927 1840 τῆς
961 1771 1162 1842 σαρκὸς
1191 1772 1415 1843 ὀνόματι
1462 1771 1901 1843 προσηγόρευσεν
1920 1811 1936 1835 ,

271 1855 693 1926 ἀποστερήσασα
713 1858 806 1910 τοῦ
833 1859 931 1928 τῆς
955 1859 1138 1929 κοινῆς
1166 1859 1380 1927 φύσεως
1408 1858 1690 1928 ὀνόματος,
1719 1858 1807 1912 διά
1828 1858 1938 1912 τῶν

271 1940 626 2013 ἐπαγομένων
672 1944 773 2015 τὴν
815 1946 1018 2015 ἄφατον
1061 1947 1192 2017 ἡμῖν
1231 1946 1325 2000 τοῦ
1360 1945 1495 1999 Θεοῦ
1530 1945 1939 2016 φιλανθρωπίαν

271 2030 628 2098 ἐνδείκνυται,
654 2033 748 2085 καὶ
776 2034 876 2104 τῆς
905 2033 1361 2101 συγκαταϐάσεως
1386 2034 1485 2104 τὴν
1515 2032 1841 2104 ὑπερϐολήν.
1874 2033 1939 2086 Τί

271 2117 382 2188 γάρ
413 2135 582 2188 φησι;
613 2119 722 2174 Καὶ
753 2115 923 2173 εἶπεν
956 2123 988 2174 ὀ
1019 2120 1162 2187 Θεὸς
1192 2121 1341 2190 πρὸς
1368 2120 1518 2176 Νῶε.

341 2213 410 2274 γ’.
441 2203 594 2279 [220]
622 2208 763 2279 Ὅρα
799 2206 1135 2281 ἀγαθότητος
1160 2207 1482 2280 ὑπερϐολήν.
1529 2208 1796 2281 Καθάπερ
1832 2207 1938 2278 γὰρ

273 2292 425 2361 φίλος
455 2293 623 2364 φίλῳ,
654 2294 795 2348 οὑτω
823 2295 1008 2348 λοιπὸν
1039 2295 1310 2350 κοινοῦται
1344 2295 1422 2368 τῷ
1452 2296 1644 2367 δικαίῳ
1680 2297 1808 2367 περὶ
1839 2296 1940 2367 τῆς

271 2381 639 2453 τιμωρίας,ἢν
650 2383 876 2451 ἐπάγειν
898 2383 1078 2452 μέλλει
1100 2383 1176 2454 τῷ
1193 2383 1300 2437 τῶν
1322 2382 1621 2456 ἀνθρώπων
1643 2383 1822 2452 γένει,
1847 2383 1938 2437 καί

272 2485 406 2540 φησι
428 2487 440 2500 ·
465 2470 680 2537 Καιρὸς
707 2471 932 2538 παντὸς
962 2469 1275 2539 ἀνθρώπου
1308 2469 1438 2538 ἣκει
1464 2470 1742 2524 ἐναντίον
1767 2470 1936 2541 ἐμοῦ,

272 2557 362 2610 ὅτι
390 2557 667 2627 ἐπλήσθη
701 2561 740 2627 ἡ
767 2557 842 2629 γῆ
875 2558 1109 2626 ἀδικίας
1135 2559 1239 2612 ἀπ’
1271 2556 1488 2612 αὐτῶν.
1520 2557 1634 2612 Καὶ
1662 2556 1792 2612 ἰδοὺ
1825 2556 1940 2628 ἐγὼ

271 2649 642 2717 καταφθείρω
684 2649 907 2714 αὐτοὺς
950 2648 1049 2702 καί
1090 2649 1206 2716 τὴν
1248 2646 1385 2717 γῆν.
1433 2647 1498 2701 Τί
1537 2651 1681 2711 ἐστι,
1725 2649 1938 2716 Καιρὸς

272 2731 499 2798 παντὸς
535 2731 848 2800 ἀνθρώπου
881 2733 1012 2800 ἣκει
1042 2733 1322 2786 ἐναντίον
1354 2730 1530 2800 ἐμοῦ;
1570 2731 1799 2802 Πολλὴν,
1837 2749 1939 2802 φη-

275 2817 379 2880 σὶν,
402 2819 759 2891 ἐπεδειξάμην
787 2821 884 2891 τὴν
914 2820 1312 2892 μακροθυμίαν,
1337 2819 1537 2890 πολλὴν
1562 2818 1658 2891 τὴν
1687 2819 1939 2884 ἀνεξικαο

272 2905 418 2971 κίαν,
454 2907 512 2960 οὑ
546 2906 866 2978 βουλόμενος
903 2908 1108 2978 ταύτην
1137 2908 1362 2976 ἐπάγειν
1410 2907 1508 2977 τὴν
1543 2907 1831 2978 τιμωρίαν,
1872 2907 1938 2978 ῆν

273 2995 499 3064 ἐπάγειν
545 2995 753 3067 μέλλωο
800 2995 916 3048 ἀλλ’
957 2995 1140 3067 ἐπειδὴ
1188 2994 1354 3065 πολλὴ
1389 2994 1497 3048 τῶν
1534 2993 1938 3065 ἡμαρτημένων

273 3083 456 3146 αὑτοῖς
483 3085 515 3154 ἡ
547 3083 820 3156 ὑπερϐολὴ
847 3085 926 3146 είς
955 3083 1115 3136 αὑτὸν
1142 3083 1349 3152 ῆγαγεν
1380 3081 1576 3146 αὐτοὺς
1607 3083 1698 3135 τὸν
1727 3082 1935 3153 καιρὸν,

273 3172 368 3225 καὶ
404 3172 552 3237 τέλος
597 3173 679 3226 δεῖ
716 3173 898 3226 λοιπὸν
937 3171 1273 3241 ἐπιτεθῆναι,
1309 3171 1402 3224 καὶ
1430 3171 1731 3241 ἐκκοπῆναι
1761 3171 1940 3225 αὑτῶν
1992 3197 2004 3210 ι

271 3261 372 3332 τὴν
399 3261 617 3325 κακίαν,
641 3261 780 3314 ὥστε
814 3262 888 3332 μὴ
919 3261 1229 3332 περαιτέρω
1254 3259 1540 3330 προϐῆναι·
1567 3259 1781 3327 Καιρὸς
1808 3259 1936 3331 γὰρ,

275 3342 441 3420 φησὶῖ
475 3349 702 3414 παντὸς
734 3348 1048 3418 ἀνθρώπου
1092 3348 1223 3416 ἣκει
1265 3347 1544 3402 ἐναντίον
1584 3346 1750 3416 ἐμοῦ.
1799 3348 1940 3419 Ὅρα

273 3438 368 3490 καὶ
399 3436 664 3500 ἐνταῦθα,
709 3436 826 3500 πῶς
851 3437 1111 3509 καθάπερ
1152 3435 1409 3508 ἀνωτέρω
1449 3436 1636 3504 ἔλεγε,
1678 3433 1805 3500 Πᾶς
1848 3453 1940 3502 τις

276 3523 594 3579 διανοεῖται
614 3566 628 3591 ,
655 3525 799 3580 οὕτω
823 3525 918 3580 καὶ
944 3525 1040 3579 νῦν
1055 3564 1070 3588 ,
1094 3523 1329 3589 Παντὸς
1353 3522 1688 3592 ἀνθρώπου.
1734 3523 1940 3588 Πάντες

275 3612 385 3683 γὰρ
426 3612 796 3684 συμφωνοῦσι,
835 3613 972 3684 πρὸς
1011 3612 1112 3684 τὴν
1153 3612 1498 3683 παρανομίαν
1536 3612 1937 3684 ηὐτομόλησαν,

276 3700 430 3772 φησὶ,
461 3701 556 3754 καὶ
583 3701 681 3754 οὑκ
714 3700 860 3755 ἐστιν
888 3700 1067 3771 εὑρεῖν
1095 3700 1152 3754 ἐν
1176 3699 1416 3771 τοσούτῳ
1454 3700 1648 3772 πλήθει
1687 3703 1811 3756 τινὰ
1840 3702 1941 3772 τῆς

274 3788 475 3859 ἀρετῆς
513 3788 670 3858 λόγον
705 3787 1048 3860 ποιούμενον.
1089 3789 1304 3857 Καιρὸς
1344 3788 1473 3859 γάρ,
1516 3789 1670 3859 φησὶ,
1713 3789 1941 3855 παντὸς

274 3876 587 3942 ἀνθρώπου
630 3876 760 3945 ἣκει
795 3875 1075 3930 ἐναντίον
1106 3876 1271 3945 ἐμοῦ.
1312 3875 1549 3944 Καιρὸς,
1599 3877 1741 3929 τοῦτ’
1771 3877 1938 3937 ἐστιν.

275 3963 509 4033 ἔφθασεν
540 3965 568 4018 ό
601 3965 810 4030 καιρὸς,
847 3964 969 4020 καθ’
1001 3964 1059 4018 ὃν
1095 3965 1174 4018 δεῖ
1198 3964 1300 4036 τὴν
1327 3965 1498 4036 τομὴν
1529 3966 1816 4027 ἐπιθεῖναι,
1847 3965 1940 4017 καὶ

276 4051 375 4122 τὴν
398 4051 568 4123 νομὴν
595 4053 688 4105 τοῦ
722 4052 912 4117 ἕλκους
935 4053 1197 4122 ἐπισχεῖν.
1229 4051 1444 4120 Καιρὸς
1473 4049 1699 4116 παντὸς
1719 4051 1940 4118 ἀνθρὼ-

276 4153 395 4191 που
430 4138 565 4206 ἣκει
593 4139 871 4194 ἐναντίον
910 4139 1088 4209 ἐμοῦο
1119 4139 1318 4192 ὡσανεὶ
1359 4139 1582 4209 μηδενὸς
1616 4138 1938 4210 ἐφορῶντος,

277 4226 373 4278 καὶ
404 4227 685 4294 μέλλοντος
710 4227 936 4291 εὐθύνας
965 4229 1216 4282 ἀπαιτεῖν
1262 4226 1368 4280 τῶν
1397 4228 1578 4289 αὑτοῖς
1620 4226 1939 4297 πεπλημμε-

279 4313 553 4382 λημένων,
584 4313 724 4366 οὑτω
773 4314 909 4385 πρὸς
945 4314 1042 4379 τάς
1074 4313 1424 4384 παρανόμους
1453 4314 1679 4387 πράξεις
1717 4313 1940 4377 ἐαυτοὺς

277 4401 569 4468 ἐξέδωκαν,
601 4403 699 4456 οὑκ
729 4404 1032 4467 ἐννοοῦντες
1063 4405 1144 4457 ὅτι
1173 4403 1272 4475 ἐμὲ
1295 4403 1475 4457 λαθεῖν
1508 4404 1604 4474 οὑχ
1625 4399 1736 4457 οἷόν
1763 4421 1823 4457 τε
1851 4405 1942 4458 τὸν

278 4489 379 4560 τὴν
407 4488 664 4542 σύστασιν
688 4491 786 4561 τῆς
813 4491 956 4560 ζωῆς
987 4489 1370 4562 χαριζόμενον,
1403 4492 1497 4545 καὶ
1522 4492 1680 4562 σῶμα
1720 4492 1813 4544 καὶ
1842 4491 1942 4562 ψυ-

282 4576 384 4648 χὴν
428 4577 818 4648 χαρισάμενον,
863 4580 954 4630 καὶ
997 4578 1266 4632 τοσούτων
1305 4577 1524 4646 ἀγαθῶν
1555 4579 1652 4649 τὴν
1683 4579 1942 4649 χορηγίαν

279 4664 688 4736 παρεσχηκότα.
733 4664 945 4732 Καιρός
976 4664 1152 4718 τοίνυν
1191 4665 1416 4730 παντὸς
1455 4665 1767 4734 ἀνθρώπου
1813 4663 1943 4732 ἥκει

277 4752 556 4806 ἐναντίον
583 4752 749 4822 ἐμοῦ.
779 4749 911 4805 Εἶτα
939 4751 1125 4824 ῶσπερ
1150 4751 1582 4823 ἀπολογούμενος
1618 4751 1695 4822 τῷ
1730 4752 1942 4822 δικαίῳ,

279 4840 375 4893 καὶ
413 4840 628 4905 δεικνὺς
667 4842 748 4894 ὅτι
792 4841 824 4912 ἠ
861 4839 970 4892 τῶν
1009 4840 1409 4910 ἡμαρτημένων
1450 4841 1630 4904 αὐτοῖς
1670 4839 1941 4911 ὑπερϐολὴ

279 4929 359 4991 είς
384 4928 588 4996 ταύτην
627 4926 788 4980 αὑτὸν
826 4927 1134 4980 ἐκκαλεῖται
1167 4927 1265 4997 τὴν
1303 4928 1708 4995 ἀγανάκτησιν,
1757 4928 1940 4996 φησὶν,

279 5015 400 5070 ’Ότι
433 5015 710 5084 ἐπλήσθη
753 5016 789 5083 ἡ
817 5014 891 5082 γῆ
921 5015 1155 5080 ἀδικίας
1181 5015 1282 5069 ἀπ’
1307 5013 1524 5068 αὐτῶν.
1554 5016 1645 5084 Μὴ
1664 5015 1770 5083 γὰρ
1801 5032 1943 5084 παρ-

284 5103 469 5156 έλιπόν
498 5119 570 5169 τι,
607 5103 759 5172 φησὶ,
794 5102 900 5154 τῶν
936 5103 1014 5164 εἰς
1063 5101 1260 5155 κακίαν
1306 5101 1713 5164 συντεινόντων;
1745 5100 1942 5153 Τοσοῦ-

276 5207 368 5242 τον
411 5188 756 5252 ἐπεδείξαντο
798 5189 858 5242 τὸ
892 5190 1146 5257 μέγεθος,
1191 5189 1266 5251 ὡς
1307 5189 1400 5242 καὶ
1438 5188 1794 5259 ὑπερϐλύζειν
1836 5187 1941 5240 λοι-

277 5278 379 5330 πὸν
415 5278 515 5346 τὴν
557 5278 790 5339 κακίαν,
827 5278 920 5329 καὶ
961 5279 1141 5329 πᾶσαν
1178 5276 1275 5345 τὴν
1312 5276 1415 5344 γῆν
1455 5275 1550 5344 τῆς
1606 5275 1802 5338 κακίας
1843 5276 1941 5344 ἐμ-

282 5364 610 5434 πεπλῆσθαι.
647 5365 745 5416 Δνά
783 5381 864 5417 τοι
891 5363 1049 5416 τοῦτο
1082 5364 1175 5415 καὶ
1209 5364 1403 5424 αὑτοὺς
1434 5361 1782 5431 καταφθείρω
1803 5403 1818 5425 ,
1851 5363 1940 5412 καὶ

278 5454 374 5522 τὴν
402 5452 526 5522 γῆν,
554 5452 665 5504 Καὶ
694 5451 845 5516 ἰδοὺ,
869 5451 1053 5518 φησὶν,
1073 5448 1187 5518 ἐγὼ
1209 5449 1572 5515 καταφθειξρω
1593 5446 1814 5510 αὐτοὺς
1843 5446 1940 5498 καὶ

279 5537 395 5604 τὴν
426 5535 560 5606 γῆν.
609 5535 826 5606 Ἐπειδὴ
868 5536 1020 5589 αὐτοὶ
1051 5534 1408 5606 προλαϐόντες
1446 5533 1534 5584 διὰ
1565 5533 1673 5584 τῶν
1705 5533 1940 5602 παρανό-

280 5640 397 5693 μων
451 5622 702 5691 πράξεων
754 5623 978 5685 ἑαυτοὺς
1023 5621 1420 5690 κατέφθειραν,
1470 5619 1560 5671 διὰ
1605 5618 1763 5670 τοῦτο
1809 5635 1940 5670 παν-

280 5709 405 5779 τελῆ
461 5710 836 5782 πανωλεθρίαν
894 5711 1118 5778 ἐπάγω,
1187 5708 1280 5760 καὶ
1343 5705 1648 5776 ἀφανισμὸν
1711 5706 1938 5775 ἐργάζο-

279 5813 398 5865 μαι.
445 5799 536 5850 καὶ
580 5798 780 5861 αὐτῶν,
821 5799 912 5851 καὶ
945 5797 1043 5864 τῆς
1087 5797 1212 5866 γῆς,
1246 5797 1331 5846 ἵνα
1370 5793 1650 5863 καθαρμόν
1684 5811 1808 5845 τινα
1843 5794 1935 5845 δυ-

283 5885 418 5952 νηθῇ
464 5883 711 5948 δέξασθαι
776 5887 807 5952 ἡ
857 5885 948 5950 γῆ,
989 5885 1083 5935 καὶ
1129 5883 1579 5950 ἀποκαθήρασθαι
1632 5882 1724 5932 τοῦ
1768 5880 1938 5950 ῥύπου

283 5965 386 6018 τῶν
420 5965 684 6018 τοσούτων
714 5965 1143 6035 ἁμαρτημάτων.
1184 5964 1382 6018 Ἑννόει
1420 5981 1510 6032 μοι
1554 5962 1736 6015 λοιπὸν
1786 5964 1939 6018 ποίαν

2051 631 2284 702 συνῄδει,
2312 633 2425 686 ἀλλ’
2453 634 2601 704 ὅμως
2623 634 2723 686 οὐκ
2750 635 3066 706 ἀναλγήτως
3091 636 3300 705 ἐδέχετο
3327 637 3394 690 τά
3426 637 3711 708 λεγόμενα.

2047 719 2402 791 Φιλόστοργον
2427 721 2534 792 γὰρ
2576 722 2685 776 τῶν
2731 723 2952 777 δικαίων
2985 723 3049 776 τὸ
3093 724 3280 792 γένος,
3319 728 3413 780 καὶ
3449 727 3587 799 ὑπὲρ
3617 732 3716 797 τῆς

2047 806 2157 860 τῶν
2187 807 2362 862 ἄλλων
2393 811 2668 880 σωτηρίας
2702 811 2880 864 πάντα
2917 810 2983 865 ἂν
3005 812 3208 865 ἕλοιντο
3231 813 3466 877 εὐκόλως
3491 815 3717 885 ὑπομεῖ-

2045 912 2152 949 ναι.
2184 896 2306 959 Πῶς
2328 898 2510 951 τοίνυν
2555 898 2701 961 εἰκὸς
2737 894 2805 970 ῆν
2839 902 2902 952 ἐκ
2932 900 3041 953 τῶν
3064 901 3324 970 ῥημάτων
3356 901 3560 956 τούτων
3590 920 3717 956 συν--

2044 982 2264 1053 έχεσθαι
2297 983 2388 1037 τὸν
2427 984 2730 1056 θαυμάσιον
2753 987 2942 1040 τοῦτον
2975 988 3358 1058 ὑπογράφοντα
3393 991 3492 1060 ἤδη
3522 990 3600 1060 τῷ
3626 991 3714 1043 λο-

2043 1071 2228 1143 γισμῷ
2249 1074 2347 1142 τῆν
2372 1073 2625 1128 ἁπάντων
2648 1073 2943 1140 ἀπώλειαν,
2969 1075 3062 1128 καὶ
3085 1075 3182 1145 τὴν
3206 1077 3306 1146 τῆς
3331 1077 3555 1141 κτίσεως
3579 1080 3716 1132 άπά-

2047 1178 2146 1232 σης
2185 1161 2426 1232 φθορὰν,
2471 1165 2597 1226 ἴσως
2647 1164 2768 1216 οὑδέ
2819 1164 2949 1234 περὶ
3003 1164 3167 1218 αὑτοῦ
3201 1182 3254 1217 τι
3296 1167 3529 1236 χρηστὸν
3577 1168 3712 1219 ὑπο-

2047 1249 2344 1311 πτεύοντάς
2384 1250 2608 1304 Οὐδέπω
2639 1251 2746 1322 γάρ
2769 1246 2836 1321 ῆν
2863 1249 3008 1321 αὑτῷ
3030 1250 3187 1304 τοῦτο
3214 1253 3463 1322 φανερόν.
3491 1251 3588 1305 Ἵν’
3619 1249 3712 1306 οὖν

2049 1335 2124 1408 μὴ
2155 1336 2578 1408 διαταράττηται
2608 1338 2700 1390 τὸν
2729 1338 3007 1409 λογισμὸν,
3041 1339 3176 1392 ἀλλά
3211 1340 3416 1410 μικράν
3454 1357 3573 1392 τινα
3603 1359 3712 1392 πα-

2049 1423 2318 1493 ραμυθίαν
2343 1426 2399 1476 ἐν
2423 1425 2501 1494 τῷ
2529 1425 2754 1496 τοιούτῳ
2789 1425 3009 1495 μεγέθει
3042 1427 3140 1496 τῆς
3172 1426 3410 1496 ἀθυμίας
3444 1431 3589 1496 σχεῖν
3619 1427 3710 1479 δυ-

2043 1513 2179 1583 νηθῇ
2201 1553 2214 1575 ,
2241 1512 2425 1584 ἐπειδὴ
2451 1513 2684 1581 ἐδίδαξεν
2713 1513 2874 1566 αὑτὸν
2902 1516 2998 1584 τῆς
3015 1513 3164 1586 [221]
3191 1514 3388 1577 κακίας
3413 1514 3589 1567 αὑτῶν
3612 1516 3710 1584 τὴν

2045 1600 2350 1672 ὑπερϐολὴν
2371 1642 2386 1664 ,
2428 1603 2521 1654 καὶ
2553 1601 2634 1655 ὅτι
2667 1601 2856 1674 καιρὸς
2891 1603 3204 1670 κατεπείγει
3250 1603 3435 1656 λοιπὸν
3465 1603 3710 1656 ἀπαιτῶν

2045 1688 2267 1759 βαθεῖαν
2303 1691 2502 1754 αὐτοὺς
2540 1691 2795 1755 δέξασθαι
2826 1690 2924 1762 τὴν
2951 1691 3126 1762 τομὴν
3144 1733 3158 1758 ,
3192 1692 3325 1762 φησὶ
3353 1692 3490 1761 πρὸς
3515 1692 3672 1744 αὐτόν
3691 1709 3705 1722 ·

2055 1777 2328 1840 Ἐκείνους
2359 1778 2458 1850 μὲν
2489 1779 2664 1841 κοινὸς
2687 1778 2903 1849 ὄλεθρος
2931 1778 3224 1844 ἐκδέξεται,
3243 1779 3327 1832 Σὺ
3349 1778 3418 1832 δὲ
3448 1781 3710 1847 ποίησον

2041 1866 2276 1932 σεαυτῷ
2303 1870 2572 1921 κιϐωτόν.
2606 1867 2670 1920 Τί
2709 1869 2844 1931 ἐστι,
2877 1867 2960 1921 Σὺ
2989 1865 3090 1932 δέ;
3119 1867 3338 1938 Ἐπειδὴ
3361 1869 3458 1921 οὑκ
3489 1869 3708 1922 ἐκοινώ-

2041 1971 2210 2025 νησας
2241 1957 2425 2020 αὑτοῖς
2471 1956 2573 2026 τῆς
2618 1955 2849 2022 κακίας,
2895 1955 3030 2010 ἀλλά
3058 1956 3153 2009 καὶ
3203 1955 3339 2026 μετὰ
3387 1957 3586 2028 ἀρετῆς
3615 1958 3708 2010 τὸν

2043 2042 2157 2114 βίον
2197 2043 2316 2098 ὅλον
2363 2044 2654 2116 διήνυσας,
2689 2044 2777 2097 διὰ
2825 2043 2983 2097 τοῦτό
3014 2061 3095 2097 σοι
3128 2044 3449 2116 προστάττω
3477 2045 3706 2100 κιϐωτὸν

2041 2133 2469 2188 κατασκευάσαι.
2506 2133 2607 2187 Ἐκ
2666 2132 2869 2196 ξύλων
2916 2131 3334 2202 τετραγώνων,
3394 2133 3703 2199 ἀσήπτων.

2038 2221 2310 2287 Νοσσιὰς
2347 2221 2618 2286 ποιήσεις
2645 2219 2760 2287 τὴν
2804 2219 3050 2274 κιϐωτὸν
3074 2259 3091 2283 ,
3137 2221 3236 2275 καὶ
3285 2221 3706 2289 άσφαλτώσεις

2039 2307 2262 2373 ἔξωθεν
2315 2308 2412 2361 καί
2459 2309 2685 2362 ἔσωθεν
2711 2306 2906 2375 αὐτὴν
2931 2307 3008 2376 τῇ
3052 2307 3364 2376 ἀσφάλτῳ.
3404 2310 3598 2362 Ἔστω
3636 2309 3708 2363 δὲ

2039 2396 2395 2464 τριακοσίων
2426 2394 2639 2464 πηχῶν
2692 2394 2756 2448 τὸ
2803 2393 2998 2464 μῆκος
3021 2435 3036 2457 ,
3076 2395 3176 2448 καὶ
3213 2396 3590 2463 πεντήκοντα
3636 2397 3708 2451 τὸ

2041 2482 2269 2548 πλάτος
2290 2523 2306 2547 ,
2341 2481 2440 2536 καὶ
2463 2481 2782 2550 τριάκοντα
2807 2481 2872 2534 τὸ
2902 2483 3079 2550 ὕψος.
3099 2482 3513 2552 Ἐπισυνάγων
3534 2482 3705 2548 ποιή-

2039 2585 2171 2638 σεις
2194 2569 2312 2639 τὴν
2337 2569 2606 2634 κιϐωτὸν,
2631 2569 2729 2623 καὶ
2759 2572 2848 2635 είς
2869 2568 3077 2638 πῆχυν
3099 2570 3489 2637 συντελέσεις
3511 2570 3708 2638 αὐτὴν

2039 2664 2288 2724 ἄνωθεν,
2315 2661 2431 2729 τὴν
2457 2661 2526 2715 δέ
2549 2662 2738 2729 θύραν
2766 2660 3041 2728 ποιήσεις
3066 2662 3134 2715 ἐκ
3174 2661 3448 2731 πλαγίων
3472 2701 3489 2726 ,
3528 2662 3709 2717 κατά-

2040 2767 2178 2821 γτιια
2215 2749 2474 2819 διὼροφα
2517 2749 2615 2803 καί
2642 2749 2934 2819 τριώροφα
2962 2748 3235 2818 ποιήσεις
3263 2748 3473 2815 αὐτήν.
3506 2749 3708 2803 Σκόπει

2038 2838 2173 2892 Θεοῦ
2207 2837 2613 2906 συγκατάϐασιν
2641 2838 2735 2891 καὶ
2766 2837 2993 2907 δύναμιν
3017 2837 3243 2907 ἄφατον,
3275 2838 3368 2890 καὶ
3397 2836 3707 2908 φιλανθρω-

2040 2927 2170 2981 πίαν
2193 2927 2371 2981 πάντα
2401 2925 2559 2995 λόγον
2583 2939 2609 2967 ιι
2639 2925 3088 2996 ὑπερϐαίνουσαν.
3131 2925 3295 2996 Ὀμοῦ
3327 2925 3420 2981 καὶ
3449 2925 3547 2996 τὴν
3578 2926 3710 2995 περὶ

2039 3015 2128 3068 τὸν
2156 3014 2362 3069 δίκαιον
2396 3015 2651 3086 πρόνοιαν
2671 3013 3033 3066 ἐπιδείκνυται
3064 3013 3412 3084 προστάττων
3437 3012 3585 3083 αὑτῷ
3607 3014 3710 3082 τὴν

2041 3102 2273 3157 κιϐωτὸν
2296 3102 2724 3166 κατασκευάσαι,
2748 3101 2842 3155 καὶ
2862 3101 3253 3172 διαταξάμενος
3278 3104 3372 3154 καὶ
3395 3103 3486 3154 τὸν
3506 3101 3710 3172 τρόπον

2037 3193 2138 3262 τῆς
2167 3194 2512 3262 κατασκευῆς
2532 3233 2547 3259 ,
2578 3191 2672 3243 καὶ
2715 3190 2776 3242 τὸ
2803 3191 3002 3253 πλάτος
3027 3230 3041 3254 ,
3072 3191 3166 3244 καὶ
3192 3189 3254 3242 τὸ
3287 3189 3418 3259 ὕψος
3437 3231 3451 3255 ,
3480 3191 3575 3244 καὶ
3601 3207 3711 3242 πα-

2045 3277 2314 3350 ραμυθίαν
2340 3277 2488 3348 αὑτῷ
2513 3276 2796 3350 χαρίζεται
2833 3277 3097 3348 μεγίστην
3119 3317 3132 3338 ,
3165 3276 3386 3339 ἐλπίδας
3412 3276 3557 3346 αύτῷ
3596 3293 3709 3328 σωο

2039 3366 2234 3437 τηρίας
2263 3365 2595 3435 ὑπογράφων
2619 3364 2706 3418 διά
2727 3365 2828 3434 τῆς
2856 3365 3203 3434 κατασκευῆς
3222 3405 3236 3429 ,
3271 3365 3554 3426 κάκείνους
3580 3363 3711 3427 τοῦς

2041 3453 2277 3509 τοσαῦτα
2308 3454 2694 3525 ἡμαρτηκότας
2726 3452 3045 3524 βουλόμενος
3092 3451 3180 3504 διὰ
3224 3452 3322 3519 τῆς
3365 3453 3712 3520 κατασκευῆς

2039 3545 2141 3614 τῆς
2173 3542 2407 3596 κιϐωτοῦ
2439 3543 2518 3605 είς
2553 3540 2760 3593 ἔννοιαν
2785 3539 3036 3601 ἐλθόντας
3062 3539 3170 3591 τῶν
3193 3539 3376 3603 αὑτοῖς
3408 3537 3712 3609 εἰργασμέ-

2041 3649 2148 3684 νων
2173 3672 2187 3697 ,
2218 3630 2312 3683 καὶ
2344 3628 2630 3700 μετάνοιαν
2677 3626 3118 3697 ἐπιδειξαμένους
3159 3629 3257 3698 τῆς
3283 3625 3713 3696 ἀγανακτήσεως

2040 3719 2138 3787 τὴν
2166 3720 2362 3788 πεῖραν
2397 3715 2472 3788 μὴ
2517 3715 2722 3769 λαϐεῖν.
2760 3715 2899 3770 Οὑδὲ
2936 3715 3044 3786 γάρ
3074 3715 3252 3782 ὀλίγος
3300 3714 3490 3784 χρόνος
3545 3713 3710 3765 πάλιν

2042 3808 2222 3870 αὑτοῖς
2253 3805 2388 3878 πρὸς
2437 3804 2722 3876 μετάνοιαν
2769 3804 3084 3875 παρεσχέθη
3114 3803 3201 3857 διά
3236 3803 3334 3872 τῆς
3363 3803 3713 3872 κατασκευῆς

2042 3896 2140 3966 τῆς
2168 3893 2423 3957 κιϐωτοῦ,
2456 3893 2590 3946 ἀλλά
2619 3893 2712 3946 καὶ
2743 3892 2948 3963 σφόδρα
2975 3891 3156 3953 πολὺς,
3190 3891 3283 3943 καὶ
3314 3889 3522 3951 ἱκανὸς,
3545 3891 3594 3941 εἰ
3631 3889 3710 3958 μὴ

2044 3983 2250 4055 σφόδρα
2279 3979 2419 4054 ἦσαν
2461 3980 2774 4051 ἀγνώμονες
2802 4021 2816 4044 ,
2849 3979 3190 4048 καταπτῆξαι
3237 3978 3372 4049 πρὸς
3419 3978 3516 4047 τὴν
3559 3976 3711 4046 διόρ-

2043 4071 2207 4124 θωσιν
2265 4070 2374 4125 τῶν
2412 4069 2808 4141 ἐπταισμένων.
2861 4067 3020 4129 Εἰκὸς
3057 4066 3165 4137 γάρ
3218 4067 3446 4119 ἕκαστον
3505 4064 3708 4126 αὑτῶν,

2041 4159 2252 4229 ὁρῶντα
2289 4159 2382 4211 τὸν
2418 4159 2624 4242 δίκαιον
2650 4156 3063 4224 τεκταινόμενον
3091 4153 3466 4242 τὴν-κιϐωτὸν,
3492 4152 3591 4222 τὴν
3625 4154 3713 4242 ai:-

2042 4247 2161 4299 τίαν
2197 4245 2558 4299 πυνθάνεσθαι
2597 4237 2706 4316 *τῆς
2744 4245 3090 4313 κατασκευῆς
3114 4282 3128 4306 ,
3163 4237 3282 4295 εἶτα
3329 4239 3561 4311 μαθόντα
3612 4237 3711 4290 τοῦ

2045 4333 2180 4386 Θεοῦ
2211 4333 2310 4404 τὴν
2344 4334 2736 4403 ἀγανάκτησιν,
2768 4332 2848 4393 είς
2877 4330 3127 4399 αἴσθησιν
3157 4329 3330 4381 ἐλθεῖν
3357 4328 3464 4381 τῶν
3493 4325 3712 4378 οίκείων

2045 4421 2457 4491 ἁμαρτημάτων
2479 4461 2495 4484 ,
2529 4420 2685 4490 εἰπερ
2717 4417 3016 4470 ἐϐούλοντο.
3061 4415 3198 4468 Ἀλλ’
3232 4417 3428 4467 ἐκεῖνοι
3459 4414 3580 4466 οὑδέ
3617 4416 3710 4466 ὲνο

2043 4508 2231 4563 τεῦθεν
2288 4508 2582 4578 ἐκέρδανάν
2627 4524 2679 4560 τι
2732 4505 2918 4572 πλέον,
2953 4505 3053 4556 οὑκ
3089 4501 3274 4574 ἐπειδὴ
3302 4503 3402 4555 οὑκ
3429 4501 3710 4571 ἠδύναντο,

2044 4596 2158 4650 ἀλλ’
2186 4595 2372 4666 ἐπειδὴ
2405 4595 2505 4647 οὑκ
2533 4593 2933 4665 ἠϐουλήθησαν.

2114 4684 2172 4738 δ’.
2215 4683 2431 4754 Ἐπειδὴ
2455 4683 2630 4735 τοίνυν
2645 4682 2714 4734 τὰ
2731 4680 2972 4752 περὶτῆς
2994 4676 3336 4745 κατασκευῆς
3363 4677 3458 4744 τῆς
3477 4675 3712 4729 κιϐωτοῦ

2043 4771 2121 4843 τῷ
2153 4772 2345 4842 δικαίῳ
2373 4770 2654 4836 διετάξατο
2674 4809 2687 4832 ,
2721 4766 2994 4821 κοινοῦται
3023 4766 3172 4836 αὐτῷ
3197 4766 3291 4818 καὶ
3313 4765 3411 4834 τῆς
3443 4763 3716 4834 τιμωρίας

2044 4861 2104 4913 τὸ
2125 4855 2282 4922 εἶδος,
2321 4853 2387 4929 ῆς
2414 4857 2647 4928 ῆμελλεν
2676 4855 2924 4922 ἐπάγειν,
2957 4853 3049 4907 καί
3077 4870 3209 4922 φησι
3227 4868 3240 4881 ·
3272 4853 3345 4903 Σὺ
3388 4851 3485 4920 μὲν
3508 4850 3715 4920 ταύτην

2045 4947 2455 5003 κατασκεύασον
2504 4945 2645 4998 καθά
2673 4942 3004 5012 διεταξάμην
3028 4981 3041 5003 ,
3072 4939 3181 5008 ἐγὼ
3206 4940 3295 5003 δέ,
3327 4939 3545 4992 ἐπειδάν
3572 4937 3716 5005 πλη-

2047 5036 2227 5108 ρώσης
2281 5036 2377 5104 τὴν
2414 5031 2757 5100 κατασκευὴν
2787 5070 2800 5094 ,
2845 5031 2939 5082 καὶ
2970 5027 3037 5080 τὰ
3067 5028 3208 5080 κατά
3255 5026 3314 5078 σὲ
3359 5027 3416 5078 ἐν
3447 5025 3717 5096 ἀσφαλείᾳ

2043 5125 2393 5193 καταστήσω.
2441 5120 2579 5190 Ἐγὼ
2608 5120 2674 5172 δὲ
2712 5117 2839 5172 ἰδοὺ
2882 5117 3080 5184 ἐπάγω
3115 5116 3221 5168 τάν
3256 5113 3716 5181 κατακλυσμὸν,

2043 5212 2199 5278 ὕδωρ
2226 5211 2322 5264 ἐπὶ
2373 5209 2485 5276 τὴν
2517 5207 2636 5277 γῆν
2664 5247 2677 5271 ,
2711 5206 3092 5274 καταφθεῖραι
3125 5203 3331 5256 πᾶσαν
3378 5200 3574 5268 σάρκα
3599 5242 3612 5264 ,
3645 5202 3719 5254 ἐν

2042 5295 2081 5370 ᾗ
2110 5300 2240 5352 ἐστι
2265 5297 2498 5365 πνεῦμα
2530 5295 2678 5362 ζωῆς
2710 5293 2989 5348 ὑποκάτω
3014 5292 3119 5345 τοῦ
3156 5289 3435 5357 οὐρανοῦ,
3463 5289 3563 5341 καὶ
3596 5288 3719 5342 ὅσα

2045 5386 2118 5437 ἂν
2210 5384 2306 5436 ἐπὶ
2335 5383 2443 5449 τῆς
2483 5381 2596 5451 γῆς
2637 5380 3001 5445 τελευτήσει.
3029 5379 3172 5448 Ὅρα
3211 5379 3326 5438 πῶς
3376 5375 3465 5428 καὶ
3498 5373 3587 5426 ὃιά
3614 5374 3718 5442 τῆς

1987 5499 2008 5525 ο
2054 5472 2272 5539 ἃπειλῆς
2300 5472 2536 5523 δείκνυσι
2584 5469 2688 5520 τῶν
2717 5468 3124 5536 ἡμαρτημένων
3153 5466 3334 5526 αὑτοῖς
3371 5465 3432 5515 τὸ
3460 5463 3713 5531 μέγεθος,

2045 5561 2134 5613 καί
2174 5577 2305 5629 φησι
2327 5575 2340 5588 ο
2379 5558 2481 5610 Καὶ
2505 5559 2602 5626 τὴν
2636 5556 2802 5625 αὑτὴν
2831 5555 3101 5624 τιμωρίαν
3133 5551 3316 5616 ἐπάξω
3345 5552 3440 5604 καὶ
3483 5554 3596 5612 τοῖς
3622 5550 3715 5602 λο-

2041 5649 2217 5716 γικοῖς
2240 5688 2252 5706 ,
2284 5648 2375 5699 καὶ
2408 5648 2520 5707 τοῖς
2551 5645 2783 5710 ἀλόγοις.
2831 5641 3048 5712 Ἐπειδὴ
3092 5640 3199 5710 γὰρ
3235 5642 3332 5710 τὴν
3367 5638 3548 5691 αὑτῶν
3581 5655 3716 5708 προ-

2043 5735 2222 5804 εδρίαν
2243 5731 2629 5804 προδεδώκασι,
2655 5733 2749 5785 καὶ
2773 5733 2906 5801 πρὸς
2931 5731 3028 5799 τὴν
3055 5731 3161 5781 τῶν
3187 5729 3394 5795 ἀλόγων
3415 5727 3715 5796 μετέπεσον

2047 5823 2258 5883 κακίαν,
2290 5821 2542 5890 οὐδεμίαν
2569 5819 2830 5889 διαφορὰν
2854 5818 2963 5881 ἕξει
2995 5819 3026 5887 ἠ
3060 5815 3316 5886 τιμωρία.
3351 5813 3582 5882 Ἐπάγω
3607 5814 3715 5883 γὰρ

2109 5991 2123 6013 ³
2147 5992 2224 6041 Sic
2251 5990 2396 6040 Sux'il.
2429 5992 2478 6039 et
2509 5988 2704 6053 quidam
2724 6001 2836 6037 mss.
2875 5986 3045 6037 Morel.
3087 5991 3138 6036 et
3163 5983 3418 6034 aliim'ma
3439 5979 3568 6031 γοῦν.
