4062 6396
370 315 479 370 209

372 429 662 498 Scriptum
707 435 808 492 est,
837 430 897 480 ut
937 438 1080 494 saepe
1108 421 1313 478 caritati
1346 429 1537 477 vestrae
1560 421 1693 486 dixi,
1731 419 1964 475 carnalia

371 522 667 590 sapientes,
697 529 752 573 et
782 517 912 572 nihil
952 516 1179 573 sublime
1203 516 1518 585 cogitantes,
1546 514 1722 568 carnis
1750 512 1966 566 nomine

370 611 666 681 appellare,
699 610 840 664 sicut
880 617 935 662 et
975 608 1164 662 beatus
1187 605 1386 661 Paulus
1425 605 1640 676 inquit:
1678 604 1776 670 Qui
1799 615 1964 658 autem

369 704 422 756 in
468 719 622 756 carne
648 711 782 766 sunt,
816 701 924 754 Deo
968 700 1165 770 placere
1211 716 1310 752 non
1353 707 1562 767 possunt
1601 696 1772 764 (Rom.
1801 696 1853 750 8.
1884 694 1962 767 8).

369 794 512 861 Quid
541 794 737 865 igitur?
775 809 880 846 non
907 793 1002 846 fuit
1029 793 1080 845 in
1109 805 1269 845 carne
1291 798 1348 844 et
1375 790 1420 844 is
1444 789 1536 860 qui
1577 790 1692 843 lucc
1716 789 1966 843 dicebat?

370 886 489 942 Non
521 887 625 940 hoc
670 885 824 951 dixit,
855 883 996 954 quod
1039 883 1130 954 qui
1175 896 1338 937 carne
1377 881 1688 936 circumdati
1726 880 1830 934 sint
1857 880 1968 935 Deo

372 979 586 1050 placere
630 994 737 1032 non
766 977 992 1048 possint,
1038 975 1131 1030 sed
1160 975 1229 1030 de
1272 974 1337 1029 iis
1366 973 1601 1044 loquitur
1647 974 1738 1044 qui
1767 973 1966 1027 nullam

371 1071 584 1127 virtutis
611 1071 871 1124 rationem
904 1068 1124 1133 habent,
1157 1075 1213 1122 et
1241 1065 1372 1120 nihil
1396 1065 1496 1121 nisi
1522 1065 1733 1119 carnale
1758 1067 1970 1136 sapien-

373 1174 484 1225 tes,
517 1161 694 1216 carnis
750 1161 1048 1230 voluptates
1094 1167 1385 1224 sectantur,
1433 1157 1732 1226 nullamque
1776 1157 1967 1212 anima:

376 1255 708 1324 incorporea
737 1261 792 1307 et
836 1251 1124 1322 spiritualis
1163 1265 1347 1305 curam
1387 1259 1594 1320 gerunt.
1636 1249 1816 1320 Itaque
1845 1249 1966 1319 quia

375 1345 536 1400 dictis
578 1345 694 1400 istis
735 1344 910 1399 divina
954 1343 1226 1414 Scriptura
1267 1342 1446 1398 docuit
1485 1356 1583 1395 nos
1629 1349 1966 1409 peccatorum

377 1437 794 1504 multitudinem,
821 1435 1039 1490 malitiae
1058 1449 1361 1496 excessum,
1381 1432 1756 1501 indignationis
1774 1431 1966 1486 divina:

378 1527 824 1600 magnitudinem,
851 1538 906 1582 et
929 1526 1072 1598 quod
1097 1526 1166 1582 ob
1195 1525 1427 1580 studium
1459 1525 1717 1580 malorum
1745 1540 1965 1594 operum

376 1623 546 1678 semel
573 1631 734 1691 atque
763 1620 956 1676 iterum
998 1633 1063 1674 ae
1109 1620 1270 1674 tertio
1319 1628 1516 1673 terram
1567 1632 1660 1672 eos
1703 1619 1793 1687 qni
1842 1625 1969 1672 tunc

378 1713 632 1768 vivebant
676 1711 1062 1776 nominaverit,
1116 1709 1399 1778 carnisque
1437 1708 1656 1763 nomine
1702 1707 1968 1762 vocaverit

375 1805 635 1875 spoliatos
679 1802 980 1857 communis
1021 1812 1226 1856 naturzn
1268 1799 1565 1855 vocabulo:
1601 1815 1739 1853 nunc
1770 1814 1864 1866 per
1904 1815 1966 1854 ea

376 1912 498 1968 quae
523 1896 726 1964 subdit,
759 1894 1079 1950 inell‘abilem
1127 1895 1220 1948 Dei
1247 1892 1687 1956 misericordiam,
1714 1903 1769 1947 et
1799 1893 1970 1946 indul-

377 1988 571 2058 gentia:
598 1987 714 2056 ejus
742 1985 1159 2056 magnitudinem
1189 1983 1421 2039 ostendit
1446 1983 1618 2039 nobis.
1647 1983 1783 2050 Quid
1825 1984 1968 2038 enim

378 2081 496 2134 ait?
524 2078 594 2132 Et
621 2079 750 2132 dixit
779 2077 1021 2132 Dominus
1049 2077 1116 2130 ad
1161 2075 1292 2130 Noe.

451 2172 505 2226 5.
536 2170 672 2224 Vide
695 2185 957 2224 summam
986 2169 1299 2224 bonitatem.
1341 2166 1612 2238 Siquidem
1635 2168 1780 2236 justo
1806 2165 1929 2222 huic
1952 2209 1967 2234 ,

377 2264 517 2317 sicut
546 2261 754 2316 amicus
780 2261 974 2324 amico,
1014 2259 1372 2314 communicat
1397 2273 1515 2313 eam
1557 2273 1768 2328 ptenam
1811 2273 1967 2328 quam

381 2354 615 2407 humano
639 2351 824 2421 generi
850 2361 932 2404 cst
955 2351 1328 2417 intentaturus,
1358 2358 1413 2403 et
1439 2349 1603 2403 dicit:
1635 2350 1720 2404 15.
1752 2348 1971 2419 Tempus

380 2444 546 2498 omnis
574 2443 792 2496 hominis
819 2442 952 2496 venit
987 2458 1158 2495 coram
1195 2458 1292 2494 me.
1325 2442 1458 2508 Quia
1482 2442 1689 2510 impleta
1729 2450 1800 2495 est
1840 2449 1972 2494 terra

379 2536 634 2606 iujustitia
670 2551 734 2589 ea:
757 2535 878 2589 illis.
912 2534 980 2588 Et
1024 2551 1134 2588 ecce
1161 2551 1250 2604 ego
1275 2534 1512 2602 disperde
1540 2534 1655 2589 illos
1693 2544 1737 2588 et
1763 2544 1967 2588 terram.

380 2627 518 2694 Quid
547 2636 630 2681 est
652 2669 667 2690 ,
696 2625 916 2696 Tempus
941 2626 1105 2679 omnis
1127 2626 1342 2678 hominis
1368 2626 1498 2679 venit
1523 2642 1694 2679 coram
1718 2642 1797 2680 me
1814 2627 1839 2679 .’
1867 2625 1974 2679 Ma-

380 2737 565 2790 gnam,
600 2720 791 2789 inquit,
831 2719 1038 2774 oslendi
1091 2719 1416 2786 patientiam,
1451 2733 1694 2789 magnam
1741 2719 1971 2774 toleran-

361 2815 532 2878 tiam,
585 2812 773 2866 nolens
822 2811 960 2865 hanc
1008 2810 1206 2865 inferre
1253 2825 1485 2880 pmnam,
1531 2826 1687 2881 quam
1731 2811 1974 2866 illaturus

382 2919 504 2960 sum
537 2921 550 2956 :
581 2902 677 2957 sed
703 2901 827 2971 quia
862 2902 1144 2957 immodica
1175 2912 1513 2972 peccatorum
1557 2903 1764 2958 illorum
1795 2904 1975 2958 multi-

384 2993 516 3049 tudo
540 2994 592 3047 in
623 2993 724 3048 hoc
770 3001 978 3063 tempus
1005 3009 1100 3048 eos
1128 2992 1368 3059 adduxit,
1418 2994 1575 3047 finem
1606 2993 1672 3048 iis
1700 2995 1975 3064 imponere

382 3093 630 3155 oportet,
679 3083 1023 3154 exscindiquc
1060 3083 1274 3138 illorum
1324 3084 1602 3152 malitiam,
1641 3100 1710 3140 ne
1751 3085 1975 3142 ulterius

385 3172 1044 3248 progrediaturzTempus
1094 3175 1279 3240 enim,
1327 3174 1516 3245 inquit,
1561 3176 1722 3230 omnis
1762 3177 1976 3232 hominis

386 3270 521 3326 venit
541 3285 712 3323 coram
753 3285 830 3322 me
871 3265 1020 3338 (Gen.
1049 3266 1102 3322 6.
1149 3265 1226 3338 5).
1257 3266 1390 3322 Vide
1417 3275 1472 3322 et
1495 3265 1602 3335 hic,
1628 3267 1896 3338 quomodo
1923 3277 1978 3324 ut

385 3361 636 3430 superius
677 3359 907 3424 diccbat,
941 3356 1292 3428 Unusquisque
1339 3359 1548 3430 cogitat,
1595 3359 1668 3414 ita
1696 3369 1750 3415 et
1794 3376 1934 3415 nunc
1958 3403 1974 3427 ,

391 3452 571 3506 Omnis
591 3452 827 3506 hominis.
855 3449 1056 3505 Omnes
1077 3450 1220 3504 enim
1250 3452 1610 3516 consentiunt,
1636 3451 1703 3506 ad
1725 3452 1976 3522 iniquita-

389 3553 496 3599 tem
524 3543 944 3613 transfugerunt,
973 3541 1161 3612 inquit,
1188 3551 1242 3597 et
1266 3542 1320 3596 in
1347 3551 1486 3598 tanta
1508 3542 1843 3598 multitudine
1871 3560 1976 3598 non

387 3637 615 3692 inveniri
660 3645 835 3705 potest
874 3636 1097 3706 aliquis,
1128 3636 1214 3690 cui
1244 3636 1455 3690 virtutis
1481 3636 1551 3691 sit
1577 3651 1724 3692 cura.
1763 3635 1980 3706 Tempus

387 3734 554 3794 etum,
584 3729 774 3799 inquit,
807 3729 969 3783 omnis
1005 3729 1222 3783 hominis
1247 3730 1377 3783 venit
1417 3746 1587 3783 coram
1614 3747 1710 3784 me.
1741 3729 1977 3801 Tempus,

392 3821 494 3876 hoc
513 3831 618 3887 est,
645 3820 861 3876 advenit
887 3829 1094 3891 tempus
1116 3835 1222 3890 quo
1248 3821 1534 3876 secandum
1563 3822 1684 3888 erit,
1713 3830 1767 3876 et
1791 3822 1982 3878 ulceris

392 3915 632 3985 repentis
653 3915 735 3968 vis
757 3912 1164 3984 compescenda.
1185 3912 1402 3982 Tempus
1425 3914 1586 3967 omnis
1613 3913 1829 3968 hominis
1852 3914 1984 3968 venit

391 4023 568 4060 coram
595 4022 675 4059 me
704 4021 722 4059 :
750 4005 899 4076 quasi
929 4019 1087 4060 nemo
1116 4003 1339 4071 videret,
1368 4005 1735 4074 rationemque
1759 4004 1983 4060 delicto-

397 4112 515 4151 rum
545 4097 614 4150 ah
638 4095 770 4164 ipsis
794 4103 1082 4150 exacturus
1108 4103 1272 4161 esset,
1302 4095 1379 4149 sic
1405 4109 1523 4150 sese
1549 4094 1704 4149 malis
1737 4096 1985 4165 operibus

395 4171 806 4260 manciparunt,
852 4204 958 4244 non
1006 4189 1299 4259 cogitantes
1338 4188 1479 4259 quod
1519 4204 1604 4244 me
1645 4189 1777 4244 nihil
1819 4189 1987 4245 latere

398 4290 580 4352 queat,
626 4281 717 4351 qui
741 4281 903 4335 vitam
947 4281 1284 4351 animamque
1326 4288 1380 4335 et
1405 4293 1597 4350 corpus
1624 4279 1766 4344 dedi,
1808 4290 1990 4350 totque

397 4375 538 4430 bona
566 4373 918 4444 suppeditavi.
950 4371 1172 4444 Tempus
1215 4373 1374 4443 igitur
1407 4373 1567 4427 omnis
1608 4373 1825 4426 hominis
1859 4375 1990 4428 venit

400 4481 568 4520 coram
598 4481 696 4518 me.
732 4465 863 4520 Dein
889 4463 1037 4534 quasi
1067 4462 1453 4530 satisfacturos,
1481 4463 1847 4534 rationemque
1871 4465 1994 4520 red-

401 4558 614 4613 diturus
646 4557 814 4627 justo,
854 4555 1124 4628 quomodo
1165 4556 1328 4611 Limia
1377 4563 1712 4625 peccatorum
1739 4557 1994 4628 gravitate

402 4666 469 4706 ac
496 4649 838 4706 multitudine
881 4665 940 4705 se
969 4649 1036 4704 ad
1065 4657 1264 4704 tantam
1290 4648 1704 4718 indignationem
1734 4665 1994 4719 provoca-

405 4745 534 4810 rint,
560 4743 636 4798 ait
666 4761 680 4797 :
714 4743 846 4811 Quia
869 4742 1080 4814 impleta
1103 4752 1175 4797 est
1201 4752 1332 4796 terra
1355 4743 1601 4813 injustitia
1629 4759 1691 4796 ea:
1709 4742 1830 4797 illis.
1859 4742 1994 4799 Num

407 4835 822 4908 praetermissum
850 4843 932 4889 est
950 4833 1170 4904 aliquid,
1196 4833 1385 4904 inquit,
1407 4833 1475 4887 ab
1497 4835 1594 4896 eis,
1619 4833 1760 4902 quod
1784 4833 1850 4888 ad
1872 4849 1997 4903 pce-

406 4937 584 4983 catum
612 4926 890 4982 tenderet?
910 4927 1132 4980 Tantam
1153 4925 1368 4980 malitia:
1388 4925 1799 4996 magnitudinem
1819 4925 1998 4982 videre

412 5019 556 5085 licet,
586 5029 643 5073 ut
666 5027 722 5074 et
744 5018 1087 5088 supereffluat
1125 5027 1180 5073 et
1207 5017 1458 5084 exundet,
1491 5027 1760 5088 totamque
1803 5028 1998 5072 terram

413 5111 632 5181 impleat
655 5127 668 5162 :
694 5117 972 5179 propterea
993 5119 1047 5163 et
1069 5108 1187 5163 illos
1210 5107 1480 5177 disperdo,
1507 5116 1562 5162 et
1587 5116 1780 5162 terram
1807 5108 1996 5177 ipsam.

417 5204 568 5270 Ecce,
597 5204 788 5272 inquit,
819 5218 909 5272 ego
933 5201 1170 5270 disperdo
1199 5201 1316 5254 illos
1339 5209 1384 5254 et
1411 5209 1615 5254 terram.
1646 5199 1759 5268 Qua
1797 5200 2002 5269 priores

415 5296 516 5366 ipsi
545 5294 701 5350 malis
729 5292 840 5348 suis
866 5293 1115 5361 operibus
1141 5292 1345 5361 seipsos
1373 5299 1730 5361 corruperunt
1757 5309 1771 5345 :
1803 5290 2003 5346 idcirco

414 5384 718 5457 generalem
765 5382 1036 5437 interitum
1088 5382 1353 5444 inducam,
1397 5381 1690 5450 deleboque
1725 5381 1868 5450 ipsos
1909 5395 2003 5450 pa-

415 5477 548 5531 riter
575 5485 734 5543 atque
759 5483 976 5539 terram,
999 5482 1057 5526 ut
1079 5472 1444 5544 purgationem
1473 5472 1695 5540 accipiat
1717 5481 1876 5539 terra,
1901 5482 1954 5526 et
1974 5486 2004 5525 a

415 5577 494 5623 tot
524 5577 860 5637 peccatorum
907 5565 1129 5621 maculis
1165 5564 1503 5620 emundetur.
1549 5561 1753 5633 Cogita,
1780 5577 1964 5632 quaeso
1987 5603 2002 5627 ,

418 5658 562 5728 quali
597 5664 726 5712 tunc
753 5655 917 5712 fuisse
959 5657 1139 5709 animo
1163 5654 1361 5724 justum
1392 5654 1548 5708 istum
1593 5653 1876 5707 verisimile
1902 5661 2002 5714 est,

411 5757 545 5800 eum
571 5747 685 5804 luce
709 5763 736 5802 a
770 5747 992 5804 Domino
1029 5746 1266 5802 audiret?
1294 5744 1426 5800 Nam
1471 5745 1590 5801 licet
1618 5745 1796 5799 multa:
1835 5743 2003 5798 virtu-

1478 307 1547 365 1Ν
1581 306 1735 364 CAP.
1778 303 1866 362 Vl.
1907 305 2153 363 GENES.
2196 305 2427 364 lthﬂL.
2469 309 2670 365 XXIV.

3559 323 3679 377 ﬂlﬂ'

2081 421 2147 475 tis
2175 421 2274 475 sibi
2303 422 2546 480 conscius
2571 433 2744 490 esset,
2778 438 3082 485 non-tamen
3114 427 3318 501 alisque
3338 433 3524 492 dolore
3545 457 3662 511 qua:

2067 512 2376 568 dicebantur
2411 517 2634 586 accepit.
2682 516 2762 572 Ad
2789 517 3124 577 dilectionem
3169 527 3310 579 enim
3339 541 3664 599 propensum

2067 613 2151 658 est
2193 607 2455 672 justorum
2483 622 2650 676 genus
2670 649 2685 674 ,
2712 619 2769 663 et
2793 625 2887 679 pro
2911 609 3136 667 aliorum
3173 617 3485 688 salutejusti
3512 639 3662 692 qua:-

2067 708 2171 761 que
2193 693 2419 749 libenter
2465 698 2679 753 ferenda
2706 701 3059 771 susciperent.
3110 705 3226 773 Quo
3290 710 3446 780 igitur
3471 713 3663 770 affectu

2071 783 2231 841 fuisse
2273 789 2561 844 verisimile
2606 801 2688 846 est
2720 793 2977 850 eximium
3022 796 3166 852 ἰιιιιηι
3209 800 3418 868 virum,
3469 808 3662 862 eumin

2088 891 2265 934 mente
2291 894 2385 934 sua
2412 883 2646 937 omnium
2675 884 2942 942 interitum
2987 898 3041 942 et
3074 891 3234 946 totius
3259 903 3463 950 naturae
3484 901 3656 966 perni-

2069 970 2204 1024 ciem
2248 983 2515 1040 versaret,
2561 985 2616 1030 et
2653 975 2891 1032 fortassis
2930 994 3026 1034 nec
3075 981 3174 1035 sibi
3227 983 3328 1052 ipsi
3371 985 3661 1054 jucundum

2068 1061 2336 1132 quidpiam
2365 1063 2738 1133 polliceretur?
2760 1067 3000 1123 Nondum
3031 1073 3170 1126 enim
3197 1074 3446 1143 quiddam
3475 1077 3540 1131 de
3563 1079 3637 1133 ha
3655 1097 3684 1133 c

2069 1170 2128 1208 re
2147 1165 2473 1226 compertum
2497 1157 2747 1214 habebat.
2761 1159 2824 1216 Ut
2840 1162 2996 1232 igitur
3016 1173 3193 1218 mente
3209 1181 3312 1220 non
3341 1168 3662 1234 turbaretur.

2069 1248 2161 1302 sed
2187 1264 2398 1318 parvam
2421 1250 2703 1320 quamdam
2728 1254 3140 1310 consolationem
3164 1257 3214 1311 in
3243 1266 3384 1313 tanta
3418 1263 3664 1316 maeroris

2069 1340 2430 1408 magnitudine
2469 1343 2712 1412 accipere
2758 1353 2973 1412 posset,
3015 1357 3290 1418 postquam
3338 1349 3664 1406 docuit-eum

2069 1431 2282 1485 malitia:
2313 1433 2518 1487 illorum
2545 1435 2874 1504 gravitatem,
2896 1451 2960 1492 ae
2989 1446 3194 1508 tempus
3231 1457 3442 1510 urgere,
3467 1453 3525 1498 ut
3543 1461 3662 1514 pro-

2070 1521 2231 1578 funda
2261 1524 2336 1578 illi
2376 1526 2614 1582 sectione
2639 1527 2968 1597 incidantur,
2995 1531 3121 1586 dicit
3159 1533 3208 1588 ei
3242 1549 3256 1587 :
3285 1531 3408 1591 Illos
3450 1536 3663 1605 quidem

2069 1617 2365 1670 communis
2395 1618 2655 1686 pernicies
2675 1619 2900 1690 excipiet
2931 1640 2944 1676 :
2974 1624 3060 1678 14.
3089 1623 3163 1678 Tu
3201 1641 3315 1680 vero
3339 1627 3423 1697 [ac
3443 1629 3529 1683 tibi
3567 1629 3670 1700 ipsi

2068 1723 2260 1760 arcam.
2287 1707 2421 1775 Quid
2459 1717 2560 1775 est,
2589 1709 2663 1762 Tu
2684 1713 2986 1780 vero?Quia
3011 1730 3113 1769 non
3141 1719 3539 1774 communicasti
3567 1737 3663 1775 co-

2069 1811 2186 1850 rum
2204 1799 2470 1867 nequitiae,
2494 1800 2586 1854 sed
2603 1816 2813 1854 omnem
2838 1803 2890 1857 in
2904 1805 3182 1861 virtutibus
3202 1807 3362 1862 vitam
3381 1809 3626 1881 peregisti
3643 1839 3666 1848 -

2072 1889 2190 1944 ideo
2235 1890 2326 1944 tibi
2367 1890 2604 1960 impero,
2629 1902 2686 1947 ut
2726 1903 2968 1950 cxstruas
3007 1913 3184 1952 aream
3234 1897 3314 1952 Ea:
3349 1901 3499 1972 lignis
3535 1919 3663 1972 qua-

2071 1982 2228 2034 dratis
2274 1983 2595 2054 incorruptis.
2641 1983 3028 2042 Mansiunculas
3061 2005 3150 2058 per
3201 2007 3373 2043 arcam
3415 1991 3594 2062 facies,
3621 2002 3666 2047 et

2072 2073 2345 2144 glutinabis
2385 2075 2684 2129 intrinsecus
2734 2086 2780 2130 et
2819 2078 3122 2135 extrinsecus
3165 2097 3276 2135 eam
3310 2082 3661 2140 bitumineJS.

2074 2167 2156 2222 Sit
2175 2177 2342 2222 autem
2366 2178 2696 2224 trecentorum
2719 2172 2996 2225 cubitorum
3020 2173 3281 2244 longitudo
3299 2215 3315 2241 ,
3351 2186 3398 2229 et
3418 2177 3666 2246 quinqua-

2071 2259 2212 2329 ginta
2250 2261 2464 2313 latitudo
2483 2301 2498 2326 ,
2526 2271 2571 2314 et
2600 2263 2805 2332 triginta
2828 2263 3106 2317 cubitorum
3133 2266 3367 2320 altitudo.
3401 2269 3486 2324 16.
3506 2268 3667 2323 Colli-

2073 2369 2194 2422 gens
2230 2353 2381 2422 facies
2405 2370 2596 2420 arcam,
2612 2365 2657 2408 et
2676 2356 2728 2408 in
2761 2357 2980 2410 cubitum
3005 2360 3370 2414 consummabis
3392 2363 3500 2431 ejus
3519 2379 3658 2417 sum-

2074 2445 2296 2498 milatem
2318 2461 2338 2509 ;
2364 2447 2579 2517 januam
2599 2458 2764 2502 autem
2785 2449 2940 2518 facirs
2975 2468 3007 2504 a
3031 2452 3184 2505 latere
3205 2494 3220 2519 ,
3251 2453 3493 2508 cubiculis
3529 2453 3668 2508 bica-

2075 2537 2295 2600 moratis,
2331 2547 2376 2590 et
2412 2540 2740 2594 tricameratis
2781 2542 2936 2610 facies
2982 2559 3112 2596 eam.
3157 2543 3444 2599 Considera
3495 2546 3667 2600 indul-

2073 2629 2306 2699 gentiam
2339 2630 2463 2697 Dei,
2493 2639 2547 2685 et
2594 2632 2914 2686 inellabilem
2954 2634 3200 2689 virtutem
3227 2637 3672 2690 misericordiam-

2074 2737 2179 2790 que
2207 2735 2418 2776 omnem
2446 2721 2700 2776 rationem
2729 2723 3212 2780 transcendentem.
3239 2725 3408 2782 Simul
3433 2726 3668 2781 declarat

2075 2822 2130 2868 et
2159 2829 2307 2866 suam
2346 2828 2470 2883 erga
2495 2813 2694 2882 justum
2716 2815 3127 2884 providentiam,
3156 2825 3214 2872 ut
3241 2818 3460 2873 fabricet
3491 2836 3669 2874 arcam

2077 2904 2150 2958 illi
2179 2905 2442 2976 imperans
2475 2921 2490 2958 ε
2523 2905 2881 2976 ordinanSque
2925 2907 3134 2962 interim
3177 2908 3390 2963 modmn
3415 2913 3464 2962 in
3508 2927 3670 2979 quem

2076 2997 2429 3052 construenda
2451 3038 2466 3060 ,
2486 3015 2676 3067 nempe
2707 2999 2756 3052 in
2786 3015 2944 3069 quam
2989 3001 3403 3071 longitudinem,
3435 3003 3638 3058 la:itudi
3657 3036 3672 3046 -

2079 3101 2200 3142 nem
2239 3095 2294 3141 et
2319 3087 2729 3155 sublimitatem,
2759 3099 2812 3144 et
2836 3089 3118 3144 maximam
3158 3091 3207 3146 ei
3253 3093 3672 3149 consolationem

2077 3177 2232 3233 affert
2245 3219 2261 3244 ,
2279 3193 2425 3248 spem
2438 3178 2624 3236 salutis
2643 3194 2738 3250 per
2751 3195 2886 3235 arcte
2903 3182 3345 3236 constructionem
3364 3183 3671 3246 ostendens.

2080 3269 2200 3324 illos
2226 3284 2434 3339 quoque
2457 3270 2546 3339 qui
2575 3278 2678 3322 tam
2697 3271 2928 3339 graviter
2960 3272 3296 3340 peccaverint
3333 3272 3674 3330 fabricatione

2079 3375 2217 3416 arcte
2253 3361 2526 3416 admoneri
2577 3363 2795 3428 volens,
2827 3371 2884 3417 ut
2921 3378 3102 3418 secum
3143 3365 3434 3435 cogitarent
3459 3382 3576 3435 qure
3601 3366 3676 3422 fe—

2079 3453 2313 3516 cissent,
2353 3453 2821 3524 resipiscendoque
2862 3455 3276 3526 indignationem
3316 3473 3421 3511 non
3457 3461 3674 3529 experi-

2080 3552 2284 3599 rentur.
2312 3543 2662 3613 Neque'enim
2686 3559 2904 3614 parvum
2933 3546 3038 3602 illis
3075 3557 3283 3617 tempus
3305 3547 3479 3604 denuo
3494 3550 3558 3602 ad
3587 3565 3675 3605 re-

2081 3635 2438 3704 sipiscentiam
2463 3649 2777 3691 concessum
2799 3645 2882 3692 est
2910 3652 3004 3706 per
3024 3653 3161 3693 arcte
3187 3639 3632 3694 constructionem
3658 3659 3674 3696 :

2082 3726 2177 3782 sed
2216 3727 2372 3797 plane
2402 3727 2627 3783 multum
2662 3738 2717 3785 et
2758 3729 3027 3785 sufficiens
3064 3729 3277 3798 fuisset,
3304 3731 3403 3785 nisi
3429 3732 3564 3786 adeo
3593 3733 3675 3787 in-

2082 3820 2216 3890 grati
2247 3819 2468 3874 fuissent
2492 3829 2546 3876 et
2585 3819 2782 3890 stupidi
2803 3821 2870 3876 ad
2897 3831 3194 3876 erratorum
3229 3822 3674 3878 emendationem.

2085 3911 2188 3966 Par
2201 3911 2342 3966 enim
2369 3921 2511 3978 erat,
2531 3911 2766 3982 singulos
2795 3927 2978 3966 eorum
3022 3927 3143 3966 cum
3173 3912 3414 3967 viderent
3444 3912 3671 3982 justum,

2085 4003 2176 4072 qui
2214 4001 2566 4057 fabricabatur
2582 4016 2758 4056 aream
2783 4043 2800 4068 ,
2828 4017 3042 4057 causam
3059 4003 3466 4058 eonstructionis
3490 4003 3678 4058 scisci-

2087 4103 2225 4150 tatos
2269 4110 2422 4160 esse,
2451 4102 2507 4150 et
2537 4095 2748 4166 cognita
2798 4093 2976 4149 divina
3019 4095 3412 4166 indignatione,
3441 4096 3565 4151 inde
3612 4097 3680 4152 ad

2087 4199 2303 4241 sensum
2340 4193 2673 4255 peccatorum
2711 4199 2928 4240 suorum
2950 4186 3164 4252 venire,
3192 4185 3238 4240 si
3257 4185 3472 4256 quidem
3486 4186 3682 4242 voluis-

2089 4289 2228 4335 sent.
2266 4277 2467 4334 Verum
2509 4277 2625 4332 haec
2663 4276 2771 4332 illis
2807 4277 3007 4331 nullam
3035 4276 3320 4332 utilitatem
3366 4277 3682 4344 attulerunt,

2092 4387 2199 4426 non
2223 4371 2346 4441 quia
2375 4385 2478 4424 non
2508 4377 2816 4440 potuerunt,
2843 4367 2938 4423 sed
2958 4368 3080 4438 quia
3105 4367 3412 4422 noluerunt.

2163 4456 2218 4510 4.
2247 4454 2384 4510 Deus
2400 4455 2666 4509 consilium
2686 4469 2830 4507 suum
2865 4453 2977 4506 Noe
2994 4453 3352 4506 communicat.
3385 4451 3487 4506 Cur
3503 4449 3682 4506 Enoeh

2095 4549 2369 4604 translatus
2393 4547 2562 4620 fuerit.
2587 4546 2730 4602 Solet
2749 4544 2887 4600 Deus
2916 4553 3118 4615 propter
3128 4545 3297 4617 justas
3318 4560 3516 4598 servare
3534 4542 3700 4603 alios.,

2092 4671 2167 4683 —
2194 4640 2356 4712 Igitur
2379 4649 2655 4710 postquam
2681 4637 2748 4693 de
2778 4636 3131 4692 construenda
3154 4651 3276 4692 arca
3311 4636 3456 4706 justo
3481 4642 3696 4705 prmceJ

2095 4734 2210 4805 pit,
2249 4729 2602 4787 communicat
2629 4740 2680 4784 et
2707 4736 2886 4783 narrat
2913 4728 2964 4782 ei
3003 4727 3162 4782 etiam
3213 4741 3386 4796 postue
3423 4726 3680 4794 speciem,

2097 4837 2255 4894 quam
2284 4821 2526 4876 illaturus
2547 4828 2700 4887 erat,
2726 4827 2781 4875 et
2821 4818 2950 4874 dicit
2979 4837 2994 4873 :
3022 4818 3102 4873 Tu
3129 4815 3341 4888 quidem
3367 4813 3502 4870 hanc
3524 4830 3650 4885 para
3671 4855 3688 4878 ,

2099 4914 2236 4969 sicut
2265 4912 2490 4983 praecepi
2515 4929 2528 4965 :
2558 4927 2657 4981 ego
2685 4918 2864 4966 autem
2885 4950 2901 4977 ,
2943 4909 3034 4964 ubi
3062 4919 3118 4964 tu
3143 4908 3424 4963 aedificium
3454 4908 3687 4977 comple-

2100 5005 2242 5059 veris
2264 5045 2280 5071 ,
2309 5004 2468 5059 etiam
2499 5018 2561 5057 ea
2591 5018 2708 5072 qua:
2734 5001 2800 5056 ad
2831 5010 2882 5056 te
2910 5001 3135 5055 attinent
3160 5001 3213 5054 in
3254 5008 3366 5055 tuto
3391 5000 3685 5055 eolloeabe.

2105 5099 2194 5152 l7.
2217 5096 2328 5168 Ego
2351 5105 2518 5150 autem
2540 5135 2554 5160 ,
2582 5094 2778 5164 inquit,
2803 5093 3040 5147 inducam
3070 5091 3317 5146 diluvium
3339 5133 3356 5160 ,
3380 5109 3564 5162 aquam
3599 5109 3689 5147 su-

2105 5206 2194 5261 per
2207 5199 2411 5252 terram,
2429 5197 2482 5240 ut
2497 5195 2786 5254 corrumpat
2800 5199 2997 5239 omnem
3015 5198 3236 5247 carnem,
3255 5183 3308 5236 in
3327 5198 3428 5254 qua
3448 5191 3520 5236 est
3535 5183 3694 5252 spiri-

2106 5292 2186 5336 tus
2201 5281 2314 5335 vita:
2331 5279 2500 5333 subter
2518 5277 2716 5341 cwlum,
2735 5284 2782 5328 et
2801 5289 3123 5344 quiscumque
3142 5273 3328 5345 fuerint
3344 5289 3495 5343 super
3511 5283 3696 5326 terram

2105 5373 2400 5426 morientur.
2431 5367 2565 5422 Vide
2578 5364 2846 5437 quomodo
2874 5373 2929 5420 et
2954 5379 3048 5434 per
3087 5363 3257 5417 minas
3285 5363 3515 5417 ostendit
3537 5377 3696 5432 quam

2107 5463 2287 5534 gravia
2308 5460 2381 5515 illi
2407 5458 2758 5529 peccaverint,
2779 5464 2835 5512 et
2854 5456 3025 5526 inquit
3051 5472 3064 5511 :
3089 5455 3296 5510 Etenim
3317 5454 3559 5509 eamdem
3589 5469 3699 5523 pte-

2109 5571 2232 5611 nam
2274 5553 2518 5608 inducam
2551 5558 2657 5604 tam
2700 5547 3085 5612 rationalibus,
3130 5561 3288 5616 quam
3332 5545 3554 5601 rationis
3606 5560 3697 5599 ex-

2112 5644 2366 5714 pertibus.
2393 5642 2526 5710 Quia
2553 5642 2696 5696 enim
2741 5641 3092 5710 principatum
3121 5654 3278 5694 suum
3323 5637 3662 5708 prodiderunt
3684 5678 3699 5701 ,

2115 5739 2243 5795 etin
2277 5737 2551 5792 brutorum
2595 5735 2842 5791 ferociam
2877 5733 3246 5798 declinarunt,
3275 5734 3414 5788 nulla
3461 5733 3561 5789 erit
3589 5747 3690 5802 pte-

3695 4411 3702 4452 ι
