4062 6396
483 290 582 348 911

472 419 658 459 narum
688 402 1002 459 differentia.
1043 402 1289 455 lnducam
1330 401 1471 456 enim
1496 401 1742 455 diluvium
1780 416 1958 468 aquae,
1999 406 2053 451 ut

474 504 761 560 corrumpat
780 510 977 547 onmem
1003 508 1201 546 carnem
1222 533 1238 559 ,
1259 490 1313 545 in
1332 507 1432 561 qua
1456 500 1527 545 est
1546 491 1754 561 spiritus
1773 491 1887 543 uiue
1906 505 2057 557 super

470 585 665 638 rtclunt.
698 584 761 638 Et
793 584 1029 653 jumenta
1053 625 1069 650 ,
1100 583 1306 653 inquit,
1340 590 1397 638 et
1435 582 1665 638 volatilia
1689 623 1703 645 ,
1732 590 1786 637 et
1814 582 1938 635 ferte
1961 621 1975 644 ,
2003 588 2057 634 ct

464 675 855 745 quadrupedia,
886 684 941 730 et
982 689 1327 745 qumcumqne
1367 674 1467 729 sub
1494 674 1632 730 cmlo
1670 683 1825 737 sunt,
1864 687 2057 727 consu-

471 776 701 822 tuentur.
734 766 801 820 Et
835 774 893 821 ut
931 766 1105 821 discas
1135 766 1266 820 nihil
1310 766 1552 821 relictum
1600 765 1700 831 iri,
1751 764 1957 834 inquit:
1988 761 2056 815 Et

468 874 790 928 qutecumque
813 868 930 912 sunt
949 876 1103 929 super
1127 868 1309 913 terram
1332 900 1347 923 ,
1379 860 1673 912 morientur.
1705 855 1835 909 Nam
1869 853 2054 924 purili-

467 950 673 1005 catione
701 950 844 1005 orbis
870 964 1001 1019 opus
1034 950 1229 1016 habet,
1268 950 1362 1005 sed
1408 949 1509 1004 hoc
1539 958 1588 1003 te
1612 964 1715 1002 non
1737 945 2054 1011 conturbet,

470 1054 642 1109 neque
668 1050 899 1095 mentem
929 1050 1072 1095 tuam
1098 1040 1401 1096 confundat.
1429 1039 1559 1094 Nam
1581 1038 1701 1108 quia
1728 1037 1882 1093 video
1914 1037 2057 1092 ulce-

472 1146 527 1182 ra
556 1146 741 1184 eorum
788 1131 1094 1186 incurabilia
1120 1173 1137 1198 ,
1182 1131 1371 1186 sistere
1400 1131 1520 1183 volo
1565 1131 1778 1184 malitia:
1824 1129 2053 1195 ﬂuenta,

470 1228 526 1275 ut
553 1238 619 1276 ne
642 1222 970 1291 gravioribus
993 1223 1166 1294 pontis
1205 1222 1463 1276 obnoxios
1491 1236 1550 1276 se
1600 1220 1808 1274 faciant.
1860 1220 2057 1274 Idcirco

464 1316 627 1369 etiam
672 1331 813 1371 nunc
840 1332 935 1385 pro
976 1316 1129 1371 solita
1169 1331 1286 1369 mea
1324 1315 1602 1370 clementia
1643 1313 2054 1383 indignationem

468 1406 702 1460 bonitate
721 1416 1020 1477 temperans
1038 1448 1053 1469 ,
1084 1407 1240 1462 talem
1265 1422 1474 1475 pmnam
1496 1406 1665 1460 infero
1684 1421 1801 1474 qua:
1822 1407 1937 1459 sine
1956 1404 2055 1458 do-

469 1496 583 1551 lore
612 1496 714 1562 sit,
746 1506 801 1551 et
830 1514 932 1551 non
964 1499 1245 1554 sentiatur.
1272 1498 1453 1567 Neque
1478 1498 1619 1552 enim
1650 1497 1714 1551 ad
1744 1497 2058 1566 magnitudi-

469 1601 592 1640 nem
622 1596 955 1655 peccatorum
983 1588 1063 1641 vel
1093 1588 1158 1641 ad
1190 1589 1373 1642 merita
1403 1604 1585 1642 eorum
1618 1588 1939 1657 respiciens,
1962 1587 2057 1641 sed

468 1678 764 1745 pra-videns
803 1678 976 1733 futura
997 1722 1011 1743 ,
1040 1690 1091 1733 et
1131 1678 1226 1731 hos
1264 1680 1571 1748 congruenti
1605 1694 1757 1747 pmna
1786 1679 2017 1749 plectere
2039 1719 2053 1743 ,

468 1778 523 1822 et
543 1777 786 1837 posteros
830 1771 897 1825 ab
940 1770 1237 1839 lmjusmodi
1289 1771 1519 1839 pernicie
1558 1771 1782 1825 liberare
1812 1770 1950 1824 volo.
1982 1770 2059 1825 Ne

469 1860 628 1928 igitur
670 1871 890 1915 maestus
924 1863 1031 1928 sis,
1064 1877 1197 1916 neve
1239 1863 1467 1917 turberis
1502 1862 1615 1916 lure
1656 1864 1895 1917 audiens.
1926 1863 2057 1917 Nam

468 1952 570 2007 etsi
611 1952 685 2013 illi
724 1952 935 2022 dignam
990 1955 1220 2023 peccatis
1248 1956 1358 2007 suis
1394 1969 1600 2022 pmuam
1634 1955 1812 2017 luent,
1842 1955 1933 2008 sed
1969 1955 2053 2009 18.

469 2042 703 2096 Statuam
743 2054 1088 2100 testamentum
1120 2063 1283 2100 meum
1330 2058 1511 2100 tecum.
1564 2046 1823 2113 Quoniam
1874 2063 2061 2102 omnes

472 2134 675 2204 priores
706 2136 949 2208 indignos
984 2151 1105 2192 sese
1131 2140 1488 2207 praestiterunt
1508 2181 1521 2204 ,
1552 2154 1720 2207 neque
1748 2138 1815 2192 de
1844 2138 2061 2192 manda-

473 2228 539 2283 tis
569 2228 702 2285 meis
746 2230 881 2285 bene
909 2238 1235 2298 senserunt,
1274 2240 1445 2285 tecum
1478 2230 1693 2299 posthac
1718 2239 1943 2285 statuam
1980 2240 2060 2284 te-

476 2328 793 2375 stamentum
810 2337 1005 2377 meum.
1030 2322 1235 2376 Etenim
1252 2323 1629 2392 protoplastus,
1653 2333 1772 2392 post
1795 2332 1866 2377 tot
1891 2323 2060 2378 bene-

475 2410 595 2469 ﬁcia
636 2410 999 2481 deceptionem
1032 2427 1217 2482 passus
1239 2454 1252 2477 ,
1282 2413 1523 2468 mandata
1552 2429 1667 2467 mea
1698 2422 2062 2483 transgressus

472 2512 556 2557 est
584 2520 597 2557 :
627 2513 680 2558 et
699 2505 786 2573 qui
808 2520 874 2559 ex
899 2505 990 2558 illo
1020 2513 1171 2558 natus
1191 2514 1292 2569 est,
1323 2505 1434 2573 ipse
1457 2506 1507 2559 in
1536 2504 1671 2558 idem
1700 2505 1912 2559 malitiae
1941 2520 2060 2573 pro-

476 2593 693 2649 fundum
724 2596 935 2661 incidit;
970 2596 1108 2651 unde
1134 2606 1186 2650 ct
1211 2597 1514 2650 continuam
1546 2611 1665 2652 cum
1689 2597 2063 2652 maledictione

476 2700 687 2753 [uenam
721 2686 945 2756 accepit.
994 2687 1187 2741 Verum
1238 2703 1408 2757 neque
1458 2687 1597 2741 illius
1644 2690 1815 2758 pontis
1866 2690 2059 2758 posteri

471 2778 859 2835 emendatiores
902 2778 1024 2834 facti
1066 2788 1221 2845 sunt,
1248 2780 1339 2834 sed
1380 2780 1515 2833 mala
1546 2796 1639 2835 sua
1685 2780 1753 2835 ita
1781 2796 2063 2836 coacerva-

472 2877 595 2921 ruttt
655 2909 669 2931 ,
701 2878 760 2921 ut
806 2876 862 2922 ct
898 2868 1233 2938 genealogias
1269 2870 1497 2939 ipsorum
1529 2870 1893 2939 reprobaretn.
1926 2871 2064 2925 Sane

472 2967 591 3028 post
618 2960 728 3013 ιιιυο
760 2970 815 3013 ιιι
842 2960 1017 3014 inveni
1055 2960 1234 3014 Euoch
1256 3002 1273 3025 ,
1300 2962 1386 3028 qui
1420 2961 1626 3015 virtutis
1647 2962 1926 3029 imaginem
1945 2978 2063 3016 ser-

473 3053 644 3117 vavit,
692 3052 812 3121 quia
852 3052 1003 3104 valde
1038 3051 1164 3104 mihi
1207 3067 1359 3105 carus
1382 3050 1513 3118 fuit,
1536 3067 1656 3106 eum
1689 3054 1862 3105 vivum
1896 3062 2067 3107 trans-

477 3144 571 3200 tuli
598 3186 613 3208 ,
661 3153 960 3196 monstrans
982 3144 1227 3196 omnibus
1272 3143 1483 3196 virtutis
1507 3144 1799 3197 cultoribus
1841 3154 2065 3212 quantas

480 3236 753 3295 mercedes
778 3246 830 3288 et
854 3236 1224 3288 retrilmtiones
1260 3234 1637 3303 adipiscantur,
1682 3247 1735 3289 et
1762 3237 1979 3303 cupiens
2009 3245 2068 3289 ut

474 3326 651 3387 cancri
701 3326 844 3380 illius
870 3325 1162 3379 imitatores
1192 3328 1373 3379 tierent
1394 3366 1409 3390 ,
1440 3324 1785 3394 eamdemque
1812 3328 1946 3379 viam
1989 3326 2068 3379 in-

474 3417 840 3490 grederentur.
868 3414 1129 3469 Cmtertuu
1152 3417 1272 3485 quia
1294 3457 1307 3478 ,
1338 3416 1455 3469 aliis
1486 3415 1729 3471 omnibus
1753 3426 1930 3484 postea
1957 3430 2069 3471 ma-

476 3511 645 3563 litiam
688 3509 1049 3575 sectantibus,
1079 3519 1132 3563 te
1153 3509 1321 3561 solum
1359 3510 1537 3562 inveni
1570 3509 1621 3562 in
1653 3518 1791 3563 tanta
1841 3510 2076 3563 multitu-

478 3604 641 3665 dine,
698 3603 784 3673 qui
812 3602 963 3671 primi
1018 3601 1250 3669 parentis
1290 3601 1762 3670 transgressionem
1818 3616 2069 3655 revocare

473 3694 685 3764 possis,
748 3703 919 3746 tecum
970 3702 1194 3745 statuam
1256 3699 1626 3744 testamentum
1678 3706 1875 3744 meum.
1934 3690 2067 3743 Nam

479 3789 633 3841 bona:
661 3794 763 3841 tua:
782 3786 904 3842 vita:
923 3801 1081 3854 opera
1104 3784 1378 3839 declarant
1401 3784 1609 3837 lichem
1634 3794 1681 3835 te
1702 3784 1751 3836 in
1775 3782 2069 3850 suscipien-

474 3881 556 3937 dis
602 3880 862 3934 mandatis
888 3880 1042 3936 meis.
1076 3880 1307 3947 Deniqtte
1339 3892 1405 3931 ne
1442 3877 1614 3931 adhuc
1638 3876 1810 3944 justus
1840 3875 1953 3929 luce
1978 3892 2071 3928 au-

479 3973 632 4028 diens
660 3979 914 4036 maereat,
944 3971 1093 4040 quasi
1120 3968 1714 4039 solusipsclibcrandus
1738 3967 1809 4021 sit
1832 4008 1846 4030 ,
1871 3966 2066 4051 iterum

476 4064 839 4119 consolatione
887 4077 1008 4117 eum
1029 4103 1044 4127 ,
1075 4070 1133 4114 ut
1158 4060 1329 4119 dicam
1350 4100 1365 4123 ,
1413 4059 1720 4113 demulcens
1740 4098 1753 4121 ,
1783 4056 1948 4112 dicit:
1978 4053 2071 4107 In-

477 4158 714 4229 gredieris
744 4166 910 4210 autem
932 4157 986 4209 in
1022 4171 1193 4208 arcam
1220 4163 1307 4223 tu,
1336 4163 1380 4209 et
1402 4152 1496 4221 ﬁlii
1536 4151 1606 4203 tui
1631 4190 1644 4213 ,
1669 4160 1714 4202 et
1744 4166 1872 4202 uxor
1896 4158 2002 4210 tua,
2025 4155 2070 4199 ct

477 4267 661 4306 uxores
688 4250 909 4318 ﬁliorum
947 4258 1165 4301 tuorum.
1199 4246 1326 4300 Nam
1381 4246 1501 4299 licet
1546 4244 1770 4297 multqu
1795 4257 1826 4294 a
1876 4241 2072 4293 virtute

478 4342 607 4411 justi
635 4343 772 4396 illius
798 4340 1091 4400 ablueriut,
1119 4338 1274 4391 alieni
1302 4345 1476 4391 tamen
1504 4343 1655 4389 erant
1683 4350 1710 4385 a
1741 4331 2072 4402 gravioribus

480 4433 694 4491 illorum
741 4432 991 4501 peccatis.
1031 4428 1177 4483 Alias
1200 4443 1408 4495 quoque
1433 4427 1501 4479 ob
1528 4426 1662 4479 duas
1697 4424 1855 4478 hasce
1886 4439 2073 4477 causas

480 4524 653 4580 salute
693 4523 845 4593 potiti
871 4530 1011 4575 sunt.
1044 4520 1190 4585 Una,
1217 4519 1267 4577 in
1298 4519 1551 4573 honorem
1577 4516 1726 4586 justi.
1758 4515 1903 4570 Solet
1930 4514 2070 4568 enim

481 4618 717 4675 clemens
753 4614 892 4668 Deus
921 4612 1174 4666 honorem
1206 4611 1345 4663 hunc
1385 4609 1511 4663 dare
1538 4609 1705 4663 servis
1730 4609 1838 4661 suis
1858 4649 1871 4669 ,
1900 4616 1953 4659 ιιι
1975 4623 2068 4659 eo-

483 4724 599 4762 rum
629 4704 794 4775 gratia
824 4712 878 4760 et
917 4703 1002 4755 alii
1033 4702 1254 4761 salutem
1303 4700 1693 4757 nanciseantur.
1730 4697 1785 4751 ιιι
1829 4696 1971 4765 quod
2020 4707 2076 4748 et

485 4800 639 4853 beato
684 4796 845 4850 Paulo
884 4808 1195 4848 concessum
1224 4798 1333 4855 est,
1379 4790 1630 4859 magistro
1658 4788 1735 4842 illi
1781 4788 1955 4851 orbis,
1986 4788 2075 4855 qui

486 4892 678 4960 ubique
704 4904 814 4951 sua:
839 4887 1093 4941 doctrin-.e
1118 4884 1293 4938 radios
1321 4883 1620 4945 emittebat.
1640 4882 2090 4951 Quandoquidem

483 5000 603 5047 cum
650 4982 737 5034 ille
764 4980 983 5033 Romam
1017 4977 1326 5044 navigaret,
1356 4986 1468 5026 orta
1512 4974 1561 5027 in
1603 4974 1734 5026 mari
1765 4980 2079 5039 tempestate

487 5088 672 5143 magna
694 5113 709 5136 ,
739 5071 810 5124 ita
834 5079 892 5123 ut
913 5082 1102 5121 omnes
1137 5066 1294 5119 saluti
1323 5080 1433 5117 sua:
1460 5064 1735 5126 timerent,
1777 5063 2079 5130 nullamque

489 5167 678 5217 bonam
698 5175 845 5231 spem
869 5168 1083 5228 propter
1111 5154 1355 5225 procella:
1374 5152 1761 5215 vehementiam
1783 5150 2041 5206 haberent
2064 5194 2077 5217 ,

487 5255 690 5311 vocatis
716 5252 961 5308 omnibus
993 5251 1120 5305 dicit
1145 5267 1157 5302 :
1188 5247 1330 5301 Bono
1355 5247 1523 5299 aninto
1553 5255 1705 5299 estote
1728 5286 1741 5310 ,
1771 5245 1884 5298 uiri.
1910 5244 2078 5297 Amis-

487 5348 562 5402 sio
593 5346 728 5400 enim
751 5344 934 5397 animle
951 5342 1137 5395 nullius
1164 5342 1254 5393 erit
1276 5355 1338 5393 ea:
1362 5338 1503 5390 nobis
1521 5378 1534 5401 ,
1570 5347 1899 5405 pratterquam
1920 5336 2078 5388 navis.

490 5439 695 5493 Adstitit
717 5440 849 5491 enim
870 5434 993 5487 mihi
1033 5432 1126 5485 Itac
1154 5439 1293 5484 nocte
1319 5428 1415 5487 Dei
1438 5470 1451 5490 ,
1482 5429 1628 5497 cujus
1655 5444 1766 5480 sum
1808 5436 1855 5479 et
1884 5426 1964 5479 cui
1993 5426 2084 5478 tle-

490 5531 648 5582 servio
672 5568 687 5591 ,
713 5526 924 5597 angelus
952 5524 1121 5577 dicens
1154 5537 1172 5574 :
1200 5519 1282 5574 Ne
1321 5521 1517 5583 timeas,
1559 5516 1723 5571 Paule
1752 5534 1769 5570 :
1797 5517 1933 5569 dedit
1956 5517 2086 5568 enint

496 5621 586 5683 tibi
615 5618 751 5672 Deus
781 5633 952 5672 omnes
982 5617 1066 5685 qui
1108 5624 1268 5665 tecum
1307 5612 1541 5678 navigant
1573 5610 1706 5677 (Act.
1736 5610 1827 5662 27.
1857 5608 2083 5676 522—24).

504 5705 691 5774 \L'Itlisti
718 5706 986 5770 quomodo
1014 5706 1177 5761 virtus
1206 5702 1302 5756 viri
1346 5701 1572 5755 salutem
1618 5700 1722 5759 illis
1743 5698 2083 5757 conciliavit?

1191 286 1248 342 S.
1288 284 1564 341 JOANNIS
1600 278 2077 343 CHRYSOSTOHI
2119 278 2435 338 ARCHIEP.
2478 274 3013 341 CONSTANTINOP.

3638 292 3732 348 ενι

2171 396 2278 451 imo
2333 412 2437 451 non
2490 400 2659 454 virtus
2688 408 2925 466 tantum,
2965 400 3055 454 sed
3109 409 3161 453 ct
3206 402 3481 455 clementia
3515 402 3729 461 Ουηιιιιί.

2163 488 2333 543 Simili
2383 491 2542 545 modo
2582 502 2636 545 et
2679 492 2779 545 hoc
2826 492 2942 544 loco
2972 491 3164 545 factum
3192 501 3309 556 est,
3342 502 3392 545 et
3423 491 3536 546 lucc
3574 496 3729 561 prima

2164 596 2320 635 causa
2354 582 2448 637 l‘uit
2477 602 2488 636 :
2518 584 2680 637 altera
2711 601 2837 637 vero
2892 586 2986 637 ista
3019 603 3031 638 :
3061 586 3271 639 volebat
3315 586 3623 641 fermentum
3645 589 3733 641 ali-

2163 672 2303 741 quod
2335 681 2389 727 et
2408 674 2638 729 radicem
2666 677 2730 727 ad
2763 676 3084 744 posteritatis
3108 677 3534 731 constitutionem
3574 676 3731 731 relin-

2161 782 2328 836 quere
2358 784 2370 818 :
2405 783 2509 821 non
2528 768 2666 837 quod
2690 768 3013 837 impossibile
3037 778 3178 822 esset
3198 768 3305 822 Deo
3329 768 3518 822 iterum
3549 768 3734 823 lanna-

2162 874 2220 914 re
2243 858 2531 920 hominem.
2560 869 2614 915 et
2631 876 2697 915 ex
2728 876 2833 915 uno
2854 860 3061 931 generis
3091 860 3277 914 iterum
3295 869 3630 930 augmentum
3662 862 3732 914 la-

2161 964 2304 1015 cere;
2323 950 2413 1004 sed
2440 950 2561 1019 quia
2586 951 2664 1007 sic
2691 951 2788 1020 ipsi
2819 952 2987 1004 visum
3004 961 3085 1004 est
3099 965 3194 1020 pro
3218 952 3371 1005 solita
3400 951 3730 1019 benignitate.

2233 1040 2287 1095 5.
2329 1040 2557 1095 Attende
2586 1040 2745 1110 igitur
2778 1040 2870 1095 Dei
2900 1041 3188 1095 bonitatem
3216 1040 3373 1094 etiam
3412 1057 3504 1107 per
3527 1056 3587 1094 ea
3618 1057 3731 1108 quae

2162 1122 2482 1199 sequuntur:
2532 1130 2661 1184 Nam
2716 1132 2852 1184 sicut
2900 1130 3291 1184 interminando
3338 1145 3568 1199 prunam,
3615 1145 3731 1184 cum

2164 1221 2438 1275 hominum
2470 1237 2664 1291 genere
2692 1231 2747 1276 et
2771 1223 3034 1292 jumenta,
3064 1229 3119 1277 et
3146 1221 3375 1291 reptilia,
3402 1230 3457 1276 et
3484 1220 3732 1287 volatilia,

2162 1322 2219 1369 et
2242 1314 2382 1368 feras
2417 1315 2646 1382 peritura
2679 1314 2846 1368 dixit:
2878 1316 2947 1367 ita
2978 1324 3032 1369 et
3059 1315 3144 1368 hic
3172 1324 3388 1383 propter
3407 1315 3606 1383 justum
3639 1315 3732 1368 im-

2164 1414 2334 1474 perat,
2362 1415 2419 1459 ιιι
2449 1405 2811 1459 introducatur
2847 1406 2898 1459 in
2926 1421 3102 1460 arcam
3141 1420 3208 1459 ex
3253 1420 3573 1475 unoquoque
3617 1405 3733 1459 illo-

2162 1513 2279 1551 rum
2309 1513 2505 1567 genere
2526 1513 2621 1567 par
2640 1513 2824 1565 unum,
2851 1507 2907 1551 ut
2930 1500 3000 1553 sit
3023 1512 3207 1552 semen
3227 1507 3281 1551 et
3297 1498 3541 1567 primitize
3558 1498 3733 1551 multi—

2166 1587 2364 1642 tudinis
2390 1596 2571 1657 postca
2599 1586 2808 1642 lutum.
2846 1587 2932 1643 l9.
2968 1587 3035 1639 Et
3059 1604 3125 1641 ea:
3148 1588 3397 1652 omnibus,
3438 1587 3630 1657 inquit.
3653 1589 3736 1659 ju-

2163 1680 2362 1745 mentis,
2402 1689 2449 1733 et
2477 1696 2541 1733 ea:
2571 1680 2801 1733 ontnibus
2838 1681 2979 1749 feris,
3012 1688 3057 1732 et
3082 1695 3145 1732 ea:
3172 1680 3309 1733 omni
3336 1696 3505 1745 carne,
3534 1679 3653 1732 bina
3679 1696 3737 1733 ea:

2164 1774 2393 1827 omnibus
2412 1774 2617 1826 induces
2643 1774 2694 1826 in
2715 1790 2906 1835 arcam,
2933 1782 2988 1825 ut
3015 1788 3193 1842 pascas
3218 1772 3358 1844 apud
3375 1781 3422 1824 te
3445 1787 3463 1833 ;
3490 1774 3739 1825 masculus

2163 1875 2209 1917 et
2229 1865 2415 1934 femina
2436 1874 2596 1916 erunt.
2616 1863 2704 1917 20.
2718 1863 2796 1916 Ex
2816 1862 3045 1916 omnibus
3065 1863 3238 1917 avibus
3257 1863 3542 1917 volatilibus
3568 1880 3740 1917 secun-

2164 1957 2284 2010 dant
2314 1973 2487 2027 genus,
2513 1966 2557 2008 et
2587 1972 2648 2008 ex
2673 1956 2900 2009 omnibus
2918 1955 3165 2026 jumcntis
3192 1955 3467 2009 secundum
3496 1973 3673 2025 genus.
3696 1966 3738 2007 ct

2164 2065 2225 2102 ea:
2254 2048 2481 2101 omnibus
2506 2048 2761 2117 reptilibus
2787 2048 3070 2115 repentibus
3087 2064 3237 2118 super
3254 2058 3435 2102 terram
3464 2048 3736 2101 secundum

2165 2158 2340 2211 genus,
2384 2141 2500 2194 bina
2536 2157 2597 2194 ea:
2638 2141 2867 2193 omnibus
2901 2141 3159 2193 intrabunt
3193 2139 3261 2192 ad
3290 2149 3355 2203 te,
3388 2149 3442 2192 ut
3471 2150 3741 2206 pascantur

2166 2232 2305 2303 apud
2344 2234 2677 2299 temetipsum,
2721 2230 2974 2285 masculus
3012 2238 3058 2284 et
3088 2230 3293 2301 femina.
3325 2229 3401 2283 Ne
3426 2229 3599 2283 obiter
3632 2229 3741 2281 lure

2168 2323 2508 2392 prmterieris,
2532 2322 2760 2385 dilecte;
2791 2321 2965 2389 cogita
2993 2329 3246 2390 quantum
3273 2319 3578 2390 pepererint
3603 2318 3742 2385 justo

2166 2430 2410 2469 curarum
2452 2414 2758 2478 tumultum,
2798 2413 3046 2483 cogitanti
3082 2412 3222 2481 apud
3261 2427 3318 2465 se
3354 2421 3606 2481 quantam
3634 2409 3743 2462 lucc

2166 2508 2343 2561 omnia
2368 2521 2544 2560 curam
2575 2506 2867 2574 exigerent.
2898 2504 3016 2559 Non
3046 2504 3187 2559 enim
3223 2501 3521 2558 sufﬁciebat
3547 2501 3597 2556 ei
3621 2515 3741 2555 cura

2168 2598 2408 2653 mulieris
2446 2608 2500 2653 et
2539 2598 2787 2661 ﬁliorum,
2835 2606 2888 2651 et
2924 2612 3175 2661 nurunm,
3219 2596 3309 2650 sed
3345 2606 3400 2652 et
3444 2593 3743 2650 sollicitudo

2169 2700 2247 2745 tot
2271 2690 2543 2745 brutorum
2570 2699 2623 2743 et
2652 2688 2895 2743 educatio
2920 2687 3231 2742 addebatur.
3256 2687 3449 2742 Verum
3476 2686 3741 2756 paulisper

2168 2789 2439 2848 exspecta,
2490 2778 2797 2847 videbisque
2844 2778 2939 2831 Dei
2991 2777 3301 2841 bonitatem,
3348 2775 3618 2846 quomodo
3660 2775 3745 2829 in-

2168 2872 2505 2927 cumbentem
2534 2871 2676 2939 justo
2703 2884 2887 2924 curam
2916 2870 3071 2923 levet.
3098 2868 3189 2924 2|.
3220 2866 3297 2920 Tu
3318 2878 3484 2920 autem
3508 2865 3742 2935 accipies,

2171 2966 2357 3035 inquit,
2406 2963 2493 3017 tibi
2518 2962 2615 3031 ipsi
2641 2961 2707 3015 de
2737 2961 2963 3015 omnibus
2993 2960 3134 3027 cibis,
3160 2960 3223 3013 de
3244 2959 3420 3028 quibus
3452 2958 3711 3011 comeditis
3729 2998 3743 3019 ,

2170 3067 2215 3111 et
2246 3055 2574 3125 congregabis
2598 3059 2737 3120 apud
2767 3052 3003 3121 teipsum,
3035 3059 3079 3103 et
3100 3061 3245 3103 erunt
3282 3050 3369 3103 tibi
3398 3059 3445 3103 et
3470 3049 3574 3102 illis
3600 3049 3651 3101 in
3670 3048 3744 3101 ci-

2172 3154 2307 3205 bum.
2338 3150 2414 3204 Ne
2442 3147 2736 3211 existimes,
2775 3144 2965 3213 inquit,
2996 3143 3304 3198 destitutum
3341 3151 3393 3196 te
3423 3156 3543 3195 mea
3575 3140 3747 3209 provi-

2171 3241 2346 3295 dentia
2382 3239 2630 3307 relinqui.
2679 3238 2811 3289 Ecce
2850 3234 2991 3288 enim
3022 3233 3289 3303 praecipio,
3319 3242 3377 3286 ut
3403 3247 3523 3301 qua:
3555 3239 3747 3284 vestrm

2172 3332 2435 3389 alimonia:
2465 3331 2753 3392 sufﬁciunt,
2780 3337 2834 3383 et
2858 3342 2977 3398 qua:
3003 3327 3068 3381 ad
3095 3325 3282 3381 alenda
3302 3324 3451 3381 bruta
3483 3329 3742 3393 spectant,

2172 3426 2349 3479 omnia
2381 3424 2431 3476 in
2462 3437 2639 3475 arcam
2671 3421 2994 3475 inferantur:
3026 3418 3097 3471 ita
3123 3428 3177 3470 ut
3204 3418 3399 3470 nullam
3420 3414 3507 3469 vel
3529 3414 3745 3475 famem,
3792 3448 3797 3453 η

2173 3516 2254 3570 vel
2299 3514 2574 3582 penuriam
2628 3509 2992 3580 experiamini,
3046 3517 3099 3562 et
3155 3522 3253 3563 nec
3301 3506 3452 3560 bruta
3501 3512 3746 3573 pereant,

2173 3615 2357 3677 utpote
2384 3606 2559 3659 cibum
2583 3619 2685 3656 non
2711 3600 2963 3654 habentia
2987 3599 3085 3652 sibi
3108 3597 3533 3650 convenientem.
3558 3594 3651 3648 22.
3684 3592 3747 3645 Et

2174 3701 2309 3770 fecit,
2342 3697 2527 3767 inquit,
2562 3694 2676 3747 Noe
2709 3694 2878 3747 omnia
2903 3707 3221 3761 quwcumque
3252 3690 3346 3742 sibi
3371 3689 3611 3759 pra-cepit
3641 3687 3745 3739 Da-

2172 3792 2339 3843 mimts
2365 3788 2521 3854 Deus,
2538 3787 2608 3839 sic
2629 3784 2965 3855 fecit.Videas
2988 3792 3039 3835 et
3064 3781 3147 3835 hic
3166 3781 3465 3834 euroo-ium
3487 3778 3743 3846 amplum.

2176 3881 2340 3944 Fecit,
2372 3880 2560 3949 inquit,
2601 3878 2770 3931 omnia
2803 3890 3124 3943 quarcuntque
3153 3873 3389 3943 pra‘cepit
3420 3871 3465 3925 ei
3493 3869 3748 3923 Dominus

2173 3973 2333 4027 Deus.
2372 3971 2486 4025 Non
2527 3968 2667 4023 aliud
2711 3968 2922 4037 quidem
2952 3980 3113 4035 opere
3149 3964 3559 4032 exsequebatur,
3608 3958 3747 4013 aliud

2173 4071 2347 4117 autem
2372 4060 2689 4129 negligebat,
2725 4057 2817 4111 sed
2852 4057 3026 4109 omnia
3056 4071 3173 4125 quae
3202 4063 3460 4123 pra‘cepta
3490 4063 3640 4105 erant
3674 4050 3749 4104 l'c-

2173 4154 2265 4218 cit,
2306 4164 2359 4207 ct
2396 4150 2484 4204 Sic
2516 4150 2653 4220 fecit,
2682 4157 2739 4201 ut
2768 4156 3028 4217 praecepta
3057 4157 3209 4201 erant
3230 4146 3276 4199 ei
3306 4162 3320 4209 ;
3349 4145 3478 4198 nihil
3508 4143 3746 4196 intermi-

2175 4246 2265 4310 sit,
2303 4242 2396 4296 sed
2425 4242 2602 4295 omnia
2632 4239 2888 4308 implevit,
2912 4249 2963 4291 et
2990 4237 3240 4306 operibus
3265 4236 3376 4289 suis
3407 4234 3669 4303 probavit,
3695 4246 3749 4284 se

2171 4334 2315 4405 juste
2340 4330 2709 4387 benevolentia
2745 4329 2839 4382 Dei
2865 4328 3135 4397 dignatum
3180 4326 3361 4380 fuisse.
3393 4324 3623 4391 Quantis
3647 4337 3748 4375 non

2176 4425 2389 4480 coronis
2409 4423 2626 4492 dignum
2661 4420 2821 4475 fuerit
2850 4421 2951 4473 hoc
2980 4419 3361 4483 testimonium,
3390 4432 3495 4485 quo
3520 4432 3549 4469 a
3576 4416 3750 4469 divina

2176 4517 2446 4584 Scriptura
2490 4513 2678 4566 fruitur
2704 4512 2879 4580 justus
2906 4510 3031 4564 ille?
3059 4509 3185 4574 Quis
3216 4509 3317 4561 hoc
3341 4508 3497 4561 fuerit
3526 4506 3748 4560 beatior.

2178 4607 2267 4677 qui
2300 4605 2484 4659 omnia
2510 4619 2669 4672 opera
2698 4602 3005 4668 complevit,
3032 4616 3148 4669 qua:
3179 4600 3276 4651 sibi
3298 4614 3325 4651 a
3352 4598 3460 4651 Deo
3490 4606 3752 4667 praecepta

2180 4701 2407 4760 fuerant,
2466 4706 2516 4749 et
2574 4705 2771 4749 tantam
2812 4692 2863 4746 in
2916 4692 2981 4745 iis
3018 4707 3135 4760 qua:
3175 4691 3274 4743 sibi
3311 4689 3569 4757 imperata
3604 4694 3750 4741 erant

2180 4788 2535 4845 obedientiam
2568 4783 2858 4839 declaravit
2878 4784 2899 4834 ’ἶ
2932 4783 2997 4835 Et
3027 4789 3083 4833 ut
3125 4783 3263 4834 scias
3296 4789 3492 4848 quanta
3518 4778 3754 4831 omnium

2183 4880 2434 4933 Conditor
2471 4877 2567 4943 ipsi
2606 4873 2815 4943 prarluri
2842 4873 3087 4941 dignatus
3112 4872 3199 4933 sil,
3231 4871 3351 4922 audi
3378 4886 3496 4936 qua:
3527 4882 3755 4936 sequun-

2186 4981 2289 5024 tur.
2318 4970 2369 5022 i.
2396 4968 2461 5019 Et
2487 4967 2636 5031 dixit,
2659 4966 2845 5032 inquit,
2870 4963 3119 5017 Dominus
3149 4961 3285 5014 Deus
3305 4962 3370 5012 ad
3402 4958 3513 5011 Noe
3531 4974 3549 5009 :
3578 4958 3757 5027 Ingre-

2185 5060 2301 5117 dere
2326 5069 2379 5111 tu
2403 5067 2449 5110 ct
2477 5057 2638 5109 omnis
2663 5055 2843 5107 domus
2868 5066 2954 5105 tua
2984 5055 3035 5105 in
3055 5068 3227 5104 arcam
3252 5050 3415 5121 (Cap.
3442 5051 3525 5117 7).
3561 5046 3758 5101 Deinde

2188 5161 2245 5204 ut
2263 5151 2490 5205 sciamus
2512 5149 2683 5216 ipsum
2704 5162 2807 5199 non
2828 5146 2995 5214 gratia
3017 5145 3288 5203 dumtaxat
3304 5142 3504 5209 justum
3523 5155 3756 5199 servare,

2189 5240 2282 5294 sed
2329 5247 2384 5293 ct
2425 5238 2665 5292 laborum
2718 5234 2993 5288 mercedes
3032 5232 3153 5302 ipsi,
3195 5240 3250 5285 et
3294 5231 3504 5283 virtutis
3544 5229 3761 5297 praimia

2192 5334 2441 5394 tribuere,
2485 5329 2633 5383 dicit:
2676 5327 2802 5381 ldeo
2842 5327 2934 5379 tibi
2962 5326 3185 5393 impero,
3213 5334 3271 5378 ut
3300 5333 3356 5376 tu
3384 5332 3438 5377 et
3464 5322 3656 5376 domus
3678 5331 3760 5374 tua

2190 5424 2365 5477 omnis
2393 5421 2445 5474 in
2476 5433 2652 5473 arcam
2680 5416 3071 5486 ingrediamini,
3106 5414 3238 5478 Quia
3264 5424 3309 5467 te
3328 5413 3430 5465 vidi
3453 5412 3652 5480 justum
3675 5425 3761 5462 co-

2191 5531 2301 5566 ram
2328 5529 2404 5565 me
2431 5509 2483 5563 in
2514 5509 2831 5579 generatione
2866 5507 2984 5558 ista.
3024 5504 3271 5573 Magnum
3314 5511 3368 5557 et
3410 5502 3511 5556 ﬁde
3548 5502 3765 5569 dignum

2194 5604 2576 5660 testimonium.
2607 5601 2740 5669 Quid
2784 5600 2924 5655 enim
2968 5599 3070 5651 hoc
3104 5598 3274 5664 majus
3311 5605 3475 5659 esset,
3499 5608 3622 5648 cum
3655 5593 3765 5660 ipse

2196 5698 2469 5763 Conditor,
2500 5704 2555 5750 et
2578 5695 2666 5763 qui
2694 5709 2815 5748 eum
2842 5700 3062 5748 utcsset
3093 5689 3361 5759 produxit,
3389 5686 3512 5743 talia
3536 5680 3765 5749 dejusto
