4062 6396
147 349 248 408 ειι

147 465 586 534 κατακλυσμὸν
613 465 827 532 ὕδατος
859 463 1240 534 καταφθεῖραι
1274 461 1480 517 πᾶσαν
1508 460 1724 530 σάρκα,
1754 462 1822 516 ἐν

141 547 188 624 ἦ
213 552 352 604 ἐστι
391 551 630 620 πνεῦμα
669 549 818 618 ᾅυῆς
845 549 1125 604 ὑποκάτω
1164 549 1270 602 τοῦ
1301 549 1580 616 οὐρανοῦ.
1617 547 1726 600 Καὶ
1757 546 1827 598 τά

147 643 352 711 κτήνη,
383 642 538 710 φησι,
567 640 660 692 καὶ
695 639 766 692 τὰ
797 639 1036 700 πετεινά,
1070 639 1162 692 καὶ
1190 637 1258 690 τά
1294 637 1486 708 θηρία,
1519 637 1586 689 τὰ
1623 637 1716 688 καὶ
1746 653 1826 688 τε·

147 729 418 799 τράποδα,
447 729 542 780 καὶ
574 729 672 781 ὅσα
706 728 852 779 ἐστὶν
871 725 1128 779 ὑποκάτω
1145 725 1240 778 τοῦ
1269 723 1518 795 οὐρανοῦ,
1549 723 1827 792 καταφθα-

151 818 407 886 ρήσεται.
439 815 550 866 Καὶ
585 815 672 866 ἵνα
697 813 898 884 μάθῃς,
931 811 1083 883 [2⁵22]
1112 813 1192 864 ὅτι
1215 811 1366 864 οὐδὲν
1393 809 1826 880 καταλειφθήσεφ

149 921 238 956 ται
275 915 332 966 II,
365 903 522 972 φησί,
547 902 656 956 Καὶ
682 901 800 954 ὅσα
823 899 996 954 ἐστὶν
1022 899 1122 952 ἐπὶ
1161 899 1274 968 τῆς
1316 899 1425 969 γῆς
1457 899 1823 967 τελευτήσει.

153 991 264 1044 Καὶ
325 989 436 1060 γὰρ
483 988 786 1060 καθαρσίου
839 987 1024 1040 λοιπὸν
1050 987 1218 1039 δεῖται
1249 987 1283 1058 ή
1311 987 1603 1057 οἰκουμένη
1633 1028 1648 1052 ,
1693 986 1827 1040 ἀλλά

151 1077 316 1130 τοῦτο
353 1079 428 1148 μή
471 1093 532 1129 σε
569 1076 900 1147 ταραττέτω,
931 1074 1066 1145 μηδὲ
1103 1074 1370 1144 συγχείτω
1401 1091 1493 1128 σου
1537 1075 1630 1129 τὸν
1681 1074 1828 1144 λογι-

155 1169 318 1236 σμόν.
361 1165 538 1236 Ὁρῶν
579 1165 688 1235 γὰρ
717 1162 898 1217 αὐτῶν
921 1162 1016 1215 τοῦ
1049 1162 1241 1225 ἕλκους
1265 1161 1327 1214 τὸ
1353 1163 1599 1227 ἀνίατον,
1633 1164 1827 1232 στῆσαι

157 1254 424 1323 βούλομαι
445 1252 514 1304 τά
541 1251 644 1320 τῆς
673 1250 870 1312 κακίας
893 1249 1164 1320 ῥεύματα,
1191 1249 1277 1302 ἵνα
1309 1251 1383 1320 μὴ
1417 1249 1626 1319 μείζοσι
1657 1267 1828 1320 τιμω-

155 1343 304 1412 ρίαις
335 1333 562 1400 ἑαυτοὺς
581 1338 914 1401 ὑπευθύνους
943 1337 1342 1406 καταστήσωσι.
1371 1337 1462 1388 Διὸ
1483 1335 1578 1388 καὶ
1607 1335 1701 1388 νῦν
1731 1335 1828 1405 τὴν

155 1427 357 1483 ἑαυτοῦ
383 1425 796 1498 φιλανθρωπίαν
826 1423 1180 1495 μιμούμενος,
1207 1425 1300 1476 καὶ
1319 1422 1614 1494 ἀγαθότητι
1633 1439 1828 1494 κεραν⁴

153 1519 248 1580 νῦς
279 1516 384 1586 τὴν
403 1513 802 1584 ἀγανάκτησιν,
830 1515 1085 1582 τοιαύτην
1107 1513 1298 1580 ἐπάγω
1321 1513 1420 1583 τὴν
1443 1511 1731 1582 τιμωρίαν,
1753 1511 1828 1576 ῶς

155 1604 432 1658 ἀνώδυνον
467 1603 654 1664 αὐτοῖς
687 1599 940 1668 γενέσθαι
977 1601 1072 1653 καὶ
1104 1599 1518 1669 ἀνεπαίσθητον.
1561 1600 1692 1652 Οὐδὲ
1719 1600 1828 1670 γάρ

155 1691 298 1762 πρὸς
327 1689 388 1742 τὸ
419 1690 530 1742 τῶν
561 1687 970 1759 ἡμαρτημένων
994 1689 1176 1751 αὐτοῖς
1201 1687 1427 1758 μέγεθος
1449 1687 1688 1758 ἀφορῶν,
1710 1687 1827 1740 οὐδὲ

153 1779 326 1832 τίνων
359 1777 503 1842 ἄξιοι
526 1775 907 1845 τυγχάνουσιν,
933 1774 1070 1828 ἀλλά
1097 1774 1163 1827 τά
1195 1775 1331 1845 μετά
1349 1773 1522 1828 ταῦτα
1557 1773 1824 1845 προορῶν,

157 1867 252 1918 καὶ
277 1864 492 1928 τούτοις
515 1863 774 1934 βούλομαι
799 1863 899 1931 τὴν
924 1861 1300 1932 ἁρμόττουσαν
1325 1861 1594 1931 τιμωρίαν
1621 1863 1830 1930 ἐπαγα-

155 1957 274 2021 γεῖν
295 1993 312 2014 ,
347 1952 598 2014 καὶτοὺς
625 1949 751 2020 ἐξῆς
788 1948 1084 2020 μέλλοντας
1119 1947 1336 2000 ἔσεσθαι
1365 1948 1462 2020 τῆς
1513 1949 1578 2002 ἐκ
1623 1948 1827 2003 τούτων

153 2039 467 2103 ἀπαλλάξαι
498 2039 696 2108 λύμης.
728 2035 819 2108 Μὴ
859 2035 1032 2089 τοίνυν
1058 2035 1308 2105 κατηφὴς
1352 2034 1476 2098 ἔσο,
1513 2035 1646 2106 μηδέ
1670 2035 1828 2108 θορυ-

155 2129 254 2182 ϐοῦ
273 2127 454 2182 ταῦτα
478 2125 714 2182 ἀκούων.
743 2125 804 2177 Εἰ
833 2123 944 2193 γὰρ
973 2124 1065 2176 καὶ
1105 2123 1345 2185 ἐκείνους
1371 2121 1496 2186 ἀξία
1520 2121 1626 2176 τῶν
1648 2124 1828 2193 ἡμαρ-

155 2216 414 2287 τημένων
444 2213 563 2284 δίκη
589 2212 978 2280 καταλήψεται,
1008 2209 1142 2263 ἀλλά
1166 2209 1376 2276 Στήσω
1401 2210 1514 2278 τὴν
1537 2210 1830 2280 διαθήκην

151 2319 276 2372 μου
294 2301 450 2372 μετὰ
470 2300 607 2354 σοῦ.
642 2297 858 2368 Ἐπειδὴ
889 2297 1087 2359 πάντες
1119 2297 1167 2347 οἱ
1195 2295 1557 2362 προλαϐόντες
1579 2295 1828 2362 ἀναξίους

157 2389 388 2449 ἑαυτοὺς
424 2385 784 2456 κατέστησαν,
809 2385 902 2435 καὶ
926 2384 986 2435 οὐ
1013 2383 1295 2450 γεγόνασιν
1324 2381 1662 2454 εὐγνώμονες
1702 2385 1829 2454 περὶ

155 2477 258 2541 τὰς
293 2476 438 2546 ἐμὰς
471 2473 690 2538 ἐντολὰς
715 2511 730 2536 ,
766 2471 904 2544 μετά
933 2471 1027 2524 σοῦ
1064 2471 1250 2524 λοιπὸν
1293 2473 1474 2542 στήσω
1505 2471 1604 2542 τὴν
1640 2471 1828 2544 διαθή-

159 2583 264 2634 κην
291 2581 416 2634 μου.
445 2561 554 2615 Καὶ
579 2561 688 2630 γὰρ
712 2563 740 2614 ό
765 2559 1206 2632 πρωτόπλαστος,
1230 2558 1365 2630 μετά
1387 2559 1650 2622 τοσαύτας
1673 2561 1760 2612 εὐε
1772 2578 1828 2630 ρ-

157 2653 352 2721 γεσίας
383 2650 602 2720 ἀπάτην
643 2649 979 2720 ὑπομείνας,
1015 2647 1230 2718 παρέϐη
1282 2665 1382 2717 μου
1431 2647 1529 2711 τάς
1578 2649 1826 2714 ἐντολάς,

159 2742 252 2794 καὶ
281 2742 314 2793 ὁ
343 2739 404 2806 ἐξ
430 2737 642 2791 ἐκείνου
669 2735 830 2790 πάλιν
857 2735 1067 2805 τεχθεὶς
1097 2737 1177 2798 εἰς
1206 2735 1368 2788 αὐτόν
1394 2735 1492 2805 τῆς
1517 2737 1710 2799 κακίας
1739 2737 1830 2789 τὸν

157 2827 416 2896 πυθμένα
449 2823 645 2878 ὤλισθε
665 2840 680 2854 ·
708 2823 790 2876 διὸ
819 2823 914 2876 καὶ
945 2823 1165 2894 διηνεκῆ
1199 2822 1296 2892 τὴν
1319 2822 1586 2894 τιμωρίαν
1615 2823 1832 2888 ἐδέξατο

163 2914 306 2988 μετά
331 2917 434 2984 τῆς
459 2913 728 2983 κατάρας.
773 2911 910 2964 Ἀλλ’
933 2911 1056 2964 οὐδέ
1086 2914 1205 2973 ταῖς
1235 2911 1422 2962 τούτου
1461 2912 1746 2981 τιμωρίαις
1781 2913 1830 2964 οί

163 3005 284 3072 μετ’
313 3001 478 3054 αὐτὸν
501 2999 998 3071 ἐσωφρονίσθησαν,
1032 2998 1167 3052 ἀλλὰ
1201 2999 1290 3052 καὶ
1325 2999 1828 3068 ἐπεδαψιλεύσαντο,

159 3091 236 3155 ὡς
263 3091 362 3143 καί
389 3090 490 3160 τῆς
525 3087 874 3158 γενεαλογίας
906 3086 1102 3149 αὐτοὺς
1132 3087 1653 3156 ἀποδοκιμασθῆναι.
1682 3089 1832 3142 Μετά

159 3177 224 3248 δή
251 3176 431 3230 ταῦτα
461 3172 638 3242 εὑρὼν
671 3173 760 3226 τὸν
797 3171 965 3241 Ἑνὼχ
997 3175 1094 3243 τῆς
1131 3173 1332 3242 ἀρετῆς
1368 3173 1465 3243 τὴν
1507 3175 1688 3226 εἰκόνα
1719 3175 1834 3227 δια-

161 3263 432 3328 σῶζοντα,
457 3261 548 3314 διὰ
578 3261 677 3331 τὴν
705 3259 902 3330 πολλὴν
925 3261 1280 3330 εὐαρέστησιν
1307 3259 1485 3323 ζῶντα
1509 3263 1669 3314 αὐτὸν
1703 3281 1832 3332 μετα

161 3350 362 3420 έθηκα,
391 3349 608 3412 δεικνὺς
641 3350 736 3402 καὶ
780 3349 894 3408 τοῖς
929 3346 1027 3418 τὴν
1081 3347 1282 3416 ἀρετὴν
1339 3347 1643 3416 μετιοῦσιν,
1695 3350 1834 3402 ὅσων

159 3437 550 3504 καταξιοῦνται
598 3435 706 3488 τῶν
734 3435 974 3506 ἀμοιϐῶν
1000 3475 1014 3498 ,
1049 3435 1144 3486 καὶ
1175 3435 1493 3504 βουλόμενος
1537 3439 1664 3500 τοὺς
1707 3437 1834 3506 ἑξῆς

161 3525 418 3594 ζηλωτάς
445 3523 652 3576 ἐκείνου
685 3523 1022 3592 καταστῆσαι
1051 3521 1100 3586 b,
1133 3523 1226 3574 καὶ
1277 3523 1376 3593 τὴν
1425 3525 1596 3594 αὐτὴν
1645 3525 1834 3596 ἐκείνῳ

163 3611 382 3682 βαδίσαι
413 3609 550 3663 ὀδόν.
587 3608 742 3662 Ἐπεὶ
772 3609 980 3671 τοίνυν,
1019 3609 1236 3662 πάντων
1267 3609 1452 3662 λοιπὸν
1491 3611 1582 3662 ἐπὶ
1607 3611 1706 3681 τὴν
1737 3629 1836 3664 κα-

161 3700 294 3752 κίαν
321 3695 808 3768 αὐτομολησάντων
827 3737 844 3761 ,
880 3696 940 3748 σὲ
975 3696 1132 3766 μόνον
1157 3689 1318 3768 εὗρον
1350 3698 1408 3749 ἐν
1435 3697 1674 3769 τοσούτῳ
1701 3698 1836 3770 πλή-

163 3787 248 3838 θει
285 3785 584 3856 δυνάμενον
611 3783 1052 3838 ἀνακαλέσασθαι
1079 3781 1174 3836 τοῦ
1209 3785 1554 3855 προπάτορος
1585 3787 1682 3856 τὴν
1730 3804 1834 3840 πα-

165 3875 438 3945 ράϐασιν,
477 3870 616 3942 μετά
649 3870 742 3922 σοῦ
797 3871 977 3940 στήσω
1021 3871 1121 3941 τὴν
1159 3871 1421 3942 διαθήκην
1471 3889 1591 3941 μου.
1632 3873 1694 3926 Ἡ
1725 3876 1835 3946 γὰρ

161 3963 276 4016 τῶν
311 3959 656 4030 βεϐιωμένων
685 3975 768 4012 σοι
793 3959 990 4028 πρᾶξις
1021 3957 1331 4022 ἀξιόπιστόν
1357 3976 1414 4012 σε
1437 3959 1670 4014 δείκνυσι
1700 3963 1837 4033 πρὸς

161 4051 226 4104 τὸ
253 4047 512 4114 δέξασθαι
565 4045 665 4108 τὰς
713 4046 843 4116 παρ’
875 4045 1012 4116 ἐμοῦ
1041 4046 1284 4108 ἐντολάς.
1323 4042 1456 4100 Εἶτα
1503 4047 1590 4102 ἴνα
1621 4047 1696 4119 μὴ
1742 4052 1837 4104 καὶ

163 4137 342 4190 ταῦτα
388 4132 602 4188 ἀκούων
646 4133 676 4184 ὁ
723 4131 928 4194 δίκαιος
971 4133 1175 4195 ἐκεῖνος
1206 4133 1284 4185 ἐτι
1319 4133 1530 4206 ἀθυμῇ,
1565 4135 1642 4199 ὼς
1675 4137 1836 4206 μόνος

167 4223 382 4293 μέλλων
407 4217 932 4289 καταλειφθήσεσθαι
950 4259 964 4282 ,
1008 4219 1496 4290 παραμυθούμενος
1530 4222 1689 4275 αὐτὸν
1711 4263 1725 4287 ,
1761 4225 1837 4288 ῶς

163 4313 344 4364 εἰπεῖν
366 4348 382 4372 ,
414 4307 576 4361 πάλιν
621 4305 810 4376 φησίν·
839 4309 1176 4376 Εἰσελεύσῃ
1225 4307 1289 4361 δὲ
1319 4312 1406 4372 εἰς
1432 4309 1546 4377 τὴν
1591 4312 1838 4366 κιϐωτὸν

164 4399 272 4464 σὺ,
298 4397 402 4452 καὶ
437 4399 490 4450 οἰ
521 4397 642 4449 υἱοί
671 4409 810 4458 σου,
843 4395 942 4448 καί
975 4397 1014 4464 ἡ
1053 4394 1208 4464 γυνή
1235 4411 1350 4448 σου
1371 4435 1386 4459 ,
1419 4397 1515 4449 καὶ
1540 4401 1599 4450 αἱ
1631 4401 1835 4468 γυναῖ-

165 4503 274 4552 κες
307 4485 430 4538 τῶν
456 4481 607 4536 υἱῶν
632 4498 748 4536 σου
774 4483 924 4552 μετὰ
949 4482 1086 4536 σοῦ.
1109 4481 1174 4535 ΕΞ
1203 4482 1312 4554 γάρ
1333 4484 1426 4536 καὶ
1455 4485 1588 4538 πολὺ
1617 4490 1714 4558 τῆς
1743 4490 1836 4541 τοῦ

165 4575 382 4626 δικαίου
411 4569 614 4643 ἀρετῆς
661 4569 969 4633 ἐλείποντο,
1003 4569 1120 4622 ἀλλ’
1157 4571 1305 4640 ὅμως
1340 4574 1436 4642 τῆς
1473 4573 1838 4644 ὑπερϐαλλού-

167 4679 270 4730 σης
305 4658 534 4713 ἐκείνων
566 4657 763 4718 κακίας
789 4657 944 4721 ἐκτὸς
973 4653 1134 4727 ἦσαν.
1165 4657 1374 4720 Ἀλλως
1404 4658 1460 4711 δὲ
1505 4662 1598 4713 καὶ
1623 4662 1709 4714 διὰ
1747 4663 1840 4717 δύο

163 4746 376 4808 ταύτας
401 4744 502 4807 τὰς
523 4743 700 4805 αἰτίας
722 4743 820 4813 τῆς
851 4743 1125 4814 σωτηρίας
1159 4743 1520 4810 ἀπολαύουσι,
1553 4747 1682 4816 μίαν
1718 4749 1836 4818 μὲν,

165 4835 248 4897 εἰς
277 4829 446 4902 τιμὴν
477 4828 572 4884 τοῦ
621 4829 828 4884 δικαίου
851 4845 866 4860 ο
899 4829 1020 4893 ἔθος
1051 4839 1160 4900 γαρ
1202 4831 1280 4902 τῷ
1331 4834 1693 4906 φιλανθρώπῳ
1723 4837 1840 4908 Θεῷ

167 4923 333 4990 τιμᾷν
363 4919 496 4981 τοὺς
527 4917 694 4972 αὐτοῦ
729 4918 946 4982 δούλους
971 4959 985 4980 ,
1017 4919 1112 4971 καὶ
1153 4919 1470 4989 χαρίζεσθαι
1502 4923 1686 4986 αὐτοῖς
1712 4927 1841 4977 πολι

165 5009 326 5072 λάκις
369 5005 470 5078 τὴν
511 5006 714 5076 ἐτέρων
764 5007 1070 5077 σωτηρίαν,
1111 5007 1140 5059 ὃ
1173 5009 1266 5060 καὶ
1315 5010 1410 5061 ἐπὶ
1444 5009 1537 5062 τοῦ
1569 5014 1839 5086 μακαρίου

166 5095 390 5150 Παύλου
427 5093 719 5163 πεποίηκε,
761 5093 853 5146 τοῦ
877 5093 1196 5148 διδασκάλου
1228 5097 1326 5166 τῆς
1357 5098 1676 5169 οἰκουμένης
1699 5137 1714 5162 ,
1747 5100 1839 5153 τοῦ

167 5179 452 5250 πανταχοῦ
477 5179 577 5242 τὰς
606 5181 829 5243 ἀκτῖνας
855 5183 954 5250 τῆς
977 5181 1182 5244 οἰκείας
1206 5181 1547 5247 διδασκαλίας
1568 5185 1837 5252 ἀφιέντος.

177 5271 378 5322 Ἦνίκα
407 5267 518 5338 γὰρ
557 5260 710 5329 οὗτος
739 5267 832 5318 ἐπὶ
865 5267 964 5337 τὴν
1005 5267 1225 5337 Ῥώμην
1263 5269 1494 5339 ἀνήγετο
1519 5309 1534 5330 ,
1577 5272 1843 5341 χειμῶνος

165 5357 310 5410 κατά
337 5355 442 5425 τὴν
472 5353 740 5408 θάλατταν
773 5353 966 5407 πολλοῦ
999 5355 1292 5424 γενομένου
1311 5397 1326 5420 ,
1352 5357 1448 5408 καὶ
1481 5358 1697 5412 πάντων
1734 5360 1842 5413 τῶν

163 5444 226 5496 ἐν
253 5443 336 5512 τῷ
367 5441 542 5510 πλοεῳ
575 5441 702 5512 περὶ
731 5441 902 5512 αὐτῆς
936 5443 1035 5511 τῆς
1065 5443 1336 5512 σωτηρίας
1367 5443 1680 5498 δεδοικότων
1699 5485 1714 5510 ,
1752 5448 1842 5499 καὶ

163 5529 434 5599 οὐδεμίαν
465 5527 658 5584 ἐλπίδα
691 5527 842 5600 [2‘23]
870 5530 1112 5600 χρηστὴν
1140 5531 1372 5599 ἐχόντων
1399 5531 1484 5584 διὰ
1513 5533 1574 5584 τὸ
1605 5533 1699 5585 τοῦ
1728 5533 1846 5587 κλυ-

165 5618 364 5670 δωνίου
403 5616 668 5684 μέγεθος,
699 5617 936 5680 καλέσας
963 5617 1208 5680 ἅπαντάς
1257 5635 1422 5688 φησιν
1444 5635 1458 5652 ο
1499 5623 1843 5689 Εὐθυμεῑτε,

167 5706 412 5772 ἄνδρες.
431 5703 718 5768 Ἀποϐολὴ
741 5703 852 5772 γὰρ
875 5704 1086 5772 ψυχῆς
1111 5706 1356 5774 οὐδεμία
1383 5707 1554 5760 ἔσται
1581 5708 1649 5772 ἐξ
1679 5707 1846 5778 ημῶν

169 5791 344 5858 πλὴν
371 5791 480 5844 τοῦ
516 5792 754 5846 πλοίου.
787 5791 1062 5860 ιΙαρέστη
1097 5794 1206 5861 γάρ
1228 5813 1326 5862 μοι
1353 5797 1537 5864 ταύτῃ
1575 5795 1646 5864 τῇ
1671 5795 1842 5850 νυκτὶ

235 5933 250 5992 ’ξ
289 5927 444 5992 Savil.
469 5935 524 5977 cl
551 5929 634 5978 alii
665 5931 1074 5992 ὑπολειφθήσεται.

237 5991 264 6038 b
289 5991 469 6046 Morel.
497 5991 707 6050 ζηλωτὰς
739 5989 884 6048 αὐτοῦ
927 5998 1230 6050 καταστῆναι.

1313 347 1376 402 ΙΝ
1414 347 1565 402 CAP.
1603 347 1668 402 Vl
1703 347 1947 403 GENES.
1989 345 2218 402 HOMIL.
2261 347 2449 402 XXIV.

3488 341 3598 398 em

1929 460 2034 514 τοῦ
2063 461 2233 525 Θεοῦ,
2261 457 2332 517 οὗ
2362 465 2476 530 ειμι
2509 461 2602 514 καὶ
2635 463 2922 528 λατρεύω,
2967 461 3220 531 ἅγγελος
3262 457 3470 528 λέγων,
3497 461 3596 528 Μὴ

1925 547 2134 616 φοϐοῦ,
2171 549 2372 602 Παῦλε
2400 589 2414 610 ,
2446 547 2793 616 κεχάρισται
2833 549 2940 616 γάρ
2967 567 3067 602 σοι
3099 551 3131 602 ὁ
3181 547 3324 612 Θεὸς
3367 545 3596 612 πάντας

1924 633 2066 699 τοὺς
2092 635 2386 700 πλέοντας
2418 637 2566 702 μετὰ
2601 635 2737 689 σοῦ.
2780 633 2930 698 Εἶδες
2965 635 3082 698 πῶς
3113 637 3146 706 ὴ
3176 633 3346 704 ἀρετὴ
3379 632 3474 685 τοῦ
3505 635 3596 686 ἀν-

1924 720 2050 790 δρὸς
2082 721 2180 791 τὴν
2210 721 2482 792 σωτηρίαν
2514 721 2740 784 ἐκείνοις
2771 722 3136 794 προεξένησενς
3189 721 3384 791 μᾶλλον
3417 721 3473 773 δέ
3498 723 3596 790 οὐχ

1923 805 1958 872 ἡ
1993 804 2161 874 ἀρετὴ
2196 805 2374 874 μόνον,
2415 803 2549 856 ἀλλὰ
2581 806 2673 858 καὶ
2709 807 2740 874 ἡ
2769 805 3148 876 φιλανθρωπία
3177 803 3270 856 τοῦ
3300 804 3592 858 Δεσπότου.

1927 885 2032 940 Τὸν
2059 887 2222 938 αὐτὸν
2250 887 2313 958 δὴ
2343 888 2539 959 τρόπον
2570 890 2660 940 καὶ
2708 888 2802 940 νῦν
2831 887 2918 940 διὰ
2956 889 3082 958 μίαν
3131 889 3228 958 μὲν
3256 887 3432 939 αἰτίαν
3462 887 3595 944 ταύυ

1925 991 2059 1043 την⁹
2093 974 2161 1027 δι’
2191 975 2386 1044 ἑτέραν
2417 975 2494 1038 δὲ,
2526 975 2711 1046 ἐπειδὴ
2753 976 3000 1028 ἐϐούλετο
3032 975 3208 1044 ζύμην
3237 973 3359 1027 τινὰ
3386 975 3480 1026 καί
3513 973 3596 1044 ρί-

1927 1061 2028 1126 ζαν
2074 1061 2166 1113 τοῦ
2206 1062 2493 1132 μέλλοντος
2523 1065 2604 1125 είς
2647 1063 2708 1116 τὸ
2737 1062 2863 1133 ἑξῆς
2891 1061 3242 1115 συνίστασθαι
3274 1061 3465 1130 γένους
3497 1077 3597 1113 κα-

1925 1148 2278 1220 ταλειφθῆναι
2310 1165 2326 1180 ·
2374 1151 2478 1208 οὐκ,
2525 1151 2713 1222 ἐπειδὴ
2768 1150 3028 1208 ἀδύνατον
3083 1147 3160 1220 ἦν»
3202 1149 3280 1220 τῷ
3329 1148 3447 1220 Θεῷ
3505 1151 3598 1206 καὶ

1927 1236 2134 1290 ἄνωθεν
2173 1237 2338 1288 πάλιν
2377 1238 2704 1305 διαπλάσαι,
2736 1239 2829 1292 καὶ
2879 1239 2935 1304 ἐξ
2991 1239 3104 1300 ἐνὸς
3162 1238 3320 1308 μόνου
3353 1239 3412 1292 τὸ
3441 1241 3597 1308 γένος

1927 1323 2192 1391 αὐξῆσαι·
2225 1323 2338 1376 ἀλλ’
2357 1325 2542 1395 ἐπειδὴ
2579 1325 2750 1389 οὕτως
2785 1327 3096 1396 ἐδοκίμασε,
3125 1327 3230 1397 τὴιι
3253 1325 3428 1380 οἰκίαν
3458 1327 3594 1396 ἀγα-

1930 1409 2124 1478 θότητα
2149 1413 2504 1480 μιμούμενος.

1996 1497 2061 1552 ε’.
2095 1497 2361 1550 Σκόπειδέ
2383 1498 2478 1550 καὶ
2499 1497 2586 1550 διὰ
2609 1496 2716 1548 τῶν
2731 1498 2858 1569 ἑξῆς
2881 1499 2975 1551 τού
2993 1499 3126 1551 Θεοῦ
3151 1501 3248 1571 τὴν
3265 1499 3592 1570 ἀγαθότητα.

1929 1585 2140 1656 Ὥσπερ
2171 1585 2280 1656 γάρ
2308 1587 2366 1638 ὲν
2391 1589 2456 1657 τῇ
2487 1585 2680 1657 ἀπειλῇ
2709 1590 2808 1656 τῆς
2843 1588 3113 1658 τιμωρίας
3139 1629 3152 1648 ,
3195 1589 3332 1656 μετά
3356 1588 3450 1641 τοῦ
3487 1589 3598 1642 τῶν

1929 1673 2230 1743 ἀνθρώπων
2258 1673 2446 1740 γένους
2475 1674 2566 1726 καὶ
2609 1675 2676 1726 τά
2703 1676 2874 1744 κτήνη
2907 1675 2998 1727 καὶ
3027 1675 3096 1726 τὰ
3135 1673 3342 1743 ἑρπετά
3361 1715 3376 1740 ,
3405 1676 3500 1729 καὶ
3527 1678 3598 1730 τά

1928 1760 2172 1822 πετεινά,
2205 1761 2300 1813 καὶ
2327 1761 2397 1812 τά
2423 1760 2588 1831 θηρία
2611 1761 2905 1813 ἀπολέσθαι
2957 1758 3146 1814 εἷπενι
3189 1761 3332 1814 οῦτω
3375 1763 3475 1820 καὶ
3513 1763 3598 1814 ἐν·

1926 1846 2100 1900 ταῦθα
2120 1847 2207 1900 διὰ
2229 1847 2320 1899 τὸν
2355 1847 2562 1900 δίκαιον
2591 1848 2684 1900 καὶ
2713 1849 2779 1900 ἐκ
2812 1847 3016 1900 τούτων
3046 1848 3364 1920 εἰσαχθῆναι
3392 1849 3473 1914 είς
3499 1848 3608 1914 τὴν.

1929 1934 2160 1988 κιϐωτὸν
2189 1933 2282 2003 ἀφ’
2312 1935 2540 1988 ἑκάστου
2566 1935 2756 2002 γένους
2791 1936 3116 2004 προστάττει
3153 1937 3282 2004 μίαν
3313 1935 3596 2005 συζυγίαν,

1927 2021 2068 2074 ὥστε
2103 2021 2322 2092 σπέρμα
2356 2023 2446 2074 καὶ
2495 2021 2749 2092 ἀπαρχὴν
2797 2021 3052 2089 γενέσθαι
3088 2023 3184 2076 τοῦ
3241 2023 3389 2092 μετά
3423 2024 3600 2080 ταῦτα

1929 2109 2212 2179 μέλλοντος
2255 2108 2470 2162 ἔσεσθαι
2513 2108 2772 2180 πλήθους.
2813 2109 2921 2162 Καὶ
2961 2110 3080 2162 ἀπὸ
3114 2109 3391 2176 πάντων,
3440 2113 3594 2182 φησί,

1926 2196 2046 2250 τῶν
2067 2195 2323 2263 κτηνῶν,
2355 2195 2454 2248 καὶ
2483 2195 2602 2249 ἀπὸ
2641 2195 2884 2248 πάντων
2915 2195 3031 2248 τῶν
3064 2197 3281 2264 θηρίων
3302 2239 3316 2258 ,
3351 2199 3448 2252 καὶ
3477 2199 3596 2252 ἀπὸ

1927 2283 2131 2350 πάσης
2164 2281 2425 2350 σαρκὸς,
2477 2281 2587 2335 δύο
2626 2281 2734 2334 δύο
2771 2281 2888 2334 ἀπὸ
2936 2281 3179 2336 πάντων
3217 2283 3476 2352 εἰσάξεις
3511 2288 3608 2351 είς-

1925 2365 2042 2433 τὴν
2069 2365 2340 2429 κιϐωτὸν,
2373 2365 2476 2417 ἵνα
2503 2362 2730 2433 τρέφῃς
2755 2365 2904 2434 μετὰ
2933 2365 3195 2419 σεαυτοῦ
3222 2383 3236 2396 ·
3266 2365 3456 2434 ἄρσεν
3496 2369 3606 2424 καὶ·-

1927 2447 2084 2514 θῆλυ
2113 2447 2382 2501 ἔσονται.
2425 2447 2558 2500 Ἀπὸ
2583 2447 2826 2500 πάντων
2853 2446 2971 2500 τῶν
3003 2449 3226 2515 ὀρνέων
3262 2450 3381 2502 τῶν
3409 2467 3596 2504 πετει-

1926 2525 2050 2579 νῶν
2081 2525 2230 2578 κατὰ
2273 2525 2449 2593 γένος
2475 2566 2489 2588 ,
2537 2526 2634 2578 καί
2665 2526 2784 2580 ἀπὸ
2811 2525 2932 2579 τῶν
2958 2526 3194 2593 κτηνῶν
3221 2528 3371 2582 κατὰ
3398 2529 3593 2597 γένος,

1927 2605 2026 2658 καὶ
2064 2605 2180 2658 ἀπὸ
2231 2603 2349 2657 τιῐν
2399 2603 2664 2672 ἑρπετῶν
2693 2605 2812 2657 τῶν
2849 2606 3152 2671 ἑρπόντων
3191 2607 3289 2658 ἐπὶ
3329 2607 3438 2674 τῆς
3487 2606 3599 2677 γῆς

1927 2682 2078 2736 κατὰ
2131 2681 2339 2752 γένος,
2385 2683 2494 2737 δύο
2535 2683 2646 2737 δύο
2697 2683 2818 2737 ἀπὸ
2868 2683 3110 2736 πάντων
3145 2687 3606 2740 εἰσελεύσονται

1929 2764 2076 2828 πρὸς
2109 2761 2204 2820 σὲ,
2233 2763 2554 2830 τρέφεσθαι
2581 2765 2730 2830 μετὰ
2762 2762 3048 2824 σεαυτοῦ,
3081 2761 3271 2830 ἄρσεν
3292 2763 3390 2818 καὶ
3415 2763 3594 2834 θῆλυ.

1929 2842 1972 2892 Τ
1975 2843 2099 2893 οῦτο
2135 2841 2206 2911 μὴ
2232 2840 2418 2902 ἁπλῶς
2453 2840 2816 2912 παραδράμῃς
2838 2881 2852 2902 ,
2885 2841 3136 2911 ἀγαπητέ
3163 2857 3176 2870 ⁸
3210 2841 3458 2913 ἐννόησον
3489 2843 3608 2914 γάρ¹

1930 2921 2050 2972 ὅσον
2079 2919 2254 2972 ἔτικτε
2281 2919 2356 2988 τῷ
2381 2919 2574 2990 δικαίῳ
2598 2919 2688 2972 τὸν
2717 2918 3243 2990 θόρυϐον,ἐννοοῦντι
3271 2921 3368 2992 τὴν
3397 2921 3606 2975 τούτων

1929 2999 2066 3052 ὅλων
2099 2997 2432 3068 ἐπιμέλειαν.
2469 2999 2543 3050 Οὐ
2573 2997 2681 3068 γάρ
2711 2998 2866 3067 1ήρκει
2899 2997 3048 3068 αὐτῷ
3074 2999 3106 3069 ἡ
3141 2999 3363 3070 φροντὶς
3388 3003 3484 3072 τῆς
3504 3018 3600 3068 γυ-

1929 3082 2143 3144 ναικὸς,
2180 3082 2272 3134 καὶ
2320 3080 2430 3133 τῶν
2468 3080 2671 3134 παίδων
2698 3121 2711 3142 ,
2773 3079 2866 3132 καί
2899 3081 3007 3133 τῶν
3052 3080 3257 3134 τούτων
3304 3083 3598 3149 γυναικῶν,

1930 3159 2066 3214 ἀλλά
2099 3161 2190 3213 καὶ
2232 3163 2264 3230 ὴ
2298 3160 2538 3230 μέριμνα
2586 3159 2694 3212 τῶν
2743 3159 3014 3212 τοσούτων
3057 3160 3265 3227 ἀλόγων
3295 3161 3389 3214 καὶ
3415 3165 3447 3230 ὴ
3487 3161 3602 3216 δια-

1929 3241 2103 3308 τροφὴ
2132 3239 2503 3310 προσετίθετο.
2561 3237 2698 3291 Ἀλλ’
2732 3239 3023 3308 ἀνάμεινον
3073 3239 3301 3310 μικρὸν,
3345 3242 3439 3293 καὶ
3482 3241 3602 3310 ὕψει

1930 3317 2024 3370 τοῦ
2058 3316 2191 3368 Θεοῦ
2224 3316 2323 3386 τὴν
2350 3315 2682 3386 ἀγαθότητα,
2712 3317 2806 3370 καὶ
2825 3317 2974 3379 ὅπως
2998 3317 3338 3386 ἐπικουφίζει
3367 3318 3464 3389 τὴν
3483 3321 3602 3372 ἐπι-

1932 3395 2193 3466 κειμένην
2228 3394 2484 3465 φροντίδα
2529 3395 2607 3466 τῷ
2653 3395 2868 3465 δικαίῳ,
2910 3395 2992 3448 Σὺ
3030 3396 3098 3448 δὲ
3127 3396 3302 3464 λήψῃ
3345 3395 3600 3462 σεαυτῷ,

1934 3475 2120 3544 φησιν,
2162 3473 2278 3526 ἀπὸ
2311 3471 2554 3526 πάντων
2599 3471 2720 3526 τῶν
2735 3473 3069 3544 ,βρωμάτων
3097 3469 3186 3528 ὧν
3215 3477 3458 3538 ἑδεσθε,
3501 3477 3604 3532 καί

1933 3549 2220 3616 συνάξεις
2245 3554 2394 3618 πρὸς
2418 3551 2710 3616 σεαυτὸν,
2757 3553 2854 3605 καὶ
2883 3553 3055 3606 ἕσται
3083 3553 3182 3606 σοὶ
3213 3555 3312 3607 καί
3349 3556 3602 3622 ἐκείνοις

1934 3629 2165 3698 φαγεῖν.
2195 3629 2288 3699 Μὴ
2325 3629 2588 3701 νομίσῃς,
2628 3631 2820 3700 φησὶν,
2865 3632 3199 3701 ἀπρονόητόν
3233 3649 3292 3684 σε
3331 3635 3600 3704 καταλιμ-

1935 3707 2221 3764 πάνεσθαι.
2269 3707 2400 3761 Ἰδοὺ
2441 3709 2548 3776 γάρ
2587 3709 2907 3778 προστάττω
2937 3709 3032 3762 καὶ
3067 3709 3136 3762 τὰ
3174 3711 3309 3782 πρὸς
3463 3713 3600 3783 ὑμε-

1933 3789 2098 3858 τέραν
2123 3786 2328 3857 τροφὴν
2377 3787 2650 3858 ἀρκοῦντα
2678 3829 2694 3854 ,
2729 3789 2825 3841 καὶ
2871 3788 2942 3841 τὰ
2991 3789 3128 3859 πρὸς
3170 3789 3460 3860 διατροφὴν
3491 3793 3601 3845 τῶν

1935 3865 2144 3934 ἀλόγων
2171 3866 2386 3918 ἅπαντα
2415 3865 2731 3936 εἰσαχθῆναι
2767 3868 2848 3930 είς
2879 3867 2976 3938 τὴν
3009 3868 3260 3933 κιϐωτὸν,
3291 3869 3426 3922 ὥστε
3464 3873 3601 3942 μήτε

1937 3946 2082 4013 ὑμᾶς
2125 3942 2284 4013 λιμοῦ
2321 3945 2416 3996 καὶ
2462 3945 2821 4015 στενοχωρίας
2866 3947 3062 4017 πεῖραν
3091 3945 3308 4012 λαϐεῖν,
3363 3949 3500 4019 μήτε
3531 3950 3604 4003 τὰ.

1936 4024 2106 4092 ἄλογα
2134 4021 2498 4093 διαφθαρῆναι
2530 4023 2631 4076 οὐκ
2670 4023 2862 4094 ἔχοντα
2890 4027 2988 4095 τὴν
3022 4025 3354 4096 κατάλληλον
3375 4030 3598 4100 τροφήν.

1935 4103 2044 4156 Καὶ
2070 4101 2342 4168 ἐποίησε,
2367 4103 2520 4171 φησὶ,
2545 4101 2674 4155 Νῶε
2702 4101 2899 4156 πάντα
2929 4103 3046 4156 ὅσα
3075 4101 3410 4158 ἐνετείλατο
3439 4107 3602 4172 αὐτῷ

1935 4183 2149 4248 Κύριος
2185 4183 2217 4233 ό
2244 4179 2388 4246 Θεὸς
2411 4219 2426 4244 ,
2461 4179 2649 4246 οὕτως
2676 4179 2984 4248 ἐποίησεν.
3020 4179 3165 4254 Ὅρα
3197 4199 3288 4252 μοι
3323 4183 3483 4238 πάλιν
3507 4187 3604 4240 καὶ

1937 4258 2168 4313 ἐνταῦθα
2191 4259 2466 4328 ἐγκωμίου
2495 4258 2740 4328 μέγεθος.
2759 4259 3062 4327 Ἐποίησε,
3087 4263 3240 4330 φησὶ,
3259 4259 3386 4315 Νῶε
3406 4261 3602 4316 πάντα

1937 4339 2054 4392 ὅσα
2079 4339 2416 4393 ἐνετείλατο
2447 4337 2608 4402 αὐτῷ
2633 4339 2847 4406 Κύριος
2893 4341 2926 4393 ό
2959 4341 3121 4404 Θεός.
3159 4341 3234 4393 Οὐ
3263 4341 3323 4393 τὸ
3367 4342 3465 4412 μὲν
3493 4343 3601 4395 τῶν

1937 4417 2336 4488 ἐπιταχθέντων
2364 4418 2443 4479 εἰς
2488 4415 2646 4487 ἔργον
2671 4417 2874 4487 ἤγαγε,
2904 4417 2999 4470 τοῦ
3031 4418 3089 4470 δὲ
3124 4419 3396 4488 ἠμέλησεν
3418 4463 3432 4486 ,
3465 4420 3601 4474 ἀλλά

1939 4499 2116 4551 πάντα
2146 4498 2214 4548 τά
2263 4496 2586 4550 ἐνταλθέντα
2625 4497 2870 4568 ἐποίησε,
2917 4498 3010 4551 καὶ
3057 4499 3256 4565 Οὕτως
3290 4501 3598 4568 ἐποίησεν,

1937 4577 2124 4646 ὥσπερ
2158 4574 2460 4628 ἐνετείλατο
2493 4575 2674 4646 αὐτῷ·
2710 4576 2860 4628 οὐδὲν
2889 4577 3216 4647 παρέλιπεν,
3247 4579 3384 4632 ἀλλὰ
3426 4581 3600 4632 πάντα

1941 4655 2219 4725 ἐπλήρωσε
2243 4693 2258 4716 ,
2289 4653 2383 4705 καί
2411 4653 2578 4719 ἔδειξε
2615 4655 2707 4707 καὶ
2730 4654 2797 4706 δι’
2826 4655 3006 4708 αὐτῶν
3030 4656 3138 4708 τῶν
3167 4655 3342 4726 ἔργων
3364 4696 3378 4718 ,
3402 4658 3480 4710 ὅτι
3517 4659 3598 4710 δι-

1939 4733 2105 4796 καίως
2150 4730 2355 4802 ἠξιώθη
2383 4731 2594 4796 εὐνοίας
2628 4733 2776 4803 παρά
2811 4733 2905 4785 τοῦ
2935 4735 3222 4787 Δεσπότου.
3255 4736 3440 4786 Πόσων
3477 4751 3600 4788 στε-

1941 4813 2124 4880 φάνων
2153 4813 2254 4864 οὐκ
2289 4811 2416 4874 ἀξία
2447 4809 2512 4862 ἂν
2543 4811 2751 4879 γένοιτο
2778 4814 2810 4882 ἡ
2852 4813 3123 4882 μαρτυρία
3145 4813 3281 4881 αὕτη
3303 4853 3317 4874 ,
3532 4809 3602 4886 ἧς

1939 4890 2221 4960 ἀπήλαυσε
2260 4891 2412 4959 παρά
2457 4891 2556 4960 τῆς
2603 4891 2754 4954 θείας
2787 4892 3006 4962 Γραφῆς
3037 4894 3066 4943 ὁ
3111 4893 3358 4956 δίκαιος;
3397 4894 3492 4956 Τίς
3531 4893 3608 4948 ἂν

1941 4968 2148 5035 γένοιτο
2181 4969 2644 5038 μακαριστότερος
2677 4969 2772 5022 τοῦ
2801 4971 2974 5022 πάντα
3003 4973 3080 5033 εἰς
3113 4971 3272 5040 ἔργον
3305 4974 3600 5039 ἀγαγόντος

1939 5045 2008 5099 τὰ
2039 5045 2188 5115 παρά
2228 5047 2321 5098 τοῦ
2356 5045 2487 5098 Θεοῦ
2529 5047 2849 5100 ἐνταλθέντα
2875 5087 2889 5108 ,
2920 5049 3012 5100 καί
3059 5049 3323 5119 τοσαύτην
3356 5051 3602 5122 ὑπακοὴν

1943 5123 2071 5202 περὶ
2097 5126 2163 5177 τὰ
2185 5125 2543 5194 ἐπι-ταχθέντα
2567 5125 3004 5196 ἐπιδειξαμένου;
3026 5127 3135 5179 Καὶ
3162 5128 3250 5180 ῖνα
3273 5129 3448 5202 μάθῃς
3470 5130 3602 5200 ὅσης

1942 5201 2186 5266 ἀξιοῦται
2215 5203 2300 5253 διὰ
2327 5202 2481 5254 τοῦτο
2506 5203 2604 5271 τῆς
2634 5207 2986 5274 προρρήσεως
3010 5206 3158 5276 παρά
3183 5206 3275 5258 τοῦ
3300 5201 3406 5259 τῶν
3433 5209 3602 5264 ἀπάν-

1942 5300 2050 5335 των
2075 5281 2426 5352 δημιουργοῦ,
2459 5281 2622 5334 άκουε
2649 5283 2756 5336 τῶν
2782 5283 2933 5351 ἑξῆς·
2959 5285 3066 5337 Καὶ
3098 5281 3248 5350 εἷπε,
3281 5287 3412 5356 φησί
3431 5327 3446 5352 ,
3481 5289 3600 5342 K25-

1938 5379 2068 5429 ριος
2093 5364 2126 5413 ὁ
2159 5360 2303 5426 Θεὸς
2329 5359 2478 5427 πρὸς
2499 5359 2624 5413 Νῶε
2647 5375 2662 5388 ’
2699 5361 2954 5414 Εἵσελθε
2982 5361 3062 5414 σὺ
3103 5363 3202 5415 καὶ
3234 5363 3352 5430 πᾶς
3375 5369 3406 5418 ό
3437 5361 3602 5432 οἶκός

1943 5453 2060 5492 σου
2083 5441 2169 5504 εὶς
2197 5438 2312 5504 τὴν
2344 5439 2611 5492 κιϐωτόν.
2643 5436 2776 5492 Εἶτα
2805 5440 2890 5490 ἵνα
2924 5439 3202 5510 μάθωμεν,
3239 5441 3314 5503 ῶς
3335 5443 3396 5494 οὐ
3419 5443 3600 5513 χάριτι

1947 5517 2106 5587 μόνον
2135 5515 2294 5578 σώζει
2326 5515 2416 5569 τὸν
2435 5517 2661 5582 δίκαιον,
2689 5516 2828 5571 ἀλλά
2855 5520 2950 5570 καὶ
2978 5518 3084 5570 τῶν
3113 5519 3288 5572 πόνων
3317 5523 3414 5582 τάς
3443 5523 3570 5590 ἀμοι
3589 5551 3602 5562 -

1944 5596 2046 5658 ϐἀς
2077 5594 2225 5663 αὐτῴ
2247 5593 2447 5658 δίδωσι,
2483 5595 2574 5648 καὶ
2595 5595 2696 5664 τῆς
2722 5597 2923 5665 ἀρετῆς
2954 5596 3053 5658 τὰς
3075 5597 3394 5660 ἀντιδόσεις,
3431 5603 3597 5670 φησί·

1944 5673 2041 5724 Διά
2066 5671 2222 5724 τοῦτό
2258 5689 2315 5723 σε
2353 5673 2672 5742 προστάττω
2699 5675 2778 5736 εἰς
2804 5673 2902 5744 τὴν
2931 5675 3156 5727 κιϐωτὸν
3183 5675 3440 5731 εἰσελθεῖν
3464 5697 3526 5749 με
3539 5682 3600 5733 τά

1943 5752 2038 5804 τοῦ
2066 5751 2213 5829 οίκου
2260 5767 2374 5814 σου,
2408 5751 2536 5805 Ὅτι
2569 5769 2643 5806 σε
2681 5749 2844 5808 εἶδον
2874 5755 3107 5808 δίκαιον
3148 5755 3426 5812 ἐναντίον
3455 5761 3600 5829 ἐμοῦ

1945 5832 2016 5910 ἐν
2045 5828 2327 5910 τῇῌγενεᾷν
2344 5832 2548 5899 ταύτῃ.
2571 5833 2794 5904 Μεγάλη
2845 5835 2936 5888 καὶ
2978 5833 3286 5898 ἀξιόπιστος
3326 5839 3360 5906 ἡ
3393 5828 3600 5910 μαρτυ-

1949 5908 2059 5978 ρία.
2083 5908 2148 5958 Τί
2173 5909 2278 5979 γάρ
2303 5908 2370 5962 ἂν
2401 5911 2610 5976 γένοιτο
2633 5911 2836 5982 ταύτης
2865 5913 3068 5982 μεῖξον,
3093 5913 3218 5965 ὅταν
3249 5914 3408 5978 αὐτὸς
3439 5908 3604 5988 ὀ-Δη-

1952 5986 2238 6061 μιουργὸς,
2271 5989 2298 6040 ό
2319 5989 2409 6042 καὶ
2441 5991 2520 6054 είς
2544 5989 2600 6044 τὸ
2630 5987 2764 6044 εἶναι
2799 5989 3164 6064 παραγαγὼν,
3201 5993 3416 6047 τοιαῦτα
3437 5986 3602 6068 ψηφί-
