4062 6396
512 269 621 335 215

516 462 794 516 ἐναντίον
818 459 984 530 ἐμοῦ.
1027 459 1093 512 Ἦ
1132 459 1336 530 ἀληθὴς
1375 459 1544 529 ἀρετὴ
1579 457 1717 529 αὐτη
1738 499 1754 524 ,
1787 459 1916 512 ὅταν
1951 456 2189 510 ἐναντίον

523 549 618 602 τοῦ
638 547 773 602 Θεοῦ
804 564 887 610 τις
908 545 1112 616 ταύτην
1135 547 1520 613 ἐπιδείκνυται,
1547 547 1675 602 ὅταν
1702 548 1731 600 6
1753 545 2028 616 ὀφθαλμὸς
2053 546 2192 597 ἐκεῖ·

524 653 616 700 νος
651 637 679 689 6
717 634 1154 706 ἀπαραλόγιστος
1197 634 1296 704 τὴν
1323 634 1502 704 ψῆφον
1530 634 1692 708 φέρῃ.
1749 629 1885 688 Εἶτα
1923 632 2190 687 διδάσκων

523 725 670 795 ἡμᾶς
696 723 726 775 ὁ
748 721 1126 792 φιλάνθρωπος
1155 720 1287 784 Θεὸς
1316 721 1378 774 16
1413 722 1609 794 μέτρον
1650 722 1752 793 τῆς
1782 722 1982 792 ἀρετῆς
2003 762 2020 788 ,
2053 723 2192 792 ὅπερ

521 810 722 882 ἀπῄτει
756 809 877 862 τότε
910 808 1060 880 παρά
1086 808 1181 862 τοῦ
1213 808 1422 862 δικαίου
1465 810 1562 878 (οὐ
1592 809 1699 880 γὰρ
1744 811 1806 862 16
1831 809 1964 862 αὐτὸ
1997 808 2192 878 μέτρον

524 899 655 970 παρ’
681 898 913 951 ἑκάστου
938 897 1184 968 βούλεται
1216 899 1314 968 τῆς
1343 899 1544 969 ἀρετῆς
1568 897 1934 968 εἰσφέρεσθαι,
1969 897 2103 950 ἀλλά
2124 899 2190 967 τῇ

522 987 756 1058 διαφορᾷ
785 986 892 1039 τῶν
927 986 1132 1057 χρόνων
1163 987 1256 1040 καὶ
1281 984 1379 1055 τὴν
1417 985 1680 1054 διαφορὰν
1710 985 1807 1053 τῆς
1844 984 2044 1055 ἀρετῆς
2073 986 2194 1036 ἐπι-

525 1076 735 1146 ζητεῖ),
769 1075 934 1144 φησὶν
959 1115 973 1140 ,
1001 1075 1132 1126 Ὅτι
1175 1088 1248 1125 σε
1275 1069 1438 1126 εἶδον
1466 1073 1702 1125 δίκαιον
1723 1073 2003 1126 ἐναντίον
2049 1071 2194 1140 ἐμοῦ

525 1162 598 1214 ἐν
618 1159 690 1229 τῇ
713 1160 890 1230 γενεᾷ
919 1160 1124 1226 ταύτῃ,
1153 1160 1232 1222 εἰς
1257 1160 1452 1212 κακίαν
1471 1158 1805 1229 ἀποκλινάσῃ
1831 1150 2119 1228 τοσαύτην,
2138 1160 2196 1210 ἐν

524 1252 592 1321 τῇ
627 1251 788 1319 γενεᾷ
818 1248 988 1319 ταύτῃ
1021 1251 1086 1318 τῇ
1144 1249 1388 1318 πονηρᾷ,
1427 1247 1522 1316 τὴν
1575 1247 1841 1316 τοσαύτην
1873 1246 2194 1316 ἀγνωμοσύ-

526 1355 624 1408 νην
673 1335 1074 1408 ὲπιδειξαμένῃ.
1109 1335 1186 1388 Σὲ
1227 1332 1392 1389 εἶδον
1435 1335 1698 1398 δίκαιον,
1737 1335 1796 1388 σὲ
1839 1338 1998 1406 μόνον
2039 1329 2196 1404 εὗρον

526 1423 867 1493 εὐγνώμονα,
887 1423 945 1474 σὲ
971 1420 1108 1475 εἶδον
1130 1422 1227 1492 τῆς
1254 1423 1454 1492 ἀρετῆς
1474 1422 1641 1476 πολὺν
1665 1422 1981 1492 ποιούμενον
2007 1422 2162 1490 λόγον
2179 1440 2192 1454 ο

529 1514 596 1565 σὺ
635 1511 791 1581 μόνος
822 1510 1058 1562 ἐναντίον
1097 1526 1193 1578 μου
1223 1510 1427 1571 δίκαιος
1456 1509 1673 1578 ὤφθης,
1707 1509 1913 1563 τούτων
1943 1509 2198 1564 ἀπάντων

529 1598 919 1669 ἀπολλυμένων
943 1614 956 1629 ·
993 1597 1050 1649 σὲ
1093 1598 1412 1667 προστάττω
1449 1596 1706 1649 εἰσελθεῖν
1755 1597 1892 1666 μετά
1921 1596 2015 1649 τοῦ
2049 1598 2198 1650 οῖκου

533 1703 626 1740 σου
659 1686 859 1748 παντὸς
892 1685 971 1746 εἰς
997 1684 1095 1754 τήν
1130 1683 1362 1736 κιϐωτόν
1382 1700 1394 1714 ·
1443 1684 1552 1736 ἀπὸ
1580 1684 1636 1737 δὲ
1683 1683 1790 1736 τῶν
1833 1685 2044 1754 κτηνῶν
2092 1685 2200 1740 τῶν

532 1772 790 1844 καθαρῶν
813 1770 1018 1824 κελεύω
1053 1787 1112 1822 σε
1141 1771 1454 1838 εἰσαγαγεῖν
1477 1769 1618 1822 61:16
1648 1771 1806 1824 61:16.
1826 1771 2039 1840 Ἐπειδὴ
2064 1789 2198 1842 προ-

531 1859 710 1912 λαϐὼν
743 1857 1070 1929 προσέταξεν
1103 1856 1419 1927 ἀδιορίστως
1465 1857 1573 1910 61:6
1602 1858 1818 1911 πάντων
1859 1858 1987 1928 μίαν
2041 1857 2202 1924 συζυ-

533 1948 658 2016 γίαν
693 1945 1044 2016 εἰσαχθῆναιο
1079 1943 1166 1996 διά
1198 1942 1356 1996 τοῦτο
1403 1943 1497 1997 νῦν
1551 1962 1714 2014 φησιν
1739 1986 1754 2010 ,
1793 1945 1926 1999 Ἀπὸ
1969 1946 2039 1998 δὲ
2085 1946 2204 2000 τῶν

533 2037 805 2108 καθαρῶν
832 2036 983 2090 ἑπτὰ
1014 2036 1200 2100 ἑπτὰ,
1249 2035 1368 2089 ἀπὸ
1397 2035 1469 2088 δὲ
1503 2035 1624 2090 τῶν
1655 2035 1741 2104 μὴ
1775 2035 2048 2106 καθαρῶν
2092 2037 2203 2092 δύο

532 2128 664 2190 δύο,
693 2124 882 2195 ἄρσεν
907 2125 1004 2178 καὶ
1055 2123 1234 2192 θῆλυ.
1259 2120 1391 2178 Εἶτα
1435 2124 1534 2194 τὴν
1569 2123 1745 2177 αἰτίαν
1788 2125 2054 2179 διδάσκων
2103 2128 2203 2179 61:-

535 2218 732 2285 ήγαγε,
757 2215 1070 2284 Διαθρέψαι
1090 2211 1326 2280 σπέρμα
1349 2211 1448 2264 ἐπὶ
1473 2209 1680 2266 πᾶσαν
1709 2211 1822 2280 τὴν
1847 2213 1984 2282 γῆν.
2020 2215 2205 2280 ’Ἄξιον

532 2302 591 2356 δὲ
617 2301 852 2356 ἐνταῦθα
889 2301 1232 2372 διερευνῆσαι
1263 2299 1356 2352 καὶ
1402 2299 1527 2353 ἰδεῖν
1547 2339 1562 2362 ,
1595 2299 1756 2352 πόθεν
1796 2300 1912 2370 ᾔδει
1943 2303 1971 2354 6
1999 2301 2204 2364 δίκαιος

534 2391 657 2444 τίνα
689 2389 787 2460 μὲν
815 2383 883 2460 ἦν
921 2387 1158 2458 καθαρά,
1185 2386 1307 2438 τίνα
1334 2385 1392 2438 δὲ
1417 2385 1724 2457 ἀκάθαρτα.
1757 2387 1980 2441 Οὐδέπω
2003 2390 2111 2460 γὰρ
2137 2385 2204 2461 ἦν

534 2480 568 2548 ἡ
600 2477 864 2547 διαίρεσις
884 2473 1021 2542 αὐτη
1052 2473 1414 2544 γεγενημένη,
1447 2473 1514 2543 ἢν
1559 2474 1695 2544 μετά
1721 2474 1893 2528 ταῦτα
1919 2478 1947 2529 6
1972 2476 2205 2548 Μωύσῆς

534 2565 895 2636 ἐνομοθέτησε
932 2565 1044 2625 τοῖς
1089 2561 1382 2625 Ἰουδαίοις.
1432 2560 1603 2614 Πόθεν
1644 2558 1738 2615 οὖν
1783 2563 1927 2632 ᾕδεις
1957 2564 2203 2632 Οίκοθεν,

537 2651 854 2720 κινούμενος
873 2647 979 2702 ἀπὸ
1002 2651 1100 2719 τῆς
1129 2649 1185 2700 ἐν
1213 2651 1279 2718 τῇ
1309 2646 1467 2716 φύσει
1498 2649 1928 2719 έναποκειμένης
1954 2649 2206 2704 διδασκα-

517 2738 688 2806 λίας,
719 2737 855 2807 μετά
893 2736 950 2789 δὲ
981 2735 1183 2804 ταύτης
1215 2736 1309 2789 καὶ
1333 2737 1360 2788 ό
1384 2735 1644 2805 λογισμὸς
1679 2736 2072 2807 ὑπηγόρευσεν.
2111 2741 2208 2793 Οὐ-

535 2825 626 2878 δέν
669 2824 778 2894 γὰρ
832 2821 1138 2892 ἀκάθαρτον
1170 2819 1278 2872 τῶν
1324 2820 1474 2890 παρά
1507 2820 1601 2872 τοῦ
1640 2821 1772 2874 Θεοῦ
1806 2823 2203 2894 γεγενημένων.

539 2910 666 2974 [Ιῶς
693 2910 799 2981 γὰρ
830 2909 1139 2980 ἀκάθαρτον
1184 2906 1514 2977 καλέσαιμέν
1550 2924 1603 2960 τι
1635 2907 1743 2961 τῶν
1782 2908 2209 2983 δημιουργηθέν-

537 3016 668 3064 των,
693 2997 839 3061 ἅπαξ
856 2998 954 3068 τῆς
979 2995 1184 3052 ἀνωθεν
1207 2997 1392 3066 ψήφου
1423 2995 1552 3066 περὶ
1578 2995 1757 3049 αὐτῶν
1781 3009 1806 3036 ει
1835 3001 2210 3073 γεγενημένης

541 3085 636 3140 καὶ
676 3083 933 3155 εἰπούσης
974 3085 1070 3154 τῆς
1124 3082 1274 3145 θείας
1325 3082 1585 3152 Γραφῆς,
1627 3083 1710 3135 ὅτι
1757 3080 1936 3138 Εἷδεν
1988 3089 2020 3138 ό
2065 3087 2209 3155 Θεὸς

539 3171 740 3227 πάντα
768 3172 884 3226 ὅσα
920 3172 1189 3238 ἐποίησε,
1219 3169 1317 3223 καὶ
1355 3169 1484 3224 ἰδοὺ
1512 3169 1671 3224 καλὰ
1699 3171 1842 3224 λίαν
1858 3187 1879 3235 ;
1916 3172 2075 3226 Ἀλλά
2101 3175 2209 3229 λοι-

541 3261 645 3316 πὸν
682 3263 715 3332 ή
749 3259 910 3329 φύσις
945 3259 1039 3328 ἀφ’
1075 3257 1274 3328 ἑαυτῆς
1319 3259 1610 3330 κινουμένη
1643 3261 1742 3329 τὴν
1775 3259 2045 3333 διάκρισιν
2083 3265 2212 3318 ταύ-

541 3365 642 3420 την
686 3347 1017 3410 ἐπεδείξατο.
1048 3346 1160 3398 Καὶ
1200 3348 1284 3400 ὅτι
1320 3345 1476 3400 τοῦτό
1518 3347 1666 3399 ἐστιν
1699 3347 1923 3417 ἀληθὲς,
1960 3351 2211 3423 ἐννόησόν

548 3453 637 3504 μοι
660 3436 738 3488 ἔτι
764 3435 858 3488 καὶ
890 3434 1006 3497 νῦν,
1036 3435 1185 3496 ὅπως
1213 3433 1270 3486 έν
1298 3450 1406 3486 τισι
1440 3435 1537 3503 μὲν
1561 3433 1748 3498 τόποις
1788 3435 1951 3489 τινῶν
1983 3439 2213 3511 ἀπέχον-

543 3540 646 3577 ται·
665 3523 795 3576 ένιοι
832 3523 907 3585 ὡς
935 3521 1260 3591 ἀκαθάρτων
1292 3521 1386 3574 καὶ
1430 3523 1503 3591 μὴ
1533 3523 1952 3593 νενομισμένων,
1988 3524 2118 3580 ἔνιοι
2154 3530 2212 3584 δὲ

543 3612 747 3666 τούτων
777 3609 935 3663 πάλιν
972 3609 1070 3678 τὴν
1107 3607 1405 3678 μετάληψιν
1448 3607 1747 3670 ποιοῦνται,
1795 3610 1897 3680 τῆς
1927 3613 2212 3684 συνηθείας

546 3697 740 3760 αὐτοὺς
773 3697 864 3750 61:1
906 3696 1062 3750 τοῦτο
1089 3695 1347 3765 ἀγούσης.
1377 3693 1562 3758 Οὐτως
1588 3691 1679 3748 οὖν
1721 3696 1815 3749 καὶ
1845 3698 1964 3750 τότε
1995 3701 2132 3772 αὐτὴ
2176 3707 2210 3776 η

546 3783 946 3853 ἑναποκειμένη
974 3782 1175 3851 γνῶσις
1207 3781 1284 3850 τῷ
1321 3781 1516 3852 δικαίῳ
1545 3780 1787 3834 ἐδίδασκε
1813 3821 1828 3840 ,
1861 3783 1980 3837 τίνα
2015 3785 2114 3854 μὲν
2143 3782 2212 3858 ἦν

547 3870 699 3943 [225]
733 3871 868 3941 πρὸς
901 3869 1101 3940 βρῶσιν
1135 3868 1444 3940 ἐπιτήδεια,
1473 3868 1591 3921 τίνα
1640 3868 1698 3922 δὲ
1745 3870 2032 3939 ἀκάθαρτα
2060 3913 2074 3937 ,
2114 3876 2214 3928 οὐκ

546 3962 676 4016 ὅντα
701 4002 716 4026 ,
762 3960 898 4016 ἀλλά
932 3959 1278 4031 νομιζόμενα.
1311 3958 1466 4022 Τίνος
1511 3957 1694 4012 ἕνεκεν
1717 3999 1732 4024 ,
1782 3961 1902 4013 εἰπέ
1935 3977 2058 4030 μοι,
2093 3963 2214 4015 ὄνον

545 4051 853 4121 ἀκάθαρτον
885 4049 1166 4120 ἡγούμεθα
1190 4088 1205 4111 ,
1234 4047 1407 4101 καίτοι
1443 4046 1593 4100 οὐδὲν
1623 4047 1808 4119 ἕτερον
1836 4049 2147 4119 σιτούμενον
2178 4051 2212 4122 ἢ

548 4139 841 4209 σπέρματα
861 4179 877 4203 ,
904 4138 1064 4208 ἕτερα
1103 4138 1156 4190 δὲ
1189 4135 1296 4188 τῶν
1325 4135 1670 4206 τετραπόδων
1700 4136 1832 4206 πρὸς
1859 4137 2061 4208 βρῶσιν
2093 4140 2214 4191 ἐπι-

547 4225 734 4295 τήδεια
756 4225 1070 4296 νομίζομεν,
1095 4222 1269 4276 καίτοι
1291 4223 1601 4294 ἀκαθάρτου
1634 4226 1840 4294 τροφῆς
1870 4225 2216 4297 μεταλαμϐά-

546 4330 746 4377 vowel;
787 4312 971 4373 Οὕτως
1011 4315 1046 4382 ἡ
1079 4311 1229 4382 παρά
1260 4311 1353 4365 τοῦ
1387 4311 1521 4363 Θεοῦ
1554 4312 1920 4383 χορηγηθεῖσα
1954 4316 2019 4384 τῇ
2055 4314 2214 4383 φύσει

547 4401 749 4470 γνῶσις
777 4399 982 4452 τούτων
1015 4397 1331 4462 διδάσκαλος
1354 4399 1582 4466 ἐγίνετο.
1629 4399 1861 4472 Ἑτέρως
1884 4401 1940 4454 δὲ
1969 4401 2114 4456 ἔστιν
2137 4406 2216 4457 εί-

548 4491 691 4551 πεῖν,
723 4489 805 4541 ὃτι
836 4487 928 4540 καὶ
951 4489 979 4540 6
1002 4485 1307 4556 προστάξας
1329 4484 1459 4548 Θεὸς
1481 4487 1581 4558 τὴν
1612 4486 1810 4555 γνῶσιν
1840 4488 1987 4559 αὐτῷ
2009 4489 2213 4545 τούτων

545 4577 713 4647 δήλην
743 4562 1016 4646 ἐποίησεν.
1061 4572 1219 4626 Ἀλλά
1247 4573 1372 4644 περὶ
1411 4572 1510 4643 μὲν
1538 4573 1647 4628 τῶν
1676 4573 1929 4647 καθαρῶν
1959 4578 2052 4632 καὶ
2077 4580 2214 4632 ἀκα-

550 4665 765 4736 θάρτων
795 4661 1106 4734 ἀρκούντως
1129 4661 1454 4731 εἰρήκαμεν.

621 4752 695 4817 ς’.
717 4751 884 4806 Πάλιν
906 4751 961 4804 δὲ
977 4750 1062 4804 ἒτε
1072 4767 1163 4821 ρον
1181 4750 1310 4820 ἡμῖν
1335 4746 1629 4803 ἀνακύπτει
1655 4750 1872 4824 ζήτημα
1892 4768 1905 4782 ⁸
1933 4755 1998 4806 Τί
2018 4755 2215 4826 δήποτε

547 4838 657 4893 61:6
691 4837 791 4910 μὲν
817 4838 926 4892 τῶν
958 4835 1282 4908 ἀκαθάρτων
1313 4835 1406 4889 δύο
1437 4835 1529 4889 δύο
1548 4875 1562 4901 ,
1593 4838 1700 4892 61:6
1730 4838 1788 4891 δὲ
1828 4839 1934 4893 τῶν
1961 4842 2216 4913 καθαρῶν

547 4927 688 4980 ἑπτὰ
715 4924 888 4990 ἐπτά;
919 4925 1014 4977 καὶ
1044 4923 1204 4978 πάλιν
1224 4939 1238 4954 ⁸
1266 4924 1421 4986 Τίνος
1446 4923 1631 4978 ἕνεκεν
1655 4927 1751 4996 οὐχ
1783 4927 1842 4991 ἒξ
1861 4967 1876 4990 ,
1905 4928 2024 4981 οὐδὲ
2050 4928 2214 4995 ὀκτὼ,

546 5014 660 5068 ἀλλ’
681 5013 848 5074 ἐπτάς
874 5013 1027 5082 Τάχα
1052 5013 1130 5076 εἰς
1155 5010 1287 5065 πολύ
1314 5013 1485 5082 μῆκος
1508 5012 1535 5063 ό
1558 5011 1712 5081 λόγος
1739 5015 1868 5084 ἡμῖν
1896 5017 2213 5070 ἐκτείνεται⁶

547 5105 664 5159 ἀλλ’
695 5105 742 5156 εί
774 5103 849 5174 μὴ
874 5101 1211 5173 ἀπεκάμετε,
1243 5102 1337 5154 καὶ
1364 5100 1638 5171 βούλεσθε,
1664 5104 1939 5174 συντόμως
1969 5105 2063 5158 καί
2091 5107 2218 5178 περὶ

546 5192 752 5247 τούτων
799 5191 1079 5259 διδάξομεν
1116 5189 1214 5260 τὴν
1267 5190 1537 5261 ὑμετέραν
1587 5191 1844 5262 ἀγάπην,
1880 5193 2025 5263 άπερ
2069 5193 2136 5247 ἂν
2183 5197 2215 5265 ὴ

547 5280 642 5334 τοῦ
671 5278 807 5332 Θεοῦ
848 5279 1006 5349 χάρις
1035 5278 1339 5348 χορηγήσῃ.
1371 5277 1565 5332 Πολλοὶ
1600 5281 1707 5350 γὰρ
1741 5279 1911 5334 πολλὰ
1940 5282 2067 5352 περὶ
2095 5282 2217 5335 τού-

548 5385 657 5422 των
699 5365 1054 5437 μυθολογοῦσι
1080 5404 1095 5428 ,
1131 5364 1226 5418 καὶ
1268 5364 1516 5418 ἐντεῦθεν
1567 5367 1821 5439 ἀφορμὴν
1852 5367 2217 5438 λαμϐάνοντες

550 5455 959 5526 παρατηρήσεις
997 5451 1244 5524 ἀριθμῶν
1280 5451 1692 5507 ἐπιδείκνυνται.
1730 5455 1851 5507 ’Ότι
1881 5454 1938 5507 δὲ
1971 5455 2070 5508 οὐκ
2101 5451 2217 5508 ἐστι

552 5543 961 5614 παρατήρησις,
995 5541 1110 5595 ἀλλ’
1132 5541 1168 5611 ὴ
1201 5539 1429 5611 ἄκαιρος
1471 5541 1951 5615 φιλοπραγμοσύνη
1981 5543 2089 5597 τῶν
2127 5544 2218 5597 ἀν-

611 5715 628 5736 ’
662 5715 754 5765 Λίἰὶ
776 5714 881 5778 περὶ
901 5713 1072 5775 αὐτῶν,
1099 5712 1183 5761 alii
1207 5710 1323 5775 ὑπὲρ
1345 5712 1516 5761 αὐτῶν.

1304 253 1365 313 S.
1400 251 1683 309 JOAN‘NIS
1717 247 2207 307 CHRYSOSTOMI
2251 244 2571 301 ARCHIEP.
2611 244 3161 303 CONSTANTINO‘P.

517 375 679 446 ζηται
705 371 832 444 περὶ
857 369 952 424 τοῦ
985 369 1228 435 δικαίους
1261 370 1379 424 Ὅτι
1407 383 1500 435 σε,
1533 370 1700 441 φησὶν
1721 412 1734 437 ,
1763 367 1930 424 εῒδον
1950 367 2186 423 δίκαιον
2211 421 2268 437 Α

3843 245 3937 297 21ιί

2291 362 2525 432 θρώπων
2578 361 2750 415 ταῦτα
2802 361 3163 415 ἀναπλάττειν
3220 360 3526 429 ἐπιχειρεῖ,
3585 359 3710 411 ὅθεν
3755 360 3844 410 καὶ
3890 362 3936 412 ατ

2292 447 2507 512 πλείους
2529 450 2638 503 τῶν
2660 449 2924 519 αἱρέσεων
2961 448 3254 518 ἐτέχθησαν
3273 487 3288 510 ,
3319 448 3514 500 αὐτίκα
3548 447 3692 516 μάλα
3722 445 3938 500 εἴσεσθε.

2291 541 2401 594 Καὶ
2432 539 2542 608 γάρ
2564 537 2639 601 ὼς
2657 539 2752 591 61:1
2780 537 2841 590 16
2873 538 3122 590 πλεῖστον
3149 537 3258 606 (ἵνα
3281 536 3526 606 δόξωμεν
3551 535 3629 597 ὡς
3653 537 3718 587 ἐκ
3739 552 3939 605 περιου-

2294 627 2416 690 σίας
2456 626 2828 696 ἐπιστομίζειν
2869 627 2994 688 τούς
3033 625 3102 678 τά
3141 624 3249 678 61:6
3291 625 3396 678 τῶν
3431 624 3645 677 οἰκείων
3683 622 3938 692 λογισμῶν

2294 714 2737 786 ἐπεισφέροντας)
2769 713 3094 784 εὑρίσκομεν
3127 715 3184 766 ἐν
3220 716 3340 774 ταῖς
3369 713 3613 782 Γραφαῖς
3651 710 3841 782 μᾶλλον
3860 713 3939 765 τὸν

2293 803 2394 873 τῆς
2440 804 2700 871 συζυγίας
2731 802 2961 872 ἀριθμὸν
2991 800 3312 870 σωζόμενον.
3346 800 3456 852 Καὶ
3497 799 3606 870 γὰρ
3637 799 3798 868 ἡνίκα
3846 801 3938 852 άτι-

2295 891 2509 944 έστελλε
2536 891 2663 954 τοὺς
2693 889 2940 960 μαθητὰς
2960 930 2974 952 ,
3011 889 3104 941 δύο
3151 887 3244 941 δύο
3271 887 3468 951 αὐτοὺς
3505 885 3824 950 ἀπέστελλε,
3858 889 3939 941 καί

2295 980 2449 1033 αὐτοί
2481 978 2537 1031 δέ
2572 977 2768 1040 πάντες
2793 977 3002 1030 δώδεκα
3033 972 3172 1047 ἦσαν
3197 1015 3212 1038 ,
3258 975 3351 1028 καὶ
3390 973 3459 1027 τὰ
3490 973 3793 1042 Εὐαγγέλια
3833 975 3940 1026 τέσ-

2298 1084 2439 1138 σαρα
2485 1066 2576 1118 τὸν
2623 1065 2854 1136 ἀριθμόν
2886 1066 3052 1116 ἐστιν.
3101 1063 3261 1116 ’Λλλά
3287 1063 3459 1115 ταῦτα
3507 1061 3760 1134 περιττὸν
3791 1065 3937 1114 κινεῖν

2296 1156 2388 1208 61:1
2436 1158 2536 1226 τῆς
2593 1153 2866 1224 ὑμετέρας
2915 1153 3174 1223 ἀγάπης,
3220 1151 3605 1223 δεδιδαγμένης
3659 1151 3804 1216 ἀπαξ
3844 1157 3938 1216 τοῖς

2295 1242 2555 1304 τοιούτοις
2579 1243 2946 1311 ἀποφράττειν
2971 1240 3070 1324 τὰς
3113 1241 3301 1303 ἀκοάς.
3355 1241 3681 1308 Ἀναγκαῖον
3702 1239 3758 1292 δὲ
3779 1240 3938 1292 λοιπὸν

2298 1333 2494 1394 εἰπεῖν,
2523 1329 2666 1393 τίνος
2697 1329 2882 1381 ἕνεκεν
2911 1328 3052 1380 έπτά
3083 1327 3221 1380 ἐπτά
3265 1327 3372 1379 ἀπὸ
3415 1328 3525 1380 τῶν
3559 1327 3810 1398 καθαρῶν
3844 1330 3937 1380 εἰσ-

2299 1418 2528 1488 αχθῆναι
2546 1418 2625 1480 εἰς
2642 1417 2738 1486 τὴν
2753 1416 2983 1470 κιϐωτὸν
3007 1414 3323 1488 προσέταξε.
3347 1415 3418 1468 Τὸ
3438 1416 3536 1485 μὲν
3562 1415 3779 1469 πλείονα
3797 1433 3939 1486 προσο

2297 1503 2456 1568 τάξαι
2479 1503 2587 1556 τῶν
2607 1503 2863 1573 καθαρῶν
2907 1503 3246 1572 εἰσαχθῆναι,
3272 1503 3360 1557 διά
3380 1503 3438 1555 τὸ
3465 1503 3814 1573 παραμυθίαν
3840 1506 3938 1557 τινὰ

2300 1592 2442 1662 ἔχειν
2473 1593 2566 1644 καὶ
2592 1592 2682 1644 τον
2709 1591 2934 1658 δίκαιον,
2959 1591 3052 1644 καὶ
3083 1591 3210 1652 τους
3242 1592 3336 1643 σὺν
3361 1589 3511 1660 αὐτῷ
3533 1593 3635 1660 τῆς
3664 1590 3721 1656 ἐξ
3745 1590 3938 1643 ἐκείνων

2299 1680 2652 1744 ἀπολαύσεως
2687 1681 3013 1751 μετέχοντας
3087 1678 3148 1732 16
3193 1678 3249 1732 δὲ
3284 1677 3421 1731 έπτά
3467 1679 3611 1730 ἐπτά
3637 1717 3651 1741 ,
3693 1679 3937 1732 καὶτοῦτο

2301 1769 2483 1833 πάλιν,
2524 1769 2572 1820 εἰ
2595 1769 2692 1840 τήν
2725 1767 2903 1820 αἰτίαν
2941 1766 3185 1837 μάθοιτε,
3218 1764 3490 1830 ἀπόδειξις
3515 1765 3583 1818 ἂν
3611 1767 3696 1835 εἴη
3737 1767 3935 1835 μεγίστη

2299 1857 2398 1927 τῆς
2443 1855 2688 1924 φιλοθέου
2732 1855 2958 1926 γνώμης
3001 1854 3092 1908 τοῦ
3127 1853 3356 1908 δικαίου.
3402 1853 3622 1925 Ἐπειδὴ
3654 1852 3758 1925 γὰρ
3790 1854 3937 1925 ᾖδειό

2304 1943 2681 2013 φιλάνθρωπος
2715 1943 2846 2004 Θεὸς
2879 1941 2973 1994 τοῦ
3004 1942 3192 2013 ἀνδρὸς
3226 1943 3326 2012 τὴν
3369 1941 3571 2013 ἀρετὴν
3597 1983 3611 2006 ,
3641 1942 3732 1995 καὶ
3759 1943 3830 1994 ὅτι
3871 1943 3935 1993 δί-

2304 2049 2454 2096 καιος
2480 2032 2574 2096 ὢν,
2610 2032 2704 2084 καὶ
2741 2031 3007 2102 τοσαύτης
3034 2030 3347 2094 ἀπολαύσας
3377 2031 3532 2099 παρὰ
3561 2028 3655 2082 τοῦ
3698 2031 3935 2082 Δεσπότου

2272 2119 2742 2190 φιλανθρωπίας,
2776 2119 2870 2172 καὶ
2901 2119 2992 2171 τοῦ
3037 2118 3292 2172 τοσούτου
3345 2118 3640 2171 κλυδωνίου
3696 2119 3933 2185 διαφυγὼν

2304 2212 2400 2281 τὴν
2427 2212 2618 2280 πεῖραν
2639 2249 2653 2272 ,
2688 2209 2885 2280 ἤμελλε
2941 2209 3078 2280 μετά
3120 2209 3219 2280 τὴν
3256 2209 3577 2281 ἀπαλλαγὴν
3613 2209 3721 2263 τῶν
3758 2210 3932 2272 δεινῶν,

2305 2299 2396 2352 καὶ
2424 2297 2485 2350 16
2514 2296 2940 2368 ὲλευθερωθῆναι
2966 2297 3065 2367 τῆς
3091 2298 3148 2348 ἐν
3177 2299 3242 2366 τῇ
3271 2297 3488 2366 κιὸωτῷ
3530 2297 3829 2367 διαγωγῆς.
3858 2298 3932 2366 τὴν

2303 2386 2510 2438 οἰκείαν
2544 2384 2961 2455 εὐγνωμοσύνην
2993 2382 3415 2446 ἐπιδείκνυσθαι,
3441 2385 3538 2437 καὶ
3569 2385 3838 2454 βούλεσθαι
3863 2385 3936 2444 θυι,

2306 2474 2427 2534 σίας
2454 2473 2741 2541 ἀνενέγκαι
2779 2472 2918 2543 ὑπὲρ
2947 2471 3295 2542 εὐχαριστίας
3326 2471 3436 2525 τῶν
3467 2473 3838 2543 γεγενημένων
3862 2475 3931 2524 καὶ

2307 2561 2670 2632 ὑπηργμένων
2690 2561 2858 2628 αὐτῷ,
2878 2561 2964 2612 ἵνα
2989 2560 3062 2630 μὴ
3087 2558 3246 2612 τοῦτο
3272 2559 3441 2611 ποιῶν
3461 2561 3533 2612 ἀκ
3543 2561 3838 2632 ρωτηριάση
3857 2562 3933 2621 1:1;

2309 2649 2564 2718 συζυγίας
2589 2689 2605 2714 ,
2635 2649 2724 2703 διά
2751 2649 2910 2702 τοῦτο
2933 2647 3200 2720 προειδὼς
3227 2647 3392 2700 αὐτοῦ
3425 2649 3524 2718 τῆς
3548 2649 3765 2718 γνώμης
3791 2650 3844 2700 τὸ
3866 2650 3933 2701 εὐ-

2307 2737 2562 2807 χάριστον
2608 2735 2821 2790 κελεύει
2873 2735 3011 2788 ἐπτά
3061 2734 3204 2788 61:16
3252 2733 3569 2803 εἰσάγεσθαι
3608 2735 3697 2803 ἀφ’
3741 2736 3932 2788 ἑκάστου

2306 2825 2495 2893 γένους
2544 2824 2651 2878 τῶν
2677 2823 2934 2895 .ὀρνέων,
2975 2824 3063 2876 ῖνα
3109 2826 3211 2892 τῆς
3263 2821 3639 2894 πανωλεθρίας
3691 2823 3932 2892 παυσαμέ-

2307 2929 2405 2982 νης
2447 2912 2542 2967 καὶ
2592 2912 2683 2966 τὸν
2731 2914 2928 2964 οἰκεῖον
2985 2910 3184 2963 σκοπὸν
3235 2910 3604 2979 ἐπιδείξηται,
3637 2913 3730 2964 καὶ
3753 2913 3813 2980 τῇ
3859 2927 3932 2962 συ-

2309 2998 2472 3070 ζυγίᾳ
2517 3000 2626 3052 τῶν
2672 2999 2931 3052 πετεινῶν
2977 2997 3071 3051 καὶ
3121 2998 3229 3051 τῶν
3273 2998 3476 3052 λοιπῶν
3523 2999 3722 3070 ὀρνέων
3765 2999 3832 3068 μὴ
3864 2998 3934 3050 λυ-

2313 3089 2588 3157 μήνηται,
2639 3085 2669 3138 ὃ
2720 3084 2783 3156 δὴ
2842 3086 2936 3139 καὶ
2985 3084 3282 3156 προϊούσης
3330 3085 3432 3155 τῆς
3482 3085 3817 3148 διδασκαλίας
3851 3103 3935 3154 μα-

2311 3173 2541 3244 θήσεσθε
2578 3213 2593 3234 ,
2646 3173 2864 3226 ἐπειδάν
2919 3175 2998 3236 είς
3051 3173 3214 3226 αὐτὸν
3270 3173 3362 3226 τὸν
3432 3174 3600 3227 τόπον
3655 3173 3933 3245 παραγενὼ-

2315 3260 2473 3332 μεθα.
2529 3259 2681 3332 [226]
2731 3260 2966 3324 Ὀψεσθε
3016 3260 3126 3332 γὰρ
3179 3260 3271 3313 τὸν
3319 3260 3528 3314 δίκαιον
3586 3262 3766 3315 τοῦτον
3808 3263 3933 3314 τοῦτο

2310 3351 2669 3423 πεποιηκότα.
2710 3350 2970 3420 Ἐμάθετε
3022 3351 3122 3420 τὴν
3169 3350 3384 3415 αἰτίαν,
3419 3350 3489 3403 δι’
3548 3352 3614 3421 ἣν
3643 3351 3776 3404 61:16
3819 3350 3933 3402 ἑπτά

2311 3441 2623 3508 εἰσαγαγεῖν
2650 3437 3011 3508 προσετάχθη.
3031 3436 3236 3507 Μηκέτι
3259 3437 3440 3490 λοιπὸν
3463 3437 3718 3509 ἀνέχεσθε
3744 3437 3836 3492 τῶν
3857 3454 3933 3506 μυ-

2314 3527 2550 3596 θολογεῖν
2597 3524 3037 3596 ἐπιχειρούντων,
3091 3527 3186 3578 καὶ
3233 3525 3817 3596 καταστοιχειουμένων
3857 3524 3932 3592 τῆς

2313 3615 2461 3678 θείας
2490 3615 2729 3686 Γραφῆς,
2761 3613 2854 3666 καὶ
2881 3612 2947 3666 τά
2983 3613 3092 3667 61:6
3119 3611 3214 3666 τοῦ
3245 3613 3446 3666 οἰκείου
3478 3614 3603 3676 νοὸς
3628 3612 3932 3682 611515195961;-

2315 3720 2419 3755 των
2471 3704 2583 3765 τοῖς
2613 3700 2776 3763 θείοις
2822 3699 3168 3771 διδάγμασιν.
3212 3701 3432 3772 Ἐπειδὴ
3476 3702 3657 3754 τοίνυν
3700 3700 3934 3763 διετάξατο

2313 3791 2489 3843 πάντα
2515 3791 2720 3858 σαφῶς,
2747 3790 2841 3842 καὶ
2877 3789 3004 3860 1:591
3024 3789 3132 3842 τῶν
3157 3791 3380 3860 ὀρνέων,
3409 3791 3503 3843 καὶ
3525 3791 3651 3861 περί
3674 3789 3774 3842 τῶν
3799 3787 3933 3840 καθα-

2318 3878 2445 3947 ρῶν,
2487 3879 2579 3931 καὶ
2610 3876 2870 3948 περὶτῶν
2899 3876 3244 3946 ἀκαθάρτων,
3277 3879 3372 3931 καὶ
3414 3881 3516 3948 τῆς
3540 3877 3738 3930 τούτων
3760 3876 3931 3944 διατρο-

2315 3965 2439 4034 φῆς,
2492 3964 2625 4034 φησὶ
2664 3963 2798 4035 πρὸς
2826 3962 2918 4018 τὸν
2964 3964 3206 4017 δίκαιον·
3249 3965 3374 4018 Ἔτι
3398 3964 3508 4034 γὰρ
3541 3963 3767 4033 ἡμερῶν
3795 3962 3930 4024 ἑπτὰ,

2314 4051 2413 4104 καί
2462 4051 2588 4105 ἰδοὺ
2617 4051 2732 4122 ἐγὼ
2767 4051 2965 4121 ἐπάγω
3002 4053 3180 4106 ὑετὸν
3223 4052 3325 4105 ἐπὶ
3373 4051 3490 4121 τὴν
3541 4052 3659 4124 γῆν
3687 4049 3934 4118 τεσσαρὰ-

2319 4155 2504 4192 κοντα
2549 4139 2776 4208 ἡμέρας
2813 4140 2912 4193 καὶ
2948 4139 3406 4208 τεσσαράκοντα
3448 4142 3693 4207 νύκτας,
3734 4139 3822 4193 καί
3863 4138 3929 4200 ἐξ·

2315 4227 2548 4294 αλείψω
2575 4225 2784 4280 πᾶσαν
2808 4225 2924 4294 τὴν
2961 4226 3395 4294 ἐξανάστασιν,
3440 4227 3521 4297 ἣν
3549 4229 3809 4295 ἐποίησα,
3841 4224 3935 4278 ἀπὸ

2315 4313 2638 4381 προσώπου
2695 4311 2805 4381 τῆς
2849 4311 2982 4382 γῆς,
3034 4314 3153 4369 ἀπὸ
3185 4314 3502 4383 ἀνθρώπου
3537 4315 3646 4383 ἕως
3693 4313 3931 4381 κτήνους.

2316 4401 2514 4455 Σκόπει
2571 4419 2661 4472 μοι
2709 4401 2801 4456 καὶ
2849 4403 2914 4455 ἐκ
2952 4401 3060 4455 τῶν
3103 4401 3199 4456 νῦν
3263 4403 3572 4474 εἰρημένων
3631 4401 3728 4472 τῆς
3772 4398 3932 4468 ἀγαθό-

2313 4505 2474 4559 τητος
2519 4488 2685 4542 αὐτοῦ
2743 4490 2842 4560 τὴν
2911 4488 3236 4560 ὑπερϐολὴν,
3269 4489 3390 4553 πῶς
3455 4489 3594 4560 μετά
3671 4484 3931 4560 τὴντοσαύ-

2314 4595 2414 4648 την
2455 4578 2839 4650 μακροθυμίαν
2856 4577 2948 4633 καὶ
2989 4579 3083 4633 νῦν
3118 4579 3224 4650 πρὸ
3268 4579 3408 4634 ἐπτά
3441 4581 3660 4653 ἡμερῶν
3697 4578 3928 4650 προλέγειν

2317 4664 2636 4736 βουλόμενος
2686 4665 2770 4738 τῷ.
2824 4666 2976 4738 φόϐῳ
3025 4667 3499 4739 σωφρονεστέρους
3563 4668 3751 4731 αὐτοὺς
3804 4664 3928 4732 ποιῆ-

2318 4769 2440 4819 σαι,
2495 4755 2590 4807 καὶ
2645 4755 2724 4817 είς
2782 4755 3072 4824 μετάνοιαν
3133 4757 3382 4824 ἀγαγεῖν.
3432 4757 3543 4810 Καὶ
3589 4757 3668 4810 ὅτι
3708 4753 3787 4809 διὰ
3807 4751 3930 4805 τοῦτο

2316 4841 2593 4912 προλέγει,
2612 4843 2697 4896 ἵνα
2719 4842 2793 4913 μὴ
2809 4843 3064 4914 ἐπαγάγῃ
3084 4842 3152 4896 16
3171 4846 3301 4915 παρ’
3319 4844 3486 4898 αὐτοῦ
3510 4844 3778 4916 εἰρημένα,
3795 4839 3926 4893 ἐννόει

2319 4947 2409 5000 μοι
2437 4931 2562 4994 τοὺς
2599 4931 2906 4996 Νινευὶτας,
2952 4931 3045 4985 καὶ
3079 4931 3241 5001 βλέπε
3270 4933 3412 5003 πόση
3449 4935 3484 5004 ἠ
3519 4930 3740 5004 διαφορά
3763 4927 3926 4982 τούτων

2318 5018 2604 5072 κάκείνων.
2643 5019 2798 5072 Μετά
2830 5019 2942 5089 γάρ
2973 5020 3208 5073 τοσαῦτα
3255 5020 3350 5093 ἔτη
3397 5021 3721 5083 ἀκούσαντες
3761 5019 3831 5071 ὅτι
3857 5013 3929 5065 ἐπὶ

2319 5108 2510 5179 θύραις
2560 5109 2677 5160 ἐστὶ
2706 5109 2775 5162 τά
2807 5108 2976 5174 δεινὰ,
3012 5109 3133 5162 οὐδὲ
3182 5110 3326 5164 οὕτω
3352 5111 3452 5181 τῆς
3489 5110 3678 5175 κακίας
3714 5108 3922 5178 ἔστησαν.

2317 5197 2427 5249 Καὶ
2463 5194 2567 5267 μὴν
2595 5195 2866 5266 είώθαμέν
2909 5215 3048 5261 πως,
3101 5198 3398 5269 μελλούσης
3445 5200 3542 5267 μὲν
3567 5199 3662 5270 τῆς
3685 5192 3923 5266 τιμωρίαςν

2320 5284 2582 5354 ῥᾳθυμεῖν
2613 5283 2704 5337 καὶ
2734 5283 3181 5338 διαναϐάλλεσθαι
3199 5303 3214 5316 ³
3240 5287 3460 5340 ἐπειδὰν
3497 5286 3554 5340 δὲ
3582 5285 3791 5355 πλησίον
3809 5275 3926 5348 ὦμεν

2317 5371 2424 5424 τῶν
2446 5369 2633 5422 λυπεῖν
2661 5370 2996 5440 δυναμένων,
3041 5371 3164 5425 τότε
3199 5373 3580 5427 συστέλλεσθαι
3628 5373 3715 5424 καὶ
3762 5365 3924 5431 πολλὴν

2317 5457 2719 5510 ἐπιδείκνυσθαι
2734 5457 2832 5529 τὴν
2853 5460 3154 5532 μεταϐολήν
3170 5479 3184 5492 ο
3210 5461 3314 5531 ὃδὴ
3345 5463 3437 5514 καὶ
3461 5463 3550 5514 ἐπὶ
3565 5460 3666 5513 τῶν
3680 5451 3924 5511 Νινευῖτῶν

2317 5546 2559 5614 γέγονεν.
2603 5543 2821 5617 Ἐπειδὴ
2872 5547 2981 5618 γάρ
3003 5548 3266 5618 ἥκουσαν,
3299 5550 3382 5602 ὅτι
3419 5551 3539 5601 Ἔτι
3566 5545 3708 5614 τρεῖς
3734 5540 3919 5612 ἠμέρσί.

2297 5633 2416 5684 ’καὶ
2439 5632 2643 5685 Νινευῖ
2667 5636 3250 5704 καταστραρήσεται,
3276 5637 3339 5690 οὐ
3373 5638 3528 5708 μόνον
3551 5636 3643 5689 οὐκ
3673 5629 3922 5699 ἀπηγόρευ-

2323 5737 2443 5787 σαν,
2477 5719 2612 5774 ἀλλὰ
2647 5722 2738 5776 καί
2760 5721 3114 5795 διανέστησαν
3144 5727 3274 5797 πρὸς
3319 5727 3378 5780 τὸ
3403 5726 3578 5799 ῥηθὲν,
3601 5722 3685 5776 καί
3707 5718 3919 5779 τοσαύτην
