4062 6396
179 317 287 373 213

164 428 526 496 ,pronuntiat?
557 426 692 495 Quia
727 432 776 482 te
808 425 911 480 vidi
943 425 1162 498 justum,
1213 426 1402 496 inquit,
1445 441 1615 480 coram
1657 440 1756 479 me.

184 524 320 575 t'era
369 519 488 574 haec
529 519 700 574 virtus
735 527 837 583 est,
870 517 1084 588 quando
1121 531 1302 572 coram
1335 517 1446 573 Deo
1474 517 1592 587 quis
1620 517 1760 571 illam

178 609 422 670 exhibet,
452 608 666 676 quando
706 608 893 662 oculus
928 607 1019 661 ille
1046 608 1137 676 qui
1168 606 1342 676 decipi
1371 607 1572 676 nequit,
1608 621 1761 660 suum

178 699 281 754 fert
310 699 600 754 calculum.
630 698 764 752 Exin
792 697 991 752 docens
1023 712 1122 752 nos
1153 696 1411 767 benignus
1441 697 1578 751 Deus
1606 712 1762 751 men-

177 805 356 845 suram
395 789 630 855 virtutis,
657 801 852 858 quanta
878 797 1004 843 tunc
1027 789 1094 843 ab
1117 788 1261 858 justo
1290 789 1596 858 exigebatur
1617 788 1637 852 (
1656 803 1763 843 non

177 883 321 935 enim
360 881 608 936 eamdem
645 880 856 935 virtutis
893 895 1195 934 mensuram
1225 879 1293 934 ab
1317 881 1562 935 omnibus
1587 879 1762 933 aﬂ'erri

178 973 310 1038 vult,
339 973 436 1027 sed
465 989 563 1042 pro
606 973 863 1026 varietate
912 982 1210 1040 temporum
1251 970 1464 1025 virtutis
1507 969 1763 1024 diil‘ercn-

180 1065 304 1117 tiam
328 1063 598 1133 requirit),
627 1062 794 1116 dicit:
828 1061 962 1128 Qui-2
990 1071 1037 1114 te
1054 1060 1156 1114 vidi
1175 1067 1374 1130 justum
1409 1076 1580 1114 coram
1611 1077 1688 1112 me
1710 1061 1762 1113 in

179 1153 506 1222 generatione
533 1153 650 1215 ista,
683 1168 802 1222 qua:
830 1162 935 1206 tam
966 1151 1124 1215 mala,
1157 1167 1274 1220 quzc
1305 1151 1356 1205 in
1389 1161 1586 1205 tantam
1617 1151 1766 1204 mali-

179 1248 304 1297 tiam
355 1243 664 1307 declinavit,
699 1258 820 1312 qua:
858 1251 966 1296 tam
1009 1241 1273 1310 ingratum
1299 1242 1534 1294 animum
1564 1257 1672 1310 przc
1707 1255 1764 1294 se

179 1335 299 1388 fert.
327 1333 402 1388 Te
431 1334 535 1386 vidi
555 1335 857 1405 justum,.te
883 1334 1055 1387 solum
1096 1333 1273 1386 inveni
1312 1342 1542 1402 gratum,
1581 1340 1632 1386 te
1657 1331 1763 1386 vidi

177 1426 390 1479 virtutis
434 1426 694 1479 rationem
728 1423 960 1478 habere:
992 1432 1046 1476 tu
1079 1423 1226 1477 solus
1263 1437 1444 1476 coram
1485 1438 1568 1476 me
1587 1421 1764 1491 justus

178 1518 491 1587 apparuisti,
539 1516 787 1570 omnibus
828 1515 946 1568 aliis
990 1515 1367 1584 pereuntibus,
1397 1513 1636 1582 tejubeo
1679 1513 1763 1567 in-

178 1610 329 1679 gredi
359 1624 480 1664 cum
508 1609 654 1662 omni
690 1607 849 1662 domo
887 1616 973 1660 tua
1013 1606 1065 1660 in
1095 1621 1314 1668 arcam;
1348 1621 1413 1660 ex
1448 1605 1763 1660 animalibus

178 1700 326 1768 puris
346 1699 513 1768 jubeo
544 1708 594 1754 te
624 1696 962 1752 introducere
1005 1706 1242 1765 septena.
1273 1696 1405 1764 Quia
1437 1696 1581 1764 prius
1610 1696 1762 1751 inde-

180 1790 327 1844 ﬁnite
361 1796 690 1860 prmceperat
721 1803 789 1842 ex
842 1787 1090 1842 omnibus
1122 1802 1217 1857 par
1257 1802 1418 1840 unum
1459 1785 1760 1842 introduci:

181 1893 402 1952 propter
434 1883 537 1936 hoc
565 1896 706 1936 nunc
726 1881 884 1935 dicit:
913 1879 968 1933 2.
997 1878 1081 1933 Ea:
1101 1879 1240 1949 puris
1263 1888 1430 1933 autem
1449 1889 1674 1950 septena,
1701 1896 1764 1934 ea:

177 1974 391 2044 impuris
420 1989 537 2027 vero
575 1972 715 2038 bina,
766 1971 1047 2025 masculum
1086 1979 1134 2024 et
1165 1971 1425 2041 feminam.
1457 1972 1644 2027 Postea
1667 1987 1764 2026 au-

179 2078 287 2122 tem
328 2079 548 2121 causam
590 2063 810 2128 docens,
841 2061 1049 2116 subdit:
1083 2062 1134 2116 ’5.
1169 2060 1236 2115 Ut
1264 2064 1457 2116 nutrias
1481 2078 1648 2116 semen
1675 2079 1763 2116 su-

180 2176 266 2228 per
295 2174 496 2212 omnem
524 2168 730 2210 terram.
780 2153 969 2224 Opera:
1019 2153 1246 2223 pretium
1289 2162 1466 2208 autem
1507 2152 1608 2209 hoc
1643 2153 1763 2208 loco

181 2252 338 2307 fuerit
383 2251 657 2320 inquirere
697 2259 752 2304 et
795 2248 976 2303 videre
1008 2246 1148 2301 unde
1175 2245 1380 2302 sciebat
1401 2247 1594 2316 justus,
1619 2263 1764 2316 quas-

181 2360 302 2399 nam
335 2359 490 2413 pura,
527 2357 770 2414 quamam
797 2341 1026 2410 impura.
1057 2338 1300 2394 Nondum
1342 2339 1484 2394 enim
1527 2349 1645 2393 erat
1673 2339 1758 2393 di-

179 2436 394 2491 stinctio
427 2435 543 2490 liazc
571 2434 729 2499 facta,
759 2448 918 2503 quam
947 2439 1133 2502 postea
1162 2431 1336 2485 Moses
1367 2429 1568 2485 Judznis
1600 2430 1652 2484 in
1680 2431 1759 2485 le-

179 2528 332 2597 gibus
362 2525 480 2581 suis
507 2525 709 2580 Statuit.
736 2523 887 2580 Unde
911 2536 1041 2591 ergo
1069 2521 1302 2576 sciebat?
1323 2521 1368 2574 A
1389 2520 1589 2590 seipse.
1622 2530 1676 2574 et
1696 2520 1762 2576 ab

181 2619 336 2672 insita
371 2628 584 2671 natura:
630 2629 742 2671 sua:
785 2613 1047 2678 doctrina,
1077 2627 1236 2682 quam
1266 2619 1321 2666 et
1357 2612 1493 2667 ratio
1522 2612 1757 2666 dictavit.

180 2709 314 2764 Nihil
343 2710 492 2764 enim
519 2706 847 2763 immundum
866 2721 933 2761 ex
963 2705 1028 2760 iis
1056 2719 1176 2774 quae
1198 2704 1338 2758 Deus
1365 2702 1507 2758 fecit.
1532 2704 1646 2770 Quo
1668 2711 1762 2774 pa-

178 2811 263 2857 cto
294 2801 444 2856 enim
498 2797 824 2853 immundam
877 2809 1193 2850 vocaremus
1234 2794 1395 2848 ullam
1440 2808 1760 2860 creaturam,

179 2910 296 2964 qua:
321 2891 499 2948 semel
527 2905 759 2960 superne
784 2904 814 2942 a
840 2886 1126 2944 Conditore
1153 2887 1443 2956 approbata
1465 2885 1597 2940 fuit?
1623 2886 1765 2940 Dixit

179 2984 318 3040 enim
347 2982 536 3038 divina
561 2980 869 3052 Scriptura:
910 2977 1044 3032 Vidit
1073 2975 1210 3030 Deus
1242 2977 1415 3030 omnia
1440 2992 1765 3047 quwcumque

181 3077 330 3146 fecit,
365 3082 416 3129 et
464 3089 577 3127 ecce
617 3072 749 3126 bona
791 3069 938 3124 valde
971 3068 1123 3138 (Gen.
1166 3069 1220 3123 1.
1271 3067 1383 3136 51).
1428 3066 1532 3122 Sed
1581 3073 1764 3136 postea

180 3178 368 3222 natura
399 3165 633 3235 a'seipsa
671 3163 809 3218 hanc
844 3162 1196 3218 diﬂ'ercntiam
1222 3159 1479 3216 exhibuit.
1514 3159 1578 3213 Et
1607 3166 1662 3211 ut
1683 3158 1762 3211 vi-

179 3260 306 3314 deas
346 3259 454 3312 hoc
508 3270 629 3312 esse
669 3270 877 3317 verum,
911 3255 1188 3310 considera
1221 3253 1488 3324 quomodo
1533 3252 1586 3304 in
1624 3266 1762 3304 non-

179 3352 340 3407 nullis
367 3350 507 3405 locis
526 3349 594 3404 ab
615 3347 878 3418 aliquibus
907 3347 1178 3402 abstinent
1204 3338 1378 3415 aliqui'
1393 3353 1448 3398 ut
1475 3341 1762 3400 immundis

177 3454 234 3500 et
260 3459 371 3499 non
410 3441 673 3512 probatis,
705 3439 865 3508 aliqui
905 3439 1008 3493 illis
1049 3437 1178 3507 ipsis
1205 3444 1508 3500 vescuntur,
1537 3448 1764 3489 consuc-

181 3535 366 3591 tudine
400 3534 545 3603 ipsos
575 3532 640 3586 ad
673 3531 775 3586 hoc
805 3529 1108 3585 inducente.
1153 3528 1242 3584 Sic
1286 3536 1342 3582 et
1391 3537 1514 3581 tunc
1553 3540 1764 3596 quoque

179 3630 291 3699 ipsa
321 3626 552 3682 scientia
577 3623 719 3695 justo
743 3623 920 3689 insita,
947 3621 1171 3676 docebat
1193 3633 1436 3690 quamam
1471 3617 1540 3672 ad
1580 3615 1762 3671 cibum

176 3716 549 3781 accommoda,
579 3724 635 3770 et
666 3729 785 3784 qua:
812 3711 1104 3778 immunda,
1137 3725 1242 3766 non
1271 3709 1414 3780 quod
1452 3709 1527 3764 ita
1554 3715 1760 3772 essent,

181 3805 448 3878 sedquod
464 3821 563 3875 pro
583 3805 879 3862 immundis
891 3805 1238 3862 haberentur.
1266 3803 1385 3870 Qua
1399 3799 1543 3856 enim
1555 3793 1620 3854 de
1642 3814 1766 3853 cau-

185 3915 264 3963 sa,
295 3899 406 3964 dic,
440 3911 560 3962 oro,
592 3897 799 3950 asinum
839 3894 1166 3950 immundum
1193 3907 1492 3957 censemus,
1523 3892 1764 3962 quamvis

178 3991 482 4046 seminibus
511 3996 712 4042 tantum
752 3995 1018 4057 pascatur,
1046 3985 1146 4040 alia
1189 3991 1364 4039 autem
1403 3981 1760 4053 quadrupedia

179 4083 301 4137 cibo
347 4077 725 4136 convenientia
773 4087 1041 4147 putamus,
1091 4075 1302 4131 etiarnsi
1346 4071 1618 4128 immundo
1663 4072 1764 4124 ali-

179 4179 366 4228 mento
392 4168 715 4240 pascantur?
736 4166 810 4222 lta
837 4167 1061 4221 scientia
1089 4180 1118 4219 a
1155 4167 1264 4220 Deo
1291 4173 1493 4218 natura:
1512 4163 1764 4233 suppedi-

180 4272 291 4318 tata
315 4261 436 4316 hmo
461 4260 708 4316 docebat.
745 4259 932 4313 Posset
969 4265 1144 4312 autem
1186 4265 1240 4311 et
1277 4255 1434 4310 aliter
1461 4254 1563 4308 dici
1591 4272 1603 4309 :
1631 4253 1764 4321 Quia

181 4353 324 4408 Deus
348 4350 440 4422 qui
469 4347 970 4420 praeceperat,idem
991 4345 1150 4401 etiam
1173 4345 1381 4399 illorum
1409 4344 1764 4413 cognitionem

177 4446 226 4500 ei
253 4443 470 4499 indidit.
501 4441 764 4497 Cteterum
793 4439 861 4496 de
885 4439 1100 4494 mundis
1125 4453 1189 4494 ac
1214 4435 1504 4492 immundis
1533 4437 1662 4491 satis
1686 4435 1768 4490 di-

179 4545 326 4590 ctum
357 4541 463 4588 est.

249 4628 301 4684 6.
350 4626 530 4692 Quare
547 4639 609 4678 ea:
627 4621 900 4676 immundis
919 4620 1056 4687 bina,
1073 4635 1137 4676 ea:
1147 4619 1346 4673 mundis
1361 4627 1524 4673 autent
1539 4625 1763 4688 septena.

178 4724 474 4780 v—Vcrum
504 4719 716 4774 interim
745 4717 847 4772 alia
879 4731 1000 4772 sese
1038 4710 1196 4770 oﬁ‘ert
1229 4714 1453 4784 quaestio
1479 4729 1492 4767 :
1515 4727 1679 4782 quare
1699 4727 1766 4766 ex

180 4812 478 4869 immundis
508 4810 653 4877 bina,
701 4824 768 4864 ex
796 4807 1007 4862 mundis
1023 4815 1200 4861 autem
1222 4813 1469 4874 septena;
1492 4803 1608 4858 haec
1635 4818 1766 4873 quo-

178 4921 280 4975 que
309 4923 324 4959 :
359 4917 534 4973 quare
563 4916 671 4955 non
696 4899 784 4954 vel
810 4913 934 4962 sex,
967 4897 1051 4951 vel
1081 4905 1220 4962 octo,
1237 4895 1330 4950 sed
1359 4904 1563 4964 septem
1589 4893 1766 4962 paria?

178 4996 449 5054 Fortassis
475 4993 684 5063 longius
704 4992 939 5048 excurrit
957 4989 1126 5044 oratio
1151 5007 1164 5043 :
1185 4987 1279 5044 sed
1307 4988 1352 5042 si
1386 5004 1492 5041 non
1520 4987 1681 5056 piget,
1712 4993 1768 5040 et

177 5092 220 5144 si
245 5088 437 5151 vultis,
471 5083 653 5154 paucis
696 5083 810 5136 hzec
855 5081 1130 5135 caritatem
1160 5086 1388 5134 vestram
1417 5077 1725 5132 docebimus
1752 5117 1765 5139 .

180 5196 243 5236 ea
272 5179 490 5235 scilicet
519 5191 638 5244 qua:
667 5173 822 5228 nobis
847 5171 1025 5227 divina
1055 5169 1223 5241 gratia
1249 5169 1590 5224 concesserit.
1618 5169 1767 5223 Multi

178 5272 324 5326 enim
355 5269 534 5322 varias
555 5265 621 5320 de
644 5263 708 5318 iis
738 5262 941 5317 fabulas
965 5271 1202 5324 narrant,
1227 5268 1282 5314 et
1312 5259 1436 5313 hinc
1486 5259 1769 5315 occasione

177 5370 418 5430 sumpta,
447 5355 847 5412 observationes
869 5366 1207 5406 numerorum
1237 5359 1525 5404 ostentant.
1556 5352 1623 5403 At
1663 5364 1767 5404 non

179 5448 518 5512 observatio,
554 5445 646 5500 sed
675 5445 1049 5513 intempestiva
1077 5441 1351 5496 hominum
1377 5439 1660 5495 curiositas
1687 5448 1768 5493 ta-

181 5548 246 5599 lia
276 5545 488 5614 ﬁngere
533 5539 768 5604 molitur,
801 5535 940 5590 unde
980 5543 1035 5590 et
1081 5535 1260 5588 muitte
1305 5533 1536 5588 hrcreses
1583 5545 1716 5589 orta:
1747 5574 1764 5600 ,

178 5637 324 5708 quod
353 5634 536 5690 statim
567 5631 764 5686 scietis.
801 5625 1014 5682 Etenim
1041 5627 1346 5696 frequenter
1373 5626 1468 5692 (ut
1494 5626 1768 5680 videamur

179 5725 343 5802 quasi
364 5743 433 5784 ex
450 5723 773 5783 abundantia
799 5736 913 5786 eos.
939 5721 1026 5790 qui
1049 5736 1116 5776 ex
1137 5721 1244 5777 suis
1268 5721 1613 5791 Opinionibus
1631 5735 1764 5774 nova

1211 311 1278 368 ΙΝ
1315 311 1469 368 CAP.
1499 309 1588 367 Vl.
1617 306 1860 366 GENES.
1895 307 2129 368 HOMIL.
2161 314 2349 372 XXIV.

3344 339 3453 402 214

1879 428 2125 499 alterunt,
2143 446 2485 505 compescere
2505 437 2526 510 )
2547 441 2840 499 invenimus
2861 443 2912 498 in
2937 446 3225 518 Seript-nris
3244 459 3449 526 capulus

1871 537 2151 614 numerum
2179 537 2466 582 servatum.
2492 532 2694 602 Quippe
2719 538 2928 604 quando
2955 542 3095 596 misit
3120 543 3409 614 discipulos
3428 590 3442 609 ,

1872 611 2026 668 binos
2045 630 2136 670 eos
2159 619 2323 686 misit,
2351 622 2448 690 ipsi
2474 633 2648 679 autem
2675 643 2860 684 omnes
2881 629 3159 686 duodecim
3187 611 3363 702 erant,
3389 650 3440 690 ct

1871 703 2157 777 Evangelia
2188 721 2414 780 quatuor
2440 729 2680 770 numero.
2717 720 2784 772 At
2813 735 3260 788 supervacaneum
3287 728 3443 780 fuerit

1873 795 1986 850 ι]ωο
2006 798 2143 868 apud
2165 805 2436 856 caritatem
2463 814 2688 860 vestram
2715 823 3150 880 commemorare,
3172 832 3288 884 quae
3310 819 3440 871 satis

1869 886 2052 943 didicit
2081 891 2378 960 hujusmodi
2407 895 2561 950 dictis
2587 901 2836 956 obturare
2855 919 3011 959 aures
3057 907 3155 978 (α).
3185 907 3444 964 Necessa-

1872 981 2008 1034 rium
2029 992 2204 1037 autem
2239 996 2292 1039 ut
2315 989 2534 1055 posthac
2558 989 2861 1057 doceamus,
2906 1012 3070 1065 quare
3122 1009 3345 1068 septena.
3373 1017 3437 1055 ex

1872 1071 2020 1140 puris
2048 1072 2312 1131 introduci
2343 1077 2392 1130 in
2424 1095 2599 1134 arcam
2630 1087 2960 1154 prmceperit.
3014 1088 3166 1142 Plura
3221 1091 3434 1160 quidem

1871 1165 2204 1231 prmecpitex
2238 1168 2830 1236 mundisintroduci,ut
2873 1176 3046 1246 justus
3092 1179 3199 1244 ille,
3253 1192 3308 1234 et
3349 1183 3437 1250 qui

1868 1268 1990 1307 cum
2022 1256 2109 1308 illo
2129 1266 2300 1320 erant,
2325 1274 2389 1313 ex
2413 1261 2620 1316 illorum
2651 1281 2745 1317 usu
2767 1267 2994 1336 aliquam
3021 1271 3436 1326 consolationem

1867 1347 2167 1414 acciperent
2201 1365 2213 1402 :
2242 1352 2380 1420 quod
2426 1361 2599 1408 autem
2631 1368 2844 1424 septena
2885 1371 2936 1413 et
2965 1372 3201 1429 septena,
3243 1375 3296 1417 et
3337 1365 3437 1420 hoc

1867 1454 2077 1510 quoque
2106 1443 2152 1496 si
2192 1459 2402 1498 causam
2439 1447 2743 1514 disceretis,
2773 1466 3036 1506 summum
3070 1455 3317 1509 indicium
3357 1468 3438 1510 est

1866 1533 1967 1602 piae
2005 1535 2196 1589 mentis
2225 1537 2354 1605 justi
2395 1539 2515 1593 viri.
2562 1540 2692 1596 Nam
2733 1544 2853 1612 quia
2897 1547 3138 1614 cognovit
3180 1548 3437 1618 benignus

1866 1623 2008 1678 Deus
2035 1627 2132 1680 viri
2159 1627 2424 1694 virtutem,
2448 1637 2501 1685 et
2524 1632 2663 1700 quod
2681 1643 2739 1687 ut
2760 1635 2957 1704 justus,
2977 1646 3031 1690 et
3057 1646 3196 1691 tanta
3227 1639 3436 1694 Domini

1865 1715 2032 1772 fretus
2071 1719 2462 1788 misericordia,
2503 1724 2591 1778 ubi
2623 1735 2778 1780 tantm
2817 1731 3143 1797 tempestatis
3171 1731 3438 1801 ell'ugisscs

1867 1811 2178 1878 periculum,
2207 1814 2563 1886 liberatusque
2590 1816 2776 1873 fuisset
2803 1835 2830 1872 a
2855 1821 3108 1888 periculo,
3131 1833 3184 1878 et
3209 1824 3276 1878 ab
3291 1841 3428 1879 arca:

1865 1901 2216 1958 incommodis
2241 1905 2463 1973 solutus,
2488 1917 2694 1978 gratum
2717 1911 2948 1965 animum
2979 1912 3360 1979 declaraturus,
3380 1925 3436 1970 et

1865 2007 1962 2063 pro
1990 1994 2278 2064 gratiarum
2298 1997 2505 2052 actione
2526 1997 2723 2054 hostias
2767 2011 2821 2055 et
2864 2002 3122 2059 sacrificia
3163 2005 3439 2061 oblaturus

1867 2093 2030 2151 esset,
2061 2098 2115 2140 ut
2145 2102 2212 2142 ne
2241 2087 2339 2143 hoc
2371 2088 2613 2145 faciendo
2639 2093 2908 2148 mutilaret
2937 2095 3078 2163 paria
3105 2113 3117 2148 :
3150 2095 3269 2150 ideo
3324 2097 3430 2150 Do-

1866 2177 2039 2231 minus
2080 2181 2333 2248 praescius
2376 2181 2530 2250 hujus
2576 2191 2738 2252 gratas
2781 2186 2989 2249 mentis,
3026 2185 3177 2256 jubet
3217 2196 3433 2253 septena

1867 2278 1921 2323 ct
1962 2280 2182 2339 septena
2222 2273 2482 2327 introduci
2529 2289 2594 2328 ex
2642 2275 2860 2344 singulis
2901 2277 3071 2330 avium
3110 2281 3432 2346 generibus,

1868 2371 1961 2426 ut,
2019 2378 2139 2418 cum
2190 2373 2428 2420 cessaret
2479 2366 2792 2420 universalis
2842 2367 3133 2434 interitus,
3180 2379 3234 2424 et
3281 2385 3431 2423 suam

1864 2463 2098 2509 mentem
2129 2457 2449 2523 declararet,
2481 2459 2624 2526 paria
2663 2460 2984 2524 volatilium,
3016 2471 3438 2531 ewlerorumque

1864 2546 2171 2601 animalium
2215 2564 2318 2602 non
2371 2549 2689 2604 laiderentur
2730 2569 2742 2604 :
2789 2551 2839 2605 id
2884 2551 3024 2621 quod
3075 2553 3126 2605 in
3173 2553 3434 2607 sermonis

1865 2653 2148 2709 progressu
2199 2639 2444 2708 discetis,
2497 2643 2584 2696 ubi
2634 2644 2685 2696 in
2730 2659 2848 2697 eum
2898 2644 3071 2698 locum
3129 2644 3435 2713 perveneri-

1865 2746 2003 2786 mus.
2032 2731 2284 2788 Videbitis
2309 2734 2448 2789 enim
2467 2733 2664 2804 justum
2692 2735 2838 2788 illum
2867 2734 2979 2790 ha:c
3005 2735 3208 2790 fecisse.
3236 2735 3432 2790 Didici-

1865 2825 1962 2880 stis
2006 2840 2218 2881 causam
2264 2827 2333 2882 ob
2373 2843 2528 2896 quam
2573 2839 2787 2897 septena
2832 2837 3049 2897 septena
3099 2828 3439 2882 introducere

1865 2929 2188 2990 prmceptum
2219 2918 2334 2975 fuit.
2365 2921 2442 2976 Ne
2469 2921 2689 2991 posthac
2711 2922 2945 2977 tolerclis
2960 2937 3053 2977 eos
3067 2924 3156 2994 qui
3184 2922 3424 2984 fabulari,

1865 3011 2224 3082 adversusque
2249 3011 2478 3067 divinam
2506 3012 2830 3084 Scripturam
2879 3014 3167 3085 insurgere,
3213 3025 3266 3069 et
3315 3031 3441 3085 qua:

1866 3119 1928 3158 ex
1949 3120 2046 3159 suo
2060 3105 2230 3174 capite
2251 3105 2538 3171 finxerunt,
2563 3113 2619 3158 ut
2640 3119 2788 3158 sacra
2813 3105 3082 3174 dogmata,
3101 3104 3439 3159 introducere

1866 3197 2120 3250 nituntur.
2149 3196 2309 3266 [gitur
2335 3206 2609 3267 postquam
2640 3197 2821 3252 omnia.
2844 3197 2986 3252 clare
3033 3196 3275 3252 mandata
3323 3196 3436 3251 fuc-

1865 3300 2010 3356 runt,
2039 3291 2182 3346 etde
2209 3291 2414 3353 avibus,
2447 3290 2586 3346 etde
2614 3289 2844 3352 mundis,
2867 3297 2922 3344 et
2948 3288 3016 3344 de
3041 3287 3346 3352 immundis,
3375 3297 3432 3343 et

1865 3385 1932 3440 de
1953 3385 2238 3450 alimentis,
2267 3385 2392 3440 dicit
2411 3385 2556 3455 justo
2589 3401 2602 3437 :
2631 3385 2684 3438 ιι.
2718 3384 2894 3438 Adhuc
2929 3383 3061 3436 enim
3101 3392 3287 3452 septem
3330 3383 3440 3434 dies

1865 3488 2001 3546 sunt,
2029 3488 2077 3533 et
2097 3495 2188 3550 ego
2213 3478 2398 3532 induco
2426 3477 2648 3548 pluviam
2685 3493 2838 3544 super
2874 3486 3058 3530 terram
3102 3474 3440 3544 quadraginta

1866 3571 2037 3624 diebus
2064 3580 2110 3624 et
2134 3570 2470 3640 quadraginta
2507 3567 2734 3621 noctibus
2752 3607 2767 3632 ,
2797 3575 2843 3620 et
2869 3567 3038 3620 delebo
3067 3582 3261 3619 onmem
3313 3564 3433 3617 sab-

1865 3661 2102 3716 stantiam
2133 3677 2284 3727 quam
2307 3660 2423 3731 feci,
2452 3676 2482 3710 a
2502 3659 2632 3730 facie
2657 3667 2824 3723 terra,
2850 3655 2910 3709 ab
2948 3656 3148 3709 homine
3188 3670 3344 3721 usque
3368 3655 3438 3706 ad

1858 3755 2164 3823 jumentum.
2220 3751 2469 3816 Attende,
2497 3750 2739 3812 obsecro,
2770 3748 2931 3803 etiam
2960 3762 3024 3801 ex
3057 3747 3120 3800 iis
3146 3761 3262 3816 quae
3294 3759 3437 3799 nunc

1866 3847 2005 3904 dicta
2038 3855 2160 3902 sunt
2204 3846 2453 3900 bonitatis
2499 3844 2692 3899 divina:
2736 3843 3125 3908 excellentiam,
3169 3840 3435 3909 quomodo

1868 3948 1988 4010 post
2016 3946 2213 3993 tantam
2244 3936 2577 3992 tolerantiam
2600 3936 2759 3989 etiam
2789 3947 2928 3987 nunc
2950 3941 3073 3986 ante
3095 3940 3296 4000 septem
3322 3929 3437 3983 dies

1868 4029 2108 4099 praedicit
2137 4047 2150 4080 :
2183 4028 2366 4082 volens
2395 4035 2538 4081 metu
2559 4023 2948 4080 emendatiores
2981 4023 3095 4076 illos
3132 4020 3356 4076 reddere
3381 4029 3436 4072 ct

1868 4121 1935 4177 ad
1963 4119 2326 4192 pomitentiam
2355 4117 2624 4173 reducere.
2654 4115 2784 4170 Nam
2813 4112 2952 4184 quod
2984 4113 3102 4166 ideo
3143 4110 3393 4180 pra-dicat
3415 4150 3433 4172 ,

1867 4229 1935 4268 ne
1954 4227 2015 4268 ea
2040 4227 2158 4282 quae
2179 4210 2325 4273 dicit,
2347 4223 2511 4278 super
2533 4221 2626 4262 eos
2669 4207 2901 4271 inducat,
2929 4203 3202 4259 considera
3229 4201 3432 4256 Ninivi-

1870 4315 1970 4369 tas,
1999 4312 2051 4358 et
2077 4301 2290 4358 attende
2319 4308 2512 4372 quanta
2540 4297 2730 4354 horum
2773 4309 2827 4352 ct
2851 4296 3057 4351 illorum
3087 4295 3156 4349 sit
3183 4292 3434 4348 dill'eren-

1871 4398 1960 4450 tia.
1989 4395 2120 4462 Quia
2148 4409 2265 4448 cum
2291 4401 2368 4446 tot
2392 4391 2545 4446 annis
2566 4389 2860 4456 audissent,
2889 4396 3012 4442 ante
3038 4385 3178 4440 iores
3202 4398 3323 4439 esse
3349 4397 3435 4437 ea-

1868 4487 2151 4550 lamitates,
2181 4500 2350 4555 neque
2369 4483 2446 4537 sic
2463 4497 2492 4536 a
2517 4482 2718 4536 malitia
2743 4495 2838 4534 sua
2876 4486 3171 4534 cessarunt.
3228 4475 3438 4528 Etenim

1868 4579 2241 4634 consuevimus
2260 4574 2668 4646 negligentiores
2694 4587 2835 4638 esse,
2862 4569 3074 4640 quando
3120 4565 3359 4621 dill‘ertur
3386 4574 3440 4618 et

1869 4670 2194 4741 protrahitur
2205 4669 2406 4739 punitio
2429 4685 2444 4734 ;
2464 4683 2527 4722 ac
2546 4681 2665 4721 cum
2687 4665 2926 4735 proxime
2947 4663 3142 4718 instant
3161 4672 3411 4714 aerumnae
3426 4695 3443 4722 ,

1870 4760 2380 4825 tunchumiliamur,
2411 4766 2466 4814 et
2493 4757 2778 4827 plurimam
2829 4764 3157 4810 ostentamus
3208 4768 3435 4807 convcr-

1869 4855 2072 4908 sionem
2104 4871 2117 4908 :
2148 4853 2198 4906 id
2225 4851 2364 4922 quod
2395 4859 2449 4906 et
2475 4851 2526 4904 in
2542 4849 2788 4904 Ninivitis
2813 4847 3053 4916 contigit.
3097 4845 3440 4914 Quandoqui-

1870 4945 1989 5000 dcm
2020 4946 2106 5000 ubi
2122 4945 2419 5009 audierunt,
2440 4941 2618 4996 Adhuc
2641 4953 2738 4996 tres
2761 4941 2886 5004 dies,
2914 4949 2959 4992 et
2991 4937 3172 4991 Ninive
3191 4937 3440 4991 subverte-

1872 5050 1952 5091 tur
1983 5038 2151 5109 (Jona:
2173 5037 2296 5109 5.4)
2314 5036 2412 5108 (b),
2435 5051 2544 5090 non
2563 5036 2736 5092 solum
2760 5047 2862 5087 non
2885 5032 3316 5099 desperaverunt.
3342 5025 3439 5082 sed

1871 5141 1925 5186 et
1944 5131 2008 5184 ad
2030 5131 2230 5186 dictum
2267 5129 2369 5184 hoc
2408 5139 2782 5188 cxsurrexcre,
2836 5130 3140 5188 tantamque
3192 5117 3439 5172 vit'orum

1935 5392 2006 5452 (ιι)
2040 5399 2134 5439 Non
2159 5389 2246 5452 abs
2262 5401 2322 5452 re
2340 5386 2418 5434 hic
2431 5384 2790 5452 chrysostomus
2809 5381 2856 5429 in
2879 5378 2987 5428 illos
3009 5375 3439 5452 invehiturhquij‘ti

1876 5445 2156 5514 explicanda
2177 5450 2337 5514 divina
2358 5445 2596 5507 Scriptura
2627 5453 3184 5514 magnamnnumeporum
3204 5445 3438 5514 rationem

1873 5496 2328 5573 habebant:qttales
2345 5496 2487 5573 erant
2505 5519 2600 5573 non
2619 5496 2758 5573 modo
2773 5503 2909 5573 Philo
2925 5507 2977 5548 et
2989 5501 3220 5573 Clemens
3231 5496 3351 5573 Ales
3359 5511 3437 5573 an-

1872 5557 2328 5626 dvihvu—sTsEd‘letiam
2352 5569 2584 5616 Eusebius
2605 5566 2786 5627 aliquot
2801 5578 2858 5627 in
2871 5572 3021 5627 locus;
3046 5563 3140 5608 imo
3178 5569 3230 5609 et
3259 5557 3338 5606 alii
3361 5565 3439 5604 ινδ·

1874 5648 1994 5688 tres.
2023 5624 2119 5694 Qua
2140 5635 2203 5683 de
2226 5647 2282 5681 re
2306 5643 2530 5690 magnum
2555 5624 2730 5676 librum
2753 5624 2902 5675 edidit
2923 5631 3093 5674 Petrus
3113 5629 3316 5684 Bongus.

1937 5721 2009 5777 (υ)
2044 5723 2188 5768 vetus
2221 5715 2367 5763 lectio
2394 5715 2511 5764 LXX
2535 5713 2863 5774 lntcrpretum
2890 5717 2990 5762 trcs
3009 5718 3196 5761 tantum
3243 5710 3349 5758 dies
3375 5712 3434 5759 ad
