4062 6396
579 313 697 371 ἰὶῦ

593 428 838 484 fecerunt
860 417 1267 480 abstinentiam,
1309 422 1364 466 et
1392 420 1499 465 tam
1543 405 1849 478 diligentem
1879 399 2172 458 confessio-

596 533 720 574 nem
759 511 1140 572 exhibuernnt,
1173 515 1231 560 ut
1258 513 1312 559 et
1337 503 1404 558 ad
1435 502 1588 555 bruta
1625 512 1792 567 usque
1825 492 2178 550 extenderent

597 625 661 665 ea
685 623 806 678 qum
831 601 1125 659 attinebant
1140 597 1205 653 ad
1226 594 1649 654 confessionem;
1679 604 1783 643 non
1831 584 1971 658 quod
2026 584 2178 638 bruta

599 675 890 756 animantta
942 691 1334 748 confessionem
1375 685 1676 742 ediderint:
1724 677 1991 750 quomodo
2035 675 2177 731 enim

597 797 837 862 possent,
869 801 990 840 cum
1019 795 1267 836 sermone
1287 775 1541 833 careant?
1568 772 1660 828 sed
1691 781 1748 824 ut
1777 786 1870 840 per
1896 769 1997 822 hoc
2021 767 2187 820 mise-'

602 858 883 938 ricordiam
915 877 1038 930 boni
1072 871 1279 928 Domini
1325 869 1427 922 sibi
1469 865 1836 923 cenciliarcnt.
1889 858 2182 915 Prmdicato

599 974 744 1030 enim
769 971 994 1042 jejunio,
1026 967 1218 1038 inquit,
1266 979 1359 1018 rex
1409 964 1522 1031 ipse
1566 956 1854 1020 mandavit,
1908 961 1965 1006 ut
2013 965 2185 1018 neque

607 1081 756 1130 oves,
783 1077 954 1132 neque
996 1061 1181 1124 boves,
1232 1071 1404 1125 neque
1453 1053 1556 1108 alia
1603 1051 1757 1104 bruta
1807 1045 2058 1117 pabulum
2101 1042 2187 1098 vel

604 1173 796 1229 aquam
834 1156 1136 1225 acciperent
1189 1148 1358 1222 (Iona:
1375 1149 1434 1202 '5.
1467 1144 1561 1214 7);
1591 1141 1684 1197 sed
1713 1154 1872 1194 omne
1913 1137 2185 1190 hominum

607 1228 776 1321 genus
793 1257 916 1303 tunc
937 1247 1107 1301 saccis
1131 1241 1405 1304 amictum,
1428 1246 1483 1292 et
1501 1238 1614 1306 ipse
1634 1248 1846 1304 quoque
1866 1247 1957 1285 rex
1977 1228 2188 1284 sublimi

605 1342 740 1397 solio
763 1341 980 1403 sedens,
1011 1350 1255 1406 magnam
1277 1341 1330 1388 et
1361 1345 1541 1400 parem
1591 1343 1712 1383 eum
1741 1326 1861 1380 aliis
1887 1339 2046 1393 egere
2073 1336 2190 1391 pte-

609 1433 886 1487 niteutiam
917 1448 930 1484 :
959 1429 1310 1495 feceruntque
1338 1425 1474 1485 htec,
1503 1421 1629 1475 licet
1654 1419 1959 1489 ignorarent
1979 1431 2046 1468 an
2073 1429 2190 1484 pte-

612 1542 732 1581 nam
756 1523 964 1580 evasuri
992 1528 1194 1576 essent.
1222 1517 1478 1572 Dicebant
1493 1514 1637 1569 enim
1661 1531 1674 1569 :
1701 1511 1827 1578 Quis
1853 1511 1966 1574 scit,
1997 1507 2040 1562 si
2063 1510 2193 1578 forte

613 1620 848 1688 paeniteat
877 1615 1011 1670 Deus
1037 1629 1191 1679 super
1219 1611 1434 1674 malitia,
1457 1624 1609 1679 quant
1637 1615 1691 1660 ut
1719 1604 1861 1659 nobis
1889 1603 2067 1672 faciat,
2115 1601 2194 1656 lo-

611 1719 795 1780 quutus
818 1716 890 1761 est
913 1704 1074 1777 (Ibid.
1104 1720 1152 1758 v.
1173 1704 1231 1766 9)
1249 1704 1274 1756 .9

686 1800 741 1854 7.
783 1796 1027 1852 Pra'dicit
1060 1793 1214 1859 Deus,
1247 1810 1309 1846 ne
1330 1793 1536 1846 inducat
1566 1788 1720 1842 mala.
1743 1816 1814 1826 ——
1834 1784 2026 1838 Vidisti
2072 1783 2194 1838 bar-

620 1894 866 1948 barorum
905 1898 1112 1959 gratum
1160 1885 1434 1939 animum?
1482 1882 1660 1936 vidisti
1711 1879 1978 1950 quomodo
2029 1892 2198 1946 neque

617 1984 824 2038 dierum
852 1983 1092 2049 angustia
1122 1977 1394 2045 segniores
1421 1974 1575 2036 fecit.
1609 1988 1781 2041 neque
1832 1969 1897 2024 ad
1944 1968 2197 2037 despera-

620 2075 817 2127 tionem
848 2070 1083 2126 induxit?
1107 2068 1232 2122 Vidc
1261 2076 1314 2120 et
1336 2066 1456 2120 illos
1479 2072 1597 2134 post
1617 2076 1897 2116 numerum
1930 2067 2006 2114 tut
2034 2074 2200 2113 anuo-

621 2181 760 2228 rum,
789 2163 877 2219 ubi
893 2161 1207 2217 audiverunt
1235 2177 1248 2212 :
1273 2157 1462 2213 Adhuc
1478 2164 1682 2226 septem
1704 2153 1836 2218 dies,
1869 2162 1923 2207 et
1949 2151 2202 2206 diluvium

624 2255 918 2316 imlucetur,
949 2267 1121 2322 neque
1145 2252 1224 2304 sie
1247 2263 1556 2312 conversos,
1584 2245 1676 2300 sed
1699 2243 1940 2314 stupidos
1988 2251 2042 2296 et
2085 2243 2201 2296 sine

622 2348 809 2402 dolore
834 2347 1122 2400 mansisse:
1151 2343 1291 2398 unde
1319 2343 1370 2396 in
1387 2341 1635 2396 confesso
1662 2339 1841 2405 fuerit,
1875 2337 2202 2391 voluntatem

623 2446 858 2492 nostram
883 2436 1146 2490 malorqu
1175 2434 1413 2488 omnium
1443 2447 1657 2486 causam
1689 2445 1829 2484 esse.
1884 2429 2020 2483 Ecce
2064 2429 2204 2482 enim

626 2539 674 2591 et
703 2530 854 2595 bi,et
883 2529 967 2583 isti
986 2528 1199 2582 fuerunt
1225 2526 1487 2590 homines,
1531 2533 1585 2578 et
1635 2523 1874 2592 ejusdem
1918 2522 2068 2591 cujus
2118 2520 2206 2574 alii

627 2633 852 2688 naturae,
900 2620 993 2676 sed
1033 2635 1135 2674 non
1165 2619 1404 2688 ejusdem
1435 2617 1744 2672 voluntatis.
1776 2615 2061 2683 Propterea
2113 2628 2210 2666 nee

629 2712 816 2767 eadem
844 2727 1028 2767 eorum
1060 2725 1177 2766 sors
1202 2710 1320 2776 fuit,
1374 2708 1471 2764 sed
1514 2707 1763 2762 Ninivita:
1805 2706 2210 2760 subversiouem

628 2803 1083 2874 subterfugerant,
1107 2818 1228 2857 cum
1258 2801 1431 2856 bonus
1458 2800 1600 2854 Deus
1628 2806 1845 2868 propter
1897 2811 2048 2852 suam
2099 2795 2211 2849 ele-

631 2896 884 2949 meutiam
905 2910 1090 2950 eorum
1113 2901 1394 2948 contentus
1414 2899 1557 2945 esset
1601 2889 1910 2958 paenitentia
1942 2906 1955 2940 :
1984 2887 2080 2942 sed
2126 2887 2211 2941 isti

629 2985 914 3050 submersi,
931 2985 984 3039 in
1006 2984 1274 3039 communi
1300 2982 1519 3037 interitu
1540 2981 1835 3050 perierunt.
1855 2979 2034 3032 Adhuc
2055 2979 2210 3043 enim,

632 3076 821 3144 inquit,
839 3085 1027 3145 septem
1049 3076 1178 3139 dies,
1207 3084 1255 3127 et
1275 3090 1365 3144 ego
1391 3072 1574 3126 induco
1592 3071 1813 3142 pluviam
1832 3087 1984 3138 super
2005 3081 2212 3123 terram.

637 3165 838 3220 Deinde
866 3175 924 3220 ut
968 3165 1138 3235 magis
1180 3172 1370 3234 augeat
1410 3173 1690 3227 terrorem,
1745 3161 1950 3230 inquit:
1983 3160 2217 3226 Quadra-

634 3263 774 3332 ginta
795 3259 966 3314 diebus
994 3268 1041 3314 et
1071 3257 1413 3328 quadraginta
1440 3257 1691 3310 noctibus.
1718 3254 1856 3322 Quid
1898 3253 2078 3309 enim?
2117 3269 2216 3308 ano

635 3367 740 3408 non
767 3361 990 3421 poterat,
1022 3352 1066 3406 si
1096 3349 1368 3413 voluisset,
1401 3364 1508 3403 uno
1536 3348 1807 3403 dictatam
1851 3347 2080 3416 pluviam
2133 3347 2218 3400 in-

639 3444 876 3499 ducere?
899 3442 1035 3511 Quid
1061 3441 1181 3497 dico
1210 3457 1316 3496 uno
1341 3441 1472 3495 die?
1520 3440 1638 3495 Uno
1682 3446 1954 3493 momento
1998 3446 2216 3508 posset:

638 3536 731 3590 sed
765 3535 864 3589 huc
887 3534 1064 3590 dedita
1093 3548 1253 3603 Opera
1277 3533 1421 3597 facit,
1451 3532 1636 3586 volens
1678 3531 1836 3584 simul
1880 3539 1933 3583 et
1973 3528 2218 3583 timorem

639 3630 896 3691 incutere,
928 3624 1338 3680 ctoecasionem
1368 3633 1639 3692 prarstare,
1689 3637 1792 3690 qua
1844 3630 2060 3690 possent
2111 3634 2223 3689 put-

640 3737 786 3784 nam,
809 3734 928 3790 qua:
955 3719 1062 3789 jam
1093 3717 1148 3774 in
1179 3717 1382 3771 foribus
1417 3725 1581 3780 esset,
1614 3714 1868 3783 effugere.
1904 3713 1970 3767 Et
2008 3712 2182 3767 delebo
2205 3753 2222 3778 ,

642 3813 835 3882 inquit,
862 3827 1058 3864 omnem
1085 3809 1438 3873 substantiam,
1466 3823 1618 3876 quam
1649 3806 1765 3875 feci,
1795 3821 1827 3858 a
1856 3804 1987 3874 facie
2027 3812 2174 3856 terra!
2205 3843 2220 3869 ,

642 3907 706 3956 ab
729 3903 928 3955 homine
955 3917 1109 3970 usque
1128 3902 1195 3954 ad
1223 3915 1393 3970 pecus.
1427 3897 1559 3952 \"ide
1586 3894 1854 3966 quomodo
1883 3907 1937 3950 et
1966 3893 2131 3948 semel
2173 3903 2227 3948 et

647 3995 839 4049 iterum
870 3991 1137 4062 praedicit,
1161 4000 1215 4044 et
1241 4005 1414 4058 neque
1434 3988 1511 4044 sic
1533 3987 1653 4042 illos
1681 3987 1864 4056 tangit.
1894 3985 2084 4040 Omnia
2129 3999 2227 4038 att-

645 4097 752 4142 tem
788 4085 900 4139 tunc
931 4084 1178 4150 faciebat,
1211 4092 1266 4137 ttt
1288 4097 1384 4136 nos
1405 4081 1640 4146 doceret,
1674 4094 1733 4134 se
1753 4081 1896 4148 juste
1923 4078 2000 4132 eis
2028 4085 2226 4131 tantam

647 4177 1173 4249 punnuuinflixisse;
1205 4185 1258 4230 et
1285 4185 1340 4230 ut
1381 4175 1554 4228 nullus
1601 4173 1954 4241 insipientiam
2005 4182 2230 4240 arguere

649 4281 704 4325 et
728 4271 906 4324 dicere
951 4277 1169 4339 posset:
1203 4269 1258 4323 Si
1318 4266 1830 4337 procrastinavisset.
1876 4261 2015 4317 forte
2062 4259 2233 4330 ptem-

655 4363 873 4417 tcntiam
902 4361 1155 4430 egissent,
1181 4360 1317 4413 forte
1343 4375 1373 4411 a
1399 4357 1538 4411 vitiis
1567 4357 1912 4419 abstitissent,
1955 4361 2008 4408 et
2028 4353 2095 4408 ad
2120 4352 2232 4407 vir-

656 4463 822 4507 tutem
855 4451 1161 4506 rediissent.
1198 4451 1374 4519 anue
1421 4448 1489 4502 de
1541 4462 1699 4502 eausa
1730 4460 1990 4500 annorum
2021 4457 2232 4514 quoque

656 4558 935 4599 numerum
967 4541 1257 4595 declaravit
1279 4539 1452 4603 nobis,
1483 4547 1533 4592 et
1561 4552 1738 4591 aream
1770 4535 2016 4590 fabricari
2054 4533 2233 4602 jussit.

657 4637 726 4691 Et
759 4644 876 4705 post
903 4634 1016 4688 haec
1038 4632 1217 4687 omnia
1247 4632 1406 4687 etiam
1436 4639 1560 4684 ante
1588 4629 1703 4684 dies
1733 4639 1938 4697 septem
1973 4625 2233 4696 praedicit,

657 4741 712 4783 ιιι
763 4728 999 4804 omnium
1051 4733 1252 4780 temere
1288 4723 1613 4792 loquentium
1653 4719 1988 4788 impudentes
2033 4716 2238 4786 linguas

656 4827 982 4889 compescat.
1012 4818 1065 4872 5.
1098 4817 1163 4869 Et
1189 4816 1330 4886 fecit,
1356 4813 1548 4882 inquit,
1579 4811 1693 4865 Noe
1715 4811 1884 4864 omnia
1918 4823 2240 4879 qutecuntque

663 4912 916 4968 mandavit
937 4912 979 4964 ei
997 4909 1248 4964 Dominus
1273 4905 1432 4960 Deus.
1465 4903 1599 4958 Vide
1626 4901 1894 4973 quomodo
1921 4910 1974 4955 et
2000 4913 2138 4953 nunc
2153 4898 2240 4965 ju-

661 5007 726 5059 sti
747 5013 956 5074 gratum
987 5002 1221 5054 animum
1252 5007 1307 5052 et
1342 4995 1698 5050 obedientiam
1747 4993 1924 5048 divina
1971 4990 2243 5060 Scriptura

663 5096 939 5168 praedicat,
970 5094 1169 5148 docens
1197 5105 1296 5144 nos
1321 5104 1443 5146 eum
1472 5087 1601 5141 nihil
1627 5084 1767 5155 quod
1788 5086 2102 5153 imperatum
2130 5090 2244 5136 erat

667 5186 1107 5256 praetermisisse;
1139 5182 1232 5237 sed
1263 5179 1512 5236 omnibus
1538 5177 1790 5247 impletis,
1810 5177 1968 5230 etiam
2001 5191 2091 5242 per
2120 5173 2240 5237 hoc,

668 5423 1052 5486 resipiscendum
1092 5417 1462 5486 Rinjvitisdatos
1500 5419 1842 5486 commemorat
1874 5426 1886 5460 :
1925 5412 1979 5486 in_
2015 5411 2248 5486 ttehraieo

671 5474 812 5539 text'u
835 5495 982 5543 atque
1022 5484 1072 5531 in
1095 5481 1294 5543 Vulgata
1337 5480 1650 5543 quadraginta
1673 5477 1794 5543 dies
1817 5474 2065 5534 leguntur.
2091 5474 2249 5543 Libra-

672 5537 852 5598 riorum
897 5537 1059 5608 lapsus
1095 5556 1147 5592 In
1185 5537 1295 5608 Dfx
1334 5537 1686 5608 Interpretibus
1720 5537 1832 5608 inde
1872 5543 2007 5585 orttts
2040 5542 2250 5608 putatur,

674 5597 800 5668 quod
823 5617 928 5657 tres
946 5597 1053 5655 dies
1095 5613 1234 5668 Jonas
1256 5605 1304 5651 in
1325 5608 1502 5668 ventre
1535 5601 1632 5668 e_eti
1668 5600 1856 5668 egerit,
1882 5609 2084 5668 quorum
2109 5597 2253 5644 trium

678 5661 866 5722 dierum
886 5669 1142 5723 occasione
1163 5667 1241 5716 hic
1258 5673 1359 5714 tres
1384 5665 1527 5713 etiam
1545 5662 1652 5711 dies
1674 5661 1814 5723 positi
1835 5665 2038 5714 feuriut.

1292 292 1346 350 S.
1384 288 1662 348 JOANNIS
1698 281 2168 343 CHRYSOSTOMI
2208 278 2527 335 ARCHIEP.
2567 277 3102 336 CONSTANTINUP.

3755 274 3864 328 2m

2288 419 2497 474 virtutis
2519 433 2628 474 sua:
2651 419 2922 489 specimen
2946 417 3256 488 pnebuisse.

2359 512 2413 566 8.
2457 511 2670 565 Maralis
2692 511 2991 565 exhortatio.
3021 541 3089 548 —
3119 508 3268 562 Illum
3297 507 3455 576 igitur
3475 515 3528 560 et
3555 521 3654 561 nos
3689 506 3863 562 imite-

2291 623 2410 660 tnur
2435 606 2657 675 justum,
2711 615 2765 658 et
2792 603 3039 658 mandata
3066 620 3094 656 a
3127 604 3234 656 Deo
3267 601 3456 656 tradita
3488 601 3712 670 implere
3755 611 3866 653 stn-

2290 697 2532 763 deamus,
2562 713 2624 752 ac
2659 698 2803 766 leges
2837 712 2865 750 a
2901 695 3110 749 Christo
3139 693 3288 747 nobis
3316 692 3447 746 latas
3477 707 3580 745 non
3609 691 3867 766 despicia-

2291 806 2443 856 ntus;
2467 790 2562 845 sed
2583 805 2766 844 earum
2797 797 3111 858 praesentem
3134 794 3407 838 servantes
3437 782 3774 844 tnemoriam,
3794 782 3868 835 te-

2291 885 2550 939 stinemus
2598 882 2663 936 ad
2700 882 2834 935 bona
2867 895 3048 949 opera,
3105 894 3202 931 nec
3254 889 3444 946 segnes
3491 875 3662 928 simus
3715 873 3766 926 in
3813 874 3869 926 iis

2298 975 2587 1031 tractandis
2611 991 2730 1044 qua:
2755 975 2818 1026 ad
2839 973 3062 1026 salutem
3084 980 3318 1024 nostram
3339 968 3628 1038 pertinent,
3647 980 3869 1036 praeser-

2298 1070 2390 1122 tim
2421 1083 2540 1122 cum
2571 1083 2710 1119 nunc
2741 1066 2893 1135 longe
2941 1064 3110 1131 tnajnr
3140 1061 3344 1115 virtutis
3363 1075 3609 1115 mensura
3655 1073 3687 1111 a
3727 1057 3872 1114 nobis

2297 1161 2560 1227 exigatur,
2591 1167 2790 1228 quanto
2817 1165 2871 1209 et
2897 1155 3114 1208 meliora
3149 1154 3284 1206 bona
3313 1151 3484 1206 sortiti
3511 1164 3720 1205 sumus.
3754 1149 3876 1204 Ideo

2296 1263 2349 1309 et
2372 1253 2617 1307 Christus
2658 1249 2908 1305 dicebat:
2944 1247 3062 1302 Nisi
3107 1245 3436 1310 abundaverit
3467 1245 3674 1316 justitia
3718 1255 3873 1296 vestra

2300 1346 2414 1415 plus
2442 1360 2590 1414 quam
2609 1342 2887 1396 scribarum
2911 1351 2958 1394 et
2987 1338 3387 1402 Pharisa’orum,
3413 1352 3511 1388 non
3529 1333 3781 1387 intrabitis
3827 1335 3873 1387 in

2298 1453 2508 1506 regnum
2533 1435 2771 1488 caelorum
2801 1431 3010 1503 (Matth.
3037 1431 3091 1484 5.
3121 1429 3238 1498 20).
3273 1426 3692 1482 Consideretnus
3731 1424 3876 1493 igitur

2299 1529 2402 1582 huc
2440 1526 2639 1581 dictum
2665 1565 2680 1588 ,
2722 1532 2778 1578 et
2822 1539 2927 1577 non
2980 1519 3337 1591 perfunctorie
3379 1527 3738 1579 transeamus,
3791 1515 3874 1568 sed

2300 1621 2595 1688 Cogitemus
2639 1625 2832 1687 quanta
2857 1629 3010 1685 ptena
3065 1614 3238 1666 futura
3289 1611 3356 1665 sit
3403 1625 3591 1666 eorum
3641 1609 3732 1678 qui
3779 1624 3875 1662 non

2299 1713 2474 1765 solum
2525 1705 2631 1764 non
2674 1724 2890 1778 operam
2921 1707 3049 1760 dant
3073 1715 3130 1759 ut
3152 1705 3272 1759 illos
3301 1711 3577 1774 superent,
3608 1701 3703 1756 sed
3727 1702 3878 1757 etiam

2303 1806 2478 1858 minus
2493 1818 2652 1873 quant
2676 1801 2750 1856 illi
2779 1808 3070 1872 praestant;
3101 1812 3271 1866 neque
3290 1803 3482 1850 cavent
3524 1803 3588 1848 ut.
3631 1794 3762 1848 iram
3807 1809 3873 1847 re-

2305 1898 2517 1952 mittant
2563 1895 2828 1966 proximo,
2874 1893 2955 1947 vel
2981 1893 3211 1962 linguam
3242 1904 3270 1942 a
3313 1887 3636 1959 juramentis
3683 1896 3880 1940 servent

2308 2005 2514 2059 puram,
2544 1988 2624 2042 vel
2645 1987 2858 2042 oculum
2881 1984 3120 2040 muniant
3141 1999 3170 2038 a
3199 1982 3498 2052 pernicioso
3547 1980 3873 2048 spectaculo:

2306 2092 2362 2137 et
2387 2096 2506 2136 eum
2537 2079 2793 2135 Dominus
2817 2077 3114 2149 prmeipiat,
3143 2093 3251 2130 non
3294 2075 3471 2130 solum
3497 2073 3725 2130 fortiter.
3756 2070 3880 2125 ferre

2307 2175 2352 2229 si
2396 2189 2499 2243 qua
2549 2171 2738 2240 injuria
2781 2169 3042 2225 fuerimus
3079 2169 3275 2233 affecti,
3312 2167 3408 2222 sed
3427 2165 3756 2221 etbeneficia
3796 2164 3879 2218 iui—

2309 2269 2462 2323 tnieis
2486 2265 2704 2336 largiter
2724 2263 2994 2334 prmbere;
3026 2261 3098 2320 ait
3119 2261 3281 2325 enim,
3314 2258 3384 2313 Et
3411 2259 3498 2328 qui
3554 2269 3717 2312 tecum
3760 2256 3878 2322 nidi.

2311 2362 2389 2414 cio
2420 2357 2719 2412 contendere
2738 2367 2786 2410 ct
2815 2356 3036 2409 tunicam
3056 2355 3229 2409 tollere
3245 2354 3370 2418 vult,
3389 2352 3588 2406 dimitte
3603 2361 3647 2404 et
3691 2350 3879 2421 pallium

2311 2454 2523 2525 (Matth.
2547 2453 2600 2508 5.
2617 2453 2731 2522 40).
2757 2451 2865 2505 Nos
2891 2459 3068 2504 autem
3097 2462 3240 2516 saepe
3263 2446 3510 2515 proximo
3539 2445 3780 2514 injuriatu
3807 2443 3876 2496 in-

2319 2549 2457 2604 fcrre
2503 2547 2740 2611 nitimur,
2773 2553 2864 2598 aut
2889 2541 3171 2596 lmdentetn
3217 2539 3428 2603 ulcisci,
3467 2535 3718 2606 quamvis
3749 2534 3880 2587 nobis

2319 2639 2642 2708 imperatum
2682 2636 2752 2689 sit
2783 2649 2887 2688 non
2919 2633 3091 2686 solum
3121 2631 3405 2699 diligentes
3457 2627 3684 2696 diligere
3720 2625 3880 2698 [Nam

2316 2732 2430 2796 hoc,
2462 2730 2653 2797 inquit,
2684 2735 2730 2780 et
2759 2725 3014 2796 publicani
3041 2724 3236 2792 faciunt
3259 2721 3472 2792 (Matth.
3568 2718 3710 2790 46)],
3734 2718 3881 2772 sedet

2315 2826 2454 2881 bene
2483 2832 2538 2876 et
2563 2821 2732 2874 amice
2755 2817 2975 2872 affectos
3003 2830 3123 2871 esse
3152 2814 3206 2868 in
3234 2828 3327 2867 eos
3356 2813 3444 2881 qui
3497 2827 3596 2866 nos
3645 2811 3882 2864 hostiliter

2319 2918 2571 2973 infestant
2601 2933 2613 2968 :
2649 2930 2746 2967 nos
2775 2922 2953 2966 tamen
2981 2925 3049 2964 ne
3074 2908 3262 2962 amicis
3290 2905 3506 2976 quidem
3538 2920 3717 2974 parem
3759 2904 3880 2955 cari.

2319 3019 2482 3065 tatem
2511 3007 2847 3062 exhibemus.
2874 3005 3171 3072 Eapropter
3190 2999 3424 3054 doleo-ct
3453 2999 3630 3068 lugeo,
3660 2998 3777 3066 quia
3805 2997 3870 3047 vi-

2318 3105 2422 3160 deo
2455 3107 2506 3158 itt
2529 3101 2683 3157 nobis
2700 3108 2900 3154 tantam
2920 3096 3132 3151 virtutis
3165 3098 3438 3148 raritatem
3462 3109 3482 3157 ;
3506 3091 3757 3144 malitiam
3800 3104 3879 3138 au-

2322 3209 2431 3255 tem
2476 3195 2715 3268 quotidie
2759 3191 3088 3247 invaleseere
3120 3207 3133 3242 :
3166 3203 3342 3256 neque
3383 3196 3626 3238 moratur
3652 3183 3884 3252 gehenna:

2323 3293 2484 3346 timor
2513 3297 2754 3343 nostrum
2783 3285 2835 3339 in
2861 3283 3002 3338 mala
3021 3295 3257 3344 cursum,
3287 3293 3458 3346 neque
3504 3276 3652 3346 regni
3698 3273 3881 3328 deside-

2325 3388 2461 3439 rium
2480 3381 2684 3444 incitat,
2704 3385 2760 3432 ut
2785 3377 2838 3432 in
2852 3375 2937 3429 via
2956 3372 3168 3426 virtutis
3183 3369 3520 3423 ambulemus
3548 3384 3561 3421 :
3591 3364 3682 3420 sed
3701 3377 3881 3420 omnes.

2325 3485 2385 3530 ut
2413 3477 2481 3528 ita
2514 3473 2710 3535 dicam,
2731 3482 2861 3538 quas
2909 3464 3142 3536 pecudes
3167 3461 3482 3515 abducimur
3510 3476 3524 3510 :
3557 3467 3610 3512 et
3635 3471 3795 3524 neque
3811 3470 3885 3508 co-

2328 3568 2559 3637 gitamus
2581 3561 2872 3617 terribilem
2899 3558 3042 3612 illam
3071 3555 3278 3618 horam,
3309 3551 3396 3606 vel
3453 3551 3601 3621 leges
3629 3565 3657 3603 a
3689 3548 3884 3603 Domino

2333 3660 2488 3714 nobis
2517 3656 2669 3709 datas
2702 3672 2716 3708 :
2748 3652 2843 3708 sed
2868 3663 3058 3705 omnes
3085 3647 3150 3700 ad
3181 3645 3457 3700 hominum
3485 3642 3761 3711 opiniones
3780 3653 3882 3706 spe-

2331 3762 2560 3812 ctamus,
2588 3757 2643 3800 et
2670 3742 2948 3816 gloriolam
2970 3740 3040 3794 ab
3069 3738 3173 3793 illis
3197 3751 3475 3796 venamur,
3506 3747 3681 3803 neque
3726 3730 3885 3784 audire

2333 3843 2574 3896 volumus
2607 3832 2958 3906 Evangelium
2991 3830 3178 3886 dicens
3216 3847 3230 3884 :
3277 3827 3543 3892 Quomodo
3590 3841 3674 3878 vos
3714 3821 3887 3893 potestis

2337 3936 2538 3990 credere
2564 3929 2776 4003 gloriam
2799 3926 2872 3980 ab.
2893 3923 3177 3980 hominibus
3191 3921 3511 3990 accipientes,
3566 3926 3612 3971 et
3661 3915 3850 3986 gloriam
3871 3953 3884 3974 ,

2331 4047 2446 4102 qua:
2466 4046 2496 4082 a
2517 4025 2625 4080 solo
2654 4022 2765 4077 Deo
2780 4029 2874 4086 est,
2895 4036 2996 4074 non
3012 4027 3286 4088 querentes
3300 4011 3479 4082 (Joan.
3499 4011 3554 4066 5.
3573 4011 3635 4064 44
3645 4009 3704 4079 ).?
3720 4006 3886 4102 Quem-

2335 4094 2620 4176 admodum
2651 4115 2796 4171 enim
2825 4112 2914 4183 qui
2944 4111 3088 4166 illam
3131 4108 3418 4161 humanam
3462 4101 3777 4160 desiderant,
3821 4094 3886 4148 die

2341 4215 2464 4267 vina
2496 4221 2715 4280 prorsus
2737 4203 2989 4260 excidunt
3019 4219 3030 4252 :
3064 4200 3136 4254 ita
3162 4198 3252 4267 qui
3277 4195 3511 4251 divinam
3534 4191 3773 4248 continuo
3813 4201 3885 4239 se-

2343 4314 2577 4366 etanlttt',
2599 4312 2774 4368 neque
2798 4296 2895 4350 hae
2914 4293 3211 4364 privamur.
3235 4288 3289 4342 Id
3317 4285 3459 4357 quod
3481 4286 3594 4355 ipse
3622 4282 3757 4354 prius
3782 4293 3886 4349 pro-

2339 4397 2482 4451 tuisit
2509 4411 2520 4446 :
2551 4391 2770 4460 Qttazrite
2791 4386 3040 4459 primum‘
3069 4397 3280 4452 regnum
3303 4379 3417 4443 Dei,
3448 4388 3492 4430 et
3525 4377 3629 4430 haec
3653 4371 3806 4427 omnia
3818 4384 3886 4422 ve-

2339 4491 2412 4542 bis
2432 4486 2734 4557 adjiciantur
2762 4477 2988 4552 (Matth.
3016 4476 3068 4531 6.
3099 4473 3192 4545 55)
3220 4487 3237 4526 :
3265 4471 3463 4526 etenim
3487 4483 3609 4523 cum
3637 4466 3724 4535 qui
3758 4462 3887 4557 hujus

2341 4579 2610 4636 desiderio
2641 4550 2872 4640 tenetur,
2905 4575 3201 4638 sequuntur
3241 4565 3358 4619 haec
3407 4562 3607 4616 omnia.
3659 4557 3779 4612 Nam
3814 4550 3886 4622 qui

2343 4677 2469 4730 illuc
2488 4671 2678 4726 mentis
2702 4683 2813 4722 stne
2839 4664 2937 4719 alis
2954 4665 3247 4716 instructus
3269 4657 3433 4721 volat,
3453 4668 3663 4709 omnem
3685 4660 3886 4719 pratsen-

2345 4776 2452 4822 tem
2483 4761 2890 4836 proSperitatem
2914 4753 3062 4826 quasi
3086 4767 3191 4807 non
3223 4759 3388 4814 esset,
3417 4744 3720 4803 contemnit.
3759 4734 3883 4794 Oculi

2345 4857 2485 4913 enim
2520 4853 2664 4916 fidei,
2698 4848 2917 4919 quando
2942 4846 3122 4900 vident
3173 4841 3458 4898 ineﬂabilia
3491 4839 3576 4894 illa
3629 4837 3756 4889 bona
3777 4873 3791 4896 ,
3835 4840 3880 4881 nt

2346 4943 2816 5014 sentiuntqnidem
2845 4939 2961 4994 haec
2987 4935 3214 4992 v'isibilia
3243 4951 3256 4987 :
3288 4941 3492 4986 tantum
3535 4931 3670 4984 inter
3711 4927 3812 4978 lucc
3845 4926 3881 4972 et

2349 5040 2438 5094 illa
2458 5039 2701 5092 interest.
2729 5032 2832 5089 Sed
2856 5030 3122 5085 neminem
3149 5026 3305 5080 video
3332 5024 3420 5094 qui
3445 5020 3715 5076 invisibilia
3739 5012 3881 5068 visibi-

2350 5131 2487 5185 Iibus
2515 5127 2782 5198 prteferat.
2809 5123 3008 5178 Idcirco
3033 5119 3164 5175 mihi
3196 5133 3396 5173 maeror
3419 5125 3518 5177 est,
3538 5122 3591 5168 et
3617 5108 3882 5165 indesinens

2352 5223 2505 5276 dolor
2533 5220 2680 5275 cordi
2709 5231 2867 5271 meo:
2900 5215 3022 5284 quia
3069 5227 3174 5266 non
3204 5225 3385 5264 rerum
3427 5203 3737 5275 experientia
3770 5193 3883 5251 docti

2352 5329 2558 5377 sumus,
2610 5326 2784 5381 neque
2833 5309 2924 5363 Dei
2978 5303 3382 5376 promissiones,
3433 5311 3600 5367 neque
3645 5297 3884 5347 munerum

2355 5405 2683 5479 magnitudo,
2713 5401 2864 5474 regni
2895 5396 3217 5454 desiderium
3239 5402 3295 5450 et
3317 5405 3552 5446 amorem
3584 5386 3720 5440 nobis
3762 5376 3882 5437 insc-

2430 5579 2442 5604 ‘
2477 5574 2601 5634 Vox,
2623 5568 2833 5634 primum
2860 5560 3110 5629 (πρῶτον),
3137 5558 3275 5608 deest
3316 5555 3365 5591 ίιι
3396 5548 3538 5599 Suvil-
3576 5551 3622 5593 ιιι
3650 5545 3693 5590 in
3722 5534 3883 5594 εεΡίθω

2368 5639 2482 5689 Mss.
