4062 6396
524 347 634 405 ιη

534 465 630 519 τοῦ
664 462 926 532 παρόντος
961 460 1076 529 βίον
1125 457 1231 510 τῶν
1278 457 1648 527 ἀτελευτήτων
1678 453 1890 507 αἰώνων
1941 452 2191 505 ἐκείνων.

537 551 668 606 Οἶδα
701 553 782 604 ὅτι
813 549 997 602 δάκνει
1027 549 1125 618 τὴν
1159 546 1326 618 ἀκοὴν
1353 545 1512 598 ταυτὶ
1536 545 1606 597 τά
1633 545 1876 614 ῥήματα,
1900 540 2036 594 ἀλλά
2067 539 2200 609 σύγ-

536 657 733 706 γνωτε.
764 635 1073 706 Ἐπιθυμῶν
1095 635 1191 705 τὴν
1211 635 1366 704 ὑμῶν
1389 633 1663 703 σωτηρίαν
1680 631 1851 684 ταῦτα
1869 629 2201 699 φθέγγομαι,

540 727 635 779 καὶ
689 723 1010 793 βουλόμενος
1059 719 1291 774 ἐνταῦθα
1342 721 1536 790 μικρδν
1585 719 1729 789 ὑμᾶς
1763 717 2062 787 δηχθέντας
2104 714 2203 785 τὴν

536 813 754 866 αἰώνιον
786 810 1006 864 κόλασιν
1035 809 1385 878 διαφυγεῖν,ή
1419 808 1554 878 πρὸς
1575 807 1754 874 ὀλίγον
1773 801 2206 875 ψυχαγωγηθέν-

542 917 642 962 τας
693 898 916 969 διηνεκῆ
949 899 1049 966 τὴν
1079 897 1347 967 τιμωρίαν
1378 896 1620 965 ὑπέχειν.
1659 895 1720 946 El
1754 892 1862 962 γὰρ
1889 888 2201 961 ἀνάσχησθε

537 988 644 1039 τῶν
673 987 820 1057 ἐμῶν
852 985 1044 1052 λόγων.
1094 985 1190 1038 καὶ
1218 985 1318 1053 τὴν
1369 981 1748 1054 προλαϐοῦσαν
1797 978 2036 1050 ἀθυμίαν
2067 979 2204 1030 ἀπο-

540 1076 782 1128 σείσεσθε
827 1089 886 1140 ιι,
927 1073 1022 1127 καὶ
1073 1073 1311 1143 μάλιστα
1346 1071 1443 1124 νῦν
1479 1070 1554 1134 ὼς
1595 1070 1674 1124 ἔτι
1711 1072 1740 1124 ὁ
1790 1070 1992 1140 βραχὺς
2047 1060 2204 1129 οὗτος

540 1165 730 1236 καιρὸς
780 1165 879 1234 τῆς
929 1163 1091 1230 ἁγίας
1139 1162 1264 1232 ὑμῖν
1297 1159 1682 1212 ὑπολέλειπται
1714 1156 2161 1228 τεσσαρακοστῆς
2185 1194 2200 1218 ,

537 1251 832 1322 δυνήσεσθε
867 1250 961 1303 καὶ
990 1250 1057 1303 τά
1083 1248 1450 1319 ἡμαρτημένα
1475 1245 1860 1315 ἀπονίψασθαι,
1891 1245 1984 1297 καὶ
2005 1243 2204 1313 πολλὴν

539 1341 690 1413 παρά
715 1338 810 1392 τοῦ
857 1336 988 1391 Θεοῦ
1027 1337 1124 1407 τὴν
1159 1334 1570 1404 φιλανθρωπίαν
1617 1333 2052 1394 ἐπισπάσασθαι,
2082 1330 2204 1383 οὑδὲ

538 1429 648 1500 γάρ
688 1425 900 1479 πολλῶν
948 1423 1174 1496 ἡμερῶν
1202 1424 1372 1476 δεῖται
1402 1423 1431 1475 ὀ
1482 1422 1778 1491 Δεσπότης,
1802 1421 1944 1474 ὀὑδέ
1987 1419 2201 1491 χρόνου,

536 1516 654 1568 ἀλλ’
687 1515 783 1567 ἐὰν
808 1513 1136 1584 θελήσωμεν
1167 1513 1262 1564 καὶ
1293 1513 1350 1564 ἐν
1373 1512 1493 1572 ταῖς
1518 1510 1639 1562 δυσὶ
1667 1509 1894 1571 ταύταις
1942 1506 2203 1577 ἑϐδομάσι

540 1607 741 1677 πολλὴν
783 1605 880 1676 τὴν
940 1600 1088 1675 [229]
1128 1601 1416 1672 διόρθωσιν
1472 1599 1580 1654 τῶν
1634 1598 2016 1670 ἐπταισμένων
2071 1598 2205 1667 ἡμῖν

541 1693 904 1765 ποιησόμεθα.
938 1694 998 1744 Εἰ
1033 1692 1142 1762 γάρ
1171 1693 1296 1753 τοὺς
1317 1689 1624 1752 Νινευῖτας,
1651 1688 1838 1759 ἐπειδὴ
1874 1687 2043 1758 τριῶν
2065 1687 2203 1756 ἡμε-

543 1783 654 1855 ρῶν
683 1781 780 1852 τὴν
813 1779 1103 1851 μετάνοιαν
1150 1777 1495 1841 ἐπεδείξαντο
1517 1815 1533 1839 ,
1577 1775 1844 1846 τοσαύτης
1882 1774 2084 1843 ήξίωσε
2115 1791 2204 1842 φι-

541 1869 914 1941 λανθρωπίας,
951 1867 1132 1938 πολλῷ
1183 1867 1247 1938 δὴ
1304 1867 1504 1936 μᾶλλον
1536 1867 1683 1937 ἡμᾶς
1729 1866 1792 1918 οὑ
1839 1863 2201 1936 περιόψεται·

545 1961 706 2030 μόνον
739 1957 834 2010 ἐάν
871 1957 969 2027 τὴν
998 1955 1174 2026 ἀληθῆ
1206 1955 1493 2025 μετάνοιαν
1541 1952 1958 2023 ἐπιδειξώμεθα,
1984 1951 2077 2004 καὶ
2107 1951 2205 2020 τῆς

543 2046 743 2109 κακίας
770 2043 1104 2106 ἀποστάντες
1133 2042 1401 2112 ἁψώμεθα
1433 2043 1530 2112 τῆς
1548 2043 1640 2094 ἐπὶ
1662 2041 1757 2112 τὴν
1780 2039 1978 2110 ἀρετὴν
2008 2037 2204 2110 φερού-

545 2152 645 2204 σης
671 2133 813 2187 ὁδοῦ.
855 2132 965 2186 Καὶ
994 2132 1102 2201 γάρ
1127 2131 1252 2201 περὶ
1290 2130 1536 2194 ἐκείνων,
1569 2129 1676 2182 τῶν
1709 2128 2004 2182 Νινευῖτῶν
2038 2127 2200 2195 λέγω,

544 2220 898 2291 μαρτυροῦσα
925 2221 956 2288 ἡ
981 2218 1101 2272 θεία
1117 2217 1500 2288 Γραφὴ,τοῦτό
1523 2235 1706 2287 φησιν,
1723 2218 1805 2269 ὅτι
1823 2213 2042 2269 Εἷδενό
2060 2213 2204 2282 Θεὸς

543 2311 633 2363 ὅτι
668 2309 900 2375 ἀπέστη
941 2308 1198 2373 ἕκαστος
1220 2306 1340 2359 ἀπὸ
1368 2304 1478 2373 τῆς
1502 2304 1641 2359 ὀδοῦ
1667 2303 1852 2357 αὑτοῦ
1885 2301 1992 2370 τῆς
2021 2316 2205 2367 πονη-

535 2397 671 2466 ρᾶς.
713 2398 837 2450 Ἑάν
875 2396 1053 2449 τοίνυν
1085 2395 1179 2448 καὶ
1223 2395 1371 2464 ἡμᾶς
1424 2393 1508 2466 ἴδῃ
1558 2392 2033 2463 μεταταξαμένους
2069 2389 2205 2460 πρὸς

543 2488 644 2554 τὴν
683 2486 906 2557 ἀρετὴν,
939 2485 1032 2538 καὶ
1070 2483 1422 2546 ἐκκλίναντας
1455 2483 1555 2552 μὲν
1588 2481 1695 2534 ἀπὸ
1731 2483 1828 2552 τῆς
1859 2481 2079 2543 κακίας,
2111 2478 2204 2530 ἐπὶ

539 2575 602 2628 δέ
639 2574 738 2646 τὴν
774 2574 882 2627 τῶν
916 2573 1135 2639 ἀγαθῶν
1169 2571 1431 2642 ἐργασίαν
1466 2569 1813 2633 σπεύδοντας,
1849 2569 2059 2634 δέξεται
2109 2565 2204 2618 καὶ

541 2661 702 2733 ήμῶν
746 2662 846 2732 τὴν
881 2661 1237 2731 ἐπιστροφὴν,
1286 2659 1378 2712 καί¹
1411 2658 1521 2712 τῶν
1564 2657 1798 2727 φορτίων
1831 2653 2204 2726 ἐλευθερώσας

547 2751 656 2804 τῶν
691 2749 1103 2820 ἁμαρτημάτων
1143 2745 1372 2818 παρέξει
1407 2747 1506 2810 τὰς
1547 2746 1677 2816 παρ’
1726 2742 1921 2798 ἐαυτοῦ
1970 2743 2202 2812 δωρεάς.

543 2839 681 2892 υὺδέ
708 2839 815 2909 γάρ
842 2840 1001 2908 ἡμεῖς
1029 2836 1168 2890 οὑτω
1190 2836 1288 2906 τῆς
1309 2834 1418 2888 τῶν
1436 2833 1853 2904 ἁμαρτημάτων
1882 2830 2205 2900 ἀπαλλαγῆς

543 2925 939 2996 ἐπιθυμοῦμεν,
972 2925 1065 2977 καὶ
1097 2923 1373 2994 σωτηρίας
1400 2921 1780 2992 ἐφιέμεθα,ώς
1799 2920 1960 2981 αὐτὸς
1983 2917 2204 2972 σπεύδει

542 3016 638 3068 καὶ
667 3013 946 3080 ἐπείγεται
977 3011 1248 3065 κάκείνων
1285 3012 1417 3079 ἡμῖν
1451 3010 1549 3079 τὴν
1604 3007 1925 3076 ἀπαλλαγὴν
1953 3006 2202 3077 δωρήσα-

544 3102 689 3165 σθαι,
717 3103 808 3154 καὶ
845 3101 943 3170 τῆς
971 3099 1248 3169 σωτηρίας
1277 3098 1374 3169 τὴν
1421 3095 1722 3150 ἀπόλαυσιν
1749 3095 2070 3167 παρασχεῖν.
2105 3090 2204 3145 Διά

541 3191 723 3256 τοῦτο,
745 3187 1066 3260 παρακαλῶ,
1089 3187 1440 3257 διεγείρωμεν
1471 3184 1678 3237 ἐαυτῶν
1703 3182 1792 3235 τὸν
1814 3180 2094 3250 λογισμὸν,
2109 3179 2204 3233 καὶ

542 3278 770 3339 ἕκαστος
819 3274 1109 3345 ἐξεταστὴς
1157 3272 1334 3343 ἐαυτῴ
1381 3271 1636 3341 γινέσθω,
1691 3269 1824 3323 εἴτι
1864 3267 2028 3320 πλέον
2054 3264 2204 3337 αὑτῷ

544 3363 903 3437 κατώρθωται
956 3365 1014 3416 ἐν
1040 3362 1120 3434 τῷ
1157 3361 1478 3432 παρελθόντι
1530 3361 1730 3431 χρόνῳ,
1782 3357 1835 3410 εί
1867 3374 1988 3410 τινα
2019 3355 2202 3424 ὄνησιν

543 3455 700 3525 ἐσχεν
729 3457 792 3507 ἐκ
823 3453 922 3523 τῆς
955 3450 1215 3521 συνεχοῦς
1251 3449 1453 3520 ταύτης
1477 3446 1846 3511 διδασκαλίας,
1873 3444 1926 3498 εί
1951 3463 2002 3497 τι
2033 3445 2202 3513 ἐκαρο

544 3545 764 3597 σπώσατο
793 3545 873 3606 εἰς
906 3542 1003 3614 τὴν
1029 3542 1122 3595 τοῦ
1173 3542 1400 3613 πλησίον
1441 3540 1795 3600 κατάστασιν,
1849 3535 1902 3589 εῐ
1945 3534 2202 3589 τινατῶν

541 3632 936 3702 ἐλαττωμάτων
975 3628 1250 3700 διώρθωσε
1277 3627 1384 3680 τῶν
1409 3626 1626 3688 ἐαυτοῦ,
1659 3626 1712 3678 εῖ
1734 3642 1856 3678 τινα
1892 3624 2030 3695 πρὸς
2056 3623 2204 3691 φιλο-

543 3718 738 3788 σοφίαν
776 3716 1088 3790 προτροπὴν
1122 3715 1338 3780 ἐδέξατο
1387 3715 1451 3768 ἐκ
1481 3715 1580 3784 τῆς
1621 3711 1996 3782 καθημερινῆς
2043 3709 2201 3780 ήμῶν

544 3807 946 3879 παραινέσεως·
979 3806 1072 3858 καὶ
1120 3805 1232 3866 τοῖς
1264 3804 1360 3872 μὲν
1413 3802 1515 3872 ήδη
1542 3800 1996 3872 κατωρθωμένοις
2031 3814 2204 3868 προσ-

543 3895 716 3965 θήκην
767 3893 1070 3955 ἐπινοείτω,
1120 3892 1214 3944 καὶ
1262 3889 1531 3960 μηδέποτε
1582 3887 1836 3941 παυέσθω
1887 3887 1986 3956 τῆς
2033 3885 2205 3954 καλῆς

541 3982 747 4050 ταύτης
771 3980 1054 4051 ἐργασίας.
1083 3980 1145 4031 Εἰ
1177 3978 1232 4030 δέ
1253 3995 1336 4041 τις
1364 3977 1468 4030 ὑπὸ
1489 3978 1586 4044 τῆς
1615 3974 1904 4045 συνηθείας
1931 3974 2029 4042 τῆς
2076 3974 2204 4045 περὶ

543 4069 704 4122 αὑτὸν
733 4067 1138 4138 κεκρατημένος
1159 4067 1262 4136 όρᾷ
1290 4065 1482 4117 ἐαυτὸν
1509 4066 1618 4126 τοῖς
1644 4063 1826 4126 αὐτοῖς
1857 4061 2201 4132 ἐπιμένοντα,

546 4155 821 4225 βιασὰσθω
882 4153 1077 4206 ἐαυτοῦ
1124 4153 1214 4205 τὸν
1258 4152 1538 4222 λογισμὸν.
1581 4151 1736 4221 δίκην
1760 4150 2072 4220 ἀπαιτήσας
2105 4148 2203 4218 τῆς

542 4243 811 4312 τοσαύτης
867 4242 1172 4312 ῥᾳθυμίας,
1229 4241 1324 4294 καὶ
1373 4240 1447 4310 μὴ
1503 4240 1790 4309 ἀνάσχοιτο
1835 4238 1862 4277 ι
1899 4235 2205 4308 περαιτέρω

545 4331 852 4404 προελθεῖν,
905 4330 1042 4384 ἀλλά
1094 4331 1254 4400 μέχρι
1284 4329 1474 4382 τούτου
1505 4328 1707 4398 στήσας
1734 4327 1803 4380 τὰ
1832 4328 1930 4397 τῆς
1960 4325 2205 4396 πονηρᾶς

547 4418 836 4490 συνηθείας
863 4456 877 4480 ,
928 4417 1241 4470 ἐκκοπτέτω
1271 4416 1368 4486 τὴν
1405 4414 1602 4487 ὁρμὴν,
1659 4412 2059 4483 ἀναχαιτιζέτω
2113 4412 2205 4466 τὸν

543 4505 821 4575 λογισμὸν,
847 4507 925 4567 είς
943 4503 1149 4557 ἔννοιαν
1175 4504 1365 4557 ἐαυτὸν
1389 4503 1568 4571 ἀγέτω
1588 4501 1689 4572 τῆς
1721 4500 1957 4572 φοϐερᾶς
1991 4499 2206 4570 ἐκείνης

545 4591 778 4661 ἡμέρας.
811 4588 1209 4656 ἀναλογιζέσθω
1257 4588 1358 4658 τῆς
1407 4589 1641 4659 φρικτῆς
1693 4588 1897 4657 ταύτης
1929 4585 2206 4656 τραπέζης

543 4680 643 4748 τὴν
667 4679 981 4740 ἀπόλαυσιν,
1014 4680 1108 4730 καὶ
1133 4677 1224 4730 τοῦ
1247 4675 1494 4731 ἐντεῦθεν
1529 4675 1875 4745 ἐκπηδῶντος
1913 4673 2082 4744 πυρὸς
2105 4672 2206 4742 τὴν

545 4767 899 4838 φαιδρότητα,
931 4765 1026 4818 καὶ
1048 4765 1142 4836 τὴν
1176 4765 1473 4834 καυστικὴν
1503 4763 1750 4833 δύναμιν,
1773 4762 1866 4814 καὶ
1896 4762 2016 4814 οἷαν
2039 4762 2207 4814 ἀπαι-

544 4856 626 4908 τεῖ
667 4854 762 4906 τοῦ
810 4852 1123 4924 προσιόντος
1153 4847 1289 4904 εἶναι
1341 4851 1437 4921 τὴν
1465 4849 1723 4912 διάνοιαν,
1777 4848 1974 4911 παντὸς
2009 4847 2203 4917 ῥύπου,

545 4942 725 5012 πάσης
749 4941 959 5012 κηλῖδος
991 4939 1424 5010 καθαρεύουσαν,
1441 4938 1534 4990 καὶ⁵
1555 4937 1663 4989 τῶν
1687 4935 1904 4989 ἀτόπων
1931 4935 2206 5005 λογισμῶν

543 5030 644 5100 τὴν
677 5029 958 5082 συνουσίαν
989 5026 1417 5097 ἐκτρεπομένην,
1450 5025 1516 5078 ἵν’
1542 5024 1714 5087 οὕτως
1763 5025 1989 5086 ἐαυτοὺς
2020 5023 2208 5094 εὑτρε-

546 5118 803 5180 πίσαντες
832 5119 951 5178 ταῖς
982 5115 1184 5181 μεταξὺ
1214 5113 1437 5176 ταύταις
1460 5113 1692 5184 ἡμέραις
1708 5112 2050 5183 δυνηθῶμεν,
2084 5110 2208 5163 καθ’

543 5205 666 5257 ὅσον
693 5201 803 5257 οἶόν
836 5221 895 5256 τε
929 5203 1331 5273 ἐκκαθάραντες
1377 5202 1619 5264 ἑαυτοὺς,
1672 5202 1764 5253 καὶ
1807 5199 1906 5268 τῆς
1958 5198 2206 5252 ἐντεῦθεν

544 5290 894 5354 ἀπολαύσεως
949 5291 1256 5359 μετασχεῖν,
1311 5289 1404 5341 καὶ
1449 5287 1556 5341 τῶν
1607 5288 1934 5358 ἀπορρήτων
1980 5285 2207 5338 ἐκείνων

545 5377 766 5446 ἀγαθῶν
790 5376 1108 5445 ἀξιωθῆναι,
1139 5369 1212 5427 ὧν
1243 5375 1606 5444 ἐπηγγείλατο
1631 5378 1744 5438 τοῖς
1791 5373 2080 5440 ἀγαπῶσιν
2109 5376 2208 5427 αὑ-

544 5467 657 5529 τὸν,
695 5465 875 5536 χάριτι
907 5463 1000 5516 καὶ
1030 5461 1410 5532 φιλανθρωπία
1440 5461 1532 5514 τοῦ
1574 5461 1779 5532 Κύριου
1831 5460 1988 5530 ἡμῶν
2031 5461 2201 5530 Ἰησοῦ

547 5551 822 5623 Χριστοῦ,
857 5551 975 5622 μεθ’
1023 5545 1089 5605 οὗ
1128 5549 1204 5620 τῷ
1250 5549 1422 5620 [Ιατρὶ
1465 5549 1583 5619 ἁμα
1627 5549 1703 5619 τῷ
1744 5547 1884 5619 ἁγίῳ
1929 5547 2208 5618 Πνεύματι

607 5673 624 5695 ⁸
661 5674 790 5738 Βανιὶ
815 5736 824 5738 _
851 5674 975 5735 conj.
1013 5673 1255 5738 ῥᾳθυμίαν.
1279 5672 1412 5722 Idem
1438 5671 1488 5721 in
1513 5679 1652 5722 textu
1673 5674 1950 5733 ἀπώσησθε,
1971 5671 2022 5721 in
2053 5686 2204 5734 marg.

545 5735 874 5785 ἀποσείσεσθε.

613 5799 638 5836 ι»
663 5797 810 5867 δανὶί.
838 5794 1066 5867 λογισμὸχ
1102 5794 1235 5851 δίκην
1277 5794 1518 5867 ἀπαιτήσῃ
1559 5802 1654 5867 τῇς
1681 5795 1914 5867 τρσαύτῃς
1967 5795 2206 5867 ῥαθυμίας,

548 5855 984 5925 μήτεσάνάςξχῃται.
1025 5855 1136 5903 Duo
1167 5868 1282 5925 mss:
1315 5855 1556 5925 λογισμόν.
1583 5858 1663 5915 Μὴ
1702 5858 1836 5914 δίκην
1859 5855 2098 5917 ἀπαιτῆσῃ
2126 5862 2208 5914 τῆς

546 5915 780 5972 τοσαύτης
803 5917 1039 5978 ῥᾳθυμίας,
1061 5925 1140 5963 καί
1166 5917 1228 5976 μή
1251 5915 1530 5977 ἀνάσχηται.

2027 6024 2060 6068 J

1326 340 1386 396 S.
1425 337 1706 396 JOANNIS
1744 335 1880 392 Cl“!
1891 331 2203 391 YSOSTOI

2309 331 2588 388 .RCHIEP.
2628 331 3172 389 CONSTANTINOP.

3879 330 3979 387 218

2307 449 2456 517 δόξα,
2478 449 2871 521 κράτος,τιμὴ,
2888 449 2984 502 νῦν
3011 448 3104 502 καὶ
3131 449 3240 513 ἀεὶ,
3275 447 3365 500 καὶ
3387 447 3467 510 είς
3494 447 3618 510 τοὺς
3643 448 3854 512 αἰῶνας
3877 450 3982 504 τῶν

2307 539 2540 594 αἰώνων.
2575 539 2770 610 Ἀμήν.

2865 607 3018 678 [εσυ]
3053 607 3292 660 omum
3325 606 3451 658 κεν.

2306 694 2433 750 Νῶε
2463 695 2533 749 δὲ
2561 691 2641 767 ἦν
2663 695 2816 767 ἐτῶν
2844 695 3205 767 ἑξακοσίων,
3233 692 3330 767 καί
3352 696 3386 767 (ξ
3405 697 3629 767 κατᾳκλ
3640 694 3842 764 υσμὸς
3873 695 3974 753 τοῦ

2679 766 2900 831 ὕδατος
2927 765 3164 833 ἐγένετο
3183 763 3282 816 ἐπὶ
3311 763 3426 831 τῆς
3461 763 3594 833 γῆς.

2375 857 2444 906 α’.
2474 852 2586 924 Τῆς
2616 853 2930 916 ὑποθέσεως
2957 851 3215 922 βούλομαι
3271 851 3436 906 πάλιν
3458 851 3726 922 ἅψασθαι,
3761 855 3888 924 περὶ
3913 852 3974 926 ἦς

2305 939 2499 1011 πρώην
2550 939 2832 1011 διελέχθην
2865 939 3020 1009 ὑμῶν
3051 942 3116 1008 τῇ
3147 938 3336 1008 ἀγάπη
3360 977 3374 1000 ,
3425 939 3520 991 καὶ
3567 938 3668 1009 τὴν
3703 939 3850 994 κατά
3890 944 3970 995 τὸν

2304 1028 2511 1082 δίκαιον
2551 1027 2675 1081 Νῶε
2712 1028 2874 1082 πάλιν
2916 1027 3157 1094 ἱστορίαν
3193 1028 3272 1088 είς
3315 1027 3478 1096 μέσον
3516 1027 3772 1094 ἀγαγεῖν.
3809 1028 3971 1093 Πολὺς

2305 1115 2413 1183 γὰρ
2440 1117 2469 1169 ὀ
2501 1115 2600 1185 τῆς
2641 1116 2843 1186 ἀρετῆς
2878 1115 2972 1167 τοῦ
3019 1114 3228 1166 δικαίου
3264 1113 3492 1176 πλοῦτος
3515 1154 3528 1174 ,
3582 1115 3682 1166 καὶ
3713 1119 3968 1186 προσήκει

2307 1204 2453 1273 ἡμᾶς
2473 1204 2616 1256 κατὰ
2637 1203 2864 1272 δύναμιν
2885 1203 3156 1273 ἡμετέραν
3180 1201 3356 1254 πάντα
3382 1201 3521 1254 κατά
3553 1203 3754 1272 μικρὸν
3777 1204 3967 1274 διερευ-

2308 1291 2646 1361 νησαμένους
2677 1290 2880 1362 πολλὴν
2904 1292 3032 1360 ὑμῖν
3061 1291 3162 1360 τήν
3190 1288 3449 1360 εὐπορίαν
3494 1289 3752 1342 ἐντεῦθεν
3801 1307 3965 1361 παρα-

2309 1379 2473 1445 σχεῖν.
2521 1377 2683 1430 Ἀλλά
2711 1378 3025 1430 συντείνατε
3051 1394 3162 1446 μοι,
3215 1376 3538 1446 παρακαλῶ,
3582 1376 3686 1446 τὴν
3714 1377 3961 1444 διάνοιαν,

2307 1463 2394 1516 ἵνα
2453 1464 2618 1535 μηδὲν
2648 1465 2794 1535 ὑμᾶς
2827 1463 3064 1534 διαφύγῃ
3091 1473 3113 1501 ο
3153 1462 3260 1516 τῶν
3295 1463 3634 1534 ἐγκειμένων
3669 1466 3956 1534 νοημάτων.

2320 1552 2642 1620 Ἀναγκαῖον
2670 1553 2728 1606 δέ
2759 1553 3024 1623 πρότερον
3054 1551 3362 1622 ὑπομνῆσαι
3397 1551 3549 1622 ὑμῶν
3591 1551 3692 1621 τὴν
3722 1553 3957 1624 ἀγάπην,

2312 1639 2475 1709 μέχρι
2508 1639 2650 1703 τίνος
2684 1641 2815 1710 ήμῖν
2850 1638 3044 1710 πρώην
3082 1637 3238 1708 ἔληξε
3269 1638 3338 1690 τὰ
3368 1639 3466 1708 τῆς
3498 1637 3959 1707 διδασκαλίας,ῖν;ι

2309 1727 2518 1779 ἐκεῖθεν
2552 1726 2713 1780 πάλιν
2747 1726 3106 1790 ἀναλαϐόντες
3138 1727 3378 1797 σήμερον
3410 1726 3501 1778 τὸν
3553 1725 3719 1793 λόγον
3742 1766 3757 1790 ,
3808 1727 3955 1790 οὑτως

2309 1815 2599 1885 ὑφάνωμεν
2628 1815 2740 1877 τοῖς
2770 1814 3082 1884 εἰρημένοις
3105 1815 3199 1866 καὶ
3223 1814 3290 1866 τά
3320 1812 3414 1866 νῦν
3441 1813 3709 1884 μέλλοντα
3743 1814 3953 1885 ῥηθήσε-

2311 1902 2452 1955 σθαι.
2517 1901 2670 1954 Οῦτω
2721 1901 2830 1972 γάρ
2883 1902 3011 1971 ὑμῖν
3060 1900 3367 1954 εὑσύνοπτα
3421 1900 3574 1952 ἐσται
3626 1902 3722 1952 καὶ
3767 1902 3832 1955 τά
3874 1900 3951 1953 νῦν

2309 1989 2596 2060 λεγόμενα.
2636 1988 2745 2042 Ποῦ
2773 1985 2866 2042 οὖν
2893 1989 2952 2041 τὸ
2977 1989 3128 2052 τέλος
3150 1988 3306 2057 ἔσχεν
3335 1990 3466 2058 ἡμῖν
3487 1988 3555 2040 τά
3590 1991 3692 2058 τῆς
3719 1988 3948 2042 διδασκα-

2309 2071 2426 2136 λίας
2452 2091 2466 2139 ;
2494 2068 2660 2134 Εἶπε,
2701 2073 2855 2142 φησι,
2889 2075 3106 2139 Κίφιος
3138 2075 3170 2125 ὀ
3202 2071 3344 2137 Θεὸς
3379 2069 3458 2136 τῷ
3499 2069 3628 2124 Νῶε
3659 2087 3674 2100 ·
3723 2071 3948 2125 Εῑσελθε

2309 2159 2390 2212 σὺ
2419 2157 2650 2225 καὶπᾶς
2677 2162 2708 2212 ὀ
2731 2155 2894 2223 οἶκός
2913 2175 3027 2212 σου
3045 2161 3131 2224 εἰς
3165 2158 3279 2226 τὴν
3300 2157 3572 2220 κιϐωτόν,
3606 2159 3696 2210 ὅτι
3723 2173 3793 2210 σε
3810 2154 3946 2211 εἶδον

2306 2249 2541 2302 δίκαιον
2566 2247 2844 2300 ἐναντίον
2879 2245 3024 2314 ἐμοῦ
3063 2245 3132 2298 ἐν
3153 2245 3226 2314 τῇ
3261 2243 3435 2315 γενεᾷ
3483 2245 3674 2313 ταύτῃ
3697 2262 3710 2274 ·
3757 2243 3864 2298 ἀπὸ
3891 2243 3945 2296 δὲ

2306 2335 2424 2388 τῶν
2477 2331 2713 2402 κτηνῶν
2757 2331 2878 2386 τῶν
2900 2331 3175 2400 καθαρῶν
3212 2332 3494 2400 εἰσάγαγε
3536 2331 3690 2400 πρὸς
3716 2330 3788 2385 σὲ
3818 2331 3942 2384 ἑπτὰ

2306 2422 2472 2486 ἑπτὰ,
2495 2421 2591 2476 καὶ
2614 2421 2734 2476 ἀπὸ
2767 2421 2886 2474 τῶν
2909 2421 3145 2487 κτηνῶν
3170 2419 3288 2472 τῶν
3305 2419 3390 2488 μὴ
3418 2419 3694 2487 καθαρῶν
3713 2419 3816 2472 δύο
3833 2418 3939 2472 δύο.

2311 2513 2439 2564 Ἔτι
2473 2511 2583 2578 γὰρ
2625 2507 2774 2562 ἑπτὰ
2802 2506 3052 2576 ἡμερῶν,
3088 2506 3287 2577 ἐπάγω
3337 2507 3514 2560 ὑετὸν
3554 2506 3658 2559 ἐπὶ
3712 2505 3819 2572 τὴν
3846 2505 3938 2575 γῆν

2306 2597 2757 2666 τεσσαράκοντα
2804 2598 3028 2666 ἡμέρας
3074 2596 3173 2648 καὶ
3233 2594 3693 2663 τεσσαράκοντα
3728 2595 3935 2657 νύκτας,

2308 2687 2406 2741 καὶ
2427 2685 2728 2753 ἐξαλείψω
2749 2683 2951 2738 πᾶσαν
2990 2682 3104 2750 τὴν
3122 2683 3553 2747 ἐξανάστασιν,
3591 2681 3671 2748 ἣν
3694 2682 3931 2747 ἐποίησα,

2305 2773 2426 2828 ἀπὸ
2464 2770 2788 2840 προσώπου
2822 2769 2933 2839 τῆς
2973 2769 3101 2840 τῆς,
3155 2769 3274 2823 ἀπὸ
3322 2768 3640 2837 ἀνθρώπου
3676 2769 3780 2834 ἕως
3823 2768 3934 2833 κτή-

2305 2881 2473 2930 νους.
2497 2862 2605 2917 Καὶ
2636 2861 2886 2927 ἐποίησε
2915 2857 3042 2913 Νῶε
3070 2859 3267 2912 πάντα
3299 2856 3416 2911 ὅσα
3445 2858 3778 2910 ἐνετείλατο
3802 2852 3933 2919 αὐτῷ

2307 2952 2528 3019 Κύριος
2564 2951 2596 3002 ὀ
2628 2948 2789 3012 Θεός.
2818 2946 2996 3017 Μέχρι
3032 2945 3222 2998 τούτου
3255 2945 3548 3015 στήσαντες
3586 2945 3674 2996 τὸν
3711 2944 3848 3010 λόγον
3866 2942 3929 2993 ἐν·

2306 3039 2483 3094 ταῦθα
2517 3036 2945 3106 κατεπαύσαμεν
2989 3034 3086 3105 τὴν
3133 3034 3499 3087 διδασκαλίαν.
3530 3031 3813 3103 Μέμνησθε
3843 3030 3928 3099 γὰρ

2309 3125 2439 3188 ἴσως
2487 3123 2580 3177 καὶ
2615 3123 2788 3185 αὑτοὶ,
2824 3123 2910 3174 ὅτε
2958 3121 3056 3191 τὴν
3102 3120 3280 3174 αἰτίαν
3339 3121 3644 3191 εἰρήκαμεν
3695 3117 3832 3187 ὑμῶν
3873 3118 3924 3184 τῇ

2306 3213 2514 3283 ἀγάπῃ,
2554 3212 2698 3273 τίνος
2729 3211 2914 3262 ἕνεκεν
2933 3199 3046 3262 ’ἀπὸ
3083 3207 3183 3277 μὲν
3212 3207 3321 3260 τῶν
3347 3207 3604 3277 καθαρῶν
3632 3206 3762 3259 ἑπτά
3789 3219 3924 3273 προσ-

2307 3300 2492 3367 έταξεν
2521 3296 2858 3368 εἰσαχθῆναι,
2887 3294 2994 3348 ἀπὸ
3025 3295 3081 3348 δέ
3106 3296 3210 3348 τῶν
3237 3294 3564 3366 ἀκαθάρτων
3590 3292 3682 3346 δύο
3705 3289 3924 3358 δύαειιέρτ

2305 3385 2398 3442 οὖν
2428 3387 2612 3441 λοιπὸν
2640 3387 2878 3456 σήμερον
2900 3387 3012 3446 τοῖς
3040 3383 3168 3452 ἐξῆς
3209 3382 3638 3450 ἀναγνωσθεῖσιν
3668 3376 3917 3442 ἐπεξέλθω-

2309 3493 2429 3547 μεν,
2456 3475 2550 3529 καὶ
2601 3473 2798 3543 ῐδωμεν
2825 3471 2876 3524 τί
2907 3472 3176 3542 διηγεῖται
3207 3471 3338 3540 ήμῖν
3365 3473 3396 3539 ἡ
3430 3469 3549 3520 θεία
3599 3465 3777 3538 Γραφὴ
3813 3462 3922 3533 μετὰ

2305 3564 2405 3635 τὴν
2440 3561 2642 3615 εἴσοδον
2668 3558 2763 3612 τοῦ
2801 3559 2923 3612 Νῶε
2962 3559 3041 3620 εἰς
3072 3557 3168 3628 τὴν
3199 3557 3450 3610 κιϐωτόν.
3488 3555 3607 3608 Νῦν
3640 3555 3760 3626 γὰρ,
3790 3552 3830 3602 εί
3851 3548 3922 3602 καί

2311 3668 2443 3704 ποτε
2468 3649 2680 3712 ἄλλοτε,
2710 3647 2942 3718 μάλιστα
2969 3645 3167 3715 πολλὴν
3219 3641 3626 3697 ἐπιδείκνυσθαι
3647 3641 3780 3711 ἡμᾶς
3794 3651 3923 3706 προσ-

2307 3741 2432 3810 ήκει
2467 3739 2564 3807 τὴν
2599 3737 2854 3805 σπουδὴν,
2888 3735 2976 3788 ὅτε
3005 3733 3093 3786 διὰ
3113 3733 3204 3786 τὸν
3248 3732 3348 3802 τῆς
3377 3729 3629 3801 νηστείας
3657 3726 3825 3798 καιρὸν
3851 3724 3921 3776 καὶ

2307 3809 2407 3896 τῆς
2442 3825 2664 3896 ἡδίστης
2687 3823 2842 3894 ὑμῶν
2872 3819 3163 3890 συντυχίας
3191 3818 3428 3889 συνεχῶς
3458 3815 3805 3884 ἀπολαύομεν,
3848 3809 3919 3862 καὶ

2306 3914 2406 3984 τῆς
2456 3913 2581 3983 περὶ
2635 3913 2733 3981 τὴν
2778 3909 2990 3982 τρυφὴν
3039 3907 3346 3978 ἀδηφαγίας
3407 3901 3805 3974 ἀπηλλάγμεθα,
3847 3899 3918 3950 καὶ

2307 3998 2746 4070 διεγηγερμένων
2776 3998 2992 4068 ἔχοντες
3045 3997 3136 4048 τὸν
3186 3993 3444 4064 λογισμὸν
3499 3989 3762 4062 δυνάμεθα
3809 3984 3918 4056 μετὰ

2308 4088 2595 4160 ἀκριϐείας
2620 4086 2909 4157 προσέχειν
2936 4087 3052 4148 τοῖς
3090 4083 3424 4153 λεγομένοις.
3454 4081 3623 4134 Πόθεν
3651 4074 3735 4132 οὖν
3761 4077 3868 4144 ἡμῖν
3891 4071 3917 4138 ἡ

2309 4177 2452 4249 ἀρχὴ
2497 4175 2689 4245 γέγονε
2722 4174 2832 4227 τῶν
2879 4175 3120 4244 σήμερον
3156 4168 3636 4238 ἀναγνωσθέντων,
3669 4162 3917 4230 ἀναγκαῖον

2309 4268 2506 4318 εἰπεῖν.
2530 4263 2656 4318 Νῶε
2684 4261 2750 4315 δὲ
2776 4259 2855 4331 ἦν
2881 4261 3034 4316 ἐτῶν
3062 4259 3415 4323 ἑξακοσίων,
3434 4256 3585 4325 φησὶ,
3610 4253 3699 4307 καὶ
3721 4256 3749 4305 o'
3776 4262 3915 4302 κατα-

2309 4349 2586 4419 κλυσμὸς
2606 4348 2714 4402 τοῦ
2742 4347 2960 4413 ὕδατος
2987 4345 3223 4416 ἐγένετο
3247 4344 3345 4397 ἐπὶ
3372 4342 3483 4410 τῆς
3498 4341 3624 4411 γῆς.
3644 4335 3912 4409 Προσέχετε.

2310 4438 2631 4511 παρακαλῶ,
2664 4437 2756 4490 καὶ
2781 4438 2854 4508 μὴ
2887 4435 3071 4498 ἁπλῶς
3088 4433 3533 4506 παραδράμωμεν
3558 4430 3616 4482 τὸ
3642 4425 3908 4511 εἰρημένοις

2309 4501 2422 4593 ἔχει
2451 4524 2560 4590 γάρ
2580 4501 2702 4572 τινα
2727 4501 2954 4572 πλοῦτον
2985 4501 3608 4588 ἐγκεκρυμμένονταυτι
3627 4511 3690 4564 τά
3711 4501 3909 4578 βραχέαδ

2311 4611 2552 4680 ῥήματα,
2587 4607 2682 4660 καὶ
2710 4607 2805 4659 ἐὰν
2846 4609 3208 4674 συντείνωμεν
3263 4603 3420 4674 ήμῶν
3444 4604 3544 4673 τὴν
3585 4600 3814 4658 διάνοιαν,
3837 4593 3909 4643 καί

2309 4696 2369 4762 ἐξ
2388 4695 2552 4750 αὑτοῦ
2584 4694 2774 4746 τούτου
2802 4691 3147 4763 δυνησόμεθα
3184 4690 3525 4762 καταμαθεῖν
3551 4689 3643 4758 τῆς
3671 4702 3724 4737 τε
3763 4680 3909 4750 φιλαν-

2311 4784 2555 4855 θρωπίας
2587 4781 2680 4836 τοῦ
2703 4780 2972 4834 Δεσπότου
3005 4781 3104 4848 τὴν
3135 4777 3463 4848 ὑπερϐολὴν,
3482 4777 3573 4830 καὶ
3599 4773 3690 4844 τῆς
3707 4765 3904 4855 τῶγλτδῖε

2309 4845 2611 4943 ἀνθρώπων
2656 4869 2854 4932 κακίας
2902 4869 3002 4937 τὴν
3057 4845 3260 4935 πολλὴν
3295 4845 3562 4917 ἐπίτασιν.
3611 4858 3724 4914 Νῶε
3759 4853 3820 4943 δέ

2310 4936 2478 5022 ἑτῶν,
2504 4958 2688 5027 φησιν,
2709 4936 3060 5019 ἑξακοσίων.
3101 4953 3213 5023 οὑχ
3240 4951 3425 5015 ἁπλῶς
3460 4951 3600 5022 ἡμᾶς
3616 4947 3698 4998 τὸν
3721 4936 3903 5027 ἀριθμᾷν

2308 5045 2416 5098 τῶν
2452 5046 2587 5097 ἐτῶν
2621 5042 2825 5107 ἐδίδαξε
2867 5041 2960 5094 τοῦ
2983 5041 3214 5100 δικαίου,
3256 5039 3378 5092 οὑδέ
3404 5040 3491 5092 ἵνα
3521 5035 3641 5090 αὑτὸ
3660 5030 3794 5084 τοῦτο
3821 5021 3900 5107 μάέ

2310 5131 2516 5203 θωμεν,
2571 5131 2753 5184 πόσων
2785 5106 2869 5200 Ῠῆν
2900 5127 3033 5181 ἐτῶν
3085 5130 3113 5180 ό
3161 5127 3401 5189 δίκαιος,
3456 5106 3899 5203 ἀλλ’[Ξ51]ἐτὶειδὴ

2311 5196 2657 5291 προλαϐοῦσα
2688 5196 2923 5280 ἐδίδαξεν
2955 5218 3100 5284 ἡμᾶς
3132 5215 3164 5284 ἡ
3197 5215 3315 5266 θεία
3354 5211 3538 5284 Γραφὴ
3580 5208 3671 5278 ήδη
3698 5196 3894 5291 sim-{3a.

2308 5314 2389 5365 ὅτι
2414 5309 2540 5365 Νῶε
2562 5309 2628 5361 δὲ
2654 5308 2734 5376 ἦν
2756 5306 2907 5359 ἑτῶν
2925 5305 3359 5368 πεντακοσίων,
3402 5303 3496 5355 καὶ
3525 5296 3652 5370 μετά
3669 5293 3722 5345 τὸ
3746 5283 3897 5376 γνώρν

2311 5418 2410 5471 μον
2435 5400 2565 5468 ἡμῖν
2586 5375 2808 5466 ποιῆσαι
2827 5393 2937 5446 τῶν
2962 5393 3098 5445 ἐτῶν
3125 5391 3216 5445 τὸν
3245 5391 3497 5462 ἀριθμὸν,
3524 5387 3635 5440 τότε
3658 5375 3894 5471 διηγήσεις

2307 5453 2415 5542 τῶν
2445 5453 2743 5556 ἀνθρώπων
2773 5483 2871 5554 τὴν
2899 5481 3100 5552 πολλὴν
3136 5481 3264 5551 περὶ
3426 5476 3615 5532 κακίαν
3641 5453 3893 5556 ῥοπῂνρκαὶὶ

2306 5540 2396 5629 δτι
2427 5540 2670 5640 ἔγκειται
2699 5571 2732 5639 ἡ
2769 5540 2975 5622 διάνοια
3007 5540 3102 5621 τοῦ
3137 5540 3422 5638 ἀνθρώπου
3451 5557 3698 5632 ἐπιμελῶς
3725 5547 3800 5602 ἐπὶ
3839 5540 3888 5593 τά

2311 5659 2522 5731 πονηρά
2550 5660 2615 5710 ἐκ
2642 5658 2892 5728 νεότητος
2917 5673 2930 5687 ο
2963 5657 3043 5710 διό
3083 5673 3247 5726 φησιν
3291 5657 3320 5707 ὁ
3365 5655 3521 5716 Θεὸς,
3553 5649 3626 5700 Οὐ
3651 5641 3724 5712 μὴ
3747 5644 3885 5731 κατα-

2304 5726 2483 5819 μείνῂ
2514 5745 2581 5799 τὸ
2619 5726 2859 5814 Πνεῦμα
2887 5763 3006 5813 μου
3056 5744 3124 5797 ὲν
3173 5743 3299 5809 τοῖς
3347 5740 3656 5809 ἀνθρώποις
3686 5726 3882 5782 ταύταις»

2375 5854 2397 5914 εξ
2433 5850 2516 5914 δίε
2543 5849 2698 5914 ξαιίὶγὶ.
2723 5854 2776 5896 εὶ
2796 5857 2987 5910 seplem
3013 5861 3126 5914 τηερε,
3150 5845 3214 5914 {At
3241 5845 3411 5914 “prgl.
3437 5842 3614 5914 ἐκφύγῃς

2373 5912 2399 5952 ιι
2426 5909 2504 5962 Sic
2537 5909 2685 5961 Savil.
2722 5917 2775 5959 et
2796 5900 3031 5968 δελ-ωδε.
3070 5909 3123 5956 In
3154 5909 3324 5958 Morel.
3352 5900 3520 5972 βρηέά
3540 5900 3680 5950 deest.
