4062 6396
270 371 372 428 9η
1463 368 1532 424 ΙΝ
1569 366 1721 424 CAP.
1767 366 1854 421 Vll

263 497 458 545 nerant
485 510 499 545 :
529 505 716 546 verum
740 489 913 544 adhuc
934 490 1080 544 humi
1103 496 1372 559 reptantes
1398 487 1854 556 praelerimuster-

259 597 389 638 rena
411 582 745 649 caelestibus,
766 580 1050 652 prmsentia
1082 580 1314 634 futuris:
1349 589 1404 634 et
1439 593 1502 634 ea
1554 593 1675 648 qua:
1707 576 1856 647 prius

260 675 500 742 avolant,
536 689 699 746 quam
729 683 1059 745 spectentur,
1091 674 1157 727 iis
1207 688 1327 743 quae
1367 671 1617 726 omnibus
1661 669 1856 724 durant

258 766 471 821 sarculis
497 782 511 819 :
543 774 600 824 et
629 773 1027 838 temporaneam
1059 766 1382 834 voluptatem
1431 771 1701 834 perpetuae
1755 775 1852 816 vo-

255 856 446 925 luptati
493 876 508 907 :
566 857 796 914 brevem
853 859 991 913 hanc
1040 858 1320 928 praesentis
1370 856 1494 910 vitae
1539 852 1849 910 felicitatem

253 950 477 1005 auemis
501 949 628 1018 illis,
662 961 718 1007 et
740 951 849 1007 line
887 950 1190 1007 carentibus
1244 948 1478 1006 saaculis.
1523 947 1646 1003 Scio
1692 959 1851 1001 aures

253 1049 462 1097 vestras
495 1043 581 1097 his
633 1045 812 1099 verbis
859 1043 1125 1109 vellicari,
1181 1043 1275 1098 sed
1319 1042 1596 1112 ignoscite.
1642 1038 1850 1094 Avidus

251 1144 447 1188 vestra:
467 1135 660 1191 salutis
683 1136 800 1192 haec
825 1136 1038 1207 loquor,
1079 1135 1285 1191 malens
1309 1151 1407 1190 vos
1428 1135 1515 1189 hic
1539 1132 1850 1203 aliquantis-

250 1244 345 1298 per
373 1228 679 1285 lancinatos
709 1239 966 1286 aeternam
992 1245 1202 1300 poenam
1234 1228 1490 1299 effugere,
1516 1241 1674 1298 quam
1720 1239 1844 1280 cum

249 1334 414 1390 parva
440 1320 830 1378 refocillatione
859 1331 1171 1391 perpetuam
1192 1320 1332 1375 ferre
1356 1333 1590 1390 pinnam.
1615 1316 1748 1373 Nam
1799 1314 1845 1370 si

246 1427 432 1468 sermo
462 1429 620 1468 meus
641 1414 692 1469 in
717 1413 870 1469 vobis
897 1414 1142 1484 prolicit,
1189 1419 1616 1483 prmconceplum
1645 1421 1845 1463 maero-

244 1518 358 1561 rem
377 1506 672 1576 repelletis,
688 1515 744 1562 et
760 1522 898 1561 nunc
911 1506 1139 1561 maxime
1156 1506 1281 1561 dum
1297 1503 1469 1559 adhuc.
1485 1511 1684 1558 sanctae
1700 1502 1842 1570 Qua-

245 1596 567 1668 dragesimaa
600 1609 812 1670 tempus
837 1598 990 1654 vobis
1014 1598 1278 1669 reliquum
1327 1606 1412 1653 est
1444 1597 1695 1668 pusillum
1722 1593 1801 1666 (a)
1821 1636 1837 1660 ,

242 1690 491 1758 poteritis
522 1700 736 1760 peccata
761 1691 1092 1762 abstergerc,
1137 1706 1487 1761 magnamque
1512 1705 1539 1744 a
1568 1689 1678 1744 Deo
1730 1688 1839 1743 cle-

241 1782 497 1835 nientiam
537 1782 691 1837 vobis
735 1783 1039 1838 conciliare.
1075 1783 1190 1837 Non
1227 1783 1368 1838 enim
1418 1781 1600 1836 multis
1646 1780 1837 1836 diebus

241 1887 374 1940 opus
398 1872 562 1927 habet
592 1873 869 1939 Dominus,
898 1888 1071 1944 neque
1103 1882 1346 1943 tempore
1372 1891 1384 1926 :
1413 1872 1506 1927 sed
1531 1873 1574 1925 si
1597 1871 1835 1926 volneri-

240 1979 378 2030 mus,
401 1964 530 2018 etin
555 1964 758 2019 duabus
788 1966 932 2020 hisce
951 1965 1300 2020 hebdomadis
1326 1965 1594 2035 corrigere
1618 1973 1833 2034 peccata

241 2069 419 2111 nostra
441 2057 756 2125 poterimus.
785 2058 917 2112 Nam
940 2059 981 2114 si
1009 2057 1267 2112 Ninivitas
1291 2059 1461 2120 trium,
1488 2057 1693 2112 dierum
1721 2072 1834 2126 pae-

242 2149 521 2202 nitentiam
550 2159 771 2218 agentes
799 2159 941 2204 tanta
988 2149 1237 2219 dignatus
1283 2157 1366 2204 est
1415 2148 1778 2203 misericordia
1808 2187 1828 2215 ,

239 2240 403 2293 multo
423 2241 600 2311 magis
628 2256 725 2295 nos
749 2257 852 2295 non
886 2242 1177 2312 despiciet:
1204 2252 1404 2296 tantum
1436 2243 1480 2296 si
1509 2258 1633 2297 vere
1655 2243 1826 2311 poeni-

241 2343 469 2399 teamus,
500 2333 892 2389 etdesistentes
919 2350 948 2389 a
981 2343 1218 2404 peccato,
1250 2336 1389 2389 viam
1428 2350 1548 2405 qua:
1573 2335 1639 2388 ad
1660 2335 1827 2388 virtu-

234 2434 340 2481 tem
362 2427 516 2482 ducit
541 2428 925 2499 ingrediamur.
957 2429 1248 2484 Enimvero
1276 2429 1343 2484 de
1383 2429 1506 2494 illis,
1560 2428 1826 2484 Ninivitas

234 2517 372 2582 dico,
397 2518 677 2589 Scriptura
706 2529 948 2585 testatur,
967 2521 1151 2577 dicens
1184 2539 1198 2577 :
1231 2521 1365 2590 Quia
1379 2522 1502 2575 vidit
1525 2521 1666 2576 Deus
1693 2522 1828 2592 quod

233 2611 462 2665 discessit
490 2614 831 2682 unusquisque
855 2631 886 2667 a
915 2616 996 2668 via
1020 2632 1113 2670 sua
1135 2616 1272 2670 mala
1301 2615 1449 2688 (Jan.
1481 2617 1534 2670 '5.
1565 2614 1689 2688 10).
1722 2615 1821 2686 Igi-

231 2711 317 2753 tur
341 2701 386 2755 si
415 2701 632 2768 viderit,
664 2703 805 2774 quod
834 2713 888 2759 et
916 2719 1014 2760 nos
1036 2721 1179 2760 nunc
1221 2707 1402 2761 virtuti
1448 2706 1786 2776 junxerimus
1805 2747 1820 2772 ,

228 2803 329 2844 eia
362 2793 510 2847 malo
537 2794 938 2863 destiterimus,
990 2797 1406 2868 festinemusque
1449 2797 1516 2853 ad
1561 2798 1820 2854 bonorum

227 2885 626 2953 operationem,
657 2888 976 2958 approbabit
1017 2898 1255 2944 nostram
1285 2891 1714 2956 conversionem,
1767 2900 1820 2946 et

226 2977 438 3030 sarcina
460 2986 798 3046 peccatorum
829 2980 1066 3036 liberatis
1087 2997 1182 3035 sua
1207 2983 1461 3053 largietur
1505 2983 1665 3038 dona.
1711 2983 1820 3039 Ne-

224 3085 328 3138 que
349 3084 452 3123 nos
476 3069 554 3122 sic
576 3080 911 3138 peccatorum
941 3073 1299 3141 expiationem
1323 3082 1377 3129 et
1395 3074 1622 3130 salutem
1663 3075 1816 3144 cupi-

226 3177 368 3230 mus,
399 3164 542 3217 sicut
564 3162 678 3231 ipse
706 3164 853 3233 cupit
875 3173 929 3218 et
949 3165 1139 3221 adesse
1154 3165 1392 3234 festinat,
1419 3177 1478 3222 ut
1499 3177 1554 3223 et
1597 3169 1664 3223 ab
1712 3169 1818 3224 illis

226 3253 426 3308 liberos
459 3269 558 3309 nos
586 3254 765 3321 faciat,
799 3265 853 3310 et
900 3257 1072 3312 salute
1113 3259 1271 3329 potiri
1297 3259 1576 3317 concedat.
1608 3261 1816 3330 Eapro-

226 3355 364 3415 pter,
393 3346 646 3414 obsecro,
673 3349 967 3404 excitemus
995 3361 1206 3404 nostras
1230 3360 1459 3420 mentes,
1482 3363 1537 3408 et
1561 3353 1644 3409 sui
1665 3355 1814 3422 quis-

223 3453 327 3507 que
348 3447 621 3493 scrutator
647 3439 738 3506 sit,
764 3439 963 3510 anquid
992 3443 1220 3512 amplius
1241 3458 1272 3496 a
1298 3458 1357 3498 se
1385 3446 1658 3514 praeterito
1689 3457 1816 3501 tem-

222 3545 353 3599 pore
379 3546 503 3586 cum
529 3531 686 3587 laude
708 3542 916 3603 gestum
944 3534 1034 3602 sit,
1061 3536 1144 3589 vel
1171 3551 1330 3606 quam
1381 3537 1663 3592 utilitatem
1713 3538 1814 3593 ha-

224 3623 402 3678 buerit
427 3639 497 3679 ex
535 3625 786 3680 continua
819 3626 921 3681 hac
940 3627 1184 3683 doctrina
1210 3649 1222 3684 :
1250 3630 1293 3682 si
1331 3629 1479 3700 quid,
1511 3630 1653 3701 quod
1686 3647 1814 3701 pro-

222 3717 369 3768 ximo
391 3717 612 3781 serviat,
637 3717 904 3772 fructuum
927 3719 1221 3791 collegerit,
1245 3721 1290 3775 si
1310 3722 1553 3792 quaedam
1570 3723 1696 3777 vitia
1718 3739 1813 3778 sua

221 3809 556 3871 correxerit;
604 3809 648 3862 si
690 3809 833 3878 quod
861 3810 928 3865 ad
954 3827 1133 3867 veram
1162 3813 1556 3884 pliilOSOphiam
1607 3816 1815 3872 adeun-

220 3898 346 3952 dam
379 3899 788 3956 incitamentum
815 3918 881 3957 ex
904 3904 989 3958 his
1013 3907 1212 3961 nostris
1236 3908 1564 3978 quotidianis
1585 3925 1812 3981 accepe-

219 3993 288 4045 rit
308 3991 787 4049 admonitionibus.
814 3995 977 4052 Bonis
1002 3998 1214 4068 quidem
1244 4002 1497 4072 operibus
1542 4006 1812 4059 accessio-

217 4102 345 4141 nem
369 4085 823 4154 liericurandum,
852 4098 908 4145 ot
957 4106 1246 4162 numquam
1287 4094 1672 4165 quiescendum
1727 4108 1811 4152 est

217 4179 288 4232 ab
313 4180 420 4235 hoc
449 4181 593 4236 bono
618 4181 809 4251 agendi
830 4182 1076 4239 instituto
1100 4203 1112 4238 :
1144 4195 1200 4240 at
1228 4187 1272 4240 si
1302 4189 1421 4257 quis
1446 4189 1642 4243 viderit
1681 4203 1812 4244 con-

215 4275 561 4330 suetudinem
581 4289 733 4331 suam
758 4275 935 4332 adhuc
960 4278 1272 4346 prcevalere,
1303 4291 1360 4335 et
1412 4297 1474 4338 se
1520 4283 1574 4336 in
1619 4281 1809 4338 iisdem

215 4381 594 4435 perseverare,
617 4375 779 4438 cogat
803 4378 1041 4425 mentem
1065 4385 1216 4425 suam
1239 4385 1350 4426 suae
1369 4372 1594 4430 desidia:
1644 4377 1812 4431 ratio-

215 4474 345 4513 nem
372 4459 600 4514 reddere
628 4477 640 4511 :
672 4475 771 4516 nec
787 4462 931 4516 sinat
957 4463 1205 4533 progredi
1237 4465 1482 4532 ulterius,
1507 4467 1602 4523 sed
1631 4483 1808 4538 prava:

210 4550 626 4604 Consuetudinis
654 4549 813 4606 ﬁnem
836 4551 1028 4619 faciat;
1058 4555 1336 4610 cxscindat
1357 4559 1635 4627 impetum,
1656 4576 1812 4617 coer-

211 4648 340 4695 ceat
382 4641 759 4710 cogitationes,
784 4643 835 4698 in
858 4655 1038 4699 mente
1061 4647 1640 4705 revolvathorrendum
1659 4651 1808 4707 illum

212 4733 383 4798 diem,
408 4734 607 4802 cogitet
631 4749 832 4790 mensa:
858 4735 1016 4806 hujus
1039 4739 1330 4794 tremendae
1348 4743 1807 4812 participationem

208 4835 263 4877 ct
282 4824 628 4893 Splendorem
656 4827 792 4896 ignis
817 4828 942 4883 inde
960 4829 1251 4886 resilientis
1275 4831 1370 4905 (ὁ),
1393 4849 1455 4888 ac
1472 4835 1808 4907 conﬂagran-

212 4927 327 4969 lem
357 4917 558 4980 vim,et
583 4918 794 4986 qualem
840 4922 1124 4976 conveniat
1147 4937 1268 4978 esse
1310 4927 1612 4984 accedentis
1656 4943 1809 4984 men-

211 5017 358 5072 tem;
389 5008 460 5062 ab
501 5009 647 5063 omni
695 5025 891 5080 nempe
940 5013 1170 5081 macula,
1206 5015 1436 5072 abomni
1459 5019 1578 5075 labe
1596 5035 1804 5090 puram,

211 5117 266 5157 et
283 5104 590 5158 illicitarum
605 5106 984 5175 cogitationum
1002 5106 1353 5179 frequentiam
1367 5113 1766 5172 subvertentem
1789 5135 1804 5171 :

209 5206 272 5248 ut
295 5195 376 5249 sic
396 5194 608 5249 interim
635 5195 827 5251 diebus
848 5197 966 5253 istis
983 5200 1230 5270 nosipsos
1261 5215 1646 5274 prteparantes,
1677 5223 1809 5278 pos-

208 5289 409 5352 simus,
457 5300 749 5360 expurgata
784 5306 882 5361 pro
906 5293 1051 5349 virili
1097 5296 1273 5350 anima
1297 5307 1502 5366 nostra,
1524 5303 1808 5373 participes

210 5380 330 5433 ﬁeri
354 5382 639 5450 praesentis
670 5383 828 5438 istius
852 5386 1197 5454 sumptionis,
1229 5397 1286 5445 et
1313 5390 1678 5448 ineil'abilibus
1697 5394 1805 5450 illis

216 5475 384 5531 bonis
407 5476 592 5545 patiri,
625 5491 744 5548 qua:
771 5478 1020 5548 promisit
1037 5480 1384 5553 diligentibus
1409 5499 1502 5551 se;
1539 5486 1706 5557 gratia
1753 5495 1809 5544 et

278 5630 360 5707 (ai),
377 5630 544 5707 Habita
564 5633 732 5707 concio
748 5647 859 5684 cum
875 5633 986 5687 dua:
1009 5642 1193 5690 tantum
1214 5642 1600 5707 Quadragesima:
1623 5645 1810 5698 hebdo-

210 5693 368 5743 madas
386 5700 726 5754 superessent.

274 5755 352 5816 (ὸ)
387 5753 587 5824 Savilius
609 5758 980 5824 suspicaturhic
1014 5762 1178 5824 ignem
1219 5766 1502 5817 sensibilem
1547 5771 1595 5819 in
1641 5785 1811 5824 mensa

211 5830 351 5867 sacra
371 5817 584 5879 positum
598 5818 910 5886 subindicari,
923 5817 1102 5888 nempe
1126 5824 1373 5879 lucernam
1389 5817 1599 5882 aliumve
1624 5817 1805 5900 igni};

1865 405 1879 420 .
1913 364 2163 424 GENES.
2203 370 2432 429 HOMIL.
2475 375 2641 434 XXV.

3456 376 3563 434 218

1970 487 2299 558 benignitate
2327 493 2536 550 Domini
2564 499 2734 554 nostri
2762 499 2890 555 Jesu
2911 499 3131 567 Christi,
3155 498 3278 558 cum
3311 518 3421 573 quo
3451 503 3556 558 Pa-

1967 583 2056 648 tri,
2085 580 2245 638 simul
2271 593 2325 640 et
2359 587 2579 656 Spiritui
2624 603 2820 659 pancto
2857 593 2928 648 sit
2978 595 3168 665 gloria,
3220 594 3516 667 imperium
3540 631 3556 654 .

1963 672 2158 739 honor,
2187 692 2330 733 nunc
2376 691 2431 734 et
2468 694 2726 753 semper,
2781 692 2835 739 et
2880 685 2934 740 in
2981 687 3176 742 saecula
3205 687 3554 742 seculorum.

1963 765 2156 822 Amen.

2502 885 2778 945 IIOMILIA
2829 889 2997 946 XXV.

1961 993 2077 1051 Noe
2119 1007 2288 1052 autem
2333 1017 2582 1057 annorum
2621 1013 2726 1059 erat
2775 1015 3158 1071 sexcentarum,
3206 1015 3254 1060 et
3296 1007 3545 1061 diluvium

2134 1107 2279 1158 aqua:
2300 1094 2489 1163 factum
2513 1104 2584 1149 est
2609 1112 2762 1167 super
2787 1105 2972 1151 terram
3001 1096 3154 1167 (Gen.
3189 1099 3240 1152 7.
3286 1097 3363 1169 6).

2027 1225 2079 1282 1.
2119 1229 2501 1299 Argumentum
2529 1231 2598 1286 de
2618 1248 2724 1302 quo
2749 1233 2864 1288 heri
2902 1233 3109 1288 caritati
3141 1243 3331 1289 vestra:
3371 1233 3543 1290 disse-

1951 1320 2055 1385 rui,
2080 1320 2253 1376 denuo
2282 1323 2558 1393 attingam,
2591 1334 2645 1380 et
2664 1326 2792 1396 justi
2822 1326 2931 1381 Noe
2961 1327 3234 1382 historiam
3264 1327 3455 1383 iterum
3484 1329 3539 1384 in

1951 1411 2182 1473 medium
2209 1413 2446 1469 all‘eram.
2487 1415 2690 1486 Magna:
2718 1419 2860 1473 enim
2888 1419 3141 1473 virtutum
3174 1418 3303 1488 juSIi
3338 1418 3538 1474 divitia:

1950 1513 2094 1568 sunt,
2141 1504 2417 1574 nostrique
2465 1505 2625 1560 olticii
2669 1517 2752 1562 est
2789 1509 3036 1563 omnibus
3061 1525 3156 1579 pro
3181 1521 3362 1566 nostra
3391 1510 3536 1566 virili

1945 1595 2260 1665 disquisitis,
2293 1613 2481 1652 curare
2506 1607 2563 1653 ut
2589 1609 2781 1655 vestrae
2804 1616 2935 1671 opes
2957 1601 3080 1656 hinc
3099 1602 3366 1659 auctiores
3381 1601 3530 1658 flant.

1944 1686 2229 1752 Caeterum,
2265 1689 2509 1752 obsecro,
2540 1699 2736 1746 attenta
2765 1702 2944 1748 mente
2985 1693 3171 1749 adsitis
3193 1737 3208 1761 ,
3235 1700 3294 1749 ut
3319 1709 3385 1750 ne
3405 1709 3532 1749 sen-

1944 1781 2122 1835 tentiae
2145 1779 2234 1835 hic
2254 1781 2543 1837 reconditae
2565 1798 2594 1837 a
2617 1783 2767 1838 vobis
2781 1785 3075 1856 dill'ugiant.
3095 1785 3283 1855 Operae
3299 1785 3531 1857 pretium

1941 1881 2120 1926 autem
2173 1872 2350 1938 fuerit,
2399 1874 2548 1944 prius
2582 1876 2791 1930 caritati
2844 1886 3040 1932 vestra:
3083 1892 3528 1942 commemorare,

1940 1959 2155 2015 ubinam
2187 1961 2302 2017 heri
2333 1963 2556 2019 docendi
2581 1967 2739 2020 finem
2767 1966 3050 2024 fecerimus
3072 2009 3087 2034 ,
3117 1977 3175 2022 ut
3219 1968 3341 2023 inde
3369 1968 3530 2024 hodie

1939 2067 2190 2110 sermone
2230 2057 2484 2126 repetito,
2511 2057 2734 2114 dicenda
2772 2059 2928 2114 dictis
2962 2070 3110 2116 recte
3155 2070 3526 2117 contexamus.

1937 2144 2026 2200 Sic
2049 2147 2192 2202 enim
2212 2147 2577 2204 manifestiora
2599 2151 2752 2206 nobis
2778 2162 2939 2205 erunt
2966 2151 3129 2207 etiam
3155 2168 3216 2208 ea
3241 2169 3360 2224 qua:
3383 2169 3528 2208 nunc

1935 2237 2204 2294 dicuntur.
2237 2240 2339 2297 Ubi
2361 2256 2490 2312 ergo
2512 2259 2631 2314 qua:
2650 2242 2974 2299 docebamus
2994 2245 3128 2311 heri,
3155 2245 3313 2301 linem
3331 2245 3528 2302 habue-

1934 2331 2098 2385 runt?
2126 2330 2291 2400 Dixit,
2316 2332 2506 2402 inquit,
2539 2331 2789 2388 Dominus
2811 2333 2950 2389 Deus
2977 2335 3046 2388 ad
3072 2334 3189 2389 Noe
3215 2351 3234 2390 :
3251 2335 3526 2407 Ingredere

1935 2429 2009 2488 tu,
2037 2429 2083 2475 et
2121 2422 2284 2476 omnis
2313 2423 2492 2477 domus
2515 2432 2604 2477 tua
2628 2423 2681 2476 in
2710 2441 2880 2477 arcam
2910 2441 2929 2479 :
2955 2425 3074 2496 quia
3099 2437 3146 2480 te
3190 2426 3292 2480 uidi
3322 2427 3524 2498 justum

1932 2529 2105 2567 coram
2126 2529 2206 2568 me
2230 2515 2284 2568 in
2313 2515 2632 2586 generatione
2654 2515 2768 2571 ista.
2792 2514 2878 2570 Ea:
2893 2518 3136 2586 jumentis
3177 2535 3292 2572 vero
3321 2517 3523 2571 mundis

1931 2605 2084 2658 induc
2137 2605 2206 2659 ad
2250 2614 2298 2660 te
2337 2617 2542 2677 septena
2572 2621 2590 2661 :
2621 2616 2666 2661 et
2710 2624 2774 2662 ea:
2811 2609 3076 2679 jumentis,
3107 2625 3218 2679 qua
3257 2626 3356 2663 non
3402 2619 3521 2663 sunt

1929 2699 2141 2762 munda,
2174 2699 2310 2753 bina.
2341 2700 2521 2753 Adhuc
2562 2700 2695 2754 enim
2737 2711 2926 2770 septem
2954 2701 3092 2766 dies,
3143 2718 3234 2773 ego
3279 2702 3520 2756 inducam

1929 2791 2152 2862 pluviam
2180 2807 2330 2861 super
2355 2801 2538 2845 terram
2565 2791 2898 2862 quadraginta
2918 2792 3091 2847 diebus
3111 2803 3156 2848 et
3179 2793 3516 2864 quadraginta

1928 2881 2153 2936 noctibus
2180 2923 2195 2948 ,
2222 2889 2270 2935 et
2295 2881 2467 2936 delebo
2487 2898 2684 2936 omnem
2702 2881 3030 2937 substantiam
3048 2900 3197 2954 quam
3227 2883 3344 2954 feci,
3370 2900 3404 2936 α
3437 2883 3519 2950 fa-

1926 2972 2001 3026 cie
2025 2983 2190 3037 teme,
2232 2972 2294 3026 ab
2349 2973 2552 3027 homine
2586 2983 2742 3040 usque
2788 2973 2858 3027 ad
2891 2991 3058 3044 pecus.
3110 2974 3179 3029 Et
3233 2975 3349 3046 fecit
3403 2973 3519 3030 Nae

1926 3065 2096 3118 omnia
2123 3081 2235 3134 qua:
2260 3072 2562 3136 prazceperat
2585 3066 2680 3119 sibi
2705 3065 2951 3119 Dominus
2998 3065 3134 3120 Deus
3161 3065 3312 3137 (Gen.
3359 3067 3413 3120 7.
3457 3067 3518 3121 1-

1927 3153 2008 3226 5).
2036 3154 2324 3225 Hucusque
2351 3155 2680 3225 procedebat
2716 3171 2928 3222 sermo,
2963 3155 3047 3210 hic
3085 3155 3309 3212 docendi
3351 3156 3514 3211 finem

1925 3245 2273 3301 faciebamus.
2298 3245 2566 3302 Fortassis
2591 3247 2732 3302 enim
2762 3256 2816 3302 et
2841 3248 2939 3318 ipsi
2960 3248 3277 3303 meministis
3296 3247 3511 3318 quando

1923 3338 2132 3392 caritati
2163 3347 2358 3393 vestra:
2409 3349 2624 3393 eausam
2653 3338 3002 3403 reddidimus,
3061 3355 3228 3409 quare
3260 3339 3400 3394 Deus
3444 3354 3510 3394 ex

1923 3427 2137 3483 mundis
2164 3435 2406 3498 septena,
2433 3443 2501 3482 ex
2529 3428 2819 3482 immundis
2845 3429 2964 3484 bina
2983 3428 3243 3484 introduci
3267 3430 3508 3499 jusserit.

1921 3520 2034 3590 Age
2064 3535 2192 3590 ergo
2241 3519 2403 3575 hodie
2431 3519 2751 3576 accedamus
2776 3519 2842 3575 ad
2885 3535 2946 3576 ea
2972 3537 3092 3590 qua:
3120 3529 3511 3591 consequenter

1921 3610 2056 3666 lecta
2086 3617 2229 3676 sunt,
2256 3618 2312 3665 et
2350 3610 2624 3665 videamus
2665 3611 2790 3682 quid
2835 3611 2988 3667 nobis
3017 3611 3193 3668 divina
3235 3610 3507 3682 Scriptura

1922 3703 2065 3756 dicat
2086 3709 2206 3772 post
2231 3702 2528 3773 ingressum
2554 3703 2668 3758 Noe
2697 3703 2750 3758 in
2775 3718 2975 3758 arcam.
3025 3704 3178 3759 Nunc
3215 3704 3358 3760 enim
3396 3719 3508 3759 ma-

1921 3795 2084 3860 xime,
2116 3793 2161 3848 si
2187 3794 2296 3848 ullo
2322 3793 2427 3848 alio
2472 3803 2736 3864 tempore,
2779 3793 2933 3849 decet
2970 3803 3030 3849 ut
3057 3795 3284 3866 amplius
3313 3795 3382 3849 sit
3410 3811 3509 3849 no-

1920 3896 2090 3941 strum
2118 3887 2373 3953 studium,
2401 3902 2523 3942 cum
2553 3887 2623 3943 ob
2647 3888 2834 3958 jejunii
2862 3895 3072 3958 tempus
3110 3897 3164 3944 et
3201 3888 3503 3944 dulcissima

1919 3993 2094 4036 vestra
2143 3980 2529 4036 consuetudine
2572 3981 2741 4050 magis
2791 3980 3035 4048 fruimur,
3081 3989 3135 4035 et
3178 3995 3207 4034 a
3237 3981 3508 4050 voluptate

1919 4071 2154 4141 crapulae
2181 4071 2491 4136 liberamur,
2524 4071 2874 4141 excitatisque
2897 4071 3184 4136 mentibus,
3214 4071 3371 4126 dictis
3395 4071 3510 4126 dili-

1918 4171 2103 4233 genter
2157 4162 2432 4218 attendere
2475 4175 2777 4232 possumus.
2826 4161 3117 4218 Dicendum
3163 4162 3321 4233 igitur
3367 4163 3507 4216 unde

1920 4257 2080 4311 hodie
2101 4255 2260 4310 lectio
2285 4262 2458 4325 empta
2479 4262 2581 4309 est.
2635 4256 2689 4309 6.
2723 4253 2840 4308 Noe
2884 4263 3055 4309 autem
3097 4263 3204 4308 erat
3255 4270 3507 4308 annorum

1918 4356 2296 4412 sexcentarum,
2319 4345 2508 4415 inquit,
2531 4354 2577 4399 et
2605 4345 2850 4399 diluvium
2869 4361 3014 4417 aqua?
3037 4345 3230 4414 factum
3256 4354 3328 4400 est
3357 4361 3508 4416 super

1918 4450 2121 4494 terram.
2164 4439 2457 4505 Attendite,
2481 4439 2726 4506 obsecro,
2753 4448 2810 4494 et
2827 4454 2896 4494 ne
2921 4439 3281 4509 perfunctorie
3305 4440 3504 4495 dictum

1917 4545 2428 4605 praetercurramus;
2470 4533 2673 4587 habent
2695 4533 2836 4587 enim
2864 4534 3088 4588 latentes
3103 4533 3315 4588 divitias
3326 4534 3507 4589 brevia

1920 4628 2035 4682 hinc
2060 4628 2258 4689 verba;
2289 4625 2428 4696 quod
2461 4626 2504 4680 si
2533 4634 2765 4681 mentem
2789 4625 3194 4693 intenderimus,
3227 4626 3409 4680 licebit
3439 4640 3504 4680 ex

1918 4719 2022 4773 isto
2051 4719 2165 4786 ipso
2200 4717 2580 4772 misericordia:
2610 4716 2818 4772 Domini
2844 4718 3232 4784 excellentiam,
3263 4717 3508 4771 malitia:-

1918 4825 2022 4878 que
2048 4809 2351 4872 hominum,
2383 4808 2472 4878 qui
2513 4817 2639 4863 tunc
2668 4817 2841 4876 erant,
2865 4809 3290 4878 exsuperantiam
3317 4808 3508 4878 depre-

1917 4899 2172 4955 hendere.
2201 4899 2316 4952 Noe
2335 4909 2501 4952 autem
2513 4915 2761 4953 annorum
2776 4908 2902 4963 erat,
2926 4899 3113 4968 inquit,
3137 4908 3502 4952 sexcentarum.

1916 4991 2032 5046 Non
2065 4991 2266 5060 absque
2290 5005 2449 5045 causa
2476 5005 2736 5044 annorum
2754 4990 2882 5060 justi
2909 5005 3188 5044 numerum
3207 5005 3304 5045 nos
3326 4990 3507 5046 docuit

1917 5083 2097 5138 divina
2125 5084 2422 5153 Scriptura,
2477 5098 2652 5151 neque
2709 5090 2767 5136 ut
2810 5081 2950 5136 istud
2996 5081 3169 5149 ipsum
3216 5081 3505 5149 discamus,

1917 5185 2046 5247 quot
2069 5190 2330 5229 annorum
2359 5173 2515 5228 fuerit
2546 5173 2655 5238 ille,
2687 5172 2783 5227 sed
2822 5171 2946 5242 quia
2985 5172 3133 5241 prius
3175 5185 3274 5227 nos
3326 5171 3511 5228 docuit

1917 5272 2188 5341 Scriptura
2226 5269 2408 5324 dicens
2431 5309 2446 5334 ,
2479 5265 2594 5321 Noe
2616 5276 2782 5320 autem
2807 5274 2912 5320 erat
2937 5281 3186 5319 annorum
3206 5265 3509 5335 quingento-

1915 5381 2030 5419 rum
2059 5362 2211 5436 (Gen.
2241 5361 2295 5416 5.
2324 5360 2417 5430 51)
2442 5376 2454 5412 :
2479 5367 2535 5414 et
2580 5366 2860 5429 postquam
2916 5357 3070 5413 nobis
3109 5371 3372 5412 annorum
3417 5356 3512 5411 dcc

1912 5454 2137 5512 claravit
2180 5467 2486 5516 numerum,
2517 5459 2647 5505 tunc
2688 5449 2926 5508 narravit
2953 5449 3292 5505 immodicam
3336 5448 3510 5504 homi-

1913 5562 2044 5604 num
2076 5546 2130 5602 in
2161 5545 2356 5600 malum
2384 5542 2819 5613 propensionem,
2847 5551 2904 5598 et
2928 5543 3050 5612 quia
3077 5541 3337 5597 incumbit
3365 5556 3509 5610 cogi-

1915 5640 2048 5698 tatio
2074 5639 2348 5696 hominum
2366 5639 2646 5710 diligenter
2666 5641 2718 5694 in
2736 5639 2873 5694 mala
2890 5655 2920 5693 a
2937 5639 3214 5708 iuventute
3237 5656 3251 5702 ;
3280 5639 3507 5707 ideoque

1917 5743 2050 5790 dixit
2076 5746 2248 5801 Deus,
2281 5735 2403 5786 Non
2434 5732 2739 5804 permanebit
2769 5733 2994 5804 Spiritus
3018 5749 3157 5787 meus
3193 5748 3248 5787 tn
3283 5732 3503 5787 homini-

1919 5829 2009 5886 bus
2033 5829 2164 5899 istis,
2193 5843 2252 5884 ea
2275 5825 2410 5898 quod
2432 5823 2531 5896 ipsi
2557 5823 2659 5881 sint
2685 5839 2862 5880 carnes
2887 5822 3042 5897 (Gen.
3068 5823 3120 5882 6.
3144 5822 3231 5896 3):
3250 5838 3504 5895 praenuu-v
