  <div class='ocr_page' id='page_1' title='image "/cluster/home/n/w/nwhite01/storage/ocr_20150623/53/nnc1.0046978453/217.png"; bbox 0 0 4062 6396; ppageno 0'>
   <div class='ocr_carea' id='block_1_1' title="bbox 547 374 653 435">
    <p class='ocr_par' dir='ltr' id='par_1_1' title="bbox 547 374 653 435">
     <span class='ocr_line' id='line_1_1' title="bbox 547 374 653 435; baseline 0 0"><span class='ocrx_word' id='word_1_1' title='bbox 547 374 653 435; x_wconf 71' lang='grc'><strong>119</strong></span> 
     </span>
    </p>
   </div>
   <div class='ocr_carea' id='block_1_2' title="bbox 548 483 2125 561">
    <p class='ocr_par' dir='ltr' id='par_1_2' title="bbox 548 483 2125 561">
     <span class='ocr_line' id='line_1_2' title="bbox 548 483 2125 561; baseline -0.009 -12"><span class='ocrx_word' id='word_1_2' title='bbox 548 494 731 550; x_wconf 86' lang='lat' dir='ltr'><strong>tiando</strong></span> <span class='ocrx_word' id='word_1_3' title='bbox 758 493 835 549; x_wconf 89' lang='lat' dir='ltr'><strong>eis</strong></span> <span class='ocrx_word' id='word_1_4' title='bbox 875 490 1248 561; x_wconf 65' lang='lat' dir='ltr'><strong>indignationis</strong></span> <span class='ocrx_word' id='word_1_5' title='bbox 1294 503 1399 542; x_wconf 80' lang='lat' dir='ltr'><strong>sua</strong></span> <span class='ocrx_word' id='word_1_6' title='bbox 1442 486 1888 556; x_wconf 87' lang='lat' dir='ltr'><strong>magnitudinem;</strong></span> <span class='ocrx_word' id='word_1_7' title='bbox 1917 483 2038 537; x_wconf 88' lang='lat' dir='ltr'><strong>dein</strong></span> <span class='ocrx_word' id='word_1_8' title='bbox 2067 490 2125 535; x_wconf 91' lang='lat' dir='ltr'><strong>ut</strong></span> 
     </span>
    </p>
   </div>
   <div class='ocr_carea' id='block_1_3' title="bbox 552 574 2129 651">
    <p class='ocr_par' dir='ltr' id='par_1_3' title="bbox 552 574 2129 651">
     <span class='ocr_line' id='line_1_3' title="bbox 552 574 2129 651; baseline -0.007 -13"><span class='ocrx_word' id='word_1_9' title='bbox 552 589 704 641; x_wconf 87' lang='lat' dir='ltr'><strong>daret</strong></span> <span class='ocrx_word' id='word_1_10' title='bbox 730 586 806 640; x_wconf 87' lang='lat' dir='ltr'><strong>eis</strong></span> <span class='ocrx_word' id='word_1_11' title='bbox 837 585 1083 639; x_wconf 85' lang='lat' dir='ltr'><strong>idoneum</strong></span> <span class='ocrx_word' id='word_1_12' title='bbox 1114 592 1356 651; x_wconf 61' lang='lat' dir='ltr'><strong>tempuS,</strong></span> <span class='ocrx_word' id='word_1_13' title='bbox 1387 580 1527 650; x_wconf 90' lang='lat' dir='ltr'><strong>quod</strong></span> <span class='ocrx_word' id='word_1_14' title='bbox 1556 578 1825 632; x_wconf 79' lang='lat' dir='ltr'><strong>sufﬁceret</strong></span> <span class='ocrx_word' id='word_1_15' title='bbox 1844 574 1910 629; x_wconf 89' lang='lat' dir='ltr'><strong>ad</strong></span> <span class='ocrx_word' id='word_1_16' title='bbox 1940 575 2129 643; x_wconf 84' lang='lat' dir='ltr'><strong>resipi-</strong></span> 
     </span>
    </p>
   </div>
   <div class='ocr_carea' id='block_1_4' title="bbox 551 666 2122 744">
    <p class='ocr_par' dir='ltr' id='par_1_4' title="bbox 551 666 2122 744">
     <span class='ocr_line' id='line_1_4' title="bbox 551 666 2122 744; baseline -0.01 -11"><span class='ocrx_word' id='word_1_17' title='bbox 551 680 802 734; x_wconf 80' lang='lat' dir='ltr'><strong>scendum</strong></span> <span class='ocrx_word' id='word_1_18' title='bbox 824 718 840 741; x_wconf 95' lang='lat'><strong>,</strong></span> <span class='ocrx_word' id='word_1_19' title='bbox 868 686 924 730; x_wconf 93' lang='lat' dir='ltr'><strong>ut</strong></span> <span class='ocrx_word' id='word_1_20' title='bbox 947 675 1359 744; x_wconf 89' lang='lat' dir='ltr'><strong>indignationem</strong></span> <span class='ocrx_word' id='word_1_21' title='bbox 1390 687 1495 727; x_wconf 90' lang='lat' dir='ltr'><strong>non</strong></span> <span class='ocrx_word' id='word_1_22' title='bbox 1524 670 1925 739; x_wconf 80' lang='lat' dir='ltr'><strong>experirentur,</strong></span> <span class='ocrx_word' id='word_1_23' title='bbox 1954 666 2081 719; x_wconf 83' lang='lat' dir='ltr'><strong>dicit</strong></span> <span class='ocrx_word' id='word_1_24' title='bbox 2110 683 2122 718; x_wconf 76' lang='grc' dir='ltr'>ε</span> 
     </span>
    </p>
   </div>
   <div class='ocr_carea' id='block_1_5' title="bbox 554 758 2123 831">
    <p class='ocr_par' dir='ltr' id='par_1_5' title="bbox 554 758 2123 831">
     <span class='ocr_line' id='line_1_5' title="bbox 554 758 2123 831; baseline -0.008 -9"><span class='ocrx_word' id='word_1_25' title='bbox 554 769 714 823; x_wconf 77' lang='lat' dir='ltr'><strong>Erunt</strong></span> <span class='ocrx_word' id='word_1_26' title='bbox 733 777 900 820; x_wconf 88' lang='lat' dir='ltr'><strong>autem</strong></span> <span class='ocrx_word' id='word_1_27' title='bbox 916 767 1020 819; x_wconf 78' lang='lat' dir='ltr'><strong>dies</strong></span> <span class='ocrx_word' id='word_1_28' title='bbox 1036 780 1204 818; x_wconf 82' lang='lat' dir='ltr'><strong>eorum</strong></span> <span class='ocrx_word' id='word_1_29' title='bbox 1218 765 1338 817; x_wconf 87' lang='lat' dir='ltr'><strong>anni</strong></span> <span class='ocrx_word' id='word_1_30' title='bbox 1353 772 1545 817; x_wconf 86' lang='lat' dir='ltr'><strong>centum</strong></span> <span class='ocrx_word' id='word_1_31' title='bbox 1565 772 1611 814; x_wconf 89' lang='lat' dir='ltr'><strong>et</strong></span> <span class='ocrx_word' id='word_1_32' title='bbox 1625 761 1796 831; x_wconf 83' lang='lat' dir='ltr'><strong>viginti</strong></span> <span class='ocrx_word' id='word_1_33' title='bbox 1811 760 1959 831; x_wconf 83' lang='lat' dir='ltr'><strong>(Gen.</strong></span> <span class='ocrx_word' id='word_1_34' title='bbox 1978 758 2031 812; x_wconf 86' lang='lat'><strong>6.</strong></span> <span class='ocrx_word' id='word_1_35' title='bbox 2048 758 2123 828; x_wconf 77' lang='lat'><strong>5):</strong></span> 
     </span>
    </p>
   </div>
   <div class='ocr_carea' id='block_1_6' title="bbox 550 853 2127 927">
    <p class='ocr_par' dir='ltr' id='par_1_6' title="bbox 550 853 2127 927">
     <span class='ocr_line' id='line_1_6' title="bbox 550 853 2127 927; baseline -0.006 -14"><span class='ocrx_word' id='word_1_36' title='bbox 550 865 649 915; x_wconf 91' lang='lat' dir='ltr'><strong>hoc</strong></span> <span class='ocrx_word' id='word_1_37' title='bbox 673 869 773 919; x_wconf 85' lang='lat' dir='ltr'><strong>est,</strong></span> <span class='ocrx_word' id='word_1_38' title='bbox 803 859 991 913; x_wconf 88' lang='lat' dir='ltr'><strong>Adhuc</strong></span> <span class='ocrx_word' id='word_1_39' title='bbox 1038 857 1434 927; x_wconf 87' lang='lat' dir='ltr'><strong>procrastinabo</strong></span> <span class='ocrx_word' id='word_1_40' title='bbox 1460 856 1618 909; x_wconf 89' lang='lat' dir='ltr'><strong>etiam</strong></span> <span class='ocrx_word' id='word_1_41' title='bbox 1648 863 1768 923; x_wconf 88' lang='lat' dir='ltr'><strong>post</strong></span> <span class='ocrx_word' id='word_1_42' title='bbox 1812 853 2127 922; x_wconf 90' lang='lat' dir='ltr'><strong>quingentos</strong></span> 
     </span>
    </p>
   </div>
   <div class='ocr_carea' id='block_1_7' title="bbox 549 943 2127 1017">
    <p class='ocr_par' dir='ltr' id='par_1_7' title="bbox 549 943 2127 1017">
     <span class='ocr_line' id='line_1_7' title="bbox 549 943 2127 1017; baseline -0.006 -14"><span class='ocrx_word' id='word_1_43' title='bbox 549 951 666 1004; x_wconf 91' lang='lat' dir='ltr'><strong>illos</strong></span> <span class='ocrx_word' id='word_1_44' title='bbox 714 964 900 1014; x_wconf 81' lang='lat' dir='ltr'><strong>annos,</strong></span> <span class='ocrx_word' id='word_1_45' title='bbox 952 948 1002 1001; x_wconf 91' lang='lat' dir='ltr'><strong>in</strong></span> <span class='ocrx_word' id='word_1_46' title='bbox 1055 948 1244 1017; x_wconf 81' lang='lat' dir='ltr'><strong>quibus</strong></span> <span class='ocrx_word' id='word_1_47' title='bbox 1285 947 1456 1014; x_wconf 90' lang='lat' dir='ltr'><strong>justus</strong></span> <span class='ocrx_word' id='word_1_48' title='bbox 1482 947 1580 999; x_wconf 91' lang='lat' dir='ltr'><strong>iste</strong></span> <span class='ocrx_word' id='word_1_49' title='bbox 1612 960 1707 997; x_wconf 87' lang='lat' dir='ltr'><strong>suo</strong></span> <span class='ocrx_word' id='word_1_50' title='bbox 1733 943 1950 997; x_wconf 84' lang='lat' dir='ltr'><strong>nomine</strong></span> <span class='ocrx_word' id='word_1_51' title='bbox 1998 943 2127 995; x_wconf 88' lang='lat' dir='ltr'><strong>satis</strong></span> 
     </span>
    </p>
   </div>
   <div class='ocr_carea' id='block_1_8' title="bbox 549 1032 2128 1101">
    <p class='ocr_par' dir='ltr' id='par_1_8' title="bbox 549 1032 2128 1101">
     <span class='ocr_line' id='line_1_8' title="bbox 549 1032 2128 1101; baseline -0.006 -9"><span class='ocrx_word' id='word_1_52' title='bbox 549 1055 738 1093; x_wconf 82' lang='lat' dir='ltr'><strong>omnes</strong></span> <span class='ocrx_word' id='word_1_53' title='bbox 766 1040 881 1092; x_wconf 91' lang='lat' dir='ltr'><strong>illos</strong></span> <span class='ocrx_word' id='word_1_54' title='bbox 907 1038 1221 1091; x_wconf 87' lang='lat' dir='ltr'><strong>admouebat</strong></span> <span class='ocrx_word' id='word_1_55' title='bbox 1243 1047 1294 1090; x_wconf 92' lang='lat' dir='ltr'><strong>et</strong></span> <span class='ocrx_word' id='word_1_56' title='bbox 1324 1035 1626 1099; x_wconf 80' lang='lat' dir='ltr'><strong>inducebat,</strong></span> <span class='ocrx_word' id='word_1_57' title='bbox 1648 1035 1690 1087; x_wconf 89' lang='lat' dir='ltr'><strong>si</strong></span> <span class='ocrx_word' id='word_1_58' title='bbox 1714 1032 1925 1101; x_wconf 83' lang='lat' dir='ltr'><strong>quidem</strong></span> <span class='ocrx_word' id='word_1_59' title='bbox 1958 1040 2128 1085; x_wconf 83' lang='lat' dir='ltr'><strong>atten-</strong></span> 
     </span>
    </p>
   </div>
   <div class='ocr_carea' id='block_1_9' title="bbox 549 1124 2124 1195">
    <p class='ocr_par' dir='ltr' id='par_1_9' title="bbox 549 1124 2124 1195">
     <span class='ocr_line' id='line_1_9' title="bbox 549 1124 2124 1195; baseline -0.008 -8"><span class='ocrx_word' id='word_1_60' title='bbox 549 1138 679 1189; x_wconf 85' lang='lat' dir='ltr'><strong>dere</strong></span> <span class='ocrx_word' id='word_1_61' title='bbox 710 1134 1018 1195; x_wconf 89' lang='lat' dir='ltr'><strong>voluissent,</strong></span> <span class='ocrx_word' id='word_1_62' title='bbox 1050 1140 1105 1183; x_wconf 94' lang='lat' dir='ltr'><strong>ut</strong></span> <span class='ocrx_word' id='word_1_63' title='bbox 1154 1138 1207 1183; x_wconf 92' lang='lat' dir='ltr'><strong>et</strong></span> <span class='ocrx_word' id='word_1_64' title='bbox 1250 1145 1278 1182; x_wconf 90' lang='lat' dir='ltr'><strong>a</strong></span> <span class='ocrx_word' id='word_1_65' title='bbox 1336 1129 1531 1183; x_wconf 89' lang='lat' dir='ltr'><strong>malitia</strong></span> <span class='ocrx_word' id='word_1_66' title='bbox 1593 1127 1932 1191; x_wconf 78' lang='lat' dir='ltr'><strong>desisterent,</strong></span> <span class='ocrx_word' id='word_1_67' title='bbox 1960 1135 2014 1179; x_wconf 91' lang='lat' dir='ltr'><strong>et</strong></span> <span class='ocrx_word' id='word_1_68' title='bbox 2060 1124 2124 1176; x_wconf 85' lang='lat' dir='ltr'><strong>ad</strong></span> 
     </span>
    </p>
   </div>
   <div class='ocr_carea' id='block_1_10' title="bbox 550 1216 2128 1285">
    <p class='ocr_par' dir='ltr' id='par_1_10' title="bbox 550 1216 2128 1285">
     <span class='ocr_line' id='line_1_10' title="bbox 550 1216 2128 1285; baseline -0.006 -7"><span class='ocrx_word' id='word_1_69' title='bbox 550 1228 799 1280; x_wconf 77' lang='lat' dir='ltr'><strong>virtutem</strong></span> <span class='ocrx_word' id='word_1_70' title='bbox 830 1240 887 1277; x_wconf 91' lang='lat' dir='ltr'><strong>se</strong></span> <span class='ocrx_word' id='word_1_71' title='bbox 915 1222 1280 1276; x_wconf 77' lang='lat' dir='ltr'><strong>transferrent.</strong></span> <span class='ocrx_word' id='word_1_72' title='bbox 1311 1221 1686 1285; x_wconf 72' lang='lat' dir='ltr'><strong>Verumtamen</strong></span> <span class='ocrx_word' id='word_1_73' title='bbox 1714 1226 1767 1272; x_wconf 88' lang='lat' dir='ltr'><strong>et</strong></span> <span class='ocrx_word' id='word_1_74' title='bbox 1798 1232 1937 1271; x_wconf 91' lang='lat' dir='ltr'><strong>nunc</strong></span> <span class='ocrx_word' id='word_1_75' title='bbox 1976 1216 2128 1285; x_wconf 84' lang='lat' dir='ltr'><strong>polli—</strong></span> 
     </span>
    </p>
   </div>
   <div class='ocr_carea' id='block_1_11' title="bbox 547 1310 2185 1384">
    <p class='ocr_par' dir='ltr' id='par_1_11' title="bbox 547 1310 2185 1384">
     <span class='ocr_line' id='line_1_11' title="bbox 547 1310 2185 1384; baseline -0.005 -14"><span class='ocrx_word' id='word_1_76' title='bbox 547 1333 676 1371; x_wconf 75' lang='lat' dir='ltr'><strong>ceor</strong></span> <span class='ocrx_word' id='word_1_77' title='bbox 705 1332 790 1371; x_wconf 95' lang='lat' dir='ltr'><strong>me</strong></span> <span class='ocrx_word' id='word_1_78' title='bbox 833 1332 1001 1370; x_wconf 88' lang='lat' dir='ltr'><strong>annos</strong></span> <span class='ocrx_word' id='word_1_79' title='bbox 1053 1324 1263 1368; x_wconf 92' lang='lat' dir='ltr'><strong>centum</strong></span> <span class='ocrx_word' id='word_1_80' title='bbox 1316 1314 1496 1383; x_wconf 92' lang='lat' dir='ltr'><strong>viginti</strong></span> <span class='ocrx_word' id='word_1_81' title='bbox 1548 1310 1625 1384; x_wconf 89' lang='lat' dir='ltr'><strong>(a)</strong></span> <span class='ocrx_word' id='word_1_82' title='bbox 1676 1312 2042 1373; x_wconf 82' lang='lat' dir='ltr'><strong>toleraturum,</strong></span> <span class='ocrx_word' id='word_1_83' title='bbox 2072 1317 2128 1361; x_wconf 93' lang='lat' dir='ltr'><strong>ut</strong></span> <span class='ocrx_word' id='word_1_84' title='bbox 2182 1364 2185 1365; x_wconf 26' lang='grc' dir='ltr'><em>ν</em></span> 
     </span>
    </p>
   </div>
   <div class='ocr_carea' id='block_1_12' title="bbox 553 1404 2127 1479">
    <p class='ocr_par' dir='ltr' id='par_1_12' title="bbox 553 1404 2127 1479">
     <span class='ocr_line' id='line_1_12' title="bbox 553 1404 2127 1479; baseline -0.006 -16"><span class='ocrx_word' id='word_1_85' title='bbox 553 1421 794 1479; x_wconf 87' lang='lat' dir='ltr'><strong>tempore</strong></span> <span class='ocrx_word' id='word_1_86' title='bbox 845 1409 985 1479; x_wconf 87' lang='lat' dir='ltr'><strong>quod</strong></span> <span class='ocrx_word' id='word_1_87' title='bbox 1029 1406 1366 1471; x_wconf 89' lang='lat' dir='ltr'><strong>intercedet,</strong></span> <span class='ocrx_word' id='word_1_88' title='bbox 1414 1404 1856 1476; x_wconf 85' lang='lat' dir='ltr'><strong>quemadmodum</strong></span> <span class='ocrx_word' id='word_1_89' title='bbox 1908 1418 2003 1471; x_wconf 91' lang='lat' dir='ltr'><strong>par</strong></span> <span class='ocrx_word' id='word_1_90' title='bbox 2046 1411 2127 1455; x_wconf 88' lang='lat' dir='ltr'><strong>est</strong></span> 
     </span>
    </p>
   </div>
   <div class='ocr_carea' id='block_1_13' title="bbox 552 1496 2128 1570">
    <p class='ocr_par' dir='ltr' id='par_1_13' title="bbox 552 1496 2128 1570">
     <span class='ocr_line' id='line_1_13' title="bbox 552 1496 2128 1570; baseline -0.006 -15"><span class='ocrx_word' id='word_1_91' title='bbox 552 1513 787 1562; x_wconf 86' lang='lat' dir='ltr'><strong>utantur,</strong></span> <span class='ocrx_word' id='word_1_92' title='bbox 819 1502 1176 1570; x_wconf 76' lang='lat' dir='ltr'><strong>malitiamque</strong></span> <span class='ocrx_word' id='word_1_93' title='bbox 1204 1499 1426 1569; x_wconf 81' lang='lat' dir='ltr'><strong>fugiant,</strong></span> <span class='ocrx_word' id='word_1_94' title='bbox 1466 1506 1522 1553; x_wconf 92' lang='lat' dir='ltr'><strong>et</strong></span> <span class='ocrx_word' id='word_1_95' title='bbox 1549 1498 1795 1550; x_wconf 90' lang='lat' dir='ltr'><strong>virtutem</strong></span> <span class='ocrx_word' id='word_1_96' title='bbox 1822 1496 2128 1564; x_wconf 74' lang='lat' dir='ltr'><strong>amplexeri—</strong></span> 
     </span>
    </p>
   </div>
   <div class='ocr_carea' id='block_1_14' title="bbox 552 1584 2127 1651">
    <p class='ocr_par' dir='ltr' id='par_1_14' title="bbox 552 1584 2127 1651">
     <span class='ocr_line' id='line_1_14' title="bbox 552 1584 2127 1651; baseline -0.006 -4"><span class='ocrx_word' id='word_1_97' title='bbox 552 1605 657 1648; x_wconf 75' lang='lat' dir='ltr'><strong>Lttr.</strong></span> <span class='ocrx_word' id='word_1_98' title='bbox 717 1595 782 1647; x_wconf 82' lang='lat' dir='ltr'><strong>Et</strong></span> <span class='ocrx_word' id='word_1_99' title='bbox 808 1607 910 1646; x_wconf 90' lang='lat' dir='ltr'><strong>non</strong></span> <span class='ocrx_word' id='word_1_100' title='bbox 939 1592 1109 1646; x_wconf 90' lang='lat' dir='ltr'><strong>solum</strong></span> <span class='ocrx_word' id='word_1_101' title='bbox 1160 1600 1440 1644; x_wconf 83' lang='lat' dir='ltr'><strong>contentus</strong></span> <span class='ocrx_word' id='word_1_102' title='bbox 1478 1588 1572 1641; x_wconf 88' lang='lat' dir='ltr'><strong>fuit</strong></span> <span class='ocrx_word' id='word_1_103' title='bbox 1614 1595 1822 1641; x_wconf 90' lang='lat' dir='ltr'><strong>centum</strong></span> <span class='ocrx_word' id='word_1_104' title='bbox 1866 1594 1918 1639; x_wconf 93' lang='lat' dir='ltr'><strong>et</strong></span> <span class='ocrx_word' id='word_1_105' title='bbox 1944 1584 2127 1651; x_wconf 78' lang='lat' dir='ltr'><strong>viginti</strong></span> 
     </span>
    </p>
   </div>
   <div class='ocr_carea' id='block_1_15' title="bbox 554 1677 2126 1752">
    <p class='ocr_par' dir='ltr' id='par_1_15' title="bbox 554 1677 2126 1752">
     <span class='ocr_line' id='line_1_15' title="bbox 554 1677 2126 1752; baseline -0.008 -13"><span class='ocrx_word' id='word_1_106' title='bbox 554 1699 811 1739; x_wconf 83' lang='lat' dir='ltr'><strong>annorum</strong></span> <span class='ocrx_word' id='word_1_107' title='bbox 857 1683 1225 1752; x_wconf 86' lang='lat' dir='ltr'><strong>promissione.</strong></span> <span class='ocrx_word' id='word_1_108' title='bbox 1272 1680 1363 1734; x_wconf 91' lang='lat' dir='ltr'><strong>sed</strong></span> <span class='ocrx_word' id='word_1_109' title='bbox 1406 1680 1549 1749; x_wconf 88' lang='lat' dir='ltr'><strong>justo</strong></span> <span class='ocrx_word' id='word_1_110' title='bbox 1592 1677 1836 1746; x_wconf 64' lang='lat' dir='ltr'><strong>prieccpit</strong></span> <span class='ocrx_word' id='word_1_111' title='bbox 1866 1683 1923 1728; x_wconf 91' lang='lat' dir='ltr'><strong>ut</strong></span> <span class='ocrx_word' id='word_1_112' title='bbox 1950 1689 2126 1727; x_wconf 90' lang='lat' dir='ltr'><strong>arcam</strong></span> 
     </span>
    </p>
   </div>
   <div class='ocr_carea' id='block_1_16' title="bbox 553 1768 2125 1845">
    <p class='ocr_par' dir='ltr' id='par_1_16' title="bbox 553 1768 2125 1845">
     <span class='ocr_line' id='line_1_16' title="bbox 553 1768 2125 1845; baseline -0.006 -16"><span class='ocrx_word' id='word_1_113' title='bbox 553 1785 901 1837; x_wconf 73' lang='lat' dir='ltr'><strong>construeret,</strong></span> <span class='ocrx_word' id='word_1_114' title='bbox 928 1790 1034 1845; x_wconf 92' lang='lat' dir='ltr'><strong>quo</strong></span> <span class='ocrx_word' id='word_1_115' title='bbox 1060 1783 1110 1828; x_wconf 91' lang='lat' dir='ltr'><strong>et</strong></span> <span class='ocrx_word' id='word_1_116' title='bbox 1138 1775 1249 1843; x_wconf 84' lang='lat' dir='ltr'><strong>ipse</strong></span> <span class='ocrx_word' id='word_1_117' title='bbox 1274 1783 1515 1841; x_wconf 87' lang='lat' dir='ltr'><strong>aspectus</strong></span> <span class='ocrx_word' id='word_1_118' title='bbox 1531 1786 1668 1824; x_wconf 76' lang='lat' dir='ltr'><strong>arca:</strong></span> <span class='ocrx_word' id='word_1_119' title='bbox 1694 1771 1758 1823; x_wconf 92' lang='lat' dir='ltr'><strong>iis</strong></span> <span class='ocrx_word' id='word_1_120' title='bbox 1778 1768 2125 1823; x_wconf 89' lang='lat' dir='ltr'><strong>suflicientcm</strong></span> 
     </span>
    </p>
   </div>
   <div class='ocr_carea' id='block_1_17' title="bbox 553 1859 2128 1935">
    <p class='ocr_par' dir='ltr' id='par_1_17' title="bbox 553 1859 2128 1935">
     <span class='ocr_line' id='line_1_17' title="bbox 553 1859 2128 1935; baseline -0.008 -12"><span class='ocrx_word' id='word_1_121' title='bbox 553 1868 865 1923; x_wconf 88' lang='lat' dir='ltr'><strong>memoriam</strong></span> <span class='ocrx_word' id='word_1_122' title='bbox 889 1874 1212 1935; x_wconf 80' lang='lat' dir='ltr'><strong>suggereret,</strong></span> <span class='ocrx_word' id='word_1_123' title='bbox 1233 1874 1287 1919; x_wconf 89' lang='lat' dir='ltr'><strong>et</strong></span> <span class='ocrx_word' id='word_1_124' title='bbox 1312 1864 1489 1917; x_wconf 91' lang='lat' dir='ltr'><strong>nullus</strong></span> <span class='ocrx_word' id='word_1_125' title='bbox 1527 1863 1793 1933; x_wconf 69' lang='lat' dir='ltr'><strong>ignoraret</strong></span> <span class='ocrx_word' id='word_1_126' title='bbox 1840 1859 2128 1913; x_wconf 68' lang='lat' dir='ltr'><strong>inferenda:</strong></span> 
     </span>
    </p>
   </div>
   <div class='ocr_carea' id='block_1_18' title="bbox 555 1950 2127 2029">
    <p class='ocr_par' dir='ltr' id='par_1_18' title="bbox 555 1950 2127 2029">
     <span class='ocr_line' id='line_1_18' title="bbox 555 1950 2127 2029; baseline -0.004 -18"><span class='ocrx_word' id='word_1_127' title='bbox 555 1974 726 2029; x_wconf 65' lang='lat' dir='ltr'><strong>pinnae</strong></span> <span class='ocrx_word' id='word_1_128' title='bbox 752 1958 1182 2027; x_wconf 87' lang='lat' dir='ltr'><strong>magnitudinem.</strong></span> <span class='ocrx_word' id='word_1_129' title='bbox 1213 1956 1342 2010; x_wconf 88' lang='lat' dir='ltr'><strong>Nam</strong></span> <span class='ocrx_word' id='word_1_130' title='bbox 1373 1953 1510 2009; x_wconf 88' lang='lat' dir='ltr'><strong>istud</strong></span> <span class='ocrx_word' id='word_1_131' title='bbox 1550 1953 1752 2023; x_wconf 87' lang='lat' dir='ltr'><strong>ipsmn,</strong></span> <span class='ocrx_word' id='word_1_132' title='bbox 1782 1951 1919 2021; x_wconf 86' lang='lat' dir='ltr'><strong>quod</strong></span> <span class='ocrx_word' id='word_1_133' title='bbox 1952 1950 2127 2019; x_wconf 88' lang='lat' dir='ltr'><strong>justus</strong></span> 
     </span>
    </p>
   </div>
   <div class='ocr_carea' id='block_1_19' title="bbox 556 2043 2123 2121">
    <p class='ocr_par' dir='ltr' id='par_1_19' title="bbox 556 2043 2123 2121">
     <span class='ocr_line' id='line_1_19' title="bbox 556 2043 2123 2121; baseline -0.008 -14"><span class='ocrx_word' id='word_1_134' title='bbox 556 2055 667 2116; x_wconf 90' lang='lat' dir='ltr'><strong>ille,</strong></span> <span class='ocrx_word' id='word_1_135' title='bbox 694 2062 748 2107; x_wconf 92' lang='lat' dir='ltr'><strong>et</strong></span> <span class='ocrx_word' id='word_1_136' title='bbox 773 2053 859 2121; x_wconf 91' lang='lat' dir='ltr'><strong>qui</strong></span> <span class='ocrx_word' id='word_1_137' title='bbox 892 2053 942 2105; x_wconf 92' lang='lat' dir='ltr'><strong>in</strong></span> <span class='ocrx_word' id='word_1_138' title='bbox 970 2066 1233 2104; x_wconf 87' lang='lat' dir='ltr'><strong>summum</strong></span> <span class='ocrx_word' id='word_1_139' title='bbox 1263 2049 1472 2102; x_wconf 89' lang='lat' dir='ltr'><strong>virtutis</strong></span> <span class='ocrx_word' id='word_1_140' title='bbox 1500 2053 1812 2117; x_wconf 76' lang='lat' dir='ltr'><strong>pervenerat</strong></span> <span class='ocrx_word' id='word_1_141' title='bbox 1839 2043 2123 2112; x_wconf 87' lang='lat' dir='ltr'><strong>fastigium,</strong></span> 
     </span>
    </p>
   </div>
   <div class='ocr_carea' id='block_1_20' title="bbox 556 2132 2125 2205">
    <p class='ocr_par' dir='ltr' id='par_1_20' title="bbox 556 2132 2125 2205">
     <span class='ocr_line' id='line_1_20' title="bbox 556 2132 2125 2205; baseline -0.008 -7"><span class='ocrx_word' id='word_1_142' title='bbox 556 2156 700 2199; x_wconf 89' lang='lat' dir='ltr'><strong>tanto</strong></span> <span class='ocrx_word' id='word_1_143' title='bbox 726 2145 900 2198; x_wconf 88' lang='lat' dir='ltr'><strong>studio</strong></span> <span class='ocrx_word' id='word_1_144' title='bbox 928 2143 1233 2197; x_wconf 78' lang='lat' dir='ltr'><strong>exstruebat</strong></span> <span class='ocrx_word' id='word_1_145' title='bbox 1260 2156 1436 2195; x_wconf 89' lang='lat' dir='ltr'><strong>aream</strong></span> <span class='ocrx_word' id='word_1_146' title='bbox 1462 2179 1477 2205; x_wconf 94' lang='lat'><strong>,</strong></span> <span class='ocrx_word' id='word_1_147' title='bbox 1510 2140 1637 2191; x_wconf 87' lang='lat' dir='ltr'><strong>satis</strong></span> <span class='ocrx_word' id='word_1_148' title='bbox 1662 2152 1780 2192; x_wconf 83' lang='lat' dir='ltr'><strong>esse</strong></span> <span class='ocrx_word' id='word_1_149' title='bbox 1805 2134 2032 2191; x_wconf 88' lang='lat' dir='ltr'><strong>debebat</strong></span> <span class='ocrx_word' id='word_1_150' title='bbox 2060 2132 2125 2186; x_wconf 90' lang='lat' dir='ltr'><strong>ad</strong></span> 
     </span>
    </p>
   </div>
   <div class='ocr_carea' id='block_1_21' title="bbox 558 2233 2124 2302">
    <p class='ocr_par' dir='ltr' id='par_1_21' title="bbox 558 2233 2124 2302">
     <span class='ocr_line' id='line_1_21' title="bbox 558 2233 2124 2302; baseline -0.008 -13"><span class='ocrx_word' id='word_1_151' title='bbox 558 2237 898 2302; x_wconf 86' lang='lat' dir='ltr'><strong>injiciendum</strong></span> <span class='ocrx_word' id='word_1_152' title='bbox 946 2235 1211 2299; x_wconf 84' lang='lat' dir='ltr'><strong>oinniluis,</strong></span> <span class='ocrx_word' id='word_1_153' title='bbox 1257 2233 1447 2302; x_wconf 79' lang='lat' dir='ltr'><strong>quibus</strong></span> <span class='ocrx_word' id='word_1_154' title='bbox 1498 2246 1646 2283; x_wconf 83' lang='lat' dir='ltr'><strong>mens</strong></span> <span class='ocrx_word' id='word_1_155' title='bbox 1691 2236 1846 2293; x_wconf 91' lang='lat' dir='ltr'><strong>erat,</strong></span> <span class='ocrx_word' id='word_1_156' title='bbox 1875 2240 2124 2295; x_wconf 81' lang='lat' dir='ltr'><strong>angorem</strong></span> 
     </span>
    </p>
   </div>
   <div class='ocr_carea' id='block_1_22' title="bbox 555 2318 2124 2393">
    <p class='ocr_par' dir='ltr' id='par_1_22' title="bbox 555 2318 2124 2393">
     <span class='ocr_line' id='line_1_22' title="bbox 555 2318 2124 2393; baseline -0.01 -10"><span class='ocrx_word' id='word_1_157' title='bbox 555 2339 610 2383; x_wconf 90' lang='lat' dir='ltr'><strong>et</strong></span> <span class='ocrx_word' id='word_1_158' title='bbox 654 2328 1008 2390; x_wconf 87' lang='lat' dir='ltr'><strong>formidinem,</strong></span> <span class='ocrx_word' id='word_1_159' title='bbox 1053 2336 1107 2380; x_wconf 92' lang='lat' dir='ltr'><strong>et</strong></span> <span class='ocrx_word' id='word_1_160' title='bbox 1152 2322 1567 2393; x_wconf 89' lang='lat' dir='ltr'><strong>persuadendum</strong></span> <span class='ocrx_word' id='word_1_161' title='bbox 1600 2330 1657 2372; x_wconf 91' lang='lat' dir='ltr'><strong>ut</strong></span> <span class='ocrx_word' id='word_1_162' title='bbox 1706 2318 1974 2386; x_wconf 81' lang='lat' dir='ltr'><strong>placarent</strong></span> <span class='ocrx_word' id='word_1_163' title='bbox 2020 2324 2124 2369; x_wconf 89' lang='lat' dir='ltr'><strong>tam</strong></span> 
     </span>
    </p>
   </div>
   <div class='ocr_carea' id='block_1_23' title="bbox 554 2405 2127 2472">
    <p class='ocr_par' dir='ltr' id='par_1_23' title="bbox 554 2405 2127 2472">
     <span class='ocr_line' id='line_1_23' title="bbox 554 2405 2127 2472; baseline -0.009 0"><span class='ocrx_word' id='word_1_164' title='bbox 554 2427 883 2472; x_wconf 90' lang='lat' dir='ltr'><strong>mansuetum</strong></span> <span class='ocrx_word' id='word_1_165' title='bbox 913 2427 965 2470; x_wconf 93' lang='lat' dir='ltr'><strong>et</strong></span> <span class='ocrx_word' id='word_1_166' title='bbox 1004 2415 1320 2469; x_wconf 90' lang='lat' dir='ltr'><strong>clementem</strong></span> <span class='ocrx_word' id='word_1_167' title='bbox 1356 2410 1655 2465; x_wconf 90' lang='lat' dir='ltr'><strong>Dominum.</strong></span> <span class='ocrx_word' id='word_1_168' title='bbox 1690 2407 1821 2461; x_wconf 89' lang='lat' dir='ltr'><strong>Nam</strong></span> <span class='ocrx_word' id='word_1_169' title='bbox 1853 2407 1895 2461; x_wconf 92' lang='lat' dir='ltr'><strong>si</strong></span> <span class='ocrx_word' id='word_1_170' title='bbox 1917 2405 2127 2461; x_wconf 87' lang='lat' dir='ltr'><strong>barbari</strong></span> 
     </span>
    </p>
   </div>
   <div class='ocr_carea' id='block_1_24' title="bbox 554 2497 2128 2581">
    <p class='ocr_par' dir='ltr' id='par_1_24' title="bbox 554 2497 2128 2581">
     <span class='ocr_line' id='line_1_24' title="bbox 554 2497 2128 2581; baseline -0.009 -17"><span class='ocrx_word' id='word_1_171' title='bbox 554 2509 745 2581; x_wconf 84' lang='lat' dir='ltr'><strong>illi_(b),</strong></span> <span class='ocrx_word' id='word_1_172' title='bbox 786 2509 1040 2563; x_wconf 76' lang='lat' dir='ltr'><strong>Ninivitas</strong></span> <span class='ocrx_word' id='word_1_173' title='bbox 1062 2508 1178 2561; x_wconf 89' lang='lat' dir='ltr'><strong>dico</strong></span> <span class='ocrx_word' id='word_1_174' title='bbox 1202 2546 1217 2573; x_wconf 90' lang='lat'><strong>,</strong></span> <span class='ocrx_word' id='word_1_175' title='bbox 1244 2521 1375 2575; x_wconf 88' lang='lat' dir='ltr'><strong>quos</strong></span> <span class='ocrx_word' id='word_1_176' title='bbox 1400 2505 1587 2558; x_wconf 89' lang='lat' dir='ltr'><strong>iterum</strong></span> <span class='ocrx_word' id='word_1_177' title='bbox 1618 2500 1923 2556; x_wconf 89' lang='lat' dir='ltr'><strong>inmedium</strong></span> <span class='ocrx_word' id='word_1_178' title='bbox 1963 2497 2128 2552; x_wconf 87' lang='lat' dir='ltr'><strong>addu-</strong></span> 
     </span>
    </p>
   </div>
   <div class='ocr_carea' id='block_1_25' title="bbox 557 2589 2127 2668">
    <p class='ocr_par' dir='ltr' id='par_1_25' title="bbox 557 2589 2127 2668">
     <span class='ocr_line' id='line_1_25' title="bbox 557 2589 2127 2668; baseline -0.008 -15"><span class='ocrx_word' id='word_1_179' title='bbox 557 2616 683 2655; x_wconf 89' lang='lat' dir='ltr'><strong>cere</strong></span> <span class='ocrx_word' id='word_1_180' title='bbox 713 2615 888 2668; x_wconf 72' lang='lat' dir='ltr'><strong>Operm</strong></span> <span class='ocrx_word' id='word_1_181' title='bbox 917 2597 1140 2666; x_wconf 91' lang='lat' dir='ltr'><strong>pretium</strong></span> <span class='ocrx_word' id='word_1_182' title='bbox 1171 2605 1271 2660; x_wconf 91' lang='lat' dir='ltr'><strong>est,</strong></span> <span class='ocrx_word' id='word_1_183' title='bbox 1302 2595 1536 2648; x_wconf 90' lang='lat' dir='ltr'><strong>utetiam</strong></span> <span class='ocrx_word' id='word_1_184' title='bbox 1567 2592 1666 2646; x_wconf 90' lang='lat' dir='ltr'><strong>hac</strong></span> <span class='ocrx_word' id='word_1_185' title='bbox 1710 2592 1915 2645; x_wconf 88' lang='lat' dir='ltr'><strong>ratione</strong></span> <span class='ocrx_word' id='word_1_186' title='bbox 1960 2589 2127 2657; x_wconf 87' lang='lat' dir='ltr'><strong>magis</strong></span> 
     </span>
    </p>
   </div>
   <div class='ocr_carea' id='block_1_26' title="bbox 554 2681 2123 2755">
    <p class='ocr_par' dir='ltr' id='par_1_26' title="bbox 554 2681 2123 2755">
     <span class='ocr_line' id='line_1_26' title="bbox 554 2681 2123 2755; baseline -0.008 -11"><span class='ocrx_word' id='word_1_187' title='bbox 554 2691 949 2745; x_wconf 89' lang='lat' dir='ltr'><strong>demonstretur</strong></span> <span class='ocrx_word' id='word_1_188' title='bbox 994 2698 1046 2742; x_wconf 88' lang='lat' dir='ltr'><strong>et</strong></span> <span class='ocrx_word' id='word_1_189' title='bbox 1085 2688 1271 2741; x_wconf 91' lang='lat' dir='ltr'><strong>horum</strong></span> <span class='ocrx_word' id='word_1_190' title='bbox 1321 2688 1504 2755; x_wconf 90' lang='lat' dir='ltr'><strong>ingens</strong></span> <span class='ocrx_word' id='word_1_191' title='bbox 1553 2682 1769 2743; x_wconf 85' lang='lat' dir='ltr'><strong>malitia,</strong></span> <span class='ocrx_word' id='word_1_192' title='bbox 1805 2690 1859 2736; x_wconf 95' lang='lat' dir='ltr'><strong>et</strong></span> <span class='ocrx_word' id='word_1_193' title='bbox 1910 2681 2123 2734; x_wconf 88' lang='lat' dir='ltr'><strong>illorum</strong></span> 
     </span>
    </p>
   </div>
   <div class='ocr_carea' id='block_1_27' title="bbox 557 2771 2127 2852">
    <p class='ocr_par' dir='ltr' id='par_1_27' title="bbox 557 2771 2127 2852">
     <span class='ocr_line' id='line_1_27' title="bbox 557 2771 2127 2852; baseline -0.008 -16"><span class='ocrx_word' id='word_1_194' title='bbox 557 2798 746 2852; x_wconf 83' lang='lat' dir='ltr'><strong>magna</strong></span> <span class='ocrx_word' id='word_1_195' title='bbox 776 2780 1026 2851; x_wconf 88' lang='lat' dir='ltr'><strong>probitas.</strong></span> <span class='ocrx_word' id='word_1_196' title='bbox 1068 2780 1273 2834; x_wconf 82' lang='lat' dir='ltr'><strong>Etenim</strong></span> <span class='ocrx_word' id='word_1_197' title='bbox 1327 2776 1580 2831; x_wconf 88' lang='lat' dir='ltr'><strong>Dominus</strong></span> <span class='ocrx_word' id='word_1_198' title='bbox 1618 2784 1797 2827; x_wconf 91' lang='lat' dir='ltr'><strong>noster</strong></span> <span class='ocrx_word' id='word_1_199' title='bbox 1831 2773 1882 2826; x_wconf 93' lang='lat' dir='ltr'><strong>in</strong></span> <span class='ocrx_word' id='word_1_200' title='bbox 1919 2772 2006 2826; x_wconf 91' lang='lat' dir='ltr'><strong>die</strong></span> <span class='ocrx_word' id='word_1_201' title='bbox 2037 2771 2127 2824; x_wconf 92' lang='lat' dir='ltr'><strong>illo</strong></span> 
     </span>
    </p>
   </div>
   <div class='ocr_carea' id='block_1_28' title="bbox 556 2864 2125 2943">
    <p class='ocr_par' dir='ltr' id='par_1_28' title="bbox 556 2864 2125 2943">
     <span class='ocr_line' id='line_1_28' title="bbox 556 2864 2125 2943; baseline -0.008 -14"><span class='ocrx_word' id='word_1_202' title='bbox 556 2876 801 2938; x_wconf 88' lang='lat' dir='ltr'><strong>terribili,</strong></span> <span class='ocrx_word' id='word_1_203' title='bbox 820 2873 1023 2943; x_wconf 86' lang='lat' dir='ltr'><strong>judicii,</strong></span> <span class='ocrx_word' id='word_1_204' title='bbox 1060 2872 1293 2941; x_wconf 89' lang='lat' dir='ltr'><strong>inquam,</strong></span> <span class='ocrx_word' id='word_1_205' title='bbox 1325 2883 1508 2923; x_wconf 86' lang='lat' dir='ltr'><strong>servos</strong></span> <span class='ocrx_word' id='word_1_206' title='bbox 1533 2877 1586 2923; x_wconf 90' lang='lat' dir='ltr'><strong>et</strong></span> <span class='ocrx_word' id='word_1_207' title='bbox 1606 2881 1788 2921; x_wconf 87' lang='lat' dir='ltr'><strong>servos</strong></span> <span class='ocrx_word' id='word_1_208' title='bbox 1814 2866 1863 2919; x_wconf 90' lang='lat' dir='ltr'><strong>in</strong></span> <span class='ocrx_word' id='word_1_209' title='bbox 1895 2864 2125 2919; x_wconf 90' lang='lat' dir='ltr'><strong>medium</strong></span> 
     </span>
    </p>
   </div>
   <div class='ocr_carea' id='block_1_29' title="bbox 552 2955 2127 3037">
    <p class='ocr_par' dir='ltr' id='par_1_29' title="bbox 552 2955 2127 3037">
     <span class='ocr_line' id='line_1_29' title="bbox 552 2955 2127 3037; baseline -0.01 -14"><span class='ocrx_word' id='word_1_210' title='bbox 552 2968 888 3037; x_wconf 88' lang='lat' dir='ltr'><strong>producens,</strong></span> <span class='ocrx_word' id='word_1_211' title='bbox 937 2966 1013 3020; x_wconf 91' lang='lat' dir='ltr'><strong>sic</strong></span> <span class='ocrx_word' id='word_1_212' title='bbox 1061 2964 1551 3019; x_wconf 87' lang='lat' dir='ltr'><strong>condemnationem</strong></span> <span class='ocrx_word' id='word_1_213' title='bbox 1596 2960 1860 3031; x_wconf 81' lang='lat' dir='ltr'><strong>proferet,</strong></span> <span class='ocrx_word' id='word_1_214' title='bbox 1917 2955 2127 3029; x_wconf 88' lang='lat' dir='ltr'><strong>quando</strong></span> 
     </span>
    </p>
   </div>
   <div class='ocr_carea' id='block_1_30' title="bbox 555 3051 2131 3123">
    <p class='ocr_par' dir='ltr' id='par_1_30' title="bbox 555 3051 2131 3123">
     <span class='ocr_line' id='line_1_30' title="bbox 555 3051 2131 3123; baseline -0.008 -12"><span class='ocrx_word' id='word_1_215' title='bbox 555 3058 990 3112; x_wconf 78' lang='lat' dir='ltr'><strong>monstrabantur</strong></span> <span class='ocrx_word' id='word_1_216' title='bbox 1040 3057 1071 3108; x_wconf 93' lang='lat' dir='ltr'><strong>ii</strong></span> <span class='ocrx_word' id='word_1_217' title='bbox 1103 3056 1187 3123; x_wconf 87' lang='lat' dir='ltr'><strong>qtti</strong></span> <span class='ocrx_word' id='word_1_218' title='bbox 1233 3054 1416 3109; x_wconf 88' lang='lat' dir='ltr'><strong>eadem</strong></span> <span class='ocrx_word' id='word_1_219' title='bbox 1466 3054 1602 3107; x_wconf 91' lang='lat' dir='ltr'><strong>bona</strong></span> <span class='ocrx_word' id='word_1_220' title='bbox 1645 3051 1819 3107; x_wconf 86' lang='lat' dir='ltr'><strong>sortiti</strong></span> <span class='ocrx_word' id='word_1_221' title='bbox 1862 3058 2033 3113; x_wconf 87' lang='lat' dir='ltr'><strong>erant,</strong></span> <span class='ocrx_word' id='word_1_222' title='bbox 2076 3056 2131 3100; x_wconf 91' lang='lat' dir='ltr'><strong>et</strong></span> 
     </span>
    </p>
   </div>
   <div class='ocr_carea' id='block_1_31' title="bbox 554 3142 2126 3213">
    <p class='ocr_par' dir='ltr' id='par_1_31' title="bbox 554 3142 2126 3213">
     <span class='ocr_line' id='line_1_31' title="bbox 554 3142 2126 3213; baseline -0.004 -12"><span class='ocrx_word' id='word_1_223' title='bbox 554 3146 860 3201; x_wconf 88' lang='lat' dir='ltr'><strong>eorumdem</strong></span> <span class='ocrx_word' id='word_1_224' title='bbox 886 3147 1141 3200; x_wconf 90' lang='lat' dir='ltr'><strong>bonorum</strong></span> <span class='ocrx_word' id='word_1_225' title='bbox 1172 3144 1451 3213; x_wconf 80' lang='lat' dir='ltr'><strong>participes</strong></span> <span class='ocrx_word' id='word_1_226' title='bbox 1477 3158 1582 3197; x_wconf 90' lang='lat' dir='ltr'><strong>non</strong></span> <span class='ocrx_word' id='word_1_227' title='bbox 1609 3142 1847 3196; x_wconf 85' lang='lat' dir='ltr'><strong>eamdem</strong></span> <span class='ocrx_word' id='word_1_228' title='bbox 1864 3154 2126 3194; x_wconf 79' lang='lat' dir='ltr'><strong>exercue—</strong></span> 
     </span>
    </p>
   </div>
   <div class='ocr_carea' id='block_1_32' title="bbox 561 3233 2129 3307">
    <p class='ocr_par' dir='ltr' id='par_1_32' title="bbox 561 3233 2129 3307">
     <span class='ocr_line' id='line_1_32' title="bbox 561 3233 2129 3307; baseline -0.003 -15"><span class='ocrx_word' id='word_1_229' title='bbox 561 3250 679 3292; x_wconf 75' lang='lat' dir='ltr'><strong>rant</strong></span> <span class='ocrx_word' id='word_1_230' title='bbox 724 3239 1016 3292; x_wconf 83' lang='lat' dir='ltr'><strong>virtutem:</strong></span> <span class='ocrx_word' id='word_1_231' title='bbox 1056 3252 1197 3307; x_wconf 76' lang='lat' dir='ltr'><strong>saepe</strong></span> <span class='ocrx_word' id='word_1_232' title='bbox 1244 3246 1418 3290; x_wconf 88' lang='lat' dir='ltr'><strong>autem</strong></span> <span class='ocrx_word' id='word_1_233' title='bbox 1470 3237 1627 3290; x_wconf 90' lang='lat' dir='ltr'><strong>etiam</strong></span> <span class='ocrx_word' id='word_1_234' title='bbox 1670 3250 1734 3289; x_wconf 78' lang='lat' dir='ltr'><strong>ex</strong></span> <span class='ocrx_word' id='word_1_235' title='bbox 1784 3233 2129 3303; x_wconf 70' lang='lat' dir='ltr'><strong>inaequalibus</strong></span> 
     </span>
    </p>
   </div>
   <div class='ocr_carea' id='block_1_33' title="bbox 560 3324 2127 3399">
    <p class='ocr_par' dir='ltr' id='par_1_33' title="bbox 560 3324 2127 3399">
     <span class='ocr_line' id='line_1_33' title="bbox 560 3324 2127 3399; baseline -0.004 -16"><span class='ocrx_word' id='word_1_236' title='bbox 560 3327 987 3399; x_wconf 81' lang='lat' dir='ltr'><strong>comparationes</strong></span> <span class='ocrx_word' id='word_1_237' title='bbox 1023 3326 1189 3394; x_wconf 85' lang='lat' dir='ltr'><strong>facit,</strong></span> <span class='ocrx_word' id='word_1_238' title='bbox 1228 3335 1288 3383; x_wconf 89' lang='lat' dir='ltr'><strong>ut</strong></span> <span class='ocrx_word' id='word_1_239' title='bbox 1333 3327 1587 3395; x_wconf 84' lang='lat' dir='ltr'><strong>majorem</strong></span> <span class='ocrx_word' id='word_1_240' title='bbox 1632 3324 2127 3380; x_wconf 88' lang='lat' dir='ltr'><strong>condemnationem</strong></span> 
     </span>
    </p>
   </div>
   <div class='ocr_carea' id='block_1_34' title="bbox 561 3418 2126 3494">
    <p class='ocr_par' dir='ltr' id='par_1_34' title="bbox 561 3418 2126 3494">
     <span class='ocr_line' id='line_1_34' title="bbox 561 3418 2126 3494; baseline -0.001 -21"><span class='ocrx_word' id='word_1_241' title='bbox 561 3423 763 3488; x_wconf 78' lang='lat' dir='ltr'><strong>ignavis</strong></span> <span class='ocrx_word' id='word_1_242' title='bbox 791 3422 997 3476; x_wconf 80' lang='lat' dir='ltr'><strong>inferat.</strong></span> <span class='ocrx_word' id='word_1_243' title='bbox 1039 3426 1367 3494; x_wconf 74' lang='lat' dir='ltr'><strong>Quapropter</strong></span> <span class='ocrx_word' id='word_1_244' title='bbox 1395 3431 1448 3475; x_wconf 88' lang='lat' dir='ltr'><strong>ct</strong></span> <span class='ocrx_word' id='word_1_245' title='bbox 1475 3422 1524 3475; x_wconf 92' lang='lat' dir='ltr'><strong>in</strong></span> <span class='ocrx_word' id='word_1_246' title='bbox 1562 3418 1845 3489; x_wconf 82' lang='lat' dir='ltr'><strong>Evangelia</strong></span> <span class='ocrx_word' id='word_1_247' title='bbox 1876 3418 2083 3473; x_wconf 87' lang='lat' dir='ltr'><strong>dicebat</strong></span> <span class='ocrx_word' id='word_1_248' title='bbox 2111 3432 2126 3471; x_wconf 90' lang='lat'><strong>:</strong></span> 
     </span>
    </p>
   </div>
   <div class='ocr_carea' id='block_1_35' title="bbox 567 3498 2139 3569">
    <p class='ocr_par' dir='ltr' id='par_1_35' title="bbox 567 3498 2139 3569">
     <span class='ocr_line' id='line_1_35' title="bbox 567 3498 2139 3569; baseline 0.003 -16"><span class='ocrx_word' id='word_1_249' title='bbox 567 3501 678 3557; x_wconf 72' lang='lat' dir='ltr'><strong>l&#39;iri</strong></span> <span class='ocrx_word' id='word_1_250' title='bbox 700 3498 1241 3566; x_wconf 68' lang='lat' dir='ltr'><strong>Ninivitazcxsurgcnt</strong></span> <span class='ocrx_word' id='word_1_251' title='bbox 1267 3511 1316 3547; x_wconf 79' lang='grc' dir='ltr'><strong>ιιι</strong></span> <span class='ocrx_word' id='word_1_252' title='bbox 1321 3498 1526 3562; x_wconf 67' lang='grc' dir='ltr'><strong>λαιλιεὶυ</strong></span> <span class='ocrx_word' id='word_1_253' title='bbox 1540 3514 1657 3553; x_wconf 89' lang='lat' dir='ltr'><strong>cum</strong></span> <span class='ocrx_word' id='word_1_254' title='bbox 1688 3503 2139 3569; x_wconf 72' lang='lat' dir='ltr'><strong>generalium/iac,</strong></span> 
     </span>
    </p>
   </div>
   <div class='ocr_carea' id='block_1_36' title="bbox 559 3590 2135 3666">
    <p class='ocr_par' dir='ltr' id='par_1_36' title="bbox 559 3590 2135 3666">
     <span class='ocr_line' id='line_1_36' title="bbox 559 3590 2135 3666; baseline 0.005 -26"><span class='ocrx_word' id='word_1_255' title='bbox 559 3603 603 3640; x_wconf 77' lang='lat' dir='ltr'><strong>ct</strong></span> <span class='ocrx_word' id='word_1_256' title='bbox 657 3590 1051 3644; x_wconf 68' lang='lat' dir='ltr'><strong>cunileninabunt</strong></span> <span class='ocrx_word' id='word_1_257' title='bbox 1102 3607 1245 3655; x_wconf 85' lang='lat' dir='ltr'><strong>eam,</strong></span> <span class='ocrx_word' id='word_1_258' title='bbox 1286 3590 1405 3660; x_wconf 85' lang='lat' dir='ltr'><strong>quia</strong></span> <span class='ocrx_word' id='word_1_259' title='bbox 1448 3592 1787 3660; x_wconf 74' lang='lat' dir='ltr'><strong>paenitentiam</strong></span> <span class='ocrx_word' id='word_1_260' title='bbox 1832 3604 2035 3666; x_wconf 74' lang='lat' dir='ltr'><strong>egerunt</strong></span> <span class='ocrx_word' id='word_1_261' title='bbox 2081 3595 2135 3648; x_wconf 85' lang='lat' dir='ltr'><strong>in</strong></span> 
     </span>
    </p>
   </div>
   <div class='ocr_carea' id='block_1_37' title="bbox 561 3678 2130 3755">
    <p class='ocr_par' dir='ltr' id='par_1_37' title="bbox 561 3678 2130 3755">
     <span class='ocr_line' id='line_1_37' title="bbox 561 3678 2130 3755; baseline 0.008 -28"><span class='ocrx_word' id='word_1_262' title='bbox 561 3678 918 3746; x_wconf 78' lang='lat' dir='ltr'><strong>prwtlicatione</strong></span> <span class='ocrx_word' id='word_1_263' title='bbox 941 3678 1089 3733; x_wconf 73' lang='lat' dir='ltr'><strong>Iona:</strong></span> <span class='ocrx_word' id='word_1_264' title='bbox 1110 3689 1190 3734; x_wconf 86' lang='lat' dir='ltr'><strong>:et</strong></span> <span class='ocrx_word' id='word_1_265' title='bbox 1210 3697 1319 3734; x_wconf 83' lang='lat' dir='ltr'><strong>ecce</strong></span> <span class='ocrx_word' id='word_1_266' title='bbox 1337 3682 1448 3750; x_wconf 85' lang='lat' dir='ltr'><strong>plus</strong></span> <span class='ocrx_word' id='word_1_267' title='bbox 1462 3699 1612 3752; x_wconf 89' lang='lat' dir='ltr'><strong>quam</strong></span> <span class='ocrx_word' id='word_1_268' title='bbox 1631 3683 1793 3740; x_wconf 85' lang='lat' dir='ltr'><strong>Jonas</strong></span> <span class='ocrx_word' id='word_1_269' title='bbox 1820 3685 1900 3739; x_wconf 79' lang='lat' dir='ltr'><strong>hic</strong></span> <span class='ocrx_word' id='word_1_270' title='bbox 1921 3685 2130 3755; x_wconf 79' lang='lat' dir='ltr'><strong>(Matth.</strong></span> 
     </span>
    </p>
   </div>
   <div class='ocr_carea' id='block_1_38' title="bbox 564 3768 2134 3844">
    <p class='ocr_par' dir='ltr' id='par_1_38' title="bbox 564 3768 2134 3844">
     <span class='ocr_line' id='line_1_38' title="bbox 564 3768 2134 3844; baseline 0.006 -22"><span class='ocrx_word' id='word_1_271' title='bbox 564 3769 651 3822; x_wconf 67' lang='grc' dir='ltr'><strong>η.</strong></span> <span class='ocrx_word' id='word_1_272' title='bbox 679 3768 985 3839; x_wconf 75' lang='lat' dir='ltr'><strong>M):quasi</strong></span> <span class='ocrx_word' id='word_1_273' title='bbox 1035 3770 1513 3826; x_wconf 86' lang='lat' dir='ltr'><strong>diceret:Barbari</strong></span> <span class='ocrx_word' id='word_1_274' title='bbox 1558 3790 1779 3844; x_wconf 92' lang='lat' dir='ltr'><strong>quorum</strong></span> <span class='ocrx_word' id='word_1_275' title='bbox 1825 3777 1963 3830; x_wconf 89' lang='lat' dir='ltr'><strong>nulla</strong></span> <span class='ocrx_word' id='word_1_276' title='bbox 2006 3792 2134 3833; x_wconf 89' lang='lat' dir='ltr'><strong>cura</strong></span> 
     </span>
    </p>
   </div>
   <div class='ocr_carea' id='block_1_39' title="bbox 559 3858 2130 3933">
    <p class='ocr_par' dir='ltr' id='par_1_39' title="bbox 559 3858 2130 3933">
     <span class='ocr_line' id='line_1_39' title="bbox 559 3858 2130 3933; baseline 0.005 -21"><span class='ocrx_word' id='word_1_277' title='bbox 559 3870 639 3912; x_wconf 89' lang='lat' dir='ltr'><strong>est</strong></span> <span class='ocrx_word' id='word_1_278' title='bbox 659 3858 854 3924; x_wconf 85' lang='lat' dir='ltr'><strong>habita,</strong></span> <span class='ocrx_word' id='word_1_279' title='bbox 874 3863 962 3930; x_wconf 91' lang='lat' dir='ltr'><strong>qui</strong></span> <span class='ocrx_word' id='word_1_280' title='bbox 995 3862 1365 3930; x_wconf 90' lang='lat' dir='ltr'><strong>prophetarum</strong></span> <span class='ocrx_word' id='word_1_281' title='bbox 1388 3864 1680 3918; x_wconf 89' lang='lat' dir='ltr'><strong>doctrinam</strong></span> <span class='ocrx_word' id='word_1_282' title='bbox 1702 3880 1806 3920; x_wconf 92' lang='lat' dir='ltr'><strong>non</strong></span> <span class='ocrx_word' id='word_1_283' title='bbox 1832 3867 2130 3933; x_wconf 88' lang='lat' dir='ltr'><strong>audierunt,</strong></span> 
     </span>
    </p>
   </div>
   <div class='ocr_carea' id='block_1_40' title="bbox 561 3949 2130 4025">
    <p class='ocr_par' dir='ltr' id='par_1_40' title="bbox 561 3949 2130 4025">
     <span class='ocr_line' id='line_1_40' title="bbox 561 3949 2130 4025; baseline 0.006 -24"><span class='ocrx_word' id='word_1_284' title='bbox 561 3949 651 4018; x_wconf 93' lang='lat' dir='ltr'><strong>qui</strong></span> <span class='ocrx_word' id='word_1_285' title='bbox 678 3950 823 4019; x_wconf 84' lang='lat' dir='ltr'><strong>signa</strong></span> <span class='ocrx_word' id='word_1_286' title='bbox 852 3967 955 4003; x_wconf 93' lang='lat' dir='ltr'><strong>non</strong></span> <span class='ocrx_word' id='word_1_287' title='bbox 983 3951 1246 4018; x_wconf 86' lang='lat' dir='ltr'><strong>viderunt,</strong></span> <span class='ocrx_word' id='word_1_288' title='bbox 1274 3953 1359 4021; x_wconf 93' lang='lat' dir='ltr'><strong>qui</strong></span> <span class='ocrx_word' id='word_1_289' title='bbox 1382 3954 1631 4007; x_wconf 89' lang='lat' dir='ltr'><strong>miracula</strong></span> <span class='ocrx_word' id='word_1_290' title='bbox 1661 3970 1762 4009; x_wconf 91' lang='lat' dir='ltr'><strong>non</strong></span> <span class='ocrx_word' id='word_1_291' title='bbox 1789 3967 2091 4025; x_wconf 89' lang='lat' dir='ltr'><strong>spectarunt</strong></span> <span class='ocrx_word' id='word_1_292' title='bbox 2114 3998 2130 4022; x_wconf 92' lang='lat'><strong>,</strong></span> 
     </span>
    </p>
   </div>
   <div class='ocr_carea' id='block_1_41' title="bbox 562 4040 2134 4118">
    <p class='ocr_par' dir='ltr' id='par_1_41' title="bbox 562 4040 2134 4118">
     <span class='ocr_line' id='line_1_41' title="bbox 562 4040 2134 4118; baseline 0.004 -24"><span class='ocrx_word' id='word_1_293' title='bbox 562 4040 656 4094; x_wconf 84' lang='lat' dir='ltr'><strong>sed</strong></span> <span class='ocrx_word' id='word_1_294' title='bbox 678 4040 872 4095; x_wconf 88' lang='lat' dir='ltr'><strong>auditis</strong></span> <span class='ocrx_word' id='word_1_295' title='bbox 901 4051 1101 4095; x_wconf 89' lang='lat' dir='ltr'><strong>tantum</strong></span> <span class='ocrx_word' id='word_1_296' title='bbox 1132 4044 1285 4098; x_wconf 93' lang='lat' dir='ltr'><strong>unius</strong></span> <span class='ocrx_word' id='word_1_297' title='bbox 1309 4044 1536 4099; x_wconf 87' lang='lat' dir='ltr'><strong>hominis</strong></span> <span class='ocrx_word' id='word_1_298' title='bbox 1558 4045 1607 4098; x_wconf 93' lang='lat' dir='ltr'><strong>in</strong></span> <span class='ocrx_word' id='word_1_299' title='bbox 1639 4045 1913 4118; x_wconf 88' lang='lat' dir='ltr'><strong>naufragio</strong></span> <span class='ocrx_word' id='word_1_300' title='bbox 1939 4048 2134 4103; x_wconf 85' lang='lat' dir='ltr'><strong>servati</strong></span> 
     </span>
    </p>
   </div>
   <div class='ocr_carea' id='block_1_42' title="bbox 560 4131 2132 4206">
    <p class='ocr_par' dir='ltr' id='par_1_42' title="bbox 560 4131 2132 4206">
     <span class='ocr_line' id='line_1_42' title="bbox 560 4131 2132 4206; baseline 0.006 -25"><span class='ocrx_word' id='word_1_301' title='bbox 560 4131 736 4186; x_wconf 87' lang='lat' dir='ltr'><strong>verbis</strong></span> <span class='ocrx_word' id='word_1_302' title='bbox 756 4174 770 4195; x_wconf 90' lang='lat'><strong>,</strong></span> <span class='ocrx_word' id='word_1_303' title='bbox 798 4149 917 4202; x_wconf 86' lang='lat' dir='ltr'><strong>quae</strong></span> <span class='ocrx_word' id='word_1_304' title='bbox 966 4148 1087 4199; x_wconf 89' lang='lat' dir='ltr'><strong>eos,</strong></span> <span class='ocrx_word' id='word_1_305' title='bbox 1113 4150 1355 4205; x_wconf 81' lang='lat' dir='ltr'><strong>magnam</strong></span> <span class='ocrx_word' id='word_1_306' title='bbox 1383 4136 1801 4206; x_wconf 87' lang='lat' dir='ltr'><strong>desperationem</strong></span> <span class='ocrx_word' id='word_1_307' title='bbox 1843 4137 2132 4205; x_wconf 78' lang='lat' dir='ltr'><strong>all‘erendo,</strong></span> 
     </span>
    </p>
   </div>
   <div class='ocr_carea' id='block_1_43' title="bbox 560 4223 2134 4295">
    <p class='ocr_par' dir='ltr' id='par_1_43' title="bbox 560 4223 2134 4295">
     <span class='ocr_line' id='line_1_43' title="bbox 560 4223 2134 4295; baseline 0.008 -22"><span class='ocrx_word' id='word_1_308' title='bbox 560 4223 767 4275; x_wconf 82' lang='lat' dir='ltr'><strong>consilii</strong></span> <span class='ocrx_word' id='word_1_309' title='bbox 799 4225 983 4293; x_wconf 84' lang='lat' dir='ltr'><strong>inopes</strong></span> <span class='ocrx_word' id='word_1_310' title='bbox 1002 4224 1172 4279; x_wconf 89' lang='lat' dir='ltr'><strong>facere</strong></span> <span class='ocrx_word' id='word_1_311' title='bbox 1200 4235 1460 4295; x_wconf 84' lang='lat' dir='ltr'><strong>poterant,</strong></span> <span class='ocrx_word' id='word_1_312' title='bbox 1484 4229 1552 4281; x_wconf 87' lang='lat' dir='ltr'><strong>ita</strong></span> <span class='ocrx_word' id='word_1_313' title='bbox 1575 4230 1804 4284; x_wconf 89' lang='lat' dir='ltr'><strong>utetiam</strong></span> <span class='ocrx_word' id='word_1_314' title='bbox 1824 4239 2134 4285; x_wconf 90' lang='lat' dir='ltr'><strong>contemne-</strong></span> 
     </span>
    </p>
   </div>
   <div class='ocr_carea' id='block_1_44' title="bbox 562 4317 2136 4393">
    <p class='ocr_par' dir='ltr' id='par_1_44' title="bbox 562 4317 2136 4393">
     <span class='ocr_line' id='line_1_44' title="bbox 562 4317 2136 4393; baseline 0.007 -27"><span class='ocrx_word' id='word_1_315' title='bbox 562 4325 680 4368; x_wconf 88' lang='lat' dir='ltr'><strong>rent</strong></span> <span class='ocrx_word' id='word_1_316' title='bbox 726 4330 844 4384; x_wconf 70' lang='lat' dir='ltr'><strong>qure</strong></span> <span class='ocrx_word' id='word_1_317' title='bbox 899 4317 1229 4383; x_wconf 89' lang='lat' dir='ltr'><strong>dicebantur,</strong></span> <span class='ocrx_word' id='word_1_318' title='bbox 1260 4335 1364 4373; x_wconf 92' lang='lat' dir='ltr'><strong>non</strong></span> <span class='ocrx_word' id='word_1_319' title='bbox 1414 4321 1585 4374; x_wconf 85' lang='lat' dir='ltr'><strong>solum</strong></span> <span class='ocrx_word' id='word_1_320' title='bbox 1626 4337 1729 4377; x_wconf 91' lang='lat' dir='ltr'><strong>non</strong></span> <span class='ocrx_word' id='word_1_321' title='bbox 1783 4321 2136 4393; x_wconf 79' lang='lat' dir='ltr'><strong>despexerunt</strong></span> 
     </span>
    </p>
   </div>
   <div class='ocr_carea' id='block_1_45' title="bbox 562 4405 2134 4487">
    <p class='ocr_par' dir='ltr' id='par_1_45' title="bbox 562 4405 2134 4487">
     <span class='ocr_line' id='line_1_45' title="bbox 562 4405 2134 4487; baseline 0.009 -30"><span class='ocrx_word' id='word_1_322' title='bbox 562 4405 835 4474; x_wconf 75' lang='lat' dir='ltr'><strong>pr0phetze</strong></span> <span class='ocrx_word' id='word_1_323' title='bbox 858 4408 1041 4471; x_wconf 89' lang='lat' dir='ltr'><strong>verba,</strong></span> <span class='ocrx_word' id='word_1_324' title='bbox 1074 4409 1165 4462; x_wconf 90' lang='lat' dir='ltr'><strong>sed</strong></span> <span class='ocrx_word' id='word_1_325' title='bbox 1216 4419 1270 4463; x_wconf 89' lang='lat' dir='ltr'><strong>et</strong></span> <span class='ocrx_word' id='word_1_326' title='bbox 1324 4412 1375 4465; x_wconf 91' lang='lat' dir='ltr'><strong>in</strong></span> <span class='ocrx_word' id='word_1_327' title='bbox 1427 4414 1585 4467; x_wconf 90' lang='lat' dir='ltr'><strong>trium</strong></span> <span class='ocrx_word' id='word_1_328' title='bbox 1637 4414 1844 4470; x_wconf 90' lang='lat' dir='ltr'><strong>dierum</strong></span> <span class='ocrx_word' id='word_1_329' title='bbox 1895 4418 2134 4487; x_wconf 82' lang='lat' dir='ltr'><strong>angustia</strong></span> 
     </span>
    </p>
   </div>
   <div class='ocr_carea' id='block_1_46' title="bbox 560 4496 2135 4577">
    <p class='ocr_par' dir='ltr' id='par_1_46' title="bbox 560 4496 2135 4577">
     <span class='ocr_line' id='line_1_46' title="bbox 560 4496 2135 4577; baseline 0.008 -28"><span class='ocrx_word' id='word_1_330' title='bbox 560 4496 901 4565; x_wconf 87' lang='lat' dir='ltr'><strong>deprehensi,</strong></span> <span class='ocrx_word' id='word_1_331' title='bbox 934 4509 1038 4553; x_wconf 86' lang='lat' dir='ltr'><strong>tam</strong></span> <span class='ocrx_word' id='word_1_332' title='bbox 1085 4500 1390 4571; x_wconf 81' lang='lat' dir='ltr'><strong>diligentem</strong></span> <span class='ocrx_word' id='word_1_333' title='bbox 1418 4514 1473 4558; x_wconf 90' lang='lat' dir='ltr'><strong>et</strong></span> <span class='ocrx_word' id='word_1_334' title='bbox 1509 4504 1798 4561; x_wconf 86' lang='lat' dir='ltr'><strong>studiosam</strong></span> <span class='ocrx_word' id='word_1_335' title='bbox 1822 4502 1995 4561; x_wconf 88' lang='lat' dir='ltr'><strong>fecere</strong></span> <span class='ocrx_word' id='word_1_336' title='bbox 2021 4522 2135 4577; x_wconf 76' lang='lat' dir='ltr'><strong>pte-</strong></span> 
     </span>
    </p>
   </div>
   <div class='ocr_carea' id='block_1_47' title="bbox 561 4587 2133 4653">
    <p class='ocr_par' dir='ltr' id='par_1_47' title="bbox 561 4587 2133 4653">
     <span class='ocr_line' id='line_1_47' title="bbox 561 4587 2133 4653; baseline 0.008 -14"><span class='ocrx_word' id='word_1_337' title='bbox 561 4587 858 4653; x_wconf 90' lang='lat' dir='ltr'><strong>nitentiam,</strong></span> <span class='ocrx_word' id='word_1_338' title='bbox 889 4598 1023 4645; x_wconf 90' lang='lat' dir='ltr'><strong>utet</strong></span> <span class='ocrx_word' id='word_1_339' title='bbox 1073 4593 1387 4647; x_wconf 91' lang='lat' dir='ltr'><strong>sententiam</strong></span> <span class='ocrx_word' id='word_1_340' title='bbox 1434 4594 1643 4650; x_wconf 90' lang='lat' dir='ltr'><strong>Domini</strong></span> <span class='ocrx_word' id='word_1_341' title='bbox 1690 4607 2018 4652; x_wconf 86' lang='lat' dir='ltr'><strong>revocarent.</strong></span> <span class='ocrx_word' id='word_1_342' title='bbox 2069 4598 2133 4653; x_wconf 89' lang='lat' dir='ltr'><strong>lli</strong></span> 
     </span>
    </p>
   </div>
   <div class='ocr_carea' id='block_1_48' title="bbox 559 4678 2130 4759">
    <p class='ocr_par' dir='ltr' id='par_1_48' title="bbox 559 4678 2130 4759">
     <span class='ocr_line' id='line_1_48' title="bbox 559 4678 2130 4759; baseline 0.008 -27"><span class='ocrx_word' id='word_1_343' title='bbox 559 4678 736 4748; x_wconf 87' lang='lat' dir='ltr'><strong>igitur,</strong></span> <span class='ocrx_word' id='word_1_344' title='bbox 789 4681 991 4750; x_wconf 91' lang='lat' dir='ltr'><strong>inquit,</strong></span> <span class='ocrx_word' id='word_1_345' title='bbox 1042 4683 1468 4740; x_wconf 88' lang='lat' dir='ltr'><strong>condemnabunt</strong></span> <span class='ocrx_word' id='word_1_346' title='bbox 1513 4691 1907 4757; x_wconf 88' lang='lat' dir='ltr'><strong>generationem</strong></span> <span class='ocrx_word' id='word_1_347' title='bbox 1960 4690 2130 4759; x_wconf 87' lang='lat' dir='ltr'><strong>hanc,</strong></span> 
     </span>
    </p>
   </div>
   <div class='ocr_carea' id='block_1_49' title="bbox 555 4771 2132 4853">
    <p class='ocr_par' dir='ltr' id='par_1_49' title="bbox 555 4771 2132 4853">
     <span class='ocr_line' id='line_1_49' title="bbox 555 4771 2132 4853; baseline 0.008 -29"><span class='ocrx_word' id='word_1_348' title='bbox 555 4771 697 4825; x_wconf 88' lang='lat' dir='ltr'><strong>circa</strong></span> <span class='ocrx_word' id='word_1_349' title='bbox 724 4786 881 4841; x_wconf 89' lang='lat' dir='ltr'><strong>quam</strong></span> <span class='ocrx_word' id='word_1_350' title='bbox 915 4782 1055 4828; x_wconf 87' lang='lat' dir='ltr'><strong>tanta</strong></span> <span class='ocrx_word' id='word_1_351' title='bbox 1082 4790 1207 4829; x_wconf 88' lang='lat' dir='ltr'><strong>cura</strong></span> <span class='ocrx_word' id='word_1_352' title='bbox 1239 4776 1742 4851; x_wconf 76' lang='lat' dir='ltr'><strong>fuitadhibita,qu:n</strong></span> <span class='ocrx_word' id='word_1_353' title='bbox 1762 4782 2132 4853; x_wconf 88' lang='lat' dir='ltr'><strong>prophetarum</strong></span> 
     </span>
    </p>
   </div>
   <div class='ocr_carea' id='block_1_50' title="bbox 559 4862 2133 4943">
    <p class='ocr_par' dir='ltr' id='par_1_50' title="bbox 559 4862 2133 4943">
     <span class='ocr_line' id='line_1_50' title="bbox 559 4862 2133 4943; baseline 0.009 -29"><span class='ocrx_word' id='word_1_354' title='bbox 559 4862 707 4917; x_wconf 86' lang='lat' dir='ltr'><strong>libris</strong></span> <span class='ocrx_word' id='word_1_355' title='bbox 736 4865 964 4919; x_wconf 89' lang='lat' dir='ltr'><strong>enutrita</strong></span> <span class='ocrx_word' id='word_1_356' title='bbox 1003 4876 1103 4931; x_wconf 88' lang='lat' dir='ltr'><strong>est,</strong></span> <span class='ocrx_word' id='word_1_357' title='bbox 1136 4882 1254 4937; x_wconf 69' lang='lat' dir='ltr'><strong>qua:</strong></span> <span class='ocrx_word' id='word_1_358' title='bbox 1301 4869 1448 4939; x_wconf 88' lang='lat' dir='ltr'><strong>signa</strong></span> <span class='ocrx_word' id='word_1_359' title='bbox 1499 4880 1555 4924; x_wconf 88' lang='lat' dir='ltr'><strong>et</strong></span> <span class='ocrx_word' id='word_1_360' title='bbox 1598 4873 1850 4927; x_wconf 87' lang='lat' dir='ltr'><strong>miracula</strong></span> <span class='ocrx_word' id='word_1_361' title='bbox 1900 4874 2133 4943; x_wconf 87' lang='lat' dir='ltr'><strong>quotidie</strong></span> 
     </span>
    </p>
   </div>
   <div class='ocr_carea' id='block_1_51' title="bbox 558 4958 2133 5032">
    <p class='ocr_par' dir='ltr' id='par_1_51' title="bbox 558 4958 2133 5032">
     <span class='ocr_line' id='line_1_51' title="bbox 558 4958 2133 5032; baseline 0.008 -25"><span class='ocrx_word' id='word_1_362' title='bbox 558 4958 836 5023; x_wconf 75' lang='lat' dir='ltr'><strong>Spectavit.</strong></span> <span class='ocrx_word' id='word_1_363' title='bbox 880 4959 1234 5014; x_wconf 87' lang='lat' dir='ltr'><strong>Deindeutet</strong></span> <span class='ocrx_word' id='word_1_364' title='bbox 1264 4961 1480 5017; x_wconf 89' lang='lat' dir='ltr'><strong>istorum</strong></span> <span class='ocrx_word' id='word_1_365' title='bbox 1506 4978 1746 5032; x_wconf 88' lang='lat' dir='ltr'><strong>magnam</strong></span> <span class='ocrx_word' id='word_1_366' title='bbox 1794 4965 2133 5020; x_wconf 87' lang='lat' dir='ltr'><strong>incredulita-</strong></span> 
     </span>
    </p>
   </div>
   <div class='ocr_carea' id='block_1_52' title="bbox 561 5046 2131 5111">
    <p class='ocr_par' dir='ltr' id='par_1_52' title="bbox 561 5046 2131 5111">
     <span class='ocr_line' id='line_1_52' title="bbox 561 5046 2131 5111; baseline 0.006 -12"><span class='ocrx_word' id='word_1_367' title='bbox 561 5046 626 5099; x_wconf 84' lang='lat' dir='ltr'><strong>tis</strong></span> <span class='ocrx_word' id='word_1_368' title='bbox 652 5048 991 5102; x_wconf 89' lang='lat' dir='ltr'><strong>eminentiam</strong></span> <span class='ocrx_word' id='word_1_369' title='bbox 1022 5051 1361 5110; x_wconf 87' lang='lat' dir='ltr'><strong>ostenderet.</strong></span> <span class='ocrx_word' id='word_1_370' title='bbox 1392 5056 1550 5106; x_wconf 88' lang='lat' dir='ltr'><strong>etiam</strong></span> <span class='ocrx_word' id='word_1_371' title='bbox 1580 5055 1787 5109; x_wconf 90' lang='lat' dir='ltr'><strong>illorum</strong></span> <span class='ocrx_word' id='word_1_372' title='bbox 1818 5055 2131 5111; x_wconf 84' lang='lat' dir='ltr'><strong>ineli‘abilein</strong></span> 
     </span>
    </p>
   </div>
   <div class='ocr_carea' id='block_1_53' title="bbox 563 5137 2134 5215">
    <p class='ocr_par' dir='ltr' id='par_1_53' title="bbox 563 5137 2134 5215">
     <span class='ocr_line' id='line_1_53' title="bbox 563 5137 2134 5215; baseline 0.005 -26"><span class='ocrx_word' id='word_1_373' title='bbox 563 5137 875 5205; x_wconf 87' lang='lat' dir='ltr'><strong>probitatem</strong></span> <span class='ocrx_word' id='word_1_374' title='bbox 903 5140 1081 5194; x_wconf 88' lang='lat' dir='ltr'><strong>subdit</strong></span> <span class='ocrx_word' id='word_1_375' title='bbox 1111 5158 1125 5195; x_wconf 88' lang='lat'><strong>:</strong></span> <span class='ocrx_word' id='word_1_376' title='bbox 1158 5142 1287 5205; x_wconf 80' lang='lat' dir='ltr'><strong>Quia</strong></span> <span class='ocrx_word' id='word_1_377' title='bbox 1317 5144 1656 5213; x_wconf 78' lang='lat' dir='ltr'><strong>pwnileutiam</strong></span> <span class='ocrx_word' id='word_1_378' title='bbox 1685 5155 1887 5215; x_wconf 76' lang='lat' dir='ltr'><strong>egerunt</strong></span> <span class='ocrx_word' id='word_1_379' title='bbox 1910 5147 1979 5197; x_wconf 87' lang='lat' dir='ltr'><strong>ad</strong></span> <span class='ocrx_word' id='word_1_380' title='bbox 2004 5163 2134 5209; x_wconf 70' lang='lat' dir='ltr'><strong>prte-</strong></span> 
     </span>
    </p>
   </div>
   <div class='ocr_carea' id='block_1_54' title="bbox 562 5228 2131 5304">
    <p class='ocr_par' dir='ltr' id='par_1_54' title="bbox 562 5228 2131 5304">
     <span class='ocr_line' id='line_1_54' title="bbox 562 5228 2131 5304; baseline 0.006 -24"><span class='ocrx_word' id='word_1_381' title='bbox 562 5228 859 5283; x_wconf 74' lang='lat' dir='ltr'><strong>dica-tionem</strong></span> <span class='ocrx_word' id='word_1_382' title='bbox 888 5231 1034 5284; x_wconf 75' lang='lat' dir='ltr'><strong>Jona&#39;</strong></span> <span class='ocrx_word' id='word_1_383' title='bbox 1061 5274 1075 5298; x_wconf 90' lang='lat'><strong>,</strong></span> <span class='ocrx_word' id='word_1_384' title='bbox 1103 5242 1148 5285; x_wconf 84' lang='lat' dir='ltr'><strong>et</strong></span> <span class='ocrx_word' id='word_1_385' title='bbox 1176 5250 1284 5286; x_wconf 85' lang='lat' dir='ltr'><strong>cccc</strong></span> <span class='ocrx_word' id='word_1_386' title='bbox 1313 5235 1425 5303; x_wconf 83' lang='lat' dir='ltr'><strong>plus</strong></span> <span class='ocrx_word' id='word_1_387' title='bbox 1454 5251 1605 5304; x_wconf 81' lang='lat' dir='ltr'><strong>quam</strong></span> <span class='ocrx_word' id='word_1_388' title='bbox 1631 5233 1790 5288; x_wconf 82' lang='lat' dir='ltr'><strong>Jonas</strong></span> <span class='ocrx_word' id='word_1_389' title='bbox 1824 5238 1895 5289; x_wconf 70' lang='lat' dir='ltr'><strong>Itis</strong></span> <span class='ocrx_word' id='word_1_390' title='bbox 1935 5252 1952 5289; x_wconf 83' lang='lat'><strong>.&#39;</strong></span> <span class='ocrx_word' id='word_1_391' title='bbox 1977 5237 2131 5291; x_wconf 74' lang='lat' dir='ltr'><strong>Nini-</strong></span> 
     </span>
    </p>
   </div>
   <div class='ocr_carea' id='block_1_55' title="bbox 617 5408 2131 5479">
    <p class='ocr_par' dir='ltr' id='par_1_55' title="bbox 617 5408 2131 5479">
     <span class='ocr_line' id='line_1_55' title="bbox 617 5408 2131 5479; baseline 0.007 -25"><span class='ocrx_word' id='word_1_392' title='bbox 617 5408 690 5468; x_wconf 89' lang='lat' dir='ltr'><strong>(a)</strong></span> <span class='ocrx_word' id='word_1_393' title='bbox 720 5408 970 5479; x_wconf 37' lang='lat' dir='ltr'><strong>inte-qum</strong></span> <span class='ocrx_word' id='word_1_394' title='bbox 994 5413 1215 5471; x_wconf 81' lang='lat' dir='ltr'><strong>superius</strong></span> <span class='ocrx_word' id='word_1_395' title='bbox 1235 5412 1442 5461; x_wconf 76' lang='lat' dir='ltr'><strong>diximus</strong></span> <span class='ocrx_word' id='word_1_396' title='bbox 1471 5412 1563 5462; x_wconf 91' lang='lat' dir='ltr'><strong>col.</strong></span> <span class='ocrx_word' id='word_1_397' title='bbox 1588 5414 1693 5471; x_wconf 84' lang='grc'><strong>190,</strong></span> <span class='ocrx_word' id='word_1_398' title='bbox 1718 5416 1841 5463; x_wconf 87' lang='lat' dir='ltr'><strong>circa</strong></span> <span class='ocrx_word' id='word_1_399' title='bbox 1886 5414 1994 5463; x_wconf 88' lang='lat' dir='ltr'><strong>illos</strong></span> <span class='ocrx_word' id='word_1_400' title='bbox 2014 5429 2131 5464; x_wconf 83' lang='lat' dir='ltr'><strong>cen-</strong></span> 
     </span>
    </p>
   </div>
   <div class='ocr_carea' id='block_1_56' title="bbox 558 5474 1041 5529">
    <p class='ocr_par' dir='ltr' id='par_1_56' title="bbox 558 5474 1041 5529">
     <span class='ocr_line' id='line_1_56' title="bbox 558 5474 1041 5529; baseline 0.004 -14"><span class='ocrx_word' id='word_1_401' title='bbox 558 5474 662 5515; x_wconf 86' lang='lat' dir='ltr'><strong>tum</strong></span> <span class='ocrx_word' id='word_1_402' title='bbox 688 5474 853 5529; x_wconf 80' lang='lat' dir='ltr'><strong>viginti</strong></span> <span class='ocrx_word' id='word_1_403' title='bbox 878 5484 1041 5518; x_wconf 86' lang='lat' dir='ltr'><strong>annos.</strong></span> 
     </span>
    </p>
   </div>
   <div class='ocr_carea' id='block_1_57' title="bbox 618 5530 2128 5598">
    <p class='ocr_par' dir='ltr' id='par_1_57' title="bbox 618 5530 2128 5598">
     <span class='ocr_line' id='line_1_57' title="bbox 618 5530 2128 5598; baseline 0.006 -21"><span class='ocrx_word' id='word_1_404' title='bbox 618 5530 689 5587; x_wconf 72' lang='lat' dir='ltr'><strong>(lt)</strong></span> <span class='ocrx_word' id='word_1_405' title='bbox 722 5534 996 5579; x_wconf 74' lang='lat' dir='ltr'><strong>Orationem</strong></span> <span class='ocrx_word' id='word_1_406' title='bbox 1018 5531 1145 5579; x_wconf 80' lang='lat' dir='ltr'><strong>solet</strong></span> <span class='ocrx_word' id='word_1_407' title='bbox 1165 5533 1521 5598; x_wconf 79' lang='lat' dir='ltr'><strong>Chrysostomus</strong></span> <span class='ocrx_word' id='word_1_408' title='bbox 1541 5534 1826 5597; x_wconf 86' lang='lat' dir='ltr'><strong>frequenter</strong></span> <span class='ocrx_word' id='word_1_409' title='bbox 1844 5536 2128 5598; x_wconf 82' lang='lat' dir='ltr'><strong>interpella-</strong></span> 
     </span>
    </p>
   </div>
   <div class='ocr_carea' id='block_1_58' title="bbox 556 5594 2131 5658">
    <p class='ocr_par' dir='ltr' id='par_1_58' title="bbox 556 5594 2131 5658">
     <span class='ocr_line' id='line_1_58' title="bbox 556 5594 2131 5658; baseline 0.006 -23"><span class='ocrx_word' id='word_1_410' title='bbox 556 5601 631 5642; x_wconf 80' lang='lat' dir='ltr'><strong>re.</strong></span> <span class='ocrx_word' id='word_1_411' title='bbox 648 5602 1078 5658; x_wconf 61' lang='lat' dir='ltr'><strong>3t3_l|0|lmlltlfIIl{l&quot;l</strong></span> <span class='ocrx_word' id='word_1_412' title='bbox 1103 5602 1195 5639; x_wconf 86' lang='lat' dir='ltr'><strong>tant</strong></span> <span class='ocrx_word' id='word_1_413' title='bbox 1215 5594 1387 5658; x_wconf 72' lang='lat' dir='ltr'><strong>longas</strong></span> <span class='ocrx_word' id='word_1_414' title='bbox 1411 5598 1589 5644; x_wconf 85' lang='lat' dir='ltr'><strong>inducit</strong></span> <span class='ocrx_word' id='word_1_415' title='bbox 1607 5594 1942 5658; x_wconf 74' lang='lat' dir='ltr'><strong>parcntltcscs,</strong></span> <span class='ocrx_word' id='word_1_416' title='bbox 1970 5594 2021 5647; x_wconf 80' lang='lat' dir='ltr'><strong>ut</strong></span> <span class='ocrx_word' id='word_1_417' title='bbox 2044 5614 2131 5646; x_wconf 63' lang='lat' dir='ltr'><strong>sm-</strong></span> 
     </span>
    </p>
   </div>
   <div class='ocr_carea' id='block_1_59' title="bbox 554 5650 2131 5719">
    <p class='ocr_par' dir='ltr' id='par_1_59' title="bbox 554 5650 2131 5719">
     <span class='ocr_line' id='line_1_59' title="bbox 554 5650 2131 5719; baseline 0.008 -26"><span class='ocrx_word' id='word_1_418' title='bbox 554 5662 619 5715; x_wconf 82' lang='lat' dir='ltr'><strong>pe</strong></span> <span class='ocrx_word' id='word_1_419' title='bbox 642 5650 862 5699; x_wconf 75' lang='lat' dir='ltr'><strong>videatur</strong></span> <span class='ocrx_word' id='word_1_420' title='bbox 886 5650 1055 5719; x_wconf 65' lang='lat' dir='ltr'><strong>prioris</strong></span> <span class='ocrx_word' id='word_1_421' title='bbox 1079 5657 1225 5719; x_wconf 73' lang='lat' dir='ltr'><strong>serici</strong></span> <span class='ocrx_word' id='word_1_422' title='bbox 1250 5650 1456 5719; x_wconf 78' lang='lat' dir='ltr'><strong>oblitus;</strong></span> <span class='ocrx_word' id='word_1_423' title='bbox 1474 5658 1559 5705; x_wconf 81' lang='lat' dir='ltr'><strong>sed</strong></span> <span class='ocrx_word' id='word_1_424' title='bbox 1581 5650 1742 5705; x_wconf 74' lang='lat' dir='ltr'><strong>nescio</strong></span> <span class='ocrx_word' id='word_1_425' title='bbox 1760 5674 1819 5706; x_wconf 86' lang='lat' dir='ltr'><strong>an</strong></span> <span class='ocrx_word' id='word_1_426' title='bbox 1836 5662 2018 5719; x_wconf 68' lang='lat' dir='ltr'><strong>uSpiam</strong></span> <span class='ocrx_word' id='word_1_427' title='bbox 2035 5675 2131 5708; x_wconf 88' lang='lat' dir='ltr'><strong>tua-</strong></span> 
     </span>
    </p>
   </div>
   <div class='ocr_carea' id='block_1_60' title="bbox 552 5716 2131 5781">
    <p class='ocr_par' dir='ltr' id='par_1_60' title="bbox 552 5716 2131 5781">
     <span class='ocr_line' id='line_1_60' title="bbox 552 5716 2131 5781; baseline 0.009 -26"><span class='ocrx_word' id='word_1_428' title='bbox 552 5719 708 5781; x_wconf 55' lang='lat' dir='ltr'><strong>iurum</strong></span> <span class='ocrx_word' id='word_1_429' title='bbox 726 5725 867 5769; x_wconf 89' lang='lat' dir='ltr'><strong>quam</strong></span> <span class='ocrx_word' id='word_1_430' title='bbox 893 5716 968 5760; x_wconf 82' lang='lat' dir='ltr'><strong>hic</strong></span> <span class='ocrx_word' id='word_1_431' title='bbox 987 5716 1298 5774; x_wconf 76' lang='lat' dir='ltr'><strong>parenthesin</strong></span> <span class='ocrx_word' id='word_1_432' title='bbox 1324 5718 1597 5767; x_wconf 81' lang='lat' dir='ltr'><strong>adhibuerit</strong></span> <span class='ocrx_word' id='word_1_433' title='bbox 1620 5732 1631 5766; x_wconf 89' lang='lat'><strong>:</strong></span> <span class='ocrx_word' id='word_1_434' title='bbox 1655 5722 1874 5781; x_wconf 88' lang='lat' dir='ltr'><strong>paginam</strong></span> <span class='ocrx_word' id='word_1_435' title='bbox 1897 5716 2027 5769; x_wconf 67' lang='lat' dir='ltr'><strong>enim</strong></span> <span class='ocrx_word' id='word_1_436' title='bbox 2052 5721 2131 5770; x_wconf 85' lang='lat' dir='ltr'><strong>illa</strong></span> 
     </span>
    </p>
   </div>
   <div class='ocr_carea' id='block_1_61' title="bbox 555 5779 1160 5845">
    <p class='ocr_par' dir='ltr' id='par_1_61' title="bbox 555 5779 1160 5845">
     <span class='ocr_line' id='line_1_61' title="bbox 555 5779 1160 5845; baseline 0.002 -20"><span class='ocrx_word' id='word_1_437' title='bbox 555 5779 659 5825; x_wconf 84' lang='lat' dir='ltr'><strong>fere</strong></span> <span class='ocrx_word' id='word_1_438' title='bbox 682 5781 922 5839; x_wconf 78' lang='lat' dir='ltr'><strong>integram</strong></span> <span class='ocrx_word' id='word_1_439' title='bbox 944 5785 1160 5845; x_wconf 59' lang='lat' dir='ltr'><strong>occupat.</strong></span> 
     </span>
    </p>
   </div>
   <div class='ocr_carea' id='block_1_62' title="bbox 1240 362 3053 428">
    <p class='ocr_par' dir='ltr' id='par_1_62' title="bbox 1240 362 3053 428">
     <span class='ocr_line' id='line_1_62' title="bbox 1240 362 3053 428; baseline -0.001 -1"><span class='ocrx_word' id='word_1_440' title='bbox 1240 372 1296 428; x_wconf 91' lang='lat' dir='ltr'><strong>S.</strong></span> <span class='ocrx_word' id='word_1_441' title='bbox 1337 366 1614 425; x_wconf 81' lang='lat' dir='ltr'><strong>JO.\NNIS</strong></span> <span class='ocrx_word' id='word_1_442' title='bbox 1650 363 2124 422; x_wconf 76' lang='lat' dir='ltr'><strong>CIIRYSOSTOMI</strong></span> <span class='ocrx_word' id='word_1_443' title='bbox 2162 362 2483 423; x_wconf 80' lang='lat' dir='ltr'><strong>ARClllEP.</strong></span> <span class='ocrx_word' id='word_1_444' title='bbox 2522 367 3053 426; x_wconf 78' lang='lat' dir='ltr'><strong>CONSTANTlNOP.</strong></span> 
     </span>
    </p>
   </div>
   <div class='ocr_carea' id='block_1_63' title="bbox 3702 370 3812 429">
    <p class='ocr_par' dir='ltr' id='par_1_63' title="bbox 3702 370 3812 429">
     <span class='ocr_line' id='line_1_63' title="bbox 3702 370 3812 429; baseline -0.018 0"><span class='ocrx_word' id='word_1_445' title='bbox 3702 370 3812 429; x_wconf 68' lang='lat' dir='ltr'><strong>22o</strong></span> 
     </span>
    </p>
   </div>
   <div class='ocr_carea' id='block_1_64' title="bbox 2236 484 3812 559">
    <p class='ocr_par' dir='ltr' id='par_1_64' title="bbox 2236 484 3812 559">
     <span class='ocr_line' id='line_1_64' title="bbox 2236 484 3812 559; baseline 0.01 -24"><span class='ocrx_word' id='word_1_446' title='bbox 2236 484 2357 537; x_wconf 79' lang='lat' dir='ltr'><strong>vitae</strong></span> <span class='ocrx_word' id='word_1_447' title='bbox 2381 486 2615 555; x_wconf 90' lang='lat' dir='ltr'><strong>quidem,</strong></span> <span class='ocrx_word' id='word_1_448' title='bbox 2666 488 2853 558; x_wconf 88' lang='lat' dir='ltr'><strong>inquit,</strong></span> <span class='ocrx_word' id='word_1_449' title='bbox 2906 489 3021 543; x_wconf 89' lang='lat' dir='ltr'><strong>viso</strong></span> <span class='ocrx_word' id='word_1_450' title='bbox 3060 489 3269 558; x_wconf 89' lang='lat' dir='ltr'><strong>ahjecto</strong></span> <span class='ocrx_word' id='word_1_451' title='bbox 3314 489 3526 547; x_wconf 91' lang='lat' dir='ltr'><strong>homine</strong></span> <span class='ocrx_word' id='word_1_452' title='bbox 3572 492 3723 559; x_wconf 77' lang='lat' dir='ltr'><strong>Jona,</strong></span> <span class='ocrx_word' id='word_1_453' title='bbox 3753 508 3812 551; x_wconf 82' lang='lat' dir='ltr'><strong>et</strong></span> 
     </span>
    </p>
   </div>
   <div class='ocr_carea' id='block_1_65' title="bbox 2232 576 3811 650">
    <p class='ocr_par' dir='ltr' id='par_1_65' title="bbox 2232 576 3811 650">
     <span class='ocr_line' id='line_1_65' title="bbox 2232 576 3811 650; baseline 0.011 -22"><span class='ocrx_word' id='word_1_454' title='bbox 2232 576 2347 644; x_wconf 89' lang='lat' dir='ltr'><strong>ejus</strong></span> <span class='ocrx_word' id='word_1_455' title='bbox 2386 590 2732 647; x_wconf 85' lang='lat' dir='ltr'><strong>susceperunt</strong></span> <span class='ocrx_word' id='word_1_456' title='bbox 2755 582 3207 650; x_wconf 67' lang='lat' dir='ltr'><strong>pra&#39;dicationcm.</strong></span> <span class='ocrx_word' id='word_1_457' title='bbox 3254 594 3311 639; x_wconf 89' lang='lat' dir='ltr'><strong>et</strong></span> <span class='ocrx_word' id='word_1_458' title='bbox 3358 589 3811 645; x_wconf 82' lang='lat' dir='ltr'><strong>accuratissiniam</strong></span> 
     </span>
    </p>
   </div>
   <div class='ocr_carea' id='block_1_66' title="bbox 2232 666 3812 738">
    <p class='ocr_par' dir='ltr' id='par_1_66' title="bbox 2232 666 3812 738">
     <span class='ocr_line' id='line_1_66' title="bbox 2232 666 3812 738; baseline 0.009 -19"><span class='ocrx_word' id='word_1_459' title='bbox 2232 666 2468 722; x_wconf 79' lang='lat' dir='ltr'><strong>fecerunt</strong></span> <span class='ocrx_word' id='word_1_460' title='bbox 2515 671 2876 738; x_wconf 84' lang='lat' dir='ltr'><strong>paenitentiam</strong></span> <span class='ocrx_word' id='word_1_461' title='bbox 2930 691 2942 726; x_wconf 88' lang='lat'><strong>:</strong></span> <span class='ocrx_word' id='word_1_462' title='bbox 2994 673 3081 727; x_wconf 80' lang='lat' dir='ltr'><strong>isti</strong></span> <span class='ocrx_word' id='word_1_463' title='bbox 3128 686 3303 729; x_wconf 88' lang='lat' dir='ltr'><strong>autem</strong></span> <span class='ocrx_word' id='word_1_464' title='bbox 3356 678 3597 732; x_wconf 89' lang='lat' dir='ltr'><strong>videntes</strong></span> <span class='ocrx_word' id='word_1_465' title='bbox 3643 681 3812 734; x_wconf 86' lang='lat' dir='ltr'><strong>multo</strong></span> 
     </span>
    </p>
   </div>
   <div class='ocr_carea' id='block_1_67' title="bbox 2232 759 3811 836">
    <p class='ocr_par' dir='ltr' id='par_1_67' title="bbox 2232 759 3811 836">
     <span class='ocr_line' id='line_1_67' title="bbox 2232 759 3811 836; baseline 0.008 -24"><span class='ocrx_word' id='word_1_466' title='bbox 2232 759 2487 828; x_wconf 88' lang='lat' dir='ltr'><strong>majorem</strong></span> <span class='ocrx_word' id='word_1_467' title='bbox 2508 776 2663 829; x_wconf 91' lang='lat' dir='ltr'><strong>quam</strong></span> <span class='ocrx_word' id='word_1_468' title='bbox 2685 762 2845 816; x_wconf 83' lang='lat' dir='ltr'><strong>Jonas</strong></span> <span class='ocrx_word' id='word_1_469' title='bbox 2872 774 2983 817; x_wconf 89' lang='lat' dir='ltr'><strong>erat</strong></span> <span class='ocrx_word' id='word_1_470' title='bbox 3011 807 3026 829; x_wconf 95' lang='lat'><strong>,</strong></span> <span class='ocrx_word' id='word_1_471' title='bbox 3061 767 3333 836; x_wconf 89' lang='lat' dir='ltr'><strong>ipsumque</strong></span> <span class='ocrx_word' id='word_1_472' title='bbox 3363 768 3591 822; x_wconf 86' lang='lat' dir='ltr'><strong>universi</strong></span> <span class='ocrx_word' id='word_1_473' title='bbox 3634 771 3811 824; x_wconf 79' lang='lat' dir='ltr'><strong>Domi-</strong></span> 
     </span>
    </p>
   </div>
   <div class='ocr_carea' id='block_1_68' title="bbox 2232 854 3814 932">
    <p class='ocr_par' dir='ltr' id='par_1_68' title="bbox 2232 854 3814 932">
     <span class='ocr_line' id='line_1_68' title="bbox 2232 854 3814 932; baseline 0.006 -28"><span class='ocrx_word' id='word_1_474' title='bbox 2232 866 2358 905; x_wconf 91' lang='lat' dir='ltr'><strong>num</strong></span> <span class='ocrx_word' id='word_1_475' title='bbox 2387 866 2570 907; x_wconf 87' lang='lat' dir='ltr'><strong>secum</strong></span> <span class='ocrx_word' id='word_1_476' title='bbox 2598 854 2757 907; x_wconf 91' lang='lat' dir='ltr'><strong>simul</strong></span> <span class='ocrx_word' id='word_1_477' title='bbox 2781 867 3097 921; x_wconf 85' lang='lat' dir='ltr'><strong>versantem,</strong></span> <span class='ocrx_word' id='word_1_478' title='bbox 3127 866 3376 927; x_wconf 88' lang='lat' dir='ltr'><strong>tantaque</strong></span> <span class='ocrx_word' id='word_1_479' title='bbox 3400 874 3461 913; x_wconf 89' lang='lat' dir='ltr'><strong>ac</strong></span> <span class='ocrx_word' id='word_1_480' title='bbox 3488 860 3608 913; x_wconf 88' lang='lat' dir='ltr'><strong>talia</strong></span> <span class='ocrx_word' id='word_1_481' title='bbox 3636 864 3814 932; x_wconf 84' lang='lat' dir='ltr'><strong>quoti-</strong></span> 
     </span>
    </p>
   </div>
   <div class='ocr_carea' id='block_1_69' title="bbox 2230 942 3804 1020">
    <p class='ocr_par' dir='ltr' id='par_1_69' title="bbox 2230 942 3804 1020">
     <span class='ocr_line' id='line_1_69' title="bbox 2230 942 3804 1020; baseline 0.008 -25"><span class='ocrx_word' id='word_1_482' title='bbox 2230 942 2317 997; x_wconf 90' lang='lat' dir='ltr'><strong>die</strong></span> <span class='ocrx_word' id='word_1_483' title='bbox 2341 942 2593 998; x_wconf 90' lang='lat' dir='ltr'><strong>miracula</strong></span> <span class='ocrx_word' id='word_1_484' title='bbox 2623 957 2951 1014; x_wconf 89' lang='lat' dir='ltr'><strong>operantem.</strong></span> <span class='ocrx_word' id='word_1_485' title='bbox 2984 948 3220 1019; x_wconf 78' lang='lat' dir='ltr'><strong>It&#39;prOSttS</strong></span> <span class='ocrx_word' id='word_1_486' title='bbox 3250 952 3630 1020; x_wconf 85' lang='lat' dir='ltr'><strong>inundantem,</strong></span> <span class='ocrx_word' id='word_1_487' title='bbox 3662 970 3804 1007; x_wconf 83' lang='lat' dir='ltr'><strong>mor—</strong></span> 
     </span>
    </p>
   </div>
   <div class='ocr_carea' id='block_1_70' title="bbox 2233 1036 3815 1111">
    <p class='ocr_par' dir='ltr' id='par_1_70' title="bbox 2233 1036 3815 1111">
     <span class='ocr_line' id='line_1_70' title="bbox 2233 1036 3815 1111; baseline 0.005 -26"><span class='ocrx_word' id='word_1_488' title='bbox 2233 1042 2351 1087; x_wconf 92' lang='lat' dir='ltr'><strong>tuos</strong></span> <span class='ocrx_word' id='word_1_489' title='bbox 2392 1036 2734 1089; x_wconf 86' lang='lat' dir='ltr'><strong>suscitantem</strong></span> <span class='ocrx_word' id='word_1_490' title='bbox 2762 1077 2776 1100; x_wconf 95' lang='lat'><strong>,</strong></span> <span class='ocrx_word' id='word_1_491' title='bbox 2808 1040 2931 1091; x_wconf 88' lang='lat' dir='ltr'><strong>vitia</strong></span> <span class='ocrx_word' id='word_1_492' title='bbox 2961 1052 3159 1093; x_wconf 74' lang='lat' dir='ltr'><strong>uaturm</strong></span> <span class='ocrx_word' id='word_1_493' title='bbox 3189 1044 3543 1111; x_wconf 77' lang='lat' dir='ltr'><strong>eorrigcntem</strong></span> <span class='ocrx_word' id='word_1_494' title='bbox 3566 1085 3580 1106; x_wconf 94' lang='lat'><strong>,</strong></span> <span class='ocrx_word' id='word_1_495' title='bbox 3608 1044 3815 1096; x_wconf 61' lang='lat' dir='ltr'><strong>datum-</strong></span> 
     </span>
    </p>
   </div>
   <div class='ocr_carea' id='block_1_71' title="bbox 2232 1126 3811 1202">
    <p class='ocr_par' dir='ltr' id='par_1_71' title="bbox 2232 1126 3811 1202">
     <span class='ocr_line' id='line_1_71' title="bbox 2232 1126 3811 1202; baseline 0.006 -25"><span class='ocrx_word' id='word_1_496' title='bbox 2232 1140 2327 1179; x_wconf 87' lang='lat' dir='ltr'><strong>nes</strong></span> <span class='ocrx_word' id='word_1_497' title='bbox 2356 1126 2729 1194; x_wconf 78' lang='lat' dir='ltr'><strong>expellentem,</strong></span> <span class='ocrx_word' id='word_1_498' title='bbox 2760 1131 2975 1182; x_wconf 81' lang='lat' dir='ltr'><strong>morbos</strong></span> <span class='ocrx_word' id='word_1_499' title='bbox 3024 1144 3317 1193; x_wconf 82' lang='lat' dir='ltr'><strong>curantem,</strong></span> <span class='ocrx_word' id='word_1_500' title='bbox 3353 1144 3612 1202; x_wconf 84' lang='lat' dir='ltr'><strong>potestate</strong></span> <span class='ocrx_word' id='word_1_501' title='bbox 3643 1135 3811 1188; x_wconf 86' lang='lat' dir='ltr'><strong>multa</strong></span> 
     </span>
    </p>
   </div>
   <div class='ocr_carea' id='block_1_72' title="bbox 2229 1222 3809 1295">
    <p class='ocr_par' dir='ltr' id='par_1_72' title="bbox 2229 1222 3809 1295">
     <span class='ocr_line' id='line_1_72' title="bbox 2229 1222 3809 1295; baseline 0.005 -24"><span class='ocrx_word' id='word_1_502' title='bbox 2229 1228 2565 1285; x_wconf 84' lang='lat' dir='ltr'><strong>peccatorum</strong></span> <span class='ocrx_word' id='word_1_503' title='bbox 2592 1222 2955 1275; x_wconf 83' lang='lat' dir='ltr'><strong>remissionem</strong></span> <span class='ocrx_word' id='word_1_504' title='bbox 2975 1223 3291 1290; x_wconf 66' lang='lat' dir='ltr'><strong>prmbcntem</strong></span> <span class='ocrx_word' id='word_1_505' title='bbox 3317 1240 3331 1277; x_wconf 90' lang='lat'>:</span> <span class='ocrx_word' id='word_1_506' title='bbox 3361 1240 3462 1278; x_wconf 92' lang='lat' dir='ltr'><strong>non</strong></span> <span class='ocrx_word' id='word_1_507' title='bbox 3489 1226 3630 1279; x_wconf 79' lang='lat' dir='ltr'><strong>illam</strong></span> <span class='ocrx_word' id='word_1_508' title='bbox 3648 1242 3809 1295; x_wconf 89' lang='lat' dir='ltr'><strong>quam</strong></span> 
     </span>
    </p>
   </div>
   <div class='ocr_carea' id='block_1_73' title="bbox 2231 1308 3023 1366">
    <p class='ocr_par' dir='ltr' id='par_1_73' title="bbox 2231 1308 3023 1366">
     <span class='ocr_line' id='line_1_73' title="bbox 2231 1308 3023 1366; baseline 0.008 -6"><span class='ocrx_word' id='word_1_509' title='bbox 2231 1308 2437 1362; x_wconf 88' lang='lat' dir='ltr'><strong>barbari</strong></span> <span class='ocrx_word' id='word_1_510' title='bbox 2472 1310 2629 1363; x_wconf 82' lang='lat' dir='ltr'><strong>iidem</strong></span> <span class='ocrx_word' id='word_1_511' title='bbox 2653 1312 3023 1366; x_wconf 80' lang='lat' dir='ltr'><strong>exhibucrunt.</strong></span> 
     </span>
    </p>
   </div>
   <div class='ocr_carea' id='block_1_74' title="bbox 2300 1400 3813 1473">
    <p class='ocr_par' dir='ltr' id='par_1_74' title="bbox 2300 1400 3813 1473">
     <span class='ocr_line' id='line_1_74' title="bbox 2300 1400 3813 1473; baseline 0.005 -21"><span class='ocrx_word' id='word_1_512' title='bbox 2300 1400 2354 1453; x_wconf 71' lang='lat'><strong>2.</strong></span> <span class='ocrx_word' id='word_1_513' title='bbox 2400 1400 2651 1453; x_wconf 84' lang='lat' dir='ltr'><strong>Patientia</strong></span> <span class='ocrx_word' id='word_1_514' title='bbox 2703 1412 2747 1454; x_wconf 89' lang='lat' dir='ltr'><strong>et</strong></span> <span class='ocrx_word' id='word_1_515' title='bbox 2793 1403 3069 1472; x_wconf 81' lang='lat' dir='ltr'><strong>benignitas</strong></span> <span class='ocrx_word' id='word_1_516' title='bbox 3093 1404 3183 1457; x_wconf 84' lang='lat' dir='ltr'><strong>Dei</strong></span> <span class='ocrx_word' id='word_1_517' title='bbox 3238 1405 3289 1457; x_wconf 87' lang='lat' dir='ltr'><strong>in</strong></span> <span class='ocrx_word' id='word_1_518' title='bbox 3334 1406 3446 1473; x_wconf 85' lang='lat' dir='ltr'><strong>ipso</strong></span> <span class='ocrx_word' id='word_1_519' title='bbox 3475 1406 3701 1466; x_wconf 80' lang='lat' dir='ltr'><strong>diluvio;</strong></span> <span class='ocrx_word' id='word_1_520' title='bbox 3746 1422 3813 1460; x_wconf 65' lang='lat' dir='ltr'><strong>at:</strong></span> 
     </span>
    </p>
   </div>
   <div class='ocr_carea' id='block_1_75' title="bbox 2232 1492 3803 1562">
    <p class='ocr_par' dir='ltr' id='par_1_75' title="bbox 2232 1492 3803 1562">
     <span class='ocr_line' id='line_1_75' title="bbox 2232 1492 3803 1562; baseline 0.005 -20"><span class='ocrx_word' id='word_1_521' title='bbox 2232 1492 2461 1559; x_wconf 77' lang='lat' dir='ltr'><strong>pra&#39;scntl</strong></span> <span class='ocrx_word' id='word_1_522' title='bbox 2500 1509 2644 1562; x_wconf 67' lang='lat' dir='ltr'><strong>plena</strong></span> <span class='ocrx_word' id='word_1_523' title='bbox 2683 1496 2998 1561; x_wconf 80' lang='lat' dir='ltr'><strong>peccantibus</strong></span> <span class='ocrx_word' id='word_1_524' title='bbox 3034 1495 3176 1548; x_wconf 82' lang='lat' dir='ltr'><strong>illam</strong></span> <span class='ocrx_word' id='word_1_525' title='bbox 3226 1496 3465 1548; x_wconf 89' lang='lat' dir='ltr'><strong>minuitur</strong></span> <span class='ocrx_word' id='word_1_526' title='bbox 3494 1508 3700 1550; x_wconf 76' lang='lat' dir='ltr'><strong>wterna.</strong></span> <span class='ocrx_word' id='word_1_527' title='bbox 3729 1527 3803 1535; x_wconf 90' lang='lat'><strong>—</strong></span> 
     </span>
    </p>
   </div>
   <div class='ocr_carea' id='block_1_76' title="bbox 2233 1580 3809 1650">
    <p class='ocr_par' dir='ltr' id='par_1_76' title="bbox 2233 1580 3809 1650">
     <span class='ocr_line' id='line_1_76' title="bbox 2233 1580 3809 1650; baseline 0.005 -18"><span class='ocrx_word' id='word_1_528' title='bbox 2233 1580 2428 1634; x_wconf 82' lang='lat' dir='ltr'><strong>Verum</strong></span> <span class='ocrx_word' id='word_1_529' title='bbox 2459 1581 2523 1633; x_wconf 89' lang='lat' dir='ltr'><strong>ad</strong></span> <span class='ocrx_word' id='word_1_530' title='bbox 2553 1584 2815 1635; x_wconf 89' lang='lat' dir='ltr'><strong>sermonis</strong></span> <span class='ocrx_word' id='word_1_531' title='bbox 2848 1584 3011 1637; x_wconf 88' lang='lat' dir='ltr'><strong>nostri</strong></span> <span class='ocrx_word' id='word_1_532' title='bbox 3062 1586 3252 1638; x_wconf 79' lang='lat' dir='ltr'><strong>seriem</strong></span> <span class='ocrx_word' id='word_1_533' title='bbox 3298 1586 3591 1650; x_wconf 85' lang='lat' dir='ltr'><strong>redeamus,</strong></span> <span class='ocrx_word' id='word_1_534' title='bbox 3619 1598 3675 1640; x_wconf 92' lang='lat' dir='ltr'><strong>ut</strong></span> <span class='ocrx_word' id='word_1_535' title='bbox 3723 1589 3809 1640; x_wconf 77' lang='lat' dir='ltr'><strong>&quot;vi-</strong></span> 
     </span>
    </p>
   </div>
   <div class='ocr_carea' id='block_1_77' title="bbox 2231 1669 3812 1744">
    <p class='ocr_par' dir='ltr' id='par_1_77' title="bbox 2231 1669 3812 1744">
     <span class='ocr_line' id='line_1_77' title="bbox 2231 1669 3812 1744; baseline 0.004 -21"><span class='ocrx_word' id='word_1_536' title='bbox 2231 1669 2357 1723; x_wconf 88' lang='lat' dir='ltr'><strong>deas</strong></span> <span class='ocrx_word' id='word_1_537' title='bbox 2400 1684 2556 1741; x_wconf 90' lang='lat' dir='ltr'><strong>quam</strong></span> <span class='ocrx_word' id='word_1_538' title='bbox 2603 1673 2878 1724; x_wconf 89' lang='lat' dir='ltr'><strong>immodica</strong></span> <span class='ocrx_word' id='word_1_539' title='bbox 2929 1674 3145 1726; x_wconf 89' lang='lat' dir='ltr'><strong>istorum</strong></span> <span class='ocrx_word' id='word_1_540' title='bbox 3188 1676 3342 1728; x_wconf 86' lang='lat' dir='ltr'><strong>fuerit</strong></span> <span class='ocrx_word' id='word_1_541' title='bbox 3367 1677 3703 1744; x_wconf 89' lang='lat' dir='ltr'><strong>improbitas,</strong></span> <span class='ocrx_word' id='word_1_542' title='bbox 3753 1686 3812 1732; x_wconf 90' lang='lat' dir='ltr'><strong>et</strong></span> 
     </span>
    </p>
   </div>
   <div class='ocr_carea' id='block_1_78' title="bbox 2234 1761 3809 1838">
    <p class='ocr_par' dir='ltr' id='par_1_78' title="bbox 2234 1761 3809 1838">
     <span class='ocr_line' id='line_1_78' title="bbox 2234 1761 3809 1838; baseline 0.006 -26"><span class='ocrx_word' id='word_1_543' title='bbox 2234 1776 2389 1829; x_wconf 89' lang='lat' dir='ltr'><strong>quam</strong></span> <span class='ocrx_word' id='word_1_544' title='bbox 2428 1761 2685 1814; x_wconf 80' lang='lat' dir='ltr'><strong>laboriosa</strong></span> <span class='ocrx_word' id='word_1_545' title='bbox 2733 1762 2938 1815; x_wconf 88' lang='lat' dir='ltr'><strong>illortnu</strong></span> <span class='ocrx_word' id='word_1_546' title='bbox 2987 1769 3342 1832; x_wconf 83' lang='lat' dir='ltr'><strong>resipiscentia</strong></span> <span class='ocrx_word' id='word_1_547' title='bbox 3372 1784 3384 1822; x_wconf 90' lang='lat'>:</span> <span class='ocrx_word' id='word_1_548' title='bbox 3410 1768 3646 1821; x_wconf 72' lang='lat' dir='ltr'><strong>Ninivita:</strong></span> <span class='ocrx_word' id='word_1_549' title='bbox 3684 1770 3809 1838; x_wconf 85' lang='lat' dir='ltr'><strong>qui-</strong></span> 
     </span>
    </p>
   </div>
   <div class='ocr_carea' id='block_1_79' title="bbox 2231 1851 3809 1926">
    <p class='ocr_par' dir='ltr' id='par_1_79' title="bbox 2231 1851 3809 1926">
     <span class='ocr_line' id='line_1_79' title="bbox 2231 1851 3809 1926; baseline 0.005 -21"><span class='ocrx_word' id='word_1_550' title='bbox 2231 1851 2352 1905; x_wconf 88' lang='lat' dir='ltr'><strong>dem</strong></span> <span class='ocrx_word' id='word_1_551' title='bbox 2381 1852 2431 1905; x_wconf 92' lang='lat' dir='ltr'><strong>in</strong></span> <span class='ocrx_word' id='word_1_552' title='bbox 2472 1853 2703 1906; x_wconf 87' lang='lat' dir='ltr'><strong>triduum</strong></span> <span class='ocrx_word' id='word_1_553' title='bbox 2743 1857 3015 1922; x_wconf 86' lang='lat' dir='ltr'><strong>coarctati,</strong></span> <span class='ocrx_word' id='word_1_554' title='bbox 3044 1872 3215 1926; x_wconf 67' lang='lat' dir='ltr'><strong>neque</strong></span> <span class='ocrx_word' id='word_1_555' title='bbox 3265 1860 3341 1912; x_wconf 89' lang='lat' dir='ltr'><strong>sic</strong></span> <span class='ocrx_word' id='word_1_556' title='bbox 3389 1858 3456 1912; x_wconf 89' lang='lat' dir='ltr'><strong>de</strong></span> <span class='ocrx_word' id='word_1_557' title='bbox 3503 1861 3669 1913; x_wconf 86' lang='lat' dir='ltr'><strong>salute</strong></span> <span class='ocrx_word' id='word_1_558' title='bbox 3711 1875 3809 1913; x_wconf 87' lang='lat' dir='ltr'><strong>sua</strong></span> 
     </span>
    </p>
   </div>
   <div class='ocr_carea' id='block_1_80' title="bbox 2230 1942 3809 2020">
    <p class='ocr_par' dir='ltr' id='par_1_80' title="bbox 2230 1942 3809 2020">
     <span class='ocr_line' id='line_1_80' title="bbox 2230 1942 3809 2020; baseline 0.005 -23"><span class='ocrx_word' id='word_1_559' title='bbox 2230 1942 2595 2013; x_wconf 84' lang='lat' dir='ltr'><strong>desperaruut,</strong></span> <span class='ocrx_word' id='word_1_560' title='bbox 2620 1945 2711 1999; x_wconf 80' lang='lat' dir='ltr'><strong>sed</strong></span> <span class='ocrx_word' id='word_1_561' title='bbox 2728 1946 2789 1998; x_wconf 88' lang='lat' dir='ltr'><strong>ad</strong></span> <span class='ocrx_word' id='word_1_562' title='bbox 2816 1948 3175 2015; x_wconf 73' lang='lat' dir='ltr'><strong>ptenitentiam</strong></span> <span class='ocrx_word' id='word_1_563' title='bbox 3200 1959 3557 2016; x_wconf 88' lang='lat' dir='ltr'><strong>properantes,</strong></span> <span class='ocrx_word' id='word_1_564' title='bbox 3591 1962 3809 2020; x_wconf 84' lang='lat' dir='ltr'><strong>peccata</strong></span> 
     </span>
    </p>
   </div>
   <div class='ocr_carea' id='block_1_81' title="bbox 2231 2038 3809 2113">
    <p class='ocr_par' dir='ltr' id='par_1_81' title="bbox 2231 2038 3809 2113">
     <span class='ocr_line' id='line_1_81' title="bbox 2231 2038 3809 2113; baseline 0.004 -23"><span class='ocrx_word' id='word_1_565' title='bbox 2231 2038 2526 2101; x_wconf 88' lang='lat' dir='ltr'><strong>abluerunt,</strong></span> <span class='ocrx_word' id='word_1_566' title='bbox 2557 2040 3020 2105; x_wconf 67' lang='grc' dir='ltr'><strong>ιηὶερνῐεειιιιιίεισμιρ</strong></span> <span class='ocrx_word' id='word_1_567' title='bbox 3054 2041 3255 2094; x_wconf 79' lang='lat' dir='ltr'><strong>Domini</strong></span> <span class='ocrx_word' id='word_1_568' title='bbox 3284 2056 3401 2096; x_wconf 85' lang='lat' dir='ltr'><strong>sese</strong></span> <span class='ocrx_word' id='word_1_569' title='bbox 3441 2043 3629 2113; x_wconf 87' lang='lat' dir='ltr'><strong>dignos</strong></span> <span class='ocrx_word' id='word_1_570' title='bbox 3654 2045 3809 2097; x_wconf 75' lang='lat' dir='ltr'><strong>exhi-</strong></span> 
     </span>
    </p>
   </div>
   <div class='ocr_carea' id='block_1_82' title="bbox 2234 2131 3811 2204">
    <p class='ocr_par' dir='ltr' id='par_1_82' title="bbox 2234 2131 3811 2204">
     <span class='ocr_line' id='line_1_82' title="bbox 2234 2131 3811 2204; baseline 0.004 -21"><span class='ocrx_word' id='word_1_571' title='bbox 2234 2131 2460 2184; x_wconf 90' lang='lat' dir='ltr'><strong>bueruut</strong></span> <span class='ocrx_word' id='word_1_572' title='bbox 2490 2149 2502 2183; x_wconf 90' lang='lat'><strong>:</strong></span> <span class='ocrx_word' id='word_1_573' title='bbox 2537 2132 2619 2185; x_wconf 89' lang='lat' dir='ltr'><strong>isti</strong></span> <span class='ocrx_word' id='word_1_574' title='bbox 2647 2141 2825 2185; x_wconf 89' lang='lat' dir='ltr'><strong>autem</strong></span> <span class='ocrx_word' id='word_1_575' title='bbox 2852 2174 2864 2195; x_wconf 82' lang='lat'><strong>,</strong></span> <span class='ocrx_word' id='word_1_576' title='bbox 2890 2132 2956 2186; x_wconf 85' lang='lat' dir='ltr'><strong>de.</strong></span> <span class='ocrx_word' id='word_1_577' title='bbox 2984 2134 3173 2201; x_wconf 90' lang='lat' dir='ltr'><strong>quibus</strong></span> <span class='ocrx_word' id='word_1_578' title='bbox 3200 2150 3337 2187; x_wconf 77' lang='lat' dir='ltr'><strong>nunc</strong></span> <span class='ocrx_word' id='word_1_579' title='bbox 3366 2150 3571 2200; x_wconf 86' lang='lat' dir='ltr'><strong>sermo,</strong></span> <span class='ocrx_word' id='word_1_580' title='bbox 3598 2146 3811 2204; x_wconf 83' lang='lat' dir='ltr'><strong>tempus</strong></span> 
     </span>
    </p>
   </div>
   <div class='ocr_carea' id='block_1_83' title="bbox 2231 2224 3810 2296">
    <p class='ocr_par' dir='ltr' id='par_1_83' title="bbox 2231 2224 3810 2296">
     <span class='ocr_line' id='line_1_83' title="bbox 2231 2224 3810 2296; baseline 0.003 -20"><span class='ocrx_word' id='word_1_581' title='bbox 2231 2233 2442 2277; x_wconf 89' lang='lat' dir='ltr'><strong>centmn</strong></span> <span class='ocrx_word' id='word_1_582' title='bbox 2474 2234 2526 2277; x_wconf 88' lang='lat' dir='ltr'><strong>ct</strong></span> <span class='ocrx_word' id='word_1_583' title='bbox 2554 2224 2735 2293; x_wconf 84' lang='lat' dir='ltr'><strong>viginti</strong></span> <span class='ocrx_word' id='word_1_584' title='bbox 2774 2240 3032 2277; x_wconf 89' lang='lat' dir='ltr'><strong>annorum</strong></span> <span class='ocrx_word' id='word_1_585' title='bbox 3083 2227 3146 2279; x_wconf 89' lang='lat' dir='ltr'><strong>ad</strong></span> <span class='ocrx_word' id='word_1_586' title='bbox 3180 2228 3537 2295; x_wconf 76' lang='lat' dir='ltr'><strong>pmnitentiam</strong></span> <span class='ocrx_word' id='word_1_587' title='bbox 3582 2244 3810 2296; x_wconf 85' lang='lat' dir='ltr'><strong>accepe-</strong></span> 
     </span>
    </p>
   </div>
   <div class='ocr_carea' id='block_1_84' title="bbox 2232 2316 3813 2385">
    <p class='ocr_par' dir='ltr' id='par_1_84' title="bbox 2232 2316 3813 2385">
     <span class='ocr_line' id='line_1_84' title="bbox 2232 2316 3813 2385; baseline 0.001 -16"><span class='ocrx_word' id='word_1_588' title='bbox 2232 2324 2373 2379; x_wconf 90' lang='lat' dir='ltr'><strong>rant,</strong></span> <span class='ocrx_word' id='word_1_589' title='bbox 2396 2330 2565 2385; x_wconf 68' lang='lat' dir='ltr'><strong>ni-que</strong></span> <span class='ocrx_word' id='word_1_590' title='bbox 2594 2316 2787 2383; x_wconf 87' lang='lat' dir='ltr'><strong>aliquid</strong></span> <span class='ocrx_word' id='word_1_591' title='bbox 2819 2316 2941 2370; x_wconf 91' lang='lat' dir='ltr'><strong>inde</strong></span> <span class='ocrx_word' id='word_1_592' title='bbox 2970 2316 3356 2371; x_wconf 78' lang='lat' dir='ltr'><strong>lucrifeccrunt.</strong></span> <span class='ocrx_word' id='word_1_593' title='bbox 3387 2318 3612 2372; x_wconf 81' lang='lat' dir='ltr'><strong>Proinde</strong></span> <span class='ocrx_word' id='word_1_594' title='bbox 3633 2320 3813 2371; x_wconf 64' lang='lat' dir='ltr'><strong>Domi.</strong></span> 
     </span>
    </p>
   </div>
   <div class='ocr_carea' id='block_1_85' title="bbox 2231 2404 3809 2476">
    <p class='ocr_par' dir='ltr' id='par_1_85' title="bbox 2231 2404 3809 2476">
     <span class='ocr_line' id='line_1_85' title="bbox 2231 2404 3809 2476; baseline 0.003 -18"><span class='ocrx_word' id='word_1_595' title='bbox 2231 2420 2331 2459; x_wconf 92' lang='lat' dir='ltr'><strong>nus</strong></span> <span class='ocrx_word' id='word_1_596' title='bbox 2357 2404 2539 2460; x_wconf 88' lang='lat' dir='ltr'><strong>videns</strong></span> <span class='ocrx_word' id='word_1_597' title='bbox 2563 2407 2612 2459; x_wconf 91' lang='lat' dir='ltr'><strong>in</strong></span> <span class='ocrx_word' id='word_1_598' title='bbox 2643 2406 2859 2459; x_wconf 80' lang='lat' dir='ltr'><strong>multum</strong></span> <span class='ocrx_word' id='word_1_599' title='bbox 2890 2406 3005 2459; x_wconf 88' lang='lat' dir='ltr'><strong>illos</strong></span> <span class='ocrx_word' id='word_1_600' title='bbox 3026 2408 3283 2461; x_wconf 63' lang='lat' dir='ltr'><strong>excidisse</strong></span> <span class='ocrx_word' id='word_1_601' title='bbox 3321 2409 3634 2476; x_wconf 85' lang='lat' dir='ltr'><strong>nequitiam,</strong></span> <span class='ocrx_word' id='word_1_602' title='bbox 3663 2408 3809 2463; x_wconf 87' lang='lat' dir='ltr'><strong>cclc-</strong></span> 
     </span>
    </p>
   </div>
   <div class='ocr_carea' id='block_1_86' title="bbox 2233 2497 3809 2567">
    <p class='ocr_par' dir='ltr' id='par_1_86' title="bbox 2233 2497 3809 2567">
     <span class='ocr_line' id='line_1_86' title="bbox 2233 2497 3809 2567; baseline -0.002 -15"><span class='ocrx_word' id='word_1_603' title='bbox 2233 2514 2343 2552; x_wconf 91' lang='lat' dir='ltr'><strong>rem</strong></span> <span class='ocrx_word' id='word_1_604' title='bbox 2369 2497 2495 2567; x_wconf 87' lang='lat' dir='ltr'><strong>ipsis</strong></span> <span class='ocrx_word' id='word_1_605' title='bbox 2522 2497 2720 2551; x_wconf 90' lang='lat' dir='ltr'><strong>inducit</strong></span> <span class='ocrx_word' id='word_1_606' title='bbox 2754 2498 3135 2551; x_wconf 87' lang='lat' dir='ltr'><strong>correctionem</strong></span> <span class='ocrx_word' id='word_1_607' title='bbox 3159 2539 3172 2560; x_wconf 88' lang='lat'><strong>,</strong></span> <span class='ocrx_word' id='word_1_608' title='bbox 3198 2497 3475 2565; x_wconf 82' lang='lat' dir='ltr'><strong>aboletque</strong></span> <span class='ocrx_word' id='word_1_609' title='bbox 3497 2510 3548 2552; x_wconf 90' lang='lat' dir='ltr'><strong>et</strong></span> <span class='ocrx_word' id='word_1_610' title='bbox 3578 2514 3607 2551; x_wconf 91' lang='lat' dir='ltr'><strong>e</strong></span> <span class='ocrx_word' id='word_1_611' title='bbox 3629 2499 3809 2551; x_wconf 85' lang='lat' dir='ltr'><strong>tncdin</strong></span> 
     </span>
    </p>
   </div>
   <div class='ocr_carea' id='block_1_87' title="bbox 2233 2586 3811 2643">
    <p class='ocr_par' dir='ltr' id='par_1_87' title="bbox 2233 2586 3811 2643">
     <span class='ocr_line' id='line_1_87' title="bbox 2233 2586 3811 2643; baseline -0.001 -1"><span class='ocrx_word' id='word_1_612' title='bbox 2233 2588 2375 2642; x_wconf 86' lang='lat' dir='ltr'><strong>tollit</strong></span> <span class='ocrx_word' id='word_1_613' title='bbox 2402 2587 2527 2641; x_wconf 91' lang='lat' dir='ltr'><strong>mali</strong></span> <span class='ocrx_word' id='word_1_614' title='bbox 2573 2603 2758 2641; x_wconf 92' lang='lat' dir='ltr'><strong>eorum</strong></span> <span class='ocrx_word' id='word_1_615' title='bbox 2810 2586 3052 2641; x_wconf 81' lang='lat' dir='ltr'><strong>fermenti</strong></span> <span class='ocrx_word' id='word_1_616' title='bbox 3109 2588 3314 2642; x_wconf 85' lang='lat' dir='ltr'><strong>vitium.</strong></span> <span class='ocrx_word' id='word_1_617' title='bbox 3344 2588 3466 2642; x_wconf 87' lang='lat' dir='ltr'><strong>ldeo</strong></span> <span class='ocrx_word' id='word_1_618' title='bbox 3493 2588 3621 2643; x_wconf 90' lang='lat' dir='ltr'><strong>dicit</strong></span> <span class='ocrx_word' id='word_1_619' title='bbox 3648 2606 3660 2641; x_wconf 92' lang='lat'>:</span> <span class='ocrx_word' id='word_1_620' title='bbox 3694 2589 3811 2642; x_wconf 78' lang='lat' dir='ltr'><strong>Nec</strong></span> 
     </span>
    </p>
   </div>
   <div class='ocr_carea' id='block_1_88' title="bbox 2232 2680 3813 2750">
    <p class='ocr_par' dir='ltr' id='par_1_88' title="bbox 2232 2680 3813 2750">
     <span class='ocr_line' id='line_1_88' title="bbox 2232 2680 3813 2750; baseline 0.002 -19"><span class='ocrx_word' id='word_1_621' title='bbox 2232 2688 2400 2731; x_wconf 87' lang='lat' dir='ltr'><strong>autem</strong></span> <span class='ocrx_word' id='word_1_622' title='bbox 2445 2687 2551 2731; x_wconf 89' lang='lat' dir='ltr'><strong>erat</strong></span> <span class='ocrx_word' id='word_1_623' title='bbox 2594 2693 2845 2731; x_wconf 87' lang='lat' dir='ltr'><strong>annorum</strong></span> <span class='ocrx_word' id='word_1_624' title='bbox 2887 2689 3262 2743; x_wconf 74' lang='lat' dir='ltr'><strong>sexcentarum,</strong></span> <span class='ocrx_word' id='word_1_625' title='bbox 3290 2690 3336 2733; x_wconf 86' lang='lat' dir='ltr'><strong>et</strong></span> <span class='ocrx_word' id='word_1_626' title='bbox 3374 2680 3616 2733; x_wconf 80' lang='lat' dir='ltr'><strong>diluvium</strong></span> <span class='ocrx_word' id='word_1_627' title='bbox 3661 2695 3813 2750; x_wconf 69' lang='lat' dir='ltr'><strong>aqmz</strong></span> 
     </span>
    </p>
   </div>
   <div class='ocr_carea' id='block_1_89' title="bbox 2232 2769 3810 2841">
    <p class='ocr_par' dir='ltr' id='par_1_89' title="bbox 2232 2769 3810 2841">
     <span class='ocr_line' id='line_1_89' title="bbox 2232 2769 3810 2841; baseline 0.001 -18"><span class='ocrx_word' id='word_1_628' title='bbox 2232 2774 2417 2841; x_wconf 84' lang='lat' dir='ltr'><strong>factum</strong></span> <span class='ocrx_word' id='word_1_629' title='bbox 2438 2780 2509 2823; x_wconf 85' lang='lat' dir='ltr'><strong>est</strong></span> <span class='ocrx_word' id='word_1_630' title='bbox 2536 2787 2688 2839; x_wconf 86' lang='lat' dir='ltr'><strong>super</strong></span> <span class='ocrx_word' id='word_1_631' title='bbox 2708 2779 2912 2823; x_wconf 88' lang='lat' dir='ltr'><strong>terram.</strong></span> <span class='ocrx_word' id='word_1_632' title='bbox 2943 2769 3058 2823; x_wconf 83' lang='lat' dir='ltr'><strong>Jam</strong></span> <span class='ocrx_word' id='word_1_633' title='bbox 3086 2769 3364 2825; x_wconf 88' lang='lat' dir='ltr'><strong>didicimus</strong></span> <span class='ocrx_word' id='word_1_634' title='bbox 3389 2812 3401 2832; x_wconf 92' lang='lat'><strong>,</strong></span> <span class='ocrx_word' id='word_1_635' title='bbox 3430 2772 3638 2841; x_wconf 87' lang='lat' dir='ltr'><strong>quando</strong></span> <span class='ocrx_word' id='word_1_636' title='bbox 3666 2772 3810 2824; x_wconf 68' lang='lat' dir='ltr'><strong>india</strong></span> 
     </span>
    </p>
   </div>
   <div class='ocr_carea' id='block_1_90' title="bbox 2230 2862 3811 2931">
    <p class='ocr_par' dir='ltr' id='par_1_90' title="bbox 2230 2862 3811 2931">
     <span class='ocr_line' id='line_1_90' title="bbox 2230 2862 3811 2931; baseline -0.001 -15"><span class='ocrx_word' id='word_1_637' title='bbox 2230 2863 2410 2931; x_wconf 91' lang='lat' dir='ltr'><strong>gnatio</strong></span> <span class='ocrx_word' id='word_1_638' title='bbox 2461 2870 2515 2916; x_wconf 91' lang='lat' dir='ltr'><strong>et</strong></span> <span class='ocrx_word' id='word_1_639' title='bbox 2563 2862 2834 2928; x_wconf 72' lang='lat' dir='ltr'><strong>prmdictio</strong></span> <span class='ocrx_word' id='word_1_640' title='bbox 2882 2862 3090 2916; x_wconf 91' lang='lat' dir='ltr'><strong>Domini</strong></span> <span class='ocrx_word' id='word_1_641' title='bbox 3147 2863 3279 2916; x_wconf 85' lang='lat' dir='ltr'><strong>facta</strong></span> <span class='ocrx_word' id='word_1_642' title='bbox 3332 2873 3432 2926; x_wconf 85' lang='lat' dir='ltr'><strong>est,</strong></span> <span class='ocrx_word' id='word_1_643' title='bbox 3484 2863 3593 2916; x_wconf 75' lang='lat' dir='ltr'><strong>Noe</strong></span> <span class='ocrx_word' id='word_1_644' title='bbox 3646 2864 3811 2916; x_wconf 77' lang='lat' dir='ltr'><strong>fuisse</strong></span> 
     </span>
    </p>
   </div>
   <div class='ocr_carea' id='block_1_91' title="bbox 2230 2953 3813 3023">
    <p class='ocr_par' dir='ltr' id='par_1_91' title="bbox 2230 2953 3813 3023">
     <span class='ocr_line' id='line_1_91' title="bbox 2230 2953 3813 3023; baseline 0.001 -16"><span class='ocrx_word' id='word_1_645' title='bbox 2230 2969 2487 3007; x_wconf 85' lang='lat' dir='ltr'><strong>annorum</strong></span> <span class='ocrx_word' id='word_1_646' title='bbox 2518 2953 2966 3022; x_wconf 87' lang='lat' dir='ltr'><strong>quingentorum:</strong></span> <span class='ocrx_word' id='word_1_647' title='bbox 2998 2953 3210 3023; x_wconf 88' lang='lat' dir='ltr'><strong>quando</strong></span> <span class='ocrx_word' id='word_1_648' title='bbox 3233 2964 3409 3007; x_wconf 87' lang='lat' dir='ltr'><strong>autem</strong></span> <span class='ocrx_word' id='word_1_649' title='bbox 3440 2954 3706 3006; x_wconf 88' lang='lat' dir='ltr'><strong>inductum</strong></span> <span class='ocrx_word' id='word_1_650' title='bbox 3726 2963 3813 3007; x_wconf 87' lang='lat' dir='ltr'><strong>est</strong></span> 
     </span>
    </p>
   </div>
   <div class='ocr_carea' id='block_1_92' title="bbox 2230 3042 3813 3107">
    <p class='ocr_par' dir='ltr' id='par_1_92' title="bbox 2230 3042 3813 3107">
     <span class='ocr_line' id='line_1_92' title="bbox 2230 3042 3813 3107; baseline 0 -9"><span class='ocrx_word' id='word_1_651' title='bbox 2230 3044 2501 3107; x_wconf 88' lang='lat' dir='ltr'><strong>diluvium,</strong></span> <span class='ocrx_word' id='word_1_652' title='bbox 2527 3052 2895 3098; x_wconf 68' lang='lat' dir='ltr'><strong>sescentorum</strong></span> <span class='ocrx_word' id='word_1_653' title='bbox 2968 3043 3037 3096; x_wconf 90' lang='lat' dir='ltr'><strong>ita</strong></span> <span class='ocrx_word' id='word_1_654' title='bbox 3068 3042 3481 3097; x_wconf 78' lang='lat' dir='ltr'><strong>interceSserunt</strong></span> <span class='ocrx_word' id='word_1_655' title='bbox 3520 3045 3642 3096; x_wconf 87' lang='lat' dir='ltr'><strong>anni</strong></span> <span class='ocrx_word' id='word_1_656' title='bbox 3673 3045 3813 3098; x_wconf 81' lang='lat' dir='ltr'><strong>inter</strong></span> 
     </span>
    </p>
   </div>
   <div class='ocr_carea' id='block_1_93' title="bbox 2235 3136 3809 3205">
    <p class='ocr_par' dir='ltr' id='par_1_93' title="bbox 2235 3136 3809 3205">
     <span class='ocr_line' id='line_1_93' title="bbox 2235 3136 3809 3205; baseline -0.001 -14"><span class='ocrx_word' id='word_1_657' title='bbox 2235 3137 2666 3205; x_wconf 58' lang='lat' dir='ltr'><strong>praedicationem</strong></span> <span class='ocrx_word' id='word_1_658' title='bbox 2698 3136 3024 3191; x_wconf 91' lang='lat' dir='ltr'><strong>etdiluvium</strong></span> <span class='ocrx_word' id='word_1_659' title='bbox 3056 3146 3267 3190; x_wconf 87' lang='lat' dir='ltr'><strong>centum</strong></span> <span class='ocrx_word' id='word_1_660' title='bbox 3302 3146 3398 3190; x_wconf 89' lang='lat' dir='ltr'><strong>:et</strong></span> <span class='ocrx_word' id='word_1_661' title='bbox 3450 3138 3501 3191; x_wconf 94' lang='lat' dir='ltr'><strong>in</strong></span> <span class='ocrx_word' id='word_1_662' title='bbox 3548 3136 3611 3191; x_wconf 92' lang='lat' dir='ltr'><strong>iis</strong></span> <span class='ocrx_word' id='word_1_663' title='bbox 3653 3137 3809 3190; x_wconf 83' lang='lat' dir='ltr'><strong>annis</strong></span> 
     </span>
    </p>
   </div>
   <div class='ocr_carea' id='block_1_94' title="bbox 2234 3228 3811 3299">
    <p class='ocr_par' dir='ltr' id='par_1_94' title="bbox 2234 3228 3811 3299">
     <span class='ocr_line' id='line_1_94' title="bbox 2234 3228 3811 3299; baseline 0.001 -16"><span class='ocrx_word' id='word_1_664' title='bbox 2234 3244 2299 3283; x_wconf 91' lang='lat' dir='ltr'><strong>ne</strong></span> <span class='ocrx_word' id='word_1_665' title='bbox 2326 3230 2586 3283; x_wconf 84' lang='lat' dir='ltr'><strong>tantillum</strong></span> <span class='ocrx_word' id='word_1_666' title='bbox 2616 3229 2827 3297; x_wconf 88' lang='lat' dir='ltr'><strong>quidem</strong></span> <span class='ocrx_word' id='word_1_667' title='bbox 2860 3228 3219 3297; x_wconf 87' lang='lat' dir='ltr'><strong>profecerunt,</strong></span> <span class='ocrx_word' id='word_1_668' title='bbox 3252 3229 3373 3283; x_wconf 92' lang='lat' dir='ltr'><strong>licet</strong></span> <span class='ocrx_word' id='word_1_669' title='bbox 3403 3238 3675 3299; x_wconf 90' lang='lat' dir='ltr'><strong>tantopere</strong></span> <span class='ocrx_word' id='word_1_670' title='bbox 3712 3230 3811 3283; x_wconf 85' lang='lat' dir='ltr'><strong>do-</strong></span> 
     </span>
    </p>
   </div>
   <div class='ocr_carea' id='block_1_95' title="bbox 2231 3318 3809 3387">
    <p class='ocr_par' dir='ltr' id='par_1_95' title="bbox 2231 3318 3809 3387">
     <span class='ocr_line' id='line_1_95' title="bbox 2231 3318 3809 3387; baseline 0.001 -15"><span class='ocrx_word' id='word_1_671' title='bbox 2231 3329 2476 3373; x_wconf 91' lang='lat' dir='ltr'><strong>cerentur</strong></span> <span class='ocrx_word' id='word_1_672' title='bbox 2504 3334 2533 3371; x_wconf 90' lang='lat' dir='ltr'><strong>a</strong></span> <span class='ocrx_word' id='word_1_673' title='bbox 2562 3318 2672 3372; x_wconf 87' lang='lat' dir='ltr'><strong>Noe</strong></span> <span class='ocrx_word' id='word_1_674' title='bbox 2697 3334 2875 3372; x_wconf 88' lang='lat' dir='ltr'><strong>arcam</strong></span> <span class='ocrx_word' id='word_1_675' title='bbox 2906 3318 3217 3372; x_wconf 87' lang='lat' dir='ltr'><strong>fabricante.</strong></span> <span class='ocrx_word' id='word_1_676' title='bbox 3256 3319 3360 3372; x_wconf 88' lang='lat' dir='ltr'><strong>Sed</strong></span> <span class='ocrx_word' id='word_1_677' title='bbox 3406 3320 3629 3373; x_wconf 69' lang='lat' dir='ltr'><strong>fortasse</strong></span> <span class='ocrx_word' id='word_1_678' title='bbox 3659 3338 3809 3387; x_wconf 70' lang='lat' dir='ltr'><strong>qum-</strong></span> 
     </span>
    </p>
   </div>
   <div class='ocr_carea' id='block_1_96' title="bbox 2232 3407 3819 3478">
    <p class='ocr_par' dir='ltr' id='par_1_96' title="bbox 2232 3407 3819 3478">
     <span class='ocr_line' id='line_1_96' title="bbox 2232 3407 3819 3478; baseline -0.003 -15"><span class='ocrx_word' id='word_1_679' title='bbox 2232 3420 2312 3463; x_wconf 91' lang='lat' dir='ltr'><strong>ret</strong></span> <span class='ocrx_word' id='word_1_680' title='bbox 2360 3408 2786 3478; x_wconf 79' lang='lat' dir='ltr'><strong>aliquiszQuare</strong></span> <span class='ocrx_word' id='word_1_681' title='bbox 2828 3424 2946 3462; x_wconf 92' lang='lat' dir='ltr'><strong>cum</strong></span> <span class='ocrx_word' id='word_1_682' title='bbox 3002 3407 3199 3462; x_wconf 77' lang='lat' dir='ltr'><strong>dixerit</strong></span> <span class='ocrx_word' id='word_1_683' title='bbox 3252 3408 3548 3477; x_wconf 72' lang='lat' dir='ltr'><strong>Dominus,</strong></span> <span class='ocrx_word' id='word_1_684' title='bbox 3596 3409 3819 3465; x_wconf 81' lang='lat' dir='ltr'><strong>Cenium</strong></span> 
     </span>
    </p>
   </div>
   <div class='ocr_carea' id='block_1_97' title="bbox 2241 3495 3812 3573">
    <p class='ocr_par' dir='ltr' id='par_1_97' title="bbox 2241 3495 3812 3573">
     <span class='ocr_line' id='line_1_97' title="bbox 2241 3495 3812 3573; baseline 0.004 -28"><span class='ocrx_word' id='word_1_685' title='bbox 2241 3495 2723 3566; x_wconf 81' lang='lat' dir='ltr'><strong>vigintiannierunt</strong></span> <span class='ocrx_word' id='word_1_686' title='bbox 2752 3498 3524 3573; x_wconf 83' lang='lat' dir='ltr'><strong>dieseorum;promiseritque</strong></span> <span class='ocrx_word' id='word_1_687' title='bbox 3553 3518 3612 3556; x_wconf 91' lang='lat' dir='ltr'><strong>se</strong></span> <span class='ocrx_word' id='word_1_688' title='bbox 3661 3512 3812 3554; x_wconf 77' lang='lat' dir='ltr'><strong>lattlu</strong></span> 
     </span>
    </p>
   </div>
   <div class='ocr_carea' id='block_1_98' title="bbox 2238 3588 3808 3662">
    <p class='ocr_par' dir='ltr' id='par_1_98' title="bbox 2238 3588 3808 3662">
     <span class='ocr_line' id='line_1_98' title="bbox 2238 3588 3808 3662; baseline 0.005 -21"><span class='ocrx_word' id='word_1_689' title='bbox 2238 3595 2477 3656; x_wconf 87' lang='lat' dir='ltr'><strong>tempore</strong></span> <span class='ocrx_word' id='word_1_690' title='bbox 2512 3588 2789 3643; x_wconf 86' lang='lat' dir='ltr'><strong>tolerantia</strong></span> <span class='ocrx_word' id='word_1_691' title='bbox 2832 3603 3070 3653; x_wconf 91' lang='lat' dir='ltr'><strong>usurum,</strong></span> <span class='ocrx_word' id='word_1_692' title='bbox 3112 3599 3397 3658; x_wconf 87' lang='lat' dir='ltr'><strong>antequam</strong></span> <span class='ocrx_word' id='word_1_693' title='bbox 3454 3594 3808 3662; x_wconf 87' lang='lat' dir='ltr'><strong>implerentnr</strong></span> 
     </span>
    </p>
   </div>
   <div class='ocr_carea' id='block_1_99' title="bbox 2236 3678 3811 3748">
    <p class='ocr_par' dir='ltr' id='par_1_99' title="bbox 2236 3678 3811 3748">
     <span class='ocr_line' id='line_1_99' title="bbox 2236 3678 3811 3748; baseline 0.004 -15"><span class='ocrx_word' id='word_1_694' title='bbox 2236 3679 2361 3733; x_wconf 87' lang='lat' dir='ltr'><strong>anni</strong></span> <span class='ocrx_word' id='word_1_695' title='bbox 2389 3678 2664 3748; x_wconf 88' lang='lat' dir='ltr'><strong>promissi,</strong></span> <span class='ocrx_word' id='word_1_696' title='bbox 2694 3680 2996 3735; x_wconf 85' lang='lat' dir='ltr'><strong>universale</strong></span> <span class='ocrx_word' id='word_1_697' title='bbox 3019 3681 3300 3735; x_wconf 87' lang='lat' dir='ltr'><strong>introducit</strong></span> <span class='ocrx_word' id='word_1_698' title='bbox 3316 3682 3616 3738; x_wconf 81' lang='lat' dir='ltr'><strong>excidium?</strong></span> <span class='ocrx_word' id='word_1_699' title='bbox 3637 3686 3811 3740; x_wconf 84' lang='lat' dir='ltr'><strong>Etiam</strong></span> 
     </span>
    </p>
   </div>
   <div class='ocr_carea' id='block_1_100' title="bbox 2238 3768 3813 3843">
    <p class='ocr_par' dir='ltr' id='par_1_100' title="bbox 2238 3768 3813 3843">
     <span class='ocr_line' id='line_1_100' title="bbox 2238 3768 3813 3843; baseline 0.006 -21"><span class='ocrx_word' id='word_1_700' title='bbox 2238 3768 2340 3823; x_wconf 92' lang='lat' dir='ltr'><strong>hoc</strong></span> <span class='ocrx_word' id='word_1_701' title='bbox 2386 3769 2548 3838; x_wconf 86' lang='lat' dir='ltr'><strong>ipsius</strong></span> <span class='ocrx_word' id='word_1_702' title='bbox 2574 3769 2871 3823; x_wconf 77' lang='lat' dir='ltr'><strong>clementia:</strong></span> <span class='ocrx_word' id='word_1_703' title='bbox 2921 3770 3206 3823; x_wconf 86' lang='lat' dir='ltr'><strong>maximum</strong></span> <span class='ocrx_word' id='word_1_704' title='bbox 3240 3780 3325 3825; x_wconf 86' lang='lat' dir='ltr'><strong>est</strong></span> <span class='ocrx_word' id='word_1_705' title='bbox 3360 3784 3726 3843; x_wconf 86' lang='lat' dir='ltr'><strong>argumentum</strong></span> <span class='ocrx_word' id='word_1_706' title='bbox 3757 3788 3813 3831; x_wconf 88' lang='lat' dir='ltr'><strong>et</strong></span> 
     </span>
    </p>
   </div>
   <div class='ocr_carea' id='block_1_101' title="bbox 2239 3859 3814 3931">
    <p class='ocr_par' dir='ltr' id='par_1_101' title="bbox 2239 3859 3814 3931">
     <span class='ocr_line' id='line_1_101' title="bbox 2239 3859 3814 3931; baseline 0.006 -18"><span class='ocrx_word' id='word_1_707' title='bbox 2239 3859 2511 3915; x_wconf 88' lang='lat' dir='ltr'><strong>indicium.</strong></span> <span class='ocrx_word' id='word_1_708' title='bbox 2545 3859 2675 3914; x_wconf 89' lang='lat' dir='ltr'><strong>Nam</strong></span> <span class='ocrx_word' id='word_1_709' title='bbox 2702 3861 2950 3930; x_wconf 88' lang='lat' dir='ltr'><strong>quoniam</strong></span> <span class='ocrx_word' id='word_1_710' title='bbox 2990 3862 3121 3915; x_wconf 89' lang='lat' dir='ltr'><strong>vidit</strong></span> <span class='ocrx_word' id='word_1_711' title='bbox 3167 3864 3400 3931; x_wconf 89' lang='lat' dir='ltr'><strong>quotidie</strong></span> <span class='ocrx_word' id='word_1_712' title='bbox 3452 3867 3814 3922; x_wconf 87' lang='lat' dir='ltr'><strong>ineurahiliter</strong></span> 
     </span>
    </p>
   </div>
   <div class='ocr_carea' id='block_1_102' title="bbox 2239 3953 3811 4022">
    <p class='ocr_par' dir='ltr' id='par_1_102' title="bbox 2239 3953 3811 4022">
     <span class='ocr_line' id='line_1_102' title="bbox 2239 3953 3811 4022; baseline 0.005 -17"><span class='ocrx_word' id='word_1_713' title='bbox 2239 3953 2358 4006; x_wconf 92' lang='lat' dir='ltr'><strong>illos</strong></span> <span class='ocrx_word' id='word_1_714' title='bbox 2386 3968 2624 4022; x_wconf 88' lang='lat' dir='ltr'><strong>peccare,</strong></span> <span class='ocrx_word' id='word_1_715' title='bbox 2650 3962 2704 4006; x_wconf 88' lang='lat' dir='ltr'><strong>et</strong></span> <span class='ocrx_word' id='word_1_716' title='bbox 2738 3968 2841 4007; x_wconf 93' lang='lat' dir='ltr'><strong>non</strong></span> <span class='ocrx_word' id='word_1_717' title='bbox 2892 3953 3061 4007; x_wconf 85' lang='lat' dir='ltr'><strong>solum</strong></span> <span class='ocrx_word' id='word_1_718' title='bbox 3108 3955 3330 4009; x_wconf 79' lang='lat' dir='ltr'><strong>nihilex</strong></span> <span class='ocrx_word' id='word_1_719' title='bbox 3378 3957 3631 4013; x_wconf 78' lang='lat' dir='ltr'><strong>inell&#39;abili</strong></span> <span class='ocrx_word' id='word_1_720' title='bbox 3671 3959 3811 4013; x_wconf 88' lang='lat' dir='ltr'><strong>tole-</strong></span> 
     </span>
    </p>
   </div>
   <div class='ocr_carea' id='block_1_103' title="bbox 2235 4042 3809 4112">
    <p class='ocr_par' dir='ltr' id='par_1_103' title="bbox 2235 4042 3809 4112">
     <span class='ocr_line' id='line_1_103' title="bbox 2235 4042 3809 4112; baseline 0.003 -16"><span class='ocrx_word' id='word_1_721' title='bbox 2235 4044 2405 4097; x_wconf 88' lang='lat' dir='ltr'><strong>rantia</strong></span> <span class='ocrx_word' id='word_1_722' title='bbox 2458 4057 2552 4097; x_wconf 89' lang='lat' dir='ltr'><strong>sua</strong></span> <span class='ocrx_word' id='word_1_723' title='bbox 2605 4042 2883 4111; x_wconf 83' lang='lat' dir='ltr'><strong>proﬁcere,</strong></span> <span class='ocrx_word' id='word_1_724' title='bbox 2934 4044 3030 4097; x_wconf 87' lang='lat' dir='ltr'><strong>sed</strong></span> <span class='ocrx_word' id='word_1_725' title='bbox 3082 4052 3137 4098; x_wconf 89' lang='lat' dir='ltr'><strong>et</strong></span> <span class='ocrx_word' id='word_1_726' title='bbox 3186 4045 3557 4102; x_wconf 83' lang='lat' dir='ltr'><strong>incrudescere</strong></span> <span class='ocrx_word' id='word_1_727' title='bbox 3605 4048 3809 4112; x_wconf 87' lang='lat' dir='ltr'><strong>ulcera,</strong></span> 
     </span>
    </p>
   </div>
   <div class='ocr_carea' id='block_1_104' title="bbox 2238 4133 3815 4206">
    <p class='ocr_par' dir='ltr' id='par_1_104' title="bbox 2238 4133 3815 4206">
     <span class='ocr_line' id='line_1_104' title="bbox 2238 4133 3815 4206; baseline 0.003 -19"><span class='ocrx_word' id='word_1_728' title='bbox 2238 4143 2515 4203; x_wconf 88' lang='lat' dir='ltr'><strong>propterea</strong></span> <span class='ocrx_word' id='word_1_729' title='bbox 2544 4133 2768 4188; x_wconf 89' lang='lat' dir='ltr'><strong>succidit</strong></span> <span class='ocrx_word' id='word_1_730' title='bbox 2788 4142 3019 4202; x_wconf 91' lang='lat' dir='ltr'><strong>tempus,</strong></span> <span class='ocrx_word' id='word_1_731' title='bbox 3037 4142 3096 4187; x_wconf 91' lang='lat' dir='ltr'><strong>ut</strong></span> <span class='ocrx_word' id='word_1_732' title='bbox 3118 4148 3184 4187; x_wconf 85' lang='lat' dir='ltr'><strong>ne</strong></span> <span class='ocrx_word' id='word_1_733' title='bbox 3210 4134 3395 4205; x_wconf 84' lang='lat' dir='ltr'><strong>majori</strong></span> <span class='ocrx_word' id='word_1_734' title='bbox 3422 4135 3622 4190; x_wconf 84' lang='lat' dir='ltr'><strong>scilicet</strong></span> <span class='ocrx_word' id='word_1_735' title='bbox 3637 4151 3815 4206; x_wconf 65' lang='lat' dir='ltr'><strong>preme</strong></span> 
     </span>
    </p>
   </div>
   <div class='ocr_carea' id='block_1_105' title="bbox 2236 4224 3814 4295">
    <p class='ocr_par' dir='ltr' id='par_1_105' title="bbox 2236 4224 3814 4295">
     <span class='ocr_line' id='line_1_105' title="bbox 2236 4224 3814 4295; baseline 0.001 -16"><span class='ocrx_word' id='word_1_736' title='bbox 2236 4238 2296 4279; x_wconf 82' lang='lat' dir='ltr'><strong>se</strong></span> <span class='ocrx_word' id='word_1_737' title='bbox 2323 4224 2581 4279; x_wconf 83' lang='lat' dir='ltr'><strong>obnoxios</strong></span> <span class='ocrx_word' id='word_1_738' title='bbox 2607 4224 2861 4279; x_wconf 84' lang='lat' dir='ltr'><strong>lacerent.</strong></span> <span class='ocrx_word' id='word_1_739' title='bbox 2896 4225 2963 4277; x_wconf 81' lang='lat' dir='ltr'><strong>Et</strong></span> <span class='ocrx_word' id='word_1_740' title='bbox 2987 4240 3105 4294; x_wconf 73' lang='lat' dir='ltr'><strong>qua:</strong></span> <span class='ocrx_word' id='word_1_741' title='bbox 3124 4265 3140 4291; x_wconf 88' lang='lat'><strong>,</strong></span> <span class='ocrx_word' id='word_1_742' title='bbox 3162 4224 3303 4279; x_wconf 91' lang='lat' dir='ltr'><strong>dicet</strong></span> <span class='ocrx_word' id='word_1_743' title='bbox 3330 4226 3540 4295; x_wconf 85' lang='lat' dir='ltr'><strong>aliquis,</strong></span> <span class='ocrx_word' id='word_1_744' title='bbox 3569 4226 3667 4280; x_wconf 89' lang='lat' dir='ltr'><strong>hac</strong></span> <span class='ocrx_word' id='word_1_745' title='bbox 3692 4242 3814 4280; x_wconf 81' lang='lat' dir='ltr'><strong>ma—</strong></span> 
     </span>
    </p>
   </div>
   <div class='ocr_carea' id='block_1_106' title="bbox 2232 4312 3810 4386">
    <p class='ocr_par' dir='ltr' id='par_1_106' title="bbox 2232 4312 3810 4386">
     <span class='ocr_line' id='line_1_106' title="bbox 2232 4312 3810 4386; baseline 0.001 -18"><span class='ocrx_word' id='word_1_746' title='bbox 2232 4314 2320 4383; x_wconf 87' lang='lat' dir='ltr'><strong>jor</strong></span> <span class='ocrx_word' id='word_1_747' title='bbox 2339 4323 2481 4369; x_wconf 86' lang='lat' dir='ltr'><strong>esset</strong></span> <span class='ocrx_word' id='word_1_748' title='bbox 2502 4329 2651 4382; x_wconf 66' lang='lat' dir='ltr'><strong>paina</strong></span> <span class='ocrx_word' id='word_1_749' title='bbox 2671 4314 2693 4366; x_wconf 89' lang='lat'><strong>?</strong></span> <span class='ocrx_word' id='word_1_750' title='bbox 2717 4315 2809 4368; x_wconf 82' lang='lat' dir='ltr'><strong>Est</strong></span> <span class='ocrx_word' id='word_1_751' title='bbox 2838 4314 3011 4383; x_wconf 89' lang='lat' dir='ltr'><strong>plane,</strong></span> <span class='ocrx_word' id='word_1_752' title='bbox 3041 4324 3123 4368; x_wconf 88' lang='lat' dir='ltr'><strong>est</strong></span> <span class='ocrx_word' id='word_1_753' title='bbox 3142 4356 3156 4381; x_wconf 88' lang='lat'><strong>,</strong></span> <span class='ocrx_word' id='word_1_754' title='bbox 3179 4312 3405 4378; x_wconf 90' lang='lat' dir='ltr'><strong>dilecte,</strong></span> <span class='ocrx_word' id='word_1_755' title='bbox 3435 4330 3589 4386; x_wconf 70' lang='lat' dir='ltr'><strong>poma</strong></span> <span class='ocrx_word' id='word_1_756' title='bbox 3619 4327 3673 4370; x_wconf 90' lang='lat' dir='ltr'><strong>et</strong></span> <span class='ocrx_word' id='word_1_757' title='bbox 3693 4332 3810 4370; x_wconf 56' lang='lat' dir='ltr'><strong>mav</strong></span> 
     </span>
    </p>
   </div>
   <div class='ocr_carea' id='block_1_107' title="bbox 2231 4405 3817 4475">
    <p class='ocr_par' dir='ltr' id='par_1_107' title="bbox 2231 4405 3817 4475">
     <span class='ocr_line' id='line_1_107' title="bbox 2231 4405 3817 4475; baseline -0.001 -16"><span class='ocrx_word' id='word_1_758' title='bbox 2231 4405 2339 4474; x_wconf 90' lang='lat' dir='ltr'><strong>jor,</strong></span> <span class='ocrx_word' id='word_1_759' title='bbox 2366 4418 2421 4459; x_wconf 85' lang='lat' dir='ltr'><strong>et</strong></span> <span class='ocrx_word' id='word_1_760' title='bbox 2447 4406 2749 4469; x_wconf 90' lang='lat' dir='ltr'><strong>terribilior,</strong></span> <span class='ocrx_word' id='word_1_761' title='bbox 2776 4415 2829 4459; x_wconf 89' lang='lat' dir='ltr'><strong>et</strong></span> <span class='ocrx_word' id='word_1_762' title='bbox 2858 4414 3130 4473; x_wconf 88' lang='lat' dir='ltr'><strong>perpetua,</strong></span> <span class='ocrx_word' id='word_1_763' title='bbox 3162 4421 3353 4475; x_wconf 88' lang='lat' dir='ltr'><strong>nempe</strong></span> <span class='ocrx_word' id='word_1_764' title='bbox 3386 4422 3504 4475; x_wconf 79' lang='lat' dir='ltr'><strong>qua:</strong></span> <span class='ocrx_word' id='word_1_765' title='bbox 3542 4407 3595 4459; x_wconf 89' lang='lat' dir='ltr'><strong>in</strong></span> <span class='ocrx_word' id='word_1_766' title='bbox 3634 4405 3817 4460; x_wconf 87' lang='lat' dir='ltr'><strong>futuro</strong></span> 
     </span>
    </p>
   </div>
   <div class='ocr_carea' id='block_1_108' title="bbox 2237 4498 3813 4567">
    <p class='ocr_par' dir='ltr' id='par_1_108' title="bbox 2237 4498 3813 4567">
     <span class='ocr_line' id='line_1_108' title="bbox 2237 4498 3813 4567; baseline 0 -15"><span class='ocrx_word' id='word_1_767' title='bbox 2237 4500 2455 4553; x_wconf 67' lang='lat' dir='ltr'><strong>saeculo.</strong></span> <span class='ocrx_word' id='word_1_768' title='bbox 2486 4498 2711 4563; x_wconf 84' lang='lat' dir='ltr'><strong>Quidam</strong></span> <span class='ocrx_word' id='word_1_769' title='bbox 2764 4499 2906 4551; x_wconf 92' lang='lat' dir='ltr'><strong>enim</strong></span> <span class='ocrx_word' id='word_1_770' title='bbox 2934 4498 3140 4551; x_wconf 85' lang='lat' dir='ltr'><strong>etiamsi</strong></span> <span class='ocrx_word' id='word_1_771' title='bbox 3184 4498 3268 4551; x_wconf 93' lang='lat' dir='ltr'><strong>hic</strong></span> <span class='ocrx_word' id='word_1_772' title='bbox 3313 4512 3520 4567; x_wconf 69' lang='lat' dir='ltr'><strong>pinnam</strong></span> <span class='ocrx_word' id='word_1_773' title='bbox 3566 4498 3813 4564; x_wconf 82' lang='lat' dir='ltr'><strong>subeant,</strong></span> 
     </span>
    </p>
   </div>
   <div class='ocr_carea' id='block_1_109' title="bbox 2236 4589 3814 4659">
    <p class='ocr_par' dir='ltr' id='par_1_109' title="bbox 2236 4589 3814 4659">
     <span class='ocr_line' id='line_1_109' title="bbox 2236 4589 3814 4659; baseline -0.001 -14"><span class='ocrx_word' id='word_1_774' title='bbox 2236 4590 2347 4645; x_wconf 88' lang='lat' dir='ltr'><strong>illic</strong></span> <span class='ocrx_word' id='word_1_775' title='bbox 2369 4599 2546 4645; x_wconf 90' lang='lat' dir='ltr'><strong>tamen</strong></span> <span class='ocrx_word' id='word_1_776' title='bbox 2606 4606 2712 4644; x_wconf 92' lang='lat' dir='ltr'><strong>non</strong></span> <span class='ocrx_word' id='word_1_777' title='bbox 2738 4589 2995 4659; x_wconf 78' lang='lat' dir='ltr'><strong>ell‘ugiunt</strong></span> <span class='ocrx_word' id='word_1_778' title='bbox 3022 4630 3039 4655; x_wconf 94' lang='lat'><strong>,</strong></span> <span class='ocrx_word' id='word_1_779' title='bbox 3070 4590 3166 4643; x_wconf 88' lang='lat' dir='ltr'><strong>sed</strong></span> <span class='ocrx_word' id='word_1_780' title='bbox 3212 4590 3461 4644; x_wconf 90' lang='lat' dir='ltr'><strong>leviorem</strong></span> <span class='ocrx_word' id='word_1_781' title='bbox 3504 4591 3814 4655; x_wconf 85' lang='lat' dir='ltr'><strong>sortientur,</strong></span> 
     </span>
    </p>
   </div>
   <div class='ocr_carea' id='block_1_110' title="bbox 2236 4681 3814 4750">
    <p class='ocr_par' dir='ltr' id='par_1_110' title="bbox 2236 4681 3814 4750">
     <span class='ocr_line' id='line_1_110' title="bbox 2236 4681 3814 4750; baseline 0.001 -17"><span class='ocrx_word' id='word_1_782' title='bbox 2236 4682 2306 4734; x_wconf 90' lang='lat' dir='ltr'><strong>ob</strong></span> <span class='ocrx_word' id='word_1_783' title='bbox 2324 4697 2439 4735; x_wconf 86' lang='lat' dir='ltr'><strong>eam</strong></span> <span class='ocrx_word' id='word_1_784' title='bbox 2469 4697 2627 4750; x_wconf 90' lang='lat' dir='ltr'><strong>quam</strong></span> <span class='ocrx_word' id='word_1_785' title='bbox 2650 4681 2733 4734; x_wconf 93' lang='lat' dir='ltr'><strong>hie</strong></span> <span class='ocrx_word' id='word_1_786' title='bbox 2750 4682 2983 4734; x_wconf 86' lang='lat' dir='ltr'><strong>tulerunt</strong></span> <span class='ocrx_word' id='word_1_787' title='bbox 2998 4681 3412 4749; x_wconf 81' lang='lat' dir='ltr'><strong>magnitudinem</strong></span> <span class='ocrx_word' id='word_1_788' title='bbox 3430 4682 3814 4750; x_wconf 88' lang='lat' dir='ltr'><strong>suppliciorum</strong></span> 
     </span>
    </p>
   </div>
   <div class='ocr_carea' id='block_1_111' title="bbox 2238 4774 3815 4838">
    <p class='ocr_par' dir='ltr' id='par_1_111' title="bbox 2238 4774 3815 4838">
     <span class='ocr_line' id='line_1_111' title="bbox 2238 4774 3815 4838; baseline 0.001 -10"><span class='ocrx_word' id='word_1_789' title='bbox 2238 4774 2361 4828; x_wconf 88' lang='lat' dir='ltr'><strong>hinc</strong></span> <span class='ocrx_word' id='word_1_790' title='bbox 2387 4776 2699 4829; x_wconf 90' lang='lat' dir='ltr'><strong>minuentes.</strong></span> <span class='ocrx_word' id='word_1_791' title='bbox 2731 4774 2867 4828; x_wconf 88' lang='lat' dir='ltr'><strong>Audi</strong></span> <span class='ocrx_word' id='word_1_792' title='bbox 2894 4774 3160 4827; x_wconf 86' lang='lat' dir='ltr'><strong>Christum</strong></span> <span class='ocrx_word' id='word_1_793' title='bbox 3181 4776 3470 4838; x_wconf 84' lang='lat' dir='ltr'><strong>dicentem,</strong></span> <span class='ocrx_word' id='word_1_794' title='bbox 3492 4785 3545 4829; x_wconf 85' lang='lat' dir='ltr'><strong>et</strong></span> <span class='ocrx_word' id='word_1_795' title='bbox 3564 4777 3815 4830; x_wconf 89' lang='lat' dir='ltr'><strong>miseram</strong></span> 
     </span>
    </p>
   </div>
   <div class='ocr_carea' id='block_1_112' title="bbox 2238 4864 3822 4935">
    <p class='ocr_par' dir='ltr' id='par_1_112' title="bbox 2238 4864 3822 4935">
     <span class='ocr_line' id='line_1_112' title="bbox 2238 4864 3822 4935; baseline 0.003 -19"><span class='ocrx_word' id='word_1_796' title='bbox 2238 4872 2513 4919; x_wconf 84' lang='lat' dir='ltr'><strong>vocantem</strong></span> <span class='ocrx_word' id='word_1_797' title='bbox 2563 4864 2839 4918; x_wconf 81' lang='lat' dir='ltr'><strong>Bethsaida</strong></span> <span class='ocrx_word' id='word_1_798' title='bbox 2872 4882 2885 4918; x_wconf 90' lang='lat'><strong>:</strong></span> <span class='ocrx_word' id='word_1_799' title='bbox 2924 4864 3011 4919; x_wconf 79' lang='grc' dir='ltr'><strong>νω</strong></span> <span class='ocrx_word' id='word_1_800' title='bbox 3040 4864 3160 4930; x_wconf 87' lang='lat' dir='ltr'><strong>tibi,</strong></span> <span class='ocrx_word' id='word_1_801' title='bbox 3185 4865 3473 4933; x_wconf 70' lang='lat' dir='ltr'><strong>Choraziut,</strong></span> <span class='ocrx_word' id='word_1_802' title='bbox 3509 4867 3697 4935; x_wconf 75' lang='lat' dir='ltr'><strong>inquit,</strong></span> <span class='ocrx_word' id='word_1_803' title='bbox 3744 4883 3822 4921; x_wconf 70' lang='lat' dir='ltr'><strong>ca!</strong></span> 
     </span>
    </p>
   </div>
   <div class='ocr_carea' id='block_1_113' title="bbox 2238 4954 3824 5026">
    <p class='ocr_par' dir='ltr' id='par_1_113' title="bbox 2238 4954 3824 5026">
     <span class='ocr_line' id='line_1_113' title="bbox 2238 4954 3824 5026; baseline 0.001 -20"><span class='ocrx_word' id='word_1_804' title='bbox 2238 4956 2344 5018; x_wconf 81' lang='lat' dir='ltr'><strong>tibi,</strong></span> <span class='ocrx_word' id='word_1_805' title='bbox 2372 4954 2645 5007; x_wconf 78' lang='lat' dir='ltr'><strong>Betltsaitla</strong></span> <span class='ocrx_word' id='word_1_806' title='bbox 2668 4971 2685 5008; x_wconf 90' lang='lat'><strong><em>:</em></strong></span> <span class='ocrx_word' id='word_1_807' title='bbox 2710 4955 2825 5023; x_wconf 85' lang='lat' dir='ltr'><strong>quia</strong></span> <span class='ocrx_word' id='word_1_808' title='bbox 2846 4956 2888 5007; x_wconf 88' lang='lat' dir='ltr'><strong>si</strong></span> <span class='ocrx_word' id='word_1_809' title='bbox 2916 4956 2967 5008; x_wconf 87' lang='lat' dir='ltr'><strong>in</strong></span> <span class='ocrx_word' id='word_1_810' title='bbox 2996 4955 3234 5009; x_wconf 83' lang='lat' dir='ltr'><strong>Sodomis</strong></span> <span class='ocrx_word' id='word_1_811' title='bbox 3256 4958 3405 5026; x_wconf 65' lang='lat' dir='ltr'><strong>facta</strong></span> <span class='ocrx_word' id='word_1_812' title='bbox 3429 4967 3588 5009; x_wconf 83' lang='lat' dir='ltr'><strong>essent</strong></span> <span class='ocrx_word' id='word_1_813' title='bbox 3612 4958 3824 5011; x_wconf 68' lang='lat' dir='ltr'><strong>virtutes</strong></span> 
     </span>
    </p>
   </div>
   <div class='ocr_carea' id='block_1_114' title="bbox 2238 5043 3823 5112">
    <p class='ocr_par' dir='ltr' id='par_1_114' title="bbox 2238 5043 3823 5112">
     <span class='ocr_line' id='line_1_114' title="bbox 2238 5043 3823 5112; baseline 0.004 -17"><span class='ocrx_word' id='word_1_814' title='bbox 2238 5043 2341 5095; x_wconf 81' lang='lat' dir='ltr'><strong>illa:</strong></span> <span class='ocrx_word' id='word_1_815' title='bbox 2367 5060 2478 5112; x_wconf 73' lang='lat' dir='ltr'><strong>qua:</strong></span> <span class='ocrx_word' id='word_1_816' title='bbox 2512 5048 2659 5111; x_wconf 68' lang='lat' dir='ltr'><strong>(actm</strong></span> <span class='ocrx_word' id='word_1_817' title='bbox 2698 5045 2886 5097; x_wconf 85' lang='lat' dir='ltr'><strong>suntin</strong></span> <span class='ocrx_word' id='word_1_818' title='bbox 2936 5046 3088 5107; x_wconf 83' lang='lat' dir='ltr'><strong>vobis,</strong></span> <span class='ocrx_word' id='word_1_819' title='bbox 3119 5046 3240 5097; x_wconf 86' lang='lat' dir='ltr'><strong>olim</strong></span> <span class='ocrx_word' id='word_1_820' title='bbox 3287 5047 3339 5097; x_wconf 87' lang='lat' dir='ltr'><strong>in</strong></span> <span class='ocrx_word' id='word_1_821' title='bbox 3369 5061 3513 5099; x_wconf 82' lang='lat' dir='ltr'><strong>sacco</strong></span> <span class='ocrx_word' id='word_1_822' title='bbox 3555 5058 3601 5099; x_wconf 86' lang='lat' dir='ltr'><strong>et</strong></span> <span class='ocrx_word' id='word_1_823' title='bbox 3652 5048 3823 5101; x_wconf 64' lang='grc' dir='ltr'><strong>(ἔμιμνε</strong></span> 
     </span>
    </p>
   </div>
   <div class='ocr_carea' id='block_1_115' title="bbox 2240 5133 3831 5205">
    <p class='ocr_par' dir='ltr' id='par_1_115' title="bbox 2240 5133 3831 5205">
     <span class='ocr_line' id='line_1_115' title="bbox 2240 5133 3831 5205; baseline 0.001 -21"><span class='ocrx_word' id='word_1_824' title='bbox 2240 5134 2577 5199; x_wconf 76' lang='lat' dir='ltr'><strong>pmititctttintit</strong></span> <span class='ocrx_word' id='word_1_825' title='bbox 2602 5135 2831 5202; x_wconf 74' lang='lat' dir='ltr'><strong>egissent.</strong></span> <span class='ocrx_word' id='word_1_826' title='bbox 2875 5133 3001 5187; x_wconf 86' lang='lat' dir='ltr'><strong>Ideo</strong></span> <span class='ocrx_word' id='word_1_827' title='bbox 3032 5136 3145 5187; x_wconf 86' lang='lat' dir='ltr'><strong>dico</strong></span> <span class='ocrx_word' id='word_1_828' title='bbox 3186 5136 3325 5188; x_wconf 84' lang='lat' dir='ltr'><strong>vobis</strong></span> <span class='ocrx_word' id='word_1_829' title='bbox 3353 5138 3471 5205; x_wconf 86' lang='lat' dir='ltr'><strong>quia</strong></span> <span class='ocrx_word' id='word_1_830' title='bbox 3509 5138 3831 5190; x_wconf 81' lang='lat' dir='ltr'><strong>tolerabilius</strong></span> 
     </span>
    </p>
   </div>
   <div class='ocr_carea' id='block_1_116' title="bbox 2237 5226 3816 5298">
    <p class='ocr_par' dir='ltr' id='par_1_116' title="bbox 2237 5226 3816 5298">
     <span class='ocr_line' id='line_1_116' title="bbox 2237 5226 3816 5298; baseline 0.003 -21"><span class='ocrx_word' id='word_1_831' title='bbox 2237 5227 2330 5277; x_wconf 84' lang='lat' dir='ltr'><strong>erit</strong></span> <span class='ocrx_word' id='word_1_832' title='bbox 2374 5236 2518 5278; x_wconf 67' lang='lat' dir='ltr'><strong>terrm</strong></span> <span class='ocrx_word' id='word_1_833' title='bbox 2565 5226 2903 5279; x_wconf 82' lang='lat' dir='ltr'><strong>Sodomorum</strong></span> <span class='ocrx_word' id='word_1_834' title='bbox 2950 5237 2994 5280; x_wconf 87' lang='lat' dir='ltr'><strong>et</strong></span> <span class='ocrx_word' id='word_1_835' title='bbox 3048 5226 3343 5281; x_wconf 77' lang='lat' dir='ltr'><strong>Gomorrha:</strong></span> <span class='ocrx_word' id='word_1_836' title='bbox 3391 5229 3443 5280; x_wconf 85' lang='lat' dir='ltr'><strong>in</strong></span> <span class='ocrx_word' id='word_1_837' title='bbox 3486 5230 3568 5281; x_wconf 84' lang='lat' dir='ltr'><strong>die</strong></span> <span class='ocrx_word' id='word_1_838' title='bbox 3610 5230 3816 5298; x_wconf 77' lang='lat' dir='ltr'><strong>judicii,</strong></span> 
     </span>
    </p>
   </div>
   <div class='ocr_carea' id='block_1_117' title="bbox 2238 5315 3818 5387">
    <p class='ocr_par' dir='ltr' id='par_1_117' title="bbox 2238 5315 3818 5387">
     <span class='ocr_line' id='line_1_117' title="bbox 2238 5315 3818 5387; baseline 0.004 -20"><span class='ocrx_word' id='word_1_839' title='bbox 2238 5333 2388 5381; x_wconf 82' lang='lat' dir='ltr'><strong>quant</strong></span> <span class='ocrx_word' id='word_1_840' title='bbox 2431 5316 2566 5368; x_wconf 77' lang='lat' dir='ltr'><strong>vobis</strong></span> <span class='ocrx_word' id='word_1_841' title='bbox 2614 5315 2827 5385; x_wconf 80' lang='lat' dir='ltr'><strong>(Matth.</strong></span> <span class='ocrx_word' id='word_1_842' title='bbox 2880 5318 2961 5370; x_wconf 83' lang='grc' dir='ltr'><strong>Η.</strong></span> <span class='ocrx_word' id='word_1_843' title='bbox 3016 5318 3106 5371; x_wconf 75' lang='lat'><strong>2|.</strong></span> <span class='ocrx_word' id='word_1_844' title='bbox 3154 5317 3263 5382; x_wconf 71' lang='lat'><strong>22;</strong></span> <span class='ocrx_word' id='word_1_845' title='bbox 3306 5316 3433 5371; x_wconf 84' lang='lat' dir='ltr'><strong>Luc.</strong></span> <span class='ocrx_word' id='word_1_846' title='bbox 3464 5318 3671 5372; x_wconf 70' lang='lat'><strong>10.15.</strong></span> <span class='ocrx_word' id='word_1_847' title='bbox 3704 5322 3818 5387; x_wconf 74' lang='grc' dir='ltr'><strong>Η).</strong></span> 
     </span>
    </p>
   </div>
   <div class='ocr_carea' id='block_1_118' title="bbox 2242 5408 3819 5479">
    <p class='ocr_par' dir='ltr' id='par_1_118' title="bbox 2242 5408 3819 5479">
     <span class='ocr_line' id='line_1_118' title="bbox 2242 5408 3819 5479; baseline 0.003 -19"><span class='ocrx_word' id='word_1_848' title='bbox 2242 5408 2422 5472; x_wconf 82' lang='lat' dir='ltr'><strong>Vides,</strong></span> <span class='ocrx_word' id='word_1_849' title='bbox 2450 5408 2662 5471; x_wconf 85' lang='lat' dir='ltr'><strong>dilecte,</strong></span> <span class='ocrx_word' id='word_1_850' title='bbox 2693 5410 2957 5477; x_wconf 90' lang='lat' dir='ltr'><strong>quomodo</strong></span> <span class='ocrx_word' id='word_1_851' title='bbox 2982 5425 3100 5464; x_wconf 90' lang='lat' dir='ltr'><strong>cum</strong></span> <span class='ocrx_word' id='word_1_852' title='bbox 3130 5411 3257 5464; x_wconf 90' lang='lat' dir='ltr'><strong>dicit</strong></span> <span class='ocrx_word' id='word_1_853' title='bbox 3280 5450 3295 5474; x_wconf 97' lang='lat'><strong>,</strong></span> <span class='ocrx_word' id='word_1_854' title='bbox 3321 5409 3655 5465; x_wconf 83' lang='lat' dir='ltr'><strong>Tolerabilius</strong></span> <span class='ocrx_word' id='word_1_855' title='bbox 3683 5416 3778 5464; x_wconf 80' lang='lat' dir='ltr'><strong>erit</strong></span> <span class='ocrx_word' id='word_1_856' title='bbox 3802 5454 3819 5479; x_wconf 83' lang='lat'><strong>,</strong></span> 
     </span>
    </p>
   </div>
   <div class='ocr_carea' id='block_1_119' title="bbox 2238 5499 3821 5570">
    <p class='ocr_par' dir='ltr' id='par_1_119' title="bbox 2238 5499 3821 5570">
     <span class='ocr_line' id='line_1_119' title="bbox 2238 5499 3821 5570; baseline 0.004 -19"><span class='ocrx_word' id='word_1_857' title='bbox 2238 5499 2472 5553; x_wconf 84' lang='lat' dir='ltr'><strong>ostendit</strong></span> <span class='ocrx_word' id='word_1_858' title='bbox 2499 5500 2729 5554; x_wconf 89' lang='lat' dir='ltr'><strong>eoslicet</strong></span> <span class='ocrx_word' id='word_1_859' title='bbox 2755 5510 2953 5554; x_wconf 89' lang='lat' dir='ltr'><strong>tantam</strong></span> <span class='ocrx_word' id='word_1_860' title='bbox 2984 5502 3069 5556; x_wconf 92' lang='lat' dir='ltr'><strong>hic</strong></span> <span class='ocrx_word' id='word_1_861' title='bbox 3112 5518 3321 5570; x_wconf 68' lang='lat' dir='ltr'><strong>pinnam</strong></span> <span class='ocrx_word' id='word_1_862' title='bbox 3355 5502 3621 5568; x_wconf 78' lang='lat' dir='ltr'><strong>dederint,</strong></span> <span class='ocrx_word' id='word_1_863' title='bbox 3649 5514 3707 5558; x_wconf 90' lang='lat' dir='ltr'><strong>et</strong></span> <span class='ocrx_word' id='word_1_864' title='bbox 3738 5507 3821 5557; x_wconf 82' lang='lat' dir='ltr'><strong>in-</strong></span> 
     </span>
    </p>
   </div>
   <div class='ocr_carea' id='block_1_120' title="bbox 2237 5591 3825 5665">
    <p class='ocr_par' dir='ltr' id='par_1_120' title="bbox 2237 5591 3825 5665">
     <span class='ocr_line' id='line_1_120' title="bbox 2237 5591 3825 5665; baseline 0.005 -21"><span class='ocrx_word' id='word_1_865' title='bbox 2237 5591 2481 5645; x_wconf 90' lang='lat' dir='ltr'><strong>cendium</strong></span> <span class='ocrx_word' id='word_1_866' title='bbox 2525 5591 2649 5644; x_wconf 86' lang='lat' dir='ltr'><strong>illud</strong></span> <span class='ocrx_word' id='word_1_867' title='bbox 2677 5607 2869 5645; x_wconf 88' lang='lat' dir='ltr'><strong>novum</strong></span> <span class='ocrx_word' id='word_1_868' title='bbox 2899 5602 2952 5645; x_wconf 93' lang='lat' dir='ltr'><strong>et</strong></span> <span class='ocrx_word' id='word_1_869' title='bbox 2985 5608 3161 5645; x_wconf 90' lang='lat' dir='ltr'><strong>rarum</strong></span> <span class='ocrx_word' id='word_1_870' title='bbox 3191 5594 3407 5648; x_wconf 89' lang='lat' dir='ltr'><strong>tu&#39;criut</strong></span> <span class='ocrx_word' id='word_1_871' title='bbox 3428 5636 3442 5659; x_wconf 91' lang='lat'><strong>,</strong></span> <span class='ocrx_word' id='word_1_872' title='bbox 3476 5596 3582 5648; x_wconf 84' lang='lat' dir='ltr'><strong>illic</strong></span> <span class='ocrx_word' id='word_1_873' title='bbox 3609 5612 3825 5665; x_wconf 81' lang='lat' dir='ltr'><strong>quoque</strong></span> 
     </span>
    </p>
   </div>
   <div class='ocr_carea' id='block_1_121' title="bbox 2238 5685 3823 5759">
    <p class='ocr_par' dir='ltr' id='par_1_121' title="bbox 2238 5685 3823 5759">
     <span class='ocr_line' id='line_1_121' title="bbox 2238 5685 3823 5759; baseline 0.003 -21"><span class='ocrx_word' id='word_1_874' title='bbox 2238 5699 2445 5753; x_wconf 72' lang='lat' dir='ltr'><strong>pmnam</strong></span> <span class='ocrx_word' id='word_1_875' title='bbox 2470 5685 2670 5738; x_wconf 86' lang='lat' dir='ltr'><strong>laturos</strong></span> <span class='ocrx_word' id='word_1_876' title='bbox 2699 5699 2839 5748; x_wconf 87' lang='lat' dir='ltr'><strong>esse,</strong></span> <span class='ocrx_word' id='word_1_877' title='bbox 2874 5693 3240 5739; x_wconf 89' lang='lat' dir='ltr'><strong>verumtamen</strong></span> <span class='ocrx_word' id='word_1_878' title='bbox 3260 5686 3512 5740; x_wconf 87' lang='lat' dir='ltr'><strong>leviorem</strong></span> <span class='ocrx_word' id='word_1_879' title='bbox 3535 5729 3548 5747; x_wconf 91' lang='lat'><strong>,</strong></span> <span class='ocrx_word' id='word_1_880' title='bbox 3584 5703 3650 5740; x_wconf 90' lang='lat' dir='ltr'><strong>eo</strong></span> <span class='ocrx_word' id='word_1_881' title='bbox 3678 5690 3823 5759; x_wconf 87' lang='lat' dir='ltr'><strong>quod</strong></span> 
     </span>
    </p>
   </div>
   <div class='ocr_carea' id='block_1_122' title="bbox 2236 5772 3819 5851">
    <p class='ocr_par' dir='ltr' id='par_1_122' title="bbox 2236 5772 3819 5851">
     <span class='ocr_line' id='line_1_122' title="bbox 2236 5772 3819 5851; baseline 0.006 -27"><span class='ocrx_word' id='word_1_882' title='bbox 2236 5772 2493 5843; x_wconf 80' lang='lat' dir='ltr'><strong>priusliic</strong></span> <span class='ocrx_word' id='word_1_883' title='bbox 2516 5786 2709 5831; x_wconf 89' lang='lat' dir='ltr'><strong>tantam</strong></span> <span class='ocrx_word' id='word_1_884' title='bbox 2749 5776 2951 5847; x_wconf 79' lang='lat' dir='ltr'><strong>experti</strong></span> <span class='ocrx_word' id='word_1_885' title='bbox 2979 5776 3080 5830; x_wconf 75' lang='lat' dir='ltr'><strong>sint</strong></span> <span class='ocrx_word' id='word_1_886' title='bbox 3110 5776 3563 5846; x_wconf 81' lang='lat' dir='ltr'><strong>indignationem?</strong></span> <span class='ocrx_word' id='word_1_887' title='bbox 3607 5778 3683 5835; x_wconf 75' lang='lat' dir='ltr'><strong>Ni:</strong></span> <span class='ocrx_word' id='word_1_888' title='bbox 3730 5781 3819 5851; x_wconf 78' lang='lat' dir='ltr'><strong>igi-</strong></span> 
     </span>
    </p>
   </div>
  </div>
