4062 6396
223 391 332 450 219

223 509 323 561 διὰ
365 508 434 560 τὸ
475 505 628 562 εἶναι
668 509 890 574 αὐτοὺς
925 512 1176 577 σάρκας,
1213 514 1543 582 προμηνύων
1585 516 1767 580 αὐτοῖς
1791 519 1890 586 τῆς

221 597 652 664 ἀγανακτήσεως
682 596 845 649 αὑτοῦ
866 597 959 667 τὴν
981 597 1287 668 ὑπερϐολήν
1311 617 1324 631 ·
1347 597 1464 654 εἶτα
1493 603 1578 654 ἵνα
1609 601 1684 674 δῷ
1709 604 1893 669 αὑτοῖς

223 683 416 754 καιρὸν
443 683 716 754 ἀρκοῦντα
748 683 886 753 πρὸς
921 686 980 737 τὸ
1013 687 1430 754 μεταϐαλέσθαι.
1455 691 1548 742 καὶ
1582 690 1676 762 τὴν
1701 694 1895 762 πεῖραν

219 769 506 838 διαφυγεῖν
557 771 656 838 τῆς
713 771 1162 841 ἀγανακτήσεως,
1213 775 1409 846 φησίν·
1442 777 1694 830 Ἔσονται
1740 777 1796 830 δὲ
1835 779 1894 830 af.

221 857 428 927 ἡμέραι
460 857 640 910 αὑτῶν
681 857 774 928 ἐτη
825 861 1016 912 ἑκατὸν
1049 861 1218 914 εἴκοσι
1243 879 1256 891 ·
1299 864 1417 918 ἀντ)⁹
1463 865 1576 926 τοῦ,
1609 867 1890 937 μακροθυ-

221 950 385 1014 μὴσω
415 945 494 998 ἔτι
530 947 666 1014 μετά
702 947 768 1000 τὰ
801 948 1132 1000 πεντακόσια
1159 949 1274 1018 ἐτη.
1309 952 1441 1004 Ούδέ
1472 957 1578 1024 γὰρ
1613 954 1890 1008 ἐπαύσατο

217 1035 246 1084 ό
277 1033 486 1095 δίκαιος
500 1027 654 1098 οὗτος
673 1036 728 1086 ἐν
755 1038 867 1098 τοῖς
895 1036 1267 1102 πεντακοσίοις
1285 1038 1428 1092 ἔτεσι
1449 1039 1536 1092 διὰ
1563 1041 1660 1112 τῆς
1683 1043 1889 1106 οἰκείας

217 1122 595 1191 προσηγορίας
614 1122 820 1184 πάντας
847 1123 1044 1186 αὐτοὺς
1067 1125 1522 1196 ὑπομιμνήσκων,
1538 1128 1632 1180 καὶ
1655 1129 1886 1196 ἐνάγων,

214 1207 380 1277 εἴπερ
425 1208 709 1262 ἐϐούλοντο
745 1209 1057 1280 προσέχειν,
1093 1211 1232 1264 ὥστε
1263 1214 1481 1282 καὶτῆς
1527 1215 1724 1278 κακίας
1751 1217 1890 1270 ἀπο-

217 1295 414 1364 στῆναι
443 1297 538 1349 καὶ
569 1297 706 1366 πρὸς
726 1297 825 1366 τὴν
853 1299 1056 1367 ἀρετὴν
1087 1300 1514 1368 μετατάξασθαι.
1557 1302 1693 1356 Ἀλλ’
1715 1303 1886 1372 ὅμως,

215 1384 372 1452 φησὶ,
409 1384 502 1436 καὶ
529 1383 624 1435 νῦν
659 1384 740 1436 ἔτι
769 1385 962 1436 ἑκατὸν
1000 1386 1168 1438 εἴκοσι
1197 1387 1332 1439 ἐτῶν
1353 1389 1582 1460 ἀριθμὸν
1607 1391 1890 1460 ὑπισχνοῦ-

215 1490 318 1539 μαι
347 1473 598 1542 μακροου
609 1475 826 1542 μήσειν,
852 1475 940 1526 ἵνα
963 1474 1040 1544 τῷ
1069 1474 1272 1544 μεταξὺ
1303 1477 1478 1548 χρόνῳ
1505 1480 1584 1542 εἰς
1612 1479 1728 1532 δέον
1751 1497 1888 1550 χρη-

214 1561 466 1628 σάμενοι,
501 1561 596 1612 καὶ
625 1559 722 1630 τὴν
755 1559 952 1613 κακίαν
979 1561 1212 1627 φύγωσι,
1252 1565 1344 1616 καί
1372 1567 1472 1634 τῆς
1505 1565 1705 1636 ἀρετῆς
1739 1567 1888 1619 ἀντι-

209 1647 508 1700 λάϐωνται.
551 1649 658 1700 Καὶ
685 1649 744 1700 ού
780 1648 938 1716 μόνον
963 1651 1026 1718 τῇ
1055 1649 1348 1719 ὑποσχέσει
1379 1651 1490 1704 τῶν
1517 1652 1655 1705 ἐτῶν
1685 1655 1884 1708 ἑκατὸν

210 1733 390 1786 εἴκοσι
405 1733 672 1803 ἠρκέσθη,
696 1733 832 1786 ἀλλὰ
859 1736 954 1786 καὶ
977 1735 1053 1804 τῷ
1070 1735 1264 1805 δικαίῳ
1300 1738 1626 1806 προστάττει
1653 1741 1886 1794 κιϐωτὸν

205 1821 602 1890 τεκτὴνασθαι.
657 1822 742 1874 ἵνα
784 1822 878 1874 καὶ⁵
909 1822 1050 1893 αὑτὴ
1085 1826 1118 1892 ἡ
1153 1823 1272 1886 ὄψις
1299 1825 1399 1893 τῆς
1455 1827 1690 1880 κιϐωτοῦ
1721 1829 1886 1882 πάλιν

207 1909 492 1980 ἀρκοῦσαν
509 1911 691 1980 αὑτοῖς
709 1909 1016 1978 ὑπόμνησιν
1031 1911 1308 1983 παράσχῃ,
1331 1911 1425 1964 καὶ
1445 1913 1633 1984 μηδεὶς
1644 1917 1884 1988 ἀγνοήσῃ

206 2007 311 2074 τῆς
367 2004 670 2075 μελλούσης
717 2005 986 2076 τιμωρίας
1033 2006 1332 2074 ἐπάγεσθαι
1362 2009 1421 2060 τὸ
1454 2009 1702 2078 μέγεθος.
1741 2011 1884 2064 Αὐτὸ

208 2103 321 2173 γὰρ
353 2103 515 2154 τοῦτο
569 2101 660 2152 τὸν
713 2099 916 2154 δίκαιον
960 2103 1166 2155 ἐκεῖνον
1197 2105 1290 2156 καὶ
1321 2105 1400 2167 εἰς
1443 2105 1540 2174 τὴν
1569 2105 1746 2176 ἄκραν
1781 2107 1882 2176 τῆς

207 2201 457 2270 κορυφῆς
513 2195 795 2266 φθάσαντα
849 2197 1117 2268 τοσαύτην
1164 2201 1432 2252 ποιεῖσθαι
1473 2201 1706 2272 σπουδὴν
1754 2203 1882 2272 περὶ

205 2297 306 2366 τὴν
331 2296 431 2362 τῆς
470 2291 704 2344 κιϐωτοῦ
737 2295 1102 2365 κατασκευὴν,
1141 2297 1324 2349 ἱκανὸν
1362 2297 1571 2361 πάντας
1593 2299 1717 2362 τοὺς
1757 2297 1880 2352 νοῦν

207 2393 428 2462 εχοντας
490 2391 569 2450 είς
617 2389 856 2456 ἀγωνίαν
898 2390 992 2442 καὶ
1034 2392 1197 2460 φόϐον
1241 2394 1526 2464 ἐμϐαλεῖν,
1569 2396 1662 2448 καὶ
1697 2398 1881 2450 πεῖσαι

207 2485 660 2556 ἐξευμενίσασθαι
689 2483 778 2536 τὸν
807 2483 982 2548 οὑτως
1010 2487 1216 2558 ἥμερον
1255 2489 1350 2542 καὶ
1379 2489 1756 2559 φιλάνθρωπον
1785 2492 1882 2542 Δε-
1903 2501 1932 2530 ο

210 2586 432 2651 σπότην.
477 2582 536 2632 Εἰ
565 2581 672 2650 γὰρ
703 2581 754 2632 οἱ
777 2579 1040 2651 βάρϐαροι
1077 2583 1298 2645 ἐκεῖνοι,
1328 2585 1374 2636 οἱ
1405 2584 1876 2652 Νινευῖταιλέγω·

211 2679 369 2732 πάλιν
403 2677 514 2746 γὰρ
571 2676 770 2738 αὑτοὺς
818 2675 1112 2743 ἀναγκαῖον
1165 2679 1244 2740 είς
1283 2677 1445 2747 μέσον
1490 2679 1738 2747 ἀγαγεῖν,
1795 2679 1880 2732 ἵνα

207 2774 378 2844 ταύτῃ
433 2773 530 2825 καὶ
581 2771 780 2841 μᾶλλον
817 2770 998 2840 δειχθῇ
1048 2772 1140 2823 καὶ
1167 2773 1431 2844 τούτωνὴ
1465 2773 1879 2832 ὑπερϐάλλουσα
1921 2797 1936 2810 ·

208 2871 395 2932 κακία,
427 2867 698 2920 κάκείνων
728 2869 759 2936 ἡ
804 2867 972 2934 πολλὴ
1005 2867 1411 2939 εὐγνωμοσύνη.
1445 2869 1554 2922 Καὶ
1583 2871 1692 2940 γάρ
1721 2872 1748 2922 ὁ
1776 2872 1876 2921 Δε-

207 2966 412 3032 σπότης
439 2963 598 3034 ἡμῶν
627 2963 744 3016 τότε
793 2965 850 3014 ἐν
896 2965 962 3032 τῇ
1003 2963 1186 3032 ἡμέρα
1233 2964 1416 3036 ἐκείνῃ
1459 2967 1524 3036 τῇ
1557 2965 1782 3036 φοϐερᾷ,
1811 2969 1874 3038 τῇ

203 3059 300 3126 τῆς
329 3059 569 3126 κρίσεως
603 3057 764 3124 λέγω,
790 3055 1010 3118 δούλους
1047 3057 1142 3109 καὶ
1165 3056 1383 3119 δούλους
1409 3059 1489 3120 είς
1523 3059 1685 3129 μέσον
1706 3061 1874 3128 ἄγων,

201 3151 347 3205 οὕτω
371 3151 472 3220 τὴν
503 3153 826 3220 κατάκρισιν
878 3150 1188 3220 ἐργάζεται,
1229 3151 1355 3204 ὅταν
1387 3151 1672 3222 δειχθῶσιν
1691 3156 1740 3207 οἱ
1767 3155 1876 3208 τῶν

202 3249 384 3300 αὐτῶν
403 3247 813 3309 ἀπολαύσαντες
841 3247 934 3299 καὶ
963 3246 1070 3298 τῶν
1099 3245 1278 3298 αὑτῶν
1303 3249 1659 3318 μετασχόντες
1680 3249 1754 3321 μὴ
1775 3251 1874 3322 τὴν

203 3345 372 3414 αὐτὴν
400 3343 605 3414 ἀρετὴν
643 3343 990 3414 μετελθόντες
1013 3359 1026 3371 ·
1061 3343 1320 3406 πολλάκις
1349 3343 1404 3395 δὲ
1442 3345 1536 3397 καὶ
1565 3345 1622 3414 ἐξ
1675 3347 1874 3400 ἀνίσων

201 3445 438 3494 ποιεῖται
487 3443 586 3502 τὰς
623 3441 955 3510 συγκρίσεις,
1015 3441 1100 3494 ἵνα
1142 3441 1359 3494 πλείονα
1402 3443 1500 3510 τὴν
1550 3445 1874 3516 κατάκρισιν

199 3541 312 3600 τοῖς
363 3536 810 3607 ἐρραθυμηκόσιν
857 3536 1132 3607 ἐπαγάγῃ.
1181 3536 1276 3588 Διὰ
1316 3537 1470 3590 τοῦτο
1521 3539 1614 3592 καὶ
1667 3541 1724 3591 ἐν
1764 3543 1874 3604 τοῖς

205 3631 560 3698 Εύαγγελίοις
579 3630 790 3698 ἔλεγεν·
831 3630 1074 3698 Ἄνδρες
1107 3630 1404 3684 Λίνευῒται
1426 3632 1904 3698 ἀναστήσονται·

203 3733 270 3783 ἐτ’
305 3729 384 3796 τῇ
411 3730 604 3796 κρίσει
629 3727 778 3794 μετὰ
811 3728 922 3794 τῆς
952 3727 1158 3798 γενεᾶς
1196 3731 1436 3796 ταύτης,
1469 3731 1564 3783 καὶ
1601 3749 1866 3798 κατακρισ

201 3826 422 3878 νοῦιτη·
443 3823 658 3889 αὐτὴν,
687 3823 774 3875 ὅτι
807 3826 1183 3892 μετενόησαν
1201 3828 1288 3890 είς
1315 3827 1380 3878 τό
1406 3826 1676 3896 κήρυγμα
1693 3827 1870 3892 Ἰωνᾶ,

199 3923 300 3976 καὶ
345 3923 476 3976 ἰδοὺ
525 3921 740 3974 πλεῖον
784 3921 952 3976 Ἰωνᾶ
989 3917 1133 3976 ὧδε·
1169 3924 1447 3994 μονονουχὶ
1471 3925 1663 3992 λέγων.
1705 3927 1784 3980 ὅτι
1821 3930 1870 3979 οἱ

204 4023 474 4095 βάρϐαροι
499 4025 546 4074 οἱ
580 4022 846 4092 μηδεμιᾶς
898 4022 1213 4090 ἐπιμελείας
1249 4025 1673 4090 ἀπολαύσαντες,
1712 4029 1760 4080 οἱ
1795 4028 1868 4099 μὴ

201 4115 562 4186 προφητικῶν
583 4116 926 4185 διδάγμάτων
967 4117 1316 4182 ἀκούσαντες,
1343 4122 1390 4172 oi
1418 4123 1616 4190 σημεῖα
1644 4123 1717 4192 μὴ
1747 4123 1871 4176 θεα-

202 4213 454 4284 σάμενοι,
511 4211 562 4262 οἱ
611 4209 868 4280 θαύματα
906 4212 980 4281 μὴ
1015 4211 1232 4276 ἰδόντες,
1267 4214 1382 4267 ἀλλ’
1421 4216 1538 4276 ἐνὸς
1582 4217 1870 4288 ἀνθρώπου

201 4309 264 4361 ἐκ
298 4305 563 4372 ναυαγίου
610 4303 964 4368 διασωθέντος
1019 4309 1239 4377 ῥήματα
1291 4311 1620 4375 ἀκούσαντες
1669 4314 1869 4385 πολλὴν

201 4405 386 4462 αὑτοῖς
421 4400 522 4458 τὴν
558 4399 866 4466 ἀπόγνωσιν
893 4406 1192 4472 παρασχεῖν
1219 4405 1512 4473 δυνάμενα,
1532 4409 1716 4472 καὶεὶς
1735 4411 1872 4482 ἀμη-

199 4500 396 4570 χανία-ι
429 4496 708 4566 ἐμϐαλεῖν,
739 4497 812 4560 ὡς
831 4498 924 4548 καὶ
946 4499 1217 4568 ὑπεριδεῖν
1245 4501 1350 4552 τῶν
1373 4503 1502 4573 παρ.
1525 4503 1688 4556 αὑτοῦ
1721 4506 1860 4574 λεγο-

203 4593 406 4662 μένων,
467 4592 528 4644 οὑ
586 4591 744 4661 μόνον
775 4594 836 4644 ού
873 4594 1284 4666 κατεφρόνησαν
1311 4597 1421 4650 τῶν
1465 4599 1558 4651 τοῦ
1593 4604 1870 4672 προφήτου

202 4692 264 4758 ρη
274 4689 490 4758 μάτων,
519 4687 654 4740 ἀλλά
677 4689 767 4740 καὶ
787 4691 866 4751 εἰς
889 4689 1052 4760 τριῶν
1075 4693 1298 4761 ἡμερῶν
1329 4697 1688 4767 στενοχωρίαν
1715 4696 1868 4769 [2521

201 4781 634 4851 ἀποληφθέντες.
692 4781 864 4845 οὑτως
912 4785 1114 4853 ἀκριϐῆ
1175 4787 1268 4838 καὶ
1319 4790 1719 4861 συντεταμένην
1773 4793 1871 4863 τὴν

206 4873 498 4940 μετάνοιαν
531 4871 896 4938 ἐπεδείξαντο,
925 4873 1066 4926 ὥστε
1096 4876 1195 4946 τὴν
1227 4879 1500 4944 ἀπόφασιν
1535 4883 1870 4938 ἀνακαλέσα-

206 4964 324 5018 σθαι
365 4963 460 5016 τοῦ
490 4963 782 5016 Δεσπότου.
811 4957 970 5018 Οὗτοι
1003 4961 1116 5030 οὖν,
1145 4967 1297 5035 φησὶ,
1331 4973 1720 5041 κατακρινοῦσι
1748 4975 1872 5030 ταύ-

201 5075 298 5128 την
324 5059 428 5126 τὴν
454 5057 670 5124 γενεάν,
701 5059 798 5127 τὴν
829 5061 1096 5130 τοσαύτης
1115 5062 1498 5118 ἁπολαύσασαν
1529 5069 1866 5138 ἐπιμελείας,

203 5153 300 5220 τὴν
331 5157 700 5222 προφητικῶς
745 5156 1102 5224 ἐντραφεῖσαν
1140 5156 1362 5226 βίϐλοις,
1411 5161 1508 5230 τὴν
1547 5169 1746 5232 σημεῖα
1777 5169 1871 5220 καὶ

201 5249 406 5316 τέρατα
459 5247 580 5300 καθ’
611 5250 848 5318 ἑκάστην
903 5251 1115 5322 ἡμέραν
1143 5253 1442 5323 θεωμένην.
1499 5255 1628 5311 Εἶτα
1664 5261 1749 5314 ἵνα
1777 5267 1871 5319 καὶ

201 5345 406 5397 τούτων
445 5343 546 5412 τῆς
593 5345 848 5408 ἀπιστίας
890 5347 1036 5420 δείξῃ
1093 5348 1189 5418 τὴν
1236 5349 1561 5422 ὑπερϐολὴν,
1603 5357 1870 5412 κάκείνων

204 5441 298 5508 τὴν
317 5442 525 5502 ἄφατον
543 5443 980 5514 εὐγνωμοσύνην,
1011 5446 1310 5515 ἐπήγαγεν,
1340 5448 1467 5500 ’Ότι
1493 5455 1872 5520 μετενόησαν

203 5539 288 5598 είς
343 5536 410 5588 τὸ
455 5535 730 5604 κήρυγμα
767 5537 957 5602 Ἰωνᾶ,
989 5540 1086 5592 καὶ
1111 5540 1241 5594 ἰδοὺ
1271 5543 1482 5596 πλεῖον
1523 5545 1690 5600 Ἰωνᾶ
1717 5544 1866 5604 ὦδεο

207 5632 400 5683 ἐκεῖνοι
467 5631 585 5700 μὲν,
633 5634 816 5700 φησὶν.
865 5635 1055 5706 εὐτελῆ
1103 5637 1384 5709 ἄνθρωπον
1415 5640 1738 5714 θεασάμενοι
1780 5649 1867 5704 τὸν

219 5725 418 5786 Ἰωνάν,
457 5729 549 5779 καὶ
579 5727 825 5791 ἐδέξαντο
851 5731 910 5782 τὸ
939 5735 1067 5802 παρ’
1097 5733 1260 5787 αὑτοῦ
1286 5741 1566 5808 κήρυγμα,
1592 5743 1684 5794 καὶ
1712 5745 1868 5815 ἀκρι-

209 5817 473 5890 ϐεστάτην
505 5823 845 5888 ἐπεδείξαντο
887 5825 984 5896 τὴν
1012 5828 1298 5896 μετάνοιαν
1320 5851 1332 5864 ·
1365 5826 1506 5886 οὗτοι
1528 5834 1580 5887 δέ
1610 5839 1654 5888 οί
1690 5838 1868 5910 πολλῷ

447 5915 716 5978 ΡΑτιιοι..
758 5919 802 5976 (ἱ
817 5937 874 5978 ιι.
919 5919 1072 5984 LIII.

1373 395 1440 452 IN
1473 398 1624 455 CAP.
1665 399 2024 460 VIIGENES.
2070 407 2302 466 HOMIL.
2348 412 2510 469 XXV.

3555 427 3661 486 230

2001 521 2170 578 πλείω
2217 527 2310 580 τοῦ
2357 529 2528 595 Ἰωνᾶ,
2583 533 2675 586 καὶ
2719 534 2880 589 αὑτὸν
2910 535 3001 590 τὸν
3023 537 3131 592 τῶν
3153 537 3288 594 ὅλων
3334 539 3662 616 δημιουργδν

1997 618 2230 687 ὁρῶντες
2275 625 2370 678 σὺν
2407 627 2588 692 αὑτοῖς
2632 633 3232 702 συναναστρεφόμενον,
3291 637 3382 689 καὶ
3426 639 3662 694 τοσαῦτα

1997 717 2092 768 καὶ
2105 718 2326 772 τοιαῦτα
2349 721 2628 791 θαυμάσια
2647 727 2731 794 ἐφ’
2758 727 2994 800 ἑκάστης
3015 729 3400 800 ἐργαζόμενον,
3428 732 3660 802 λεπροὺς

1997 812 2344 881 καθαίροντα,
2397 821 2619 888 νεκροὺς
2657 822 2958 894 ἐγείροντα,
2988 824 3056 878 τὰ
3091 825 3400 897 πηρὼματα
3427 827 3520 898 τῆς
3559 827 3662 898 φῦ·

1999 921 2134 969 σεως
2167 909 2566 982 διορθούμενον,
2603 917 2863 988 δαίμονας
2915 921 3224 986 ἐλαύνοντα,
3270 921 3458 986 νόσους
3494 924 3660 992 ἰώμε-

1997 1017 2103 1062 νον,
2135 1007 2250 1072 μετ⁹
2279 1006 2524 1072 ἐξουσίας
2553 1011 2753 1082 πολλῆς
2783 1015 3192 1084 ἁμαρτημάτων
3219 1015 3410 1086 ἄφεσιν
3433 1018 3659 1088 χαριζό-

1998 1112 2178 1163 μενον,
2204 1100 2323 1153 ούδέ
2381 1105 2481 1176 τὴν
2520 1108 2686 1179 αὐτὴν
2737 1111 2845 1171 τοῖς
2899 1109 3188 1180 βαρϐάροις
3227 1111 3407 1164 πίστιν
3447 1111 3661 1164 ἐπεδεί-

1995 1185 2172 1252 ξαντο.

2065 1327 2126 1392 β’.
2171 1325 2307 1380 Ἀλλ’
2345 1331 2436 1384 ἐπὶ
2472 1332 2570 1404 τὴν
2599 1334 2918 1388 ἀκολουθίαν
2951 1335 3332 1406 ἐπανέλθωμεν
3361 1337 3448 1390 τοῦ
3471 1333 3654 1404 λόγου.

1994 1420 2079 1472 ἵνα
2103 1423 2249 1492 εἰδῇς
2276 1426 2368 1478 καὶ
2398 1427 2600 1480 τούτων
2620 1433 2718 1499 τῆς
2745 1432 3133 1504 ἀγνωμοσύνης
3151 1433 3250 1504 τὴν
3271 1433 3540 1492 ἐπίτασιν.
3559 1435 3656 1488 καὶ

1990 1515 2212 1570 ἐκείνων
2237 1520 2336 1589 τῆς
2353 1523 2765 1596 εὐγνωμοσύνης
2789 1527 2850 1580 τὸ
2869 1529 3126 1582 ἐπίπονον
3143 1545 3156 1559 ·
3181 1529 3276 1582 καὶ
3305 1529 3386 1580 ὅτι
3413 1529 3654 1580 κάκεῖνοι

1994 1613 2092 1681 μὲν
2109 1615 2166 1664 ἐν
2183 1618 2360 1682 τρισὶν
2377 1619 2612 1690 ἡμέραις
2639 1625 3152 1695 στενοχωρηθέντες,
3173 1625 3295 1678 οὐδὲ
3333 1624 3504 1687 οὑτως
3549 1624 3654 1676 ἁπ-

1987 1707 2294 1778 ηγόρευσαν
2321 1714 2502 1766 αὑτῶν
2531 1716 2629 1787 τὴν
2665 1721 2955 1790 σωτηρίαν,
2987 1721 3100 1774 ἀλλ’
3125 1722 3216 1774 ἐπὶ
3241 1721 3340 1792 τὴν
3365 1719 3652 1790 μετάνοιαν

1989 1805 2322 1871 σπεύσαντες
2377 1810 2469 1862 καὶ
2513 1811 2582 1864 τὰ
2621 1813 2984 1886 ἡμαρτημένα
3032 1818 3384 1886 ἀπενίψαντο.
3427 1816 3520 1868 καὶ
3551 1815 3652 1884 τῆς

1988 1904 2396 1976 φιλανθρωπίας
2419 1909 2512 1962 τοῦ
2530 1911 2797 1964 Δεσπότου
2825 1913 3004 1976 ἀξίους
3029 1915 3252 1976 ἑαυτοὺς
3273 1913 3645 1981 κατέστησανο

1985 1993 2130 2054 οὑτοι
2161 2001 2216 2055 δὲ
2245 2005 2398 2057 αὑτοὶ
2437 2007 2627 2060 ἑκατὸν
2651 2010 2822 2061 εἴκοσι
2857 2010 2990 2062 ἐτῶν
3029 2009 3364 2080 προθεσμίαν
3395 2007 3649 2074 λαϐόντες

1987 2096 2122 2167 πρὸς
2151 2099 2456 2168 μετάνοιαν,
2480 2103 2600 2154 οὑδέ
2622 2101 2792 2167 οὑτως
2827 2105 3110 2158 ἀπώναντό
3143 2123 3194 2159 τι
3223 2105 3403 2158 πλέον.
3433 2105 3522 2156 Διὸ
3553 2105 3649 2158 καὶ

1985 2191 2012 2243 ό
2031 2193 2305 2261 Δεσπότης
2331 2195 2472 2266 ὁρῶν
2514 2199 2693 2250 αὐτῶν
2731 2203 2828 2272 τῆς
2859 2202 3055 2264 κακίας
3079 2201 3175 2271 τὴν
3203 2201 3525 2273 ὑπερϐολὴν,
3553 2202 3647 2254 καὶ

1984 2281 2171 2352 ἐπειδὴ
2222 2279 2360 2336 εἶδεν
2408 2287 2488 2349 εἰς
2527 2288 2724 2360 πολλὴν
2783 2292 2977 2344 κακίαν
3005 2291 3395 2356 ἐξοκείλαντας,
3425 2293 3647 2360 ταχεῖαν

1983 2379 2166 2444 αὑτοῖς
2225 2381 2418 2450 ἐπάγει
2445 2383 2542 2454 τὴν
2574 2385 2872 2455 διόρθωσιν.
2906 2387 3004 2454 τῆς
3039 2388 3214 2456 κακῆς
3258 2387 3438 2440 αὑτῶν
3467 2386 3648 2456 ζύμης

1982 2473 2078 2542 τὴν
2101 2475 2362 2545 πονηρίαν
2395 2479 2678 2546 ἀφανίσας,
2709 2483 2800 2533 καὶ
2817 2482 3060 2534 ἐκποδὼν
3089 2482 3337 2552 ποιήσας.
3370 2481 3467 2534 Διά
3487 2480 3644 2534 τοῦτό

1983 2587 2115 2640 φησι
2137 2589 2150 2602 ·
2183 2573 2310 2627 Νῶε
2335 2574 2404 2627 δὲ
2427 2573 2666 2646 ἦνέτῶν
2679 2577 3033 2642 ἑξακοσίων,
3055 2578 3154 2633 καί
3171 2582 3202 2632 ό
3222 2578 3646 2645 κατακλυσμὸς

1980 2668 2087 2722 τοῦ
2118 2669 2335 2737 ὕδατος
2379 2673 2614 2743 ἐγένετο
2633 2675 2730 2728 ἐπὶ
2763 2675 2872 2743 τῆς
2905 2675 3035 2744 τῆς.
3065 2676 3212 2738 Τέως
3249 2675 3524 2744 ἐμάθομεν
3561 2674 3644 2726 δτι

1979 2763 2142 2833 ἡνίκα
2178 2765 2276 2836 μὲν
2309 2767 2342 2838 ἡ
2387 2768 2755 2839 ἀγανάκτησις
2785 2771 2975 2838 γέγονε
3022 2769 3116 2822 τοῦ
3157 2771 3446 2832 Δεσπότου,
3478 2771 3572 2822 καὶ
3609 2772 3645 2840 ἡ

1982 2863 2308 2936 πρόρρησις,
2359 2869 2727 2922 πεντακοσίων
2765 2865 2833 2939 ἦν
2901 2871 3056 2923 ἐτῶν.
3089 2871 3220 2924 Ὅτε
3263 2870 3318 2922 δὲ
3357 2869 3565 2940 ἐπήχθη
3615 2871 3646 2924 6

1981 2959 2382 3031 κατακλυσμὸς,
2439 2962 2753 3028 ἑξακοσίων,
2793 2965 2867 3027 ὡς
2921 2965 3112 3018 ἑκατὸν
3148 2967 3242 3036 ἐτη
3299 2971 3354 3020 ἐν
3391 2968 3466 3038 τῷ
3497 2969 3644 3037 μέσῳ

1980 3054 2256 3121 γενέσθαι,
2281 3057 2375 3109 καὶ
2399 3057 2531 3128 μηδέ
2561 3060 2618 3112 ἐν
2647 3063 2756 3122 τοῖς
2777 3061 2969 3113 ἑκατὸν
2999 3061 3141 3114 ἔτεσι
3165 3062 3419 3132 κερδᾶναι
3444 3063 3642 3124 αὑτούς

1978 3168 2031 3203 τι
2088 3151 2268 3218 πλέον,
2333 3153 2601 3224 τοσαύτης
2657 3156 3028 3220 ἀπολαύοντας
3067 3157 3412 3220 διδασκαλίας
3455 3161 3518 3210 ἐκ
3543 3159 3636 3230 τῆς

1979 3245 2526 3319 κατασκευαζομένης
2556 3249 2658 3303 ὑπὸ
2689 3250 2782 3302 τοῦ
2812 3251 2932 3303 Νῶε
2959 3251 3211 3308 κιϐωτοῦ.
3259 3253 3400 3306 Ἀλλ’
3427 3256 3554 3318 ἴσως
3575 3255 3640 3308 ἄν

1975 3357 2060 3404 τις
2083 3343 2272 3413 μαθεῖν
2301 3343 2669 3416 ἐπιζητήσειε,
2701 3348 2842 3411 τίνος
2873 3348 3056 3400 ἕνεκεν
3072 3347 3262 3412 εἰπὼν,
3288 3347 3539 3402 Ἑκατὸν
3567 3351 3644 3402 εἴη

1976 3454 2114 3490 κοσι
2139 3439 2242 3506 ἔτη
2263 3440 2502 3494 ἔσονται
2525 3446 2584 3496 αἱ
2597 3443 2806 3510 ἡμέραι
2829 3442 3045 3507 αὐτῶν,
3067 3445 3638 3516 καὶὲπαγγειλάμενος

1976 3535 2212 3588 τοσαῦτα
2269 3539 2732 3609 μακροθυμήσειν,
2767 3539 2872 3608 πρὸ
2919 3539 3020 3608 τῆς
3067 3541 3637 3611 τούτων-συμπληρὼ⁴

1977 3649 2114 3697 σεως
2167 3634 2264 3705 τὴν
2314 3637 2688 3708 πανωλεθρίαν
2723 3640 2989 3708 ἐπήγαγε.
3024 3641 3133 3691 Καὶ
3159 3639 3316 3692 τοῦτο
3343 3641 3442 3711 τῆς
3473 3641 3637 3694 αὑτοῦ

1976 3732 2384 3804 φιλανθρωπίας
2417 3737 2670 3805 μέγιστον
2689 3735 2754 3788 ἂν
2783 3738 2866 3807 εἴη
2890 3737 3104 3807 δεῖγμα.
3151 3737 3364 3809 Ἐπειδὴ
3391 3741 3499 3811 γὰρ
3525 3737 3636 3793 εἶδε

1977 3826 2098 3880 καθ’
2125 3829 2360 3898 ἑκάστην
2381 3831 2592 3899 ἡμέραν
2615 3831 2808 3884 ἀνίατα
2826 3833 3255 3902 ἁμαρτάνοντας,
3282 3835 3373 3885 καὶ
3389 3835 3450 3886 οὑ
3477 3837 3636 3905 μόνον

1974 3923 2124 3976 οὐδὲν
2170 3924 2546 3994 κερδαίνοντας
2575 3929 2638 3978 ἐκ
2678 3929 2777 3998 τῆς
2823 3929 3027 3994 ἁφάτου
3063 3929 3462 3999 μακροθυμίας,
3499 3929 3636 3984 ἀλλὰ

1975 4021 2068 4071 καὶ
2097 4021 2457 4084 ἐπιτείνοντας
2481 4021 2547 4073 τὰ
2570 4021 2722 4092 ἐλκη,
2745 4022 2832 4075 διὰ
2854 4023 3010 4076 τοῦτο
3025 4023 3203 4076 συνέτε
3214 4041 3280 4092 με
3307 4025 3394 4076 τὸν
3423 4025 3632 4096 χρόνον,

1973 4110 2112 4165 ὥστε
2141 4113 2214 4183 μὴ
2246 4113 2451 4182 μείζονι
2484 4117 2724 4187 τιμωρίᾳ
2755 4117 3092 4182 ὑπευθύνους
3136 4119 3331 4182 αὐτοὺς
3362 4121 3636 4190 καταστῆ-

1975 4221 2081 4257 ναι.
2105 4207 2212 4258 Καὶ
2238 4209 2384 4270 ποία,
2419 4210 2572 4278 φησὶ,
2594 4212 2792 4280 μείζων
2815 4207 2882 4282 ἦν
2899 4212 3100 4280 ταύτης
3129 4213 3364 4285 τιμωρία
3385 4231 3398 4278 ;
3425 4213 3634 4282 Ἔστιν,

1975 4303 2244 4372 ἁγαπητέ,
2281 4307 2374 4358 καὶ
2409 4307 2626 4376 μείζων,
2663 4310 2754 4362 καὶ
2787 4309 3152 4381 φοϐερωτέρα,
3195 4311 3288 4362 καὶ
3316 4309 3562 4382 διαρκὴς,
3598 4309 3632 4378 ἡ

1977 4399 2116 4452 κατὰ
2157 4401 2246 4454 τὸν
2287 4402 2547 4472 μέλλοντα
2575 4405 2768 4460 αἰῶνα.
2802 4407 2924 4459 ’Ὀτι
2961 4407 3070 4476 γὰρ
3096 4407 3194 4461 κᾶν
3215 4407 3450 4460 ἐνταῦθα
3477 4407 3636 4478 δίκην

1973 4497 2116 4558 τινὲς
2147 4497 2478 4568 ὑποσχῶσιν,
2510 4501 2629 4554 οὑδὲ
2654 4503 2751 4572 τὴν
2786 4501 2934 4574 [(255]
2967 4505 3083 4556 ἐκεῖ
3115 4503 3383 4574 τιμωρίαν
3408 4503 3634 4572 διαφεύ-

1973 4591 2176 4657 ξονται,
2207 4595 2340 4650 ἀλλά
2369 4599 2704 4670 κουφοτέραν
2731 4600 3124 4672 ὑποστήσονται
3149 4601 3236 4654 διὰ
3264 4601 3370 4654 τῶν
3401 4599 3635 4654 ἐνταῦθα

1975 4690 2314 4758 συμϐάντων,
2337 4692 2398 4746 τὸ
2423 4695 2650 4763 μέγεθος
2673 4696 2779 4748 τῶν
2801 4697 2916 4750 ἐκεῖ
2941 4695 3311 4768 κολαστηρίων
3335 4697 3634 4766 ὑποτεμνό-

1977 4801 2146 4854 μενοι,
2179 4785 2343 4840 ἄκουε
2373 4788 2466 4840 τοῦ
2493 4791 2729 4859 Χριστοῦ
2763 4791 3008 4860 λέγοντος
3032 4793 3124 4846 καὶ
3150 4789 3522 4855 ταλανίζοντος
3533 4788 3632 4858 τὴν

1973 4878 2265 4948 Βηθσαῖδᾶ·
2303 4885 2450 4936 Οὐαί
2485 4901 2602 4950 σοι,
2627 4885 2934 4955 Χωραζεὶμ,
2981 4887 3174 4957 φησὶν,
3209 4886 3346 4939 οὐαί
3377 4899 3497 4951 σοι,
3527 4887 3636 4950 Βη-

1973 4975 2211 5040 θσαϊδᾶ,
2255 4977 2342 5031 ὅτι
2387 4983 2438 5033 εἰ
2462 4981 2532 5036 ἐν
2550 4984 2834 5053 Σοδόμοις
2859 4983 3136 5053 ἐγένοντο
3173 4987 3232 5037 αἱ
3259 4983 3541 5052 δυνάμεις
3569 4985 3631 5036 αἱ

1972 5072 2282 5139 γενόμεναι
2339 5075 2409 5128 ἐν
2445 5077 2605 5146 ὑμῖν,
2637 5079 2822 5132 πάλαι
2868 5080 2946 5134 ἂν
2963 5081 3034 5132 ἐν
3065 5080 3272 5145 σάκκῳ
3295 5081 3392 5134 καί
3423 5081 3631 5146 σποδῷ

1971 5169 2363 5236 μετενόησαν.
2407 5171 2506 5224 Διὸ
2551 5171 2706 5240 λέγω
2741 5173 2900 5243 ὑμῖν,
2947 5174 3334 5242 ἀνεκτότερον
3364 5175 3535 5228 ἔσται
3557 5173 3632 5242 τῇ

1973 5261 2250 5330 Σοδόμων
2299 5265 2398 5318 καὶ
2445 5267 2752 5336 Γομόρῤας
2799 5269 2870 5322 ἐν
2899 5269 3089 5338 ἡμέρᾳ
3122 5269 3374 5337 κρίσεως
3403 5269 3448 5337 ἢ.
3471 5271 3628 5337 ὑμῖν.

1985 5358 2165 5428 Ὁρᾷς,
2191 5359 2462 5431 ἀγαπητὲ,
2495 5361 2612 5426 πῶς
2647 5363 2726 5434 τῷ
2750 5367 2940 5431 εἰπεῖν,
2981 5367 3403 5434 Ἆνεκτότερον,
3432 5364 3632 5430 ἔδειξεν

1973 5453 2053 5506 ὅτι
2077 5455 2170 5507 καὶ
2197 5457 2244 5508 οἱ
2278 5457 2545 5530 τοσαύτην
2580 5460 2811 5513 ἐνταῦθα
2854 5461 3008 5533 δίκην
3045 5463 3246 5524 δόντες,
3291 5461 3382 5514 καὶ
3412 5459 3505 5514 τὸν
3529 5461 3630 5529 ἐμ·-

1973 5549 2226 5618 πρησμὸν
2279 5551 2484 5604 ἐκεῖνον
2535 5553 2626 5606 τὸν
2655 5555 2842 5610 καινὸν
2896 5557 2988 5610 καὶ
3023 5555 3170 5621 ξένον
3217 5555 3629 5625 ὑπομείναντες,

1971 5644 2136 5695 κάκεῖ
2159 5661 2278 5698 τινα
2308 5647 2578 5716 τιμωρίαν
2605 5650 3020 5721 ὑποστήσονται,
3042 5651 3377 5722 κουφοτέραν
3397 5650 3454 5702 δὲ
3479 5651 3630 5720 ὅμως

1969 5739 2058 5792 διὰ
2097 5741 2161 5792 τὸ
2221 5742 2590 5812 προλαϐόντας
2617 5747 2849 5802 ἐνταῦθα
2889 5749 3154 5821 τοσαύτης
3181 5747 3506 5820 πειραθῆναι
3531 5745 3629 5816 τῆς

1973 5843 2431 5914 ἁγανακτήσεωςς
2475 5845 2688 5902 Ἵνόῦν
2717 5850 2792 5923 μὴ
2838 5853 2932 5905 καὶ
2977 5847 3120 5906 οὗτοι
3177 5850 3532 5912 ἐπιτείνοντες
3558 5847 3626 5902 τά

3189 5944 3255 5996 Η
