4062 6396
412 382 511 437 2‘2!

417 498 794 568 ἁμαρτήματα
856 497 1103 568 μείζονος
1154 500 1426 572 τιμωρίας
1481 502 1705 567 ἑαυτοὺς
1750 504 2085 566 ὑπευθύνους

419 587 855 656 καταστήσωσιν,
901 584 979 646 ὡς
1028 585 1230 654 ἀγαθὸς
1272 586 1366 640 καὶ
1407 586 1785 660 φιλάνθρωπος
1815 591 2093 661 Δεσπότης

416 672 560 744 ὀρῶν
590 672 771 725 αὐτῶν
816 672 878 725 τὸ
916 672 1309 744 ἀμετανόητον,
1342 674 1400 727 ὅν
1432 674 1701 746 ὑπέσχετο
1734 677 2092 749 μακροθυμὴ-

419 780 555 822 σειν,
586 761 775 832 χρόνον
812 760 1121 830 συνέτεμεν.
1149 761 1483 833 Ὠσπεργάρ
1511 765 1603 816 ἐπὶ
1628 763 1736 817 τῶν
1757 765 1857 835 τὴν
1885 765 2090 817 οἰκείαν

417 851 835 921 εὐγνωμοσύνην
868 849 1322 920 ἐπιδεικνυμένων
1350 850 1438 904 διά
1472 851 1571 923 τὴν
1600 851 1909 922 προσοῦσαν
1941 853 2090 922 αὑτῷ

418 938 732 1007 ἀγαθότητα
768 937 1120 991 ἀνακαλεῖται
1150 938 1248 1001 τὰς
1278 939 1410 1010 παρ’
1442 939 1607 993 αὑτοῦ
1638 940 1961 1009 ἀποφάσεις,
1994 941 2089 993 καὶ

422 1022 923 1094 μεταϐαλλομένους
955 1022 1256 1096 προσίεται,
1284 1025 1377 1075 καὶ
1408 1024 1509 1093 τῆς
1535 1023 1888 1094 ἐπικειμένης
1915 1023 2089 1076 ἀπαλ-

417 1110 600 1164 λάττει
647 1110 917 1182 τιμωρίας
938 1128 953 1141 ο
1004 1108 1146 1163 οὑτω
1180 1110 1341 1164 πάλιν
1366 1109 1585 1163 ἐπειδὰν
1627 1110 2087 1182 ἐπαγγέλληταιή

415 1198 598 1269 ἀγαθά
623 1217 744 1253 τινα
772 1198 1049 1268 παρέξειν,
1098 1198 1130 1268 ἦ
1183 1198 1525 1268 προθεσμίαν
1554 1199 1865 1268 μετανοίας,
1909 1199 1996 1270 ῑδῃ
2033 1199 2087 1252 δὲ

414 1287 665 1352 ἀναξίους
706 1287 1019 1355 γεγονότας,
1052 1286 1145 1339 καὶ
1183 1286 1305 1339 τότε
1343 1287 1506 1341 πάλιν
1532 1286 1884 1340 ἀνακαλεῖται
1922 1286 2085 1341 αὑτοῦ

412 1376 511 1439 τὰς
541 1374 879 1443 ὑποσχέσεις.
911 1374 1009 1427 Διά
1028 1372 1186 1426 τοῦτο
1208 1374 1302 1427 καὶ
1346 1373 1435 1427 διὰ
1465 1374 1559 1428 τοῦ
1578 1376 1855 1446 προφήτου
1890 1374 2041 1442 ἔλεγε
2068 1391 2081 1406 ’

411 1463 606 1531 Πέρας
623 1462 876 1527 λαλήσω
894 1462 989 1515 ἐπὶ
1004 1461 1169 1529 ἔθνη.
1188 1462 1285 1515 καί
1304 1462 1400 1514 ἐπὶ
1419 1462 1766 1528 βασιλείας,
1782 1462 1886 1517 τοῦ
1900 1463 2088 1517 ἀπολ-

411 1553 583 1605 λύειν
640 1551 736 1604 καί
796 1547 1242 1603 κατασκάπτειν
1266 1565 1280 1579 ⁸
1335 1550 1434 1602 καί
1477 1549 1586 1603 ἐὰν
1631 1550 2083 1618 μετανοήσωσι,

406 1639 764 1710 μετανοήσει)
794 1638 956 1708 κάγὼ
997 1638 1089 1707 ἐφ’
1130 1635 1219 1703 οἷς
1264 1636 1543 1704 ἐλάλησα
1564 1637 1815 1705 ποιῆσαι
1842 1639 2047 1705 αὐτοῖς
2068 1655 2083 1671 ο

411 1729 506 1783 καὶ
532 1728 713 1789 πάλιν,
734 1727 925 1793 Πέρας
948 1724 1202 1792 λαλήσω
1216 1724 1312 1777 ἐπὶ
1337 1724 1481 1791 ἔθνη
1506 1723 1607 1778 καί
1623 1724 1721 1777 ἐπὶ
1737 1725 2084 1793 βασιλείας,

409 1816 516 1870 τοῦ
573 1812 1016 1881 άνοικοδομεῒν’
1061 1811 1159 1865 καὶ
1207 1812 1315 1864 ἐὰν
1351 1811 1676 1880 ἁμάρτωσι,
1725 1812 2083 1880 μετανοήσω

409 1904 576 1963 κάγὼ
601 1903 692 1970 ἐφ’
721 1896 810 1967 οἷς
833 1898 1111 1966 ἐλάλησα
1128 1896 1377 1966 ποιῆσαι
1399 1898 1624 1964 αὺτοῖς.
1649 1893 1799 1962 Εἶδες
1815 1898 1933 1962 πῶς
1954 1901 2084 1970 παρ’

409 1994 440 2061 ἡ
452 1991 567 2062 μῶν
594 1991 691 2054 τὰς
741 1988 995 2060 ἀφορμὰς
1028 1986 1296 2060 λαμϐάνει
1318 1986 1413 2041 καὶ
1442 1987 1542 2056 τῆς
1570 1987 1980 2057 φιλανθρωπίας
2014 1990 2083 2060 ἢν

412 2079 540 2149 περὶ
592 2080 739 2147 ἡμᾶς
787 2076 1174 2137 ἐπιδείκνυται,
1225 2074 1319 2127 καὶ
1356 2076 1455 2145 τῆς
1496 2075 1950 2146 ἀγανακτήσεως;
1987 2076 2085 2129 Διά

408 2186 490 2221 τοι
518 2166 675 2221 τοῦτο
701 2166 796 2220 καὶ
835 2165 928 2219 νῦν
954 2165 1140 2236 ἐπειδὴ
1174 2165 1274 2217 οὑκ
1315 2165 1394 2228 εἰς
1422 2163 1540 2217 δέον
1566 2164 1865 2236 ἐχρήσαντο
1892 2168 1956 2235 τῇ
1988 2165 2082 2218 τοῦ

406 2254 599 2326 χρόνου
639 2254 965 2323 παρατάσει,
992 2252 1277 2322 συντέμνει
1309 2251 1401 2304 τὸν
1431 2252 1642 2323 καιρόν.
1673 2252 1771 2306 Διά
1804 2252 1960 2305 τοῦτο
1989 2253 2084 2306 καὶ

406 2345 435 2395 6
477 2342 745 2413 μακάριος
780 2341 988 2404 Παῦλος
1018 2340 1173 2409 ἔλεγε
1206 2338 1345 2410 πρὸς
1372 2340 1497 2402 τοὺς
1529 2339 1849 2410 ἀναλγήτως
1878 2341 2082 2394 διακει-

412 2430 627 2500 μένους,
656 2429 751 2481 καὶ
779 2428 878 2497 τὴν
915 2427 1002 2481 διὰ
1041 2428 1139 2497 τῆς
1177 2426 1464 2497 μετανοίας
1497 2426 1786 2497 δεδομένην
1815 2429 1946 2499 ἡμῖν
1978 2445 2083 2481 σω-

408 2518 599 2589 τηρίαν
637 2515 697 2569 ού
732 2515 1142 2585 προσιεμένους.
1158 2516 1227 2568 Ἦ
1252 2514 1358 2568 τοῦ
1388 2515 1657 2568 πλούτου
1690 2514 1800 2583 τῆς
1829 2515 2082 2583 χρηστό-

340 2653 354 2670 ,
409 2622 585 2671 τηῆος
613 2603 823 2666 αὐτοῦ,
851 2601 1078 2669 καὶτῆς
1116 2602 1366 2670 ἀνοχῆς,
1397 2601 1493 2655 καὶ
1525 2601 1634 2670 τῆς
1666 2603 2082 2671 μακροθυμίας

409 2691 820 2762 καταφρονεῖς,
870 2688 1126 2760 ἀγνοῶν,
1158 2689 1247 2742 ὅτι
1276 2689 1342 2743 τὸ
1378 2689 1645 2757 χρηστὸν
1667 2690 1772 2743 τοῦ
1816 2690 1962 2744 Θεοῦ
1993 2693 2083 2756 εἰς

403 2779 725 2849 μετάνοιάν
758 2793 832 2832 σε
860 2778 985 2847 ἄγει
1010 2793 1028 2841 ;
1055 2775 1215 2831 Κατὰ
1248 2775 1318 2829 66
1367 2775 1480 2842 τὴν
1527 2776 1908 2844 σκληρότητά
1963 2792 2081 2831 σου

407 2868 505 2921 καί
535 2867 942 2935 ἀμετανόητον
962 2864 1213 2932 καρδίαν
1236 2862 1611 2932 θησαυρίζεις
1644 2863 1879 2929 σεαυτῷ
1895 2864 2083 2933 ὀργὴν

405 2956 477 3009 ἐν
504 2956 691 3025 ἡμέρᾳ
712 2954 893 3023 ὀργῆς
920 2954 1016 3007 καὶ
1056 2953 1499 3021 ἀποκαλύψεως
1526 2950 1623 3005 καί
1643 2950 2080 3018 δικαιοκρισίας

405 3043 513 3097 τοῦ
538 3043 724 3104 Θεοῦ;
760 3039 913 3105 Εἶδες
939 3040 1053 3103 πῶς
1088 3040 1182 3093 καὶ
1205 3042 1232 3092 6
1261 3039 1563 3108 θαυμάσιος
1588 3030 1744 3100 οὗτος
1775 3038 1875 3107 τῆς
1906 3040 2082 3091 οἰκου-

411 3132 581 3203 μένης
604 3130 920 3192 διδάσκαλος
965 3128 1153 3198 σαφῶς
1184 3129 1334 3197 ἡμᾶς
1366 3127 1606 3192 ἐδίδαξεν
1626 3169 1640 3193 ,
1677 3129 1760 3181 ὅτι
1798 3129 1848 3181 οἱ
1878 3131 1943 3198 τῇ
1978 3146 2083 3199 μα-

407 3220 683 3290 κροθυμία
712 3217 805 3272 τοῦ
862 3217 997 3271 Θεοῦ
1025 3219 1091 3287 τῇ
1139 3216 1274 3287 πρὸς
1306 3216 1597 3287 μετάνοιαν
1627 3219 1763 3287 ἡμῖν
1806 3234 2082 3287 παρασχε-

408 3306 563 3377 θείσῃ
606 3307 682 3378 μὴ
736 3304 1009 3376 χρώμενοι
1043 3305 1122 3368 είς
1154 3304 1296 3367 δέον,
1330 3304 1534 3375 μείζονι
1565 3304 1687 3375 δίκῃ
1726 3305 1818 3359 καὶ
1842 3304 2083 3376 τιμωρίᾳ

407 3396 636 3458 ἑαυτοὺς
684 3393 1017 3456 ὑπευθύνους
1069 3393 1403 3455 καθιστῶσι;
1459 3392 1559 3445 Διὰ
1602 3392 1761 3446 τοῦτο
1794 3393 1887 3446 καὶ
1931 3392 2027 3445 νῦν
2055 3394 2084 3446 6

408 3482 786 3552 φιλάνθρωπος
804 3480 935 3543 Θεὸς
961 3480 1241 3551 μονονουχὶ
1269 3479 1726 3550 ἀπολογούμενος,
1747 3481 1841 3533 καὶ
1871 3480 2083 3542 δεικνὺς

403 3572 504 3642 τὴν
536 3569 736 3630 αἰτίαν,
767 3568 833 3622 δι’
873 3569 939 3638 ἣν
975 3567 1079 3638 πρὸ
1109 3567 1208 3637 τῆς
1238 3568 1347 3620 τῶν
1392 3567 1600 3638 καιρῶν
1636 3566 2082 3638 συμπληρώσεως

406 3660 656 3727 ἐπήγαγε
698 3656 789 3711 τὸν
839 3655 1257 3725 κατακλυσμὸν,
1300 3655 1723 3724 ἐπισημαίνεται
1784 3658 1915 3726 ἡμῖν
1973 3654 2082 3709 τῶν

406 3746 540 3800 ἐτῶν
598 3745 692 3797 τοῦ
738 3744 946 3797 δικαίου
998 3741 1089 3797 τὸν
1128 3743 1380 3814 ἀριθμὸν,
1428 3742 1519 3796 καί
1556 3759 1688 3813 φησι
1712 3758 1725 3771 °
1759 3742 1887 3796 Νῶε
1914 3741 1982 3795 66
2002 3736 2084 3812 ἦν

402 3835 556 3889 ἐτῶν
582 3834 933 3900 ἑξακοσίων.
973 3834 1036 3885 Οί
1068 3831 1174 3903 γὰρ
1212 3832 1268 3885 ἐν
1297 3833 1409 3891 τοῖς
1445 3831 1642 3884 ἐκατὸν
1676 3830 1819 3883 έτεσι
1841 3831 2081 3899 μεταϐα-

406 3923 594 3977 λέσθαι
624 3921 699 3992 μὴ
754 3920 1123 3990 βουληθέντες,
1156 3918 1208 3970 τί
1234 3919 1394 3972 πλέον
1417 3918 1481 3971 ἂν
1512 3917 1809 3989 ἐκέρδανον
1837 3918 1945 3971 ἀπὸ
1971 3918 2080 3971 τῶν

406 4007 579 4060 εἴκοσι
600 4006 758 4068 ἐτῶν,
787 4006 819 4077 ἦ
852 4005 914 4058 τὸ
942 4005 1163 4058 πλείονα
1182 4004 1283 4075 τὴν
1302 4004 1622 4076 προσθήκην
1653 4003 1989 4076 ἐργάσασθαι
2018 4016 2075 4068 ες

407 4094 631 4159 Δεικνὺς
665 4093 773 4166 γὰρ
806 4092 969 4146 αὑτοῦ
1000 4093 1097 4162 τῆς
1127 4093 1335 4162 ἀφάτου
1370 4091 1519 4163 [254]
1551 4090 1960 4163 φιλανθρωπίας
1986 4092 2080 4146 καὶ

407 4180 862 4257 ὑγαθότητοςοτὴν
891 4179 1217 4250 ὑπερϐολὴν,
1246 4180 1337 4232 καὶ
1360 4179 1468 4249 πρὸ
1493 4180 1631 4233 ἑπτὰ
1653 4178 1874 4251 ἡμερῶν
1908 4196 1981 4248 μη
1993 4177 2080 4231 νῦ-

410 4289 501 4324 σαι
528 4271 711 4332 αὑτοῖς
743 4268 840 4339 τὴν
872 4268 1165 4339 ἐπαγωγὴν
1194 4269 1289 4322 τοῦ
1322 4269 1707 4340 κατακλυσμοῦ
1739 4269 1799 4322 06
1829 4271 2078 4341 παρῃτή-

410 4376 559 4422 σατο,
576 4358 664 4410 ἴνα
686 4356 786 4409 κᾶν
807 4358 871 4426 τῇ
893 4356 1223 4429 στενοχωρίᾳ,
1243 4356 1337 4410 τοῦ
1364 4358 1557 4428 καιροῦ
1586 4356 1943 4421 συσταλέντες
1960 4358 2080 4412 τινὰ

411 4444 714 4515 μεταϐολὴν
751 4444 1143 4510 ἐπιδείξωνται.

478 4559 548 4620 γ’.
581 4552 690 4605 Καὶ
730 4551 829 4621 ὅρα
869 4549 1276 4624 φιλανθρωπίαν
1313 4550 1614 4611 Δεσπότου,
1659 4553 1778 4616 πῶς
1809 4554 2081 4625 διαφόρως

408 4640 657 4705 καθάπερ
705 4638 885 4708 ἰατρὸς
939 4637 1158 4708 ἀριστος
1190 4638 1524 4709 μεθώδευσεν
1547 4640 1727 4693 αὐτῶν
1764 4640 1861 4713 τὴν
1903 4643 2075 4699 νόσον.

418 4728 638 4798 Ἐπειδὴ
694 4726 803 4796 γάρ
850 4724 1043 4778 ἀνίατα
1079 4721 1147 4797 ἦν
1180 4725 1361 4779 αὐτῶν
1390 4727 1458 4781 τὰ
1491 4727 1800 4799 τραύματα,
1827 4730 2078 4783 τοσοῦτον

409 4817 582 4887 μῆκος
633 4814 816 4876 αὑτοῖς
869 4812 1208 4884 προθεσμίας
1262 4812 1586 4884 παρέσχετο,
1630 4816 1949 4888 βουλόμενος
1978 4818 2078 4873 κᾶν

404 4903 495 4958 διὰ
524 4902 618 4956 τοῦ
648 4899 885 4972 πλήθους
917 4901 1011 4954 τοῦ
1038 4900 1228 4971 χρόνου
1272 4903 1350 4965 εἰς
1383 4901 1637 4972 αἴσθησιν
1668 4904 1863 4968 αὑτοὺς
1892 4904 2078 4959 ἐλθόν-

405 5008 504 5055 τας
531 4990 966 5045 ἀνακαλέσασθαι
1018 4988 1182 5044 αὑτοῦ
1220 4990 1318 5059 τῆς
1356 4992 1779 5062 ἀγανακτήσεως
1810 4994 1909 5065 τὴν
1942 4996 2079 5049 61:6-

406 5097 589 5151 φασιν.
622 5079 782 5142 Ἐθος
807 5078 914 5149 γὰρ
964 5077 1113 5148 αὑτῷ
1164 5079 1269 5144 ἀεὶ,
1304 5078 1489 5150 ἐπειδὴ
1533 5078 1756 5150 κήδεται
1782 5081 1879 5151 τῆς
1910 5100 2076 5147 σωτη·

407 5168 530 5238 ρίας
559 5166 657 5235 τῆς
692 5166 986 5236 ἡμετέρας,
1021 5165 1305 5237 προλέγειν
1345 5165 1412 5228 ἃς
1445 5164 1625 5236 μέλλει
1660 5167 1883 5235 ἐπάγειν
1910 5186 2074 5239 τιμω-

407 5255 549 5327 ρίας,
578 5254 664 5306 διὰ
693 5253 850 5305 τοῦτο
886 5252 1065 5322 μόνον,
1109 5253 1198 5305 ἵνα
1232 5252 1306 5324 μὴ
1336 5254 1590 5324 ἐπαγάγῃ
1613 5270 1626 5285 ·
1658 5254 1733 5317 ὡς
1778 5254 1833 5307 εί
1869 5272 1933 5324 γε
1983 5259 2075 5310 ἐπ-

405 5343 632 5409 αγαγεῖν
665 5340 933 5405 ἐϐούλετο,
954 5341 1052 5393 οὑκ
1072 5340 1136 5392 ἂν
1163 5335 1314 5393 εἶπεν
1337 5357 1352 5369 ⁸
1379 5341 1494 5394 ἀλλ’
1524 5341 1776 5411 ἐπίτηδες
1801 5343 2074 5414 προλέγει,

407 5428 496 5481 ἵνα
522 5431 684 5499 ἡμεῖς
716 5427 999 5499 μαθόντες,
1034 5427 1126 5480 καὶ
1152 5426 1230 5497 τῷ
1256 5427 1405 5498 φόϐῳ
1428 5428 1889 5499 σωφρονισθέντες
1913 5448 2076 5501 μετα-

407 5515 659 5585 ϐάλωμεν
720 5513 885 5567 αὑτοῦ
935 5512 1032 5581 τὴν
1071 5513 1465 5583 ἀγανάκτησιν,
1502 5516 1596 5568 καὶ
1634 5515 1733 5578 τάς
1775 5515 2076 5584 ἀποφάσεις

407 5601 572 5654 αὑτοῦ
598 5602 836 5672 ἀκύρους
868 5602 1319 5670 καταστήσωμεν.
1371 5600 1539 5653 Οὑδὲν
1560 5600 1671 5673 γὰρ
1714 5601 1888 5666 οὓτως
1919 5604 2075 5655 αὑτὸν

407 5687 690 5759 εὐφραίνει
711 5687 785 5750 ὼς
802 5690 835 5758 ἡ
862 5685 1162 5756 ἐπιστροφὴ
1193 5688 1508 5757 ήήμετέρα,
1541 5690 1633 5741 καὶ
1657 5692 1690 5758 ἡ
1715 5690 1821 5741 ἀπὸ
1850 5690 1947 5759 τῆς
1980 5708 2074 5742 κα-

408 5775 533 5838 κίας
559 5774 652 5825 ἐπὶ
669 5774 765 5843 τὴν
781 5775 981 5844 ἀρετὴν
1005 5774 1285 5838 ἐπάνοδος.
1314 5776 1515 5828 Σκόπει
1549 5772 1642 5830 οὖν
1673 5778 1789 5840 πῶς
1829 5779 1921 5830 καὶ
1952 5782 2072 5831 τού-

409 5879 516 5914 των
534 5860 632 5930 τὴν
655 5860 808 5912 νόσον
824 5861 1166 5929 ἐμεθόδευσε,
1192 5862 1452 5932 πρότερον
1476 5864 1571 5933 μὲν
1583 5864 1663 5935 τῷ
1683 5865 1935 5918 τοσοῦτον
1955 5866 2068 5919 δοῦ-

402 5964 497 6001 ναι
524 5945 714 6015 χρόνον
744 5946 1230 6013 προθεσμίαςπρὸς
1264 5950 1570 6016 μετάνοιαν,
1594 5953 1783 6005 ἒπειτα
1805 5953 1991 6006 ἐπειδὴ
2010 5951 2067 6007 εἴ·

476 6037 500 6065 "
535 6030 708 6085 Morel.
735 6030 1021 6092 ἐργάζεσθαι.

1247 384 1301 437 S.
1338 383 1620 440 JOANNIS
1660 382 2143 443 CHIWSGSTOMI
2178 385 2495 444 ARCIIIEP.
2522 384 3068 445 CONSTANTINOP.

3749 368 3843 452 εεισὲ

2196 503 2285 556 δεν
2304 505 2645 577 ἀναισθήτως
2662 506 3061 572 διακειμένους,
3093 504 3188 557 καὶ
3219 503 3369 558 οὑδέν
3394 501 3503 559 ἀπὸ
3526 506 3610 559 τοῦ
3632 508 3842 579 πλήθους

2195 587 2291 641 τοῦ
2323 589 2516 660 χρόνου
2538 590 2939 661 κερδαίνοντας,
2977 590 3072 642 καὶ
3106 588 3244 661 πρὸς
3279 588 3468 652 αὑταῖς
3502 592 3619 653 ταῖς
3652 591 3841 663 θύραις,

2195 671 2269 734 ὡς
2286 673 2479 735 εἰπεῖν,
2498 672 2591 726 τοῦ
2610 672 3017 742 κατακλυσμοῦ,
3041 672 3296 743 προλέγει
3317 674 3377 726 06
3398 673 3504 744 πρὸ
3534 674 3694 743 τριῶν
3723 678 3842 747 ἡμε.

2205 755 2327 827 ρῶν,
2363 755 2615 826 καθάπερ
2649 757 2742 809 ἐπὶ
2777 755 2885 809 τῶν
2914 757 3239 818 Νινευιτῶν,
3276 756 3412 809 ἀλλά
3446 756 3551 828 πρὸ
3574 759 3727 813 ἑπτά.
3751 763 3845 817 Καὶ

2203 843 2303 915 γάρ
2330 844 2547 914 θαρρῶν
2574 844 2640 898 ἂν
2671 844 2881 915 εἴποιμι
2914 844 3002 897 6:6
3031 844 3093 897 :6
3124 845 3324 899 εἰδέναι
3345 846 3437 898 τοῦ
3470 849 3737 900 Δεσπότου
3761 852 3844 903 τοῦ

2202 929 2465 998 ἡμετέρου
2502 928 2601 999 τῆς
2633 926 3045 999 φιλανθρωπίας
3092 928 3191 999 τὴν
3216 928 3540 999 ὑπερϐολὴν,
3575 931 3657 983 6::
3690 933 3772 984 καὶ
3794 936 3845 985 ἐν

2201 1017 2312 1077 ταῖς
2340 1014 2481 1068 ἐπτά
2528 1014 2783 1085 ἡμέραις,
2826 1018 2874 1068 εἰ
2927 1015 3300 1086 ἐϐουλήθησαν
3334 1017 3537 1087 ἀκριϐῆ
3566 1018 3665 1087 τὴν
3697 1022 3844 1086 μετά-

2200 1115 2341 1152 νοιαν
2381 1099 2774 1164 ἐπιδείξασθαι,
2824 1100 3075 1168 διέφυγον
3126 1100 3191 1153 ἂν
3222 1099 3315 1153 τοῦ
3347 1101 3730 1170 κατακλυσμοῦ
3759 1103 3846 1174 τὴν

2195 1186 2408 1254 πεῖραν.
2452 1184 2603 1237 Ἐπεὶ
2638 1180 2732 1237 οῦν
2762 1183 2882 1237 οὕτε
2911 1187 2944 1254 ἡ
2983 1182 3298 1255 παράτασις
3324 1184 3417 1237 τοῦ
3451 1184 3706 1239 τοσούτου
3735 1190 3847 1258 χρό-

2195 1281 2306 1329 νου,
2333 1265 2457 1320 06::
2504 1268 2537 1334 ή
2592 1269 2919 1340 στενοχωρία
2948 1267 3043 1321 τοῦ
3081 1267 3273 1340 καιροῦ
3322 1269 3644 1325 καθικέσθαι
3683 1271 3847 1325 αὑτῶν

2190 1348 2288 1419 τῆς
2312 1349 2507 1412 κακίας
2535 1350 2795 1421 ἡδυνήθη,
2829 1352 3073 1420 ἐπήγαγε
3118 1352 3505 1423 κατακλυσμὸν
3530 1355 3586 1405 ἐν
3614 1352 3692 1423 τῷ
3733 1354 3846 1420 ἐξα-

2190 1434 2456 1505 κοσιοστῷ
2495 1433 2606 1488 έτει
2656 1434 2749 1489 τοῦ
2804 1435 2945 1488 Νῶε.
2980 1434 3111 1489 Νῶε
3138 1434 3225 1498 66,
3258 1437 3411 1507 φησὶ,
3444 1432 3524 1506 ἦν
3550 1437 3702 1491 ἐτῶν
3724 1439 3847 1503 ἐξα-

2190 1516 2432 1579 κοσίων,
2490 1516 2590 1570 καί
2634 1519 2668 1571 ό
2723 1519 3151 1587 κατακλυσμὸς
3191 1518 3299 1572 τοῦ
3354 1519 3573 1585 ὕδατος
3620 1520 3844 1590 ἐγένετο

2187 1598 2285 1652 ἐπὶ
2319 1596 2425 1665 τῆς
2455 1597 2585 1668 τῆς.
2626 1600 2831 1665 Εῖδετε,
2864 1600 3162 1670 ἀγαπητοὶ,
3207 1602 3383 1672 πόσης
3420 1604 3550 1672 ἡμῖν
3587 1602 3847 1672 ὠφελείας

2189 1683 2445 1746 ὑπόθεσις
2496 1683 2686 1750 γέγονε
2719 1685 2779 1737 τὸ
2811 1683 3014 1753 γνῶναι
3051 1684 3143 1738 τὸν
3189 1685 3423 1755 ἀριθμὸν
3454 1686 3565 1739 τῶν
3599 1689 3736 1742 ἐτῶν
3762 1692 3846 1746 τοῦ

2187 1768 2419 1833 δικαίου,
2442 1770 2536 1822 καὶ
2566 1770 2705 1823 δσων
2725 1769 2861 1822 ἐτῶν
2894 1765 2981 1839 ἦν,
3008 1770 3172 1839 ἡνίκα
3188 1773 3215 1823 6
3236 1771 3616 1842 κατακλυσμὸς
3636 1772 3848 1843 ἐπῆλθε;

2187 1850 2323 1923 Φέρε
2357 1852 2420 1923 δὴ
2471 1853 2564 1905 καὶ
2598 1855 2711 1916 τοῖς
2764 1853 3073 1916 ἀκολούθως
3110 1854 3419 1924 εἰρημένοις
3460 1855 3847 1927 ἐπεξέλθωμεν,

2202 1935 2418 2007 Ἐπειδὴ
2443 1937 2550 2006 γάρ
2594 1936 2796 2009 ἤρξατο
2849 1941 2877 1990 6
2926 1937 3329 2008 κατακλυσμὸς,
3374 1939 3558 2009 φησὶν,
3598 1941 3853 2009 Εἱσῆλθε

2187 2021 2255 2075 66
2287 2020 2433 2085 Νῶε,
2464 2022 2560 2076 καί
2592 2025 2644 2077 οί
2671 2023 2783 2076 υἱοί
2810 2023 3018 2085 αὑτοῦ,
3049 2023 3147 2075 καὶ
3180 2024 3218 2090 ἡ
3248 2023 3403 2092 γυνὴ
3438 2024 3647 2087 αὺτοῦ,
3684 2027 3774 2079 καὶ
3797 2029 3854 2080 al

2187 2104 2468 2173 γυναῖκες
2509 2105 2627 2159 τῶν
2670 2104 2817 2159 υἱῶν
2868 2105 3054 2159 αὐτοῦ
3098 2107 3181 2170 είς
3216 2106 3330 2172 τὴν
3363 2107 3632 2169 κιϐωτὸν,
3657 2108 3751 2163 διὰ
3789 2109 3851 2163 τὸ

2185 2187 2342 2255 ὕδωρ
2375 2188 2481 2241 τοῦ
2514 2188 2965 2256 κατακλυσμοῦ.
2990 2187 3095 2241 Καὶ
3116 2187 3234 2242 ἀπὸ
3274 2188 3392 2242 τῶν
3429 2189 3719 2243 πετεινῶν
3743 2192 3854 2245 τῶν

2185 2269 2479 2338 καθαρῶν,
2531 2270 2630 2323 καί
2667 2269 2786 2324 ἀπὸ
2830 2268 2949 2323 τῶν
2972 2270 3259 2323 πετεινῶν
3286 2270 3404 2325 τῶν
3430 2271 3517 2341 μὴ
3565 2274 3851 2341 καθαρῶν,

2183 2354 2278 2407 καὶ
2305 2354 2424 2408 ἀπὸ
2463 2353 2580 2407 τῶν
2606 2352 2867 2422 ἑρπετῶν
2891 2354 2999 2408 δύο
3019 2353 3147 2408 δύο.
3187 2354 3331 2408 Ἀπὸ
3358 2354 3602 2409 πάντων
3616 2358 3855 2425 είσῆλθε

2145 2437 2333 2505 ’πρὸς
2371 2436 2499 2492 Νῶε
2546 2440 2632 2505 είς
2670 2437 2784 2504 τὴν
2834 2436 3085 2491 κιϐωτὸν
3115 2437 3307 2504 ἄρσεν
3340 2439 3437 2492 καὶ
3477 2439 3679 2508 θῆλυ,
3728 2446 3853 2497 καθ’

2182 2521 2220 2573 ἂ
2270 2520 2608 2574 ἐνετείλατο
2676 2522 2891 2589 Κύριος
2957 2519 3039 2585 τῷ
3082 2522 3229 2577 Νῶε.
3293 2521 3404 2591 Οὑχ
3445 2523 3638 2587 ἁπλῶς
3691 2541 3853 2595 προσ-

2183 2603 2345 2674 έθηκε
2390 2604 2470 2670 τὸ,
2515 2603 2717 2658 Καθίἳ
2758 2604 3097 2658 ἐνετείλατο
3144 2605 3358 2671 Κύριος
3402 2604 3483 2669 τῷ
3541 2606 3695 2671 Νῶε,
3748 2608 3853 2660 ἀλλ’

2183 2686 2271 2739 ἵνα
2324 2686 2486 2741 πάλιν
2537 2686 2752 2758 αὐξήσῃ
2814 2687 2907 2740 τοῦ
2954 2687 3164 2741 δικαίου
3217 2688 3308 2741 τὸν
3333 2687 3593 2755 ἔπαινον,
3645 2692 3740 2743 καὶ
3779 2692 3855 2743 ὅτι

2182 2768 2364 2824 πάντα
2412 2769 2584 2833 οὓτως
2635 2771 2944 2841 ἐπλήρωσε,
2985 2771 3237 2841 καθάπερ
3284 2772 3567 2838 διετάξατο
3602 2776 3631 2827 6
3657 2777 3857 2828 Δεσπό-

2181 2868 2301 2921 της,
2351 2852 2446 2906 καὶ
2494 2853 2648 2905 οὐδὲν
2708 2854 2977 2924 παρέλιπε
3032 2854 3140 2907 τῶν
3180 2856 3311 2925 παρ’
3340 2856 3506 2909 αὑτοῦ
3556 2858 3859 2928 εἰρημένων

2183 2934 2352 3005 αὐτῷ.
2391 2935 2501 2989 Καὶ
2535 2935 2772 2999 ἐγένετο
2805 2938 2957 3005 μετὰ
2998 2937 3105 3001 τὰς
3139 2936 3289 2989 ἑπτὰ
3318 2937 3567 3005 ἡμέρας,
3612 2940 3863 3011 καθάπερ

2188 3020 2477 3089 ὑπέσχετο,
2510 3020 2695 3089 φησὶν,
2724 3020 2752 3071 ὁ
2790 3022 3089 3090 Δεσπότης,
3120 3020 3217 3073 καί
3250 3022 3315 3073 τὸ
3344 3022 3500 3089 ὕδωρ
3535 3023 3648 3077 τοῦ
3694 3041 3863 3077 κατα-

2184 3105 2463 3172 κὶυσμοῦ
2505 3104 2743 3171 ἐγένετο
2787 3105 2883 3158 ἐπὶ
2919 3104 3029 3171 τῆς
3054 3103 3187 3174 γῆς,
3220 3105 3290 3157 ὲν
3322 3104 3401 3171 τῷ
3449 3108 3863 3173 ἑξακοσιοστῷ

2182 3188 2302 3242 ἔτει
2331 3189 2401 3240 ἐν
2425 3186 2500 3256 τῇ
2529 3187 2644 3256 ζωῇ
2670 3188 2777 3241 τοῦ
2807 3189 2954 3247 Νῶε.
2992 3189 3096 3242 τοῦ
3139 3188 3421 3256 δευτέρου
3450 3192 3675 3259 μηνὸς,
3707 3191 3865 3245 666d-

2178 3290 2263 3342 μη
2300 3271 2397 3325 καὶ
2421 3271 2612 3324 εἰκάδι
2642 3271 2749 3325 τοῦ
2772 3272 2987 3338 μηνός.
3019 3270 3162 3341 Ὅρα
3193 3272 3295 3341 τῆς
3329 3273 3365 3324 Γ
3373 3274 3553 3343 ραφῆς
3586 3274 3689 3345 τὴν
3713 3275 3861 3343 ἀκρί-

2183 3355 2358 3418 ϐειαν,
2390 3355 2506 3416 πῶς
2534 3354 2595 3406 06
2626 3354 2784 3425 μόνον
2812 3355 2904 3407 τὸν
2936 3355 3181 3407 ἐνιαυτὸν
3209 3356 3355 3425 ἡμᾶς
3389 3356 3629 3423 ἐδίδαξε,
3666 3359 3788 3412 καθ’
3809 3358 3863 3411 ὃν

2182 3440 2210 3492 6
2242 3436 2626 3508 κατακλυσμὸς
2657 3437 2900 3506 γέγονεν,
2923 3436 3075 3508 [255]
3107 3437 3242 3490 ἀλλά
3277 3438 3488 3491 καὶτὸν
3518 3440 3673 3509 μῆνα
3704 3441 3864 3494 κατά-

2182 3520 2339 3591 δηλον
2360 3520 2582 3589 ἐποίησε
2602 3521 2695 3573 καὶ
2716 3520 2814 3589 τὴν
2837 3519 3068 3589 ἡμέραν.
3099 3516 3232 3573 Εἶτα
3254 3520 3341 3572 ἴνα
3374 3523 3437 3591 τῇ
3461 3520 3725 3591 διηγήσει
3749 3526 3867 3587 τοῦς

2188 3599 2325 3669 μετά
2350 3596 2526 3652 ταῦτα
2574 3599 3049 3670 σωφρονεστέρους
3092 3601 3414 3670 ἐργάσηται,
3449 3604 3547 3655 καὶ
3577 3602 3675 3656 τὸν
3710 3604 3866 3673 φόϐον

2184 3679 2395 3749 αὐξήσῃ
2424 3678 2533 3730 τῶν
2556 3677 2963 3748 γεγενημένων,
2987 3678 3173 3747 φησίν·
3209 3681 3304 3732 Ἐν
3333 3679 3408 3747 τῇ
3432 3681 3639 3750 ἡμέρᾳ
3670 3683 3867 3751 ἐκείνῃ

2182 3757 2528 3826 ἐρράγησαν
2583 3755 2773 3811 πᾶσαι
2808 3760 2866 3809 αἱ
2908 3757 3093 3826 πηγαὶ
3147 3756 3259 3824 τῆς
3312 3760 3626 3825 ἀϐύσσου,
3682 3762 3780 3816 καί
3818 3766 3869 3815 cl

2184 3835 2582 3904 καταρράκται
2604 3836 2709 3889 τοῦ
2734 3836 2996 3903 οὐρανοῦ
3033 3836 3454 3905 ἠνεῴχθησαν,
3492 3841 3599 3893 καὶ
3633 3840 3869 3911 ἐγένετο

2184 3920 2216 3971 o'
2241 3916 2415 3982 ὑετὸς
2444 3915 2541 3969 ἐπὶ
2575 3913 2683 3981 τῆς
2705 3916 2817 3985 γῆς
2846 3915 3305 3982 τεσσαράκοντα
3335 3917 3571 3987 ἡμέρας
3606 3922 3707 3975 καὶ
3739 3936 3871 3974 τεσ.

2182 3997 2528 4063 σαράκοντα
2566 3997 2811 4063 νύκτας.
2834 3998 2974 4067 Ὅρα
3034 3996 3175 4067 πόσῃ
3229 3997 3497 4068 κέχρηται
3547 4001 3649 4053 καὶ
3707 4002 3868 4071 νῦνή

2183 4080 2315 4145 ἀγία
2352 4078 2539 4149 Γραφὴ
2568 4080 2633 4149 τῇ
2664 4076 3090 4145 συγκαταϐάσει,
3122 4076 3216 4129 καὶ
3250 4077 3387 4146 πρὸς
3424 4077 3528 4148 τὴν
3574 4078 3869 4149 συνήθειαν

2180 4158 2279 4227 τὴν
2317 4156 2661 4227 ἀνθρωπίνην
2691 4158 2869 4210 πάντα
2905 4156 3230 4223 διαλέγεται.
3264 4156 3379 4209 υύκ
3413 4157 3613 4228 ἐπειδὴ
3662 4163 3869 4229 καταρο

2184 4237 2381 4309 ράκται
2420 4235 2555 4288 εἰσὶν
2601 4237 2658 4288 ἐν
2704 4234 2781 4305 τῷ
2821 4234 3056 4306 οὑρανῷ,
3102 4234 3216 4289 ἀλλ’
3252 4235 3360 4288 ἀπὸ
3398 4235 3513 4289 τῶν
3547 4239 3868 4309 συντρόφων

2182 4318 2312 4386 ἡμῖν
2340 4313 2620 4383 ὀνομάτων
2650 4312 2868 4368 ἅπαντα
2896 4314 3223 4382 διαλέγεται,
3267 4318 3563 4386 μονονουχὶ
3612 4312 3872 4385 λέγουσα,“

2181 4397 2264 4449 ὅτι
2314 4390 2616 4463 προσέταξε
2672 4392 2829 4463 μόνον
2873 4395 2901 4446 6
2945 4394 3245 4464 Δεσπότης,
3300 4396 3394 4448 καὶ
3442 4397 3662 4460 εὐθέως
3701 4401 3734 4468 ἡ
3765 4399 3870 4451 τῶν

2183 4474 2389 4527 ὑδάτων
2418 4471 2579 4538 φύσις
2603 4472 2881 4540 ὑπήκουσε
2906 4470 2985 4541 τῷ
3005 4472 3339 4542 ὲπιτάγματι
3371 4472 3465 4527 τοῦ
3496 4473 3866 4547 δημιουργοῦ,

2182 4554 2277 4606 καὶ
2304 4550 2565 4604 πάντοθεν
2608 4549 2909 4619 συρῤέουσα
2927 4551 2956 4591 ὶν
2984 4552 3161 4605 πάντα
3187 4552 3279 4605 τὸν
3314 4554 3526 4623 κόσμον
3570 4556 3869 4609 ἐπέκλυσε.

2181 4633 2291 4686 Καὶ
2323 4631 2385 4684 τὸ
2415 4633 2471 4683 ἐν
2519 4631 2925 4702 τεσσαράκοντα
2964 4633 3201 4702 ἡμέραις
3243 4633 3337 4686 καὶ
3368 4633 3526 4698 νυξὶν
3560 4637 3865 4707 ἐπαγαγεῖν

2179 4709 2269 4764 τὸν
2301 4708 2704 4779 κατακλυσμὸν,
2753 4711 2846 4763 καὶ
2886 4710 3041 4763 τοῦτο
3089 4711 3248 4764 πάλιν
3282 4712 3552 4782 μέγιστον
3595 4714 3740 4781 εἶδος
3772 4719 3871 4786 τῆς

2181 4788 2344 4842 αὑτοῦ
2387 4786 2817 4858 φιλανθρωπίας.
2848 4789 3129 4843 Ἐϐούλετο
3167 4789 3277 4861 γὰρ
3324 4791 3411 4844 διὰ
3468 4794 3689 4866 πολλὴν
3737 4796 3867 4864 ἀγα-

2181 4868 2378 4937 θότητα
2402 4868 2501 4920 κᾶν
2535 4867 2708 4930 ἐνίους
2750 4867 2809 4932 ἐξ
2854 4868 3032 4920 αὑτῶν
3061 4869 3540 4939 σωφρονισθέντας
3583 4874 3870 4942 διαφυγεῖν

2178 4947 2279 5017 τὴν
2305 4945 2543 5015 παντελῆ
2585 4944 2882 5008 ἀπώλειαν,
2926 4947 3167 5017 ὁρῶντας
3195 4950 3253 5000 ἐν
3286 4948 3600 5020 ὀφθαλμοῖς
3639 4955 3736 5006 καὶ
3766 4954 3871 5007 τῶν

2178 5024 2456 5096 ὁμογενῶν
2483 5025 2581 5095 τὴν
2604 5022 2899 5087 ἀπώλειαν,
2926 5026 3021 5079 καὶ
3044 5026 3141 5095 τὴν
3174 5028 3477 5097 μέλλουσαν
3525 5033 3740 5096 αὐτοὺς
3776 5052 3874 5087 κα-

2182 5102 2514 5184 ταλήψεσθαι
2561 5103 2955 5184 πανωλεθρίαι).
3007 5106 3163 5169 Εἰκὸς
3190 5106 3298 5176 γάρ
3323 5109 3380 5159 ἐν
3418 5109 3528 5177 μὲν
3560 5114 3631 5182 τῇ
3682 5112 3874 5184 πρώτῃ

2184 5183 2361 5253 ἡμέρᾳ
2402 5182 2635 5262 φανερόν
2675 5201 2727 5235 τι
2769 5184 2933 5255 μέρος
2967 5184 3379 5254 ἐπικλυσθῆναι,
3417 5188 3523 5240 καὶ
3562 5190 3625 5242 ἐν
3656 5194 3725 5262 τῇ
3760 5182 3873 5245 650-

2184 5263 2316 5332 τέρᾳ
2354 5261 2673 5332 προσθήκην
2719 5262 2840 5315 τινὰ
2891 5263 3174 5330 γενέσθαιο
3227 5264 3498 5329 ὡσαύτως
3557 5270 3662 5322 καί
3702 5261 3775 5322 γὲν
3810 5274 3871 5341 τῇ

2184 5341 2358 5413 τρίτῃ,
2408 5340 2501 5394 καὶ
2560 5340 2774 5411 ἐφεξῆς.
2805 5342 2914 5394 Καὶ
2964 5342 3052 5395 διὰ
3110 5343 3266 5396 τοῦτο
3309 5346 3389 5408 εἰς
3447 5340 3873 5419 τεσσαράκοντα

2184 5420 2391 5489 ἡμέρας
2420 5419 2705 5490 παρέτεινε
2743 5420 2837 5473 καὶ
2864 5421 3273 5491 τεσσαράκοντα
3298 5422 3530 5488 νύκτας,
3565 5427 3659 5481 ἵνα
3698 5430 3873 5482 πᾶσαν

2184 5499 2358 5551 αὐτῶν
2399 5497 2695 5565 ἀπολογίας
2722 5499 2996 5567 πρόφασιν
3035 5501 3329 5571 περικόῲῃ.
3366 5503 3429 5554 Et
3469 5504 3592 5575 γὰρ
3626 5508 3871 5560 ἐϐούλεττ

2194 5578 2272 5630 ιαί
2312 5576 2662 5648 προσέταξεν,
2691 5577 2921 5646 ἠδύνατο
2945 5578 3037 5631 καὶ
3067 5580 3123 5630 ἐν
3157 5582 3416 5651 μιᾷοροπῇ
3443 5584 3520 5637 τὰ
3547 5586 3735 5641 πάντα
3764 5588 3855 5642 ὲπι

2188 5656 2393 5718 (λύσαι,
2446 5656 2581 5709 ἀλλά
2634 5655 2731 5725 τὴν
2779 5658 2987 5709 οἰκείαν
3049 5657 3471 5731 φιλανθρωπίαν
3531 5666 3871 5737 μιμούμενος

2184 5736 2273 5789 καὶ
2300 5738 2366 5806 τῇ
2398 5736 2635 5809 τοσαύτῃ
2665 5737 2971 5807 παρατάσει
3000 5737 3106 5790 τῶν
3141 5737 3363 5809 ἡμερῶν
3385 5740 3702 5813 ἐχρήσατο.
3722 5736 3869 5798 ίΕῐτά

2181 5815 2479 5886 φησιν,Ἐν
2506 5814 2580 5884 τῇ
2618 5815 2813 5884 ’ἡμέρᾳ
2850 5816 3035 5885 ταύτῃ
3070 5815 3320 5884 εἰσῆλθε
3355 5818 3495 5873 Νῶε
3522 5826 3616 5888 εἰς
3650 5824 3770 5893 τὴν
3794 5844 3849 5879 κι

2179 5894 2387 5957 ϐωτὸν,
2443 5896 2541 5949 καὶ
2586 5895 2740 5965 Σήμ,
2784 5895 2883 5949 καὶ
2923 5896 3074 5967 Χὰμ,
3103 5898 3204 5952 καὶ
3252 5897 3470 5968 Ἰάφεθ,
3502 5903 3610 5957 καί
3640 5904 3682 5972 ἠ
3723 5903 3866 5973 γυνὴ

2237 6042 2265 6081 ὶ)
2289 6041 2436 6092 Ξιιιὶὶ.
2453 6049 2503 6092 et
2527 6044 2608 6092 am
2637 6044 2950 6110 σ’δρῤεύσασα.
