4062 6396
415 396 510 451 22!

354 514 363 529 ’
417 540 503 585 tur
532 541 588 585 et
627 533 665 586 ii
702 542 916 603 peccata
965 545 1364 601 coacervantes,
1396 538 1686 608 majoribus
1723 555 1781 595 se
1829 543 2003 611 poenis

411 622 673 677 obnoxios
700 624 986 681 redderent
1006 666 1020 690 ,
1052 627 1308 682 Dominus
1333 628 1504 684 bonus
1532 641 1586 684 et
1610 630 1870 702 benignus
1898 635 2001 687 du-

412 714 583 768 ritiam
608 716 824 771 illorum
848 719 1111 786 paenitere
1139 720 1375 773 nesciam
1409 721 1627 787 videns,
1663 732 1873 793 tempus
1897 740 2003 794 quo

407 818 465 859 se
494 808 787 875 patientem
814 807 1047 862 futurum
1078 810 1361 879 promisit,
1393 811 1676 867 inuuiuuit.
1703 813 1833 868 Nam
1864 815 2004 870 sicut

407 909 595 951 eorum
625 911 788 953 causa
816 898 905 968 qui
943 897 1399 955 admonitionibus
1450 902 1562 957 suis
1612 914 1855 974 prompte
1904 920 2000 975 pa-

407 995 545 1055 rent,
578 988 649 1042 ob
684 986 977 1044 bonitatem
1019 990 1121 1048 sibi
1165 992 1486 1061 peculiarem
1531 996 1826 1051 sententias
1876 1012 2001 1051 suas

404 1089 655 1147 revocat,
683 1089 738 1135 et
761 1080 830 1136 ad
854 1097 913 1137 se
936 1096 1231 1138 conversos
1258 1083 1513 1150 admittit,
1541 1095 1700 1155 atque
1727 1088 1794 1142 ab
1824 1087 2001 1143 immi-

407 1181 567 1226 nente
587 1172 850 1242 supplicio
878 1173 1067 1228 liberat
1094 1189 1107 1226 :
1142 1174 1213 1229 ita
1240 1190 1452 1245 quoque
1486 1190 1603 1230 cum
1628 1179 1886 1247 promittit
1916 1180 1997 1235 vel

405 1260 542 1316 bona
581 1264 757 1334 aliqua
785 1278 844 1318 se
892 1265 1259 1335 praebiturum,
1287 1267 1372 1321 vel
1399 1269 1725 1338 poenitentia:
1747 1280 1955 1342 tempus
1978 1314 1993 1339 ,

403 1354 546 1409 videt
572 1366 754 1411 autem
797 1357 918 1411 illos
960 1357 1219 1427 indignos,
1250 1358 1413 1413 etiam
1455 1368 1579 1414 tunc
1622 1376 1832 1431 quoque
1875 1378 1997 1418 suas

407 1448 793 1516 promissiones
818 1459 1053 1510 revocat,
1083 1449 1343 1517 Quocirca
1380 1460 1433 1505 et
1457 1465 1554 1521 per
1582 1451 1892 1523 prophetam
1916 1453 1995 1508 di-

401 1538 553 1593 cebat
580 1555 594 1592 :
626 1539 708 1592 Ad
735 1556 982 1594 summam
1020 1542 1197 1611 loquar
1220 1558 1374 1611 super
1406 1551 1598 1611 gentes,
1643 1553 1691 1598 et
1732 1561 1885 1614 super
1912 1562 1996 1599 re-

400 1644 521 1698 gna,
559 1638 613 1682 ut
641 1630 852 1699 perdam
880 1640 927 1684 et
955 1642 1170 1685 evertam
1208 1646 1229 1685 :
1254 1642 1299 1685 et
1326 1633 1370 1687 si
1404 1634 1747 1702 pwnitentiam
1773 1637 1991 1706 egerint,

404 1735 552 1789 agam
581 1729 628 1772 et
667 1736 760 1790 ego
788 1722 1127 1790 pamitentiam
1165 1739 1318 1794 super
1358 1724 1421 1778 iis
1452 1741 1567 1793 qua:
1610 1726 1846 1795 loquutus
1881 1745 1993 1782 sum

401 1821 453 1865 ut
480 1814 699 1883 facerem
718 1815 789 1868 eis
814 1813 949 1885 (Jer.
975 1815 1060 1870 18.
1093 1817 1144 1869 7.
1177 1817 1235 1888 8)
1269 1832 1286 1871 :
1312 1826 1366 1871 et
1385 1817 1575 1872 iterum
1600 1835 1613 1871 :
1639 1820 1718 1872 Ad
1745 1836 1994 1874 summam

401 1906 579 1975 loquar
603 1923 758 1975 super
782 1918 951 1978 gentes
976 1917 1022 1961 et
1051 1926 1202 1979 super
1226 1925 1400 1980 regna,
1432 1920 1488 1963 ut
1516 1912 1814 1978 rewdi/icem
1839 1929 1857 1967 :
1887 1922 1933 1968 et
1949 1914 1994 1966 si

403 2000 714 2069 peccaverint
738 2040 754 2066 ,
790 2000 1131 2071 penitentiam
1152 2011 1199 2055 et
1219 2019 1309 2072 ego
1336 2018 1483 2073 agam
1511 2020 1661 2072 super
1684 2005 1745 2057 iis
1773 2021 1884 2075 qua:
1911 2009 1990 2059 lo-

406 2100 593 2158 quutus
632 2108 746 2145 sum
786 2102 840 2144 ut
889 2093 1103 2159 [acerem
1154 2094 1225 2147 eis
1257 2093 1415 2163 (Ibid.
1468 2109 1517 2149 υ.
1559 2096 1611 2150 9.
1658 2095 1770 2166 10).
1802 2096 1990 2153 Vidisti

397 2180 668 2249 quomodo
687 2197 716 2236 a
746 2182 899 2237 nobis
925 2184 1235 2238 occasiones
1252 2184 1442 2254 accipit
1460 2196 1564 2239 tam
1587 2185 1987 2253 misericordiae,

398 2290 555 2344 quam
577 2289 705 2344 erga
733 2289 831 2331 nos
850 2275 1119 2335 declarat.
1152 2292 1311 2347 quam
1343 2277 1760 2348 indignationis?
1786 2278 1990 2334 Idcirco

394 2367 555 2420 etiam
587 2382 729 2422 nunc
760 2377 967 2437 tempus
987 2375 1215 2433 resetat,
1234 2369 1385 2439 cujus
1404 2369 1475 2423 illi
1504 2369 1833 2440 longitudine
1860 2372 1991 2426 abu-

396 2460 666 2515 tebantur.
708 2461 902 2516 Beatus
927 2477 1139 2532 quoque
1171 2462 1364 2516 Paulus
1389 2462 1454 2516 ad
1473 2462 1717 2532 stupidos
1739 2463 1877 2530 illos,
1897 2464 1987 2535 qui

390 2552 618 2605 salutem
646 2566 742 2621 per
768 2553 1130 2621 paenitentiam
1158 2552 1310 2607 nobis
1335 2552 1512 2607 datam
1542 2570 1646 2607 non
1677 2554 1983 2621 admittunt,

390 2644 604 2699 dicebat
634 2660 650 2699 :
680 2644 761 2698 An
788 2645 989 2699 divitias
1013 2646 1251 2699 bonitatis
1286 2647 1398 2717 ejus
1437 2657 1483 2700 et
1512 2647 1768 2715 patientia:
1803 2655 1848 2700 et
1869 2647 1982 2700 lon-

392 2735 701 2804 gnnimilatis
728 2736 1025 2800 contemnis,
1050 2736 1289 2805 ignorans
1316 2738 1454 2806 quod
1475 2734 1760 2805 benignitas
1788 2735 1883 2789 Dei
1913 2738 1985 2789 ad

390 2828 731 2893 pwnitentiam
774 2836 821 2881 te
868 2827 1152 2897 provocat?
1198 2826 1491 2881 Secundum
1534 2836 1701 2880 autent
1746 2826 1986 2880 duritiam

388 2930 529 2971 trium
549 2961 563 2977 ,
589 2931 634 2971 et
661 2920 974 2990 tntpsenitens
989 2936 1095 2986 cor,
1129 2918 1439 2972 tltesaurizas
1470 2919 1759 2989 tibimetipsi
1777 2919 1907 2972 iram
1932 2921 1984 2973 in

388 3011 470 3061 die
497 3010 587 3063 im:
611 3021 657 3063 et
685 3010 1002 3064 reuelationis
1022 3010 1151 3080 justi
1181 3010 1359 3073 iudicii
1388 3009 1483 3064 Dei
1519 3010 1692 3079 (Rom.
1718 3009 1772 3063 2.
1802 3011 1855 3066 4.
1883 3008 1983 3083 5)?

388 3099 582 3154 Vidisti
608 3101 877 3170 quomodo
928 3111 984 3156 ct
1008 3102 1236 3157 eximius
1277 3102 1364 3157 ille
1407 3102 1599 3157 doctor
1646 3103 1793 3157 orbis
1838 3104 1984 3159 clare

388 3209 486 3246 nos
515 3194 714 3259 docuit,
743 3208 837 3249 cos
862 3193 950 3263 qui
977 3194 1230 3264 patientia
1261 3195 1351 3248 Dei
1382 3193 1447 3248 ad
1477 3195 1847 3264 paenitentiam
1881 3211 1979 3249 no-

385 3283 466 3338 bis
520 3298 778 3339 concessa
820 3285 1131 3350 abutuntur,
1164 3284 1351 3354 majori
1400 3300 1574 3356 plena:
1620 3295 1675 3339 et
1720 3287 1981 3355 supplicio

384 3376 706 3446 semetipsos
726 3377 995 3432 obnoxios
1024 3377 1286 3433 reddere?
1312 3378 1382 3433 Et
1406 3380 1503 3434 hac
1526 3378 1592 3433 de
1620 3395 1778 3433 causa
1819 3379 1978 3434 etiam

385 3486 527 3524 nunc
561 3471 823 3540 benignus
852 3470 1012 3534 Deus,
1042 3471 1193 3540 quasi
1223 3486 1343 3526 sese
1379 3487 1648 3542 purgans,
1683 3474 1979 3527 rationein-

383 3577 490 3630 que
534 3560 802 3626 reddens,
850 3577 1018 3632 quare
1060 3573 1348 3632 antequam
1395 3564 1715 3633 promissum
1771 3575 1980 3635 tempus

384 3651 719 3720 impleretur,
748 3653 1008 3707 diluvium
1039 3654 1328 3720 induxerit,
1352 3670 1613 3711 annorum
1633 3656 1761 3726 justi
1793 3674 1982 3714 nnme~

382 3757 500 3797 rum
550 3741 807 3810 declarat,
849 3753 904 3798 et
949 3744 1130 3799 dicit:
1184 3742 1301 3799 Noe
1345 3757 1515 3799 autem
1566 3757 1674 3800 erat
1727 3764 1978 3802 annorum

380 3844 751 3888 sexcentarum.
796 3835 928 3890 Nam
953 3837 1041 3907 qui
1092 3837 1145 3891 in
1174 3848 1389 3892 centum
1419 3838 1575 3893 annis
1601 3844 1842 3896 converti
1875 3857 1976 3896 no-

382 3928 600 3992 luerint,
633 3930 758 4000 quid
800 3932 1028 4002 amplius
1081 3934 1404 4002 proﬁcerent
1443 3949 1509 3988 ex
1560 3934 1714 3989 annis
1767 3937 1974 4006 viginti,

380 4036 538 4089 quam
587 4022 729 4091 quod
786 4024 935 4091 plura
996 4023 1292 4092 adjicerent
1345 4025 1596 4093 peccata?
1650 4026 1802 4080 Enim
1848 4043 1976 4081 vero

381 4122 690 4166 monstrans
718 4113 1039 4169 ineffabilem
1068 4128 1220 4169 suam
1244 4114 1667 4169 misericordiam
1697 4127 1752 4171 et
1788 4117 1971 4171 excel-

380 4200 579 4257 leutctn
606 4202 918 4267 bonitatem,
948 4218 1056 4259 non
1100 4205 1371 4260 recusavit
1424 4205 1586 4260 etiam
1623 4216 1747 4262 ante
1767 4219 1971 4276 septem

378 4292 496 4348 dies
523 4294 813 4365 praedicere
837 4295 917 4349 eis
938 4295 1196 4349 diluvium
1232 4311 1359 4351 mox
1394 4295 1777 4364 inducendum,
1803 4307 1859 4351 ut
1886 4298 1969 4352 vel

378 4389 623 4458 angustia
686 4388 943 4461 temporis
998 4391 1233 4461 correpti
1278 4391 1687 4446 conversionem
1738 4393 1970 4463 aliquam

379 4479 747 4537 ostenderent.

448 4572 505 4626 5.
539 4570 680 4626 Deus
710 4571 937 4641 praedicit
961 4589 1161 4644 plenas.
1184 4589 1246 4626 ne
1270 4573 1477 4642 inferat.
1507 4603 1577 4612 —
1600 4573 1667 4627 Et
1691 4572 1811 4627 vide
1862 4572 1974 4628 cle-

378 4664 635 4719 mentiam
666 4664 896 4729 Domini,
927 4664 1194 4734 quomodo
1234 4664 1383 4734 quasi
1427 4664 1598 4719 bonus
1637 4664 1827 4734 aliquis
1853 4679 1970 4717 me-

378 4755 551 4822 dicus,
576 4754 737 4809 variis
764 4756 866 4809 viis
896 4755 1138 4809 morbum
1169 4770 1355 4811 eorum
1385 4770 1576 4810 curare
1616 4763 1806 4810 tentat.
1836 4755 1969 4811 Nam

378 4845 632 4914 quoniam
664 4846 973 4901 incurabilia
1000 4862 1186 4901 eorum
1212 4855 1369 4917 erant
1399 4847 1643 4913 vulnera,
1672 4856 1778 4900 tam
1806 4848 1972 4916 pro‘i-

379 4953 505 4992 xum
533 4936 612 4991 eis
644 4947 853 5006 tempus
880 4936 1225 5007 praescripsit,
1255 4937 1636 5002 volens,etiam
1664 4937 1710 4990 si
1741 4938 1793 4990 in
1824 4946 1973 4990 tanto

381 5038 621 5097 tempore
644 5029 1035 5098 resipiscerent,
1049 5028 1691 5098 revocareindignationis
1715 5044 1825 5084 sum
1851 5045 1973 5083 sen-

381 5119 620 5172 tentiam.
651 5118 874 5189 Semper
901 5121 1042 5175 enim
1072 5136 1191 5174 mos
1218 5121 1334 5189 ejus
1359 5128 1465 5188 est,
1492 5121 1742 5191 quoniam
1774 5130 1970 5175 nostra:

380 5209 569 5263 salutis
582 5225 766 5262 curam
796 5211 926 5279 agit,
942 5209 1233 5277 prmdicerc
1253 5225 1384 5280 quas
1406 5225 1590 5280 ptenas
1611 5211 1678 5264 sit
1703 5210 1968 5277 illaturus,

379 5302 449 5354 ob
482 5302 619 5356 hanc
660 5309 866 5355 tantum
905 5317 1143 5369 causam,
1171 5317 1237 5357 ne
1289 5302 1506 5367 inierat;
1534 5316 1666 5370 quas
1701 5303 1745 5356 si
1770 5302 1968 5357 inferre

382 5393 574 5460 vellet,
600 5394 907 5462 neutiquam
954 5393 1156 5449 diceret
1184 5410 1197 5446 :
1228 5393 1323 5448 sed
1359 5393 1597 5448 studiose
1634 5392 1894 5463 praedicit,
1918 5402 1975 5447 ut

381 5500 505 5539 cum
566 5500 665 5539 nos
716 5484 1085 5550 didicerimus,
1119 5487 1312 5539 timore
1367 5484 1761 5539 emendatiores
1810 5484 1970 5550 lacti,

380 5584 687 5629 avertamus
737 5574 905 5645 ipsius
944 5575 1380 5646 indignationem,
1409 5585 1463 5630 et
1487 5576 1776 5629 sententias
1798 5573 1974 5628 irritas

383 5666 664 5721 faciamus.
691 5667 831 5722 Nihil
861 5668 1002 5721 enim
1033 5676 1138 5732 est,
1168 5665 1310 5737 quod
1339 5667 1409 5721 ita
1440 5666 1588 5720 illum
1617 5666 1895 5727 exhilaret,
1916 5672 1976 5718 ut

383 5760 668 5815 conversio
699 5770 900 5825 nostra,
919 5770 972 5814 et
997 5776 1025 5813 a
1055 5769 1274 5830 peccato
1302 5760 1367 5813 ad
1398 5759 1649 5813 virtutem
1676 5773 1973 5830 regressus.

379 5842 769 5900 Animadverte
800 5852 957 5922 igitur
981 5852 1251 5926 quomodo
1277 5864 1332 5908 et
1352 5852 1575 5908 istorum
1606 5853 1972 5923 :egritudinem

1407 398 1474 456 ,Ν
1514 401 1665 458 CAP.
1692 403 1800 458 VII.
1841 403 2083 462 GENES.
2126 404 2354 461 ilOMlL.
2398 407 2561 463 XXV.

3591 420 3698 479 12%

2112 520 2366 576 industria
2397 524 2621 593 quadam
2646 540 2834 583 curare
2863 528 3048 587 nititur
3074 550 3092 590 :
3124 533 3298 604 primo
3331 544 3532 593 tantum
3558 550 3693 594 tem-

2108 612 2252 680 poris
2272 612 2336 665 ad
2362 614 2730 682 paenitentiam
2772 618 2949 686 dedit;
2985 620 3106 677 dein
3157 625 3242 679 ubi
3270 627 3400 682 vidit
3425 643 3517 684 eos
3542 632 3692 700 quasi

2109 701 2360 757 insensati
2408 716 2610 773 essent,
2656 708 2727 763 ita
2767 725 2826 765 se
2870 726 3096 782 gerere,
3143 717 3381 788 nihilque
3431 724 3692 790 proﬁcere

2109 794 2362 862 temporis
2392 795 2739 866 longitudine,
2761 800 2871 870 jam
2897 818 3016 858 cum
3065 810 3449 875 propemodum
3480 812 3532 867 in
3560 813 3692 870 lori-

2105 882 2203 937 bus
2248 885 2375 952 ipsis
2422 899 2567 944 esset
2608 889 2885 961 diluvium,
2932 893 3124 951 iterum
3170 904 3529 971 praenuntiat,
3582 922 3690 963 non

2103 987 2228 1031 ante
2255 987 2361 1034 tres
2400 980 2536 1048 dies,
2580 984 2717 1039 sicut
2756 984 3019 1054 Ninivitis,
3059 990 3152 1046 sed
3197 1004 3321 1049 ante
3364 1007 3591 1066 septem.
3625 1000 3693 1055 Et

2104 1066 2331 1124 ﬁdenter
2373 1070 2619 1141 dixerim,
2666 1079 3079 1147 magnitudinem
3123 1083 3426 1144 clementia:
3477 1089 3690 1149 Domini

2103 1158 2269 1213 nostri
2296 1160 2489 1226 sciens,
2519 1164 2564 1219 si
2592 1166 2677 1221 vel
2702 1166 2755 1222 in
2774 1180 2977 1238 septem
2998 1171 3185 1228 diebus
3212 1191 3391 1232 veram
3420 1184 3690 1250 paeniten-

2104 1246 2228 1342 tiam
2258 1266 2417 1342 agere
2458 1254 2769 1322 voluissent,
2793 1259 3105 1331 effugissent
3134 1266 3311 1335 utique
3338 1246 3517 1325 diluvii
3546 1275 3690 1342 peri-

2099 1338 2298 1393 culum.
2331 1341 2511 1413 Itaque
2558 1348 2809 1415 quoniam
2838 1366 3013 1421 neque
3052 1353 3333 1423 productio
3376 1363 3508 1416 tanti
3547 1338 3683 1419 tem-

2100 1428 2264 1495 puris,
2294 1445 2466 1501 neque
2486 1436 2773 1492 coarctatio
2796 1452 2827 1493 a
2857 1440 3010 1496 malis
3052 1457 3147 1500 eos
3190 1446 3454 1506 abducere
3492 1455 3686 1524 potuit,

2100 1521 2309 1577 induxit
2349 1524 2603 1582 diluvium
2630 1530 2682 1584 in
2712 1536 3102 1591 sexcentesimo
3145 1554 3287 1594 anno
3313 1540 3444 1597 Noe.
3565 1521 3683 1601 Noe

2097 1626 2282 1677 autem,
2315 1615 2502 1685 inquit,
2544 1632 2889 1677 sexcentarum
2929 1642 3178 1683 annorum
3215 1643 3340 1699 erat,
3369 1644 3417 1688 et
3441 1636 3684 1692 diluvium

2096 1720 2242 1798 aqua
2270 1708 2459 1777 factum
2474 1719 2545 1763 est
2567 1727 2721 1781 super
2749 1722 2953 1771 terram.
2984 1717 3218 1789 Vidistis,
3247 1723 3446 1789 dilecti,
3472 1738 3684 1798 quanta:

2096 1794 2250 1850 nobis
2280 1797 2520 1854 utilitatis
2548 1804 2768 1858 materia
2800 1804 2936 1862 facta
2980 1809 3069 1876 sit,
3114 1825 3442 1882 cognoscere
3490 1794 3682 1875 nume-

2096 1900 2213 1940 rum
2258 1903 2518 1947 annorum
2559 1893 2711 1963 ju-sti,
2740 1906 2791 1950 et
2831 1909 2961 1967 quot
3002 1916 3260 1959 annorum
3307 1917 3445 1974 erat,
3472 1912 3683 1980 quando

2094 1977 2348 2035 diluvium
2378 1984 2559 2039 venit?
2582 1988 2694 2057 Age
2721 1992 3121 2059 progrediamur
3148 1995 3214 2050 ad
3240 2012 3301 2051 ea
3347 2015 3466 2069 qua:
3486 1977 3681 2059 conse-

2093 2082 2321 2141 quenter
2364 2074 2633 2132 dicuntur.
2660 2079 2793 2136 Nam
2826 2091 2883 2137 ut
2909 2086 3072 2155 coepit
3098 2086 3372 2156 diluvium,
3404 2092 3597 2163 inquit,
3622 2098 3678 2152 7.

2092 2163 2363 2235 Ingressus
2399 2179 2472 2223 est
2500 2181 2672 2225 autem
2702 2171 2838 2242 Noe,
2871 2186 2918 2230 et
2943 2178 3044 2246 ﬁlii
3065 2180 3195 2252 ejus,
3220 2191 3266 2235 et
3289 2199 3420 2237 uxor
3452 2186 3609 2256 illius,
3633 2199 3680 2243 et
3706 2248 3724 2263 .

2092 2273 2273 2314 uxores
2297 2260 2518 2329 filiorum
2559 2265 2696 2320 illius
2718 2268 2770 2321 in
2791 2284 2984 2338 arcam,
3011 2283 3218 2343 propter
3258 2293 3442 2346 aquam
3479 2280 3677 2336 diluvii.

2091 2348 2145 2403 3.
2170 2348 2236 2403 Et
2266 2368 2329 2405 ea:
2355 2353 2641 2410 volatilibus
2682 2359 2883 2413 mundis
2911 2370 2958 2414 et
2984 2377 3048 2415 ex
3073 2365 3357 2421 volatilibus
3383 2370 3675 2440 immundis,

2088 2448 2135 2493 et
2162 2456 2227 2494 ex
2263 2444 2529 2513 jumentis,
2580 2458 2626 2500 et
2665 2465 2728 2502 at:
2770 2452 3035 2518 reptilibus
3077 2455 3215 2511 bina.
3242 2458 3297 2514 9.
3321 2457 3406 2513 Ea:
3449 2464 3677 2519 omnibus

2089 2532 2399 2590 intraverunt
2427 2540 2495 2591 ad
2517 2539 2646 2606 Noe,
2671 2541 2724 2595 in
2752 2559 2945 2610 arcam,
2972 2549 3224 2603 masculus
3250 2549 3548 2623 et'foemina,
3579 2560 3676 2613 sic-

2086 2636 2142 2677 ut
2166 2640 2468 2698 prwceperat
2498 2630 2743 2687 Dominus
2770 2633 2903 2689 Noe.
2933 2636 3049 2692 Non
3075 2640 3277 2712 absque
3323 2659 3481 2699 causa
3521 2650 3676 2704 addi-

2086 2717 2183 2784 dit,
2206 2719 2353 2774 Sicut
2372 2735 2676 2793 prazceperat
2703 2724 2952 2783 Dominus
2979 2730 3094 2785 Noe
3114 2747 3134 2784 :
3161 2733 3253 2788 sed
3283 2745 3339 2789 ut
3368 2738 3557 2793 iterum
3578 2759 3672 2795 au-

2086 2819 2236 2879 geret
2257 2812 2465 2867 laudem
2489 2815 2796 2886 justi,quod
2824 2820 2999 2875 omnia
3027 2824 3345 2894 impleverit,
3365 2829 3499 2884 sicut
3532 2846 3668 2900 pra:-

2086 2915 2300 2972 ceperat
2330 2904 2605 2973 Dominus,
2635 2919 2690 2963 et
2708 2909 2849 2980 quod
2880 2911 3009 2967 nihil
3037 2928 3107 2969 ex
3134 2915 3290 2971 dictis
3318 2924 3673 2987 prretermisc-

2086 2994 2175 3048 rit.
2203 2994 2290 3050 10.
2320 2993 2387 3048 Et
2415 3000 2606 3068 factum
2629 3009 2702 3053 est
2728 3010 2839 3069 post
2874 3002 2981 3058 dies
3005 3014 3212 3075 septem,
3245 3009 3384 3063 sicut
3408 3013 3670 3080 promise-

2086 3095 2186 3151 rat,
2219 3085 2409 3157 inquit,
2443 3089 2728 3155 Dominus,
2766 3102 2814 3145 et
2834 3109 2966 3160 aqua
3006 3095 3183 3151 diluvii
3229 3101 3367 3169 facta
3402 3112 3474 3155 est
3520 3119 3672 3174 super

2085 3188 2292 3245 terram,
2322 3181 2409 3236 11.
2442 3182 2495 3235 in
2524 3185 2884 3239 sexcentesimo
2909 3202 3045 3241 anno
3090 3188 3143 3243 in
3183 3190 3282 3243 vita
3325 3191 3458 3259 Noe,
3506 3212 3673 3251 mense

2082 3273 2325 3339 secundo,
2366 3273 2600 3328 vicesimo
2627 3284 2673 3327 ct
2697 3278 2910 3346 septimo
2957 3280 3161 3335 mensis.
3212 3280 3345 3337 Vide
3382 3284 3670 3355 Scriptura:

2084 3363 2457 3435 diligentiam,
2512 3368 2779 3436 quomodo
2828 3384 2934 3424 non
2981 3372 3154 3427 solum
3195 3389 3293 3429 nos
3343 3376 3525 3433 docuit
3565 3395 3672 3450 quo

2081 3468 2224 3508 anno
2266 3453 2463 3509 factum
2492 3458 2563 3510 sit
2597 3456 2878 3526 diluvium,
2907 3461 3002 3516 sed
3028 3472 3078 3517 et
3107 3478 3215 3534 quo
3258 3481 3444 3523 mense
3471 3478 3526 3525 et
3562 3471 3670 3525 die.

2084 3545 2285 3601 Deinde
2327 3556 2385 3602 ut
2424 3563 2491 3604 ex
2537 3551 2842 3606 narratione
2865 3554 3259 3612 emendatiores
3286 3558 3474 3614 reddat
3494 3572 3673 3631 postc-

2080 3654 2194 3701 ros,
2225 3648 2593 3712 terroremque
2622 3644 2697 3697 rei
2737 3655 2902 3713 gesta:
2936 3655 3144 3715 augeat,
3173 3647 3300 3703 dicit
3328 3666 3342 3705 :
3370 3648 3434 3704 In
3465 3653 3547 3706 die
3581 3654 3672 3707 illo

2080 3732 2216 3799 rupti
2244 3740 2359 3785 sunt
2385 3748 2557 3786 omnes
2585 3736 2749 3804 fontes
2777 3733 2964 3805 abyssi,
2983 3748 3029 3791 et
3045 3747 3315 3794 cataractte
3337 3742 3450 3796 cali
3476 3755 3669 3812 aperta:

2078 3830 2228 3888 sunt,
2273 3823 2361 3877 12.
2408 3834 2455 3878 et
2502 3827 2640 3893 facta
2685 3836 2760 3880 est
2804 3827 2975 3891 pluvia
3027 3846 3181 3899 super
3219 3840 3405 3886 terram
3442 3836 3666 3904 quadra-

2078 3915 2219 3986 ginta
2247 3916 2420 3970 diebus
2443 3926 2490 3970 et
2514 3918 2849 3990 quadraginta
2878 3921 3123 3979 noctibus.
3169 3922 3304 3980 Vide
3341 3935 3535 3995 quanta
3582 3927 3669 3983 di-

2077 4006 2231 4061 cendi
2260 4008 2701 4078 attemperatione
2743 4026 2882 4066 nunc
2910 4011 3070 4068 etiam
3117 4014 3282 4070 utitur
3324 4031 3476 4073 sacra
3518 4021 3666 4075 Scri-

2080 4109 2231 4169 ptura
2258 4118 2271 4154 :
2296 4101 2472 4155 omnia
2520 4103 2660 4156 enim
2692 4103 2982 4159 secundum
3010 4105 3296 4163 humanam
3326 4114 3668 4169 consuetudi-

2079 4206 2200 4246 nem
2240 4192 2488 4262 loquitur.
2533 4192 2648 4248 Non
2693 4194 2835 4264 quod
2868 4205 3149 4253 cataractae
3167 4199 3275 4254 sint
3302 4201 3356 4257 in
3380 4204 3537 4270 czelo,
3571 4206 3667 4261 sed

2077 4283 2251 4337 omnia
2279 4298 2376 4354 per
2394 4284 2673 4339 familiaria
2695 4285 2850 4341 nobis
2878 4288 3039 4344 verba
3060 4290 3315 4360 loquitur,
3343 4296 3493 4364 quasi
3515 4297 3665 4352 dice-

2077 4385 2159 4430 ret
2193 4393 2206 4429 :
2241 4374 2503 4445 Praecepit
2543 4385 2745 4431 tantum
2787 4378 3062 4442 Dominus,
3106 4390 3159 4436 et
3183 4382 3363 4438 statim
3408 4401 3665 4455 aquarum

2077 4474 2265 4520 natura
2297 4467 2549 4522 mandato
2572 4466 2878 4524 Conditoris
2914 4470 3171 4539 obedivit,
3197 4483 3252 4529 et
3278 4485 3335 4529 ut
3370 4476 3625 4533 conﬂuxit
3647 4521 3664 4547 ,

2077 4568 2245 4613 totum
2271 4559 2454 4614 orbem
2482 4558 2775 4615 inundavit.
2792 4559 2909 4616 Jam
2939 4562 3080 4632 quod
3099 4563 3448 4637 quadraginta
3476 4567 3666 4625 diebus

2081 4651 2136 4700 et
2148 4645 2503 4717 quadraginta
2519 4647 3059 4704 noctibusinductum
3077 4652 3661 4719 estdiluvium,etistud

2082 4729 2261 4801 ipsum
2280 4730 2546 4787 bonitatis
2564 4732 2861 4787 maximum
2881 4734 3154 4803 specimen
3171 4734 3662 4794 est.Volebatenim

2082 4829 2306 4891 propter
2324 4837 2575 4893 magnam
2593 4822 3252 4893 misericordiam,saltem
3276 4828 3489 4900 aliquos
3506 4846 3570 4884 ex
3584 4832 3664 4886 eis

2083 4911 2383 4981 castigatos
2417 4914 2729 4982 generalem
2771 4916 2913 4971 hanc
2936 4916 3364 4974 internecionem
3402 4920 3659 4993 eﬂ'ugere,

2082 5017 2206 5057 cum
2220 5012 2348 5062 ante
2363 5004 2559 5060 oculos
2576 5004 2825 5062 viderent
2837 5016 3234 5079 etcongeneres
3250 5027 3383 5067 suos
3399 5014 3660 5084 perire,et

2082 5096 2480 5153 immineresibi
2508 5114 2851 5155 communem
2868 5101 3488 5163 interitum.Verisimile
3513 5109 3657 5163 enim

2078 5198 2164 5246 est
2177 5191 2355 5261 primo
2372 5191 2461 5246 die
2478 5192 2673 5247 bonam
2690 5192 2927 5263 aliquam
2954 5204 3163 5264 partem
3178 5197 3384 5253 diluvio
3406 5200 3657 5270 periisse,

2078 5288 2132 5334 et
2154 5281 2400 5335 secundo
2420 5281 2508 5337 die
2525 5282 2837 5338 accrevisse
2860 5285 3066 5355 aliquid
3084 5288 3272 5343 diluvii
3293 5308 3310 5345 :
3330 5299 3386 5344 et
3404 5292 3661 5347 similiter

2079 5370 2169 5425 die
2198 5372 2382 5438 tertio,
2400 5382 2457 5427 et
2479 5371 2908 5445 reliquis.Atque
2935 5375 3056 5431 ideo
3078 5377 3131 5431 in
3156 5378 3518 5450 quadraginta
3539 5379 3659 5435 dies

2078 5470 2131 5515 et
2162 5462 2527 5532 quadraginta
2549 5472 2741 5519 noctes
2761 5465 3042 5535 produxit,
3064 5474 3125 5520 ut
3149 5482 3367 5523 omnem
3391 5468 3658 5525 defensio-

2078 5552 2165 5605 nis
2180 5552 2462 5606 obtentum
2489 5554 2771 5611 adimeret.
2794 5555 2928 5612 Nam
2958 5556 3004 5612 si
3025 5559 3290 5614 voluisset
3306 5571 3469 5630 atque
3495 5562 3660 5632 impe—
3720 5576 3726 5583 ·

2077 5654 2273 5708 rasset,
2297 5645 2568 5715 potuisset
2592 5648 2777 5701 omnia
2801 5648 2856 5703 in
2895 5664 3002 5703 uno
3025 5658 3305 5704 momento
3342 5651 3609 5707 inundare
3640 5672 3654 5707 :

2077 5737 2172 5793 sed
2188 5750 2288 5806 pro
2305 5751 2404 5791 sua
2431 5738 2720 5793 clementia
2744 5747 2894 5793 tanta
2910 5740 3123 5795 dierum
3138 5740 3498 5798 diuturnitate
3522 5758 3657 5797 usus

2076 5838 2179 5886 est.
2216 5828 2419 5887 Deinde
2448 5831 2579 5887 dicit
2613 5850 2626 5885 :
2664 5833 2746 5886 15.
2777 5830 2840 5886 1η
2877 5833 2961 5887 die
2986 5832 3083 5888 illa
3110 5834 3461 5890 intravitNoe
3485 5836 3540 5891 in
3566 5854 3656 5890 ar-
