4062 6396
412 399 521 460 2‘25

407 549 538 594 com,
571 540 615 586 et
642 530 783 592 Sent,
803 539 846 582 et
871 528 1050 595 Citam,
1081 538 1124 581 et
1145 525 1390 596 Japlieth,
1427 537 1471 580 et
1493 542 1620 578 uxor
1657 523 1786 588 Noe,
1818 533 1865 577 et
1900 532 1998 578 tres

410 639 590 676 uxores
633 622 856 689 ﬁliorum
898 619 1177 685 illius,i:i.
1225 629 1271 672 et
1313 634 1485 671 omnes
1520 616 1687 670 bestia:
1729 613 2002 668 secundum

411 731 588 783 genus,
620 715 704 768 16.
741 715 870 766 sicut
899 721 1206 782 praeceperat
1236 710 1482 763 Dominus
1512 707 1648 762 Deus
1672 706 1803 762 Noe.
1823 707 2002 775 Quan-

407 807 517 873 do,
567 806 768 875 inquit,
821 804 983 872 cmpit
1030 804 1286 857 diluvium
1332 800 1624 856 secundum
1675 809 1996 869 praeceptum

412 900 638 964 υοιι-ιὶιιί,
673 898 885 951 intravit
909 896 1020 951 Noe
1039 897 1088 949 in
1110 911 1286 950 arcam
1317 909 1436 947 cum
1469 893 1591 946 filiis
1616 901 1670 947 et
1695 906 1858 946 uxore
1883 905 1996 954 sua,

405 1001 460 1044 et
488 990 738 1044 uxoribus
769 989 993 1042 ﬁliorum
1033 1001 1271 1050 suorum,
1305 994 1359 1039 et
1384 999 1570 1038 omnes
1606 982 1786 1037 bestim
1812 996 2001 1035 secun-

407 1081 534 1134 dum
560 1096 748 1150 genus.
787 1077 855 1132 Et
880 1079 1081 1143 clausit,
1109 1078 1299 1146 inquit,
1329 1076 1581 1130 Dominus
1627 1073 1766 1127 Deus
1811 1071 1998 1142 deforis

406 1173 515 1241 ejus
540 1187 733 1224 arcam.

478 1262 530 1316 4.
563 1260 940 1314 Animadverte
987 1260 1146 1314 etiam
1179 1258 1265 1313 hic
1305 1258 1452 1313 verbi
1479 1257 1545 1312 ad
1577 1265 1814 1312 nostram
1847 1254 1999 1310 inﬁr-

409 1353 644 1407 mitatem
673 1350 1242 1406 accommodationem.
1273 1348 1476 1404 Clausit
1517 1349 1656 1402 Deus
1704 1346 1999 1401 forinsecus

407 1445 550 1498 illius
570 1459 769 1508 arcam,
804 1452 861 1497 ut
901 1441 1089 1496 doceat
1133 1456 1192 1496 se
1233 1442 1284 1494 in
1332 1455 1520 1511 magna
1565 1438 1849 1495 securitate
1902 1451 1998 1506 po-

407 1537 579 1592 suisse
622 1535 843 1606 justum.
876 1534 1000 1590 ideo
1026 1535 1118 1599 ait,
1153 1532 1365 1600 Clausit,
1397 1541 1451 1588 et
1475 1532 1641 1597 addit,
1673 1530 1895 1601 Deforis,
1928 1530 1998 1585 ita

409 1637 466 1683 ut
491 1645 594 1684 non
625 1637 805 1699 posset
829 1629 1009 1682 videre
1033 1627 1210 1696 justus
1238 1625 1540 1697 generalem
1571 1624 1808 1678 omnium
1858 1622 1998 1676 inte-

408 1723 590 1787 ritum,
623 1720 764 1775 unde
799 1719 989 1789 majori
1035 1718 1223 1773 dolore
1253 1719 1366 1787 ipse
1390 1714 1760 1770 conﬁceretur.
1789 1712 1922 1768 Nam
1954 1711 1999 1766 si

408 1830 588 1869 secum
615 1814 790 1867 animo
812 1821 1111 1883 reputasset
1132 1810 1518 1864 atrocissimam
1543 1807 1685 1860 illam
1711 1815 1998 1876 tempesta-

411 1914 536 1966 tem,
557 1903 1031 1973 descripsissetque
1077 1902 1130 1954 in
1159 1908 1339 1955 mente
1379 1899 1594 1954 humani
1623 1899 1834 1969 generis
1875 1913 1998 1967 per-

409 1998 684 2061 ditionem,
715 2010 1052 2049 communem
1075 1993 1348 2047 brutorum
1381 1991 1617 2046 omnium
1648 1991 1917 2045 interitum
1945 2002 2000 2044 et

409 2088 685 2141 hominum
728 2095 778 2139 et
821 2085 1205 2154 jumentorum,
1249 2093 1304 2138 et
1329 2083 1493 2152 ipsius
1521 2092 1698 2146 terrae,
1731 2090 1788 2135 ut
1818 2083 1889 2135 ita
1921 2081 2001 2135 di-

409 2194 549 2244 cam,
581 2177 948 2241 abolitionem,
982 2175 1234 2230 mmstitia
1277 2184 1574 2243 correptus,
1607 2183 1658 2227 et
1690 2172 1843 2226 valde
1890 2183 2000 2227 tur-

411 2272 562 2325 batus
606 2269 813 2323 fuisset.
861 2267 1191 2336 Quamquam
1238 2266 1378 2321 enim
1432 2274 1584 2319 erant
1627 2264 1881 2336 improbi,
1910 2263 1998 2332 qui

409 2362 672 2434 peribant,
711 2370 945 2416 attamen
996 2359 1256 2415 bonorum
1292 2359 1526 2412 virorum
1576 2359 1766 2412 anima:
1810 2372 1996 2427 magna

409 2455 874 2508 commiseratione
915 2451 1053 2505 afﬁci
1082 2451 1276 2518 solent,
1305 2450 1349 2504 si
1373 2449 1586 2518 quando
1617 2447 1798 2502 vident
1824 2448 1999 2517 puniri

411 2548 682 2610 homines;
709 2555 762 2600 et
787 2545 1025 2600 invenies
1053 2558 1240 2598 omnes
1273 2543 1556 2612 prOphetas
1584 2550 1637 2596 et
1658 2541 1832 2611 justos
1880 2541 1996 2610 plu-

411 2641 599 2692 rimum
628 2653 723 2708 pro
751 2637 856 2691 illis
887 2637 996 2691 Deo
1025 2635 1350 2705 supplicare,
1395 2635 1533 2688 sicut
1573 2632 1870 2702 patriarcha
1905 2649 1999 2703 pro

407 2729 697 2785 Sodomitis
743 2729 968 2783 faciebat
996 2727 1147 2801 (Cen.
1198 2726 1285 2782 18.
1333 2725 1446 2795 25),
1489 2725 1627 2778 sicut
1670 2725 1828 2779 etiam
1879 2739 2000 2793 pro-

410 2822 580 2890 phetm
605 2820 855 2874 continuo
883 2818 1058 2874 facere
1085 2817 1343 2873 solebant.
1376 2817 1587 2871 Etenim
1617 2831 1756 2870 unus
1784 2815 1998 2885 quidem

408 2915 617 2968 diccbat
648 2932 660 2966 :
700 2911 815 2966 fleu
842 2912 984 2977 mihi,
1014 2909 1248 2976 Domine,
1279 2908 1465 2963 delebis
1490 2919 1541 2962 tu
1567 2909 1802 2978 reliquias
1832 2907 2000 2962 Israel

409 3003 616 3076 (Ezech.
645 3003 697 3057 9.
723 3001 815 3072 8)?
844 3002 980 3055 alius
1003 3011 1180 3055 autem
1229 3001 1302 3053 ait
1333 3018 1345 3053 :
1377 2998 1558 3052 Facies
1603 3000 1827 3052 homines
1870 3000 2000 3052 sicut

410 3097 567 3165 pisces
595 3095 770 3159 maris,
795 3110 896 3146 non
925 3093 1161 3146 habentes
1189 3091 1362 3145 ducem
1391 3090 1571 3163 (Abac.
1602 3092 1651 3145 1.
1683 3091 1772 3162 14)
1793 3084 2002 3160 ﬂgitur

408 3187 531 3254 quia
578 3186 809 3254 alioquin
850 3184 1025 3254 justus
1067 3182 1490 3237 confundchatur
1512 3192 1708 3246 mente,
1738 3192 1790 3236 et
1821 3181 2001 3235 turba-

409 3280 583 3342 hatur,
617 3294 682 3332 ne
711 3294 775 3331 ex
802 3279 918 3332 visu
939 3286 992 3332 et
1012 3276 1319 3346 spectaculo
1347 3275 1534 3345 majori
1565 3276 1774 3330 tristitia
1822 3275 2001 3329 afﬁce-

409 3383 576 3435 retur,
625 3372 677 3425 in
723 3385 842 3424 arca
887 3370 1032 3423 illum
1073 3370 1225 3440 quasi
1271 3370 1322 3423 in
1372 3383 1585 3424 carcere
1633 3367 1891 3430 includit,
1946 3379 2002 3421 ut

411 3479 476 3517 ne
501 3463 669 3517 oculis
696 3461 1106 3532 prospicientem
1154 3469 1326 3516 metus
1375 3460 1668 3514 invaderet.
1705 3459 2001 3516 Verisimile

418 3555 559 3608 enim
592 3563 693 3613 est,
723 3554 768 3607 si
800 3553 1019 3607 vidisset
1059 3551 1457 3606 inundationem
1500 3560 1576 3605 tot
1601 3567 1878 3620 aquarum,
1907 3568 2002 3605 an-

411 3649 553 3701 xium
584 3647 714 3710 fore,
747 3661 812 3700 ne
839 3646 1034 3715 et‘ipse
1054 3645 1204 3716 aquis
1234 3645 1452 3715 periret.
1487 3645 1614 3714 Ejus
1641 3645 1799 3714 igitur
1819 3659 1999 3699 curam

409 3755 600 3808 gerens
631 3739 890 3810 benignus
923 3738 1086 3802 Deus,
1122 3752 1228 3790 non
1257 3735 1499 3806 permisit
1526 3737 1697 3806 ipsmn
1730 3736 1811 3791 vel
1840 3751 2001 3806 aqua-

411 3847 526 3886 tum
544 3815 785 3900 spectare
806 3829 1084 3893 sazvitiem,
1107 3829 1190 3882 vel
1209 3828 1390 3883 videre
1407 3827 1680 3881 hominum
1710 3828 1998 3890 excidium,

410 3931 464 3976 et
479 3936 813 3977 communem
837 3921 978 3973 orbis
997 3919 1434 3973 internecionem.
1457 3919 1567 3988 Ego
1587 3929 1764 3973 autem
1787 3918 2002 3988 quando

413 4023 600 4084 reputo
627 4029 835 4068 mecum
873 4013 999 4082 justi
1030 4011 1186 4079 hujus
1219 4011 1376 4064 vitam
1410 4011 1460 4064 in
1488 4027 1610 4065 arca
1633 4051 1648 4075 ,
1681 4011 2001 4080 obstupesco

412 4117 465 4160 et
496 4107 679 4171 miror,
711 4107 1009 4176 iterumque
1036 4105 1130 4159 Dei
1173 4103 1473 4158 clementiae
1520 4114 1688 4157 totum
1729 4103 1996 4158 adscribo.

411 4199 544 4254 Nam
575 4200 674 4253 nisi
704 4200 789 4252 illa
818 4199 1188 4251 conﬁrmasset
1217 4198 1355 4251 illius
1400 4205 1654 4263 mentem,
1685 4207 1735 4251 et
1764 4197 1998 4258 difﬁcilia

413 4289 548 4344 levia
591 4287 826 4352 fecisset,
879 4285 1166 4355 quomodo,
1217 4286 1321 4350 dic,
1375 4301 1492 4352 oro,
1543 4286 1678 4341 ferre
1722 4288 1997 4356 potuisset,

415 4380 487 4436 ibi
517 4379 749 4434 inclusus
776 4378 922 4448 quasi
957 4378 1006 4430 in
1039 4376 1276 4430 custodia
1304 4375 1529 4447 quadam
1557 4386 1611 4432 et
1640 4377 1690 4430 in
1725 4386 1858 4432 tetro
1883 4393 1999 4432 car-

413 4473 578 4528 cere?
627 4470 923 4542 quomodo,
974 4485 1176 4538 qumso,
1221 4469 1480 4538 potuisset
1521 4469 1776 4523 adversus
1825 4479 2001 4524 tantos

414 4562 668 4618 ﬂuctuum
719 4564 945 4631 impetus
985 4561 1278 4614 obsistere?
1323 4545 1762 4613 Homines'enim
1812 4560 1900 4630 qui
1947 4561 1998 4614 in

413 4655 532 4710 navi
564 4661 707 4718 sunt,
737 4665 790 4707 et
826 4652 946 4706 velo
995 4662 1232 4716 utuntur,
1281 4659 1336 4704 et
1364 4652 1768 4719 gubernatorem
1799 4650 1865 4704 ad
1895 4653 2003 4704 cla-

415 4761 541 4799 vum
590 4743 862 4798 sedentem
911 4741 1131 4805 vident,
1182 4749 1237 4794 ct
1284 4754 1378 4794 sua
1417 4752 1531 4795 arte
1576 4749 1856 4795 ventorum
1885 4742 1899 4772 '
1931 4742 1979 4796 vi

413 4837 758 4892 obsistentem
787 4875 799 4895 ,
844 4832 1098 4903 siquando
1155 4830 1409 4885 ﬂuctuum
1455 4832 1634 4885 vident
1693 4831 1996 4896 insaniam,

414 4939 707 4985 caecantur
736 4938 901 4990 metu,
930 4935 984 4980 et
1012 4926 1078 4980 de
1124 4926 1295 4979 salute
1343 4939 1436 4978 sua
1478 4926 1858 4994 propemodum
1902 4926 2001 4980 de-

415 5028 634 5090 sperant
665 5035 678 5070 :
721 5017 846 5086 quid
897 5017 1054 5086 igitur
1101 5015 1294 5070 dixerit
1332 5016 1523 5086 aliquis
1554 5015 1621 5070 de
1659 5017 1805 5086 justo
1852 5017 2002 5072 hoc?

411 5112 544 5168 Nam
585 5110 736 5180 quasi
778 5111 829 5164 in
869 5125 1105 5170 carcere,
1138 5119 1197 5162 ut
1225 5107 1354 5170 dixi,
1398 5108 1611 5173 sedens,
1658 5109 1780 5162 hinc
1799 5117 1853 5163 et
1879 5109 2002 5164 inde

416 5202 912 5266 circumferebatur,
941 5216 1114 5270 neque
1139 5201 1326 5254 caelum
1367 5201 1548 5256 videre
1570 5241 1585 5266 ,
1609 5215 1780 5271 neque
1825 5201 2001 5270 aliquo

415 5296 600 5350 oculos
646 5303 856 5347 vertere
884 5292 1091 5356 valens,
1123 5292 1218 5346 sed
1250 5292 1390 5346 intus
1431 5292 1727 5358 tenebatur,
1768 5292 2002 5362 nihilque

418 5401 637 5456 prorsus
661 5384 845 5438 videre
874 5392 1101 5454 poterat,
1133 5383 1273 5452 quod
1309 5384 1725 5439 consolationem
1767 5385 2000 5440 afferret.

421 5476 489 5529 Et
515 5476 548 5531 ii
575 5475 786 5546 quidem
818 5474 905 5542 qui
941 5473 992 5527 in
1033 5473 1165 5526 mari
1209 5475 1494 5544 navigant,
1519 5475 1727 5530 etiamsi
1760 5476 1810 5529 in
1835 5476 2001 5530 altum

412 5574 703 5637 exsurgant
741 5566 932 5619 fluctus
953 5604 969 5630 ,
1007 5575 1230 5634 possunt
1264 5565 1488 5620 subinde
1518 5566 1569 5620 in
1599 5568 1789 5620 Caelum
1833 5568 2005 5639 suspi-

418 5673 561 5722 cere,
587 5667 640 5713 et
668 5657 942 5713 cacumina
963 5657 1222 5712 montium
1241 5657 1442 5725 videre,
1458 5668 1512 5713 et
1527 5659 1766 5714 civitates
1787 5675 2003 5730 magnas

422 5757 661 5818 spectare
683 5788 698 5812 ,
746 5747 929 5817 sicque
966 5748 1287 5817 aliquantam
1325 5750 1740 5807 consolationem
1771 5766 2000 5822 capere;

487 5861 504 5890 ι
531 5865 677 5918 unus,
699 5859 972 5920 undarum;
995 5859 1138 5914 alius.
1159 5840 1404 5922 ﬂuctuum.

1133 407 1189 464 S.
1230 406 1506 463 JOANNIS
1541 403 2024 462 CHRYSOSTOMI
2064 401 2378 459 ARCHIEP.
2421 402 2960 460 CONSTANTINOP.

3589 400 3694 459 Ὧι

2108 522 2249 592 quod
2270 523 2312 576 si
2337 523 2549 592 gravior
2573 533 2626 577 et
2649 521 3030 577 intolerabilior
3054 519 3211 576 fuerit
3237 529 3543 591 tempestas,
3572 531 3691 592 post

2105 613 2289 670 decem
2316 615 2399 670 vel
2430 615 2584 684 paulo
2611 615 2789 684 plures
2811 615 2943 678 dies,
2968 625 3022 669 et
3048 623 3166 684 post
3191 615 3384 669 multas
3411 615 3527 669 illas
3556 625 3691 670 tem-

2108 715 2340 775 pestates
2375 715 2428 761 et
2465 707 2697 776 pericula
2725 749 2738 769 ,
2775 707 2825 760 in
2869 716 3066 760 terram
3105 706 3259 773 ejecti
3285 748 3300 771 ,
3338 715 3392 760 et
3421 706 3690 774 paululum

2107 798 2331 865 refecti,
2374 799 2612 853 omnium
2648 800 2853 853 illarum
2894 797 3253 852 molestiarum
3286 797 3688 852 obliviscuntur.

2107 889 2203 945 Hic
2228 900 2404 944 autem
2437 890 2569 944 nihil
2599 891 2722 952 tale,
2750 889 2842 944 sed
2870 905 3010 942 anno
3038 896 3148 942 toto
3176 904 3366 942 novum
3394 898 3447 944 et
3477 898 3693 958 stupen-

2107 983 2230 1036 dum
2260 984 2406 1036 illum
2437 998 2706 1038 carcerem
2741 982 3090 1047 inhabitabat,
3117 997 3286 1051 neque
3312 997 3490 1036 aerem
3517 983 3692 1050 reSpi-

2107 1091 2228 1130 rare
2258 1076 2462 1129 valens.
2502 1075 2781 1142 Quomodo
2806 1076 2948 1128 enim
2981 1074 3280 1143 potuisset,
3310 1089 3430 1127 cum
3459 1073 3694 1142 undique

2105 1183 2226 1222 arca
2244 1169 2422 1224 clausa
2442 1169 2622 1222 esset?
2644 1167 2940 1234 Quomodo,
2961 1181 3161 1236 qumso,
3181 1165 3410 1220 restitit?
3425 1166 3693 1235 quomodo

2104 1259 2357 1315 duravit?
2397 1259 2528 1313 Nam
2567 1260 2611 1314 si
2655 1259 2827 1314 ferrea
2869 1269 2923 1313 et
2956 1258 3291 1312 adamantina
3333 1257 3438 1311 Illis
3470 1257 3694 1311 fuissent

2106 1367 2330 1422 c0rpora
2357 1395 2368 1418 ,
2399 1352 2666 1423 quomodo
2705 1353 3039 1422 potuissent,
3071 1353 3159 1420 qui
3194 1365 3365 1420 neque
3395 1364 3521 1404 aere
3552 1348 3692 1403 frue-

2104 1444 2296 1498 bantur
2322 1458 2493 1513 neque
2522 1453 2682 1497 vento
2705 1485 2718 1509 ,
2749 1443 2837 1512 qui
2867 1459 2976 1497 nrn
3009 1443 3181 1496 minus
3204 1457 3360 1511 quam
3389 1457 3483 1494 aer
3510 1441 3575 1494 ad
3609 1457 3694 1494 re-

2105 1535 2385 1591 focillanda
2430 1551 2655 1607 corpora
2702 1548 2880 1591 nostra
2923 1534 3094 1590 factus
3134 1544 3257 1599 est,
3305 1550 3479 1604 neque
3509 1534 3693 1588 oculos

2104 1643 2326 1698 pascere
2356 1637 2640 1696 poterant,
2671 1637 2762 1682 aut
2792 1628 2908 1682 ρωιί
2932 1670 2945 1692 ,
2979 1637 3070 1681 aut
3099 1637 3259 1682 terra:
3291 1625 3507 1681 ﬁoribus
3540 1627 3693 1695 pictze

2104 1720 2450 1792 spectaculo?
2475 1721 2752 1789 Quomodo
2776 1737 2878 1776 non
2905 1722 3153 1776 excaecati
3186 1720 3325 1774 oculi
3349 1735 3530 1774 eorum
3557 1761 3573 1784 ,
3603 1719 3693 1789 qui

2106 1812 2305 1867 tamdiu
2330 1813 2397 1884 i_bi
2421 1813 2681 1884 egerunt?
2707 1812 2776 1867 Et
2796 1812 2839 1866 si
2866 1811 3112 1865 humanis
3139 1811 3436 1866 rationibus
3465 1810 3578 1863 haec
3600 1809 3694 1862 dc-

2107 1905 2440 1974 prehendere
2470 1905 2713 1958 volumus
2738 1945 2752 1968 ,
2783 1914 2836 1958 et
2865 1902 2990 1957 illud
3018 1901 3352 1971 cogitandum
3379 1942 3394 1964 ,
3426 1900 3566 1954 umle
3595 1900 3693 1952 ﬁu-

2104 1997 2256 2050 vialis
2283 2007 2336 2051 et
2365 1995 2611 2066 potabilis
2639 2011 2789 2066 aquae
2821 1995 3028 2064 copiam
3067 1993 3334 2047 habebant
3373 1992 3424 2044 in
3455 2007 3578 2045 arca
3620 1992 3696 2044 vi-

2104 2100 2308 2145 ventes.
2341 2090 2408 2143 Et
2437 2099 2492 2144 ut
2522 2089 2635 2143 haec
2663 2096 2997 2159 prseteream,
3027 2086 3294 2158 quomodo
3325 2085 3494 2154 potuit
3517 2085 3696 2151 justus

2105 2184 2192 2238 ille
2217 2199 2336 2238 cum
2364 2183 2483 2237 ﬁliis
2504 2190 2559 2237 et
2581 2183 2833 2236 uxoribus
2857 2180 3316 2235 conversationem
3339 2193 3460 2232 cum
3491 2177 3618 2231 feris
3644 2188 3698 2231 et

2105 2275 2220 2328 aliis
2250 2274 2564 2328 animalibus
2596 2273 2776 2328 ferre?
2805 2272 3075 2342 quomodo
3103 2271 3219 2325 tulit
3245 2269 3490 2324 faetorem
3512 2268 3535 2318 ?
3557 2284 3694 2338 quo-

2104 2365 2263 2419 modo
2285 2365 2400 2418 tulit
2422 2362 2908 2418 cohibitationem?
2930 2362 2996 2416 Et
3014 2377 3110 2417 cur
3128 2362 3226 2415 ista
3246 2360 3398 2414 dico?
3415 2360 3698 2426 Quomodo

2105 2456 2255 2510 bruta
2289 2456 2398 2524 ipsa
2435 2463 2719 2524 potuerunt
2748 2455 2973 2519 durare,
3007 2462 3061 2508 et
3100 2469 3205 2506 non
3246 2451 3420 2521 perire
3454 2453 3505 2504 in
3549 2461 3694 2504 tanta

2105 2547 2357 2614 temporis
2389 2544 2737 2615 longitudine,
2762 2561 2880 2614 qua:
2904 2560 3074 2614 neque
3104 2559 3282 2598 aerem
3309 2542 3578 2597 attrahere
3607 2557 3700 2595 va-

2104 2637 2302 2700 lebant,
2334 2653 2505 2708 neque
2532 2638 2754 2701 moveri,
2787 2636 2879 2690 sed
2911 2636 2962 2690 in
2990 2652 3096 2690 uno
3125 2636 3243 2689 loco
3271 2635 3698 2689 coercebantur?

2104 2729 2265 2785 Scitis
2295 2730 2434 2784 enim
2459 2771 2474 2794 ,
2509 2738 2562 2784 et
2593 2729 2757 2798 probe
2789 2729 2936 2782 scitis
2967 2729 3124 2781 talem
3153 2742 3270 2781 esse
3299 2735 3534 2780 n0~tram
3566 2727 3696 2778 hru-

2105 2830 2385 2891 torumque
2412 2832 2672 2886 naturam,
2707 2831 2762 2874 ut
2789 2821 2994 2874 etiamsi
3026 2834 3150 2873 aere
3179 2818 3434 2882 fruamur,
3467 2818 3697 2886 aliistlue

2102 2913 2348 2968 omnibus
2372 2955 2388 2981 ,
2411 2914 2665 2968 continuo
2697 2923 2873 2967 autem
2913 2911 2966 2966 in
2991 2927 3097 2966 uno
3130 2912 3248 2966 loco
3276 2912 3440 2964 simus
3467 2910 3661 2964 intiltSi
3681 2950 3695 2970 ,

2103 3005 2234 3058 nihil
2269 3004 2544 3074 prohibeat
2581 3003 2863 3073 quominus
2894 3017 3190 3072 pereamus.
3229 3001 3379 3056 Unde
3409 3001 3570 3071 igitur
3600 3015 3697 3069 po-

2105 3097 2202 3150 tttit
2222 3094 2394 3164 justus
2415 3110 2535 3148 cum
2563 3094 2809 3147 omnibus
2839 3094 2926 3164 qui
2969 3095 3020 3146 in
3059 3107 3180 3147 arca
3212 3102 3363 3147 erant
3388 3133 3402 3154 ,
3428 3101 3577 3145 tanto
3603 3092 3699 3145 du—

2105 3203 2223 3240 rare
2249 3187 2530 3256 tempore?
2556 3185 2670 3240 Non
2701 3185 2914 3240 aliunde
2939 3201 3097 3254 quam
3125 3201 3191 3240 ex
3226 3200 3452 3254 superna
3485 3186 3656 3253 gratia
3683 3225 3698 3248 ,

2104 3278 2187 3331 cui
2219 3278 2397 3331 omnia
2427 3286 2552 3331 sunt
2581 3277 2875 3346 possibilia.
2909 3279 3097 3331 Annon
3131 3292 3309 3331 arcam
3339 3276 3462 3331 hinc
3489 3289 3541 3331 et
3576 3276 3702 3331 inde

2104 3371 2327 3434 moveri,
2353 3378 2405 3424 et
2431 3386 2533 3424 non
2561 3371 2829 3441 submergi
2851 3385 2880 3423 a
2904 3379 3046 3424 tanta
3068 3385 3321 3440 aquarum
3346 3371 3415 3430 vi,
3440 3385 3564 3422 eum
3587 3370 3703 3422 uul-

2107 3466 2186 3518 lus
2211 3474 2357 3520 esset
2399 3465 2742 3535 gubernator,
2775 3480 3022 3534 superna:
3062 3473 3173 3518 erat
3205 3464 3363 3532 Opis?
3401 3463 3517 3518 Non
3557 3465 3700 3517 enim

2103 3559 2282 3614 dicere
2324 3569 2474 3628 potes
2519 3559 2681 3613 fuisse
2716 3572 2893 3611 arcam
2926 3556 2991 3610 ad
3033 3557 3250 3610 modum
3284 3557 3432 3610 navis
3457 3598 3470 3621 ,
3505 3566 3562 3609 ut
3589 3565 3705 3608 arte

2103 3650 2330 3720 quadam
2372 3650 2513 3703 illius
2559 3649 2659 3702 iter
2687 3648 2841 3718 dirigi
2872 3649 3120 3718 potuerit.
3155 3650 3291 3701 Area
3322 3658 3439 3702 erat
3465 3647 3704 3716 undique

2105 3743 2305 3796 munita
2332 3759 2344 3796 :
2368 3751 2414 3796 et
2448 3749 2662 3811 promer
2693 3749 3012 3809 praeceptum
3031 3737 3356 3802 Conditoris,
3387 3754 3492 3791 non
3523 3738 3703 3790 solum

2105 3852 2221 3890 eam
2247 3835 2440 3890 laulere
2468 3849 2571 3887 non
2600 3832 2769 3901 potuit
2795 3847 3051 3901 aquarum
3079 3831 3330 3898 impetus,
3359 3828 3453 3884 sed
3486 3839 3542 3882 et
3572 3828 3703 3881 sob-

2105 3929 2284 3984 limior
2353 3927 2457 3982 illis
2521 3924 2660 3980 facta
2709 3923 3065 3979 inhabitantes
3113 3920 3398 3976 admodum
3478 3933 3707 3975 securos

2105 4019 2354 4074 reddidit.

2175 4111 2427 4165 Creatoris
2458 4108 2677 4179 potentia
2697 4102 3534 4173 incomprehensibilis.—Quando
3565 4103 3709 4157 Deus

2107 4213 2360 4272 operatur
2383 4201 2580 4270 aliquid
2606 4242 2620 4264 ,
2654 4199 2868 4264 dilecte,
2894 4197 3003 4252 noli
3033 4197 3265 4250 humana
3298 4195 3708 4249 ratiocinatione

2104 4295 2220 4361 ejus
2259 4307 2425 4360 opera
2473 4291 2753 4357 exquirere
2796 4287 3227 4343 :transcendunt
3273 4287 3415 4341 enim
3463 4294 3707 4340 mentem

2106 4396 2376 4449 nostram,
2409 4393 2463 4438 et
2489 4397 2775 4452 runnquam
2805 4389 2978 4450 potest
3004 4379 3233 4432 humana
3264 4379 3519 4448 cogitatio
3549 4378 3712 4430 attin-

2104 4494 2231 4548 gere
2272 4486 2326 4532 et
2353 4475 2811 4545 comprehendere
2847 4488 3033 4528 eorum
3059 4512 3074 4538 ,
3119 4487 3239 4542 qua:
3277 4485 3307 4524 a
3340 4471 3448 4525 Deo
3486 4468 3710 4524 condita

2104 4575 2245 4634 Sunt,
2276 4569 2555 4621 rationem.
3181 4629 3184 4632 g

2176 4665 2228 4718 5.
2272 4662 2500 4716 Proinde
2527 4677 2618 4730 par
2639 4669 2741 4725 ed,
2773 4673 2872 4714 nos
2897 4658 3173 4712 audientes
3200 4654 3339 4726 quod
3367 4655 3511 4710 Deus
3540 4655 3715 4723 impe-

2109 4758 2339 4820 raverit,
2373 4755 2590 4810 obedire
2630 4762 2684 4809 et
2711 4754 2933 4806 credere
2967 4752 3030 4804 iis
3058 4766 3176 4819 quae
3220 4750 3286 4802 ab
3313 4749 3404 4802 illo
3432 4747 3711 4805 dicuntur.

2104 4849 2234 4903 Nam
2265 4863 2383 4902 cum
2413 4845 2668 4899 Conditor
2696 4844 2764 4897 sit
2808 4851 3009 4895 natura:
3034 4882 3046 4904 ,
3080 4841 3256 4893 omnia
3295 4848 3619 4893 transmutat
3661 4844 3712 4890 et

2107 4939 2448 4994 transformat
2476 4944 2633 5006 prout
2681 4935 2779 4989 sibi
2827 4933 3052 4986 videtur.
3113 4931 3178 4986 Et
3223 4933 3406 4985 clausit
3453 4931 3713 4984 Dominus

2107 5032 2246 5086 Deus
2290 5030 2478 5098 deforis
2527 5027 2666 5082 illius
2706 5042 2897 5079 arcam.
2932 5025 3116 5095 Magna
3165 5023 3321 5092 hujus
3359 5024 3492 5093 justi
3540 5025 3715 5077 virtus

2108 5124 2239 5188 fuit,
2268 5133 2321 5177 et
2348 5122 2466 5176 ﬁdei
2499 5121 2832 5176 excellentia.
2870 5119 2956 5172 llla
2990 5120 3100 5187 ipsa
3129 5118 3270 5170 enim
3294 5157 3309 5180 ,
3340 5125 3398 5169 ut
3423 5131 3549 5169 arca
3575 5133 3711 5169 cou-

2106 5224 2401 5270 strueretur
2420 5254 2434 5279 ,
2465 5213 2657 5276 effecit,
2685 5221 2741 5265 ut
2762 5211 2916 5265 talem
2943 5209 3322 5263 habitationem
3351 5224 3506 5276 aequo
3529 5209 3715 5261 animo

2108 5309 2307 5362 ferrent
2332 5305 2872 5373 coarctationemque,
2897 5312 2952 5356 et
2977 5301 3136 5354 vitam
3161 5315 3282 5354 cum
3307 5300 3431 5353 feris
3457 5300 3713 5369 reliquis-

2107 5414 2210 5470 que
2235 5399 2404 5453 brutis
2431 5395 2749 5450 animalibus
2773 5395 3118 5448 sustinerent.
3149 5393 3281 5448 Hinc
3301 5401 3384 5445 est
3409 5390 3556 5458 quod
3588 5392 3711 5444 bea-

2110 5502 2195 5544 tus
2224 5490 2416 5543 Paulus
2446 5487 2561 5556 ejus
2600 5487 2868 5540 mentione
2895 5485 3026 5538 facta
3057 5483 3351 5551 praedicans
3379 5481 3534 5535 illum
3561 5523 3576 5544 ,
3604 5485 3710 5535 cla-

2110 5581 2288 5636 mabat
2313 5581 2496 5634 dicens
2527 5597 2540 5634 :
2573 5577 2705 5631 Fide
2730 5578 2936 5630 oraculo
2961 5576 3250 5629 admonitus
3278 5573 3389 5626 Noe
3422 5575 3489 5626 de
3513 5574 3578 5626 iis
3599 5588 3709 5640 qua:

2110 5673 2336 5727 nondum
2364 5671 2677 5736 ridebantur,
2709 5681 2932 5723 metuens
2958 5667 3149 5737 aptavit
3183 5682 3352 5719 aream
3383 5665 3456 5718 ad
3489 5665 3709 5718 saturem

2109 5765 2290 5818 domus
2314 5778 2460 5828 sure;
2489 5779 2578 5830 per
2605 5778 2758 5832 quam
2807 5759 3155 5813 condemnavit
3191 5756 3432 5810 mundum
3457 5797 3472 5820 ,
3522 5767 3570 5809 et
3600 5757 3708 5824 ψη

2112 5873 2224 5928 qua:
2279 5858 2552 5910 secundum
2619 5854 2770 5922 ﬁdem
2817 5860 2892 5908 est
2920 5848 3151 5918 justitiaz
3211 5851 3373 5922 factus
3433 5861 3512 5905 est
3566 5855 3705 5905 Item
