4062 6396
311 391 416 449 2Ξ5

310 508 418 561 τοῦ
455 506 604 570 Νῶε,
633 507 731 561 καί
755 511 813 562 al
842 507 996 577 τρεῖς
1024 506 1305 578 γυναῖκες
1332 504 1449 559 τῶν
1473 503 1620 559 υίῶν
1647 502 1856 567 αὐτοῦ,
1885 500 1983 553 καὶ

312 595 510 650 πάντα
554 595 627 649 τὰ
683 598 855 665 θηρία
894 596 1043 650 κατὰ
1101 594 1295 667 γένος,
1339 592 1604 660 καθάπερ
1649 591 1987 645 ἐνετείλατο

314 685 531 749 Κύριος
566 686 597 736 ό
628 684 774 749 Θεὸς
802 682 881 749 τῷ
919 681 1066 736 Νῶε.
1085 683 1237 745 Ὅτε,
1274 682 1462 751 φησιν,
1511 678 1684 750 ἀρχὴν
1716 675 1875 730 ἔλαϐε
1920 674 1989 726 τά

313 770 407 822 τοῦ
438 769 829 841 κατακλυσμοῦ
883 769 1025 824 κατὰ
1064 770 1127 822 τὸ
1168 770 1497 841 πρόσταγμα
1554 765 1650 819 τοῦ
1690 763 1986 820 Δεσπότου.

317 857 534 927 εἰσῆλθε
570 857 692 911 Νῶε
729 860 809 920 είς
846 858 945 929 τὴν
993 857 1227 912 κιϐωτὸν
1273 856 1409 928 μετά
1440 854 1549 908 τῶν
1583 852 1715 907 υίῶν
1749 850 1845 904 καὶ
1887 848 1988 916 τῆς

315 944 579 1009 γυναικὸς
637 945 825 1008 αὑτοῦ,
868 946 963 998 καὶ
1009 945 1117 999 τῶν
1162 943 1439 1013 γυναικῶν
1475 941 1584 994 τῶν
1628 939 1760 992 υἱῶν
1800 935 1988 1002 αὑτοῦ,

317 1034 411 1087 καὶ
439 1034 619 1085 πάντα
665 1032 735 1085 τά
786 1032 951 1103 θηρία
979 1032 1122 1086 κατὰ
1171 1032 1347 1101 γένος.
1391 1030 1500 1084 Καὶ
1530 1030 1794 1090 ἔκλεισε,
1833 1024 1987 1095 φησὶ,

314 1124 532 1191 Κύριος
565 1127 599 1178 ό
632 1123 775 1187 Θεὸς
800 1123 1024 1187 ἔξωθεν
1049 1121 1237 1177 αὐτοῦ
1269 1120 1385 1189 τὴν
1419 1120 1687 1174 κιϐωτόν.

384 1212 429 1265 δ’
435 1213 655 1267 ,Σκόπει
671 1215 762 1266 καὶ
778 1212 1010 1266 ἐνταῦθα
1021 1212 1217 1278 λέξεως
1236 1209 1663 1279 συγκατάϐασιν.
1675 1209 1991 1261 Ἕκλεισεν

314 1304 349 1356 ὁ
378 1301 527 1367 Θεὸς
564 1301 788 1365 ἔξωθεν
816 1300 1004 1355 αὑτοῦ
1037 1301 1151 1368 τὴν
1188 1298 1458 1360 κιϐωτὸν,
1492 1297 1580 1350 ἵνα
1615 1293 1801 1367 διδάξῃ
1839 1294 1989 1364 ἡμᾶς

313 1392 395 1444 δτι
445 1393 506 1444 ἐν
547 1390 818 1461 ἀσφαλείᾳ
861 1388 1031 1461 πολλῇ
1070 1388 1375 1457 κατέστησε
1418 1385 1509 1439 τὸν
1536 1384 1765 1438 δίκαιον.
1798 1381 1872 1434 Τὸ
1908 1380 1986 1444 δὲ,

318 1481 620 1543 Ἕκλεισε,
650 1479 739 1533 διὰ
767 1477 923 1532 τοῦτο
964 1476 1293 1548 προσέθηκε,
1321 1474 1413 1527 καὶ
1431 1474 1714 1537 Ἐξωθεν,
1737 1471 1880 1524 ὥστε
1913 1467 1987 1540 μὴ

313 1566 518 1631 ἐξεῖναι
537 1566 618 1636 τῷ
642 1565 837 1635 δικαίῳ
864 1566 995 1636 όρᾷν
1020 1564 1119 1635 τὴν
1148 1563 1395 1617 πανωλεο
1404 1563 1525 1633 ρίαν
1550 1560 1864 1631 γινομένην,
1893 1555 1989 1611 καὶ

312 1656 539 1708 πλείονα
585 1654 682 1707 καὶ
734 1653 897 1707 αὑτὸν
935 1652 1035 1721 τὴν
1076 1651 1363 1723 συντριϐὴν
1413 1649 1725 1720 ὑπομένειν.
1762 1647 1824 1700 Εἰ
1876 1645 1987 1717 γάρ

312 1741 409 1794 καὶ
441 1739 899 1809 ἀναλογιζόμενος
933 1740 990 1792 έν
1033 1737 1241 1809 διανοίᾳ
1271 1737 1329 1790 τὸ
1362 1735 1597 1808 χαλεπὸν
1634 1736 1812 1787 ἐκεῖνο
1857 1731 1989 1784 κλυ-

310 1828 525 1890 δώνιον,
578 1827 673 1881 m1
727 1826 1062 1896 ὑπογράφων
1113 1823 1193 1894 τῷ
1237 1823 1484 1892 λογισμῷ
1543 1820 1643 1892 τὴν
1714 1818 1989 1874 ἀπώλειαν

309 1915 406 1969 τοῦ
447 1914 558 1968 τῶν
586 1912 892 1983 ἀνθρώπων
937 1912 1148 1981 γένους,
1179 1911 1287 1963 τῶν
1336 1911 1547 1978 ἀλόγων
1593 1908 1847 1965 ἁπάντων
1891 1906 1989 1977 τὴν

312 2002 501 2073 κοινὴν
525 2000 805 2070 τελευτὴν,
846 1997 1306 2069 καὶ-ἀνθρὼπων,
1343 1998 1439 2050 καὶ
1468 1995 1707 2067 κτηνῶν,
1754 1993 1848 2047 καὶ
1890 1994 1988 2047 αὑ-

309 2092 415 2162 τῆς
435 2093 535 2161 τῆς
568 2091 692 2161 γῆς,
727 2091 803 2153 ὡς
844 2091 1037 2153 εἰπεῖν,
1072 2089 1163 2142 τὸν
1201 2086 1531 2157 ἀφανισμὸν,
1571 2087 1848 2155 συνεχεῖτο
1896 2082 1989 2137 καὶ

309 2177 717 2250 διεταράττετο.
753 2178 815 2229 Εί
838 2176 948 2245 γὰρ
979 2176 1073 2229 καὶ
1108 2176 1334 2245 πονηροὶ
1359 2169 1500 2244 ἦσαν
1526 2175 1574 2227 οἱ
1602 2170 1986 2242 ἀπολλύμενοι,

311 2265 427 2318 ἀλλ’
450 2266 508 2318 αἱ
538 2263 648 2317 τῶν
676 2263 902 2316 δικαίων
941 2262 1112 2333 ψυχαὶ
1142 2261 1344 2332 πολλὴν
1370 2259 1596 2314 εἰώθασι
1635 2259 1732 2331 τὴν
1772 2256 1990 2327 συμπάο

310 2352 463 2406 θειαν
492 2349 921 2416 ἐπιδείκνυσθαι,
953 2349 1173 2403 ὲπειδάν
1213 2348 1364 2403 ῐδωσι
1397 2347 1840 2421 τιμωρουμένους
1858 2344 1989 2407 ¹τοὺς

309 2438 661 2510 ἀνθρώπους
732 2438 827 2492 καὶ⁹
881 2438 1133 2509 εὑρήσεις
1185 2436 1413 2489 ἕκαστον
1454 2435 1563 2490 τῶν
1609 2433 1833 2489 δικαίων
1894 2433 1989 2486 καὶ

308 2527 419 2581 τῶν
456 2526 754 2600 προφητῶν
786 2525 991 2597 πολλὴν
1030 2525 1170 2595 ὑπὲρ
1203 2524 1382 2578 αὐτῶν
1412 2522 1510 2595 τὴν
1538 2521 1819 2592 ἱκετηρίαν
1846 2520 1986 2574 τιθε-

314 2613 533 2685 μένους,
561 2612 713 2686 [256]
736 2611 983 2685 καθάπερ
1010 2614 1039 2666 6
1062 2613 1408 2683 πατριάρχης
1436 2609 1735 2678 πεποίηκεν
1762 2609 1854 2661 ἐπὶ
1879 2608 1988 2661 τῶν

308 2701 586 2772 Σοδόμων,
617 2700 868 2773 καθάπερ
895 2701 945 2753 οἱ
974 2700 1252 2771 προφῆται
1280 2699 1483 2761 πάντες
1516 2695 1794 2759 ποιοῦντες
1820 2694 1988 2748 διετέ-

307 2786 494 2843 λεσαν.
525 2788 634 2841 Καὶ
659 2787 769 2859 γὰρ
800 2789 829 2840 6
862 2788 960 2859 μὲν
983 2787 1201 2856 ἐλεγενο
1244 2786 1315 2839 Ol
1358 2801 1482 2855 μοι,
1521 2784 1715 2851 Κύριε,
1752 2781 1988 2847 ἐξαλεί-

307 2893 445 2946 φεις
474 2875 559 2930 σὺ
585 2876 655 2930 τὸ
684 2876 1058 2932 κατάλοιπον
1083 2874 1191 2929 τοῦ
1219 2874 1489 2942 Ἰσραήλ;
1527 2872 1712 2944 ἕτερος
1741 2872 1800 2926 δέ
1831 2889 1985 2943 φησυ

308 2962 597 3030 Ποιήσεις
634 2964 776 3029 τοὺς
821 2963 1173 3031 ἀνθρώπους
1214 2963 1294 3029 ὡς
1334 2962 1476 3027 τοὺς
1506 2961 1719 3029 ἰχθύας
1744 2959 1859 3027 τῆς
1887 2963 1988 3013 θα-

306 3051 559 3119 λάσσης
586 3053 700 3104 οὐκ
730 3051 987 3120 ἔχοντας
1014 3051 1354 3119 ἡγούμενον
1365 3064 1392 3112 ;,
1425 3048 1578 3102 Ἐπεὶ
1614 3044 1707 3102 οὖν
1737 3049 1832 3102 καὶ
1858 3048 1986 3101 ἄνευ

309 3137 506 3191 τούτου
534 3139 563 3191 6
591 3137 799 3201 δίκαιος
843 3131 997 3200 οὗτος
1024 3136 1403 3207 διεταράττετο
1450 3134 1542 3187 τὸν
1577 3133 1860 3204 λογισμὸν,
1894 3134 1988 3188 καὶ

310 3228 594 3295 συνεχεῖτο
620 3223 719 3295 τὴν
743 3223 1005 3289 διάνοιαν,
1038 3224 1123 3276 ῐνα
1151 3222 1225 3294 μὴ
1255 3223 1351 3276 καὶ
1379 3223 1411 3292 ή
1436 3221 1558 3291 όψις
1590 3223 1739 3293 καὶὴ
1776 3220 1872 3275 θέα
1910 3223 1990 3285 είς

311 3312 542 3366 πλείονα
588 3311 752 3364 αὑτὸν
789 3309 1002 3381 ἐμϐάλῃ
1040 3309 1352 3381 συντριϐὴν,
1386 3308 1638 3379 καθάπερ
1685 3309 1743 3360 ἐν
1776 3308 1989 3378 δεσμω-

308 3399 489 3471 τηρίῳ
531 3397 845 3452 κατακλείει
891 3398 1056 3449 αὑτὸν
1098 3398 1154 3450 ἐν
1184 3399 1250 3467 τῇ
1300 3395 1539 3465 κιϐωτῷ,
1570 3395 1712 3448 ὥστε
1757 3395 1831 3468 μὴ
1875 3397 1990 3459 τοῖς

310 3485 616 3555 ὀφθαλμοῖς
655 3484 788 3555 όρᾷν
832 3483 902 3536 τά
960 3483 1241 3553 γινόμενα,
1284 3482 1421 3552 μηδὲ
1456 3484 1536 3545 εἰς
1585 3481 1786 3535 δειλίαν
1821 3499 1988 3536 κατα-

312 3573 532 3643 στῆναι.
570 3571 733 3633 Εἰκὸς
786 3573 894 3640 γάρ
937 3566 1005 3642 ἦν
1048 3569 1209 3623 αὑτόν
1251 3569 1463 3641 ὁρῶντα
1505 3569 1614 3622 τῶν
1654 3570 1862 3625 ὑδάτων
1890 3570 1989 3641 τὴν

313 3659 659 3731 πλημμύραν
704 3659 1010 3727 ἀγωνιᾶσαι
1046 3658 1122 3729 μὴ
1175 3656 1272 3711 καὶ
1316 3656 1479 3720 αὐτὸς
1518 3657 1848 3729 ὑποϐρύχιος
1892 3659 1988 3728 γέ-

312 3766 496 3819 νηται.
543 3747 857 3819 Κηδόμενος
905 3747 1084 3799 τοίνυν
1130 3743 1294 3798 αὑτοῦ
1349 3746 1377 3797 6
1420 3744 1798 3816 φιλάνθρωπος
1836 3745 1987 3809 Θεὸς,

314 3839 376 3891 οὑ
414 3838 692 3907 συγχωρεῖ
739 3834 860 3887 οὑδὲ
904 3831 1204 3887 θεάσασθαι
1249 3832 1358 3885 τῶν
1399 3832 1607 3885 ὑδάτων
1653 3833 1754 3904 τὴν
1794 3832 1987 3905 φορὰν,

316 3926 439 3979 οὔτε
479 3924 607 3978 ἰδεῖν
641 3922 740 3994 τὴν
767 3922 1060 3992 γινομένην
1086 3920 1382 3984 ἀπώλειαν,
1416 3920 1511 3974 καὶ
1551 3920 1651 3991 τὴν
1678 3920 1778 3990 τῆς
1815 3924 1991 3975 οίκου-

322 4014 491 4083 μένης
522 4008 919 4080 πανωλεθρίαν.
956 4008 1098 4077 Ἐγὼ
1133 4007 1191 4061 δὲ
1217 4008 1345 4061 ὅταν
1382 4007 1686 4078 λογίσωμαι
1711 4007 1810 4079 τὴν
1840 4010 1898 4062 ἐν
1922 4011 1988 4078 τῇ

319 4099 539 4169 κιϐωτῷ
564 4098 657 4151 τοῦ
695 4096 905 4151 δικαίου
936 4096 1127 4148 τούτου
1159 4094 1455 4167 διαγωγὴν,
1496 4095 1868 4167 ἐκπλήττομαι
1899 4098 1994 4151 καὶ

320 4185 609 4256 θαυμάζω,
651 4186 744 4238 καὶ
777 4184 937 4239 πάλιν
970 4186 1035 4255 τῇ
1069 4182 1164 4236 τοῦ
1195 4183 1330 4237 Θεοῦ
1378 4183 1756 4255 φιλανθρωπίᾳ
1785 4184 1845 4237 τὸ
1886 4186 1992 4238 πᾶν

321 4275 630 4343 λογίζομαι.
663 4273 727 4325 Εἰ
775 4272 850 4343 μὴ
895 4271 1004 4342 γὰρ
1030 4270 1211 4341 ἐκείνη
1241 4266 1310 4341 ἦν
1348 4273 1382 4342 ή
1411 4269 1680 4341 νευροῦσα
1707 4271 1870 4324 αὑτοῦ
1901 4272 1993 4325 τὸν

319 4362 600 4433 λογισμὸν,
634 4360 729 4413 καὶ
759 4359 829 4412 τά
866 4357 1101 4411 δύσκολα
1137 4356 1332 4412 εὔκολα
1364 4358 1727 4430 ἐργαζομένη,
1758 4358 1873 4422 πῶς
1905 4358 1991 4418 ἂν,

321 4449 445 4503 εἰπέ
474 4465 587 4520 μοι,
626 4450 872 4516 ἐνεγκεῖν
897 4445 1134 4518 ἠδυνήθη
1168 4446 1419 4516 καθάπερ
1462 4448 1521 4499 ἐν
1546 4448 1735 4518 εἱρκτῇ
1762 4463 1867 4499 τινι
1901 4447 1992 4499 καὶ

322 4535 685 4607 δεσμωτηρίῳ
745 4533 969 4606 χαλεπῷ
1018 4532 1193 4597 οὕτως
1258 4532 1444 4587 αὐτόθι
1507 4533 1989 4603 ἐγκεκλεισμένος;

322 4623 443 4685 πῶς
468 4624 528 4677 δὲ
572 4624 814 4692 ῖσχυσεν,
855 4620 977 4674 εἰπέ
1007 4638 1119 4690 μοι,
1154 4621 1429 4691 ἀντισχεῖν
1459 4622 1597 4693 πρὸς
1622 4620 1713 4674 τὸν
1740 4620 1995 4673 τοσοῦτον

321 4713 569 4778 πάταγον
596 4710 706 4763 τῶν
745 4711 1037 4780 κυμάτων;
1073 4709 1137 4761 EE
1179 4707 1290 4779 γάρ
1335 4711 1393 4761 έν
1427 4709 1595 4779 πλοίῳ
1637 4709 1994 4778 τυγχάνοντες

319 4800 372 4851 οἱ
398 4797 702 4869 ἄνθρωποι,
744 4797 839 4849 καὶ
887 4796 1040 4865 ἱστίῳ
1068 4795 1421 4866 κεχρημένοι,
1453 4797 1548 4848 καὶ
1593 4794 1685 4849 τὸν
1723 4796 1992 4868 κυϐερνή-

319 4903 421 4956 την
445 4884 684 4954 όρῶντες
720 4885 812 4938 ἐπὶ
844 4883 951 4937 τῶν
985 4883 1187 4936 οἰάκων
1217 4882 1551 4953 καθήμενον,
1583 4883 1679 4936 καὶ
1720 4885 1785 4954 τῇ
1819 4882 1997 4954 οἰκείᾳ

320 4973 487 5043 τέχνῃ
525 4971 663 5042 πρὸς
706 4972 806 5042 τὴν
840 4972 949 5024 τῶν
985 4970 1202 5041 ἀνέμων
1230 4981 1249 5000 ⁸
1287 4970 1466 5041 ῥύμην
1500 4969 1806 5040 ἱστάμενον,
1846 4973 1996 5023 ἐπει-

321 5059 421 5113 δὰν
453 5059 607 5112 ῐδωσι
646 5059 906 5127 κυμάτων
936 5057 1293 5128 σφοδρότητα,
1322 5057 1722 5128 ἀποθνήσκουσι
1755 5057 1834 5129 τῷ
1861 5058 1994 5122 δέει,

324 5147 575 5216 καὶπερὶ
600 5146 792 5216 αὐτῆς,
829 5145 903 5208 ὼς
926 5147 1119 5209 εἰπεῖν,
1173 5146 1445 5215 σωτηρίας
1490 5145 1794 5198 δεδοίκασι·
1839 5145 1891 5198 τί
1930 5145 1998 5199 ἂν

324 5234 470 5287 εἴποι
521 5250 607 5295 τις
642 5233 772 5303 περὶ
832 5231 927 5285 τοῦ
974 5232 1183 5285 δικαίου
1234 5233 1459 5297 τούτου;
1506 5232 1767 5304 Καθάπερ
1800 5233 1908 5304 γὰρ
1941 5236 1998 5287 ὲν

323 5320 797 5392 δεσμωτηρίῳ,ὼς
821 5320 993 5391 ἔφθην
1027 5319 1216 5382 εἰπὼν,
1255 5321 1539 5390 τυγχάνων
1570 5324 1628 5374 ἐν
1654 5324 1722 5392 τῇ
1758 5319 1995 5390 κιϐωτῷ,

325 5403 430 5464 ὧδε
458 5409 690 5461 κάκεῖσε
725 5408 1104 5477 περιεφέρετο,
1150 5408 1211 5459 οὑ
1238 5407 1328 5461 τὸν
1351 5408 1578 5478 οὐρανὸν
1611 5408 1737 5462 ἰδεῖν
1759 5409 1997 5479 δυνάμε-

323 5509 437 5555 νος,
477 5491 576 5560 οὑχ
610 5487 835 5560 ἑτέρωθί
872 5506 971 5542 που
1010 5491 1135 5552 τοὺς
1176 5489 1488 5560 ὀφθαλμοὺς
1533 5491 1830 5554 ἀνατεῖναι,
1884 5492 1998 5545 ἀλλ’

321 5576 471 5629 ἔνδον
504 5574 861 5644 συνεχόμενος
892 5573 1169 5628 καὶ.ούδέν
1192 5574 1328 5636 ὅλως
1364 5573 1488 5626 ἰδεῖν
1510 5573 1647 5644 ἔχων
1682 5573 1711 5626 ό
1747 5592 2000 5648 παραμυ⁶

323 5659 447 5713 θίαν
470 5656 623 5727 αὑτῷ
654 5673 776 5709 τινα
810 5656 997 5726 φέρειν
1040 5657 1293 5726 ἠδύνατο.
1335 5656 1457 5708 Ἐπὶ
1493 5657 1590 5726 μὲν
1622 5657 1730 5728 γὰρ
1774 5656 1881 5709 τῶν
1902 5657 1999 5726 τὴν

323 5741 594 5796 θάλατταν
625 5740 917 5803 πλεόντων,
956 5738 1056 5792 κᾶν
1089 5740 1157 5793 τὰ
1197 5740 1420 5809 κύματα
1459 5740 1773 5810 κορυφωθῇ,
1824 5738 2000 5804 ἔξεστι

323 5825 423 5878 καὶ
448 5827 529 5887 είς
554 5823 645 5876 τὸν
670 5822 897 5893 ούρανὸν
919 5822 1292 5875 ἀναϐλέποντα
1329 5822 1608 5885 πολλάκις,
1638 5824 1731 5876 καὶ
1757 5822 1997 5893 κορυφὴν

322 5909 486 5980 ὅρους
543 5905 900 5977 θεασάμενον,
963 5906 1056 5958 καὶ
1099 5905 1253 5959 πόλιν
1300 5906 1516 5976 μακρὰν
1557 5908 1997 5962 κατοπτεύσαντα

391 6031 421 6064 ⁸
448 6030 588 6081 Unus
612 6031 707 6079 τῶν
728 6029 926 6081 ὑδάτων.
954 6027 1092 6081 Alius
1111 6031 1204 6078 τῶν
1227 6029 1467 6093 κυμάτων.

1516 389 1585 445 IN
1617 388 1769 447 CAP.
1802 385 1893 442 VII
1924 383 2163 440 GENES.
2207 384 2436 444 HOMIL.
2473 387 2637 445 XXV.

3646 389 3759 445 νει

2094 501 2299 571 μικράν
2339 520 2460 557 τινα
2496 501 2826 577 παραψυχὴν
2860 504 3076 560 λαϐεῖν·
3118 506 3167 560 εί
3198 506 3255 561 δὲ
3290 507 3454 571 πολὺς
3492 506 3586 560 καὶ
3616 506 3754 576 ἀφό-

2091 610 2249 664 ρητος
2278 596 2306 647 ό
2341 593 2547 665 χειμὼν
2577 596 2805 663 γένοιτο,
2836 598 2893 650 ἐν
2925 596 3058 649 δέκα
3098 596 3131 668 ἢ
3158 596 3322 669 ὀλίγῳ
3350 596 3590 651 πλείοσιν
3619 598 3756 667 ἠμέ-

2091 698 2232 746 ραις,
2273 682 2367 734 καὶ
2414 683 2551 751 μετά
2598 684 2723 747 τοὺς
2776 684 3000 747 πολλοὺς
3048 685 3321 755 χειμῶνας
3371 686 3610 749 ἐκείνους
3662 686 3756 740 καὶ

2088 768 2212 831 τοὺς
2264 769 2562 834 κινδύνους,
2615 772 2694 836 είς
2737 772 2836 844 τὴν
2883 772 2988 842 γῆν
3031 773 3366 845 ἐκριφέντες.
3414 775 3506 827 καὶ
3563 775 3756 844 μικρὸν

2089 855 2326 920 ἀνέντες,
2365 855 2583 910 πάντων
2613 858 2837 912 ἐκείνων
2883 858 2991 912 τῶν
3031 858 3290 931 λυπηρῶν
3322 860 3493 931 λήθην
3545 860 3757 929 λαμϐά⁴

2090 958 2292 994 νουσιν.
2330 943 2590 998 Ἐνταῦθα
2639 945 2694 999 δὲ
2740 946 2890 1000 οὐδὲν
2925 945 3154 1012 τοιοῦτο,
3208 946 3320 1001 ἀλλ’
3378 947 3470 1000 ἐπὶ
3513 947 3758 1001 ἐνιαυτὸν

2088 1027 2380 1100 ὀλόκληρον
2416 1030 2477 1084 τὸ
2517 1033 2702 1085 καινὸν
2734 1033 2828 1086 καὶ
2869 1033 3017 1099 ξένον
3045 1032 3176 1104 ῷκει
3215 1035 3606 1107 δεσμωτήριον,
3634 1034 3756 1088 οὐδὲ

2089 1113 2180 1167 τὸν
2208 1115 2345 1187 ἀέρα
2373 1117 2712 1172 ἀναπνεῦσαι
2755 1119 3074 1189 δυνάμενος.
3113 1120 3240 1185 Πῶς
3261 1122 3390 1193 γὰρ,
3420 1121 3758 1192 πανταχόθεν

2088 1201 2498 1274 ήσφαλισμένης
2545 1204 2642 1275 τῆς
2682 1206 2946 1271 κιϐωτοῦ;
2988 1208 3113 1271 Πῶς
3152 1210 3433 1279 ἀντέσχεν,
3462 1210 3584 1262 εἰπέ
3636 1227 3756 1278 μοις

2091 1289 2208 1353 πῶς
2234 1289 2556 1362 διήρκεσεν;
2584 1294 2646 1347 Ei
2685 1294 2794 1365 γὰρ
2831 1294 2938 1347 ἀπὸ
2964 1294 3182 1365 σιδήρου
3209 1296 3305 1349 καὶ
3330 1296 3633 1366 ἀδάμαντος
3661 1296 3761 1347 αὑ-

2089 1380 2203 1442 τοῖς
2234 1382 2575 1450 συνειστήκει
2604 1382 2675 1435 τὰ
2720 1382 2968 1453 σώματα,
3004 1382 3119 1446 πῶς
3155 1381 3221 1435 ἂν
3248 1382 3590 1453 ἠδυνήθησαν
3621 1386 3758 1452 μήτε

2091 1466 2253 1537 ἀέρος
2276 1466 2640 1532 ἀπολαύοντες
2670 1470 2806 1540 μήτε
2831 1470 3057 1539 ἀνέμου,
3083 1470 3133 1523 οἳ
3158 1468 3249 1521 τοῦ
3284 1468 3444 1539 ἀέρος
3469 1469 3569 1521 οὐκ
3607 1468 3761 1520 ἔλατ-

2090 1570 2182 1606 τον
2218 1554 2289 1608 τὰ
2321 1554 2550 1625 σώματα
2589 1556 2833 1627 ήμέτερα
2862 1556 3270 1626 ἀνακτήσασθαι
3294 1555 3586 1624 πεφύκασι,
3624 1558 3758 1626 μήτε

2089 1641 2216 1703 τοὺς
2246 1640 2558 1712 ὀφθαλμοὺς
2588 1644 2835 1697 ἑστιᾶσαι
2877 1643 3089 1713 ἔχοντες
3117 1642 3252 1712 πρὸς
3275 1641 3376 1712 τὴν
3405 1641 3497 1694 τοῦ
3526 1642 3756 1712 ούρανοῦ

2091 1724 2243 1789 θέαν,
2277 1727 2310 1797 ἢ
2356 1727 2492 1798 πρὸς
2521 1728 2617 1798 τὴν
2656 1728 2765 1781 τῶν
2792 1727 2971 1782 ἀνθῶν
3011 1728 3120 1781 τῶν
3156 1728 3267 1782 ἀπὸ
3304 1728 3402 1799 τῆς
3451 1725 3600 1799 [257]
3655 1729 3758 1797 γῆς

2091 1813 2397 1881 ποικιλίαν;
2450 1815 2575 1881 Πῶς
2597 1816 2655 1869 δὲ
2681 1817 2803 1886 οὐχὶ
2830 1816 2925 1869 καὶ
2969 1814 3437 1886 ἀπετυφλωθησαν
3471 1816 3569 1878 τὰς
3609 1815 3759 1884 ὄψεις

2091 1902 2185 1955 ἐπὶ
2211 1902 2465 1958 τοσοῦτον
2509 1902 2652 1957 οῦτω
2694 1904 3008 1972 διάγοντες;
3050 1903 3162 1956 Καὶ
3188 1904 3242 1961 ,εί
3281 1902 3638 1973 ἀνθρωπίνοις
3668 1902 3759 1955 λο-

2090 1992 2308 2060 γισμοῖς
2339 1988 2511 2044 ταῦτα
2536 1989 2923 2062 βουληθείημεν
2954 1989 3288 2060 καταμαθεῖν
3332 1991 3380 2054 δ,
3417 1992 3637 2044 κάκεῖνο
3680 1991 3761 2043 δεῖ

2091 2073 2363 2143 ἐννοῆσαι,
2396 2071 2560 2125 πόθεν
2594 2071 2786 2135 ὓδατος
2828 2072 3061 2141 ποτίμου
3101 2071 3362 2141 χορηγίαν
3402 2071 3558 2142 ἔσχον
3600 2073 3658 2124 ἐν
3690 2075 3757 2142 τῇ

2092 2158 2307 2230 κιϐωτῷ
2347 2160 2642 2228 διάγοντες.
2689 2161 2797 2213 Καὶ
2827 2160 2912 2213 ἵνα
2947 2158 3115 2212 ταῦτα
3147 2159 3325 2229 παρῶ,
3359 2158 3479 2222 πῶς
3519 2158 3756 2231 ήδυνήθη

2089 2246 2118 2299 6
2148 2246 2356 2310 δίκαιος
2382 2239 2537 2311 οὗτος
2578 2248 2715 2319 μετά
2751 2247 2857 2300 τῶν
2900 2246 3031 2299 υἱῶν
3065 2248 3160 2300 καὶ
3192 2245 3301 2298 τῶν
3342 2246 3616 2314 γυναικῶν
3660 2246 3760 2317 τὴν

2094 2338 2233 2403 μετά
2263 2333 2371 2387 τῶν
2398 2330 2615 2404 ἀλόγων
2638 2335 2731 2388 καὶ⁵
2758 2334 2869 2388 τῶν
2897 2334 3102 2404 θηρίων
3129 2334 3223 2387 καὶ
3252 2333 3362 2387 τῶν
3391 2333 3594 2387 λοιπῶν
3623 2352 3762 2405 πτη-

2090 2419 2196 2473 νῶν
2225 2421 2519 2492 ἀνασχέθαι
2559 2421 2871 2494 διαγωγήν;
2929 2421 3046 2485 πῶς
3095 2421 3296 2492 ήνεγκε
3337 2421 3433 2492 τὴν
3459 2420 3757 2482 δυσωδίανς

2092 2509 2209 2572 πῶς
2239 2509 2496 2579 ἠνέσχετο
2525 2511 2623 2581 τὴν
2674 2512 2770 2563 σὺν
2809 2510 2990 2573 αὑτοῖς
3042 2508 3287 2581 οἴκησινς
3338 2510 3451 2564 Καὶ
3493 2511 3546 2562 τί
3587 2510 3763 2564 ταῦτα

2090 2593 2265 2663 λέγω;
2299 2597 2422 2660 Πῶς
2459 2596 2598 2650 αὐτὰ
2631 2595 2698 2650 τά
2729 2596 2903 2665 ἄλογα
2940 2595 3176 2667 ἠδυνήθη
3237 2596 3527 2666 ἀντισχεῖν,
3559 2597 3651 2650 καὶ
3686 2596 3761 2667 μὴ

2088 2683 2451 2756 διαφθαρῆναι
2517 2685 2574 2737 ἐν
2627 2683 2864 2755 τοσούτῳ
2914 2685 3078 2755 μήκει
3125 2684 3355 2755 χρόνον,
3413 2685 3551 2755 μήτε
3599 2684 3761 2755 ἀέρος

2092 2772 2296 2824 σπάσαι
2350 2770 2644 2842 δυνάμενα,
2692 2774 2828 2843 μήτε
2891 2771 3208 2841 κινούμενα,
3245 2771 3361 2825 ἀλλ’
3398 2773 3455 2824 ὲν
3488 2773 3570 2825 ἑνὶ
3611 2772 3761 2842 τόπῳ

2090 2859 2493 2931 καθειργμένα;
2523 2859 2665 2913 Ἰστε
2693 2861 2826 2930 γὰρ,
2857 2859 2990 2923 ἴστε,
3021 2862 3103 2914 ὃτι
3123 2861 3218 2915 καὶ
3244 2861 3336 2914 ἐπὶ
3360 2861 3458 2931 τῆς
3485 2861 3761 2932 ἡμετέρας

2090 2946 2307 3014 φύσεως
2349 2947 2442 3000 καὶ
2488 2946 2582 3000 ἐπὶ
2610 2948 2709 3018 τῆς
2750 2947 2861 3000 τῶν
2890 2947 3122 3016 ἀλόγων,
3150 2946 3256 3001 κᾶν
3288 2947 3450 3019 ἀέρος
3477 2946 3764 3001 ἀπολαύω-

2096 3050 2215 3103 μεν,
2245 3031 2347 3086 κᾶν
2376 3033 2484 3087 τῶν
2527 3032 2703 3088 ἄλλων
2746 3034 3022 3097 ἁπάντων,
3076 3033 3340 3104 διηνεκῶς
3384 3034 3442 3087 δὲ
3484 3033 3566 3088 ἐνὶ
3612 3033 3762 3105 τόπῳ

2090 3116 2240 3191 ὦμεν
2267 3120 2771 3192 συγκεκλεισμένοι,
2814 3122 2967 3176 οὐδὲν
2999 3121 3059 3175 τὸ
3100 3120 3308 3175 κωλύον
3335 3120 3630 3176 ἀπολέσθαι
3669 3123 3762 3175 καὶ

2090 3202 2473 3275 διαφθαρῆναι.
2528 3203 2698 3258 Πόθεν
2730 3199 2823 3257 οὖν
2862 3205 3100 3275 ἠδυνήθη
3131 3205 3160 3256 6
3191 3204 3397 3267 δίκαιος
3425 3196 3580 3268 οὗτος
3621 3206 3761 3274 μετὰ

2094 3291 2313 3345 πάντων
2347 3292 2456 3345 τῶν
2495 3293 2554 3343 ἐν
2594 3294 2659 3362 τῇ
2689 3290 2908 3361 κιϐωτῷ
2933 3291 3185 3345 τοσοῦτον
3210 3291 3497 3362 διαρκέσαι
3538 3294 3761 3364 χρόνον;

2092 3378 2402 3449 Οὑδαμόθεν
2431 3378 2696 3448 ἑτέρωθεν
2718 3379 2750 3450 ἢ
2776 3379 2885 3432 ἀπὸ
2914 3379 3013 3449 τῆς
3036 3379 3239 3435 ἀνωθεν
3265 3381 3437 3450 ῥοπῆς
3465 3381 3564 3450 τῆς
3588 3380 3764 3434 πάντα

2091 3466 2414 3537 δυναμένης.
2446 3466 2589 3521 Αὑτὸ
2615 3466 2724 3539 γὰρ
2744 3467 2806 3520 τὸ
2837 3467 2936 3530 τὴν
2964 3466 3194 3520 κιϐωτὸν
3222 3461 3324 3519 ὦδε
3352 3469 3575 3520 κάκεῖσε
3608 3485 3763 3538 περι-

2093 3555 2400 3626 φερομένην
2434 3554 2507 3625 μὴ
2548 3553 3046 3624 καταποντισθῆναι
3083 3553 3187 3606 ὑπὸ
3226 3555 3323 3624 τῆς
3358 3554 3625 3625 τοσαύτης
3656 3555 3763 3607 τῶν

2094 3642 2300 3695 ὑδάτων
2332 3643 2524 3713 φορᾶς,
2552 3641 2767 3704 οὑδενὸς
2804 3640 2955 3702 ὄντος
3007 3637 3100 3692 τοῦ
3139 3638 3527 3709 κυϐερνῶντος,
3561 3640 3623 3692 οὑ
3664 3641 3761 3709 τῆς

2093 3728 2297 3783 ἀνωθεν
2343 3729 2532 3797 γέγονε
2589 3728 2797 3799 ῥοπῆς;
2844 3726 2980 3779 Οὐδὲ
3012 3729 3119 3797 γὰρ
3161 3725 3305 3795 ἔχεις
3355 3728 3546 3789 εἰπεῖν,
3582 3728 3664 3779 ὃτι
3704 3730 3761 3779 ὲν

2094 3816 2283 3870 πλοίου
2328 3819 2567 3887 σχήματι
2611 3811 2701 3887 ἦν,
2745 3816 2822 3878 ὡς
2862 3813 3121 3868 δύνασθαι
3175 3813 3338 3886 τέχνῃ
3372 3814 3478 3866 τινὶ
3530 3816 3762 3885 ἠνιοχεῖν

2094 3906 2264 3971 αὐτῆς
2292 3905 2390 3977 τὴν
2423 3904 2667 3977 πορείαν.
2704 3904 2952 3967 Κιϐωτὸς
2992 3899 3059 3974 ἦν
3086 3902 3350 3956 πάντοθεν
3378 3904 3757 3974 πεφραγμένηο

2096 3995 2188 4049 καὶ
2230 3993 2316 4047 διὰ
2356 3993 2417 4046 τὸ
2446 3987 2779 4065 πρόσταγμα
2818 3990 2912 4044 τοῦ
2942 3988 3297 4062 δημιουργοῦ,
3339 3991 3401 4043 ού
3426 3991 3585 4061 μόνον
3609 3991 3763 4044 οὐδὲν

2094 4083 2261 4153 αὐτὴν
2289 4080 2597 4151 ἐλυμήνατο
2645 4081 2678 4150 ή
2722 4078 2829 4132 τῶν
2857 4077 3063 4131 ὑδάτων
3107 4075 3270 4146 φορὰ,
3307 4077 3442 4130 ἀλλά
3485 4078 3579 4131 καὶ
3626 4078 3763 4151 ὑψη-

2093 4168 2289 4240 λοτέρα
2318 4167 2584 4239 γενομένη
2612 4168 2668 4220 ἐν
2697 4166 2864 4237 πολλῇ
2900 4164 3171 4235 ἀσφαλείᾳ.
3210 4161 3442 4235 καθίστη
3478 4165 3604 4229 τοὺς
3629 4166 3763 4220 ἐνοι-

2095 4274 2343 4319 κουντας.

2169 4342 2336 4395 Ὅταν
2379 4334 2472 4393 οῦν
2498 4340 2526 4393 6
2554 4338 2685 4401 Θεὸς
2726 4337 3027 4409 ἐργάσηταί
3051 4354 3127 4402 τι,
3152 4336 3425 4410 ἀγαπητὲ,
3466 4335 3540 4408 μὴ
3571 4336 3763 4407 βούλου

2094 4430 2376 4501 λογισμοῖς
2404 4426 2766 4501 ἀνθρωπίνοις
2805 4427 3080 4491 ἐξετάζειν
3127 4426 3195 4481 τὰ
3226 4429 3355 4499 παρ’
3398 4425 3563 4481 αὑτοῦ
3615 4428 3762 4493 γινό-

2100 4535 2268 4589 μενα·
2313 4516 2631 4588 ὑπερϐαίνει
2683 4514 2790 4587 γὰρ
2819 4514 2916 4585 τὴν
2942 4515 3150 4568 ἔννοιαν
3191 4514 3290 4588 τὴν
3337 4515 3633 4587 ἡμετέραν,
3669 4515 3765 4567 καὶ

2096 4601 2195 4654 οὑκ
2220 4601 2283 4655 ἀν
2311 4616 2440 4653 ποτε
2476 4598 2730 4670 δυνηθείη
2773 4598 3088 4669 ἀνθρωπίνη
3117 4598 3323 4652 διάνοια
3351 4596 3633 4667 ἐφικέσθαι
3668 4598 3764 4650 καὶ

2098 4683 2422 4737 καταλαϐεῖν
2463 4681 2554 4735 τὸν
2577 4680 2735 4750 λόγον
2760 4680 2868 4733 τῶν
2898 4682 2989 4735 ὑπ’
3030 4682 3200 4756 αὑτοῦ
3229 4679 3762 4752 δημιουργηθέντων.

2166 4776 2227 4825 ε’.
2259 4771 2348 4823 Διὸ
2378 4769 2643 4840 προσήκει
2687 4767 2983 4831 ἀκούοντας
3017 4769 3162 4839 ήμᾶς
3211 4768 3293 4822 ὅτι
3337 4768 3365 4820 6
3396 4765 3529 4829 Θεὸς
3564 4766 3762 4837 προσέ-

2096 4853 2247 4918 ταξε.
2285 4850 2561 4905 πείθεσθαι
2588 4851 2683 4905 καὶ
2728 4851 2897 4904 εἴκειν
2929 4853 3041 4914 τοῖς
3071 4850 3201 4920 παρ’
3235 4847 3397 4902 αὑτοῦ
3432 4847 3759 4918 λεγομένοις.

2096 4937 2435 5013 Δημιουργὸς
2464 4933 2573 5006 γὰρ
2610 4936 2685 4988 ὣν
2708 4936 2807 5006 τῆς
2836 4933 3048 5005 φύσεως
3097 4932 3239 4987 κατὰ
3284 4932 3346 4985 τὸ
3385 4931 3534 5001 αὐτῷ
3574 4931 3763 4985 δοκοῦν

2098 5018 2311 5073 ἅπαντα
2371 5017 2799 5089 μεταρρυθμίζει
2847 5019 2941 5069 καὶ
2972 5015 3353 5087 μεταπλάττει.
3405 5013 3508 5067 Καὶ
3554 5013 3763 5068 ἔκλεισε

2099 5101 2304 5171 Κύριος
2331 5103 2359 5154 6
2387 5100 2518 5163 Θεὸς
2548 5099 2747 5166 ἔξωθεν
2778 5100 2940 5152 αὑτοῦ
2968 5099 3066 5169 τὴν
3089 5097 3337 5151 κιϐωτόν.
3367 5095 3540 5168 Πολλὴ
3567 5096 3659 5150 τοῦ
3692 5098 3766 5149 δι-

2099 5184 2255 5237 καίου
2282 5182 2472 5235 τούτου
2521 5185 2553 5252 ἡ
2593 5181 2786 5253 ἀρετὴ,
2826 5181 2918 5234 καὶ
2968 5181 3068 5250 τῆς
3117 5181 3417 5251 πίστεωςή
3465 5180 3760 5250 ὑπερϐολή.

2098 5266 2246 5337 Α’ύτη
2277 5266 2406 5338 γὰρ,
2454 5266 2593 5335 αῦτη
2633 5275 2656 5303 ο
2684 5265 2778 5318 καὶ
2818 5263 3183 5334 τεκτήνασθαι
3211 5264 3309 5334 τὴν
3356 5262 3583 5317 κιϐωτὸν
3624 5278 3765 5332 παρ-

2099 5349 2384 5412 εσκεύασε,
2417 5349 2512 5402 καὶ
2531 5348 2632 5418 τὴν
2661 5346 2875 5417 οἴκησιν
2905 5347 3093 5418 πράως
3118 5347 3380 5414 ἐνεγκεῖν,
3407 5345 3620 5415 καὶτῆς
3643 5361 3764 5397 στε-

2098 5433 2363 5504 νοχωρίας
2406 5430 2735 5500 ἀνασχέσθαι
2775 5432 2871 5484 καὶ
2915 5432 3016 5501 τῆς
3046 5430 3183 5500 μετά
3207 5427 3317 5481 τῶν
3341 5427 3544 5497 θηρίων
3568 5427 3766 5493 διαγωο

2100 5517 2203 5585 γῆς
2234 5515 2329 5569 καὶ
2353 5515 2460 5568 τῶν
2490 5514 2698 5582 ἀλόγων
2720 5515 3005 5585 ἁπάντων
3019 5514 3119 5567 Διά
3149 5510 3307 5585 τρῦτο
3331 5512 3424 5563 καὶ
3442 5509 3764 5585 φμακάρφς

2101 5578 2315 5648 Παῦλος
2342 5587 2422 5647 εἰς
2452 5578 2673 5655 μνήμην
2702 5585 2866 5637 αὑτοῦ
2890 5582 3080 5646 ἐλθὼν,
3121 5582 3214 5636 καὶ
3252 5578 3766 5650 ἀνακηρύττωναύ-

2099 5667 2212 5729 τὸν,
2250 5667 2378 5720 ἐϐόα
2421 5666 2620 5735 λέγων·
2671 5665 2856 5720 Πίστει
2900 5664 3291 5737 χρηματισθεὶς
3322 5660 3447 5715 Νῶε
3485 5662 3615 5732 περὶ
3656 5661 3765 5713 τῶν

2106 5749 2333 5821 μηδέπω
2363 5749 2728 5819 βλεπομένων,
2763 5747 3082 5816 εὐλαϐηθεὶς
3118 5744 3482 5801 κατεσκεύασε
3534 5743 3765 5797 κιϐωτὸν

2109 5834 2188 5897 εἰς
2219 5832 2491 5904 σωτηρίαν
2537 5831 2629 5886 τοῦ
2678 5831 2827 5885 οἴκου
2886 5829 3072 5895 αὑτοῦ,
3127 5828 3194 5883 δι’
3230 5824 3298 5900 ἧς
3343 5827 3630 5897 κατέκρινε
3673 5824 3766 5879 τὸν

2172 5966 2200 6039 ξ
2226 5962 2390 6039 ξενίῃ.
2411 5970 2462 6013 et
2485 5969 2703 6039 ᾳυὶικῃιε
2722 5979 2837 6039 πιεξ.
2864 5966 3195 6039 ﬁta-ﬂagtian
3217 5962 3515 6039 καταλαϐεῖνῖ

2056 6030 2076 6057 λ
2179 6031 2201 6059 ⁸
2234 6029 2314 6078 Sic
2351 6023 2521 6077 Morel}
2551 6038 2599 6077 el
2626 6023 2771 6078 Savil.
2805 6023 3045 6077 lu'Munlf.
3071 6023 3187 6084 αῦτη
3210 6028 3316 6088 γὰρ,
3339 6025 3474 6082 αὐτή.
3502 6023 3638 6071 lium
