4062 6396
262 417 370 474 29.5
850 442 892 500 ετ

263 533 489 602 κόσμον,
521 530 614 584 καὶ
643 529 740 598 τῆς
767 531 905 582 κατα
948 528 1130 581 πίστιν
1161 527 1503 598 δικαιοσύνης
1541 527 1759 596 ἐγένετο
1793 527 1921 599 κλη-

266 619 510 690 ρονόμος.
555 613 704 679 Εἶδες
744 615 859 679 πῶς
907 615 940 686 ή
975 615 1156 679 πίστις
1197 618 1230 687 ή
1271 618 1348 680 είς
1389 617 1480 668 τὸν
1511 615 1644 668 Θεὸν
1676 615 1920 687 καθάπερ

259 705 480 775 ἄγκυρά
515 721 600 767 τις
631 702 880 772 ἀσφαλὴς
920 703 1327 774 παρεσκεύασεν
1361 702 1542 765 αὑτὸν,
1575 703 1669 756 καὶ¹
1712 703 1811 773 τῆς
1838 720 1914 755 κι-

261 791 437 846 ϐωτοῦ
484 791 583 862 τήν
626 789 967 862 κατασκευὴν
1005 791 1354 862 ποιήσασθαι,
1388 791 1482 844 καὶ¹
1524 790 1625 860 τῆς
1663 791 1922 862 οἰκήσεως

262 880 622 952 ἀνασχέσθαις
661 877 808 950 Λῦτη
831 879 942 950 γὰρ
963 879 1109 950 αύτῴ
1135 879 1230 932 καὶ
1249 880 1347 950 τῆς
1373 880 1646 950 σωτηρίας
1673 879 1921 944 ὑπόθεσις

263 969 475 1038 γέγονε,
511 985 527 1016 ι
569 968 644 1018 Δι’
667 961 754 1036 ἧς,
801 965 956 1035 φησὶ,
994 965 1285 1038 κατέκρινε
1317 965 1408 1019 τὸν
1453 965 1680 1036 κόσμον,
1706 965 1921 1036 καὶτῆς

261 1057 403 1113 κατά
474 1055 658 1108 πίστιν
701 1053 1045 1124 δικαιοσύνης
1096 1053 1310 1122 ἐγένετο
1360 1052 1720 1124 κληρονόμος·
1759 1071 1778 1104 ι
1825 1053 1920 1108 οὐκ

261 1143 447 1216 ἐπειδή
494 1143 654 1205 αὐτὸς
707 1140 878 1213 [Ξόὃ]
922 1141 1156 1214 ἔκρινεν,
1196 1139 1313 1195 ἀλλ’
1345 1140 1535 1211 ἐπειδὴ
1583 1141 1612 1193 6
1650 1140 1920 1210 Δεσπότης

261 1231 597 1302 συγκρίσεως
648 1228 747 1298 τὴν
793 1227 1124 1300 κατάκρισιν
1169 1227 1398 1296 ἐπάγει·
1457 1227 1566 1280 τῶν
1595 1226 1704 1297 γάρ
1745 1226 1920 1280 αὐτῶν

258 1317 664 1380 ἀπολαύσαντες
697 1315 773 1387 τῷ
802 1316 1016 1387 δικαίῳ,
1045 1316 1106 1369 οὑ
1136 1317 1236 1385 τήν
1264 1314 1434 1386 αὐτὴν
1466 1313 1615 1386 αὐτῷ
1661 1313 1921 1386 μετῆλθον

259 1407 358 1477 τῆς
390 1406 591 1478 ἀρετῆς
624 1405 743 1458 ὁδόν
767 1421 779 1434 ·
813 1404 902 1458 διὰ
927 1404 1025 1476 τῆς
1050 1403 1286 1466 πίστεως
1318 1403 1414 1474 μὲν
1437 1413 1461 1437 ⁶
1493 1398 1607 1466 οῦν,
1630 1403 1696 1474 ἢν
1719 1401 1925 1455 ἐπεδεί-

260 1498 410 1564 ξατο,
459 1496 779 1567 κατέκρινεν
820 1493 1061 1557 ἐκείνους
1105 1495 1232 1556 τοὺς
1281 1491 1480 1564 πολλὴν
1525 1492 1626 1564 τὴν
1669 1491 1924 1545 ἀπιστίαν

261 1584 726 1654 ἐπιδειξαμένους,
786 1581 882 1635 καὶ
922 1581 998 1654 μή
1039 1580 1438 1644 πιστεύσαντας
1482 1583 1548 1652 τῇ
1598 1581 1920 1651 προρρήσει.

272 1671 412 1742 Ἐγὼ
449 1672 504 1725 δὲ
559 1671 698 1742 μετά
743 1669 959 1726 πάντων
1001 1669 1095 1723 καὶ
1148 1668 1241 1722 τοῦ
1296 1668 1504 1722 δικαίου
1551 1667 1924 1738 ἐκπλήττομαι

256 1761 357 1831 τὴν
393 1759 615 1830 ἀρετὴν,
651 1760 747 1813 καὶ
775 1757 868 1812 τοῦ
899 1757 1170 1811 Δεσπότου
1210 1755 1309 1828 τὴν
1346 1755 1656 1826 ἀγαθότητα
1694 1754 1788 1808 καὶ
1823 1752 1924 1824 τήν

257 1847 462 1916 ἄφατον
479 1846 668 1916 φιλανθ
679 1846 908 1916 ρωπίαν,
920 1847 1046 1898 ὅταν
1070 1846 1306 1916 ἐννοήσω
1326 1843 1444 1908 πῶς
1461 1842 1699 1914 ήδυνήθη
1721 1840 1922 1913 μεταξὺ

256 1935 366 1989 τῶν
397 1934 598 2006 θηρίων
648 1934 878 2003 διάγειν,
913 1933 1024 1986 τῶν
1055 1933 1284 1987 λεόντων
1313 1933 1476 2002 λέγω,
1511 1931 1608 1986 καὶ
1637 1929 1749 1985 τῶν
1781 1946 1925 2001 παρ-

255 2024 478 2087 δάλεων,
510 2023 602 2077 καὶ
647 2021 758 2076 τῶν
787 2021 1027 2096 ἄρκτων,
1075 2020 1171 2075 καὶ
1209 2019 1320 2074 τῶν
1347 2019 1551 2074 λοιπῶν
1576 2019 1684 2073 τῶν
1715 2017 1922 2091 ἀγρίων

259 2113 354 2168 καὶ
387 2111 712 2166 ἀτιθάσσων.

343 2198 745 2272 Ἀναμνήσθητί
787 2213 880 2269 μοι
919 2195 1176 2262 ἐνταῦθα,
1203 2193 1475 2266 άγαπητέ,
1516 2195 1620 2266 τῆς
1652 2193 1810 2260 ἀξίας
1853 2187 1922 2266 ἧς

255 2291 537 2362 ἀπήλαυεν
563 2291 591 2343 6
630 2288 1055 2360 πρωτόπλαστος
1086 2287 1194 2363 πρὸ
1222 2287 1320 2355 τῆς
1358 2285 1666 2357 παρακοῆς,
1709 2287 1805 2340 καὶ
1836 2285 1918 2339 λο-

257 2378 411 2444 γίζου
454 2375 550 2430 τοῦ
589 2374 725 2429 Θεοῦ
759 2375 860 2446 τήν
904 2375 1234 2444 ἀγαθότητα.
1271 2373 1490 2442 Ἐπειδὴ
1518 2372 1627 2444 γάρ
1671 2374 1704 2444 ή
1743 2373 1920 2444 παρά·-

258 2465 416 2528 όασις
437 2464 646 2518 ἐκείνου
665 2461 1050 2534 ἠκρωτηρίασε
1067 2461 1164 2532 τὴν
1181 2460 1471 2532 δεδομένην
1491 2457 1759 2524 ἐξουσίαν,
1795 2455 1920 2532 εὗρε

255 2553 314 2607 δέ
346 2552 375 2604 6
405 2549 609 2620 ἀγαθὸς
633 2549 911 2619 Δεσπότης
936 2549 1122 2620 ἓτερον
1143 2547 1311 2618 ἄνδρα
1340 2547 1636 2619 δυνάμενον
1664 2547 1922 2602 ἀνακαλέ-

258 2637 452 2692 σασθαι
463 2637 560 2715 τὴν
574 2635 805 2708 ἀρχαίαν
820 2635 1120 2700 είκόνα,καὶ
1130 2632 1462 2698 διασώζοντα
1474 2634 1576 2706 τῆς
1587 2635 1786 2708 ἀρετῆς
1796 2637 1922 2700 τοὺς

256 2726 628 2797 χαρακτῆρας,
660 2723 754 2778 καὶ
777 2722 978 2796 πολλὴν
1019 2724 1147 2794 περὶ
1176 2721 1274 2787 τὰς
1297 2722 1515 2787 ἐντολάς
1549 2723 1646 2793 τήν
1677 2722 1922 2793 ὑπακοὴν

258 2814 716 2884 ἐπιδεικνύμενον,
732 2812 892 2866 πάλιν
909 2814 989 2875 είς
1003 2810 1101 2882 τὴν
1117 2809 1348 2882 ἀρχαίαν
1360 2827 1410 2862 τι
1418 2811 1522 2882 μὴν
1539 2810 1697 2864 αὑτὸν
1709 2810 1920 2879 ἀνάγει,

261 2903 540 2973 μονονουχὶ
571 2901 835 2956 διδάσκων
855 2900 1005 2970 ήμάς
1026 2898 1094 2952 δι’
1120 2897 1301 2951 αὐτῶν
1332 2898 1440 2950 τῶν
1462 2898 1800 2970 πραγμάτων
1822 2899 1923 2969 τῆς

257 2989 502 3054 ἐξουσίας
518 2987 612 3042 τοῦ
628 2987 798 3058 Ἀδὰμ
811 2987 872 3040 τὸ
896 2985 1145 3058 μέγεθος,
1161 2984 1228 3056 ἢν
1249 2980 1364 3054 εἶχε
1382 2985 1488 3058 πρὸ
1500 2985 1601 3055 τῆς
1619 2986 1919 3056 παρακοῆς.

269 3077 332 3129 Ἤ
345 3076 515 3148 ἀρετή
526 3073 805 3129 τοίνυντοῦ
822 3073 1031 3128 δικαίου
1049 3072 1414 3144 ἐπιλαϐομένη
1435 3072 1536 3142 τῆς
1555 3071 1647 3125 τοῦ
1664 3071 1798 3125 Θεοῦ
1813 3072 1925 3143 φιλ·

257 3163 588 3241 ανθρωπίας,
622 3160 984 3215 ἀνεκαλέσατο
1003 3159 1102 3230 τὴν
1142 3159 1410 3231 προτέραν
1429 3159 1624 3234 ἀρχὴν,
1649 3159 1742 3213 καὶ
1762 3159 1923 3214 πάλιν

257 3252 327 3305 τά
351 3250 516 3322 θηρία
542 3248 640 3320 τήν
683 3246 961 3318 ὑποταγὴν
991 3246 1374 3316 ἐπεγίνωσκον.
1412 3245 1581 3301 Ἔνθα
1609 3245 1717 3318 γάρ
1742 3245 1809 3300 ἂν
1838 3246 1922 3318 ἴδῃ

258 3338 423 3412 θηρία
440 3336 664 3402 δίκαιον,
681 3333 1091 3389 ἐπιλανθάνεται
1112 3334 1212 3404 τῆς
1234 3332 1440 3397 οἰκείας
1465 3333 1699 3402 φύσεως,
1726 3333 1923 3407 μᾶλλον

255 3426 313 3480 δέ
341 3425 402 3478 ού
430 3423 530 3494 τῆς
571 3420 805 3491 φύσεως,
831 3419 968 3474 ἀλλά
1000 3420 1100 3490 τῆς
1126 3418 1438 3492 θηριωδίας,
1481 3421 1574 3473 καὶ⁵
1609 3421 1837 3490 μένοντα
1866 3422 1923 3474 ἐν

257 3515 324 3582 τῇ
351 3510 510 3580 φύσει
533 3509 633 3580 τὴν
663 3505 955 3578 θηριωδίαν
995 3507 1075 3570 εἰς
1104 3505 1202 3577 τήν
1234 3508 1544 3578 ἡμερότητα
1576 3505 1938 3583 μεταϐάλλει(

258 3600 367 3656 Καὶ
396 3599 499 3669 ὅρα
528 3595 684 3649 τοῦτο
711 3594 800 3647 ἐπὶ
827 3592 922 3646 τοῦ
950 3592 1145 3664 Δανιὴλ
1182 3594 1480 3664 γινόμενον.
1514 3595 1648 3647 Ὑπὸ
1677 3595 1783 3671 γὰρ
1814 3595 1924 3651 τῶν

257 3685 483 3747 λεόντων
516 3682 899 3752 κυκλούμενος,
929 3680 1118 3751 ὥσπερ
1157 3681 1261 3740 ὑπὸ
1287 3681 1572 3753 προϐάτων
1598 3683 1924 3754 δορυφορού-

261 3791 439 3845 μενος,
465 3771 634 3835 οὓτως
662 3769 830 3833 ἀδεῶς
855 3768 1038 3838 διῆγεν
1057 3784 1072 3799 ·
1102 3769 1136 3839 ή
1163 3767 1270 3839 γὰρ
1292 3767 1386 3821 τοῦ
1408 3769 1616 3822 δικαίου
1643 3772 1922 3842 παρρησία

257 3861 503 3932 ἐχαλίνου
551 3857 658 3913 τῶν
698 3856 902 3928 θηρίων
937 3855 1036 3926 τήν
1071 3855 1261 3925 φύσιν,
1304 3855 1400 3910 καὶ¹
1441 3857 1541 3910 οὐκ
1586 3859 1673 3910 εἴα
1713 3859 1779 3912 τά
1813 3859 1922 3913 τῶν

258 3947 464 4020 θηρίων
513 3946 707 4008 αὑτοὺς
763 3941 1189 3998 ἐπιδείκνυσθαι.
1241 3943 1346 3996 Τὸν
1387 3944 1550 3998 αὑτὸν
1610 3945 1675 4016 δὴ
1722 3946 1922 4016 τρόπον

254 4035 286 4090 6
319 4033 616 4106 θαυμάσιος
642 4026 796 4095 οὗτος
821 4030 921 4105 τὴν
956 4031 1094 4102 μετά
1127 4031 1236 4085 τῶν
1268 4031 1472 4103 θηρίων
1498 4032 1771 4106 διαγωγὴν
1804 4037 1922 4106 μετ’

256 4124 505 4186 εὐκολίας
529 4122 712 4193 ἔφερε,
748 4120 840 4175 καὶ
873 4118 996 4173 οὔτε
1021 4119 1054 4189 ή
1089 4119 1438 4191 στενοχωρία,
1467 4118 1589 4174 οὔτε
1611 4123 1648 4194 ή
1676 4121 1769 4175 τοῦ
1794 4122 1922 4198 χρό-

257 4229 349 4264 νου
383 4210 707 4280 παράτασις,
737 4206 861 4260 οὔτε
899 4207 961 4259 τὸ
1000 4205 1172 4270 οὕτως
1207 4207 1614 4275 ἐγκεκλεῖσθαι,
1649 4211 1743 4263 καὶ⁵
1785 4214 1922 4282 μήτε

255 4298 346 4352 τὸν
374 4298 510 4367 ἀέρα
531 4297 789 4354 ἀναπνεῖν
820 4293 1097 4365 ναρκῆσαι
1137 4293 1299 4348 αὑτὸν
1329 4295 1758 4366 παρεσκεύασεν.
1787 4298 1922 4353 ἀλλά

255 4383 323 4452 τῇ
357 4379 538 4432 πίστει
561 4381 626 4449 τῇ
651 4379 730 4441 είς
753 4376 845 4430 τὸν
870 4377 1002 4430 Θεὸν
1032 4377 1246 4432 ᾶπαντα
1272 4378 1447 4450 κοῦφα
1476 4381 1625 4452 αὐτῷ
1652 4381 1919 4452 ἐφαίνετο,

254 4471 352 4524 καὶ
398 4468 539 4522 οὕτω
569 4467 754 4538 διῆγεν
798 4466 858 4520 ἐν
894 4465 972 4537 τῷ
1020 4466 1240 4538 χαλεπῷ
1288 4468 1480 4540 ἐκείνῳ
1528 4470 1920 4542 δεσμωτηρίῳ,

253 4559 456 4612 ὡσανεὶ
483 4559 644 4628 ἡμεῖς
679 4557 736 4608 ἐν
762 4554 991 4626 λειμῶσι
1030 4555 1126 4610 καὶ
1152 4555 1445 4627 δενδρικοῖς
1469 4557 1670 4622 τόποις.
1708 4560 1782 4613 Τὸ
1815 4561 1922 4631 γάρ

254 4646 535 4716 ἐπίταγμα
565 4642 659 4696 τοῦ
693 4641 961 4695 Δεσπότου
993 4641 1062 4695 τὰ
1099 4641 1332 4714 δυσχερῆ
1366 4645 1524 4716 ρᾴδια
1554 4646 1701 4718 αὐτῷ
1735 4648 1920 4717 φαίνε-

255 4728 383 4782 σθαι
412 4725 813 4800 παρεσκεύασε.
841 4724 1092 4786 Τοιοῦτον
1125 4725 1233 4797 γάρ
1269 4726 1376 4779 τῶν
1411 4728 1633 4783 δικαίων
1668 4730 1729 4783 τὸ
1768 4730 1919 4796 ἔθος·

254 4817 385 4870 ὅταν
414 4833 467 4868 τι
491 4815 558 4868 δι’
587 4814 747 4868 αὑτὸν
770 4815 1151 4886 ὑπομένουσιν,
1184 4814 1244 4867 οὐ
1266 4818 1332 4886 τῇ
1353 4814 1470 4885 ὄψει
1491 4817 1599 4871 τῶν
1624 4819 1923 4890 γινομένων

257 4903 635 4975 προσέχουσιν,
669 4901 806 4955 ἀλλά
841 4901 939 4974 τήν
967 4901 1223 4962 ὑπόθεσιν
1251 4902 1588 4976 λογιζόμενοι
1615 4908 1731 4970 μετ’
1763 4908 1921 4966 εὐκο-

255 4989 377 5053 λίας
404 4989 619 5044 ᾶπαντα
642 4987 919 5058 φέρουσιν.
968 4989 1122 5042 Ἐπεὶ
1148 4990 1242 5042 καὶ
1280 4990 1507 5054 Παῦλος,
1546 4993 1575 5045 6
1616 4993 1723 5046 τῶν
1739 4995 1922 5052 ’ἐθνῶν

252 5077 590 5140 διδάσκαλος,
619 5075 688 5129 τὰ
732 5075 1102 5148 δεσμωτήρια,
1134 5077 1234 5142 τὰς
1266 5079 1588 5148 ἀπαγωγάς,
1621 5083 1746 5146 τοὺς
1775 5083 1924 5136 καθ..

254 5164 548 5235 ημερινοὺς
575 5161 874 5226 κινδύνους,
903 5163 1004 5227 τὰς
1031 5163 1230 5228 πολλὰς
1262 5166 1476 5230 ἐκείνας
1499 5169 1594 5221 καὶ
1617 5170 1922 5241 ἀφορήτους

253 5250 464 5320 θλίψεις
499 5251 740 5320 ἐλαφρὰς
772 5249 976 5312 ἐκάλει,
1003 5251 1103 5304 οὐκ
1144 5251 1333 5324 ἐπειδὴ
1374 5257 1440 5325 τῇ
1471 5255 1632 5324 φύσει
1677 5258 1922 5313 τοιαῦται

252 5333 414 5408 ἦσαν,
447 5337 561 5392 ἀλλ’
593 5336 780 5407 ἐπειδὴ
818 5339 852 5407 ή
889 5337 1143 5402 ὑπόθεσις
1176 5338 1284 5392 τῶν
1321 5341 1619 5412 γινομένων
1655 5345 1922 5416 τοσαύτην

253 5425 403 5495 αὐτῷ
431 5425 531 5495 τήν
564 5423 788 5496 γνώμην
820 5425 1220 5490 κατεσκεύαζεν
1243 5428 1293 5486 ιι,
1323 5429 1399 5492 ὡς
1429 5431 1564 5502 μηδὲ
1600 5433 1921 5504 ἐπιστρέφε-

256 5513 378 5569 σθαι
403 5512 538 5584 πρὸς
565 5512 634 5564 τὰ
658 5511 881 5565 ἐπιόντα
901 5513 1069 5567 δεινά.
1091 5515 1288 5566 Ἀκουε
1317 5515 1421 5587 γὰρ
1446 5518 1611 5570 αὑτοῦ
1639 5519 1884 5584 λέγοντος
1902 5539 1916 5551 ·

262 5601 329 5653 Τὸ
355 5598 465 5668 γὰρ
497 5587 834 5666 παραυτίκα
862 5600 1127 5668 ἐλαφρὸν
1153 5599 1261 5668 τῆς
1297 5604 1555 5672 θλίψεως
1591 5606 1760 5676 ἡμῶν
1791 5611 1919 5662 καθ’

252 5685 597 5753 ὑπερϐολὴν
625 5685 866 5740 αἰώνιον
883 5687 1071 5755 βάρος
1099 5687 1284 5756 δόξης
1314 5691 1460 5758 ἡμῖν
1493 5695 1919 5764 κατεργάζεται.

264 5775 323 5826 ’11
353 5773 667 5843 προσδοκία,
693 5775 845 5842 φησὶ,
873 5776 971 5844 τῆς
995 5775 1295 5846 μελλούσης
1313 5778 1713 5850 καταλήψεσθαι
1741 5783 1917 5855 δόξης,

253 5859 402 5934 [259]
440 5858 534 5911 καὶ
565 5860 662 5928 τῆς
693 5861 972 5929 διηνεκοῦς
1004 5863 1217 5934 ἐκείνης
1258 5863 1491 5932 ἀνέσεως
1523 5869 1738 5940 κούφως
1774 5873 1920 5942 ἡμᾶς

314 5997 339 6023 ⁸
366 5995 580 6046 Ᾱοοθεδὶι
608 5995 690 6043 οῦν
713 6009 742 6044 e
765 5994 962 6044 Savilio.
995 5999 1126 6050 Enn.

313 6055 346 6101 δ
371 6056 540 6107 Morel.
570 6057 928 6120 παρεσκεύαζεν.

1037 413 1097 468 S.
1133 412 1419 470 JOA‘NNIS
1455 409 1942 468 CIIRYSOSTOMI
1981 413 2301 471 AHCHIEP.
2342 415 2888 476 CONSTANTINOP.

3588 426 3694 479 226

2036 533 2178 584 ποιεῖ
2199 531 2383 600 φέρειν
2402 531 2499 596 τὰς
2521 534 2851 604 ἐπαλλήλους
2875 535 3073 600 ταύτας
3105 537 3326 608 θλίψεις,
3344 540 3435 592 καὶ
3459 538 3696 610 ἐλαφρὰς

2033 613 2203 678 αὑτὰς
2231 615 2499 686 ήγείσθαι.
2521 613 2672 681 Εἶδες
2692 620 2838 681 ὅπως
2861 619 3215 690 ὑποτέμνεται
3241 622 3270 672 6
3299 622 3430 691 πρὸς
3452 623 3543 674 τὸν
3565 623 3698 675 θεὸν

2033 697 2196 760 πόθος
2225 697 2326 769 τήν
2358 699 2464 752 τῶν
2490 699 2677 753 δεινῶν
2709 703 2978 767 ἐπίτασιν,
3004 706 3095 756 καὶ
3135 705 3254 756 οὐδὲ
3275 705 3527 775 αἴσθησιν
3563 722 3695 772 συγ-

2035 782 2202 851 χωρεῖ
2229 779 2413 856 λαϐεῖν
2448 781 2558 834 τῶν
2589 782 2889 847 ἐπιόντωνς
2923 786 3022 838 Διά
3059 803 3138 838 τοι
3161 786 3318 839 τοῦτο
3342 787 3435 839 καὶ
3465 789 3494 840 ὁ
3522 789 3698 856 μακά-

2036 879 2149 935 ριος
2186 855 2343 926 οὗτος
2383 864 2557 917 πάντα
2601 865 2792 936 πράως
2821 867 3018 938 ἔφερε,
3064 870 3128 938 τῇ
3164 868 3343 922 πίστει
3391 872 3455 941 τῇ
3495 855 3575 932 είς
3607 870 3700 922 τὸν

2037 943 2163 997 Θεὸν
2189 947 2281 998 καὶ
2300 949 2365 1018 τῇ
2401 947 2578 1000 ἐλπίδι
2602 949 2950 1018 τρεφόμενος.
2971 951 3075 1004 Καὶ
3106 951 3364 1014 ἔκλεισε,
3395 954 3546 1024 φησὶ,
3583 955 3701 1007 Κύ-

2036 1045 2158 1097 ριος
2177 1031 2210 1082 ό
2239 1030 2383 1095 Θεὸς
2411 1029 2634 1094 ἔξωθεν
2662 1033 2848 1086 αὐτοῦ
2874 1033 2987 1102 τὴν
3025 1035 3288 1089 κιϐωτόν.
3329 1036 3436 1089 Καὶ
3463 1037 3702 1106 ἐγένετο

2039 1113 2066 1166 ὁ
2096 1114 2524 1183 κατακλυσμὸς
2550 1115 3003 1183 τεσσαράκοντα
3030 1117 3252 1186 ἡμέρας
3281 1117 3377 1171 καί
3407 1119 3703 1186 τεσσαρὰ-

2040 1215 2217 1254 ιιοντα
2241 1201 2465 1266 νύκτας
2485 1202 2583 1256 ἐπὶ
2610 1201 2720 1270 τῆς
2743 1203 2875 1272 γῆς,
2903 1203 2999 1257 καί
3031 1205 3348 1274 ἐπεφέρετο
3369 1205 3407 1272 ἡ
3433 1207 3696 1272 κιϐωτός.

2033 1281 2229 1336 Σκόπει
2257 1283 2417 1338 πάλιν
2439 1285 2556 1348 πῶς
2590 1289 2656 1356 τῇ
2687 1287 2936 1357 διηγήσει
2963 1285 3116 1353 αὔξει
3144 1289 3238 1342 τὸν
3278 1291 3462 1358 φόϐον,
3493 1292 3585 1342 καὶ
3614 1289 3702 1354 ἐξ-

2030 1367 2181 1432 ογκοῖ
2225 1365 2287 1419 τὸ
2334 1366 2717 1437 γεγενημένον.
2770 1369 3028 1439 Ἐγένετο
3061 1371 3189 1441 γάρ,
3231 1373 3413 1442 φησὶν,
3449 1376 3482 1426 ό
3519 1389 3699 1425 κατα-

2031 1447 2304 1516 κλυσμὸς
2343 1449 2795 1518 τεσσαράκοντα
2842 1452 3064 1519 ἡμέρας
3103 1453 3200 1506 καὶ
3247 1454 3699 1522 τεσσαράκοντα

2031 1531 2274 1596 νύκτας,
2311 1531 2410 1583 καί
2436 1531 2785 1600 ἐπληθύνθη
2812 1533 2880 1586 τό
2911 1535 3088 1602 ὕδωρ,
3121 1535 3219 1588 καί
3250 1535 3436 1604 ἐπῆρε
3475 1536 3588 1604 τὴν
3612 1555 3699 1590 κι-

2031 1613 2239 1676 ϐωτὸν,
2284 1614 2383 1667 καὶ
2423 1615 2632 1683 ὑψώθη
2664 1616 2784 1670 ἀπὸ
2813 1615 2920 1684 τῆς
2949 1617 3084 1688 τῆς.
3134 1619 3244 1673 Καὶ
3285 1621 3593 1688 ἐπεκράτει
3628 1620 3698 1674 τι)

2029 1693 2206 1763 ὕδωρ,
2239 1695 2334 1748 καὶ
2357 1695 2725 1762 ἐπληθύνετο
2763 1699 2997 1767 σφόδρα
3027 1701 3126 1753 ἐπὶ
3162 1701 3272 1770 τῆς
3301 1700 3432 1771 τῆς.
3460 1703 3557 1756 καὶ
3595 1703 3700 1756 ἐπ-

2029 1776 2269 1847 εφέρετο
2308 1779 2344 1847 ἡ
2377 1778 2618 1845 κιϐωτὸς
2661 1779 2862 1834 ἐπάνω
2894 1782 2998 1836 τοῦ
3038 1783 3256 1850 ὕδατος
3277 1801 3293 1816 ·
3343 1785 3410 1838 τό
3449 1785 3518 1838 δὲ
3541 1785 3700 1855 ὕδωρ

2029 1859 2336 1928 ἐπεκράτει
2363 1861 2599 1930 σφόδρα
2625 1861 2902 1931 σφοδρῶς
2928 1864 3025 1918 ἐπὶ
3049 1864 3160 1933 τῆς
3179 1866 3309 1937 γῆς.

2101 1948 2174 2008 ς’.
2211 1943 2353 2012 Ὅρα
2386 1943 2503 2007 πῶς
2526 1945 2766 2016 ἀκριϐῶς
2792 1947 2926 2016 ήμῖν
2952 1947 3218 2018 διηγεῖται
3243 1950 3341 2020 τὴν
3363 1948 3562 2021 πολλὴν
3589 1952 3700 2006 τῶν

2029 2022 2240 2080 ὑδάτων
2269 2025 2460 2097 φοράν,
2478 2027 2570 2079 καὶ
2597 2027 2678 2080 ὅτι
2709 2029 2794 2097 ἐφ’
2819 2029 3056 2101 ἑκάστης
3081 2030 3307 2102 αὔξησιν
3333 2032 3632 2102 ἐλάμϐανεν
3667 2036 3703 2104 ή

2029 2106 2336 2178 πλημμύρα
2358 2107 2466 2160 τῶν
2500 2109 2726 2178 ὑδάτων.
2758 2111 3096 2179 Ἐπεκράτει
3115 2113 3224 2182 γὰρ
3249 2115 3314 2167 τὸ
3340 2114 3516 2183 ὕδωρ,
3543 2119 3700 2186 φησὶ,

2029 2189 2262 2258 σφόδρα
2290 2188 2588 2259 σφοδρῶς,
2632 2193 2729 2247 καί
2769 2193 3118 2263 ἐπεκάλυψε
3151 2195 3346 2250 πάντα
3379 2197 3452 2250 τὰ
3491 2198 3598 2266 ὄρη
3630 2201 3704 2252 τὰ

2029 2273 2261 2341 ὑψηλὰ,
2293 2271 2331 2326 ἄ
2355 2269 2436 2344 ἦν
2467 2273 2747 2328 ὑποκάτω
2775 2276 2881 2330 τοῦ
2916 2278 3196 2345 οὐρανοῦ.
3233 2280 3564 2335 Δεκαπέντε
3589 2281 3700 2346 πή-

2029 2373 2156 2426 χεις
2183 2357 2384 2410 ἐπάνω
2407 2358 2616 2426 ὑψώθη
2642 2359 2708 2412 τὸ
2735 2357 2911 2427 ὕδωρ,
2939 2363 3037 2414 καί
3060 2361 3387 2423 ἐπέκλ-υζεν
3419 2364 3654 2418 ἅπαντα
3674 2377 3698 2403 σ

2030 2440 2100 2493 τὰ
2128 2438 2256 2507 ὄρη.
2291 2440 2530 2504 Εἰκότως
2573 2441 2922 2512 ᾡκονόμησεν
2967 2445 2994 2496 ό
3024 2443 3401 2517 φιλάνθρωπος
3428 2448 3706 2518 Δεσπότης

2031 2520 2345 2594 κλεισθῆναι
2380 2521 2482 2594 τὴν
2515 2521 2768 2589 κιϐωτὸν,
2802 2524 2944 2578 ὥστε
2985 2525 3062 2596 μὴ
3095 2528 3230 2597 όρᾷν
3270 2527 3363 2580 τὸν
3397 2527 3605 2581 δίκαιον
3633 2531 3704 2583 τὰ

2029 2604 2310 2674 γινόμενα.
2357 2605 2421 2657 Εί
2457 2605 2567 2676 γὰρ
2617 2606 2777 2676 ήμείς
2814 2607 2953 2677 μετά
2984 2608 3238 2662 τοσοῦτον
3275 2609 3411 2662 ἐτῶν
3449 2611 3700 2682 ἀριθμὸν,

2030 2689 2123 2739 καὶ
2157 2687 2296 2758 μετά
2320 2688 2588 2752 τοσαύτας
2613 2691 2806 2758 γενεὰς
2832 2689 3122 2755 ἀκούοντες
3158 2692 3318 2762 μόνον
3349 2693 3449 2763 τῆς
3479 2694 3703 2764 Γραφῆς

2028 2769 2128 2840 τήν
2149 2771 2401 2841 διήγησιν
2432 2771 2852 2843 συστελλόμεθα,
2887 2773 2981 2826 καὶ
3015 2775 3072 2826 ἐν
3107 2776 3388 2847 ἀμηχανίᾳ
3415 2777 3699 2848 γινόμεθα,

2031 2853 2082 2905 τί
2127 2854 2274 2917 είκὸς
2332 2851 2400 2924 ἦν
2435 2854 2528 2907 τὸν
2583 2855 2790 2908 δίκαιον
2846 2858 3052 2911 ἐκεῖνον
3114 2859 3346 2921 παθεῖν,
3389 2860 3442 2912 εί
3483 2877 3547 2930 γε
3589 2863 3702 2924 τοῖς

2030 2936 2329 3008 ὀφθαλμοῖς
2345 2935 2492 3007 ἐώρα
2506 2937 2603 3006 τὴν
2624 2938 2860 2991 ἄϐυσσον
2886 2940 3101 3011 ἐκείνην
3122 2943 3220 3012 τὴν
3245 2943 3516 3014 ἀφόρητον
3537 2960 3553 3006 ;
3579 2943 3703 3006 Πῶς

2030 3022 2140 3090 γάρ
2176 3020 2241 3072 ἂν
2269 3020 2506 3092 ἠδυνήθη
2537 3019 2639 3074 κᾶν
2673 3021 2809 3090 πρὸς
2837 3021 3011 3092 βραχὺ
3043 3025 3350 3095 ἀντισχεῖν;
3382 3027 3501 3096 οὐχ)⁸
3522 3026 3578 3078 δέ
3613 3026 3704 3078 εὑ-

2031 3101 2167 3165 θέως
2190 3103 2254 3154 ἐκ
2277 3101 2499 3174 πρώτης
2526 3101 2703 3172 ὅψεως
2735 3103 2800 3157 ἂν
2821 3104 3012 3175 ἐξέστη
3033 3106 3131 3176 τῆς
3159 3106 3339 3176 ψυχῆς
3363 3106 3700 3176 ἀποστάσης,

2031 3184 2127 3237 καὶ
2167 3185 2364 3254 μηκέτι
2407 3184 2729 3255 δυνηθείσης
2767 3187 3012 3253 ἐνεγκεῖν
3060 3186 3170 3239 τῶν
3210 3188 3480 3242 τοσούτων
3512 3189 3704 3242 δεινῶν

2029 3265 2129 3336 τὴν
2170 3263 2334 3329 θέαν;
2378 3265 2578 3318 Ἐννόει
2612 3266 2722 3337 γάρ
2756 3283 2868 3336 μοι,
2903 3268 3175 3339 ἀγαπητέ,
3211 3269 3329 3333 πῶς
3361 3269 3457 3324 νῦν
3497 3272 3703 3341 μικρᾶς

2031 3348 2334 3419 ἐπομϐρίας
2362 3350 2657 3420 γενομένης
2682 3348 2963 3418 ἐναγώνιοι
2984 3352 3268 3422 γινόμεθα,
3297 3354 3533 3424 περὶτοῦ
3564 3373 3704 3409 παν-

2029 3431 2120 3494 τὸς
2155 3431 2493 3502 δεδοίκαμεν,
2528 3433 2658 3503 περὶ
2697 3433 2894 3503 αὐτῆς,
2927 3433 3002 3498 ὡς
3031 3437 3225 3500 εἰπεῖν,
3248 3436 3348 3508 τῆς
3378 3437 3522 3507 ζωῆς
3553 3438 3702 3490 ἀπα-

2030 3513 2350 3586 γορεύομεν.
2387 3516 2452 3567 Τί
2487 3515 2666 3568 τοίνυν
2700 3517 2846 3579 εἰκὸς
2891 3512 2959 3587 ἦν
2984 3518 3074 3571 τὸν
3108 3518 3315 3571 δίκαιον
3344 3521 3548 3574 ἐκεῖνον
3578 3522 3704 3574 τότε

2031 3598 2224 3650 παθεῖν
2247 3598 2382 3668 πρὸς
2417 3597 2670 3650 τοσοῦτον
2700 3597 2833 3666 ὕψος
2867 3600 3078 3670 ὁρῶντα
3124 3601 3194 3653 τὰ
3231 3600 3398 3655 ὕδατα
3435 3604 3704 3674 κορυφού-

2033 3697 2203 3750 μενα;
2247 3678 2474 3733 Ἐπάνω
2506 3679 2637 3750 γὰρ,
2680 3681 2833 3750 φησὶ,
2866 3681 2982 3734 τῶν
3005 3683 3188 3751 ὁρέων
3219 3683 3544 3739 δεκαπέντε
3585 3688 3704 3754 πή·-

2032 3780 2158 3830 χεις
2180 3761 2389 3830 ὑψώθη
2422 3762 2485 3815 τὸ
2514 3761 2688 3831 ὕδωρ.
2733 3763 3135 3834 Ἀναμνήσθητί
3171 3782 3260 3835 μοι
3287 3767 3537 3830 ἐνταῦθα,
3566 3770 3703 3835 ἀγα-

2033 3846 2188 3916 πητέ,
2218 3845 2328 3898 τῶν
2353 3845 2503 3915 παρᾶ
2529 3845 2622 3898 τοῦ
2650 3845 2920 3899 Δεσπότου
2945 3847 3238 3919 ρηθέντων,
3262 3849 3350 3902 ὅτε
3377 3850 3558 3918 ἐλεγεν
3576 3867 3590 3880 ·
3617 3855 3702 3904 Οὺ

2024 3927 2110 3998 μὴ
2167 3929 2493 3998 καταμείνῃ
2544 3930 2609 3982 τὸ
2656 3929 2898 3999 Πνεῦμα
2929 3948 3049 3999 μου
3091 3932 3161 3985 ἐν
3209 3933 3331 3998 τοῖς
3369 3931 3706 4001 ἀνθρώποις

2031 4013 2285 4078 τούτοις,
2333 4011 2431 4065 διὰ
2477 4011 2545 4066 τὸ
2589 4008 2742 4065 εἶναι
2794 4014 3016 4079 αὐτοὺς
3060 4014 3318 4083 σάρκας·
3366 4017 3458 4068 καὶ
3500 4016 3700 4068 πάλιν·

2042 4095 2295 4162 Ἐ’φθάρη
2317 4096 2354 4164 ἡ
2394 4093 2492 4165 γῆ,
2523 4095 2620 4148 καὶ
2651 4095 2927 4163 ἐπλήσθη
2966 4098 3004 4164 ἡ
3043 4096 3118 4167 γῆ
3156 4097 3266 4167 τῆς
3291 4099 3543 4163 ἀδικίας·
3585 4099 3701 4163 καὶ,

2030 4175 2170 4233 Εἷδε
2189 4179 2407 4246 Κύριος
2431 4178 2544 4246 τὴν
2564 4179 2702 4247 γῆν,
2719 4179 2818 4232 καὶ
2844 4175 2923 4250 ἦν
2953 4180 3426 4250 κατεφθαρμένῃ,
3453 4181 3540 4235 ὅτι
3564 4199 3702 4234 κατ-

2029 4263 2262 4333 έφθειρε
2301 4260 2469 4316 πᾶσα
2509 4261 2666 4330 σὰρξ
2721 4262 2837 4330 τὴν
2873 4263 3016 4317 ὀδόν
3059 4264 3268 4333 αὐτῆς.
3328 4267 3480 4319 Ἐπεὶ
3521 4267 3702 4319 τοίνυν

2028 4346 2323 4418 ὁλοκλήρου
2351 4345 2648 4415 καθαρσίου
2679 4345 2846 4400 ἐδεῖτο
2873 4349 2906 4417 ή
2941 4349 3256 4420 οἰκουμένη,
3293 4351 3388 4402 καὶ
3416 4350 3582 4420 ἐχρῆν
3609 4350 3704 4402 αύ-

2029 4430 2128 4498 τήν
2161 4427 2374 4481 ἅπαντα
2403 4426 2492 4478 τὸν
2532 4427 2702 4494 ρύπον
2732 4429 3207 4500 ἀποκαθάρασθαι,
3251 4427 3345 4484 καὶ
3381 4431 3480 4502 τὴν
3516 4431 3702 4502 ζύμην

2030 4510 2248 4568 ἅπασαν
2291 4510 2389 4580 τῆς
2439 4511 2816 4582 προλαϐούσης
2864 4514 3127 4584 πονηρίας
3178 4515 3565 4585 ἀναιρεθῆναι,
3607 4523 3702 4570 καὶ

2033 4593 2169 4664 μηδὲ
2202 4594 2344 4665 ἴχνος
2391 4593 2491 4662 τῆς
2536 4595 2734 4658 κακίας
2775 4596 3189 4668 ἀπολειφθῆναι,
3229 4598 3346 4652 ἀλλ’
3363 4595 3552 4670 ῶσπερ
3567 4601 3701 4653 ἀνα-

2031 4679 2365 4748 στοιχείωσίν
2407 4694 2528 4731 τινα
2566 4678 2838 4747 γενέσθαι,
2881 4679 3129 4752 καθάπερ
3168 4682 3418 4753 τεχνίτης
3457 4683 3699 4754 ἄριστος,

2029 4762 2246 4816 ἐπειδὰν
2273 4763 2414 4836 λάϐῃ
2435 4760 2626 4826 σκεῦος
2657 4763 2762 4816 ὑπὸ
2790 4762 2884 4816 τοῦ
2922 4763 3113 4835 χρόνου
3141 4766 3451 4819 παλαιωθὲν
3481 4766 3574 4819 καὶ
3605 4784 3704 4819 καο

2027 4843 2400 4918 ταδαπανηθέν
2425 4885 2439 4908 ,
2467 4844 2544 4907 ὡς
2595 4846 2797 4909 εἰπεῖν,
2829 4846 2934 4898 ὑπὸ
2966 4847 3059 4899 τοῦ
3094 4847 3196 4911 ίοῦ,
3241 4849 3336 4901 καὶ
3362 4851 3441 4912 είς
3479 4849 3541 4902 τὸ
3589 4849 3703 4920 πῦρ

2030 4927 2184 5002 [ἩΟ]
2215 4927 2486 4997 ἐμϐαλῶν,
2510 4927 2605 4982 καὶ
2629 4930 3053 5000 παρασκευάσας
3081 4933 3256 4986 πάντα
3281 4934 3371 4986 τὸν
3399 4933 3477 4987 ἱὸν
3499 4933 3703 4987 ἀποθέο

2030 5013 2172 5069 σθαι.
2200 5010 2562 5082 μεταπλάττει
2586 5012 2677 5066 καὶ
2696 5016 3110 5088 μετασκευάζει,
3133 5018 3226 5070 καὶ
3243 5018 3322 5080 είς
3347 5020 3446 5089 τήν
3465 5018 3704 5088 ἀρχαίαν

2029 5096 2328 5167 εὐμορφίαν
2361 5095 2655 5164 ἐπανάγει·
2697 5095 2838 5150 οῦτω
2879 5100 2970 5152 καὶ
3003 5100 3032 5151 6
3076 5102 3353 5172 Δεσπότης
3373 5104 3402 5155 6
3431 5103 3704 5174 ήμέτερος

2029 5181 2247 5235 ἃπασαν
2288 5180 2386 5251 τὴν
2414 5181 2738 5252 οἰκουμένην
2776 5181 2865 5234 διὰ
2899 5183 2994 5236 τοῦ
3020 5185 3141 5237 τότε
3181 5186 3570 5256 κατακλυσμοῦ
3603 5204 3706 5240 κα-

2031 5265 2222 5336 θάρας,
2254 5265 2348 5319 καὶ
2373 5266 2449 5327 ώς
2481 5266 2675 5330 εἰπεῖν,
2713 5266 3086 5338 ἐλευθερώσας
3117 5270 3216 5339 τῆς
3246 5271 3446 5333 κακίας
3469 5269 3580 5323 τῶν
3609 5271 3707 5324 ἀνο

2029 5349 2283 5421 θρώπων,
2315 5347 2522 5403 καὶτοῦ
2557 5348 2858 5419 μολυσμοῦ.
2878 5349 2972 5402 καὶ
2999 5351 3100 5420 τῆς
3129 5351 3335 5423 φθορᾶς
3355 5352 3457 5422 τῆς
3476 5352 3704 5423 πολλῆς,

2028 5432 2416 5504 λαμπροτέραν
2457 5430 2626 5501 αὑτὴν
2664 5433 3074 5501 ἀπειργάσατο,
3117 5434 3322 5487 ἄνωθεν
3362 5437 3494 5506 ήμῖν
3523 5434 3708 5501 δείξας

2029 5517 2196 5582 αὐτῆς
2222 5515 2442 5584 φαιδρὸν
2486 5512 2549 5566 τὸ
2588 5513 2900 5584 πρόσωπον,
2951 5516 3043 5568 καὶ
3086 5517 3144 5568 ού
3178 5520 3542 5589 συγχωρήσας
3579 5518 3705 5571 οὐδὲ

2031 5598 2174 5667 ἴχνος
2213 5597 2314 5666 τῆς
2353 5597 2624 5666 προτέρας
2655 5596 2934 5668 ἀμορφίας
2969 5599 3413 5671 καταλειφθῆναι.
3448 5600 3704 5668 Ύψώθη,

2030 5681 2212 5750 φησὶν,
2235 5677 2436 5731 ἐπάνω
2466 5677 2585 5731 τῶν
2613 5679 2798 5744 ὀρέων
2822 5679 3148 5735 δεκαπέντε
3177 5683 3392 5752 πήχεις
3426 5683 3492 5736 τὸ
3522 5681 3704 5750 ὓδωρ.

2029 5764 2140 5833 Οὐχ
2168 5761 2352 5825 ἁπλῶς
2377 5764 2508 5831 ήμῖν
2531 5761 2704 5816 ταῦτα
2734 5764 3000 5834 διηγεῖται
3031 5767 3063 5836 ή
3097 5766 3310 5838 Γραφὴ,
3333 5766 3446 5820 ἀλλ’
3477 5766 3564 5818 ἵνα
3593 5767 3703 5834 μάο

2029 5846 2234 5916 θωμεν,
2274 5846 2354 5898 ὅτι
2384 5847 2443 5898 οὑ
2491 5848 2651 5916 μόνον
2682 5848 2980 5918 ἅνθρωποι,
3011 5849 3106 5902 καὶ
3153 5851 3345 5919 κτήνη,
3377 5849 3470 5902 καὶ
3505 5849 3706 5920 τετρά-

2031 5929 2183 5995 ποδα,
2208 5929 2299 5982 καὶ
2341 5930 2546 5999 ἑρπετὰ
2573 5930 2880 6002 ὑποϐρύχια
2911 5932 3155 6001 γέγονεν,
3202 5932 3340 5988 ἀλλά
3383 5932 3475 5986 καὶ
3501 5932 3569 5986 τὰ
3610 5947 3708 5987 πε-

2091 6072 2115 6102 (
2141 6071 2241 6124 Alii
2282 6085 2390 6120 cum
2417 6072 2547 6124 Bibl.
2578 6075 2656 6124 καὶ
2694 6074 2983 6140 ἐπεκάλυψεν
3010 6077 3231 6127 ἅπαντα,
