4062 6396
372 385 481 440 ὶέὶ

372 512 393 570 (
419 504 579 560 Hebr.
606 504 696 558 ii.
730 502 760 555 7
786 501 827 572 ).
863 497 1048 555 Vidisti
1076 493 1344 568 quomodo
1372 493 1502 548 ﬁdes
1528 495 1578 547 in
1607 492 1774 547 Deum
1803 504 1953 561 quasn

373 613 561 652 secura
587 594 832 666 quardam
861 591 1112 656 anchora,
1142 587 1284 652 fecit,
1316 594 1378 641 ut
1401 599 1576 639 arcam
1604 583 1834 638 construi
1861 596 1958 636 cu-

371 700 517 745 raret
540 731 556 755 ,
587 697 644 742 et
667 687 784 756 ejus
815 682 1192 739 habitationem
1221 677 1548 734 sustineret?
1573 675 1703 732 Nam
1737 674 1850 726 Ita-c
1887 671 1960 727 illi

370 796 427 836 et
457 781 645 838 salutis
672 780 769 833 fuit
796 777 1028 838 occasio,
1060 774 1164 828 Per
1185 789 1337 843 quam
1357 813 1372 836 ,
1405 769 1594 840 inquit,
1618 765 1962 822 condemnavit

371 877 642 939 mundum,
668 883 717 927 et
735 873 846 942 ejus
870 885 982 940 qui?
1001 865 1276 922 secundum
1298 863 1451 932 ﬁdem
1470 871 1542 916 est
1558 859 1773 930 justitiaz
1797 859 1962 927 factus

371 977 448 1025 est
486 967 627 1020 lieres
656 980 676 1018 :
703 979 808 1018 non
848 959 990 1031 quod
1015 959 1129 1030 ipse
1168 956 1326 1011 fuerit
1364 953 1524 1024 judex
1549 994 1564 1019 ,
1610 950 1705 1006 sed
1731 949 1851 1018 quia
1896 962 1963 1001 ex

371 1055 778 1128 comparatione
837 1048 1337 1107 condemnationem
1400 1044 1654 1099 Dominus
1714 1039 1960 1096 iuducit:

371 1168 496 1208 cum
540 1152 685 1206 enim
713 1147 902 1204 eadem
942 1142 1224 1200 habuerint
1250 1155 1367 1210 quae
1408 1138 1586 1208 justus
1608 1175 1624 1200 ,
1653 1149 1758 1188 non
1785 1142 1962 1186 tamen

374 1244 627 1300 eamdem
673 1240 887 1295 virtutis
933 1237 1070 1291 viam
1101 1233 1325 1304 ingressi
1355 1238 1479 1285 sunt
1508 1245 1524 1284 :
1559 1243 1651 1298 per
1680 1225 1836 1281 ﬁdem
1860 1237 1962 1293 qua

374 1338 632 1410 praeditus
657 1333 774 1403 fuit,
801 1327 1177 1386 condemnavit
1207 1340 1302 1381 eos
1328 1323 1416 1394 qui
1437 1329 1598 1376 tanta:
1635 1317 1848 1373 fuerunt
1881 1315 1963 1367 in-

368 1409 701 1485 credulitatis
719 1465 735 1491 ,
763 1433 823 1478 ut
849 1417 1174 1491 praedictioni
1201 1431 1306 1471 non
1332 1413 1627 1469 crederent.
1650 1409 1762 1478 Ego
1787 1417 1962 1460 autem

370 1535 497 1573 cum
520 1517 640 1572 aliis
664 1515 912 1570 omnibus
941 1513 1188 1567 virtutem
1215 1508 1374 1562 etiam
1401 1502 1529 1574 justi
1556 1501 1793 1555 admiror
1812 1538 1827 1561 ,
1859 1497 1962 1550 Do-

372 1611 615 1679 minique
679 1607 969 1664 bonitatem
1023 1611 1077 1658 et
1125 1599 1443 1656 ineffabilem
1504 1589 1962 1652 misericordiam,

369 1701 588 1772 quando
612 1697 894 1754 considero
922 1692 1188 1766 quomodo
1214 1688 1440 1761 potuerit
1481 1684 1682 1740 versari
1709 1681 1762 1736 in
1789 1679 1964 1734 medio

374 1792 668 1848 oestiarum
692 1830 708 1854 ,
755 1789 970 1842 leonum
1016 1784 1136 1838 dico
1158 1824 1173 1848 ,
1209 1779 1494 1852 pardorum
1518 1816 1536 1845 ,
1576 1788 1820 1830 ursorum
1845 1811 1863 1840 ,
1911 1779 1966 1824 et

369 1885 598 1938 aliarum
623 1879 903 1935 immitium
933 1876 1185 1931 ferarum.
1564 1904 1570 1910 -

448 1974 566 2030 Noe
605 1971 821 2028 restituit
868 1969 1002 2039 quod
1044 1966 1210 2021 Adam
1249 1962 1541 2018 abstulerat.
1565 1988 1638 1999 —
1661 1955 1963 2013 Recordare

372 2068 483 2131 tiic,
513 2066 730 2130 dilecte,
762 2061 1011 2122 obsecro,
1038 2063 1250 2128 quantae
1276 2052 1547 2124 dignitatis
1577 2049 1734 2104 fuerit
1761 2047 1964 2117 primus

373 2161 539 2214 homo
583 2169 708 2212 ante
752 2152 1166 2210 inobedientiam
1194 2166 1208 2203 :
1240 2157 1294 2202 et
1335 2147 1429 2201 Dei
1459 2143 1747 2199 bonitatem
1786 2137 1964 2192 animo

370 2255 626 2310 observa.
661 2251 1016 2318 Posteaquam
1059 2244 1203 2299 enim
1247 2240 1390 2295 illius
1418 2233 1782 2308 praevaricatio
1827 2229 1964 2284 hanc

371 2354 696 2418 potestatem
727 2341 880 2396 nobis
920 2337 1100 2392 datam
1145 2333 1514 2393 imminuerat,
1563 2325 1764 2382 invenit
1786 2329 1961 2378 autem

373 2415 551 2494 bonus
578 2436 836 2491 Dominus
860 2431 1022 2485 alium
1045 2427 1238 2487 virum,
1261 2422 1350 2494 qui
1373 2419 1538 2491 potuit
1557 2430 1808 2488 reparare
1837 2415 1965 2468 ima-

373 2532 556 2602 ginem
584 2525 885 2596 pristinam,
908 2528 963 2576 et
989 2533 1204 2575 servare
1233 2513 1440 2568 virtutis
1466 2510 1822 2572 characteres,
1854 2519 1965 2559 ma-

373 2597 646 2690 gnamque
679 2618 731 2671 itt
764 2612 1028 2670 mandatis
1055 2611 1149 2664 Dei
1180 2604 1534 2662 obedientiam
1573 2616 1686 2672 pra:
1722 2615 1782 2654 se
1809 2597 1963 2664 tulit;

373 2689 572 2765 iterum
596 2709 662 2763 ad
687 2708 914 2777 primum
937 2703 1194 2758 honorem
1210 2714 1331 2753 eum
1358 2693 1583 2760 reducit,
1602 2690 1750 2762 quasi
1767 2689 1968 2744 docens

377 2818 478 2857 nos
505 2798 777 2871 operibus,
804 2801 1055 2866 quantam
1085 2797 1397 2860 potestatem
1429 2784 1597 2838 Adam
1625 2790 1750 2836 ante
1776 2779 1965 2834 inobe-

376 2894 634 2947 dientiam
665 2885 932 2942 habuerit.
959 2883 1140 2937 Virtus
1167 2879 1346 2948 itaque
1365 2875 1493 2945 justi
1523 2874 1700 2930 divina
1727 2873 1967 2928 clemen-

380 2987 454 3042 tia
500 2983 682 3052 adjuta
725 2979 952 3048 primum
997 2971 1262 3042 reparavit
1303 2967 1634 3028 dominium,
1682 2963 1970 3033 bestitrque

379 3083 576 3134 iterum
607 3072 992 3142 subjectionem
1033 3072 1382 3137 agnoverunt.
1411 3057 1543 3114 Cum
1577 3058 1717 3113 enim
1758 3055 1864 3110 illae
1892 3053 1969 3107 vi-

378 3171 561 3225 derint
593 3167 792 3237 justum
819 3203 835 3228 ,
866 3157 1251 3214 obliviscuntur
1289 3161 1492 3208 natura;
1521 3166 1632 3205 sua:
1662 3167 1675 3202 :
1703 3148 1814 3202 imo
1861 3161 1967 3200 non

380 3275 590 3320 naturae
610 3304 624 3327 ,
652 3259 746 3315 sed
769 3254 1016 3318 ferociae;
1039 3259 1094 3306 et
1131 3257 1332 3303 natura:
1361 3245 1568 3300 insitam
1612 3241 1871 3297 feritatem
1917 3239 1968 3293 in

381 3351 844 3411 mansuetudinem
894 3352 1231 3401 convertunt.
1278 3339 1345 3394 Et
1389 3335 1510 3390 vide
1557 3331 1823 3402 quomodo
1872 3330 1972 3383 hoc

383 3450 555 3518 ipsum
601 3441 805 3498 Danieli
831 3435 1070 3494 evenerit
1097 3431 1272 3508 (Dan.
1304 3429 1356 3486 6.
1398 3426 1469 3480 Ξῖ
1488 3424 1654 3518 ).7llie
1679 3422 1820 3479 enim
1849 3436 1971 3476 cum

381 3516 418 3592 a
446 3535 691 3592 leonibus
713 3528 1155 3591 circumdaretur,
1186 3521 1338 3593 quasi
1359 3519 1426 3574 ab
1449 3517 1636 3573 ovibus
1661 3516 1968 3584 stiparetur,

382 3629 462 3683 sic
491 3623 757 3694 intrepide
787 3619 1025 3691 agebat:
1055 3610 1483 3686 quandoquidem
1521 3607 1648 3676 justi
1678 3605 1866 3660 ﬁducia
1896 3602 1975 3660 fe-

384 3734 566 3774 rarum
609 3724 852 3770 naturam
895 3709 1176 3773 frenabat,
1208 3719 1307 3759 nec
1331 3701 1539 3756 sinebat
1564 3707 1622 3753 ut
1648 3705 1868 3768 agerent
1910 3710 1972 3750 ea

383 3827 505 3882 quae
533 3810 658 3864 fera:
688 3807 878 3861 solent.
907 3801 1076 3858 Simili
1105 3797 1264 3854 modo
1287 3796 1446 3852 etiam
1473 3791 1718 3863 egregius
1743 3789 1831 3845 ille
1857 3803 1973 3843 ma-

385 3919 487 3974 gna
530 3899 783 3956 facilitate
822 3896 1053 3951 ferarum
1097 3889 1299 3946 ferebat
1340 3887 1639 3943 convictum
1663 3924 1680 3950 ,
1711 3891 1764 3939 et
1804 3894 1977 3951 neque

386 3972 484 4050 loci
512 3993 772 4061 angustia,
797 4001 973 4057 neque
993 3981 1248 4053 temporis
1263 3978 1624 4044 diuturnitate,
1643 3989 1814 4046 neque
1836 3972 1976 4045 quod

387 4090 466 4143 sic
496 4086 732 4141 inclusus
757 4089 901 4136 esset
937 4090 994 4132 ut
1023 4090 1203 4132 aerem
1234 4073 1500 4142 respirare
1538 4087 1642 4126 non
1669 4076 1849 4138 posset
1874 4105 1890 4132 ,
1922 4064 1976 4119 in

387 4190 658 4249 torporem
687 4186 741 4231 et
762 4186 1013 4229 nauseam
1037 4171 1152 4240 ipse
1176 4167 1294 4236 conj
1303 4166 1587 4221 iciebatur:
1609 4162 1702 4218 sed
1724 4161 1794 4217 ob
1820 4160 1978 4215 ﬁdem

388 4273 443 4327 in
473 4272 641 4325 Deum
667 4266 844 4320 omnia
872 4263 970 4334 ipsi
1001 4260 1177 4316 facilia
1206 4257 1524 4312 videbantur
1545 4296 1561 4320 ,
1595 4262 1650 4308 et
1690 4253 1769 4308 sic
1792 4265 1975 4306 versa-

387 4364 542 4418 batur
566 4363 617 4416 in
650 4370 788 4414 tetro
820 4357 910 4410 illo
935 4369 1172 4417 carcere,
1196 4352 1333 4405 sicut
1356 4365 1453 4404 nos
1475 4351 1526 4402 in
1551 4347 1714 4418 pratis
1739 4353 1794 4401 et
1823 4345 1976 4399 lucis.

389 4458 722 4524 Praeceptum
760 4450 903 4505 enim
934 4446 1144 4502 Domini
1176 4441 1474 4508 efﬁciebat,
1516 4450 1572 4494 ut
1599 4437 1834 4494 dil‘licilia
1876 4433 1976 4507 ipsi

387 4548 561 4604 facilia
605 4545 933 4599 viderentur.
962 4539 1108 4594 Talis
1140 4537 1281 4592 enim
1312 4535 1574 4604 justorum
1619 4543 1736 4583 mos
1761 4537 1882 4592 est,
1924 4535 1983 4582 ut

387 4642 604 4716 quando
626 4636 826 4708 aliquid
851 4643 1066 4705 prOpter
1087 4632 1252 4686 Deum
1281 4629 1571 4698 patiuntur,
1601 4639 1705 4678 non
1729 4636 1814 4677 res
1840 4621 1980 4690 ipsas

385 4714 507 4808 quae
535 4735 667 4789 ﬁunt
692 4736 973 4801 spectent,
1004 4724 1100 4782 sed
1125 4737 1338 4778 causam
1370 4734 1549 4801 secum
1577 4714 1940 4786 expendentes
1960 4753 1976 4779 ,

387 4805 545 4884 facile
570 4824 748 4879 omnia
778 4821 968 4876 ferant.
991 4811 1424 4886 Quandoquidem
1446 4819 1499 4866 et
1515 4808 1725 4872 Paulus,
1743 4805 1980 4878 gentium

392 4918 599 4980 doctor,
619 4912 852 4978 vincula,
875 4909 940 4965 ad
961 4905 1242 4963 tribunalia
1271 4901 1639 4963 abductiones,
1670 4895 1980 4967 quotidiana

391 5006 627 5079 pericula
655 5046 670 5068 ,
719 5003 914 5058 multas
955 5000 1074 5054 illas
1114 5005 1169 5051 ct
1213 4992 1580 5050 intolerabiles
1626 4989 1977 5050 alﬂictiones,

389 5101 535 5157 leves
560 5096 786 5152 vocabat
813 5110 829 5160 ;
856 5108 959 5147 non
982 5089 1134 5161 quod‘
1151 5098 1337 5142 natura
1367 5086 1498 5140 tales
1519 5093 1717 5150 essent,
1740 5081 1832 5138 sed
1857 5080 1981 5151 quia

390 5207 570 5255 causa,
601 5197 820 5260 propter
844 5199 1001 5256 quam
1033 5181 1346 5237 accidebant
1365 5219 1379 5241 .
1412 5179 1565 5232 talem
1592 5177 1638 5230 ei
1665 5175 1980 5230 sententiam

391 5282 772 5352 ingenerabat,
804 5290 862 5333 ut
889 5291 1061 5344 neque
1088 5273 1423 5338 adverteret,
1454 5271 1496 5324 si
1525 5286 1628 5340 qua
1649 5269 1825 5339 gravia
1860 5268 1981 5322 talia

391 5372 728 5427 obvenireut.
758 5366 896 5422 Audi
925 5367 1067 5420 enim
1097 5364 1242 5417 illum
1264 5363 1528 5416 dicentem
1554 5378 1568 5414 :
1593 5359 1732 5412 Nam
1755 5373 1981 5411 momen-

393 5473 542 5517 tanea
558 5461 730 5516 levitas
751 5456 1032 5529 aﬂiictionis
1064 5465 1269 5519 nostrae,
1291 5453 1416 5505 mire
1436 5467 1593 5519 supra
1609 5449 1814 5503 modunt
1834 5456 1982 5502 atter-

393 5573 516 5610 nun:
543 5554 742 5626 pondus
771 5551 949 5624 gloria
981 5557 1216 5620 operatur
1247 5547 1300 5600 in
1328 5546 1469 5599 nobis
1500 5543 1594 5614 (2.
1621 5543 1738 5598 Cor.
1767 5543 1820 5597 4.
1852 5541 1915 5596 i7
1939 5538 1981 5612 ).

391 5646 760 5718 Exspectatio,
789 5643 976 5714 inquit,
1008 5640 1188 5711 gloriae
1211 5653 1366 5708 quam
1389 5650 1754 5704 assequemur,
1784 5640 1839 5686 et
1863 5647 1985 5702 per-

395 5751 570 5812 petu-.e
599 5737 741 5793 illius
760 5733 1024 5790 felicitatis
1052 5731 1103 5786 id
1131 5731 1239 5801 agit
1264 5737 1320 5783 ut
1346 5727 1529 5782 leviter
1553 5729 1784 5780 feramus
1812 5722 1986 5777 conti-

397 5846 534 5889 nuas
554 5829 674 5887 illas
695 5827 1033 5898 alﬂictiones,
1057 5823 1304 5894 levesque
1324 5819 1441 5877 illas
1462 5817 1771 5876 habeamus.
1796 5812 1986 5872 Vidisti

1536 376 1690 434 CAP.
1734 375 1845 431 VII.
1887 375 2130 433 GENES.
2172 376 2401 440 HOMIL.
2446 377 2617 435 XXV.
2684 404 2686 407 -

3543 381 3646 438 226

2067 490 2332 558 quomodo
2369 506 2519 546 amor
2548 491 2600 545 in
2631 490 2794 546 Deum
2817 499 3130 563 gravitatem
3157 492 3519 548 molestiarum
3545 494 3646 550 im-

2065 582 2282 648 minuit,
2314 598 2485 652 neque
2522 584 2650 638 sinit
2679 593 2736 638 ut
2761 584 2870 638 ullo
2898 600 3082 638 earum
3121 599 3279 639 sensu
3309 584 3650 641 afliciamur?

2075 673 2218 728 Sane
2246 674 2316 729 ob
2347 675 2448 730 hoc
2488 686 2541 730 et
2578 677 2762 731 beatus
2806 678 2894 732 ille
2930 678 3108 732 omnia
3150 679 3383 733 suaviter
3411 678 3649 742 ferebat,

2067 774 2249 834 utpote
2276 766 2364 836 qui
2391 767 2492 822 ﬁde
2514 775 2569 822 et
2589 782 2682 837 spe
2708 768 2760 823 in
2791 768 2956 822 Deum
2991 768 3323 837 pascebatur.
3357 767 3424 822 Et
3447 770 3652 834 clausit,

2066 857 2254 928 inquit,
2279 857 2526 912 Dominus
2541 857 2680 912 Deus
2696 859 2884 929 deforis
2906 860 3041 913 illius
3061 877 3252 912 arcam.
3275 861 3357 914 i7.
3376 858 3444 912 Et
3465 863 3655 931 factum

2068 959 2140 1002 est
2165 949 2414 1004 diluvium
2437 951 2774 1023 quadraginta
2800 951 2970 1005 diebus
2991 961 3036 1005 et
3057 952 3393 1022 quadraginta
3423 952 3649 1006 noctibus

2067 1053 2220 1108 super
2254 1048 2445 1093 terram
2468 1057 2486 1093 :
2512 1051 2558 1094 et
2582 1041 2990 1112 superferebatur
3015 1059 3156 1095 arca.
3190 1041 3420 1096 Attende
3465 1043 3656 1096 iterum

2069 1132 2334 1199 quomodo
2362 1135 2665 1188 narratione
2713 1141 2903 1204 augeat
2951 1143 3251 1200 terrorem,
3301 1141 3357 1188 et
3399 1143 3650 1202 aggravet

2069 1219 2285 1275 factum.
2313 1219 2528 1276 Factum
2549 1233 2619 1277 est
2640 1224 2802 1289 enim,
2835 1225 3024 1294 inquit,
3049 1224 3292 1278 diluvium
3321 1224 3657 1294 quadraginta

2067 1311 2241 1365 diebus
2267 1323 2316 1365 et
2345 1313 2682 1383 quadraginta
2709 1313 2932 1368 noctibus
2950 1355 2966 1382 ,
2989 1315 3306 1384 muliplicala
3333 1325 3405 1368 est
3429 1331 3581 1385 aqua,
3607 1325 3652 1368 et

2068 1400 2272 1454 elevavit
2310 1417 2512 1466 arcam,
2540 1412 2586 1456 et
2614 1405 2836 1457 exaltata
2868 1415 2941 1458 est
2973 1421 3005 1459 a
3033 1413 3187 1462 terra.
3231 1405 3318 1460 18.
3348 1403 3414 1458 Ει
3443 1407 3653 1460 invaluit

2068 1507 2217 1560 aqua,
2249 1504 2294 1545 et
2321 1493 2656 1564 multiplicata
2684 1505 2754 1549 est
2774 1495 2920 1549 valde
2941 1512 3091 1565 super
3123 1507 3329 1561 terram,
3359 1505 3405 1549 et
3431 1497 3649 1566 superfe-

2067 1582 2268 1635 rebatur
2295 1600 2416 1636 arca
2439 1600 2590 1653 super
2613 1601 2823 1655 aquam;
2867 1586 2953 1640 i9.
2979 1603 3112 1657 aqua
3137 1599 3306 1641 autem
3325 1585 3654 1642 invalescebat
3705 1609 3712 1616 ·

2066 1671 2215 1726 valde
2252 1673 2563 1727 vehementer
2587 1691 2738 1745 super
2764 1685 2970 1729 terram.

2147 1765 2200 1818 6.
2244 1765 2377 1820 Vide
2405 1767 2674 1836 quomodo
2693 1766 2976 1837 diligenter
3004 1776 3186 1822 narrat
3213 1782 3455 1838 magnam
3487 1783 3624 1839 aqua

2067 1871 2186 1909 rum
2215 1857 2342 1924 vim,
2369 1865 2424 1911 et
2447 1856 2810 1927 quotidianum
2838 1857 3222 1911 exundantium
3251 1859 3459 1912 illarum
3484 1857 3659 1914 incre-

2068 1956 2329 2002 tnentum.
2356 1945 2701 2002 Invalescebat
2728 1949 2870 2003 enim
2911 1966 3043 2018 aqua
3067 1991 3081 2016 ,
3106 1949 3306 2020 inquit,
3339 1950 3484 2004 valde
3517 1951 3662 2006 velte-

2069 2049 2259 2093 menter
2285 2054 2304 2093 :
2331 2049 2377 2093 et
2403 2041 2663 2110 occupavit
2688 2057 2860 2094 omnes
2884 2050 3075 2094 montes
3104 2042 3328 2096 excelsos
3344 2082 3360 2110 ,
3407 2043 3494 2113 qui
3518 2051 3661 2096 erant

2072 2129 2163 2184 sub
2188 2130 2336 2184 caelo.
2369 2131 2461 2187 20.
2489 2131 2787 2198 Quindecim
2811 2131 2990 2186 cubitis
3017 2133 3069 2184 in
3094 2131 3306 2186 sublime
3333 2135 3557 2187 exaltata
3586 2143 3662 2188 est

2068 2238 2218 2292 aqua,
2249 2232 2296 2276 et
2333 2224 2530 2292 operuit
2560 2239 2733 2278 onmes
2759 2234 2971 2277 montes.
3001 2223 3189 2278 Merito
3219 2224 3486 2279 ordinavit
3511 2224 3660 2280 beni-

2067 2329 2206 2384 gnus
2230 2314 2485 2370 Dominus
2504 2315 2678 2369 claudi
2709 2331 2908 2382 aream,
2939 2325 2994 2369 ut
3019 2331 3087 2371 ne
3115 2314 3319 2370 videret
3338 2317 3514 2386 justus
3541 2333 3663 2388 qua:

2068 2405 2286 2461 ﬁebant.
2333 2406 2466 2461 Nam
2508 2407 2552 2462 si
2582 2422 2684 2461 nos
2709 2416 2830 2476 post
2863 2416 2938 2462 tot
2962 2421 3224 2463 annorum
3252 2424 3532 2463 numerum
3553 2449 3569 2474 ,
3611 2419 3666 2464 et

2077 2507 2196 2566 post
2223 2507 2300 2551 tot
2326 2497 2521 2552 smcula
2553 2498 2836 2553 audientes
2865 2497 3141 2570 dumtaxat
3166 2497 3454 2567 Scriptum
3483 2514 3666 2553 narra-

2073 2589 2270 2642 tionem
2304 2599 2448 2643 metu
2488 2597 2542 2644 et
2567 2599 2785 2658 stupore
2828 2575 3150 2659 corripimur
3182 2607 3196 2644 :
3225 2589 3351 2659 quid
3378 2590 3667 2645 verisimile

2071 2680 2374 2750 cstjustum
2417 2681 2562 2734 illum
2608 2680 2776 2736 fuisse
2811 2695 3134 2751 passurum,
3162 2681 3208 2734 si
3251 2679 3466 2751 quidem
3497 2679 3666 2736 oculis

2072 2773 2291 2828 vidisset
2316 2773 2874 2828 intolerabilem'illam
2899 2773 3194 2844 abyssum?
3217 2773 3497 2840 Quomodo
3522 2774 3664 2827 enim

2072 2864 2332 2936 potuisset
2357 2864 2440 2918 vel
2462 2864 2531 2919 ad
2553 2863 2716 2918 breve
2743 2873 2949 2933 tempus
2970 2862 3258 2918 resistere?
3284 2879 3460 2917 annon
3488 2865 3664 2918 statim

2074 2959 2247 3028 primo
2286 2966 2503 3027 aspectu
2543 2956 2826 3011 defecisset
2871 2955 3047 3009 anima
3099 2955 3238 3011 illius
3285 2964 3390 3010 tota
3416 2996 3434 3024 ,
3480 2965 3534 3009 et
3561 2965 3668 3010 tam

2072 3063 2237 3120 grave
2281 3063 2343 3102 ac
2384 3049 2666 3103 molestum
2712 3047 3073 3116 spectaculum
3103 3047 3243 3101 l'erre
3272 3047 3404 3100 ultra
3432 3060 3537 3100 non
3577 3059 3671 3115 po.

2077 3139 2507 3210 tuisset?Cogita
2539 3155 2768 3209 namque
2793 3139 2880 3191 hic
2899 3179 2915 3204 ,
2961 3137 3152 3192 dilecte
3176 3178 3191 3204 ,
3239 3137 3506 3206 quomodo
3529 3151 3670 3192 nunc

2075 3247 2195 3286 cum
2225 3247 2418 3300 parvus
2465 3230 2638 3285 imber
2667 3230 2899 3298 ingruit,
2931 3229 2982 3283 in
3012 3243 3212 3299 angore
3241 3244 3425 3283 sumus
3454 3269 3469 3296 ,
3499 3240 3551 3284 et
3595 3227 3666 3284 de

2079 3325 2362 3390 universo,
2393 3322 2564 3392 deque
2590 3322 2702 3392 ipsa
2741 3321 3135 3392 quodammodo
3156 3321 3260 3376 vita
3295 3321 3662 3391 desperamus.

2076 3415 2214 3484 Quid
2253 3417 2410 3486 igitur
2435 3416 2725 3470 verisimile
2765 3423 2881 3470 erat
2915 3415 3118 3484 justum
3150 3415 3296 3470 illum
3338 3424 3462 3470 tunc
3507 3414 3672 3472 fuisse

2079 3522 2377 3577 passurum,
2403 3507 2446 3561 si
2467 3506 2533 3561 ad
2557 3515 2754 3559 tantam
2774 3505 3153 3560 sublimitatem
3177 3505 3396 3560 vidisset
3415 3505 3677 3562 exaltatas-

2079 3611 2245 3666 aquas
2269 3597 2293 3649 ?
2316 3596 2487 3666 Super
2511 3606 2704 3650 montes
2731 3595 2870 3650 enim
2891 3636 2907 3662 ,
2941 3595 3140 3665 inquit,
3168 3594 3456 3665 quindecim
3492 3596 3671 3650 cubitis

2079 3687 2300 3742 exaltata
2324 3696 2394 3741 est
2419 3703 2570 3756 aqua.
2601 3685 2903 3740 Recordare
2926 3686 3084 3756 igitur
3113 3685 3199 3741 hic
3221 3727 3236 3752 ,
3265 3686 3461 3741 dilecte
3483 3726 3499 3751 ,
3546 3669 3667 3740 ver-

2080 3778 2265 3834 borum
2296 3778 2524 3844 Domini,
2553 3777 2766 3848 quando
2792 3776 3040 3832 dicebat:
3074 3775 3194 3831 Non
3214 3777 3521 3848 permanebit
3547 3775 3673 3847 Spi-

2080 3872 2206 3928 ritus
2227 3889 2368 3926 meus
2395 3873 2446 3925 in
2474 3869 2755 3924 hominibus
2785 3869 2892 3924 istis
2913 3911 2928 3936 ,
2957 3885 3016 3924 eo
3054 3869 3190 3940 quod
3221 3870 3320 3939 ipsi
3341 3879 3457 3922 sunt
3495 3885 3672 3924 carnes

2085 3969 2106 4040 (
2129 3966 2255 4021 Gen.
2288 3967 2340 4022 6.
2365 3966 2399 4020 5
2423 3965 2442 4035 )
2467 3982 2483 4030 ;
2506 3973 2558 4017 cl.
2584 3965 2776 4018 iterum
2802 3981 2817 4016 :
2846 3962 3097 4032 Corrupta
3125 3973 3196 4016 est
3218 3971 3440 4028 terra,,et
3467 3963 3673 4028 impleta

2081 4068 2154 4114 est
2201 4070 2334 4112 terra
2368 4057 2616 4128 injustitia
2649 4054 2827 4127 (Ibid.
2871 4070 2918 4108 υ.
2958 4056 3081 4126 il);
3111 4064 3204 4122 eL,
3243 4053 3378 4109 Vidit
3420 4055 3671 4110 Dominus

2084 4161 2304 4218 terram,
2331 4160 2378 4204 et
2403 4162 2509 4204 erat
2551 4157 2790 4219 corrupta
2824 4164 2843 4202 :
2880 4148 2999 4218 quia
3026 4156 3320 4218 corruperat
3348 4148 3512 4202 omnis
3553 4164 3673 4202 caro

2083 4247 2214 4300 viam
2244 4261 2389 4299 suum
2425 4244 2443 4315 (
2474 4241 2612 4297 Ibid.
2655 4258 2704 4296 v.
2751 4240 2890 4311 12‘).
2943 4240 3125 4310 Itaque
3159 4243 3280 4311 quia
3310 4242 3577 4296 Communi
3619 4251 3675 4298 et

2085 4337 2287 4405 integra
2314 4335 2681 4405 puriﬁcatione
2707 4333 2852 4388 orbis
2881 4330 3181 4401 indigebat,
3212 4339 3268 4386 et
3295 4345 3429 4401 opus
3451 4341 3568 4386 erat
3605 4331 3674 4385 ab

2085 4447 2149 4486 eo
2168 4445 2378 4485 omnem
2401 4427 2661 4482 maculam
2687 4425 2850 4492 ablui,
2877 4433 2930 4481 et
2951 4439 3110 4479 onme
3135 4424 3450 4479 fermentum
3480 4425 3674 4494 prioris

2085 4523 2300 4579 malitia:
2328 4521 2555 4585 sustolli,
2584 4529 2639 4576 et
2677 4534 2850 4589 neque
2873 4517 3151 4588 vestigium
3180 4517 3393 4571 malitia:
3418 4516 3671 4586 relinqui,

2084 4615 2178 4671 sed
2206 4615 2356 4685 quasi
2383 4615 2766 4669 elementorum
2799 4611 3193 4666 renovationem
3213 4608 3495 4679 quamdam
3516 4606 3629 4662 ﬁeri
3653 4625 3666 4660 :

2085 4708 2221 4763 sicut
2247 4707 2416 4761 bonus
2441 4705 2651 4771 artifex,
2682 4705 2726 4759 si
2756 4701 2968 4773 quando
2992 4700 3130 4756 videt
3164 4715 3256 4754 vas
3285 4698 3496 4768 aliquod
3525 4702 3675 4752 inve.

2086 4805 2317 4854 teratum
2336 4812 2367 4850 a
2384 4795 2624 4866 rubigine
2643 4793 2793 4864 quasi
2813 4792 3075 4858 consumi,
3099 4790 3294 4860 injecto
3314 4804 3378 4844 eo
3401 4788 3452 4843 iu
3472 4789 3667 4859 ignem,

2087 4891 2138 4947 id
2161 4901 2306 4946 curat
2330 4899 2386 4945 ut
2403 4888 2656 4960 quidquid
2683 4887 2843 4942 habet
2871 4885 3127 4956 rubiginis
3149 4883 3400 4952 deponat,
3419 4890 3475 4937 et
3497 4892 3668 4937 trans-

2086 4983 2372 5039 formatum
2402 4983 2454 5037 in
2487 4982 2762 5051 pristinum
2793 4979 3038 5034 decorem
3070 4975 3289 5031 reducat
3329 4993 3342 5028 :
3383 4974 3454 5030 ita
3483 4983 3538 5030 et
3570 4976 3669 5030 Do-

2087 5076 2262 5130 minus
2287 5081 2470 5129 noster
2495 5082 2664 5126 tetum
2690 5073 2870 5125 orbem
2896 5069 2998 5123 hoc
3021 5067 3221 5121 diluvio
3249 5067 3523 5136 purgavit,
3551 5077 3605 5121 et
3632 5083 3663 5120 a

2088 5167 2284 5222 malitia
2307 5165 2602 5226 hominum,
2635 5171 2691 5216 ut
2718 5161 2788 5215 ita
2815 5161 3007 5221 dicam,
3036 5167 3091 5214 et
3119 5174 3148 5212 a
3169 5157 3599 5229 coinquinatione
3619 5167 3674 5212 et

2086 5257 2426 5327 corruptione
2447 5254 2607 5309 multa
2631 5250 2893 5318 liberavit,
2917 5261 2972 5306 et
2989 5250 3166 5306 denuo
3184 5249 3299 5320 ejus
3323 5249 3565 5304 restituta
3596 5247 3671 5302 fa-

2085 5351 2189 5418 cie,
2210 5347 2563 5420 pulchriorem
2594 5343 2737 5406 fecit,
2762 5342 2832 5395 ita
2859 5349 2917 5395 ut
2943 5356 3049 5396 non
3072 5341 3372 5411 permiserit
3393 5339 3476 5393 vel
3507 5339 3672 5393 vesti-

2084 5443 2228 5514 gitttn
2259 5438 2448 5509 prioris
2467 5435 2816 5491 deformitatis
2834 5433 3080 5503 relinqui.
3104 5431 3346 5486 Exaltata
3365 5442 3452 5497 est,
3485 5432 3672 5500 inquit,

2085 5549 2236 5603 super
2258 5539 2446 5584 montes
2465 5527 2747 5598 quindecim
2773 5524 2952 5579 cubitis
2978 5541 3128 5594 aqua.
3152 5523 3266 5579 Non
3292 5523 3388 5578 abs
3409 5537 3466 5577 re
3495 5533 3676 5577 narrat

2091 5626 2204 5680 haec
2233 5623 2502 5691 Scriptura
2525 5662 2540 5687 ,
2568 5619 2662 5674 sed
2689 5627 2746 5673 ut
2767 5617 3032 5674 discamus
3066 5631 3171 5671 non
3209 5617 3380 5671 solum
3409 5615 3674 5678 ltomiueS.

2085 5719 2323 5788 iumenta
2341 5755 2354 5780 ,
2383 5710 2778 5785 quadrupedes,
2805 5709 3014 5778 reptilia
3039 5709 3312 5763 submersa
3344 5707 3506 5761 fuisse
3530 5747 3544 5771 .
3578 5708 3672 5761 sed

2091 5821 2146 5870 et
2161 5811 2406 5867 volucres
2423 5807 2563 5874 etcli,
2587 5813 2641 5863 et
2659 5818 3006 5876 qurecumquc
3026 5802 3078 5857 in
3105 5799 3373 5857 montibus
3388 5794 3675 5866 degebant,
