4062 6396
492 354 594 410 2‘17

490 470 629 524 feras
655 468 794 532 dico,
826 476 879 522 et
898 468 999 522 alia
1021 469 1170 521 bruta
1197 469 1464 522 animalia.
1488 468 1688 523 Idcirco
1719 469 1845 522 dicit
1872 486 1885 524 :
1910 466 2071 521 Exol-

493 573 598 613 tnta
621 570 695 613 est
718 574 868 628 super
887 568 1076 611 montes
1100 560 1381 628 quindecim
1408 562 1583 613 cubitis
1611 577 1741 628 aqua
1769 576 1787 613 :
1817 570 1873 614 ut
1897 559 2073 613 discas

485 652 804 705 sententiam
843 650 1052 704 Domini
1091 667 1255 719 opere
1292 652 1600 722 impletum;
1640 653 1848 707 dixerat
1887 654 2069 707 enim:

488 742 664 796 Adhuc
691 751 877 810 septem
902 740 1008 793 dies
1031 786 1046 809 ,
1079 754 1125 797 et
1151 745 1385 797 inducam
1405 744 1648 797 diluvium
1674 760 1822 813 super
1852 754 2034 795 terram
2055 783 2069 805 ,

486 852 531 893 et
564 841 736 893 delebo
757 857 954 894 onmem
981 836 1329 901 substantiam,
1359 851 1509 902 quam
1536 835 1659 904 feci,
1690 852 1720 886 a
1744 835 1871 894 facie
1892 843 2069 897 terrae,

484 931 546 983 ub
574 932 774 983 homine
795 947 951 1001 usque
977 932 1044 982 ad
1068 944 1238 1000 pecus,
1263 937 1308 979 et
1335 944 1366 979 a
1387 926 1646 994 reptilibus
1666 942 1821 995 usque
1839 926 1906 977 ad
1930 927 2070 978 vola-

484 1025 595 1078 tilia
615 1025 725 1077 αι’ιί
747 1025 765 1094 (
790 1024 916 1078 Gen.
950 1026 1001 1080 7.
1030 1024 1064 1077 4
1085 1024 1126 1092 ).
1160 1022 1285 1075 ινιίιεο
1316 1021 1467 1073 nobis
1493 1036 1520 1071 a
1547 1019 1819 1086 Scriptura
1849 1032 2069 1070 narran-

485 1125 570 1168 tur
592 1156 607 1178 ,
641 1131 746 1169 non
775 1126 976 1169 tantum
1009 1123 1067 1167 ut
1105 1114 1334 1167 sciamus
1365 1112 1418 1166 in
1446 1122 1695 1179 quantam
1739 1110 2071 1165 altitudinem

481 1221 633 1275 aqua!
661 1207 995 1276 pervenerint
1021 1225 1034 1260 :
1061 1205 1152 1261 sed
1177 1215 1233 1258 ut
1257 1204 1414 1257 simul
1439 1203 1708 1257 videamus
1730 1204 1928 1255 nullum
1952 1217 2070 1255 om-

485 1299 611 1353 nino
638 1298 855 1363 animal,
894 1298 972 1353 vel
1001 1298 1187 1360 feram,
1213 1297 1293 1349 vel
1323 1295 1621 1365 jumentum
1650 1295 1890 1348 relictum
1914 1308 2032 1348 esse
2051 1334 2066 1359 ,

481 1390 575 1444 sed
602 1390 778 1443 omnia
802 1405 923 1445 cum
948 1389 1182 1443 humano
1211 1403 1406 1456 genere
1431 1388 1625 1441 deleta.
1658 1388 1915 1453 Quoniam
1944 1402 2071 1455 pro-

483 1492 601 1551 pter
620 1484 791 1552 ipsum
812 1484 990 1537 omnia
1017 1481 1268 1551 producta
1301 1491 1471 1543 erant,
1497 1481 1617 1535 inde
1637 1480 1899 1534 abolendo
1923 1496 2065 1546 eum,

486 1575 677 1629 merito
703 1585 754 1629 et
792 1574 906 1629 hinc
935 1573 1196 1628 abolenda
1227 1582 1396 1626 erant.
1429 1572 1614 1625 Postea
1650 1571 1732 1625 ubi
1764 1570 1943 1624 docuit
1972 1587 2068 1627 nos

484 1666 536 1720 in
564 1677 816 1735 quantam
861 1666 1193 1719 altitudinem
1223 1664 1519 1717 accreverit
1553 1678 1808 1731 aquarum
1847 1673 2064 1730 natura,

483 1772 671 1824 nempe
695 1758 832 1825 quod
856 1756 956 1809 alta
981 1756 1240 1809 montium
1262 1753 1534 1807 Cacumina
1558 1753 1856 1820 quindecim
1880 1755 2068 1809 cubitis

485 1841 1636 1914 transcenderit,solitamsuamdiligentiam
1660 1859 1875 1897 servans
1901 1845 2026 1897 dicit
2051 1863 2063 1897 :

479 1937 569 1990 21.
615 1935 680 1989 Ει
718 1946 915 1989 mortua
954 1947 1027 1990 est
1049 1937 1208 1989 omnis
1247 1952 1365 1987 coro
1391 1976 1404 1997 ,
1431 1950 1540 1999 qua:
1587 1936 1875 1987 movebatur
1921 1953 2069 2005 super

481 2039 690 2093 terram,
720 2029 999 2081 volatilium
1021 2068 1036 2092 ,
1059 2036 1105 2079 et
1124 2028 1491 2095 jumentorum,
1521 2035 1569 2077 et
1609 2030 1829 2095 [crurum
1857 2036 1901 2077 et
1923 2043 2068 2079 omne

480 2123 658 2190 reptile
694 2120 828 2190 quod
865 2119 1150 2171 movebatur
1175 2134 1326 2185 super
1347 2127 1530 2168 terram
1555 2158 1567 2174 ,
1602 2128 1646 2168 et
1673 2118 1835 2168 omnis
1878 2117 2025 2168 homo
2049 2158 2064 2183 ,

478 2213 566 2268 2'2.
592 2221 635 2265 et
656 2213 823 2264 omnia
844 2226 956 2279 qua:
975 2210 1155 2262 habent
1174 2210 1407 2277 spiritum
1431 2208 1559 2271 vitta,
1580 2219 1623 2260 et
1648 2209 1944 2276 quicumque
1963 2217 2067 2260 erat

486 2321 639 2373 super
673 2304 904 2367 aridam,
949 2312 1173 2354 mortuus
1202 2310 1293 2353 est.
1330 2298 1509 2367 Neque
1538 2300 1635 2351 hoc
1664 2299 1977 2367 simpliciter
2015 2308 2069 2353 et

478 2396 675 2464 absque
702 2410 857 2449 causa
890 2394 1022 2451 dixit
1051 2411 1064 2447 :
1097 2392 1164 2445 Et
1195 2392 1356 2444 omnis
1385 2392 1467 2459 qui
1510 2401 1615 2442 erat
1644 2407 1795 2457 super
1824 2391 2020 2443 aridam
2048 2407 2066 2445 :

478 2486 571 2540 sed
599 2498 655 2541 ut
681 2496 731 2540 te
755 2484 945 2539 doceat
964 2500 1148 2538 omnes
1169 2483 1380 2552 quidem
1404 2482 1644 2551 periisse,
1662 2483 1860 2551 justum
1892 2494 2068 2537 autem

476 2581 648 2633 solum
686 2595 807 2633 cum
846 2579 1091 2633 omnibus
1134 2578 1198 2631 iis
1226 2580 1315 2646 qui
1360 2578 1409 2629 in
1440 2592 1559 2629 arca
1605 2586 1757 2629 erant
1801 2591 2067 2630 servatum

481 2684 622 2725 esse.
667 2670 798 2724 Nam
830 2670 915 2723 isti
946 2668 1234 2723 secundum
1276 2667 1579 2721 mandatum
1616 2668 1818 2721 Domini
1840 2710 1853 2731 ,
1886 2669 2070 2721 relicta

476 2764 647 2829 arida,
679 2779 857 2817 arcam
886 2760 1328 2817 conscenderant.
1352 2761 1440 2813 25.
1478 2759 1543 2813 Et
1579 2760 1752 2812 delevit
1785 2777 1928 2812 omne
1953 2776 2066 2811 sur-

477 2872 598 2927 gens
635 2856 768 2925 quod
791 2864 899 2907 erat
937 2870 1087 2922 super
1112 2852 1291 2922 faciem
1342 2851 1503 2903 omnis
1546 2861 1692 2902 terra:
1714 2891 1729 2913 ,
1774 2850 1833 2901 ab
1871 2851 2072 2903 homine

476 2962 629 3015 usque
647 2946 714 2997 ad
736 2962 905 3014 pecus,
928 2955 970 2996 et
994 2944 1213 3011 reptilia,
1233 2952 1278 2995 et
1301 2942 1523 2994 volatilia
1545 2940 1677 3004 cu’li,
1701 2950 1747 2992 et
1770 2941 1931 2993 deleta
1951 2950 2068 2993 sunt

482 3039 545 3097 de
572 3051 728 3095 terra.
761 3038 890 3091 Vide
917 3036 1184 3106 quomodo
1206 3044 1257 3088 et
1284 3034 1447 3087 semel
1478 3042 1531 3085 et
1561 3033 1753 3086 iterum
1780 3042 1939 3101 atque
1960 3050 2062 3086 sa:-

479 3131 596 3202 pius
638 3144 975 3184 communem
1019 3126 1252 3179 omnium
1299 3126 1568 3178 interitum
1611 3124 1799 3177 doceat
1841 3124 2067 3187 factum,

477 3230 532 3274 et
558 3221 697 3288 quod
730 3218 859 3271 nihil
889 3216 1175 3270 viventium
1202 3215 1481 3283 elfugerit,
1513 3212 1603 3266 sed
1636 3213 1734 3265 sub
1763 3214 1916 3281 aquis
1961 3213 2069 3266 suf-

481 3314 706 3365 focatum
725 3312 791 3363 sit
808 3325 964 3361 omne
986 3318 1089 3360 tant
1108 3307 1401 3367 hominum,
1417 3320 1573 3374 quam
1595 3305 1864 3357 brutoruin
1883 3320 2067 3373 genus.

484 3405 546 3459 Et
568 3406 767 3457 relictus
788 3412 878 3465 est,
906 3402 1094 3469 inquit,
1122 3399 1256 3452 solus
1283 3397 1417 3460 Noe,
1444 3407 1490 3449 et
1513 3397 1729 3465 quicum
1751 3396 1906 3448 illoiu
1928 3413 2065 3449 arca.

480 3500 568 3559 2-1.
604 3497 667 3550 Et
698 3495 919 3549 exaltata
953 3504 1025 3547 est
1055 3508 1186 3561 aqua
1212 3508 1363 3559 super
1386 3500 1571 3542 terram
1596 3497 1793 3540 centum
1822 3489 2072 3556 quinqua-

480 3590 621 3660 ginta
648 3586 841 3641 diebus.
870 3584 972 3639 Tot
997 3583 1187 3638 diebus
1210 3621 1224 3643 ,
1256 3582 1457 3648 inquit,
1487 3579 1692 3631 mansit
1720 3579 1960 3632 sublimis
1988 3579 2071 3633 illa

480 3694 734 3750 aquarum
763 3676 1005 3732 altitudo.
1039 3674 1233 3727 lterum
1283 3673 1439 3725 etiam
1475 3671 1559 3724 hic
1598 3673 1766 3739 cogita
1789 3670 1916 3738 justi
1955 3684 2072 3723 ma-

482 3773 887 3843 gnanimitatem
918 3778 972 3822 et
1006 3767 1355 3821 excellentem
1386 3763 1771 3816 fortitudinem.
1799 3762 1933 3827 Quid
1966 3778 2073 3816 non

486 3880 674 3937 passus
701 3872 783 3916 est
808 3863 985 3915 animo
1010 3858 1317 3927 concipiens
1340 3898 1352 3919 ,
1387 3870 1449 3909 ac
1477 3854 1861 3923 propemodum
1895 3865 2071 3908 mente

482 3955 665 4011 videns
690 3968 917 4023 corpora
949 3951 1219 4004 hominum
1250 3948 1710 4017 etjuinentorum,
1750 3946 2069 4001 mundorum

482 4058 535 4102 ct
563 4045 955 4100 immundorum
977 4086 991 4109 ,
1015 4056 1347 4097 communem
1376 4048 1601 4093 mortem
1630 4039 1942 4093 sustinentia
1965 4080 1979 4103 ,
2010 4048 2065 4093 et

484 4138 643 4190 simul
668 4136 955 4192 commixta
980 4174 995 4198 ,
1030 4132 1341 4200 nullumque
1387 4130 1437 4183 in
1467 4130 1714 4181 omnibus
1741 4128 2025 4183 discrimen
2049 4132 2072 4182 ‘l

487 4232 772 4292 Pricterca,
796 4227 921 4296 quid
946 4240 1134 4295 passus
1154 4234 1255 4285 est,
1280 4221 1490 4292 quando
1514 4221 1652 4291 apud
1675 4236 1731 4275 se
1752 4221 2073 4289 recogitabat

484 4318 846 4382 solitudinem,
868 4316 1363 4381 vastitatem,vitam
1383 4314 1526 4366 illam
1547 4311 1818 4365 doloribus
1839 4312 2070 4380 plenam,

485 4413 628 4467 omni
643 4410 829 4464 solatio
842 4407 1070 4477 undique
1082 4406 1403 4467 destitutam,
1421 4418 1591 4472 neque
1603 4402 1889 4471 colloquio,
1903 4418 2073 4472 neque

485 4514 701 4573 aspectu
724 4500 1010 4569 jucundam
1037 4513 1186 4553 :cum
1220 4512 1325 4551 non
1355 4497 1511 4565 plane
1539 4495 1913 4564 sciretquanto
1936 4504 2071 4549 tem-

487 4610 614 4666 pore
635 4592 849 4648 ferenda
872 4598 1013 4646 esset
1045 4589 1133 4645 illa
1163 4590 1214 4642 in
1249 4602 1461 4642 carcere
1485 4587 1624 4639 vita?
1652 4585 1911 4651 Quamdiu
1932 4588 2071 4639 enim

486 4687 738 4756 strepitus
762 4698 1036 4753 aquarum.
1055 4691 1107 4735 et
1123 4690 1282 4735 aestus
1307 4688 1480 4742 erant,
1505 4681 1745 4737 timorem
1764 4677 1814 4729 in
1834 4678 1923 4730 illo
1939 4692 2073 4746 quo-

487 4781 615 4835 tidie
640 4785 970 4833 crescentem
1006 4772 1348 4844 generabant.
1401 4769 1536 4836 Quid
1563 4769 1702 4822 enim
1734 4768 1952 4836 jucundi
1978 4782 2070 4821 su-

486 4873 681 4945 spicari
711 4872 823 4940 ipse
848 4876 1075 4939 poterat,
1099 4866 1187 4936 qui
1218 4863 1430 4917 videbat
1456 4872 1667 4916 centum
1698 4860 2072 4929 quinquaginta

487 4967 605 5021 dies
630 4978 793 5034 aquas
814 4967 869 5016 in
889 4960 1074 5016 eadem
1100 4958 1250 5027 copia
1277 4965 1573 5016 manentes,
1602 4962 1657 5007 et
1677 4953 1727 5006 in
1758 4953 1921 5005 altum
1949 4952 2073 5006 sub-

490 5059 621 5111 latas
662 5070 728 5110 ne
770 5054 1045 5107 minimum
1082 5049 1296 5119 quidem
1329 5043 1648 5100 subsidere?
1690 5041 2073 5097 Verumtamen

488 5149 696 5203 ferebat
741 5146 989 5208 fortiter,
1036 5143 1210 5197 sciens
1240 5138 1449 5193 Domini
1493 5137 1929 5204 omnipotentiam
1955 5176 1969 5195 .
2013 5145 2069 5189 ct

491 5241 665 5309 ipsum
714 5246 900 5305 utpote
942 5232 1283 5288 Conditorem
1331 5238 1532 5282 natura:
1579 5227 1752 5285 omnia
1783 5241 1880 5295 pro
1924 5226 2071 5279 libito

492 5334 687 5395 facere,
710 5339 763 5383 et
791 5327 1187 5389 transformare,
1211 5336 1381 5391 neque
1402 5335 1542 5389 aegre
1572 5319 1774 5373 ferebat
1803 5318 1940 5385 quod
1967 5317 2071 5371 illic

490 5434 632 5479 esset
678 5418 1015 5475 versandum.
1066 5414 1197 5469 Nam
1248 5413 1341 5467 Dei
1382 5411 1548 5482 gratia
1597 5408 1880 5463 roborabat
1931 5406 2071 5461 illius

490 5514 838 5573 alacritatem,
862 5517 917 5563 et
942 5504 1292 5581 sufﬁcientem
1320 5500 1588 5571 praebebat
1615 5498 2029 5555 consolationem
2053 5538 2068 5562 ,

493 5621 667 5674 neque
691 5602 900 5657 sinebat
939 5599 1043 5652 laoi
1071 5606 1304 5651 mentem
1331 5634 1346 5659 ,
1388 5603 1443 5648 et
1470 5594 1706 5661 cogitare
1744 5590 1942 5659 aliquid
1981 5600 2072 5642 aut

493 5711 677 5765 parum
707 5695 880 5758 virile,
925 5699 1015 5746 aut
1040 5692 1214 5745 minus
1237 5699 1573 5757 generosum.
1606 5684 1736 5752 Quia
1760 5685 1899 5737 enim
1927 5681 2071 5750 prius

499 5788 640 5859 quod
675 5802 827 5840 suum
854 5794 969 5839 erat
1007 5781 1322 5839 adhibuerat
1345 5821 1359 5846 ,
1386 5792 1580 5849 nempe
1610 5778 1817 5834 virtutis
1849 5777 2069 5845 diligen-

1234 355 1289 409 S.
1330 354 1605 410 JOANNIS
1632 351 2101 409 CHRYSOSTUMI
2156 350 2470 407 ARCHIEP.
2505 354 3037 410 CONSTANTINOP.

3644 362 3744 421 228

2184 464 2345 528 tiam,
2384 466 2603 534 justitizc
2649 469 2912 538 vigorem,
2959 469 3078 524 fidei
3120 472 3523 536 excellentiam;
3553 470 3743 529 deinde

2180 571 2368 625 magna
2398 573 2517 611 cum
2550 558 2786 613 ubertate
2811 571 3127 629 assequutus
3147 572 3226 614 est
3254 578 3314 616 ca
3340 579 3454 631 qua:
3479 580 3509 617 a
3532 565 3751 619 Domino

2177 648 2684 716 suppeditabantur;
2709 652 2955 705 nimirum
2988 653 3289 719 patientiam
3309 694 3322 715 ,
3353 653 3746 723 fortitudinem,

2178 736 2480 792 facultatem
2525 743 2701 794 omnia
2753 744 3029 797 mansuete
3081 744 3321 809 ferendi,
3356 749 3751 817 sustinendique

2176 842 2314 881 arcae
2336 829 2768 886 inbabitatioaem
2796 834 2923 886 citra
2950 834 3127 887 damni
3148 836 3606 906 corruptionisque
3630 856 3748 891 sen-

2174 934 2312 984 sum,
2341 937 2511 990 neque
2537 924 2820 977 bestiarum
2844 928 3143 981 convictum
3176 928 3496 983 fastidiendi.

2258 1010 2307 1062 7.
2350 1011 2566 1067 Moralis
2587 1016 2902 1083 exhortatio;
2924 1019 3030 1070 sine
3052 1036 3109 1072 su
3117 1036 3271 1087 perna
3302 1022 3465 1089 gratia
3490 1022 3615 1074 nihil
3638 1025 3749 1075 boni

2176 1116 2323 1169 agere
2350 1118 2635 1169 possumus.
2654 1135 2724 1143 --
2746 1106 2892 1159 Illum
2918 1109 3072 1177 igitur
3092 1110 3292 1177 justum
3312 1152 3328 1175 ,
3355 1112 3599 1176 obsecro,
3626 1112 3747 1165 imi-

2178 1199 2354 1245 temur
2389 1203 2443 1247 et
2485 1210 2614 1259 nos,
2639 1212 2961 1267 aperanique
2985 1200 3189 1265 demus,
3217 1210 3273 1253 ut
3313 1200 3593 1255 aderamus
3633 1218 3750 1272 qna-

2177 1297 2354 1338 neStra
2382 1296 2537 1352 sunt,
2569 1299 2624 1341 ut
2664 1290 2850 1359 dignos
2890 1307 2989 1345 nos
3017 1294 3162 1361 ipsos
3210 1311 3454 1362 paremus
3489 1296 3553 1351 iis
3576 1314 3696 1367 qua:
3721 1315 3748 1349 a

2175 1374 2285 1429 Deo
2310 1376 2522 1430 dantur.
2551 1379 2679 1432 Nam
2721 1382 2916 1436 idcirco
2940 1394 3212 1451 exspectat
3234 1387 3538 1441 occasiones
3565 1404 3629 1442 ex
3656 1406 3753 1442 no-

2179 1468 2293 1534 bis,
2330 1479 2389 1523 ut
2453 1473 2670 1526 multam
2718 1474 2969 1529 exhibeat
3012 1477 3403 1533 liberalitatem.
3459 1480 3635 1549 Itaque
3685 1499 3751 1534 ne

2174 1572 2394 1631 propter
2421 1564 2678 1619 desidiam
2708 1570 2972 1635 privemus
3002 1586 3096 1623 nos
3122 1571 3264 1624 illius
3284 1573 3455 1637 donis,
3480 1574 3570 1626 sed
3602 1575 3750 1626 festi-

2175 1671 2362 1709 nemus
2388 1667 2441 1710 et
2466 1673 2746 1725 urgeamus
2769 1700 2783 1721 ,
2821 1669 2875 1713 ut
2905 1662 3218 1730 principium
3254 1664 3717 1734 apprehendainus
3736 1708 3750 1727 ,

2173 1758 2228 1802 et
2254 1750 2390 1803 viain
2418 1767 2537 1819 quia
2562 1752 2627 1805 ad
2656 1754 2901 1807 virtutem
2946 1754 3150 1809 inducit
3180 1773 3192 1806 :
3227 1766 3283 1810 ut
3316 1772 3549 1825 superno
3587 1759 3753 1826 adjuti

2173 1841 2429 1904 subsidio,
2456 1844 2616 1894 etiam
2640 1844 2704 1895 ad
2734 1845 2892 1897 linem
2931 1847 3209 1914 pervenire
3239 1850 3528 1902 valeamus.
3566 1850 3753 1917 Neque

2173 1935 2311 1987 enim
2333 1936 2582 2003 possibile
2609 1947 2689 1989 cst
2711 1938 2906 1991 bonum
2934 1940 3145 2008 aliquod
3167 1958 3261 1995 nos
3296 1952 3438 1997 recte
3464 1960 3625 2012 agerc
3648 1962 3749 1999 non

2172 2024 2382 2093 adjutos
2410 2042 2637 2095 superna
2665 2029 2856 2093 gratia.
2883 2030 3043 2098 Igitur
3073 2034 3204 2084 tales
3230 2034 3415 2099 simus,
3439 2036 3526 2102 qui
3554 2052 3754 2104 appen—

2171 2116 2359 2171 damus
2386 2132 2481 2171 nos
2511 2120 2559 2171 in
2588 2135 2735 2187 spem
2758 2136 2873 2189 qua:
2906 2122 2956 2174 in
2987 2123 3147 2176 Deum
3178 2135 3279 2188 est,
3299 2127 3446 2192 quasi
3476 2129 3526 2178 in
3555 2127 3753 2180 ancho-

2174 2224 2285 2261 ram
2312 2209 2540 2278 aliquam
2574 2221 2735 2264 tutam
2763 2222 2815 2264 et
2840 2214 3115 2277 stabilem,
3147 2225 3201 2267 et
3244 2230 3309 2267 ne
3356 2217 3422 2269 ad
3469 2217 3705 2271 laborem
3738 2220 3752 2249 ¹

2172 2300 2383 2351 virtutis
2401 2300 2744 2368 respiciamus
2763 2342 2777 2365 ,
2808 2302 2899 2353 sed
2927 2303 3323 2357 considerantes
3352 2307 3753 2360 retributionem

2173 2403 2291 2457 qua:
2324 2390 2555 2443 laborem
2585 2395 2843 2459 sequitur,
2874 2392 3063 2445 leviter
3087 2396 3260 2447 omnia
3285 2394 3536 2449 feramus.
3571 2397 3753 2467 Siqui-

2174 2480 2293 2534 dem
2325 2482 2639 2549 negotiator,
2670 2483 2949 2551 siquando
2979 2500 3043 2537 ex
3085 2495 3239 2552 portu
3276 2501 3520 2555 egressus
3557 2488 3611 2541 in
3648 2504 3755 2543 me~

2174 2572 2318 2626 dium
2341 2574 2500 2627 maris
2528 2574 2780 2639 venerit;
2808 2590 2910 2627 non
2929 2575 3036 2643 jam
3066 2577 3263 2645 piratas
3285 2620 3299 2641 ,
3333 2594 3436 2631 non
3463 2568 3758 2648 naufragia,

2174 2680 2277 2718 non
2303 2666 2532 2718 marinas
2554 2666 2776 2731 belluas,
2809 2682 2911 2720 non
2941 2678 3218 2722 ventorum
3247 2670 3513 2734 incursus,
3540 2683 3593 2724 et
3623 2688 3755 2725 Con-

2176 2756 2352 2810 tinuas
2372 2768 2731 2826 tempestates,
2756 2769 2807 2811 ct
2830 2761 2991 2812 multa
3012 2761 3293 2814 infortunia
3322 2764 3516 2829 cogitat
3545 2765 3755 2828 solum,

2174 2848 2266 2901 sed
2294 2848 2453 2902 ctiam
2503 2850 2645 2903 lucra
2692 2851 2790 2903 sibi
2838 2852 3127 2904 obventura
3152 2895 3163 2912 ,
3194 2867 3311 2906 cum
3344 2854 3428 2906 illa
3466 2854 3753 2925 elingcrtt:

2175 2952 2377 3009 speque
2406 2936 2590 3006 fultus,
2618 2956 2803 2993 omnes
2832 2941 3109 3009 prantictas
3137 2958 3400 2996 mromnas
3431 2946 3578 2997 facile
3609 2947 3755 2997 excit-

2178 3030 2273 3098 pit,
2306 3038 2359 3083 ut
2384 3033 2551 3085 auctis
2578 3033 2770 3099 opibus
2805 3032 2915 3083 suis
2950 3033 3163 3085 domum
3195 3034 3398 3087 redeat.
3429 3035 3489 3087 Et
3525 3036 3755 3103 agricola

2177 3136 2283 3174 non
2313 3122 2647 3190 agricultura:
2670 3131 2870 3174 tantum
2897 3122 3107 3175 labores
3135 3124 3351 3190 cogitat,
3377 3137 3431 3177 et
3457 3126 3676 3185 imbres,
3709 3137 3758 3177 et

2178 3221 2334 3265 terra:
2375 3213 2751 3278 sterilitatem,
2783 3229 2846 3267 ac
2891 3213 3151 3282 rubiginis
3192 3216 3496 3281 incursum,
3531 3217 3758 3269 locusta-

2178 3317 2400 3371 rumquc
2451 3303 2671 3369 damna,
2698 3305 2792 3357 sed
2838 3314 2893 3358 et
2942 3322 3118 3359 aream
3149 3316 3201 3359 et
3238 3308 3535 3375 litunipltius
3578 3310 3759 3362 animo

2177 3408 2357 3446 secum
2396 3393 2707 3448 describens
2728 3438 2742 3459 ,
2772 3396 2978 3448 fortiter
3003 3396 3102 3449 fert
3128 3399 3305 3450 omnia
3327 3439 3341 3461 ,
3374 3410 3427 3451 ct
3455 3415 3561 3466 prd:
3602 3402 3758 3453 bono-

2178 3500 2295 3537 rum
2344 3488 2741 3553 cxspectatione
2790 3502 2962 3556 neque
3011 3488 3221 3541 labores
3264 3490 3427 3541 sentit
3465 3507 3477 3542 :
3514 3494 3760 3558 quamvis

2179 3579 2393 3633 incerto
2420 3596 2545 3648 spes
2582 3582 2708 3644 sint,
2734 3591 3095 3634 verumtamen
3124 3597 3222 3650 spe
3252 3582 3455 3636 meliori
3500 3586 3757 3651 pascitur,

2178 3686 2277 3723 nec
2304 3672 2573 3724 renuntiat
2608 3673 2876 3726 laboribus
2896 3713 2910 3737 ,
2939 3675 3031 3726 sed
3060 3674 3237 3726 omnia
3272 3690 3391 3742 qum
3420 3675 3483 3726 ad
3512 3691 3569 3729 se
3602 3679 3759 3745 perti-

2179 3774 2306 3815 nent
2330 3763 2559 3816 aﬂcrens
2583 3805 2597 3828 ,
2627 3775 2904 3833 cxspsetat
2944 3776 2999 3817 ut
3027 3766 3308 3835 aliquando
3341 3766 3578 3821 laborum
3612 3772 3754 3822 acci-

2178 3855 2287 3922 piat
2315 3858 2610 3908 merccdes.
2644 3857 2705 3908 Et
2733 3858 2887 3909 miles
2905 3872 3113 3925 qucque
3142 3860 3231 3927 qui
3255 3861 3475 3913 assumit
3501 3875 3650 3913 arma
3670 3903 3685 3925 ,
3708 3873 3757 3915 et

2178 3945 2230 3998 in
2265 3946 2504 4014 priclium
2533 3948 2802 4014 egreditur
2827 3988 2841 4008 ,
2876 3963 2978 4000 non
3022 3950 3216 4018 cogitat
3262 3952 3482 4005 vulnera
3514 3963 3716 4006 tantum
3741 3995 3756 4017 ,

2177 4038 2371 4101 cedes,
2403 4048 2457 4091 ct
2483 4038 2714 4091 hostium
2757 4040 3032 4103 incursus,
3067 4042 3304 4110 aliasque
3334 4059 3636 4109 aerumnas,
3666 4047 3755 4098 sed

2177 4131 2336 4183 etiam
2366 4131 2616 4184 victorias
2638 4171 2651 4193 ,
2684 4140 2738 4183 et
2770 4131 3065 4198 triumphos
3109 4133 3207 4184 sibi
3236 4134 3590 4203 prazlingens,
3615 4139 3756 4188 omni

2177 4233 2447 4275 armatura
2467 4237 2525 4275 se
2551 4223 2719 4275 munit
2738 4263 2750 4283 ,
2784 4233 2834 4276 et
2866 4238 2984 4275 cum
3020 4224 3252 4276 incertus
3278 4226 3429 4279 valde
3455 4228 3525 4279 sit
3548 4230 3720 4282 exitus
3740 4270 3754 4291 ,

2179 4325 2233 4367 et
2261 4312 2453 4365 damna
2485 4314 2828 4375 immineant,
2854 4315 3081 4383 repulsis
3105 4316 3167 4368 iis
3195 4316 3440 4369 omnibus
3460 4332 3527 4371 ex
3556 4322 3754 4380 animo,

2179 4422 2241 4460 ac
2285 4407 2422 4459 bona
2464 4421 2558 4474 spe
2596 4409 2891 4474 proposita,
2918 4409 3066 4477 ponit
3107 4422 3321 4461 onmem
3370 4420 3635 4476 torporem
3661 4453 3674 4473 ,
3706 4422 3754 4463 et

2178 4499 2412 4567 acceptis
2436 4500 2599 4551 armis
2619 4509 2801 4552 contra
2826 4499 3055 4553 hostium
3077 4500 3245 4553 aciem
3272 4514 3541 4569 pmperat.
3577 4503 3752 4571 Igitur,

2179 4593 2387 4654 dilecti,
2414 4591 2457 4645 si
2486 4592 2802 4660 negotiator,
2831 4602 2883 4644 et
2908 4592 3058 4645 miles
3077 4633 3091 4655 ,
3119 4602 3172 4644 et
3199 4594 3451 4661 agricola,
3483 4594 3569 4645 ubi
3592 4604 3647 4647 ct
3674 4594 3754 4646 in-

2179 4697 2323 4741 certa
2369 4700 2514 4755 spes,
2555 4694 2609 4738 et
2656 4685 2836 4753 plures
2882 4684 3272 4749 frustrationes,
3320 4696 3475 4753 atque
3528 4688 3755 4755 impedi-

2180 4788 2357 4832 menta
2381 4819 2394 4840 ,
2424 4780 2560 4832 sicut
2589 4777 2812 4830 audistis
2833 4818 2846 4840 ,
2878 4778 3043 4829 multa
3072 4786 3126 4830 et
3151 4776 3326 4840 varia,
3354 4794 3454 4829 non
3490 4778 3557 4831 ita
3591 4778 3755 4830 rel‘or-

2180 4870 2346 4925 midat
2371 4870 2599 4929 labores,
2627 4878 2683 4921 ut
2729 4884 2757 4921 a
2798 4869 3004 4922 meliori
3048 4881 3326 4936 propterea
3359 4883 3453 4936 spe
3488 4869 3751 4923 desistat:

2178 4961 2322 5031 quali
2341 4976 2438 5014 nos
2460 4962 2609 5014 venia
2629 4961 2770 5029 digni
2791 4963 2990 5013 erimus
3016 4960 3083 5013 ita
3113 4961 3442 5028 negligentes
3476 4962 3537 5013 ad
3565 4976 3751 5029 capes-

2178 5055 2396 5110 sendam
2423 5053 2694 5116 virtutem,
2718 5063 2772 5106 et
2793 5070 2895 5106 non
2919 5064 3132 5106 omnem
3163 5053 3396 5106 laborem
3419 5064 3608 5121 sponte
3632 5054 3750 5105 sub-

2178 5157 2401 5212 euntes,
2441 5162 2562 5200 cum
2594 5157 2700 5199 tam
2742 5161 2929 5200 secura
2960 5155 3137 5198 nostra
3186 5162 3309 5213 spes
3350 5148 3451 5208 sit,
3506 5156 3754 5213 tantaque

2178 5241 2316 5296 bona
2344 5240 2499 5293 nobis
2529 5240 2788 5308 reposita,
2817 5252 2879 5289 ac
2920 5238 3135 5306 prmmia
3173 5247 3227 5291 et
3271 5237 3542 5291 mercedes
3575 5239 3750 5288 Omnia

2177 5349 2295 5405 qua:
2322 5350 2351 5387 a
2379 5334 2529 5387 nobis
2554 5342 2696 5386 recte
2721 5341 2976 5400 geruntur
3000 5331 3177 5383 multis
3198 5332 3437 5400 partibus
3457 5339 3706 5397 saperent
3730 5326 3755 5378 ?

2178 5425 2317 5480 Audi
2342 5425 2501 5495 igitur
2517 5425 2728 5478 beatum
2766 5421 3009 5485 Paulum,
3031 5432 3149 5487 post
3180 5431 3350 5474 tantas
3376 5430 3430 5474 et
3459 5422 3597 5474 tales
3622 5420 3750 5473 allii-

2177 5521 2410 5583 ctiones,
2441 5526 2495 5571 et
2518 5517 2583 5570 ad
2615 5515 2894 5569 tribunalia
2923 5515 3298 5578 abductiones,
3325 5524 3377 5567 et
3402 5527 3674 5577 carceres,
3699 5522 3749 5566 α

2244 5659 2259 5686 ι
2296 5652 2437 5715 Savil.
2457 5661 2507 5703 et
2529 5658 2735 5715 quatuor
2762 5658 2865 5697 Mss.
2904 5650 2973 5697 sic
2995 5648 3178 5696 habent
3202 5660 3224 5715 :_
3247 5646 3396 5708 Igitur
3419 5645 3469 5715 in
3491 5658 3621 5705 spem
3648 5644 3744 5704 Μ,

2182 5724 2318 5774 quasi
2354 5714 2403 5763 in
2426 5712 2686 5763 auctiorem
2728 5719 2893 5774 tutam.
2919 5722 3003 5759 nos
3033 5712 3375 5773 appendentes,
3401 5712 3471 5758 sic
3492 5722 3649 5756 mutua
3666 5720 3740 5769 ag-

2183 5777 2481 5844 grediamur,
2505 5782 2550 5825 et
2572 5788 2631 5825 ne
2653 5777 2716 5823 ad
2741 5773 2965 5823 laborem.
