4062 6396
131 354 224 410 22Ἰ

131 468 270 524 τεινά
296 468 393 524 τοῦ
421 469 677 538 οὐρανοῦ,
703 471 798 523 καὶ
823 469 926 523 ὅσα
963 469 1020 523 ἐν
1050 471 1163 543 τοῖς
1187 468 1338 540 ὄρεσι
1367 470 1608 543 διῃτᾶτο,
1634 470 1799 543 θηρία

132 559 262 627 λέγω
294 557 390 611 καὶ
411 556 576 629 ἕτερα
599 557 767 626 ἄλογα
800 557 936 622 ζῶα.
963 557 1061 610 Διά
1082 556 1240 611 τοῦτὸ
1265 574 1420 629 φησι.
1445 558 1557 613 Kal
1586 559 1797 627 ὑψώθη

132 646 319 702 ἐπάνω
361 646 485 700 τῶν
511 647 697 714 ὀρέων
727 646 1063 701 δεκαπέντε
1104 645 1341 716 πήχεις,
1373 648 1460 700 ἵνα
1513 647 1688 718 μάθῃς
1716 649 1798 700 δτι

132 735 189 788 τὰ
204 733 297 804 τῆς
321 733 653 800 ἀποφάσεως
671 733 766 785 τοῦ
790 734 1065 786 Δεσπότου
1088 734 1166 797 είς
1186 733 1346 804 ἔργον
1368 733 1589 803 ἐξῆλθεν
1604 747 1617 759 ⁸
1643 733 1797 801 ἔλεγε

133 824 246 893 γάρ,
275 824 357 874 ὅτι
396 824 517 875 Ἔτι
545 820 697 874 ἐπτά
726 820 960 889 ἡμέραι,
988 820 1088 875 καὶ
1126 820 1327 891 ἐπάγω
1364 820 1798 889 κατακλυσμὸν

132 912 214 963 ἐπὶ
242 912 355 976 τὴν
386 909 526 978 γῆν,
570 909 669 963 καὶ
698 909 1001 976 ἐξαλείψω
1036 907 1283 963 ἅπασαν
1309 907 1426 976 τὴν
1459 907 1794 972 ἐξανάστα-

132 1016 242 1063 σιν,
281 997 364 1065 ἦν
394 998 677 1064 ἐποίησα,
711 996 830 1050 ἀπὸ
859 996 1184 1063 προσώπου
1221 993 1329 1062 τῆς
1358 995 1494 1065 γῆς,
1527 996 1646 1049 ἀπὸ
1690 996 1796 1050 ἀν·
1836 1022 1839 1025 -

131 1085 347 1152 θρώπου
374 1086 485 1151 ἓως
514 1083 797 1152 κτήνους,
825 1083 923 1136 καὶ
950 1083 1066 1137 ἀπὸ
1092 1081 1356 1151 ἑρπετῶν
1372 1083 1483 1148 ἕως
1508 1081 1796 1137 πετεινῶν

130 1172 223 1227 τοῦ
249 1172 533 1241 οὐρανοῦ.
563 1172 675 1241 Οὐχ
705 1171 792 1223 ἵνα
824 1171 1004 1223 τοίνυν
1048 1169 1232 1234 ἁπλῶς
1259 1170 1357 1238 τὴν
1402 1172 1483 1234 είς
1521 1171 1654 1239 ὕψος
1685 1172 1794 1224 τῶν

132 1260 317 1315 ὑδάτων
346 1259 596 1330 κορυφὴν
626 1260 775 1330 ἡμᾶς
807 1257 995 1330 διδάξῃ
1014 1298 1029 1321 ,
1063 1260 1096 1328 ή
1129 1257 1249 1312 θεία
1287 1258 1476 1330 Γραφὴ
1513 1258 1688 1313 ταῦτα
1719 1259 1792 1312 δι-

132 1350 347 1417 ηγεῖται,
386 1347 501 1400 ἀλλ’
529 1346 618 1399 ἵνα
657 1346 797 1415 μετὰ
822 1344 1013 1399 τούτου
1065 1345 1296 1398 συνιδεῖν
1338 1344 1675 1416 δυνηθῶμεν,
1710 1347 1792 1399 ὅτι

130 1434 262 1487 οὐδὲν
284 1433 441 1497 ὅλως,
462 1433 525 1487 οὐ
557 1432 679 1487 τῶν
695 1432 930 1501 ἀλόγων,
961 1432 1021 1484 οὐ
1050 1431 1160 1485 τῶν
1186 1432 1413 1505 θηρίων,
1434 1433 1496 1486 οὐ
1524 1435 1634 1486 τῶν
1655 1450 1791 1503 κτη-

132 1522 221 1574 νῶν
255 1520 589 1591 ὑπελείφθη,
633 1521 770 1574 ἀλλά
823 1520 999 1574 πάντα
1045 1520 1336 1592 ἐξηλείφθη
1372 1520 1508 1591 μετά
1554 1522 1648 1575 τοῦ
1682 1522 1792 1575 τῶν

129 1609 411 1679 ἀνθρώπων
433 1608 648 1677 γένους.
668 1608 885 1679 Ἐπειδὴ
920 1607 988 1661 δι’
1018 1609 1180 1661 αὐτὸν
1203 1609 1421 1663 ἅπαντα
1446 1609 1618 1662 ταῦτα
1647 1626 1790 1682 παρ-

130 1698 271 1767 ήχθη,
288 1696 480 1750 τούτου
511 1696 801 1767 μέλλοντος
824 1696 1205 1765 ἀφανίζεσθαι,
1229 1699 1454 1760 εἰκότως
1490 1699 1585 1752 καὶ
1616 1697 1792 1752 ταῦτα

131 1784 470 1839 συναπολαύει
512 1785 614 1854 τῆς
650 1783 949 1847 ἀπωλείας.
978 1780 1113 1837 Εἶτα
1151 1785 1340 1857 ἐπειδὴ
1376 1785 1615 1850 ἐδίδαξεν
1644 1788 1793 1859 ἡμᾶς

129 1875 198 1937 εἰς
230 1875 353 1926 ὅσον
384 1872 520 1944 ὕψος
557 1870 883 1944 ἐκορυφώθη
919 1871 1028 1925 τῶν
1058 1872 1321 1945 ὑδάτωνὴ
1358 1874 1538 1942 φύσις,
1568 1877 1662 1929 καὶ
1707 1877 1789 1929 ὅτι

129 1961 418 2032 ὐπερανέϐη
453 1961 553 2025 τὰς
585 1959 831 2031 κορυφὰς
863 1958 971 2014 τῶν
1005 1961 1177 2033 ὀρέων
1216 1962 1435 2032 ἐτέρους
1465 1961 1599 2015 δέκα
1630 1964 1790 2018 πέντε

128 2053 324 2120 πήχεις,
369 2049 469 2120 τὴν
513 2049 715 2118 ἑαυτῆς
748 2047 1036 2119 ἀκρίϐειαν
1072 2049 1390 2120 μιμουμένη
1426 2050 1587 2102 πάλιν
1620 2052 1787 2122 φησί·

128 2138 221 2191 Καὶ
249 2136 513 2191 ἀπέθανε
529 2135 701 2191 πᾶσα
721 2134 882 2204 σὰρξ
911 2135 1237 2204 κινουμένη
1262 2136 1360 2189 ἐπὶ
1392 2135 1501 2205 τῆς
1526 2134 1666 2206 γῆς-ζ
1689 2139 1791 2192 καὶ

126 2221 412 2287 πετεινῶν,
442 2221 544 2280 καί
584 2218 705 2274 τῶν
734 2219 978 2288 θηρίων,
1015 2219 1114 2273 καὶ
1147 2218 1271 2274 πᾶν
1302 2221 1555 2288 ἑρπετὸν
1586 2224 1788 2277 κινού-

126 2326 290 2377 μενον
318 2309 418 2363 ἐπὶ
452 2307 566 2378 τῆς
593 2306 743 2377 τῆς,
777 2306 879 2361 καὶ
913 2306 1033 2374 πᾶς
1079 2307 1419 2377 ἄνθρωπος,
1454 2311 1555 2364 καὶ
1592 2310 1791 2366 πάντα

128 2398 228 2450 ὅσα
262 2397 388 2465 ἔχει
416 2394 620 2464 πνοὴν
644 2394 818 2462 ζωῆς,
844 2394 942 2449 καί
973 2394 1095 2462 πᾶς
1125 2396 1195 2463 ὃς
1228 2393 1308 2467 ἦν
1329 2398 1426 2451 ἐπὶ
1464 2398 1569 2467 τῆς
1602 2398 1790 2467 ξηρᾶς

127 2484 423 2539 ἀπέθανεν.
452 2484 567 2553 οὐχ
594 2482 782 2546 ἁπλῶς
817 2482 1035 2554 ᾐνίξατο
1063 2484 1317 2553 λέγουσα,
1343 2486 1451 2540 Καὶ
1479 2487 1598 2553 πᾶς
1621 2489 1689 2553 ὃς
1710 2486 1790 2560 ἦν

126 2572 209 2627 ἐπὶ
240 2572 348 2640 τῆς
372 2571 588 2640 ξηρᾶς,
619 2571 732 2623 ἀλλ’
760 2571 847 2624 ἵνα
878 2588 936 2623 σε
970 2571 1175 2643 διδάξῃ,
1197 2573 1278 2625 ὅτι
1309 2575 1510 2638 πάντες
1549 2576 1647 2646 μὲν
1679 2579 1786 2630 ἀπα

127 2661 383 2720 ολὼλασιν.
408 2663 437 2713 ό
460 2661 514 2712 δὲ
536 2660 744 2723 δίκαιος
773 2659 931 2730 μόνος
956 2660 1092 2730 μετά
1113 2660 1221 2713 τῶν
1241 2662 1298 2714 ἐν
1322 2665 1389 2733 τῇ
1415 2662 1633 2734 κιϐωτῷ
1656 2666 1788 2718 πάν-

126 2768 216 2804 των
233 2749 484 2821 διεσώθη.
504 2750 732 2802 Ἐκεῖνοι
749 2748 857 2820 γάρ
875 2748 1258 2819 προλαϐόντες,
1276 2751 1416 2803 κατά
1429 2749 1528 2822 τὴν
1542 2751 1633 2805 τοῦ
1654 2752 1786 2806 Θεοῦ

127 2839 364 2911 διαταγὴν
396 2837 797 2900 καταλιπόντες
823 2836 923 2906 τὴν
955 2836 1146 2908 ξηράν,
1173 2837 1273 2909 τὴν
1301 2839 1531 2893 κιϐωτὸν
1567 2842 1787 2896 κατέλα-

156 2946 223 2983 ον.
249 2927 358 2984 Kal
385 2927 677 2996 ἐξήλειψε
710 2924 837 2981 πᾶν
862 2926 930 2978 τὸ
950 2924 1291 2994 ἀνάστημα,
1318 2927 1348 2979 ὃ
1373 2923 1453 2997 ἦν
1477 2929 1573 2982 ἐπὶ
1601 2944 1793 2997 προσ-

127 3016 267 3069 ώπου
299 3013 508 3081 πάσης
540 3015 653 3082 τῆς
685 3012 823 3084 τῆς,
865 3013 985 3067 ἀπὸ
1016 3012 1334 3081 ἀνθρώπου
1362 3013 1474 3079 ἕως
1504 3015 1785 3083 κτήνους,

128 3104 207 3155 καὶ
230 3100 512 3170 ἑρπετῶν,
547 3102 647 3154 καὶ
672 3099 960 3153 πετεινῶν
985 3100 1091 3154 τοῦ
1120 3101 1400 3169 οὐρανοῦ,
1427 3102 1528 3156 καὶ
1560 3103 1791 3171 ἐξηλεί-

129 3197 345 3259 φθησαν
364 3191 484 3244 ἀπὸ
512 3187 624 3257 τῆς
648 3187 781 3257 γῆς.
807 3188 950 3258 Ὅρα
975 3186 1094 3250 πῶς
1115 3191 1210 3241 καὶ
1240 3188 1387 3256 ἀπαξ
1417 3192 1510 3243 καὶ
1538 3190 1790 3263 δεύτερον

129 3281 205 3331 καὶ
230 3279 486 3341 πολλάκις
506 3277 604 3347 τὴν
626 3275 873 3329 πανωλεθ
884 3276 1003 3346 ρίαν
1018 3276 1255 3330 διδάσκει
1273 3277 1371 3349 τὴν
1392 3280 1787 3350 γεγενημένην,

128 3369 206 3420 καὶ
221 3370 296 3422 ὅτι
323 3368 478 3421 οὐδὲν
504 3365 614 3419 τῶν
637 3366 805 3420 ὄντων
837 3365 1113 3433 διέφυγεν,
1145 3364 1280 3418 ἀλλά
1317 3367 1519 3430 πάντες
1547 3367 1653 3421 ὑπὸ
1680 3369 1790 3422 τῶν

128 3455 310 3509 ὑδάτων
336 3455 749 3524 ἀπεπνίγησαν,
784 3454 881 3506 καὶ
911 3453 974 3506 τὸ
1013 3451 1122 3506 τῶν
1162 3451 1462 3522 ἀνθρώπων
1491 3455 1667 3522 γένος,
1701 3458 1792 3510 καὶ

127 3544 177 3595 τὸ
205 3547 307 3597 τῶν
335 3544 570 3612 ἀλόγων.
599 3543 710 3597 Καὶ
750 3543 1142 3611 κατελείφθη.
1178 3541 1337 3610 φησὶ,
1389 3543 1577 3611 μόνος
1627 3544 1788 3610 Νῶε,

129 3631 209 3683 καί
237 3635 289 3684 οι
312 3631 444 3700 μετ’
477 3630 664 3684 αὑτοῦ
693 3629 765 3683 ἐν
788 3628 865 3698 τῇ
894 3629 1137 3693 κιϐωτῷ.
1165 3629 1276 3682 Καὶ
1308 3627 1517 3698 ὑψώθη
1541 3631 1607 3684 τὸ
1633 3632 1790 3702 ὕδωρ

128 3716 210 3770 ἐπὶ
255 3719 367 3785 τῆς
408 3717 527 3788 τῆς
573 3716 793 3772 ἑκατὸν
835 3716 1217 3783 πεντήκοντα
1259 3717 1503 3787 ἡμέρας.
1544 3720 1666 3773 Ἐπὶ
1704 3738 1792 3775 το-

129 3807 331 3872 σαύτας,
363 3808 551 3878 φησὶν,
584 3806 802 3878 ἡμέρας
826 3818 852 3847 α
883 3805 1063 3876 ἔμεινε
1097 3805 1502 3877 κορυφούμενον
1532 3806 1592 3859 τὸ
1624 3807 1786 3880 ὕδωρ.

138 3894 320 3948 Ἐννόει
349 3912 441 3965 μοι
469 3894 631 3948 πάλιν
653 3893 890 3948 ἐνταῦθα
913 3893 1005 3946 τοῦ
1030 3893 1236 3946 δικαίου
1265 3893 1364 3965 τὴν
1387 3894 1792 3965 μεγαλοψυχίαν

128 3983 206 4035 καὶ
223 3983 321 4055 τῆς
347 3983 602 4053 ἀνδρείας
633 3982 733 4054 τὴν
766 3981 1096 4052 ὑπερϐολήν.
1123 3981 1188 4033 Τί
1216 3982 1316 4034 οὐκ
1343 3981 1409 4035 ἂν
1437 3982 1636 4036 ἔπαθεν
1663 3986 1793 4037 ὐπο-

129 4067 337 4137 γράφων
364 4070 435 4138 τῇ
465 4065 677 4136 διανοίᾳ
711 4065 806 4120 καὶ
833 4064 995 4137 ὁρῶν,
1018 4065 1094 4129 ὡς
1125 4066 1321 4129 εἰπεῖν,
1344 4064 1423 4136 τῷ
1455 4065 1697 4137 λογισμῷ
1724 4070 1792 4121 τά

131 4154 340 4225 σώματα
362 4154 434 4208 τά
473 4152 815 4224 ἀνθρώπινα,
847 4156 944 4208 καὶ
972 4153 1123 4226 [241]
1155 4155 1224 4206 τά
1269 4153 1377 4206 τῶν
1417 4155 1649 4225 κτηνῶν.
1684 4155 1793 4210 τῶν

129 4243 369 4313 καθαρῶν
401 4246 497 4296 καὶ
536 4240 649 4294 τῶν
682 4241 1010 4313 ἀκαθάρτων
1029 4283 1044 4302 ,
1074 4242 1166 4295 τὸν
1198 4241 1374 4294 κοινὸν
1404 4242 1631 4296 θάνατον
1663 4244 1794 4298 ὐπο-

134 4331 393 4399 μείναντα,
427 4330 524 4383 καὶ
563 4331 701 4400 όμοῦ
749 4332 1098 4401 πεφυρμένα,
1124 4331 1220 4384 καὶ
1247 4330 1503 4401 οὐδεμίαν
1532 4331 1792 4405 διαφορὰν

130 4418 453 4489 γενομένηνς
494 4418 608 4471 Καὶ
650 4417 788 4488 μετά
827 4417 1022 4471 τούτου
1069 4418 1251 4484 πάλιν,
1285 4419 1500 4473 ἐπειδάν
1524 4420 1552 4460 δ
1580 4421 1642 4473 τὸ
1673 4422 1792 4474 καθ’

133 4505 302 4559 ἑαυτὸν
332 4504 812 4575 ἀναλογιζόμενος,
846 4505 946 4578 τὴν
988 4506 1244 4577 μόνωσιν,
1273 4506 1370 4578 τὴν
1408 4507 1667 4579 ἐρημίαν,
1695 4508 1794 4582 τὴν

131 4592 384 4666 διαγωγὴν
410 4593 631 4666 ἐκείνην
658 4594 758 4666 τὴν
784 4595 1071 4667 ὀδυνηρὰν,
1098 4597 1192 4651 καὶ
1214 4597 1470 4668 οὐδεμίαν
1495 4599 1795 4670 οὐδαμόθεν

136 4682 493 4754 παραμυθίαν,
543 4682 644 4736 οὐκ
673 4683 783 4737 ἀπὸ
826 4684 1139 4754 συντυχίας,
1175 4686 1276 4739 οὐκ
1325 4685 1432 4739 ἀπὸ
1472 4686 1634 4751 θέας,
1680 4688 1794 4741 ἀλλ’

135 4770 236 4825 οὐδὲ
257 4774 350 4826 τὸν
371 4772 568 4844 χρόνον
589 4771 745 4835 εἰδὼς
772 4772 1038 4844 ἀκριϐῶς,
1062 4774 1224 4827 πόσον
1243 4775 1476 4845 ἤμελλεν
1503 4776 1795 4847 ἀνέχεσθαι

135 4858 216 4927 τῆς
255 4863 313 4912 ἐν
347 4860 429 4930 τῷ
469 4861 831 4930 δεσμωτηρίῳ
875 4861 1069 4931 ἐκείνῳ
1094 4861 1405 4932 διαγωγῆς;
1456 4864 1600 4928 Ἕως
1628 4863 1737 4936 γὰρ
1769 4868 1797 4920 ό

136 4946 317 5011 κτύπος
338 4947 450 5000 τῶν
477 4948 686 5001 ὑδάτων
706 4949 800 5000 καὶ
826 4950 854 5001 ό
879 4949 1121 5017 πάταγος
1141 4945 1228 5019 ἦν,
1250 4950 1372 5004 καθ’
1398 4951 1636 5022 ἑκάστην
1662 4953 1798 5023 ὴμέ-

138 5048 217 5100 ραν
245 5034 567 5105 ἀκμάζοντα
596 5034 747 5106 αὐτῷ
772 5035 833 5088 τὸ
876 5036 1040 5105 φόϐον
1086 5037 1449 5108 ἐνειργάζετο.
1497 5041 1561 5093 Τί
1591 5042 1697 5114 γὰρ
1728 5038 1798 5114 ἦν

133 5123 258 5187 εἰκὸς
292 5124 458 5178 αὐτὸν
505 5124 747 5195 χρηστὸν
782 5124 1122 5179 ὑποπτεῦσαι
1147 5166 1161 5190 ,
1207 5126 1425 5198 δρῶντα
1464 5130 1555 5182 ἐπὶ
1604 5131 1797 5184 ἐκατὸν

134 5214 465 5283 πεντήκοντα
495 5212 714 5283 ἡμέρας
768 5215 862 5267 ἐπὶ
893 5213 994 5286 τῆς
1026 5213 1354 5286 ταύτότητος
1382 5217 1450 5269 τά
1489 5216 1657 5272 ὕδατα
1705 5220 1800 5290 μέ-

133 5313 292 5363 νοντα,
322 5303 420 5353 καὶ
442 5302 523 5364 είς
546 5300 680 5371 ὕψος
697 5301 1042 5373 ἐγειρόμενα,
1073 5303 1167 5356 καὶ
1188 5303 1307 5355 οὐδὲ
1331 5305 1397 5356 τὸ
1415 5305 1576 5376 τυχὸν
1609 5306 1801 5378 λήγον-

132 5400 217 5451 τα;
255 5387 402 5441 Ἀλλ’
438 5388 590 5459 ὅμως
618 5388 781 5461 ἔφερε
810 5389 1096 5458 γενναίως,
1125 5390 1278 5455 εἰδὼς
1309 5390 1403 5445 τοῦ
1440 5394 1710 5447 Δεσπότου
1738 5395 1801 5449 τὸ

134 5474 452 5547 εὲμήχανον,
493 5476 590 5529 καὶ
635 5478 716 5530 ὅτι
748 5478 1082 5549 δημιουργὸς
1105 5478 1180 5531 ὢν
1212 5479 1312 5549 τῆς
1340 5479 1553 5549 φύσεως
1584 5482 1801 5537 ἅπαντα

136 5565 261 5616 ποιεῖ
284 5564 384 5617 καὶ
409 5564 807 5633 μετασκευάζει
838 5564 977 5637 πρὸς
995 5564 1023 5617 ὂ
1053 5565 1324 5635 βούλεται,
1352 5568 1447 5621 καὶ
1469 5568 1569 5622 οὐκ
1590 5568 1802 5639 ἐδυσχέ-

139 5663 269 5716 ραινε
296 5650 439 5722 πρὸς
460 5650 563 5721 τὴν
583 5651 763 5704 ἐκεῖσε
791 5650 1092 5723 διαγωγήν.
1130 5653 1196 5707 Ἠ
1224 5653 1334 5725 γὰρ
1364 5654 1458 5708 τοῦ
1482 5653 1620 5708 Θεοῦ
1658 5655 1801 5727 ῥοπὴ

189 5836 214 5905 ξ
236 5838 390 5905 §aviL
412 5844 471 5905 ει
492 5839 851 5905 ᾳηὶησιιεωεε.
873 5839 1243 5905 ἐπὶ-τοσαύταις,
1268 5841 1426 5903 φησὶν,
1441 5841 1652 5905 ἡμέραις.

187 5893 389 5963 ιξΡιιιίιι
406 5893 913 5963 εινῆιηοειειιάυω
947 5901 1155 5963 ἐπειδάν,
1190 5893 1287 5951 εἴη’
1308 5893 1487 5951 ἐσιτέειῆ
1513 5893 1797 5953 ὠυιέιηάυιι

141 5958 181 6005 in
204 5962 389 6026 incrta;
426 5961 549 6011 mihi
571 5975 718 6026 secus
748 5963 946 6011 videtur
973 5978 983 6010 :
1014 5958 1151 6015 nihil'
1177 5967 1312 6016 enim
1352 5971 1530 6026 prater
1573 5979 1712 6016 usum
1748 5974 1803 6016 et

142 6034 308 6073 morem
328 6024 665 6087 Chrysostomi
697 6024 776 6076 hic
802 6026 1072 6089 conspicio.
1355 6024 1367 6026 ⁷
1752 6040 1755 6041 ⁷

1300 353 1366 408 ΙΝ
1404 353 1558 410 (ΖΜ).
1605 355 1697 411 νη
1732 354 1981 412 GENES.
2023 356 2256 416 HOMIL.
2298 358 2461 417 XXV.

3471 357 3576 428 228

1907 479 2357 547 συνεφαπτομένη
2404 476 2628 547 ἐνεύρου
2667 477 2833 532 αὐτοῦ
2864 476 2963 549 τὴν
2998 478 3331 550 προθυμίαν,
3365 483 3456 537 καὶ
3486 486 3579 554 ἀρ-

1901 555 2105 609 κοῦσαν
2149 560 2379 630 παρεῖχε
2410 556 2767 628 παραμυθίαν
2787 600 2802 623 ,
2833 558 2934 612 οὐκ
2991 560 3212 629 ἀφιεῖσα
3247 568 3580 617 καταπεσεῖν

1898 634 2024 696 τοὺς
2057 636 2372 706 λογισμοὺς,
2396 638 2490 689 καὶ
2518 636 2636 688 οὐδὲ
2663 637 2886 703 ἀγεννές
2912 653 2965 691 τι
2994 648 3017 676 ο
3041 642 3136 691 καὶ
3157 641 3417 711 ἄνανδρον
3441 642 3580 709 λογί-

1814 722 1874 779 μ
1900 712 2116 766 σασθαι.
2146 714 2366 786 Ἐπειδὴ
2394 715 2503 785 γὰρ
2528 714 2816 786 προλαϐὼν
2843 717 2913 769 τά
2936 719 3067 787 παρ’
3088 719 3285 771 ἐαυτοῦ
3312 722 3575 793 παρέσχε,

1896 794 1995 861 τῆς
2019 793 2219 863 ἀρετῆς
2242 793 2341 864 τὴν
2368 793 2675 863 ἀκρίϐειαν,
2693 796 2794 865 τῆς
2819 795 3162 867 δικαιοσύνης
3184 797 3281 868 τὴν
3304 801 3574 864 ἐπίτασιν,

1896 869 1995 939 τῆς
2029 873 2264 936 πίστεως
2297 871 2394 943 τὴν
2418 872 2743 943 ὑπερϐολὴν,
2779 875 2873 927 καὶ
2910 877 2980 928 τά
3005 876 3155 947 παρὰ
3182 877 3276 929 τοῦ
3305 880 3575 933 Δεσπότου

1896 947 2080 1031 λοιπὸν
2108 948 2258 1031 αὐτῷ
2310 951 2449 1031 μετά
2487 950 2761 1031 δαψιλείας
2803 954 3142 1025 ἐχορηγεῖτο.
3175 956 3209 1024 ή
3238 957 3504 1029 ὑπομονὴ,
3541 960 3575 1031 ή

1896 1025 2137 1098 ἀνδρεία,
2167 1028 2230 1081 τὸ
2261 1029 2452 1101 πράως
2481 1029 2698 1085 ἅπαντα
2726 1032 2946 1103 φέρειν,
2990 1033 3052 1086 τὸ
3098 1025 3426 1104 ἀνασχέσθαι

1895 1107 2161 1178 οίκήσεως
2182 1109 2283 1178 τῆς
2316 1111 2374 1161 ἐν
2410 1112 2477 1181 τῇ
2508 1110 2749 1180 κιϐωτῷ,
2779 1111 2841 1165 τὸ
2874 1111 3137 1183 μηδεμίαν
3161 1113 3339 1185 λύμην
3368 1116 3575 1169 ἐκεῖθεν

1893 1187 2169 1267 δέξασθαι,
2201 1190 2260 1242 τὸ
2286 1189 2360 1260 μὴ
2391 1189 2775 1262 διαφθαρῆναι,
2804 1191 2937 1262 μηδὲ
2960 1191 3287 1263 δυσχερᾶναι
3305 1194 3404 1265 τὴν
3436 1193 3572 1267 μετά

1893 1265 2004 1319 τῶν
2040 1265 2251 1334 ἀλόγων
2279 1267 2575 1339 διαγωγήν.

1965 1344 2031 1410 ζ’.
2058 1345 2259 1398 Τοῦτον
2282 1342 2396 1411 οῦν,
2420 1345 2740 1418 παρακαλῶ,
2759 1345 2850 1399 τὸν
2873 1346 3083 1401 δίκαιον
3096 1350 3192 1403 καὶ
3211 1350 3372 1421 ἡμεῖς
3391 1350 3573 1421 μιμώ-

1898 1424 2058 1499 μεθα,
2098 1425 2190 1478 καὶ
2221 1425 2292 1478 τὰ
2330 1426 2460 1495 παρ’
2501 1425 2710 1479 ἑαυτῶν
2742 1426 3136 1499 σπουδάζωμεν
3163 1428 3457 1499 είσφέρειν,
3486 1430 3575 1483 ῖνα

1894 1498 2079 1565 ἀξίους
2105 1503 2333 1566 ἑαυτοὺς
2359 1503 2861 1574 κατασκευάσωμεν
2878 1506 2988 1559 τῶν
3015 1498 3169 1576 παρά
3195 1507 3289 1561 τοῦ
3318 1498 3453 1560 Θεοῦ
3472 1508 3575 1562 δω-

1896 1578 2056 1649 ρεῶν.
2081 1580 2182 1634 Διά
2212 1580 2372 1634 τοῦτο
2395 1580 2505 1654 γὰρ
2530 1582 2790 1654 ἀναμένει
2815 1583 2914 1648 τὰς
2946 1587 3072 1657 παρ’
3107 1586 3264 1657 ήμῶν
3296 1586 3571 1657 ἀφορμὰς,

1896 1660 1982 1713 ἵνα
2016 1659 2219 1739 πολλὴν
2260 1661 2596 1735 ἐπιδείξηται
2637 1664 2737 1733 τὴν
2774 1663 3103 1735 φιλοτιμίαν.
3140 1667 3231 1737 Μὴ
3270 1665 3448 1719 τοίνυν
3485 1666 3572 1720 διὰ

1895 1739 2165 1812 ρᾳθυμίαν
2187 1743 2581 1816 ἀποστερῶμεν
2608 1743 2836 1806 ἑαυτοὺς
2858 1743 2968 1796 τῶν
2990 1746 3121 1815 παρ’
3142 1744 3307 1798 αὐτοῦ
3333 1744 3571 1817 δωρεῶν.

1810 1852 1813 1859 -
1893 1819 2028 1874 ἀλλά
2061 1820 2379 1892 σπεύδωμεν
2400 1862 2414 1885 ,
2461 1824 2553 1876 καὶ
2587 1820 2938 1891 ἐπειγώμεθα
2970 1824 3069 1894 τῆς
3113 1823 3289 1895 ἀρχῆς
3320 1822 3575 1877 ἐπιλαϐέ-

1895 1897 2041 1962 σθαι,
2070 1898 2165 1951 καὶ
2193 1902 2294 1970 τῆς
2321 1900 2443 1953 ὁδοῦ
2470 1901 2571 1971 τῆς
2597 1900 2689 1952 ἐπὶ
2714 1901 2811 1970 τὴν
2840 1900 3040 1973 ἀρετὴν
3068 1900 3325 1972 ἅψασθαι.
3365 1903 3448 1955 ἴνα
3474 1902 3573 1972 τῆς

1892 1977 2098 2031 ἀνωθεν
2121 1979 2437 2050 συμμαχίας
2460 1978 2846 2045 ἀπολαύοντες,
2877 1978 2972 2032 καὶ
3005 1982 3141 2051 πρὸς
3170 1980 3232 2034 τὸ
3256 1980 3406 2044 τέλος
3436 1979 3575 2049 φθά-

1894 2074 1984 2110 σαι
2016 2057 2353 2130 δυνηθῶμεν.
2391 2058 2527 2112 Οὐδὲ
2555 2059 2664 2128 γὰρ
2697 2052 2807 2110 οἶόν
2834 2059 2893 2111 τέ
2923 2076 2978 2111 τι
3006 2059 3240 2130 χρηστὸν
3268 2062 3416 2130 ἡμᾶς
3439 2075 3573 2112 ποτε

1893 2136 2238 2208 κατορθῶσαι
2266 2138 2340 2209 μὴ
2360 2138 2458 2209 τῆς
2491 2136 2698 2190 ἀνωθεν
2732 2136 2906 2207 ροπῆς
2935 2138 3368 2202 ἀπολαύσαντας.
3387 2139 3575 2192 Καθά-

1892 2233 2000 2287 περ
2027 2213 2120 2271 οῦν
2149 2219 2228 2281 εἰς
2259 2216 2507 2287 ἄγκυραν
2535 2215 2750 2287 ἀσφαλῆ
2790 2218 2885 2270 καὶ
2918 2216 3144 2287 βεϐαίαν
3176 2216 3574 2288 ἐξαρτήσαντες

1891 2295 2118 2361 ἑαυτοὺς
2143 2296 2243 2367 τῆς
2279 2298 2361 2360 εἰς
2383 2297 2474 2350 τὸν
2498 2295 2635 2349 Θεὸν
2662 2295 2895 2360 ἐλπίδος,
2927 2294 3101 2359 οὑτως
3128 2288 3279 2366 ὦμεν
3297 2294 3348 2360 ἀ,
3370 2296 3464 2349 καὶ⁵
3495 2295 3571 2366 μὴ

1892 2373 2029 2444 πρὸς
2060 2378 2153 2429 τὸν
2193 2375 2355 2429 πόνον
2391 2375 2679 2446 βλέπωμεν
2719 2376 2821 2445 τῆς
2856 2374 3074 2445 ἀρετῆς,
3120 2374 3259 2429 ἀλλά
3304 2375 3402 2444 τὴν
3437 2372 3575 2443 μετά

1889 2457 1981 2509 τὸν
2014 2456 2174 2509 πόνον
2197 2456 2429 2528 ἀμοιϐὴν
2453 2454 2787 2525 λογιζόμενοι
2814 2455 3030 2523 κούφως
3059 2454 3273 2509 ἅπαντα
3295 2455 3569 2524 φέρωμεν.

1903 2535 2056 2587 Ἐπεὶ
2086 2536 2178 2586 καὶ
2204 2536 2464 2606 ἔμπορος,
2489 2533 2709 2586 ἐπειδάν
2733 2534 2827 2586 τὸν
2857 2533 3050 2604 λιμένα
3082 2532 3330 2604 ἐκϐαίνῃ,
3360 2533 3454 2587 καλ⁵
3478 2531 3573 2584 τοῦ

1891 2614 2164 2682 πελάγους
2193 2616 2250 2666 ἐν
2282 2616 2431 2684 μέσῳ
2472 2612 2729 2683 γένηται,
2762 2613 2822 2665 οὐ
2867 2613 2991 2674 τοὺς
3024 2612 3292 2683 πειρατὰς
3318 2651 3332 2675 ,
3364 2611 3460 2663 καὶ
3504 2609 3575 2664 τὰ

1889 2695 2144 2763 ναυάγια,
2173 2695 2267 2748 καὶ
2297 2694 2367 2747 τὰ
2407 2692 2574 2765 θηρία
2602 2693 2671 2746 τά
2704 2692 2846 2745 κατά
2875 2690 3173 2751 θάλασσαν,
3201 2690 3295 2743 καὶ
3328 2690 3428 2753 τὰς
3465 2689 3573 2741 τῶν

1890 2775 2109 2845 ἀνέμων
2154 2773 2409 2843 ἐμϐολὰς,
2452 2773 2545 2826 καὶ
2592 2774 2721 2834 τοὺς
2760 2770 3094 2841 ἐπαλλήλους
3135 2770 3445 2841 χειμῶνας,
3478 2769 3573 2821 καὶ

1889 2854 2190 2923 ἀποτυχίας
2204 2853 2474 2921 λογίζεται
2493 2852 2673 2922 μόνον,
2691 2850 2823 2904 ἀλλά
2853 2851 2947 2904 καὶ
2970 2851 3038 2903 τά
3063 2850 3201 2920 μετά
3221 2849 3280 2900 τὸ
3294 2850 3574 2917 διαφυγεῖν

1889 2933 2064 2987 ταῦτα
2094 2931 2497 3004 προσγινόμενα
2528 2930 2689 3001 κέρδη
2712 2971 2727 2991 ,
2757 2930 2850 2981 καὶ
2881 2926 3034 3000 [242]
3056 2931 3122 2999 τῇ
3165 2927 3338 2980 ἐλπίδι
3375 2928 3572 2995 τρεφό-

1896 3029 2055 3082 μενος
2079 3010 2295 3064 ἀπαντα
2325 3011 2443 3081 μετ’
2474 3008 2727 3072 εὐκολίας
2756 3005 3200 3078 καταδέχεταιτά
3233 3005 3575 3075 προλαϐόντα

1896 3092 2167 3164 μοχθηρὰ,
2194 3092 2282 3143 ’ίνα
2319 3090 2539 3143 πλείονα
2572 3088 2935 3159 περιϐάληται
2971 3088 3249 3157 χρήματα,
3279 3085 3373 3138 καὶ
3401 3082 3575 3145 οὑτως

1891 3172 2073 3226 οἴκαδε
2102 3170 2395 3241 ἐπανέλθῃ.
2420 3171 2529 3222 Καὶ
2569 3171 2597 3221 ό
2643 3168 2881 3238 γηπόνος
2920 3167 2976 3219 δὲ
3022 3166 3080 3219 οὐ
3115 3167 3242 3229 τοὺς
3288 3165 3429 3219 κατὰ
3473 3167 3574 3231 τὴν

1892 3252 2169 3324 γεωργίαν
2204 3251 2435 3321 μόχθους
2466 3251 2636 3302 ἐννοεῖ
2669 3249 2851 3319 μόνον,
2874 3247 2969 3300 καὶ
2998 3246 3097 3308 τὰς
3123 3244 3448 3316 ἐπομϐρίας,
3469 3243 3576 3324 καὶ

1891 3320 2136 3401 τῆςγῆς
2171 3320 2622 3402 τὴνάποτυχίαν,
2655 3327 2751 3380 καὶ
2787 3326 2887 3397 τῆς
2937 3326 3196 3396 ἐρυσίϐης
3235 3323 3333 3394 τὴν
3364 3320 3573 3402 ἔφοδον.

1893 3411 1989 3463 καὶ
2020 3411 2126 3463 τῶν
2159 3401 2398 3479 ἀκρίδων
2440 3408 2537 3479 τὴν
2577 3407 2787 3478 λύμην,
2823 3405 2958 3460 ἀλλά
2998 3407 3092 3458 καὶ
3114 3406 3211 3475 τὴν
3244 3404 3357 3457 am
3385 3403 3476 3456 καὶ
3506 3401 3576 3454 τά

1893 3491 2186 3563 δράγματα
2214 3490 2548 3561 ὑπογράφων
2573 3491 2686 3550 τοῖς
2711 3487 3012 3555 λογισμοῖς,
3034 3486 3251 3537 ἅπαντα
3280 3482 3437 3563 φέρει
3459 3498 3576 3563 γεν-

1893 3561 2079 3633 ναίως,
2113 3569 2370 3639 οὐδεμίαν
2406 3567 2514 3620 τῶν
2549 3567 2727 3619 πόνων
2752 3566 3007 3633 αἴσθησιν
3037 3563 3331 3633 λαμϐάνων
3366 3561 3451 3613 διὰ
3475 3561 3574 3629 τὴν

1893 3649 2002 3701 τῶν
2043 3647 2298 3719 χρηστῶν
2332 3644 2694 3718 προσδοκίαν,
2746 3643 2926 3697 καίτοι
2979 3642 3177 3712 ἀδήλου
3222 3642 3321 3710 τῆς
3361 3639 3574 3719 ἐλπίδος

1893 3717 2092 3798 οὔσης,
2114 3717 2232 3780 ἀλλ’
2257 3717 2409 3797 ὅμως
2438 3727 2558 3788 ταῖς
2591 3723 2987 3794 χρηστοτέραις
3014 3720 3194 3773 ἐλπίσι
3220 3717 3570 3798 τρεφόμενος,

1894 3810 1995 3860 οὐκ
2019 3796 2361 3878 ἀπαγορεύει
2390 3804 2526 3875 πρὸς
2553 3805 2679 3866 τοὺς
2707 3803 2925 3864 πόνους,
2953 3800 3091 3853 ἀλλά
3122 3800 3300 3853 πάντα
3336 3798 3404 3851 τὰ
3442 3796 3571 3868 παρ’

1896 3885 2089 3940 ἑαυτοῦ
2125 3885 2389 3956 εἰσφέρει,
2417 3882 2704 3953 ἀναμένων
2733 3883 2841 3935 τῶν
2879 3881 3057 3934 πόνων
3083 3879 3266 3932 λαϐεῖν
3290 3878 3387 3941 τὰς
3417 3879 3576 3948 ἀμοι-

1896 3968 2014 4031 ϐάς.
2036 3965 2147 4020 Καὶ
2180 3967 2209 4018 ὁ
2250 3963 2591 4035 στρατιώτης
2631 3962 2688 4015 δέ
2720 3959 2882 4014 πάλιν
2909 3959 3051 4012 ὅπλα
3083 3957 3439 4029 περιτίθεται,
3481 3957 3574 4010 καὶ

1895 4048 1976 4111 εἰς
2007 4046 2100 4098 τὸν
2132 4045 2369 4114 πόλεμον
2418 4040 2586 4107 ἔξεισι
2608 4083 2624 4108 ,
2652 4040 2747 4094 καὶ
2784 4039 2885 4093 οὐκ
2918 4040 3088 4093 ἐννοεῖ
3121 4037 3280 4107 μόνον
3307 4037 3375 4089 τά
3406 4037 3576 4107 τραύ-

1899 4142 2049 4197 ματα
2088 4123 2183 4177 καὶ
2214 4122 2315 4185 τὰς
2356 4118 2592 4189 σφαγὰς,
2623 4116 2849 4197 καὶτὰς
2886 4116 2994 4197 τῶν
3023 4114 3572 4197 πολεμίων-ἐφόδους,

1896 4193 1992 4257 καὶ
2018 4202 2118 4265 τάς
2149 4200 2314 4262 ἄλλας
2343 4198 2744 4269 ταλαιπωρίας,
2773 4196 2910 4249 ἀλλά
2937 4196 3036 4266 τὴν
3061 4195 3218 4264 νίκην
3240 4193 3332 4247 καὶ
3356 4193 3424 4247 τὰ
3452 4195 3577 4264 τρό-

1897 4299 2034 4336 παια
2065 4277 2242 4349 ἐαυτῷ
2272 4277 2632 4349 ὑπογράφων,
2665 4275 2808 4329 οὕτω
2837 4276 2937 4345 τὴν
2964 4274 3073 4327 τῶν
3113 4272 3293 4327 ὃπλων
3336 4289 3575 4326 παντευ-

1896 4362 2021 4432 χίαν
2044 4357 2451 4430 περιϐάλλεται,
2474 4355 2567 4408 καὶ
2590 4354 2811 4424 ἀδηλίας
2840 4364 2864 4392 ο
2894 4351 3094 4432 πολλῆς
3126 4349 3291 4432 οὔσης
3318 4351 3411 4404 καὶ
3441 4352 3578 4405 ἀπο-

1897 4430 2108 4509 τυχίας.
2124 4438 2304 4491 πάντα
2331 4434 2573 4488 τοιοῦτον
2597 4432 2961 4504 ἀπωσάμενος
2987 4430 3270 4500 λογισμὸν,
3311 4432 3406 4484 καὶ
3437 4446 3575 4509 χρη-

1900 4508 2029 4581 στάς
2058 4516 2277 4578 ἐλπίδας
2319 4511 2499 4580 ἐαυτῷ
2532 4511 2889 4583 ὑπογράφων,
2922 4510 3103 4563 πάντα
3135 4510 3291 4563 δκνον
3325 4508 3576 4562 ἀποτίθε-

1896 4615 2008 4658 ται,
2039 4598 2134 4650 καὶ
2178 4593 2358 4647 λαϐὼν
2387 4591 2456 4645 τὰ
2480 4591 2622 4645 ὅπλα
2658 4592 2793 4662 πρὸς
2826 4591 2925 4662 τὴν
2954 4590 3061 4643 τῶν
3095 4587 3369 4659 πολεμίων
3398 4587 3576 4658 παρά-

1897 4675 2050 4741 ταξιν
2102 4675 2266 4745 ὁρμᾷ.
2301 4675 2364 4726 El
2410 4671 2630 4733 τοίνυν,
2680 4670 2986 4740 ἀγαπητοὶ,
3021 4668 3115 4722 καὶ
3162 4666 3435 4737 ἔμπορος,
3481 4666 3575 4745 και

1899 4742 2279 4826 γηπόνοςίκαὶ
2311 4750 2672 4822 στρατιώτης,
2711 4749 2839 4802 ἔνθα
2868 4750 2961 4801 καὶ
2986 4746 3178 4818 ἄδηλος
3204 4745 3446 4826 “mg,
3479 4742 3574 4826 καί

1898 4822 2192 4903 ἀποτυχίαι
2235 4831 2483 4894 πλείους,
2518 4831 2611 4883 καὶ
2650 4829 2721 4882 τά
2763 4828 3090 4898 κωλύματα,
3126 4824 3378 4903 καθάπερ
3405 4822 3574 4893 ἡκού-

1901 4930 2054 4975 σατε,
2077 4902 2256 4965 πολλά
2285 4913 2380 4964 καὶ
2405 4909 2661 4977 διάφορα,
2692 4909 2786 4961 καὶ
2811 4907 2962 4977 ὅμως
3002 4903 3178 4968 οὐδεὶς
3217 4902 3422 4956 τούτων
3463 4903 3573 4955 ἀπ-

1900 4990 2180 5062 αγορεύων
2206 4990 2342 5060 πρὸς
2361 4989 2490 5053 τούς
2525 4987 2720 5049 πόνους
2753 4984 3052 5062 ἀφίσταται
3080 4982 3178 5052 τῆς
3202 4981 3573 5062 χρηστοτέρας

1900 5059 2132 5133 ἐλπίδος,
2166 5059 2328 5131 ποίας
2360 5067 2426 5120 ἂν
2453 5068 2613 5137 ἡμεῖς
2644 5062 2974 5133 συγγνώμης
2993 5060 3250 5131 τύχοιμεν
3273 5059 3574 5112 ἀποκνοῦν·

1899 5167 1991 5213 τες
2024 5152 2159 5221 πρὸς
2184 5150 2285 5221 τὴν
2316 5146 2540 5219 ἀρετὴν,
2565 5149 2660 5198 καὶ
2690 5145 2811 5215 οὐχὶ
2844 5143 3022 5221 πάντα
3062 5141 3223 5195 πόνον
3246 5140 3571 5221 ,αὐτομάτως

1902 5219 2348 5300 καταδεχόμενοι,
2382 5225 2556 5288 οὕτως
2585 5222 2862 5293 ἀσφαλοῦς
2888 5219 3054 5292 ούσης
3087 5221 3185 5300 τῆς
3214 5220 3448 5283 ἐλπίδος,
3479 5223 3574 5272 καὶ

1902 5299 2187 5363 τοσούτων
2228 5306 2607 5374 ἀποκειμένων
2655 5305 2787 5373 ἡμῖν
2825 5301 2934 5355 τῶν
2983 5299 3238 5368 ἀγαθῶν,
3291 5303 3384 5352 καὶ
3437 5301 3576 5369 μετά

1903 5388 2105 5460 πολλῆς
2133 5387 2234 5457 τῆς
2279 5383 2598 5457 περιουσίας
2626 5384 2863 5455 νικώσης
2890 5381 2990 5454 τῆς
3031 5380 3266 5452 ἀμοιϐῆς
3301 5381 3477 5434 πάντα
3507 5381 3576 5434 τά

1904 5469 2034 5539 παρ’
2065 5467 2220 5538 ἡμῶν
2246 5465 2503 5535 γινόμενα
2527 5481 2540 5528 ;
2569 5463 2767 5518 Ἄκουε
2793 5464 2974 5517 τοίνυν
2998 5463 3091 5517 τοῦ
3130 5464 3398 5534 μακαρίου
3428 5461 3577 5515 Παύ-

1901 5549 1995 5602 λου
2021 5549 2269 5614 λέγοντος
2300 5544 2437 5615 μετά
2462 5542 2728 5608 τοσαύτας
2756 5545 2850 5597 καὶ
2876 5543 3208 5615 τηλικαύτας
3230 5543 3456 5612 θλίψεις,
3480 5543 3576 5594 καὶ

1905 5631 2003 5694 τὰς
2036 5626 2362 5695 ἀπαγωγάς,
2396 5627 2489 5680 καὶ
2516 5627 2585 5679 τά
2614 5625 2987 5695 δεσμωτήρια,
3032 5625 3278 5687 καὶτοὺς
3313 5624 3577 5687 θανάτους

1969 5773 1993 5802 ⁸
2022 5770 2150 5819 83νῘ1
2194 5758 2327 5819 addit
2350 5767 2528 5815 παθεῖν.

1970 5832 1999 5872 ἀ
2020 5834 2168 5882 Savil.
2195 5837 2473 5893 elqualuor
2516 5841 2631 5876 mss.
2657 5827 2807 5883 οὑτως
2848 5826 3025 5875 ἅπασιν
3060 5825 3361 5937 ἐγχειρῶμεν.
3395 5822 3569 5872 Morel-

1986 5896 2069 5937 alii
2108 5894 2257 5937 οὕτως
2299 5895 2445 5937 ὦιιεν.
2482 5892 2621 5937 alita
2662 5889 2789 5937 lenit
2825 5893 3076 5937 interpres
3160 5887 3339 5936 atinus.
3411 5889 3434 5915 θ
3476 5886 3569 5934 Alii

1909 5904 1964 5945 et
1986 5896 2070 5944 a|ii
2108 5894 2258 5948 οὕτως
2282 5886 2445 5951 ’ὦμεν,
2482 5892 2621 5940 elita
2662 5889 2789 5951 legit
2825 5893 3076 5951 interpljes
3113 5886 3437 5951 'Lalﬁnus.__f
3476 5886 3577 5951 Alﬁ!

1909 5957 2091 6013 ἀηδίας.
2120 5945 2414 6005 Ιηίηιέκῦἱι.
2432 5945 2570 6014 ⁷πρὸς
2593 5953 2678 6010 τήν
2716 5945 2810 6000 τῶν
2849 5945 3088 6013 πολεμίων
3119 5948 3303 6013 ἔφοδον.
3343 5946 3442 6001 Alii
3463 5945 3579 6011 πρὸς

1907 6022 1992 6079 τὴν
2016 6017 2110 6067 τῶν
2158 6015 2395 6079 πολεμίων
2437 6014 2630 6073 πληθύν.
