4062 6396
555 327 663 384 ω

554 445 683 509 τοὺς
708 442 1131 515 καθημερινούς·
1166 446 1289 499 Οὐκ
1322 443 1460 509 ἄξια
1487 444 1558 498 τὰ
1598 444 1918 513 παθήματα
1964 442 2071 497 τοῦ
2105 442 2220 496 νῦν

556 533 764 600 καιροῦ
798 534 947 601 πρὸς
978 531 1094 600 τὴν
1120 532 1480 601 μέλλουσαν
1510 533 1699 596 δόξαν
1722 528 2222 601 ἀποκαλυφθῆναι

557 622 646 685 είς
684 619 857 689 ἡμᾶς.
889 619 1007 673 Κᾶν
1044 619 1435 698 καθ’,ἐκάστην
1469 621 1708 692 ἡμέραν,
1752 621 1885 690 φησὶ
1910 658 1927 684 ,
1968 618 2217 678 θανάτοις

559 707 783 768 ἑαυτοὺς
814 705 1078 776 ἐκδῶμεν,
1122 707 1258 777 ὅπερ
1308 708 1341 778 ἡ
1386 706 1547 775 φύσις
1592 709 1652 761 οὑ
1682 708 1927 778 δέχεται,
1959 708 2007 759 εἰ
2048 707 2142 759 καὶ
2185 708 2219 776 ἡ

558 791 751 861 γνώμη
785 793 989 845 νικῶσα
1015 793 1115 863 τὴν
1152 793 1313 863 φύσιν
1340 794 1428 847 διά
1468 796 1567 865 τὴν
1598 793 1691 847 τοῦ
1731 794 2002 847 Δεσπότου
2036 792 2225 861 φιλαν-

559 880 589 933 θ
597 881 807 951 ρωπίαν
830 881 1207 948 στεφανοῦται.
1235 882 1385 935 οὐδὲν
1413 882 1558 945 ἀξιον
1588 882 1927 952 ὑπομένομεν
1956 882 2063 934 τῶν
2097 880 2227 951 μελ-

558 968 758 1021 λόντων
785 970 950 1039 ἡμᾶς,
994 971 1147 1039 φησι,
1170 970 1507 1039 διαδέχεσθαι
1548 969 1655 1024 τῶν
1700 970 1948 1038 ἀγαθῶν,
1998 969 2093 1022 καὶ
2129 968 2230 1037 1?};

559 1057 717 1125 δόξης
750 1058 850 1126 τῆς
886 1057 1187 1129 μελλούσης
1230 1058 1709 1113 ἀποκαλύπτεσθαι
1752 1062 1831 1121 εἰς
1880 1059 2047 1129 ἡμᾶς.
2091 1058 2230 1128 Ὅρα

561 1147 724 1196 πόσον
760 1144 859 1213 τῆς
888 1144 1045 1215 δόξης
1072 1145 1133 1198 τὸ
1165 1145 1396 1215 μέγεθος
1418 1142 1485 1217 ἧς
1506 1146 1870 1200 ἀπολαύουσιν
1903 1148 1953 1199 οί
1984 1145 2080 1216 τὴν
2102 1147 2229 1216 ἀρε-

557 1231 657 1301 τήν
697 1231 1140 1301 μεταδιώκοντες,
1174 1234 1249 1296 ὡς
1292 1235 1446 1304 νικᾷν
1483 1235 1653 1305 αὐτὴν
1686 1234 1884 1297 πάντα,
1918 1234 2128 1302 ὅσαπερ
2164 1233 2229 1286 ἄν

559 1336 641 1380 τις
669 1318 1036 1383 ἐπιδείξασθαι
1078 1320 1278 1392 δυνηθῇ
1303 1338 1316 1352 ·
1350 1322 1454 1376 κᾶν
1487 1322 1593 1393 γάρ
1632 1324 1712 1387 είς
1743 1323 1913 1393 αὐτὴν
1941 1323 2038 1393 τὴν
2066 1338 2229 1393 κορυ-

560 1407 666 1477 φὴν
697 1407 899 1478 φθάσῃ,
922 1408 1016 1461 καὶ
1049 1408 1191 1462 οὑτω
1217 1409 1481 1465 λείπεται.
1508 1411 1572 1463 Τί
1596 1411 1704 1482 γάρ
1731 1410 1985 1463 τοσοῦτον
2017 1408 2228 1482 ἄνθρω-

562 1511 660 1558 πος
699 1496 1067 1562 ἐπιδείξασθαι
1097 1496 1339 1561 δύναται,
1374 1497 1448 1561 ὡς
1479 1499 1715 1563 ἐπαξίως
1746 1498 1974 1568 άθλῆσαι
2003 1498 2100 1568 τῆς
2133 1496 2227 1549 τοῦ

561 1584 829 1637 Δεσπότου
863 1583 1208 1656 φιλοτιμίαςς
1239 1587 1299 1639 El
1334 1586 1391 1639 δέ
1426 1587 1635 1649 Παῦλος
1670 1588 1699 1640 ό
1723 1586 1974 1648 τοσοῦτος
2005 1587 2099 1639 καὶ
2134 1604 2230 1657 τη-

562 1669 804 1735 λικοῦτος
834 1671 1035 1739 ἔλεγεν,
1071 1674 1191 1725 Οὐκ
1218 1673 1356 1737 ἄξια
1387 1674 1457 1727 τὰ
1486 1674 1803 1743 παθήματα
1830 1675 1937 1729 τοῦ
1960 1673 2076 1728 νῦν
2105 1692 2229 1729 και-

556 1759 667 1827 ροῦ
693 1758 841 1827 πρὸς
866 1758 978 1824 τὴν
1000 1761 1353 1828 μέλλουσαν
1376 1760 1564 1824 δόξαν
1590 1762 2118 1815 ἀποκαλύπτεσθαι
2143 1763 2228 1827 εἰς

563 1843 741 1915 ἡμᾶς.
773 1848 799 1899 ό
830 1846 1022 1914 λέγων,
1060 1846 1198 1902 καθ’
1242 1847 1471 1917 ἡμέραν
1502 1848 1886 1917 ἀποθνήσκω,
1922 1849 2015 1901 καὶ
2045 1849 2226 1912 πάλιν,

561 1933 997 2001 Περισσότερον
1014 1932 1255 1986 πάντων
1269 1934 1566 1991 ἐκοπίασα
1586 1952 1600 1965 ο
1617 1936 1669 1987 τί
1693 1935 1757 1987 ἂν
1780 1934 2028 2005 εἴποιμεν
2045 1937 2223 2005 ἡμεῖς,

560 2020 613 2071 01
644 2021 780 2091 μηδὲ
811 2022 902 2075 τὸν
946 2022 1176 2091 τυχόντα
1213 2022 1460 2092 κάματον
1502 2023 1643 2094 ὑπὲρ
1677 2024 1775 2093 τῆς
1806 2023 2007 2093 ἀρετῆς
2040 2022 2229 2075 ἀναδέ-

563 2106 755 2173 ξασθαι
792 2108 1124 2179 βουλόμενοι,
1169 2110 1282 2162 ἀλλ’
1316 2110 1402 2162 ἀεὶ¹
1434 2110 1533 2181 τὴν
1566 2112 1749 2163 ἄνεσιν
1780 2110 2226 2179 μεταδιώκοντες,

562 2196 656 2249 καὶ
682 2194 838 2250 τοῦτο
868 2198 1349 2269 περισκοποῦντες,
1374 2200 1521 2261 ὅπως
1550 2199 1819 2269 μηδεμίαν
1850 2197 2000 2269 [245]
2035 2200 2229 2269 πεῖραν

562 2284 815 2355 λάϐωμεν
852 2284 961 2337 τῶν
993 2284 1273 2356 λυπηρῶν,
1297 2287 1394 2339 καὶ
1426 2287 1598 2340 ταῦτα
1630 2286 1850 2349 εἰδότες,
1883 2287 1965 2339 ὅτι
1993 2286 2091 2356 οὐχ
2117 2280 2228 2338 οἷόν

562 2391 619 2427 τε
644 2373 847 2445 ἑτέρως
866 2376 964 2444 τῆς
984 2373 1101 2427 ἐκεῖ
1124 2376 1304 2443 τυχεῖν
1332 2374 1589 2438 ἀνέσεως,
1612 2375 1684 2444 μὴ
1712 2375 1973 2445 πρότερον
1994 2373 2227 2427 ἐνταῦθα

561 2462 653 2515 τὸν
682 2462 769 2515 διὰ
800 2462 897 2531 τῆς
929 2462 1206 2532 ἀθλήσεως
1238 2464 1579 2534 ποθήσαντας
1608 2463 1753 2532 βίον;
1784 2464 1847 2515 Δί
1880 2463 1988 2533 γάρ
2019 2462 2227 2532 θλίψεις

562 2540 725 2603 αὗται
738 2550 987 2620 πρόξενοι
1009 2549 1359 2619 γίνονταιτῆς
1375 2550 1506 2621 πρὸς
1526 2551 1615 2603 τὸν
1636 2550 1767 2603 Θεὸν
1797 2550 2224 2620 εὐαρεστήσεως,

564 2636 656 2691 καί⁵
676 2636 737 2690 τὸ
759 2636 953 2707 μικρὸν
969 2636 1202 2690 ἐνταῦθα
1223 2637 1453 2705 κάμνειν
1476 2638 1675 2708 πολλὴν
1695 2640 1827 2708 ἡμῖν
1854 2639 2080 2706 ἐκεῖτὴν
2099 2642 2230 2707 παρα

564 2724 761 2793 ρησίαν
787 2724 1090 2795 χαρίζεται,
1126 2725 1283 2794 μόνον
1309 2724 1402 2777 ἐὰν
1432 2724 1746 2795 βουλώμεθα
1785 2723 1927 2777 κα.τά
1958 2724 2057 2794 τὴν
2093 2741 2231 2793 συμ-

562 2811 725 2883 ϐολὴν
746 2811 937 2865 τούτου
959 2812 1051 2865 τοῦ
1075 2814 1175 2883 τῆς
1192 2814 1515 2883 οἰκουμένης
1537 2812 1853 2866 διδασκάλου
1879 2811 2226 2882 πορεύεσθαι.

576 2900 798 2966 Ἐννὸει,
831 2900 1081 2971 ἀγαπητέ
1102 2940 1117 2964 ,
1148 2901 1229 2954 ὅτι
1271 2900 1373 2953 κᾶν
1408 2895 1683 2973 λυπηράᾖ
1721 2900 1789 2953 τά
1830 2900 2225 2969 συμπίπτοντα,

562 2988 698 3042 ἀλλά
724 2989 1032 3061 πρόσκαιρα
1053 3005 1066 3019 ο
1103 2988 1169 3043 τὰ
1202 2988 1385 3059 μέντοι
1412 2990 1528 3041 ἐκεῖ
1544 2988 1888 3058 διαδεξόμενα
1914 2990 2061 3058 ἡμᾶς
2090 2990 2227 3055 ἀγα-

565 3076 666 3139 θά,
695 3076 941 3130 ἀθάνατα
971 3077 1065 3129 καὶ
1101 3075 1313 3129 αἰώνια.
1352 3075 1426 3129 Τὰ
1473 3074 1583 3144 γὰρ
1635 3076 2018 3143 βλεπόμενα,
2059 3076 2226 3146 φησὶ,

565 3164 922 3231 πρόσκαιρα,
958 3164 1027 3217 τὰ
1056 3163 1123 3215 δὲ
1160 3163 1246 3233 μὴ
1275 3164 1659 3231 βλεπόμενα,
1698 3161 1921 3216 αἰώνια.
1962 3163 2225 3231 Ἐνέγκωο

568 3268 668 3321 μεν
689 3251 864 3304 τοίνυν
890 3251 1151 3320 γενναίως
1178 3251 1244 3304 τὰ
1273 3249 1603 3319 πρόσκαιρα,
1630 3250 1720 3302 καὶ
1753 3250 1826 3320 μὴ
1850 3250 2228 3320 ἀποκάμωμεν

566 3337 701 3408 πρὸς
730 3339 856 3401 τοὺς
883 3338 983 3408 τῆς
1009 3337 1207 3409 ἀρετῆς
1236 3338 1448 3399 πόνους,
1483 3337 1567 3389 ἵνα
1596 3336 1704 3388 τῶν
1732 3337 1964 3389 αἰωνίων
1996 3337 2230 3389 ἀπολαύ-

567 3441 767 3493 σωμεν,
798 3424 891 3478 καὶ
937 3425 1025 3477 ἀεὶ
1063 3424 1331 3495 μενόντων
1375 3422 1624 3491 ἀγαθῶν·
1660 3416 1734 3477 ὧν
1767 3423 1974 3492 γένοιτο
2024 3425 2229 3489 πάντας

564 3513 710 3583 ἡμᾶς
758 3513 1051 3582 ἐπιτυχεῖν,
1082 3512 1265 3581 χάριτι
1316 3512 1409 3563 καὶ
1464 3510 1841 3583 φιλανθρωπίᾳ
1895 3511 1988 3564 τοῦ
2024 3513 2227 3583 Κυρίου

562 3601 721 3670 ἡμῶν
753 3600 927 3670 Ἰησοῦ
959 3599 1213 3671 Χριστοῦ,
1250 3600 1370 3669 μεθ’
1399 3592 1460 3652 οὗ
1487 3598 1564 3670 τῷ
1603 3600 1799 3671 Πατρὶ,
1835 3600 1949 3670 ἃμα
1974 3600 2050 3671 τῷ
2088 3601 2228 3671 ἁγίῳ

564 3688 840 3762 Πνεύματι
863 3689 1008 3754 δόξα,
1041 3689 1261 3760 κράτος,
1289 3688 1442 3760 τιμὴ,
1478 3688 1572 3742 νῦν
1606 3690 1700 3742 καὶ
1730 3689 1835 3755 ἀεὶ,
1862 3689 1955 3743 καὶ
1997 3692 2076 3754 είς
2104 3690 2228 3754 τοὺς

563 3776 769 3841 αἰῶνας
801 3778 909 3831 τῶν
947 3775 1176 3830 αἰώνων.
1226 3776 1419 3846 Ἀμήν.

1184 3895 1432 3952 ΟΜΙΛΙΔ
1468 3898 1613 3964 κεῖν.

562 3984 670 4040 Καὶ
694 3983 965 4055 ἐμνήσθη
996 3985 1029 4037 ὀ
1052 3982 1215 4055 ,Θεὸς
1243 3983 1351 4055 τοῦ
1379 3981 1533 4047 Νῶε,
1558 3982 1673 4055 *καί
1714 3983 1955 4055 πάντων
1983 3984 2100 4038 τῶν
2128 3989 2229 4051 θη-

625 4052 794 4125 ρίων.
839 4055 938 4125 καὶ
981 4054 1221 4125 πάντων
1246 4052 1365 4107 τῶν
1392 4052 1646 4125 κτηνῶν,
1688 4054 1786 4125 καὶ
1828 4054 2067 4125 πάντων
2112 4055 2229 4108 τῶν

632 4122 939 4188 πετεινῶν,
972 4124 1069 4193 καὶ
1109 4123 1348 4193 πάντων
1386 4122 1502 4175 τῶν
1530 4122 1812 4191 ἑρπετῶν,
1842 4124 1957 4177 ὅσα
1992 4122 2070 4192 ’ἦν
2100 4126 2227 4193 μετ’

630 4194 817 4266 αὑτοῦ
845 4195 914 4246 ἐν
943 4191 1015 4266 ζῆ
1044 4192 1413 4266 κιϐωτῷ.Καί
1437 4193 1738 4266 ἐπήγαγεν
1759 4198 1791 4247 ὁ
1821 4195 1965 4260 Θεὸς
1992 4191 2229 4266 πνεῦμα

633 4265 731 4319 ἐπὶ
760 4264 874 4333 τὴν
909 4263 1045 4333 rﬁr,
1074 4263 1172 4315 καί
1199 4263 1465 4317 ἐκόπασε
1494 4266 1558 4316 τὸ
1592 4264 1769 4330 ὕδωρ.

636 4374 705 4420 α’.
718 4363 945 4433 Μεγάλη
966 4363 1058 4416 καὶ
1079 4361 1283 4431 ἀφατος
1302 4364 1358 4414 ἐν
1374 4364 1485 4426 τοῖς
1505 4363 1814 4432 πρόσφατον
1834 4365 2226 4433 ἀναγνωσθεῖσι

562 4454 834 4507 δείκνυται
864 4452 898 4521 ἡ
930 4449 1023 4503 τοῦ
1051 4449 1185 4503 Θεοῦ
1217 4450 1615 4521 φιλανθρωπία,
1648 4453 1861 4522 καὶτῆς
1894 4453 2227 4522 ἀγαθότητος

562 4539 725 4595 αὐτοῦ
761 4541 795 4610 ἡ
838 4536 1129 4608 ὑπερϐολὴ,
1162 4538 1227 4607 ἡν
1264 4537 1325 4590 οὐ
1375 4538 1532 4607 μόνον
1579 4540 1708 4609 περὶ
1736 4539 1794 4592 τὸ
1832 4539 2046 4608 λογικὸν
2072 4541 2227 4593 τοῦτο

563 4630 701 4695 ζῶον
739 4628 1125 4690 ἐπιδείκνυται,
1153 4625 1243 4678 τὸν
1291 4625 1574 4696 ἄνθρωπον
1612 4627 1771 4695 λέγω,
1799 4628 1932 4681 ἀλλά
1984 4631 2227 4701 καὶπερὶ

561 4716 660 4788 τήν
690 4715 799 4768 τῶν
822 4714 1029 4781 ἀλόγων
1059 4711 1213 4777 ζώων
1237 4711 1417 4780 φύσιν.
1441 4716 1776 4784 Δημιουργδς
1797 4715 1905 4787 γάρ
1928 4716 2036 4769 τῶν
2062 4717 2229 4770 ἁπάν-

560 4822 669 4857 των
694 4802 995 4873 τυγχάνων,
1036 4802 1116 4863 εἰς
1148 4798 1321 4852 πάντα
1348 4799 1417 4851 τὰ
1445 4801 1535 4853 ὑπ’
1562 4801 1725 4853 αὑτοῦ
1754 4802 2227 4873 δημιουργηθέντα

559 4894 661 4962 τὴν
682 4891 886 4945 οἰκείαν
919 4888 1149 4942 ἐκτείνει
1177 4888 1504 4958 ἀγαθὸτητα,
1531 4889 1618 4942 διά
1657 4891 1873 4943 πάντων
1903 4893 2031 4961 ἡμῖν
2061 4892 2221 4945 ἐνδει-

563 4982 847 5050 κνύμενος,
894 4980 1026 5047 ὅσην
1071 4979 1301 5030 ποιεῖται
1346 4976 1600 5048 πρόνοιαν
1635 4978 1729 5030 τοῦ
1775 4979 1883 5032 τῶν
1924 4980 2227 5051 ἀνθρώπων

562 5068 771 5137 γένους,
801 5067 894 5119 καὶ
911 5067 991 5118 δτι
1016 5065 1196 5119 πάντα
1219 5064 1425 5119 ἀνωθεν
1450 5066 1544 5118 καὶ
1571 5065 1631 5132 ἐξ
1655 5066 1826 5136 ἀρχῆς
1850 5069 2229 5138 ἐπραγματεύ-

564 5172 696 5209 σατο
730 5154 817 5207 διὰ
840 5152 937 5224 τὴν
968 5153 1238 5223 σωτηρίαν
1267 5152 1364 5223 τήν
1396 5154 1692 5224 ἡμετέραν.
1751 5152 1867 5206 Κᾶν
1898 5154 2101 5228 κολάζῃ
2119 5157 2227 5210 τοί-

562 5260 677 5309 νυν,
719 5241 821 5295 κᾶν
874 5242 1201 5315 τιμωρῆται,
1248 5242 1355 5293 ἀπὸ
1389 5242 1490 5310 τῆς
1540 5242 1709 5311 αὐτῆς
1752 5242 2085 5313 ἀγαθότητος
2133 5246 2228 5298 καὶ

562 5331 736 5385 ταῦτα
762 5330 991 5383 κάκεῖνα
1022 5331 1181 5381 ποιεῖ.
1228 5328 1362 5382 Οὐδὲ
1397 5329 1506 5399 γάρ
1540 5329 1699 5383 πάθει
1740 5330 1836 5382 καὶ
1864 5331 2000 5402 ὀργῇ
2027 5330 2127 5395 τάς
2156 5350 2228 5385 τι·

564 5420 776 5490 μωρίας
819 5417 1032 5485 ἐπάγει,
1063 5415 1197 5469 ἀλλά
1225 5418 1323 5487 τὴν
1350 5417 1547 5470 κακίαν
1574 5417 1803 5487 ἐγκόψαι
1826 5419 1853 5458 ι)
1886 5418 2223 5489 βουλόμενος,

564 5509 657 5560 καὶ
687 5506 825 5560 ὥστε
863 5506 937 5576 μὴ
985 5504 1125 5558 πάνυ
1169 5504 1339 5573 αὐτὴν
1376 5505 1663 5575 προϐῆναι.
1713 5506 1866 5559 Ἐπεὶ
1891 5507 1984 5559 καὶ
2005 5506 2120 5571 νῦν,
2152 5508 2227 5571 ῶς

564 5594 813 5659 ἀκούετε,
852 5593 1232 5663 κατακλυσμὸν
1257 5594 1323 5646 δι’
1361 5594 1512 5646 οὐδὲν
1542 5594 1727 5665 ἓτερον
1753 5596 2053 5665 ἐπήγαγεν,
2090 5595 2228 5648 ἀλλὰ

564 5681 858 5751 κηδόμενος
886 5682 994 5733 τῶν
1039 5681 1175 5751 πρὸς
1216 5681 1483 5750 τοσαύτην
1516 5683 1711 5735 κακίαν
1746 5684 1969 5747 ἑαυτοὺς
1999 5684 2228 5737 ἐκδεδω-

566 5767 758 5821 κότων.
795 5769 905 5821 Καὶ¹
936 5770 1084 5831 ποία,
1125 5771 1280 5838 φησὶ.
1314 5770 1628 5839 κηδεμονία.
1666 5772 1725 5824 τὸ
1750 5772 1957 5833 πάντας
1989 5773 2093 5825 ὑπὸ
2115 5772 2223 5825 τῶν

564 5852 770 5907 ὑδάτων
805 5856 1187 5926 ἁναιρεθῆναι;
1230 5857 1322 5928 Μὴ
1366 5857 1783 5928 ἀπερισκέπτως
1830 5860 2089 5928 φθέγγου,
2130 5861 2223 5914 ἄν·

630 5971 657 6001 ⁸
697 5971 795 6021 “ii
818 5978 899 6029 τῆς
936 5973 1147 6036 θλίψεως-
1212 5975 1239 6017 δ
1261 5977 1408 6027 Savil.
1442 5977 1490 6028 in
1515 5991 1663 6041 marg.
1689 5992 1720 6029 ε
1744 5992 1837 6031 var.
1866 5981 1983 6033 lect.
2009 5982 2225 6047 ἐκκόψαι.

1383 328 1440 383 s.
1494 326 1779 384 JOANNIS
1821 324 2310 384 cnmrsosmm
2342 326 2658 382 mcmap.
2699 299 3242 386 communior.
3867 334 3953 387 250

2331 442 2536 515 θρωπε,
2570 445 2686 498 ἀλλ’
2716 445 3017 515 εὐγνώμονι
3050 443 3256 515 διανοίᾳ
3297 441 3365 497 τά
3404 441 3555 514 παρὰ
3596 442 3688 496 τοῦ
3714 446 3949 503 Δεσπότου

2346 531 2597 602 γινόμενα
2618 532 2795 602 δέχου,
2822 534 2914 586 καὶ
2934 533 3051 586 τότε
3073 532 3274 604 γνώσῃ,
3297 532 3428 602 ὅσης
3457 530 3550 584 καὶ
3577 528 3727 584 τοῦτο
3750 532 3951 600 μάλιστα

2329 619 2670 689 κηδεμονίας.
2730 621 2803 674 Τὸ
2830 622 2938 692 γάρ
2972 622 3098 684 τοῦς
3129 622 3199 675 τά
3240 621 3512 691 ἀνήκεστα
3555 620 3947 690 ἁμαρτάνοντας.

2329 707 2421 758 καὶ
2451 708 2570 760 καθ’
2602 709 2837 779 ἑκάστην
2864 710 3073 780 ἡμέραν
3100 708 3167 762 τά
3182 708 3473 780 τραύματα
3492 707 3855 771 ἐπιτείνοντας.
3874 711 3951 763 καὶ

2326 789 2395 841 τά
2428 792 2558 862 ἐλκη
2592 794 2781 847 ἀνίατα
2810 794 3226 865 ἐργαζομένους,
3260 797 3322 847 ἐκ
3350 794 3449 863 τῆς
3484 794 3680 857 κακίας
3714 794 3951 849 ἀπαλλάτ-

2326 893 2461 945 τειν,
2489 880 2608 951 οὐχὶ
2636 882 2959 953 κηδεμονίας
2982 880 3049 955 ἦν
3081 884 3178 952 τῆς
3208 884 3503 953 μεγίστης;
3556 883 3665 935 Καὶ
3691 882 3840 945 αὑτδς
3860 884 3950 937 δέὸ

2326 967 2742 1041 τῆς.τιμωρίας
2786 971 2985 1042 τρόπος
3028 972 3090 1025 οὐ
3132 972 3313 1042 πάσης
3337 971 3498 1041 γέμει
3539 970 3948 1041 φιλανθρωπίαςὶ

2328 1056 2402 1109 Τὸ
2435 1058 2542 1128 γὰρ
2570 1058 2695 1122 τοὺς
2728 1060 2823 1112 καὶ
2852 1060 2979 1113 ἄνευ
3008 1060 3198 1117 τούτου
3240 1060 3531 1131 μέλλοντας
3563 1059 3624 1111 τὸ
3652 1058 3747 1127 1?};
3770 1058 3949 1126 φύσεως

2328 1143 2486 1211 χρέος
2513 1146 2762 1209 ἐκτίνειν,
2797 1146 2968 1209 οὑτως
3004 1147 3226 1209 ἀλύπως
3261 1148 3319 1199 ἐν
3350 1145 3507 1217 μέρει
3530 1144 3794 1215 τιμωρίας
3824 1144 3947 1215 [in]

2325 1230 2423 1301 τὴν
2457 1230 2601 1302 ζωὴν
2635 1233 2951 1296 ἀποθέσθαι,
2991 1235 3085 1287 καὶ
3122 1235 3259 1306 μήτε
3287 1234 3536 1305 αἴσθησιν
3563 1233 3659 1286 τοῦ
3689 1234 3949 1303 γεγενημέ·

2326 1334 2417 1369 νου
2451 1317 2653 1382 λαϐεῖν,
2695 1320 2808 1372 ἀλλ’
2841 1320 3126 1385 ἀνωδύνως
3159 1322 3253 1375 καὶ
3297 1319 3559 1391 ἀναλγητὶ
3593 1319 3692 1390 τὴν
3720 1321 3949 1390 τιμωρίαν

2325 1402 2597 1469 δέξασθαι,
2623 1406 2796 1477 πόσης
2828 1408 2927 1461 οὐκ
2954 1407 3021 1460 ἂν
3046 1408 3130 1478 εἴη
3166 1408 3355 1478 σοφίας
3382 1408 3475 1461 καὶ
3496 1406 3817 1475 ἀγαθότητος
3834 1422 3846 1469 ;
3864 1409 3950 1461 Καὶ

2326 1492 2459 1545 αὐτὸ
2480 1493 2588 1563 γάρ
2613 1494 2773 1547 πάλιν
2799 1496 2853 1547 εί
2869 1512 2953 1559 τις
2985 1495 3200 1549 εὐσεϐεῖ
3221 1494 3465 1565 λογισμῷ
3493 1510 3630 1547 κατα
3640 1492 3793 1563 μάθοι
3811 1493 3864 1545 τὸ
3883 1510 3949 1560 γε·

2325 1581 2646 1650 γενημένον,
2679 1582 2761 1634 ὅτι
2788 1583 2887 1636 οὑκ
2914 1584 2992 1647 είς
3018 1584 3145 1646 τοὺς
3167 1582 3574 1653 τιμωρηθέντας
3612 1581 3768 1651 μόνον
3784 1580 3845 1633 τὰ
3869 1581 3949 1650 τῆς

2327 1668 2645 1739 εὐεργεσίας
2668 1669 2909 1737 γέγονεν,
2950 1670 3083 1723 ἀλλά
3113 1671 3205 1724 καὶ
3236 1673 3283 1723 οἰ
3319 1672 3400 1733 εἰς
3442 1668 3501 1721 τὸ
3539 1669 3666 1738 ἑξῆς
3707 1668 3947 1739 μέλλοντες

2326 1756 2542 1809 ἔσεσθαι
2572 1757 2664 1810 δύο
2703 1757 2770 1811 τά
2810 1757 3041 1827 μέγιστα
3077 1757 3327 1811 ἐντεῦθεν
3366 1756 3753 1828 ἐκαρπώσαντο
3783 1755 3948 1825 ἀγαθὰ,

2327 1844 2409 1914 [τό
2439 1863 2497 1898 τε
2529 1847 2602 1918 μὴ
2628 1847 2829 1901 ἁλῶναι
2858 1849 2914 1900 ἐν
2946 1850 3057 1910 τοῖς
3090 1848 3292 1911 αὐτοῖς,
3317 1846 3412 1900 καὶ
3440 1845 3501 1897 τὸ
3540 1848 3604 1898 ἐκ
3648 1843 3838 1897 τούτων
3864 1845 3949 1898 τῶν

2325 1935 2703 2003 γεγενημένων
2741 1935 3210 2006 σωφρονεστέρους
3254 1932 3630 2005 γεγενῆσθαι,]
3679 1934 3838 2003 πόσην
3872 1932 3949 1985 οὐκ

2326 2021 2552 2089 ὤφειλον
2582 2024 2660 2094 τῷ
2690 2024 2807 2094 θεῷ
2849 2025 3008 2095 χάριν
3042 2024 3182 2095 ὑπὲρ
3217 2023 3421 2076 τούτων
3442 2022 3744 2091 ὁμολογεῖν,
3781 2021 3853 2073 δτι
3876 2020 3949 2072 καὶ

2326 2104 2661 2182 τῇ’τιμωρίᾳ
2685 2112 2906 2164 ἐκείνων
2936 2112 3030 2165 καὶ
3054 2111 3132 2181 τῷ
3159 2111 3269 2163 δέει
3297 2110 3391 2162 τοῦ
3421 2110 3494 2181 μὴ
3528 2110 3596 2162 τὰ
3628 2109 3765 2162 αὐτὰ
3792 2107 3948 2161 παθεῖν

2328 2200 2753 2271 σωφρονέστεροι
2787 2200 3073 2268 γεγόνασιν
3129 2200 3179 2252 οί
3219 2198 3358 2267 μετά
3385 2198 3577 2263 ταῦτα,
3630 2198 3722 2250 καὶ
3744 2195 3814 2266 τῷ
3838 2195 3948 2248 ἁπά-

2328 2305 2428 2359 σης
2456 2289 2553 2359 τῆς
2594 2287 2792 2349 κακίας
2820 2286 2913 2339 καὶ
2965 2285 3229 2355 πονηρίας
3268 2285 3369 2355 τὴν
3401 2283 3583 2355 ζύμην
3620 2281 3946 2353 ἀναιρεθῆναι,

2326 2377 2421 2429 καὶ
2447 2375 2652 2446 μηδένα
2673 2372 3099 2443 καταλειφθῆναι
3125 2372 3443 2427 διδάσκαλον
3464 2371 3651 2434 αὐτοῖς
3669 2370 3765 2439 τῆς
3788 2370 3947 2431 κακίας

2328 2465 2421 2519 καὶ
2453 2465 2552 2534 τῆς
2579 2463 2841 2534 πονηρίας
2863 2480 2877 2528 ;
2914 2459 3065 2525 Εἶδες
3096 2462 3214 2524 πῶς
3230 2461 3323 2514 καὶ
3348 2461 3405 2514 αἰ
3435 2458 3688 2522 κολάσεις
3709 2457 3856 2511 αὐτοῦ
3877 2460 3949 2510 καὶ

2328 2556 2383 2606 αί
2410 2554 2668 2624 τιμωρίαι
2716 2552 3024 2624 εὐεργεσίαι
3066 2552 3267 2623 μᾶλλόν
3312 2553 3440 2613 είσι,
3472 2552 3566 2604 καὶ
3598 2551 3699 2619 τὴν
3735 2549 3947 2620 πρόνοιαν

2326 2642 2490 2695 αὑτοῦ
2533 2642 2763 2711 μάλιστα
2784 2643 2884 2710 τὴν
2920 2641 3049 2711 περὶ
3081 2642 3181 2711 τὴν
3222 2640 3331 2694 τῶν
3363 2638 3669 2710 ἀνθρώπων
3702 2640 3847 2708 φύσιν
3867 2639 3948 2690 δει-

2327 2726 2565 2789 κνύουσις
2598 2726 2706 2777 Καὶ
2728 2723 2780 2777 εῖ
2796 2742 2879 2788 τις
2901 2725 3184 2795 βουληθείη
3203 2724 3407 2778 ἀνωθεν
3431 2722 3523 2775 καὶ
3548 2723 3611 2789 ἐξ
3631 2723 3795 2794 ἀρχῆς
3812 2721 3949 2775 ταῦτα

2326 2810 2832 2882 ἀπαριθμήσασθαι,
2860 2811 3080 2882 εὑρήσει
3101 2808 3208 2861 ἀπὸ
3234 2806 3326 2859 τοῦ
3349 2805 3513 2859 αὐτοῦ
3544 2805 3748 2857 σκοποῦ
3775 2805 3949 2866 ἁπάσας

2326 2895 2424 2957 τὰς
2444 2894 2710 2965 τιμωρίας
2732 2894 3006 2961 ἐπάγοντα
3021 2904 3042 2932 ε
3069 2894 3179 2954 τοῖς
3200 2891 3232 2961 ἡ
3241 2909 3311 2961 μα
3321 2890 3594 2961 ρτηκόσιν.
3624 2890 3769 2942 Ἐπεὶ
3788 2888 3868 2941 καὶ
3883 2887 3949 2938 τὸν

2340 2978 2530 3047 Ἀδὰμ.
2567 2978 2728 3047 ἡνίκα
2758 2977 2998 3048 παρέϐη,
3036 2976 3098 3029 οὐ
3134 2975 3375 3040 κολάζων
3406 2975 3590 3045 μόνον,
3618 2974 3749 3027 ἀλλά
3774 2974 3857 3026 καὶ
3878 2973 3949 3024 εὑ-

2327 3062 2565 3129 εργετῶν
2593 3060 2812 3124 ἐξέϐαλε
2857 3059 2951 3113 τοῦ
2979 3058 3328 3129 παραδείσου.
3364 3058 3474 3111 Καὶ
3502 3058 3655 3120 ποία,
3684 3057 3850 3128 φησὶν,
3882 3054 3951 3105 εὑο

2327 3143 2550 3213 εργεσία
2592 3142 2653 3195 τὸ
2685 3144 2935 3195 ἐκπεσεῖν
2978 3142 3074 3211 τῆς
3123 3141 3181 3192 ἐν
3225 3138 3302 3209 τῷ
3342 3139 3660 3211 παραδείσῳ
3687 3137 3949 3207 διαγωγῆς

2326 3225 2418 3295 Μὴ
2445 3224 2625 3287 ἁπλῶς
2648 3228 2759 3287 τοῖς
2775 3224 3080 3292 γινομένοις
3109 3222 3361 3293 πρόσεχε,
3385 3221 3662 3290 ἀγαπητέ,
3691 3222 3815 3292 μηδὲ
3840 3236 3950 3287 παρ-

2327 3311 2503 3379 έργως
2539 3309 2607 3362 τὰ
2636 3309 2786 3379 παρά
2824 3308 2918 3361 τοῦ
2949 3306 3083 3361 Θεοῦ
3130 3306 3390 3376 γινόμενα
3423 3306 3820 3376 καταμάνθανε,
3846 3304 3951 3356 ἀλλὰ

2329 3395 2464 3464 πρὸς
2486 3393 2546 3445 τὸ
2573 3392 2734 3462 βάθος
2757 3392 3055 3445 κατόπτευε
3082 3390 3180 3461 τῆς
3212 3388 3411 3459 πολλῆς
3444 3389 3610 3443 αὑτοῦ
3642 3389 3950 3457 ἀγαθότητος,

2328 3478 2420 3530 καί¹
2442 3476 2697 3547 εὑρήσεις
2735 3476 2951 3529 ἅπαντα
3002 3473 3090 3527 διά
3134 3473 3293 3526 τοῦτο
3321 3474 3450 3543 παρ’
3503 3472 3668 3525 αὑτοῦ
3714 3472 3949 3541 γινόμενα.

2329 3560 2462 3615 Εἰπὲ
2490 3560 2598 3630 γάρ
2649 3576 2759 3631 μοι,
2815 3559 2863 3610 εί
2894 3557 2989 3611 καὶ
3018 3556 3157 3627 μετά
3201 3556 3300 3627 τὴν
3330 3554 3648 3626 παράϐασιν
3678 3556 3779 3608 τῶν
3807 3554 3952 3607 αὐτῶν

2325 3643 2639 3713 ἀπήλαυσεν
2667 3645 2695 3696 ὁ
2739 3642 2931 3711 Ἀδὰμ,
2985 3639 3089 3693 ποῦ
3121 3640 3221 3692 οὑκ
3277 3639 3342 3693 ἂν
3372 3638 3725 3710 έξεκυλίσθη;
3777 3640 3831 3691 EE
3868 3638 3952 3708 γὰρ

2330 3726 2468 3798 μετά
2499 3726 2765 3789 τοσαύτας
2800 3722 3173 3797 παραγγελίας
3192 3723 3522 3793 ἀνασχέσθαι
3549 3723 3857 3787 κατεδέξατο
3875 3722 3953 3789 1?};

2325 3810 2541 3880 ἀπάτης
2573 3810 2666 3863 τοῦ
2693 3810 2889 3879 ὕφεως,
2921 3810 3014 3861 καὶ
3038 3806 3134 3878 τήν
3156 3806 3443 3877 ἐπιϐουλήν
3474 3807 3729 3872 δέξασθαι
3759 3806 3843 3860 τοῦ
3866 3806 3953 3857 δια-

2326 3893 2504 3957 ϐόλου,
2539 3895 2603 3965 ἡν
2641 3893 2707 3945 δι’
2738 3891 2904 3946 αὐτοῦ
2952 3892 3271 3962 προσήγαγε
3304 3892 3369 3960 τῇ
3412 3890 3514 3960 τῆς
3558 3890 3785 3952 ίσοθεῖας
3812 3886 3953 3940 ἑλπίδι

2332 3978 2580 4046 φυσήσας
2607 3976 2824 4043 αὐτοὺς,
2846 3975 2939 4028 καὶ
2967 3977 3046 4038 εἰς
3071 3974 3169 4044 τὴν
3197 3972 3294 4043 τῆς
3329 3972 3696 4044 παραϐάσεως
3720 3971 3953 4042 ἁμαρτίαν

2328 4062 2599 4131 ἐμϐαλὼν,
2624 4062 2673 4113 εί
2700 4061 2791 4113 καὶ
2821 4058 2959 4129 μετά
2987 4058 3157 4111 ταῦτα
3191 4059 3283 4111 ἐπὶ
3309 4057 3409 4127 τῆς
3426 4058 3599 4127 αὐτῆς
3622 4058 3803 4127 ἔμενεν
3826 4054 3951 4118 ἀξίας

2328 4144 2422 4197 καὶ
2446 4146 2738 4212 διαγωγῆς,
2760 4144 2875 4205 πῶς
2898 4143 2999 4195 οὐκ
3025 4143 3089 4195 ἂν
3118 4141 3295 4211 πολλῷ
3329 4141 3530 4211 μᾶλλον
3555 4138 3953 4207 ἀξιοπιστότερον

2327 4230 2572 4297 ἡγήσατο
2600 4228 2690 4280 τὸν
2724 4225 2957 4297 πονηρὸν
2980 4227 3185 4279 ἐκεῖνον
3220 4225 3453 4295 δαίμονα
3484 4224 3581 4277 τοῦ
3610 4223 3717 4277 τῶν
3744 4222 3865 4275 ὅλων
3887 4221 3955 4287 δη-

2329 4310 2611 4380 μιουργοῦ,
2642 4311 2736 4363 καὶ
2766 4310 2988 4380 μείζονα
3014 4309 3116 4377 τῆς
3144 4308 3350 4371 οἰκείας
3378 4307 3537 4371 ἀξίας
3576 4306 3735 4359 πάλιν
3760 4304 3955 4372 ἐφαντά-

2327 4394 2464 4463 σθη;
2520 4394 2628 4446 Καὶ
2660 4392 2766 4462 γὰρ
2805 4392 3027 4460 τοιαύτη
3064 4390 3173 4443 τῶν
3222 4387 3527 4459 ἀνθρώπων
3570 4389 3603 4458 ἡ
3638 4386 3825 4457 φύσις*
3851 4384 3953 4435 ὅταν

2324 4478 2718 4548 ἁμαρτάνουσα
2750 4475 2825 4545 μὴ
2857 4472 3294 4544 ἀναχαιτίζηται,
3345 4470 3457 4524 ἀλλ’
3493 4469 3678 4533 ἀδείας
3710 4464 3951 4525 ἀπολαύει,

2328 4562 2633 4632 περαιτέρω
2662 4560 2926 4631 προϊοῦσα
2956 4558 3095 4610 κατά
3122 4554 3384 4626 κρημνῶν
3411 4554 3650 4607 ἄπεισιν.
3697 4551 3883 4611 Ἀλλως

2326 4630 2421 4699 καί
2449 4630 2711 4715 ἑτέρωθεν
2751 4642 2858 4712 ἔχω
2902 4640 3094 4706 δεῖξαι,
3122 4641 3203 4692 ὃτι
3227 4637 3641 4708 φιλανθρωπίαν
3670 4635 3763 4705 τήν
3790 4630 3949 4686 ἐαυτοῦ

2325 4726 2766 4797 ἐπιδεικνύμενος
2796 4725 2892 4778 καὶ
2911 4724 3147 4791 ἐξελθεῖν
3168 4723 3331 4776 αὐτὸν
3354 4722 3448 4775 τοῦ
3470 4720 3793 4792 παραδείσου
3816 4730 3947 4786 προσ·

2326 4810 2502 4875 έταξε,
2547 4812 2640 4864 καὶ
2680 4809 2758 4880 τῷ
2808 4808 2902 4861 τοῦ
2950 4809 3180 4861 θανάτου
3225 4805 3485 4875 ἐπιτιμίῳ
3525 4802 3813 4857 ὑπεύθυνον
3840 4813 3946 4850 κατ-

2327 4896 2543 4967 έστησε,
2566 4898 2629 4963 τῇ
2663 4894 2762 4963 μὲν
2799 4892 3017 4961 ἐκϐολῇ,
3045 4892 3138 4944 καὶ
3179 4890 3257 4960 τῷ
3301 4890 3524 4958 πλησίον
3554 4888 3846 4942 κατοικίσαι
3874 4898 3949 4932 σω-

2327 4978 2683 5048 φρονέστερον
2711 4975 3076 5047 ἐργαζόμενος
3098 4974 3190 5027 καὶ
3216 4976 3295 5036 εἰς
3328 4972 3390 5025 τὸ
3418 4972 3543 5041 ἐξῆς
3570 4968 3945 5048 ἀσφαλέστερον.

2326 5046 2420 5112 καὶ
2447 5058 2533 5111 διὰ
2582 5057 2691 5110 τῶν
2718 5046 2897 5127 ἐέργων
2924 5055 3087 5109 αὑτὸν
3126 5055 3392 5109 διδάσκων
3422 5053 3514 5105 τοῦ
3552 5050 3848 5131 ἀπατεῶνος
3874 5046 3947 5131 τὴν

2325 5136 2637 5207 ἐπιϐουλήν.
2666 5137 2739 5189 Τὸ
2758 5137 2814 5189 δὲ
2837 5135 2931 5188 τοῦ
2971 5136 3204 5188 θανάτου
3236 5134 3508 5203 ἐπιτίμιον
3532 5130 3695 5213 πάλιν,
3717 5127 3796 5213 διὰ
3824 5127 3947 5213 τοῦτο

2325 5219 2624 5287 ἐπήγαγεν,
2657 5217 2743 5269 ἵνα
2777 5215 2852 5286 μὴ
2876 5214 3063 5269 λοιπὸν
3094 5214 3181 5268 διὰ
3205 5214 3303 5283 τῆς
3336 5208 3948 5294 παρακοῆςτῇλάμιξρτξὲ

2326 5298 2624 5360 ὑπεύθυνος
2678 5295 2915 5364 γεγονὼς
2957 5295 3203 5349 ἀθάνατα
3248 5293 3560 5365 ἁμαρτάνῃ.
3599 5291 3687 5370 7οὐ
3725 5288 3947 5370 δοκεῖοῡν

2327 5396 2408 5431 σοι
2436 5377 2608 5429 ταῦτα
2640 5377 2815 5430 πάντα
2839 5376 2935 5445 1?};
2969 5376 3231 5445 μεγίστης
3258 5372 3395 5427 εἶναι
3426 5366 3837 5445 φιλανθρωπίας,
3874 5366 3948 5445 Xa:-

2323 5456 2384 5508 τδ
2410 5456 2659 5509 ἐκϐαλεῖν
2698 5454 2793 5507 τοῦ
2844 5442 3198 5525 παραδείσου,
3241 5452 3335 5505 καὶ
3374 5450 3434 5503 τὸ
3476 5442 3946 5525 τιμωρήσασθαξιτῴ

2324 5534 2418 5588 τοῦ
2441 5535 2671 5588 θανάτου
2689 5520 2950 5603 ἐπιτιμίῲ
2970 5549 2984 5597 ;
3010 5534 3160 5601 Ἕχω
3180 5532 3236 5584 δὲ
3262 5531 3355 5584 καὶ
3375 5530 3560 5599 ἔτερόν
3586 5544 3635 5579 τι
3656 5520 3944 5603 προσθεῖναι-

2328 5614 2481 5687 [245]
2515 5618 2673 5668 Ποῖον
2700 5615 2763 5686 δὴ
2793 5592 2950 5667 τοῦτο
3014 5592 3135 5665 ’Ότι
3167 5613 3261 5664 καὶ⁹
3281 5592 3480 5680 ταύτην
3509 5603 3654 5674 αὑτῷ
3680 5592 3769 5671 τὴν
3784 5592 3947 5687 ἀξγανάζ

2329 5686 2521 5765 κτησίιν
2564 5696 2874 5765 ἐπήγαγεν,
2928 5694 3027 5745 οὐκ
3054 5694 3134 5755 εἰς
3180 5691 3341 5742 αὐτὸν
3391 5688 3860 5766 μόνονᾉπεριιστων

2332 5757 2430 5847 τῆξ
2456 5757 2794 5843 εὐεργεσίας,
2818 5772 2954 5826 ἀλλὰ,
2989 5772 3084 5825 και
3116 5771 3241 5832 τοὺς
3266 5757 3401 5847 agi}:
3423 5764 3732 5847 βουλόμεχφς
3758 5757 3833 5847 ᾂιά
3856 5763 3944 5847 79f:

2332 5827 2645 5922 είςῐέκεῖνόν
2695 5827 3077 5923 γεγενημένων
3124 5827 3593 5918 σωφρονίσασθαιί
3637 5841 3697 5893 Εἰ
3728 5834 3842 5907 γὰρ.
3869 5827 3943 5879 καὶ

2402 5983 2421 6010 τ
2450 5977 2599 6031 Sail.
2626 5979 2675 6029 in
2699 5983 2839 6027 textu
2864 5982 2914 6025 el
2943 5972 3138 6037 quidam
3164 5984 3275 6021 mss.
3313 5969 3575 6031 ἐπάγοντος.
