4062 6396
106 370 204 426 ἱὶθ

106 491 306 537 mortes
343 477 688 548 quotidianas
731 474 1001 530 dicentem
1047 486 1061 522 :
1114 468 1235 523 Non
1274 477 1391 523 sunt
1441 467 1706 536 condignis

111 566 370 635 passiones
404 566 669 636 pra'sentis
695 562 932 631 temporis
960 559 1028 611 ad
1053 559 1275 627 futuram
1296 555 1510 628 gloriam
1536 556 1588 608 in
1617 570 1709 607 no-

111 660 177 715 bis
194 658 525 712 rmlandam
550 655 796 722 (Rom.8.
825 649 941 720 18).
964 648 1185 705 Etiamsi
1209 645 1448 717 quotidie
1473 685 1488 709 ,
1517 645 1705 713 inquit,

113 749 268 803 morti
316 761 424 801 nos
462 758 879 815 exponeremus,
912 740 965 796 id
987 740 1128 810 quod
1170 749 1355 791 natura
1384 752 1490 790 non
1525 736 1704 803 capit,

115 840 231 895 licet
252 852 414 891 mens
438 836 662 890 vincens
692 844 959 897 naturam,
980 846 1073 901 per
1094 829 1471 899 benignitatem
1499 824 1707 880 Domini

111 936 396 983 coronetur
415 967 431 992 ,
462 926 619 991 nihil,
644 925 834 995 inquit,
855 922 1117 977 ferremus
1144 935 1237 989 par
1259 920 1444 981 tantis,
1464 933 1581 987 quae
1611 931 1709 971 nos

115 1028 425 1088 accepturos
454 1032 759 1087 speramus,
782 1015 958 1081 bonis,
975 1014 1266 1082 gloriaeque
1293 1011 1345 1065 in
1368 1011 1520 1064 nobis
1551 1024 1709 1064 reve-

117 1110 296 1163 iand.-e.
326 1108 466 1163 Vide
490 1117 689 1179 quanta
716 1107 901 1178 gloria:
929 1103 1294 1174 magnitudine
1324 1100 1567 1155 fruantur
1596 1101 1704 1155 vir-

120 1202 233 1257 tutis
258 1201 510 1266 asseclz‘e,
525 1201 598 1253 ita
624 1209 682 1252 ut
707 1200 795 1252 illa
816 1197 984 1267 gloria
1005 1203 1220 1263 superet
1242 1193 1421 1245 omnia
1440 1206 1711 1261 quaecum-

118 1310 209 1363 que
235 1294 502 1349 exhibere
530 1293 650 1361 quis
680 1290 873 1360 poterit
917 1304 932 1340 :
980 1286 1190 1341 etiamsi
1216 1284 1358 1339 cnim
1397 1283 1463 1338 ad
1493 1284 1706 1338 culmen

122 1386 361 1455 attingat,
385 1394 518 1438 tunc
538 1398 751 1452 quoque
781 1378 1004 1434 inferior
1030 1378 1152 1432 erit.
1178 1376 1316 1445 Quid
1344 1376 1483 1430 enim
1508 1384 1707 1428 tantum

118 1479 365 1533 exhibere
392 1486 571 1546 potest
600 1477 763 1528 homo
782 1516 797 1538 ,
821 1472 960 1544 quod
991 1479 1160 1527 certet
1185 1486 1307 1524 cum
1338 1470 1544 1523 Domini
1571 1470 1708 1524 libe-

120 1572 366 1626 ralitate?
403 1571 557 1637 Quod
590 1570 632 1622 si
664 1569 859 1622 Paulus
891 1567 1014 1619 talis
1040 1575 1091 1619 el
1122 1572 1297 1617 tantus
1322 1563 1529 1616 diccbat
1549 1606 1563 1627 ,
1593 1562 1709 1615 Non

116 1668 221 1707 sunt
241 1655 381 1709 cond
388 1657 524 1725 ignee
534 1654 809 1722 passiones
827 1652 985 1720 hujus
1001 1652 1245 1719 temporis
1265 1649 1334 1703 ad
1347 1650 1579 1719 futuram
1593 1653 1698 1723 glo-

119 1750 240 1799 riam
260 1762 386 1815 qua!
410 1745 730 1800 revelabitur
746 1744 800 1797 in
820 1743 968 1797 nobis
987 1741 1342 1812 (Rom.8.I8),
1362 1740 1453 1810 qui
1473 1740 1607 1793 alias
1625 1748 1700 1791 di-

116 1842 198 1903 cit,
222 1839 477 1903 Quotidie
505 1837 706 1892 morior
734 1836 808 1904 (I.
835 1834 962 1892 Cor.
995 1835 1080 1890 I5.
1109 1835 1237 1905 5|);
1265 1841 1318 1888 et
1334 1846 1550 1894 rursus,
1577 1829 1708 1882 Plus

121 1931 354 1985 omnibus
382 1929 623 1984 laboravi
643 1928 873 1998 (Ibid.v.
904 1926 1024 1996 IU):
1048 1923 1179 1996 quid
1204 1940 1305 1979 nos
1321 1924 1587 1983 dicemus,
1613 1919 1709 1989 qui

122 2038 290 2093 neque
320 2022 602 2093 vulgarem
633 2020 873 2075 laborem
896 2034 995 2090 pro
1028 2021 1228 2072 virtute
1249 2015 1528 2084 suscipere
1557 2014 1711 2068 volu-

126 2132 260 2175 mus,
278 2114 377 2170 sed
403 2114 692 2169 remissam
716 2114 882 2166 vitam
911 2118 1208 2174 sei-tamur,
1229 2119 1283 2163 et
1308 2108 1411 2164 hoc
1428 2121 1595 2162 unum
1619 2121 1711 2161 ca-

126 2224 332 2273 vemus,
354 2223 423 2261 ne
445 2207 576 2277 quid
599 2206 755 2261 triste
777 2203 934 2258 nobis
955 2200 1452 2272 accidat,quamvis
1468 2198 1710 2254 sciamus

121 2319 220 2357 non
252 2318 385 2356 esse
410 2300 672 2370 possibile
701 2299 858 2353 aliter
882 2298 1099 2365 assequi
1128 2294 1516 2351 beatitudinem
1545 2294 1710 2348 cccle-

122 2407 275 2459 slem,
318 2395 431 2451 nisi
468 2409 565 2464 per
604 2400 906 2464 praesentes
941 2390 1263 2445 aﬂlictioncs
1293 2389 1358 2442 ad
1388 2403 1509 2442 eam
1552 2386 1707 2456 prius

122 2485 829 2543 anhelemus?AIIIicliones
860 2484 1004 2539 enim
1031 2482 1081 2537 id
1105 2482 1263 2537 nobis
1296 2481 1614 2542 conciliant,
1645 2489 1709 2535 ut

120 2582 223 2635 Deo
260 2583 407 2652 grati
458 2581 665 2645 simus;
696 2587 751 2634 et
784 2578 871 2632 hic
907 2578 992 2633 vel
1032 2592 1224 2648 parum
1277 2575 1546 2639 laborare,
1595 2574 1708 2629 illic

125 2674 274 2729 nobis
303 2687 565 2744 magnam
594 2671 847 2727 fiduciam
879 2671 1105 2741 praebet,
1141 2669 1439 2725 dummodo
1474 2668 1708 2725 velimus

121 2766 421 2821 secundum
448 2764 740 2819 consilium
775 2762 923 2817 illius
945 2762 1193 2832 magistri
1223 2761 1375 2815 orbis
1405 2758 1705 2815 ambulare.

125 2860 447 2918 Considera,
483 2858 702 2915 dilecte.
738 2857 865 2910 licet
896 2856 1073 2909 tristia
1110 2856 1221 2911 sint
1255 2870 1375 2923 quin
1426 2853 1705 2922 accidunt,

122 2968 235 3007 esse
266 2959 458 3005 tamen
484 2958 834 3020 temporanea
860 2965 875 3002 :
903 2949 1043 3000 bona
1078 2960 1206 3001 vero
1228 2961 1350 3016 quae
1376 2945 1487 2999 illic
1514 2961 1704 3002 susce-

119 3045 254 3113 plllrI
286 3058 509 3108 sumus,
545 3039 876 3094 immortalia
903 3054 1027 3094 esse
1055 3045 1108 3093 et
1140 3046 1363 3092 aeterna.
1395 3036 1527 3104 Qum
1565 3040 1704 3091 enim

120 3136 381 3201 ridentur,
406 3134 607 3203 inquit,
631 3132 945 3201 temporalia
979 3140 1101 3185 sunt
1122 3147 1138 3185 :
1161 3147 1277 3202 qua:
1301 3141 1478 3185 autem
1504 3147 1605 3185 non
1630 3132 1705 3185 vi-

118 3230 327 3289 dentur,
347 3233 552 3278 retenta
584 3222 659 3293 (ἳ.
689 3220 817 3277 Cor.
840 3222 894 3276 4.
920 3220 1006 3289 18)
1046 3218 1307 3276 Feramus
1332 3234 1463 3290 ergo
1492 3218 1705 3275 fortiter

120 3315 616 3385 Inec‘temporalia,
656 3329 835 3384 neque
866 3312 1201 3368 desistamus
1232 3327 1262 3367 a
1292 3313 1555 3368 virtutum
1587 3321 1705 3369 stu-

118 3410 238 3471 diis,
254 3416 314 3461 ut
335 3406 565 3462 aeternis
583 3413 636 3459 et
651 3420 868 3474 semper
890 3403 1408 3460 manentibusbonis
1423 3404 1703 3463 fruamur:

117 3518 230 3569 qua:
253 3501 417 3554 nobis
445 3499 703 3554 omnibus
732 3498 1104 3553 concedantur
1124 3497 1295 3568 gratia
1318 3504 1373 3551 et
1394 3498 1705 3553 misericor-

124 3592 206 3644 dia
226 3590 451 3646 Domini
473 3589 645 3645 nostri
666 3588 793 3645 Jesu
822 3589 1050 3653 Christi,
1077 3603 1201 3642 cum
1223 3602 1332 3657 quo
1355 3588 1521 3652 I’atri,
1544 3588 1706 3643 simul

116 3692 165 3735 et
188 3680 423 3749 Spiritui
456 3688 649 3736 sancto
677 3683 749 3736 sit
777 3681 975 3751 gloria,
999 3679 1309 3750 imperium,
1343 3680 1537 3746 honor,
1562 3695 1707 3735 nunc

117 3787 167 3830 et
197 3789 443 3844 semper,
478 3781 533 3827 et
559 3772 614 3828 in
644 3774 841 3828 sarcula
874 3771 1218 3828 saeculorum.
1245 3772 1438 3826 Amen.

667 3863 945 3917 IIOMILIA
986 3862 1175 3918 XXVI.

129 3973 192 4027 Et
218 3973 516 4027 recordatus
540 3983 613 4027 est
643 3972 779 4028 Deus
808 3973 922 4027 Noe
943 4015 958 4039 ,
1003 3984 1052 4027 et
1094 3974 1317 4028 omnium
1345 3974 1635 4041 bestiarum,
1667 3987 1714 4029 et

193 4066 424 4122 omnium
455 4066 822 4133 jumentorum,
863 4073 908 4117 et
945 4065 1168 4117 omnium
1195 4064 1492 4133 volatilium,
1519 4076 1567 4120 et
1607 4084 1715 4121 om.

194 4154 338 4205 nium
358 4153 639 4221 reptilium,
665 4168 987 4222 quiscumque
1005 4163 1274 4206 erantcum
1293 4153 1383 4207 illo
1408 4158 1459 4207 in
1485 4171 1625 4208 arca.
1648 4156 1714 4209 Et

195 4244 411 4296 adduxit
438 4241 577 4296 Deus
600 4244 836 4311 spiritum
864 4259 1018 4313 super
1043 4253 1245 4308 terram,
1276 4254 1320 4297 et
1358 4246 1563 4300 cessauit
1582 4262 1715 4317 aqua

201 4334 358 4406 (Gen.
380 4336 435 4391 8.
471 4336 547 4407 ι).

200 4448 251 4501 1.
290 4446 481 4516 Magna
502 4455 556 4501 et
581 4444 863 4500 inelfabilis
882 4444 975 4500 Dei
996 4445 1315 4515 benignitas,
1336 4445 1716 4515 excellensque

129 4540 241 4606 ejus
265 4538 481 4593 bonitas
500 4555 563 4591 ex
584 4538 693 4604 jam
719 4537 867 4590 lectis
892 4537 1377 4605 ostendilur,quam
1409 4553 1515 4590 non
1542 4537 1715 4591 solum

130 4646 249 4700 erga
299 4629 562 4683 rationale
610 4631 712 4681 hoc
764 4627 996 4693 animal,
1027 4626 1294 4681 hominem
1333 4627 1490 4692 dico,
1522 4627 1616 4681 sed
1663 4638 1719 4682 et

130 4738 251 4791 erga
280 4722 564 4775 brutorum
614 4721 921 4773 animalium
957 4732 1197 4773 naturam
1242 4719 1547 4773 declaravit.
1584 4719 1715 4773 Nam

130 4822 248 4859 eum
271 4806 514 4857 oninium
542 4806 613 4857 sit
639 4804 916 4867 Conditor,
935 4820 1058 4873 erga
1089 4804 1288 4869 omnia,
1312 4820 1430 4872 qua:
1450 4819 1478 4856 a
1508 4820 1567 4858 se
1594 4815 1719 4859 sunt

131 4895 369 4959 condita,
403 4909 554 4947 suam
582 4894 815 4947 ostendit
857 4894 1147 4947 bonitatem
1183 4911 1195 4946 :
1226 4908 1321 4962 per
1345 4894 1523 4947 omnia
1563 4896 1718 4950 nobis

130 5000 313 5040 notum
347 4986 567 5046 faciens,
591 4995 841 5055 quantam
868 4985 1083 5039 humani
1107 4987 1318 5051 generis
1341 5001 1523 5040 curam
1545 4997 1715 5056 gerat,

126 5092 188 5129 ac
213 5092 272 5131 se
292 5076 475 5129 omnia
503 5075 629 5129 olim
657 5084 709 5129 et
736 5075 804 5128 ab
825 5075 972 5128 initio
996 5083 1209 5144 propter
1228 5076 1452 5130 salutem
1480 5086 1716 5131 nostram

129 5166 531 5235 fecisse.|taque
553 5166 654 5220 etsi
676 5167 880 5236 puniat,
900 5166 1001 5220 etsi
1027 5167 1079 5218 in
1108 5180 1204 5219 nos
1231 5166 1633 5232 animadvertat,
1652 5183 1716 5221 ex

125 5258 314 5312 eadem
344 5258 582 5311 bonitate
602 5272 696 5311 sua
718 5258 830 5311 hate
851 5267 905 5309 et
922 5257 1005 5309 illa
1028 5255 1170 5309 facit.
1189 5254 1302 5309 Non
1318 5256 1460 5311 enim
1480 5257 1561 5310 vel
1592 5257 1722 5312 affe-

125 5351 305 5405 ctione
336 5347 421 5402 vel
448 5348 524 5401 ira
547 5362 760 5417 pinnam
788 5348 946 5401 infert
977 5346 1106 5401 :scd
1125 5348 1378 5401 malitiam
1408 5348 1721 5404 exscindere

127 5442 257 5506 vult,
286 5455 358 5493 ne
377 5439 511 5493 ultra
534 5439 918 5509 progrediatur.
935 5438 1064 5515 Quia
1089 5448 1140 5491 et
1163 5454 1321 5503 nunc,
1339 5438 1475 5492 sicut
1502 5440 1716 5503 auditis,

127 5531 388 5585 diluvium
417 5529 487 5583 ob
516 5530 650 5583 nihil
674 5528 817 5583 aliud
834 5529 1233 5596 induxit,quam
1254 5538 1309 5581 ut
1328 5544 1509 5583 curam
1539 5539 1721 5599 ageret

128 5638 313 5677 eorum
332 5621 425 5691 qui
452 5621 713 5690 iniquitati
743 5636 802 5676 se
827 5620 1160 5675 dediderant.
1188 5621 1253 5673 Et
1278 5621 1467 5688 qualis,
1494 5620 1719 5690 inquies,

127 5728 253 5765 cura
276 5711 417 5773 haec,
444 5726 635 5766 omnes
657 5726 790 5781 aqua
828 5710 1115 5765 suffocari?
1137 5710 1211 5764 Ne
1236 5719 1436 5764 temere
1466 5710 1720 5779 loquaris,

131 5802 312 5871 homo,
350 5802 447 5859 sed
476 5812 629 5874 grato
658 5805 839 5859 animo
863 5804 1045 5875 accipe
1069 5818 1130 5858 ea
1152 5818 1270 5873 qua:
1290 5818 1321 5857 a
1347 5802 1573 5858 Domino
1598 5811 1721 5859 sunt

1174 357 1238 413 IN
1265 355 1417 411 CAP.
1458 357 1593 415 VIII.
1626 361 1866 421 GENES.
1908 360 2138 418 ΠΟΜΙΙι.
2179 356 2374 416 XXVI.

3298 344 3404 401 250

1824 464 1978 527 facta,
2000 474 2054 516 et
2080 464 2216 518 scies
2238 462 2340 517 hoc
2361 461 2521 517 etiam
2550 473 2669 514 esse
2696 457 2939 513 maximae
2962 472 3104 512 cura:
3130 473 3403 528 argumen-

1818 564 1952 610 tum.
1981 554 2113 610 Nain
2144 570 2238 608 eos
2263 555 2354 623 qui
2385 554 2462 608 sic
2501 552 2869 607 incurabiliter
2900 560 3160 621 peccant,
3188 560 3242 605 et
3266 567 3401 620 quo-

1817 647 1946 701 tidie
1974 647 2193 699 vulnera
2223 646 2323 699 sibi
2354 646 2634 714 inﬂigunt,
2666 651 2722 697 et
2760 644 2943 698 ulcera
2967 643 3065 697 sibi
3095 642 3242 697 omni
3274 659 3405 697 cura

1815 739 2089 807 superiora
2120 738 2389 801 inferunt,
2417 752 2483 789 ex
2516 745 2665 789 tanto
2708 735 2850 788 malo
2900 734 3153 789 liberasse
3174 774 3190 799 ,
3226 750 3405 789 nonne

1815 846 2039 886 summa:
2082 838 2197 883 erat
2236 827 2572 898 prudentiae?
2604 826 2667 879 Iit
2706 826 2821 894 ipse
2867 824 3120 894 puniendi
3168 824 3362 879 modus
3386 865 3406 892 ,

1816 936 1996 975 nonne
2036 920 2181 974 omni
2236 919 2561 988 benignitate
2605 918 2793 987 plenus
2818 916 2943 971 est?
2986 916 3092 970 Eos
3140 916 3283 971 enim
3314 917 3406 988 qui

1816 1012 2053 1082 alioquin
2104 1021 2307 1065 natnne
2355 1012 2590 1065 debitum
2642 1010 2867 1064 soluturi
2908 1020 3081 1076 erant,
3110 1010 3188 1065 sic
3231 1024 3406 1079 pinnis

1818 1104 1939 1158 loco
1964 1104 2127 1157 vitam
2168 1103 2439 1172 deponere
2464 1142 2480 1167 ,
2512 1111 2570 1155 ut
2600 1118 2666 1155 ne
2704 1117 2919 1157 sensum
2961 1102 3174 1172 quidem
3218 1103 3405 1157 mortis

1820 1195 2117 1261 haberent,
2170 1194 2264 1250 sed
2307 1195 2507 1263 absque
2549 1193 2749 1247 doloris
2787 1194 3024 1247 cruciatu
3075 1194 3403 1264 supplicium

1815 1286 2074 1359 subirent,
2102 1295 2314 1355 quanta:
2354 1300 2462 1339 non
2504 1284 2661 1339 fuerit
2692 1284 2968 1354 sapientiae
2997 1294 3052 1340 et
3095 1285 3401 1341 bonitatis?

1814 1377 1952 1445 Quin
1978 1378 2023 1431 si
2049 1378 2170 1447 quis
2199 1377 2380 1430 animo
2412 1375 2503 1446 pio
2532 1375 2799 1445 expendat
2824 1375 3019 1429 factum
3042 1415 3056 1439 ,
3082 1390 3188 1428 non
3224 1376 3398 1430 solum

1816 1483 2007 1538 nempe
2036 1469 2102 1523 iis
2130 1468 2219 1537 qui
2260 1467 2428 1537 puniti
2458 1475 2582 1521 sunt
2608 1467 2861 1521 beneficia
2889 1481 3009 1521 esse
3037 1467 3264 1533 collata,
3301 1466 3397 1523 sed

1815 1570 1870 1615 et
1911 1561 2161 1630 posteris,
2184 1561 2273 1631 qui
2318 1559 2425 1614 duo
2471 1560 2707 1613 maxima
2752 1558 2877 1614 inde
2919 1570 3270 1630 perceperunt
3306 1559 3402 1614 bo-

1816 1666 1882 1706 na
1903 1694 1917 1715 ,
1953 1651 2027 1723 (a)
2071 1650 2203 1723 {tum
2233 1650 2375 1722 quod
2404 1652 2591 1706 iisdem
2620 1652 2671 1706 in
2701 1652 2853 1705 malis
2882 1667 2988 1705 non
3020 1653 3128 1707 sint
3152 1652 3398 1720 involuti,

1816 1751 1927 1795 tum
1957 1742 2100 1813 quod
2129 1759 2195 1796 ex
2224 1741 2522 1811 hujusmodi
2553 1742 2701 1797 factis
2740 1743 3007 1797 cautiores
3046 1751 3101 1797 et
3138 1753 3401 1813 tempera-

1818 1837 1978 1891 tiores
2005 1836 2304 1909 evaserint]
2350 1846 2599 1909 quantam
2648 1839 2937 1907 gratiarum
2987 1839 3248 1894 actionem
3304 1855 3401 1909 pro

1814 1926 1921 1981 illis
1950 1928 2064 1984 Deo
2092 1943 2199 1983 non
2224 1927 2495 1984 debeant?
2518 1930 2724 1984 Etenim
2754 1929 2951 1999 posteri
2980 1945 3135 1999 ptena
3162 1931 3398 1999 illorum,

1814 2026 1870 2072 et
1900 2028 2063 2082 metu,
2098 2034 2163 2072 ne
2184 2017 2370 2073 eadem
2394 2034 2515 2088 quin
2544 2018 2619 2072 illi
2645 2028 2973 2088 paterentur,
2999 2020 3248 2077 meliores
3277 2021 3397 2077 facti

1814 2120 1964 2164 sunt:
1989 2126 2050 2164 ac
2076 2120 2330 2180 prasterea
2352 2126 2512 2165 omne
2537 2111 2750 2165 malitia:
2771 2109 3088 2167 fermentum
3109 2112 3394 2180 sublatum,

1817 2214 1871 2257 et
1900 2204 2077 2257 nullus
2099 2204 2319 2258 relictus
2346 2203 2442 2257 fuit
2471 2203 2549 2257 eis
2582 2203 2798 2258 malitia:
2836 2214 2889 2259 et
2921 2204 3208 2272 iniquitatis
3234 2205 3398 2276 magi-

1816 2303 1945 2349 ster.
1976 2295 2134 2350 Vides
2160 2294 2429 2365 quomodo
2458 2303 2513 2350 et
2542 2310 2715 2364 pinnae
2760 2304 2809 2350 et
2852 2296 3108 2366 supplicia
3140 2296 3397 2352 benelicia

1815 2386 1957 2451 sint,
1981 2397 2035 2440 et
2064 2386 2157 2441 Dei
2185 2401 2308 2455 erga
2338 2385 2605 2440 hominem
2650 2385 3037 2455 providentiam
3082 2387 3399 2443 declarent?

1816 2476 1883 2531 Et
1910 2476 1953 2530 si
1976 2478 2095 2546 quis
2125 2477 2259 2531 velit
2286 2477 2402 2531 hinc
2426 2492 2455 2528 a
2488 2477 2672 2545 primis
2698 2477 2841 2532 etab
2868 2479 3018 2533 initio
3045 2494 3360 2536 enumerare
3378 2522 3396 2547 ,

1815 2568 2050 2622 inveniet
2075 2581 2263 2622 omnes
2305 2582 2489 2636 poenas
2516 2567 2617 2622 bac
2647 2567 2715 2623 de
2741 2582 2897 2623 causa
2929 2571 3293 2638 peccatoribus
3318 2573 3396 2625 in-

1815 2667 2066 2713 tentatas.
2092 2657 2224 2712 Nam
2257 2666 2311 2713 et
2336 2657 2502 2712 Adam
2536 2668 2839 2726 peccantem
2869 2675 2977 2713 non
3022 2660 3247 2728 puniens
3276 2670 3395 2714 tan-

1817 2757 1955 2816 tum,
1987 2748 2082 2803 sed
2111 2757 2166 2804 et
2191 2748 2452 2804 beneficio
2487 2764 2812 2819 prosequens
2840 2751 3087 2819 paradiso
3106 2752 3279 2823 ejecit.
3330 2753 3398 2808 Et

1815 2842 1973 2913 quale
1999 2841 2134 2896 dicis
2159 2841 2496 2918 beneficium,
2528 2842 2688 2895 etiam
2718 2840 2945 2911 paradisi
2973 2843 3077 2895 vita
3099 2842 3397 2898 excidisse?

1815 2931 1894 2988 Ne
1921 2932 2234 3001 simpliciter
2260 2930 2507 2986 attendas
2535 2930 2601 2985 ad
2627 2946 2688 2986 ea
2712 2947 2830 3001 quae
2854 2940 3111 3001 geruntur
3130 2975 3147 2999 ,
3183 2933 3395 3000 dilecte,

1816 3038 1990 3092 neque
2018 3023 2192 3077 obiter
2216 3038 2335 3092 qua:
2364 3037 2393 3074 a
2427 3022 2538 3077 Deo
2580 3022 2711 3075 ﬁunt
2736 3022 3014 3078 addiscas:
3047 3024 3141 3079 sed
3178 3024 3395 3094 profun-

1815 3114 1942 3169 dum
1974 3114 2115 3169 illius
2140 3114 2395 3169 bonitatis
2423 3114 2648 3180 intuere,
2670 3122 2723 3168 et
2752 3115 2988 3171 invenies
3013 3116 3187 3169 omnia
3208 3116 3396 3172 eadem

1816 3206 1885 3262 de
1915 3221 2074 3261 causa
2097 3205 2166 3260 ab
2192 3207 2310 3277 ipso
2331 3206 2468 3261 fieri.
2496 3206 2589 3261 Dic
2615 3205 2755 3261 enim
2779 3205 2931 3272 mihi,
2953 3207 2998 3262 si
3022 3207 3212 3274 Adam,
3245 3219 3395 3278 post-

1816 3315 1972 3369 quam
2001 3299 2080 3354 sic
2104 3307 2467 3370 transgressus
2487 3307 2603 3362 est,
2636 3298 2825 3354 iisdem
2855 3299 3032 3355 adhuc
3061 3299 3162 3354 frui
3192 3302 3397 3371 potuis-

1815 3399 2064 3460 set,quo
2110 3405 2221 3445 non
2273 3390 2758 3446 excidisset?Nam
2811 3391 2855 3445 si
2912 3392 3072 3447 tantis
3123 3393 3398 3461 promissis

1821 3482 2079 3550 acceptis,
2113 3491 2414 3551 serpentem
2460 3480 2797 3551 deccptorem
2843 3482 3064 3546 audivit,
3090 3492 3143 3536 et
3182 3483 3396 3537 insidias

1813 3572 2050 3638 admisit,
2077 3586 2209 3641 quas
2235 3586 2331 3640 per
2355 3586 2476 3625 eum
2506 3571 2747 3625 diabolus
2792 3570 2999 3636 intulit,
3034 3586 3129 3641 Spe
3154 3572 3397 3628 videlicet

1817 3660 2128 3715 obtinenda:
2170 3660 2490 3729 :equalitatis
2534 3676 2653 3714 cum
2706 3661 2814 3714 Deo
2865 3660 3088 3723 inﬂans.
3122 3670 3280 3731 atque
3342 3663 3394 3715 in

1817 3751 2267 3821 pra-varicationis
2295 3760 2570 3820 peccatum
2598 3751 2742 3804 illum
2766 3750 3028 3819 injiciens,
3059 3750 3101 3804 si
3131 3751 3181 3804 in
3209 3751 3394 3805 eadem

1818 3846 2075 3915 dignitate
2096 3859 2159 3899 ac
2206 3845 2329 3898 vita:
2372 3844 2579 3897 ratione
2619 3844 2936 3909 mansisset,
2974 3843 3242 3913 quomodo
3289 3858 3397 3899 non

1818 3937 1987 3990 multo
2018 3935 2121 3990 fide
2146 3934 2438 4004 digniorem
2464 3944 2695 4003 putasset
2718 3936 3000 4004 mahgnum
3034 3936 3177 3988 illum
3196 3934 3398 3989 daemo-

1818 4043 1973 4091 nem,
2006 4042 2164 4096 quam
2217 4042 2395 4080 rerum
2442 4026 2678 4080 omnium
2725 4025 3097 4088 Conditorem,
3124 4025 3297 4094 deque
3338 4042 3398 4081 se

1818 4117 2154 4180 sublimiora,
2181 4132 2343 4186 quam
2371 4116 2598 4187 dignitas
2628 4131 2719 4171 sua
2753 4116 2979 4182 ferebat,
3000 4118 3178 4171 animo
3199 4131 3397 4172 concc-

1819 4207 2027 4277 pisset?
2078 4207 2291 4261 Etenim
2337 4206 2458 4260 talis
2512 4207 2783 4260 hominum
2840 4216 3027 4261 natura
3082 4217 3195 4272 est,
3248 4217 3304 4261 ut
3350 4208 3397 4262 si

1819 4298 2031 4368 quando
2075 4313 2303 4367 peccans
2355 4313 2461 4351 non
2509 4298 2839 4362 refrenatur,
2882 4299 2976 4353 sed
3024 4282 3210 4354 secure
3253 4301 3393 4370 agit,

1819 4389 2043 4444 ulterius
2067 4388 2363 4458 procedens
2384 4388 2434 4441 in
2459 4403 2692 4457 praeceps
2716 4388 2933 4443 feratur.
2967 4389 3081 4443 Alia
3109 4398 3284 4444 tamen
3314 4393 3396 4444 via

1822 4493 2038 4547 possum
2064 4478 2347 4533 ostendere
2366 4518 2380 4542 ,
2403 4478 2541 4547 quod
2571 4479 2907 4533 clementiam
2939 4496 3045 4547 pra:
3080 4495 3138 4534 se
3182 4480 3355 4536 ferens
3380 4523 3396 4547 ,

1822 4570 2082 4623 Adamum
2107 4569 2349 4638 paradiso
2371 4570 2590 4637 jusserit
2614 4570 2896 4637 excedere,
2928 4580 2983 4624 ct
3008 4572 3192 4625 mortis
3226 4588 3397 4641 preme

1823 4661 2011 4716 fecerit
2035 4661 2327 4715 obnoxium
2353 4678 2367 4714 :
2393 4677 2512 4714 nam
2543 4662 2804 4730 ejectione
2831 4670 2887 4716 et
2926 4665 3215 4734 propinqua
3248 4665 3400 4719 habi-

1824 4750 2023 4805 tatione
2045 4750 2437 4819 castigatiorem
2461 4792 2475 4814 ,
2499 4738 2567 4804 et
2591 4751 2641 4805 in
2667 4760 2935 4820 posterum
2979 4754 3299 4808 securiorem
3328 4754 3399 4808 fa-

1825 4843 2005 4906 ciens,
2029 4856 2087 4895 re
2118 4841 2229 4911 ipsa
2259 4841 2439 4896 docuit
2466 4855 2694 4913 quantus
2715 4843 3145 4912 deceptorfuerit
3165 4844 3397 4901 dcemou.

1826 4933 2012 4986 Mortis
2041 4943 2218 4986 autem
2248 4933 2565 5002 supplicium
2604 4944 2820 5004 propter
2847 4934 2945 4988 hoc
2986 4935 3202 4997 intulit,
3235 4947 3291 4989 ut
3334 4953 3402 4991 ne

1828 5022 2048 5092 posthac
2089 5037 2186 5091 per
2206 5022 2615 5078 inobedientiam
2643 5035 2857 5092 peccato
2887 5024 3149 5078 obnoxius
3178 5026 3401 5082 eli'ectns

1828 5122 2087 5183 perpetuo
2116 5124 2379 5182 peccaret.
2407 5114 2521 5168 Non
2551 5113 2801 5169 videntur
2828 5115 2918 5169 tibi
2946 5114 3059 5170 haec
3084 5132 3202 5171 esse
3229 5119 3404 5172 maxi-

1828 5221 1931 5258 mze
1964 5205 2284 5270 clementize,
2306 5213 2359 5257 et
2383 5205 2577 5272 ejicere
2603 5220 2631 5257 a
2664 5205 2910 5273 paradisi»
2946 5216 3000 5259 et
3032 5221 3186 5275 pwna
3216 5211 3404 5262 mortis

1826 5296 2100 5364 plectere?
2128 5296 2349 5350 Possum
2378 5304 2552 5350 autem
2600 5305 2655 5349 et
2694 5296 2837 5349 aliud
2880 5308 3138 5366 prseterea
3185 5300 3398 5355 afferre.

1828 5387 2121 5454 Qualenam
2155 5385 2295 5440 hoc?
2328 5385 2472 5439 Hane
2516 5385 2930 5454 indignationem
2970 5388 3047 5441 illi
3088 5387 3400 5453 inferendo,

1828 5493 1932 5530 non
1955 5476 2091 5544 apud
2119 5476 2288 5544 ipsum
2316 5475 2589 5529 dumtaxat
2617 5476 2873 5531 beneiicia
2900 5479 3200 5547 collocant,
3223 5481 3317 5535 sed
3345 5490 3403 5536 et

1830 5578 2076 5639 posteros
2125 5568 2291 5637 ipsius
2322 5568 2568 5638 exemplo
2617 5571 2882 5639 corrigere
2928 5572 3114 5626 voluit.
3143 5572 3275 5626 Nam
3327 5575 3398 5642 si,

1891 5748 1965 5810 (a)
1997 5754 2107 5797 Haec
2127 5760 2235 5810 qum
2257 5748 2393 5797 uncis
2430 5747 2715 5796 clauduntur
2733 5760 2801 5810 ex
2827 5761 2925 5799 uno
2956 5754 3143 5801 tantum
3164 5757 3245 5799 Ms.
3271 5751 3401 5803 erui-

1827 5809 1952 5871 mus,
1976 5810 2065 5861 sed
2089 5809 2310 5861 videntur
2334 5812 2393 5859 ad
2415 5812 2594 5860 seriem
2619 5809 2875 5873 quadrare.
