4062 6396
646 317 747 370 231

649 445 927 508 postquam
975 429 1092 483 haec
1131 434 1439 489 evenerant,
1463 425 1508 476 is
1553 422 1640 490 qni
1685 436 1748 474 ex
1799 434 1865 472 eo
1905 427 2060 470 natus
2105 422 2223 475 est,

643 526 777 580 Cain
811 527 1044 594 inquam,
1067 522 1154 591 qui
1187 534 1298 590 prie
1325 518 1491 571 oculis
1519 515 1728 569 videbat
1760 521 1960 580 patrem
1982 525 2047 563 ex
2071 523 2225 575 para.

651 619 769 672 aiso
811 617 1070 686 ejectum,
1118 610 1436 665 ineti'abiletn
1487 607 1631 661 illam
1672 605 1893 674 gloriam
1937 603 2224 662 amissam,

643 708 1076 764 Illaledictionem
1109 706 1252 760 illam
1283 704 1493 764 miram,
1527 716 1644 768 qua:
1674 697 1882 751 dicebat
1914 713 1926 747 :
1957 693 2116 747 Terra
2143 708 2226 754 es,

646 816 692 856 et
721 805 771 856 ia
806 811 992 854 terrent
1012 799 1167 852 abibis
1198 795 1348 870 (Cen.
1371 796 1422 848 5.
1447 795 1559 857 i9),
1583 793 1772 846 melior
1801 790 1966 842 factus
1999 795 2226 848 nonest,

648 895 741 949 sed
781 891 1111 962 graviarilus
1161 905 1217 944 se
1257 887 1474 942 involvit
1516 883 1666 938 malis
1709 901 1722 935 :
1765 883 1806 934 si
1860 895 1963 934 non
2010 878 2232 932 vidisset.

647 1001 766 1054 qtlll'
799 982 932 1050 patri
966 981 1318 1048 contigerant,
1341 978 1392 1030 in
1415 991 1570 1046 quam
1603 989 1706 1027 non
1741 971 2066 1042 pervenisset
2095 969 2235 1020 insa-

648 1074 828 1129 niam?
853 1071 920 1127 Et
941 1071 1080 1142 quod
1111 1086 1238 1124 sane
1269 1068 1620 1122 admiratione
1643 1066 1799 1119 fuerit
1827 1063 2065 1133 dignum,
2087 1061 2232 1114 illum

648 1166 808 1219 etiam
831 1165 919 1231 qui
945 1163 1064 1215 talia
1097 1161 1334 1230 peccavit
1363 1168 1416 1212 et
1443 1157 1645 1211 nefario
1677 1154 1964 1210 homicidio
1993 1153 2233 1206 dextram

651 1253 841 1325 pollttit
867 1253 1091 1322 puniens
1115 1294 1130 1315 ,
1170 1249 1529 1304 misericordia
1555 1261 1764 1316 ptenam
1794 1245 2028 1298 miscuit.

721 1342 776 1398 2.
822 1344 887 1398 Et
916 1352 972 1396 ttt
1001 1340 1278 1395 manifeste
1321 1340 1458 1393 scias
1495 1337 1688 1392 divina:
1718 1336 1966 1391 bonitatis
1987 1375 2004 1400 ,
2037 1350 2154 1403 qua:
2185 1343 2238 1387 et

651 1435 736 1490 isti
767 1433 1000 1490 exhibita
1027 1443 1148 1496 est,
1193 1429 1605 1500 magnitudinem
1649 1447 1662 1483 :
1707 1439 1815 1482 ttnn
1858 1427 2070 1496 quidem
2113 1441 2234 1478 cum

652 1528 818 1582 Deum
840 1525 985 1594 gravi
1007 1524 1322 1578 contumelia
1345 1522 1578 1575 afliceret
1601 1519 1872 1574 olferendo
1895 1517 2236 1579 sacriﬁcium,

655 1626 711 1672 et
738 1631 986 1686 magnum
1020 1630 1126 1684 prte
1157 1629 1214 1666 se
1259 1611 1476 1666 ferendo
1512 1620 1873 1678 contemptum
1921 1608 2066 1679 (non
2095 1608 2238 1661 enim

652 1707 922 1764 dividebat
949 1705 1126 1775 juste,
1179 1704 1272 1757 sed
1321 1702 1575 1756 offerebat
1606 1701 1917 1770 simpliciter
1959 1711 2011 1751 et
2041 1697 2241 1765 absque

657 1798 927 1866 delectu),
959 1795 1088 1850 nihil
1110 1795 1188 1848 vel
1217 1809 1377 1863 grave
1398 1795 1478 1846 vel
1505 1793 1784 1846 molestum
1813 1791 2064 1844 adversus
2094 1789 2240 1842 illum

655 1892 906 1960 loquutus
953 1897 1036 1940 est
1080 1888 1255 1950 Deus,
1305 1887 1546 1954 quamvis
1595 1894 1867 1951 peccatum
1915 1883 2085 1951 ipsum
2137 1897 2240 1934 non

656 1990 800 2036 esset
824 1993 1044 2050 parvum
1075 1987 1128 2032 et
1158 1977 1373 2045 vulgare
1393 2016 1408 2041 ,
1439 1975 1531 2028 sed
1562 1975 1712 2028 valde
1741 1990 2010 2042 magnum.
2039 1972 2167 2026 Nam
2197 1972 2240 2024 si

571 2112 582 2117 ι
659 2073 694 2128 ii
727 2075 813 2142 qui
845 2086 1173 2141 congeneres
1206 2070 1448 2123 homines
1480 2069 1725 2122 honorari
1759 2069 1961 2129 volunt,
1995 2068 2159 2135 prima
2191 2075 2245 2120 et

659 2165 923 2234 prarcipua
944 2165 1045 2218 illis
1062 2163 1316 2223 tribuunt,
1340 2162 1530 2230 illaque
1551 2160 1742 2214 olTet're
1765 2161 1992 2212 maxime
2008 2158 2241 2222 Student,

660 2273 778 2324 qua:
827 2255 1075 2309 omnibus
1123 2253 1439 2324 pretiosiora
1493 2253 1590 2305 sibi
1638 2251 1882 2304 videntur
1925 2267 1938 2302 :
1980 2249 2245 2319 quomodo

660 2347 930 2401 hominem
964 2346 1072 2399 Deo
1107 2344 1420 2398 oﬂt-rcntetn
1465 2359 1568 2395 non
1601 2341 1879 2409 Oportebat
1911 2341 2017 2392 Deo
2047 2339 2244 2409 pretio-

661 2439 800 2491 siora
827 2446 880 2491 et
912 2435 1275 2504 priestantiora
1306 2432 1540 2487 offerre?
1573 2432 1733 2500 lgitttr
1757 2446 1875 2484 eum
1901 2439 2099 2484 tantum
2125 2444 2246 2497 pec-

659 2540 823 2591 caret,
849 2537 904 2583 et
935 2537 1135 2580 tantum
1165 2541 1272 2594 pra:
1303 2540 1360 2578 se
1388 2524 1550 2577 ferret
1575 2533 1936 2592 contemptmn
1968 2522 2074 2585 ille,
2109 2521 2246 2573 Deus

663 2629 837 2673 tamen
871 2635 974 2671 non
1024 2617 1204 2686 petivit
1235 2631 1444 2684 pmnam
1466 2656 1480 2679 ,
1530 2630 1702 2682 neque
1729 2630 1823 2682 pro
1868 2613 2014 2666 factis
2042 2611 2246 2680 suppli-

660 2713 800 2764 cium
828 2711 1035 2780 exegit:
1067 2709 1158 2763 sed
1185 2709 1332 2778 quasi
1362 2707 1563 2760 amicus
1585 2709 1776 2768 atnico,
1805 2721 1925 2759 cum
1947 2705 2089 2756 omni
2119 2703 2247 2756 leni-

665 2811 771 2856 tate
801 2803 1022 2870 loquens
1052 2801 1126 2853 sic
1170 2801 1300 2852 dixit
1330 2817 1342 2852 :
1379 2797 1625 2860 l’cccasti,
1649 2798 1843 2866 quiesce
1876 2794 2039 2866 (Gen.
2071 2795 2120 2847 4.
2154 2794 2242 2863 7).

667 2895 948 2951 Peccatum
977 2893 1252 2946 dumtaxat
1282 2892 1354 2944 illi
1388 2891 1634 2944 indicavit
1654 2933 1668 2955 ,
1698 2900 1751 2942 et
1776 2889 2041 2942 consuluit
2075 2902 2141 2941 ne
2170 2888 2249 2940 ul-

666 2961 829 3040 teiins
860 2984 1285 3053 progrederetur.
1317 2981 1506 3036 Vidisti
1553 2981 1800 3034 bonitatis
1837 2977 2248 3033 excellentiam?

663 3077 767 3133 Sed
797 3078 918 3146 quia
949 3077 1037 3129 ille
1060 3091 1161 3128 non
1191 3077 1359 3127 solum
1394 3072 1519 3126 nihil
1549 3089 1610 3126 ex
1642 3082 1784 3125 tanta
1814 3071 2059 3140 patientia
2091 3069 2247 3122 lucri-

665 3167 824 3230 feeit,
853 3167 946 3220 sed
977 3175 1030 3221 et
1057 3167 1299 3235 graviora
1331 3166 1515 3233 primis
1545 3163 1758 3231 adjecit,
1787 3173 1946 3230 atque
1975 3161 2040 3214 ad
2071 3160 2247 3213 fratris

667 3275 851 3315 necent
882 3259 1220 3328 properavit,
1256 3257 1392 3310 Deus
1420 3255 1632 3324 quidem
1663 3255 1715 3307 itt
1759 3269 1880 3308 eum
1923 3252 2096 3306 adhuc
2133 3268 2249 3306 ma-

666 3367 823 3421 gnam
852 3349 1167 3404 ostendebat
1195 3348 1484 3410 lenitatem,
1515 3346 1850 3416 interrogans
1875 3345 2020 3415 prius
2045 3355 2100 3398 et
2118 3345 2249 3398 dans

671 3442 746 3497 illi
784 3440 1161 3494 satis-factionis
1193 3439 1364 3492 locum
1393 3437 1528 3492 :‘sed
1560 3437 1680 3506 quia
1712 3438 1906 3489 mansit
1949 3435 2246 3505 impudens,

672 3543 796 3586 tunc
817 3547 1026 3601 pinnam
1052 3531 1225 3583 intulit
1250 3531 1296 3583 ei
1323 3528 1709 3584 emendationis
1734 3528 1922 3594 gratia,
1948 3543 2066 3595 qua:
2090 3527 2248 3580 etiatn

669 3627 782 3696 ipsa
813 3627 1033 3678 multum
1065 3623 1293 3677 habebat
1321 3622 1698 3675 misericordia:
1729 3620 2044 3674 admixtum.

747 3717 850 3785 Qui
889 3719 940 3770 in
984 3733 1076 3770 nos
1119 3726 1322 3785 peccat,
1372 3719 1607 3786 feratur;
1646 3715 1728 3784 qui
1772 3717 1823 3766 in
1853 3713 2016 3766 Deum
2058 3722 2248 3782 peccat,

675 3813 936 3883 puniatur.
960 3839 1031 3849 -—
1055 3808 1216 3862 Vides
1252 3808 1520 3877 quomodo
1549 3807 1685 3860 Deus
1705 3847 1718 3871 ,
1759 3806 1970 3874 quando
2000 3806 2049 3858 itt
2080 3807 2250 3873 ipsum

673 3903 933 3975 peccavit,
957 3908 1339 3970 peccatumque
1366 3913 1469 3951 non
1491 3897 1726 3966 vulgare,
1750 3897 1950 3950 dimisit
1975 3897 2022 3950 ei
2049 3914 2061 3949 :
2088 3911 2253 3964 quan-

673 3996 743 4047 do
769 4004 942 4048 autem
975 3993 1024 4044 in
1068 3991 1284 4044 fratrem
1324 3989 1549 4041 armavit
1586 3987 1826 4041 dextram
1856 4028 1870 4050 ,
1913 3985 2250 4040 maledictum

673 4085 849 4140 intulit
872 4095 922 4137 et
954 4079 1290 4149 increpavit?
1319 4079 1406 4134 Sic
1433 4094 1571 4132 nunc
1597 4087 1652 4132 et
1682 4092 1780 4130 nos
1808 4076 2061 4132 faciamus
2083 4117 2095 4140 ,
2129 4075 2250 4128 imi-

676 4187 954 4245 temnrque
984 4175 1261 4227 Dominum
1297 4181 1535 4225 nostrum
1563 4187 1576 4233 ;
1610 4179 1661 4222 et
1688 4170 1730 4223 si
1758 4169 1882 4238 quid
1925 4170 1974 4222 in
2007 4184 2102 4222 nos
2135 4184 2255 4238 pec-

675 4278 852 4322 catum
883 4265 1058 4325 fuerit,
1088 4263 1292 4316 veniam
1321 4262 1528 4326 demus,
1560 4267 1615 4313 et
1645 4261 1973 4312 remittamus
2001 4259 2064 4311 iis
2086 4259 2174 4326 qui
2202 4257 2252 4310 in

678 4374 777 4412 nos
817 4357 1192 4423 deliquerunt:
1223 4353 1437 4422 quando
1482 4361 1656 4404 autem
1691 4351 1740 4402 itt
1775 4349 1938 4403 Deum
1981 4359 2253 4417 peccatum

678 4451 937 4513 refertur,
982 4457 1106 4500 tunc
1149 4460 1334 4515 poenas
1377 4445 1667 4514 exigamus.
1715 4442 1820 4497 Sed
1854 4443 2032 4496 nescio
2060 4441 2148 4511 qui
2177 4441 2252 4505 lit,

683 4551 740 4594 ut
764 4543 937 4592 omnia
982 4553 1132 4590 secus
1173 4536 1463 4598 faciamus,
1509 4535 1726 4588 omnino
1771 4544 1984 4604 peccata
2028 4549 2146 4603 quae
2191 4533 2255 4587 ad

681 4631 847 4685 Deum
877 4628 1212 4697 pertingant,
1241 4626 1403 4679 inulta
1432 4639 1549 4678 esse
1575 4625 1796 4677 sinimus
1827 4641 1838 4677 :
1867 4625 1910 4677 si
1938 4625 2054 4693 quis
2081 4635 2257 4678 autem

681 4737 864 4792 parum
900 4718 1023 4788 quid
1063 4720 1114 4772 in
1160 4731 1259 4770 nos
1303 4716 1634 4785 peccaverit,
1684 4715 1798 4784 ejus
1839 4731 2026 4785 graves
2074 4731 2257 4770 sumus

679 4813 882 4866 ultores
925 4820 975 4864 et
1025 4817 1400 4872 accusatores,
1454 4807 1757 4875 ignorantes
1803 4823 1898 4860 nos
1946 4824 2006 4862 ea
2053 4808 2258 4862 ratione

681 4900 1078 4957 misericordem
1099 4899 1376 4952 Dominum
1399 4897 1563 4967 magis
1585 4898 1919 4952 exacerbare.
1946 4899 2094 4966 Quod
2117 4900 2257 4952 enim

683 5011 799 5050 mos
819 4995 887 5047 sit
912 4994 1018 5046 Deo
1043 5006 1186 5061 stepe
1207 4991 1474 5046 dimittere
1494 5007 1610 5060 quae
1636 4991 1686 5045 in
1713 5007 1770 5045 se
1799 5003 2012 5061 peccata
2042 4992 2256 5060 fuerint,

683 5105 865 5142 verum
897 5103 1015 5158 quae
1046 5087 1097 5140 in
1133 5085 1465 5154 proximum,
1510 5101 1571 5140 ea
1602 5099 1720 5138 cum
1753 5102 1940 5154 magna
1980 5089 2261 5142 severitate

683 5181 964 5249 exquirere
986 5220 999 5243 ,
1035 5179 1156 5231 audi
1202 5177 1410 5231 beatum
1446 5178 1662 5230 Paulum
1707 5178 1972 5231 dicentem
2003 5197 2014 5230 :
2047 5179 2106 5234 Si
2148 5181 2261 5250 quis

687 5287 894 5324 uxorem
918 5269 1062 5322 habet
1088 5269 1363 5336 inﬁdelem,
1387 5278 1433 5321 et
1458 5268 1556 5337 ipsi
1580 5281 1777 5338 gratum
1803 5269 1953 5338 fuerit
1979 5271 2262 5324 cohabitare

683 5363 783 5428 illi,
816 5378 916 5415 non
952 5361 1171 5414 dimittat
1209 5360 1371 5413 illam.
1401 5358 1469 5412 Et
1509 5360 1552 5414 si
1591 5377 1688 5430 qua
1727 5361 1906 5413 mulier
1935 5362 2076 5415 habet
2102 5364 2259 5415 virum

685 5456 960 5526 inﬁdelem,
994 5468 1040 5508 et
1068 5455 1147 5507 hic
1173 5454 1413 5507 consentit
1443 5455 1666 5508 habitare
1693 5471 1804 5507 cum
1831 5456 1940 5517 illa,
1970 5473 2067 5508 non
2094 5456 2262 5508 dimit-

686 5559 756 5602 tat
783 5547 929 5601 illum
956 5547 1046 5616 (1.
1071 5545 1188 5600 Cor.
1213 5547 1264 5598 7.
1292 5546 1376 5600 12.
1405 5547 1471 5600 15
1493 5546 1530 5615 ),
1559 5546 1746 5600 Vidisti
1775 5557 1966 5616 quanta
1993 5549 2059 5601 ibi
2089 5547 2261 5602 indul-

686 5639 906 5708 gentia?
935 5637 1153 5692 Etiamsi
1179 5639 1391 5704 gentilis
1421 5638 1594 5701 fuerit,
1624 5638 1828 5692 etiamsi
1860 5639 2108 5704 infidelis,
2141 5655 2262 5708 pro-

687 5732 976 5786 bet‘autem
1003 5729 1480 5793 cobabitationcm,
1521 5745 1623 5783 non
1657 5729 1898 5798 refugiat.
1933 5729 2000 5784 Et
2029 5731 2258 5788 iterum:

1362 307 1419 362 S.
1459 299 1740 360 JOANNI'S
1776 289 2252 355 CilliYSOSTOMl
2291 289 2608 344 Αιιυιιιιίῐι.
2651 292 3182 351 CONSTANTINOP.

3809 303 3921 356 9.3?

2343 405 2456 458 Etsi
2482 411 2679 476 gentilis
2704 412 2856 477 [ηενὶι
2883 411 3093 476 mulier,
3134 413 3229 466 etsi
3254 413 3473 480 infidelis
3493 458 3507 481 ,
3537 417 3738 486 vultque
3759 420 3914 471 coha-

2337 498 2514 561 bitare,
2540 516 2639 551 non
2665 503 2893 570 repellat.
2924 503 3024 566 Qui
3043 505 3162 565 scis,
3189 505 3370 572 inquit,
3395 508 3593 568 mulier,
3618 525 3738 561 num
3758 510 3917 563 uirmt:

2337 596 2592 642 salvatura
2619 593 2732 644 sis?
2761 604 2844 644 aut
2871 594 2955 661 qui
2984 594 3101 657 scis,
3131 595 3224 660 vir,
3255 612 3374 648 num
3406 599 3662 651 mulierem
3690 602 3921 653 salvatu-

2336 699 2424 732 rus
2450 683 2518 734 sis
2546 681 2618 752 (t.
2643 682 2756 736 Cor.
2778 685 2830 738 7.
2859 685 2985 752 16)?
3006 684 3136 739 Vide
3160 688 3428 755 quomodo
3446 704 3547 742 non
3569 692 3818 758 prohibet
3846 695 3923 745 in-

2339 773 2551 825 fidelem
2576 775 2877 842 quempiam
2897 775 2978 828 vel
3000 778 3297 845 quampiam
3324 779 3373 831 in
3397 781 3724 835 contubernii
3749 783 3925 850 legem

2339 863 2556 916 assumi.
2590 866 2724 917 Audi
2758 868 2945 920 iterum
2977 869 3144 936 ipsum
3175 869 3445 924 Christum
3472 873 3734 928 dicentem
3763 876 3925 929 disci-

2338 956 2476 1023 pulis
2507 975 2519 1008 :
2561 956 2688 1010 Dico
2723 960 2854 1012 enim
2885 961 3019 1014 vobis
3043 1003 3058 1023 ,
3092 963 3252 1015 omnis
3297 965 3385 1034 qui
3428 966 3670 1021 dimiserit
3713 987 3928 1023 uxorem

2340 1065 2513 1112 suam,
2532 1049 2752 1121 'ea'cepta
2777 1069 2931 1105 causa
2956 1055 3322 1135 fornicationis,
3353 1057 3474 1126 facit
3503 1059 3644 1114 illam
3683 1064 3930 1117 nunc/tari

2342 1140 2361 1212 (
2389 1142 2572 1197 Matth.
2602 1145 2656 1198 5.
2688 1145 2755 1197 5‘2
2782 1146 2820 1213 ).
2869 1145 3053 1214 Ingens
3083 1149 3412 1217 benignitas!
3448 1152 3664 1208 Etiamsi
3695 1155 3931 1210 infidelis

2345 1232 2522 1298 fuerit,
2558 1236 2638 1288 vel
2671 1237 2879 1304 gentilis
2903 1278 2917 1301 ,
2957 1239 2999 1291 si
3029 1243 3392 1307 consenserit,
3440 1245 3606 1298 retine
3635 1263 3648 1298 :
3675 1248 3718 1299 si
3745 1259 3931 1301 antem

2344 1327 2394 1381 in
2425 1338 2474 1382 te
2503 1330 2831 1396 peccaverit,
2860 1342 2910 1383 et
2950 1341 3220 1400 pactorum
3257 1335 3599 1392 obliviscatur
3619 1379 3633 1403 ,
3665 1340 3932 1393 aliorum-

2345 1435 2445 1489 que
2476 1421 2767 1488 praatulcrit
2791 1425 3114 1477 consortium
3137 1467 3152 1490 ,
3193 1426 3316 1481 licet
3363 1428 3453 1482 tibi
3486 1430 3625 1484 illam
3653 1433 3850 1501 ejicere
3876 1448 3934 1488 et

2345 1511 2628 1578 repellere.
2660 1512 2784 1566 llalc
2809 1515 3132 1583 cogitantes,
3166 1518 3474 1574 Studeamus
3503 1522 3660 1575 etiam
3702 1524 3938 1578 Domino

2345 1619 2565 1676 prepter
2609 1608 2742 1661 hanc
2773 1610 2822 1661 in
2870 1625 2966 1663 nos
3007 1610 3426 1665 benevolentiam
3458 1615 3656 1681 pariter
3685 1618 3892 1671 referre
3920 1637 3935 1670 :

2345 1707 2398 1751 et
2424 1699 2562 1751 sicut
2590 1698 2703 1768 ipse
2730 1702 2838 1753 vult
2862 1701 3129 1755 dimittere
3156 1717 3217 1756 ea
3243 1719 3361 1772 quze
3389 1707 3439 1757 in
3464 1720 3521 1758 se
3547 1715 3756 1774 peccata
3781 1719 3934 1770 sunt,

2345 1803 2461 1857 qum
2489 1801 2663 1844 autem
2692 1789 2741 1842 in
2774 1807 2890 1857 nos,
2916 1793 3204 1855 ulciscitur,
3232 1794 3388 1864 idque
3413 1813 3600 1866 magna
3627 1800 3933 1862 severitate,

2345 1880 2533 1935 eodem
2563 1898 2691 1934 sane
2733 1883 2893 1937 modo
2934 1895 2987 1938 et
3034 1886 3130 1954 ipsi
3173 1886 3425 1942 faciamus
3454 1907 3467 1942 :
3494 1906 3841 1962 quaecumque
3879 1894 3934 1946 iu

2350 1979 2448 2026 nos
2479 1982 2698 2038 peccant
2728 1975 2952 2042 proximi
2997 1978 3328 2031 remittamus
3349 2021 3362 2040 ,
3392 1996 3510 2048 qua“:
3539 1992 3714 2033 autem
3745 1994 3934 2036 contra

2351 2064 2540 2127 Deum,
2571 2080 2631 2118 ea
2661 2081 2851 2134 magno
2874 2068 3054 2121 studio
3076 2084 3324 2124 curemus
3347 2072 3546 2125 ulcisci.
3580 2074 3731 2138 Quod
3760 2085 3810 2128 et
3840 2093 3938 2129 no-

2349 2153 2431 2209 bis
2477 2157 2709 2224 proderit
2736 2157 3018 2226 plurimum
3045 2202 3059 2225 ,
3092 2171 3144 2214 ct
3186 2179 3280 2216 eos
3317 2165 3403 2232 qtti
3451 2167 3785 2235 corriguntur
3829 2186 3935 2221 non

2351 2260 2536 2314 parum
2579 2248 2802 2316 juvabit.
2837 2248 3100 2305 Fortassis
3145 2252 3301 2308 hodie
3348 2257 3767 2326 prolixinsjnsto
3813 2277 3936 2329 pro-

2350 2339 2566 2393 ωιιιίυιιι
2601 2339 2840 2393 ferimus.
2889 2342 2992 2396 Sed
3021 2344 3146 2412 quid
3189 2346 3385 2412 agam?
3426 2347 3534 2401 lloc
3577 2362 3767 2417 pra-ter
3811 2367 3936 2404 sen-

2351 2429 2568 2482 tentiam
2597 2431 2724 2483 mihi
2754 2433 2968 2500 contigit
2989 2475 3003 2496 ,
3037 2435 3317 2488 verborum
3353 2437 3494 2491 ﬂuxu
3527 2452 3693 2508 rapto.

2424 2518 2598 2574 Poena:
2635 2538 2665 2573 a
2701 2521 2807 2574 Deo
2852 2524 3010 2577 illane
3049 2525 3328 2580 clementia:
3366 2529 3665 2597 conjtirtctw.
3689 2562 3763 2571 —
3789 2535 3935 2598 Quo-

2351 2612 2492 2664 niam
2525 2623 2702 2667 autem
2731 2616 2904 2668 omnis
2931 2632 3108 2670 sermo
3136 2628 3319 2672 noster
3342 2620 3408 2674 de
3435 2621 3632 2674 diluvio
3658 2633 3768 2686 est,
3804 2641 3938 2690 opus

2351 2703 2504 2756 nobis
2544 2714 2660 2758 erat
2699 2705 2906 2759 caritati
2953 2717 3144 2761 vestrm
3173 2711 3492 2775 ostendere,
3541 2728 3726 2781 pinnas
3758 2731 3786 2766 a
3831 2715 3939 2768 Deo

2355 2796 2507 2850 nobis
2540 2797 2712 2850 illatas
2742 2799 3121 2853 misericordia:
3153 2801 3317 2869 magis
3343 2817 3494 2866 esse,
3536 2820 3692 2872 quam
3726 2822 3897 2874 panni:
3924 2827 3934 2858 :

2351 2889 2428 2941 sic
2473 2903 2686 2957 quoque
2731 2899 2848 2942 erat
2895 2899 2949 2943 et
2991 2891 3267 2946 diluvium.
3318 2893 3450 2948 Nam
3498 2896 3626 2949 Sit'lll
3677 2898 3940 2969 benignus

2352 2993 2472 3047 erga
2504 2980 2637 3032 filios
2665 2989 2846 3048 pater,
2879 2983 3055 3035 omnia
3097 2984 3166 3036 ob
3209 2999 3388 3038 curam
3424 2988 3471 3038 itt
3499 3002 3669 3056 genus
3698 3003 3936 3044 nostrum

2355 3068 2496 3122 facit.
2531 3071 2597 3125 Ut
2621 3080 2796 3125 autem
2828 3087 2891 3126 ex
2922 3074 2982 3125 iis
3008 3116 3022 3138 ,
3068 3090 3188 3143 qum.
3219 3091 3357 3130 nune
3388 3081 3653 3146 proposita
3682 3095 3737 3135 et
3784 3083 3941 3137 hodie

2355 3161 2486 3215 lccta
2515 3162 2729 3216 tliscatis
2761 3166 3098 3232 benignitatis
3127 3167 3270 3221 illius
3292 3170 3728 3238 magnitudinettt,
3761 3176 3940 3226 audia-

2354 3269 2472 3306 tnus
2519 3255 2627 3320 ipsa
2677 3255 2869 3308 divina:
2913 3257 3201 3325 Scriptura:
3251 3260 3430 3314 verba.
3483 3261 3610 3314 Nam
3656 3266 3782 3332 quia
3831 3267 3938 3318 lteri

2353 3335 2532 3398 docuit
2570 3363 2664 3399 nos
2704 3348 2890 3401 beatos
2915 3349 3086 3404 Moses
3111 3394 3125 3415 ,
3159 3353 3374 3416 dicens,
3422 3353 3661 3410 Exultata
3690 3371 3766 3411 est
3812 3379 3938 3426 aqua

2353 3454 2503 3505 super
2536 3449 2720 3490 terram
2747 3440 2923 3494 diebus
2949 3453 3144 3495 centum
3169 3445 3530 3514 quinquaginta
3559 3448 3726 3515 (Gen.
3759 3452 3809 3501 τ.
3841 3451 3936 3516 2i)

2357 3527 2442 3596 (et
2473 3545 2536 3582 eo
2563 3545 2728 3598 usque
2757 3531 2998 3585 docendo
3031 3535 3384 3601 processin‘tns
3403 3537 3445 3601 ),
3476 3537 3631 3591 hodie
3651 3541 3726 3590 ait
3745 3557 3775 3594 ’τ
3812 3545 3854 3593 t.
3882 3541 3940 3592 Et

2355 3622 2648 3675 recordatus
2677 3634 2748 3675 est
2778 3623 2916 3677 Deus
2942 3625 3056 3679 Noe
3078 3668 3092 3688 ,
3121 3638 3164 3680 et
3200 3631 3424 3681 omnium
3466 3635 3709 3700 ferarum,
3760 3646 3808 3686 et
3835 3652 3938 3685 ont-

2355 3713 2492 3763 niunt
2525 3715 2894 3782 jumentorum,
2937 3727 2980 3769 et
3021 3719 3246 3772 omnium
3286 3723 3560 3775 volatiliam
3586 3767 3600 3787 ,
3633 3737 3678 3777 rt
3720 3731 3941 3780 omnium

2359 3805 2613 3871 reptilium
2637 3848 2650 3861 .
2679 3824 3002 3875 qua’cutnqne
3023 3822 3164 3863 erant
3187 3829 3301 3864 cum
3327 3814 3414 3865 illo
3439 3816 3490 3866 in
3518 3833 3636 3867 arra
3665 3821 3680 3879 ί
3689 3817 3734 3870 (ἰ
3740 3837 3822 3871 en.
3849 3823 3922 3887 ὃ).

2430 3897 2480 3948 5.
2529 3896 2656 3950 Vide
2703 3898 2785 3952 hic
2824 3900 3011 3952 iterum
3037 3941 3051 3961 ,
3093 3917 3251 3969 quam
3292 3918 3350 3955 se
3390 3915 3703 3974 att‘entpetet
3748 3923 3940 3962 nostra:

2359 3986 2650 4040 infirmitati
2679 3988 2852 4042 tlivina
2883 3989 3175 4060 Scriptura.
3208 3993 3272 4045 lit
3301 3996 3590 4049 recordatus
3621 4010 3726 4058 est,
3755 4002 3938 4068 inquit,

2363 4079 2516 4134 Deus.
2547 4082 2902 4144 Dilectissimi,
2931 4084 3286 4153 intelligamus
3313 4086 3425 4140 inec
3453 4099 3507 4140 ut
3531 4089 3749 4158 dignum
3779 4105 3853 4144 ρετ
3879 4095 3939 4145 de

2363 4171 2471 4225 lico
2500 4173 2811 4242 intelligere,
2839 4189 2900 4227 ac
2927 4190 2992 4227 ne
3020 4176 3308 4228 secundum
3340 4189 3538 4232 tlaltlrtt:
3570 4191 3768 4233 nostra:
3802 4183 3941 4234 infir-

2363 4265 2599 4317 mitatem
2634 4264 2747 4316 haec
2788 4279 2964 4317 crassa
3006 4265 3164 4318 verba
3209 4267 3588 4336 intelliganms.
3615 4270 3746 4323 Nam
3777 4289 3940 4342 quan-

2363 4364 2471 4408 tum
2503 4355 2568 4408 ad
2601 4356 2920 4410 ittelfaliiletn
2952 4358 3092 4410 illam
3123 4370 3364 4414 naturam
3403 4362 3591 4416 attinet
3613 4403 3629 4426 ,
3670 4366 3938 4434 indignum

2365 4447 2551 4502 fuisset
2578 4449 2678 4502 hoc
2702 4449 2924 4503 verbum
2955 4467 2967 4503 :
3000 4460 3252 4519 quantum
3281 4463 3456 4506 autem
3483 4454 3546 4504 ad
3575 4465 3812 4508 nostram
3848 4459 3939 4509 im-

2364 4539 2738 4601 becillitatem,
2783 4540 3022 4609 apposite
3066 4550 3147 4595 est
3207 4541 3430 4596 dictum.
3481 4544 3794 4601 Rccordatus
3839 4559 3937 4612 est,

2366 4630 2566 4698 inquit,
2612 4628 2752 4683 Deus
2794 4630 2927 4684 Noe.
2977 4632 3236 4699 Quoniam
3269 4636 3498 4688 narravit
3547 4637 3696 4689 nobis
3742 4641 3794 4690 itt
3836 4640 3936 4706 jam

2365 4723 2542 4785 dictis,
2585 4724 2718 4775 sicut
2762 4723 2907 4791 prius
2949 4725 3152 4777 caritati
3193 4737 3383 4779 vestra}
3421 4728 3668 4793 diximus,
3720 4732 3937 4799 quadra-

2365 4813 2507 4878 ginta
2529 4812 2714 4865 dichus
2735 4824 2788 4866 et
2809 4814 3024 4867 totidem
3050 4817 3292 4868 noctibus
3312 4816 3472 4870 fuisse
3495 4821 3744 4886 pluviam,
3764 4833 3818 4875 et
3837 4821 3940 4872 die-

2369 4903 2466 4956 bus
2500 4913 2712 4958 centum
2749 4907 3122 4975 quinquaginta
3158 4908 3398 4960 eamdem
3439 4911 3694 4963 mansisse
3731 4928 3933 4978 aquam.

2367 4996 2666 5063 quindecim
2716 4997 2907 5050 cubitis
2949 5013 3111 5065 super
3138 5009 3346 5052 montes
3383 5002 3686 5060 ex.tltatam.
3735 5012 3789 5055 et
3828 5017 3934 5055 Clllll

2371 5087 2483 5141 haec
2515 5090 2732 5149 tierent,
2773 5088 2972 5156 justum
3014 5090 3277 5143 resedisse
3305 5092 3353 5142 in
3382 5106 3503 5144 area
3523 5131 3539 5156 ,
3573 5109 3744 5159 neque
3771 5108 3935 5146 aerem

2369 5180 2572 5245 Spirat'e
2598 5179 2883 5240 valentem,
2915 5179 3380 5250 habitantibusque
3402 5197 3522 5235 cum
3549 5198 3614 5236 eo
3641 5183 3811 5237 brutis
3835 5183 3937 5235 uni-

2371 5271 2557 5336 versis,
2589 5272 2785 5326 ideirco
2853 5273 3055 5342 inquit,
3093 5274 3158 5326 Et
3187 5277 3476 5328 recordatus
3518 5286 3591 5328 est
3631 5275 3773 5331 Deus
3809 5274 3931 5329 Nec.

2370 5362 2504 5429 Quid
2531 5374 2630 5425 est,
2666 5363 2981 5417 Recordatns
3023 5376 3093 5436 est
3116 5366 3142 5418 ?
3182 5366 3424 5419 Misenus
3462 5376 3562 5429 est,
3596 5369 3791 5436 inquit,
3813 5365 3936 5436 justi

2373 5455 2423 5507 itt
2453 5469 2571 5506 arca
2599 5457 2804 5522 agentis
2833 5473 2844 5507 :
2879 5434 3127 5510 misertus
3154 5467 3236 5510 est
3279 5458 3392 5524 ejus
3436 5457 3486 5510 itt
3529 5466 3668 5511 tanta
3707 5456 3933 5527 angustia

2374 5557 2427 5600 et
2456 5563 2630 5600 rermn
2660 5547 2970 5602 difficultate
3005 5550 3278 5603 constituti
3304 5589 3319 5612 ,
3364 5551 3754 5620 ignorantisque
3781 5564 3931 5620 quan-

2375 5638 2568 5692 donam
2601 5641 2853 5694 molestiae
2881 5641 2984 5694 illa:
3031 5643 3187 5693 tinem
3234 5641 3493 5696 habitura:
3529 5652 3727 5697 essent.
3757 5639 3928 5696 Consi-

2373 5731 2497 5785 dera
2527 5729 2640 5786 bic.
2667 5746 2849 5802 quaeso
2869 5773 2883 5796 ,
2914 5733 3098 5802 quales
3127 5741 3251 5787 tunc
3282 5733 3419 5788 illius
3450 5733 3644 5790 fuerint
3676 5730 3916 5804 cogitatio
