4062 6396
45 396 128 451 QII

46 513 247 567 τούτων
297 519 651 589 γενομένων,
697 522 726 573 6
761 518 822 584 ἐξ
869 519 1033 573 αὑτοῦ
1072 521 1305 590 τεχθεὶς,
1335 523 1362 573 ό
1407 523 1546 576 Κάῖν
1579 523 1742 591 λέγω,

46 600 181 669 ἐρῶν
216 603 279 656 ἐν
326 603 644 676 ὀφθαλμοῖς
683 605 778 660 τοῦ
819 607 1022 678 πατρὸς
1064 608 1164 677 τὴν
1203 610 1267 661 ἐκ
1294 609 1388 662 τοῦ
1418 610 1747 681 παραδείσου

49 687 302 758 ἐκϐολὴν,
338 693 454 762 τῆς
490 694 649 763 δόξης
687 694 901 765 ἐκείνης
931 694 1032 763 τῆς
1077 694 1287 762 ἀφάτου
1318 696 1419 765 τὴν
1452 696 1751 759 ἔκπτωσιν,

48 774 138 842 τῆς
168 779 444 847 κατάρας
478 780 694 850 ἐκείνης
738 781 799 833 τὸ
841 780 1070 850 μέγεθος
1101 782 1198 851 τῆς
1227 782 1512 853 λεγούσης,
1542 782 1633 850 Γῆ
1672 783 1741 847 εί.

52 862 138 913 καὶ
160 865 258 929 εις
288 866 428 933 τῆν
450 868 788 935 ἀπελεύσῃ,
834 868 952 920 οὑδὲ
982 866 1151 931 οὕτως
1186 869 1579 938 ἐσωφρονίσθη,
1613 869 1743 924 ἀλλὰ

54 948 271 1015 μείζοσι
294 956 503 1014 κακοῖς
529 954 720 1006 ἑαυτὸν
743 955 1089 1024 περιέπειρεν
1110 970 1122 982 ·
1152 956 1199 1006 εἰ
1233 956 1306 1024 μὴ
1329 952 1433 1007 εἶδε
1455 957 1520 1008 τὰ
1550 959 1629 1019 εἰς
1658 956 1741 1008 τὸν

50 1038 268 1107 πατέρα
318 1039 700 1108 γεγενημένα,
750 1040 850 1092 ποῦ
897 1040 998 1093 οὑκ
1036 1038 1102 1092 ἂν
1137 1040 1333 1109 μανίας
1376 1041 1577 1110 ἧλασε;
1641 1042 1740 1094 Καὶ

50 1127 105 1177 τό
128 1125 199 1195 δὴ
230 1125 588 1196 θαυμαστὸν,
613 1129 692 1180 ότι
726 1128 820 1180 καὶ
846 1127 1009 1180 αὑτὸν
1039 1129 1129 1180 τὸν
1154 1128 1223 1180 τὰ
1252 1128 1476 1181 τοιαῦτα
1498 1132 1741 1200 ἡμαρτη-

49 1213 181 1264 κότα
206 1214 311 1265 καὶ
334 1213 422 1282 τῷ
449 1215 635 1281 ἐναγεῖ
653 1215 799 1285 φόνῳ
819 1215 916 1285 τὴν
944 1214 1123 1278 δεξιάν
1153 1215 1457 1284 μολύναντα
1479 1216 1741 1288 τιμωρού-

52 1317 241 1368 μενος,
274 1300 670 1373 φιλανθρωπίᾳ
698 1303 798 1372 τὴν
815 1302 1083 1373 τιμωρίαν
1118 1304 1367 1373 ἐκέρασε.

118 1386 189 1457 β’.
214 1390 335 1442 Καὶ
366 1390 458 1442 ἵνα
487 1390 664 1461 μάθῃς
691 1392 754 1442 ἐκ
781 1390 888 1441 τῶν
917 1393 997 1453 εἰς
1023 1389 1211 1443 τοῦτον
1236 1392 1618 1461 γεγενημένων
1648 1391 1748 1460 τῆς

52 1474 405 1547 ἀγαθότητος
431 1476 530 1529 τοῦ
564 1475 697 1529 Θεοῦ
741 1476 803 1529 τὸ
838 1477 1089 1547 μέγεθος,
1123 1477 1283 1547 ἡνίκα
1315 1479 1412 1549 μὲν
1459 1480 1540 1542 είς
1580 1479 1743 1531 αὑτὸν

57 1560 273 1631 ὕϐρισε,
316 1563 420 1617 καὶ
449 1563 776 1634 τὴνθυσίαν
815 1563 1023 1632 μέλλων
1071 1565 1366 1635 προσάγειν
1405 1565 1605 1635 πολλὴν
1647 1567 1745 1635 τὴν

53 1651 478 1721 καταφρόνησιν
508 1651 839 1715 ἐπεδείξατο,
858 1651 958 1705 οὐκ
984 1650 1159 1722 ὀρθῶς
1177 1651 1383 1718 διελὼν,
1413 1652 1526 1705 ἀλλ’
1561 1653 1746 1716 ἁπλῶς

52 1740 144 1790 καὶ
173 1739 255 1801 ὡς
288 1739 459 1810 ἔτυχε
490 1741 589 1811 τὴν
621 1741 987 1810 προσαγωγὴν
1015 1740 1402 1810 ποιησάμενος,
1430 1741 1582 1793 οὐδὲν
1609 1740 1746 1811 πρὸς

53 1825 221 1878 αὑτὸν
249 1821 384 1879 εἷπε
413 1825 554 1896 βαρὺ
583 1825 703 1879 οὐδὲ
734 1826 971 1896 ἐπαχθές
991 1842 1004 1855 ·
1038 1828 1212 1880 καίτοι
1245 1845 1309 1896 γε
1340 1828 1402 1880 τὸ
1431 1826 1745 1899 ἀμαρτηθέν

52 1913 112 1962 οὔ
146 1913 213 1965 τὸ
240 1914 414 1982 τυχὸν
446 1910 539 1984 ἦν,
569 1914 703 1966 ἀλλά
732 1914 825 1966 καὶ
855 1915 1065 1983 σφόδρα
1095 1915 1255 1985 μέγα.
1306 1915 1369 1967 Ei
1401 1915 1510 1986 γὰρ
1537 1914 1744 1985 ἀνθρὼ-

54 2014 191 2061 :06;
225 2003 358 2062 τοὺς
388 2001 674 2070 ὁμογενεῖς
692 2003 743 2053 οἱ
769 2002 933 2071 τιμᾷν
961 1999 1292 2071 βουλόμενοι,
1316 2001 1424 2053 τῶν
1462 2002 1745 2070 πρωτείων

53 2087 148 2137 καὶ
175 2086 289 2138 τῶν
316 2086 619 2157 ἐξαιρέτων
654 2089 837 2152 αὐτοῖς
874 2088 1287 2160 παραχωροῦσι,
1321 2091 1549 2143 κάκεῖνα
1573 2106 1744 2159 προσ-

58 2173 213 2237 άγειν
243 2174 669 2240 σπουδάζουσιν,
690 2175 725 2228 ὃ.
749 2175 983 2245 μάλιστα
1004 2179 1221 2230 πάντων
1239 2177 1420 2241 αὑτοῖς
1444 2177 1745 2248 τιμιώτερα

58 2260 199 2313 εἶναι
240 2262 439 2315 δοκεῖ·
503 2263 786 2335 ἄνθρωπον
830 2264 885 2317 δὲ
926 2263 1057 2318 ὄντα
1095 2267 1189 2318 καὶ
1232 2264 1353 2335 Θεῷ
1402 2265 1745 2332 προσάγοντα

61 2351 177 2413 πῶς
203 2343 519 2421 οὑκέχρῆν
560 2352 628 2403 τὰ
662 2350 965 2422 τιμιώτερα
999 2353 1092 2405 καὶ
1122 2352 1376 2423 ἐξαίρετα
1406 2352 1742 2422 προσάγειν;

62 2438 337 2490 Τοσοῦτον
373 2439 552 2492 τοίνυν
590 2440 753 2492 αὑτοῦ
783 2439 1152 2511 ἁμαρτόντος,
1197 2439 1290 2492 καὶ
1331 2439 1595 2508 τοσαύτην
1626 2441 1744 2490 ἐπι-

62 2524 388 2594 δειξαμένου
418 2525 517 2595 τὴν
541 2527 964 2597 καταφρόνησιν,
999 2527 1099 2580 οὑκ
1123 2525 1370 2596 ἁπῄτησε
1408 2525 1586 2595 δίκην,
1623 2525 1744 2577 οὐδὲ

62 2613 338 2683 τιμωρίαν
372 2613 514 2682 ὑπὲρ
530 2612 640 2666 τῶν
659 2613 1040 2683 γεγενημένων
1059 2612 1439 2683 εἰσεπράξατο,
1465 2610 1580 2665 ἀλλ’
1608 2611 1746 2664 ὡσα-

61 2702 143 2751 νεὶ
186 2700 351 2769 φίλος
403 2701 545 2768 φίλῳ
594 2701 729 2770 μετά
778 2700 959 2771 πάσης
1000 2700 1334 2771 ἡμερότητος
1366 2698 1744 2768 διαλεγόμενος

62 2786 206 2839 οὕτω
232 2787 491 2856 διελέχθη
519 2788 692 2855 λέγων
715 2804 729 2818 ·
767 2789 1072 2857 Ἦμιιρτες,
1102 2788 1444 2855 ἡσύχασον.
1474 2787 1647 2840 Μόνον
1684 2787 1745 2838 τὸ

63 2874 389 2944 ἁμαρτηθὲν
409 2874 556 2945 αὑτῴ
573 2874 760 2939 ἔδειξε,
791 2879 887 2929 καὶ
918 2874 1303 2928 συνεϐούλευσε
1330 2874 1404 2944 μὴ
1440 2873 1746 2945 περαιτέρω

66 2961 362 3031 προϐῆναι.
419 2957 574 3024 Εἶδες
621 2962 924 3033 ὑπερϐολὴν
968 2962 1329 3031 ἀγαθότητος;
1389 2960 1528 3013 Ἀλλ’
1560 2959 1745 3031 ἐπειδὴ

67 3050 272 3111 ἐκεῖνος
299 3049 366 3100 οὐ
392 3049 554 3118 μόνον
575 3050 675 3102 οὑκ
702 3051 790 3101 ἐκέ
802 3049 954 3120 ρδανέ
976 3066 1028 3102 τι
1059 3050 1125 3102 ἐκ
1144 3048 1243 3119 τῆς
1274 3049 1541 3119 τοσαύτης
1565 3047 1743 3114 ἀνεξι-

68 3137 286 3199 κακίας,
340 3136 478 3189 ἀλλά
509 3138 748 3199 καὶτοῖς
779 3135 1108 3206 προλαϐοῦσι
1153 3135 1372 3205 μείζονα
1414 3134 1745 3206 προσέθηκε,

69 3225 157 3275 καὶ
187 3225 282 3277 ἐπὶ
313 3223 419 3293 τὴν
450 3223 664 3293 σφαγὴν
690 3223 927 3293 ἠπείχθη
951 3223 1044 3277 τοῦ
1073 3221 1325 3292 ἀδελφοῦ,
1352 3223 1446 3275 καὶ
1470 3220 1614 3275 οὑτω
1645 3221 1743 3292 μὲν

70 3310 270 3382 πολλὴν
317 3313 400 3372 είς
429 3311 591 3363 αὑτὸν
626 3310 993 3363 ἐπιδείκνυται
1036 3310 1134 3382 τὴν
1172 3309 1575 3381 μακροθυμίαν,
1610 3326 1747 3363 πυν-

70 3398 373 3467 θανόμενος
401 3398 669 3468 πρότερον
707 3397 800 3451 καὶ
836 3397 1013 3461 διδοὺς
1048 3397 1196 3467 αὑτῷ
1224 3398 1386 3450 τόπον
1415 3396 1703 3465 ἀπολογίας
1729 3413 1744 3428 ⁸

69 3486 259 3556 ἐπειδὴ
314 3484 375 3537 δὲ
422 3485 700 3555 ἐνέμεινεν
751 3485 1139 3554 ἀναισχυντῶν,
1179 3485 1301 3537 τότε
1349 3484 1447 3553 τὴν
1480 3485 1749 3556 τιμωρίαν

68 3573 269 3640 ἐπάγει
301 3570 688 3643 σωφρονισμοῦ
717 3571 925 3635 ἐνεκεν,
968 3570 1166 3643 πολλὴν
1198 3573 1288 3624 καὶ
1322 3571 1491 3642 αὑτὴν
1520 3571 1749 3641 ἔχουσαν

72 3658 426 3729 μεμιγμένην
458 3658 558 3728 τὴν
590 3658 732 3728 παρ’
760 3657 928 3711 αὑτοῦ
962 3657 1392 3729 φιλανθρωπίαν.

147 3745 321 3817 Ὁρᾷς
353 3745 490 3808 πῶς,
533 3745 696 3816 ἡνίκα
728 3746 826 3815 μὲν
863 3746 943 3806 είς
970 3744 1133 3798 αὑτὸν
1171 3745 1406 3815 ἥμαρτε,
1440 3744 1534 3797 καὶ
1564 3744 1747 3815 ἀμαρ-

68 3835 195 3887 τίαν
228 3836 293 3887 οὑ
326 3833 426 3904 τὴν
468 3833 758 3903 τυχοῦσαν,
805 3831 1205 3902 ἀπεπέμψατο’
1252 3834 1341 3886 ὅτε
1370 3832 1428 3884 δὲ
1477 3833 1620 3885 κατά
1650 3830 1747 3884 τοῦ

72 3921 305 3990 ἀδελφοῦ
331 3922 431 3992 τὴν
465 3920 645 3984 δεξιάν
672 3919 901 3983 ὥπλισε,
927 3919 1050 3974 τότε
1073 3920 1167 3972 καὶ
1186 3919 1284 3990 τὴν
1312 3918 1628 3990 ἐπιτίμησιν
1655 3920 1750 3973 καὶ

76 4008 171 4079 τὴν
204 4009 458 4078 κατάραν
486 4007 726 4072 ἐδέξατο.
766 4007 923 4060 Οῦτω
942 4007 1037 4060 νῦν
1063 4007 1158 4059 καὶ
1186 4008 1346 4077 ἡμεῖς
1372 4005 1633 4077 ποιῶμεν,
1658 4008 1752 4061 καὶ

82 4093 506 4167 μιμώμεθα”τὸν
535 4094 812 4163 Δεσπότην
843 4094 936 4147 τὸν
977 4094 1246 4166 ἡμέτερον
1267 4109 1282 4121 ’
1330 4094 1423 4146 καὶ
1448 4093 1517 4146 τὰ
1548 4096 1645 4163 μὲν
1670 4095 1751 4157 εἰς

79 4184 223 4253 ἡμᾶς
267 4182 647 4252 ἁμαρτήματα
692 4181 1181 4253 παραπέμπωμεν,
1238 4180 1331 4233 καὶ
1385 4180 1751 4252 συγχωρῶμεν

78 4274 188 4334 τοῖς
219 4272 305 4333 εἰς
328 4270 475 4341 ἡμᾶς
505 4268 921 4340 πλημμελοῦσιν
939 4285 953 4298 ⁸
980 4268 1109 4321 ὅταν
1140 4267 1199 4320 δὲ
1230 4270 1310 4332 είς
1338 4267 1431 4320 τὸν
1463 4268 1596 4320 Θεὸν
1624 4286 1751 4321 συν-

80 4359 249 4429 τείνῃ,
280 4357 407 4411 τότε
436 4355 590 4420 δίκας
624 4355 976 4426 ἀπαιτῶμεν.
1031 4354 1170 4409 Ἀλλ’
1220 4354 1320 4409 οὑκ
1356 4351 1452 4409 οἷδ’
1474 4356 1620 4419 ὅπως
1649 4357 1754 4409 ἀπ-

82 4445 331 4508 εναντίας
382 4443 595 4497 ἅπαντα
637 4442 1101 4515 διαπραττόμεθα,
1150 4442 1245 4495 καὶ
1302 4442 1367 4495 τὰ
1420 4441 1519 4513 μὲν
1551 4445 1630 4506 είς
1656 4444 1748 4496 τὸν

84 4532 208 4586 Θεὸν
232 4531 585 4586 διαϐαίνοντα
615 4531 983 4602 ἁμαρτήματα
1013 4528 1132 4581 οὑδέ
1159 4528 1295 4591 ὅλως
1314 4528 1546 4581 ἐκδικεῖν
1578 4545 1746 4581 σπου-

85 4619 337 4689 δάζομεν,
368 4619 436 4672 ἂν
464 4618 521 4671 δέ
557 4633 610 4670 τι
647 4616 755 4670 τῶν
786 4616 1056 4686 τυχόντων
1085 4615 1166 4678 είς
1207 4616 1356 4685 ἡμᾶς
1387 4613 1749 4685 ἀμαρτηθείη,

86 4706 269 4760 τούτου
309 4706 531 4776 σφοδροὶ
562 4702 827 4773 γινόμεθα
855 4702 1139 4768 ἐξετασταὶ
1168 4702 1262 4754 καὶ
1307 4703 1622 4772 κατήγοροι,
1653 4702 1754 4756 οὑκ

85 4794 283 4856 εἰδότες
308 4794 390 4846 δτι
428 4791 601 4864 ταύτῃ
629 4791 722 4843 καὶ
748 4788 1009 4859 μειζόνως
1042 4788 1162 4843 καθ’
1188 4788 1347 4860 ἡμῶν
1392 4789 1590 4859 μᾶλλον
1619 4806 1754 4860 παρ-

82 4881 348 4949 οξύνομεν
386 4879 479 4931 τὸν
520 4878 901 4947 φιλάνθρωπον
945 4876 1243 4946 Δεσπότην.
1317 4875 1437 4927 Ὀτι
1482 4874 1591 4946 γὰρ
1635 4875 1756 4940 ἔθος

85 4965 239 5039 [ειε]
256 4966 339 5035 τῷ
366 4966 487 5034 Θεῴ
502 4966 571 5019 τά
593 4967 693 5036 μὲν
721 4964 802 5028 είς
839 4963 1001 5017 αὑτὸν
1031 4961 1289 5023 πολλάκις
1312 4961 1753 5031 ἀποπέμπεσθαι,

81 5056 154 5108 τά
182 5054 244 5107 δὲ
274 5054 355 5116 είς
387 5056 513 5118 τοὺς
568 5053 798 5125 πλησίον
850 5052 1110 5121 γινόμενα
1158 5049 1553 5120 ἁμαρτήματα,
1584 5049 1757 5102 ταῦτα

86 5143 227 5214 μετά
265 5140 467 5212 πολλῆς
498 5141 733 5194 ἐκδικεῖν
764 5140 883 5210 τῆς·
911 5139 1288 5210 σφοδρότητος,
1335 5137 1498 5190 ἄκουε
1526 5136 1620 5190 τοῦ
1658 5138 1757 5208 μὲν

88 5230 368 5303 μακαρίου
402 5228 611 5281 Παύλου
632 5230 918 5296 λέγοντοςη
966 5226 1039 5280 Et
1065 5242 1155 5292 τις
1179 5224 1436 5293 γυναῖκα
1459 5224 1584 5292 ἔχει
1619 5223 1756 5278 άπι-

84 5335 260 5382 στον,
298 5318 400 5370 καὶ
444 5314 600 5383 αὐτὴ
636 5312 997 5368 συνευδοκεῖ
1036 5310 1222 5365 οἰκεῖν
1250 5310 1378 5379 μετ’
1420 5310 1627 5376 αὐτοῦ,
1669 5311 1756 5379 μὴ

86 5406 310 5474 ἀφιέτω
330 5403 547 5469 αὐτήν.
588 5401 702 5457 Καὶ
732 5400 887 5471 γυνὴ
912 5399 970 5454 ει
1000 5416 1088 5465 τις
1112 5399 1237 5466 ἔχει
1260 5396 1450 5464 ἄνδρα
1476 5397 1756 5465 ἄπιστον,

18 5558 19 5561 η
88 5492 186 5545 καὶ
220 5488 413 5554 αὐτὸς
441 5487 797 5542 συνευδοκεῖ
821 5485 1007 5540 οἰκεῖν
1028 5486 1152 5553 μετ’
1190 5481 1399 5550 αὐτῆς,
1425 5482 1512 5552 μὴ
1544 5483 1761 5553 ἀφιέτω

91 5580 299 5634 αὐτόν.
352 5571 512 5639 Εἶδες
549 5575 692 5644 πόση
741 5576 777 5644 ἡ
817 5564 1262 5641 συγκατάϐασιςς
1314 5568 1430 5623 Κᾶν
1464 5570 1665 5641 Ἕλλην
1698 5570 1757 5646 ᾗ,

79 5668 241 5737 φησι.
280 5664 389 5718 κᾶν
426 5664 678 5725 ἄπιστοςο
712 5661 1069 5730 καταδέχεται
1102 5658 1161 5710 δὲ
1202 5657 1265 5709 τὸ
1295 5656 1648 5722 συνοικέσιον,
1683 5660 1759 5731 μὴ

95 5754 432 5828 παραιτήσῃ.
475 5749 581 5805 Καὶ
603 5749 765 5805 πάλιν
785 5766 799 5779 ο
825 5747 955 5803 Κᾶν
980 5744 1186 5814 ἐθνικὴ
1211 5742 1478 5814 τυγχάνῃ
1509 5746 1548 5813 ἡ
1579 5747 1758 5815 γυνὴ,

95 5841 207 5898 πᾶν
225 5840 509 5906 ἄπιστος,
526 5836 816 5903 ,ϐούλεται
843 5835 911 5889 δὲ
939 5830 1269 5899 συνοικεῖν,
1296 5829 1382 5902 μὴ
1412 5831 1647 5903 ἀπώσῃ.
1694 5836 1757 5890 Τί

1214 405 1280 461 IN
1315 407 1468 464 CAP.
1511 407 1625 462 VIII
1683 407 1924 465 GENES.
1962 408 2196 466 HOMIL.
2237 410 2407 466 XXVI

1853 524 1982 594 γὰρ,
2013 525 2200 595 φησὶν,
2226 525 2414 592 οἶδας,
2438 523 2486 583 ὧ
2527 527 2722 596 γύναι,
2762 529 2815 581 εί
2844 528 2954 582 τὸν
2987 528 3175 597 ἄνδρα
3208 532 3447 596 σώσεις,
3482 533 3519 600 ἣ

1850 613 1905 663 τί
1929 608 2130 677 οἶδας,
2161 611 2324 679 ἆνερ,
2356 614 2409 666 εὶ
2438 612 2552 680 τὴν
2580 613 2834 683 γυναῖκα
2860 613 3080 681 σώσεις
3097 632 3116 679 ;
3146 618 3287 687 Ὅρα
3317 617 3433 680 πῶς
3460 619 3519 670 οὑ

1850 697 2047 751 κωλύει
2075 699 2168 752 τὸν
2198 698 2533 753 ἀπιστοῦντα
2560 700 2762 773 αὑτῷἦ
2794 704 2893 772 τὴν
2923 703 3257 756 ἀπιστοῦσαν
3291 705 3486 758 καταδέ
3512 737 3520 745 -

1850 785 2035 855 χεσθαι
2062 787 2142 849 εἰς
2167 785 2393 840 τὸν-τοῦ
2429 789 2974 857 συνοικεσίου”νόμον.
3034 792 3235 845 Ἀκουε
3268 793 3323 844 δὲ
3352 792 3520 847 πάλιν

1849 872 2009 926 αὑτοῦ
2042 874 2136 926 τοῦ
2165 874 2401 947 Χριστοῦ
2435 875 2686 944 λέγοντος
2729 881 2841 940 τοῖς
2875 879 3185 949 μαθηταῖςς
3224 880 3521 948 Λέγωγὰρ

1847 959 2009 1028 ὑμῖν,
2048 960 2137 1013 ὅτι
2173 961 2293 1028 πᾶς
2322 966 2354 1016 ὀ
2396 963 2683 1018 ἀπολύων
2728 964 2843 1029 τὴν
2874 966 3129 1034 γυναῖκα
3158 966 3343 1019 αὐτοῦ
3372 982 3521 1034 παρ-

1848 1046 2023 1112 εκτὸς
2073 1050 2261 1118 λόγου
2307 1050 2621 1117 πορνείας,
2672 1050 2829 1103 ποιεῖ
2868 1052 3062 1119 αὐτὴν
3103 1051 3518 1121 μοιχευθῆναι.

1848 1134 2022 1204 Πολλὴ
2059 1136 2152 1205 τῆς
2185 1136 2652 1209 φιλανθρωπίαςὴ
2704 1139 2993 1208 ὑπερϐολή.
3048 1140 3169 1193 Κᾶν
3204 1140 3426 1202 ἄπιστος
3458 1138 3518 1213 ᾖ,

1849 1220 2027 1290 φησὶν,
2070 1222 2102 1293 ἢ
2139 1223 2346 1292 ὲθνικὴ,
2403 1224 2757 1293 καταδέχεται
2790 1225 2866 1285 δὲ,
2896 1226 3121 1294 κάτεχε·
3159 1227 3225 1279 ἂν
3266 1225 3321 1278 δὲ
3351 1229 3430 1290 εἰς
3460 1228 3520 1280 σὲ

1845 1308 2085 1380 ἁμάρτῃ.
2116 1310 2211 1360 καὶ
2239 1310 2347 1361 τῶν
2378 1308 2658 1378 συνθηκῶν
2693 1309 3037 1380 ἐπιλάθηται,
3064 1313 3157 1363 καὶ
3179 1312 3278 1382 τὴν
3316 1314 3518 1382 ἑτέρων

1845 1395 2127 1447 κοινωνίαν
2172 1399 2507 1469 προτιμήσῃ,
2554 1395 2730 1462 ἒξεστί
2767 1413 2850 1449 σοι
2894 1396 3143 1450 ἐκϐαλεῖν
3176 1398 3269 1449 καὶ
3299 1399 3521 1452 ἀπώσα-

1845 1480 1986 1534 σθαι.
2025 1482 2208 1535 Ταῦτα
2244 1483 2583 1554 λογιζόμενοι
2625 1484 3017 1554 σπουδάζωμεν
3045 1485 3138 1537 καὶ
3167 1487 3326 1556 ἡμεῖς
3363 1488 3520 1554 ἀμεί-

1844 1568 2034 1622 ϐεσθαι
2079 1570 2170 1622 τὸν
2197 1573 2470 1641 Δεσπότην
2505 1571 2604 1641 τῆς
2633 1572 2712 1634 εἰς
2747 1573 2895 1643 ἡμᾶς
2920 1572 3152 1634 εὐνοίας,
3204 1574 3296 1625 καὶ
3326 1572 3517 1644 ῶσπερ

1843 1655 2005 1718 αὑτὸς
2034 1655 2101 1708 τὰ
2136 1656 2233 1726 μὲν
2255 1659 2335 1719 εἰς
2370 1656 2529 1710 αὑτὸν
2577 1656 3002 1726 ἀποπέμπεσθαι
3038 1658 3411 1727 καταδέχεται,
3452 1660 3523 1710 τά

1841 1740 1896 1792 δὲ
1935 1742 2175 1811 ἡμέτερα
2206 1742 2408 1795 ὲκδικεί
2437 1743 2533 1795 καὶ
2576 1742 2712 1812 μετὰ
2759 1742 2959 1813 πολλῆς
2999 1743 3097 1813 τῆς
3132 1743 3517 1813 σφοδρότητος,

1843 1826 1934 1879 τὸν
1973 1828 2135 1883 αὑτὸν
2176 1828 2239 1900 δὴ
2271 1830 2471 1901 τρόπον
2506 1830 2600 1883 καὶ
2638 1829 2790 1883 αὐτοὶ
2829 1829 3071 1901 ποιῶμεν
3096 1847 3109 1860 ·
3156 1831 3248 1883 καὶ
3282 1831 3381 1882 ὅσα
3421 1830 3520 1900 μὲν

1845 1917 1925 1978 εἰς
1963 1917 2109 1983 ἡμᾶς
2146 1917 2546 1987 ἁμαρτάνουσιν
2577 1919 2625 1970 οἱ
2654 1917 2882 1988 πλησίον
2912 1917 3301 1988 συγχωρῶμεν,
3335 1919 3434 1971 ὅσα
3463 1918 3519 1972 δὲ

1844 2003 1923 2063 είς
1966 2002 2057 2054 τὸν
2093 2002 2224 2055 Θεὸν
2253 2004 2535 2067 συντείνει,
2564 2003 2735 2057 ταῦτα
2771 2004 2907 2074 μετά
2935 2005 3136 2072 πολλῆς
3162 2005 3259 2073 τῆς
3287 2006 3520 2076 σπουδῆς

1842 2089 2076 2142 ἐκδικεῖν
2116 2091 2522 2161 σπουδάζωμεν.
2576 2091 2746 2145 Τοῦτο
2789 2092 2897 2163 γὰρ
2931 2093 3023 2144 καὶ
3066 2093 3212 2162 ἡμᾶς
3248 2090 3520 2162 ὠφελήσει

1842 2174 1911 2227 τὰ
1963 2176 2215 2244 μέγιστα,
2246 2180 2338 2232 καὶ
2382 2179 2507 2241 τοὺς
2537 2181 2636 2250 τὴν
2680 2179 2961 2252 διόρθωσιν
3001 2179 3319 2249 δεχομένους
3353 2180 3413 2231 οὑ
3450 2178 3521 2233 τὰ

1841 2264 2072 2333 τυχόντα
2118 2265 2345 2336 ὀνίνησι.
2399 2268 2552 2337 Τάχα
2610 2269 2689 2330 εἰς
2735 2267 2868 2320 πολὺ
2912 2268 3082 2337 μῆκος
3124 2269 3253 2337 ἡμῖν
3291 2268 3517 2339 ἐξετάθη

1845 2352 2080 2421 σήμερον
2127 2352 2194 2404 τά
2231 2353 2514 2423 προοίμια.
2570 2355 2681 2406 Καὶ
2721 2354 2772 2405 τί
2809 2353 2992 2416 πάθω;
3045 2354 3158 2423 Οὐχ
3197 2353 3337 2406 έκὼν
3362 2353 3522 2406 τοῦτο

1842 2437 2133 2506 ὑπέμεινα,
2166 2440 2279 2492 ἀλλ’
2311 2440 2415 2492 ὑπὸ
2450 2443 2549 2511 τῆς
2581 2439 2902 2499 ἀκολουθίας
2930 2440 3023 2493 τοῦ
3067 2439 3224 2509 λόγου
3269 2457 3519 2512 παρασυ-

1846 2540 1975 2594 ρεις.

1928 2611 2142 2681 Ἐπειδὴ
2173 2612 2228 2664 δὲ
2278 2612 2406 2682 περὶ
2456 2611 2547 2665 τοῦ
2591 2612 2975 2682 κατακλυσμοῦ
3011 2615 3117 2677 πᾶς
3156 2617 3184 2667 6
3215 2614 3371 2683 λόγος
3403 2618 3519 2669 ἐκι-

1841 2698 1977 2769 νὴθη
2018 2700 2169 2768 ἡμῖν,
2204 2699 2447 2769 ἀνάγκην
2479 2699 2706 2768 ἔσχομεν
2738 2700 2903 2763 δεῖξαι
2941 2703 3004 2771 τῇ
3036 2703 3278 2774 ὑμετέρα
3306 2704 3516 2775 ἀγάπῃ,

1842 2786 1924 2838 ὃτι
1975 2788 2069 2838 καὶ
2113 2787 2167 2838 αἱ
2210 2787 2467 2856 τιμωρίαι
2505 2786 2559 2839 αί
2615 2788 2760 2857 παρά
2799 2787 2891 2839 τοῦ
2938 2788 3069 2840 Θεοῦ
3120 2789 3520 2861 φιλανθρωπίαι

1847 2873 2044 2942 μᾶλλόν
2081 2876 2217 2925 εἰσιν
2252 2874 2283 2943 ἢ
2318 2872 2604 2945 τιμωρίαι,
2632 2871 2821 2943 ὥσπερ
2859 2871 2953 2925 οὖν
2986 2875 3148 2938 αὑτὸς
3191 2876 3220 2926 6
3252 2877 3522 2929 κατακλυ-

1845 2960 2001 3028 σμός.
2045 2958 2312 3029 Καθάπερ
2356 2959 2462 3029 γὰρ
2495 2956 2679 3028 πατὴρ
2712 2957 3081 3029 φιλόστοργος,
3126 2961 3423 3031 κηδεμονία
3450 2964 3517 3033 τῇ

1845 3046 1975 3117 περὶ
2015 3045 2112 3117 τὴν
2147 3045 2420 3116 ἡμετέραν
2459 3044 2618 3112 φύσιν
2654 3044 2832 3097 πάντα
2873 3045 3283 3117 διαπράττεται.
3324 3049 3439 3101 Ἰνα
3462 3048 3521 3103 δὲ

1845 3133 1940 3186 καὶ
1988 3136 2050 3186 ἐκ
2093 3134 2201 3184 τῶν
2242 3132 2336 3184 νῦν
2376 3134 2507 3202 ἡμῖν
2550 3132 2928 3202 προκειμένων
2974 3134 3069 3186 καί⁵
3110 3135 3175 3186 ἐκ
3207 3135 3315 3186 τῶν
3350 3135 3522 3206 σὴμε-

1848 3236 1939 3288 ρον
1973 3218 2425 3287 ἀναγνωσθέντων
2457 3217 2664 3287 μάθητε
2693 3217 2858 3270 αὑτοῦ
2883 3219 2980 3288 τῆς
3014 3219 3423 3290 φιλανθρωπίας
3458 3219 3522 3274 τὸ

1849 3306 2094 3377 μέγεθος.
2130 3306 2450 3376 ἀκούσωμεν
2498 3306 2677 3358 αὑτῶν
2715 3304 2821 3357 τῶν
2860 3306 2958 3375 τῆς
2991 3306 3139 3370 θείας
3166 3308 3388 3377 Γραφῆς
3430 3311 3522 3380 ρη-

1849 3396 2054 3465 μάτων.
2133 3397 2349 3464 Ἐπειδὴ
2402 3395 2511 3466 γάρ
2555 3394 2680 3464 χθὲς
2727 3396 2964 3462 ἐδίδαξεν
2998 3399 3146 3467 ἡμᾶς
3187 3400 3215 3451 6
3256 3399 3522 3470 μακάριος

1847 3485 2086 3552 Μωῦσης
2106 3482 2295 3549 λέγων,
2319 3483 2401 3535 ὅτι
2433 3480 2672 3549 ’Υψώθη
2694 3484 2757 3534 τὸ
2783 3482 2938 3550 ὕδωρ
2966 3484 3064 3536 ἐπὶ
3104 3483 3216 3552 τῆς
3237 3484 3351 3553 γῆς
3376 3485 3520 3554 ὴμέ-

1838 3587 1955 3638 ρας
1983 3570 2200 3623 ἑκατὸν
2224 3567 2602 3634 πεντήκοντα
2631 3568 2817 3639 (μέχρι
2847 3570 2957 3638 γὰρ
2981 3571 3172 3623 τούτου
3198 3573 3330 3641 ἡμῖν
3352 3572 3521 3642 ἐπλη-

1850 3656 1998 3726 ρώθη
2044 3657 2111 3710 τά
2146 3657 2244 3726 τῆς
2275 3654 2666 3723 διδασκαλίας),
2713 3656 2954 3726 σήμερόν
3000 3673 3153 3725 φησι,
3186 3658 3297 3711 Καὶ
3339 3658 3521 3727 ἐμνή-

1846 3747 1962 3810 σθη
1991 3747 2023 3797 ὀ
2060 3744 2205 3808 Θεὸς
2246 3741 2353 3796 τοῦ
2383 3741 2531 3805 Νῶε,
2581 3740 2681 3794 καὶ
2708 3740 2950 3794 πάντων
2985 3744 3106 3796 τῶν
3139 3746 3381 3810 θηρίων,
3419 3746 3521 3799 καὶ

1846 3829 2089 3883 πάντων
2134 3829 2254 3881 τῶν
2296 3826 2567 3896 κτηνῶν,
2620 3827 2721 3881 καὶ
2770 3826 3013 3883 πάντων
3049 3830 3166 3883 τῶν
3211 3831 3518 3893 πετεινῶν,

1846 3919 1946 3973 καὶ
1973 3917 2216 3972 πάντων
2242 3916 2361 3971 τῶν
2387 3914 2675 3986 ἑρπετῶν,
2706 3915 2824 3969 ὅσα
2852 3912 2933 3987 ἦν
2961 3918 3112 3988 μετὰ
3137 3917 3322 3972 αὑτοῦ
3343 3918 3415 3971 ἐν
3446 3918 3520 3988 τῇ

1846 4005 2093 4071 κιϐωτῷ.

1918 4100 1989 4163 γ’.
2019 4093 2128 4147 Θέα
2178 4110 2267 4163 μοι
2302 4090 2462 4145 πάλιν
2492 4092 2591 4162 τῆς
2623 4091 2772 4154 θείας
2797 4091 3021 4164 Γραφῆς
3042 4089 3140 4160 τὴν
3176 4090 3521 4158 συγκατάϐα-

1829 4199 1950 4237 ·σιν.
1983 4182 2093 4235 Καὶ
2124 4180 2420 4251 ἐμνήσθη.
2462 4180 2647 4249 φησὶν,
2679 4185 2712 4235 ό
2742 4182 2905 4246 Θεός.
2935 4179 3264 4249 Θεοπρεπῶς
3289 4178 3520 4249 νοῶμεν,

1847 4271 2140 4342 ἀγαπητοὶ,
2159 4270 2226 4324 τὰ
2243 4270 2531 4339 λεγόμενα,
2552 4268 2647 4322 καὶ
2671 4268 2744 4339 μὴ
2767 4270 2832 4339 τῇ
2863 4267 3116 4338 ἀσθενείᾳ
3134 4268 3231 4337 τῆς
3246 4266 3520 4337 ἡμετέρας

1850 4359 2064 4428 φύσεως
2085 4354 2429 4427 λογιζώμεθα
2443 4354 2553 4408 τῶν
2575 4354 2771 4418 λέξεων
2782 4355 2881 4425 τὴν
2906 4352 3209 4424 παχύτητα.
3232 4354 3395 4407 Ὅσον
3415 4354 3524 4423 γὰρ

1849 4445 1986 4516 πρὸς
2005 4445 2102 4515 τὴν
2127 4444 2362 4515 ἄρρητον
2390 4442 2551 4511 φύσιν
2571 4440 2809 4510 ἐκείνην,
2835 4440 3051 4506 ἀνάξιον
3078 4439 3139 4492 τὸ
3167 4439 3318 4508 ῥῆμα
3336 4455 3348 4468 ·
3369 4437 3521 4510 ι’ἳίη

1849 4532 1973 4585 ὅσον
2004 4530 2061 4583 δέ
2093 4530 2227 4600 πρὸς
2268 4529 2367 4600 τὴν
2396 4529 2667 4599 ἡμετέραν
2695 4526 3000 4588 ἀσθένειαν,
3038 4525 3345 4588 ἀκολούθως
3375 4525 3522 4595 εῖρη-

1850 4636 1960 4673 ται.
2006 4614 2332 4686 Ἐμνήσθη,
2359 4617 2546 4683 φησὶν,
2582 4617 2615 4667 ὀ
2656 4615 2801 4679 Θεὸς
2833 4613 2940 4667 τοῦ
2969 4610 3120 4666 Νῶε.
3164 4611 3381 4681 Ἐπειδὴ
3416 4610 3524 4683 γὰρ

1849 4705 2149 4776 διηγήσατο
2175 4704 2307 4772 ἡμῖν
2351 4703 2408 4755 ἐν
2439 4704 2551 4763 τοῖς
2598 4701 2700 4771 ἤδη
2746 4699 2990 4771 ῥηθεῖσι,
3038 4698 3290 4768 καθάπερ
3326 4696 3520 4768 προλας

1851 4792 2037 4853 ϐόντες
2067 4788 2382 4858 ἐδιδάξαμεν
2416 4786 2569 4856 ὑμῶν
2601 4787 2699 4857 τὴν
2722 4788 2961 4856 ἀγάπην,
2990 4785 3072 4837 ὅτι
3098 4786 3154 4836 ἐν
3175 4786 3293 4846 ταῖς
3330 4799 3527 4835 τεσσα-

1857 4878 2092 4950 ράκοντα
2133 4875 2367 4946 ἡμέραις
2409 4874 2504 4929 καὶ
2544 4873 2833 4934 τοσαύταις
2875 4870 3022 4934 νυξὶν
3068 4872 3096 4923 6
3139 4869 3290 4931 ὑετὸς
3312 4869 3521 4935 γέγονε,

1854 4965 1950 5019 καὶ
1984 4965 2041 5016 ἐν
2078 4961 2272 5015 ἑκατὸν
2312 4962 2648 5031 πεντήκοντα
2684 4961 2916 5029 ἡμέραις
2953 4957 3044 5009 ἐπὶ
3075 4956 3172 5024 τῆς
3199 4955 3521 5025 ταυτότητος

1853 5050 2089 5121 διέμεινε
2118 5048 2251 5102 δέκα
2273 5048 2433 5101 πέντε
2454 5048 2650 5116 πήχεις
2670 5045 2968 5114 ὑψούμενον
2990 5042 3176 5095 ἐπάνω
3196 5041 3303 5094 τῶν
3329 5041 3520 5112 ὁρέων,

1855 5142 1952 5195 καὶ
1975 5140 2058 5193 ὃτι
2082 5139 2284 5191 τούτων
2312 5135 2610 5207 γινομένων
2634 5136 2664 5187 6
2698 5134 2906 5197 δίκαιος
2944 5134 3002 5185 ἐν
3026 5134 3093 5201 τῇ
3123 5129 3340 5200 κιϐωτῷ
3365 5131 3520 5199 ἐτύγ-

1840 5243 2039 5297 .χανεν,
2061 5224 2182 5278 οὑδὲ
2205 5224 2295 5276 τὸν
2314 5222 2451 5293 ἀέρα
2471 5222 2728 5274 ἀναπνεῖν
2746 5219 3059 5288 δυνάμενος.
3086 5220 3351 5272 συνόντων
3376 5217 3521 5287 αὑτῷ

1858 5311 2088 5368 καὶτῶν
2113 5309 2322 5377 ἀλόγων
2364 5308 2635 5369 ἁπάντων,
2681 5305 2770 5358 διὰ
2806 5304 2964 5358 τοῦτό
3011 5321 3163 5373 φησι,
3199 5304 3311 5357 Καὶ
3343 5304 3520 5373 ἐμνή-

1857 5402 1975 5465 σθη
1997 5402 2030 5452 ό
2058 5399 2197 5462 Θεὸς
2228 5396 2333 5450 τοῦ
2360 5393 2505 5448 Νῶε.
2541 5394 2607 5448 Τί
2632 5395 2810 5456 ἐστιν,
2861 5391 3203 5460 Ἑμνήσθη;
3246 5393 3517 5463 ᾭκτειρε,

1859 5487 2052 5556 φησὶν,
2106 5486 2135 5536 6
2178 5482 2309 5545 Θεὸς
2344 5481 2434 5534 τὸν
2481 5480 2686 5533 δίκαιον
2738 5480 2796 5531 ἐν
2845 5481 2913 5550 τῇ
2969 5477 3187 5547 κιϐωτῷ
3230 5479 3518 5546 διάγοντα,

1858 5573 2087 5643 ἠλέησεν
2114 5570 2278 5624 αὑτὸν
2304 5571 2364 5621 ὲν
2403 5566 2636 5638 τοσαύτῃ
2668 5565 2999 5637 στενοχωρίᾳ
3025 5566 3392 5635 τυγχάνοντα,
3425 5565 3519 5618 καὶ

1858 5658 1917 5708 ἐν
1961 5654 2243 5724 ἀμηχανία
2289 5651 2625 5714 καθεστῶτα,
2673 5650 2765 5704 καὶ
2805 5651 2907 5703 οὑκ
2948 5648 3126 5702 εἰδότα
3162 5648 3322 5719 μέχρι
3375 5648 3519 5710 τίνος

1860 5744 2116 5814 στήσεται
2147 5741 2218 5793 τὰ
2236 5741 2400 5794 δεινά.
2443 5738 2643 5793 Ἐννόει
2668 5738 2777 5809 γάρ
2804 5754 2895 5808 μοι
2923 5737 3108 5802 ποίους
3132 5738 3367 5791 ἀνεκίνει
3395 5735 3518 5790 καθ’

1862 5828 2050 5886 ἐαυτὸν
2097 5828 2387 5898 λογισμοὺς
2417 5825 2553 5898 μετά
2590 5825 2690 5889 τὰς
2731 5824 3135 5898 τεσσαράκοντα
3176 5824 3388 5898 ἡμέρας
3423 5824 3518 5879 καὶ

3413 416 3521 472 252
3597 387 3609 395 ”
