4062 6396
192 379 298 435 233

197 505 298 545 nes
351 496 475 558 post
519 484 868 556 quadraginta
923 482 1038 537 dies
1081 492 1137 537 et
1180 482 1525 552 quadraginta
1585 493 1794 546 noctes,

198 580 404 651 quibus
430 579 633 649 impetu
657 590 850 647 magno
872 573 1065 643 pluviae
1089 572 1425 643 ingruebant,
1447 587 1567 627 cum
1594 575 1798 629 videret

200 670 399 725 diebus
426 677 642 723 centum
671 664 1052 736 quinquaginta
1079 662 1131 716 in
1162 661 1349 716 eadem
1375 662 1654 718 altitudine
1686 679 1801 717 ma-

200 776 334 815 nere
361 775 561 829 aquas,
590 772 766 828 neque
792 756 1012 811 omnino
1040 754 1299 809 desistere
1327 772 1340 808 :
1373 762 1427 808 et
1462 754 1603 824 quod
1635 755 1801 810 multo

203 853 448 923 gravius,
472 866 648 921 neque
674 849 845 904 oculis
866 849 1047 903 videre
1069 848 1237 916 potuit
1265 862 1326 901 ea
1347 862 1464 916 quae
1495 848 1627 902 facta
1654 857 1798 913 sunt,

201 943 297 996 sed
330 942 593 1005 inclusus,
618 955 739 995 cum
771 955 878 994 non
907 949 1090 1009 posset
1116 954 1365 1008 umquam
1395 939 1565 993 oculis
1589 942 1798 1010 assequi

201 1046 410 1101 quanta
451 1040 634 1087 essent
680 1030 854 1096 mala,
902 1029 1157 1097 majorem
1196 1030 1492 1084 sustinebat
1536 1030 1799 1098 dolorem,

203 1129 565 1197 gravioraque
585 1124 824 1194 quotidie
849 1122 1238 1193 suspicabatur.
1275 1121 1389 1191 Ego
1412 1136 1540 1177 vero
1565 1121 1803 1177 admiror

202 1218 483 1289 quomodo
533 1232 642 1285 prae
693 1216 905 1270 tristitia
951 1230 1056 1269 non
1106 1213 1265 1268 fuerit
1311 1215 1632 1283 absorptus,
1678 1230 1799 1269 cum

205 1320 453 1365 mentem
483 1308 621 1363 illius
650 1313 891 1362 subirent
919 1305 1134 1360 humani
1165 1305 1374 1375 generis
1400 1305 1644 1360 interitus
1662 1346 1678 1372 ,
1707 1321 1801 1359 sua

203 1400 468 1463 solitudo,
497 1407 552 1453 et
586 1397 820 1452 difiieilis
846 1396 930 1449 illa
956 1396 1081 1449 vita.
1114 1396 1181 1449 At
1201 1409 1359 1449 causa
1384 1394 1648 1449 bonorum
1680 1410 1801 1449 om-

204 1491 358 1547 nium
396 1490 472 1544 illi
506 1489 603 1543 fuit
641 1504 735 1542 sua
766 1488 820 1541 in
848 1487 1013 1541 Deum
1038 1485 1190 1551 ﬁdes,
1217 1500 1312 1555 per
1333 1500 1489 1553 quam
1513 1494 1566 1541 et
1588 1486 1801 1551 restitit,

208 1592 266 1637 et
293 1581 479 1637 omnia
508 1580 716 1634 fortiter
746 1579 865 1632 tulit
894 1593 908 1629 :
938 1591 1167 1645 cumque
1194 1591 1287 1645 spe
1313 1585 1641 1645 pasccrctur,
1675 1576 1804 1630 nihil

205 1673 371 1726 triste
398 1669 680 1725 sentiebat.
710 1667 971 1735 Quoniam
998 1667 1160 1737 igitur
1182 1666 1322 1735 quod
1345 1682 1497 1720 suum
1528 1677 1642 1721 erat
1669 1683 1805 1737 prte-

206 1763 382 1827 stitit,
434 1772 541 1815 tam
593 1760 902 1829 patientiam
952 1757 1332 1824 monstrando,
1379 1773 1537 1827 quam
1585 1758 1802 1811 multam

210 1855 376 1908 Iidem
405 1850 684 1907 aﬁ‘erendo
706 1891 721 1916 ,
750 1863 959 1903 necnon
987 1848 1175 1902 miram
1208 1847 1568 1901 fortitudinem
1614 1864 1721 1917 prce
1747 1861 1805 1901 se

209 1942 471 2003 ferendo.
501 1939 621 1994 vide
650 1948 847 2009 quanta
876 1939 947 1992 sit
978 1937 1070 1991 Dei
1097 1952 1221 2006 erga
1267 1938 1438 2007 ipsum
1484 1937 1801 2007 benignitas.

210 2032 281 2087 Et
307 2031 604 2086 recordatus
633 2040 704 2084 est
725 2072 740 2094 ,
779 2029 947 2099 inquit
972 2069 986 2090 ,
1016 2026 1154 2082 Deus
1184 2026 1320 2081 Noe.
1350 2027 1466 2082 Non
1494 2029 1806 2097 simpliciter

211 2133 269 2179 et
296 2124 505 2191 absque
548 2136 707 2176 causa
740 2120 910 2187 dixit,
951 2119 1020 2173 Et
1057 2121 1350 2173 recordatus
1376 2130 1449 2173 est
1485 2137 1504 2175 :
1541 2120 1635 2175 sed
1681 2122 1803 2190 quia

206 2216 365 2285 prius
386 2213 561 2268 divina
585 2213 858 2281 Scriptura
880 2211 1248 2267 declaraverat
1268 2212 1420 2266 nobis
1444 2213 1804 2268 testimonium

208 2305 279 2359 de
305 2303 456 2373 justo
487 2304 594 2367 illo,
624 2301 810 2357 dicens
836 2342 850 2365 ,
881 2300 1154 2371 Ingredere
1179 2301 1234 2353 in
1260 2318 1453 2363 arcam,
1485 2302 1603 2385 quia
1631 2313 1678 2356 te
1703 2303 1806 2357 vidi

208 2397 406 2465 iustum
430 2396 483 2448 in
510 2396 831 2465 generatione
860 2394 955 2447 hac
982 2393 1131 2460 (Gen.
1155 2394 1207 2448 7.
1236 2394 1323 2465 1),
1354 2405 1638 2464 eapropter
1667 2412 1807 2451 nunc

211 2488 428 2559 inquit:
462 2486 529 2540 Et
559 2486 852 2541 recordatus
879 2495 952 2539 est
984 2485 1120 2539 Deus
1146 2484 1261 2539 Noe
1283 2526 1297 2550 ,
1346 2486 1448 2540 hoc
1489 2495 1571 2541 est
1592 2526 1607 2548 ,
1652 2489 1805 2542 testi-

212 2581 384 2634 monii
411 2578 551 2648 quod
574 2580 642 2633 de
673 2578 763 2631 illo
787 2578 1152 2647 perbibuerat,
1178 2593 1351 2647 neque
1374 2578 1541 2633 multo
1568 2589 1807 2649 tempore

214 2675 456 2744 neglexit
493 2673 717 2743 justum,
752 2672 844 2726 sed
871 2672 1095 2737 distulit,
1140 2671 1391 2742 quamdiu
1422 2672 1510 2727 ille
1544 2673 1682 2727 ferre
1710 2690 1802 2741 po-

215 2771 343 2831 tnit,
374 2776 426 2820 et
471 2774 597 2819 tunc
634 2765 683 2819 ei
721 2779 873 2818 smnn
903 2763 1221 2818 beneﬁcium
1258 2773 1313 2819 et
1347 2765 1569 2834 gratiam
1607 2766 1807 2837 impar-

214 2860 348 2912 titus
391 2868 495 2912 est.
544 2857 674 2910 Nam
715 2856 892 2910 sciens
933 2854 1294 2910 inﬁrmitatem
1341 2866 1537 2910 nostra:
1581 2868 1803 2924 naturae,

215 2949 483 3018 siquando
508 2948 769 3019 permittit
796 2948 1141 3001 tentationem
1165 2947 1371 3015 inferri,
1400 2964 1635 3018 coustjne
1659 2952 1807 3020 sinit,

218 3054 502 3109 quousque
530 3040 631 3093 scit
672 3053 771 3092 nos
811 3053 967 3107 posse
1004 3039 1288 3107 sustinere,
1331 3049 1389 3095 ut
1416 3049 1470 3095 et
1499 3041 1809 3096 retributio-

218 3134 345 3185 nem
371 3146 491 3201 qua:
514 3139 713 3185 nostrae
735 3139 993 3201 congruat
1017 3131 1312 3187 fortitudini
1345 3134 1560 3203 tribuat,
1583 3144 1637 3191 et
1657 3152 1808 3192 suam

220 3220 651 3276 misericordiam
708 3220 945 3277 declaret
992 3239 1006 3276 :
1056 3222 1196 3278 sicut
1245 3233 1301 3279 et
1350 3225 1546 3281 Paulus
1593 3228 1807 3298 inquit:

221 3312 418 3367 Fidelis
444 3322 615 3366 autem
654 3312 788 3367 Dens
807 3354 821 3377 ,
854 3314 941 3383 qui
966 3330 1068 3368 non
1104 3314 1231 3369 sinet
1260 3332 1345 3369 vos
1372 3319 1553 3372 tentari
1577 3336 1731 3388 supra
1756 3321 1812 3374 id

220 3405 356 3476 quod
384 3406 594 3475 potestis
619 3406 634 3435 ¹
658 3447 673 3469 ,
704 3405 793 3458 sed
836 3406 985 3474 faciet
1024 3421 1140 3459 cum
1180 3408 1449 3462 tentatione
1496 3420 1808 3478 proventum,

224 3506 277 3550 ut
307 3496 441 3565 ferre
467 3496 671 3565 possitis
698 3495 792 3567 (1.
820 3495 939 3550 Cor.
968 3496 1059 3552 10.
1089 3497 1216 3569 15).
1245 3498 1503 3565 Quoniam
1536 3502 1693 3571 igitur
1720 3504 1810 3572 ju-

224 3597 342 3639 stus
371 3585 463 3639 ille
508 3584 872 3640 fortitudinem
913 3597 966 3641 et
997 3588 1301 3657 patientiam
1348 3606 1455 3661 pra:
1483 3606 1541 3647 se
1587 3595 1810 3661 ferebat,

224 3691 322 3731 sua
352 3676 407 3731 in
435 3677 601 3731 Deum
630 3677 732 3732 ﬁde
757 3694 895 3733 arca:
922 3679 1076 3734 sedes
1102 3689 1156 3734 et
1181 3681 1334 3736 taedia
1367 3684 1656 3751 sustinens,
1685 3702 1813 3755 pro.

223 3778 346 3836 pter
385 3766 489 3822 hoc
532 3769 739 3838 inquit,
770 3767 834 3822 Et
865 3770 1157 3825 recordatus
1186 3781 1258 3826 est
1289 3771 1425 3829 Deus
1447 3773 1581 3829 Noe.
1615 3776 1815 3835 Deinde

227 3870 285 3914 ut
309 3859 487 3914 discas
516 3861 765 3932 abyssum
807 3861 999 3915 divina:
1040 3863 1418 3920 misericordia:
1442 3909 1457 3933 ,
1489 3867 1692 3923 addidit
1728 3870 1813 3924 di-

230 3951 357 4005 vina
386 3950 658 4019 Scriptura
695 3970 709 4005 :
739 3950 807 4005 Et
848 3954 1071 4006 omnium
1109 3957 1368 4025 ferarum,
1401 3967 1448 4011 et
1472 3960 1695 4013 omnium
1722 3961 1816 4032 ju-

226 4051 533 4108 mentorum,
562 4050 609 4095 et
633 4043 856 4096 omnium
881 4044 1178 4111 volatitium,
1210 4056 1256 4100 et
1284 4048 1507 4101 omnium
1535 4050 1813 4120 reptitium,

225 4150 553 4205 quaecumque
578 4145 720 4189 erant
749 4152 864 4189 cum
892 4137 983 4191 illo
1011 4139 1064 4191 in
1088 4155 1230 4193 arca.

305 4224 492 4279 Omnia
516 4227 569 4279 in
598 4227 840 4281 honorem
870 4229 1087 4284 hominis
1117 4234 1273 4302 facta.
1296 4263 1368 4277 —~
1391 4234 1521 4291 Vide
1548 4239 1817 4307 quomodo

226 4318 413 4373 omnia
462 4318 516 4372 in
564 4318 824 4373 honorem
870 4319 1103 4376 hominis
1148 4321 1294 4379 facit.
1340 4324 1475 4381 Nam
1518 4328 1655 4383 sicut
1693 4345 1817 4386 cum

228 4409 540 4465 hominibus
584 4412 674 4479 qui
733 4411 932 4467 diluvio
983 4416 1293 4483 perierunt,
1338 4432 1497 4473 omne
1537 4420 1816 4478 brutorum

227 4503 541 4557 animalium
563 4518 732 4572 genus
770 4503 1021 4574 perdidit,
1065 4506 1137 4560 ita
1176 4507 1263 4563 hic
1291 4524 1439 4563 suam
1465 4526 1589 4582 erga
1615 4513 1817 4581 justum

227 4594 384 4649 illum
428 4594 846 4649 miscricordiam
886 4595 1160 4652 declarare
1188 4599 1411 4666 volens,
1461 4602 1514 4657 in
1560 4604 1817 4661 honorem

228 4685 370 4755 ejus,
417 4697 568 4738 suam
609 4686 769 4740 etiam
812 4686 1105 4742 bonitatem
1143 4703 1208 4744 ac
1248 4705 1430 4745 curam
1474 4693 1526 4747 in
1568 4694 1719 4750 bruta
1763 4706 1823 4753 et

230 4777 406 4841 feras,
448 4785 506 4832 et
542 4778 775 4832 volatilia
817 4790 871 4835 et
916 4781 1127 4850 reptilia
1170 4796 1340 4852 usque
1376 4786 1591 4841 extendi
1630 4788 1818 4845 voluit.

235 4868 307 4923 Et
335 4868 630 4922 recordatus
655 4878 750 4937 est,
783 4870 985 4941 inquit,
1013 4870 1150 4927 Deus
1176 4871 1311 4941 Noe,
1343 4884 1391 4929 et
1426 4879 1650 4932 omnium
1678 4884 1820 4951 fera-

229 4978 383 5028 rum,
427 4971 476 5014 et
517 4962 741 5015 omnium
776 4963 1145 5034 jumentorum,
1188 4975 1235 5020 et
1271 4969 1498 5022 omnium
1542 4973 1818 5042 reptilium,

230 5068 562 5122 quacumque
590 5063 732 5107 erant
772 5071 889 5108 cum
933 5054 1024 5109 illo
1066 5057 1118 5111 in
1156 5074 1295 5113 arca.
1344 5057 1416 5114 Et
1440 5062 1656 5118 adduxit
1685 5064 1823 5123 Deus

231 5145 472 5214 spiritum
501 5162 653 5215 super
681 5156 903 5212 terram,
946 5159 996 5203 et
1036 5152 1247 5205 cessavit
1286 5170 1438 5223 aqua.
1471 5155 1821 5228 Recordatns,

232 5236 432 5305 inquit,
462 5234 597 5302 Noe,
630 5247 686 5292 et
712 5240 951 5295 omnium
980 5256 1101 5311 quae
1126 5257 1246 5296 cum
1290 5244 1382 5300 illo
1419 5256 1572 5303 erant
1599 5249 1652 5304 in
1676 5265 1821 5319 arca,

233 5327 496 5397 praecepit
519 5342 672 5396 aqute
716 5329 970 5399 impetum
997 5331 1261 5401 detineri,
1308 5343 1367 5390 ut
1392 5340 1647 5408 paulatim
1672 5359 1824 5400 suam

232 5428 689 5474 commonstraret
710 5420 1122 5493 benignitatem;
1149 5436 1204 5483 et
1225 5439 1408 5498 postea
1428 5431 1629 5501 justum
1655 5437 1828 5505 respi-

233 5523 361 5564 rare
386 5519 622 5572 curaret,
654 5518 715 5566 et
748 5526 778 5565 a
809 5514 1111 5571 turbatione
1141 5519 1519 5588 cogitationum
1549 5524 1826 5582 liberatum

234 5596 297 5654 in
322 5599 613 5671 tranquillo
639 5610 780 5657 statu
805 5606 1176 5676 constitueret,
1203 5615 1458 5667 concesso
1478 5622 1534 5668 et
1568 5614 1702 5671 lucis
1728 5632 1827 5673 usu

319 5767 337 5798 ί
367 5764 519 5817 Savil.
543 5772 597 5817 et
619 5766 815 5831 Morel.,
836 5780 922 5820 nos
947 5767 1135 5833 (ἡμᾶς),
1161 5771 1233 5831 et,
1258 5778 1512 5830 possumus
1537 5772 1812 5842 (δυνάμεθα)

1196 369 1263 425 ΙΝ
1298 369 1452 426 CAP.
1493 365 1628 422 VIII.
1667 363 1916 421 GENES.
1957 362 2185 417 HOMIL
2229 364 2418 418 XXVI.

3385 370 3488 426 2M

1909 482 1965 529 et
1990 475 2132 529 aeris
2159 475 2533 545 respiratione.
2565 476 2632 531 Et
2655 478 2871 535 adduxit
2913 481 3082 550 Deus,
3112 481 3313 555 inquit,
3341 486 3487 552 spiri-

1909 572 2017 618 tum
2044 581 2196 637 super
2234 575 2440 633 terram,
2487 575 2534 621 et
2562 570 2773 623 cessavit
2814 587 2966 640 aqua.
2992 570 3047 625 2.
3077 571 3146 626 Et
3172 575 3349 630 obtecti
3376 586 3494 631 sunt

1909 660 2073 728 fontes
2101 657 2269 728 abyssi
2311 670 2359 712 et
2401 668 2673 715 cataracta:
2707 662 2839 715 cteti.
2877 662 3006 720 Vide
3030 665 3300 735 quomodo
3342 683 3493 724 more

1910 746 2147 802 humano
2184 748 2419 818 loquitur
2456 749 2611 804 nobis
2639 752 2837 806 omnia.
2870 751 3064 808 Obtecti
3100 766 3254 823 sunt,
3298 756 3490 827 inquit,

1909 842 2072 909 fontes
2102 838 2270 910 abyssi
2293 849 2339 893 et
2365 850 2634 896 cataracta:
2656 843 2787 910 εαξη,
2831 854 2878 898 et
2902 846 3119 901 cohibita
3147 849 3320 918 pluvia
3345 849 3457 905 ccli
3473 867 3495 906 :

1907 930 2059 998 quasi
2085 929 2324 997 diceret,
2358 932 2622 1001 placuisse
2651 934 2875 991 Domino
2898 945 2958 990 ut
2983 937 3171 994 iterum
3202 941 3254 994 in
3282 956 3376 995 sua
3404 958 3491 997 re—

1907 1017 2066 1087 gione
2094 1029 2376 1074 manerent
2406 1037 2560 1092 aquae
2583 1063 2599 1087 ,
2632 1040 2804 1094 neque
2831 1026 2967 1081 ultra
2996 1030 3359 1097 exundarent,
3400 1032 3494 1089 sed

1906 1111 2160 1180 paulatim
2206 1112 2534 1171 desinerent.
2580 1118 2636 1173 5.
2679 1116 2747 1171 Et
2788 1118 2989 1174 cedebat
3035 1138 3168 1191 aqua
3209 1125 3395 1179 vadens
3432 1132 3497 1181 de

1908 1211 2043 1254 terra
2066 1244 2081 1268 ,
2125 1212 2172 1256 et
2214 1204 2533 1261 minuebatur
2574 1226 2706 1276 aqua
2747 1220 2858 1280 post
2896 1223 3092 1267 centum
3130 1215 3494 1287 quinquaginta

1909 1292 2035 1347 dies.
2064 1294 2195 1361 Qua:
2220 1296 2354 1350 ratio
2385 1300 2578 1366 poterit
2604 1300 2705 1355 hoc
2731 1319 2977 1372 umquam
2999 1307 3492 1377 comprehendere!

1910 1384 2060 1451 Esto,
2093 1388 2240 1442 stetit
2268 1388 2463 1457 pluvia,
2494 1392 2709 1447 cohibiti
2741 1393 2913 1450 fontes
2939 1412 3043 1451 non
3071 1400 3299 1468 amplius
3327 1416 3490 1457 exuno

1911 1474 2139 1539 dabant,
2166 1484 2222 1531 et
2248 1488 2529 1534 cataracta:
2558 1482 2674 1536 cmli
2713 1483 2960 1539 cohibitae
2990 1495 3115 1541 sunt
3141 1504 3154 1541 :
3186 1504 3320 1558 aqua
3350 1499 3494 1549 tanta

1917 1566 2184 1635 quomodo
2205 1566 2405 1623 desiit?
2433 1570 2619 1624 Omnia
2648 1573 2869 1644 abyssus
2899 1587 3069 1630 erant.
3092 1577 3369 1645 Quomodo
3400 1582 3494 1651 igi-

1910 1666 1994 1711 tur
2021 1668 2199 1715 tantus
2239 1676 2495 1731 aquarum
2537 1661 2709 1717 ﬁuxus
2738 1665 2913 1719 subito
2958 1670 3135 1722 minor
3176 1671 3345 1727 factus
3371 1675 3496 1729 est?

1909 1746 2041 1814 Quis
2069 1747 2170 1801 hoc
2199 1749 2428 1805 humana
2460 1754 2668 1807 ratione
2710 1754 2952 1811 invenire
2983 1760 3172 1826 poterit
3202 1765 3496 1833 umquam?

1908 1835 2045 1903 Quid
2077 1838 2239 1907 igitur
2262 1840 2593 1896 dicendum?
2621 1842 2716 1897 Dei
2746 1857 3067 1916 praeceptum
3098 1859 3181 1905 est
3205 1854 3346 1923 quod
3374 1853 3495 1910 facit

1908 1928 2108 1981 omnia.

1978 2019 2034 2075 4.
2076 2019 2153 2075 Ne
2198 2020 2358 2090 igitur
2398 2037 2496 2077 nos
2539 2025 2799 2081 curiosius
2837 2028 3182 2100 exploremus
3207 2036 3494 2104 quomodo,

1907 2112 2003 2167 sed
2035 2122 2236 2168 tantum
2264 2114 2586 2183 credamus;
2630 2134 2823 2189 nempe
2861 2121 3055 2191 jussit,
3084 2133 3138 2179 et
3161 2128 3389 2183 exaltata
3416 2140 3497 2185 est

1909 2204 2134 2276 ahyssus
2164 2223 2178 2260 :
2211 2208 2465 2277 prtecepit
2486 2248 2502 2275 ,
2546 2217 2600 2264 et
2627 2209 2818 2265 iterum
2852 2228 3005 2268 suum
3034 2217 3295 2272 continuit
3324 2218 3497 2290 impe-

1910 2304 2057 2362 tum,
2099 2306 2153 2351 et
2180 2298 2246 2351 ad
2278 2298 2549 2368 prOprium
2593 2302 2859 2356 concessit
2904 2303 3101 2369 locum,
3149 2323 3308 2377 quem
3351 2312 3498 2367 solus

1910 2386 2023 2457 ipse
2053 2388 2310 2443 Dominus
2339 2391 2474 2456 scit,
2507 2391 2595 2461 qui
2636 2392 2892 2447 condidit.
2924 2396 2978 2449 4.
3009 2394 3077 2449 Et
3106 2399 3263 2465 sedit,
3306 2401 3496 2471 inquit,

1908 2496 2030 2533 arca
2051 2497 2219 2535 mense
2237 2483 2467 2551 septimo,
2494 2483 2727 2537 vicesima
2749 2488 2959 2556 septima
2980 2491 3163 2545 mensis
3181 2509 3334 2562 super
3357 2512 3499 2548 mon-

1909 2580 1983 2626 tes
2022 2572 2224 2626 Ararat.
2269 2574 2323 2629 5.
2350 2575 2497 2645 Aqua
2524 2585 2693 2629 autem
2738 2578 3050 2633 decrescebat
3080 2597 3237 2653 usque
3261 2584 3331 2637 ad
3358 2585 3498 2639 deci-

1910 2680 2048 2716 mum
2085 2680 2305 2719 mensem
2342 2679 2364 2720 :
2401 2676 2449 2719 et
2491 2679 2836 2737 apparuerunt
2876 2672 3139 2726 cacumina
3175 2677 3417 2730 montium
3446 2678 3498 2731 in

1910 2756 2106 2810 decimo
2156 2773 2325 2812 mense
2361 2799 2377 2823 ,
2432 2760 2599 2829 prima
2650 2762 2855 2816 mensis.
2903 2763 3036 2820 Vide
3072 2781 3231 2835 quam
3280 2778 3499 2838 repente

1910 2846 2047 2903 facta
2074 2850 2314 2915 mutatio,
2338 2859 2392 2905 et
2424 2859 2617 2921 quanta
2646 2853 2801 2908 simul
2828 2870 3083 2925 aquarum
3112 2867 3298 2915 natura
3325 2861 3500 2919 desie-

1911 2942 2002 3007 rit,
2041 2951 2099 2997 ut
2123 2957 2282 3012 supra
2311 2952 2523 2999 montes
2550 2960 2675 2999 arca
2705 2947 2982 3004 resideret.
3013 2948 3143 3017 Quae
3166 2968 3324 3023 supra
3354 2954 3501 3009 dixe-

1914 3045 1996 3090 rat
2025 3034 2300 3105 Scriptura
2320 3079 2334 3102 ,
2368 3037 2670 3107 quindecim
2712 3039 2905 3094 cubitis
2933 3056 3096 3113 super
3121 3053 3328 3102 montes
3353 3048 3500 3101 exal-

1915 3134 2081 3181 tatam
2111 3126 2277 3182 fuisse
2306 3142 2496 3198 aquam
2529 3144 2543 3181 :
2578 3144 2718 3183 nunc
2745 3129 2874 3184 dicit
2904 3131 3107 3188 sedisse
3136 3149 3314 3189 arcam
3342 3151 3504 3207 super

1914 3227 2125 3274 montes
2161 3220 2386 3287 Ararat,
2417 3230 2473 3275 et
2501 3220 2751 3290 paulatim
2785 3232 2969 3291 postea
3010 3241 3200 3296 aquam
3242 3243 3407 3299 usque
3435 3231 3502 3285 ad

1915 3308 2185 3364 decimum
2237 3326 2474 3366 mensem
2529 3312 2875 3382 decrevisse,
2929 3328 2984 3371 et
3034 3318 3245 3374 tandem
3293 3320 3505 3377 decimo

1916 3415 2103 3455 mense
2151 3401 2261 3455 visa
2316 3401 2478 3457 fuisse
2529 3406 2805 3459 cacumina
2856 3409 3136 3465 montium.
3188 3411 3503 3481 Considera,

1918 3508 2122 3562 quwso,
2160 3487 2286 3563 jnsﬁ
2319 3497 2672 3551 constantiam
2696 3538 2711 3561 ,
2744 3500 3011 3567 quomodo
3040 3501 3233 3557 durare
3275 3508 3507 3573 potuerit

1918 3591 1998 3637 tot
2025 3584 2338 3652 mensibus,
2372 3586 2471 3655 'qui
2513 3588 2662 3657 quasi
2707 3589 2761 3642 in
2807 3591 3044 3648 tenebris
3087 3606 3202 3648 erat
3249 3595 3501 3653 inclusus.

1916 3675 1970 3729 6.
2003 3674 2069 3727 Et
2097 3676 2286 3745 factum
2313 3686 2405 3741 est,
2437 3678 2624 3747 inquit,
2655 3689 2765 3748 post
2790 3682 3129 3753 quadraginta
3151 3686 3278 3752 dies,
3306 3691 3504 3760 aperuit

1921 3762 2038 3817 Noe
2080 3765 2349 3834 fenestram
2373 3783 2539 3833 arcte,
2581 3786 2734 3839 quant
2760 3775 2979 3841 fecerat,
3012 3784 3058 3828 et
3086 3777 3249 3830 emisit
3278 3794 3503 3846 corvum,

1920 3864 1976 3908 ut
2003 3855 2191 3909 videret
2216 3873 2337 3909 num
2364 3869 2602 3913 cessasset
2627 3877 2778 3931 aqua.
2804 3861 2941 3918 Ecce
2961 3863 3137 3933 justus
3164 3866 3249 3921 ille
3270 3869 3505 3926 nondum

1921 3964 2016 4019 per
2044 3964 2103 4005 se
2128 3947 2289 4004 audet
2329 3952 2633 4021 reSpicere,
2673 3954 2769 4009 sed
2810 3970 3028 4011 corvum
3066 3958 3260 4029 mittit,
3305 3976 3367 4017 ac
3412 3979 3507 4034 per

1923 4041 2072 4095 illum
2104 4042 2311 4097 discere
2337 4043 2467 4107 vult,
2496 4060 2563 4098 an
2594 4046 2733 4101 bona
2764 4063 2942 4102 rerum
2974 4051 3195 4105 mutatio
3226 4054 3401 4124 aliqua
3438 4056 3509 4110 sit

1920 4134 2297 4203 exspectanda.
2326 4136 2380 4189 7.
2406 4133 2474 4188 Et
2504 4153 2751 4206 egressus,
2780 4138 2971 4209 inquit,
3001 4157 3100 4194 non
3138 4143 3321 4210 rediit,
3350 4145 3509 4199 donec

1920 4226 2194 4282 siccaretur
2215 4244 2349 4298 aqua
2372 4245 2405 4281 a
2430 4238 2583 4284 terra.
2609 4230 2819 4299 Adjecit
2844 4232 3117 4304 Scriptura
3139 4238 3355 4291 verbum
3382 4238 3503 4307 hoc,

1920 4315 2117 4383 Donec,
2144 4333 2248 4373 non
2270 4319 2409 4389 quod
2438 4329 2619 4391 postea
2645 4323 2894 4390 redierit;
2925 4326 3020 4380 sed
3046 4327 3237 4383 idioma
3267 4341 3348 4386 est
3367 4332 3510 4387 Scri-

1924 4418 2095 4479 ptura:
2123 4408 2337 4464 divinte.
2380 4410 2445 4465 Et
2473 4410 2613 4466 hanc
2636 4416 3074 4472 consuetudinem
3103 4434 3245 4490 saepe
3273 4424 3393 4493 quis
3424 4425 3505 4478 in-

1923 4499 2121 4563 veniet,
2146 4510 2473 4572 possentque
2497 4502 2660 4556 multa
2688 4504 2809 4558 talia
2838 4506 3081 4575 inveniri,
3104 4524 3168 4564 ac
3194 4510 3245 4565 in
3276 4515 3509 4570 medium

1925 4591 2103 4646 all'erri
2134 4608 2148 4645 :
2175 4591 2267 4646 sed
2308 4607 2378 4647 ne
2413 4594 2589 4648 omnia
2619 4610 2648 4647 a
2679 4596 2835 4650 nobis
2864 4598 3129 4655 discentes
3157 4603 3510 4673 negligentio-

1925 4694 2014 4736 res
2039 4681 2299 4748 evadatis,
2332 4684 2482 4738 vobis
2511 4685 2887 4754 relinquimus,
2918 4698 2975 4743 ut
3002 4690 3330 4760 Scriptorum
3356 4711 3509 4750 seru-

1926 4774 2147 4840 temini,
2178 4782 2233 4829 et
2276 4774 2560 4831 inveniatis
2599 4777 2814 4832 ubinam
2846 4782 3257 4850 pr0prietatibus
3283 4794 3338 4840 et
3374 4786 3512 4842 idio-

1928 4864 2156 4920 matihus
2182 4864 2546 4934 hujuscemodi
2586 4877 2779 4923 utatur.
2807 4869 2924 4925 Jam
2954 4880 3131 4927 autem
3168 4890 3346 4945 operte
3387 4894 3512 4947 pre-

1928 4958 2060 5010 tium
2091 4956 2279 5022 fuerit,
2324 4969 2383 5013 ut
2409 4959 2614 5014 dicatur
2640 4978 2798 5017 causa
2824 4979 2990 5034 quare
3019 4981 3123 5020 non
3153 4968 3372 5024 redierit
3398 4969 3515 5028 haec

1927 5048 2063 5101 avis.
2091 5046 2359 5105 Fortassis
2383 5051 2499 5107 avis
2524 5052 2633 5116 illa,
2659 5054 2735 5108 uti
2758 5064 2840 5109 est
2861 5055 3152 5123 immunda,
3180 5073 3301 5115 cum
3324 5062 3514 5118 desiis-

1928 5148 2050 5193 sent
2075 5154 2246 5210 aquae,
2272 5141 2456 5196 incidit
2479 5143 2528 5196 in
2551 5144 2809 5200 cadavera
2833 5146 3109 5204 hominum
3134 5160 3189 5206 et
3209 5152 3510 5223 brutorum,

1931 5228 2123 5298 quibus
2143 5271 2159 5295 ,
2198 5230 2414 5286 invento
2451 5234 2552 5287 sibi
2579 5239 2890 5306 congruenti
2919 5240 3041 5296 cibo
3061 5281 3078 5308 ,
3107 5241 3300 5300 insedit
3326 5263 3339 5299 :
3370 5248 3514 5317 quod

1931 5321 2093 5374 etiam
2124 5321 2297 5390 ipsum
2328 5336 2431 5377 non
2456 5339 2676 5393 parvum
2704 5327 2857 5382 bonae
2884 5331 2997 5401 spei
3022 5346 3391 5403 argumentum
3418 5338 3515 5396 fuit

1933 5410 2098 5480 justo.
2145 5412 2355 5482 Alioqui
2401 5415 2581 5480 enim,
2623 5418 2724 5472 nisi
2769 5422 3184 5479 consolationem
3228 5426 3516 5487 invenisset

1933 5502 2204 5571 aliquam,
2245 5519 2455 5560 reversa
2498 5509 2681 5578 utique
2716 5510 2918 5566 fuisset.
2944 5515 3119 5585 Atque
3158 5526 3217 5573 ut
3257 5518 3360 5576 hoc
3398 5536 3518 5579 esse

1934 5606 2122 5646 verum
2170 5594 2342 5662 scias,
2395 5608 2575 5664 postea
2618 5599 2793 5669 justus
2840 5605 3061 5661 meliore
3106 5623 3202 5679 spe
3238 5623 3518 5685 concepta,

1937 5684 2135 5738 emittit
2162 5686 2497 5754 columbam,
2525 5704 2675 5745 avem
2706 5693 2885 5749 mitem
2913 5707 2967 5751 et
3009 5697 3319 5759 familiarem
3343 5746 3358 5771 ,
3402 5684 3519 5763 oua:

1942 5777 2131 5833 miram
2160 5793 2271 5850 pra:
2300 5795 2361 5838 se
2390 5780 2493 5839 fert
2535 5786 2993 5845 mansuetudinem
3018 5831 3034 5858 ,
3076 5801 3131 5849 et
3156 5809 3269 5868 quae
3296 5790 3521 5851 nonnisi
