4062 6396
593 403 698 454 235

588 517 881 569 seminibus
913 515 1052 583 pasci
1083 516 1255 578 solita,
1281 531 1344 568 ex
1379 516 1522 582 puris
1543 524 1624 568 est
1650 514 1851 564 avibus.
1883 512 1935 565 8.
1956 509 2023 563 Et
2044 513 2168 564 emi-

587 609 685 672 sit,
716 609 915 676 inquit,
956 608 1236 659 columbam
1265 625 1295 658 a
1321 625 1405 670 se,
1448 618 1499 658 nt
1536 606 1756 669 videret,
1786 621 1906 656 nnm
1931 613 2170 657 cessasset

589 715 720 766 aqua
763 715 792 749 a
823 699 950 769 facie
991 709 1154 750 terrae.
1201 697 1254 752 9.
1285 697 1347 749 At
1381 698 1609 749 columba
1641 712 1740 746 non
1779 695 1975 747 inventa
2001 693 2171 760 requie

591 790 800 860 pedibus
829 791 954 854 suis,
984 791 1131 842 rediit
1163 791 1228 842 ad
1257 792 1420 858 ipsum
1452 791 1502 841 in
1529 805 1700 840 arcam
1723 830 1735 849 ,
1767 789 1885 858 quia
1911 805 2038 855 aqua
2065 796 2169 840 erat

593 899 744 952 super
773 899 969 934 omnem
997 884 1174 952 facient
1198 891 1362 934 terrre.
1388 881 1484 933 Par
1502 889 1602 941 est,
1623 889 1678 932 ιιι
1705 879 1788 932 hic
1815 879 2169 946 disquiramus

589 973 859 1042 quomodo
886 989 1007 1026 cum
1036 989 1190 1043 supra
1224 973 1414 1025 dixerit
1457 972 1726 1039 Scriptura
1768 981 1946 1022 sancta
1968 1012 1981 1028 ,
2013 984 2170 1022 cat-uo

590 1067 730 1117 mina
775 1066 1032 1116 montium
1085 1067 1247 1117 fuisse
1286 1065 1430 1125 visa,
1477 1079 1614 1115 nunc
1655 1062 1802 1127 dicit,
1846 1062 2166 1122 Columbam,

588 1170 692 1206 non
722 1158 934 1206 inventa
965 1155 1166 1222 requie,
1199 1153 1263 1206 ad
1299 1155 1467 1221 ipsum
1496 1153 1547 1205 in
1575 1167 1750 1205 arcam
1780 1152 2020 1216 rediisse,
2049 1153 2168 1222 quia

586 1260 722 1309 aqua
751 1254 866 1298 erat
887 1262 1046 1315 super
1066 1261 1277 1299 onmem
1305 1245 1486 1298 faciem
1520 1253 1693 1296 terrai.
1725 1245 2011 1313 Diligenter
2032 1245 2171 1312 lega-

586 1350 706 1386 mus
735 1336 860 1404 quid
888 1336 956 1388 sit
996 1336 1213 1397 dictum,
1264 1344 1316 1387 et
1360 1335 1589 1388 sciemus
1617 1350 1851 1387 causam.
1885 1334 1997 1388 Non
2027 1337 2168 1388 enim

587 1427 898 1493 simpliciter
931 1427 1096 1491 dixit,
1141 1425 1263 1479 Non
1303 1427 1503 1480 inventa
1539 1429 1737 1496 requie,
1779 1425 1874 1479 sed
1903 1426 2166 1493 apposuit,

587 1516 809 1570 Pedibus
850 1520 984 1582 suis,
1033 1527 1088 1570 ιιι
1130 1519 1320 1571 doceat
1369 1534 1501 1582 nos,
1546 1517 1754 1570 ttniietsi
1799 1517 2067 1570 desierant
2103 1533 2170 1571 ex

588 1621 735 1677 parte
763 1611 932 1677 aliqua
973 1626 1144 1678 aqum,
1191 1619 1244 1662 et
1288 1610 1560 1663 cacumina
1605 1608 1862 1662 montium
1905 1624 2169 1677 apparue-

586 1712 742 1766 rant,
785 1702 958 1755 adhuc
989 1712 1164 1754 tamen
1194 1701 1262 1754 ob
1297 1701 1676 1754 abundantiam
1720 1715 1976 1768 aquarum
2008 1700 2167 1754 etiam

589 1793 846 1843 nmntium
874 1793 1150 1844 cacumina
1181 1791 1306 1843 limo
1337 1791 1488 1858 plena
1517 1791 1700 1844 fuisse.
1733 1789 1797 1842 Et
1823 1789 1942 1843 ideo
1966 1789 2170 1843 colum-

587 1882 648 1936 ha
682 1881 914 1934 nondum
947 1891 1128 1947 stare,
1178 1897 1354 1949 neque
1397 1881 1802 1935 convenientem
1847 1880 1948 1934 sibi
1992 1881 2167 1934 cibum

587 1975 824 2028 invenire
854 1974 1037 2026 valens
1059 2015 1073 2039 ,
1115 1989 1328 2028 reversa
1356 1983 1439 2026 est
1459 2014 1471 2033 .
1515 1975 1686 2026 reditu
1722 1987 1819 2026 suo
1860 1972 2058 2027 docens
2081 1973 2168 2042 ju-

586 2066 728 2118 stum
751 2106 766 2129 ,
799 2079 918 2118 esse
945 2064 1119 2118 adhuc
1156 2079 1400 2133 magnam
1439 2079 1694 2132 aquarum
1731 2063 1958 2132 copiam.
1990 2061 2057 2115 Et
2083 2080 2170 2116 ex-

593 2166 728 2208 tenta
752 2197 766 2219 ,
798 2155 998 2223 inquit,
1030 2171 1183 2206 manu
1207 2158 1398 2220 accepit
1427 2154 1603 2215 illam,
1637 2163 1683 2206 et
1719 2153 1998 2206 introduxit
2026 2152 2170 2206 illam

584 2249 652 2300 ad
677 2265 728 2300 se
758 2249 807 2299 in
837 2264 1029 2300 arcam.
1057 2247 1245 2300 Vidisti
1273 2256 1465 2316 quanta
1491 2246 1602 2298 avis
1633 2244 2007 2311 mansuetudo,
2038 2259 2170 2311 quo-

586 2339 742 2393 modo
775 2339 988 2392 rediens
1025 2339 1224 2406 justum
1264 2338 1480 2402 docuit,
1510 2345 1566 2390 ut
1589 2337 1970 2405 aliquantisper
1997 2335 2170 2391 adhuc

587 2430 1037 2498 lmngmnitnilalcm
1068 2429 1386 2482 exhiberet?
1431 2428 1588 2494 Ideo,
1626 2427 1714 2481 10.
1767 2425 1834 2480 Et
1872 2445 1984 2480 cum
2016 2429 2167 2480 susti-

585 2508 792 2583 nuisset,
827 2519 1014 2586 inquit,
1045 2520 1208 2571 adhuc
1233 2528 1422 2585 septem
1451 2519 1585 2581 dies,
1617 2518 1776 2571 emisit
1803 2519 2085 2570 columbam
2109 2535 2171 2571 ex

583 2629 722 2664 arca.
755 2613 838 2665 11.
869 2611 930 2664 Et
953 2626 1149 2662 reversa
1170 2620 1238 2663 est
1267 2609 1333 2661 ad
1358 2611 1520 2680 ipsum
1548 2607 1778 2661 columba
1802 2611 1868 2660 ad
1892 2624 2166 2677 vesperam,

586 2715 630 2756 et
663 2704 832 2755 habuit
861 2702 1039 2774 folium
1069 2703 1213 2755 oliva:
1240 2701 1497 2754 surculum
1526 2702 1578 2752 in
1614 2717 1698 2753 ore
1728 2717 1838 2752 suo.
1890 2699 2003 2753 Non
2044 2700 2167 2752 abs-

584 2813 687 2864 que
729 2798 968 2861 ratione,
1003 2811 1174 2864 neque
1219 2804 1419 2848 temere
1463 2792 1702 2863 adjunxit
1725 2835 1737 2856 ,
1769 2792 1850 2844 Ad
1879 2808 2166 2858 vesperam:

583 2889 677 2942 Sed
713 2899 769 2940 ut
808 2888 1107 2948 discamus,
1140 2902 1256 2939 eam
1288 2879 1392 2939 tota
1424 2884 1510 2939 die
1541 2894 1741 2952 pastam
1775 2882 1970 2945 fuisse,
2001 2892 2054 2936 et
2084 2884 2167 2934 in-

585 2988 744 3032 vento
771 2979 869 3032 sibi
897 2976 1233 3031 convenienti
1263 2976 1403 3038 cibo,
1436 2974 1501 3028 ad
1533 2989 1809 3042 vesperam
1841 2974 2083 3032 rediisse,
2115 2973 2168 3025 in

583 3087 677 3125 ore.
722 3071 977 3123 ferentem
1025 3069 1298 3122 surculum
1337 3065 1514 3119 oliva}.
1565 3065 1693 3118 Tale
1736 3064 1931 3134 quippe
1973 3064 2167 3117 animal

583 3172 666 3216 est
696 3162 842 3223 mite,
875 3171 928 3215 et
975 3171 1154 3214 nostra
1198 3158 1552 3211 familiaritate
1577 3156 1850 3227 gaudens;
1889 3165 1943 3210 et
1970 3156 2168 3210 idcirco

585 3253 740 3307 rediit
766 3293 779 3315 ,
809 3260 865 3304 et
890 3251 1042 3304 oliva:
1073 3250 1285 3304 surculo
1315 3250 1538 3303 multant
1570 3248 1742 3301 solatii
1786 3248 1932 3316 justo
1969 3248 2162 3302 attulit.

584 3345 688 3399 Sed
712 3345 905 3397 dixerit
934 3343 1156 3396 fortasse
1180 3341 1403 3410 aliquis:
1431 3341 1498 3394 Et
1521 3341 1734 3394 ubinam
1759 3341 1961 3394 invenit
1987 3341 2165 3394 folium

583 3435 776 3487 oliva)?
808 3432 998 3487 Totum
1033 3432 1135 3486 hoc
1176 3430 1369 3484 factum
1411 3439 1492 3484 est
1531 3431 1928 3498 dispensatione
1968 3431 2162 3494 divina,

579 3538 632 3581 et
664 3523 802 3592 quod
834 3523 1074 3575 columba
1123 3522 1420 3586 invenerit,
1452 3530 1505 3575 et
1532 3521 1671 3590 quod
1701 3536 1795 3574 ore
1825 3521 2086 3590 receperit
2115 3533 2166 3575 et

583 3616 648 3668 ad
673 3617 872 3684 justum
902 3631 1114 3668 reversa
1147 3615 1216 3668 sit
1245 3632 1258 3668 :
1292 3615 1525 3683 alioquin
1555 3623 1608 3668 et
1634 3615 1791 3667 arbor
1819 3614 1931 3668 haec
1959 3631 2169 3683 semper

587 3707 763 3760 virens
789 3715 891 3770 est,
924 3705 1319 3773 verisimileque
1345 3714 1448 3764 est,
1483 3713 1758 3773 postquam
1787 3721 1938 3774 aqua:
1964 3722 2168 3775 regres-

583 3812 657 3850 sa.-
686 3806 839 3858 sunt,
876 3797 1118 3849 arborem
1147 3795 1282 3848 hanc
1317 3795 1489 3848 adhuc
1520 3794 1767 3850 habuisse
1799 3795 2042 3849 foliorum
2074 3812 2166 3849 co-

587 3905 748 3941 niam.
781 3887 864 3942 12.
893 3885 960 3939 Ει
987 3897 1039 3939 ut
1065 3889 1389 3956 exspectavit,
1420 3886 1610 3956 inquit,
1641 3888 1806 3939 adhuc
1831 3898 2017 3956 septem
2041 3889 2167 3940 alios

585 3981 710 4041 dies,
741 3979 903 4032 emisit
928 3978 1210 4032 columbam
1238 4019 1252 4041 ,
1282 3988 1327 4030 et
1355 3995 1452 4030 non
1483 3980 1665 4048 adjecit
1697 3989 1749 4030 ut
1777 3979 1845 4032 ad
1873 3979 2019 4032 illum
2047 3982 2164 4032 red—

585 4072 694 4123 iret.
731 4069 860 4123 Vide
884 4069 1151 4138 quomodo
1181 4071 1351 4134 iustus
1381 4070 1431 4121 in
1464 4071 1711 4122 omnibus
1744 4072 2164 4124 consolationem

586 4161 830 4214 idoaeam
879 4161 1120 4228 accipiat.
1154 4159 1285 4212 Nam
1332 4171 1388 4212 ut
1432 4160 1568 4213 bona
1612 4174 1706 4228 5pc
1751 4171 2018 4215 recreatus
2060 4174 2162 4227 est,

586 4266 707 4306 cum
754 4251 980 4313 rediret,
1023 4260 1077 4303 et
1119 4251 1271 4304 oliva:
1317 4249 1497 4303 folium
1551 4251 1603 4303 in
1648 4265 1740 4304 ore
1787 4251 1948 4305 ferret
1979 4271 1990 4301 :
2021 4253 2087 4304 ita
2116 4265 2167 4306 et

588 4358 732 4396 nunc
759 4357 879 4396 cum
907 4356 1119 4410 egressa
1150 4357 1255 4395 non
1283 4341 1452 4405 redit,
1484 4344 1768 4395 maximum
1801 4343 1873 4396 illi
1916 4343 2165 4397 indicium

588 4433 704 4496 fuit,
746 4448 862 4485 eam
906 4433 1252 4484 sufficientem
1303 4433 1568 4484 invenisse
1611 4433 2072 4498 refocillatiOnem,
2113 4444 2166 4488 et

587 4539 749 4590 aquas
780 4524 828 4573 iu
858 4523 1161 4574 universum
1191 4521 1431 4575 desiisse.
1467 4521 1531 4575 Et
1558 4519 1657 4576 hoc
1687 4524 1753 4576 ita
1783 4538 1920 4587 esse,
1952 4525 2074 4578 audi
2100 4541 2163 4578 ex

589 4613 948 4682 sequentibus.
984 4613 1070 4667 15.
1103 4611 1167 4665 Et
1193 4614 1381 4680 factum
1409 4624 1509 4675 est,
1544 4613 1739 4681 inquit,
1767 4615 1820 4667 in
1851 4632 1949 4668 uno
1974 4625 2023 4668 et
2049 4632 2164 4668 sea:-

586 4708 853 4760 centesimo
879 4721 1011 4758 anno
1039 4717 1152 4758 vitae
1189 4704 1300 4759 Noe
1319 4747 1334 4770 ,
1364 4707 1524 4774 primo
1564 4723 1730 4760 mense
1765 4708 1945 4774 defecit
1973 4725 2107 4777 aqua
2135 4725 2166 4760 a

589 4798 717 4866 facie
757 4807 920 4850 terrae.
952 4795 1016 4848 Et
1048 4797 1243 4864 aperuit
1273 4795 1322 4847 Ν
1329 4814 1384 4849 oe
1416 4806 1596 4849 tectum
1621 4813 1754 4850 arca:
1786 4799 1917 4867 quod
1958 4805 2159 4869 fecerat,

587 4903 630 4946 et
658 4891 780 4943 vidit
805 4891 937 4958 quod
963 4890 1141 4960 defecit
1169 4906 1300 4954 aqua
1325 4906 1354 4941 a
1383 4891 1511 4960 [acie
1537 4899 1698 4944 terrte.

657 4984 710 5037 5.
751 4982 945 5036 lterum
974 4981 1059 5034 hic
1087 4997 1171 5034 me
1197 4971 1382 5050 stupor
1407 4981 1624 5046 invadit,
1644 4991 1702 5035 ut
1726 4982 1974 5036 admirari
2005 4997 2165 5052 cogar

579 5074 708 5142 justi
749 5072 904 5141 hujus
928 5073 1209 5136 virtutem,
1257 5084 1310 5126 et
1351 5073 1444 5126 Dei
1481 5074 1839 5128 clementiam.
1886 5074 2164 5141 Quomodo

583 5165 748 5228 enim,
791 5179 990 5232 qumso,
1022 5174 1142 5233 post
1187 5173 1387 5217 tantum
1433 5174 1660 5232 tempus,
1707 5175 1765 5218 ut
1789 5181 1846 5218 sc
1875 5168 1984 5220 aeri
2013 5182 2160 5220 com-

585 5258 749 5320 misit,
796 5265 850 5310 et
875 5256 1057 5309 oculos
1083 5257 1146 5309 ad
1174 5258 1357 5309 cmlum
1389 5260 1731 5327 spectandum
1765 5261 2008 5326 intendit,
2054 5277 2158 5314 non

584 5358 772 5416 captus
800 5357 881 5400 est
908 5347 1075 5400 oculis
1101 5357 1153 5400 et
1181 5360 1476 5401 excaecatus
1495 5352 1517 5402 ἱ)
1544 5350 1713 5403 Probe
1739 5366 1965 5420 namque
1991 5353 2157 5417 scitis,

586 5437 688 5491 hoc
716 5439 1024 5506 contingere
1053 5437 1352 5490 hominibus
1382 5439 1581 5503 solere,
1625 5441 1781 5493 etiam
1831 5443 1894 5494 ad
1945 5457 2159 5512 parvam

585 5531 688 5584 diei
734 5542 937 5598 partem
982 5530 1033 5583 in
1077 5531 1374 5583 tenebrosis
1403 5531 1808 5602 caliginosisque
1837 5533 1964 5587 locis
1994 5549 2156 5601 agen-

585 5621 744 5685 tibus,
790 5637 909 5675 cum
939 5623 1115 5675 subito
1157 5622 1206 5674 in
1245 5622 1375 5674 lucis
1404 5621 1660 5691 fulgorem
1687 5624 1925 5690 aspicere
1952 5625 2152 5677 volunt.

581 5707 763 5762 Justus
787 5720 962 5764 autem
1012 5711 1102 5764 ille
1139 5726 1281 5764 anno
1327 5712 1551 5781 integro,
1588 5723 1640 5766 et
1673 5721 1749 5765 tot
1791 5713 2058 5767 mensibus
2101 5714 2154 5768 in

587 5810 749 5869 arca,
795 5801 944 5870 quasi
991 5801 1044 5855 in
1079 5803 1308 5857 tenebris
1337 5817 1518 5871 agens,
1569 5805 1726 5856 etiam
1762 5820 1900 5858 nunc
1934 5813 2154 5874 repente

1300 402 1354 455 S.
1396 400 1673 455 JOxNNlﬁ
1710 396 2184 452 CllRYSUSTOMl
2227 397 2544 451 ARCHIEP.
2585 395 3120 451 CONSTANTINOP.

3736 401 3838 456 236

2278 511 2390 563 viso
2431 511 2562 564 lueis
2592 510 2802 579 jubare,
2855 511 2984 564 nihil
3035 511 3138 566 tale
3169 519 3421 581 expertus
3455 521 3555 568 est.
3587 510 3674 567 Dei
3713 520 3832 572 enim

2273 601 2440 669 gratia
2492 609 2627 665 erat,
2677 609 2732 654 et
2777 601 3024 670 patientia
3079 600 3146 654 ab
3190 615 3255 654 eo
3296 600 3373 654 illi
3414 616 3686 668 concessa,
3734 620 3837 673 qua:

2273 697 2432 746 etiam
2481 693 2720 761 Corporis
2773 707 2960 746 sensus
3013 692 3274 746 firmiores
3328 692 3648 756 reddiderat,
3678 704 3836 764 etpo-

2277 784 2530 836 tcntiores
2571 798 2728 850 quam
2775 783 2863 850 qui
2909 782 3274 850 corporalibus
3310 784 3706 837 necessitatibus
3743 789 3839 840 vin-

2274 884 2536 927 ccrentur.
2585 875 2670 926 14.
2720 871 2786 926 In
2830 890 2997 925 mense
3040 883 3207 924 autem
3249 873 3468 926 secundo
3519 877 3735 942 arefacta
3778 889 3842 930 est

2275 976 2427 1030 terra,
2460 967 2688 1018 vicesimo
2716 976 2761 1018 et
2788 967 2999 1034 septimo
3025 967 3107 1018 die
3132 968 3332 1020 mensis.
3375 967 3490 1019 Non
3532 967 3724 1034 absque
3763 987 3833 1023 ra-

2277 1057 2417 1109 tione
2468 1067 2664 1108 tantam
2704 1055 3029 1124 diligentiam
3077 1055 3295 1108 adhibet
3340 1055 3512 1108 divina
3556 1055 3840 1124 Scriptura,

2273 1148 2364 1201 sed
2407 1158 2462 1200 ut
2503 1148 2770 1202 discamus
2818 1164 2984 1215 usque
3027 1147 3092 1200 ad
3141 1149 3366 1215 primum
3396 1148 3536 1202 diem
3568 1151 3688 1202 anui
3717 1151 3840 1205 illius

2273 1242 2785 1294 consummationem
2819 1241 3036 1294 dilatam
3079 1228 3269 1300 fuisse,
3325 1256 3431 1310 quo
3473 1252 3844 1297 monstraretur

2269 1330 2397 1400 justi
2428 1332 2698 1398 patientia,
2727 1342 2781 1384 et
2812 1332 2973 1386 totius
3003 1333 3148 1385 orbis
3178 1333 3422 1400 purgatio
3458 1334 3631 1387 fieret.
3665 1335 3842 1389 Deinde

2275 1432 2552 1492 postquam
2607 1424 2758 1493 quasi
2811 1439 2841 1478 a
2888 1424 3046 1478 sorde
3085 1424 3310 1492 quadam
3353 1425 3531 1478 abluta
3573 1436 3655 1479 est
3689 1430 3845 1482 omnis

2272 1523 2536 1579 creatura,
2570 1524 2619 1569 et
2653 1514 2894 1584 deposuit
2923 1531 3133 1568 onmem
3169 1516 3448 1580 maculam,
3481 1533 3638 1587 quam
3667 1536 3724 1572 ex
3754 1519 3836 1573 hu-

2273 1620 2428 1658 mana
2456 1615 2797 1659 contraxerat
2824 1608 3039 1668 malitia,
3072 1605 3342 1676 faciesque
3381 1609 3429 1661 ei
3473 1624 3602 1676 pura
3649 1610 3837 1665 reddita

2271 1707 2352 1750 est
2397 1714 2410 1748 :
2459 1706 2586 1751 tunc
2621 1697 2849 1767 denique
2882 1699 3111 1767 prmcipit
3143 1712 3199 1750 ut
3223 1699 3397 1765 justus
3426 1715 3490 1752 ex
3523 1714 3643 1752 arca
3685 1713 3841 1762 exeat,

2278 1791 2518 1859 liberque
2543 1805 2571 1842 a
2602 1792 2747 1860 gravi
2780 1791 2868 1844 illo
2897 1806 3111 1844 carcere
3138 1791 3259 1852 fiat,
3290 1801 3342 1844 et
3369 1791 3537 1858 inquit
3568 1807 3582 1843 :
3617 1793 3700 1846 15.
3721 1792 3846 1845 Dixit

2273 1881 2520 1935 Dominus
2559 1881 2696 1936 Deus
2734 1882 2802 1934 ad
2833 1881 2946 1935 Noe
2979 1898 2996 1934 :
3021 1883 3107 1936 16.
3137 1881 3388 1952 Egredere
3414 1892 3487 1946 tu,
3514 1892 3561 1934 et
3592 1899 3715 1936 uxor
3739 1895 3844 1944 tua,

2272 1985 2317 2028 et
2346 1975 2441 2043 filii
2465 1975 2556 2036 tui,
2608 1984 2654 2027 et
2699 1991 2877 2030 uxores
2926 1975 3146 2042 ﬁliorum
3191 1984 3391 2027 tuorum
3423 1985 3584 2026 tecum
3631 1990 3649 2028 :
3695 1976 3776 2028 17.
3808 1986 3848 2029 et

2271 2081 2442 2118 omnes
2468 2065 2636 2118 bestia:
2679 2080 3000 2135 quaecumque
3040 2076 3154 2118 sunt
3181 2075 3361 2128 tecum,
3397 2077 3441 2118 et
3470 2067 3634 2118 onmis
3674 2084 3784 2119 caro
3819 2085 3846 2119 ιι

2271 2155 2557 2209 volatilibus
2584 2172 2740 2225 usque
2758 2155 2825 2208 ad
2857 2173 3057 2224 pecora,
3086 2166 3131 2208 et
3179 2172 3324 2208 omne
3365 2157 3544 2226 reptile
3584 2160 3716 2226 quod
3747 2176 3845 2211 mo-

2271 2256 2412 2298 vetur
2437 2263 2588 2316 super
2616 2256 2800 2299 terram
2825 2246 2951 2298 educ
2979 2257 3138 2298 tecum
3162 2287 3174 2309 ,
3217 2257 3263 2298 et
3305 2249 3510 2300 crescite
3536 2257 3583 2299 et
3613 2247 3843 2314 multipli-

2271 2337 2456 2390 camini
2499 2353 2651 2408 super
2695 2347 2900 2390 terram.
2961 2336 3214 2405 Expende
3258 2337 3344 2390 hic
3388 2337 3479 2391 Dei
3534 2337 3844 2402 bonitatem,

2271 2427 2540 2495 quomodo
2562 2444 2654 2496 per
2681 2429 2856 2481 omnia
2881 2429 3084 2498 justqu
3113 2429 3431 2482 conSolatur.
3464 2429 3599 2482 Nam
3622 2432 3738 2498 quia
3762 2431 3846 2482 ini-

2273 2519 2474 2587 peravit
2505 2518 2601 2583 illi,
2644 2529 2703 2572 ut
2743 2520 2911 2572 exiret
2945 2534 3008 2573 ex
3053 2534 3173 2572 arca
3223 2520 3357 2588 ipse,
3396 2530 3451 2573 et
3478 2536 3634 2585 uxor,
3662 2533 3712 2575 et
3743 2522 3843 2584 filii,

2272 2620 2326 2664 et
2361 2626 2554 2664 uxores
2596 2610 2844 2670 filiorum.
2893 2619 2947 2664 et
2991 2611 3175 2664 bestia:
3207 2627 3393 2665 otnnes
3423 2629 3436 2664 :
3467 2621 3522 2665 ut
3553 2628 3622 2666 ne
3649 2623 3697 2666 et
3724 2612 3847 2665 istud

2274 2699 2447 2770 ipsum
2496 2715 2783 2754 mmrorem
2812 2700 3042 2770 aliquem
3073 2703 3119 2754 ei
3149 2700 3381 2759 afferret.
3429 2711 3482 2755 et
3525 2703 3739 2756 anxium
3765 2719 3844 2753 re-

2271 2792 2538 2860 linqueret
2565 2793 2887 2860 cogitantem
2919 2791 3184 2860 quomodo
3214 2793 3263 2845 in
3295 2793 3584 2848 solitudine
3608 2805 3746 2847 esset
3773 2793 3847 2846 fu-

2272 2891 2441 2946 turus,
2483 2891 2684 2936 tantam
2733 2891 2888 2936 terra:
2945 2882 3275 2937 latitudinem
3323 2887 3468 2938 solus
3522 2884 3845 2948 inhabitans,

2273 2974 2417 3026 nullo
2450 2973 2559 3041 jam
2603 2973 2708 3026 alio
2737 2973 2953 3027 vivente
2986 2991 3000 3026 :
3035 2973 3152 3028 ideo
3178 2985 3459 3043 postquam
3491 2975 3629 3029 dixit
3657 2994 3668 3028 :
3700 2976 3851 3044 Egre-

2271 3063 2398 3117 dere
2442 3079 2506 3117 ex
2551 3078 2695 3129 arca,
2730 3073 2783 3117 et
2824 3064 2958 3118 educ
2987 3065 3166 3117 omnia
3193 3075 3387 3129 tecum,
3415 3065 3565 3120 addit
3599 3085 3612 3119 :
3643 3066 3846 3120 Crescite

2270 3166 2316 3211 et
2343 3157 2749 3226 multiplicamini
2777 3174 2928 3225 super
2959 3167 3164 3210 terram.

2343 3246 2458 3301 Noe
2500 3251 2795 3318 fermentum
2838 3247 3032 3300 mundi.
3083 3275 3156 3286 —
3203 3246 3337 3302 Vide
3379 3249 3654 3317 quomodo
3688 3248 3851 3318 justus

2271 3339 2358 3394 ille
2400 3339 2576 3393 denuo
2615 3354 2905 3408 supernam
2959 3339 3153 3405 accipit
3196 3339 3652 3406 benedictionem,
3704 3355 3852 3410 quam

2271 3443 2395 3486 ante
2445 3433 2924 3502 transgressionem
2973 3443 3253 3501 acceperat
3295 3433 3485 3488 Adam.
3533 3433 3668 3486 Nam
3727 3433 3853 3484 sicut

2271 3526 2481 3593 quando
2536 3525 2623 3578 ille
2667 3523 2926 3578 formatus
2973 3534 3076 3586 est,
3131 3525 3333 3576 audivit
3369 3540 3382 3576 :
3421 3523 3485 3576 Et
3512 3523 3762 3577 benedixit
3787 3523 3854 3574 eis

2273 3615 2432 3680 Deus,
2465 3617 2634 3670 dicens
2670 3631 2687 3669 :
2728 3615 2945 3669 Crescite
2991 3625 3035 3667 et
3074 3614 3500 3685 multiplicamini,
3552 3627 3600 3668 et
3638 3616 3850 3667 domina.

2272 3712 2394 3762 mini
2439 3719 2585 3762 terra:
2631 3707 2782 3777 (Gen.
2819 3709 2868 3762 1.
2902 3706 2995 3778 28)
3033 3727 3045 3762 :
3082 3709 3150 3760 ita
3195 3718 3248 3762 ct
3293 3708 3416 3762 huic
3448 3723 3592 3761 nunc
3629 3708 3854 3761 dicitur:

2271 3801 2486 3854 Crescite
2524 3811 2569 3853 et
2609 3801 3014 3868 multiplicamini
3061 3816 3213 3868 super
3255 3809 3459 3852 terram.
3487 3800 3700 3867 Quippe
3729 3799 3858 3851 sicut

2273 3897 2359 3949 ille
2407 3895 2555 3963 origo
2601 3904 2654 3948 et
2705 3893 2852 3947 radix
2899 3894 2996 3946 fuit
3037 3892 3279 3946 omnium
3313 3893 3402 3962 qui
3431 3895 3539 3944 nati
3572 3900 3700 3946 sunt
3743 3898 3858 3944 ante

2270 3985 2522 4037 diluvium
2569 4001 2582 4038 :
2627 3985 2696 4036 ita
2735 3994 2788 4036 et
2826 3983 3000 4052 justus
3041 3983 3124 4035 hic
3173 3983 3495 4034 fermentum
3546 3981 3852 4050 quoddam,

2270 4078 2438 4145 Origo,
2468 4086 2521 4129 et
2552 4075 2702 4128 radix
2725 4085 2806 4128 est
2835 4075 3071 4128 omnium
3109 4076 3197 4143 qui
3227 4083 3347 4142 post
3381 4074 3639 4127 diluvium
3673 4071 3816 4126 fuere
3842 4089 3853 4122 :

2271 4177 2325 4218 et
2364 4166 2487 4219 hinc
2529 4175 2709 4234 postea
2776 4165 3022 4218 lnnuame
3097 4165 3492 4218 constitutionis
3542 4164 3853 4232 principium

2270 4254 2465 4308 factum
2527 4265 2628 4308 est.
2687 4254 2940 4308 Creatura
2991 4269 3202 4322 quoque
3240 4253 3418 4306 omnis
3459 4268 3618 4306 suum
3664 4250 3858 4320 accepit

2270 4358 2536 4406 ornatum,
2566 4354 2707 4397 terra
2737 4346 2802 4397 ad
2842 4343 3093 4398 ferendos
3133 4344 3335 4397 fructus
3362 4343 3556 4398 idonea
3589 4342 3729 4397 facta
3761 4351 3854 4400 est.

2270 4437 2480 4506 aliaque
2510 4438 2687 4490 omnia
2717 4453 2835 4506 qua:
2863 4446 3080 4506 propter
3101 4436 3334 4490 hominis
3354 4438 3716 4492 ministerium
3745 4442 3858 4490 sunt

2270 4529 2502 4583 condita.
2531 4529 2618 4583 18.
2649 4528 2713 4582 Et
2742 4546 2969 4599 egressus
2995 4541 3066 4582 est
3097 4529 3229 4593 Noe,
3255 4529 3444 4598 inquit,
3464 4539 3512 4582 et
3540 4546 3675 4584 uxor
3703 4530 3852 4587 illius,

2271 4629 2315 4673 et
2343 4621 2438 4687 filii
2457 4619 2614 4681 illius,
2658 4629 2702 4672 et
2746 4636 2926 4673 uxores
2959 4622 3181 4688 ﬁliorum
3222 4619 3363 4672 illius
3397 4638 3514 4673 cum
3545 4637 3644 4682 eo;
3693 4619 3775 4673 19.
3814 4627 3857 4671 et

2273 4726 2445 4764 omnes
2494 4711 2694 4773 bestiae,
2744 4721 2790 4763 et
2844 4711 3016 4762 omnia
3054 4727 3274 4778 pecora,
3331 4722 3378 4762 et
3431 4728 3582 4763 omne
3642 4710 3854 4771 volatile,

2269 4810 2314 4854 et
2354 4817 2498 4853 onme
2526 4799 2701 4869 reptile
2729 4800 2861 4866 quod
2894 4812 3114 4852 movetur
3144 4817 3296 4869 super
3317 4810 3502 4853 terram
3519 4802 3682 4870 juxta
3711 4814 3856 4870 genus

2269 4910 2418 4946 suum
2461 4893 2687 4945 exierunt
2717 4908 2779 4944 ea:
2806 4909 2946 4944 arca.
3008 4892 3290 4960 Postquam
3321 4895 3525 4960 accepit
3552 4893 3854 4946 mandatum

2269 4999 2296 5037 a
2355 4985 2578 5036 Domino
2627 4994 2681 5036 et
2732 4984 3155 5037 benedictionem
3196 4984 3494 5043 dicentem,
3532 4984 3761 5038 Crescite
3810 4990 3853 5034 et

2270 5075 2708 5142 multiplicamini,
2775 5076 2904 5127 exiit
2951 5090 3014 5126 ex
3071 5090 3192 5126 arca
3238 5091 3358 5127 cum
3412 5075 3532 5128 aliis
3589 5075 3854 5127 munibus.

2270 5165 2338 5218 Et
2387 5165 2608 5234 posthac
2660 5166 2710 5218 in
2762 5175 2865 5217 tota
2919 5175 3058 5218 terra
3109 5167 3254 5218 solus
3297 5166 3504 5218 vivebat
3549 5165 3732 5232 justus
3777 5165 3856 5217 ille

2269 5274 2389 5310 cum
2443 5272 2629 5322 uxore,
2682 5266 2732 5311 et
2781 5259 2921 5324 filiis,
2966 5269 3019 5309 et
3059 5257 3310 5310 uxoribus
3355 5242 3590 5312 illorum.
3626 5259 3746 5312 Mox
3773 5274 3858 5309 au-

2268 5361 2374 5405 tem
2425 5360 2478 5404 ut
2519 5365 2763 5419 egressus
2807 5361 2909 5411 est,
2961 5365 3114 5402 suum
3165 5349 3441 5402 declarans
3487 5359 3707 5418 gratum
3743 5349 3852 5403 ani-

2268 5457 2411 5494 mutn
2441 5482 2456 5505 ,
2509 5451 2614 5494 tam
2669 5456 2764 5509 pro
2804 5441 2866 5492 iis
2898 5456 3017 5508 qua:
3064 5441 3464 5508 pncterierant,
3518 5458 3686 5510 quam
3741 5456 3851 5509 qua:

2267 5529 2437 5583 futura
2487 5541 2658 5593 erant,
2695 5534 2894 5599 gratias
2925 5533 3147 5583 Domino
3196 5532 3405 5600 agebat.
3441 5531 3641 5584 Verum
3674 5532 3718 5585 si
3740 5532 3852 5602 pla-

2265 5632 2370 5684 cet,
2415 5638 2480 5675 ne
2529 5637 2705 5675 sermo
2749 5623 2814 5673 sit
2857 5623 3082 5690 longior,
3135 5636 3468 5675 reservemus
3499 5623 3558 5674 in
3590 5621 3734 5676 diem
3763 5635 3852 5689 po-

2265 5724 2465 5767 sterum
2523 5727 2642 5782 quae
2697 5713 2760 5765 ad
2816 5725 3022 5781 gratum
3078 5713 3208 5780 justi
3262 5713 3495 5768 animum
3543 5714 3850 5782 pertinent,

2269 5805 2485 5859 missum
2547 5804 2632 5858 hic
2681 5805 2933 5858 facientes
2989 5819 3291 5858 sermonem
3348 5824 3360 5857 :
3409 5815 3461 5859 et
3505 5805 3850 5859 obsecrantes
