4062 6396
241 380 349 436 25ἲὶ
1417 387 1484 440 IN
1518 387 1671 444 CAP.
1713 385 1824 441 VIII
1865 385 2110 443 CENES.
2153 386 2383 445 IIOMIL.
2427 389 2614 446 XXVI.

235 499 347 553 τῶν
375 499 488 569 γὰρ
519 501 774 572 καθαρῶν
798 500 1076 571 τυγχάνει.
1115 500 1224 554 Kal
1258 500 1581 556 ἀπέστειλε
1610 503 1725 570 τὴν
1758 518 1918 571 περι-

234 590 500 655 στερὰν,
544 587 716 658 φησί,
751 587 888 656 παρ’
941 587 1129 642 αὑτοῦ
1155 626 1169 650 ,
1207 587 1389 653 ἰδεῖν,
1430 591 1483 642 εί
1529 591 1823 642 κεκόπακε
1857 589 1923 642 τὸ

235 674 399 742 ὕδωρ
441 673 560 728 ἀπὸ
609 673 938 744 προσώπου
984 673 1097 742 τῆς
1125 672 1253 745 γῆς.
1289 676 1398 730 Καὶ
1442 675 1529 745 μὴ
1583 678 1849 746 εὑροῦσα
1883 677 1922 745 ἡ

234 761 564 828 περιστερά
591 759 944 815 ἀνάπαυσιν
971 760 1096 825 τοῖς
1125 762 1312 815 ποσὶν
1341 761 1552 830 αὐτῆς,
1580 762 1925 832 ὑπέστρεψε

234 847 391 915 πρὸς
416 849 608 902 αὐτὸν
635 850 721 914 είς
750 847 863 914 τὴν
895 848 1163 915 κιϐωτὸν,
1199 847 1288 902 ὅτι
1312 849 1469 918 ὕδωρ
1498 846 1577 920 ἦν
1595 850 1691 904 ἐπὶ
1718 845 1841 906 πᾶν
1859 849 1925 903 τὸ

235 937 574 1002 πρόσωπον
619 935 730 1006 τῆς
783 937 916 1008 γῆς.
977 937 1164 1002 Ἀξιον
1181 938 1418 992 ἐνταῦθα
1472 938 1924 1012 διερευνήσασθαι

236 1026 359 1088 πῶς
387 1025 650 1095 ἀνωτέρω
673 1025 904 1079 εἰποῦσα
927 1027 959 1096 ἠ
981 1025 1115 1092 ἀγία
1139 1025 1352 1097 Γραφὴ,
1380 1028 1462 1079 ὅτι
1482 1028 1538 1080 αξ
1560 1027 1796 1096 κεφαλαὶ
1817 1026 1926 1080 τῶν

233 1113 414 1183 ὀρέων
461 1111 758 1184 ὤφθησαν,
803 1113 898 1166 νῦν
945 1131 1143 1185 φησιν,
1173 1114 1255 1168 ὅτι
1289 1115 1388 1185 οὐχ
1417 1115 1654 1184 εὑροῦσα
1685 1117 1719 1186 ἠ
1765 1131 1924 1185 περι-

237 1205 413 1276 στερά
439 1205 748 1259 ἀνάπαυσιν
776 1205 1085 1276 ὑπέστρεψε
1103 1205 1240 1276 πρὸς
1264 1205 1427 1260 αὐτὸν
1450 1207 1530 1268 είς
1549 1205 1647 1277 τὴν
1667 1205 1922 1270 κιϐωτὸν,

234 1294 410 1347 ὅτιτὸ
445 1294 590 1364 ὕδωρ
637 1290 706 1366 ἦν
745 1295 838 1347 ἐπὶ
884 1296 994 1362 πᾶν
1031 1295 1092 1348 τὸ
1137 1295 1430 1365 πρόσωπον
1466 1295 1566 1366 τῆς
1611 1294 1733 1364 γῆς.
1770 1295 1926 1347 Μετά

234 1381 532 1452 ἀκριϐείας
576 1382 900 1453 ἀναγνῶμεν
934 1382 994 1435 16
1037 1383 1360 1454 εἰρημένον,
1403 1383 1498 1436 καὶ
1536 1383 1796 1452 εἰσόμεθα
1827 1383 1926 1453 τὴν

233 1469 446 1523 αἰτίαν.
471 1470 547 1523 Οὐ
582 1469 691 1541 γάρ
715 1465 870 1523 εἶπεν
894 1469 1099 1537 άπλῶς,
1120 1473 1240 1540 οὐχ
1266 1471 1532 1539 εὑροῦσα
1552 1470 1922 1537 ἀνάπαυσιν,

233 1557 400 1624 ἀλλὰ,
437 1557 565 1623 Τοῖς
599 1558 787 1612 ποσὶν
814 1556 1024 1626 αὐτῆς,
1049 1557 1413 1630 προσέθηκεν,
1438 1560 1524 1612 ἵνα
1545 1558 1730 1633 διδάξῃ
1755 1561 1922 1630 ἡμᾶς,

231 1645 322 1696 δτι
355 1647 405 1697 εί
458 1646 554 1698 καὶ
595 1645 788 1717 ἔληξεν
819 1649 884 1700 ἐκ
921 1647 1122 1717 μέρους
1165 1645 1236 1699 τά
1274 1647 1440 1700 ὕδατα
1487 1647 1584 1700 καὶ
1608 1650 1664 1701 αί
1691 1647 1926 1716 κεφαλαὶ

232 1733 350 1784 τῶν
384 1733 559 1802 ὀρέων
597 1732 881 1805 ὤφθησαν,
921 1734 1036 1788 ἀλλ’
1077 1735 1157 1787 ἔτι
1182 1733 1290 1787 ἀπὸ
1314 1735 1413 1806 τῆς
1460 1734 1780 1806 πλησμονῆς
1816 1735 1924 1789 τῶν

235 1818 454 1872 ὑδάτων
495 1820 590 1872 καὶ
617 1821 782 1874 αὑταὶ
822 1821 931 1873 τῶν
971 1822 1142 1891 ὀρέων
1180 1823 1236 1875 αἱ
1283 1821 1516 1891 κεφαλαὶ
1547 1821 1922 1893 βορϐορώδεις,

232 1906 269 1974 ἢ
324 1905 708 1976 τελματώδους
763 1907 909 1972 ἰλύος
951 1905 1091 1978 ἦσαν
1153 1909 1606 1981 πεπληρωμέναι.
1664 1909 1756 1962 Διὸ
1803 1910 1925 1963 οὐδὲ

236 1994 438 2063 στῆναί
460 2011 563 2047 που
602 1995 870 2066 ἰσχύσασα
902 1999 935 2067 ἡ
971 1998 1271 2069 περιστερά
1291 2038 1306 2062 ,
1338 1997 1459 2051 οὐδὲ
1485 1998 1690 2070 τροφὴν
1724 1997 1926 2052 κατάλ-

231 2078 401 2150 ληλον
435 2082 616 2153 εὑρεῖν
653 2083 964 2155 δυναμένη,
1003 2084 1347 2156 ὑπέστρεψε,
1395 2085 1485 2138 διὰ
1525 2086 1622 2155 τῆς
1665 2087 1922 2140 ἐπανόδου

231 2169 571 2226 διδάσκουσα
598 2173 691 2226 τὸν
725 2172 954 2239 δίκαιον,
984 2174 1060 2238 ὡς
1089 2173 1171 2227 ἐτι
1204 2174 1372 2246 πολλὴ
1400 2174 1509 2227 τῶν
1541 2175 1750 2229 ὑδάτων
1778 2177 1925 2230 ἐστὶν

233 2258 270 2328 ἡ
300 2260 467 2330 φορά.
489 2259 600 2313 Καὶ
622 2261 916 2328 ἐκτείνας.
947 2263 1100 2334 φησὶ,
1125 2262 1242 2331 τὴν
1269 2261 1438 2332 χεῖρα
1457 2262 1676 2316 ἐλαϐεν
1706 2265 1922 2332 αὐτὴν,

231 2347 339 2399 καὶ
375 2345 702 2418 εισήγαγεν
725 2348 921 2417 αὐτὴν
948 2349 1098 2418 πρὸς
1122 2349 1330 2406 ἐαυτὸν
1385 2352 1469 2416 εὶς
1496 2349 1613 2419 τὴν
1651 2354 1915 2406 κιϐωτόν.

232 2429 396 2498 Εἶδες
442 2435 584 2506 πόση
623 2435 718 2489 τοῦ
762 2436 952 2508 ὀρνέου
1006 2439 1040 2508 ἡ
1087 2437 1498 2510 εὐγνωμοσύνη,
1542 2438 1660 2502 πῶς
1696 2441 1924 2493 ἐπανελ-

231 2521 410 2575 θοῦσα
434 2523 522 2578 διά
550 2523 653 2594 τῆς
688 2525 991 2596 παρουσίας
1034 2525 1282 2580 ἐδίδασκε
1321 2525 1412 2579 τὸν
1439 2526 1646 2580 δίκαιον
1677 2526 1759 2581 ἔτι
1799 2527 1921 2580 τινά

232 2607 394 2681 [250]
449 2611 654 2682 μικρὰν
705 2612 1090 2684 μακροθυμίαν
1153 2613 1488 2680 ἐνδείξασθαι
1523 2625 1585 2678 ις
1642 2614 1753 2677 Διὸ,
1809 2616 1920 2668 Kal

227 2695 529 2766 ἐπισχὼν,
572 2700 758 2770 φησὶν,
799 2702 887 2755 έτι
933 2701 1086 2754 ἑπτὰ
1117 2701 1345 2770 ἡμέρας
1389 2701 1780 2766 ἐξαπέστειλε
1807 2703 1922 2771 τὴν

229 2788 600 2855 περιστερὰν
619 2789 688 2842 ἐκ
715 2788 815 2857 τῆς
847 2791 1116 2845 κιϐωτοῦ.
1146 2790 1254 2844 Kal
1279 2790 1616 2859 ἀνέστρεψε
1637 2792 1786 2858 πρὸς
1817 2794 1921 2845 αὐ-

227 2875 343 2928 τὸν
382 2877 424 2944 η
463 2881 787 2949 περιστερὰ
832 2880 983 2949 πρὸς
1038 2879 1325 2949 ἑσπέραν,
1361 2881 1460 2933 καὶ
1509 2877 1634 2948 εἶχε
1681 2883 1922 2949 φύλλον

225 2962 446 3029 ἐλαίας
471 2964 702 3034 κάρφος
734 2967 806 3020 ἑν
844 2967 925 3034 τῷ
956 2970 1207 3037 στόματι
1235 2968 1442 3038 αὐτῆς.
1479 2970 1590 3040 Οὐχ
1623 2969 1808 3034 ἁπλῶς
1837 2972 1922 3022 ἐν-

225 3051 412 3106 ταῦθα
435 3055 555 3107 οὐδὲ
587 3057 708 3127 εἰκῇ
741 3058 919 3110 κεῖται
949 3057 1030 3122 16,
1061 3056 1213 3125 Πρὸς
1237 3057 1524 3125 ἑσπέραν,
1556 3057 1672 3111 ἀλλ’
1701 3058 1790 3112 ἵνα
1818 3058 1922 3128 μά·

229 3137 426 3210 θωμεν
453 3142 536 3194 ὅτι
567 3141 657 3195 διά
693 3143 874 3214 πάσης
903 3144 1003 3215 τῆς
1035 3145 1249 3215 ἡμέρας
1279 3145 1660 3216 διατραφεῖσα,
1713 3148 1806 3200 καὶ
1830 3146 1921 3199 εὑ-

228 3228 410 3299 ροῦσά
462 3247 586 3283 τινα
649 3231 983 3302 κατάλληλον
1042 3233 1270 3293 δίαιταν,
1327 3233 1470 3286 κατά
1523 3235 1621 3305 τὴν
1681 3235 1922 3306 ἑσπέραν

225 3314 538 3385 ἐπανῆλθεν
570 3317 663 3368 ἐπὶ
709 3317 806 3370 τοῦ
858 3319 1124 3389 στόματος
1175 3319 1412 3390 φέρουσα
1462 3320 1672 3391 κάρφος
1712 3322 1917 3386 ἐλαίας.

227 3401 492 3456 Τοιοῦτον
537 3405 651 3475 γάρ
681 3404 741 3458 τὸ
773 3403 934 3469 ζῶον,
978 3407 1206 3477 ἥμερον,
1239 3409 1332 3460 καὶ
1373 3407 1459 3460 ἀεὶ
1501 3409 1601 3479 τὴν
1635 3407 1922 3479 συνήθειαν

225 3489 531 3560 ἐπιζητοῦν
555 3509 568 3522 ·
599 3492 692 3546 διά
737 3510 821 3546 τοι
867 3493 1025 3546 τοῦτο
1074 3497 1168 3548 καὶ
1202 3495 1529 3566 ὑπέστρεψε,
1565 3497 1657 3549 καὶ
1706 3496 1794 3549 διὰ
1825 3498 1919 3552 τοῦ

226 3579 481 3650 κάρφους
510 3583 609 3651 τῆς
631 3582 815 3644 ἐλαίας
863 3581 1068 3653 πολλὴν
1099 3583 1455 3654 παραμυθίαν
1487 3585 1712 3655 ἐκόμισε
1739 3585 1818 3656 τῷ
1841 3585 1920 3639 δι-

226 3667 396 3738 καίῳ.
437 3657 576 3720 Ἀλλ’
607 3668 736 3732 ἴσως
758 3670 820 3724 ἄν
852 3688 934 3733 τις
958 3670 1132 3724 εἴποι*
1159 3672 1254 3724 καὶ
1280 3671 1442 3724 πόθεν
1474 3667 1600 3744 εὗρε
1633 3673 1694 3726 16
1722 3673 1918 3742 φύλλον

223 3755 333 3824 τῆς
361 3755 590 3822 ἐλαίας;
625 3757 699 3810 Τὸ
738 3758 838 3828 μὲν
869 3760 977 3812 πᾶν
1019 3759 1228 3825 ἐγίνετο
1275 3759 1375 3830 τῆς
1417 3760 1510 3813 τοῦ
1537 3760 1673 3814 Θεοῦ
1706 3763 1920 3830 ,οἰκονο-

229 3844 389 3914 μίας,
419 3846 512 3897 καὶ
534 3845 595 3897 τὸ
620 3845 937 3917 εὑρεθῆναι,
969 3848 1064 3901 καὶ
1084 3847 1147 3899 τὸ
1170 3848 1268 3918 τὴν
1291 3848 1618 3919 περιστεράν
1647 3849 1918 3905 λαϐοῦσαν

226 3933 326 3985 ἐπί
357 3931 454 3986 τοῦ
493 3933 762 4004 στόματος
805 3935 1124 3988 ἐπανελθεῖν
1169 3936 1330 3989 πάλιν
1375 3937 1506 4008 πρὸς
1538 3937 1628 3990 τὸν
1668 3939 1874 3993 δίκαιον
1899 3958 1914 3972 ο

225 4019 411 4084 ἄλλως
437 4020 495 4074 δὲ
525 4022 620 4074 καὶ
666 4021 727 4074 τὸ
754 4021 970 4092 δένδρον
1014 4022 1263 4085 ἀειθαλὲς
1295 4023 1433 4089 ἐστι,
1466 4023 1561 4078 καὶ
1609 4026 1773 4090 εἰκὸς,
1807 4027 1918 4081 τῶν

225 4107 444 4161 ὑδάτων
470 4110 972 4180 ὑπονοστησάντων,
1008 4109 1086 4164 ἔτι
1115 4110 1175 4163 τὸ
1200 4110 1414 4179 δένδρον
1441 4112 1540 4182 τὴν
1569 4112 1676 4166 τῶν
1704 4113 1916 4182 φύλλων

223 4195 374 4266 ἔχειν
419 4197 617 4268 κόμην.
658 4195 775 4251 Kal
812 4197 1103 4267 ἐπισχὼν,
1158 4198 1342 4269 φησὶν,
1379 4199 1465 4252 ἐτι
1495 4199 1646 4253 ἐπτὰ
1691 4202 1916 4270 ἡμέρας

221 4283 440 4350 ἑτέρας
480 4283 873 4347 ἐξαπέστειλε
930 4284 1042 4352 τὴν
1089 4283 1471 4352 περιστερὰν,
1517 4286 1615 4339 καί
1655 4290 1727 4341 οὺ
1775 4305 1916 4357 προ-

221 4371 399 4426 έθετο
421 4371 531 4426 τοῦ
559 4372 922 4440 ἐπιστρέψαι
949 4372 1099 4440 πρὸς
1130 4372 1316 4426 αὑτὸν
1343 4372 1448 4426 ἐτι.
1481 4373 1624 4444 Ὅρα
1662 4374 1749 4428 διὰ
1781 4377 1915 4430 πάν-

220 4478 338 4513 των
361 4461 453 4514 τὸν
477 4461 684 4513 δίκαιον
717 4461 906 4532 ίκανὴν
936 4461 1288 4532 παραμυθίαν
1310 4459 1673 4531 λαμϐάνοντα.
1702 4463 1912 4537 ’Ὥσπερ

220 4551 339 4620 γάρ
371 4547 774 4618 ἐπανελθούσης
811 4548 1000 4619 αὐτῆς,
1044 4550 1138 4601 καὶ
1167 4549 1261 4602 ἐπὶ
1293 4549 1385 4602 τοῦ
1419 4549 1686 4620 στόματος
1717 4554 1912 4621 φερού-

223 4653 332 4707 σης
362 4636 424 4689 16
469 4635 667 4705 φύλλον
697 4637 798 4706 τῆς
825 4635 1030 4699 ἐλαίας,
1075 4637 1318 4708 χρηστὰς
1363 4632 1474 4707 εἶχε
1523 4638 1624 4702 τὰς
1665 4639 1907 4705 ἐλπίδας,

220 4725 368 4779 οὕτω
395 4727 489 4779 καὶ
508 4726 602 4779 νῦν
618 4725 677 4779 τὺ
703 4725 1024 4792 ἐξελθοῦσαν
1050 4726 1124 4797 μὴ
1150 4727 1486 4798 ὑποστρέψαι
1507 4729 1689 4792 πάλιν,
1713 4730 1909 4801 δεῖγμα

224 4809 487 4878 μέγιστον
520 4809 670 4880 αὑτῷ
699 4813 927 4880 παρεῖχε
955 4810 1049 4864 τοῦ
1076 4811 1276 4880 πολλὴν
1300 4812 1469 4882 αὐτὴν
1491 4813 1780 4883 εὑρηκέναι
1810 4817 1908 4886 τὴν

221 4897 432 4960 ἄνεσιν,
467 4898 562 4950 καὶ
599 4897 751 4968 λῆξιν
791 4898 1117 4968 γεγενῆσθαι
1142 4899 1250 4952 τῶν
1279 4899 1484 4954 ὑδάτων
1510 4901 1766 4972 παντελῆ.
1799 4905 1908 4958 Καὶ

219 4985 307 5037 ὅτι
331 4984 491 5038 τοῦτό
522 4987 668 5038 ἐστιν
697 4985 915 5056 ἀληθὲς,
942 4987 1171 5040 ἄκουσον
1200 4987 1306 5040 τῶν
1331 4986 1477 5058 ἑξῆς.
1508 4990 1618 5042 Καὶ
1644 4991 1900 5059 ἐγένετο,

221 5073 381 5141 φησὶ,
417 5071 500 5138 τῷ
541 5073 633 5126 ἐνὶ
677 5073 774 5127 καὶ
806 5073 1216 5140 έξακοσιοστῷ
1263 5076 1380 5129 έτει
1421 5077 1491 5129 ἐν
1537 5077 1616 5144 τῇ
1657 5076 1766 5148 ζωῇ
1797 5083 1904 5136 τοῦ

217 5158 372 5224 Νῶε,
398 5161 507 5214 τοῦ
535 5159 772 5228 πρώτου
795 5159 1012 5229 μηνὸς,
1043 5161 1284 5225 ἐξέλιπε
1309 5163 1372 5214 τὸ
1398 5163 1554 5232 ὕδωρ
1583 5164 1700 5218 ἀπὸ
1722 5182 1907 5234 προσ-

215 5246 388 5299 ώπου
409 5245 522 5315 τῆς
546 5245 681 5315 γῆς.
711 5247 823 5299 Kal
865 5247 1223 5316 ἀπεκάλυψε
1244 5249 1371 5304 Νῶε
1397 5251 1511 5318 τὴν
1550 5253 1775 5322 στέγην
1796 5255 1906 5323 τῆς

217 5333 496 5398 κιϐωτοῦ,
529 5333 610 5401 ἢν
639 5333 912 5400 ἐποίησε,
946 5335 1045 5388 καὶ
1079 5332 1238 5390 εἶδεν
1266 5336 1354 5391 ὅτι
1377 5337 1619 5401 ἐξέλιπε
1656 5340 1720 5392 τὸ
1749 5341 1904 5411 ὕδωρ

215 5416 341 5470 ἀπὸ
371 5417 700 5484 προσώπου
727 5416 836 5485 τῆς
875 5417 998 5488 γῆς.

291 5510 354 5558 ε’.
385 5503 556 5558 Πάλιν
586 5505 818 5558 ἐνταῦθα
850 5505 1028 5559 ἔπεισί
1070 5524 1158 5578 μοι
1191 5507 1488 5579 θαυμάζειν
1524 5511 1618 5564 καὶ
1661 5513 1901 5584 ἐκπλήτ-

214 5593 411 5646 τεσθαι
458 5591 675 5645 καὶτοῦ
725 5593 934 5646 δικαίου
968 5593 1067 5665 τὴν
1094 5595 1314 5666 ἀρετὴν,
1351 5599 1442 5650 καὶ
1487 5599 1581 5652 τοῦ
1626 5599 1761 5654 Θεοῦ
1805 5603 1902 5672 τὴν

216 5680 658 5752 φιλανθρωπίαν.
715 5681 842 5745 Πῶς
906 5682 1036 5753 γὰρ,
1103 5683 1225 5736 εἰπέ
1283 5701 1394 5754 μοι,
1455 5687 1595 5756 μετά
1652 5690 1902 5745 τοσοῦτον

215 5767 412 5841 χρόνον
465 5767 792 5840 προσϐαλὼν
822 5769 902 5840 τῷ
955 5770 1100 5842 ἀέρι,
1146 5772 1370 5835 καὶτὰς
1421 5773 1572 5843 ὖψεις
1617 5776 1901 5842 ἀνατείνας

215 5855 444 5936 ειςγτὴν
493 5855 595 5936 τοῦ,
641 5857 872 5927 οὐρανοῦ
903 5856 1031 5910 θέαν
1072 5859 1172 5912 οὐκ
1217 5861 1580 5931 άπετυφλώθη
1632 5865 1726 5916 καὶ
1759 5867 1897 5936 ἐπη-

217 5935 369 6006 ρώθη
401 5936 501 5999 τὰς
541 5935 728 6005 δψειῃ
773 5939 915 5990 Ἰστε
966 5939 1095 6008 γὰρ,
1131 5940 1266 6005 ἴστε,
1321 5941 1401 5994 ὃτι
1460 5942 1693 6011 μάλιστα
1743 5935 1898 5998 τοῦτο

279 6025 308 6054 ³
329 6023 432 6074 Alii
453 6025 788 6076 ἐπιδείξασθαι.

633 6107 904 6164 ΡΑτιιοι..
952 6104 1068 6164 Gn.
1117 6105 1272 6166 LIII.

3598 388 3706 445 236

2033 505 2264 577 πάσχειν
2296 507 2416 572 ἔθος
2453 511 2566 571 τοῖς
2596 505 2904 578 ἀνθρώποις
2932 502 2984 568 δ,
3023 505 3128 558 κᾶν
3166 503 3303 577 πρὸς
3343 514 3515 576 ρραχὺ
3548 507 3709 580 μέρος

2031 592 2130 660 τῆς
2178 591 2394 664 ἡμέρας
2456 594 2513 644 ἐν
2561 592 2850 652 σκοτεινοῖς
2901 588 3089 651 τόποις
3137 588 3231 641 καὶ
3289 585 3709 663 ζοφωδεστέροις

2031 675 2310 743 διάγοντες
2342 673 2478 744 πρὸς
2519 673 2616 744 τὴν
2655 672 2748 726 τοῦ
2783 671 2960 742 φωτὸς
3011 670 3207 742 ἁθρόον
3239 671 3414 739 αὐγὴν
3465 673 3707 729 ἀτενίσαι

2035 758 2390 830 βουληθῶσιν.
2436 757 2575 810 Ἀλλ’
2613 759 2642 809 6
2669 758 2876 820 δίκαιος
2907 750 3060 818 οὗτος
3087 758 3143 808 ἐν
3168 756 3404 826 ἐνιαυτῷ
3429 756 3708 831 ὁλοκλήρῳ

2031 845 2126 896 καὶ
2161 846 2218 896 ἐν
2247 840 2524 905 τοσούτοις
2571 841 2727 912 μησὶ.
2777 840 3028 910 καθάπερ
3068 840 3125 892 ἐν
3167 841 3364 911 σκότῳ,
3403 841 3606 908 διάγων
3648 845 3708 897 ἐν

2032 929 2096 996 τῇ
2139 925 2380 996 κιϐωτῷ.
2414 926 2510 978 καὶ
2550 927 2644 978 νῦν
2673 925 2866 996 ἀθρόον
2908 924 3047 996 πρὸς
3083 923 3182 994 τὴν
3209 923 3303 976 τοῦ
3333 923 3510 992 φωτὸς
3532 925 3706 996 αὐγὴν

2033 1008 2254 1070 ἐπιδὼν,
2281 1009 2433 1062 οὐδὲν
2453 1008 2690 1062 τοιοῦτον
2725 1009 2984 1078 ἔπασχεν.
3033 1006 3097 1059 Ἦ
3127 1006 3235 1078 γὰρ
3262 1007 3354 1060 τοῦ
3385 1007 3520 1061 Θεοῦ
3547 1011 3708 1081 χάρις

2034 1088 2101 1162 ἦν
2145 1093 2282 1164 μετά
2322 1093 2421 1163 τῆς
2454 1090 2893 1164 παρασχεθείσης
2921 1089 3070 1160 αὐτῷ
3104 1090 3398 1160 ὑπομονῆς,
3427 1091 3461 1160 ἡ
3494 1093 3588 1144 καὶ
3612 1093 3706 1147 τοῦ

2036 1176 2290 1248 σώματος
2342 1176 2440 1240 τάς
2494 1175 2776 1246 αἰσθήσεις
2831 1173 3056 1244 ἰσχυρὰς
3104 1172 3567 1244 ἀπεργαζομένη,
3614 1179 3709 1230 καὶ

2032 1261 2310 1331 ἀνωτέρας
2330 1259 2437 1312 τῶν
2462 1257 2789 1328 σωματικῶν
2815 1255 3067 1325 ἀναγκῶν
3092 1255 3295 1318 ταύτας
3328 1256 3574 1311 ποιοῦσα.
3611 1257 3710 1310 Ἐν
3739 1261 3744 1266 “

2032 1343 2100 1396 δὲ
2133 1342 2211 1408 τῷ
2235 1343 2488 1410 δευτέρῳ
2504 1341 2650 1410 μηνὶ
2673 1338 2971 1410 ἐξηράνθη
3008 1340 3042 1407 ἡ
3077 1339 3174 1409 τῆ,
3203 1338 3419 1408 ἐϐδόμῃ
3478 1341 3573 1393 καὶ
3623 1343 3708 1395 sl-

2032 1425 2167 1480 κάδι
2201 1426 2308 1480 τοῦ
2345 1427 2557 1496 μηνός.
2594 1425 2706 1494 Οὐχ
2744 1423 2929 1487 ἁπλῶς
2967 1424 3064 1494 τὴν
3115 1422 3384 1494 τοσαύτην
3420 1424 3708 1494 ἀκρίϐειαν

2035 1511 2266 1562 ποιεῖται
2306 1510 2338 1578 ἡ
2375 1508 2496 1562 θεία
2539 1509 2751 1579 Γραφὴ,
2802 1507 2918 1561 ἀλλ’
2945 1507 3033 1560 ἵνα
3085 1506 3365 1577 μάθωμεν,
3413 1507 3495 1560 ὅτι
3543 1509 3708 1578 μέχρι

2036 1593 2162 1662 μιᾶς
2191 1593 2404 1663 ἡμέρας
2431 1591 2524 1644 τοῦ
2551 1589 2800 1645 ἐνιαυτοῦ
2823 1589 3034 1643 ἐκείνου
3056 1590 3089 1658 ἡ
3117 1589 3512 1659 συμπλήρωσις
3543 1589 3709 1657 γεγέ-

2032 1695 2210 1746 νηται,
2247 1678 2368 1731 καθ’
2392 1677 2450 1730 ὂν
2477 1677 2572 1730 τοῦ
2611 1677 2819 1731 δικαίου
2854 1675 3067 1746 ἐδείχθη
3102 1675 3134 1744 ἡ
3173 1674 3441 1744 ὑπομονὴ,
3471 1675 3565 1727 καὶ
3609 1675 3710 1744 τῆς

2031 1762 2353 1832 οἰκουμένης
2390 1763 2608 1832 ἀπάσης
2643 1761 2703 1814 τὸ
2725 1761 3020 1831 καθάρσιον
3063 1759 3302 1828 γέγονεν.
3346 1755 3477 1813 Εῐτα
3521 1758 3708 1829 ἐπειδὴ

2031 1847 2282 1919 καθάπερ
2303 1846 2426 1900 τινὰ
2444 1847 2613 1917 ῥύπον
2645 1844 2995 1898 ἀπεπλύνατο
3025 1845 3057 1915 ἡ
3083 1844 3259 1907 κτίσις
3275 1843 3486 1906 ἅπασα,
3513 1841 3710 1896 ἀποθε-

2034 1933 2170 2002 μένη
2186 1931 2286 2003 τὴν
2307 1933 2525 1986 ἃπασαν
2540 1929 2753 2002 κηλῖδα,
2781 1927 2930 2001 [251]
2949 1928 3013 1998 ἢν
3028 1929 3062 1999 ἡ
3079 1928 3186 1980 τῶν
3211 1926 3306 1980 ἀνθ
3314 1927 3512 1998 ρώπων
3541 1925 3709 1980 κακία

2030 2016 2088 2067 ἐν
2103 2017 2240 2085 αὐτῇ
2265 2014 2656 2077 κατεσκεύασε,
2681 2013 2775 2067 καὶ
2803 2012 3024 2083 φαιδρὸν
3046 2011 3221 2081 αὐτῆς
3245 2012 3438 2078 γέγονε
3460 2009 3521 2064 τδ
3541 2010 3708 2076 πρόσ-

2029 2117 2198 2164 ωπον,
2226 2099 2346 2152 τότε
2360 2098 2544 2152 λοιπὸν
2571 2097 2900 2170 προστάττει
2927 2096 3018 2148 τὸν
3033 2095 3242 2148 δίκαιον
3264 2093 3502 2158 ἐξελθεῖν
3526 2096 3591 2147 ἐκ
3608 2094 3708 2164 τῆς

2031 2182 2290 2248 κιϐωτοῦ,
2325 2183 2419 2237 καὶ
2466 2183 2742 2253 ἐλευθεροῖ
2767 2180 2930 2234 αὐτὸν
2960 2178 3051 2233 τοῦ
3106 2177 3344 2249 χαλεποῦ
3375 2178 3586 2231 ἐκείνου
3618 2177 3704 2230 δε-

2031 2267 2367 2337 σμωτηρίου,
2395 2265 2488 2320 καί
2527 2283 2692 2336 φησιν
2713 2280 2728 2295 ο
2771 2261 2917 2318 Εἷπε
2947 2263 3160 2330 Κύριος
3185 2264 3218 2316 ὁ
3245 2259 3390 2327 Θεὸς
3426 2259 3510 2326 τῷ
3540 2259 3668 2314 Νῶε
3688 2277 3702 2290 ο

2033 2348 2284 2414 Ἔξελθε
2320 2348 2424 2411 σὺ,
2454 2348 2552 2402 καὶ
2584 2350 2639 2400 οἱ
2664 2347 2782 2401 υΙοί
2807 2361 2947 2409 σου,
2978 2345 3078 2399 καὶ
3103 2347 3140 2413 η
3171 2342 3324 2415 γυνή
3348 2359 3488 2407 σου,
3519 2343 3616 2396 καί
3649 2347 3708 2396 al

2027 2432 2310 2502 γυναῖκες
2339 2430 2458 2485 τῶν
2485 2431 2631 2486 υἱῶν
2660 2445 2776 2484 σου
2804 2429 2955 2499 μετὰ
2983 2429 3130 2483 σοῦ’
3165 2429 3263 2482 καὶ
3295 2425 3492 2482 πάντα
3511 2429 3584 2481 τὰ
3604 2429 3710 2494 θη-

2020 2518 2124 2584 ρία
2149 2516 2267 2570 ὅσα
2287 2517 2417 2583 ἐστὶ
2440 2515 2591 2585 μετὰ
2615 2515 2754 2581 σοῦ,
2782 2514 2880 2568 καί
2902 2512 3070 2568 πᾶσα
3095 2512 3252 2580 σὰρξ¹
3274 2511 3392 2566 ἀπὸ
3419 2508 3710 2565 πετεινῶν

2025 2604 2138 2669 ἕως
2166 2603 2422 2671 κτηνῶν,
2467 2600 2567 2655 καὶ
2607 2599 2731 2656 πᾶν
2767 2599 3021 2668 ἑρπετὸν
3064 2599 3424 2663 κινούμενον
3458 2597 3557 2651 ἐπὶ
3596 2595 3709 2664 τῆς

2027 2687 2144 2758 τῆς
2173 2688 2431 2757 ἐξάγαγε
2450 2686 2604 2756 μετά
2629 2684 2912 2749 σεαυτοῦ,
2937 2683 3036 2736 καὶ
3063 2681 3402 2746 αὐξάνεσθε
3432 2682 3530 2734 καὶ
3557 2685 3708 2747 πλη-

2027 2773 2282 2827 θύνεσθε
2307 2771 2404 2824 ἐπὶ
2427 2769 2538 2839 τῆς
2557 2768 2687 2840 γῆς.
2717 2768 2916 2822 Σκόπει
2939 2765 3075 2819 Θεοῦ
3109 2766 3439 2836 άγαθότητα,
3475 2765 3592 2830 πῶς
3618 2766 3706 2819 διὰ

2029 2858 2246 2910 πάντων
2293 2855 2701 2926 παραμυθεῖται
2741 2852 2836 2906 τὸν
2866 2853 3095 2906 δίκαιον.
3138 2850 3358 2922 Ἐπειδὴ
3391 2851 3500 2921 γὰρ
3537 2867 3706 2921 προσ-

2025 2940 2220 3005 έταξεν
2265 2939 2427 2993 αὐτὸν
2475 2937 2709 3003 ἐξελθεῖν
2737 2939 2802 2990 ἐκ
2829 2938 2931 3008 τῆς
2964 2934 3220 3000 κιϐωτοῦ,
3249 2935 3345 2988 καὶ
3381 2937 3507 2998 τοὺς
3533 2934 3702 2998 υἱοὺς,

2025 3026 2118 3078 καὶ
2143 3025 2242 3094 τὴν
2262 3025 2522 3092 γυναῖκα,
2544 3021 2641 3075 καὶ
2670 3020 2770 3082 τὰς
2801 3022 3065 3087 γυναῖκας
3094 3017 3201 3070 τῶν
3232 3016 3361 3069 υἱῶν
3395 3016 3588 3079 αὑτοῦ,
3613 3019 3707 3069 καὶ

2025 3108 2096 3162 τά
2123 3107 2286 3181 θηρία
2314 3108 2513 3171 πάντα,
2549 3107 2638 3160 ἵνα
2689 3105 2763 3176 μὴ
2820 3103 2912 3158 καὶ
2941 3103 3070 3173 αὐτὸ
3095 3102 3254 3156 τοῦτο
3300 3101 3461 3156 πάλιν
3507 3100 3706 3170 πολλὴν

2028 3192 2182 3263 αὐτῴ
2233 3191 2617 3262 κατασκεδάσῃ
2654 3189 2751 3260 τὴν
2781 3188 3044 3260 ἀθυμίαν,
3081 3187 3177 3240 καὶ
3221 3185 3512 3256 ἐναγώνιον
3543 3185 3706 3239 αὐτὸν

2027 3276 2344 3346 καταστήσῃ
2375 3273 2742 3344 λογιζόμενον,
2767 3271 2842 3335 ὡς
2863 3274 2919 3324 ἐν
2943 3271 3150 3343 ἐρημίᾳ
3171 3270 3345 3334 ἔσται,
3375 3272 3433 3322 ἐν
3466 3267 3706 3338 τοσούτῳ

2026 3359 2219 3412 πλάτει
2245 3359 2345 3428 τῆς
2381 3358 2486 3427 γῆς
2533 3357 2693 3427 μόνος
2731 3354 2920 3420 οἰκῶν,
2954 3353 3167 3416 οὐδενὸς
3199 3352 3348 3415 ὄντος
3378 3352 3565 3422 ἐτέρου
3591 3370 3604 3383 ·
3630 3352 3703 3402 εἰ-

2027 3442 2166 3504 πὼν,
2199 3440 2380 3505 ἔξελθε
2411 3443 2476 3494 ἐκ
2497 3441 2594 3510 τῆς
2637 3437 2898 3502 κιϐωτοῦ,
2927 3438 3020 3490 καὶ¹
3054 3436 3290 3504 ἐξάγαγε
3322 3435 3537 3489 ἅπαντα
3567 3435 3704 3506 μετά

2026 3524 2277 3587 σεαυτοῦ,
2308 3523 2635 3595 προσέθηκε,
2673 3520 2781 3576 Kal
2807 3519 3147 3584 αὐξάνεσθε
3176 3519 3274 3572 καὶ
3321 3518 3703 3586 πληθύνεσιὴι

2022 3610 2121 3661 ἐπὶ
2153 3607 2264 3676 τῆς
2291 3605 2424 3676 τῆς.

2097 3693 2240 3763 Ὅρα
2270 3692 2386 3755 πῶς
2410 3690 2570 3744 πάλιν
2594 3687 2798 3744 ἀνωθεν
2823 3691 2851 3742 6
2879 3688 3087 3752 δίκαιος
3109 3680 3263 3750 οὗτος
3294 3686 3512 3755 ἐκείνην
3541 3685 3698 3756 δέχε-

2024 3795 2114 3830 ται
2143 3777 2241 3848 τὴν
2261 3775 2530 3843 εὐλογίαν,
2565 3774 2630 3845 ἢν
2668 3772 2775 3844 πρὸ
2803 3773 2902 3842 τῆς
2929 3769 3296 3843 παραϐάσεως
3317 3771 3347 3822 6
3382 3769 3554 3837 ’Δδὰμ
3581 3768 3696 3821 ἐδέ-

2024 3859 2169 3924 ξατο.
2201 3859 2414 3929 ’Ὠσπερ
2437 3858 2546 3929 γάρ
2578 3857 2741 3928 ἡνίκα
2768 3857 2972 3918 ἐκεῖνος
2999 3852 3428 3926 ἐδημιουργήθη,
3455 3853 3657 3922 ἢκουσε
3679 3867 3695 3882 ·

2022 3945 2131 3999 Kal
2154 3945 2496 4012 εὐλόγησεν
2514 3940 2736 4006 αὐτοὺς
2751 3943 2785 3994 ὁ
2813 3939 2956 4006 Θεὸς
2976 3937 3189 4008 λέγων.
3220 3936 3569 4001 Αὑξὰνεσθε
3599 3936 3696 3989 καὶ

2021 4027 2426 4095 πληθύνεσθε,
2449 4025 2548 4079 καὶ
2581 4024 3091 4092 κατακυριεύσατε
3118 4020 3231 4090 τῆς
3262 4020 3377 4090 γῆς
3399 4038 3413 4050 ·
3438 4019 3581 4073 οὑτω
3601 4021 3700 4072 καὶ

2020 4105 2172 4174 οὗτος
2208 4109 2325 4169 νῦν,
2353 4107 2703 4172 Αὺξάνεσθε
2745 4105 2842 4159 καὶ
2887 4105 3270 4171 πληθύνεσθε
3297 4102 3398 4156 ἐπὶ
3429 4101 3540 4170 τῆς
3557 4101 3692 4171 γῆς.

2023 4192 2235 4262 ’Ὠσπερ
2253 4191 2363 4261 γὰρ
2379 4191 2587 4252 ἐκεῖνος
2604 4189 2749 4260 ἀρχὴ
2773 4188 2868 4241 καὶ
2897 4187 3022 4259 ῥίζα
3039 4187 3228 4255 γέγονε
3246 4185 3464 4239 πάντων
3475 4185 3583 4239 τῶν
3599 4202 3694 4254 γε-

2020 4275 2254 4344 γονότων
2278 4273 2387 4344 πρὸ
2407 4272 2501 4326 τοῦ
2522 4270 2932 4340 κατακλυσμοῦ,
2956 4269 3100 4324 οὑτω
3129 4270 3223 4324 καὶ
3248 4272 3278 4323 6
3301 4269 3510 4332 δίκαιος
3539 4263 3694 4332 οὗτος

2022 4357 2172 4428 ζύμη
2213 4373 2296 4420 τις
2339 4356 2435 4409 καὶ
2469 4356 2613 4426 ἀρχὴ
2651 4355 2744 4407 καὶ
2782 4353 2909 4425 ῥίζα
2931 4353 3141 4422 γίνεται
3172 4353 3389 4406 πάντων
3419 4351 3526 4404 τῶν
3555 4353 3695 4422 μετὰ

2019 4441 2109 4495 τὸν
2139 4439 2545 4509 κατακλυσμόν.
2574 4438 2684 4492 Καὶ
2726 4437 2978 4492 ἐντεῦθεν
3017 4435 3201 4489 λοιπὸν
3228 4434 3297 4488 τά
3321 4435 3423 4504 τῆς
3452 4434 3561 4487 τῶν
3594 4435 3692 4488 ἀν-

2019 4524 2252 4594 θρώπων
2274 4523 2583 4586 συστάσεως
2612 4521 2784 4592 ἀρχὴν
2803 4521 3090 4592 λαμϐάνει,
3119 4521 3212 4575 καὶ
3243 4523 3276 4590 ἡ
3300 4521 3474 4583 κτίσις
3503 4521 3689 4573 ἅπασα

2015 4610 2106 4662 τὸν
2143 4611 2339 4662 οἰκεῖον
2367 4605 2742 4676 ἀπολαμϐάνει
2766 4605 2991 4674 κόσμον,
3031 4605 3065 4676 ἦ
3106 4623 3164 4658 τε
3195 4605 3268 4674 γῆ
3309 4603 3447 4675 πρὸς
3481 4618 3692 4674 καρποο

2017 4692 2209 4763 φορίαν
2236 4689 2636 4759 διεγειρομένη,
2665 4691 2760 4742 καὶ
2789 4688 2857 4742 τὰ
2875 4687 3009 4743 ἄλλα
3033 4687 3210 4740 πάντα
3238 4688 3340 4739 ὅσα
3365 4685 3451 4739 διὰ
3471 4687 3571 4754 τὴν
3592 4684 3686 4738 τοῦ

2013 4776 2303 4848 ἀνθρώπου
2335 4773 2639 4844 ὑπηρεσίαν
2677 4772 3102 4842 ἐδημιουργήθη.
3136 4770 3245 4825 Kal
3279 4769 3500 4838 ἐξῆλθε
3534 4769 3684 4828 Νῶε.

2014 4860 2172 4931 φησὶ,
2219 4859 2316 4911 καὶ
2364 4857 2402 4924 η
2451 4855 2605 4927 γυνὴ
2635 4856 2843 4920 αὑτοῦ,
2878 4856 2974 4908 καὶ
3024 4857 3077 4909 οἱ
3106 4853 3224 4908 vlol
3253 4853 3459 4912 αὑτοῦ.
3502 4853 3597 4905 καὶ
3626 4855 3684 4906 al

2012 4943 2292 5014 γυναῖκες
2325 4940 2442 4994 τῶν
2473 4941 2620 4994 υἱῶν
2646 4940 2833 4994 αὐτοῦ
2848 4941 2973 5008 μετ’
3004 4938 3190 4994 αὐτοῦ
3215 4954 3229 4968 ’
3267 4937 3366 4990 καί
3394 4935 3591 4990 πάντα
3614 4938 3686 4991 τὰ

2011 5025 2205 5092 θηρία,
2239 5023 2337 5076 καὶ
2368 5021 2565 5075 πάντα
2606 5021 2679 5074 τὰ
2717 5020 2930 5089 κτήνη,
2961 5020 3061 5073 καὶ
3101 5019 3227 5073 πᾶν
3255 5016 3549 5081 πετεινὸν,
3583 5017 3682 5071 καὶ

2009 5109 2134 5165 πᾶν
2159 5105 2410 5174 ἑρπετὸν
2436 5105 2792 5172 κινούμενον
2809 5103 2908 5157 ἐπὶ
2939 5103 3050 5171 τῆς
3077 5100 3190 5170 γῆς
3214 5101 3364 5154 κατὰ
3383 5099 3555 5170 γένος
3575 5102 3684 5154 αὐ-

2009 5193 2129 5247 τῶν
2149 5187 2413 5257 ἐξῆλθον
2438 5186 2507 5239 ἐκ
2546 5184 2659 5253 τῆς
2692 5184 2958 5238 κιϐωτοῦ.
2988 5183 3146 5241 Κατὰ
3174 5183 3234 5236 τὸ
3265 5182 3359 5235 τοῦ
3387 5183 3677 5246 Δεσπότου,

2013 5275 2168 5345 φησὶ,
2207 5272 2535 5342 πρόσταγμα
2566 5269 2856 5338 δεξάμενος
2883 5269 2981 5340 τὴν
3002 5269 3251 5337 εὐλογίαν
3269 5267 3368 5339 τὴν
3393 5267 3679 5335 λέγουσαν,

2008 5353 2356 5419 Αὺξάνεσθε
2395 5352 2494 5404 καὶ
2541 5351 2941 5418 πληθύνεσθε,
2975 5350 3196 5418 ἐξῆλθεν
3231 5353 3295 5404 ἐκ
3319 5349 3416 5419 τῆς
3445 5345 3680 5400 κιϐωτοῦ

2013 5435 2151 5504 μετὰ
2174 5433 2282 5487 τῶν
2310 5431 2484 5486 ἄλλων
2509 5429 2783 5483 ἁπάντων.
2815 5429 2924 5482 Καὶ¹
2943 5425 3013 5501 ἦν
3035 5427 3220 5481 λοιπὸν
3249 5431 3307 5482 ἐν
3331 5427 3482 5499 πάσῃ
3509 5428 3575 5496 τῇ
3606 5429 3677 5496 γῇ

2009 5523 2036 5573 6
2071 5519 2277 5580 δίκαιος
2325 5515 2486 5586 μόνος
2526 5514 2727 5582 διάγων
2771 5513 2912 5584 μετὰ
2961 5515 3060 5584 τῆς
3107 5513 3384 5582 γυναικὸς,
3426 5513 3520 5565 καὶ
3569 5511 3679 5564 τῶν

2008 5602 2258 5661 παιδίων,
2290 5597 2510 5654 καὶτῶν
2539 5598 2742 5651 τούτων
2760 5597 3052 5665 γυναικῶν.
3077 5597 3185 5650 Καὶ
3215 5595 3415 5659 εὐθέως
3446 5594 3676 5659 ἐξελθὼν

2007 5684 2107 5754 τὴν
2145 5680 2352 5733 οἰκείαν
2401 5676 2822 5747 εὐγνωμοσύνην
2878 5675 3263 5738 ἐπιδείκνυται,
3303 5673 3399 5727 καὶ
3432 5674 3574 5742 ὑπέρ
3615 5689 3676 5727 τε

2006 5765 2115 5815 τῶν
2151 5756 2626 5832 παρεληλυθότων,
2666 5757 2806 5827 ὑπέρ
2838 5773 2897 5808 τε
2924 5756 3034 5808 τῶν
3067 5754 3366 5826 μελλόντων
3385 5755 3484 5818 τὰς
3509 5754 3672 5826 εὐχασ

2013 5843 2223 5916 ριστίας
2253 5838 2513 5909 ἀναφέρει
2531 5837 2609 5908 τῷ
2630 5837 2824 5891 ἐαυτοῦ
2847 5837 3115 5908 Δεσπότῃ.
3157 5835 3298 5889 Ἀλλ’
3319 5837 3368 5889 εἰ
3393 5835 3562 5900 δοκεῖ,
3587 5833 3674 5916 ἵνα

2012 5909 2086 5996 μὴ
2119 5921 2326 5994 μακρὸν
2357 5919 2598 5989 ποιῶμεν
2626 5918 2715 5971 τὸν
2747 5916 2926 5986 λόγον,
2957 5919 3036 5981 εἰς
3073 5916 3170 5987 τὴν
3204 5916 3330 5986 ἑξῆς
3365 5909 3672 5990 «came-,9“)-

2065 6029 2092 6067 ιι
2120 6031 2218 6080 Alii
2249 6029 2359 6086 τοὺς
2374 6027 2658 6094 ἀνθρώπους.

3136 6101 3207 6162 15
