4062 6396
418 332 544 392 ’237

440 457 582 525 μεθα
602 455 668 509 τά
696 459 836 511 κατά
855 456 951 528 τὴν
974 455 1390 530 εὐγνωμοσύνην
1408 461 1500 514 τοῦ
1526 461 1759 534 δικαίου,
1790 466 1954 539 μέχρι
1975 467 2100 521 τού·-

437 544 852 613 τουστήσαντες
883 545 973 598 τὸν
1003 545 1179 614 λόγον,
1207 549 1301 600 καὶ
1322 550 1801 619 παρακαλέσαντες
1823 553 1976 624 ὑμῶν
2001 554 2100 626 τὴν

425 626 659 700 ἀγάπην
690 631 950 700 διηνεκῶς
986 632 1175 685 τοῦτον
1204 633 1294 686 τὸν
1319 636 1583 705 μακάριον
1619 639 1677 690 ἐν
1713 639 1919 711 διανοίᾳ
1944 657 2103 712 περι-

436 718 707 788 στρέφειν,
746 718 838 771 καὶ
867 719 969 788 τῆς
1001 719 1200 790 ἀρετῆς
1231 721 1393 774 αὐτοῦ
1424 723 1560 792 μετά
1586 724 1866 794 ἀκριϐείας
1889 727 1987 798 τὴν
2013 728 2102 781 εὑ-

437 805 674 875 μορφίαν
721 806 1175 876 καταμανθάνειν,
1217 809 1310 860 καὶ
1343 808 1588 879 ζηλωτάς
1627 812 1792 865 αὑτοῦ
1834 813 2099 881 γίνεσθαι.

437 891 633 943 Σκόπει
658 893 766 963 γάρ
800 910 889 962 μοι
913 893 1078 957 πόσος
1114 893 1278 946 αὐτοῦ
1317 895 1418 964 τῆς
1455 897 1654 968 ἀρετῆς
1679 900 1707 950 ό
1736 899 1984 961 πλοῦτος,
2022 901 2100 954 ὅτι

438 979 680 1049 σήμερον
709 982 765 1032 ἐν
792 981 1078 1043 τοσαύταις
1114 981 1345 1052 ἡμέραις
1371 984 1439 1035 τά
1481 985 1602 1036 κατ’
1633 985 1792 1038 αὐτὸν
1815 986 2105 1057 διηγούμε-

440 1082 541 1128 νοι,
571 1067 784 1119 οὐδέπω
813 1067 905 1120 καὶ
927 1067 1022 1120 νῦν
1047 1069 1197 1131 τέλος
1225 1069 1372 1141 [252]
1413 1071 1679 1124 ἐπιθεῖναι
1711 1071 2008 1143 ἰσχύσαμεν
2034 1079 2099 1146 τῇ

439 1153 556 1205 κατ’
581 1153 743 1206 αὑτὸν
768 1154 1042 1208 ὑποθέσει.
1067 1155 1174 1208 Καὶ
1207 1156 1259 1208 τί
1283 1155 1424 1224 λέγω
1447 1157 1599 1221 τέλος
1625 1159 1885 1212 ἐπιθεῖναι
1909 1178 1928 1227 ;
1962 1161 2103 1214 Ὅσα

429 1238 505 1291 ἂν
552 1239 817 1310 εἴπωμεν,
865 1241 924 1293 οὐ
960 1241 1233 1312 δυνάμεθα
1281 1243 1601 1312 ἐφικέσθαι·
1639 1245 1776 1299 ἀλλά
1815 1249 1918 1300 κᾶν
1943 1251 2102 1319 ἡμεῖς

437 1324 606 1377 πολλὰ
654 1326 974 1397 δυνηθῶμεν
1005 1331 1198 1393 εἰπεῖν,
1245 1330 1351 1384 κᾶν
1379 1331 1429 1383 οἰ
1465 1331 1582 1400 μεθ’
1611 1333 1779 1403 ἡμᾶς,
1813 1335 1932 1387 οὐδὲ
1962 1335 2102 1388 οῦτω

438 1412 574 1482 πρὸς
597 1414 657 1466 τὸ
680 1415 829 1478 τέλος
849 1415 1048 1484 φθάσαι
1070 1417 1410 1488 δυνησόμεθα
1426 1435 1442 1452 ⁸
1464 1419 1718 1473 τοσοῦτόν
1740 1423 1888 1475 ἐστιν
1909 1423 2099 1494 ἀρετή.

448 1500 572 1554 Ἐὰν
600 1502 708 1572 γὰρ
741 1501 1113 1573 βουληθῶμεν,
1163 1505 1381 1560 ἃπασαν
1422 1506 1581 1577 ἡμῶν
1621 1506 1720 1576 τὴν
1750 1508 1911 1577 φύσιν
1949 1505 2104 1574 οὗτος

437 1586 727 1640 παιδεῦσαι
752 1589 1040 1661 δυνήσεται
1064 1603 1113 1656 α,
1149 1593 1403 1666 καὶπρὸς
1435 1593 1526 1646 τὸν
1564 1594 1663 1664 τῆς
1703 1595 1900 1666 ἀρετῆς
1941 1596 2103 1666 ζῆλον

435 1674 746 1743 ἐναγαγεῖν.
784 1677 954 1730 Ὅταν
996 1678 1104 1748 γὰρ
1156 1679 1250 1731 καί
1313 1680 1515 1750 μεταξὺ
1545 1681 1814 1735 τοσούτων
1851 1683 2102 1754 πονηρῶν

435 1761 913 1833 ἀναστρεφόμενος
932 1757 1086 1828 οὗτος
1112 1767 1141 1819 ὁ
1163 1765 1385 1832 δίκαιος,
1407 1768 1501 1820 καὶ
1532 1769 1738 1839 μηδένα
1763 1769 1901 1839 ἔχων
1922 1771 2102 1842 εὑρεῖν

439 1847 754 1918 ὂμότροπον,
809 1851 946 1922 πρὸς
991 1851 1242 1905 τοσοῦτον
1284 1852 1480 1924 μέτρον
1517 1854 1713 1926 εὑρέθη
1741 1855 1958 1924 φθάνων
2001 1859 2102 1929 τῆς

439 1930 655 2002 ἀρετῆς,
687 1933 770 1996 τίς
800 1935 930 2004 ἡμῖν
963 1933 1116 1988 ἔσται
1147 1935 1412 2004 ἀπολογία
1440 1939 1551 2000 τοῖς
1577 1937 1712 2008 μηδὲ
1740 1939 1976 1994 τοσαῦτα
2003 1958 2104 1994 κω·

438 2017 651 2088 λύματα
679 2019 881 2090 έχουσι,
924 2021 1016 2073 καὶ
1043 2022 1350 2092 ῥᾳθυμοῦσι
1385 2023 1521 2094 πρὸς
1553 2023 1651 2094 τὴν
1678 2023 1881 2096 ταύτης
1905 2028 2103 2098 κατόρ-

419 2104 601 2158 -θωσιν
626 2123 639 2170 ;
666 2107 756 2177 Μὴ
779 2109 886 2178 γάρ
913 2126 1004 2178 μοι
1037 2109 1135 2179 τὴν
1167 2111 1226 2162 ἐν
1272 2113 1384 2174 τοῖς
1420 2112 1790 2176 πεντακοσίοις
1810 2112 1954 2166 ἔτεσι
1982 2115 2100 2169 δια-

436 2191 618 2262 γωγὴν
647 2193 770 2261 λέγε
797 2194 974 2263 μόνον,
1026 2196 1108 2248 δτι
1159 2195 1587 2266 κωμῳδούμενος
1632 2198 1728 2251 καὶ
1779 2199 2103 2271 χλευαζόμε-

414 2298 525 2346 -νος
549 2281 772 2334 διετέλει
807 2283 910 2336 ὑπὸ
951 2283 1057 2335 τῶν
1107 2284 1205 2354 τὴν
1254 2285 1454 2337 κακίαν
1486 2285 1800 2355 μετιόντων,
1831 2287 1966 2341 ἀλλά
2006 2289 2102 2342 καὶ

436 2369 534 2436 τὴν
583 2370 640 2419 ἐν
681 2371 746 2438 τῇ
787 2369 1004 2440 κιϐωτῷ
1034 2370 1333 2442 διατριϐήν.
1380 2370 1438 2424 '0
1470 2372 1577 2444 γὰρ
1615 2373 1858 2439 ἐνιαυτὸς
1897 2377 2102 2440 ἐκεῖνος

435 2452 757 2523 ἀντίρροπος
787 2450 924 2506 εἷναί
957 2471 1046 2524 μοι
1078 2455 1226 2508 δοκεῖ
1268 2455 1362 2509 τοῦ
1410 2457 1609 2520 παντὸς
1637 2458 1830 2528 χρόνου
1854 2475 1868 2490 ο
1908 2459 2102 2512 τοσαύ-

426 2557 533 2610 την
560 2543 674 2594 ἐκεῖ
701 2542 800 2612 τὴν
829 2541 1007 2611 θλίψιν
1045 2543 1335 2613 ὑπομένειν
1362 2544 1391 2596 ό
1415 2545 1620 2608 δίκαιος
1655 2545 2017 2615 ἠναγκάζετο,
2043 2549 2102 2602 ἐν

434 2629 766 2700 στενοχωρία
802 2629 1023 2703 τοιαύτῃ
1065 2630 1370 2699 τυγχάνων,
1416 2632 1511 2684 καὶ
1563 2632 1696 2703 μηδέ
1727 2635 1983 2689 ἀναπνεῖν
2013 2635 2102 2687 δυ-

435 2717 689 2786 νάμενος,
719 2720 812 2770 καὶ
839 2719 935 2787 τῆς
965 2717 1105 2787 μετὰ
1126 2719 1236 2770 τῶν
1268 2718 1473 2790 θηρίων
1503 2720 1720 2773 καὶτῶν
1743 2721 1950 2790 ἀλόγων
1985 2723 2100 2777 δια-

436 2804 623 2873 γωγῆς
654 2804 997 2875 ἀνεχόμενος,
1051 2805 1143 2858 καὶ
1166 2805 1261 2859 διὰ
1303 2806 1520 2860 πάντων
1565 2809 1776 2872 δεικνὺς
1810 2810 1972 2864 αὐτοῦ
2004 2813 2102 2881 τῆς

435 2889 661 2960 γνώμης
693 2891 752 2944 τὸ
775 2891 1019 2962 στερρὸν,
1044 2892 1138 2945 καὶ
1159 2892 1220 2945 τὸ
1237 2893 1450 2956 ἀκλκνές
1478 2894 1577 2964 τῆς
1597 2897 1985 2966 προαιρέσεως,
2010 2899 2104 2951 καί⁵

433 2977 532 3047 τὴν
565 2979 746 3030 πίστιν
775 2980 840 3048 ἢν
870 2978 997 3049 περὶ
1028 2979 1119 3032 τὸν
1169 2979 1300 3032 Θεὸν
1332 2979 1696 3044 ἐπεδείκνυτο,
1744 2981 1810 3035 δι’
1840 2983 1904 3054 ῆν
1927 2985 2104 3040 πάντα

436 3065 627 3135 πράως
650 3065 744 3118 καὶ
769 3065 984 3133 κούφως
1006 3064 1190 3136 ἔφερε.
1212 3066 1310 3119 Δία
1336 3083 1424 3118 ’τοι
1457 3066 1632 3132 τοῦτο,
1660 3069 1846 3140 ἐπειδὴ
1875 3069 1944 3124 τὰ
1970 3073 2101 3144 παρ’

435 3151 600 3204 αὐτοῦ
618 3151 794 3204 πάντα
813 3152 1116 3222 εἰσήνεγκε,
1133 3152 1228 3206 καὶ
1246 3151 1353 3206 τῶν
1369 3153 1519 3224 παρὰ
1531 3154 1625 3207 τοῦ
1647 3154 1783 3208 Θεοῦ
1803 3155 1938 3225 μετά
1949 3155 2104 3226 δαψι-

438 3237 592 3301 λείας
623 3240 960 3307 ἀπὴλαυσεν.
983 3241 1044 3293 Εἰ
1081 3239 1189 3311 γάρ
1213 3240 1308 3293 καὶ
1352 3242 1714 3312 στενοχωρίαν
1771 3243 1968 3316 πολλὴν
2002 3245 2104 3298 ὑπ-

430 3327 633 3396 έμενεν
657 3328 716 3379 ἐν
747 3329 813 3399 τῇ
831 3327 1074 3398 διαγωγῇ
1103 3328 1201 3398 τῆς
1227 3326 1482 3394 κιϐωτοῦ,
1507 3329 1621 3382 ἀλλ’
1656 3330 1804 3398 ὅμως
1828 3331 1887 3384 τὸ
1903 3332 2104 3385 κλυδώ-

436 3431 547 3467 νιον
576 3414 638 3466 τὸ
658 3413 886 3485 φοϐερὸν
917 3415 1010 3468 καὶ
1059 3415 1156 3486 τὴν
1202 3415 1576 3486 πανωλεθρίαν
1603 3417 1820 3489 ἐκείνην
1857 3419 2100 3489 διέφυγε.

438 3503 547 3555 Καὶ
579 3501 668 3555 διὰ
698 3501 854 3554 τοῦτο
913 3501 1051 3573 μετὰ
1089 3501 1188 3573 τὴν
1222 3503 1584 3572 στενοχωρίαν
1617 3505 1830 3576 ἐκείνην
1858 3506 1953 3560 καὶ
2007 3506 2103 3578 τὴν

429 3589 706 3662 ,ἀφόρητον
725 3590 967 3660 εἱρκτὴν,
989 3591 1080 3644 καὶ
1118 3591 1302 3654 ἀδείας
1324 3591 1420 3644 καὶ
1449 3592 1685 3656 ἀνέσεως
1717 3593 1984 3666 ἀπήλαυε,
2012 3598 2104 3650 καὶ

437 3679 536 3747 τῆς
569 3678 721 3749 παρὰ
749 3677 843 3732 τοῦ
873 3678 1006 3732 Θεοῦ
1039 3679 1286 3747 εὐλογίας
1311 3679 1549 3748 ἠξιοῦτο,
1591 3681 1684 3735 καί⁵
1708 3681 1870 3735 πάλιν
1898 3684 1996 3754 τὴν
2023 3687 2103 3738 οἰ-

433 3767 591 3820 κείαν
612 3767 1025 3838 εὐγνωμοσύνην
1057 3766 1143 3821 διὰ
1163 3767 1269 3821 τῶν
1295 3767 1470 3838 ἔργων
1490 3768 1746 3839 ἐπλήρου·
1779 3771 1872 3823 καὶ
1896 3787 2103 3825 παντα-

437 3855 534 3923 χοῦ
555 3854 805 3924 εὑρήσεις
816 3852 914 3916 τὰς
934 3852 1109 3924 ἀρχὰς
1129 3855 1258 3925 παρ’
1285 3853 1449 3908 αὐτοῦ
1473 3855 2104 3930 είσφερομένας.Ὥσπερ

433 3940 494 3993 δέ
515 3941 614 4009 τὴν
634 3939 856 4010 πρώτην
893 3939 1110 3994 ἅπασαν
1137 3939 1356 4011 ἡλικίαν
1380 3940 1478 4012 τὴν
1516 3942 1716 4013 ἀρετὴν
1747 3944 2100 4014 μεταδιώξας,

438 4027 531 4080 καὶ
563 4027 659 4097 τῆς
688 4026 885 4083 κακίας
913 4027 1320 4091 ἐκείνωνοέκτδς
1342 4026 1663 4096 γεγονὼς,οὐ
1695 4030 2104 4102 συναπήλαυσεν

438 4118 617 4178 αὐτοῖς
643 4116 744 4186 τῆς
768 4116 1061 4186 τιμωρίας,
1103 4116 1240 4170 ἀλλά
1267 4117 1485 4170 πάντων
1515 4117 1860 4188 ὑποϐρυχίων
1884 4121 2104 4190 γινομέ-

437 4215 543 4250 νων
573 4198 731 4262 αὐτὸς
769 4199 927 4268 μόνος
954 4197 1258 4263 διεσώζετο·
1298 4198 1440 4252 οὑτω
1479 4199 1640 4254 πάλιν
1667 4201 1854 4274 ἐπειδὴ
1907 4203 2103 4276 πολλὴν

435 4285 536 4354 τὴν
564 4283 742 4337 πίστιν
772 4285 1076 4356 εἰσήνεγκε,
1131 4285 1226 4338 καὶ
1258 4288 1374 4356 μετ’
1405 4287 1755 4359 εὐχαριστίας
1786 4289 1885 4360 τῆς
1929 4292 1987 4345 ἐν
2035 4294 2102 4364 τῇ

438 4370 652 4441 κιϐωτῷ
682 4373 947 4444 οἰκήσεως
977 4372 1249 4442 ἠνέσχετο,
1305 4373 1464 4428 πάλιν
1510 4374 1578 4428 τά
1629 4376 1778 4447 παρὰ
1834 4378 1926 4432 τοῦ
1968 4379 2103 4433 Θεοῦ

435 4456 764 4527 ἠκολούθησε
790 4458 928 4527 μετά
979 4458 1179 4527 πολλῆς
1203 4461 1300 4529 τῆς
1323 4460 1650 4531 φιλοτιμίας,
1683 4462 1777 4516 καὶ
1803 4461 2104 4536 ἐξενεχθεὶς

435 4543 535 4612 τῆς
567 4542 818 4608 κιϐωτοῦ,
852 4545 946 4597 καὶ
981 4545 1061 4608 είς
1088 4544 1186 4616 τὴν
1220 4546 1488 4618 προτέραν
1520 4547 1795 4620 διαγωγὴν
1825 4551 2103 4606 ἀποκατα-

436 4629 674 4694 σταθεὶς,
709 4629 907 4695 εὐθέως
958 4631 1208 4700 εὐλογίας
1236 4631 1502 4702 ἀξιοῦται,
1563 4636 1658 4688 καὶ⁵
1692 4637 1854 4692 πάλιν
1885 4639 1985 4710 τὴν
2021 4643 2102 4695 οἰ-

435 4717 590 4770 κείαν
617 4715 1036 4787 εὐγνωμοσύνην
1072 4718 1497 4789 ἐπιδειξάμενος,
1539 4722 1630 4774 καὶ
1648 4723 1747 4793 τὴν
1777 4724 1914 4778 κατά
1941 4725 2101 4780 δύνα-

437 4819 530 4872 μιν
557 4802 902 4874 εὐχαριστίαν
930 4803 1312 4874 ποιησάμενος,
1341 4807 1435 4860 καὶ
1467 4807 1609 4862 οὑτω
1641 4810 1901 4880 μειζόνων
1924 4811 2103 4878 ἀξιοῦ-

432 4908 520 4944 ται
548 4892 696 4962 παρά
724 4891 818 4943 τοῦ
845 4889 1221 4963 φιλανθρώπου
1243 4893 1397 4947 Θεοῦ.
1433 4895 1542 4948 Καὶ
1565 4897 1671 4966 γὰρ
1705 4896 1824 4962 έθος
1849 4899 2006 4954 τοῦτο
2026 4901 2103 4972 τῷ

432 4979 572 5050 Θεῷ,
603 4981 820 5034 ἐπειδὰν
861 4981 1033 5052 μικρά
1089 4982 1184 5035 καὶ
1209 4982 1399 5054 εὐτελῆ
1433 4984 1563 5055 παρ’
1594 4985 1752 5056 ἡμῶν
1800 4988 2103 5060 εἰσενεχθῇ,

433 5069 580 5138 ὅμως
613 5068 655 5120 δ’
681 5064 774 5122 οῦν
801 5069 1102 5140 εἰσενεχθῇ,
1153 5070 1350 5142 πολλὴν
1371 5073 1501 5142 ἡμῖν
1523 5072 1620 5143 τὴν
1656 5077 1782 5145 παρ’
1813 5075 1977 5129 αὐτοῦ
2001 5075 2104 5129 δω-

433 5151 643 5225 ρεῖσθαι
679 5152 1007 5221 φιλοτιμίαν.
1034 5153 1143 5206 Καὶ
1163 5154 1248 5208 ἴνα
1276 5154 1453 5226 μάθῃς
1505 5157 1600 5208 καὶ
1632 5158 1728 5227 τῆς
1761 5157 2105 5231 ἀνθρωπίνης

435 5240 704 5302 εὐτελείας
735 5239 831 5310 τὴν
867 5240 1190 5313 ὑπερϐολὴν,
1218 5242 1426 5296 καὶτοῦ
1465 5243 1734 5296 Δεσπότου
1768 5261 1860 5298 σου
1880 5245 1979 5316 τὴν
2011 5263 2103 5314 φι-

431 5327 705 5397 λοτιμίαν,
739 5327 932 5381 σκόπει
966 5345 1057 5398 μοι
1085 5328 1341 5383 ἐνταῦθα.
1367 5329 1484 5383 Κάν
1520 5331 1628 5401 γὰρ
1666 5330 2014 5402 βουληθῶμέν
2049 5351 2100 5386 τι

433 5415 782 5482 εἰσενεγκεῖν,
801 5415 852 5467 τί
884 5413 1136 5468 τοσοῦτον
1161 5415 1521 5486 δυνησόμεθα,
1547 5416 1580 5487 ἢ
1603 5418 1725 5470 ὅσον
1758 5417 1855 5489 τὴν
1875 5419 1962 5472 διά
1995 5420 2103 5473 τῶν

433 5500 605 5570 λόγων
636 5501 982 5572 εὐχαριστίαν
1006 5501 1373 5568 ἐπιδείξασθαι
1401 5518 1415 5567 ;
1449 5503 1529 5556 Τά
1554 5504 1654 5573 μέν
1678 5521 1759 5556 τοι
1782 5507 1910 5577 παρ’
1939 5506 2102 5559 αὑτοῦ

435 5587 525 5642 διά
558 5589 663 5640 τῶν
693 5588 870 5658 ἔργων
907 5589 986 5652 εἰς
1021 5590 1165 5660 ἡμᾶς
1194 5589 1581 5660 ἐκπληροῦται.
1613 5590 1723 5645 Ποῦ
1773 5588 1865 5650 οὖν
1894 5593 1960 5649 ἂν
1993 5593 2103 5649 ἴσον

501 5778 526 5808 δ
559 5777 693 5828 ιιιιι-ιι
719 5793 828 5829 mss.
853 5781 978 5830 οὕτω
994 5780 1245 5830 παιδεῦσαι
1267 5781 1575 5846 δυνησόμεθα.

1191 338 1250 395 S.
1294 339 1576 400 JOANNIS
1611 345 2098 406 CIIIWSOSTOMI
2146 352 2469 412 ARCHIEP.
2510 354 3055 412 CONSTANTINOP.
3747 357 3837 416 258

2209 473 2416 541 γένοιτο
2438 475 2575 546 ἔργα
2611 474 2704 528 καὶ
2733 474 2912 542 λόγοις
2957 471 3232 543 Ἀνενδεὴς
3259 471 3367 543 γάρ
3402 472 3477 526 ῶν
3499 472 3641 545 [955]
3667 476 3798 546 ἡμῶν
3816 482 3842 533 ὁ

2209 559 2507 628 Δεσπότης,
2542 558 2752 621 οὐδενὸς
2766 558 2935 610 δεῖται
2961 556 3067 609 τῶν
3096 557 3222 627 παρ’
3245 556 3422 626 ἡμῶν,
3457 559 3505 609 εἰ
3539 558 3612 627 μὴ
3637 559 3732 613 τῶν
3753 563 3841 632 ρη-

2213 640 2400 709 μάτων
2438 641 2617 709 μόνον·
2660 639 2754 694 καλ¹
2783 639 2951 710 αὐτὴν
2982 639 3039 692 δέ
3065 639 3163 709 τὴν
3191 638 3279 691 διά
3302 639 3409 691 τῶν
3443 640 3616 709 λόγων
3654 643 3845 715 εὐχαρι-

2212 721 2366 774 στίαν
2393 722 2646 784 ἀπαιτεῖ,
2676 723 2775 792 οὐχ
2807 721 2882 784 ὡς
2905 721 3110 792 ταύτης
3167 721 3382 793 χρῄζων
3413 723 3593 784 αὐτὸς,
3629 723 3730 776 ἀλλ’
3771 726 3843 779 ἵνα

2211 806 2357 875 ἡμᾶς
2395 805 2658 878 παιδεύσῃ
2687 806 3034 875 εὐγνώμονας
3063 801 3219 870 εἶναι,
3255 805 3348 857 καὶ
3380 804 3744 871 ἐπιγινώσκειν
3768 808 3846 861 τόν

2209 889 2317 940 τῶν
2364 888 2585 956 ἀγαθῶν
2623 889 2874 959 χορηγόν.
2930 888 3027 941 Διὰ
3067 888 3223 940 τοῦτο
3269 892 3360 941 καὶ
3406 888 3614 952 Παῦλος
3648 891 3847 960 γράφων

2210 971 2414 1037 έλεγεν,
2445 969 2803 1038 Εὐχάριστοι
2835 972 3084 1040 γίνεσθε.
3111 971 3274 1023 Οὐδὲν
3303 971 3410 1041 γὰρ
3437 972 3608 1034 οὕτως
3631 972 3847 1043 ἐπιζητεῖ

2212 1053 2338 1121 παρ’
2365 1052 2520 1122 ἡμῶν
2551 1057 2579 1106 ό
2621 1055 2914 1124 Δεσπότης,
2971 1053 3046 1117 ὡς
3099 1054 3257 1106 τοῦτο
3291 1055 3351 1105 τὸ
3395 1054 3728 1124 κατόρθωμα.
3769 1057 3846 1127 Μὴ

2210 1138 2385 1188 τοίνυν
2424 1135 2735 1206 ἀγνώμονες
2766 1137 3062 1207 γινώμεθα,
3103 1137 3234 1207 μηδὲ
3261 1137 3326 1189 δι’
3362 1137 3537 1206 ἔργων
3562 1139 3849 1207 εὐεργετού-

2214 1237 2362 1287 μενοι
2397 1221 2572 1284 αὐτοὶ,
2612 1221 2858 1291 όκνῶμεν
2900 1220 2996 1291 τὴν
3045 1220 3132 1273 διὰ
3175 1219 3281 1273 τῶν
3311 1220 3483 1286 λόγων
3529 1222 3851 1292 εὐχαριστίαν

2212 1300 2500 1371 ἀναφέρειν
2551 1301 2628 1372 τῷ
2661 1303 2923 1376 Δεσπότῃ·
2981 1302 3142 1355 πάλιν
3174 1302 3281 1373 γὰρ
3318 1304 3398 1366 είς
3428 1305 3574 1372 ἡμᾶς
3604 1304 3662 1356 τὸ
3684 1305 3852 1373 κέρδος

2213 1384 2575 1455 περιίσταται.
2641 1385 2766 1438 Ἐὰν
2801 1386 2910 1457 γὰρ
2944 1385 3036 1438 ἐπὶ
3083 1388 3193 1448 τοῖς
3247 1385 3514 1454 φθάσασιν
3565 1385 3849 1456 εὐχάριστοι

2212 1469 2507 1541 γινώμεθα,
2537 1472 2779 1543 καὶπρὸς
2799 1473 2860 1526 τὸ
2879 1473 2985 1526 τῶν
3015 1473 3275 1542 μειζόνων
3303 1476 3484 1542 τυχεῖν
3512 1474 3717 1536 ἑαυτοῖς
3741 1475 3854 1528 πολ-

2211 1557 2307 1627 λὴν
2331 1559 2823 1630 προευτρεπίζομεν
2843 1561 2942 1631 τὴν
2963 1559 3294 1631 παρρησίαν.
3321 1561 3515 1623 Μόνον,
3550 1560 3849 1626 παρακαλῶ,

2211 1644 2330 1698 καθ’
2363 1646 2598 1718 ἑκάστην
2648 1649 2863 1722 ἡμέραν
2896 1648 2987 1702 καὶ
3013 1649 3182 1720 ὥραν,
3221 1649 3269 1701 εί
3301 1642 3410 1701 οἷόν
3438 1666 3519 1710 τε,
3550 1648 3855 1716 ἀναλογιζώ-

2215 1731 2352 1804 μεθα
2388 1734 2508 1787 καθ’
2535 1735 2759 1798 ἐαυτοὺς
2791 1735 2866 1806 μὴ
2893 1735 2993 1805 τάς
3017 1735 3202 1800 κοινάς
3256 1736 3413 1806 μόνον
3447 1735 3771 1806 εὐεργεσίας,
3796 1735 3855 1797 ἃς

2211 1821 2358 1892 πάσῃ
2384 1824 2449 1892 τῇ
2478 1820 2636 1890 φύσει
2668 1824 2696 1875 ό
2719 1823 2828 1875 τῶν
2859 1823 2993 1876 ὅλων
3023 1823 3347 1896 δημιουργὸς
3377 1824 3712 1894 κεχάρισται,
3736 1823 3857 1877 ἀλλὰ

2211 1909 2305 1961 καὶ
2330 1907 2425 1971 τάς
2448 1907 2554 1980 ἰδίᾳ
2588 1910 2678 1963 καὶ
2706 1909 2826 1962 καθ’
2845 1910 3073 1964 ἕκαστον
3102 1912 3232 1980 ἡμῖν
3258 1910 3655 1981 παρεχομένας.

2281 2013 2390 2066 Καὶ
2415 2012 2467 2065 τί
2491 2012 2632 2081 λέγω
2657 2012 2753 2076 τάς
2783 2013 2885 2083 ἰδίᾳ
2917 2014 3008 2066 καὶ
3039 2014 3156 2066 καθ’
3189 2013 3415 2066 ἕκαστον
3462 2012 3853 2084 παρεχομένας

2211 2103 2320 2155 Καὶ
2347 2101 2486 2172 ὑπὲρ
2506 2093 2580 2152 ὧν
2611 2100 2928 2169 ἀγνοοῦντες
2968 2099 3417 2171 εὐεργετούμεθα,
3453 2101 3549 2153 καὶ
3585 2102 3719 2171 ὑπὲρ
3745 2101 3858 2155 τούο

2210 2208 2316 2243 των
2343 2189 2773 2261 εὑχαριστῶμεν.
2820 2188 3036 2259 Ἐπειδὴ
3088 2188 3196 2260 γὰρ
3227 2189 3443 2258 κήδεται
3474 2189 3573 2258 τῆς
3607 2189 3860 2260 ἡμετέρας

2212 2278 2502 2347 σωτηρίας,
2562 2276 2730 2329 πολλά
2759 2275 2851 2329 καὶ
2885 2275 2958 2346 μὴ
3005 2276 3208 2340 εἰδότας
3237 2278 3386 2347 ἡμᾶς
3431 2276 3725 2347 εὐεργετεῖ,
3778 2280 3861 2330 καὶ

2211 2364 2466 2427 πολλάκις
2496 2363 2586 2417 καὶ
2611 2362 2867 2416 κινδύνων
2892 2363 3208 2434 ἐξαρπάζει,
3232 2365 3325 2416 καὶ
3350 2363 3539 2434 ἐτέρας
3564 2364 3861 2433 εὐεργεσίας

2211 2455 2289 2514 είς
2320 2453 2464 2522 ἡμᾶς
2487 2451 2852 2506 κατατίθεται.
2877 2451 3033 2522 Πηγὴ
3050 2451 3158 2523 γάρ
3183 2453 3297 2504 ἐστι
3329 2452 3759 2520 φιλανθρωπίας,
3780 2453 3863 2504 καὶ

2209 2540 2460 2593 οὐδέποτε
2491 2539 2722 2594 παύεται
2759 2539 2828 2592 τὰ
2855 2539 3062 2592 ἐκεῖθεν
3091 2539 3308 2610 νάματα
3342 2541 3407 2609 τῇ
3439 2539 3550 2591 τῶν
3581 2539 3863 2610 ἀνθρώπων

2213 2629 2370 2697 φύσει
2405 2627 2732 2699 προχέουσα.
2774 2630 2869 2680 Ἂν
2920 2626 3101 2680 τοίνυν
3148 2626 3318 2680 ταῦτα
3373 2625 3738 2696 λογιζώμεθα,
3784 2625 3868 2679 καὶ

2213 2714 2602 2786 σπουδάζωμεν
2626 2713 2721 2768 καὶ
2754 2714 2895 2786 ὑπὲρ
2914 2714 3022 2766 τῶν
3057 2713 3376 2782 φθασάντων
3406 2713 3504 2776 τὰς
3535 2713 3868 2783 εὐχαριστίας

2211 2804 2502 2875 ἀναφέρειν
2555 2803 2632 2872 τῷ
2658 2803 2921 2874 Δεσπότῃ,
2971 2803 3065 2856 καὶ
3093 2802 3233 2874 ὑπὲρ
3269 2802 3376 2855 τῶν
3432 2803 3563 2872 ἐξῆς
3613 2801 3871 2865 τοιούτους

2211 2893 2434 2956 ἑαυτοὺς
2464 2891 2918 2957 κατασκευάζειν,
2950 2889 3091 2944 ὥστε
3121 2889 3195 2960 μὴ
3240 2889 3488 2954 ἀναξίους
3512 2891 3748 2960 φανῆναι
3775 2890 3870 2941 τῶν

2211 2980 2342 3050 παρ’
2371 2977 2533 3031 αὑτοῦ
2563 2976 2912 3048 εὐεργεσιῶν,
2943 2975 3280 3047 δυνησόμεθα
3327 2977 3420 3029 καὶ
3453 2976 3734 3029 πολιτείαν
3761 2973 3875 3045 ἀρί-

2215 3083 2348 3137 στην
2386 3065 2776 3129 ἐπιδείξασθαι,
2827 3065 2922 3117 καὶ
2956 3064 3054 3134 τῆς
3087 3064 3285 3126 κακίας
3313 3063 3410 3134 τὴν
3458 3067 3658 3134 πεῖραν
3699 3064 3874 3131 διαφυ-

2213 3156 2350 3223 γεῖν.
2390 3154 2455 3206 Ἦ
2501 3152 2610 3223 γὰρ
2647 3153 2834 3222 μνήμη
2869 3150 2975 3204 τῶν
3003 3150 3327 3221 εὐεργεσιῶν
3360 3151 3521 3222 ἱκανὴ
3569 3150 3876 3211 διδάσκαλος

2213 3244 2341 3313 ἡμῖν
2373 3240 2523 3294 ἔσται
2551 3239 2651 3308 τῆς
2679 3241 2796 3291 κατ’
2827 3237 3026 3308 ἀρετὴν
3051 3237 3342 3302 πολιτείας,
3371 3238 3470 3291 οὐκ
3493 3238 3728 3308 ἀφιεῖσά
3760 3253 3876 3290 ποτε

2211 3330 2291 3394 εἰς
2315 3328 2585 3400 ρᾳθυμίαν
2633 3326 2970 3397 ἐμπεσόντας
2995 3325 3088 3378 καὶ
3119 3326 3308 3397 λήθην,
3345 3325 3482 3396 πρὸς
3538 3326 3640 3397 τὴν
3693 3325 3878 3379 κακίαν

2212 3416 2596 3487 αὐτομολῆσαι.
2631 3415 2695 3466 Ἥ
2722 3413 2831 3484 γάρ
2864 3414 3108 3483 νήφουσα
3140 3414 3233 3466 καὶ
3281 3416 3626 3484 ἐγρηγορυῖα
3649 3413 3793 3484 ψυχὴ
3823 3412 3879 3465 οὐ

2211 3506 2331 3559 τότε
2364 3505 2522 3576 μόνον
2549 3503 2765 3556 ἐπειδὰν
2817 3501 2958 3555 κατὰ
2992 3501 3117 3572 ῥοῦν
3169 3502 3402 3573 φέρηται
3435 3502 3504 3554 τὰ
3560 3503 3879 3573 πράγματα,

2213 3590 2628 3662 εὐγνωμοσύνην
2652 3587 3032 3653 ἐπιδείκνυται,
3064 3587 3199 3641 ἀλλά
3230 3588 3331 3641 κᾶν
3360 3589 3587 3642 ἐναντία
3632 3606 3717 3650 τις
3751 3604 3884 3658 πραο

2212 3679 2434 3748 γμάτων
2483 3676 2802 3747 περίστασις
2836 3673 3311 3744 παρακολουθήσῃ,
3346 3672 3441 3724 καὶ
3461 3673 3588 3726 τότε
3620 3671 3722 3743 τὴν
3775 3672 3884 3739 ἴσην

2211 3765 2561 3838 εὐχαριστίαν
2599 3762 2883 3833 ἀναφέρει,
2917 3761 3070 3813 οὐδὲν
3121 3760 3230 3812 ἀπὸ
3260 3761 3357 3830 τῆς
3389 3759 3501 3812 τῶν
3549 3759 3888 3829 πραγμάτων

2216 3853 2514 3924 μεταϐολῆς
2541 3850 2896 3921 χαυνουμένη,
2931 3847 3066 3902 ἀλλά
3097 3848 3266 3918 ταύτῃ
3299 3847 3498 3918 μᾶλλον
3530 3846 3886 3918 νευρουμένη,

2213 3941 2306 3994 καὶ
2329 3940 2426 4010 τὴν
2457 3940 2658 4006 ἄφατον
2689 3936 2780 3990 τοῦ
2813 3935 2946 3989 Θεοῦ
2973 3936 3294 4006 κηδεμονίαν
3317 3935 3678 4006 λογιζομένη,
3708 3934 3802 3988 καὶ
3817 3932 3889 3994 ὡς

2213 4026 2442 4096 εῦπορος
2473 4025 2546 4078 ὢν
2599 4024 2693 4078 καὶ
2749 4023 3056 4094 εὐμήχανος
3105 4023 3326 4077 δύναται
3368 4025 3462 4075 καὶ
3518 4022 3591 4075 δι’
3639 4020 3890 4076 ἐναντίων

2215 4114 2552 4187 πραγμάτων
2577 4153 2591 4176 ,
2651 4115 2699 4164 εἰ
2732 4113 2822 4164 καὶ
2856 4113 3014 4182 ἡμεῖς
3054 4111 3153 4180 τὴν
3203 4112 3406 4182 ἀκριϐῆ
3461 4110 3779 4180 κατάληψιν
3824 4109 3893 4179 μὴ

2216 4201 2487 4272 ἰσχύωμεν
2519 4199 2769 4262 συνιδεῖν,
2793 4198 2888 4268 τῆν
2914 4199 3106 4252 ἐαυτοῦ
3131 4198 3458 4270 κηδεμονίαν
3488 4197 3891 4262 ἐπιδείξασθαι.

2285 4295 2357 4352 ς’.
2396 4287 2551 4341 υὺτω
2591 4287 2770 4341 τοίνυν
2803 4288 3019 4340 ἅπαντα
3055 4287 3125 4340 τὰ
3156 4286 3278 4340 καθ’
3316 4288 3465 4357 ἡμᾶς
3499 4281 3893 4357 παραχωροῦν-

2210 4393 2321 4440 τες,
2339 4377 2484 4440 ὅπως
2502 4376 2565 4429 ἂν
2582 4375 2812 4446 φέρηται
2838 4374 2905 4427 τά
2932 4374 3252 4445 πράγματα,
3274 4376 3435 4444 ἡμεῖς
3462 4373 3526 4428 ἓν
3551 4374 3719 4445 μόνον
3745 4372 3895 4443 ἔργον

2213 4461 2446 4533 ἔχωμεν,
2473 4462 2532 4515 τὸ
2559 4461 2821 4533 διηνεκῶς
2854 4461 3003 4531 αὐτῴ
3052 4461 3391 4531 εὐχαριστεῖν
3437 4460 3589 4532 ὑπὲρ
3619 4458 3891 4512 ἁπάντων.

2211 4553 2311 4606 Διά
2335 4552 2442 4623 γάρ
2476 4549 2633 4604 τοῦτο
2660 4549 2866 4618 λογικοί
2892 4566 3036 4612 τινες
3077 4549 3401 4619 γεγόναμεν,
3435 4549 3538 4602 καὶ
3564 4547 3749 4618 ταύτῃ
3794 4544 3896 4598 τῶν

2210 4643 2419 4710 ἀλόγων
2447 4639 2827 4710 διεστήκαμεν,
2870 4639 2957 4692 ἵνα
2986 4639 3084 4702 τάς
3107 4637 3377 4707 εὐφημίας
3405 4637 3505 4691 καὶ
3536 4638 3672 4701 τοὺς
3701 4635 3895 4705 ὑμνους

2212 4730 2304 4785 καὶ
2327 4729 2596 4799 διηνεκεῖς
2623 4726 2929 4794 δοξολογίας
2983 4726 3343 4796 ἀναφέρωμεν
3393 4725 3473 4796 τῷ
3506 4725 3627 4778 τῶν
3653 4725 3792 4777 ὅλων
3813 4722 3898 4791 δη·

2215 4814 2480 4886 μιουργῷ.
2507 4813 2608 4867 Διά
2630 4813 2787 4866 τοῦτο
2812 4816 2904 4866 καὶ
2927 4813 3102 4884 ψυχὴν
3129 4815 3260 4884 ἡμῖν
3280 4812 3720 4876 ἐνέπνευσε,καὶ
3739 4810 3897 4878 γλῶσ-

2213 4921 2310 4956 σαν
2337 4901 2646 4972 ἐχαρίσατο,
2691 4902 2776 4954 ἵνα
2795 4900 2902 4953 τῶν
2929 4901 3058 4972 παρ’
3085 4899 3248 4953 αὐτοῦ
3286 4903 3364 4963 εἰς
3385 4902 3543 4970 ἡμᾶς
3569 4895 3899 4970 εὐεργεσιῶν

2211 4993 2289 5052 εἰς
2317 4989 2567 5059 αἴσθησιν
2595 4989 2897 5059 ἐρχόμενοι,
2937 4989 3030 5041 καὶ
3060 4987 3158 5055 τὴν
3181 4987 3503 5040 δεσποτείαν
3527 4986 3898 5054 ἐπιγινώσκω-

2215 5095 2334 5148 μεν,
2355 5078 2446 5130 καὶ
2466 5078 2564 5146 τὴν
2593 5074 3010 5146 εὐγνωμοσύνην
3041 5072 3189 5144 [234]
3215 5071 3655 5144 ἐπιδειξώμεθα,
3699 5072 3797 5126 καὶ
3815 5068 3900 5139 τὴν

2213 5166 2353 5220 κατά
2389 5164 2616 5234 δύναμιν
2644 5163 2991 5234 εὐχαριστίαν
3017 5162 3375 5231 ἀναφέρωμεν
3405 5161 3486 5230 τῷ
3519 5160 3812 5228 Δεσπότη.
3843 5155 3900 5208 El

2213 5255 2320 5324 γὰρ
2368 5252 2642 5323 ἄνθρωποι
2702 5254 2748 5303 οἱ
2776 5251 2875 5320 τῆς
2903 5250 3071 5320 αὐτῆς
3102 5251 3232 5320 ἡμῖν
3253 5249 3467 5318 φύσεως
3484 5245 3899 5309 κοινωνοῦντες,

2217 5341 2418 5412 μικράν
2447 5357 2566 5392 τινα
2599 5339 2855 5400 πολλάκις
2897 5337 2992 5391 καὶ
3020 5336 3209 5406 εὐτελῆ
3256 5337 3336 5399 είς
3365 5337 3519 5405 ἡμᾶς
3578 5334 3899 5406 εὐεργεσίαν

2213 5427 2587 5496 καταθέμενοι.
2615 5424 2904 5478 ἀπαιτοῦσι
2934 5423 3032 5493 τὴν
3064 5424 3204 5494 ὑπὲρ
3228 5417 3302 5476 ὧν
3351 5423 3722 5492 πεπόνθαμεν
3745 5420 3899 5493 ,εὐχα-

2215 5513 2455 5587 ριστίαν,
2491 5514 2551 5566 οὐ
2580 5513 2668 5565 διά
2708 5512 2805 5582 τὴν
2835 5511 3110 5581 ἡμετέραν
3142 5506 3596 5577 εὐγνωμοσύνην,
3661 5506 3778 5559 ἀλλ’
3818 5505 3900 5555 ἵνα

2213 5602 2308 5656 καὶ
2331 5602 2483 5654 αὐτοὶ
2506 5599 2753 5657 ἐντεῦθεν
2785 5597 3150 5670 λαμπρότεροι
3180 5597 3500 5666 φαίνωνταιο
3539 5593 3728 5664 πολλῷ
3765 5589 3899 5663 μᾶλ-

2211 5691 2301 5743 λον
2331 5690 2422 5742 ἐπὶ
2446 5688 2541 5741 τοῦ
2569 5686 2950 5757 φιλανθρώπου
2971 5685 3106 5738 Θεοῦ
3144 5684 3302 5737 τοῦτο
3341 5682 3523 5736 πλείω
3552 5685 3734 5734 ποιεῖν
3756 5679 3898 5750 ἡμᾶς

2213 5777 2340 5849 χρὴ,
2371 5775 2466 5831 τοῦ
2489 5775 2577 5830 διὰ
2600 5774 2696 5846 τὴν
2721 5774 2998 5846 ἡμετέραν
3036 5773 3302 5842 ὠφέλειαν
3343 5771 3512 5844 μόνον
3572 5770 3736 5824 τοῦτο
3758 5767 3894 5836 γίνε-
