4062 6396
479 369 588 426 237

448 497 682 545 vestram
728 491 1035 570 caritatem,
1091 510 1150 558 ut
1195 485 1447 564 continuo
1494 512 1706 570 beatum
1754 517 1913 574 istum
1967 523 2023 576 in

450 581 710 640 memoria
763 595 940 642 vestra
983 595 1214 663 geratis,
1267 607 1321 653 et
1360 601 1516 657 'illius
1555 607 1764 662 virtutis
1797 610 2029 679 pulchri-

445 667 684 724 tudinem
729 673 867 732 bene
916 679 1164 750 discatis,
1202 703 1308 756 quo
1345 705 1467 746 eum
1510 667 1812 753 imitemini:
1835 702 2023 757 Anim-

439 757 662 818 adverte
701 766 842 820 enim
864 809 882 835 ,
918 771 1175 842 obsecro,
1211 789 1443 847 quantus
1474 785 1685 842 virtutis
1737 789 1877 845 illius
1908 793 2024 848 the-

437 863 648 918 saurus,
700 859 822 926 quia
861 876 982 917 cum
1038 882 1133 934 per
1183 878 1259 923 tot
1301 871 1416 928 dies
1457 873 1526 931 de
1562 877 1654 931 illo
1705 878 2022 938 disserueri-

433 954 578 1005 mus,
625 946 856 1002 nondum
901 950 1059 1008 ﬁnem
1109 955 1389 1026 imponere
1428 967 1720 1022 narrationi
1747 971 2017 1038 potuimus

433 1045 620 1086 eorum
649 1051 766 1104 qua:
807 1040 872 1094 ad
921 1043 1065 1098 illum
1095 1049 1338 1105 attinent.
1369 1053 1504 1120 Quid
1546 1056 1666 1112 dico
1702 1059 1862 1116 ﬁnem
1910 1063 2014 1118 im-

432 1124 681 1188 ponere?
722 1140 1144 1205 quantacumque
1188 1139 1510 1211 dixerimus,
1561 1161 1665 1201 nou
1723 1151 2014 1217 poterimus

428 1209 496 1263 ad
517 1213 727 1269 culmen
749 1220 1048 1292 pertingere
1079 1245 1092 1279 :
1122 1228 1216 1282 sed
1246 1233 1486 1299 quamvis
1505 1243 1559 1289 et
1587 1251 1684 1291 nos
1711 1247 1766 1292 et
1788 1243 2007 1310 posteri,

428 1305 596 1358 multa
625 1305 692 1361 de
719 1309 811 1364 illo
840 1312 1018 1369 dicere
1047 1319 1336 1387 valeamus,
1393 1340 1496 1379 uon
1545 1336 1718 1384 tamen
1755 1305 1822 1384 ad
1851 1305 2010 1388 ﬁnem

425 1397 710 1461 pervenire
741 1403 1076 1467 poterimus:
1110 1418 1251 1464 tanta
1294 1428 1380 1468 res
1422 1425 1504 1470 est
1551 1419 1735 1474 virtus.
1785 1420 1840 1477 Si
1868 1425 2007 1480 enim

423 1484 751 1544 voluerimus
773 1531 788 1553 ,
846 1497 1034 1562 poterit
1061 1497 1146 1553 hic
1173 1503 1470 1559 universam
1500 1519 1730 1564 nostram
1768 1522 2004 1569 naturam

421 1570 702 1632 instituere
732 1581 769 1645 ί,
799 1589 851 1634 et
877 1583 942 1636 ad
971 1586 1176 1643 virtutis
1205 1591 1548 1650 imitationem
1577 1598 1842 1656 inducere.
1873 1602 2003 1659 Nam

420 1663 466 1716 si
489 1665 582 1719 ille
607 1667 745 1722 inter
773 1682 849 1725 tot
881 1673 1153 1744 improbos
1191 1695 1409 1738 versans
1430 1726 1446 1750 ,
1477 1701 1646 1756 neque
1681 1689 1880 1746 habens
1921 1693 2003 1748 fa-

420 1757 688 1814 miliarem
716 1761 968 1834 aliquem,
1019 1769 1070 1823 in
1100 1779 1302 1828 tantum
1332 1776 1541 1832 virtutis
1570 1781 1832 1851 fastigium
1877 1800 2000 1854 per-

414 1854 629 1907 venisse
659 1855 901 1914 inventus
928 1871 1008 1916 est
1040 1881 1052 1915 :
1086 1880 1204 1933 quae
1231 1879 1412 1924 nostra
1436 1872 1539 1925 erit
1565 1878 1855 1940 excusatio,
1879 1892 1998 1934 cum

415 1955 518 1995 nec
545 1943 664 1998 talia
694 1949 847 2003 nobis
873 1950 980 2004 sint
1008 1952 1404 2025 impedimenta,
1432 1969 1485 2014 et
1513 1969 1688 2018 tamen
1724 1966 1998 2036 negligen-

415 2041 500 2088 tes
538 2036 704 2092 simus
759 2043 828 2095 ad
879 2042 1016 2096 bona
1071 2049 1272 2115 opera?
1305 2050 1440 2105 Nolo
1492 2054 1633 2108 enim
1678 2056 1821 2110 dicas
1868 2059 1998 2115 mihi

410 2125 580 2179 solam
611 2129 752 2184 illam
796 2135 1204 2204 quingentorum
1244 2155 1502 2198 annorum
1547 2147 1730 2212 vitam,
1783 2152 1995 2219 quando

407 2215 836 2275 subsannabatur
905 2235 960 2279 et
1025 2228 1375 2300 irridebatur,
1460 2239 1870 2311 versabaturque
1936 2245 1990 2299 in

408 2307 588 2361 medio
637 2311 1017 2382 ﬁagitiosorum
1065 2337 1080 2374 :
1127 2320 1222 2375 sed
1273 2332 1328 2377 et
1364 2339 1558 2380 annum
1611 2328 1779 2396 illum,
1831 2348 1990 2402 quem

416 2407 585 2453 totum
635 2402 685 2454 iu
737 2419 860 2458 arca
905 2410 1176 2479 transegit,
1221 2413 1308 2481 qui
1336 2427 1463 2468 sane
1489 2416 1838 2475 conferendus
1862 2424 1988 2478 mihi

408 2491 624 2546 videtur
673 2495 766 2549 toti
817 2500 1041 2568 tempori
1082 2504 1341 2572 superiori
1372 2520 1388 2558 :
1421 2515 1616 2562 tantam
1653 2509 1722 2564 ibi
1750 2510 1990 2579 afflictio-7

402 2598 528 2638 nem
580 2584 720 2642 ferre
761 2593 1049 2658 cegebatur
1077 2593 1254 2662 justus
1299 2595 1416 2664 ille,
1463 2599 1516 2652 in
1557 2602 1720 2656 tantis
1766 2618 1986 2661 versans

399 2675 681 2744 angustiis,
733 2693 904 2748 neque
942 2683 1204 2753 respirare
1229 2687 1432 2752 valens,
1463 2699 1517 2744 et
1546 2691 1773 2745 ferarum
1803 2693 1986 2749 bruto-

397 2779 627 2836 rumque
653 2771 948 2824 convictum
982 2772 1160 2830 ferens
1189 2793 1203 2830 :
1231 2777 1319 2846 qui
1341 2785 1393 2832 et
1413 2779 1465 2832 in
1491 2781 1735 2837 omnibus
1749 2793 1981 2840 mentem

396 2868 550 2908 suam
596 2857 819 2912 solidam
864 2860 1186 2930 declarabat,
1235 2875 1290 2921 et
1335 2867 1656 2926 voluntatem
1701 2870 1839 2927 ﬁecti
1885 2890 1980 2930 ue-

394 2948 585 3015 sciam,
640 2958 695 3005 et
734 2951 891 3006 ﬁdem
943 2970 1068 3024 erga
1098 2956 1284 3024 Deum,
1315 2975 1410 3028 per
1435 2975 1592 3030 quam
1622 2953 1774 3020 facile
1813 2976 1860 3020 et
1894 2966 1974 3021 Ie-

391 3037 532 3092 viter
572 3041 748 3094 omnia
786 3044 1100 3100 sustinebat.
1137 3049 1310 3119 Atque
1337 3051 1556 3119 idcirco,
1587 3056 1834 3123 quoniam
1860 3073 1979 3128 qua:

388 3139 486 3180 sua
516 3139 669 3184 erant
696 3133 871 3187 omnia
897 3134 1180 3204 afferebat,
1221 3155 1408 3195 eorum
1450 3142 1608 3197 etiam
1647 3161 1764 3215 quae
1810 3163 1840 3201 a
1870 3149 1976 3205 Deo

389 3227 567 3296 erant,
592 3219 803 3277 abunde
832 3226 1027 3293 potitus
1046 3237 1147 3282 est.
1169 3229 1421 3296 Quamvis
1447 3233 1588 3288 enim
1617 3236 1835 3292 multam
1865 3238 1974 3294 fer-

387 3319 474 3364 ret
504 3287 555 3364 il'i
581 3327 704 3367 arca
733 3287 1049 3386 angustiam,
1094 3330 1325 3375 attamen
1357 3325 1646 3380 terribilem
1688 3335 1972 3398 tempesta-

384 3411 494 3457 tem
523 3413 576 3459 et
605 3421 943 3463 communem
971 3413 1204 3466 omnium
1232 3414 1648 3472 internecionem
1666 3417 1968 3490 effugiebat.

381 3492 454 3547 Et
501 3506 780 3565 propterea
824 3509 943 3568 post
978 3504 1273 3571 angustiam
1321 3504 1465 3560 illam
1507 3517 1561 3562 et
1585 3507 1969 3567 intolerabilem

381 3600 675 3652 carcerem,
721 3590 1058 3646 securitatem
1105 3604 1158 3648 et
1200 3596 1432 3664 quietem
1484 3599 1705 3669 adeptus
1742 3612 1822 3656 est
1862 3619 1966 3660 una

378 3691 501 3732 cum
532 3679 708 3735 divina
736 3682 1142 3752 benedictione;
1178 3689 1474 3759 iterumque
1505 3705 1712 3761 gratum
1732 3696 1964 3752 animum

378 3771 632 3839 operibus
668 3774 940 3841 indicavit,
983 3787 1039 3832 et
1086 3779 1281 3848 ubique
1336 3783 1572 3838 invenies
1614 3785 1758 3839 illum
1794 3789 1963 3858 prima

376 3865 688 3921 contulisse.
729 3867 860 3922 Nam
909 3869 1047 3924 sicut
1091 3871 1142 3925 in
1183 3873 1351 3942 prima
1377 3886 1532 3930 relate
1560 3891 1772 3933 omnem
1799 3881 1963 3936 virtu-

376 3963 484 4008 tem
512 3966 744 4012 sectatus
773 3968 873 4023 est,
920 3970 973 4014 et
1001 3976 1030 4015 a
1059 3963 1199 4018 vitiis
1237 3979 1295 4018 se
1323 3966 1591 4032 alienavit,
1637 3969 1826 4038 quibus
1864 3973 1953 4042 qui

375 4054 503 4102 tunc
548 4048 810 4115 vivebant,
864 4051 1042 4106 infecti
1071 4063 1224 4108 erant
1255 4071 1270 4109 :
1303 4055 1444 4110 unde
1481 4073 1655 4127 neque
1683 4075 1958 4128 poenarum

372 4141 640 4210 particeps
689 4142 805 4208 fuit,
847 4152 1048 4199 etcum
1095 4145 1187 4200 alii
1232 4161 1420 4203 omnes
1466 4151 1954 4222 submergercntur,

370 4231 488 4299 ipse
536 4233 681 4287 solus
726 4245 966 4290 servatus
1009 4245 1130 4291 est:
1166 4238 1236 4291 ita
1267 4253 1448 4293 rursus
1475 4242 1596 4310 quia
1636 4241 1793 4296 ﬁdem
1823 4259 1955 4314 quo-

369 4336 477 4388 que
525 4323 737 4390 habuit,
786 4335 840 4379 et
881 4341 1000 4379 cum
1026 4328 1311 4397 gratiarum
1341 4331 1548 4385 actione
1578 4346 1725 4386 suam
1751 4333 1806 4386 in
1831 4349 1953 4388 area

366 4412 750 4469 habitationem
797 4417 945 4483 tulit,
990 4417 1179 4473 iterum
1219 4418 1393 4473 divina
1436 4420 1571 4475 dona
1619 4423 1832 4492 cepiose
1877 4425 1950 4480 illi

366 4520 625 4560 concessa
655 4517 814 4573 sunt,
856 4515 909 4562 et
945 4524 1064 4562 cum
1107 4525 1355 4580 egressus
1394 4527 1458 4567 ex
1486 4528 1627 4579 arca,
1673 4519 1807 4569 etin
1842 4518 1950 4586 pri-

362 4596 562 4649 stinum
587 4607 783 4652 statum
809 4600 1082 4654 restitutus
1109 4612 1283 4665 esset,
1312 4605 1487 4659 statim
1514 4605 1936 4664 benedictionem

361 4695 722 4756 consequutus
752 4697 853 4754 est,
889 4699 943 4744 et
989 4691 1178 4746 iterum
1217 4693 1424 4747 Solitam
1449 4711 1557 4763 prae
1585 4710 1644 4751 se
1674 4699 1790 4752 tulit
1809 4701 1945 4769 grati

361 4776 524 4829 animi
545 4777 882 4847 probitatem,
911 4781 1207 4852 emissaque
1235 4787 1521 4854 gratiarum
1547 4788 1754 4843 actione
1781 4790 1942 4844 etiam

363 4876 488 4922 tunc
518 4869 808 4938 majoribus
836 4870 1107 4927 beneﬁciis
1132 4888 1161 4926 a
1205 4873 1316 4929 Deo
1355 4875 1648 4930 cumulatus
1687 4888 1787 4932 est.
1829 4879 1943 4936 Mos

359 4960 506 5013 enim
551 4961 643 5015 Dei
685 4971 786 5026 est,
831 4971 891 5016 ut
937 4965 980 5017 si
1009 4979 1108 5018 nos
1137 4967 1311 5020 tenuia
1339 4968 1578 5036 quaedam
1609 4980 1662 5024 et
1687 4971 1806 5024 vilia
1835 4973 1935 5028 ob-

359 5051 667 5112 tulerimus,
703 5054 797 5108 sed
840 5065 1017 5110 tamen
1043 5057 1410 5126 obtulerimus,
1439 5063 1600 5117 multa
1627 5063 1939 5121 liberalitate

356 5158 456 5198 nos
483 5154 806 5200 remuneret.
854 5146 920 5200 Et
944 5156 1003 5202 ut
1031 5147 1204 5204 discas
1230 5161 1423 5220 quanta
1465 5153 1534 5206 sit
1585 5153 1812 5209 humana
1855 5166 1936 5211 te-

354 5235 552 5301 nuitas,
603 5247 798 5306 quanta
846 5238 937 5294 Dei
979 5239 1386 5310 magniﬁcentia,
1434 5243 1523 5298 hic
1560 5256 1788 5302 mentem
1837 5249 1935 5304 ad-

352 5326 500 5383 bibe.
555 5328 665 5384 Nos
691 5331 831 5385 enim
857 5332 902 5386 si
931 5332 1057 5400 quid
1083 5333 1406 5390 voluerimus
1430 5335 1641 5404 offerre,
1666 5339 1792 5408 quid
1821 5357 1934 5396 am-

352 5419 494 5486 plius
519 5420 717 5475 offerre
747 5437 1050 5490 possumus,
1094 5440 1249 5494 quam
1289 5437 1540 5496 quantum
1595 5431 1772 5486 verbis
1812 5449 1934 5504 gra-

350 5511 454 5562 tias
501 5511 826 5566 referimus?
854 5512 929 5566 Ea
966 5527 1096 5569 sane
1143 5531 1262 5584 quae
1315 5517 1428 5585 ipse
1471 5518 1720 5586 exhibet,
1769 5537 1930 5591 opere

347 5602 505 5656 nobis
549 5611 784 5672 praestat.
827 5603 993 5671 Quam
1042 5607 1261 5676 imparia
1303 5618 1482 5662 autem
1518 5619 1642 5664 sunt
1683 5613 1839 5668 verba
1873 5623 1930 5668 et

411 5759 428 5788 ί
467 5757 593 5807 Multi
628 5764 755 5826 Mss,
779 5757 829 5810 si
843 5757 970 5826 enim
1004 5759 1308 5826 uoluerimus,
1353 5762 1613 5826 poterimus
1655 5765 1922 5819 universam

329 5827 572 5871 naturam
593 5825 803 5871 nostram
823 5819 905 5886 sic
921 5821 1183 5873 irutituere.

1472 393 1537 450 IN
1575 395 1724 452 CAP.
1767 399 1895 455 Vlll.
1940 403 2183 464 GENES.
2227 411 2450 474 HOMIL.
2496 423 2680 483 XXVI.

3601 457 3703 513 253

2134 532 2336 597 opera?
2373 545 2425 590 et
2453 537 2706 598 Dominus
2732 547 2990 605 nullarum
3017 569 3191 611 rerum
3224 560 3430 634 indigus
3458 578 3559 632 est,
3589 575 3704 624 uul-

2132 618 2288 690 laque
2336 641 2514 684 rerum
2553 645 2850 692 nostrarum
2897 653 3035 711 eget,
3089 658 3438 721 praeterquam
3479 658 3699 716 verbis:

2127 722 2284 781 atque
2311 713 2448 773 hanc
2467 721 2631 790 ipsam
2659 727 2832 782 verbis
2859 735 3113 800 prolatam
3137 743 3421 809 gratiarum
3440 750 3700 807 actionem

2126 801 2306 872 exigit,
2356 822 2461 862 non
2501 814 2642 879 quod
2695 831 2756 871 ea
2804 819 2916 888 ipse
2959 839 3091 893 opus
3135 801 3344 894 habeat,
3377 837 3470 890 sed
3503 848 3559 892 ut
3603 858 3699 896 nos

2124 889 2311 949 doceat
2348 902 2524 966 gratos
2567 919 2708 969 esse,
2750 919 2802 964 et
2831 926 3119 982 agnoscere
3145 929 3408 979 tantorum
3439 928 3697 986 bonorum

2121 987 2591 1053 suppeditatorem.
2641 999 2708 1054 Et
2756 1002 2898 1058 illam
2926 1007 2995 1061 ob
3023 1024 3234 1066 causam
3265 1015 3458 1074 Paulus
3485 1038 3694 1092 quoque

2123 1076 2359 1178 scribens
2386 1081 2593 1142 dicebat
2623 1111 2639 1142 :
2667 1090 2815 1146 Grati
2839 1108 2992 1153 estote
3036 1100 3256 1172 (Colon.
3292 1110 3343 1165 5.
3374 1112 3444 1166 15
3464 1076 3516 1180 ).’
3547 1113 3587 1167 Ν
3597 1076 3694 1170 iliil

2117 1167 2258 1222 enim
2304 1171 2380 1226 sic
2405 1178 2623 1244 requirit
2657 1196 2686 1235 a
2725 1185 2876 1241 nobis
2916 1189 3186 1261 Dominus,
3229 1206 3286 1252 ut
3322 1200 3460 1256 istud
3498 1203 3690 1272 ipsum.

2115 1256 2345 1316 Proinde
2387 1281 2455 1320 ne
2499 1269 2666 1328 simus
2696 1275 2905 1346 ingrati,
2954 1297 3125 1351 neque
3149 1287 3271 1341 dum
3304 1306 3361 1345 re
3389 1293 3497 1361 ipsa
3519 1256 3693 1350 Ibem:-

2112 1345 2229 1402 ﬁcia
2278 1357 2609 1427 experimur,
2683 1379 2969 1434 graventur
3005 1374 3196 1432 offerre
3237 1378 3461 1436 Domino
3511 1387 3688 1442 verbis

2111 1442 2308 1497 nostris
2332 1449 2616 1514 gratiarum
2666 1457 2926 1514 actionem
2961 1481 2973 1516 :
3007 1464 3194 1521 iterum
3220 1470 3359 1523 enim
3387 1473 3590 1529 lucrum
3632 1479 3684 1531 in

2110 1543 2209 1584 nos
2236 1533 2510 1593 redundat.
2536 1539 2685 1608 Quod
2711 1546 2755 1600 si
2782 1547 2848 1602 de
2871 1552 3052 1618 primis
3076 1557 3209 1624 grati
3237 1557 3512 1629 fuerimus,
3553 1581 3684 1633 pra:-

2108 1626 2345 1692 terquam
2383 1629 2524 1695 quod
2563 1633 2764 1701 majora
2805 1642 3177 1711 nanciscimur,
3243 1649 3400 1704 etiam
3433 1626 3681 1711 fiduciam

2105 1710 2257 1766 nobis
2298 1731 2541 1786 magnam
2586 1736 2973 1794 comparamus.
3010 1733 3178 1788 Unum
3232 1738 3368 1807 hoc,
3423 1743 3677 1814 obsecro,

2103 1798 2322 1870 singulis
2363 1805 2547 1864 diebus
2579 1820 2636 1866 et
2661 1812 2827 1882 horis,
2882 1821 2925 1873 si
2963 1820 3073 1876 ﬁeri
3114 1836 3307 1894 potest,
3339 1798 3680 1901 supputemus

2101 1890 2398 1960 nobiscum,
2449 1914 2556 1954 non
2597 1908 2894 1962 communia
2924 1918 3126 1967 tantum
3155 1916 3407 1974 beneﬁcia
3437 1939 3556 1992 qua:
3587 1927 3678 1980 toti

2100 1992 2301 2039 naturae
2346 1993 2580 2048 omnium
2617 1995 2801 2066 Opifex
2844 2004 3100 2074 contulit,
3143 2009 3238 2063 sed
3283 2019 3337 2066 et
3375 2015 3578 2083 privata
3625 2028 3677 2072 et

2098 2075 2421 2142 quotidiana.

2166 2162 2421 2236 Beneﬁcia
2457 2171 2594 2227 Dem
2633 2178 2773 2233 nobis
2801 2183 3014 2252 confert,
3044 2189 3190 2242 etiam
3219 2194 3416 2248 nesciis.
3445 2226 3516 2236 —
3534 2199 3669 2264 Quid

2095 2254 2216 2311 dico
2261 2261 2458 2327 privata
2489 2274 2543 2319 et
2571 2271 2916 2336 quotidiana?
2945 2276 3118 2334 Etiam
3143 2297 3203 2335 ea
3230 2300 3347 2352 qua:
3382 2287 3673 2356 ignoranti-

2094 2343 2192 2400 bus
2217 2348 2368 2405 nobis
2394 2353 2618 2422 confert,
2648 2374 2846 2431 proque
2883 2365 2963 2420 his
2991 2371 3185 2437 gratias
3228 2343 3466 2443 agamus.
3491 2379 3670 2446 Quan-

2092 2433 2374 2506 doquidem
2403 2445 2543 2499 enim
2571 2464 2665 2516 pro
2693 2451 2861 2508 salute
2885 2433 3064 2511 nostra
3090 2433 3344 2518 sollicitus
3370 2475 3470 2533 est,
3505 2469 3666 2525 nmlta

2092 2529 2330 2584 etiamin
2371 2548 2466 2589 nos
2497 2539 2702 2595 nescios
2747 2542 3002 2601 beneﬁcia
3038 2551 3274 2618 confert,
3318 2572 3462 2627 sazpe
3504 2564 3665 2615 etiam

2089 2633 2120 2672 e
2149 2622 2396 2689 periculis
2423 2627 2599 2697 eripit,
2628 2642 2786 2703 atque
2822 2637 2921 2691 alia
2956 2638 3210 2696 beneﬁcia
3239 2622 3471 2715 praestat.
3523 2651 3663 2709 Fons

2087 2713 2227 2766 enim
2257 2725 2338 2769 est
2375 2717 2695 2791 clementiae,
2726 2740 2820 2781 sua
2850 2728 3044 2786 ﬂuenta
3069 2747 3279 2805 semper
3307 2738 3538 2798 humano
3564 2760 3660 2814 ge-

2086 2805 2202 2859 neri
2242 2809 2584 2876 profundens.
2617 2816 2776 2886 Igitur
2815 2822 2860 2875 si
2901 2821 3016 2880 haec
3056 2830 3367 2900 cogitemus,
3411 2850 3658 2903 operam-

2083 2910 2186 2966 que
2214 2898 2399 2957 demus
2425 2914 2485 2958 ut
2512 2916 2567 2961 et
2595 2924 2689 2977 pro
2717 2913 2902 2981 primis
2951 2917 3061 2972 suis
3092 2898 3246 2977 donis
3281 2898 3476 2994 gratias
3516 2929 3650 2985 offe-

2082 3003 2260 3047 ramus
2309 2993 2552 3064 Domino,
2606 3011 2660 3055 et
2691 3018 2786 3071 pro
2815 3003 3002 3062 futuris
3028 3009 3107 3066 sic
3135 3027 3230 3066 nos
3261 2993 3617 3084 praeparemus
3637 3062 3652 3086 ,

2081 3090 2140 3134 ut
2166 3097 2270 3138 non
2300 3085 2570 3144 videamur
2608 3092 2807 3164 indigni
2830 3097 2944 3167 ejus
2969 3099 3256 3170 beneﬁciis,
3284 3111 3460 3164 Statim
3491 3112 3647 3166 vitam

2079 3175 2340 3244 egregiam
2389 3179 2682 3251 instituere,
2735 3194 2792 3241 et
2836 3190 3052 3247 malitia:
3095 3197 3381 3263 periculum
3419 3200 3651 3272 effugere

2079 3264 2388 3331 poterimus.
2420 3269 2799 3330 Beneﬁciorum
2829 3280 2970 3333 enim
3004 3286 3260 3341 memoria
3283 3287 3468 3344 idonea
3499 3294 3652 3349 nobis

2076 3364 2160 3408 est
2186 3359 2433 3428 magistra
2464 3363 2530 3416 ad
2556 3365 2716 3421 vitam
2763 3370 2955 3426 virtute
2989 3376 3284 3446 prteditam,
3339 3398 3442 3437 non
3469 3386 3650 3442 sinens

2072 3458 2172 3500 nos
2199 3447 2250 3502 in
2269 3459 2533 3521 torporem
2560 3457 2984 3532 oblivionemquc
3004 3465 3256 3536 incidere,
3283 3481 3339 3527 et
3364 3474 3428 3528 ad
3450 3477 3646 3532 malum

2071 3537 2355 3597 declinare.
2401 3543 2548 3600 Mens
2573 3549 2714 3603 enim
2741 3551 2918 3607 sobria
2946 3563 3002 3609 et
3036 3558 3276 3627 vigilans,
3327 3578 3430 3618 non
3460 3567 3636 3620 solum

2068 3643 2188 3683 cum
2207 3632 2430 3689 feliciter
2453 3652 2540 3692 res
2573 3640 2883 3709 succedunt,
2913 3645 3008 3700 sed
3035 3649 3194 3703 etiam
3215 3654 3425 3721 quando
3450 3667 3641 3724 praeter

2066 3723 2382 3778 sententiam
2431 3737 2667 3783 nostram
2711 3732 2932 3788 adversa
2978 3739 3261 3805 eveniunt,
3314 3758 3420 3798 non
3467 3747 3640 3803 minus

2065 3812 2260 3879 gratias
2288 3815 2414 3885 agit,
2453 3818 2723 3890 nihiloque
2757 3837 2822 3877 ex
2855 3840 3030 3880 rerum
3061 3829 3424 3889 vicissitudine
3448 3839 3635 3890 remis-

2063 3901 2173 3955 sior
2215 3903 2272 3957 ﬁt
2314 3921 2328 3957 :
2371 3907 2466 3962 sed
2510 3912 2677 3980 magis
2719 3913 3032 3984 roboratur,
3084 3928 3140 3973 et
3177 3922 3494 3979 ineffabilem
3535 3928 3634 3982 Dei

2063 3993 2441 4061 providentiam
2462 4000 2779 4070 considerat,
2801 4007 2889 4075 qui
2918 4023 3038 4062 cum
3065 4011 3132 4064 sit
3155 4011 3302 4069 dives
3319 4024 3376 4070 et
3396 4018 3631 4088 sapiens,

2059 4083 2218 4136 etiam
2251 4100 2344 4153 per
2365 4103 2451 4143 res
2476 4089 2724 4148 adversas
2743 4133 2758 4160 ,
2811 4099 3050 4164 quamvis
3071 4099 3172 4155 hoc
3201 4083 3496 4175 intelligere
3524 4122 3632 4162 non

2058 4177 2344 4245 possimus,
2390 4196 2538 4235 suam
2569 4183 2840 4242 declarare
2869 4198 3042 4258 potest
3069 4195 3471 4261 providentiam.

2128 4267 2181 4322 6.
2223 4267 2438 4326 Moralis
2478 4275 2780 4331 exhortatio.
2835 4309 2906 4344 ε
2946 4279 3110 4352 Igitur
3132 4285 3208 4340 sic
3232 4294 3287 4340 et
3314 4303 3411 4343 nos
3450 4292 3628 4346 omnia

2055 4369 2236 4416 nostra
2279 4361 2567 4430 faciamus,
2617 4378 2676 4422 ut
2733 4371 3186 4445 qualitercumque
3225 4377 3449 4447 cadant,
3511 4383 3628 4437 uni-
3670 4377 3674 4381 ’

2052 4465 2172 4504 cum
2195 4463 2431 4508 nostrum
2457 4471 2587 4526 opus
2613 4459 2682 4513 sit
2707 4462 2958 4518 continuo
2985 4481 3080 4534 pro
3108 4468 3210 4523 illis
3230 4471 3422 4540 gratias
3443 4487 3622 4543 agere.

2051 4540 2275 4612 Propter
2302 4544 2403 4601 hoc
2447 4549 2587 4602 enim
2619 4551 2905 4608 rationales
2931 4554 3053 4611 facti
3083 4572 3286 4628 sumus,
3313 4570 3369 4618 et
3396 4579 3424 4616 a
3453 4540 3622 4619 brutis

2049 4632 2358 4701 differimus,
2404 4647 2462 4691 ut
2502 4638 2774 4697 laudemus
2797 4685 2814 4710 ,
2849 4645 3212 4716 celebremus,
3263 4653 3616 4720 gloriﬁcemus

2042 4723 2238 4793 jugiter
2269 4725 2548 4783 Dominum
2579 4733 2813 4788 omnium
2844 4737 3192 4794 Conditorem.
3231 4741 3523 4813 Eapropter
3564 4755 3619 4801 et

2047 4815 2276 4870 animam
2320 4818 2472 4873 nobis
2505 4822 2799 4892 inSpiravit,
2845 4837 2900 4881 et
2939 4828 3165 4899 linguam
3214 4831 3379 4901 dedit,
3421 4845 3477 4890 ut
3500 4837 3613 4905 ejus

2045 4904 2097 4956 in
2130 4920 2227 4960 nos
2259 4906 2511 4964 beneﬁcia
2539 4927 2698 4966 sensu
2723 4917 3092 4985 percipientes,
3123 4919 3411 4977 dominium
3446 4941 3613 4995 agno-

2043 5010 2272 5062 scamus,
2302 5009 2356 5054 et
2397 5016 2492 5055 nos
2531 5013 2710 5071 gratos
2755 5006 3124 5075 exhibeamus,
3170 5025 3233 5064 ac
3280 5027 3374 5083 pro
3414 5016 3610 5071 viribus

2043 5087 2265 5142 Domino
2301 5092 2496 5159 gratias
2541 5109 2776 5162 agamus.
2823 5095 2953 5150 Nam
3003 5098 3046 5151 si
3094 5098 3362 5168 homines,
3420 5107 3609 5175 quibus

2038 5181 2224 5235 eadem
2250 5191 2330 5236 est
2359 5192 2542 5237 natura
2571 5185 2864 5248 nobiscum.
2911 5203 3030 5242 cum
3073 5205 3292 5258 parvum
3326 5195 3608 5266 aliquando

2036 5287 2100 5326 ac
2127 5274 2230 5328 vile
2255 5275 2407 5328 nobis
2441 5275 2750 5330 beneficium
2777 5280 3133 5346 praestiterint,
3159 5284 3371 5353 exigunt
3395 5301 3424 5339 a
3455 5288 3606 5342 nobis

2035 5365 2321 5432 gratiarqu
2352 5365 2633 5430 actionem,
2675 5380 2779 5420 non
2827 5367 2968 5436 quod
2997 5380 3232 5424 nostrum
3271 5385 3458 5429 curent
3484 5391 3597 5444 graa

2037 5464 2144 5508 tum
2192 5455 2461 5518 animum,
2503 5454 2598 5509 sed
2651 5464 2707 5509 ut
2761 5455 2863 5525 ipsi
2909 5457 3028 5513 inde
3069 5460 3388 5517 celebriores
3423 5463 3599 5518 ﬁant:

2031 5554 2228 5614 quanto
2265 5546 2431 5616 magis
2474 5545 2525 5600 id
2561 5546 2712 5601 nobis
2741 5547 3034 5604 faciendum
3074 5551 3130 5605 in
3177 5553 3238 5605 iis
3275 5569 3392 5623 qua:
3430 5570 3458 5608 a
3491 5556 3600 5611 Deo

2031 5637 2362 5705 accepimus,
2412 5638 2500 5706 qui
2554 5637 2656 5692 hoc
2698 5639 2867 5693 solum
2918 5640 2989 5694 ob
3040 5651 3272 5696 uOstram
3320 5645 3593 5700 utilitatem

2029 5728 2142 5782 vult
2177 5728 2331 5782 ﬁeri?
2383 5727 2515 5781 Nam
2559 5727 2697 5782 sicut
2742 5744 2860 5783 cum
2905 5732 3039 5799 grati
3066 5746 3246 5787 sumus
3271 5733 3591 5806 hominibus.

2025 5819 2114 5891 qui
2154 5818 2306 5875 nobis
2347 5819 2758 5886 bcnefecerunt,
2826 5819 2946 5876 illos
2987 5821 3239 5880 clariores
3282 5825 3583 5890 reddimus;
