4062 6396
459 400 567 455 9.59

466 504 533 557 ita
580 512 636 559 et
685 504 730 558 si
771 503 826 557 in
872 499 1153 570 benignum
1203 498 1367 551 Deum
1408 496 1663 550 fuerimus
1702 494 1874 564 grati,
1934 505 2032 545 nos

468 600 609 663 ipsos
648 593 963 647 illustriores
1009 590 1271 654 faciams;
1313 588 1559 656 quoniam
1612 600 1716 639 non
1765 593 1822 637 ut
1858 591 2035 636 nostra

467 687 821 741 celebratione
868 697 1003 751 opus
1047 680 1267 745 habens,
1320 678 1421 733 hoc
1466 677 1579 730 fieri
1623 675 1735 729 vult
1775 692 1788 728 :
1832 673 1926 728 sed
1977 682 2037 727 ut

466 776 716 847 quidquid
767 776 817 829 id
866 774 998 827 lucri
1034 780 1153 851 est,
1186 773 1373 825 iterum
1412 769 1478 823 ad
1514 782 1611 822 nos
1653 768 1853 831 redeat,
1875 764 2033 819 etdi-

460 882 595 937 gnos
623 865 878 920 faciamus
906 881 1000 917 nos
1033 864 1177 931 ipsos
1218 861 1506 931 majoribus
1543 858 1811 915 subsidiis.
1840 859 2035 924 Quam-

465 961 543 1013 vis
584 968 757 1012 autem
807 972 911 1011 non
956 957 1220 1025 possimus
1263 954 1312 1008 id
1349 953 1542 1017 facere,
1588 961 1647 1006 ut
1670 952 1885 1021 dignum
1914 957 2030 1005 est:

462 1052 549 1119 qui
595 1050 732 1104 enim
774 1048 875 1105 hoc
922 1048 1037 1102 fieri
1069 1054 1268 1117 posset,
1318 1061 1438 1100 cum
1484 1054 1592 1099 tam
1625 1043 1789 1113 fragili
1831 1052 2033 1098 naturae

458 1143 653 1210 alligati
707 1139 911 1195 simus?
968 1148 1021 1193 et
1066 1139 1190 1207 quid
1239 1138 1357 1192 dico
1410 1138 1691 1190 humanam
1750 1132 2032 1188 naturam?

458 1234 637 1301 Neque
696 1234 823 1302 ipsa:
872 1233 1194 1300 incorporeas
1240 1238 1293 1284 et
1338 1228 1630 1282 invisibiles
1670 1226 1923 1288 virtutes,
1976 1232 2033 1280 et

458 1324 779 1393 principatus
806 1330 859 1377 et
889 1330 1203 1390 potestates,
1229 1328 1283 1374 et
1309 1319 1618 1383 Cherubim,
1647 1325 1698 1371 et
1726 1315 2024 1384 Seraphim,

456 1423 516 1467 ut
566 1415 779 1484 dignum
828 1424 939 1479 est,
1007 1414 1276 1468 celebrare
1341 1412 1488 1465 illum
1541 1419 1781 1479 possunt,
1822 1408 2029 1462 etiamsi

457 1519 554 1573 pro
578 1506 774 1560 viribus
801 1506 1021 1575 gloriam
1052 1505 1122 1558 illi
1152 1503 1375 1558 offerant
1398 1518 1425 1571 ¹ε
1466 1501 1807 1555 nihilominus
1828 1499 2027 1569 justum

454 1598 615 1653 fuerit
661 1614 757 1668 pro
808 1598 1008 1652 viribus
1054 1598 1338 1666 gratiarum
1380 1596 1640 1649 actionem
1695 1591 1924 1656 offerre,
1972 1599 2026 1643 et

454 1689 821 1743 indesinenter
869 1689 1141 1743 celebrare
1191 1687 1471 1741 Dominum
1523 1694 1781 1749 nostrum,
1838 1692 1891 1737 et
1938 1696 2030 1751 per

458 1781 668 1835 laudum
697 1794 878 1843 voces,
926 1788 979 1832 et
1016 1795 1109 1848 per
1127 1780 1289 1832 vitam
1329 1777 1602 1846 optimam.
1647 1774 1750 1828 ista
1779 1774 1921 1827 enim
1947 1780 2030 1827 est

454 1870 752 1925 clarissima
783 1869 873 1923 Dei
896 1868 1202 1932 celebratio,
1232 1866 1442 1936 quando
1469 1880 1565 1934 per
1595 1864 1898 1917 innumeras
1920 1861 2024 1915 lin-

458 1975 585 2030 guas
610 1961 831 2031 gloriam
880 1960 978 2029 ipsi
1016 1958 1303 2013 offerimus.
1352 1956 1482 2011 Nam
1530 1955 1619 2025 qui
1659 1956 1853 2009 virtute
1893 1968 2030 2022 prm-

459 2054 600 2107 ditus
643 2059 744 2116 est,
792 2052 843 2105 id
882 2051 1045 2106 efficit
1084 2059 1143 2104 ut
1182 2064 1388 2109 onmes,
1437 2049 1526 2117 qui
1571 2048 1843 2101 intuentur
1880 2061 2025 2111 eum,

460 2146 737 2199 Dominum
788 2144 902 2213 ejus
952 2142 1209 2197 laudent:
1241 2151 1294 2197 et
1338 2140 1624 2196 celebratio
1669 2140 1781 2192 htrc
1823 2136 1892 2201 ei,
1938 2137 2026 2206 qui

456 2236 788 2291 occasionem
850 2234 1103 2304 pnebnit,
1171 2248 1414 2302 magnam
1462 2240 1515 2285 et
1558 2228 1875 2284 ineffabilem
1934 2228 2026 2281 Dei

458 2326 874 2380 benevolentiam
921 2324 1185 2379 conciliat.
1240 2322 1375 2390 Quid
1432 2323 1586 2391 igitur
1630 2320 1781 2373 nobis
1823 2319 2027 2373 beatius

450 2419 619 2482 foret,
669 2420 712 2472 si
762 2434 864 2472 non
914 2417 1082 2471 solum
1130 2416 1323 2470 nostris
1366 2415 1555 2484 linguis
1613 2413 1806 2467 bonum
1860 2412 2023 2465 Deum

455 2510 619 2579 gloria
670 2509 1036 2573 afficeremus,
1104 2507 1196 2562 sed
1249 2516 1303 2561 et
1344 2507 1612 2575 proximos
1652 2519 1894 2573 quoque,
1970 2511 2028 2555 ut

457 2612 638 2655 nostro
677 2601 891 2655 nomine
933 2615 1054 2655 eum
1098 2598 1446 2662 celebrarent,
1481 2597 1860 2651 incitaremus?
1884 2596 2024 2650 Tan-

450 2706 565 2749 tum
604 2696 744 2749 enim
792 2694 1001 2749 virtutis
1051 2695 1212 2748 robur
1257 2705 1355 2758 est,
1404 2701 1464 2747 ut
1514 2694 1807 2747 innumeris
1835 2691 2026 2761 linguis

450 2785 797 2839 Conditorem
848 2784 1064 2840 laudare
1109 2794 1287 2854 queat.
1351 2783 1492 2838 Nihil
1528 2784 1710 2853 utique
1748 2783 1868 2835 vita:
1921 2782 2024 2835 vir-

457 2878 579 2931 tutis
612 2877 863 2931 studiosae
911 2878 1204 2945 comparari
1256 2882 1451 2944 potest,
1503 2873 1715 2928 dilecte.
1768 2872 1915 2929 Unde
1970 2882 2023 2927 et

455 2970 709 3023 Dominus
732 2968 939 3022 dicebat
971 2986 984 3021 :
1014 2964 1198 3021 Luceat
1227 2967 1315 3020 lux
1341 2976 1501 3020 vestra
1529 2981 1699 3019 coram
1722 2964 2020 3027 hominibus,

459 3070 511 3113 ut
549 3060 745 3113 videant
779 3075 931 3126 opera
976 3069 1137 3111 vestra
1185 3057 1342 3120 bona,
1387 3066 1433 3109 et
1482 3055 1762 3126 gloriﬁcent
1816 3053 2023 3107 Patrem

454 3156 667 3204 vestrum
713 3149 800 3219 qui
828 3158 900 3201 est
941 3149 993 3200 in
1029 3148 1164 3201 aclis
1192 3146 1400 3218 (Matth.
1429 3147 1481 3202 5.
1517 3147 1629 3215 16).
1664 3146 1847 3200 Vidisti
1892 3160 2022 3215 quo-

459 3239 619 3292 modo
670 3240 843 3293 lumen
887 3253 1006 3293 cum
1050 3242 1390 3307 apparuerit,
1439 3237 1685 3307 dispellat
1734 3238 2024 3292 tenebras?

457 3329 527 3383 Ita
552 3330 816 3394 ctvirtus,
857 3331 899 3385 si
954 3331 1235 3399 conspicua
1282 3328 1461 3395 fuerit,
1511 3339 1563 3385 et
1606 3330 1855 3383 malitiam
1883 3330 2025 3398 fugat

454 3433 507 3477 et
550 3424 744 3477 erroris
794 3423 1037 3477 tenebras
1089 3423 1291 3492 abigit,
1338 3432 1679 3491 mentemque
1728 3422 2016 3476 videntium

455 3516 649 3569 excitat
686 3514 750 3568 ad
794 3515 953 3568 Deum
1000 3514 1398 3569 celebrandum.
1440 3513 1694 3580 Quocirca
1724 3523 2023 3583 satagamus

456 3618 512 3658 ut
553 3606 629 3659 sic
663 3605 871 3659 luceant
908 3620 1065 3673 opera
1114 3613 1313 3671 nostra,
1368 3621 1472 3675 quo
1518 3612 1573 3661 et
1619 3605 1874 3660 Dominus
1925 3620 2025 3660 no-

456 3708 564 3751 ster
589 3697 907 3752 celebretur.
941 3697 1065 3752 Haec
1118 3708 1292 3752 autem
1339 3697 1473 3753 dixit
1509 3698 1770 3765 Christus,
1821 3715 1923 3752 non
1966 3707 2025 3753 ut

456 3788 519 3841 ad
568 3790 972 3843 ostentationem
1016 3789 1211 3859 aliquid
1255 3789 1546 3857 faciamus;
1595 3790 1733 3845 absit
1774 3809 1787 3845 :
1830 3789 1925 3847 sed
1968 3799 2025 3845 ut

456 3879 831 3947 diligenter,'et
859 3890 915 3933 ut
961 3879 1058 3949 ipsi
1106 3881 1377 3950 probatur,
1426 3882 1585 3935 vitam
1634 3896 1872 3952 agamus,
1916 3897 2021 3936 non

458 3970 795 4040 blasphemia:
820 3971 1046 4040 cuipiam
1092 3971 1264 4026 locum
1293 3973 1663 4040 concedentes,
1713 3974 1805 4030 sed
1829 3975 1878 4029 id
1905 3974 2019 4029 effi-

456 4064 696 4130 cientes,
746 4072 803 4117 ut
864 4064 1018 4118 bonis
1083 4064 1335 4133 operibus
1392 4067 1442 4118 in
1497 4066 1704 4120 laudem
1762 4066 1851 4121 Dei
1901 4082 2025 4136 pro-

461 4164 702 4211 rnmnant
742 4169 930 4210 omnes
964 4155 1054 4225 qui
1103 4171 1200 4210 nos
1246 4157 1445 4211 vident.
1498 4158 1648 4213 Tunc
1682 4158 1855 4223 enim,
1901 4170 2024 4214 tunc

454 4245 624 4314 ipsius
647 4243 798 4297 nobis
823 4247 1043 4313 gratiam
1073 4246 1325 4315 majorem
1353 4246 1779 4311 conciliabimus,
1819 4258 1873 4303 et
1912 4264 2025 4318 pte-

458 4348 578 4385 nam
605 4332 855 4402 effugere,
877 4333 1121 4404 bonaque
1159 4335 1441 4391 ineffabilia
1466 4338 1683 4407 adipisci
1712 4340 2022 4407 poterimus,

458 4422 623 4491 gratia
665 4433 717 4476 et
760 4423 1121 4479 misericordia
1169 4427 1375 4481 Domini
1431 4429 1596 4483 nostri
1635 4428 1763 4484 .Iesu
1799 4428 2023 4497 Christi,

457 4527 577 4567 cum
614 4529 720 4583 quo
764 4514 906 4568 Patri
952 4516 1107 4570 simul
1147 4525 1202 4572 et
1242 4518 1461 4587 Spiritui
1498 4532 1683 4575 sancto
1727 4523 1796 4576 sit
1836 4522 2022 4592 gloria,

460 4605 775 4673 imperium,
826 4607 1016 4673 honor,
1075 4623 1213 4664 nunc
1262 4618 1317 4664 et
1355 4626 1588 4681 semper,
1634 4622 1688 4668 et
1737 4613 1790 4668 in
1836 4614 2026 4669 swcula

458 4698 790 4751 saeculorum.
841 4698 1029 4753 Amen.

976 4789 1247 4845 HOMILIA
1290 4791 1498 4845 XXVII.

462 4881 527 4934 Et
554 4881 819 4949 ardiﬁcavit
855 4880 967 4934 Noe
1005 4882 1164 4935 altare
1198 4880 1446 4948 Domino,
1491 4894 1537 4937 et
1566 4887 1755 4953 accepit
1783 4886 1844 4939 de
1865 4886 2029 4939 omni-

531 4975 622 5027 bus
669 4974 927 5044 pecoribus
974 4975 1211 5039 mundis,
1279 4984 1324 5028 et
1374 4980 1436 5029 de
1476 4978 1704 5031 omnibus
1751 4979 2030 5032 volucribus

528 5066 729 5118 mundis
752 5105 767 5131 ,
807 5074 851 5118 et
897 5064 1071 5118 obtulit
1118 5066 1460 5120 holocaustum
1500 5085 1649 5138 super
1685 5070 1846 5123 altare
1874 5068 2025 5141 (Gen.

531 5157 582 5210 8.
614 5154 742 5222 20).

535 5248 587 5301 1.
620 5246 982 5314 Beneﬁciorum
1008 5244 1105 5300 Dei
1132 5249 1389 5301 memoria.
1416 5279 1487 5289 —
1530 5250 1750 5305 Vidistis
1780 5251 1892 5305 heri
1919 5253 2029 5307 cle-

465 5338 660 5392 mentis
686 5336 889 5391 Domini
919 5336 1204 5391 bonitatem
1230 5379 1245 5404 ,
1292 5340 1563 5408 quomodo
1592 5358 1654 5395 ex
1684 5357 1804 5396 arca
1828 5342 2027 5411 justum

467 5430 667 5493 eduxit,
694 5428 762 5482 ab
786 5427 901 5497 ejus
932 5428 1252 5483 habitatione
1277 5430 1553 5495 liberavit,
1584 5448 1649 5487 ex
1689 5434 1778 5487 illo
1806 5435 1939 5487 tristi
1971 5449 2033 5488 ac

467 5521 692 5571 molesto
711 5526 926 5571 Carcere
952 5519 1162 5586 eripuit,
1209 5527 1262 5572 et
1292 5520 1596 5587 patientiam
1620 5522 1759 5576 illius
1787 5538 2031 5578 remune-

462 5612 625 5675 ravit,
672 5606 903 5660 dicens:
943 5607 1155 5661 Crescite
1189 5618 1235 5661 et
1281 5610 1706 5677 multiplicamini.
1760 5614 2033 5667 Discamus

467 5701 627 5755 hodie
659 5710 817 5763 quam
857 5694 1176 5765 benevolus,
1208 5707 1262 5752 et
1287 5715 1442 5767 quam
1469 5709 1630 5770 grata:
1658 5704 1849 5757 animm
1876 5702 2036 5760 fuerit

471 5785 606 5854 Noe,
688 5786 789 5842 nde
816 5788 927 5858 ipse
954 5791 1120 5845 multo
1154 5792 1452 5848 uberiorem
1493 5793 1587 5850 Dei
1627 5809 1749 5865 erga
1783 5811 1841 5852 se
1870 5796 2035 5853 benov

1169 388 1226 443 S.
1266 383 1539 441 JOANNIS
1575 378 2045 437 CHRYSOSTOMI
2085 382 2399 441 ARCll-lEP.
2427 387 2951 449 CONSTANTINOP.

3602 404 3691 463 πω

2143 494 2425 552 volentiam
2469 501 2569 555 sibi
2617 504 2993 559 conciliaverit.
3047 506 3175 560 Nam
3222 510 3364 563 solet
3405 512 3540 568 Deus
3585 533 3691 574 cum

2138 586 2366 655 aliquem
2396 590 2537 644 videt
2578 592 2666 659 qui
2704 604 2887 661 gratus
2934 597 3001 647 sit
3046 595 3111 649 de
3161 598 3462 667 prioribus,
3512 603 3691 673 largius

2132 688 2192 734 et
2218 681 2533 737 cumulatius
2561 698 2655 737 sua
2678 684 2815 739 dona
2859 702 2909 740 In
2948 687 3095 741 illttm
3139 688 3475 757 profundere.
3512 694 3692 752 Demus

2138 767 2295 838 igitur
2332 778 2387 825 et
2432 787 2527 826 nos
2556 787 2771 841 operam
2798 816 2812 838 ,
2843 785 2899 829 ut
2926 778 3213 846 gratiarum
3252 781 3486 836 actiones
3509 799 3602 853 pro
3624 790 3693 840 vi-

2135 858 2219 912 rili
2250 859 2471 914 Domino
2500 861 2782 918 offeramus
2819 880 2915 934 pro
2958 867 3110 922 donis
3139 884 3256 938 quae
3301 870 3367 925 ab
3396 887 3462 926 eo
3500 876 3691 942 pridem

2136 950 2287 1003 nobis
2318 948 2549 1019 praestita
2595 965 2740 1021 sunt,
2769 966 2825 1009 ut
2847 966 2900 1011 et
2922 959 3118 1027 majora
3147 962 3268 1015 inde
3291 977 3689 1034 consequamur,

2134 1047 2189 1092 et
2231 1056 2516 1109 numquam
2558 1044 2931 1101 obliviscamur
2960 1048 3052 1102 Dei
3100 1050 3353 1106 beneﬁcia
3386 1054 3438 1106 in
3471 1070 3568 1109 nos
3593 1060 3694 1112 col-

2136 1130 2260 1194 lata,
2292 1132 2385 1186 sed
2413 1148 2623 1203 semper
2646 1151 2707 1189 ea
2735 1137 2785 1190 in
2817 1147 2993 1193 mente
3021 1151 3197 1195 nostra
3223 1158 3517 1212 versemus,
3550 1159 3601 1201 ut
3630 1151 3690 1204 ad

2132 1221 2433 1275 continuam
2458 1224 2744 1292 gratiarum
2770 1228 3032 1283 actionem
3063 1245 3245 1285 eorum
3276 1237 3528 1290 memoria
3559 1253 3696 1293 com-

2131 1312 2390 1381 pellantur
2410 1352 2427 1378 ,
2467 1318 2677 1369 tametsi
2713 1326 2791 1372 tot
2816 1320 2940 1383 sint,
2977 1330 3033 1374 ut
3062 1338 3213 1377 mens
3240 1336 3418 1380 nostra
3456 1344 3559 1383 non
3590 1333 3696 1385 suf-

2135 1402 2272 1455 ficiat
2288 1403 2352 1456 ad
2377 1407 2931 1474 comprehendendum
2948 1424 3001 1465 et
3019 1416 3437 1471 enumerandum
3460 1435 3695 1490 magnam

2131 1506 2249 1559 qua:
2298 1494 2447 1548 nobis
2480 1498 2699 1567 contigit
2725 1514 2788 1552 ex
2823 1503 2937 1569 ejus
2966 1503 3279 1558 liberalitate
3304 1509 3532 1576 copiam.
3565 1512 3698 1577 Quo-

2133 1582 2290 1636 modo
2316 1586 2455 1637 enim
2489 1587 2603 1655 quis
2645 1589 2874 1658 cogitare
2904 1603 3083 1660 posset
3106 1609 3166 1647 ea
3199 1611 3316 1665 quae
3361 1598 3411 1650 in
3454 1614 3552 1653 nos
3593 1603 3695 1669 jam

2132 1682 2254 1726 sunt
2294 1675 2482 1728 collata
2509 1716 2522 1738 ,
2567 1693 2683 1746 qua'
2722 1681 2844 1733 item
2886 1683 3143 1750 promissa
3171 1727 3185 1751 ,
3228 1702 3343 1753 qua;
3380 1696 3431 1740 et
3466 1691 3699 1758 quotidie

2131 1763 2473 1819 conferuntur
2503 1782 2517 1820 :
2545 1767 2682 1836 quod
2707 1785 2770 1823 ex
2803 1770 2967 1824 nihilo
3005 1775 3312 1841 produxerit
3350 1788 3404 1829 ut
3441 1794 3697 1845 essemus,

2132 1854 2270 1922 quod
2299 1870 2491 1925 corpus
2515 1866 2567 1912 et
2589 1861 2817 1913 animam
2857 1862 3090 1928 dederit,
3126 1867 3265 1934 qttod
3296 1869 3581 1924 rationales
3608 1872 3701 1926 nos

2132 1943 2452 2011 formaverit,
2481 1949 2618 2017 quod
2644 1964 2820 2005 aerem
2853 1955 3183 2021 reSpirationi
3202 1963 3546 2021 concesserit.
3564 1964 3701 2031 quod

2131 2043 2426 2090 creaturam
2453 2053 2664 2093 omnem
2691 2050 2908 2110 pr0pter
2935 2044 3218 2099 humanum
3247 2063 3414 2117 genus
3441 2052 3702 2119 produxe-

2130 2126 2235 2189 rit,
2268 2128 2409 2195 quod
2451 2130 2562 2198 ipse
2588 2133 2798 2200 quidem
2829 2134 2895 2187 ab
2921 2128 3071 2189 initio
3097 2139 3327 2194 voluerit
3352 2140 3621 2197 hominem
3652 2146 3703 2199 in

2132 2220 2377 2287 paradiso
2406 2224 2565 2276 vitam
2607 2238 2766 2292 agere
2806 2227 2938 2280 citra
2966 2244 3177 2284 onmem
3206 2232 3441 2287 dolorem
3474 2244 3529 2288 et
3557 2237 3704 2291 labo-

2131 2325 2275 2375 rem,
2310 2322 2365 2366 et
2400 2313 2529 2367 nihil
2556 2318 2730 2370 minus
2756 2317 3036 2374 habentem
3067 2324 3268 2392 angelis
3296 2334 3350 2379 et
3378 2326 3706 2395 incorporeis

2130 2404 2240 2458 illis
2268 2407 2570 2473 virtutibus,
2600 2411 2943 2467 exsistentem
2974 2415 3023 2467 in
3048 2430 3291 2485 corpore,
3320 2418 3413 2473 sed
3440 2428 3494 2473 et
3521 2434 3709 2489 corpo-

2126 2496 2326 2550 ralibus
2352 2499 2750 2555 necessitatibus
2772 2518 2874 2555 non
2902 2504 3229 2559 obnoxium?
3259 2506 3462 2562 Deinde
3490 2510 3705 2577 quando

2129 2588 2198 2642 ob
2228 2590 2596 2659 negligentiam
2635 2592 2947 2663 deceptione
2987 2596 3247 2652 diabolica
3280 2615 3373 2668 per
3398 2615 3706 2670 serpentem
3738 2631 3743 2637 ο

2129 2680 2284 2733 allata
2309 2683 2673 2750 supplantatus
2701 2685 2795 2739 fuit
2814 2727 2829 2750 ,
2859 2702 3031 2756 neque
3060 2689 3137 2743 sic
3163 2689 3366 2745 destitit
3392 2694 3709 2761 praevarica-

2130 2771 2231 2824 tori
2279 2770 2589 2827 benefacere
2621 2793 2633 2828 :
2660 2775 2752 2829 sed
2796 2785 2850 2830 et
2893 2792 2987 2845 per
3032 2779 3118 2831 illa
3154 2780 3295 2847 ipsa,
3344 2797 3440 2849 per
3466 2798 3589 2852 quae
3615 2799 3711 2852 pu-

2126 2862 2296 2917 nierat
2320 2903 2336 2930 ,
2370 2866 2504 2919 sicut
2533 2867 2643 2921 heri
2668 2866 2919 2933 diximus,
2951 2871 3306 2926 excellentem
3338 2887 3491 2927 suam
3520 2875 3711 2928 huma-

2128 2953 2345 3009 nitatem
2372 2955 2690 3021 declaravit,
2723 2969 2880 3029 atque
2913 2963 3103 3015 multas
3127 2962 3256 3017 alias
3288 2964 3711 3035 innumerasque

2126 3045 2504 3103 beneficiorum
2529 3052 2735 3119 species
2779 3054 2830 3106 in
2863 3053 3007 3108 illum
3055 3056 3354 3111 collocavit.
3409 3058 3477 3111 Et
3526 3066 3708 3127 postea

2127 3140 2449 3207 procedente
2474 3151 2710 3211 tempore
2734 3153 2785 3197 et
2801 3155 3074 3200 crescente
3092 3161 3306 3216 genere,
3333 3163 3394 3202 ac
3420 3150 3473 3202 in
3493 3162 3711 3205 omnem

2126 3230 2381 3285 malitiam
2412 3243 2682 3303 vergente,
2725 3236 2847 3304 quia
2869 3236 3081 3291 videbat
3103 3237 3409 3293 incurabilia
3438 3255 3564 3298 esse
3594 3241 3715 3295 vul—

2128 3338 2275 3391 nera,
2304 3326 2547 3392 nequitia:
2577 3337 2885 3395 operatores
2910 3370 2923 3392 ,
2973 3330 3123 3398 quasi
3170 3329 3495 3386 fermentum
3528 3332 3711 3402 quod-

2125 3414 2246 3469 dam
2292 3417 2488 3470 malum
2526 3416 2757 3482 delevit,
2788 3418 2976 3473 relicto
3013 3420 3157 3488 justo
3200 3421 3292 3475 illo
3337 3423 3423 3489 qui
3475 3424 3633 3477 radix
3662 3430 3716 3477 et

2126 3510 2275 3580 origo
2305 3511 2455 3566 fieret
2477 3512 2685 3582 generis
2712 3510 2949 3566 humani.
2981 3513 3047 3567 Et
3066 3514 3185 3567 vide
3207 3515 3419 3577 iterum,
3449 3525 3713 3589 quantam

2126 3619 2248 3676 erga
2271 3604 2471 3674 justum
2502 3605 2648 3659 illum
2676 3604 2915 3659 declaret
2938 3606 3330 3662 liberalitatem.
3374 3607 3577 3662 Totum
3610 3609 3714 3662 hu-

2126 3710 2339 3749 manum
2366 3710 2532 3765 genus
2559 3695 2625 3750 ab
2656 3710 2721 3749 eo
2744 3705 2800 3751 et
2843 3696 2964 3751 filiis
2993 3697 3107 3765 ejus
3158 3699 3513 3764 instauravit,
3564 3708 3620 3753 et
3661 3700 3714 3752 in

2129 3796 2327 3840 tantam
2370 3787 2762 3843 multitudinem
2798 3803 3106 3843 excrescerc
3132 3791 3335 3843 curavit
3364 3832 3377 3853 ,
3423 3791 3720 3860 paulatim-

2126 3893 2229 3947 que
2247 3878 2421 3948 justos
2448 3879 2668 3947 eligens,
2701 3881 3026 3948 patriarchas
3053 3880 3193 3944 dico,
3221 3893 3593 3950 praeceptores
3620 3882 3718 3936 de-

2128 3969 2205 4024 dit
2237 3969 2441 4038 reliquo
2483 3970 2754 4024 hominum
2787 3971 2968 4040 generi
2995 4013 3010 4036 ,
3039 3972 3126 4040 qui
3156 3986 3251 4025 sua
3284 3973 3485 4026 virtute
3524 3988 3721 4028 euntes

2128 4077 2225 4117 nos
2252 4063 2529 4119 instituere
2558 4106 2571 4130 ,
2595 4075 2647 4118 et
2669 4106 2682 4129 ,
2729 4067 2877 4134 quasi
2905 4066 3135 4131 medici,
3165 4077 3494 4136 mgrotantes
3522 4082 3721 4121 curare

2130 4157 2352 4225 possint.
2394 4157 2460 4211 Et
2485 4156 2643 4212 modo
2672 4172 2765 4213 eos
2796 4159 2845 4211 in
2876 4158 3210 4212 Paltestinam
3233 4201 3246 4224 ,
3277 4159 3440 4212 modo
3466 4160 3521 4213 in
3548 4159 3723 4230 [Egy-

2130 4256 2274 4315 ptum
2298 4246 2540 4313 deducit,
2581 4247 2738 4300 simul
2760 4256 2813 4301 et
2850 4262 3124 4301 servorum
3152 4263 3366 4301 suormn
3395 4246 3721 4317 patientiam

2130 4350 2385 4391 exercens
2412 4377 2426 4401 ,
2472 4346 2525 4391 et
2573 4352 2720 4391 suam
2756 4339 3004 4391 virtutem
3043 4338 3325 4393 clariorem
3373 4349 3722 4402 monstrans,

2131 4427 2428 4495 mansitque
2463 4440 2673 4494 semper
2701 4427 2891 4482 eodem
2921 4427 3081 4481 modo
3111 4427 3353 4481 humanae
3398 4429 3602 4482 salutis
3630 4443 3727 4481 cu-

2131 4530 2242 4569 ram
2270 4532 2455 4585 gerens
2487 4534 2500 4570 :
2534 4518 2773 4572 exhibuit
2810 4519 3096 4588 prophetas
3120 4561 3132 4583 ,
3168 4528 3223 4573 et
3256 4534 3354 4589 per
3397 4521 3529 4575 illos
3570 4523 3729 4591 signa

2131 4616 2185 4660 et
2212 4607 2443 4676 prodigia
2471 4608 2656 4663 edidit.
2703 4610 2896 4677 Atque,
2927 4620 2983 4663 ut
3015 4610 3227 4665 brevius
3262 4610 3435 4665 dicam
3476 4630 3490 4664 ι
3526 4628 3725 4681 quem-

2131 4696 2414 4750 admodum
2445 4699 2585 4752 enim
2607 4701 2766 4753 maris
2796 4698 2986 4754 fluctus
3007 4740 3021 4763 ,
3051 4704 3295 4770 quamvis
3324 4705 3644 4759 sexcenties
3677 4704 3733 4758 id

2132 4800 2407 4851 conemur,
2431 4803 2742 4844 enumerare
2767 4805 3049 4860 numquam
3068 4794 3358 4860 poterimus
3389 4815 3400 4847 :
3438 4795 3516 4849 ita
3549 4810 3732 4865 neque

2134 4877 2509 4932 beneficiorum
2544 4880 2670 4946 Dei,
2700 4896 2818 4949 quae
2843 4881 2893 4935 in
2923 4893 3156 4937 nostram
3186 4884 3414 4939 contulit
3442 4896 3731 4951 naturam,

2133 4970 2462 5024 varietatem.
2492 4971 2726 5025 Tandem
2756 4972 2843 5026 ubi
2869 4972 2997 5026 vidit
3025 4984 3143 5042 post
3172 4983 3369 5028 tantam
3402 4991 3569 5030 suam
3605 4991 3736 5045 pro-

2135 5061 2418 5116 videntiam
2458 5062 2631 5119 adhuc
2661 5063 2823 5118 multa
2850 5072 2904 5118 et
2942 5064 3189 5119 ineffabili
3232 5067 3619 5122 misericordia
3653 5069 3738 5121 in-

2136 5157 2315 5226 digere
2370 5156 2657 5209 humanum
2704 5170 2909 5226 genus,
2957 5165 3010 5211 et
3048 5158 3178 5209 nihil
3225 5159 3342 5226 plus
3386 5158 3602 5213 fecisse
3648 5159 3735 5213 vel

2138 5247 2482 5317 patriarchas,
2516 5248 2597 5302 vel
2627 5248 2930 5316 prophetas,
2962 5248 3045 5302 vel
3076 5249 3223 5318 signa
3241 5250 3616 5318 admirabilia,
3651 5252 3737 5306 vel

2138 5354 2355 5408 poenas,
2401 5340 2481 5393 vel
2526 5338 2915 5393 admonitiones
2946 5338 3063 5393 illas
3103 5340 3550 5409 frequentissime
3580 5344 3733 5397 adhi-

2138 5434 2273 5487 bitas
2297 5472 2312 5495 ,
2347 5440 2401 5486 et
2423 5431 2750 5500 captivitates
2780 5431 2894 5484 illas
2922 5430 3021 5485 sibi
3064 5432 3286 5485 invicem
3315 5434 3692 5489 succedentes
3738 5478 3749 5490 .

2137 5526 2288 5594 quasi
2314 5525 2595 5579 miseratus
2620 5538 2785 5592 genus
2812 5533 3046 5576 nostrum
3069 5564 3083 5586 ,
3115 5526 3257 5578 misit
3294 5524 3359 5577 ad
3393 5540 3505 5580 nos
3533 5528 3736 5581 anima

2137 5631 2255 5671 rum
2304 5625 2690 5682 corporumque
2736 5611 2999 5667 medicum
3022 5628 3049 5681 ,‘
3089 5615 3422 5684 unigenitum
3455 5631 3624 5671 suum
3657 5616 3763 5671 Fi-

2138 5706 2303 5768 lium,
2344 5719 2409 5758 ex
2437 5704 2702 5774 paternis,
2744 5712 2803 5757 ut
2840 5702 2910 5757 ita
2936 5702 3105 5757 dicam
3137 5746 3152 5769 ,
3202 5704 3411 5759 sinibus
3442 5706 3711 5760 excitans
3743 5732 3759 5769 τ

2141 5797 2307 5854 voluit
2327 5805 2569 5867 suscepta
2599 5796 2736 5852 servi
2767 5794 2938 5852 forma
2964 5810 2995 5851 e
3022 5794 3238 5866 Virgine
3266 5797 3442 5865 nasci,
3487 5811 3548 5859 et
3562 5798 3757 5856 nobis-
