4062 6396
373 396 480 452 239

373 519 514 606 σθαιο
535 522 884 596 βουλομένου.
921 529 1136 602 ’Ὠσπερ
1168 531 1278 602 γάρ
1304 531 1396 584 ἐπὶ
1433 533 1542 587 τῶν
1571 533 1875 605 ἀνθρώπων
1904 537 1938 606 ἡ
1967 555 2052 605 γι-

372 605 577 688 νομένη
627 610 950 681 εὐχαριστία
996 615 1077 677 είς
1125 616 1252 680 τοὺς
1309 617 1760 688 εὐεργετηκότας,
1815 605 2052 682 ἐκείνους

369 686 792 762 λαμπροτέρους
827 695 1139 766 ἐργάζεται,
1169 699 1340 762 οὕτως
1388 686 1480 753 ἐπὶ
1521 686 1616 753 τοῦ
1668 701 2052 772 φιλανθρώπου

369 778 510 832 Θεοῦ
535 780 662 832 ὅταν
695 781 854 834 τοῦτο
883 785 1144 855 ποιῶμεν,
1193 787 1416 852 ἑαυτοὺς
1445 788 1858 860 λαμπροτέρους
1883 792 2053 860 ἀπερ-

371 861 677 945 γαζόμεθα·
705 865 889 937 ἐπειδὴ
911 869 1032 938 οὐχί
1059 869 1159 938 τῆς
1182 873 1309 940 παρ’
1327 872 1481 942 ἡμῶν
1507 873 1755 944 δεόμενος
1777 874 2051 945 εὐφημίας

371 943 536 998 τοῦτο
570 945 818 1014 βούλεται
842 951 1106 1017 γίνεσθαι,
1141 953 1255 1005 ἀλλ’
1287 955 1374 1008 ἵνα
1403 956 1564 1010 πάλιν
1596 943 1674 1020 είς
1719 943 1866 1029 ἡμᾶς
1899 943 2052 1027 περι-

375 1031 476 1100 στῇ
511 1031 574 1084 τδ
603 1033 814 1104 κέρδος,
843 1037 937 1088 καὶ
969 1037 1213 1105 μείζονος
1242 1040 1556 1110 συμμαχίας
1610 1042 1835 1104 ἑαυτοὺς
1867 1041 2051 1108 ἀξίους

373 1119 828 1190 καταστήσωμεν.
859 1123 921 1174 Εἰ
947 1123 1055 1194 γάρ
1076 1123 1169 1176 καὶ
1196 1125 1268 1196 μή
1292 1126 1566 1198 δυνάμεθα
1591 1129 1712 1182 κατ’
1741 1129 1896 1195 ἀξίαν
1921 1129 2050 1182 ποτέ

371 1199 536 1253 τοῦτο
561 1202 806 1272 ποιῆσαι·
841 1204 957 1267 πῶς
995 1207 1126 1278 γὰρ,
1151 1209 1384 1280 τοσαύτῃ
1403 1209 1656 1282 ἀσθενείᾳ
1689 1211 1902 1280 φύσεως
1925 1229 2050 1264 συν-

371 1283 684 1354 δεδεμένοι;
719 1288 813 1339 καὶ
833 1288 886 1341 τί
905 1287 1054 1356 λέγω.
1073 1290 1170 1361 τήν
1199 1291 1548 1364 ἀνθρωπίνην
1569 1293 1729 1364 φύσιν
1755 1313 1768 1360 ;
1797 1294 1910 1346 ἀλλ’
1929 1295 2052 1348 οὐδέ

371 1367 536 1420 αὐταί¹
555 1371 611 1422 αἰ
631 1370 906 1442 ἀσώματοι
929 1374 1024 1426 καὶ
1045 1375 1265 1446 ἀόρατοι
1285 1376 1562 1446 δυνάμεις.
1578 1379 1672 1430 καὶ
1695 1379 1749 1430 αί
1770 1379 1934 1449 ἀρχαὶ
1954 1379 2050 1430 καὶ

373 1453 432 1503 αἱ
457 1452 716 1516 ἐξουσίαι,
741 1455 836 1509 καὶ
865 1456 934 1510 τά
961 1459 1259 1530 Χερουϐὶμ,
1290 1461 1382 1513 καὶ
1403 1461 1470 1514 τά
1493 1463 1770 1532 Σεραφεὶμ
1797 1463 1894 1534 τὴν
1929 1462 2050 1515 κατ’

371 1535 534 1601 ἀξίαν
564 1538 870 1612 δοξολογίαν
894 1543 1188 1616 ἀναφέρειν
1233 1545 1678 1617 εὐχαριστοῦντες
1710 1547 2046 1616 δυνήσονται·

372 1620 490 1672 ἀλλ’
527 1623 678 1691 ὅμως
695 1621 794 1694 τὴν
821 1625 960 1678 κατά
988 1625 1216 1697 δύναμιν
1249 1628 1558 1696 ἀνενεγκεῖν
1585 1630 1936 1700 εὐχαριστίαν
1973 1629 2052 1682 δί-

371 1721 528 1758 καιον
556 1705 622 1758 ἂν
647 1707 753 1776 εἴη,
775 1712 868 1761 καὶ
896 1707 1159 1777 διηνεκῶς
1188 1709 1428 1777 δοξάζειν
1448 1713 1539 1766 τὸν
1567 1714 1834 1786 ἡμέτερον
1855 1715 2052 1766 Δεσπό-

367 1803 473 1856 την
515 1789 718 1842 καὶδιά
739 1790 842 1860 τῆς
867 1791 974 1844 τῶν
1005 1792 1178 1862 λόγων
1220 1795 1510 1865 εὐφημίας,
1546 1797 1638 1849 καὶ
1658 1797 1746 1849 διὰ
1783 1797 1882 1866 τῆς
1930 1799 2050 1870 ἀρί-

371 1885 510 1940 στης
559 1873 854 1936 πολιτείας.
914 1874 1062 1946 Αῦτη
1111 1876 1221 1948 γάρ
1275 1877 1507 1946 μάλιστα
1561 1879 1654 1932 καὶ
1692 1879 2048 1952 λαμπροτέρα

369 1954 584 2023 γένοιτο
609 1960 641 2028 ἡ
675 1959 940 2030 εὐφημία,
975 1961 1103 2013 ὅταν
1132 1961 1218 2039 διὰ
1254 1961 1462 2034 μυρίων
1491 1963 1748 2032 γλωσσῶν
1773 1963 1868 2036 τήν
1899 1966 2048 2033 δοξο-

368 2037 562 2106 λογίαν
583 2041 967 2110 ἀναφέρωμεν.
1016 2043 1072 2097 Ὀ
1116 2037 1226 2114 γὰρ
1265 2046 1516 2114 ἐνάρετος
1547 2045 1775 2099 ἕκαστον
1815 2048 1922 2100 τῶν
1967 2051 2046 2113 εἰς

367 2121 536 2176 αὐτὸν
563 2123 814 2194 ὁρώντων
866 2127 1272 2195 παρασκευάζει
1302 2128 1392 2180 τὸν
1422 2129 1586 2182 αὐτοῦ
1617 2130 1892 2199 Δεσπότην
1955 2132 2047 2184 ἀνο

366 2213 586 2280 υμνεῖν⁹
621 2212 714 2265 καὶ
745 2215 777 2283 ή
813 2215 943 2285 παρ’
973 2215 1196 2270 ἐκείνων
1248 2215 1522 2284 δοξολογία
1561 2217 1760 2288 πολλὴν
1793 2221 1884 2271 καὶ
1904 2219 2046 2287 ἀφα-

365 2311 462 2348 τον
488 2293 566 2364 τῷ
605 2297 704 2368 τήν
745 2298 925 2350 αἰτίαν
969 2299 1260 2370 παρέχοντι
1312 2301 1591 2370 χαρίζεται
1639 2301 1738 2372 τὴν
1767 2303 1918 2373 παρὰ
1949 2305 2044 2358 τοῦ

368 2381 646 2432 Δεσπότου
678 2379 912 2436 εὔνοιαν.
951 2383 1017 2434 Τί
1042 2379 1136 2436 οῦν
1165 2383 1231 2437 ἂν
1274 2385 1428 2456 ἡμῶν
1459 2387 1920 2458 μακαριστότερον
1947 2387 2044 2456 γέ-

365 2481 532 2526 νοιτο,
561 2466 610 2517 εἰ
629 2465 914 2534 μέλλοιμεν
945 2466 1018 2538 μὴ
1049 2468 1210 2537 μόνον
1239 2470 1393 2522 αὐτοί
1416 2469 1504 2522 διὰ
1527 2471 1626 2540 τῆς
1651 2471 2046 2542 οἰκείαςίγλώτ-

363 2562 468 2616 της
507 2546 754 2613 δοξάζειν
801 2548 896 2602 τὸν
946 2551 1152 2619 ἀγαθὸν
1177 2551 1330 2618 Θεὸν,
1357 2552 1492 2606 άλλά
1535 2555 1628 2606 καὶ
1665 2555 1870 2620 πάντας
1918 2558 2045 2621 τοὺς

355 2631 652 2696 ὁμογενεῖς
705 2629 996 2702 διεγείρειν
1035 2634 1116 2697 εἰς
1169 2632 1270 2705 τὴν
1322 2635 1462 2706 ὑπὲρ
1497 2636 1656 2706 ἡμῶν
1693 2637 2040 2708 δοξολογίανς

363 2711 618 2782 Τοσαύτη
641 2712 750 2783 γάρ
771 2715 870 2784 τῆς
899 2715 1103 2787 ἀρετῆς
1132 2719 1164 2786 ἡ
1203 2719 1354 2787 ἰσχὺς
1379 2759 1392 2782 ,
1441 2719 1518 2783 ὡς
1569 2722 1782 2792 μυρίοις
1813 2723 2042 2794 στόμασι

361 2794 626 2847 δύνασθαι
651 2797 742 2848 τὸν
761 2796 1092 2869 δημιουργὸν
1135 2802 1408 2870 ἀνυμνεῖν.
1441 2803 1606 2856 Οὐδὲν
1659 2803 1766 2874 γὰρ
1815 2808 2042 2877 ἀρίστης

364 2879 647 2944 πολιτείας
681 2883 792 2934 ἴσον
822 2883 1062 2949 γένοιτο,
1107 2883 1377 2953 ἀγαπητέ.
1429 2886 1529 2940 Διά
1577 2887 1734 2941 τοῦτο
1763 2889 1854 2942 καὶ
1875 2893 1902 2943 ὁ
1932 2890 2044 2943 Κύ-

367 2979 482 3030 ριος
529 2963 706 3032 ἐλεγε-
757 2964 1058 3033 Λαμψάτω
1111 2967 1178 3018 τὸ
1219 2965 1346 3036 φῶς
1373 2968 1540 3036 ὑμῶν
1565 2971 1905 3040 ἔμπροσθεν
1925 2973 2044 3029 τῶν

361 3043 711 3126 ἀνθρώπων,
759 3046 918 3111 ὅπως
963 3046 1173 3100 ἴδωσιν
1211 3048 1380 3118 ὑμῶν
1421 3051 1496 3105 τὰ
1557 3055 1716 3108 καλὰ
1745 3055 1908 3126 ἔργα,
1943 3059 2043 3111 καὶ

361 3124 672 3208 δοξάσωσι
697 3128 802 3181 τὸν
843 3129 1074 3196 Πατέρα
1103 3129 1270 3198 ὑμῶν
1324 3131 1434 3186 τὸν
1460 3134 1531 3186 ἐν
1579 3136 1704 3202 τοῖς
1741 3124 2038 3208 οὐρανοῖς.

359 3204 520 3272 Εἶδες
549 3210 666 3273 πῶς
705 3211 953 3282 καθάπερ
983 3213 1042 3266 τὸ
1067 3214 1181 3282 φῶς
1208 3214 1372 3283 φανὲν
1419 3217 1711 3272 ἀπελαύνει
1741 3204 2038 3288 τδ-σκότος,

359 3291 508 3346 οὕτω
538 3294 632 3347 καί
666 3297 698 3364 ἡ
719 3295 888 3366 ἁρετὴ
903 3296 1132 3365 ὀφθεῖσα
1154 3300 1248 3351 καὶ
1269 3298 1366 3370 τὴν
1391 3301 1588 3354 κακίαν
1619 3303 1927 3371 φυγαδεύει,
1947 3309 2042 3362 καὶ

357 3377 464 3446 τῆς
498 3377 707 3449 πλάνης
739 3379 800 3433 τὸ
823 3381 1012 3445 σκότος
1039 3381 1356 3435 ἀπελάσασα
1385 3384 1523 3454 πρὸς
1549 3385 1854 3456 δοξολογίαν
1905 3381 2043 3445 κινεῖ

357 3463 472 3514 τῶν
503 3463 756 3534 ὁρώντων
791 3464 890 3534 τὴν
935 3463 1210 3530 διάνοιαν;
1242 3465 1393 3519 Οῦτω
1446 3468 1622 3520 τοίνυν
1657 3471 2042 3546 σπουδάζωμεν

359 3545 522 3614 ἡμῶν
550 3545 788 3617 λάμπειν
816 3547 884 3599 τά
911 3546 1070 3618 ἔργα,
1109 3549 1184 3612 ὡς
1217 3549 1306 3602 τὸν
1329 3551 1591 3621 ἡμέτερον
1612 3551 1926 3618 δοξάζεσθαι
1944 3545 2042 3610 Δε-

361 3633 592 3701 σπάιην.
628 3630 812 3683 Ταῦτα
836 3631 891 3684 δὲ
920 3631 1106 3700 ἐλεγεν
1153 3635 1181 3685 ὁ
1215 3634 1476 3705 Χριστὸς,
1517 3638 1616 3705 οὐχ
1651 3637 1736 3690 ἵνα
1755 3639 1890 3711 πρὸς
1924 3643 2042 3695 ἐπί-

362 3713 534 3780 δειξίν
561 3733 614 3768 τι
643 3715 995 3786 πράττωμεψ
1033 3717 1108 3786 μὴ
1157 3717 1384 3786 γένοιτο”
1413 3719 1526 3772 ἀλλ’
1567 3721 1654 3774 ἵνα
1713 3723 1850 3793 μετὰ
1879 3725 2037 3798 ἀκρι-

359 3797 516 3862 ϐείας
543 3799 638 3852 καὶ
656 3799 798 3851 κατά
823 3798 882 3850 τὸ
908 3797 1057 3868 αὐτῷ
1075 3799 1264 3851 δοκοῦν
1289 3799 1693 3870 πολιτευόμενοι
1710 3805 1845 3877 μήτε
1873 3797 2036 3876 βλασ-

364 3881 552 3954 φημία
619 3883 726 3935 τινί
777 3881 962 3952 χώραν
995 3883 1345 3954 παρέχωμεν,
1401 3887 1493 3939 καὶ
1521 3887 1609 3940 διὰ
1637 3889 1737 3960 τῆς
1777 3891 1883 3944 τῶν
1903 3893 2040 3959 ἀγα-

268 4026 288 4044 .
361 3965 472 4018 θῶν
494 3967 674 4038 ἔργων
707 3966 962 4038 πράξεως
999 3969 1506 4040 παρασκευάζωμεν
1532 3973 1658 4035 τοὺς
1678 3973 1920 4046 ὁρῶντας
1955 3976 2040 4029 δο-

363 4049 546 4115 ξάζειν
571 4051 664 4103 τὸν
707 4051 816 4103 τῶν
845 4051 982 4104 ὅλων
1003 4051 1155 4104 Θεόν.
1183 4051 1316 4105 Τότε
1339 4053 1469 4125 γάρ,
1498 4057 1621 4108 τότε
1652 4059 1744 4110 καὶ
1773 4059 1872 4129 τὴν
1907 4059 2037 4129 παρ.

359 4133 524 4187 αὐτοῦ
563 4131 775 4186 εὔνοιάν
802 4131 1066 4204 μειζόνως
1097 4135 1536 4204 ἐπισπασάμεθα,
1573 4138 1666 4190 καὶ
1697 4137 1796 4210 τήν
1817 4140 2038 4196 κόλασιν

356 4219 645 4288 διαφυγεῖν
669 4217 1032 4288 δυνησόμεθα,
1055 4218 1150 4270 καὶ
1169 4217 1279 4271 τῶν
1305 4219 1633 4290 ἀπορρήτων
1655 4223 1876 4291 ἀγαθῶν
1914 4225 2038 4278 iam..-

356 4307 560 4374 τυχεῖν,
594 4303 776 4374 χάριτι
807 4303 901 4356 καὶ
934 4301 1314 4372 φιλανθρωπίᾳ
1340 4303 1432 4356 τοῦ
1461 4305 1664 4375 Κυρίου
1686 4307 2038 4378 ἡμῶνΊησοῦ

381 4387 512 4458 255]
551 4385 812 4458 Χριστοῦ,
875 4385 994 4455 μεθ’
1023 4379 1086 4438 οῦ
1119 4385 1198 4454 τῷ
1247 4384 1424 4454 Πατρὶ
1460 4385 1575 4456 ἅμα
1635 4389 1730 4442 καὶ
1767 4391 1846 4460 τῷ
1897 4392 2038 4461 ἁγίῳ

359 4471 643 4540 ιινεύματι
677 4469 822 4533 δόξα,
853 4469 1074 4540 κράτος,
1095 4469 1252 4538 τιμή,
1277 4467 1372 4520 νῦν
1407 4469 1502 4522 καὶ
1545 4471 1652 4535 ἀεὶ,
1681 4474 1776 4526 καὶ
1809 4475 1885 4538 εἰς
1909 4477 2038 4539 τοὺς

355 4555 560 4618 αἰῶνας
580 4553 691 4606 τῶν
713 4552 941 4606 αἰώνων.
983 4553 1174 4624 Ἀμήν.

959 4717 1204 4769 ΟΜΙΛΙΑ
1235 4717 1325 4771 ΚΖ
1342 4725 1354 4737 ⁸

357 4861 463 4916 Καὶ
487 4859 841 4926 ᾠκοδόμησε
876 4856 1004 4910 Νῶε
1055 4857 1492 4925 θυσιαστήριον
1541 4855 1622 4922 τῷ
1657 4861 1870 4928 Κυρίῳ,
1935 4865 2033 4918 καί

426 4947 646 5000 ἐλαϐεν
671 4942 790 4996 ἀπὸ
815 4941 1058 4994 πάντων
1085 4940 1204 4994 τῶν
1230 4941 1467 5008 κτηνῶν
1487 4941 1605 4996 τῶν
1629 4945 1921 5013 καθαρῶν,
1937 4949 2036 5004 και

425 5029 542 5086 ἀπὸ
563 5027 806 5081 πάντων
832 5023 949 5078 τῶν
971 5023 1257 5078 πετεινῶν
1273 5023 1566 5093 καθαρῶν,
1583 5027 1680 5080 καὶ
1705 5027 2036 5098 ἀνήνεγκεν

427 5110 855 5178 όλοκάρπωσιν
891 5109 980 5173 εἰς
999 5109 1084 5168 ,τὸ
1115 5107 1564 5176 θυσιαστήριον,

427 5225 496 5271 α’.
515 5217 700 5268 Εῖδετε
731 5215 856 5286 χθὲς
883 5212 980 5266 τοῦ
1015 5211 1393 5284 φιλανθρώπου
1423 5214 1693 5268 Δεσπότου
1722 5217 1820 5289 τὴν
1843 5219 2036 5286 ἀγαθά.

349 5319 514 5370 τητα,
549 5301 700 5362 ὅπως
717 5299 808 5352 τὸν
855 5297 1062 5350 δίκαιον
1089 5297 1356 5368 ἐξήγαγεν
1384 5300 1448 5349 ἐκ
1467 5299 1565 5368 τῆς
1602 5300 1856 5366 κιϐωτοῦ,
1893 5305 2035 5358 ἐλευ-

353 5388 606 5463 θερώσας
643 5387 737 5440 καὶ
765 5386 864 5454 τῆς
887 5387 1005 5437 ἐκεῖ
1025 5383 1325 5452 διαγωγῆς,
1351 5385 1444 5436 καὶ
1473 5385 1786 5452 ἀπαλλάξας
1811 5389 1904 5442 τοῦ
1930 5409 2030 5461 χα-

351 5473 522 5526 λεποῦ
557 5471 768 5524 ἐκείνου
790 5470 881 5521 καὶ
908 5467 1056 5532 ξένου
1084 5467 1477 5537 δεσμωτηρίου,
1511 5469 1722 5539 καὶτῆς
1755 5472 2032 5546 ὑπομονῆς

349 5561 504 5631 αὐτῷ
529 5561 626 5622 τὰς
646 5557 880 5627 ἀμοιϐὰς
917 5554 1252 5608 ἀποδέδωκεν
1301 5554 1490 5606 εἰπών·
1523 5555 1865 5620 Αὺξάνεσθε
1931 5564 2028 5616 καὶ

350 5645 762 5713 πληθύνεσθε.
793 5639 1070 5708 Μάθωμεν
1113 5639 1352 5708 σήμερον
1403 5635 1495 5689 τοῦ
1541 5639 1661 5691 Νῶε
1696 5639 1792 5711 τὴν
1824 5642 2030 5710 εὐγνω-

357 5729 620 5800 μοσύνην,
645 5727 738 5778 καὶ
769 5725 868 5792 τὴν
896 5723 1212 5792 εὐχάριστον
1233 5719 1429 5790 ψυχὴν,
1448 5719 1514 5770 δι’
1530 5715 1598 5792 ἦς
1617 5721 1778 5774 πάλιν
1811 5723 2030 5778 πλείονα

351 5815 446 5866 καὶ
473 5809 653 5878 πολλῷ
687 5807 908 5878 μείζονα
930 5803 1288 5870 ἐξεκαλέσατο
1307 5805 1397 5856 τοῦ
1419 5805 1554 5858 Θεοῦ
1583 5806 1682 5876 τὴν
1713 5807 1838 5878 περὶ
1867 5807 2028 5862 αὐτὸν

352 5895 586 5958 εὔνοιαν.
613 5891 724 5950 Καὶ
745 5892 852 5962 γὰρ
883 5889 1120 5953 τοιοῦτος
1150 5889 1177 5943 ὁ
1214 5887 1366 5952 Θεός·
1393 5887 1608 5946 ἐπειδὰν
1649 5887 1733 5958 ἴδῃ
1777 5890 1868 5946 ἐπί
1913 5893 2025 5954 τοῖς

1515 417 1582 473 ΙΝ
1615 416 1768 474 CAP.
1817 417 1928 472 VIII
1965 417 2203 474 GENES.
2239 419 2468 476 IIOMIL.
2511 419 2720 478 XXVII.

3722 426 3854 480 2L0-

2161 536 2428 604 φθάσασιν
2457 537 2803 610 εὐγνώμονας
2829 538 3244 610 γεγενημένους,
3277 539 3709 610 ἐπιδαψιλεὲεται
3727 543 3826 605 τάς

2160 621 2288 688 παρ’
2321 619 2513 673 ἐαυτοῦ
2535 621 2761 692 δωρεάς.
2780 621 3174 692 Σπουδάζωμεν
3203 621 3380 675 τοίνυν
3399 623 3490 675 καὶ
3516 625 3675 694 ἡμεῖς
3729 625 3826 694 τήν

2159 703 2300 756 κατά
2331 703 2558 774 δύναμιν
2583 705 2931 776 εὐχαριστίαν
2966 706 3258 776 ἀναφέρειν
3295 704 3370 776 τῷ
3401 707 3644 780 Δεσπότῃ
3685 706 3825 778 ὑπὲρ

2159 785 2266 838 τῶν
2292 786 2648 858 ὑπαρξάντων
2667 790 2795 858 ἡμῖν
2834 789 2964 860 παρ’
2984 789 3149 842 αὐτοῦ
3181 789 3420 856 ἀγαθῶν,
3450 789 3536 842 ἵνα
3575 791 3668 843 καὶ
3703 807 3823 860 μει-

2160 869 2327 933 ζόνων
2349 869 2690 940 άξιωθῶμεν,
2739 871 2832 924 καὶ
2886 872 3154 942 μηδέποτε
3188 873 3671 942 ἐπιλανθανώμεθα
3717 873 3826 925 τῶν

2158 951 2310 1022 παρὰ
2333 951 2425 1005 τοῦ
2451 951 2587 1006 Θεοῦ
2621 953 2950 1024 εὐεργεσιῶν
2975 955 3054 1016 είς
3083 956 3228 1026 ἡμᾶς
3255 955 3654 1026 γεγενημένων,
3689 954 3826 1008 ἀλλά

2157 1033 2245 1085 ἀεὶ
2273 1033 2446 1088 ταῦτα
2481 1033 2799 1104 στρέφωμεν
2825 1036 2917 1089 ἐπὶ
2931 1036 3032 1105 τῆς
3056 1037 3290 1100 διανοίας
3305 1038 3402 1107 τῆς
3425 1038 3720 1108 ἡμετέρας,
3741 1037 3825 1088 ἵνα

2159 1121 2264 1173 ὑπὸ
2295 1121 2396 1190 τῆς
2421 1123 2643 1193 μνήμης
2667 1122 3060 1192 συνωθούμενοι
3094 1123 3314 1196 διηνεκῆ
3351 1125 3448 1196 τὴν
3480 1123 3824 1194 εὐχαριστίαν

2159 1203 2459 1274 ποιώμεθα,
2499 1207 2548 1258 εἰ
2577 1205 2668 1258 καὶ
2695 1204 2949 1258 τοσαῦται
2973 1205 3032 1258 τὸ
3057 1205 3258 1276 πλῆθός
3286 1209 3440 1268 εἰσιν,
3474 1206 3548 1268 ώς
3581 1205 3712 1276 μηδὲ
3728 1206 3827 1275 ἀρ-

2158 1294 2275 1345 κεῖν
2311 1292 2402 1345 τὸν
2437 1293 2692 1362 λογισμὸν
2713 1293 2800 1346 τὸν
2827 1292 3095 1364 ἡμέτερον
3135 1292 3598 1364 ἐξαριθμήσασθαι
3625 1293 3722 1363 τὴν
3745 1293 3824 1357 εἰς

2159 1381 2304 1450 ἡμᾶς
2337 1379 2648 1450 φιλοτιμίαν
2680 1381 2844 1432 αὐτοῦ
2871 1381 3261 1449 γεγενημένην.
3299 1379 3363 1432 Τί
3391 1380 3497 1451 γὰρ
3537 1380 3600 1433 ἀν
3633 1397 3714 1442 τις
3745 1379 3826 1431 λο-

2157 1461 2368 1530 γίσαιτο
2398 1463 2464 1516 τὰ
2484 1464 2584 1534 ’ήδη
2614 1464 2692 1526 εἰς
2723 1465 2874 1533 ἡμᾶς
2919 1465 3278 1533 γεγενημένα,
3329 1462 3398 1516 τά
3421 1461 3838 1532 ἐπηγγελμένα,,

2156 1541 2224 1595 τὰ
2259 1544 2380 1596 καθ’
2412 1546 2648 1616 ἑκάστην
2672 1546 2882 1616 ἡμέραν
2911 1547 3190 1614 γινόμενα’
3219 1547 3299 1598 ὅτι
3330 1548 3393 1598 ἐκ
3439 1544 3534 1598 τοῦ
3568 1545 3641 1615 μὴ
3674 1545 3836 1609 ὄντος,

2157 1627 2237 1688 εἰς
2255 1627 2314 1678 τὸ
2336 1622 2472 1679 εἷναι
2499 1629 2837 1698 παρήγαγεν,
2869 1629 2948 1681 ὅτι
2973 1629 3066 1680 καί
3101 1628 3258 1699 σῶμα
3311 1629 3406 1681 καί
3439 1629 3614 1698 ψυχὴν
3648 1631 3828 1700 ἐχαρίιι

2159 1711 2413 1774 σατο,δτι
2441 1711 2688 1779 λογικοὺς
2742 1713 2890 1781 ἡμᾶς
2937 1711 3389 1782 ἐδημιούργησεν,
3436 1713 3518 1766 δτι
3572 1712 3660 1764 τὸν
3686 1713 3824 1784 ἀέρα

2155 1791 2344 1844 τοῦτον
2377 1793 2634 1845 ἀναπνεῖν
2681 1793 2994 1864 ἐχαρίσατο,
3027 1795 3110 1846 ὅτι
3147 1795 3244 1863 τὴν
3279 1794 3456 1846 κτίσιν
3491 1795 3706 1848 ἃπασαν
3738 1795 3826 1848 διά

2154 1875 2253 1946 τὴν
2279 1875 2624 1947 ἀνθρωπίνην
2677 1877 2838 1946 φύσιν
2865 1878 3208 1947 παρήγαγεν,
3232 1877 3313 1930 ὅτι
3345 1876 3506 1939 αὐτὸς
3549 1876 3646 1946 μὲν
3670 1877 3826 1929 ἐϐουο

2155 1957 2291 2030 λήθη
2314 1961 2376 2012 ἐκ
2402 1961 2704 2032 προοιμίων
2719 1963 2817 2030 τῆς
2831 1960 2926 2014 τοῦ
2956 1963 3280 2030 παραδείσου
3299 1962 3506 2032 διαίτης
3533 1959 3824 2014 ἀπολαύειν

2153 2041 2244 2094 τὸν
2277 2042 2580 2114 ἄνθρωπον,
2633 2043 2728 2096 καὶ
2784 2043 3051 2098 ἀνώδυνον
3093 2045 3204 2114 βίον
3250 2045 3413 2115 ἔχειν,
3471 2046 3562 2098 καὶ
3622 2042 3821 2114 μόχθου

2154 2129 2354 2192 παντὸς
2387 2129 2825 2201 ἀπηλλαγμένον,
2865 2131 2958 2184 καὶ
2982 2131 3148 2202 μηδὲν
3171 2131 3390 2186 ἔλαττον
3419 2131 3562 2202 ἐχειν
3589 2131 3696 2186 τῶν
3725 2133 3824 2203 ἀγ-

2153 2211 2326 2280 γέλων
2347 2215 2438 2266 καί¹
2465 2213 2572 2266 τῶν
2603 2215 2912 2284 ἀσωμάτων
2951 2217 3174 2270 ἐκείνων
3225 2216 3502 2288 δυνάμεων
3525 2219 3582 2269 ἐν
3613 2217 3824 2288 σώματι

2151 2297 2507 2366 τυγχάνοντα,
2543 2297 2680 2350 ἀλλά
2716 2299 2810 2350 καὶ
2847 2298 3114 2370 ἀνώτερον
3169 2296 3306 2352 εἶναι
3334 2299 3440 2352 τῶν
3499 2300 3826 2370 σωματικῶν

2151 2380 2404 2447 ἀναγκῶν
2429 2398 2443 2446 ;
2479 2375 2610 2432 Εἶτα
2639 2381 2826 2451 ἐπειδὴ
2854 2381 2942 2434 διά
2965 2383 3239 2454 ρᾳθυμίαν
3263 2381 3478 2452 ὑπήχθη
3525 2383 3588 2452 τῇ
3639 2383 3828 2454 ἀπάτῃ

2141 2457 2244 2532 ,τοῦ
2273 2458 2516 2512 διαϐόλου
2547 2462 2612 2530 τῇ
2639 2458 2728 2512 διά
2759 2460 2852 2513 τοῦ
2897 2461 3074 2530 ὄφεως
3108 2462 3497 2536 προσαχθείσῃ,
3525 2461 3644 2514 οὐδέ
3681 2459 3834 2514 οὕτω.

2150 2541 2354 2596 διέλιπε
2388 2543 2479 2596 τὸν
2500 2543 2878 2614 ἡμαρτηκότα,
2913 2544 3003 2598 τὸν
3040 2545 3463 2616 παραϐεϐηκότα
3497 2545 3822 2617 εὐεργετῶν,

2135 2631 2287 2696 ¹άλλά
2310 2631 2404 2684 καί¹
2432 2630 2496 2683 δι’
2516 2623 2590 2683 ὧν
2620 2632 3020 2702 ἐτιμωρήσατο,
3081 2633 3333 2703 καθάπερ
3388 2633 3482 2686 καὶ
3529 2632 3655 2702 χθὲς
3705 2631 3822 2684 ἐλέ-

2149 2735 2336 2789 γομεν,
2388 2719 2486 2790 τῆς
2521 2718 2730 2782 οίκείας
2781 2718 3190 2790 φιλανθρωπίας
3219 2719 3315 2790 τήν
3376 2718 3677 2789 ὑπερϐολὴν
3727 2719 3822 2770 ἐπ-

2149 2806 2407 2872 εδείξατο,
2454 2807 2550 2860 καὶ
2583 2805 2752 2860 πολλά
2786 2807 2950 2877 ἕτερα
2981 2807 3074 2860 καὶ
3100 2805 3445 2878 ἀναρίθμητα
3490 2805 3824 2876 εὐεργεσιῶν

2151 2896 2269 2966 εἴδη
2296 2897 2376 2958 εἰς
2404 2894 2566 2949 αὐτὸν
2599 2895 2878 2949 κατέθετο.
2916 2895 3025 2948 Καὶ
3077 2894 3260 2948 λοιπὸν
3290 2895 3384 2948 τοῦ
3441 2894 3632 2966 χρόνου
3685 2910 3821 2965 προ-

2149 2983 2352 3047 ἰόντος,
2396 2983 2492 3036 καὶ¹
2537 2981 2631 3036 τοῦ
2685 2983 2873 3052 γένους
2895 2983 3256 3053 αὐξανομένου
3287 3021 3303 3046 ,
3357 2981 3449 3036 καὶ
3495 2983 3574 3044 είς
3621 2983 3820 3035 κακίαν

2149 3069 2555 3133 ἀποκλίνοντος,
2609 3069 2794 3140 ἐπειδὴ
2836 3069 2982 3141 ἐώρα
3012 3071 3206 3124 ἀνίατα
3248 3069 3514 3140 γινόμενα,
3550 3065 3620 3122 τὰ
3647 3068 3818 3139 τραύ-

2153 3175 2318 3229 ματα,
2341 3157 2592 3229 καθάπερ
2627 3156 2805 3230 ζύμην
2852 3156 2974 3210 τινὰ
3021 3155 3283 3228 πονηρὰν,
3319 3157 3446 3220 τοὺς
3485 3156 3581 3226 τῆς
3619 3157 3817 3221 κακίας

2149 3248 2385 3317 ἐργάτας
2405 3246 2668 3314 ἠφάνισε,
2759 3244 3076 3298 καταλιπὼν
3150 3245 3252 3298 τὸν,
3311 3245 3516 3298 δίκαιον
3591 3245 3826 3310 τοῦτον,

2151 3335 2306 3403 ῥίζαν
2340 3333 2435 3386 καὶ
2477 3333 2648 3404 ἀρχὴν
2682 3333 2934 3403 γενέσθαι
2974 3333 3065 3386 τοῦ
3108 3332 3216 3386 τῶν
3261 3332 3561 3404 ἀνθρώπων
3603 3332 3814 3400 γένους.

2147 3421 2257 3475 Καὶ
2301 3421 2460 3474 πάλιν
2493 3421 2686 3474 σκόπει
2735 3420 2906 3490 πόσην
2943 3421 3072 3491 περί
3111 3421 3272 3473 αὐτὸν
3319 3420 3681 3478 ἐπιδείκνυται
3715 3421 3815 3492 τὴν

2149 3509 2476 3579 φιλοτιμίαν.
2512 3507 2644 3560 Ἀπὸ
2665 3507 2758 3560 τοῦ
2779 3507 2986 3561 δικαίου
3009 3507 3198 3560 τούτου
3223 3508 3316 3560 καὶ
3343 3507 3451 3568 τῶν
3471 3507 3658 3569 τούτου
3681 3507 3836 3560 υἱῶν-

2149 3597 2366 3649 ἀπασαν
2413 3597 2513 3666 τὴν
2545 3595 2653 3648 τῶν
2698 3593 3002 3667 ἀνθρώπων
3044 3595 3205 3662 φύσιν
3229 3597 3323 3659 εἰς
3370 3594 3621 3648 τοσοῦτον
3664 3594 3813 3667 [256]

2147 3684 2350 3756 πλῆθος
2395 3684 2688 3737 ἐπιδιδόναι
2721 3683 3119 3754 παρεσκεύασε,
3151 3684 3246 3736 καὶ
3287 3685 3430 3738 κατά
3461 3685 3655 3754 μικρὸν
3687 3684 3818 3748 τοὺς

2145 3771 2382 3835 δικαίους
2417 3770 2795 3841 ἐκλεξάμενος,
2827 3773 2952 3833 τοὺς
2984 3773 3330 3843 πατριάρχας
3360 3772 3522 3838 λέγω,
3561 3771 3818 3825 διδασκά-

2146 3858 2270 3922 λους
2304 3859 2572 3930 ἐπέστησε
2613 3859 2690 3930 τῷ
2717 3858 2890 3929 λοιπῷ
2924 3859 3033 3912 τῶν
3062 3857 3364 3930 ἀνθρώπων
3393 3859 3562 3928 γένει,
3597 3858 3684 3912 διὰ
3718 3859 3818 3929 τῆς

2145 3948 2349 4010 οἰκείας
2398 3947 2600 4020 ἀρετῆς
2653 3947 2897 4010 ἅπαντας
2959 3949 3247 4016 ἐναγαγεῖν
3305 3946 3658 4018 δυναμένους,
3717 3948 3814 4000 καὶ

2147 4034 2398 4106 καθάπερ
2435 4035 2673 4106 ἰατροὺς,
2693 4036 2821 4096 τοὺς
2851 4035 3210 4106 νενοσηκότας
3241 4033 3563 4106 θεραπεύειν
3583 4033 3818 4104 δυναμέ-

2146 4141 2287 4186 νους.
2319 4123 2456 4176 Ποτέ
2488 4123 2586 4193 μέν
2623 4123 2702 4186 εἰς
2735 4123 2834 4193 τὴν
2867 4121 3249 4192 Παλαιστίνην,
3283 4123 3414 4178 ποτέ
3448 4123 3504 4176 δὲ
3539 4123 3616 4186 εἰς
3649 4123 3816 4190 Αἰγυ-

2145 4229 2277 4265 πτον
2311 4212 2556 4280 κατάγει,
2592 4209 2728 4280 ὁμοῦ
2755 4211 2849 4264 καὶ
2873 4209 2982 4263 τῶν
3021 4208 3186 4264 αὐτοῦ
3218 4209 3418 4264 δούλων
3457 4209 3816 4282 ἐγγυμνάζων

2144 4300 2242 4369 τήν
2273 4299 2568 4370 ὑπομονὴν,
2607 4299 2700 4352 καὶ
2723 4297 2819 4368 τήν
2847 4298 3052 4351 οἰκείαν
3090 4297 3320 4368 δύναμιν
3354 4299 3828 4370 περιφανεστέραν.

2144 4384 2354 4450 δεικνύς
2378 4403 2390 4416 ·
2429 4383 2520 4438 καὶ¹
2571 4383 2834 4454 διηνεκῶς
2885 4383 3030 4438 οὕτω
3072 4383 3337 4438 διετέλεσε
3385 4385 3684 4456 φροντίζων
3714 4385 3813 4455 τῆς

2143 4472 2252 4526 τῶν
2306 4470 2606 4538 ἀνθρώπων
2656 4471 2948 4541 σωτηρίας,
2995 4473 3278 4542 προφήτας
3327 4473 3661 4535 ἀναδεικνὺς,
3720 4472 3814 4524 καὶ

2145 4561 2346 4630 σημεῖα
2370 4559 2463 4612 καὶ
2491 4555 2744 4627 θαύματα
2769 4557 2834 4609 δι’
2855 4557 3034 4612 αὐτῶν
3054 4559 3414 4614 ἐπιτελεῖσθαι
3446 4561 3627 4614 ποιῶν.
3659 4557 3808 4626 Εἶτα,

2143 4649 2231 4701 ἵνα
2259 4643 2538 4716 συντεμὼν
2569 4645 2708 4698 εἴπω
2733 4660 2746 4672 ·
2779 4646 3030 4718 καθάπερ
3057 4647 3165 4719 γὰρ
3197 4647 3296 4717 τῆς
3328 4647 3598 4718 θαλάττης
3625 4649 3694 4700 τά
3723 4649 3815 4702 κύ⁴

2145 4751 2312 4804 ματα,
2343 4733 2446 4787 κᾶν
2477 4733 2736 4804 μυριάκις
2774 4733 3108 4805 βιασώμεθα,
3141 4736 3241 4788 οὐκ
3273 4735 3338 4789 ἀν
3365 4753 3495 4788 ποτε
3527 4735 3812 4806 δυνηθείη-

2145 4841 2244 4892 μεν
2270 4819 2702 4892 ἐξαριθμεῖσθαι,
2739 4822 2910 4885 οὓτως
2945 4823 3064 4878 οὐδέ
3090 4822 3150 4875 τὸ
3192 4821 3433 4876 ποικίλον
3458 4823 3564 4876 τῶν
3591 4825 3812 4894 εὐεργεο

2144 4910 2274 4962 σιῶν
2301 4908 2394 4962 τοῦ
2422 4907 2581 4974 Θεοῦ,
2604 4901 2677 4960 ὧν
2706 4911 2832 4980 περὶ
2865 4909 2960 4980 τήν
2990 4910 3258 4980 ἡμετέραν
3283 4911 3444 4980 φύσιν
3476 4911 3808 4976 ἐπεδείξατο.

2142 4996 2214 5049 Τὸ
2241 4996 2298 5050 δέ
2328 4995 2653 5060 τελευταῖον,
2701 4995 2888 5065 ἐπειδὴ
2922 4993 3029 5049 εἶδε
3075 4997 3212 5066 μετά
3259 4997 3524 5068 τοσαύτην
3555 4999 3824 5069 πρόνοιαν.

2141 5083 2221 5137 ἔτι
2249 5082 2452 5154 πολλῆς
2485 5083 2578 5136 καὶ
2611 5084 2816 5151 ἀφάτου
2845 5083 3252 5154 φιλανθρωπίας
3279 5085 3540 5156 δεομένην
3571 5087 3668 5157 τὴν
3701 5087 3828 5144 τῶν.

2140 5171 2442 5242 ἀνθρώπων
2475 5169 2656 5236 φύσιν,
2687 5171 2777 5222 καὶ
2809 5169 2959 5224 οὐδὲν
2997 5170 3157 5226 πλέον
3200 5171 3544 5242 ἰσχύσαντας,
3579 5174 3638 5226 οὐ
3681 5175 3809 5237 τοὺς

2141 5259 2504 5330 πατριάρχας,
2549 5257 2608 5310 οὐ
2639 5257 2762 5320 τοὺς
2803 5258 3105 5328 προφήτας,
3139 5259 3200 5312 οὐ
3233 5259 3303 5313 τὰ
3345 5259 3596 5331 θαύματα
3627 5264 3822 5316 ἐκεῖνα.

2138 5346 2207 5399 τά
2239 5345 2534 5416 παράδοξα,
2585 5345 2646 5397 οὐ
2685 5343 2784 5408 τάς
2820 5343 3088 5415 τιμωρίας
3131 5348 3225 5400 καὶ
3261 5347 3360 5411 τὰς
3399 5348 3676 5412 νουθεσίας
3708 5349 3808 5414 τὰς

2139 5433 2260 5486 καθ’
2283 5432 2510 5486 ἕκαστον
2537 5431 2902 5501 ἐπαγομένας,
2933 5432 3028 5485 καί¹
3053 5435 3151 5496 τὰς
3193 5435 3566 5505 αἰχμαλωσίας
3592 5437 3806 5500 ἐκείνας

2137 5521 2236 5585 τάς
2265 5519 2618 5592 ἐπαλλήλους,
2643 5518 2833 5588 ὥσπερ
2851 5519 3123 5592 οἰκτείρας
3154 5522 3214 5575 τὸ
3242 5523 3396 5591 γένος
3427 5523 3488 5576 τὸ
3516 5525 3804 5596 ἡμέτερον,

2137 5609 2246 5660 τῶν
2274 5607 2463 5678 ψυχῶν
2505 5609 2598 5660 καὶ
2641 5607 2749 5660 τῶν
2780 5607 3046 5678 σωμάτων
3092 5608 3292 5680 ἰατρὸν,
3331 5609 3422 5663 τὸν
3461 5611 3590 5664 Υἱὸν
3639 5612 3820 5665 αὐτοῦ.

2136 5696 2228 5748 τὸν
2269 5693 2532 5766 μονογενῆ
2584 5695 2649 5748 ἐκ
2693 5694 2799 5748 τῶν
2841 5695 3056 5748 κόλπων
3101 5695 3431 5765 ἀναστήσας,
3485 5696 3557 5760 ώς
3606 5699 3800 5760 εἰπεῖν.

2135 5781 2244 5835 τῶν
2271 5781 2570 5852 πατρικῶν,
2595 5781 2780 5835 δούλου
2806 5783 3019 5852 μορφὴν
3041 5783 3372 5838 ἀναλαϐόντα
3393 5787 3802 5854 παρεσκεύασεν

2138 5873 2202 5925 ἐκ
2229 5867 2498 5942 παρθένου
2535 5869 2806 5944 τεχθῆναι,
2841 5870 2930 5923 καὶ
2967 5866 3064 5922 σὺν
3098 5869 3226 5944 ήμῖν
3251 5869 3682 5946 ἀναστραφῆναι,
3705 5873 3800 5932 καὶ
