4062 6396
329 371 429 428 241

331 487 507 540 πάντα
551 486 837 558 ὑπομεῖναι
865 486 934 541 τά
963 487 1224 562 ἡμέτερα,
1259 487 1348 542 ῖνα
1379 489 1479 558 την
1526 490 1802 560 ἡμετέραν
1833 490 1993 558 φύσιν

328 573 480 626 κάτω
512 589 614 627 που
645 573 901 643 κειμένην
927 573 1030 626 ὑπὸ
1057 573 1148 626 τοῦ
1177 573 1284 627 τῶν
1317 576 1728 646 ἁμαρτημάτων
1760 576 1995 647 πλήθους

326 662 622 729 ἀναγαγεῖν
663 660 860 732 δυνηθῇ
911 661 1017 715 ἀπὸ
1050 662 1147 733 τῆς
1195 663 1299 733 γῆς
1346 667 1425 727 είς
1460 665 1550 718 τὸν
1595 666 1843 736 οὐρανόν.
1885 665 1994 718 Καὶ

326 748 485 801 τοῦτο
511 749 939 819 ἐκπληττόμενος
968 752 996 803 6
1021 750 1121 821 τῆς
1145 750 1372 823 βροντῆς
1397 753 1530 816 υἱὸς,
1553 754 1647 807 καὶ
1675 754 1871 808 ἐννοῶν
1894 755 1994 825 τῆς

326 836 548 905 ἀγάπης
575 834 668 888 τοῦ
694 834 826 888 Θεοῦ
849 836 947 906 τὴν
979 837 1300 908 ὑπερϐολὴν,
1323 841 1389 908 ἢν
1417 841 1543 910 περὶ
1561 840 1622 894 τὸ
1651 840 1758 893 τῶν
1784 840 1992 912 ἀνθρώ-

326 939 442 974 πων
469 922 624 990 γένος
645 922 973 987 ἐπεδείξατο,
996 925 1126 980 ἐϐόα
1156 928 1248 980 καὶ
1273 927 1455 995 ἔλεγεν
1475 945 1488 958 ο
1527 928 1688 981 Οὕτω
1717 927 1825 998 γὰρ
1849 929 1994 998 ἠγά-

325 1025 524 1075 πησεν
544 1013 576 1063 ό
605 1010 748 1076 Θεὸς
767 1011 874 1064 τὸν
897 1014 1145 1082 κόσμον.
1175 1015 1314 1085 Ὅρα
1343 1016 1506 1068 πόσου
1537 1015 1810 1086 θαύματος
1833 1017 1991 1086 γέμει

324 1097 358 1164 ἡ
388 1097 530 1161 λέξις
551 1113 566 1128 ⁸
602 1098 783 1163 Οὕτω,
818 1101 968 1169 φησὶ,
997 1101 1058 1153 τὸ
1084 1101 1312 1171 μέγεθος
1347 1103 1818 1172 ἀναλογιζόμενος,
1857 1104 1991 1174 ὅπερ

323 1182 558 1252 ήμελλεν
589 1185 730 1254 ἐρεῖν
753 1203 766 1216 ο
800 1186 888 1240 διὰ
911 1185 1068 1240 τοῦτο
1092 1187 1263 1252 οὑτως
1291 1190 1511 1261 ἤρξατο.
1557 1192 1688 1243 Εἰπὲ
1716 1187 1807 1244 οὐν
1838 1193 1987 1261 ἡμῖν,

323 1264 367 1322 ῶ
398 1273 631 1342 μακάριε
674 1273 886 1345 Ἰωάννη
910 1292 923 1304 ο
959 1277 1142 1339 Οὕτω,
1178 1277 1330 1342 πῶς;
1373 1279 1492 1331 εἰπὲ
1532 1279 1592 1333 τὸ
1620 1279 1836 1351 μέτρον,
1869 1280 1988 1333 είπέ

321 1359 382 1410 τὸ
432 1359 678 1428 μέγεθος,
725 1361 930 1426 δίδαξον
976 1365 1121 1433 ἡμᾶς
1166 1365 1265 1434 τὴν
1295 1365 1621 1437 ὑπερϐολήν.
1659 1367 1825 1421 Οὕτω
1878 1367 1988 1438 γὰρ

321 1445 638 1514 ἠγάπησεν
662 1450 695 1502 ὁ
725 1448 868 1514 Θεὸς
900 1451 1006 1503 τὸν
1039 1452 1288 1520 κόσμον,
1320 1451 1475 1506 ὥστε
1497 1452 1602 1506 τὸν
1636 1456 1773 1508 Υίόν
1800 1456 1987 1510 αὐτοῦ

321 1533 429 1584 τὸν
448 1535 748 1604 μονογενῆ
779 1535 1055 1604 δέδωκεν,
1090 1540 1190 1593 ἵνα
1229 1538 1349 1605 πᾶς
1377 1543 1409 1594 ό
1438 1543 1738 1596 πιστεύων
1764 1546 1849 1609 εὶς
1877 1545 1985 1597 αὺ-

320 1618 427 1672 τὸν
449 1621 536 1689 μὴ
566 1623 880 1690 ἀπόληται,
911 1624 1051 1679 ἀλλ’
1081 1625 1194 1695 ἔχῃ
1231 1625 1384 1694 ζωὴν
1417 1627 1674 1683 αίώνιον.
1764 1633 1769 1645 “

394 1704 547 1771 Εἶδες
565 1709 662 1780 τὴν
689 1712 866 1764 αἰτίαν
897 1715 995 1783 τῆς
1022 1713 1118 1766 τοῦ
1153 1714 1285 1767 Υίοῦ
1332 1717 1632 1785 παρουσίας
1662 1718 1866 1789 ταύτην
1892 1716 1985 1772 οὐ·

323 1812 441 1859 σαν,
474 1797 613 1849 ῶστε
650 1800 774 1862 τούς
817 1799 1108 1870 μέλλοντας
1156 1803 1485 1857 ἀπόλλυσθαι
1517 1806 1787 1877 σωτηρίας
1817 1808 1986 1876 ἀφορ-

323 1883 430 1952 μὴν
457 1884 632 1954 εὑρεῖν
676 1884 765 1938 διὰ
785 1887 886 1956 τῆς
913 1890 992 1952 εἰς
1023 1890 1187 1942 αὐτὸν
1219 1890 1484 1959 πίστεως;
1527 1893 1592 1946 Τί
1621 1894 1686 1947 ἄν
1713 1911 1798 1957 τις
1840 1894 1985 1962 λογί-

323 1987 476 2024 σαιτο
524 1974 604 2035 εἰς
655 1972 861 2028 ἔννοιαν
909 1975 1079 2030 ἐλθὼν
1129 1978 1229 2047 τῆς
1273 1978 1580 2050 φιλοτιμίας
1622 1982 1836 2052 ἐκείνης
1886 1983 1986 2052 τῆς

322 2057 565 2129 μεγάλης
595 2059 690 2113 καὶ
729 2060 1066 2132 θαυμαστῆς,
1101 2065 1194 2117 καί¹
1224 2065 1402 2118 πάντα
1440 2067 1675 2138 νικώσης
1708 2067 1885 2135 λόγον,
1917 2069 1985 2140 ἣν

319 2149 608 2218 ἐχαρίσατο
642 2153 707 2222 τῇ
738 2151 895 2221 φύσει
927 2155 995 2225 τᾷ
1032 2155 1273 2226 ἡμετέρᾳ
1300 2155 1386 2210 διὰ
1419 2157 1514 2227 τῆς
1553 2157 1644 2210 τοῦ
1672 2158 1984 2229 βαπτίσμα-

316 2252 410 2298 τος
450 2236 686 2308 δωρεᾶς,
745 2242 959 2296 πάντων
1008 2244 1140 2314 ἡμῖν
1185 2243 1294 2297 τῶν
1347 2244 1830 2318 πλημμελημάτων
1884 2249 1984 2320 τὴν

317 2323 638 2396 ἀπαλλαγὴν
658 2326 1036 2400 δωρησάμενος
1058 2349 1072 2397 ;
1109 2331 1268 2385 Ἀλλά
1288 2332 1340 2386 τί
1367 2333 1534 2394 εῖπω;
1560 2334 1697 2388 Οὔτε
1721 2337 1754 2406 ὴ
1776 2336 1982 2389 διάνοια

318 2411 556 2484 ἐξαρκεῖ,
584 2415 704 2468 οὐδὲ
725 2417 754 2467 6
776 2417 930 2484 λόγος
951 2418 1186 2489 ἐξισχύει
1217 2420 1285 2474 τά
1308 2419 1470 2474 λοιπά
1491 2421 1976 2494 ἐξαριθμήσασθαι.

318 2499 457 2552 Ὅσα
489 2501 596 2572 γὰρ
624 2502 689 2556 ἂν
715 2503 871 2569 εῖπω,
903 2505 1137 2560 τοσαῦτά
1165 2509 1279 2560 ἐστι
1312 2507 1380 2561 τὰ
1410 2508 1679 2573 λείποντα,
1714 2510 1790 2573 ὡς
1827 2515 1982 2583 νικᾷν

223 2663 229 2670 .
316 2587 423 2638 τῶν
449 2589 548 2659 ήδη
584 2590 853 2661 ῥηθέντων
883 2593 980 2664 τὴν
1010 2595 1333 2668 ὑπερϐολήν.
1370 2597 1435 2650 Τί
1461 2593 1554 2652 οὖν
1595 2600 1660 2654 ἄν
1687 2617 1769 2664 τις
1794 2602 1982 2672 ἐννοή-

318 2691 429 2727 σειε
462 2677 557 2748 τῆς
594 2681 879 2747 μετανοίας
909 2681 1007 2752 τὴν
1034 2683 1170 2745 ὁδὸν,
1202 2685 1268 2754 ἢν
1297 2685 1587 2756 ἐχαρίσατο
1611 2687 1700 2740 διὰ
1722 2688 1818 2760 τὴν
1844 2690 1982 2758 ἄφα-

314 2778 406 2814 τον
439 2766 603 2818 αὐτοῦ
655 2769 1061 2840 φιλανθρωπίαν
1101 2772 1178 2842 τῷ
1217 2775 1468 2848 ἡμετέρῳ
1510 2776 1676 2844 γένει,
1708 2779 1801 2831 καὶ
1845 2781 1981 2848 μετά

315 2850 414 2920 τὴν
434 2851 532 2935 τοῦ
553 2853 923 2925 βαπτίσματος
939 2857 1146 2929 δωρεὰν
1165 2860 1262 2923 τὰς
1286 2862 1504 2927 ἐντολὰς
1523 2863 1620 2926 τὰς
1641 2863 1976 2935 θαυμαστὰς,

315 2936 382 2988 δι’
425 2931 519 3006 ὧν,
572 2943 620 2994 εἰ
662 2941 1071 3016 βουληθείημεν,
1105 2947 1443 3020 δυνησόμεθα
1489 2950 1588 3022 τὴν
1637 2931 1767 3025 παρ’
1811 2931 1976 3011 αὐτοῦ

319 3025 491 3097 ῥοπὴν
521 3029 930 3086 ἐπισπάσασθαι
947 3051 960 3098 ;

388 3112 453 3183 β’.
485 3113 635 3188 [257]
661 3115 832 3182 Εἶδες,
863 3121 1128 3191 ἀγαπητέ,
1171 3122 1404 3178 ἄϐυσσον
1444 3127 1807 3197 εὐεργεσιῶν;
1844 3127 1982 3194 εἶδες

315 3199 488 3260 πόσας
514 3203 1047 3276 ἀπαριθμησάμενοι,
1089 3208 1297 3262 οὐδέπω
1334 3212 1454 3265 οὐδέ
1498 3213 1560 3265 τὸ
1589 3214 1877 3270 πολλοστὸν
1906 3221 1982 3271 εί-

316 3290 438 3340 πεῖν
458 3289 830 3362 ὴδυνήθημεν;
859 3293 981 3357 Πῶς
997 3295 1104 3367 γὰρ
1125 3296 1434 3370 ἀνθρωπίνη
1458 3299 1672 3368 γλῶττα
1695 3303 1980 3370 δυνήσεται

313 3377 382 3427 τά
413 3377 560 3447 παρά
587 3378 678 3430 τοῦ
710 3379 844 3433 Θεοῦ
875 3383 953 3444 είς
996 3385 1144 3453 ἡμᾶς
1173 3387 1511 3456 γεγενημένα
1539 3388 1680 3460 λόγῳ
1713 3392 1935 3446 διελθεῖν
1964 3411 1978 3457 ;

315 3463 534 3516 Τούτων
576 3466 756 3519 τοίνυν
786 3469 1052 3522 τοσούτων
1101 3473 1192 3524 καὶ
1226 3472 1557 3542 τηλικούτων
1595 3477 1785 3543 ὄντων,
1821 3481 1980 3535 πάλιν

315 3549 494 3620 πολλῷ
524 3552 743 3621 μείζους
786 3555 878 3606 καὶ
917 3557 1350 3628 ἀπορρητὸτεραί
1379 3563 1516 3615 είσιν
1559 3565 1616 3616 αἱ
1649 3566 1977 3638 εὐεργεσίαι,

314 3637 382 3700 ἀς
408 3641 545 3707 μετὰ
574 3643 673 3710 τὴν
699 3642 946 3696 ἐντεῦθεν
979 3646 1308 3714 μετάστασιν
1343 3651 1400 3701 ἐν
1428 3649 1506 3720 τῷ
1539 3637 1782 3722 μέλλοντι
1824 3659 1978 3709 αἰῶνι

317 3731 680 3800 ἐπηγγείλατο
720 3735 830 3796 τοῖς
859 3731 956 3804 τὴν
992 3734 1109 3787 ὁδὸν
1146 3737 1245 3806 τῆς
1291 3739 1492 3809 ἀρετῆς
1524 3740 1821 3810 βαδίζουσι.
1872 3748 1980 3800 Καὶ

317 3814 403 3866 ἴνα
441 3815 505 3866 δι’
535 3815 729 3884 ὀλίγων
773 3820 1029 3888 ῥημάτων
1057 3819 1150 3871 τοῦ
1185 3821 1448 3891 μεγέθους
1474 3825 1652 3878 αὐτῶν
1675 3828 1773 3899 τὴν
1815 3831 1980 3901 ὑπερ-

315 3901 476 3973 ϐολὴν
533 3905 666 3974 ἡμῖν
721 3907 1065 3980 παραστήσῃ,
1122 3909 1286 3977 φησὶν
1334 3910 1363 3960 6
1419 3912 1688 3983 μακάριος
1739 3917 1975 3981 Παῦλος·

321 3992 389 4042 ’Ἀ
429 3991 733 4059 ὀφθαλμὸς
753 3993 862 4045 οὐκ
883 3989 1020 4057 εἶδε,
1057 3997 1151 4046 καὶ
1185 3991 1295 4060 οὖς
1326 3999 1436 4050 οὐκ
1465 3997 1712 4066 ἢκουσε,
1748 4004 1844 4056 καὶ
1879 4005 1978 4058 ἐπὶ

315 4076 566 4143 καρδίαν
593 4077 904 4146 ἀνθρώπου
941 4082 1050 4133 οὐκ
1075 4082 1280 4150 ἀνέϐη,
1321 4082 1359 4136 ἀ
1388 4086 1717 4154 ἡτοίμασεν
1755 4093 1787 4142 ό
1835 4092 1980 4157 Θεὸς

313 4164 441 4230 τοῖς
466 4165 779 4234 ἀγαπῶσιν
805 4169 1008 4222 αὐτόν.
1048 4165 1202 4232 Εἶδες
1227 4171 1442 4242 δωρεῶν
1471 4173 1807 4246 ὑπερϐολήν;
1842 4174 1980 4242 εἶδες

314 4253 496 4304 πᾶσαν
544 4251 750 4305 ἔννοιαν
799 4255 1144 4325 ἀνθρωπίνην
1192 4258 1621 4329 ὑπερϐαινούσας
1670 4263 1836 4317 αὐτοῦ
1880 4266 1978 4330 τὰς

314 4339 631 4408 εὐεργεσίας
650 4357 662 4370 ·
709 4340 839 4393 Ἐπὶ
873 4341 1124 4408 καρδίαν
1150 4344 1475 4415 γάρ,φησὶν,
1523 4348 1836 4416 ἀνθρώπου
1866 4356 1978 4409 οὐκ

313 4424 518 4493 ἀνέϐη.
566 4425 689 4479 Ἐὰν
717 4426 893 4479 τοίνυν
940 4427 1258 4498 βουλώμεθα
1293 4432 1498 4496 ταύτας
1545 4435 1975 4505 ἀναλογίζεσθαι,

315 4517 409 4567 καὶ
438 4514 534 4585 τὴν
564 4514 704 4568 κατὰ
749 4515 977 4586 δύναμιν
1009 4516 1106 4587 τὴν
1133 4518 1406 4589 ἡμετέραν
1446 4522 1792 4594 εὐχαριστίαν
1818 4529 1978 4598 ποιῆ-

317 4620 426 4665 σαι,
453 4603 792 4674 δυνησόμεθα
833 4605 930 4675 τὴν
964 4604 1127 4658 αὐτοῦ
1166 4605 1376 4661 εὔνοιαν
1409 4609 1501 4662 ἐπὶ
1543 4611 1700 4665 πλέον
1739 4617 1976 4670 ἐπισπά-

315 4691 532 4750 σασθαι,
576 4691 834 4762 καὶπρὸς
880 4693 977 4762 τὴν
1025 4693 1224 4764 ἀρετὴν
1264 4695 1463 4764 μᾶλλον
1507 4697 1868 4772 διεγερθῆναι.
1913 4706 1977 4759 Ἡ

313 4781 422 4851 γάρ
450 4779 557 4832 τῶν
605 4780 932 4848 εὐεργεσιῶν
973 4783 1158 4853 μνήμη
1196 4783 1356 4856 ἱκανὴ
1394 4789 1802 4858 προτρέψασθαι
1843 4795 1976 4866 πρὸς

311 4871 440 4932 τοὺς
493 4871 591 4939 τῆς
642 4871 839 4941 ἀρετῆς
881 4871 1094 4937 πόνους,
1153 4873 1245 4924 καὶ
1296 4877 1709 4943 παρασκευάσαι
1761 4881 1977 4935 πάντων

314 4957 587 5026 ὑπεριδεῖν
613 4957 718 5010 τῶν
748 4959 1050 5028 παρόντων,
1085 4961 1176 5013 καὶ
1200 4961 1335 5030 πρὸς
1368 4961 1458 5013 τὸν
1483 4964 1716 5018 τοσαῦτα
1751 4969 1971 5039 εὐεργε-

311 5048 515 5118 τηκότα
544 5049 848 5118 κεχηνέναι,
881 5050 972 5101 καί¹
1003 5049 1094 5102 τὸν
1121 5049 1246 5120 περὶ
1273 5050 1432 5103 αὐτὸν
1462 5051 1623 5106 πόθον
1660 5057 1971 5126 ἀκμάζοντι»

311 5136 433 5190 καθ’
466 5135 701 5205 ἑκάστην
733 5135 945 5206 ἡμέραν
980 5137 1402 5191 ἐπιδείκνυσθαι.
1440 5140 1718 5194 Ἐντεῦθεν
1751 5145 1856 5217 γὰρ
1882 5148 1976 5200 καὶ

311 5227 339 5276 ὁ
371 5225 573 5287 δίκαιος
599 5218 751 5285 οὗτος
781 5223 1050 5293 τοσαύτης
1079 5224 1361 5294 ἀπήλαυσε
1393 5226 1494 5297 τῆς
1527 5227 1732 5284 ἄνωθεν
1763 5234 1975 5298 εὐνοίας

312 5314 405 5366 καὶ
435 5313 532 5381 τῆς
561 5310 748 5381 τιμῆς,
781 5309 966 5381 ἐπειδὴ
1007 5310 1204 5381 πολλὴν
1232 5313 1373 5383 ὑπὲρ
1398 5314 1506 5368 τῶν
1531 5317 1848 5384 φθασάντων
1880 5323 1974 5394 τὴν

312 5400 730 5468 εὐγνωμοσύνην
755 5395 1083 5461 ἐπεδείξατο.
1128 5398 1265 5451 Ἀλλ’
1297 5400 1385 5453 ἵνα
1414 5404 1748 5476 σαφέστερος
1775 5413 1908 5480 ἡμῖν
1947 5415 1974 5465 6

310 5487 464 5554 λόγος
481 5486 722 5556 γένηται,
741 5485 907 5556 αὐτὴν
926 5485 1024 5554 τὴν
1053 5486 1223 5556 ἀρχὴν
1250 5487 1357 5540 τῶν
1375 5492 1608 5560 σήμερον
1632 5494 1975 5568 ἀνεγνωσμέ-

313 5591 418 5624 νων
458 5575 748 5640 ἀναγκαῖον
805 5572 1083 5643 προθεῖναι
1130 5574 1222 5625 ἐπὶ
1261 5575 1359 5643 τῆς
1415 5577 1686 5648 ὑμετέρας
1729 5584 1968 5655 ἀγάπης,

325 5659 539 5729 Ἐπειδὴ
572 5660 681 5731 γὰρ
703 5659 920 5730 ἐξῆλθεν
945 5661 1006 5711 ἐκ
1027 5659 1125 5729 τῆς
1151 5660 1382 5712 κιϐωτοῦ
1405 5667 1544 5716 κατὰ
1563 5665 1623 5718 τὸ
1651 5669 1973 5742 πρόσταγμα

311 5747 405 5799 τοῦ
441 5748 730 5810 Δεσπότου,
757 5747 894 5818 μετὰ
917 5748 1025 5798 τῶν
1058 5746 1209 5811 υἱῶν,
1232 5747 1326 5800 καί
1350 5749 1448 5818 τῆς
1474 5751 1665 5804 ἑαυτοῦ
1694 5759 1969 5823 γυναικὸς,

314 5837 408 5886 καὶ
435 5836 705 5902 γυναικῶν
733 5836 841 5888 τῶν
867 5835 1091 5898 παίδων,
1129 5836 1224 5888 καὶ
1261 5835 1477 5890 πάντων
1505 5838 1612 5894 τῶν
1642 5841 1845 5911 θηρίων
1877 5849 1970 5900 καὶ

315 5922 423 5976 τῶν
470 5921 749 5990 πετεινῶν,
788 5924 877 5975 καί
922 5921 1137 5988 ἐδέξατο
1175 5921 1325 5992 παρὰ
1374 5924 1468 5978 τοῦ
1511 5925 1648 5980 Θεοῦ
1683 5931 1820 5998 μετά
1871 5933 1971 6002 τῆς

1115 372 1174 428 S.
1206 371 1490 430 JOANNIS
1524 371 2009 430 CHRYSOSTOMI
2055 373 2375 429 ARCHIEP.
2418 371 2953 430 CONSTANTI‘NOP.
3650 377 3745 431 ΞΗ

2100 490 2278 556 ἐξόδου
2308 490 2402 543 καὶ
2435 489 2533 560 τὴν
2553 488 2796 557 εὐλογίαν
2825 487 3038 558 ἐκείνην
3063 487 3161 559 τὴν
3195 486 3393 560 πολλὴν
3420 489 3564 563 αὐτῷ
3586 509 3747 563 παρα-

2100 575 2297 644 μυθίαν
2355 577 2702 646 κομίζουσαν.
2755 575 2854 644 τὴν
2913 574 3196 642 λέγουσαν,
3261 577 3606 640 Λυξάνεσθε
3655 580 3744 634 καὶ

2095 663 2500 728 πληθύνεσθε,
2561 661 2886 714 διδάσκουσα
2942 661 3091 730 ἡμᾶς
3149 663 3182 732 ἠ
3242 662 3361 715 θεία
3415 664 3604 732 Γραφὴ
3660 666 3746 719 τοῦ

2092 747 2302 800 δικαίου
2360 747 2459 818 τὴν
2518 746 2975 816 εὐγνωμοσύνην,
3024 746 3190 816 φησί·
3262 749 3370 802 Καί
3415 749 3748 818 ᾠκοδόμησε

2092 837 2218 892 Νῶε
2255 839 2688 905 θυσιαστήριον
2710 834 2788 901 τῷ
2817 835 3027 902 Κυρίῳ.
3064 835 3160 889 καὶ
3194 836 3413 890 ἔλαϐεν
3456 838 3572 891 ἀπὸ
3605 840 3742 892 πάνυ

2090 941 2208 977 των
2238 923 2356 977 τῶν
2387 922 2621 991 κτηνῶν
2648 922 2770 975 τῶν
2791 921 3082 990 καθαρῶν,
3115 923 3209 976 καὶ
3238 923 3356 976 ἀπὸ
3377 923 3614 977 πάντων
3641 925 3750 979 τῶν⁹

2091 1013 2376 1067 πετεινῶν
2421 1013 2538 1066 τῶν
2573 1011 2865 1080 καθαρῶν,
2910 1013 3006 1065 καί
3045 1012 3380 1082 ἀνήνεγκεν
3411 1012 3748 1082 όλοκιὶρπω-

2089 1117 2193 1152 σιν
2231 1099 2328 1152 ἐπὶ
2383 1099 2450 1152 τὸ
2505 1099 2955 1167 θυσιαστήριον.
3010 1099 3209 1151 Σκόπει
3266 1098 3403 1169 μετά
3451 1100 3748 1172 ἀκριϐείας,

2088 1187 2358 1258 ἀγαπητέ,
2391 1189 2454 1240 ἐκ
2495 1187 2604 1240 τῶν
2637 1187 2732 1240 νῦν
2773 1187 3031 1258 ῥημάτων
3061 1187 3244 1247 πάλιν,
3277 1187 3394 1251 πῶς
3425 1189 3482 1240 ἐν
3525 1188 3658 1259 αὐτῇ
3686 1192 3747 1260 τῇ

2091 1276 2251 1344 φύσει
2279 1277 2307 1328 6
2340 1275 2446 1330 τῶν
2473 1277 2727 1330 ἁπάντων
2758 1275 3089 1347 δημιουργὸς
3119 1275 3411 1328 ἐναπέθετο
3442 1277 3539 1347 τὴν
3559 1276 3752 1344 γνῶσιν

2087 1366 2218 1433 ἡμῖν
2249 1364 2449 1435 ἀκριϐῆ
2474 1365 2572 1434 τῆς
2607 1364 2827 1434 ἀρετῆς.
2861 1361 3031 1416 Πόθεν
3056 1362 3185 1430 γάρ,
3213 1362 3332 1414 εἰπέ
3358 1379 3468 1433 μοι,
3501 1363 3657 1415 τοῦτο
3679 1363 3751 1435 τῷ

2086 1451 2279 1522 δικαίῳ
2316 1450 2586 1521 ἐπήλθεν;
2619 1450 2806 1514 Οὐδεὶς
2843 1446 2912 1521 ἦν
2934 1451 3139 1522 ἕτερος,
3176 1450 3312 1520 πρὸς
3347 1449 3406 1503 δν
3435 1449 3561 1502 ἰδεῖν
3591 1446 3749 1520 εἶχεν.

2099 1540 2260 1593 Ἀλλά
2281 1539 2532 1609 καθάπερ
2549 1542 2606 1593 ἐν
2633 1542 2772 1611 ἀρχῇ
2791 1541 2819 1591 6
2845 1539 2948 1592 ὑπὸ
2963 1540 3055 1592 τοῦ
3074 1539 3500 1609 πρωτοπλάστου
3527 1539 3750 1608 τεχθεὶς,

2087 1626 2253 1680 Ἅϐελ
2276 1626 2438 1694 λέγω,
2473 1627 2682 1680 οἴκοθεν
2713 1626 3028 1698 κινούμενος
3053 1626 3151 1698 τὴν
3181 1627 3547 1698 προσαγωγὴν
3575 1627 3759 1698 ἐποιή-

2087 1731 2217 1767 σατο
2270 1715 2404 1785 μετὰ
2461 1714 2660 1785 πολλῆς
2703 1714 2803 1785 τῆς
2846 1714 3164 1786 ἀκριϐείας·
3207 1713 3348 1767 οὕτω
3376 1713 3440 1785 δὴ
3470 1714 3566 1768 καὶ
3609 1713 3750 1768 νῦνό

2083 1802 2291 1866 δίκαιος
2318 1795 2474 1865 οὗτος
2503 1802 2560 1868 ἐξ
2581 1801 2786 1865 οἰκείας
2808 1801 3035 1872 γνώμης
3061 1803 3156 1855 καὶ
3180 1801 3553 1873 προαιρέσεως
3577 1803 3754 1870 ὑγιοῦς

2086 1891 2228 1960 κατά
2257 1892 2355 1962 τὴν
2389 1891 2738 1963 ἀνθρωπίνην
2769 1890 3019 1961 δύναμιν,
3046 1891 3121 1954 ὡς
3147 1891 3386 1961 ἐνόμισε,
3409 1890 3498 1944 διὰ
3526 1890 3635 1943 τῶν
3669 1891 3756 1944 θυ-

2087 1979 2218 2034 σιῶν
2263 1980 2362 2044 τὰς
2407 1981 2755 2052 εὐχαριστίας
2797 1980 3059 2051 ἀναφέρει
3083 1980 3163 2050 τῷ
3208 1980 3472 2052 Δεσπότῃ.
3510 1980 3622 2033 Καὶ
3659 1979 3754 2049 ὅρα

2084 2068 2244 2121 αὑτὸν
2276 2068 2415 2138 μετὰ
2441 2069 2638 2138 πολλῆς
2668 2067 2985 2138 φιλοσοφίας
3027 2067 3242 2120 ᾶπαντα
3272 2066 3753 2136 διαπραττόμενον.

2085 2155 2220 2210 Οὑτε
2248 2157 2359 2228 γὰρ
2381 2157 2671 2226 οἰκοδομῆς
2694 2155 2841 2226 αὑτῷ
2876 2155 3062 2224 ἐδέησε
3089 2155 3370 2225 λαμπρᾶς,
3397 2155 3456 2207 οὐ
3482 2153 3636 2217 ναοῦ,
3660 2155 3755 2206 οὐκ

2081 2246 2231 2297 οἴκου
2272 2245 2419 2307 τινὸς
2461 2243 2796 2314 θαυμαστοῦ,
2828 2243 2930 2295 οὐκ
2975 2242 3134 2296 άλλου
3184 2241 3427 2304 οὐδενός·
3468 2239 3586 2311 ᾔδει
3631 2240 3754 2309 γάρ,

2081 2332 2197 2402 ᾔδει
2235 2333 2439 2401 σαφῶς,
2481 2334 2561 2385 ὅτι
2614 2332 2832 2403 γνώμην
2881 2331 3128 2402 ἐπιζητεῖ
3161 2331 3320 2401 μόνον
3361 2331 3389 2382 6
3435 2327 3754 2398 Δεσπότης’

2083 2420 2230 2491 [258]
2270 2420 2364 2474 καὶ
2398 2419 2812 2490 ἐσχεδιασμένον
2852 2419 3211 2488 οἰκοδομήσας
3244 2417 3304 2470 τὸ
3353 2417 3756 2485 θυσιαστήριον,

2082 2509 2175 2559 καὶ
2203 2506 2380 2559 λαϐὼν
2407 2507 2515 2559 ἀπὸ
2546 2506 2654 2559 τῶν
2689 2504 2902 2576 κτηνῶν
2932 2505 3041 2557 τῶν
3070 2504 3351 2575 καθαρῶν,
3385 2503 3478 2556 καὶ
3510 2503 3620 2556 ἀπὺ
3654 2501 3756 2554 τῶν

2080 2594 2341 2647 πετεινῶν
2380 2593 2489 2646 τῶν
2539 2592 2816 2664 καθαρῶν,
2868 2593 2966 2655 τὰς
3012 2591 3418 2662 ὁλοκαρπώσεις
3465 2591 3756 2660 ἀνήνεγκεν

2079 2683 2194 2747 καὶ,
2223 2683 2345 2735 ὅσον
2381 2677 2492 2752 εἶχε
2525 2681 2829 2751 δυνάμεως,
2862 2680 2959 2749 τῆς
3008 2679 3215 2741 οἰκείας
3248 2677 3629 2750 προαιρέσεως
3663 2674 3758 2746 τὴν

2080 2769 2500 2841 εὐγνωμοσύνην
2527 2769 2835 2835 ἐπεδείξατο
2851 2785 2865 2798 ·
2895 2769 2960 2839 ἢν
2985 2766 3384 2837 ἀποδεξάμενος
3406 2768 3434 2819 ὁ
3456 2763 3757 2835 φιλάνθρω-

2080 2873 2179 2919 πος
2223 2856 2353 2919 Θεὸς
2382 2857 2476 2909 καὶ
2521 2857 2615 2927 τὴν
2663 2854 2888 2924 γνώμην
2934 2854 3300 2922 ἐστεφάνωσε,
3351 2851 3448 2906 καί¹
3493 2853 3597 2923 τὴν
3631 2849 3758 2920 παρ’

2081 2943 2273 2998 ἑαυτοῦ
2298 2944 2459 2998 πάλιν
2477 2944 2784 3014 φιλοτιμίαν
2803 2943 3190 2995 ἐπιδείκνυται.
3211 2942 3348 3011 Φησὶ
3364 2943 3471 3010 γάρ
3492 2942 3527 3012 η
3547 2941 3586 2992 Γ
3593 2938 3754 3010 ραφή⁶

2080 3035 2189 3087 Καὶ
2222 3033 2548 3102 ὠσφριίνθη
2598 3031 2813 3098 Κύριος
2844 3030 3046 3098 ὀσμὴν
3087 3029 3357 3095 εὐωδίας.
3395 3029 3540 3100 Ὅρα
3573 3027 3690 3088 πῶς
3721 3026 3754 3093 ἠ

2079 3120 2270 3191 γνώμη
2305 3121 2398 3174 τοῦ
2447 3120 2813 3191 προσάγοντος
2843 3118 2936 3170 τὸν
2979 3118 3205 3181 καπνὸν,
3250 3117 3342 3169 καὶ
3368 3117 3467 3186 τὴν
3506 3115 3753 3175 κνίσσαν,

2081 3208 2174 3262 καὶ
2206 3210 2385 3261 πᾶσαν
2424 3207 2521 3277 τὴν
2545 3206 2792 3259 ἐντεῦθεν
2839 3205 3165 3274 τικτομένην
3201 3205 3391 3274 ἀηδίαν
3421 3202 3627 3272 πολλῆς
3659 3200 3758 3270 τῆς

2080 3294 2300 3358 εὐωδίας
2328 3294 2606 3364 ἐνέπλησε.
2640 3292 2739 3345 Διά
2765 3292 2922 3345 τοῦτο
2955 3292 3047 3344 καί¹
3069 3291 3279 3354 Παῦλος
3303 3291 3453 3359 ἔλεγε
3485 3291 3718 3361 γράφων
3738 3301 3754 3317 ⁶

2083 3384 2202 3435 Ὅτι
2232 3379 2488 3450 Χριστοῦ
2517 3379 2732 3433 εὐωδία
2771 3378 2960 3448 ἐσμὲν
2997 3379 3064 3432 ὲν
3103 3379 3227 3445 τοῖς
3260 3377 3617 3447 σωζομένοις
3658 3373 3756 3428 καὶ

2079 3471 2150 3526 ἐν
2179 3469 2302 3535 τοῖς
2358 3465 2822 3536 ἀπολλυμένοις,
2861 3463 2948 3534 οἷς
2998 3467 3115 3536 μὲν
3163 3467 3322 3535 ὀσμὴ
3359 3465 3628 3521 θανάτου
3669 3465 3756 3526 εἰς

2081 3557 2358 3620 θάνατον,
2412 3551 2501 3621 οἷς
2561 3555 2629 3607 δὲ
2668 3554 2827 3623 ὀσμὴ
2881 3552 3026 3622 ζωῆς
3079 3556 3160 3620 είς
3233 3551 3404 3621 (mir.
3443 3565 3469 3592 ιι
3521 3551 3756 3621 Ὀσμὴν

2080 3645 2350 3710 εὐωδίας.

2150 3731 2241 3803 Μὴ
2272 3734 2338 3803 τῇ
2374 3730 2646 3802 παχύτητι
2683 3731 2780 3801 τῆς
2838 3728 3036 3794 λέξεως
3088 3725 3453 3798 προσπταίῃς,
3503 3721 3644 3778 άλλά
3687 3723 3753 3793 τῇ

2083 3821 2280 3873 σαυτοῦ
2314 3820 2568 3890 ἀσθενείᾳ
2591 3819 2700 3871 τῶν
2735 3817 2996 3889 ῥημάτων
3027 3815 3123 3886 τὴν
3157 3813 3568 3881 συγκατάϐασιν
3607 3811 3755 3878 λογι-

2081 3908 2333 3977 σάμενος,
2364 3907 2474 3960 νόει
2499 3906 2765 3970 ἐντεῦθεν,
2792 3906 2872 3958 ὅτι
2904 3903 3068 3974 δεκτὴ
3096 3904 3317 3971 γέγονεν
3350 3903 3384 3972 ἡ
3411 3895 3752 3972 προσαγωγὴ

2079 4000 2171 4054 τοῦ
2214 3999 2446 4054 δικαίου.
2480 3997 2593 4050 Ἰνα
2634 3997 2742 4067 γὰρ
2779 3997 2874 4049 καὶ
2918 3995 2983 4048 δι’
3033 3993 3212 4046 αὐτῶν
3248 3991 3357 4044 τῶν
3407 3988 3754 4060 πραγμάτων

2079 4087 2276 4141 ειδέναι
2319 4085 2530 4155 ἔχωμεν
2575 4084 2634 4136 τὸ
2671 4082 2914 4146 ἀνενδεές
2960 4081 3055 4134 τοῦ
3087 4079 3376 4143 Δεσπότου,
3424 4078 3518 4130 καὶ
3552 4078 3636 4128 δτι
3686 4071 3756 4125 δι’

2077 4175 2230 4229 οὐδὲν
2259 4174 2442 4244 ἕτερον
2469 4171 2640 4225 ταῦτα
2672 4169 2918 4238 γίνεσθαι
2965 4167 3363 4238 συνεχώρησεν,
3401 4165 3516 4217 ἀλλ’
3556 4163 3646 4214 ἵνα
3668 4162 3755 4244 είς

2079 4243 2493 4327 εὐγνωμοσύνην
2571 4255 2750 4323 ἀγάγῃ
2807 4255 2932 4316 τοὺς
3011 4250 3364 4321 ἀνθρώπους⁹
3423 4246 3515 4299 διὰ
3593 4243 3756 4296 τοῦτο

2079 4345 2302 4415 ἀφίησιν
2335 4343 2501 4405 αὑτὰς
2529 4340 2607 4408 τῷ
2632 4342 2765 4410 πυρὶ
2799 4337 3317 4400 καταναλίσκεσθαι,
3344 4335 3433 4388 ἵνα
3469 4334 3569 4386 καὶ
3600 4331 3756 4383 αὐτοὶ

2078 4433 2127 4485 οἱ
2163 4430 2530 4501 προσάγοντες
2565 4426 2808 4498 μάθω-σιν
2842 4427 2907 4479 ἐκ
2933 4425 3041 4478 τῶν
3065 4423 3386 4493 γινομένων,
3415 4420 3493 4482 ώς
3521 4418 3615 4470 διὰ
3657 4415 3756 4501 τὴν

2078 4500 2256 4572 αὐτῶν
2293 4517 2559 4587 ὠφέλειαν
2589 4515 2804 4568 ἅπαντα
2832 4513 3059 4582 γίνεται.
3091 4511 3247 4574 Τίνος
3291 4510 3346 4562 δὲ
3386 4507 3604 4568 ἕνεκεν,
3628 4500 3755 4559 ειπέ

2081 4624 2192 4678 μοι,
2225 4607 2319 4658 καὶ
2341 4605 2475 4666 ὅλως
2517 4605 2788 4672 συγχωρεῖ
2821 4601 2994 4654 ταῦτα
3019 4599 3294 4668 γίνεσθαι;
3321 4595 3429 4647 Καὶ
3450 4592 3616 4646 τοῦτο
3651 4590 3757 4642 πά-

2080 4675 2162 4748 λιν
2188 4691 2634 4761 συγκαταϐαίνων
2662 4692 2728 4760 τῇ
2772 4687 3026 4758 ἀσθενείᾳ
3059 4688 3125 4756 τῇ
3161 4683 3512 4756 ἀνθρωπίνῃ·
3565 4675 3758 4745 ἐπειδὴ

2077 4782 2187 4854 γὰρ
2227 4779 2452 4851 ἔμελλον
2503 4777 2646 4832 κατά
2693 4777 2884 4847 μικρὸν
2930 4777 2980 4829 οῖ
3026 4775 3301 4844 ἄνθρωποι
3344 4773 3424 4834 εἱς
3473 4767 3758 4839 ῥαθυμίαν

2078 4867 2457 4928 ἀποκλίνοντες
2480 4865 2574 4918 καὶ
2596 4863 2750 4926 θεοὺς
2779 4864 2991 4924 ἑαυτοῖς
3018 4859 3394 4933 ἐπιφημίζειν,
3423 4857 3522 4909 καὶ
3542 4856 3756 4913 τούτοις

2078 4957 2176 5020 τὰς
2231 4953 2421 5016 θυσίας
2467 4951 2767 5013 ἐπιτελεῖν,
2823 4947 3109 5020 προλαϐὼν
3164 4946 3523 5016 καταδέχεται
3575 4940 3756 5010 ἐαυτῴ

2075 5045 2246 5097 ταῦτα
2286 5038 2679 5110 προσάγεσθαι,
2714 5037 2798 5090 ἵνα
2837 5035 2980 5089 οὑτω
3017 5036 3146 5104 γοῦν
3178 5035 3466 5104 ἀποστήσῃ
3509 5031 3612 5101 τῆς
3641 5028 3757 5079 ὀλε-

2079 5130 2232 5199 θρίας
2289 5127 2492 5196 πλάνης
2541 5125 2666 5187 τοὺς
2718 5123 3009 5194 μέλλοντας
3061 5118 3448 5188 ὑποσύρεσθαι.
3501 5119 3618 5170 Καὶ
3674 5117 3758 5166 ὅτι

2076 5217 2164 5270 διὰ
2196 5212 2600 5282 συγκατάὸασιν
2624 5211 2802 5263 πάντα
2829 5209 3004 5263 ταῦτα
3023 5208 3153 5278 παρ’
3181 5205 3345 5260 αὐτοῦ
3369 5201 3754 5274 συνεχωρήθη,

2081 5304 2271 5358 σκόπει
2298 5300 2393 5353 τοῦ
2421 5301 2611 5370 χρόνου
2639 5299 2918 5370 προϊόντος
2956 5299 3037 5350 ὅτι
3066 5298 3162 5350 καὶ
3192 5293 3495 5366 περιτομὴν
3523 5289 3756 5362 νομοθε-

2077 5391 2285 5447 τεῖσθαι
2339 5385 2682 5452 κατεδέξατο,
2737 5386 2835 5456 οὐχ
2871 5386 2946 5448 ὼς
2982 5386 3117 5458 πρὸς
3167 5384 3264 5456 τὴν
3288 5383 3387 5454 τῆς
3419 5380 3608 5452 ψυχῆς
3650 5395 3755 5429 σω⁶

2076 5479 2270 5552 τηρίαν
2311 5475 2623 5530 συντελέσαι
2652 5491 2704 5526 τι
2736 5475 2937 5544 ταύτης
2956 5474 3280 5543 δυναμένης,
3303 5470 3416 5524 ἀλλ’
3440 5469 3536 5523 ἵνα
3563 5467 3753 5536 ῶσπερ

2079 5584 2143 5637 ση
2154 5564 2298 5636 μεῖόν
2317 5580 2369 5614 τι
2400 5562 2492 5615 καὶ
2518 5561 2784 5632 σφραγῖδα
2816 5561 3175 5630 περιφέρωσι,
3202 5560 3398 5628 δεῖγμα
3419 5557 3524 5627 τῆς
3546 5554 3752 5613 οἰκείας

2075 5649 2510 5721 εὐγνωμοσύνης,
2541 5650 2590 5701 οί
2610 5648 2717 5702 τῶν
2757 5647 3025 5701 Ἰουδαίων
3054 5648 3261 5714 παῖδες,
3281 5647 3374 5700 καὶ
3409 5646 3489 5715 μὴ
3528 5643 3631 5714 ἐξῇ
3655 5641 3752 5695 αὐη·

2075 5743 2186 5804 τοῖς
2223 5736 2691 5808 συναναφύρεσθαι
2719 5738 2838 5800 ταῖς
2869 5735 2977 5788 τῶν
3009 5735 3177 5790 ἐθνῶν
3210 5733 3541 5804 ἐπιμιξίαις.

2140 5885 2169 5913 ⁸
2185 5881 2364 5944 Morel,
2383 5886 2438 5944 et
2463 5879 2614 5932 Savil.
2639 5881 2719 5931 hic
2737 5853 2970 5943 repetunt
3001 5881 3082 5929 καὶ
3107 5881 3356 5944 ὡσφράνθη
3379 5879 3556 5943 Κύριος
3581 5899 3610 5931 ο
3633 5879 3754 5934 θεὸς

2081 5946 2234 6007 ὀσμήν
2258 5942 2472 6000 εὐωδίας.
