4062 6396
366 363 459 419 241

360 492 483 532 cum
533 473 881 539 conversari,
924 481 986 529 et-
1005 470 1191 528 omnia
1231 478 1412 526 nostra
1453 470 1593 525 ferre
1615 511 1630 535 ,
1684 479 1741 524 ut
1774 485 1942 540 genus

363 576 601 622 nostrum
627 565 860 637 peccatis
890 578 1204 634 oppressum
1227 561 1413 633 jacens
1432 577 1462 616 a
1494 561 1648 616 terris
1675 561 1725 616 in
1756 561 1942 615 caalum

361 657 660 714 subvehere
688 657 871 727 possit.
900 655 969 710 Et
994 655 1098 710 hoc
1125 653 1508 722 obstupescens
1537 651 1754 706 tonitrui
1781 651 1936 717 ﬁlius,

355 748 815 817 consideransque
843 744 1142 801 dilectionis
1160 743 1352 798 divinae
1371 742 1759 808 excellentiam,
1783 756 1940 812 quam

356 850 484 906 erga
509 851 680 906 genus
711 843 948 890 nostrum
979 833 1298 897 declaravit,
1326 832 1587 887 clamabat
1614 840 1668 888 et
1692 831 1940 887 dicebat:

359 930 452 981 Sic
474 929 608 982 enim
650 927 793 982 Deus
838 927 1016 981 dilexit
1062 926 1306 1000 mundum
1353 924 1532 996 (Joan.
1563 926 1760 997 5.16).
1811 925 1942 981 Vide

357 1029 559 1087 quanto
584 1018 844 1073 miraculo
874 1019 1030 1088 plena
1058 1017 1173 1072 haec
1197 1016 1361 1072 dictio
1388 1035 1402 1071 :
1433 1017 1522 1072 Sic
1540 1058 1557 1084 ,
1585 1017 1655 1072 ait
1679 1059 1692 1082 ,
1722 1018 1798 1072 rei
1829 1034 1944 1072 ma-

355 1110 689 1180 gnitudinem
719 1110 1047 1179 expendens,
1077 1124 1232 1179 quam
1256 1108 1492 1165 dicturus
1511 1117 1626 1164 erat
1657 1126 1671 1162 :
1701 1117 1942 1180 propter-

357 1216 416 1252 ea
458 1199 525 1254 ad
570 1199 711 1255 hunc
749 1200 967 1254 modum
1027 1213 1255 1254 exorsus
1291 1207 1420 1254 est:
1462 1198 1551 1255 Sic
1599 1199 1793 1254 dilexit.
1848 1200 1942 1256 Dic

357 1290 519 1362 igitur
539 1291 721 1355 nobis,
752 1291 908 1346 beate
932 1289 1167 1346 Joannes
1186 1330 1202 1356 ,
1227 1289 1494 1359 quomodo
1519 1289 1608 1344 Sic
1629 1290 1654 1342 .9
1677 1289 1763 1343 die
1789 1305 1941 1342 men-

356 1396 536 1436 suram
561 1425 577 1449 ,
622 1382 708 1437 dic
747 1381 1164 1452 magnitudinem
1189 1425 1205 1446 ,
1252 1380 1386 1434 doce
1417 1395 1516 1434 nos
1542 1380 1938 1434 excellentiam.

358 1475 450 1528 Sic
475 1475 606 1527 enim
635 1474 807 1528 dilexit
838 1473 975 1526 Deus
1009 1471 1254 1526 mundum
1277 1511 1294 1537 ,
1337 1480 1390 1524 ut
1428 1469 1618 1524 Filium
1647 1487 1793 1524 suum
1821 1471 1940 1524 uni-

354 1566 578 1634 genitum
607 1565 770 1631 daret,
801 1573 855 1619 ut
882 1565 1042 1618 onmis
1063 1564 1148 1634 qui
1167 1563 1323 1618 credit
1347 1563 1402 1618 in
1429 1563 1596 1628 illum,
1627 1579 1729 1618 non
1747 1571 1938 1633 pereat,

353 1655 443 1707 sed
469 1654 646 1708 habeat
676 1656 829 1708 vitam
853 1666 1116 1708 aeternam.
1301 1640 1305 1644 I

426 1746 595 1800 Causa
620 1747 859 1800 adventus
885 1745 1092 1800 Christi.
1115 1776 1190 1787 —
1211 1745 1398 1800 Vidisti
1425 1760 1638 1800 causam
1679 1746 1941 1800 adventus

352 1837 475 1892 Filii
519 1839 656 1892 hanc
682 1853 824 1905 esse,
856 1846 916 1892 ut
956 1853 1054 1908 per
1081 1837 1238 1893 ﬁdem
1267 1838 1319 1892 in
1343 1838 1491 1892 illum
1523 1837 1558 1892 ii
1594 1839 1682 1908 qui
1715 1839 1936 1908 perituri

352 1941 528 1996 erant,
561 1930 748 1984 salutis
771 1930 1104 1986 occasionem
1136 1930 1478 1984 invenirent?
1506 1929 1784 1997 Quomodo
1811 1930 1931 2000 quis

353 2032 533 2076 tuente
571 2023 876 2092 conceperit
915 2037 1164 2092 magnam
1200 2032 1254 2076 et
1279 2020 1645 2076 admirabilem
1673 2022 1856 2089 illam,
1883 2032 1936 2076 et

353 2129 475 2183 qua:
522 2129 734 2168 tironem
778 2114 1038 2168 rationem
1076 2114 1273 2177 vincit,
1329 2112 1735 2179 liberalitatem,
1779 2129 1941 2184 quam

349 2214 560 2259 natura:
587 2214 782 2260 nostra:
803 2221 897 2275 per
913 2205 1108 2259 donum
1133 2205 1376 2274 baptismi
1392 2205 1677 2267 concessit,
1697 2207 1933 2259 omnium

353 2309 696 2366 peccatorum
745 2307 1048 2352 nostrorum
1093 2297 1214 2352 data
1255 2297 1612 2353 remissione?
1663 2297 1768 2353 Sed
1812 2297 1938 2369 quid

350 2387 569 2441 dicam?
598 2404 767 2458 neque
798 2404 948 2442 mens
975 2388 1208 2454 sufﬁcit,
1254 2403 1426 2458 neque
1453 2403 1630 2443 sermo
1653 2389 1793 2443 valet
1829 2404 1938 2444 cac-

353 2489 463 2531 tera
493 2493 830 2533 enumerare.
860 2478 990 2532 Nam
1011 2479 1346 2548 quantumvis
1371 2478 1575 2546 dixero,
1599 2480 1767 2534 multo
1789 2481 1936 2550 plura

349 2571 510 2627 dictis
557 2584 834 2642 pnetereo.
885 2572 1002 2628 lam
1044 2573 1162 2642 quis
1206 2573 1531 2643 pcenitentia:
1573 2573 1710 2626 viam
1740 2573 1938 2641 cogita-

350 2665 509 2726 verit,
563 2678 721 2733 quam
772 2663 1003 2717 humano
1047 2665 1228 2733 generi
1279 2672 1460 2715 nostro
1503 2661 1571 2716 ob
1617 2661 1936 2716 ineffabilem

352 2754 776 2808 misericordiam
809 2769 960 2808 suam
989 2754 1280 2819 concessit,
1310 2762 1364 2806 et
1394 2763 1515 2822 post
1543 2752 1788 2822 baptismi
1818 2769 1939 2822 gra-

352 2847 482 2899 tiam
501 2887 516 2910 ,
557 2847 819 2900 mirabilia
865 2846 953 2900 illa
995 2845 1241 2900 mandata
1271 2887 1286 2912 ,
1315 2860 1409 2914 per
1435 2860 1554 2914 qua:
1573 2885 1589 2911 ,
1619 2845 1663 2898 si
1689 2845 1937 2912 velimus,

353 2939 651 3007 poterimus
677 2938 794 3006 ejus
819 2937 974 2991 nobis
988 2937 1208 3007 gratiam
1233 2936 1517 2990 conciliare
1532 2935 1558 2988 ‘t

424 3028 480 3082 2.
513 3028 701 3084 Vidisti
726 3071 743 3098 ,
792 3029 984 3085 dilecte
1003 3069 1019 3093 ,
1065 3029 1316 3098 abyssum
1345 3029 1486 3083 illius
1510 3029 1887 3084 beneﬁciorum
1914 3029 1938 3082 ἲ

351 3119 532 3174 vidisti
561 3130 758 3189 quanta
784 3121 1273 3175 enumeraverimus
1299 3161 1312 3184 ,
1342 3119 1435 3174 sed
1465 3120 1698 3174 nondum
1721 3135 1936 3189 parvam

351 3227 543 3266 eorum
570 3221 771 3280 partem
796 3212 976 3268 dicere
1006 3213 1273 3282 potuimus
1297 3211 1321 3264 ?
1363 3210 1638 3276 Quomodo
1666 3211 1807 3265 enim
1836 3211 1935 3264 hu-

352 3319 513 3357 mana
544 3304 718 3373 lingua
745 3320 863 3373 qua:
883 3319 912 3357 a
935 3305 1046 3359 Deo
1075 3305 1226 3359 nobis
1253 3303 1445 3358 collata
1470 3312 1594 3357 sunt
1620 3312 1940 3372 pertractare

354 3397 575 3462 posset?
621 3399 691 3450 At
713 3397 837 3452 licet
866 3397 951 3450 illa
980 3404 1122 3451 tanta
1144 3411 1210 3450 ac
1235 3395 1357 3450 talia
1388 3395 1515 3460 sint,
1543 3395 1711 3448 multo
1739 3396 1942 3465 majora

353 3498 410 3541 et
449 3489 796 3543 ineﬁ'abiliora
827 3497 953 3543 sunt
981 3488 1235 3544 benelicia
1262 3530 1277 3555 ,
1310 3504 1428 3558 qua:
1455 3489 1505 3541 in
1535 3487 1714 3540 futuro
1743 3488 1939 3541 sa'culo

357 3596 453 3648 per
478 3581 729 3635 virtutum
757 3582 896 3635 viam
923 3580 1288 3636 incedentibus
1308 3621 1323 3646 ,
1355 3589 1410 3634 et
1439 3580 1562 3633 hinc
1587 3579 1938 3648 migrantibus

352 3672 602 3726 daturum
627 3688 686 3727 se
709 3673 976 3742 promisit.
1017 3672 1251 3740 Quorum
1280 3669 1694 3740 magnitudinem
1726 3679 1784 3723 ut
1809 3686 1944 3738 pau-

352 3764 434 3818 cis
456 3765 633 3818 verbis
660 3765 813 3819 nobis
841 3765 1240 3819 commendaret
1266 3764 1452 3818 beatus
1479 3763 1674 3817 Paulus
1695 3804 1711 3830 ,
1741 3763 1936 3832 inquit:

358 3855 486 3918 Quae
511 3856 688 3909 oculus
717 3872 818 3909 non
849 3855 1008 3922 vidit,
1055 3865 1102 3909 et
1126 3856 1266 3909 auris
1287 3872 1387 3908 non
1413 3855 1604 3908 audivit
1627 3895 1643 3920 ,
1689 3864 1736 3908 et
1774 3858 1828 3908 in
1855 3871 1942 3908 cor

355 3946 576 4000 [taurinis
601 3963 702 4000 non
728 3947 1090 4011 ascenderunt,
1131 3963 1244 4016 qua:
1273 3947 1575 4016 prazparavit
1601 3943 1738 3998 Deus
1766 3947 1828 3999 iis
1852 3948 1939 4016 qui

355 4040 574 4110 diligunt
611 4056 666 4092 se
703 4040 781 4108 (1.
814 4038 930 4094 Cor.
959 4039 1013 4093 2.
1037 4040 1114 4108 9).
1148 4038 1358 4092 .Vidisti
1400 4038 1539 4094 dona
1583 4037 1939 4092 excellentia?

355 4132 531 4185 vidisti
563 4130 822 4185 beneﬁcia
851 4131 992 4184 illius
1013 4145 1226 4184 omnem
1257 4129 1542 4183 humanam
1565 4131 1936 4198 cogitationem

356 4221 836 4276 transeendentia?
865 4221 1002 4276 Dicit
1019 4221 1180 4283 enim,
1213 4220 1277 4274 In
1302 4237 1389 4274 cor
1407 4220 1624 4274 hominis
1649 4237 1749 4274 non
1771 4237 1938 4275 ascen.

354 4314 555 4365 derunt.
589 4313 640 4367 Si
673 4314 829 4383 igitur
857 4313 1100 4367 volumus
1127 4313 1211 4366 illa
1239 4312 1418 4366 animo
1443 4311 1739 4374 revolvere.
1767 4321 1820 4366 et
1842 4327 1940 4382 pro

353 4405 557 4458 viribus
602 4405 798 4458 nostris
844 4405 1040 4474 gratias
1077 4419 1270 4473 agere,
1319 4402 1609 4473 poterimus
1636 4403 1801 4457 multo
1830 4419 1941 4457 ma-

350 4497 525 4563 jorem
556 4494 700 4548 illius
726 4496 948 4564 gratiam
980 4494 1132 4548 nobis
1157 4493 1441 4548 conciliare
1460 4533 1476 4560 ,
1503 4503 1558 4549 et
1581 4493 1648 4547 ad
1688 4495 1936 4548 virtutem

353 4588 524 4656 magis
569 4586 750 4641 idonei
797 4585 932 4645 ﬁeri.
983 4585 1234 4641 Memoria
1263 4585 1409 4640 enim
1435 4584 1812 4640 beneﬁciorum
1846 4586 1937 4640 Dei

352 4678 628 4732 sufﬁciens
652 4686 754 4743 est,
780 4694 898 4747 qua:
915 4676 980 4730 ad
1001 4679 1250 4731 virtutum
1267 4676 1472 4731 labores
1494 4691 1588 4729 nos
1604 4675 1937 4740 atlhortetur,

351 4778 411 4823 et
436 4779 698 4837 praeparet
719 4778 777 4822 ut
803 4768 1080 4836 praesentia
1108 4768 1284 4820 omnia
1310 4766 1664 4834 despiciamus
1687 4807 1700 4831 ,
1731 4777 1863 4821 etut
1891 4767 1939 4820 ei

352 4861 443 4929 qui
495 4869 638 4912 tanta
689 4859 740 4911 in
795 4873 892 4911 nos
937 4858 1191 4912 beneﬁcia
1243 4857 1494 4921 contulit,
1551 4857 1935 4922 adha-reamus,

351 4969 592 5008 amorem
623 4953 673 5005 in
706 4953 850 5005 illum
886 4951 1106 5021 singulis
1130 4950 1318 5004 diebus
1356 4959 1568 5003 auctum
1603 4947 1935 5002 exhibentes.

353 5043 489 5098 Hinc
518 5043 722 5097 etenim
750 5041 936 5094 beatus
963 5041 1062 5094 iste
1092 5048 1287 5093 tantam
1324 5039 1412 5092 Dei
1442 5039 1661 5107 gratiam
1690 5047 1744 5091 et
1767 5037 1935 5090 hono-

352 5151 468 5188 rem
498 5134 602 5187 sibi
630 5133 962 5197 conciliavit,
999 5132 1120 5201 quia
1147 5131 1213 5185 de
1245 5130 1507 5199 prioribus
1534 5128 1732 5199 gratias
1763 5126 1938 5181 reddi-

353 5225 450 5277 dit.
500 5223 604 5278 Sed
653 5231 709 5276 ut
736 5223 1070 5284 manifestior
1103 5221 1254 5275 nobis
1281 5221 1368 5275 ille
1401 5234 1580 5273 sermo
1611 5221 1732 5284 ﬁat,
1762 5233 1938 5287 opera:

356 5315 585 5383 pretium
609 5323 693 5366 est
715 5353 729 5377 ,
761 5323 818 5366 ut
842 5313 1050 5366 initium
1079 5327 1262 5367 eorum
1289 5327 1406 5380 qua:
1438 5311 1596 5364 hodie
1625 5310 1759 5363 lecta
1788 5317 1935 5374 sunt,

353 5405 562 5459 caritati
616 5415 807 5458 vestra:
852 5419 1166 5472 proponam.
1221 5401 1352 5456 Nam
1406 5409 1681 5470 postquam
1711 5416 1774 5453 ex
1814 5414 1935 5454 arca

353 5500 518 5554 exivit
555 5497 847 5551 secundum
891 5497 1196 5550 mandatum
1225 5495 1428 5548 Domini
1458 5536 1472 5559 ,
1521 5509 1642 5548 cum
1691 5492 1812 5546 ﬁliis
1835 5501 1937 5558 ,,et

352 5606 446 5645 sua
478 5605 676 5655 uxore,
710 5599 764 5644 et
788 5589 1042 5643 uxoribus
1071 5589 1297 5643 ﬁliorum
1330 5603 1576 5652 suorum,
1610 5593 1663 5639 et
1689 5585 1935 5639 omnibus

357 5683 482 5736 leris
507 5691 564 5735 et
591 5681 894 5735 volatilibus
917 5721 930 5744 ,
977 5689 1032 5734 et
1078 5687 1198 5748 post
1239 5693 1512 5748 egressum
1540 5676 1742 5745 accepit
1769 5691 1797 5728 a
1825 5674 1935 5732 Deo

1379 354 1446 413 IN
1483 356 1635 414 CAP.
1677 357 1809 413 Vlll.
1851 356 2092 414 GENES.
2134 359 2364 416 IIOMIL.
2392 358 2605 415 XXVII.

3525 363 3628 418 2i2

2055 470 2138 527 bis
2157 472 2335 528 verbis
2359 472 2604 530 :Crescitc
2623 483 2669 530 et
2689 474 3111 546 multiplicamini,
3129 476 3329 534 docens
3357 493 3456 534 nos
3481 479 3624 534 Scri-

2052 570 2205 629 ptura
2246 561 2372 631 justi
2414 571 2620 630 gratum
2647 563 2880 619 animum
2900 605 2916 631 ,
2957 565 3084 621 dicit
3117 565 3248 622 :20.
3279 566 3632 638 Etodiﬁcavit

2061 650 2177 704 Noe
2201 652 2361 705 altare
2391 651 2641 720 Domino,
2682 665 2727 708 et
2762 655 2953 723 accepit
2993 657 3054 711 de
3094 658 3322 714 omnibus
3371 659 3630 729 pecoribus

2052 741 2275 806 mundis,
2296 751 2342 794 et
2371 742 2433 795 de
2451 743 2677 796 omnibus
2705 744 2987 799 volatilibus
3007 748 3230 816 mundis,
3256 757 3303 802 et
3328 749 3506 804 abtuiit
3529 751 3594 805 ho
3611 782 3626 794 ο

2052 830 2330 885 locaustum
2369 849 2520 902 super
2547 833 2727 888 altare.
2785 836 3074 906 Diligenter
3109 839 3388 894 considera
3413 881 3429 908 ,
3457 843 3626 897 caris-

2050 923 2222 990 sime,
2270 939 2337 978 ex
2379 927 2725 994 przesentibus
2754 929 2966 992 verbis,
3019 930 3289 998 quomodo
3333 931 3386 986 in
3437 943 3624 988 natura

2051 1024 2228 1068 nostra
2255 1018 2492 1070 omnium
2509 1015 2764 1072 Conditor
2789 1019 2976 1073 insevit
3001 1032 3198 1076 certam
3223 1023 3435 1079 virtutis
3462 1026 3630 1078 scien-

2052 1103 2198 1157 tiam.
2227 1104 2376 1159 Unde
2406 1108 2545 1160 enim
2573 1150 2585 1173 ,
2628 1107 2745 1174 die,
2773 1123 2890 1176 oro,
2917 1109 3062 1180 justo
3085 1111 3158 1167 illi
3189 1112 3289 1167 hoc
3315 1114 3368 1170 in
3391 1125 3622 1172 mentem

2049 1194 2322 1249 venisset?
2364 1195 2546 1251 Nullus
2585 1209 2699 1253 erat
2727 1197 2860 1254 alios
2888 1217 3043 1270 quem
3073 1202 3294 1258 videret.
3339 1205 3443 1261 Sed
3484 1208 3625 1263 sicut

2049 1281 2102 1335 in
2134 1284 2394 1352 principio
2424 1288 2553 1341 Abel
2599 1289 2686 1344 ille
2717 1291 2869 1357 primi
2912 1291 3140 1348 hominis
3181 1293 3352 1359 ﬁlius,
3386 1311 3415 1350 a
3446 1298 3623 1368 seipso

2048 1376 2402 1430 commonitus
2425 1417 2442 1442 ,
2487 1393 2672 1448 magna
2701 1379 2970 1450 diligentia
3000 1381 3319 1439 obiationem
3349 1385 3573 1455 perfecit
3604 1404 3618 1442 :

2047 1464 2126 1520 sic
2155 1467 2335 1537 utique
2363 1484 2504 1524 nunc
2528 1479 2583 1524 et
2615 1470 2793 1541 justus
2821 1473 2910 1528 ille
2932 1514 2949 1542 ,
2976 1489 3072 1530 sua
3099 1462 3373 1531 voluntate
3396 1486 3450 1532 et
3476 1477 3621 1532 arbi-

2047 1555 2152 1610 trio
2176 1571 2347 1625 sano,
2392 1570 2644 1630 quantum
2689 1563 2936 1620 humanis
2965 1566 3163 1622 viribus
3206 1569 3414 1636 potuit,
3461 1580 3622 1639 utque

2047 1645 2344 1702 faciendum
2390 1653 2625 1719 putavit,
2658 1653 2882 1709 Domino
2912 1670 3005 1725 per
3033 1655 3290 1712 sacriﬁcia
3332 1660 3621 1727 gratiarum

2046 1737 2308 1793 actionem
2338 1741 2537 1796 retulit.
2559 1741 2626 1796 Et
2654 1743 2773 1798 vide
2800 1754 2995 1814 quanta
3024 1746 3286 1817 sapientia
3311 1751 3621 1818 exsequitur

2045 1831 2243 1884 omnia.
2276 1831 2456 1902 Neque
2478 1835 2618 1889 enim
2650 1835 2928 1905 splendido
2952 1851 3088 1906 opus
3119 1837 3341 1892 habebat
3371 1839 3628 1906 aediﬁcio,

2045 1934 2218 1989 neque
2274 1923 2506 1992 templo,
2563 1940 2740 1996 neque
2792 1926 2952 1981 domo
3002 1928 3247 1997 quapiam
3296 1928 3618 1994 admirabili,

2044 1999 2219 2081 anue
2240 2011 2346 2067 alio
2372 2013 2559 2083 quovis
2591 2033 2603 2068 :
2637 2016 2839 2072 sciebat
2865 2018 3006 2072 enim
3031 2060 3046 2085 ,
3073 2018 3279 2074 sciebat
3303 2020 3483 2090 utique
3511 2021 3618 2075 Do-

2043 2104 2520 2161 minum'mentcm
2553 2109 2720 2163 solam
2763 2109 3069 2180 requirere;
3117 2119 3175 2168 et
3216 2123 3489 2168 exstructo
3533 2122 3620 2168 tu-

2044 2195 2323 2252 multuaria
2365 2213 2527 2267 opera
2569 2199 2759 2268 altari,
2799 2217 2920 2256 cum
2963 2205 3256 2273 accepisset
3283 2205 3524 2276 quadam
3553 2222 3617 2262 ex

2043 2289 2359 2344 animalibus
2385 2291 2595 2347 mundis
2619 2333 2634 2356 ,
2680 2303 2735 2349 et
2772 2310 2841 2349 ex
2880 2295 3064 2350 avibus
3089 2297 3336 2364 mundis,
3365 2297 3606 2354 holocau-

2043 2387 2183 2434 stum
2221 2380 2448 2448 obtulit,
2495 2392 2807 2454 gratamque
2854 2399 3003 2440 suam
3051 2385 3377 2442 voluntatem
3423 2397 3637 2458 quanta.

2043 2472 2212 2541 potuit
2255 2473 2500 2530 facultate
2541 2477 2815 2532 ostendit:
2855 2494 3011 2547 quam
3062 2479 3365 2550 approbatis
3409 2481 3620 2535 miseri-

2042 2577 2163 2617 cors
2185 2564 2324 2618 Deus
2352 2575 2406 2620 et
2433 2567 2756 2622 voluntatem
2790 2569 3064 2625 coronavit
3087 2611 3102 2634 ,
3147 2579 3202 2624 et
3243 2571 3438 2626 iterum
3467 2586 3636 2628 suam...

2043 2655 2411 2712 liberalitatem
2439 2674 2563 2730 erga
2594 2659 2740 2714 illum
2771 2661 3078 2717 declaravit.
3128 2663 3264 2717 Dicit
3299 2664 3441 2718 enim
3472 2662 3619 2718 Scri-

2046 2758 2196 2818 ptura
2230 2767 2245 2805 :
2283 2750 2373 2805 2!.
2404 2751 2471 2804 Et
2509 2752 2746 2807 odoratus
2775 2763 2844 2806 est
2872 2752 3119 2812 Dominus
3146 2753 3350 2809 odorem
3377 2758 3618 2825 fragran-

2043 2841 2145 2894 titc.
2201 2841 2332 2896 Vide
2378 2843 2644 2912 quomodo
2689 2844 2897 2898 animus
2946 2845 3217 2900 oll‘erentis
3272 2845 3514 2910 fumum,
3563 2855 3634 2901 et.

2044 2933 2284 2989 nidorem
2310 2975 2327 3001 ,
2364 2944 2418 2990 et
2441 2952 2653 2990 omnem
2681 2953 2800 3007 qua:
2829 2939 2951 2991 inde
2981 2939 3216 2992 nascitur
3241 2939 3615 2994 insuavitateni

2043 3025 2205 3080 multa
2235 3025 2521 3095 fragrantia
2549 3028 2804 3099 implevit.
2850 3029 3050 3084 idcirco
3078 3041 3133 3085 et
3157 3030 3351 3085 Paulus
3377 3030 3632 3086 scribens

2041 3115 2252 3172 dicebat
2281 3133 2294 3170 :
2322 3115 2498 3172 Bonus
2525 3119 2649 3172 odor
2675 3119 2860 3174 Christi
2891 3138 3066 3176 sumus
3089 3163 3104 3188 ,
3136 3123 3188 3175 in
3213 3123 3275 3176 iis
3300 3123 3383 3190 qui
3409 3124 3617 3178 salvan.-

2044 3219 2164 3276 tur,
2198 3220 2244 3264 et
2285 3210 2338 3264 in
2368 3211 2430 3264 iis
2458 3212 2543 3281 qui
2573 3223 2777 3281 pereunt
2805 3228 2825 3268 :
2860 3223 2906 3268 et
2947 3215 3010 3268 iis
3050 3215 3266 3283 quidem.
3287 3215 3419 3269 odor.
3444 3217 3628 3269 mortis

2042 3303 2096 3356 in
2121 3313 2352 3368 mortem,
2381 3303 2484 3358 illis
2505 3314 2675 3358 autem
2701 3305 2825 3359 odor
2851 3306 2962 3360 vita:
2984 3307 3036 3359 in
3061 3308 3232 3360 vitam.
3259 3305 3483 3362 Odorem
3505 3311 3617 3378 fra-

2041 3396 2287 3465 grantiw’
2319 3395 2394 3466 (2.
2425 3394 2633 3449 Cor..2.
2663 3396 2791 3465 15.).

2112 3488 2215 3542 Cur
2245 3487 2378 3541 Deus
2405 3490 2658 3555 sacri/icio
2686 3491 2918 3561 exegerit.
2948 3490 3267 3545 Circumcisio
3297 3492 3425 3545 nihil
3467 3493 3620 3562 perﬁ-

2043 3596 2152 3633 cere
2179 3589 2337 3649 potest
2363 3581 2430 3632 ad
2455 3583 2685 3635 salutent.
2720 3613 2792 3622 —
2840 3583 2918 3637 Ne
2946 3584 3232 3639 offendaris
3272 3585 3436 3639 verbo
3476 3600 3620 3639 cras-

2043 3672 2183 3726 siore
2213 3673 2349 3727 z-sed
2383 3673 2539 3743 hujus
2566 3675 2709 3728 verbi
2755 3684 3156 3745 attemperatam
3204 3677 3463 3732 rationem
3514 3688 3616 3732 tua:

2043 3767 2336 3822 inﬁrmitati
2363 3767 2674 3822 adscribens
2697 3769 2926 3839 intelligo
2955 3769 3095 3835 hinc,
3146 3783 3414 3841 acceptam
3457 3771 3617 3824 fuisse

2045 3861 2157 3915 Deo
2182 3861 2504 3916 oblationem
2549 3862 2699 3930 justi.
2755 3863 2822 3917 lit
2845 3863 2984 3918 enim
3023 3879 3118 3932 per
3143 3879 3232 3918 res
3253 3863 3395 3933 ipsas
3421 3863 3619 3917 sciatur

2044 3952 2328 4006 Dominum
2360 3954 2551 4006 nullius
2581 3953 2836 4022 indigere,
2865 3963 2918 4008 et
2938 3963 3150 4024 propter
3171 3953 3300 4007 nihil
3331 3953 3473 4008 aliud
3503 3953 3617 4007 lucc

2043 4043 2157 4098 ﬁeri
2189 4044 2492 4110 permisisse
2517 4087 2531 4110 ,
2558 4061 2714 4114 quam
2735 4054 2790 4100 ut
2813 4046 3052 4101 homines
3072 4045 3135 4100 ad
3151 4056 3358 4116 gratum
3383 4047 3617 4100 animum

2043 4134 2377 4190 adduceret:
2413 4144 2692 4204 propterea
2741 4137 3007 4192 concessit
3048 4145 3105 4190 ut
3160 4138 3280 4206 igne
3324 4151 3638 4195 consmncu

2043 4238 2248 4294 rentur,
2272 4237 2330 4283 ut
2357 4245 2422 4284 ex
2455 4229 2520 4282 iis
2566 4245 2686 4298 quae
2732 4229 2863 4284 ﬁunt
2888 4271 2902 4291 ,
2931 4229 3137 4285 discant
3165 4228 3202 4282 ii
3227 4228 3317 4299 qui
3360 4229 3613 4294 offerunt,

2042 4325 2219 4378 omnia
2251 4335 2463 4392 propter
2485 4339 2670 4379 eorum
2699 4325 2976 4379 utilitatem
3011 4325 3146 4380 ﬁeri.
3175 4324 3352 4393 Quare
3394 4337 3570 4380 autem
3597 4369 3619 4391 ν

2043 4415 2148 4482 dic,
2178 4429 2382 4484 quaeso,
2414 4415 2528 4469 ha~c
2579 4415 2692 4468 ﬁeri
2732 4415 2950 4471 omnino
2996 4416 3299 4484 permittit?
3325 4415 3391 4470 Et
3431 4415 3483 4469 in
3514 4415 3616 4468 hoc

2047 4517 2244 4561 nostrae
2273 4507 2594 4560 inﬁrmitatis
2617 4506 2845 4561 habetur.
2865 4507 3018 4562 ratio.
3042 4505 3173 4578 Quia
3205 4505 3352 4563 enim
3371 4505 3616 4560 homines

2043 4601 2292 4670 paulatim
2319 4615 2347 4653 a
2371 4615 2499 4654 vero
2526 4599 2618 4653 Dei
2645 4598 2788 4656 cultu
2815 4597 3069 4657 defecturi
3096 4606 3270 4663 erant,
3288 4605 3345 4653 et
3362 4598 3461 4652 sibi
3482 4597 3620 4656 deos

2042 4693 2364 4762 cooptaturi,
2390 4691 3244 4762 quibus.sacriﬁciaimmolarent,
3276 4690 3424 4760 prius
3447 4689 3623 4749 voluit

2041 4791 2101 4836 ut
2124 4783 2222 4837 sibi
2255 4783 2394 4838 dona
2415 4781 2761 4848 offerrentur,
2782 4795 2891 4850 quo
2916 4780 3010 4836 vel.
3024 4781 3106 4836 sic
3121 4779 3462 4849 depellereta
3492 4794 3614 4850 pere

2043 4875 2244 4928 nicioso
2269 4888 2449 4927 errore
2465 4887 2570 4926 -eos
2593 4873 2789 4942 quibus.
2811 4869 3250 4940 indepericulum
3277 4869 3606 4924 imminebat.

2043 4967 2110 5022 Et
2153 4975 2212 5020 ut
2264 4965 2524 5033 intelligas
2582 4963 2695 5022 haec
2733 4963 2914 5016 omnia
2958 4976 3210 5016 concessa
3238 4961 3400 5016 fuisse
3423 4963 3492 5017 ob
3512 4979 3614 5016 no-

2041 5069 2205 5114 stram
2237 5059 2630 5121 inﬁrmitatem,
2671 5055 2882 5117 attende
2924 5055 3190 5124 quomodo
3241 5065 3424 5125 postea
3472 5067 3612 5112 tein-

2043 5167 2171 5221 pore
2201 5151 2538 5220 procedente,
2569 5149 2793 5204 voluerit
2847 5147 3303 5203 circumcisiouem
3350 5164 3446 5218 pro
3497 5150 3611 5217 lege

2041 5243 2222 5306 statui,
2251 5257 2354 5294 non
2381 5240 2520 5310 quod
2566 5239 2630 5291 ad
2678 5239 2868 5292 anima:
2917 5238 3139 5292 salutem
3193 5238 3448 5307 perﬁcere
3497 5240 3610 5294 hinc

2039 5334 2208 5404 possit
2226 5331 2421 5401 aliquid
2450 5364 2466 5388 .
2508 5327 2603 5382 sed
2642 5336 2700 5384 ut
2720 5332 2850 5384 hoc.
2895 5329 3036 5400 grati
3103 5328 3264 5386 animi
3307 5328 3556 5383 indicium
3587 5371 3602 5394 ,

2040 5428 2188 5498 quasi
2218 5427 2423 5495 signum
2456 5431 2511 5478 ct
2537 5420 2765 5489 sigillum
2791 5419 3192 5473 circumterrent
3217 5418 3386 5474 Judrei
3411 5460 3426 5486 ,
3455 5428 3510 5475 et
3536 5435 3605 5473 ne

2031 5520 2211 5574 liceret
2228 5517 2316 5572 .eis
2343 5509 2678 5569 commisceri
2707 5509 2941 5580 gentium
2965 5509 3360 5580 congressibus.

2083 5702 2099 5733 ι
2135 5697 2296 5748 Morel.
2323 5707 2374 5748 et
2395 5697 2533 5746 savii.
2563 5698 2639 5746 hic
2661 5705 2908 5758 repetunt,
2946 5703 2991 5747 et
3012 5699 3237 5752 odoratus
3260 5709 3330 5752 est
3356 5701 3616 5758 Pontinas.

357 5768 786 5826 benedictionem
832 5769 975 5825 illam
1015 5777 1216 5826 tantum
1258 5769 1360 5824 sibi
1404 5767 1707 5823 aﬁ‘erentem
1733 5768 1932 5825 solatii:

2045 5764 2211 5814 dorem
2233 5761 2663 5828 fragrantiwatpiw
2687 5761 2736 5810 iu
2760 5768 2864 5810 Mss.
2888 5761 3083 5810 desunt.
