4062 6396
511 384 607 439 N3

572 484 625 538 5.
655 481 785 535 Hinc
812 481 996 533 beatus
1027 478 1221 531 Paulus
1252 477 1458 545 signum
1506 475 1605 529 hoc
1636 485 1824 539 vocat,
1848 479 2033 529 dicens
2064 495 2075 528 :

503 571 566 626 Et
589 574 786 642 signum
815 570 949 623 dedit
977 568 1388 631 circumcisionis,
1417 566 1637 635 sigillum
1667 567 1842 636 (Rom.
1871 566 1923 619 4.
1947 566 2002 619 Η
2036 567 2075 635 ).

502 664 629 718 Nam
659 662 797 732 quod
825 660 889 713 ad
934 659 1192 729 justitiam
1249 657 1378 711 nihil
1435 656 1719 719 conducat,
1756 671 1883 710 ecce
1912 666 1966 710 et
1992 655 2077 709 hic

499 753 667 823 justus
692 792 707 815 ,
737 750 968 804 nondum
1019 758 1214 801 statuta
1257 748 1684 811 circutncisiOnc,
1717 746 1782 800 ad
1836 748 2076 801 eamdem

500 844 741 913 pervenit
790 844 1058 896 virtutem.
1114 841 1177 894 Et
1223 839 1347 909 quid
1406 838 1570 893 dico?
1617 837 1734 907 Ipse
1784 837 2076 907 patriarcha

500 938 787 999 Abraham,
819 936 1119 1003 priusquam
1151 932 1615 995 circutncisionem
1646 931 1942 999 acciperet,
1973 930 2077 984 lide

498 1031 606 1082 sola
630 1028 950 1096 justiticatus
989 1032 1089 1077 est.
1128 1023 1255 1075 Nam
1288 1031 1410 1075 ante
1462 1020 1921 1075 circumcisionem
1952 1061 1966 1082 ,
1999 1022 2077 1071 in-

496 1120 629 1188 quit,
663 1117 886 1171 Credidit
917 1117 1170 1168 Abraham
1211 1114 1313 1166 Deo
1345 1157 1356 1175 ,
1391 1124 1438 1165 et
1466 1121 1749 1179 reputatunt
1778 1121 1850 1164 est
1894 1112 1969 1163 illi
2008 1110 2076 1162 ad

496 1211 739 1274 iustitiam
766 1208 938 1279 (Rom.
971 1208 1024 1261 4.
1058 1208 1137 1273 ὗ).
1169 1207 1305 1273 Quid
1362 1206 1521 1270 igitur
1551 1202 1795 1270 superbis
1824 1244 1838 1265 ,
1868 1201 2006 1254 Judtt
2021 1216 2071 1267 c,

497 1304 547 1355 in
582 1299 1023 1353 circumcisione?
1053 1298 1206 1350 Disce
1236 1306 1358 1349 ante
1390 1295 1523 1347 hanc
1552 1293 1713 1347 fuisse
1734 1296 1907 1359 justus
1930 1293 2071 1344 mul-

495 1402 597 1444 tos.
625 1390 833 1443 Etenim
861 1388 988 1441 Abel
1006 1388 1101 1439 lide
1124 1387 1445 1440 oblationem
1466 1384 1609 1445 fecit,
1627 1382 2071 1451 quemadmodum

503 1491 555 1533 et
584 1480 777 1533 Paulus
803 1478 931 1531 dicit
966 1494 978 1527 :
1016 1475 1142 1528 Fide
1184 1476 1457 1527 uberiorem
1488 1473 1700 1525 hostiam
1745 1473 1922 1524 obtulit
1952 1471 2074 1525 Abel

502 1571 632 1635 Deo,
658 1588 808 1637 quant
833 1568 958 1623 Cain
994 1571 1012 1637 (
1042 1567 1196 1622 llebr.
1227 1568 1314 1623 il.
1344 1567 1376 1620 ιι
1406 1565 1458 1636 );
1488 1576 1542 1618 et
1576 1563 1757 1618 Euoch
1788 1564 2072 1617 translatus

493 1671 595 1725 est,
616 1672 669 1715 et
706 1660 819 1715 Noe
862 1661 930 1713 oh
957 1660 1171 1712 multam
1200 1658 1456 1725 justitiam
1504 1663 1870 1723 tempestatem
1928 1654 2069 1707 illam

493 1752 858 1820 gravissimam
918 1750 1100 1814 effugit
1130 1767 1143 1813 ;
1175 1757 1229 1801 et
1278 1747 1544 1801 Abraham
1602 1754 1724 1798 ante
1767 1738 1951 1804 hanc,
2000 1744 2070 1797 ob

498 1860 647 1895 suam
680 1842 730 1895 in
756 1842 921 1895 Deum
969 1841 1124 1893 [idem
1169 1840 1470 1893 eeleliratus
1510 1836 1631 1893 fuit.
1665 1837 1754 1890 Sic
1802 1838 1870 1889 ab
1920 1836 2070 1888 initio

495 1950 595 1999 per
625 1932 782 1988 fidem
814 1934 1101 1985 humanum
1126 1945 1291 2000 genus
1318 1930 1541 1984 salutem
1576 1938 1918 1996 assequutum
1964 1936 2064 1981 est.

492 2028 633 2080 Sane
671 2034 951 2095 propterea
984 2024 1221 2093 permisit
1251 2023 1508 2091 benignus
1537 2020 1788 2074 Dominus
1809 2019 2066 2073 sacriﬁcia

487 2117 585 2169 sibi
612 2116 811 2181 oll'erri,
838 2126 893 2168 ut
922 2116 1171 2183 quoniam
1198 2131 1229 2169 n
1249 2125 1384 2166 itura
1414 2124 1592 2166 nostra
1626 2112 1983 2180 impcrfectius
2010 2127 2068 2166 se

489 2206 753 2270 habebat,
783 2207 942 2259 simul
988 2218 1043 2260 et
1092 2222 1240 2258 suam
1271 2214 1475 2273 gratam
1523 2207 1845 2257 voluntatem
1892 2203 2068 2256 decla-

495 2314 632 2357 rare,
666 2308 721 2351 et
750 2298 1010 2350 idolorum
1049 2296 1407 2366 perniciosum
1442 2298 1644 2349 cultum
1676 2294 1909 2363 ell'ugere
1940 2308 2064 2362 pos-

488 2391 574 2441 sit.
610 2390 740 2444 Nam
767 2392 829 2450 si,
858 2406 979 2444 cum
1009 2398 1208 2443 tantum
1239 2387 1390 2441 nobis
1422 2386 1693 2439 indulserit
1727 2386 1882 2447 Deus,
1915 2387 2064 2440 multi

486 2492 663 2535 tamen
702 2496 729 2532 a
764 2482 913 2535 ruina
957 2480 1057 2533 sibi
1099 2496 1202 2533 non
1233 2490 1529 2533 caverunt:
1571 2478 1613 2531 si
1647 2477 1747 2531 hoc
1780 2492 1885 2530 non
1930 2476 2062 2529 fuis-

483 2583 564 2625 set
589 2572 780 2626 factum
808 2614 823 2638 ,
868 2587 974 2641 quo
1011 2581 1161 2640 pacto
1197 2572 1317 2641 quis
1343 2569 1593 2624 damnum
1623 2570 1724 2624 hoc
1749 2568 2020 2639 eﬂ‘ugisset
2040 2570 2063 2621 ?

483 2659 550 2716 Et
587 2664 824 2715 odoratus
857 2672 931 2716 est
965 2661 1214 2715 Dominus
1244 2660 1381 2716 Deus
1421 2662 1622 2714 odorem
1650 2660 1963 2730 fragrantiw.
1994 2662 2063 2713 At

480 2772 586 2807 non
619 2756 687 2808 ita
724 2764 807 2808 est
832 2754 898 2808 de
929 2756 1147 2823 ingratis
1170 2753 1368 2809 Judaeis
1397 2772 1410 2805 :
1441 2752 1534 2807 sed
1574 2752 1877 2823 quomodo?
1924 2750 2060 2804 Audi

481 2844 792 2914 prophetam
832 2837 1096 2899 dicentem
1141 2862 1155 2897 :
1198 2843 1500 2913 Thymiama
1543 2843 1597 2895 in
1640 2841 2061 2894 abominationem

479 2936 603 2986 mihi
630 2944 700 2986 est
728 2934 878 3002 (Isai.
914 2935 964 2987 1.
993 2933 1080 3003 15)
1115 2951 1129 2987 :
1162 2932 1312 3002 quasi
1342 2931 1589 2986 ostendat
1614 2931 1900 2986 voluntatis
1929 2930 2059 2985 oll‘c-

480 3026 703 3076 teutiuut
727 3026 997 3077 malitiam.
1029 3022 1486 3090 Quemadmodum
1518 3024 1659 3075 enim
1692 3022 1921 3089 hicjusti
1952 3022 2061 3074 vir-

479 3124 562 3170 tus
602 3116 801 3168 fumum
830 3124 884 3168 et
927 3116 1168 3169 nidorem
1211 3113 1333 3167 fecit
1357 3113 1576 3167 odorem
1610 3111 1913 3181 fragrantite
1940 3129 1954 3165 :
1982 3112 2058 3164 sic

477 3207 614 3274 apud
648 3207 766 3259 illos
795 3206 1128 3261 otl'ereutium
1166 3207 1397 3275 nequitia
1428 3206 1565 3258 bene
1596 3206 1744 3258 olens
1770 3204 2054 3273 thymiama

482 3297 534 3348 itt
583 3296 988 3350 abetniuabilem
1042 3296 1261 3349 odorem
1314 3295 1594 3349 convertit.
1656 3294 1815 3363 Igitur
1863 3296 2055 3363 ubique

474 3387 799 3453 studeamus,
825 3404 1025 3457 quzeso,
1052 3399 1282 3442 mentem
1310 3388 1499 3442 alTerre
1529 3388 1907 3457 incorruptam.
1930 3389 2055 3443 llaec

473 3478 615 3532 enim
644 3493 799 3533 causa
831 3490 913 3533 est
949 3479 1187 3532 omnium
1233 3479 1512 3533 bonorum.
1562 3477 1739 3532 Bonus
1767 3480 1905 3532 cuitu
1946 3480 2052 3533 Do-

472 3572 649 3625 minus
694 3587 795 3625 non
844 3572 1119 3625 consuevit
1163 3572 1440 3626 attendere
1482 3571 1547 3624 ad
1589 3586 1649 3623 ea
1694 3586 1811 3640 quae
1839 3586 1866 3623 a
1900 3572 2052 3625 nobis

471 3664 621 3726 tiuut,
640 3662 730 3717 sed
749 3662 812 3716 ad
836 3664 1095 3716 internam
1114 3675 1364 3727 mentem,
1383 3678 1411 3715 a
1429 3677 1548 3731 qua,
1569 3671 1625 3716 ut
1642 3661 1755 3715 haec
1776 3660 2047 3726 faciamus,

470 3756 811 3824 impellimur,
842 3766 895 3810 et
923 3757 986 3809 ad
1018 3757 1150 3809 hanc
1178 3765 1423 3825 spectans
1454 3755 1536 3808 vel
1566 3754 1824 3823 approbat
1843 3770 1903 3807 ea
1930 3768 2050 3821 qme

468 3863 495 3901 a
529 3847 679 3903 nobis
708 3848 835 3901 fiunt
862 3889 877 3910 ,
918 3849 998 3902 vel
1028 3857 1325 3902 aversatur.
1384 3847 1566 3916 Itaque
1606 3848 1718 3900 sive
1749 3860 2044 3915 precemur,

468 3940 579 3993 sive
619 3940 960 4008 jejunemus,
1006 3941 1118 3994 sive
1160 3941 1553 4010 elecmosynam
1586 3938 1838 3993 faciamus
1882 3938 2047 4007 (ipsa)

467 4031 607 4086 enim
658 4040 781 4084 sunt
833 4031 1133 4100 spirituales
1181 4040 1376 4084 nostra:
1426 4030 1696 4096 hostiae),
1745 4030 1857 4082 sive
1904 4028 2047 4085 aliud

466 4123 736 4191 spirituale
764 4123 1028 4193 quoddam
1048 4139 1181 4192 opus
1207 4122 1481 4186 faciamus,
1511 4122 1611 4175 hoc
1632 4121 1885 4176 faciamus
1906 4120 2044 4174 bona

466 4224 646 4268 tuente
690 4216 887 4268 incitati
920 4233 934 4269 :
964 4223 1020 4268 ut
1065 4224 1119 4268 et
1171 4215 1444 4268 laboribus
1486 4214 1697 4282 dignam
1752 4212 2045 4267 referamus

465 4319 737 4358 coronam.
764 4306 919 4359 Esset
948 4308 1087 4359 enim
1120 4306 1519 4373 perabsurdum,
1542 4306 1773 4359 laborem
1801 4320 1897 4360 nos
1920 4320 2041 4359 susv

465 4398 659 4459 tiuere,
694 4407 748 4450 et
786 4398 1030 4452 mercede
1069 4397 1336 4455 fraudari.
1383 4400 1666 4467 siquidem
1697 4414 1800 4452 non
1848 4412 2040 4453 secun-

464 4488 590 4540 dutn
634 4489 779 4557 leges
820 4489 888 4543 ab
934 4488 1025 4543 illo
1071 4489 1223 4543 nobis
1250 4490 1401 4543 datas
1433 4491 1678 4543 virtutem
1709 4504 2039 4546 exercemus.

464 4577 605 4633 Fieri
646 4589 820 4632 autem
853 4588 1027 4649 potest
1046 4580 1114 4633 ob
1143 4596 1385 4649 magnam
1412 4580 1506 4635 Dei
1536 4581 1914 4650 benignitatem
1941 4622 1956 4646 ,
1986 4591 2043 4634 ut

462 4688 623 4739 opere
670 4672 906 4727 nondum
951 4674 1257 4742 completo,
1308 4690 1559 4729 corooam
1605 4676 1723 4743 quis
1752 4676 1976 4745 accipiat
2009 4692 2039 4729 a

462 4766 574 4819 sola
607 4767 690 4833 pia
717 4776 913 4819 mente.
963 4766 1025 4818 lit
1053 4775 1109 4818 ut
1136 4765 1236 4818 hoc
1262 4766 1437 4820 discas
1460 4807 1474 4828 ,
1503 4767 1722 4821 adverte
1746 4806 1761 4831 ,
1791 4767 2037 4831 obsecro,

462 4856 563 4911 hoc
606 4858 657 4908 in
699 4856 1057 4927 eleemosyna.
1104 4855 1236 4909 Nam
1280 4857 1323 4909 si
1367 4856 1579 4926 quando
1602 4858 1751 4911 vides
1776 4858 2041 4925 jacentem

462 4950 513 5002 in
539 4948 653 5001 foro
673 4987 688 5011 ,
715 4958 769 5001 et
796 4960 1033 5002 extrema
1064 4949 1239 5017 inopia
1268 4950 1566 5015 detentum,
1592 4961 1645 5005 et
1670 4951 1942 5016 condoles,
1975 4966 2039 5004 ac

460 5051 638 5095 mente
666 5042 717 5095 in
746 5041 933 5095 caelum
972 5042 1178 5096 sublata
1222 5042 1416 5111 gratias
1458 5057 1571 5111 agis
1615 5044 1874 5105 Domino,
1925 5052 2037 5095 tum

464 5143 680 5201 propter
704 5148 765 5185 ea
794 5148 910 5201 quae
941 5133 1034 5185 tibi
1060 5147 1315 5187 concessa
1348 5143 1507 5195 sunt,
1540 5144 1649 5186 tum
1703 5143 1917 5202 propter
1958 5134 2038 5191 in.-

458 5224 574 5291 opis
604 5204 911 5291 patientiam
935 5241 947 5275 :
974 5224 1181 5277 etiamsi
1206 5240 1309 5276 non
1335 5225 1504 5291 possis
1531 5226 1744 5293 explere
1770 5234 1823 5277 et
1849 5223 2037 5277 sedare

458 5316 596 5370 illius
629 5313 841 5378 famem,
870 5326 1089 5384 propter
1118 5314 1313 5368 bonum
1345 5318 1675 5384 propositum
1697 5332 2037 5370 consumma—

459 5416 563 5461 tam
607 5402 833 5473 recipies
875 5404 1196 5461 mercedem.
1254 5405 1321 5458 Et
1363 5421 1426 5459 ea
1464 5406 1531 5459 de
1577 5421 1734 5460 causa
1782 5407 2036 5460 Dominus

456 5512 664 5565 quoque
693 5497 899 5550 dieebat
935 5514 947 5549 :
982 5496 1041 5549 Si
1086 5499 1195 5564 quis
1226 5509 1398 5566 potum
1435 5500 1624 5551 dederit
1653 5501 1860 5552 calicem
1894 5516 2038 5565 aqua:

459 5589 660 5655 frigida:
688 5598 881 5641 tantum
906 5589 957 5639 in
1002 5590 1201 5641 nomine
1233 5590 1504 5658 discipuli,
1545 5606 1688 5642 amen
1724 5591 1836 5642 dico
1875 5592 2031 5646 vobis.

460 5697 562 5735 non
592 5684 759 5744 perdet
790 5678 1065 5732 mercedem
1092 5694 1234 5731 suam
1262 5678 1469 5750 (Matth.
1492 5680 1577 5733 10.
1602 5682 1715 5747 42).
1748 5680 1882 5734 Num
1911 5681 2035 5748 quid

469 5773 657 5846 poculo
686 5790 833 5845 aqua:
863 5775 1061 5846 frigidae
1092 5776 1341 5831 tenuius?
1378 5774 1482 5833 Sed
1512 5774 1720 5833 animus
1748 5776 1864 5850 pius
1888 5792 2023 5834 mer-

1274 377 1333 431 S.
1375 374 1656 432 JOANNIS
1694 370 2164 427 CHRYSOSTOMI
2201 374 2515 429 ARCHIEP.
2557 376 3087 434 CONSTANTINOP.

3656 378 3750 433 2H

2180 488 2365 541 cedem
2399 489 2520 543 inde
2558 490 2656 543 sibi
2697 492 2964 546 conciliat.
3020 492 3129 547 lloc
3159 504 3212 547 et
3253 495 3303 548 in
3333 496 3573 566 opposito
3603 499 3732 554 inve-

2178 580 2403 633 niemus.
2434 581 2620 650 Operae
2645 584 2871 651 pretium
2897 585 3036 637 enim
3065 594 3145 638 est
3164 626 3180 650 ,
3214 595 3269 639 ut
3297 585 3364 640 de
3389 587 3454 640 iis
3479 587 3735 654 loquamur

2176 673 2381 725 caritati
2430 684 2655 741 vestrae,
2706 690 2813 745 quo
2853 674 3002 729 vobis
3042 676 3153 729 lucc
3184 687 3428 733 accurate
3464 680 3747 735 scientibus

2178 763 2453 829 probitatis
2495 774 2726 819 tutamen
2757 768 3095 836 comparetis.
3127 769 3260 822 Audi
3290 770 3429 823 enim
3462 770 3585 840 quid
3611 772 3749 827 dicat

2173 854 2414 908 Christus
2454 874 2465 908 :
2500 856 2601 920 Qui
2644 859 2845 927 respicit
2891 862 3147 913 mulierem
3194 862 3264 913 ad
3302 864 3747 931 concupiscendum

2172 961 2282 997 eam
2308 987 2321 1003 .
2362 949 2475 1014 jam
2507 950 2782 1003 moechatus
2818 960 2888 1002 est
2921 967 3030 1004 eam
3068 953 3121 1005 in
3158 953 3308 1005 corde
3334 970 3424 1006 suo
3456 952 3665 1021 (Matth.
3691 955 3740 1009 5.

2169 1034 2283 1101 28).
2316 1034 2473 1089 Vides
2500 1046 2555 1091 et
2598 1037 2683 1091 hic
2722 1041 2909 1092 iterum
2940 1043 3128 1094 malam
3173 1052 3403 1095 mentem
3436 1045 3584 1112 sequi
3614 1060 3743 1097 con-

2170 1124 2564 1183 detunationem
2590 1170 2605 1193 ,
2638 1139 2693 1185 et
2716 1132 2784 1185 ob
2810 1132 3254 1187 inconsideratum
3284 1135 3526 1188 intuitum
3553 1178 3566 1198 ,
3600 1139 3742 1205 quasi

2169 1218 2489 1286 completum
2517 1230 2662 1274 esset
2687 1221 2932 1276 adulterii
2956 1240 3109 1292 Opus,
3144 1240 3351 1294 pteuam
3384 1227 3609 1281 inferri?
3640 1229 3740 1283 lta-

2168 1324 2273 1377 que
2301 1325 2421 1363 cum
2466 1311 2578 1365 lucc
2621 1314 2896 1378 sciamus,
2949 1316 3181 1385 undique
3227 1331 3460 1372 mentem
3511 1329 3743 1375 nostram

2169 1399 2305 1453 bene
2337 1403 2637 1456 muniamus
2659 1444 2673 1467 ,
2710 1412 2766 1457 ut
2804 1420 2897 1472 per
2922 1420 3039 1459 eam
3072 1405 3201 1459 ﬁant
3232 1418 3448 1476 accepta
3477 1424 3595 1479 qua?
3622 1408 3742 1463 faci-

2169 1503 2306 1542 mus.
2358 1489 2486 1543 Nam
2530 1493 2575 1545 si
2625 1492 2823 1546 fumum
2854 1503 2907 1547 et
2944 1496 3183 1549 nidorem
3231 1498 3386 1551 \ertit
3429 1498 3479 1551 in
3524 1498 3741 1553 odorem

2165 1578 2487 1648 fragrantiar,
2515 1582 2639 1649 quid
2668 1600 2772 1637 non
2800 1600 2829 1635 e
2856 1587 3115 1653 spirituali
3143 1598 3323 1640 nostro
3352 1588 3549 1643 faceret
3575 1592 3736 1649 cultu.

2164 1676 2220 1721 et
2246 1681 2495 1738 quantam
2536 1687 2640 1725 non
2687 1676 2908 1741 gratiam
2956 1677 3161 1730 caelitus
3199 1679 3352 1730 nobis
3399 1683 3742 1747 procuraret?

2165 1758 2229 1811 Et
2247 1760 2487 1814 odoratus
2512 1773 2604 1828 est,
2638 1765 2823 1832 inquit,
2857 1764 3104 1819 Dominus
3123 1766 3261 1821 Deus
3283 1770 3487 1822 adorent
3509 1772 3742 1841 fragran-

2164 1850 2265 1903 tiae.
2316 1851 2501 1906 Vidisti
2536 1869 2654 1923 qua:
2682 1854 2867 1910 fecerit
2888 1857 3064 1923 justus
3092 1899 3106 1919 ,
3151 1860 3417 1928 quomodo
3441 1902 3455 1922 ,
3486 1872 3739 1929 quantum

2162 1942 2228 1994 ad
2273 1951 2550 1997 externum
2599 1947 2959 2014 spectaculum
3010 1951 3269 2017 pertinet,
3320 1966 3431 2003 rem
3480 1966 3735 2019 parvam;

2161 2042 2415 2100 quantum
2445 2043 2619 2088 autem
2665 2036 2731 2089 ad
2773 2038 3041 2102 animum,
3083 2040 3469 2110 permagnam?
3510 2044 3740 2099 Attende

2163 2133 2340 2176 autem
2365 2124 2617 2194 deinceps
2646 2128 2956 2181 immensam
2984 2128 3263 2185 clementis
3292 2132 3497 2186 Domini
3528 2132 3738 2187 b0nita-

2161 2219 2286 2265 tem.
2339 2211 2403 2264 Et
2431 2214 2559 2267 dixit
2589 2214 2833 2270 Dominus
2872 2216 3007 2271 Deus
3037 2221 3091 2272 in
3129 2230 3289 2274 mente
3312 2238 3407 2274 sua
3443 2238 3461 2275 :
3498 2222 3593 2278 21.
3619 2223 3737 2278 Νοη

2157 2303 2396 2372 adjiciam
2437 2306 2569 2358 ultra
2613 2316 2665 2358 ut
2710 2309 3008 2361 maledicunt
3050 2319 3196 2363 teme
3237 2322 3440 2380 propter
3466 2330 3623 2382 opera
3649 2315 3735 2368 ho-

2157 2394 2381 2460 minam,
2430 2396 2547 2463 quia
2588 2398 2828 2450 incumbit
2862 2415 3000 2453 mens
3036 2399 3252 2453 hominis
3282 2404 3470 2456 intente
3505 2406 3561 2457 in
3601 2406 3734 2458 mala

2156 2500 2308 2553 Opera
2335 2502 2366 2537 a
2390 2487 2667 2557 juventute.
2714 2487 2835 2543 Non
2870 2491 3025 2560 igitur
3064 2492 3334 2561 adjiciam,
3379 2504 3432 2546 ut
3460 2498 3735 2563 percutiant

2156 2592 2351 2629 omnent
2375 2593 2575 2630 carnent
2603 2581 2843 2634 viventem
2865 2623 2880 2646 ,
2911 2585 3041 2635 sicut
3069 2583 3170 2650 feci
3187 2623 3204 2651 ,
3245 2582 3335 2637 22.
3368 2585 3600 2641 ontnibus
3624 2586 3731 2640 die-

2154 2667 2245 2718 bus
2272 2677 2432 2721 terrae.

2230 2840 2281 2891 4.
2312 2837 2550 2907 Magnum
2574 2839 2935 2896 beneficentia:
2964 2840 3198 2909 pondus;
3231 2846 3414 2911 ingens
3441 2844 3737 2900 clementia:

2157 2929 2505 2999 magnitudo;
2540 2931 2819 2986 ineffabilis
2871 2933 3165 2987 tolerantia:
3214 2938 3611 3002 exsuperantia.
3673 2936 3737 2989 Et

2158 3018 2285 3070 dixit
2310 3017 2555 3074 Dominus
2585 3020 2721 3075 Deus
2747 3024 2798 3075 in
2825 3034 2987 3076 mente
3014 3040 3123 3075 sua.
3161 3023 3313 3086 Illud,
3343 3023 3408 3077 In
3438 3036 3602 3077 mente
3622 3043 3734 3091 sua,

2159 3110 2348 3165 iterum
2375 3113 2606 3167 humano
2630 3132 2776 3168 more
2806 3116 2953 3180 dicit,
2985 3117 3208 3185 etqnasi
3237 3128 3475 3171 naturam
3500 3129 3735 3172 IIOSIt‘ulll

2160 3207 2466 3274 respiciens.
2528 3207 2647 3260 Non
2696 3210 2935 3275 adjiciam
2972 3211 3106 3263 ultra
3148 3220 3203 3262 ut
3251 3212 3549 3264 maledicam
3594 3222 3738 3265 terra:

2156 3307 2359 3365 propter
2393 3314 2545 3366 opera
2575 3299 2853 3353 hominum.
2911 3301 2978 3354 Et
3004 3300 3241 3367 homini,
3279 3302 3368 3371 qui
3397 3303 3604 3371 primus
3629 3303 3737 3357 for-

2147 3395 2325 3441 matus
2352 3398 2472 3451 est,
2521 3389 2731 3443 dicebat
2753 3430 2767 3453 ,
2801 3406 2921 3444 cmn
2952 3391 3023 3445 illi
3052 3394 3393 3446 malediceret
3421 3410 3432 3444 :
3465 3394 3662 3461 Spinas
3689 3404 3735 3447 et

2155 3480 2361 3535 tribulos
2407 3482 2705 3551 germinabit
2750 3484 2837 3535 tibi
2869 3484 3088 3555 (Genes.
3117 3486 3170 3539 5.
3211 3487 3296 3540 l8.
3333 3497 3380 3539 et
3407 3487 3461 3540 4.
3494 3486 3637 3557 12);
3682 3496 3734 3541 et

2151 3571 2317 3625 (Iaino
2338 3574 2599 3627 similiter.
2629 3575 2761 3641 Quia
2782 3586 2956 3629 autem
2972 3591 3113 3630 nunc
3135 3592 3472 3632 communem
3491 3580 3728 3632 onmium

2152 3662 2420 3718 invexerat
2464 3664 2773 3731 interitum,
2822 3677 2879 3719 ut
2906 3668 3323 3722 coosolationem
3368 3669 3459 3722 det
3497 3670 3642 3737 justo
3680 3681 3732 3723 et

2151 3744 2394 3807 fiduciam
2424 3756 2470 3807 ei
2499 3755 2692 3819 addat,
2746 3772 2813 3809 ne
2854 3755 2991 3810 forte
3034 3758 3228 3825 Cogitet
3277 3759 3412 3824 apud
3461 3774 3556 3821 se,
3604 3759 3732 3826 Quae

2150 3846 2343 3898 utilitas
2368 3845 2506 3898 data:
2537 3846 2969 3899 benedictionis?
2998 3858 3050 3900 et
3075 3848 3216 3917 quod
3232 3850 3473 3914 'dixerit,
3514 3848 3732 3903 Crescite

2152 3944 2197 3985 et
2218 3934 2625 4004 multiplicamini
2657 3936 2809 4000 (Gen.
2845 3939 2895 3990 1.
2924 3937 3021 4007 28)
3043 3979 3056 4001 ,
3103 3938 3148 3991 si
3180 3938 3405 4004 iterum,
3435 3942 3522 3995 tibi
3554 3940 3729 3993 tuulti~

2147 4026 2320 4092 plicati
2350 4024 2606 4081 fuerimus
2626 4069 2640 4091 ,
2674 4029 3003 4096 pereundum
3031 4031 3100 4083 sit
3131 4031 3281 4084 nobis
3304 4032 3326 4084 ?
3368 4030 3498 4085 Nam
3524 4033 3651 4085 olim
3678 4042 3725 4085 et

2144 4117 2351 4170 Adamo
2378 4117 2583 4171 dixerat
2613 4136 2625 4170 :
2661 4118 2877 4172 Crescite
2905 4131 2950 4172 et
2978 4121 3380 4189 multiplicamini
3410 4139 3428 4176 :
3459 4132 3517 4176 et
3543 4138 3730 4193 super-

2144 4211 2288 4264 venit
2316 4221 2491 4264 tamen
2537 4212 2813 4265 diluvium.
2872 4212 2939 4266 Ut
2970 4228 3097 4282 ergo
3137 4229 3204 4267 ne
3233 4215 3519 4283 cogitando
3542 4230 3721 4267 secum

2145 4302 2267 4356 talia
2309 4302 2363 4355 in
2413 4312 2667 4371 perpetuo
2710 4317 2907 4371 angore
2939 4313 3121 4370 esset,
3179 4304 3302 4359 Vide
3346 4306 3725 4374 benignitatem

2145 4394 2374 4447 Domini.
2402 4392 2522 4446 Non
2554 4395 2793 4463 adjiciam
2813 4436 2827 4458 ,
2856 4395 3063 4463 inquit,
3093 4396 3230 4448 ultra
3258 4398 3559 4451 maledicere
3584 4410 3728 4451 terrm

2142 4496 2348 4555 propter
2388 4502 2539 4555 Opera
2567 4486 2845 4538 hominum.
2880 4486 3010 4539 Vide
3038 4488 3305 4555 quomodo
3329 4488 3639 4553 declaravit,
3669 4506 3726 4543 se

2144 4589 2362 4649 propter
2412 4580 2598 4632 horum
2650 4581 2901 4633 malitiam
2952 4580 3380 4635 maledictioncm
3433 4592 3595 4636 terra:
3643 4584 3725 4635 iu-

2142 4672 2367 4725 vexisse.
2402 4670 2598 4723 Deinde
2620 4682 2676 4723 ut
2706 4687 2771 4723 ne
2811 4681 3055 4737 putemus
3084 4674 3251 4741 ipsum
3280 4672 3399 4726 ideo
3428 4672 3567 4726 hanc
3601 4690 3724 4742 pro--

2142 4763 2448 4815 missionem
2495 4761 2683 4815 fecisse
2707 4802 2721 4826 ,
2772 4764 2895 4830 quia
2928 4762 3027 4830 ipsi
3065 4763 3174 4830 jam
3210 4764 3258 4816 in
3292 4766 3481 4817 melius
3509 4780 3571 4818 se
3600 4782 3725 4818 con-

2143 4863 2430 4918 verterant,
2455 4853 2624 4921 inquit
2652 4872 2663 4906 :
2695 4852 2826 4916 Quia
2868 4855 3103 4906 incumbit
3132 4870 3268 4906 mens
3291 4855 3509 4908 hominis
3542 4858 3726 4907 intente

2140 4947 2194 4999 in
2215 4948 2346 4998 mala
2378 4963 2531 5015 opera
2558 4964 2589 4998 a
2605 4948 2883 5015 juventute.
2934 4947 3068 4999 llara
3117 4947 3453 5015 benignitatis
3496 4952 3719 5016 species.

2144 5040 2294 5103 Quia,
2330 5040 2517 5106 inquit,
2547 5040 2784 5091 incumbit
2811 5057 2948 5093 mens
2978 5043 3195 5094 hominis
3226 5042 3491 5112 diligenter
3511 5044 3563 5094 in
3592 5044 3725 5095 mala

2139 5148 2290 5199 opera
2317 5149 2344 5181 ιι
2363 5132 2625 5200 juventute
2646 5173 2659 5196 ,
2692 5142 2905 5200 propter
2936 5134 3054 5193 hoc,
3089 5132 3210 5186 Non
3238 5137 3375 5188 ultra
3397 5136 3641 5204 adjiciam
3672 5146 3723 5187 ut

2140 5222 2440 5274 maledicam
2481 5231 2646 5276 terrae.
2679 5223 2788 5292 Ego
2816 5226 2955 5277 enim
2974 5265 2989 5289 ,
3019 5226 3187 5293 inquit
3210 5267 3227 5290 ,
3257 5242 3374 5295 qua:
3402 5226 3467 5279 ad
3493 5243 3579 5281 me
3604 5242 3724 5296 per-

2142 5314 2345 5374 tinent,
2378 5312 2544 5365 semel
2582 5323 2742 5382 atque
2783 5315 2972 5368 iterum
3003 5316 3217 5369 exhibui
3245 5333 3258 5369 :
3290 5319 3409 5385 quia
3433 5329 3613 5371 autem
3641 5320 3718 5370 vi-

2140 5403 2241 5455 deo
2279 5403 2535 5455 malitiam
2568 5402 2637 5455 ita
2677 5404 2981 5459 increscere
3004 5446 3019 5469 ,
3049 5407 3304 5475 promitto
3330 5423 3415 5461 me
3443 5423 3551 5460 non
3584 5410 3715 5459 ultra

2141 5495 2543 5547 maledicturum
2574 5504 2751 5549 terrte.
2786 5496 2983 5551 Deinde
3008 5498 3298 5552 ostendens
3334 5514 3441 5552 suze
3474 5499 3711 5567 benigni-

2142 5589 2262 5639 tatis
2292 5587 2708 5655 magnitudinem
2731 5630 2746 5653 ,
2783 5590 3053 5659 subiunxit
3082 5607 3094 5644 :
3128 5590 3250 5645 Non
3280 5593 3519 5661 adjiciam
3559 5594 3697 5653 iqititi

2141 5681 2277 5729 ultra
2305 5687 2359 5728 ut
2390 5678 2666 5745 percutiam
2692 5694 2889 5732 omnem
2920 5697 3119 5733 carnem
3148 5682 3387 5734 viventem
3410 5724 3422 5744 ,
3450 5693 3576 5733 stt‘ul
3599 5683 3709 5743 teri,

2146 5769 2372 5824 omnibus
2403 5768 2595 5824 diebus.
2651 5768 2781 5825 Vide
2806 5812 2823 5837 ,
2844 5771 3089 5838 obsecro,
3123 5782 3371 5843 quantam
3401 5770 3708 5832 twtsnlatiw
