  <div class='ocr_page' id='page_1' title='image "/cluster/home/n/w/nwhite01/storage/ocr_20150623/53/nnc1.0046978453/242.png"; bbox 0 0 4062 6396; ppageno 0'>
   <div class='ocr_carea' id='block_1_1' title="bbox 169 359 276 415">
    <p class='ocr_par' dir='ltr' id='par_1_1' title="bbox 169 359 276 415">
     <span class='ocr_line' id='line_1_1' title="bbox 169 359 276 415; baseline 0 0"><span class='ocrx_word' id='word_1_1' title='bbox 169 359 276 415; x_wconf 69' lang='grc' dir='ltr'>ειε</span> 
     </span>
    </p>
   </div>
   <div class='ocr_carea' id='block_1_2' title="bbox 1316 349 2513 412">
    <p class='ocr_par' dir='ltr' id='par_1_2' title="bbox 1316 349 2513 412">
     <span class='ocr_line' id='line_1_2' title="bbox 1316 349 2513 412; baseline 0.003 -3"><span class='ocrx_word' id='word_1_2' title='bbox 1316 351 1386 410; x_wconf 85' lang='grc' dir='ltr'>ΙΝ</span> <span class='ocrx_word' id='word_1_3' title='bbox 1421 352 1575 408; x_wconf 78' lang='lat' dir='ltr'>CAP.</span> <span class='ocrx_word' id='word_1_4' title='bbox 1617 350 1730 406; x_wconf 78' lang='lat' dir='ltr'>VIII</span> <span class='ocrx_word' id='word_1_5' title='bbox 1755 349 2005 406; x_wconf 84' lang='lat' dir='ltr'>GENES.</span> <span class='ocrx_word' id='word_1_6' title='bbox 2037 351 2272 410; x_wconf 84' lang='lat' dir='ltr'>HOMIL.</span> <span class='ocrx_word' id='word_1_7' title='bbox 2303 355 2513 412; x_wconf 76' lang='lat' dir='ltr'>XXVII.</span> 
     </span>
    </p>
   </div>
   <div class='ocr_carea' id='block_1_3' title="bbox 3539 369 3644 426">
    <p class='ocr_par' dir='ltr' id='par_1_3' title="bbox 3539 369 3644 426">
     <span class='ocr_line' id='line_1_3' title="bbox 3539 369 3644 426; baseline 0.038 -3"><span class='ocrx_word' id='word_1_8' title='bbox 3539 369 3644 426; x_wconf 68' lang='grc' dir='ltr'>ΞΗ</span> 
     </span>
    </p>
   </div>
   <div class='ocr_carea' id='block_1_4' title="bbox 241 463 3652 558">
    <p class='ocr_par' dir='ltr' id='par_1_4' title="bbox 241 463 3652 558">
     <span class='ocr_line' id='line_1_4' title="bbox 241 463 3652 558; baseline -0.015 -28"><span class='ocrx_word' id='word_1_9' title='bbox 241 483 316 544; x_wconf 69' lang='lat'><em>1&#39;.</em></span> <span class='ocrx_word' id='word_1_10' title='bbox 357 473 459 527; x_wconf 82' lang='grc' dir='ltr'>Διά</span> <span class='ocrx_word' id='word_1_11' title='bbox 493 472 654 528; x_wconf 89' lang='grc' dir='ltr'>τοῦτο</span> <span class='ocrx_word' id='word_1_12' title='bbox 685 473 780 528; x_wconf 68' lang='grc' dir='ltr'>καὶ</span> <span class='ocrx_word' id='word_1_13' title='bbox 817 465 852 528; x_wconf 64' lang='grc' dir='ltr'>ὁ</span> <span class='ocrx_word' id='word_1_14' title='bbox 896 473 1163 543; x_wconf 78' lang='grc' dir='ltr'>μακάριος</span> <span class='ocrx_word' id='word_1_15' title='bbox 1208 469 1676 558; x_wconf 20' lang='grc' dir='ltr'>Παῦλος-,σημεῖον</span> <span class='ocrx_word' id='word_1_16' title='bbox 1715 466 1848 558; x_wconf 74' lang='lat'><em>66:6</em></span> <span class='ocrx_word' id='word_1_17' title='bbox 1952 469 2152 558; x_wconf 66' lang='grc' dir='ltr'>τηρίου</span> <span class='ocrx_word' id='word_1_18' title='bbox 2181 463 2602 546; x_wconf 74' lang='grc' dir='ltr'>εὐτελέστέρον;</span> <span class='ocrx_word' id='word_1_19' title='bbox 2650 477 2788 531; x_wconf 81' lang='grc' dir='ltr'>Ἀλλ’</span> <span class='ocrx_word' id='word_1_20' title='bbox 2822 478 2856 549; x_wconf 74' lang='grc' dir='ltr'><strong>ἡ</strong></span> <span class='ocrx_word' id='word_1_21' title='bbox 2898 478 3091 552; x_wconf 76' lang='grc' dir='ltr'>γνώμη</span> <span class='ocrx_word' id='word_1_22' title='bbox 3131 479 3222 533; x_wconf 65' lang='grc' dir='ltr'>τὸν</span> <span class='ocrx_word' id='word_1_23' title='bbox 3275 481 3464 552; x_wconf 57' lang='grc' dir='ltr'>μισθὸν</span> <span class='ocrx_word' id='word_1_24' title='bbox 3496 475 3652 558; x_wconf 58' lang='grc' dir='ltr'>αὐτῷ,</span> 
     </span>
    </p>
   </div>
   <div class='ocr_carea' id='block_1_5' title="bbox 171 555 1849 631">
    <p class='ocr_par' dir='ltr' id='par_1_5' title="bbox 171 555 1849 631">
     <span class='ocr_line' id='line_1_5' title="bbox 171 555 1849 631; baseline -0.004 -15"><span class='ocrx_word' id='word_1_25' title='bbox 171 562 328 616; x_wconf 84' lang='grc' dir='ltr'>καλεῖ</span> <span class='ocrx_word' id='word_1_26' title='bbox 345 561 543 631; x_wconf 82' lang='grc' dir='ltr'>λέγων·</span> <span class='ocrx_word' id='word_1_27' title='bbox 563 561 674 616; x_wconf 81' lang='grc' dir='ltr'>Καὶ</span> <span class='ocrx_word' id='word_1_28' title='bbox 689 559 944 630; x_wconf 85' lang='grc' dir='ltr'>σημεῖον</span> <span class='ocrx_word' id='word_1_29' title='bbox 963 559 1150 612; x_wconf 77' lang='grc' dir='ltr'>ἔδωκε</span> <span class='ocrx_word' id='word_1_30' title='bbox 1167 556 1452 627; x_wconf 83' lang='grc' dir='ltr'>περιτομῆ</span> <span class='ocrx_word' id='word_1_31' title='bbox 1458 576 1511 622; x_wconf 69' lang='grc' dir='ltr'>ς,</span> <span class='ocrx_word' id='word_1_32' title='bbox 1529 555 1849 626; x_wconf 67' lang='grc' dir='ltr'>σφραγῖδα.</span> 
     </span>
    </p>
   </div>
   <div class='ocr_carea' id='block_1_6' title="bbox 174 644 1853 722">
    <p class='ocr_par' dir='ltr' id='par_1_6' title="bbox 174 644 1853 722">
     <span class='ocr_line' id='line_1_6' title="bbox 174 644 1853 722; baseline -0.005 -16"><span class='ocrx_word' id='word_1_33' title='bbox 174 651 302 706; x_wconf 84' lang='grc' dir='ltr'>Ὅτι</span> <span class='ocrx_word' id='word_1_34' title='bbox 335 651 446 722; x_wconf 82' lang='grc' dir='ltr'>γὰρ</span> <span class='ocrx_word' id='word_1_35' title='bbox 480 650 617 718; x_wconf 85' lang='lat'><em>1:96;</em></span> <span class='ocrx_word' id='word_1_36' title='bbox 663 649 764 719; x_wconf 82' lang='grc' dir='ltr'>τὴν</span> <span class='ocrx_word' id='word_1_37' title='bbox 811 647 1158 717; x_wconf 86' lang='grc' dir='ltr'>δικαιοσύνην</span> <span class='ocrx_word' id='word_1_38' title='bbox 1201 645 1354 700; x_wconf 82' lang='grc' dir='ltr'>οὐδὲν</span> <span class='ocrx_word' id='word_1_39' title='bbox 1402 645 1540 716; x_wconf 83' lang='grc' dir='ltr'>αὐτὴ</span> <span class='ocrx_word' id='word_1_40' title='bbox 1589 644 1853 711; x_wconf 82' lang='grc' dir='ltr'>συντελεῖ,</span> 
     </span>
    </p>
   </div>
   <div class='ocr_carea' id='block_1_7' title="bbox 177 733 1856 808">
    <p class='ocr_par' dir='ltr' id='par_1_7' title="bbox 177 733 1856 808">
     <span class='ocr_line' id='line_1_7' title="bbox 177 733 1856 808; baseline -0.002 -16"><span class='ocrx_word' id='word_1_41' title='bbox 177 740 287 794; x_wconf 72' lang='grc' dir='ltr'>ἰδοὺ</span> <span class='ocrx_word' id='word_1_42' title='bbox 320 740 414 793; x_wconf 80' lang='grc' dir='ltr'>καὶ</span> <span class='ocrx_word' id='word_1_43' title='bbox 443 733 596 802; x_wconf 70' lang='grc' dir='ltr'>οὗτος</span> <span class='ocrx_word' id='word_1_44' title='bbox 618 741 646 793; x_wconf 99' lang='lat'>6</span> <span class='ocrx_word' id='word_1_45' title='bbox 668 737 876 802; x_wconf 88' lang='grc' dir='ltr'>δίκαιος</span> <span class='ocrx_word' id='word_1_46' title='bbox 907 736 1133 808; x_wconf 82' lang='grc' dir='ltr'>μηδέπω</span> <span class='ocrx_word' id='word_1_47' title='bbox 1159 737 1260 807; x_wconf 84' lang='grc' dir='ltr'>τῆς</span> <span class='ocrx_word' id='word_1_48' title='bbox 1299 736 1602 808; x_wconf 78' lang='grc' dir='ltr'>περιτομῆς</span> <span class='ocrx_word' id='word_1_49' title='bbox 1629 736 1856 806; x_wconf 86' lang='grc' dir='ltr'>νομοθε-</span> 
     </span>
    </p>
   </div>
   <div class='ocr_carea' id='block_1_8' title="bbox 171 823 1854 898">
    <p class='ocr_par' dir='ltr' id='par_1_8' title="bbox 171 823 1854 898">
     <span class='ocr_line' id='line_1_8' title="bbox 171 823 1854 898; baseline -0.004 -17"><span class='ocrx_word' id='word_1_50' title='bbox 171 827 438 898; x_wconf 84' lang='grc' dir='ltr'>τηθείσης</span> <span class='ocrx_word' id='word_1_51' title='bbox 472 827 610 898; x_wconf 81' lang='grc' dir='ltr'>πρὸς</span> <span class='ocrx_word' id='word_1_52' title='bbox 641 825 909 895; x_wconf 84' lang='grc' dir='ltr'>τοσαύτην</span> <span class='ocrx_word' id='word_1_53' title='bbox 939 825 1172 894; x_wconf 82' lang='grc' dir='ltr'>ἔφθασεν</span> <span class='ocrx_word' id='word_1_54' title='bbox 1207 825 1430 895; x_wconf 82' lang='grc' dir='ltr'>ἀρετήν.</span> <span class='ocrx_word' id='word_1_55' title='bbox 1463 825 1569 876; x_wconf 84' lang='lat' dir='ltr'><em>K61</em></span> <span class='ocrx_word' id='word_1_56' title='bbox 1597 823 1647 876; x_wconf 87' lang='grc' dir='ltr'>τί</span> <span class='ocrx_word' id='word_1_57' title='bbox 1675 823 1854 891; x_wconf 86' lang='grc' dir='ltr'>λέγω;</span> 
     </span>
    </p>
   </div>
   <div class='ocr_carea' id='block_1_9' title="bbox 175 911 1857 986">
    <p class='ocr_par' dir='ltr' id='par_1_9' title="bbox 175 911 1857 986">
     <span class='ocr_line' id='line_1_9' title="bbox 175 911 1857 986; baseline -0.002 -17"><span class='ocrx_word' id='word_1_58' title='bbox 175 916 354 980; x_wconf 71' lang='grc' dir='ltr'>Αὐτὸς</span> <span class='ocrx_word' id='word_1_59' title='bbox 391 917 421 967; x_wconf 94' lang='lat'>6</span> <span class='ocrx_word' id='word_1_60' title='bbox 471 914 818 986; x_wconf 77' lang='grc' dir='ltr'>πατριάρχης</span> <span class='ocrx_word' id='word_1_61' title='bbox 861 913 1132 984; x_wconf 84' lang='grc' dir='ltr'>Ἀϐραάμ,</span> <span class='ocrx_word' id='word_1_62' title='bbox 1175 913 1305 984; x_wconf 77' lang='grc' dir='ltr'>πρὶν</span> <span class='ocrx_word' id='word_1_63' title='bbox 1354 913 1382 982; x_wconf 80' lang='grc' dir='ltr'>ἢ</span> <span class='ocrx_word' id='word_1_64' title='bbox 1423 913 1522 980; x_wconf 78' lang='grc' dir='ltr'>τὴν</span> <span class='ocrx_word' id='word_1_65' title='bbox 1553 911 1857 984; x_wconf 84' lang='grc' dir='ltr'>περιτομὴν</span> 
     </span>
    </p>
   </div>
   <div class='ocr_carea' id='block_1_10' title="bbox 175 999 1860 1074">
    <p class='ocr_par' dir='ltr' id='par_1_10' title="bbox 175 999 1860 1074">
     <span class='ocr_line' id='line_1_10' title="bbox 175 999 1860 1074; baseline -0.005 -14"><span class='ocrx_word' id='word_1_66' title='bbox 175 1005 456 1072; x_wconf 80' lang='grc' dir='ltr'>δέξασθαι,</span> <span class='ocrx_word' id='word_1_67' title='bbox 489 1005 596 1058; x_wconf 83' lang='grc' dir='ltr'>ἀπὸ</span> <span class='ocrx_word' id='word_1_68' title='bbox 631 1004 730 1074; x_wconf 77' lang='grc' dir='ltr'>τῆς</span> <span class='ocrx_word' id='word_1_69' title='bbox 765 1001 1000 1065; x_wconf 89' lang='grc' dir='ltr'>πίστεως</span> <span class='ocrx_word' id='word_1_70' title='bbox 1038 1001 1204 1071; x_wconf 88' lang='grc' dir='ltr'>μόνης</span> <span class='ocrx_word' id='word_1_71' title='bbox 1249 999 1562 1071; x_wconf 76' lang='grc' dir='ltr'>ἐδικαιώθη.</span> <span class='ocrx_word' id='word_1_72' title='bbox 1605 1000 1718 1070; x_wconf 75' lang='grc' dir='ltr'>Πρὸ</span> <span class='ocrx_word' id='word_1_73' title='bbox 1749 1000 1860 1071; x_wconf 79' lang='grc' dir='ltr'>γὰρ</span> 
     </span>
    </p>
   </div>
   <div class='ocr_carea' id='block_1_11' title="bbox 177 1088 1864 1166">
    <p class='ocr_par' dir='ltr' id='par_1_11' title="bbox 177 1088 1864 1166">
     <span class='ocr_line' id='line_1_11' title="bbox 177 1088 1864 1166; baseline -0.004 -19"><span class='ocrx_word' id='word_1_74' title='bbox 177 1097 277 1165; x_wconf 82' lang='grc' dir='ltr'>τῆς</span> <span class='ocrx_word' id='word_1_75' title='bbox 311 1093 635 1166; x_wconf 75' lang='grc' dir='ltr'>περιτομῆς,</span> <span class='ocrx_word' id='word_1_76' title='bbox 675 1092 830 1162; x_wconf 66' lang='grc' dir='ltr'>φησι,</span> <span class='ocrx_word' id='word_1_77' title='bbox 856 1092 952 1144; x_wconf 76' lang='grc' dir='ltr'>καὶ</span> <span class='ocrx_word' id='word_1_78' title='bbox 992 1091 1350 1145; x_wconf 86' lang='grc' dir='ltr'>Ἐπίστευσε</span> <span class='ocrx_word' id='word_1_79' title='bbox 1387 1089 1454 1141; x_wconf 77' lang='grc' dir='ltr'>δὲ</span> <span class='ocrx_word' id='word_1_80' title='bbox 1499 1089 1754 1158; x_wconf 80' lang='grc' dir='ltr'>Ἀϐραὰμ</span> <span class='ocrx_word' id='word_1_81' title='bbox 1783 1088 1864 1154; x_wconf 84' lang='grc' dir='ltr'>τῷ</span> 
     </span>
    </p>
   </div>
   <div class='ocr_carea' id='block_1_12' title="bbox 181 1177 1859 1250">
    <p class='ocr_par' dir='ltr' id='par_1_12' title="bbox 181 1177 1859 1250">
     <span class='ocr_line' id='line_1_12' title="bbox 181 1177 1859 1250; baseline -0.007 -11"><span class='ocrx_word' id='word_1_82' title='bbox 181 1182 327 1248; x_wconf 77' lang='grc' dir='ltr'>Θεῷ,</span> <span class='ocrx_word' id='word_1_83' title='bbox 363 1179 462 1235; x_wconf 73' lang='grc' dir='ltr'>καὶ</span> <span class='ocrx_word' id='word_1_84' title='bbox 497 1181 784 1250; x_wconf 68' lang='grc' dir='ltr'>ἐλογίσθη</span> <span class='ocrx_word' id='word_1_85' title='bbox 821 1178 981 1244; x_wconf 87' lang='grc' dir='ltr'>αὐτῷ</span> <span class='ocrx_word' id='word_1_86' title='bbox 1018 1181 1106 1244; x_wconf 81' lang='grc' dir='ltr'>εὶς</span> <span class='ocrx_word' id='word_1_87' title='bbox 1135 1177 1547 1246; x_wconf 85' lang='grc' dir='ltr'>δικαιοσύνην.</span> <span class='ocrx_word' id='word_1_88' title='bbox 1584 1177 1650 1229; x_wconf 87' lang='grc' dir='ltr'>Τί</span> <span class='ocrx_word' id='word_1_89' title='bbox 1679 1177 1859 1230; x_wconf 80' lang='grc' dir='ltr'>τοίνυν</span> 
     </span>
    </p>
   </div>
   <div class='ocr_carea' id='block_1_13' title="bbox 185 1263 1859 1343">
    <p class='ocr_par' dir='ltr' id='par_1_13' title="bbox 185 1263 1859 1343">
     <span class='ocr_line' id='line_1_13' title="bbox 185 1263 1859 1343; baseline -0.004 -19"><span class='ocrx_word' id='word_1_90' title='bbox 185 1273 327 1343; x_wconf 80' lang='grc' dir='ltr'>μέγα</span> <span class='ocrx_word' id='word_1_91' title='bbox 355 1273 594 1342; x_wconf 84' lang='grc' dir='ltr'>φρονεῖς,</span> <span class='ocrx_word' id='word_1_92' title='bbox 628 1263 672 1322; x_wconf 80' lang='grc' dir='ltr'>ὧ</span> <span class='ocrx_word' id='word_1_93' title='bbox 724 1269 966 1327; x_wconf 80' lang='grc' dir='ltr'>Ἰουδαῖε.</span> <span class='ocrx_word' id='word_1_94' title='bbox 1012 1269 1104 1322; x_wconf 74' lang='grc' dir='ltr'>ἐπὶ</span> <span class='ocrx_word' id='word_1_95' title='bbox 1137 1269 1201 1339; x_wconf 86' lang='grc' dir='ltr'>τῇ</span> <span class='ocrx_word' id='word_1_96' title='bbox 1241 1269 1544 1338; x_wconf 78' lang='grc' dir='ltr'>περιτομῇς</span> <span class='ocrx_word' id='word_1_97' title='bbox 1581 1265 1859 1332; x_wconf 85' lang='grc' dir='ltr'>Μάνθανε,</span> 
     </span>
    </p>
   </div>
   <div class='ocr_carea' id='block_1_14' title="bbox 179 1354 1863 1434">
    <p class='ocr_par' dir='ltr' id='par_1_14' title="bbox 179 1354 1863 1434">
     <span class='ocr_line' id='line_1_14' title="bbox 179 1354 1863 1434; baseline -0.003 -19"><span class='ocrx_word' id='word_1_98' title='bbox 179 1365 260 1416; x_wconf 76' lang='grc' dir='ltr'>ὅτι</span> <span class='ocrx_word' id='word_1_99' title='bbox 307 1361 416 1434; x_wconf 72' lang='grc' dir='ltr'>’πρὸ</span> <span class='ocrx_word' id='word_1_100' title='bbox 471 1359 677 1429; x_wconf 82' lang='grc' dir='ltr'>ταύτης</span> <span class='ocrx_word' id='word_1_101' title='bbox 725 1357 909 1413; x_wconf 69' lang='grc' dir='ltr'>πολλοὶ</span> <span class='ocrx_word' id='word_1_102' title='bbox 965 1357 1161 1412; x_wconf 87' lang='grc' dir='ltr'>δίκαιοι</span> <span class='ocrx_word' id='word_1_103' title='bbox 1207 1357 1481 1426; x_wconf 87' lang='grc' dir='ltr'>γεγόνασι.</span> <span class='ocrx_word' id='word_1_104' title='bbox 1531 1356 1644 1410; x_wconf 78' lang='grc' dir='ltr'>Καὶ</span> <span class='ocrx_word' id='word_1_105' title='bbox 1671 1354 1780 1426; x_wconf 83' lang='grc' dir='ltr'>γὰρ</span> <span class='ocrx_word' id='word_1_106' title='bbox 1835 1357 1863 1410; x_wconf 89' lang='lat'>6</span> 
     </span>
    </p>
   </div>
   <div class='ocr_carea' id='block_1_15' title="bbox 185 1443 1857 1520">
    <p class='ocr_par' dir='ltr' id='par_1_15' title="bbox 185 1443 1857 1520">
     <span class='ocr_line' id='line_1_15' title="bbox 185 1443 1857 1520; baseline -0.004 -18"><span class='ocrx_word' id='word_1_107' title='bbox 185 1450 355 1502; x_wconf 75' lang='grc' dir='ltr'>Ἅϐελ</span> <span class='ocrx_word' id='word_1_108' title='bbox 383 1452 450 1503; x_wconf 88' lang='grc' dir='ltr'>ἐκ</span> <span class='ocrx_word' id='word_1_109' title='bbox 478 1449 712 1512; x_wconf 89' lang='grc' dir='ltr'>πίστεως</span> <span class='ocrx_word' id='word_1_110' title='bbox 735 1447 833 1519; x_wconf 85' lang='grc' dir='ltr'>τὴν</span> <span class='ocrx_word' id='word_1_111' title='bbox 867 1445 1231 1520; x_wconf 77' lang='grc' dir='ltr'>προσαγωγὴν</span> <span class='ocrx_word' id='word_1_112' title='bbox 1265 1445 1580 1516; x_wconf 83' lang='grc' dir='ltr'>ἐποιήσατο,</span> <span class='ocrx_word' id='word_1_113' title='bbox 1605 1443 1857 1513; x_wconf 89' lang='grc' dir='ltr'>καθάπερ</span> 
     </span>
    </p>
   </div>
   <div class='ocr_carea' id='block_1_16' title="bbox 181 1531 1862 1608">
    <p class='ocr_par' dir='ltr' id='par_1_16' title="bbox 181 1531 1862 1608">
     <span class='ocr_line' id='line_1_16' title="bbox 181 1531 1862 1608; baseline -0.005 -16"><span class='ocrx_word' id='word_1_114' title='bbox 181 1540 276 1592; x_wconf 71' lang='grc' dir='ltr'>καὶ</span> <span class='ocrx_word' id='word_1_115' title='bbox 325 1538 540 1601; x_wconf 87' lang='grc' dir='ltr'>Παῦλός</span> <span class='ocrx_word' id='word_1_116' title='bbox 585 1554 786 1608; x_wconf 89' lang='grc' dir='ltr'>φησιν·</span> <span class='ocrx_word' id='word_1_117' title='bbox 847 1538 1056 1590; x_wconf 85' lang='grc' dir='ltr'>Πίστει</span> <span class='ocrx_word' id='word_1_118' title='bbox 1109 1535 1362 1589; x_wconf 77' lang='grc' dir='ltr'>πλείονα</span> <span class='ocrx_word' id='word_1_119' title='bbox 1421 1533 1643 1587; x_wconf 79' lang='grc' dir='ltr'>θυσίαν</span> <span class='ocrx_word' id='word_1_120' title='bbox 1694 1531 1862 1584; x_wconf 78' lang='grc' dir='ltr'>Ἅϐελ</span> 
     </span>
    </p>
   </div>
   <div class='ocr_carea' id='block_1_17' title="bbox 181 1617 1861 1694">
    <p class='ocr_par' dir='ltr' id='par_1_17' title="bbox 181 1617 1861 1694">
     <span class='ocr_line' id='line_1_17' title="bbox 181 1617 1861 1694; baseline -0.005 -15"><span class='ocrx_word' id='word_1_121' title='bbox 181 1627 344 1694; x_wconf 81' lang='grc' dir='ltr'>παρὰ</span> <span class='ocrx_word' id='word_1_122' title='bbox 363 1625 518 1680; x_wconf 80' lang='grc' dir='ltr'>Κάϊν</span> <span class='ocrx_word' id='word_1_123' title='bbox 549 1625 928 1694; x_wconf 78' lang='grc' dir='ltr'>προσήνεγκε</span> <span class='ocrx_word' id='word_1_124' title='bbox 954 1623 1033 1688; x_wconf 89' lang='grc' dir='ltr'>τῷ</span> <span class='ocrx_word' id='word_1_125' title='bbox 1061 1621 1183 1688; x_wconf 87' lang='grc' dir='ltr'>Θεῷ</span> <span class='ocrx_word' id='word_1_126' title='bbox 1206 1639 1219 1652; x_wconf 88' lang='grc'><strong>·</strong></span> <span class='ocrx_word' id='word_1_127' title='bbox 1252 1621 1346 1675; x_wconf 73' lang='grc' dir='ltr'>καὶ</span> <span class='ocrx_word' id='word_1_128' title='bbox 1380 1619 1550 1690; x_wconf 85' lang='grc' dir='ltr'>Ἑνὼχ</span> <span class='ocrx_word' id='word_1_129' title='bbox 1577 1617 1861 1690; x_wconf 83' lang='grc' dir='ltr'>μετετέθη,</span> 
     </span>
    </p>
   </div>
   <div class='ocr_carea' id='block_1_18' title="bbox 181 1707 1865 1784">
    <p class='ocr_par' dir='ltr' id='par_1_18' title="bbox 181 1707 1865 1784">
     <span class='ocr_line' id='line_1_18' title="bbox 181 1707 1865 1784; baseline -0.007 -16"><span class='ocrx_word' id='word_1_130' title='bbox 181 1716 278 1769; x_wconf 75' lang='grc' dir='ltr'>καὶ</span> <span class='ocrx_word' id='word_1_131' title='bbox 303 1715 334 1767; x_wconf 83' lang='grc'>6</span> <span class='ocrx_word' id='word_1_132' title='bbox 359 1715 486 1768; x_wconf 84' lang='grc' dir='ltr'>Νῶε</span> <span class='ocrx_word' id='word_1_133' title='bbox 531 1713 675 1767; x_wconf 87' lang='grc' dir='ltr'>κατά</span> <span class='ocrx_word' id='word_1_134' title='bbox 701 1713 799 1784; x_wconf 85' lang='grc' dir='ltr'>τὴν</span> <span class='ocrx_word' id='word_1_135' title='bbox 838 1711 1037 1781; x_wconf 85' lang='grc' dir='ltr'>πολλὴν</span> <span class='ocrx_word' id='word_1_136' title='bbox 1088 1709 1436 1778; x_wconf 85' lang='grc' dir='ltr'>δικαιοσύνην</span> <span class='ocrx_word' id='word_1_137' title='bbox 1467 1708 1528 1760; x_wconf 89' lang='lat'>:6</span> <span class='ocrx_word' id='word_1_138' title='bbox 1575 1707 1865 1761; x_wconf 82' lang='grc' dir='ltr'>κλυδώνιον</span> 
     </span>
    </p>
   </div>
   <div class='ocr_carea' id='block_1_19' title="bbox 181 1793 1865 1874">
    <p class='ocr_par' dir='ltr' id='par_1_19' title="bbox 181 1793 1865 1874">
     <span class='ocr_line' id='line_1_19' title="bbox 181 1793 1865 1874; baseline -0.006 -18"><span class='ocrx_word' id='word_1_139' title='bbox 181 1806 362 1857; x_wconf 84' lang='grc' dir='ltr'>ἐκεῖνο</span> <span class='ocrx_word' id='word_1_140' title='bbox 395 1803 456 1856; x_wconf 89' lang='lat'>:6</span> <span class='ocrx_word' id='word_1_141' title='bbox 495 1803 732 1874; x_wconf 77' lang='grc' dir='ltr'>χαλεπὸν</span> <span class='ocrx_word' id='word_1_142' title='bbox 767 1799 918 1873; x_wconf 68' lang='lat'>[259]</span> <span class='ocrx_word' id='word_1_143' title='bbox 957 1799 1208 1868; x_wconf 88' lang='grc' dir='ltr'>διέφυγε·</span> <span class='ocrx_word' id='word_1_144' title='bbox 1259 1799 1350 1852; x_wconf 76' lang='grc' dir='ltr'>καὶ</span> <span class='ocrx_word' id='word_1_145' title='bbox 1393 1799 1421 1851; x_wconf 91' lang='lat'>6</span> <span class='ocrx_word' id='word_1_146' title='bbox 1461 1797 1714 1865; x_wconf 73' lang='grc' dir='ltr'>Ἀϐραὰμ</span> <span class='ocrx_word' id='word_1_147' title='bbox 1757 1793 1865 1864; x_wconf 78' lang='grc' dir='ltr'>πρὸ</span> 
     </span>
    </p>
   </div>
   <div class='ocr_carea' id='block_1_20' title="bbox 180 1881 1868 1962">
    <p class='ocr_par' dir='ltr' id='par_1_20' title="bbox 180 1881 1868 1962">
     <span class='ocr_line' id='line_1_20' title="bbox 180 1881 1868 1962; baseline -0.005 -19"><span class='ocrx_word' id='word_1_148' title='bbox 180 1891 389 1962; x_wconf 86' lang='grc' dir='ltr'>ταύτης</span> <span class='ocrx_word' id='word_1_149' title='bbox 429 1889 538 1944; x_wconf 91' lang='lat'><em>61:6</em></span> <span class='ocrx_word' id='word_1_150' title='bbox 569 1890 670 1960; x_wconf 83' lang='grc' dir='ltr'>τῆς</span> <span class='ocrx_word' id='word_1_151' title='bbox 694 1891 773 1952; x_wconf 85' lang='grc' dir='ltr'>είς</span> <span class='ocrx_word' id='word_1_152' title='bbox 795 1883 890 1941; x_wconf 69' lang='grc' dir='ltr'>τὸν</span> <span class='ocrx_word' id='word_1_153' title='bbox 922 1887 1054 1940; x_wconf 86' lang='grc' dir='ltr'>Θεὸν</span> <span class='ocrx_word' id='word_1_154' title='bbox 1084 1885 1319 1949; x_wconf 85' lang='grc' dir='ltr'>πίστεως</span> <span class='ocrx_word' id='word_1_155' title='bbox 1352 1883 1722 1955; x_wconf 87' lang='grc' dir='ltr'>ἀνεκηρύχθη.</span> <span class='ocrx_word' id='word_1_156' title='bbox 1765 1881 1868 1935; x_wconf 84' lang='lat'>06-</span> 
     </span>
    </p>
   </div>
   <div class='ocr_carea' id='block_1_21' title="bbox 181 1969 1869 2048">
    <p class='ocr_par' dir='ltr' id='par_1_21' title="bbox 181 1969 1869 2048">
     <span class='ocr_line' id='line_1_21' title="bbox 181 1969 1869 2048; baseline -0.007 -15"><span class='ocrx_word' id='word_1_157' title='bbox 181 1997 288 2043; x_wconf 83' lang='grc' dir='ltr'>τως</span> <span class='ocrx_word' id='word_1_158' title='bbox 320 1977 530 2033; x_wconf 74' lang='grc' dir='ltr'>ἄνωθεν</span> <span class='ocrx_word' id='word_1_159' title='bbox 561 1977 658 2031; x_wconf 72' lang='grc' dir='ltr'>καὶ</span> <span class='ocrx_word' id='word_1_160' title='bbox 697 1976 758 2042; x_wconf 80' lang='grc' dir='ltr'>ἐξ</span> <span class='ocrx_word' id='word_1_161' title='bbox 792 1975 970 2048; x_wconf 84' lang='grc' dir='ltr'>ἀρχῆς</span> <span class='ocrx_word' id='word_1_162' title='bbox 1003 1975 1111 2028; x_wconf 88' lang='lat'><em>61:6</em></span> <span class='ocrx_word' id='word_1_163' title='bbox 1153 1975 1385 2037; x_wconf 90' lang='grc' dir='ltr'>πίστεως</span> <span class='ocrx_word' id='word_1_164' title='bbox 1423 1973 1484 2026; x_wconf 85' lang='grc' dir='ltr'>τὸ</span> <span class='ocrx_word' id='word_1_165' title='bbox 1519 1972 1626 2025; x_wconf 89' lang='grc' dir='ltr'>τῶν</span> <span class='ocrx_word' id='word_1_166' title='bbox 1658 1969 1869 2043; x_wconf 87' lang='grc' dir='ltr'>ἀνθρώ-</span> 
     </span>
    </p>
   </div>
   <div class='ocr_carea' id='block_1_22' title="bbox 183 2057 1869 2136">
    <p class='ocr_par' dir='ltr' id='par_1_22' title="bbox 183 2057 1869 2136">
     <span class='ocr_line' id='line_1_22' title="bbox 183 2057 1869 2136; baseline -0.005 -16"><span class='ocrx_word' id='word_1_167' title='bbox 183 2084 302 2120; x_wconf 88' lang='grc' dir='ltr'>πων</span> <span class='ocrx_word' id='word_1_168' title='bbox 339 2065 499 2134; x_wconf 85' lang='grc' dir='ltr'>γένος</span> <span class='ocrx_word' id='word_1_169' title='bbox 551 2065 652 2136; x_wconf 86' lang='grc' dir='ltr'>τῆς</span> <span class='ocrx_word' id='word_1_170' title='bbox 705 2063 980 2135; x_wconf 84' lang='grc' dir='ltr'>σωτηρίας</span> <span class='ocrx_word' id='word_1_171' title='bbox 1012 2063 1266 2132; x_wconf 83' lang='grc' dir='ltr'>ἐπέτυχε.</span> <span class='ocrx_word' id='word_1_172' title='bbox 1311 2061 1410 2115; x_wconf 87' lang='grc' dir='ltr'>Διά</span> <span class='ocrx_word' id='word_1_173' title='bbox 1454 2077 1537 2114; x_wconf 87' lang='grc' dir='ltr'>τοι</span> <span class='ocrx_word' id='word_1_174' title='bbox 1566 2059 1724 2112; x_wconf 83' lang='grc' dir='ltr'>τοῦτο</span> <span class='ocrx_word' id='word_1_175' title='bbox 1773 2057 1869 2112; x_wconf 73' lang='grc' dir='ltr'>καὶ</span> 
     </span>
    </p>
   </div>
   <div class='ocr_carea' id='block_1_23' title="bbox 181 2145 1868 2222">
    <p class='ocr_par' dir='ltr' id='par_1_23' title="bbox 181 2145 1868 2222">
     <span class='ocr_line' id='line_1_23' title="bbox 181 2145 1868 2222; baseline -0.004 -16"><span class='ocrx_word' id='word_1_176' title='bbox 181 2153 280 2218; x_wconf 81' lang='grc' dir='ltr'>τάς</span> <span class='ocrx_word' id='word_1_177' title='bbox 311 2153 506 2218; x_wconf 87' lang='grc' dir='ltr'>θυσίας</span> <span class='ocrx_word' id='word_1_178' title='bbox 545 2149 926 2222; x_wconf 80' lang='grc' dir='ltr'>συνεχώρησεν</span> <span class='ocrx_word' id='word_1_179' title='bbox 953 2151 981 2203; x_wconf 89' lang='grc' dir='ltr'>ό</span> <span class='ocrx_word' id='word_1_180' title='bbox 1016 2150 1393 2222; x_wconf 87' lang='grc' dir='ltr'>φιλάνθρωπος</span> <span class='ocrx_word' id='word_1_181' title='bbox 1419 2150 1694 2218; x_wconf 80' lang='grc' dir='ltr'>Δεσπότης</span> <span class='ocrx_word' id='word_1_182' title='bbox 1718 2145 1868 2217; x_wconf 84' lang='grc' dir='ltr'>αὐτῷ</span> 
     </span>
    </p>
   </div>
   <div class='ocr_carea' id='block_1_24' title="bbox 181 2235 1870 2316">
    <p class='ocr_par' dir='ltr' id='par_1_24' title="bbox 181 2235 1870 2316">
     <span class='ocr_line' id='line_1_24' title="bbox 181 2235 1870 2316; baseline -0.006 -18"><span class='ocrx_word' id='word_1_183' title='bbox 181 2242 582 2316; x_wconf 74' lang='grc' dir='ltr'>προσάγεσθαι,</span> <span class='ocrx_word' id='word_1_184' title='bbox 617 2243 702 2296; x_wconf 82' lang='grc' dir='ltr'>ἵνα</span> <span class='ocrx_word' id='word_1_185' title='bbox 741 2239 928 2310; x_wconf 85' lang='grc' dir='ltr'>ἐπειδὴ</span> <span class='ocrx_word' id='word_1_186' title='bbox 959 2239 1034 2292; x_wconf 77' lang='grc' dir='ltr'>ἔτι</span> <span class='ocrx_word' id='word_1_187' title='bbox 1066 2239 1419 2309; x_wconf 87' lang='grc' dir='ltr'>ἀτελέστερον</span> <span class='ocrx_word' id='word_1_188' title='bbox 1447 2237 1674 2290; x_wconf 88' lang='grc' dir='ltr'>διέκειτο</span> <span class='ocrx_word' id='word_1_189' title='bbox 1705 2237 1737 2307; x_wconf 88' lang='grc' dir='ltr'>ή</span> <span class='ocrx_word' id='word_1_190' title='bbox 1769 2235 1870 2306; x_wconf 87' lang='grc' dir='ltr'>φύ-</span> 
     </span>
    </p>
   </div>
   <div class='ocr_carea' id='block_1_25' title="bbox 185 2325 1870 2404">
    <p class='ocr_par' dir='ltr' id='par_1_25' title="bbox 185 2325 1870 2404">
     <span class='ocr_line' id='line_1_25' title="bbox 185 2325 1870 2404; baseline -0.022 5"><span class='ocrx_word' id='word_1_191' title='bbox 185 2349 267 2396; x_wconf 61' lang='grc' dir='ltr'>εις</span> <span class='ocrx_word' id='word_1_192' title='bbox 301 2335 335 2404; x_wconf 73' lang='grc' dir='ltr'>ἡ</span> <span class='ocrx_word' id='word_1_193' title='bbox 369 2331 640 2402; x_wconf 71' lang='grc' dir='ltr'>ἡμετέρα,</span> <span class='ocrx_word' id='word_1_194' title='bbox 669 2329 806 2400; x_wconf 76' lang='grc' dir='ltr'>ὁμοῦ</span> <span class='ocrx_word' id='word_1_195' title='bbox 835 2331 928 2383; x_wconf 82' lang='grc' dir='ltr'>καὶ</span> <span class='ocrx_word' id='word_1_196' title='bbox 959 2328 1058 2400; x_wconf 82' lang='grc' dir='ltr'>τὴν</span> <span class='ocrx_word' id='word_1_197' title='bbox 1089 2327 1296 2380; x_wconf 83' lang='grc' dir='ltr'>οἰκείαν</span> <span class='ocrx_word' id='word_1_198' title='bbox 1327 2325 1748 2397; x_wconf 80' lang='grc' dir='ltr'>εὐγνωμοσύνην</span> <span class='ocrx_word' id='word_1_199' title='bbox 1771 2326 1870 2398; x_wconf 75' lang='grc' dir='ltr'>ἔχῃ</span> 
     </span>
    </p>
   </div>
   <div class='ocr_carea' id='block_1_26' title="bbox 182 2413 1866 2490">
    <p class='ocr_par' dir='ltr' id='par_1_26' title="bbox 182 2413 1866 2490">
     <span class='ocr_line' id='line_1_26' title="bbox 182 2413 1866 2490; baseline -0.004 -17"><span class='ocrx_word' id='word_1_200' title='bbox 182 2418 618 2481; x_wconf 85' lang='grc' dir='ltr'>ἐπιδείκνυσθαι,</span> <span class='ocrx_word' id='word_1_201' title='bbox 643 2417 740 2470; x_wconf 60' lang='grc' dir='ltr'>καλ¹</span> <span class='ocrx_word' id='word_1_202' title='bbox 767 2417 864 2489; x_wconf 85' lang='grc' dir='ltr'>τῆς</span> <span class='ocrx_word' id='word_1_203' title='bbox 895 2417 1030 2490; x_wconf 83' lang='grc' dir='ltr'>πρὸς</span> <span class='ocrx_word' id='word_1_204' title='bbox 1053 2417 1122 2469; x_wconf 76' lang='grc' dir='ltr'>τά</span> <span class='ocrx_word' id='word_1_205' title='bbox 1151 2415 1344 2468; x_wconf 85' lang='grc' dir='ltr'>εἴδωλα</span> <span class='ocrx_word' id='word_1_206' title='bbox 1371 2414 1670 2486; x_wconf 79' lang='grc' dir='ltr'>θεραπείας</span> <span class='ocrx_word' id='word_1_207' title='bbox 1691 2413 1866 2486; x_wconf 85' lang='grc' dir='ltr'>πάντη</span> 
     </span>
    </p>
   </div>
   <div class='ocr_carea' id='block_1_27' title="bbox 181 2501 1871 2580">
    <p class='ocr_par' dir='ltr' id='par_1_27' title="bbox 181 2501 1871 2580">
     <span class='ocr_line' id='line_1_27' title="bbox 181 2501 1871 2580; baseline -0.005 -20"><span class='ocrx_word' id='word_1_208' title='bbox 181 2507 428 2580; x_wconf 83' lang='grc' dir='ltr'>διαφύγῃ</span> <span class='ocrx_word' id='word_1_209' title='bbox 479 2506 578 2578; x_wconf 85' lang='grc' dir='ltr'>τὴν</span> <span class='ocrx_word' id='word_1_210' title='bbox 615 2505 813 2576; x_wconf 89' lang='grc' dir='ltr'>λύμην.</span> <span class='ocrx_word' id='word_1_211' title='bbox 855 2504 920 2559; x_wconf 84' lang='grc' dir='ltr'>Εἰ</span> <span class='ocrx_word' id='word_1_212' title='bbox 959 2505 1088 2575; x_wconf 83' lang='grc' dir='ltr'>γάρ,</span> <span class='ocrx_word' id='word_1_213' title='bbox 1131 2503 1223 2556; x_wconf 67' lang='grc' dir='ltr'>καὶ¹</span> <span class='ocrx_word' id='word_1_214' title='bbox 1260 2503 1530 2573; x_wconf 85' lang='grc' dir='ltr'>τοσαύτης</span> <span class='ocrx_word' id='word_1_215' title='bbox 1569 2501 1871 2573; x_wconf 80' lang='grc' dir='ltr'>γενομένης</span> 
     </span>
    </p>
   </div>
   <div class='ocr_carea' id='block_1_28' title="bbox 185 2590 1872 2665">
    <p class='ocr_par' dir='ltr' id='par_1_28' title="bbox 185 2590 1872 2665">
     <span class='ocr_line' id='line_1_28' title="bbox 185 2590 1872 2665; baseline -0.004 -16"><span class='ocrx_word' id='word_1_216' title='bbox 185 2595 676 2665; x_wconf 86' lang='grc' dir='ltr'>συγκαταϐἀσεως,</span> <span class='ocrx_word' id='word_1_217' title='bbox 712 2595 864 2663; x_wconf 85' lang='grc' dir='ltr'>ὅμως</span> <span class='ocrx_word' id='word_1_218' title='bbox 911 2594 960 2644; x_wconf 87' lang='grc' dir='ltr'>οἱ</span> <span class='ocrx_word' id='word_1_219' title='bbox 999 2591 1184 2644; x_wconf 81' lang='grc' dir='ltr'>πολλοὶ</span> <span class='ocrx_word' id='word_1_220' title='bbox 1227 2592 1286 2645; x_wconf 89' lang='grc' dir='ltr'>οὐ</span> <span class='ocrx_word' id='word_1_221' title='bbox 1336 2592 1589 2660; x_wconf 76' lang='grc' dir='ltr'>διέφυγον</span> <span class='ocrx_word' id='word_1_222' title='bbox 1639 2590 1730 2643; x_wconf 83' lang='grc' dir='ltr'>τόν</span> <span class='ocrx_word' id='word_1_223' title='bbox 1763 2590 1872 2643; x_wconf 83' lang='grc' dir='ltr'>ὄλι-</span> 
     </span>
    </p>
   </div>
   <div class='ocr_carea' id='block_1_29' title="bbox 185 2679 1869 2756">
    <p class='ocr_par' dir='ltr' id='par_1_29' title="bbox 185 2679 1869 2756">
     <span class='ocr_line' id='line_1_29' title="bbox 185 2679 1869 2756; baseline -0.003 -18"><span class='ocrx_word' id='word_1_224' title='bbox 185 2685 331 2748; x_wconf 83' lang='grc' dir='ltr'>σθον,</span> <span class='ocrx_word' id='word_1_225' title='bbox 361 2685 412 2737; x_wconf 80' lang='grc' dir='ltr'>εί</span> <span class='ocrx_word' id='word_1_226' title='bbox 456 2684 533 2756; x_wconf 85' lang='grc' dir='ltr'>μὴ</span> <span class='ocrx_word' id='word_1_227' title='bbox 574 2681 732 2736; x_wconf 87' lang='grc' dir='ltr'>τοῦτο</span> <span class='ocrx_word' id='word_1_228' title='bbox 775 2682 988 2751; x_wconf 86' lang='grc' dir='ltr'>γέγονε,</span> <span class='ocrx_word' id='word_1_229' title='bbox 1022 2681 1140 2745; x_wconf 89' lang='grc' dir='ltr'>πῶς</span> <span class='ocrx_word' id='word_1_230' title='bbox 1185 2681 1250 2734; x_wconf 82' lang='grc' dir='ltr'>ἄν</span> <span class='ocrx_word' id='word_1_231' title='bbox 1285 2698 1370 2744; x_wconf 90' lang='grc' dir='ltr'>τις</span> <span class='ocrx_word' id='word_1_232' title='bbox 1398 2680 1496 2752; x_wconf 75' lang='grc' dir='ltr'>τὴν</span> <span class='ocrx_word' id='word_1_233' title='bbox 1545 2681 1754 2733; x_wconf 84' lang='grc' dir='ltr'>ἐκεῖθεν</span> <span class='ocrx_word' id='word_1_234' title='bbox 1787 2679 1869 2733; x_wconf 85' lang='grc' dir='ltr'>δι-</span> 
     </span>
    </p>
   </div>
   <div class='ocr_carea' id='block_1_30' title="bbox 181 2767 1872 2845">
    <p class='ocr_par' dir='ltr' id='par_1_30' title="bbox 181 2767 1872 2845">
     <span class='ocr_line' id='line_1_30' title="bbox 181 2767 1872 2845; baseline -0.003 -18"><span class='ocrx_word' id='word_1_235' title='bbox 181 2775 352 2845; x_wconf 81' lang='grc' dir='ltr'>έφυγε</span> <span class='ocrx_word' id='word_1_236' title='bbox 390 2773 627 2844; x_wconf 87' lang='grc' dir='ltr'>βλάϐην;</span> <span class='ocrx_word' id='word_1_237' title='bbox 667 2771 779 2826; x_wconf 75' lang='grc' dir='ltr'>Καὶ</span> <span class='ocrx_word' id='word_1_238' title='bbox 803 2769 1126 2840; x_wconf 66' lang='grc' dir='ltr'>ώσερράνθη</span> <span class='ocrx_word' id='word_1_239' title='bbox 1160 2769 1380 2839; x_wconf 75' lang='grc' dir='ltr'>Κύριος</span> <span class='ocrx_word' id='word_1_240' title='bbox 1417 2773 1450 2824; x_wconf 83' lang='grc' dir='ltr'><em>ὁ</em></span> <span class='ocrx_word' id='word_1_241' title='bbox 1484 2772 1625 2835; x_wconf 73' lang='grc' dir='ltr'>Θεῶς</span> <span class='ocrx_word' id='word_1_242' title='bbox 1669 2767 1872 2838; x_wconf 76' lang='grc' dir='ltr'>ὀσμὴν</span> 
     </span>
    </p>
   </div>
   <div class='ocr_carea' id='block_1_31' title="bbox 179 2857 1872 2929">
    <p class='ocr_par' dir='ltr' id='par_1_31' title="bbox 179 2857 1872 2929">
     <span class='ocr_line' id='line_1_31' title="bbox 179 2857 1872 2929; baseline -0.005 -11"><span class='ocrx_word' id='word_1_243' title='bbox 179 2863 459 2928; x_wconf 81' lang='grc' dir='ltr'>εὐωδίας.</span> <span class='ocrx_word' id='word_1_244' title='bbox 503 2861 643 2917; x_wconf 83' lang='grc' dir='ltr'>Ἀλλ’</span> <span class='ocrx_word' id='word_1_245' title='bbox 681 2862 780 2914; x_wconf 80' lang='grc' dir='ltr'>οὐκ</span> <span class='ocrx_word' id='word_1_246' title='bbox 807 2861 898 2913; x_wconf 79' lang='grc' dir='ltr'>ἐπὶ</span> <span class='ocrx_word' id='word_1_247' title='bbox 944 2860 1052 2912; x_wconf 90' lang='grc' dir='ltr'>τῶν</span> <span class='ocrx_word' id='word_1_248' title='bbox 1095 2859 1424 2929; x_wconf 82' lang='grc' dir='ltr'>ἀγνωμόνων</span> <span class='ocrx_word' id='word_1_249' title='bbox 1475 2858 1742 2912; x_wconf 81' lang='grc' dir='ltr'>Ἰουδαίων</span> <span class='ocrx_word' id='word_1_250' title='bbox 1781 2857 1872 2910; x_wconf 83' lang='lat' dir='ltr'>o6-</span> 
     </span>
    </p>
   </div>
   <div class='ocr_carea' id='block_1_32' title="bbox 179 2948 1872 3022">
    <p class='ocr_par' dir='ltr' id='par_1_32' title="bbox 179 2948 1872 3022">
     <span class='ocr_line' id='line_1_32' title="bbox 179 2948 1872 3022; baseline -0.005 -15"><span class='ocrx_word' id='word_1_251' title='bbox 179 2972 292 3018; x_wconf 88' lang='grc' dir='ltr'>τως</span> <span class='ocrx_word' id='word_1_252' title='bbox 315 2969 330 2985; x_wconf 85' lang='grc'><strong>·</strong></span> <span class='ocrx_word' id='word_1_253' title='bbox 361 2953 500 3006; x_wconf 78' lang='grc' dir='ltr'>ἀλλὰ</span> <span class='ocrx_word' id='word_1_254' title='bbox 525 2953 578 3005; x_wconf 90' lang='grc' dir='ltr'>τί</span> <span class='ocrx_word' id='word_1_255' title='bbox 595 2969 608 3016; x_wconf 87' lang='grc'>;</span> <span class='ocrx_word' id='word_1_256' title='bbox 641 2953 840 3004; x_wconf 79' lang='grc' dir='ltr'>’Ἄκουε</span> <span class='ocrx_word' id='word_1_257' title='bbox 859 2951 954 3004; x_wconf 88' lang='grc' dir='ltr'>τοῦ</span> <span class='ocrx_word' id='word_1_258' title='bbox 983 2951 1260 3022; x_wconf 75' lang='grc' dir='ltr'>προφήτου</span> <span class='ocrx_word' id='word_1_259' title='bbox 1293 2950 1562 3018; x_wconf 81' lang='grc' dir='ltr'>λέγοντος,</span> <span class='ocrx_word' id='word_1_260' title='bbox 1601 2948 1872 3016; x_wconf 80' lang='grc' dir='ltr'>Θυμίαμα</span> 
     </span>
    </p>
   </div>
   <div class='ocr_carea' id='block_1_33' title="bbox 181 3035 1872 3110">
    <p class='ocr_par' dir='ltr' id='par_1_33' title="bbox 181 3035 1872 3110">
     <span class='ocr_line' id='line_1_33' title="bbox 181 3035 1872 3110; baseline -0.005 -15"><span class='ocrx_word' id='word_1_261' title='bbox 181 3045 272 3108; x_wconf 78' lang='grc' dir='ltr'>είς</span> <span class='ocrx_word' id='word_1_262' title='bbox 319 3039 646 3110; x_wconf 73' lang='grc' dir='ltr'>βδέλυγμά</span> <span class='ocrx_word' id='word_1_263' title='bbox 695 3057 796 3110; x_wconf 88' lang='grc' dir='ltr'>μοι</span> <span class='ocrx_word' id='word_1_264' title='bbox 855 3039 1008 3104; x_wconf 75' lang='grc' dir='ltr'>ἐστὶ,</span> <span class='ocrx_word' id='word_1_265' title='bbox 1053 3039 1334 3110; x_wconf 77' lang='grc' dir='ltr'>μονονουχὶ</span> <span class='ocrx_word' id='word_1_266' title='bbox 1383 3035 1718 3099; x_wconf 85' lang='grc' dir='ltr'>δεικνύοντος</span> <span class='ocrx_word' id='word_1_267' title='bbox 1773 3038 1872 3106; x_wconf 84' lang='grc' dir='ltr'>τῆς</span> 
     </span>
    </p>
   </div>
   <div class='ocr_carea' id='block_1_34' title="bbox 181 3123 1872 3202">
    <p class='ocr_par' dir='ltr' id='par_1_34' title="bbox 181 3123 1872 3202">
     <span class='ocr_line' id='line_1_34' title="bbox 181 3123 1872 3202; baseline -0.004 -19"><span class='ocrx_word' id='word_1_268' title='bbox 181 3130 562 3202; x_wconf 81' lang='grc' dir='ltr'>προαιρέσεως</span> <span class='ocrx_word' id='word_1_269' title='bbox 610 3127 717 3181; x_wconf 90' lang='grc' dir='ltr'>τῶν</span> <span class='ocrx_word' id='word_1_270' title='bbox 757 3127 1143 3199; x_wconf 80' lang='grc' dir='ltr'>προσαγόντων</span> <span class='ocrx_word' id='word_1_271' title='bbox 1175 3129 1274 3196; x_wconf 84' lang='grc' dir='ltr'>τὴν</span> <span class='ocrx_word' id='word_1_272' title='bbox 1328 3123 1651 3195; x_wconf 84' lang='grc' dir='ltr'>μοχθηρίαν.</span> <span class='ocrx_word' id='word_1_273' title='bbox 1687 3123 1872 3177; x_wconf 83' lang='grc' dir='ltr'>Καθά-</span> 
     </span>
    </p>
   </div>
   <div class='ocr_carea' id='block_1_35' title="bbox 181 3211 1870 3289">
    <p class='ocr_par' dir='ltr' id='par_1_35' title="bbox 181 3211 1870 3289">
     <span class='ocr_line' id='line_1_35' title="bbox 181 3211 1870 3289; baseline -0.003 -19"><span class='ocrx_word' id='word_1_274' title='bbox 181 3236 296 3289; x_wconf 89' lang='grc' dir='ltr'>περ</span> <span class='ocrx_word' id='word_1_275' title='bbox 328 3218 440 3288; x_wconf 81' lang='grc' dir='ltr'>γὰρ</span> <span class='ocrx_word' id='word_1_276' title='bbox 482 3215 719 3270; x_wconf 85' lang='grc' dir='ltr'>ἐνταῦθα</span> <span class='ocrx_word' id='word_1_277' title='bbox 747 3217 780 3287; x_wconf 79' lang='grc' dir='ltr'><strong>ἡ</strong></span> <span class='ocrx_word' id='word_1_278' title='bbox 829 3215 922 3269; x_wconf 86' lang='grc' dir='ltr'>τοῦ</span> <span class='ocrx_word' id='word_1_279' title='bbox 951 3215 1162 3268; x_wconf 81' lang='grc' dir='ltr'>δικαίου</span> <span class='ocrx_word' id='word_1_280' title='bbox 1209 3215 1380 3284; x_wconf 82' lang='grc' dir='ltr'>ἀρετὴ</span> <span class='ocrx_word' id='word_1_281' title='bbox 1411 3212 1500 3266; x_wconf 70' lang='grc' dir='ltr'>τὸν</span> <span class='ocrx_word' id='word_1_282' title='bbox 1543 3211 1748 3264; x_wconf 79' lang='grc' dir='ltr'>καπνὸν</span> <span class='ocrx_word' id='word_1_283' title='bbox 1777 3213 1870 3265; x_wconf 80' lang='grc' dir='ltr'>καὶ</span> 
     </span>
    </p>
   </div>
   <div class='ocr_carea' id='block_1_36' title="bbox 181 3299 1870 3378">
    <p class='ocr_par' dir='ltr' id='par_1_36' title="bbox 181 3299 1870 3378">
     <span class='ocr_line' id='line_1_36' title="bbox 181 3299 1870 3378; baseline -0.006 -17"><span class='ocrx_word' id='word_1_284' title='bbox 181 3307 285 3378; x_wconf 81' lang='grc' dir='ltr'>τὴν</span> <span class='ocrx_word' id='word_1_285' title='bbox 323 3305 552 3359; x_wconf 84' lang='grc' dir='ltr'>κνίσσαν</span> <span class='ocrx_word' id='word_1_286' title='bbox 589 3303 766 3375; x_wconf 79' lang='grc' dir='ltr'>ὀσμὴν</span> <span class='ocrx_word' id='word_1_287' title='bbox 803 3302 1028 3366; x_wconf 80' lang='grc' dir='ltr'>εὐωδίας</span> <span class='ocrx_word' id='word_1_288' title='bbox 1065 3301 1380 3372; x_wconf 78' lang='grc' dir='ltr'>εἰργάσατο,</span> <span class='ocrx_word' id='word_1_289' title='bbox 1408 3299 1580 3364; x_wconf 77' lang='grc' dir='ltr'>οὕτως</span> <span class='ocrx_word' id='word_1_290' title='bbox 1617 3301 1702 3352; x_wconf 85' lang='grc' dir='ltr'>ἐπ’</span> <span class='ocrx_word' id='word_1_291' title='bbox 1726 3299 1870 3352; x_wconf 88' lang='grc' dir='ltr'>ἐκεί-</span> 
     </span>
    </p>
   </div>
   <div class='ocr_carea' id='block_1_37' title="bbox 181 3388 1870 3467">
    <p class='ocr_par' dir='ltr' id='par_1_37' title="bbox 181 3388 1870 3467">
     <span class='ocr_line' id='line_1_37' title="bbox 181 3388 1870 3467; baseline -0.007 -17"><span class='ocrx_word' id='word_1_292' title='bbox 181 3413 292 3450; x_wconf 86' lang='grc' dir='ltr'>νων</span> <span class='ocrx_word' id='word_1_293' title='bbox 321 3397 354 3467; x_wconf 80' lang='grc' dir='ltr'>ἡ</span> <span class='ocrx_word' id='word_1_294' title='bbox 383 3394 496 3450; x_wconf 90' lang='grc' dir='ltr'>τῶν</span> <span class='ocrx_word' id='word_1_295' title='bbox 528 3394 912 3466; x_wconf 85' lang='grc' dir='ltr'>προσαγόντων</span> <span class='ocrx_word' id='word_1_296' title='bbox 948 3391 1181 3462; x_wconf 87' lang='grc' dir='ltr'>πονηρία</span> <span class='ocrx_word' id='word_1_297' title='bbox 1211 3390 1272 3443; x_wconf 89' lang='grc' dir='ltr'>τὸ</span> <span class='ocrx_word' id='word_1_298' title='bbox 1303 3389 1555 3460; x_wconf 86' lang='grc' dir='ltr'>θυμίαμα</span> <span class='ocrx_word' id='word_1_299' title='bbox 1581 3389 1642 3441; x_wconf 83' lang='grc' dir='ltr'>τὸ</span> <span class='ocrx_word' id='word_1_300' title='bbox 1673 3388 1870 3451; x_wconf 86' lang='grc' dir='ltr'>εὐῶδες</span> 
     </span>
    </p>
   </div>
   <div class='ocr_carea' id='block_1_38' title="bbox 183 3475 1868 3552">
    <p class='ocr_par' dir='ltr' id='par_1_38' title="bbox 183 3475 1868 3552">
     <span class='ocr_line' id='line_1_38' title="bbox 183 3475 1868 3552; baseline -0.005 -16"><span class='ocrx_word' id='word_1_301' title='bbox 183 3486 265 3546; x_wconf 87' lang='grc' dir='ltr'>εἰς</span> <span class='ocrx_word' id='word_1_302' title='bbox 307 3482 590 3552; x_wconf 78' lang='grc' dir='ltr'>βδέλυγμα</span> <span class='ocrx_word' id='word_1_303' title='bbox 643 3479 1012 3551; x_wconf 87' lang='grc' dir='ltr'>όσφρανθῆναι</span> <span class='ocrx_word' id='word_1_304' title='bbox 1062 3492 1088 3520; x_wconf 79' lang='grc' dir='ltr'>ιι</span> <span class='ocrx_word' id='word_1_305' title='bbox 1135 3477 1538 3550; x_wconf 89' lang='grc' dir='ltr'>παρεσκεύασε.</span> <span class='ocrx_word' id='word_1_306' title='bbox 1588 3475 1868 3546; x_wconf 88' lang='grc' dir='ltr'>Πανταχοῦ</span> 
     </span>
    </p>
   </div>
   <div class='ocr_carea' id='block_1_39' title="bbox 181 3565 1872 3640">
    <p class='ocr_par' dir='ltr' id='par_1_39' title="bbox 181 3565 1872 3640">
     <span class='ocr_line' id='line_1_39' title="bbox 181 3565 1872 3640; baseline -0.005 -15"><span class='ocrx_word' id='word_1_307' title='bbox 181 3572 368 3626; x_wconf 83' lang='grc' dir='ltr'>τοίνυν</span> <span class='ocrx_word' id='word_1_308' title='bbox 415 3569 828 3640; x_wconf 81' lang='grc' dir='ltr'>σπουδάζωμεν,</span> <span class='ocrx_word' id='word_1_309' title='bbox 868 3567 1194 3638; x_wconf 85' lang='grc' dir='ltr'>παρακαλῶ,</span> <span class='ocrx_word' id='word_1_310' title='bbox 1223 3567 1450 3638; x_wconf 86' lang='grc' dir='ltr'>γνώμην</span> <span class='ocrx_word' id='word_1_311' title='bbox 1496 3565 1623 3635; x_wconf 86' lang='grc' dir='ltr'>ὑγιῆ</span> <span class='ocrx_word' id='word_1_312' title='bbox 1669 3565 1872 3618; x_wconf 83' lang='grc' dir='ltr'>ἐπιδεί-</span> 
     </span>
    </p>
   </div>
   <div class='ocr_carea' id='block_1_40' title="bbox 183 3652 1869 3729">
    <p class='ocr_par' dir='ltr' id='par_1_40' title="bbox 183 3652 1869 3729">
     <span class='ocr_line' id='line_1_40' title="bbox 183 3652 1869 3729; baseline -0.003 -16"><span class='ocrx_word' id='word_1_313' title='bbox 183 3660 442 3714; x_wconf 88' lang='grc' dir='ltr'>κνυσθαι.</span> <span class='ocrx_word' id='word_1_314' title='bbox 486 3658 635 3728; x_wconf 78' lang='grc' dir='ltr'>Αὕτη</span> <span class='ocrx_word' id='word_1_315' title='bbox 675 3659 784 3729; x_wconf 83' lang='grc' dir='ltr'>γὰρ</span> <span class='ocrx_word' id='word_1_316' title='bbox 813 3657 964 3710; x_wconf 80' lang='grc' dir='ltr'>αἰτία</span> <span class='ocrx_word' id='word_1_317' title='bbox 993 3656 1200 3725; x_wconf 87' lang='grc' dir='ltr'>γίνεται</span> <span class='ocrx_word' id='word_1_318' title='bbox 1235 3656 1454 3708; x_wconf 89' lang='grc' dir='ltr'>πάντων</span> <span class='ocrx_word' id='word_1_319' title='bbox 1485 3654 1594 3707; x_wconf 90' lang='grc' dir='ltr'>τῶν</span> <span class='ocrx_word' id='word_1_320' title='bbox 1629 3652 1869 3721; x_wconf 82' lang='grc' dir='ltr'>ἀγαθῶν.</span> 
     </span>
    </p>
   </div>
   <div class='ocr_carea' id='block_1_41' title="bbox 192 3735 1876 3820">
    <p class='ocr_par' dir='ltr' id='par_1_41' title="bbox 192 3735 1876 3820">
     <span class='ocr_line' id='line_1_41' title="bbox 192 3735 1876 3820; baseline -0.004 -19"><span class='ocrx_word' id='word_1_321' title='bbox 192 3747 256 3801; x_wconf 75' lang='lat'>’0</span> <span class='ocrx_word' id='word_1_322' title='bbox 285 3747 400 3820; x_wconf 82' lang='grc' dir='ltr'>γάρ</span> <span class='ocrx_word' id='word_1_323' title='bbox 431 3746 636 3816; x_wconf 80' lang='grc' dir='ltr'>ἀγαθὸς</span> <span class='ocrx_word' id='word_1_324' title='bbox 665 3745 945 3816; x_wconf 81' lang='grc' dir='ltr'>Δεσπότης</span> <span class='ocrx_word' id='word_1_325' title='bbox 979 3745 1038 3798; x_wconf 89' lang='grc' dir='ltr'>οὐ</span> <span class='ocrx_word' id='word_1_326' title='bbox 1073 3746 1188 3808; x_wconf 88' lang='grc' dir='ltr'>τοῖς</span> <span class='ocrx_word' id='word_1_327' title='bbox 1219 3745 1347 3814; x_wconf 86' lang='grc' dir='ltr'>παρ’</span> <span class='ocrx_word' id='word_1_328' title='bbox 1374 3743 1532 3813; x_wconf 82' lang='grc' dir='ltr'>ἡμῶν</span> <span class='ocrx_word' id='word_1_329' title='bbox 1569 3735 1876 3812; x_wconf 79' lang='grc' dir='ltr'>γινομένοις</span> 
     </span>
    </p>
   </div>
   <div class='ocr_carea' id='block_1_42' title="bbox 181 3825 1873 3908">
    <p class='ocr_par' dir='ltr' id='par_1_42' title="bbox 181 3825 1873 3908">
     <span class='ocr_line' id='line_1_42' title="bbox 181 3825 1873 3908; baseline -0.004 -18"><span class='ocrx_word' id='word_1_330' title='bbox 181 3838 482 3908; x_wconf 78' lang='grc' dir='ltr'>προσέχειν</span> <span class='ocrx_word' id='word_1_331' title='bbox 507 3836 696 3888; x_wconf 82' lang='grc' dir='ltr'>εἴωθεν</span> <span class='ocrx_word' id='word_1_332' title='bbox 723 3835 798 3898; x_wconf 88' lang='grc' dir='ltr'>ώς</span> <span class='ocrx_word' id='word_1_333' title='bbox 818 3838 885 3905; x_wconf 86' lang='grc' dir='ltr'>τῇ</span> <span class='ocrx_word' id='word_1_334' title='bbox 917 3833 1130 3888; x_wconf 73' lang='grc' dir='ltr'>ἔνδοθεν</span> <span class='ocrx_word' id='word_1_335' title='bbox 1149 3833 1378 3904; x_wconf 83' lang='grc' dir='ltr'>διανοίᾳ,</span> <span class='ocrx_word' id='word_1_336' title='bbox 1401 3831 1494 3900; x_wconf 82' lang='grc' dir='ltr'>ἀφ’</span> <span class='ocrx_word' id='word_1_337' title='bbox 1518 3825 1586 3902; x_wconf 86' lang='grc' dir='ltr'>ἦς</span> <span class='ocrx_word' id='word_1_338' title='bbox 1615 3829 1873 3902; x_wconf 83' lang='grc' dir='ltr'>ὁρμώμε-</span> 
     </span>
    </p>
   </div>
   <div class='ocr_carea' id='block_1_43' title="bbox 180 3919 1872 3995">
    <p class='ocr_par' dir='ltr' id='par_1_43' title="bbox 180 3919 1872 3995">
     <span class='ocr_line' id='line_1_43' title="bbox 180 3919 1872 3995; baseline -0.003 -16"><span class='ocrx_word' id='word_1_339' title='bbox 180 3943 268 3979; x_wconf 86' lang='grc' dir='ltr'>νοι</span> <span class='ocrx_word' id='word_1_340' title='bbox 313 3925 494 3978; x_wconf 86' lang='grc' dir='ltr'>ταῦτα</span> <span class='ocrx_word' id='word_1_341' title='bbox 521 3921 990 3995; x_wconf 85' lang='grc' dir='ltr'>διαπραττόμεθα,</span> <span class='ocrx_word' id='word_1_342' title='bbox 1034 3923 1129 3976; x_wconf 71' lang='grc' dir='ltr'>καὶ</span> <span class='ocrx_word' id='word_1_343' title='bbox 1163 3921 1302 3992; x_wconf 77' lang='grc' dir='ltr'>πρὸς</span> <span class='ocrx_word' id='word_1_344' title='bbox 1350 3921 1565 3990; x_wconf 88' lang='grc' dir='ltr'>ἐκείνην</span> <span class='ocrx_word' id='word_1_345' title='bbox 1599 3919 1809 3990; x_wconf 79' lang='grc' dir='ltr'>βλέπων</span> <span class='ocrx_word' id='word_1_346' title='bbox 1839 3920 1872 3990; x_wconf 82' lang='grc' dir='ltr'><strong>ἢ</strong></span> 
     </span>
    </p>
   </div>
   <div class='ocr_carea' id='block_1_44' title="bbox 181 4010 1872 4085">
    <p class='ocr_par' dir='ltr' id='par_1_44' title="bbox 181 4010 1872 4085">
     <span class='ocr_line' id='line_1_44' title="bbox 181 4010 1872 4085; baseline -0.003 -18"><span class='ocrx_word' id='word_1_347' title='bbox 181 4014 482 4085; x_wconf 84' lang='grc' dir='ltr'>προσίεται</span> <span class='ocrx_word' id='word_1_348' title='bbox 516 4013 586 4068; x_wconf 86' lang='grc' dir='ltr'>τά</span> <span class='ocrx_word' id='word_1_349' title='bbox 617 4015 706 4082; x_wconf 87' lang='grc' dir='ltr'>ὑφ’</span> <span class='ocrx_word' id='word_1_350' title='bbox 736 4011 896 4085; x_wconf 86' lang='grc' dir='ltr'>ἡμῶν</span> <span class='ocrx_word' id='word_1_351' title='bbox 934 4013 1217 4083; x_wconf 90' lang='grc' dir='ltr'>γινόμενα,</span> <span class='ocrx_word' id='word_1_352' title='bbox 1245 4011 1279 4082; x_wconf 84' lang='grc' dir='ltr'>ἢ</span> <span class='ocrx_word' id='word_1_353' title='bbox 1305 4010 1734 4082; x_wconf 85' lang='grc' dir='ltr'>ἀποστρέφεται.</span> <span class='ocrx_word' id='word_1_354' title='bbox 1755 4010 1872 4063; x_wconf 85' lang='grc' dir='ltr'>Κάν</span> 
     </span>
    </p>
   </div>
   <div class='ocr_carea' id='block_1_45' title="bbox 179 4100 1875 4174">
    <p class='ocr_par' dir='ltr' id='par_1_45' title="bbox 179 4100 1875 4174">
     <span class='ocr_line' id='line_1_45' title="bbox 179 4100 1875 4174; baseline -0.002 -17"><span class='ocrx_word' id='word_1_355' title='bbox 179 4122 244 4157; x_wconf 89' lang='grc' dir='ltr'>τε</span> <span class='ocrx_word' id='word_1_356' title='bbox 277 4100 374 4157; x_wconf 76' lang='grc' dir='ltr'>οὖν</span> <span class='ocrx_word' id='word_1_357' title='bbox 421 4102 731 4174; x_wconf 76' lang='grc' dir='ltr'>εὐχώμεθα,</span> <span class='ocrx_word' id='word_1_358' title='bbox 767 4105 869 4158; x_wconf 87' lang='grc' dir='ltr'>κάν</span> <span class='ocrx_word' id='word_1_359' title='bbox 908 4121 966 4156; x_wconf 88' lang='grc' dir='ltr'>τε</span> <span class='ocrx_word' id='word_1_360' title='bbox 999 4102 1370 4173; x_wconf 87' lang='grc' dir='ltr'>νηστεύωμεν,</span> <span class='ocrx_word' id='word_1_361' title='bbox 1419 4102 1518 4154; x_wconf 77' lang='grc' dir='ltr'>κᾶν</span> <span class='ocrx_word' id='word_1_362' title='bbox 1545 4119 1604 4154; x_wconf 85' lang='grc' dir='ltr'>τε</span> <span class='ocrx_word' id='word_1_363' title='bbox 1649 4101 1875 4171; x_wconf 88' lang='grc' dir='ltr'>ἐλεημο-</span> 
     </span>
    </p>
   </div>
   <div class='ocr_carea' id='block_1_46' title="bbox 180 4187 1876 4264">
    <p class='ocr_par' dir='ltr' id='par_1_46' title="bbox 180 4187 1876 4264">
     <span class='ocr_line' id='line_1_46' title="bbox 180 4187 1876 4264; baseline -0.004 -18"><span class='ocrx_word' id='word_1_364' title='bbox 180 4192 362 4264; x_wconf 78' lang='grc' dir='ltr'>σύνην</span> <span class='ocrx_word' id='word_1_365' title='bbox 400 4191 764 4262; x_wconf 77' lang='grc' dir='ltr'>ἐργαζώμεθα</span> <span class='ocrx_word' id='word_1_366' title='bbox 789 4187 971 4259; x_wconf 79' lang='lat'><em>(66:6:</em></span> <span class='ocrx_word' id='word_1_367' title='bbox 1007 4191 1117 4262; x_wconf 84' lang='grc' dir='ltr'>γὰρ</span> <span class='ocrx_word' id='word_1_368' title='bbox 1147 4192 1302 4261; x_wconf 87' lang='grc' dir='ltr'>ἡμῶν</span> <span class='ocrx_word' id='word_1_369' title='bbox 1331 4193 1466 4243; x_wconf 84' lang='grc' dir='ltr'>εἰσιν</span> <span class='ocrx_word' id='word_1_370' title='bbox 1498 4191 1552 4242; x_wconf 89' lang='grc' dir='ltr'>αἱ</span> <span class='ocrx_word' id='word_1_371' title='bbox 1579 4205 1876 4259; x_wconf 87' lang='grc' dir='ltr'>πνευματι-</span> 
     </span>
    </p>
   </div>
   <div class='ocr_carea' id='block_1_47' title="bbox 179 4276 1879 4352">
    <p class='ocr_par' dir='ltr' id='par_1_47' title="bbox 179 4276 1879 4352">
     <span class='ocr_line' id='line_1_47' title="bbox 179 4276 1879 4352; baseline -0.003 -19"><span class='ocrx_word' id='word_1_372' title='bbox 179 4283 288 4334; x_wconf 79' lang='grc' dir='ltr'>καὶ</span> <span class='ocrx_word' id='word_1_373' title='bbox 325 4280 552 4348; x_wconf 78' lang='grc' dir='ltr'>θυσίαι),</span> <span class='ocrx_word' id='word_1_374' title='bbox 583 4280 684 4334; x_wconf 85' lang='grc' dir='ltr'>κάν</span> <span class='ocrx_word' id='word_1_375' title='bbox 714 4297 774 4332; x_wconf 88' lang='grc' dir='ltr'>τε</span> <span class='ocrx_word' id='word_1_376' title='bbox 813 4279 1000 4352; x_wconf 72' lang='grc' dir='ltr'>ἕτερόν</span> <span class='ocrx_word' id='word_1_377' title='bbox 1028 4297 1080 4331; x_wconf 90' lang='grc' dir='ltr'>τι</span> <span class='ocrx_word' id='word_1_378' title='bbox 1109 4277 1474 4349; x_wconf 73' lang='grc' dir='ltr'>πνευματικὸν</span> <span class='ocrx_word' id='word_1_379' title='bbox 1508 4276 1666 4348; x_wconf 79' lang='grc' dir='ltr'>ἔργον</span> <span class='ocrx_word' id='word_1_380' title='bbox 1695 4279 1879 4328; x_wconf 81' lang='grc' dir='ltr'>ἐπιτε-</span> 
     </span>
    </p>
   </div>
   <div class='ocr_carea' id='block_1_48' title="bbox 179 4365 1876 4440">
    <p class='ocr_par' dir='ltr' id='par_1_48' title="bbox 179 4365 1876 4440">
     <span class='ocr_line' id='line_1_48' title="bbox 179 4365 1876 4440; baseline -0.004 -17"><span class='ocrx_word' id='word_1_381' title='bbox 179 4371 398 4440; x_wconf 83' lang='grc' dir='ltr'>λῶμεν,</span> <span class='ocrx_word' id='word_1_382' title='bbox 429 4369 539 4424; x_wconf 72' lang='grc' dir='ltr'>ἀπὸ</span> <span class='ocrx_word' id='word_1_383' title='bbox 582 4368 808 4440; x_wconf 89' lang='grc' dir='ltr'>γνώμης</span> <span class='ocrx_word' id='word_1_384' title='bbox 849 4366 1034 4437; x_wconf 89' lang='grc' dir='ltr'>ὑγιοῦς</span> <span class='ocrx_word' id='word_1_385' title='bbox 1068 4366 1376 4438; x_wconf 84' lang='grc' dir='ltr'>ὁρμώμενοι</span> <span class='ocrx_word' id='word_1_386' title='bbox 1413 4366 1571 4419; x_wconf 87' lang='grc' dir='ltr'>τοῦτο</span> <span class='ocrx_word' id='word_1_387' title='bbox 1613 4365 1876 4434; x_wconf 84' lang='grc' dir='ltr'>διαπρατ-</span> 
     </span>
    </p>
   </div>
   <div class='ocr_carea' id='block_1_49' title="bbox 179 4453 1878 4528">
    <p class='ocr_par' dir='ltr' id='par_1_49' title="bbox 179 4453 1878 4528">
     <span class='ocr_line' id='line_1_49' title="bbox 179 4453 1878 4528; baseline -0.005 -17"><span class='ocrx_word' id='word_1_388' title='bbox 179 4457 439 4528; x_wconf 84' lang='grc' dir='ltr'>τώμεθα,</span> <span class='ocrx_word' id='word_1_389' title='bbox 475 4458 562 4510; x_wconf 85' lang='grc' dir='ltr'>ἵνα</span> <span class='ocrx_word' id='word_1_390' title='bbox 595 4458 689 4510; x_wconf 80' lang='grc' dir='ltr'>καὶ</span> <span class='ocrx_word' id='word_1_391' title='bbox 724 4455 833 4510; x_wconf 87' lang='grc' dir='ltr'>τῶν</span> <span class='ocrx_word' id='word_1_392' title='bbox 873 4455 1132 4526; x_wconf 86' lang='grc' dir='ltr'>καμάτων</span> <span class='ocrx_word' id='word_1_393' title='bbox 1161 4453 1308 4518; x_wconf 79' lang='grc' dir='ltr'>ἄξιον</span> <span class='ocrx_word' id='word_1_394' title='bbox 1340 4455 1430 4506; x_wconf 88' lang='grc' dir='ltr'>τὸν</span> <span class='ocrx_word' id='word_1_395' title='bbox 1476 4453 1739 4522; x_wconf 88' lang='grc' dir='ltr'>στέφανον</span> <span class='ocrx_word' id='word_1_396' title='bbox 1786 4469 1878 4504; x_wconf 86' lang='grc' dir='ltr'>κο-</span> 
     </span>
    </p>
   </div>
   <div class='ocr_carea' id='block_1_50' title="bbox 185 4541 1877 4617">
    <p class='ocr_par' dir='ltr' id='par_1_50' title="bbox 185 4541 1877 4617">
     <span class='ocr_line' id='line_1_50' title="bbox 185 4541 1877 4617; baseline -0.002 -19"><span class='ocrx_word' id='word_1_397' title='bbox 185 4545 508 4617; x_wconf 86' lang='grc' dir='ltr'>μισώμεθα.</span> <span class='ocrx_word' id='word_1_398' title='bbox 539 4547 650 4598; x_wconf 71' lang='grc' dir='ltr'>Καὶ</span> <span class='ocrx_word' id='word_1_399' title='bbox 693 4545 802 4616; x_wconf 81' lang='grc' dir='ltr'>γὰρ</span> <span class='ocrx_word' id='word_1_400' title='bbox 851 4543 914 4598; x_wconf 75' lang='grc' dir='ltr'>ἂν</span> <span class='ocrx_word' id='word_1_401' title='bbox 965 4545 1048 4614; x_wconf 76' lang='grc' dir='ltr'>εἴη</span> <span class='ocrx_word' id='word_1_402' title='bbox 1082 4543 1190 4596; x_wconf 89' lang='grc' dir='ltr'>τῶν</span> <span class='ocrx_word' id='word_1_403' title='bbox 1239 4541 1602 4600; x_wconf 85' lang='grc' dir='ltr'>ἀτοπωτάτων</span> <span class='ocrx_word' id='word_1_404' title='bbox 1652 4541 1740 4594; x_wconf 79' lang='grc' dir='ltr'>τὸν</span> <span class='ocrx_word' id='word_1_405' title='bbox 1779 4541 1877 4609; x_wconf 86' lang='grc' dir='ltr'>μὲν</span> 
     </span>
    </p>
   </div>
   <div class='ocr_carea' id='block_1_51' title="bbox 183 4628 1874 4704">
    <p class='ocr_par' dir='ltr' id='par_1_51' title="bbox 183 4628 1874 4704">
     <span class='ocr_line' id='line_1_51' title="bbox 183 4628 1874 4704; baseline -0.004 -17"><span class='ocrx_word' id='word_1_406' title='bbox 183 4635 358 4687; x_wconf 81' lang='grc' dir='ltr'>πόνον</span> <span class='ocrx_word' id='word_1_407' title='bbox 389 4634 540 4704; x_wconf 83' lang='grc' dir='ltr'>ἡμᾶς</span> <span class='ocrx_word' id='word_1_408' title='bbox 579 4633 890 4704; x_wconf 89' lang='grc' dir='ltr'>ὑπομένειν,</span> <span class='ocrx_word' id='word_1_409' title='bbox 934 4631 1034 4702; x_wconf 82' lang='grc' dir='ltr'>τῆς</span> <span class='ocrx_word' id='word_1_410' title='bbox 1065 4632 1122 4685; x_wconf 88' lang='grc' dir='ltr'>δέ</span> <span class='ocrx_word' id='word_1_411' title='bbox 1166 4629 1401 4702; x_wconf 81' lang='grc' dir='ltr'>ἀμοιϐῆς</span> <span class='ocrx_word' id='word_1_412' title='bbox 1435 4628 1874 4700; x_wconf 83' lang='grc' dir='ltr'>ἀποστερεῖσθαι,</span> 
     </span>
    </p>
   </div>
   <div class='ocr_carea' id='block_1_52' title="bbox 183 4718 1881 4793">
    <p class='ocr_par' dir='ltr' id='par_1_52' title="bbox 183 4718 1881 4793">
     <span class='ocr_line' id='line_1_52' title="bbox 183 4718 1881 4793; baseline -0.004 -17"><span class='ocrx_word' id='word_1_413' title='bbox 183 4724 324 4776; x_wconf 71' lang='grc' dir='ltr'>ὅταν</span> <span class='ocrx_word' id='word_1_414' title='bbox 351 4721 430 4793; x_wconf 82' lang='grc' dir='ltr'>μὴ</span> <span class='ocrx_word' id='word_1_415' title='bbox 464 4721 610 4775; x_wconf 86' lang='grc' dir='ltr'>κατά</span> <span class='ocrx_word' id='word_1_416' title='bbox 643 4721 768 4784; x_wconf 79' lang='grc' dir='ltr'>τοὺς</span> <span class='ocrx_word' id='word_1_417' title='bbox 799 4723 890 4774; x_wconf 83' lang='grc' dir='ltr'>ὑπ’</span> <span class='ocrx_word' id='word_1_418' title='bbox 924 4720 1088 4774; x_wconf 88' lang='grc' dir='ltr'>αὑτοῦ</span> <span class='ocrx_word' id='word_1_419' title='bbox 1117 4719 1369 4783; x_wconf 77' lang='grc' dir='ltr'>δοθέντας</span> <span class='ocrx_word' id='word_1_420' title='bbox 1401 4719 1596 4789; x_wconf 89' lang='grc' dir='ltr'>νόμους</span> <span class='ocrx_word' id='word_1_421' title='bbox 1623 4718 1721 4789; x_wconf 76' lang='grc' dir='ltr'>τὴν</span> <span class='ocrx_word' id='word_1_422' title='bbox 1751 4718 1881 4788; x_wconf 89' lang='grc' dir='ltr'>ἀρε-</span> 
     </span>
    </p>
   </div>
   <div class='ocr_carea' id='block_1_53' title="bbox 186 4803 1879 4881">
    <p class='ocr_par' dir='ltr' id='par_1_53' title="bbox 186 4803 1879 4881">
     <span class='ocr_line' id='line_1_53' title="bbox 186 4803 1879 4881; baseline -0.004 -17"><span class='ocrx_word' id='word_1_423' title='bbox 186 4811 295 4880; x_wconf 84' lang='grc' dir='ltr'>τὴν</span> <span class='ocrx_word' id='word_1_424' title='bbox 331 4810 631 4881; x_wconf 86' lang='grc' dir='ltr'>μετίωμεν.</span> <span class='ocrx_word' id='word_1_425' title='bbox 669 4807 826 4861; x_wconf 83' lang='grc' dir='ltr'>Ἐστι</span> <span class='ocrx_word' id='word_1_426' title='bbox 851 4807 980 4880; x_wconf 86' lang='grc' dir='ltr'>γὰρ,</span> <span class='ocrx_word' id='word_1_427' title='bbox 1013 4808 1126 4860; x_wconf 84' lang='grc' dir='ltr'>ἐστι</span> <span class='ocrx_word' id='word_1_428' title='bbox 1157 4807 1245 4861; x_wconf 77' lang='grc' dir='ltr'>διὰ</span> <span class='ocrx_word' id='word_1_429' title='bbox 1268 4807 1366 4876; x_wconf 79' lang='grc' dir='ltr'>τὴν</span> <span class='ocrx_word' id='word_1_430' title='bbox 1399 4806 1605 4875; x_wconf 81' lang='grc' dir='ltr'>ἄφατον</span> <span class='ocrx_word' id='word_1_431' title='bbox 1627 4804 1722 4858; x_wconf 89' lang='grc' dir='ltr'>τοῦ</span> <span class='ocrx_word' id='word_1_432' title='bbox 1744 4803 1879 4857; x_wconf 76' lang='grc' dir='ltr'>Θεοῦ</span> 
     </span>
    </p>
   </div>
   <div class='ocr_carea' id='block_1_54' title="bbox 191 4891 1882 4968">
    <p class='ocr_par' dir='ltr' id='par_1_54' title="bbox 191 4891 1882 4968">
     <span class='ocr_line' id='line_1_54' title="bbox 191 4891 1882 4968; baseline -0.005 -18"><span class='ocrx_word' id='word_1_433' title='bbox 191 4898 614 4968; x_wconf 76' lang='grc' dir='ltr'>φιλανθρωπίαν</span> <span class='ocrx_word' id='word_1_434' title='bbox 655 4898 749 4950; x_wconf 75' lang='grc' dir='ltr'>καὶ</span> <span class='ocrx_word' id='word_1_435' title='bbox 776 4897 838 4949; x_wconf 92' lang='lat'>:6</span> <span class='ocrx_word' id='word_1_436' title='bbox 876 4895 1034 4966; x_wconf 78' lang='grc' dir='ltr'>ἔργον</span> <span class='ocrx_word' id='word_1_437' title='bbox 1067 4893 1141 4966; x_wconf 82' lang='grc' dir='ltr'>μὴ</span> <span class='ocrx_word' id='word_1_438' title='bbox 1177 4893 1611 4955; x_wconf 78' lang='grc' dir='ltr'>ἐπιτελέσαντας,</span> <span class='ocrx_word' id='word_1_439' title='bbox 1645 4891 1754 4944; x_wconf 86' lang='grc' dir='ltr'>ἀπὸ</span> <span class='ocrx_word' id='word_1_440' title='bbox 1783 4891 1882 4960; x_wconf 78' lang='grc' dir='ltr'>τῆς</span> 
     </span>
    </p>
   </div>
   <div class='ocr_carea' id='block_1_55' title="bbox 189 4979 1881 5056">
    <p class='ocr_par' dir='ltr' id='par_1_55' title="bbox 189 4979 1881 5056">
     <span class='ocr_line' id='line_1_55' title="bbox 189 4979 1881 5056; baseline -0.003 -19"><span class='ocrx_word' id='word_1_441' title='bbox 189 4985 428 5056; x_wconf 80' lang='grc' dir='ltr'>γνώμης</span> <span class='ocrx_word' id='word_1_442' title='bbox 463 4987 621 5056; x_wconf 87' lang='grc' dir='ltr'>μόνον</span> <span class='ocrx_word' id='word_1_443' title='bbox 660 4985 749 5038; x_wconf 73' lang='grc' dir='ltr'>τὸν</span> <span class='ocrx_word' id='word_1_444' title='bbox 801 4985 1061 5053; x_wconf 84' lang='grc' dir='ltr'>στέφανον</span> <span class='ocrx_word' id='word_1_445' title='bbox 1095 4981 1461 5054; x_wconf 85' lang='grc' dir='ltr'>κομίσασθαι·</span> <span class='ocrx_word' id='word_1_446' title='bbox 1511 4981 1605 5034; x_wconf 75' lang='grc' dir='ltr'>καὶ</span> <span class='ocrx_word' id='word_1_447' title='bbox 1651 4979 1738 5033; x_wconf 81' lang='grc' dir='ltr'>ἵνα</span> <span class='ocrx_word' id='word_1_448' title='bbox 1777 4979 1881 5050; x_wconf 89' lang='grc' dir='ltr'>μά-</span> 
     </span>
    </p>
   </div>
   <div class='ocr_carea' id='block_1_56' title="bbox 189 5065 1880 5146">
    <p class='ocr_par' dir='ltr' id='par_1_56' title="bbox 189 5065 1880 5146">
     <span class='ocr_line' id='line_1_56' title="bbox 189 5065 1880 5146; baseline -0.005 -20"><span class='ocrx_word' id='word_1_449' title='bbox 189 5075 318 5146; x_wconf 66' lang='grc' dir='ltr'>θῃς,</span> <span class='ocrx_word' id='word_1_450' title='bbox 359 5075 554 5128; x_wconf 87' lang='grc' dir='ltr'>σκόπει</span> <span class='ocrx_word' id='word_1_451' title='bbox 591 5091 679 5144; x_wconf 87' lang='grc' dir='ltr'>μοι</span> <span class='ocrx_word' id='word_1_452' title='bbox 723 5074 883 5127; x_wconf 86' lang='grc' dir='ltr'>τοῦτο</span> <span class='ocrx_word' id='word_1_453' title='bbox 920 5073 1012 5124; x_wconf 84' lang='lat'><em>61:1</em></span> <span class='ocrx_word' id='word_1_454' title='bbox 1053 5071 1153 5141; x_wconf 83' lang='grc' dir='ltr'>τῆς</span> <span class='ocrx_word' id='word_1_455' title='bbox 1188 5069 1586 5142; x_wconf 77' lang='grc' dir='ltr'>ἐ).εημοσύνης’</span> <span class='ocrx_word' id='word_1_456' title='bbox 1621 5069 1746 5121; x_wconf 86' lang='grc' dir='ltr'>ὅταν</span> <span class='ocrx_word' id='word_1_457' title='bbox 1773 5065 1880 5136; x_wconf 81' lang='grc' dir='ltr'>γὰρ</span> 
     </span>
    </p>
   </div>
   <div class='ocr_carea' id='block_1_57' title="bbox 191 5153 1883 5235">
    <p class='ocr_par' dir='ltr' id='par_1_57' title="bbox 191 5153 1883 5235">
     <span class='ocr_line' id='line_1_57' title="bbox 191 5153 1883 5235; baseline -0.008 -18"><span class='ocrx_word' id='word_1_458' title='bbox 191 5163 316 5235; x_wconf 72' lang='grc' dir='ltr'>ἴδῃς</span> <span class='ocrx_word' id='word_1_459' title='bbox 341 5163 432 5216; x_wconf 71' lang='grc' dir='ltr'>τὸν</span> <span class='ocrx_word' id='word_1_460' title='bbox 461 5162 554 5215; x_wconf 83' lang='lat'><em>61:1</em></span> <span class='ocrx_word' id='word_1_461' title='bbox 585 5163 686 5232; x_wconf 80' lang='grc' dir='ltr'>τῆς</span> <span class='ocrx_word' id='word_1_462' title='bbox 720 5161 925 5230; x_wconf 82' lang='grc' dir='ltr'>ἀγορᾶς</span> <span class='ocrx_word' id='word_1_463' title='bbox 972 5159 1303 5230; x_wconf 73' lang='grc' dir='ltr'>ἐρριμμένον</span> <span class='ocrx_word' id='word_1_464' title='bbox 1345 5157 1438 5210; x_wconf 76' lang='grc' dir='ltr'>καὶ</span> <span class='ocrx_word' id='word_1_465' title='bbox 1477 5155 1679 5229; x_wconf 79' lang='grc' dir='ltr'>ἐσχάτῃ</span> <span class='ocrx_word' id='word_1_466' title='bbox 1723 5153 1883 5225; x_wconf 78' lang='grc' dir='ltr'>πενίᾳ</span> 
     </span>
    </p>
   </div>
   <div class='ocr_carea' id='block_1_58' title="bbox 191 5239 1884 5316">
    <p class='ocr_par' dir='ltr' id='par_1_58' title="bbox 191 5239 1884 5316">
     <span class='ocr_line' id='line_1_58' title="bbox 191 5239 1884 5316; baseline -0.004 -18"><span class='ocrx_word' id='word_1_467' title='bbox 191 5245 586 5316; x_wconf 84' lang='grc' dir='ltr'>κατεχόμενον,</span> <span class='ocrx_word' id='word_1_468' title='bbox 621 5244 716 5297; x_wconf 76' lang='grc' dir='ltr'>καὶ</span> <span class='ocrx_word' id='word_1_469' title='bbox 759 5243 1048 5313; x_wconf 86' lang='grc' dir='ltr'>συναλγῇς,</span> <span class='ocrx_word' id='word_1_470' title='bbox 1095 5239 1276 5303; x_wconf 89' lang='grc' dir='ltr'>τείνας</span> <span class='ocrx_word' id='word_1_471' title='bbox 1309 5257 1369 5294; x_wconf 87' lang='grc' dir='ltr'>τε</span> <span class='ocrx_word' id='word_1_472' title='bbox 1398 5239 1496 5311; x_wconf 83' lang='grc' dir='ltr'>τὴν</span> <span class='ocrx_word' id='word_1_473' title='bbox 1537 5239 1773 5294; x_wconf 89' lang='grc' dir='ltr'>διάνοιαν</span> <span class='ocrx_word' id='word_1_474' title='bbox 1804 5241 1884 5302; x_wconf 84' lang='grc' dir='ltr'>είς</span> 
     </span>
    </p>
   </div>
   <div class='ocr_carea' id='block_1_59' title="bbox 189 5324 1882 5403">
    <p class='ocr_par' dir='ltr' id='par_1_59' title="bbox 189 5324 1882 5403">
     <span class='ocr_line' id='line_1_59' title="bbox 189 5324 1882 5403; baseline -0.006 -15"><span class='ocrx_word' id='word_1_475' title='bbox 189 5335 291 5388; x_wconf 74' lang='grc' dir='ltr'>τὸν</span> <span class='ocrx_word' id='word_1_476' title='bbox 331 5331 564 5403; x_wconf 78' lang='grc' dir='ltr'>οὐρανὸν</span> <span class='ocrx_word' id='word_1_477' title='bbox 616 5331 1016 5401; x_wconf 82' lang='grc' dir='ltr'>εὐχαριστήσῃς</span> <span class='ocrx_word' id='word_1_478' title='bbox 1061 5327 1137 5399; x_wconf 82' lang='grc' dir='ltr'>τῷ</span> <span class='ocrx_word' id='word_1_479' title='bbox 1171 5329 1416 5398; x_wconf 85' lang='grc' dir='ltr'>Δεσπότῃ</span> <span class='ocrx_word' id='word_1_480' title='bbox 1458 5327 1551 5380; x_wconf 76' lang='grc' dir='ltr'>καὶ</span> <span class='ocrx_word' id='word_1_481' title='bbox 1601 5327 1740 5398; x_wconf 81' lang='grc' dir='ltr'>ὑπὲρ</span> <span class='ocrx_word' id='word_1_482' title='bbox 1773 5324 1882 5379; x_wconf 85' lang='grc' dir='ltr'>τῶν</span> 
     </span>
    </p>
   </div>
   <div class='ocr_carea' id='block_1_60' title="bbox 193 5411 1884 5490">
    <p class='ocr_par' dir='ltr' id='par_1_60' title="bbox 193 5411 1884 5490">
     <span class='ocr_line' id='line_1_60' title="bbox 193 5411 1884 5490; baseline -0.005 -16"><span class='ocrx_word' id='word_1_483' title='bbox 193 5422 347 5475; x_wconf 86' lang='grc' dir='ltr'>κατά</span> <span class='ocrx_word' id='word_1_484' title='bbox 382 5419 600 5484; x_wconf 81' lang='grc' dir='ltr'>σαυτὸν,</span> <span class='ocrx_word' id='word_1_485' title='bbox 630 5419 726 5472; x_wconf 72' lang='grc' dir='ltr'>καὶ</span> <span class='ocrx_word' id='word_1_486' title='bbox 751 5419 888 5490; x_wconf 85' lang='grc' dir='ltr'>ὑπὲρ</span> <span class='ocrx_word' id='word_1_487' title='bbox 929 5417 1028 5487; x_wconf 80' lang='grc' dir='ltr'>τῆς</span> <span class='ocrx_word' id='word_1_488' title='bbox 1059 5415 1334 5486; x_wconf 80' lang='grc' dir='ltr'>ὑπομονῆς</span> <span class='ocrx_word' id='word_1_489' title='bbox 1359 5414 1452 5468; x_wconf 88' lang='grc' dir='ltr'>τοῦ</span> <span class='ocrx_word' id='word_1_490' title='bbox 1497 5414 1745 5485; x_wconf 84' lang='grc' dir='ltr'>πένητος,</span> <span class='ocrx_word' id='word_1_491' title='bbox 1781 5411 1884 5466; x_wconf 85' lang='grc' dir='ltr'>κᾶν</span> 
     </span>
    </p>
   </div>
   <div class='ocr_carea' id='block_1_61' title="bbox 197 5500 1885 5582">
    <p class='ocr_par' dir='ltr' id='par_1_61' title="bbox 197 5500 1885 5582">
     <span class='ocr_line' id='line_1_61' title="bbox 197 5500 1885 5582; baseline -0.006 -19"><span class='ocrx_word' id='word_1_492' title='bbox 197 5511 282 5582; x_wconf 89' lang='grc' dir='ltr'>μὴ</span> <span class='ocrx_word' id='word_1_493' title='bbox 305 5509 495 5562; x_wconf 86' lang='grc' dir='ltr'>δύναιο</span> <span class='ocrx_word' id='word_1_494' title='bbox 519 5506 824 5579; x_wconf 84' lang='grc' dir='ltr'>ἐπαρκέσαι</span> <span class='ocrx_word' id='word_1_495' title='bbox 853 5506 948 5558; x_wconf 75' lang='lat'><em>1:61</em></span> <span class='ocrx_word' id='word_1_496' title='bbox 970 5505 1130 5557; x_wconf 87' lang='grc' dir='ltr'>λῦσαι</span> <span class='ocrx_word' id='word_1_497' title='bbox 1156 5504 1250 5556; x_wconf 88' lang='grc' dir='ltr'>τὸν</span> <span class='ocrx_word' id='word_1_498' title='bbox 1287 5503 1465 5573; x_wconf 85' lang='grc' dir='ltr'>λιμόν,</span> <span class='ocrx_word' id='word_1_499' title='bbox 1495 5503 1602 5554; x_wconf 81' lang='grc' dir='ltr'>ἀπὸ</span> <span class='ocrx_word' id='word_1_500' title='bbox 1629 5503 1726 5572; x_wconf 79' lang='grc' dir='ltr'>τῆς</span> <span class='ocrx_word' id='word_1_501' title='bbox 1751 5500 1885 5570; x_wconf 84' lang='grc' dir='ltr'>γνώ-</span> 
     </span>
    </p>
   </div>
   <div class='ocr_carea' id='block_1_62' title="bbox 199 5586 1887 5666">
    <p class='ocr_par' dir='ltr' id='par_1_62' title="bbox 199 5586 1887 5666">
     <span class='ocr_line' id='line_1_62' title="bbox 199 5586 1887 5666; baseline -0.016 2"><span class='ocrx_word' id='word_1_502' title='bbox 199 5614 314 5666; x_wconf 77' lang='grc' dir='ltr'>μης</span> <span class='ocrx_word' id='word_1_503' title='bbox 367 5595 782 5665; x_wconf 86' lang='grc' dir='ltr'>ἀπηρτισμένον</span> <span class='ocrx_word' id='word_1_504' title='bbox 823 5589 1014 5654; x_wconf 78' lang='grc' dir='ltr'>ἔλαϐες</span> <span class='ocrx_word' id='word_1_505' title='bbox 1061 5591 1152 5643; x_wconf 84' lang='grc' dir='ltr'>τὸν</span> <span class='ocrx_word' id='word_1_506' title='bbox 1199 5591 1410 5660; x_wconf 77' lang='grc' dir='ltr'>μισθόν.</span> <span class='ocrx_word' id='word_1_507' title='bbox 1445 5589 1542 5641; x_wconf 81' lang='grc' dir='ltr'>Διά</span> <span class='ocrx_word' id='word_1_508' title='bbox 1597 5588 1698 5658; x_wconf 79' lang='grc' dir='ltr'>γὰρ</span> <span class='ocrx_word' id='word_1_509' title='bbox 1732 5586 1887 5641; x_wconf 87' lang='grc' dir='ltr'>τοῦτο</span> 
     </span>
    </p>
   </div>
   <div class='ocr_carea' id='block_1_63' title="bbox 197 5677 1889 5750">
    <p class='ocr_par' dir='ltr' id='par_1_63' title="bbox 197 5677 1889 5750">
     <span class='ocr_line' id='line_1_63' title="bbox 197 5677 1889 5750; baseline -0.007 -11"><span class='ocrx_word' id='word_1_510' title='bbox 197 5684 299 5740; x_wconf 80' lang='grc' dir='ltr'>καὶ</span> <span class='ocrx_word' id='word_1_511' title='bbox 336 5685 368 5736; x_wconf 91' lang='lat'>6</span> <span class='ocrx_word' id='word_1_512' title='bbox 395 5681 675 5750; x_wconf 84' lang='grc' dir='ltr'>Δεσπότης</span> <span class='ocrx_word' id='word_1_513' title='bbox 703 5681 887 5748; x_wconf 72' lang='grc' dir='ltr'>ἔλεγεν</span> <span class='ocrx_word' id='word_1_514' title='bbox 911 5696 926 5708; x_wconf 85' lang='grc'><strong>-</strong></span> <span class='ocrx_word' id='word_1_515' title='bbox 962 5681 1061 5742; x_wconf 85' lang='grc' dir='ltr'>Ὃς</span> <span class='ocrx_word' id='word_1_516' title='bbox 1087 5679 1194 5732; x_wconf 80' lang='grc' dir='ltr'>ἐὰν</span> <span class='ocrx_word' id='word_1_517' title='bbox 1217 5678 1437 5744; x_wconf 83' lang='grc' dir='ltr'>ποτίσῃ</span> <span class='ocrx_word' id='word_1_518' title='bbox 1464 5677 1749 5743; x_wconf 84' lang='grc' dir='ltr'>ποτήριον</span> <span class='ocrx_word' id='word_1_519' title='bbox 1772 5679 1889 5743; x_wconf 65' lang='grc' dir='ltr'>ψυ-</span> 
     </span>
    </p>
   </div>
   <div class='ocr_carea' id='block_1_64' title="bbox 197 5763 1884 5841">
    <p class='ocr_par' dir='ltr' id='par_1_64' title="bbox 197 5763 1884 5841">
     <span class='ocr_line' id='line_1_64' title="bbox 197 5763 1884 5841; baseline -0.004 -18"><span class='ocrx_word' id='word_1_520' title='bbox 197 5769 356 5841; x_wconf 67' lang='grc' dir='ltr'>χροῦ</span> <span class='ocrx_word' id='word_1_521' title='bbox 385 5770 584 5839; x_wconf 79' lang='grc' dir='ltr'>μόνον</span> <span class='ocrx_word' id='word_1_522' title='bbox 621 5770 709 5834; x_wconf 81' lang='grc' dir='ltr'>είς</span> <span class='ocrx_word' id='word_1_523' title='bbox 748 5769 936 5836; x_wconf 82' lang='grc' dir='ltr'>ὄνομα</span> <span class='ocrx_word' id='word_1_524' title='bbox 982 5765 1274 5836; x_wconf 80' lang='grc' dir='ltr'>μαθητοῦ,</span> <span class='ocrx_word' id='word_1_525' title='bbox 1316 5765 1478 5834; x_wconf 78' lang='grc' dir='ltr'>ἀμὴν</span> <span class='ocrx_word' id='word_1_526' title='bbox 1507 5764 1664 5833; x_wconf 75' lang='grc' dir='ltr'>λέγω</span> <span class='ocrx_word' id='word_1_527' title='bbox 1721 5763 1884 5833; x_wconf 80' lang='grc' dir='ltr'>ὑμῖν,</span> 
     </span>
    </p>
   </div>
   <div class='ocr_carea' id='block_1_65' title="bbox 197 5853 1880 5928">
    <p class='ocr_par' dir='ltr' id='par_1_65' title="bbox 197 5853 1880 5928">
     <span class='ocr_line' id='line_1_65' title="bbox 197 5853 1880 5928; baseline -0.003 -15"><span class='ocrx_word' id='word_1_528' title='bbox 197 5861 276 5918; x_wconf 66' lang='grc' dir='ltr'>σὺ</span> <span class='ocrx_word' id='word_1_529' title='bbox 302 5857 392 5928; x_wconf 82' lang='grc' dir='ltr'>μὴ</span> <span class='ocrx_word' id='word_1_530' title='bbox 419 5855 702 5926; x_wconf 76' lang='grc' dir='ltr'>ἀπολέσῃ</span> <span class='ocrx_word' id='word_1_531' title='bbox 733 5857 844 5912; x_wconf 80' lang='grc' dir='ltr'>τὸν</span> <span class='ocrx_word' id='word_1_532' title='bbox 865 5857 1088 5928; x_wconf 85' lang='grc' dir='ltr'>μισθὸν</span> <span class='ocrx_word' id='word_1_533' title='bbox 1115 5854 1320 5910; x_wconf 80' lang='grc' dir='ltr'>αὑτοῦ.</span> <span class='ocrx_word' id='word_1_534' title='bbox 1349 5855 1438 5925; x_wconf 83' lang='grc' dir='ltr'>Μή</span> <span class='ocrx_word' id='word_1_535' title='bbox 1473 5869 1524 5906; x_wconf 90' lang='grc' dir='ltr'>τι</span> <span class='ocrx_word' id='word_1_536' title='bbox 1549 5853 1757 5924; x_wconf 74' lang='grc' dir='ltr'>ψυχροῦ</span> <span class='ocrx_word' id='word_1_537' title='bbox 1785 5869 1880 5908; x_wconf 88' lang='grc' dir='ltr'>πο-</span> 
     </span>
    </p>
   </div>
   <div class='ocr_carea' id='block_1_66' title="bbox 269 5982 665 6048">
    <p class='ocr_par' dir='ltr' id='par_1_66' title="bbox 269 5982 665 6048">
     <span class='ocr_line' id='line_1_66' title="bbox 269 5982 665 6048; baseline -0.018 -11"><span class='ocrx_word' id='word_1_538' title='bbox 269 5985 296 6014; x_wconf 59' lang='grc' dir='ltr'><strong><em>λ</em></strong></span> <span class='ocrx_word' id='word_1_539' title='bbox 319 5983 426 6036; x_wconf 75' lang='lat' dir='ltr'>Alii</span> <span class='ocrx_word' id='word_1_540' title='bbox 449 5982 665 6048; x_wconf 66' lang='grc' dir='ltr'>ὀφθῆναι.</span> 
     </span>
    </p>
   </div>
   <div class='ocr_carea' id='block_1_67' title="bbox 1957 555 3644 642">
    <p class='ocr_par' dir='ltr' id='par_1_67' title="bbox 1957 555 3644 642">
     <span class='ocr_line' id='line_1_67' title="bbox 1957 555 3644 642; baseline 0.012 -35"><span class='ocrx_word' id='word_1_541' title='bbox 1957 555 2310 629; x_wconf 82' lang='grc' dir='ltr'>προεξένησε.</span> <span class='ocrx_word' id='word_1_542' title='bbox 2352 561 2426 614; x_wconf 83' lang='grc' dir='ltr'>Τὸ</span> <span class='ocrx_word' id='word_1_543' title='bbox 2469 561 2602 615; x_wconf 88' lang='lat'><em>66:6</em></span> <span class='ocrx_word' id='word_1_544' title='bbox 2646 563 2742 617; x_wconf 73' lang='grc' dir='ltr'>καὶ</span> <span class='ocrx_word' id='word_1_545' title='bbox 2773 565 2866 618; x_wconf 83' lang='grc' dir='ltr'>ἐπὶ</span> <span class='ocrx_word' id='word_1_546' title='bbox 2907 566 3000 620; x_wconf 88' lang='grc' dir='ltr'>τοῦ</span> <span class='ocrx_word' id='word_1_547' title='bbox 3043 567 3286 620; x_wconf 82' lang='grc' dir='ltr'>ἐναντίου</span> <span class='ocrx_word' id='word_1_548' title='bbox 3317 555 3644 642; x_wconf 80' lang='grc' dir='ltr'>εὑρήσομεν.</span> 
     </span>
    </p>
   </div>
   <div class='ocr_carea' id='block_1_68' title="bbox 1968 641 3646 730">
    <p class='ocr_par' dir='ltr' id='par_1_68' title="bbox 1968 641 3646 730">
     <span class='ocr_line' id='line_1_68' title="bbox 1968 641 3646 730; baseline 0.011 -36"><span class='ocrx_word' id='word_1_549' title='bbox 1968 641 2108 694; x_wconf 86' lang='grc' dir='ltr'>Ἀλλ’</span> <span class='ocrx_word' id='word_1_550' title='bbox 2139 645 2439 713; x_wconf 86' lang='grc' dir='ltr'>ἀναγκαῖον</span> <span class='ocrx_word' id='word_1_551' title='bbox 2485 647 2617 716; x_wconf 87' lang='grc' dir='ltr'>γοῦν</span> <span class='ocrx_word' id='word_1_552' title='bbox 2661 651 2838 704; x_wconf 86' lang='grc' dir='ltr'>ταῦτα</span> <span class='ocrx_word' id='word_1_553' title='bbox 2891 655 3062 707; x_wconf 86' lang='grc' dir='ltr'>κινεῖν</span> <span class='ocrx_word' id='word_1_554' title='bbox 3094 654 3186 708; x_wconf 81' lang='grc' dir='ltr'>ἐπὶ</span> <span class='ocrx_word' id='word_1_555' title='bbox 3236 655 3336 726; x_wconf 84' lang='grc' dir='ltr'>τῆς</span> <span class='ocrx_word' id='word_1_556' title='bbox 3377 641 3646 730; x_wconf 85' lang='grc' dir='ltr'>ὑμετέρας</span> 
     </span>
    </p>
   </div>
   <div class='ocr_carea' id='block_1_69' title="bbox 1957 731 3648 818">
    <p class='ocr_par' dir='ltr' id='par_1_69' title="bbox 1957 731 3648 818">
     <span class='ocr_line' id='line_1_69' title="bbox 1957 731 3648 818; baseline 0.01 -36"><span class='ocrx_word' id='word_1_557' title='bbox 1957 731 2199 800; x_wconf 83' lang='grc' dir='ltr'>ἀγάπης.</span> <span class='ocrx_word' id='word_1_558' title='bbox 2237 733 2324 787; x_wconf 82' lang='grc' dir='ltr'>ἵνα</span> <span class='ocrx_word' id='word_1_559' title='bbox 2367 735 2575 788; x_wconf 88' lang='grc' dir='ltr'>τούτων</span> <span class='ocrx_word' id='word_1_560' title='bbox 2608 737 2707 806; x_wconf 81' lang='grc' dir='ltr'>τὴν</span> <span class='ocrx_word' id='word_1_561' title='bbox 2751 739 3040 810; x_wconf 86' lang='grc' dir='ltr'>ἀκρίϐειαν</span> <span class='ocrx_word' id='word_1_562' title='bbox 3075 741 3274 806; x_wconf 77' lang='grc' dir='ltr'>ειδότες</span> <span class='ocrx_word' id='word_1_563' title='bbox 3307 743 3508 816; x_wconf 80' lang='grc' dir='ltr'>πολλὴν</span> <span class='ocrx_word' id='word_1_564' title='bbox 3549 749 3648 818; x_wconf 84' lang='grc' dir='ltr'>τῆς</span> 
     </span>
    </p>
   </div>
   <div class='ocr_carea' id='block_1_70' title="bbox 1958 820 3648 908">
    <p class='ocr_par' dir='ltr' id='par_1_70' title="bbox 1958 820 3648 908">
     <span class='ocr_line' id='line_1_70' title="bbox 1958 820 3648 908; baseline 0.012 -38"><span class='ocrx_word' id='word_1_565' title='bbox 1958 820 2379 893; x_wconf 81' lang='grc' dir='ltr'>εὐγνωμοσύνης</span> <span class='ocrx_word' id='word_1_566' title='bbox 2429 824 2662 894; x_wconf 85' lang='grc' dir='ltr'>ποιῆσθε</span> <span class='ocrx_word' id='word_1_567' title='bbox 2711 827 2812 899; x_wconf 81' lang='grc' dir='ltr'>τὴν</span> <span class='ocrx_word' id='word_1_568' title='bbox 2861 831 3184 900; x_wconf 87' lang='grc' dir='ltr'>ἀσφάλειαν.</span> <span class='ocrx_word' id='word_1_569' title='bbox 3223 834 3422 887; x_wconf 78' lang='grc' dir='ltr'>’Ἄκουε</span> <span class='ocrx_word' id='word_1_570' title='bbox 3459 835 3569 908; x_wconf 76' lang='grc' dir='ltr'>γὰρ</span> <span class='ocrx_word' id='word_1_571' title='bbox 3597 836 3648 890; x_wconf 87' lang='grc' dir='ltr'>τί</span> 
     </span>
    </p>
   </div>
   <div class='ocr_carea' id='block_1_71' title="bbox 1960 910 3650 998">
    <p class='ocr_par' dir='ltr' id='par_1_71' title="bbox 1960 910 3650 998">
     <span class='ocr_line' id='line_1_71' title="bbox 1960 910 3650 998; baseline 0.01 -39"><span class='ocrx_word' id='word_1_572' title='bbox 1960 923 2123 998; x_wconf 69' lang='grc' dir='ltr'>φησιν</span> <span class='ocrx_word' id='word_1_573' title='bbox 2153 910 2181 962; x_wconf 91' lang='lat'>6</span> <span class='ocrx_word' id='word_1_574' title='bbox 2210 911 2446 998; x_wconf 85' lang='grc' dir='ltr'>Χριστός</span> <span class='ocrx_word' id='word_1_575' title='bbox 2469 930 2482 943; x_wconf 84' lang='grc'>⁶</span> <span class='ocrx_word' id='word_1_576' title='bbox 2529 913 2583 965; x_wconf 91' lang='grc' dir='ltr'><strong><em>Ὀ</em></strong></span> <span class='ocrx_word' id='word_1_577' title='bbox 2615 913 2925 984; x_wconf 67' lang='grc' dir='ltr'>ἐμϐλέψας</span> <span class='ocrx_word' id='word_1_578' title='bbox 2959 917 3215 988; x_wconf 60' lang='grc' dir='ltr'>γυναῖκα</span> <span class='ocrx_word' id='word_1_579' title='bbox 3248 921 3399 988; x_wconf 82' lang='grc' dir='ltr'>πρὸς</span> <span class='ocrx_word' id='word_1_580' title='bbox 3431 922 3497 975; x_wconf 80' lang='grc' dir='ltr'>τὸ</span> <span class='ocrx_word' id='word_1_581' title='bbox 3519 923 3650 976; x_wconf 84' lang='grc' dir='ltr'>ἐπι-</span> 
     </span>
    </p>
   </div>
   <div class='ocr_carea' id='block_1_72' title="bbox 1959 995 3650 1078">
    <p class='ocr_par' dir='ltr' id='par_1_72' title="bbox 1959 995 3650 1078">
     <span class='ocr_line' id='line_1_72' title="bbox 1959 995 3650 1078; baseline 0.009 -28"><span class='ocrx_word' id='word_1_582' title='bbox 1959 995 2226 1064; x_wconf 77' lang='grc' dir='ltr'>θυμῆσαι</span> <span class='ocrx_word' id='word_1_583' title='bbox 2253 995 2464 1067; x_wconf 82' lang='grc' dir='ltr'>αὐτῆς,</span> <span class='ocrx_word' id='word_1_584' title='bbox 2496 999 2614 1069; x_wconf 74' lang='grc' dir='ltr'>ἤδη</span> <span class='ocrx_word' id='word_1_585' title='bbox 2669 1003 3030 1072; x_wconf 76' lang='grc' dir='ltr'>ἐμοίχευσεν</span> <span class='ocrx_word' id='word_1_586' title='bbox 3054 1006 3248 1074; x_wconf 76' lang='grc' dir='ltr'>αὐτὴν</span> <span class='ocrx_word' id='word_1_587' title='bbox 3282 1009 3352 1062; x_wconf 83' lang='grc' dir='ltr'>ἐν</span> <span class='ocrx_word' id='word_1_588' title='bbox 3393 1009 3468 1078; x_wconf 80' lang='grc' dir='ltr'>τῇ</span> <span class='ocrx_word' id='word_1_589' title='bbox 3507 1027 3650 1078; x_wconf 80' lang='grc' dir='ltr'>καρ-</span> 
     </span>
    </p>
   </div>
   <div class='ocr_carea' id='block_1_73' title="bbox 1959 1084 3649 1170">
    <p class='ocr_par' dir='ltr' id='par_1_73' title="bbox 1959 1084 3649 1170">
     <span class='ocr_line' id='line_1_73' title="bbox 1959 1084 3649 1170; baseline 0.01 -34"><span class='ocrx_word' id='word_1_590' title='bbox 1959 1084 2059 1152; x_wconf 76' lang='grc' dir='ltr'>δίᾳ</span> <span class='ocrx_word' id='word_1_591' title='bbox 2088 1087 2296 1140; x_wconf 85' lang='grc' dir='ltr'>αὑτοῦ.</span> <span class='ocrx_word' id='word_1_592' title='bbox 2343 1088 2505 1158; x_wconf 81' lang='grc' dir='ltr'>Ὁρᾷς</span> <span class='ocrx_word' id='word_1_593' title='bbox 2528 1089 2623 1143; x_wconf 75' lang='grc' dir='ltr'>καὶ</span> <span class='ocrx_word' id='word_1_594' title='bbox 2656 1091 2890 1144; x_wconf 84' lang='grc' dir='ltr'>ἐνταῦθα</span> <span class='ocrx_word' id='word_1_595' title='bbox 2919 1093 3082 1148; x_wconf 90' lang='grc' dir='ltr'>πάλιν</span> <span class='ocrx_word' id='word_1_596' title='bbox 3111 1095 3220 1148; x_wconf 86' lang='lat'><em>61:6</em></span> <span class='ocrx_word' id='word_1_597' title='bbox 3243 1097 3341 1166; x_wconf 84' lang='grc' dir='ltr'>τῆς</span> <span class='ocrx_word' id='word_1_598' title='bbox 3365 1098 3649 1170; x_wconf 82' lang='grc' dir='ltr'>μοχθηρᾶς</span> 
     </span>
    </p>
   </div>
   <div class='ocr_carea' id='block_1_74' title="bbox 1959 1173 3646 1259">
    <p class='ocr_par' dir='ltr' id='par_1_74' title="bbox 1959 1173 3646 1259">
     <span class='ocr_line' id='line_1_74' title="bbox 1959 1173 3646 1259; baseline 0.009 -34"><span class='ocrx_word' id='word_1_599' title='bbox 1959 1173 2188 1245; x_wconf 85' lang='grc' dir='ltr'>γνώμης</span> <span class='ocrx_word' id='word_1_600' title='bbox 2213 1176 2307 1228; x_wconf 72' lang='grc' dir='ltr'>καὶ</span> <span class='ocrx_word' id='word_1_601' title='bbox 2327 1176 2425 1248; x_wconf 85' lang='grc' dir='ltr'>τὴν</span> <span class='ocrx_word' id='word_1_602' title='bbox 2450 1179 2774 1251; x_wconf 87' lang='grc' dir='ltr'>κατάκρισιν</span> <span class='ocrx_word' id='word_1_603' title='bbox 2793 1181 3088 1253; x_wconf 78' lang='grc' dir='ltr'>ἑπομένην,</span> <span class='ocrx_word' id='word_1_604' title='bbox 3113 1185 3208 1237; x_wconf 72' lang='grc' dir='ltr'>καὶ</span> <span class='ocrx_word' id='word_1_605' title='bbox 3227 1184 3314 1238; x_wconf 70' lang='grc' dir='ltr'>διὰ</span> <span class='ocrx_word' id='word_1_606' title='bbox 3334 1185 3432 1257; x_wconf 82' lang='grc' dir='ltr'>τὴν</span> <span class='ocrx_word' id='word_1_607' title='bbox 3454 1187 3646 1259; x_wconf 86' lang='grc' dir='ltr'>ἀπερί-</span> 
     </span>
    </p>
   </div>
   <div class='ocr_carea' id='block_1_75' title="bbox 1964 1262 3649 1345">
    <p class='ocr_par' dir='ltr' id='par_1_75' title="bbox 1964 1262 3649 1345">
     <span class='ocr_line' id='line_1_75' title="bbox 1964 1262 3649 1345; baseline 0.009 -33"><span class='ocrx_word' id='word_1_608' title='bbox 1964 1277 2195 1314; x_wconf 86' lang='grc' dir='ltr'>σκεπτον</span> <span class='ocrx_word' id='word_1_609' title='bbox 2211 1262 2354 1332; x_wconf 67' lang='grc' dir='ltr'>ὄψιν,</span> <span class='ocrx_word' id='word_1_610' title='bbox 2381 1264 2532 1338; x_wconf 71' lang='grc' dir='ltr'>[26οι</span> <span class='ocrx_word' id='word_1_611' title='bbox 2554 1266 2628 1330; x_wconf 89' lang='grc' dir='ltr'>ώς</span> <span class='ocrx_word' id='word_1_612' title='bbox 2653 1269 2731 1331; x_wconf 82' lang='grc' dir='ltr'>εἰς</span> <span class='ocrx_word' id='word_1_613' title='bbox 2754 1267 2913 1340; x_wconf 79' lang='grc' dir='ltr'>ἔργον</span> <span class='ocrx_word' id='word_1_614' title='bbox 2928 1271 3026 1340; x_wconf 83' lang='grc' dir='ltr'>τῆς</span> <span class='ocrx_word' id='word_1_615' title='bbox 3055 1271 3300 1342; x_wconf 86' lang='grc' dir='ltr'>μοιχείας</span> <span class='ocrx_word' id='word_1_616' title='bbox 3325 1273 3649 1345; x_wconf 75' lang='grc' dir='ltr'>ἐξελθούσης</span> 
     </span>
    </p>
   </div>
   <div class='ocr_carea' id='block_1_76' title="bbox 1963 1349 3648 1428">
    <p class='ocr_par' dir='ltr' id='par_1_76' title="bbox 1963 1349 3648 1428">
     <span class='ocr_line' id='line_1_76' title="bbox 1963 1349 3648 1428; baseline 0.009 -26"><span class='ocrx_word' id='word_1_617' title='bbox 1963 1349 2131 1421; x_wconf 81' lang='grc' dir='ltr'>αὐτῷ,</span> <span class='ocrx_word' id='word_1_618' title='bbox 2149 1351 2247 1422; x_wconf 83' lang='grc' dir='ltr'>τὴν</span> <span class='ocrx_word' id='word_1_619' title='bbox 2274 1353 2496 1407; x_wconf 84' lang='grc' dir='ltr'>κόλασιν</span> <span class='ocrx_word' id='word_1_620' title='bbox 2524 1357 2943 1428; x_wconf 85' lang='grc' dir='ltr'>ἐπηρτημένην;</span> <span class='ocrx_word' id='word_1_621' title='bbox 2972 1359 3157 1412; x_wconf 89' lang='grc' dir='ltr'>Ταῦτα</span> <span class='ocrx_word' id='word_1_622' title='bbox 3196 1361 3376 1414; x_wconf 90' lang='grc' dir='ltr'>τοίνυν</span> <span class='ocrx_word' id='word_1_623' title='bbox 3401 1362 3648 1418; x_wconf 86' lang='grc' dir='ltr'>ἐννοοῦν-</span> 
     </span>
    </p>
   </div>
   <div class='ocr_carea' id='block_1_77' title="bbox 1961 1441 3646 1522">
    <p class='ocr_par' dir='ltr' id='par_1_77' title="bbox 1961 1441 3646 1522">
     <span class='ocr_line' id='line_1_77' title="bbox 1961 1441 3646 1522; baseline 0.008 -31"><span class='ocrx_word' id='word_1_624' title='bbox 1961 1455 2073 1502; x_wconf 85' lang='grc' dir='ltr'>τες,</span> <span class='ocrx_word' id='word_1_625' title='bbox 2096 1441 2370 1512; x_wconf 85' lang='grc' dir='ltr'>πανταχοῦ</span> <span class='ocrx_word' id='word_1_626' title='bbox 2387 1443 2491 1514; x_wconf 84' lang='grc' dir='ltr'>τὴν</span> <span class='ocrx_word' id='word_1_627' title='bbox 2509 1441 2733 1515; x_wconf 89' lang='grc' dir='ltr'>γνώμην</span> <span class='ocrx_word' id='word_1_628' title='bbox 2754 1445 2912 1516; x_wconf 88' lang='grc' dir='ltr'>ἡμῶν</span> <span class='ocrx_word' id='word_1_629' title='bbox 2928 1447 3377 1518; x_wconf 87' lang='grc' dir='ltr'>ἀσφαλισώμεθα,</span> <span class='ocrx_word' id='word_1_630' title='bbox 3399 1451 3484 1503; x_wconf 83' lang='grc' dir='ltr'>ἵνα</span> <span class='ocrx_word' id='word_1_631' title='bbox 3507 1450 3646 1522; x_wconf 79' lang='grc' dir='ltr'>αὕτη</span> 
     </span>
    </p>
   </div>
   <div class='ocr_carea' id='block_1_78' title="bbox 1964 1526 3648 1606">
    <p class='ocr_par' dir='ltr' id='par_1_78' title="bbox 1964 1526 3648 1606">
     <span class='ocr_line' id='line_1_78' title="bbox 1964 1526 3648 1606; baseline 0.006 -28"><span class='ocrx_word' id='word_1_632' title='bbox 1964 1526 2032 1578; x_wconf 70' lang='grc' dir='ltr'>τὰ</span> <span class='ocrx_word' id='word_1_633' title='bbox 2064 1528 2195 1598; x_wconf 89' lang='grc' dir='ltr'>παρ’</span> <span class='ocrx_word' id='word_1_634' title='bbox 2226 1527 2382 1598; x_wconf 81' lang='grc' dir='ltr'>ἡμῶν</span> <span class='ocrx_word' id='word_1_635' title='bbox 2421 1530 2681 1598; x_wconf 86' lang='grc' dir='ltr'>γινόμενα</span> <span class='ocrx_word' id='word_1_636' title='bbox 2715 1533 3111 1604; x_wconf 78' lang='grc' dir='ltr'>παρασκευάσῃ</span> <span class='ocrx_word' id='word_1_637' title='bbox 3161 1535 3530 1606; x_wconf 88' lang='grc' dir='ltr'>εὐπρόσδεκτα</span> <span class='ocrx_word' id='word_1_638' title='bbox 3561 1537 3648 1606; x_wconf 92' lang='grc' dir='ltr'>γί-</span> 
     </span>
    </p>
   </div>
   <div class='ocr_carea' id='block_1_79' title="bbox 1965 1614 3651 1694">
    <p class='ocr_par' dir='ltr' id='par_1_79' title="bbox 1965 1614 3651 1694">
     <span class='ocr_line' id='line_1_79' title="bbox 1965 1614 3651 1694; baseline 0.007 -29"><span class='ocrx_word' id='word_1_639' title='bbox 1965 1614 2172 1668; x_wconf 89' lang='grc' dir='ltr'>νεσθαι.</span> <span class='ocrx_word' id='word_1_640' title='bbox 2207 1617 2270 1668; x_wconf 73' lang='lat' dir='ltr'>EE</span> <span class='ocrx_word' id='word_1_641' title='bbox 2297 1615 2407 1688; x_wconf 79' lang='grc' dir='ltr'>γάρ</span> <span class='ocrx_word' id='word_1_642' title='bbox 2435 1617 2526 1670; x_wconf 76' lang='grc' dir='ltr'>τὸν</span> <span class='ocrx_word' id='word_1_643' title='bbox 2558 1619 2760 1673; x_wconf 83' lang='grc' dir='ltr'>καπνὸν</span> <span class='ocrx_word' id='word_1_644' title='bbox 2791 1622 2884 1674; x_wconf 80' lang='grc' dir='ltr'>καὶ</span> <span class='ocrx_word' id='word_1_645' title='bbox 2913 1621 3010 1692; x_wconf 79' lang='grc' dir='ltr'>τὴν</span> <span class='ocrx_word' id='word_1_646' title='bbox 3053 1622 3281 1676; x_wconf 89' lang='grc' dir='ltr'>κνίσσαν</span> <span class='ocrx_word' id='word_1_647' title='bbox 3307 1623 3483 1694; x_wconf 80' lang='grc' dir='ltr'>ὀσμὴν</span> <span class='ocrx_word' id='word_1_648' title='bbox 3515 1623 3651 1677; x_wconf 80' lang='grc' dir='ltr'>εὐω-</span> 
     </span>
    </p>
   </div>
   <div class='ocr_carea' id='block_1_80' title="bbox 1965 1695 3650 1783">
    <p class='ocr_par' dir='ltr' id='par_1_80' title="bbox 1965 1695 3650 1783">
     <span class='ocr_line' id='line_1_80' title="bbox 1965 1695 3650 1783; baseline 0.006 -28"><span class='ocrx_word' id='word_1_649' title='bbox 1965 1701 2081 1766; x_wconf 85' lang='grc' dir='ltr'>δίας</span> <span class='ocrx_word' id='word_1_650' title='bbox 2109 1703 2356 1773; x_wconf 89' lang='grc' dir='ltr'>ἐποίησε,</span> <span class='ocrx_word' id='word_1_651' title='bbox 2383 1705 2434 1758; x_wconf 89' lang='grc' dir='ltr'>τί</span> <span class='ocrx_word' id='word_1_652' title='bbox 2451 1707 2548 1758; x_wconf 90' lang='grc' dir='ltr'>οὑκ</span> <span class='ocrx_word' id='word_1_653' title='bbox 2571 1707 2636 1760; x_wconf 83' lang='grc' dir='ltr'>ἂν</span> <span class='ocrx_word' id='word_1_654' title='bbox 2654 1695 2956 1779; x_wconf 86' lang='grc' dir='ltr'>ἐργάσηται</span> <span class='ocrx_word' id='word_1_655' title='bbox 2976 1709 3075 1773; x_wconf 89' lang='lat'>:6;</span> <span class='ocrx_word' id='word_1_656' title='bbox 3099 1711 3470 1780; x_wconf 79' lang='grc' dir='ltr'>πνευματικὰς</span> <span class='ocrx_word' id='word_1_657' title='bbox 3492 1713 3650 1783; x_wconf 87' lang='grc' dir='ltr'>ἡμῶν</span> 
     </span>
    </p>
   </div>
   <div class='ocr_carea' id='block_1_81' title="bbox 1967 1789 3652 1870">
    <p class='ocr_par' dir='ltr' id='par_1_81' title="bbox 1967 1789 3652 1870">
     <span class='ocr_line' id='line_1_81' title="bbox 1967 1789 3652 1870; baseline 0.006 -28"><span class='ocrx_word' id='word_1_658' title='bbox 1967 1789 2170 1855; x_wconf 86' lang='grc' dir='ltr'>ταύτας</span> <span class='ocrx_word' id='word_1_659' title='bbox 2199 1791 2475 1862; x_wconf 86' lang='grc' dir='ltr'>λατρείας,</span> <span class='ocrx_word' id='word_1_660' title='bbox 2501 1795 2594 1847; x_wconf 80' lang='grc' dir='ltr'>καὶ</span> <span class='ocrx_word' id='word_1_661' title='bbox 2617 1795 2790 1865; x_wconf 89' lang='grc' dir='ltr'>πόσης</span> <span class='ocrx_word' id='word_1_662' title='bbox 2819 1798 2966 1866; x_wconf 81' lang='grc' dir='ltr'>ἡμᾶς</span> <span class='ocrx_word' id='word_1_663' title='bbox 2991 1797 3052 1850; x_wconf 90' lang='lat' dir='ltr'><em>o6</em></span> <span class='ocrx_word' id='word_1_664' title='bbox 3093 1798 3486 1870; x_wconf 78' lang='grc' dir='ltr'>παρασκευάσῃ</span> <span class='ocrx_word' id='word_1_665' title='bbox 3516 1801 3652 1853; x_wconf 69' lang='grc' dir='ltr'>άποο</span> 
     </span>
    </p>
   </div>
   <div class='ocr_carea' id='block_1_82' title="bbox 1967 1878 3652 1958">
    <p class='ocr_par' dir='ltr' id='par_1_82' title="bbox 1967 1878 3652 1958">
     <span class='ocr_line' id='line_1_82' title="bbox 1967 1878 3652 1958; baseline 0.006 -27"><span class='ocrx_word' id='word_1_666' title='bbox 1967 1878 2162 1933; x_wconf 89' lang='grc' dir='ltr'>λαῦσαι</span> <span class='ocrx_word' id='word_1_667' title='bbox 2185 1880 2285 1951; x_wconf 86' lang='grc' dir='ltr'>τῆς</span> <span class='ocrx_word' id='word_1_668' title='bbox 2320 1879 2525 1935; x_wconf 87' lang='grc' dir='ltr'>άνωθεν</span> <span class='ocrx_word' id='word_1_669' title='bbox 2557 1881 2803 1948; x_wconf 89' lang='grc' dir='ltr'>εὑνοίας;</span> <span class='ocrx_word' id='word_1_670' title='bbox 2833 1884 2942 1937; x_wconf 73' lang='grc' dir='ltr'>Καὶ</span> <span class='ocrx_word' id='word_1_671' title='bbox 2971 1884 3317 1954; x_wconf 76' lang='grc' dir='ltr'>ὠσερράνθη,</span> <span class='ocrx_word' id='word_1_672' title='bbox 3356 1887 3509 1958; x_wconf 79' lang='grc' dir='ltr'>φησὶ,</span> <span class='ocrx_word' id='word_1_673' title='bbox 3537 1887 3652 1941; x_wconf 82' lang='grc' dir='ltr'>Κύ·</span> 
     </span>
    </p>
   </div>
   <div class='ocr_carea' id='block_1_83' title="bbox 1960 1966 3651 2044">
    <p class='ocr_par' dir='ltr' id='par_1_83' title="bbox 1960 1966 3651 2044">
     <span class='ocr_line' id='line_1_83' title="bbox 1960 1966 3651 2044; baseline 0.006 -26"><span class='ocrx_word' id='word_1_674' title='bbox 1960 1984 2094 2034; x_wconf 82' lang='grc' dir='ltr'>ριος</span> <span class='ocrx_word' id='word_1_675' title='bbox 2125 1971 2158 2021; x_wconf 83' lang='grc' dir='ltr'><em>ὁ</em></span> <span class='ocrx_word' id='word_1_676' title='bbox 2187 1966 2332 2032; x_wconf 84' lang='grc' dir='ltr'>Θεὸς</span> <span class='ocrx_word' id='word_1_677' title='bbox 2353 1967 2556 2038; x_wconf 74' lang='grc' dir='ltr'>ὀσμὴν</span> <span class='ocrx_word' id='word_1_678' title='bbox 2578 1969 2846 2036; x_wconf 83' lang='grc' dir='ltr'>εὐωδίας.</span> <span class='ocrx_word' id='word_1_679' title='bbox 2877 1970 3032 2036; x_wconf 80' lang='grc' dir='ltr'>Εἶδες</span> <span class='ocrx_word' id='word_1_680' title='bbox 3050 1972 3116 2026; x_wconf 87' lang='lat'>:6</span> <span class='ocrx_word' id='word_1_681' title='bbox 3151 1974 3300 2044; x_wconf 88' lang='grc' dir='ltr'>παρά</span> <span class='ocrx_word' id='word_1_682' title='bbox 3321 1974 3414 2026; x_wconf 89' lang='grc' dir='ltr'>τοῦ</span> <span class='ocrx_word' id='word_1_683' title='bbox 3441 1975 3651 2030; x_wconf 86' lang='grc' dir='ltr'>δικαίου</span> 
     </span>
    </p>
   </div>
   <div class='ocr_carea' id='block_1_84' title="bbox 1967 2056 3649 2132">
    <p class='ocr_par' dir='ltr' id='par_1_84' title="bbox 1967 2056 3649 2132">
     <span class='ocr_line' id='line_1_84' title="bbox 1967 2056 3649 2132; baseline 0.004 -24"><span class='ocrx_word' id='word_1_684' title='bbox 1967 2056 2328 2127; x_wconf 84' lang='grc' dir='ltr'>γεγενημένα,</span> <span class='ocrx_word' id='word_1_685' title='bbox 2354 2057 2490 2124; x_wconf 80' lang='grc' dir='ltr'>πῶς,</span> <span class='ocrx_word' id='word_1_686' title='bbox 2518 2059 2641 2112; x_wconf 83' lang='grc' dir='ltr'>ὅσον</span> <span class='ocrx_word' id='word_1_687' title='bbox 2661 2058 2759 2128; x_wconf 84' lang='grc' dir='ltr'>μέν</span> <span class='ocrx_word' id='word_1_688' title='bbox 2791 2060 2926 2132; x_wconf 80' lang='grc' dir='ltr'>πρὸς</span> <span class='ocrx_word' id='word_1_689' title='bbox 2947 2061 3044 2131; x_wconf 84' lang='grc' dir='ltr'>τὴν</span> <span class='ocrx_word' id='word_1_690' title='bbox 3064 2061 3184 2131; x_wconf 72' lang='grc' dir='ltr'>ὄψιν</span> <span class='ocrx_word' id='word_1_691' title='bbox 3203 2061 3311 2115; x_wconf 84' lang='grc' dir='ltr'>τῶν</span> <span class='ocrx_word' id='word_1_692' title='bbox 3327 2065 3649 2132; x_wconf 86' lang='grc' dir='ltr'>γεγονότων,</span> 
     </span>
    </p>
   </div>
   <div class='ocr_carea' id='block_1_85' title="bbox 1970 2142 3651 2222">
    <p class='ocr_par' dir='ltr' id='par_1_85' title="bbox 1970 2142 3651 2222">
     <span class='ocr_line' id='line_1_85' title="bbox 1970 2142 3651 2222; baseline 0.006 -28"><span class='ocrx_word' id='word_1_693' title='bbox 1970 2142 2159 2214; x_wconf 79' lang='grc' dir='ltr'>εὐτελῆ</span> <span class='ocrx_word' id='word_1_694' title='bbox 2188 2143 2466 2215; x_wconf 89' lang='grc' dir='ltr'>τυγχάνει,</span> <span class='ocrx_word' id='word_1_695' title='bbox 2513 2145 2620 2199; x_wconf 88' lang='lat'><em>61:6</em></span> <span class='ocrx_word' id='word_1_696' title='bbox 2649 2147 2705 2199; x_wconf 82' lang='lat'>66</span> <span class='ocrx_word' id='word_1_697' title='bbox 2733 2145 2835 2216; x_wconf 77' lang='grc' dir='ltr'>τῆς</span> <span class='ocrx_word' id='word_1_698' title='bbox 2867 2149 3054 2216; x_wconf 78' lang='grc' dir='ltr'>ὑγιοῦς</span> <span class='ocrx_word' id='word_1_699' title='bbox 3093 2149 3256 2202; x_wconf 88' lang='grc' dir='ltr'>αὐτοῦ</span> <span class='ocrx_word' id='word_1_700' title='bbox 3295 2151 3520 2222; x_wconf 91' lang='grc' dir='ltr'>γνώμης</span> <span class='ocrx_word' id='word_1_701' title='bbox 3555 2151 3651 2204; x_wconf 71' lang='grc' dir='ltr'>καὶ</span> 
     </span>
    </p>
   </div>
   <div class='ocr_carea' id='block_1_86' title="bbox 1968 2229 3651 2306">
    <p class='ocr_par' dir='ltr' id='par_1_86' title="bbox 1968 2229 3651 2306">
     <span class='ocr_line' id='line_1_86' title="bbox 1968 2229 3651 2306; baseline 0.007 -27"><span class='ocrx_word' id='word_1_702' title='bbox 1968 2229 2112 2282; x_wconf 88' lang='grc' dir='ltr'>πάνυ</span> <span class='ocrx_word' id='word_1_703' title='bbox 2150 2230 2365 2299; x_wconf 88' lang='grc' dir='ltr'>μεγάλα</span> <span class='ocrx_word' id='word_1_704' title='bbox 2398 2232 2709 2299; x_wconf 88' lang='grc' dir='ltr'>δείκνυται;</span> <span class='ocrx_word' id='word_1_705' title='bbox 2740 2235 2938 2287; x_wconf 84' lang='grc' dir='ltr'>Σκόπει</span> <span class='ocrx_word' id='word_1_706' title='bbox 2988 2253 3076 2306; x_wconf 88' lang='grc' dir='ltr'>μοι</span> <span class='ocrx_word' id='word_1_707' title='bbox 3104 2235 3290 2290; x_wconf 78' lang='grc' dir='ltr'>λοιπὸν</span> <span class='ocrx_word' id='word_1_708' title='bbox 3333 2236 3426 2291; x_wconf 89' lang='grc' dir='ltr'>τοῦ</span> <span class='ocrx_word' id='word_1_709' title='bbox 3465 2237 3651 2305; x_wconf 86' lang='grc' dir='ltr'>φιλαν-</span> 
     </span>
    </p>
   </div>
   <div class='ocr_carea' id='block_1_87' title="bbox 1969 2307 3652 2394">
    <p class='ocr_par' dir='ltr' id='par_1_87' title="bbox 1969 2307 3652 2394">
     <span class='ocr_line' id='line_1_87' title="bbox 1969 2307 3652 2394; baseline 0.006 -24"><span class='ocrx_word' id='word_1_710' title='bbox 1969 2316 2188 2388; x_wconf 88' lang='grc' dir='ltr'>θρώπου</span> <span class='ocrx_word' id='word_1_711' title='bbox 2247 2307 2522 2374; x_wconf 80' lang='grc' dir='ltr'>Δεσπότου</span> <span class='ocrx_word' id='word_1_712' title='bbox 2558 2319 2658 2392; x_wconf 82' lang='grc' dir='ltr'>τὴν</span> <span class='ocrx_word' id='word_1_713' title='bbox 2707 2321 2933 2394; x_wconf 78' lang='grc' dir='ltr'>ἄπειρον</span> <span class='ocrx_word' id='word_1_714' title='bbox 2979 2323 3312 2392; x_wconf 85' lang='grc' dir='ltr'>άγαθότητα.</span> <span class='ocrx_word' id='word_1_715' title='bbox 3364 2324 3475 2378; x_wconf 79' lang='grc' dir='ltr'>Καὶ</span> <span class='ocrx_word' id='word_1_716' title='bbox 3520 2321 3652 2380; x_wconf 77' lang='grc' dir='ltr'>εἷπε</span> 
     </span>
    </p>
   </div>
   <div class='ocr_carea' id='block_1_88' title="bbox 1967 2405 3650 2478">
    <p class='ocr_par' dir='ltr' id='par_1_88' title="bbox 1967 2405 3650 2478">
     <span class='ocr_line' id='line_1_88' title="bbox 1967 2405 3650 2478; baseline 0.007 -21"><span class='ocrx_word' id='word_1_717' title='bbox 1967 2405 2186 2472; x_wconf 83' lang='grc' dir='ltr'>Κύριος</span> <span class='ocrx_word' id='word_1_718' title='bbox 2238 2409 2272 2460; x_wconf 84' lang='grc' dir='ltr'>ό</span> <span class='ocrx_word' id='word_1_719' title='bbox 2309 2406 2454 2474; x_wconf 86' lang='grc' dir='ltr'>Θεὸς</span> <span class='ocrx_word' id='word_1_720' title='bbox 2493 2407 2860 2476; x_wconf 85' lang='grc' dir='ltr'>διανοηθείς·</span> <span class='ocrx_word' id='word_1_721' title='bbox 2911 2411 2994 2464; x_wconf 84' lang='grc' dir='ltr'>Οὐ</span> <span class='ocrx_word' id='word_1_722' title='bbox 3046 2411 3373 2478; x_wconf 83' lang='grc' dir='ltr'>προσθήσω</span> <span class='ocrx_word' id='word_1_723' title='bbox 3403 2414 3488 2467; x_wconf 83' lang='grc' dir='ltr'>ἔτι</span> <span class='ocrx_word' id='word_1_724' title='bbox 3542 2415 3650 2468; x_wconf 85' lang='grc' dir='ltr'>τοῦ</span> 
     </span>
    </p>
   </div>
   <div class='ocr_carea' id='block_1_89' title="bbox 1970 2492 3650 2569">
    <p class='ocr_par' dir='ltr' id='par_1_89' title="bbox 1970 2492 3650 2569">
     <span class='ocr_line' id='line_1_89' title="bbox 1970 2492 3650 2569; baseline 0.006 -25"><span class='ocrx_word' id='word_1_725' title='bbox 1970 2492 2425 2560; x_wconf 81' lang='grc' dir='ltr'>καταράσασθαι</span> <span class='ocrx_word' id='word_1_726' title='bbox 2461 2493 2578 2562; x_wconf 76' lang='grc' dir='ltr'>τὴν</span> <span class='ocrx_word' id='word_1_727' title='bbox 2598 2494 2718 2564; x_wconf 73' lang='grc' dir='ltr'>γῆν</span> <span class='ocrx_word' id='word_1_728' title='bbox 2749 2495 2846 2549; x_wconf 84' lang='grc' dir='ltr'>διὰ</span> <span class='ocrx_word' id='word_1_729' title='bbox 2873 2497 2946 2551; x_wconf 85' lang='grc' dir='ltr'>τὰ</span> <span class='ocrx_word' id='word_1_730' title='bbox 2983 2497 3127 2568; x_wconf 75' lang='grc' dir='ltr'>ἔργα</span> <span class='ocrx_word' id='word_1_731' title='bbox 3154 2498 3272 2553; x_wconf 86' lang='grc' dir='ltr'>τῶν</span> <span class='ocrx_word' id='word_1_732' title='bbox 3301 2499 3650 2569; x_wconf 84' lang='grc' dir='ltr'>ἀνθρώπων,</span> 
     </span>
    </p>
   </div>
   <div class='ocr_carea' id='block_1_90' title="bbox 1969 2578 3653 2655">
    <p class='ocr_par' dir='ltr' id='par_1_90' title="bbox 1969 2578 3653 2655">
     <span class='ocr_line' id='line_1_90' title="bbox 1969 2578 3653 2655; baseline 0.007 -23"><span class='ocrx_word' id='word_1_733' title='bbox 1969 2578 2060 2634; x_wconf 82' lang='grc' dir='ltr'>ὅτι</span> <span class='ocrx_word' id='word_1_734' title='bbox 2092 2580 2351 2650; x_wconf 78' lang='grc' dir='ltr'>ἔγκειται</span> <span class='ocrx_word' id='word_1_735' title='bbox 2379 2584 2415 2650; x_wconf 82' lang='grc' dir='ltr'>ή</span> <span class='ocrx_word' id='word_1_736' title='bbox 2451 2581 2685 2636; x_wconf 76' lang='grc' dir='ltr'>διάνοια</span> <span class='ocrx_word' id='word_1_737' title='bbox 2722 2583 2829 2637; x_wconf 87' lang='grc' dir='ltr'>τοῦ</span> <span class='ocrx_word' id='word_1_738' title='bbox 2866 2585 3183 2652; x_wconf 75' lang='grc' dir='ltr'>ἀνθρώπου</span> <span class='ocrx_word' id='word_1_739' title='bbox 3215 2586 3510 2655; x_wconf 76' lang='grc' dir='ltr'>ἐπιμελῶς</span> <span class='ocrx_word' id='word_1_740' title='bbox 3551 2588 3653 2643; x_wconf 72' lang='grc' dir='ltr'>ἐπὶ</span> 
     </span>
    </p>
   </div>
   <div class='ocr_carea' id='block_1_91' title="bbox 1967 2670 3654 2742">
    <p class='ocr_par' dir='ltr' id='par_1_91' title="bbox 1967 2670 3654 2742">
     <span class='ocr_line' id='line_1_91' title="bbox 1967 2670 3654 2742; baseline 0.006 -20"><span class='ocrx_word' id='word_1_741' title='bbox 1967 2670 2041 2723; x_wconf 84' lang='grc' dir='ltr'>τὰ</span> <span class='ocrx_word' id='word_1_742' title='bbox 2071 2671 2305 2738; x_wconf 79' lang='grc' dir='ltr'>πονηρά</span> <span class='ocrx_word' id='word_1_743' title='bbox 2330 2673 2397 2725; x_wconf 81' lang='grc' dir='ltr'>ἐκ</span> <span class='ocrx_word' id='word_1_744' title='bbox 2431 2673 2734 2740; x_wconf 82' lang='grc' dir='ltr'>νεότητος.</span> <span class='ocrx_word' id='word_1_745' title='bbox 2781 2675 2863 2726; x_wconf 86' lang='grc' dir='ltr'>Οὐ</span> <span class='ocrx_word' id='word_1_746' title='bbox 2897 2673 3225 2742; x_wconf 77' lang='grc' dir='ltr'>προσθήσω</span> <span class='ocrx_word' id='word_1_747' title='bbox 3249 2671 3364 2730; x_wconf 82' lang='grc' dir='ltr'>οὖν</span> <span class='ocrx_word' id='word_1_748' title='bbox 3393 2676 3654 2742; x_wconf 79' lang='grc' dir='ltr'>πατάξαι</span> 
     </span>
    </p>
   </div>
   <div class='ocr_carea' id='block_1_92' title="bbox 1969 2756 3654 2833">
    <p class='ocr_par' dir='ltr' id='par_1_92' title="bbox 1969 2756 3654 2833">
     <span class='ocr_line' id='line_1_92' title="bbox 1969 2756 3654 2833; baseline 0.005 -24"><span class='ocrx_word' id='word_1_749' title='bbox 1969 2756 2177 2810; x_wconf 86' lang='grc' dir='ltr'>πᾶσαν</span> <span class='ocrx_word' id='word_1_750' title='bbox 2220 2760 2420 2826; x_wconf 80' lang='grc' dir='ltr'>σάρκα</span> <span class='ocrx_word' id='word_1_751' title='bbox 2464 2758 2656 2819; x_wconf 81' lang='grc' dir='ltr'>ζῶσαν</span> <span class='ocrx_word' id='word_1_752' title='bbox 2723 2760 2916 2827; x_wconf 78' lang='grc' dir='ltr'>καθὼς</span> <span class='ocrx_word' id='word_1_753' title='bbox 2965 2762 3244 2830; x_wconf 81' lang='grc' dir='ltr'>ἐποίησα,</span> <span class='ocrx_word' id='word_1_754' title='bbox 3303 2763 3391 2818; x_wconf 82' lang='grc' dir='ltr'>ἔτι</span> <span class='ocrx_word' id='word_1_755' title='bbox 3445 2763 3654 2833; x_wconf 86' lang='grc' dir='ltr'>πάσας</span> 
     </span>
    </p>
   </div>
   <div class='ocr_carea' id='block_1_93' title="bbox 1967 2843 2629 2916">
    <p class='ocr_par' dir='ltr' id='par_1_93' title="bbox 1967 2843 2629 2916">
     <span class='ocr_line' id='line_1_93' title="bbox 1967 2843 2629 2916; baseline 0.003 -6"><span class='ocrx_word' id='word_1_756' title='bbox 1967 2843 2076 2910; x_wconf 82' lang='grc' dir='ltr'>τὰς</span> <span class='ocrx_word' id='word_1_757' title='bbox 2099 2845 2326 2914; x_wconf 72' lang='grc' dir='ltr'>ἡμέρας</span> <span class='ocrx_word' id='word_1_758' title='bbox 2353 2845 2464 2914; x_wconf 78' lang='grc' dir='ltr'>τῆς</span> <span class='ocrx_word' id='word_1_759' title='bbox 2496 2845 2629 2916; x_wconf 76' lang='grc' dir='ltr'>γῆς·</span> 
     </span>
    </p>
   </div>
   <div class='ocr_carea' id='block_1_94' title="bbox 2039 2933 3656 3010">
    <p class='ocr_par' dir='ltr' id='par_1_94' title="bbox 2039 2933 3656 3010">
     <span class='ocr_line' id='line_1_94' title="bbox 2039 2933 3656 3010; baseline 0.005 -24"><span class='ocrx_word' id='word_1_760' title='bbox 2039 2933 2100 2987; x_wconf 89' lang='grc' dir='ltr'>δ’.</span> <span class='ocrx_word' id='word_1_761' title='bbox 2135 2934 2309 2998; x_wconf 84' lang='grc' dir='ltr'>Πολὺς</span> <span class='ocrx_word' id='word_1_762' title='bbox 2349 2935 2450 3005; x_wconf 85' lang='grc' dir='ltr'>τῆς</span> <span class='ocrx_word' id='word_1_763' title='bbox 2481 2936 2806 3007; x_wconf 85' lang='grc' dir='ltr'>εὐεργεσίας</span> <span class='ocrx_word' id='word_1_764' title='bbox 2832 2938 2860 2990; x_wconf 91' lang='grc' dir='ltr'>ό</span> <span class='ocrx_word' id='word_1_765' title='bbox 2891 2937 3081 3005; x_wconf 77' lang='grc' dir='ltr'>ὄγκος,</span> <span class='ocrx_word' id='word_1_766' title='bbox 3111 2937 3205 2991; x_wconf 69' lang='grc' dir='ltr'>καὶ</span> <span class='ocrx_word' id='word_1_767' title='bbox 3241 2937 3375 2992; x_wconf 86' lang='grc' dir='ltr'>πολὺ</span> <span class='ocrx_word' id='word_1_768' title='bbox 3404 2939 3504 3010; x_wconf 80' lang='grc' dir='ltr'>τῆς</span> <span class='ocrx_word' id='word_1_769' title='bbox 3532 2941 3656 3009; x_wconf 89' lang='grc' dir='ltr'>φιλ-</span> 
     </span>
    </p>
   </div>
   <div class='ocr_carea' id='block_1_95' title="bbox 1969 3021 3652 3097">
    <p class='ocr_par' dir='ltr' id='par_1_95' title="bbox 1969 3021 3652 3097">
     <span class='ocr_line' id='line_1_95' title="bbox 1969 3021 3652 3097; baseline 0.004 -23"><span class='ocrx_word' id='word_1_770' title='bbox 1969 3021 2287 3093; x_wconf 85' lang='grc' dir='ltr'>ανθρωπίας</span> <span class='ocrx_word' id='word_1_771' title='bbox 2333 3021 2394 3074; x_wconf 84' lang='lat'>:6</span> <span class='ocrx_word' id='word_1_772' title='bbox 2431 3023 2678 3092; x_wconf 84' lang='grc' dir='ltr'>μέγεθος,</span> <span class='ocrx_word' id='word_1_773' title='bbox 2729 3025 2826 3077; x_wconf 79' lang='grc' dir='ltr'>καὶ</span> <span class='ocrx_word' id='word_1_774' title='bbox 2857 3023 3064 3093; x_wconf 84' lang='grc' dir='ltr'>ἄφατος</span> <span class='ocrx_word' id='word_1_775' title='bbox 3091 3026 3190 3095; x_wconf 81' lang='grc' dir='ltr'>τῆς</span> <span class='ocrx_word' id='word_1_776' title='bbox 3219 3025 3571 3090; x_wconf 82' lang='grc' dir='ltr'>ἀνεξικακίας</span> <span class='ocrx_word' id='word_1_777' title='bbox 3615 3029 3652 3097; x_wconf 83' lang='grc' dir='ltr'><strong>ἡ</strong></span> 
     </span>
    </p>
   </div>
   <div class='ocr_carea' id='block_1_96' title="bbox 1970 3105 3650 3183">
    <p class='ocr_par' dir='ltr' id='par_1_96' title="bbox 1970 3105 3650 3183">
     <span class='ocr_line' id='line_1_96' title="bbox 1970 3105 3650 3183; baseline 0.004 -20"><span class='ocrx_word' id='word_1_778' title='bbox 1970 3109 2264 3181; x_wconf 87' lang='grc' dir='ltr'>ὑπερϐολή.</span> <span class='ocrx_word' id='word_1_779' title='bbox 2301 3109 2414 3162; x_wconf 79' lang='grc' dir='ltr'>Καὶ</span> <span class='ocrx_word' id='word_1_780' title='bbox 2463 3105 2595 3163; x_wconf 80' lang='grc' dir='ltr'>εἷπε</span> <span class='ocrx_word' id='word_1_781' title='bbox 2631 3111 2845 3178; x_wconf 86' lang='grc' dir='ltr'>Κύριος</span> <span class='ocrx_word' id='word_1_782' title='bbox 2896 3115 2929 3165; x_wconf 86' lang='grc' dir='ltr'>ό</span> <span class='ocrx_word' id='word_1_783' title='bbox 2977 3113 3120 3179; x_wconf 82' lang='grc' dir='ltr'>Θεὸς</span> <span class='ocrx_word' id='word_1_784' title='bbox 3153 3112 3512 3182; x_wconf 82' lang='grc' dir='ltr'>διανοηθείς.</span> <span class='ocrx_word' id='word_1_785' title='bbox 3555 3115 3650 3183; x_wconf 86' lang='lat' dir='ltr'>T6,</span> 
     </span>
    </p>
   </div>
   <div class='ocr_carea' id='block_1_97' title="bbox 1969 3197 3654 3275">
    <p class='ocr_par' dir='ltr' id='par_1_97' title="bbox 1969 3197 3654 3275">
     <span class='ocr_line' id='line_1_97' title="bbox 1969 3197 3654 3275; baseline 0.004 -25"><span class='ocrx_word' id='word_1_786' title='bbox 1969 3198 2336 3265; x_wconf 73' lang='grc' dir='ltr'>Διανοηθεὲς,</span> <span class='ocrx_word' id='word_1_787' title='bbox 2374 3197 2538 3250; x_wconf 89' lang='grc' dir='ltr'>πάλιν</span> <span class='ocrx_word' id='word_1_788' title='bbox 2572 3197 2950 3270; x_wconf 86' lang='grc' dir='ltr'>ἀνθρωπίνως,</span> <span class='ocrx_word' id='word_1_789' title='bbox 2983 3201 3078 3253; x_wconf 80' lang='grc' dir='ltr'>καὶ</span> <span class='ocrx_word' id='word_1_790' title='bbox 3105 3201 3181 3264; x_wconf 87' lang='grc' dir='ltr'>ὡς</span> <span class='ocrx_word' id='word_1_791' title='bbox 3223 3202 3360 3274; x_wconf 80' lang='grc' dir='ltr'>πρὸς</span> <span class='ocrx_word' id='word_1_792' title='bbox 3384 3203 3483 3274; x_wconf 83' lang='grc' dir='ltr'>τὴν</span> <span class='ocrx_word' id='word_1_793' title='bbox 3513 3205 3654 3275; x_wconf 81' lang='grc' dir='ltr'>ἡμε-</span> 
     </span>
    </p>
   </div>
   <div class='ocr_carea' id='block_1_98' title="bbox 1967 3287 3657 3361">
    <p class='ocr_par' dir='ltr' id='par_1_98' title="bbox 1967 3287 3657 3361">
     <span class='ocr_line' id='line_1_98' title="bbox 1967 3287 3657 3361; baseline 0.004 -22"><span class='ocrx_word' id='word_1_794' title='bbox 1967 3287 2134 3358; x_wconf 89' lang='grc' dir='ltr'>τέραν</span> <span class='ocrx_word' id='word_1_795' title='bbox 2160 3287 2342 3356; x_wconf 89' lang='grc' dir='ltr'>φύσιν.</span> <span class='ocrx_word' id='word_1_796' title='bbox 2369 3289 2451 3341; x_wconf 81' lang='lat'><em>06</em></span> <span class='ocrx_word' id='word_1_797' title='bbox 2478 3288 2806 3356; x_wconf 79' lang='grc' dir='ltr'>προσθήσω</span> <span class='ocrx_word' id='word_1_798' title='bbox 2827 3289 2914 3342; x_wconf 83' lang='grc' dir='ltr'>ἐτι</span> <span class='ocrx_word' id='word_1_799' title='bbox 2935 3288 3040 3342; x_wconf 88' lang='grc' dir='ltr'>τοῦ</span> <span class='ocrx_word' id='word_1_800' title='bbox 3065 3289 3518 3358; x_wconf 78' lang='grc' dir='ltr'>καταράσασθαι</span> <span class='ocrx_word' id='word_1_801' title='bbox 3539 3291 3657 3361; x_wconf 84' lang='grc' dir='ltr'>τὴν</span> 
     </span>
    </p>
   </div>
   <div class='ocr_carea' id='block_1_99' title="bbox 1968 3373 3658 3451">
    <p class='ocr_par' dir='ltr' id='par_1_99' title="bbox 1968 3373 3658 3451">
     <span class='ocr_line' id='line_1_99' title="bbox 1968 3373 3658 3451; baseline 0.004 -25"><span class='ocrx_word' id='word_1_802' title='bbox 1968 3373 2088 3443; x_wconf 75' lang='grc' dir='ltr'>τήν</span> <span class='ocrx_word' id='word_1_803' title='bbox 2108 3373 2205 3427; x_wconf 87' lang='grc' dir='ltr'>διὰ</span> <span class='ocrx_word' id='word_1_804' title='bbox 2229 3373 2298 3426; x_wconf 80' lang='grc' dir='ltr'>τὰ</span> <span class='ocrx_word' id='word_1_805' title='bbox 2320 3373 2464 3443; x_wconf 80' lang='grc' dir='ltr'>ἔργα</span> <span class='ocrx_word' id='word_1_806' title='bbox 2490 3373 2607 3428; x_wconf 86' lang='grc' dir='ltr'>τῶν</span> <span class='ocrx_word' id='word_1_807' title='bbox 2629 3375 2976 3442; x_wconf 83' lang='grc' dir='ltr'>ἀνθρώπων.</span> <span class='ocrx_word' id='word_1_808' title='bbox 3002 3377 3112 3428; x_wconf 85' lang='lat' dir='ltr'><em>K61</em></span> <span class='ocrx_word' id='word_1_809' title='bbox 3139 3379 3246 3450; x_wconf 89' lang='grc' dir='ltr'>γὰρ</span> <span class='ocrx_word' id='word_1_810' title='bbox 3269 3378 3362 3431; x_wconf 86' lang='lat'><em>61:1</em></span> <span class='ocrx_word' id='word_1_811' title='bbox 3382 3379 3475 3431; x_wconf 85' lang='lat'>:06</span> <span class='ocrx_word' id='word_1_812' title='bbox 3504 3396 3658 3451; x_wconf 87' lang='grc' dir='ltr'>πρω-</span> 
     </span>
    </p>
   </div>
   <div class='ocr_carea' id='block_1_100' title="bbox 1968 3461 3656 3534">
    <p class='ocr_par' dir='ltr' id='par_1_100' title="bbox 1968 3461 3656 3534">
     <span class='ocr_line' id='line_1_100' title="bbox 1968 3461 3656 3534; baseline 0.004 -20"><span class='ocrx_word' id='word_1_813' title='bbox 1968 3461 2269 3514; x_wconf 88' lang='grc' dir='ltr'>τοπλάστου</span> <span class='ocrx_word' id='word_1_814' title='bbox 2300 3463 2651 3532; x_wconf 88' lang='grc' dir='ltr'>κατηράσατο</span> <span class='ocrx_word' id='word_1_815' title='bbox 2680 3464 2870 3528; x_wconf 82' lang='grc' dir='ltr'>εἰπὼν,</span> <span class='ocrx_word' id='word_1_816' title='bbox 2911 3463 3196 3532; x_wconf 82' lang='grc' dir='ltr'>Ἀκάνθας</span> <span class='ocrx_word' id='word_1_817' title='bbox 3219 3465 3318 3518; x_wconf 79' lang='grc' dir='ltr'>καὶ</span> <span class='ocrx_word' id='word_1_818' title='bbox 3345 3469 3656 3534; x_wconf 73' lang='grc' dir='ltr'>τριϐόλους</span> 
     </span>
    </p>
   </div>
   <div class='ocr_carea' id='block_1_101' title="bbox 1969 3550 3658 3624">
    <p class='ocr_par' dir='ltr' id='par_1_101' title="bbox 1969 3550 3658 3624">
     <span class='ocr_line' id='line_1_101' title="bbox 1969 3550 3658 3624; baseline 0.002 -20"><span class='ocrx_word' id='word_1_819' title='bbox 1969 3550 2273 3604; x_wconf 75' lang='grc' dir='ltr'>ἀνατελεῖ·</span> <span class='ocrx_word' id='word_1_820' title='bbox 2310 3551 2404 3603; x_wconf 75' lang='grc' dir='ltr'>καὶ</span> <span class='ocrx_word' id='word_1_821' title='bbox 2450 3551 2542 3603; x_wconf 76' lang='grc' dir='ltr'>ἐπὶ</span> <span class='ocrx_word' id='word_1_822' title='bbox 2578 3550 2673 3604; x_wconf 88' lang='grc' dir='ltr'>τοῦ</span> <span class='ocrx_word' id='word_1_823' title='bbox 2725 3553 2862 3604; x_wconf 85' lang='grc' dir='ltr'>Κάῖν</span> <span class='ocrx_word' id='word_1_824' title='bbox 2906 3552 3067 3606; x_wconf 89' lang='grc' dir='ltr'>πάλιν</span> <span class='ocrx_word' id='word_1_825' title='bbox 3113 3554 3332 3624; x_wconf 85' lang='grc' dir='ltr'>ὁμοίως.</span> <span class='ocrx_word' id='word_1_826' title='bbox 3378 3555 3529 3608; x_wconf 81' lang='grc' dir='ltr'>Ἐπεὶ</span> <span class='ocrx_word' id='word_1_827' title='bbox 3561 3551 3658 3608; x_wconf 81' lang='grc' dir='ltr'>οὖν</span> 
     </span>
    </p>
   </div>
   <div class='ocr_carea' id='block_1_102' title="bbox 1972 3637 3651 3712">
    <p class='ocr_par' dir='ltr' id='par_1_102' title="bbox 1972 3637 3651 3712">
     <span class='ocr_line' id='line_1_102' title="bbox 1972 3637 3651 3712; baseline 0.004 -22"><span class='ocrx_word' id='word_1_828' title='bbox 1972 3639 2066 3690; x_wconf 77' lang='grc' dir='ltr'>καὶ</span> <span class='ocrx_word' id='word_1_829' title='bbox 2097 3637 2191 3691; x_wconf 89' lang='grc' dir='ltr'>νῦν</span> <span class='ocrx_word' id='word_1_830' title='bbox 2219 3637 2318 3710; x_wconf 81' lang='grc' dir='ltr'>τὴν</span> <span class='ocrx_word' id='word_1_831' title='bbox 2351 3637 2622 3709; x_wconf 81' lang='grc' dir='ltr'>τοσαύτην</span> <span class='ocrx_word' id='word_1_832' title='bbox 2669 3637 3048 3710; x_wconf 87' lang='grc' dir='ltr'>πανωλεθρίαν</span> <span class='ocrx_word' id='word_1_833' title='bbox 3082 3641 3385 3712; x_wconf 79' lang='grc' dir='ltr'>ἐπήγαγεν,</span> <span class='ocrx_word' id='word_1_834' title='bbox 3432 3643 3516 3696; x_wconf 84' lang='grc' dir='ltr'>ἵνα</span> <span class='ocrx_word' id='word_1_835' title='bbox 3544 3660 3651 3697; x_wconf 86' lang='grc' dir='ltr'>πα-</span> 
     </span>
    </p>
   </div>
   <div class='ocr_carea' id='block_1_103' title="bbox 1973 3724 3652 3806">
    <p class='ocr_par' dir='ltr' id='par_1_103' title="bbox 1973 3724 3652 3806">
     <span class='ocr_line' id='line_1_103' title="bbox 1973 3724 3652 3806; baseline 0.003 -28"><span class='ocrx_word' id='word_1_836' title='bbox 1973 3724 2362 3798; x_wconf 83' lang='grc' dir='ltr'>ραμυθήσηται</span> <span class='ocrx_word' id='word_1_837' title='bbox 2406 3727 2499 3778; x_wconf 78' lang='grc' dir='ltr'>τὸν</span> <span class='ocrx_word' id='word_1_838' title='bbox 2542 3725 2768 3789; x_wconf 87' lang='grc' dir='ltr'>δίκαιον,</span> <span class='ocrx_word' id='word_1_839' title='bbox 2824 3727 2918 3780; x_wconf 80' lang='grc' dir='ltr'>καὶ</span> <span class='ocrx_word' id='word_1_840' title='bbox 2959 3727 3178 3798; x_wconf 75' lang='grc' dir='ltr'>θαρρεῖν</span> <span class='ocrx_word' id='word_1_841' title='bbox 3232 3735 3652 3806; x_wconf 73' lang='grc' dir='ltr'>παρασκευάσῃ,</span> 
     </span>
    </p>
   </div>
   <div class='ocr_carea' id='block_1_104' title="bbox 1971 3815 3655 3890">
    <p class='ocr_par' dir='ltr' id='par_1_104' title="bbox 1971 3815 3655 3890">
     <span class='ocr_line' id='line_1_104' title="bbox 1971 3815 3655 3890; baseline 0.002 -21"><span class='ocrx_word' id='word_1_842' title='bbox 1971 3817 2068 3870; x_wconf 74' lang='grc' dir='ltr'>καὶ</span> <span class='ocrx_word' id='word_1_843' title='bbox 2105 3817 2180 3887; x_wconf 82' lang='grc' dir='ltr'>μὴ</span> <span class='ocrx_word' id='word_1_844' title='bbox 2223 3815 2391 3888; x_wconf 86' lang='grc' dir='ltr'>μέλλῃ</span> <span class='ocrx_word' id='word_1_845' title='bbox 2419 3815 2729 3884; x_wconf 74' lang='grc' dir='ltr'>λογίζεσθαι</span> <span class='ocrx_word' id='word_1_846' title='bbox 2771 3815 2891 3869; x_wconf 85' lang='grc' dir='ltr'>καθ’</span> <span class='ocrx_word' id='word_1_847' title='bbox 2919 3817 3128 3882; x_wconf 83' lang='grc' dir='ltr'>ἐαυτὸν,</span> <span class='ocrx_word' id='word_1_848' title='bbox 3158 3817 3212 3869; x_wconf 91' lang='grc' dir='ltr'>τί</span> <span class='ocrx_word' id='word_1_849' title='bbox 3240 3817 3301 3870; x_wconf 90' lang='lat'>:6</span> <span class='ocrx_word' id='word_1_850' title='bbox 3338 3819 3528 3888; x_wconf 83' lang='grc' dir='ltr'>κέρδος</span> <span class='ocrx_word' id='word_1_851' title='bbox 3551 3819 3655 3890; x_wconf 74' lang='grc' dir='ltr'>τῆς</span> 
     </span>
    </p>
   </div>
   <div class='ocr_carea' id='block_1_105' title="bbox 1972 3905 3651 3977">
    <p class='ocr_par' dir='ltr' id='par_1_105' title="bbox 1972 3905 3651 3977">
     <span class='ocr_line' id='line_1_105' title="bbox 1972 3905 3651 3977; baseline 0.002 -18"><span class='ocrx_word' id='word_1_852' title='bbox 1972 3905 2346 3977; x_wconf 83' lang='grc' dir='ltr'>γεγενημένης</span> <span class='ocrx_word' id='word_1_853' title='bbox 2376 3905 2653 3973; x_wconf 86' lang='grc' dir='ltr'>εὑλογίας;</span> <span class='ocrx_word' id='word_1_854' title='bbox 2690 3905 2783 3958; x_wconf 73' lang='grc' dir='ltr'>καὶ</span> <span class='ocrx_word' id='word_1_855' title='bbox 2822 3905 2916 3958; x_wconf 88' lang='grc' dir='ltr'>τοῦ</span> <span class='ocrx_word' id='word_1_856' title='bbox 2951 3906 3511 3970; x_wconf 78' lang='grc' dir='ltr'>είπεῖν,Αὑξάνεσθε</span> <span class='ocrx_word' id='word_1_857' title='bbox 3551 3911 3651 3963; x_wconf 79' lang='grc' dir='ltr'>καὶ</span> 
     </span>
    </p>
   </div>
   <div class='ocr_carea' id='block_1_106' title="bbox 1972 3995 3656 4066">
    <p class='ocr_par' dir='ltr' id='par_1_106' title="bbox 1972 3995 3656 4066">
     <span class='ocr_line' id='line_1_106' title="bbox 1972 3995 3656 4066; baseline 0 -16"><span class='ocrx_word' id='word_1_858' title='bbox 1972 3997 2376 4064; x_wconf 81' lang='grc' dir='ltr'>πληθύνεσθε,</span> <span class='ocrx_word' id='word_1_859' title='bbox 2408 3997 2456 4048; x_wconf 81' lang='grc' dir='ltr'>εἰ</span> <span class='ocrx_word' id='word_1_860' title='bbox 2493 3995 2779 4066; x_wconf 88' lang='grc' dir='ltr'>μέλλοιμεν</span> <span class='ocrx_word' id='word_1_861' title='bbox 2809 3995 2968 4048; x_wconf 89' lang='grc' dir='ltr'>πάλιν</span> <span class='ocrx_word' id='word_1_862' title='bbox 2999 3996 3079 4058; x_wconf 87' lang='grc' dir='ltr'>εἰς</span> <span class='ocrx_word' id='word_1_863' title='bbox 3103 3995 3307 4065; x_wconf 81' lang='grc' dir='ltr'>πλῆθος</span> <span class='ocrx_word' id='word_1_864' title='bbox 3330 3997 3656 4062; x_wconf 86' lang='grc' dir='ltr'>ἐπιδιδόντες</span> 
     </span>
    </p>
   </div>
   <div class='ocr_carea' id='block_1_107' title="bbox 1972 4077 3652 4156">
    <p class='ocr_par' dir='ltr' id='par_1_107' title="bbox 1972 4077 3652 4156">
     <span class='ocr_line' id='line_1_107' title="bbox 1972 4077 3652 4156; baseline 0.002 -20"><span class='ocrx_word' id='word_1_865' title='bbox 1972 4083 2342 4150; x_wconf 87' lang='grc' dir='ltr'>ἀπόλλυσθαι;</span> <span class='ocrx_word' id='word_1_866' title='bbox 2393 4083 2505 4135; x_wconf 83' lang='lat' dir='ltr'><em>K61</em></span> <span class='ocrx_word' id='word_1_867' title='bbox 2545 4083 2653 4152; x_wconf 81' lang='grc' dir='ltr'>γάρ</span> <span class='ocrx_word' id='word_1_868' title='bbox 2682 4083 2776 4136; x_wconf 75' lang='grc' dir='ltr'>καὶ</span> <span class='ocrx_word' id='word_1_869' title='bbox 2809 4083 2909 4154; x_wconf 73' lang='grc' dir='ltr'>ήδη</span> <span class='ocrx_word' id='word_1_870' title='bbox 2962 4077 3115 4136; x_wconf 88' lang='grc' dir='ltr'>εἷπεν</span> <span class='ocrx_word' id='word_1_871' title='bbox 3171 4083 3264 4136; x_wconf 74' lang='grc' dir='ltr'>ἐπὶ</span> <span class='ocrx_word' id='word_1_872' title='bbox 3310 4083 3403 4137; x_wconf 89' lang='grc' dir='ltr'>τοῦ</span> <span class='ocrx_word' id='word_1_873' title='bbox 3457 4085 3652 4156; x_wconf 82' lang='grc' dir='ltr'>Ἀδάμ,</span> 
     </span>
    </p>
   </div>
   <div class='ocr_carea' id='block_1_108' title="bbox 1965 4170 3656 4242">
    <p class='ocr_par' dir='ltr' id='par_1_108' title="bbox 1965 4170 3656 4242">
     <span class='ocr_line' id='line_1_108' title="bbox 1965 4170 3656 4242; baseline 0.001 -17"><span class='ocrx_word' id='word_1_874' title='bbox 1965 4171 2313 4236; x_wconf 79' lang='grc' dir='ltr'>Αὐξάνεσθε</span> <span class='ocrx_word' id='word_1_875' title='bbox 2369 4171 2468 4224; x_wconf 77' lang='grc' dir='ltr'>καὶ</span> <span class='ocrx_word' id='word_1_876' title='bbox 2510 4171 2919 4237; x_wconf 81' lang='grc' dir='ltr'>πληθύνεσθε,</span> <span class='ocrx_word' id='word_1_877' title='bbox 2968 4170 3062 4223; x_wconf 76' lang='grc' dir='ltr'>καὶ</span> <span class='ocrx_word' id='word_1_878' title='bbox 3097 4171 3343 4242; x_wconf 83' lang='grc' dir='ltr'>ἐπήγαγε</span> <span class='ocrx_word' id='word_1_879' title='bbox 3377 4173 3656 4228; x_wconf 85' lang='grc' dir='ltr'>κατακλυ-</span> 
     </span>
    </p>
   </div>
   <div class='ocr_carea' id='block_1_109' title="bbox 1975 4255 3656 4332">
    <p class='ocr_par' dir='ltr' id='par_1_109' title="bbox 1975 4255 3656 4332">
     <span class='ocr_line' id='line_1_109' title="bbox 1975 4255 3656 4332; baseline 0.002 -20"><span class='ocrx_word' id='word_1_880' title='bbox 1975 4259 2131 4331; x_wconf 85' lang='grc' dir='ltr'>σμόν.</span> <span class='ocrx_word' id='word_1_881' title='bbox 2169 4259 2286 4312; x_wconf 86' lang='grc' dir='ltr'>’Ίνα</span> <span class='ocrx_word' id='word_1_882' title='bbox 2319 4255 2412 4311; x_wconf 77' lang='grc' dir='ltr'>οὖν</span> <span class='ocrx_word' id='word_1_883' title='bbox 2447 4257 2520 4329; x_wconf 83' lang='grc' dir='ltr'>μὴ</span> <span class='ocrx_word' id='word_1_884' title='bbox 2568 4257 2740 4310; x_wconf 87' lang='grc' dir='ltr'>ταῦτα</span> <span class='ocrx_word' id='word_1_885' title='bbox 2787 4257 3134 4328; x_wconf 76' lang='grc' dir='ltr'>λογιζόμενος</span> <span class='ocrx_word' id='word_1_886' title='bbox 3175 4259 3268 4312; x_wconf 65' lang='grc' dir='ltr'>κα)⁸</span> <span class='ocrx_word' id='word_1_887' title='bbox 3315 4261 3563 4332; x_wconf 87' lang='grc' dir='ltr'>στρέφων</span> <span class='ocrx_word' id='word_1_888' title='bbox 3593 4263 3656 4316; x_wconf 90' lang='grc' dir='ltr'>ἐν</span> 
     </span>
    </p>
   </div>
   <div class='ocr_carea' id='block_1_110' title="bbox 1973 4345 3656 4420">
    <p class='ocr_par' dir='ltr' id='par_1_110' title="bbox 1973 4345 3656 4420">
     <span class='ocr_line' id='line_1_110' title="bbox 1973 4345 3656 4420; baseline -0.001 -18"><span class='ocrx_word' id='word_1_889' title='bbox 1973 4351 2038 4420; x_wconf 82' lang='grc' dir='ltr'>τῇ</span> <span class='ocrx_word' id='word_1_890' title='bbox 2065 4347 2270 4418; x_wconf 82' lang='grc' dir='ltr'>διανοίᾳ</span> <span class='ocrx_word' id='word_1_891' title='bbox 2299 4345 2559 4418; x_wconf 89' lang='grc' dir='ltr'>διηνεκῶς</span> <span class='ocrx_word' id='word_1_892' title='bbox 2585 4345 2685 4413; x_wconf 83' lang='grc' dir='ltr'>τὴν</span> <span class='ocrx_word' id='word_1_893' title='bbox 2709 4345 2948 4412; x_wconf 87' lang='grc' dir='ltr'>ἀγωνίαν</span> <span class='ocrx_word' id='word_1_894' title='bbox 2968 4346 3088 4418; x_wconf 81' lang='grc' dir='ltr'>ἔχῃ,</span> <span class='ocrx_word' id='word_1_895' title='bbox 3117 4346 3220 4416; x_wconf 83' lang='grc' dir='ltr'>ὅρα</span> <span class='ocrx_word' id='word_1_896' title='bbox 3247 4346 3656 4419; x_wconf 81' lang='grc' dir='ltr'>φιλανθρωπίαν</span> 
     </span>
    </p>
   </div>
   <div class='ocr_carea' id='block_1_111' title="bbox 1973 4429 3656 4504">
    <p class='ocr_par' dir='ltr' id='par_1_111' title="bbox 1973 4429 3656 4504">
     <span class='ocr_line' id='line_1_111' title="bbox 1973 4429 3656 4504; baseline 0.001 -15"><span class='ocrx_word' id='word_1_897' title='bbox 1973 4437 2266 4490; x_wconf 89' lang='grc' dir='ltr'>Δεσπότου.</span> <span class='ocrx_word' id='word_1_898' title='bbox 2318 4437 2400 4488; x_wconf 88' lang='grc' dir='ltr'>Οὺ</span> <span class='ocrx_word' id='word_1_899' title='bbox 2434 4432 2781 4502; x_wconf 83' lang='grc' dir='ltr'>προσθήσω,</span> <span class='ocrx_word' id='word_1_900' title='bbox 2829 4434 3013 4504; x_wconf 65' lang='grc' dir='ltr'>φησιν,</span> <span class='ocrx_word' id='word_1_901' title='bbox 3059 4429 3149 4488; x_wconf 79' lang='grc' dir='ltr'>ἐτι</span> <span class='ocrx_word' id='word_1_902' title='bbox 3201 4435 3656 4504; x_wconf 81' lang='grc' dir='ltr'>καταράσασθαι</span> 
     </span>
    </p>
   </div>
   <div class='ocr_carea' id='block_1_112' title="bbox 1975 4521 3657 4594">
    <p class='ocr_par' dir='ltr' id='par_1_112' title="bbox 1975 4521 3657 4594">
     <span class='ocr_line' id='line_1_112' title="bbox 1975 4521 3657 4594; baseline 0 -16"><span class='ocrx_word' id='word_1_903' title='bbox 1975 4525 2090 4594; x_wconf 78' lang='grc' dir='ltr'>τὴν</span> <span class='ocrx_word' id='word_1_904' title='bbox 2117 4523 2236 4594; x_wconf 78' lang='grc' dir='ltr'>γῆν</span> <span class='ocrx_word' id='word_1_905' title='bbox 2269 4523 2366 4576; x_wconf 84' lang='grc' dir='ltr'>διὰ</span> <span class='ocrx_word' id='word_1_906' title='bbox 2387 4523 2458 4576; x_wconf 88' lang='grc' dir='ltr'>τὰ</span> <span class='ocrx_word' id='word_1_907' title='bbox 2489 4524 2630 4592; x_wconf 80' lang='grc' dir='ltr'>ἔργα</span> <span class='ocrx_word' id='word_1_908' title='bbox 2671 4523 2792 4575; x_wconf 86' lang='grc' dir='ltr'>τῶν</span> <span class='ocrx_word' id='word_1_909' title='bbox 2831 4521 3180 4591; x_wconf 79' lang='grc' dir='ltr'>ἀνθρώπων.</span> <span class='ocrx_word' id='word_1_910' title='bbox 3211 4524 3354 4594; x_wconf 84' lang='grc' dir='ltr'>Ὅρα</span> <span class='ocrx_word' id='word_1_911' title='bbox 3403 4525 3521 4588; x_wconf 88' lang='grc' dir='ltr'>πῶς</span> <span class='ocrx_word' id='word_1_912' title='bbox 3557 4528 3657 4578; x_wconf 89' lang='grc' dir='ltr'>ἐπ-</span> 
     </span>
    </p>
   </div>
   <div class='ocr_carea' id='block_1_113' title="bbox 1975 4607 3657 4682">
    <p class='ocr_par' dir='ltr' id='par_1_113' title="bbox 1975 4607 3657 4682">
     <span class='ocr_line' id='line_1_113' title="bbox 1975 4607 3657 4682; baseline -0.001 -18"><span class='ocrx_word' id='word_1_913' title='bbox 1975 4613 2308 4682; x_wconf 86' lang='grc' dir='ltr'>εσημήνατο,</span> <span class='ocrx_word' id='word_1_914' title='bbox 2347 4611 2428 4662; x_wconf 84' lang='grc' dir='ltr'>ὅτι</span> <span class='ocrx_word' id='word_1_915' title='bbox 2463 4607 2549 4660; x_wconf 89' lang='grc' dir='ltr'>διά</span> <span class='ocrx_word' id='word_1_916' title='bbox 2583 4609 2680 4678; x_wconf 77' lang='grc' dir='ltr'>τὴν</span> <span class='ocrx_word' id='word_1_917' title='bbox 2713 4607 2917 4660; x_wconf 86' lang='grc' dir='ltr'>τούτων</span> <span class='ocrx_word' id='word_1_918' title='bbox 2943 4608 3245 4680; x_wconf 89' lang='grc' dir='ltr'>μοχθηρίαν</span> <span class='ocrx_word' id='word_1_919' title='bbox 3271 4611 3369 4679; x_wconf 77' lang='grc' dir='ltr'>τὴν</span> <span class='ocrx_word' id='word_1_920' title='bbox 3408 4609 3657 4681; x_wconf 87' lang='grc' dir='ltr'>κατάραν</span> 
     </span>
    </p>
   </div>
   <div class='ocr_carea' id='block_1_114' title="bbox 1977 4693 3656 4769">
    <p class='ocr_par' dir='ltr' id='par_1_114' title="bbox 1977 4693 3656 4769">
     <span class='ocr_line' id='line_1_114' title="bbox 1977 4693 3656 4769; baseline 0 -17"><span class='ocrx_word' id='word_1_921' title='bbox 1977 4701 2226 4769; x_wconf 84' lang='grc' dir='ltr'>ἐπήγαγε</span> <span class='ocrx_word' id='word_1_922' title='bbox 2251 4699 2315 4768; x_wconf 81' lang='grc' dir='ltr'>τῇ</span> <span class='ocrx_word' id='word_1_923' title='bbox 2350 4699 2442 4768; x_wconf 81' lang='grc' dir='ltr'>γῇ.</span> <span class='ocrx_word' id='word_1_924' title='bbox 2475 4693 2610 4748; x_wconf 78' lang='grc' dir='ltr'>Εἶτα</span> <span class='ocrx_word' id='word_1_925' title='bbox 2639 4695 2727 4748; x_wconf 81' lang='grc' dir='ltr'>ἵνα</span> <span class='ocrx_word' id='word_1_926' title='bbox 2765 4695 2839 4766; x_wconf 86' lang='grc' dir='ltr'>μὴ</span> <span class='ocrx_word' id='word_1_927' title='bbox 2875 4696 3206 4766; x_wconf 89' lang='grc' dir='ltr'>νομίσωμεν,</span> <span class='ocrx_word' id='word_1_928' title='bbox 3240 4695 3320 4749; x_wconf 85' lang='lat'>6::</span> <span class='ocrx_word' id='word_1_929' title='bbox 3348 4697 3534 4768; x_wconf 83' lang='grc' dir='ltr'>ἐπειδὴ</span> <span class='ocrx_word' id='word_1_930' title='bbox 3561 4699 3656 4752; x_wconf 68' lang='grc' dir='ltr'>ἐπὶ</span> 
     </span>
    </p>
   </div>
   <div class='ocr_carea' id='block_1_115' title="bbox 1975 4782 3654 4857">
    <p class='ocr_par' dir='ltr' id='par_1_115' title="bbox 1975 4782 3654 4857">
     <span class='ocr_line' id='line_1_115' title="bbox 1975 4782 3654 4857; baseline 0 -19"><span class='ocrx_word' id='word_1_931' title='bbox 1975 4789 2037 4840; x_wconf 88' lang='lat'>:6</span> <span class='ocrx_word' id='word_1_932' title='bbox 2068 4785 2276 4857; x_wconf 75' lang='grc' dir='ltr'>βέλτιον</span> <span class='ocrx_word' id='word_1_933' title='bbox 2307 4783 2686 4855; x_wconf 85' lang='grc' dir='ltr'>μετεϐάλοντο,</span> <span class='ocrx_word' id='word_1_934' title='bbox 2717 4783 2804 4836; x_wconf 82' lang='grc' dir='ltr'>διά</span> <span class='ocrx_word' id='word_1_935' title='bbox 2837 4782 2995 4836; x_wconf 67' lang='grc' dir='ltr'>τοῦτο</span> <span class='ocrx_word' id='word_1_936' title='bbox 3029 4783 3191 4846; x_wconf 83' lang='grc' dir='ltr'>αὐτὸς</span> <span class='ocrx_word' id='word_1_937' title='bbox 3219 4783 3422 4852; x_wconf 86' lang='grc' dir='ltr'>ταύτην</span> <span class='ocrx_word' id='word_1_938' title='bbox 3465 4785 3654 4856; x_wconf 82' lang='grc' dir='ltr'>ἐποιή-</span> 
     </span>
    </p>
   </div>
   <div class='ocr_carea' id='block_1_116' title="bbox 1979 4869 3658 4944">
    <p class='ocr_par' dir='ltr' id='par_1_116' title="bbox 1979 4869 3658 4944">
     <span class='ocr_line' id='line_1_116' title="bbox 1979 4869 3658 4944; baseline -0.001 -16"><span class='ocrx_word' id='word_1_939' title='bbox 1979 4893 2110 4928; x_wconf 88' lang='grc' dir='ltr'>σατο</span> <span class='ocrx_word' id='word_1_940' title='bbox 2146 4874 2242 4944; x_wconf 87' lang='grc' dir='ltr'>τὴν</span> <span class='ocrx_word' id='word_1_941' title='bbox 2273 4873 2589 4942; x_wconf 86' lang='grc' dir='ltr'>ὑπόσχεσιν,</span> <span class='ocrx_word' id='word_1_942' title='bbox 2639 4871 2833 4940; x_wconf 86' lang='grc' dir='ltr'>φησίν·</span> <span class='ocrx_word' id='word_1_943' title='bbox 2869 4871 2990 4922; x_wconf 87' lang='grc' dir='ltr'>Ὅτι</span> <span class='ocrx_word' id='word_1_944' title='bbox 3034 4869 3292 4939; x_wconf 77' lang='grc' dir='ltr'>ἔγκειται</span> <span class='ocrx_word' id='word_1_945' title='bbox 3333 4871 3372 4938; x_wconf 84' lang='grc' dir='ltr'>ή</span> <span class='ocrx_word' id='word_1_946' title='bbox 3423 4870 3658 4926; x_wconf 76' lang='grc' dir='ltr'>διάνοια</span> 
     </span>
    </p>
   </div>
   <div class='ocr_carea' id='block_1_117' title="bbox 1977 4955 3654 5029">
    <p class='ocr_par' dir='ltr' id='par_1_117' title="bbox 1977 4955 3654 5029">
     <span class='ocr_line' id='line_1_117' title="bbox 1977 4955 3654 5029; baseline -0.002 -14"><span class='ocrx_word' id='word_1_947' title='bbox 1977 4961 2086 5016; x_wconf 80' lang='grc' dir='ltr'>τοῦ</span> <span class='ocrx_word' id='word_1_948' title='bbox 2107 4961 2423 5029; x_wconf 83' lang='grc' dir='ltr'>ἀνθρώπου</span> <span class='ocrx_word' id='word_1_949' title='bbox 2446 4957 2742 5027; x_wconf 75' lang='grc' dir='ltr'>ἐπιμελῶς</span> <span class='ocrx_word' id='word_1_950' title='bbox 2765 4957 2864 5011; x_wconf 72' lang='grc' dir='ltr'>ἐπὶ</span> <span class='ocrx_word' id='word_1_951' title='bbox 2891 4955 2964 5010; x_wconf 87' lang='grc' dir='ltr'>τὰ</span> <span class='ocrx_word' id='word_1_952' title='bbox 2985 4956 3222 5024; x_wconf 84' lang='grc' dir='ltr'>πονηρὰ</span> <span class='ocrx_word' id='word_1_953' title='bbox 3257 4957 3326 5010; x_wconf 80' lang='grc' dir='ltr'>ἐκ</span> <span class='ocrx_word' id='word_1_954' title='bbox 3347 4959 3654 5026; x_wconf 80' lang='grc' dir='ltr'>νεότητος.</span> 
     </span>
    </p>
   </div>
   <div class='ocr_carea' id='block_1_118' title="bbox 1977 5041 3654 5118">
    <p class='ocr_par' dir='ltr' id='par_1_118' title="bbox 1977 5041 3654 5118">
     <span class='ocr_line' id='line_1_118' title="bbox 1977 5041 3654 5118; baseline -0.002 -16"><span class='ocrx_word' id='word_1_955' title='bbox 1977 5049 2140 5104; x_wconf 76' lang='grc' dir='ltr'>Ξένον</span> <span class='ocrx_word' id='word_1_956' title='bbox 2173 5047 2585 5118; x_wconf 85' lang='grc' dir='ltr'>φιλανθρωπίας</span> <span class='ocrx_word' id='word_1_957' title='bbox 2613 5041 2772 5106; x_wconf 80' lang='grc' dir='ltr'>εἶδος.</span> <span class='ocrx_word' id='word_1_958' title='bbox 2821 5043 3062 5109; x_wconf 74' lang='grc' dir='ltr'>Ἐπειδὴ</span> <span class='ocrx_word' id='word_1_959' title='bbox 3089 5043 3364 5110; x_wconf 73' lang='grc' dir='ltr'>ἔγκειται,</span> <span class='ocrx_word' id='word_1_960' title='bbox 3403 5046 3588 5114; x_wconf 77' lang='grc' dir='ltr'>φησὶν,</span> <span class='ocrx_word' id='word_1_961' title='bbox 3613 5046 3654 5113; x_wconf 77' lang='grc' dir='ltr'>ή</span> 
     </span>
    </p>
   </div>
   <div class='ocr_carea' id='block_1_119' title="bbox 1975 5130 3656 5202">
    <p class='ocr_par' dir='ltr' id='par_1_119' title="bbox 1975 5130 3656 5202">
     <span class='ocr_line' id='line_1_119' title="bbox 1975 5130 3656 5202; baseline -0.003 -11"><span class='ocrx_word' id='word_1_962' title='bbox 1975 5138 2211 5192; x_wconf 85' lang='grc' dir='ltr'>διάνοια</span> <span class='ocrx_word' id='word_1_963' title='bbox 2240 5137 2344 5190; x_wconf 85' lang='grc' dir='ltr'>τοῦ</span> <span class='ocrx_word' id='word_1_964' title='bbox 2377 5133 2689 5202; x_wconf 78' lang='grc' dir='ltr'>ἀνθρώπου</span> <span class='ocrx_word' id='word_1_965' title='bbox 2735 5130 3031 5200; x_wconf 80' lang='grc' dir='ltr'>ἐπιμελῶς</span> <span class='ocrx_word' id='word_1_966' title='bbox 3066 5131 3166 5184; x_wconf 79' lang='grc' dir='ltr'>ἐπὶ</span> <span class='ocrx_word' id='word_1_967' title='bbox 3217 5131 3292 5184; x_wconf 85' lang='grc' dir='ltr'>τὰ</span> <span class='ocrx_word' id='word_1_968' title='bbox 3321 5131 3555 5201; x_wconf 88' lang='grc' dir='ltr'>πονηρὰ</span> <span class='ocrx_word' id='word_1_969' title='bbox 3584 5135 3656 5186; x_wconf 74' lang='grc' dir='ltr'>ἑιο</span> 
     </span>
    </p>
   </div>
   <div class='ocr_carea' id='block_1_120' title="bbox 1980 5218 3657 5292">
    <p class='ocr_par' dir='ltr' id='par_1_120' title="bbox 1980 5218 3657 5292">
     <span class='ocr_line' id='line_1_120' title="bbox 1980 5218 3657 5292; baseline -0.005 -12"><span class='ocrx_word' id='word_1_970' title='bbox 1980 5229 2288 5292; x_wconf 83' lang='grc' dir='ltr'>νεότητος,</span> <span class='ocrx_word' id='word_1_971' title='bbox 2315 5223 2404 5276; x_wconf 84' lang='grc' dir='ltr'>διά</span> <span class='ocrx_word' id='word_1_972' title='bbox 2431 5222 2608 5284; x_wconf 87' lang='grc' dir='ltr'>τοῦτο,</span> <span class='ocrx_word' id='word_1_973' title='bbox 2641 5218 2853 5274; x_wconf 82' lang='grc' dir='ltr'>Οὺκέτι</span> <span class='ocrx_word' id='word_1_974' title='bbox 2881 5218 3212 5287; x_wconf 80' lang='grc' dir='ltr'>προσθήσω</span> <span class='ocrx_word' id='word_1_975' title='bbox 3248 5219 3356 5273; x_wconf 83' lang='grc' dir='ltr'>τοῦ</span> <span class='ocrx_word' id='word_1_976' title='bbox 3403 5221 3657 5288; x_wconf 81' lang='grc' dir='ltr'>καταρά-</span> 
     </span>
    </p>
   </div>
   <div class='ocr_carea' id='block_1_121' title="bbox 1979 5307 3656 5382">
    <p class='ocr_par' dir='ltr' id='par_1_121' title="bbox 1979 5307 3656 5382">
     <span class='ocr_line' id='line_1_121' title="bbox 1979 5307 3656 5382; baseline -0.006 -12"><span class='ocrx_word' id='word_1_977' title='bbox 1979 5319 2203 5369; x_wconf 83' lang='grc' dir='ltr'>σασθαι</span> <span class='ocrx_word' id='word_1_978' title='bbox 2231 5315 2346 5380; x_wconf 83' lang='grc' dir='ltr'>τὴν</span> <span class='ocrx_word' id='word_1_979' title='bbox 2379 5311 2516 5382; x_wconf 73' lang='grc' dir='ltr'>γῆν.</span> <span class='ocrx_word' id='word_1_980' title='bbox 2565 5307 2706 5376; x_wconf 80' lang='grc' dir='ltr'>Ἐγὼ</span> <span class='ocrx_word' id='word_1_981' title='bbox 2749 5309 2845 5378; x_wconf 81' lang='grc' dir='ltr'>μὲν</span> <span class='ocrx_word' id='word_1_982' title='bbox 2877 5307 3006 5378; x_wconf 85' lang='grc' dir='ltr'>γὰρ,</span> <span class='ocrx_word' id='word_1_983' title='bbox 3050 5309 3205 5377; x_wconf 80' lang='grc' dir='ltr'>φησὶ,</span> <span class='ocrx_word' id='word_1_984' title='bbox 3236 5307 3304 5360; x_wconf 86' lang='grc' dir='ltr'>τά</span> <span class='ocrx_word' id='word_1_985' title='bbox 3333 5308 3463 5379; x_wconf 87' lang='grc' dir='ltr'>παρ’</span> <span class='ocrx_word' id='word_1_986' title='bbox 3483 5310 3656 5378; x_wconf 75' lang='grc' dir='ltr'>ἐμαυ-</span> 
     </span>
    </p>
   </div>
   <div class='ocr_carea' id='block_1_122' title="bbox 1979 5391 3656 5468">
    <p class='ocr_par' dir='ltr' id='par_1_122' title="bbox 1979 5391 3656 5468">
     <span class='ocr_line' id='line_1_122' title="bbox 1979 5391 3656 5468; baseline -0.004 -12"><span class='ocrx_word' id='word_1_987' title='bbox 1979 5404 2073 5456; x_wconf 83' lang='grc' dir='ltr'>τοῦ</span> <span class='ocrx_word' id='word_1_988' title='bbox 2104 5402 2198 5454; x_wconf 70' lang='lat'><em>1:61</em></span> <span class='ocrx_word' id='word_1_989' title='bbox 2225 5399 2370 5466; x_wconf 80' lang='grc' dir='ltr'>ἀπαξ</span> <span class='ocrx_word' id='word_1_990' title='bbox 2405 5399 2499 5452; x_wconf 77' lang='grc' dir='ltr'>καὶ</span> <span class='ocrx_word' id='word_1_991' title='bbox 2530 5396 2783 5468; x_wconf 85' lang='grc' dir='ltr'>δεύτερον</span> <span class='ocrx_word' id='word_1_992' title='bbox 2825 5395 3189 5466; x_wconf 82' lang='grc' dir='ltr'>ἐπεδειξάμην</span> <span class='ocrx_word' id='word_1_993' title='bbox 3208 5411 3222 5426; x_wconf 77' lang='grc'><strong><em>⁸</em></strong></span> <span class='ocrx_word' id='word_1_994' title='bbox 3257 5395 3442 5465; x_wconf 82' lang='grc' dir='ltr'>ἐπειδὴ</span> <span class='ocrx_word' id='word_1_995' title='bbox 3467 5395 3524 5448; x_wconf 86' lang='grc' dir='ltr'>δὲ</span> <span class='ocrx_word' id='word_1_996' title='bbox 3544 5391 3656 5466; x_wconf 77' lang='grc' dir='ltr'>ὁρῶ</span> 
     </span>
    </p>
   </div>
   <div class='ocr_carea' id='block_1_123' title="bbox 1979 5481 3656 5561">
    <p class='ocr_par' dir='ltr' id='par_1_123' title="bbox 1979 5481 3656 5561">
     <span class='ocr_line' id='line_1_123' title="bbox 1979 5481 3656 5561; baseline -0.007 -19"><span class='ocrx_word' id='word_1_997' title='bbox 1979 5491 2079 5561; x_wconf 85' lang='grc' dir='ltr'>τὴν</span> <span class='ocrx_word' id='word_1_998' title='bbox 2119 5488 2314 5541; x_wconf 86' lang='grc' dir='ltr'>κακίαν</span> <span class='ocrx_word' id='word_1_999' title='bbox 2365 5483 2761 5554; x_wconf 82' lang='grc' dir='ltr'>αὐξανομένην,</span> <span class='ocrx_word' id='word_1_1000' title='bbox 2795 5482 3202 5552; x_wconf 84' lang='grc' dir='ltr'>ἐπαγγέλλομαι</span> <span class='ocrx_word' id='word_1_1001' title='bbox 3249 5481 3447 5551; x_wconf 86' lang='grc' dir='ltr'>μηκέτι</span> <span class='ocrx_word' id='word_1_1002' title='bbox 3487 5497 3656 5532; x_wconf 85' lang='grc' dir='ltr'>κατα-</span> 
     </span>
    </p>
   </div>
   <div class='ocr_carea' id='block_1_124' title="bbox 1983 5566 3656 5648">
    <p class='ocr_par' dir='ltr' id='par_1_124' title="bbox 1983 5566 3656 5648">
     <span class='ocr_line' id='line_1_124' title="bbox 1983 5566 3656 5648; baseline -0.009 -18"><span class='ocrx_word' id='word_1_1003' title='bbox 1983 5575 2250 5648; x_wconf 86' lang='grc' dir='ltr'>ράσασθαι</span> <span class='ocrx_word' id='word_1_1004' title='bbox 2279 5573 2376 5644; x_wconf 81' lang='grc' dir='ltr'>τὴν</span> <span class='ocrx_word' id='word_1_1005' title='bbox 2415 5572 2539 5642; x_wconf 78' lang='grc' dir='ltr'>γῆν.</span> <span class='ocrx_word' id='word_1_1006' title='bbox 2591 5566 2722 5623; x_wconf 75' lang='grc' dir='ltr'>Εἶτα</span> <span class='ocrx_word' id='word_1_1007' title='bbox 2769 5570 2984 5633; x_wconf 81' lang='grc' dir='ltr'>δεικνὺς</span> <span class='ocrx_word' id='word_1_1008' title='bbox 3011 5569 3176 5622; x_wconf 87' lang='grc' dir='ltr'>αὐτοῦ</span> <span class='ocrx_word' id='word_1_1009' title='bbox 3210 5569 3308 5638; x_wconf 84' lang='grc' dir='ltr'>τῆς</span> <span class='ocrx_word' id='word_1_1010' title='bbox 3346 5567 3656 5640; x_wconf 61' lang='grc' dir='ltr'>φιλανθρωη</span> 
     </span>
    </p>
   </div>
   <div class='ocr_carea' id='block_1_125' title="bbox 1981 5650 3657 5733">
    <p class='ocr_par' dir='ltr' id='par_1_125' title="bbox 1981 5650 3657 5733">
     <span class='ocr_line' id='line_1_125' title="bbox 1981 5650 3657 5733; baseline -0.007 -14"><span class='ocrx_word' id='word_1_1011' title='bbox 1981 5666 2112 5730; x_wconf 87' lang='grc' dir='ltr'>πίας</span> <span class='ocrx_word' id='word_1_1012' title='bbox 2153 5665 2215 5718; x_wconf 87' lang='lat'>:6</span> <span class='ocrx_word' id='word_1_1013' title='bbox 2247 5661 2496 5733; x_wconf 86' lang='grc' dir='ltr'>μέγεθος,</span> <span class='ocrx_word' id='word_1_1014' title='bbox 2556 5661 2836 5730; x_wconf 81' lang='grc' dir='ltr'>ἐπήγαγεν</span> <span class='ocrx_word' id='word_1_1015' title='bbox 2862 5676 2876 5689; x_wconf 91' lang='grc'><strong>·</strong></span> <span class='ocrx_word' id='word_1_1016' title='bbox 2915 5661 2999 5712; x_wconf 88' lang='grc' dir='ltr'>Οὺ</span> <span class='ocrx_word' id='word_1_1017' title='bbox 3031 5656 3359 5724; x_wconf 80' lang='grc' dir='ltr'>προσθήσω</span> <span class='ocrx_word' id='word_1_1018' title='bbox 3402 5650 3516 5711; x_wconf 88' lang='grc' dir='ltr'>οὖν</span> <span class='ocrx_word' id='word_1_1019' title='bbox 3567 5656 3657 5708; x_wconf 71' lang='grc' dir='ltr'>ἔτι</span> 
     </span>
    </p>
   </div>
   <div class='ocr_carea' id='block_1_126' title="bbox 1981 5742 3657 5817">
    <p class='ocr_par' dir='ltr' id='par_1_126' title="bbox 1981 5742 3657 5817">
     <span class='ocr_line' id='line_1_126' title="bbox 1981 5742 3657 5817; baseline -0.008 -9"><span class='ocrx_word' id='word_1_1020' title='bbox 1981 5753 2239 5817; x_wconf 82' lang='grc' dir='ltr'>πατάξαι</span> <span class='ocrx_word' id='word_1_1021' title='bbox 2263 5749 2468 5806; x_wconf 82' lang='grc' dir='ltr'>πᾶσαν</span> <span class='ocrx_word' id='word_1_1022' title='bbox 2486 5748 2685 5817; x_wconf 85' lang='grc' dir='ltr'>σάρκα</span> <span class='ocrx_word' id='word_1_1023' title='bbox 2705 5745 2918 5808; x_wconf 81' lang='grc' dir='ltr'>ζῶσαν,</span> <span class='ocrx_word' id='word_1_1024' title='bbox 2939 5745 3132 5811; x_wconf 82' lang='grc' dir='ltr'>καθὼς</span> <span class='ocrx_word' id='word_1_1025' title='bbox 3149 5745 3428 5811; x_wconf 81' lang='grc' dir='ltr'>ἐποίησα,</span> <span class='ocrx_word' id='word_1_1026' title='bbox 3451 5742 3657 5809; x_wconf 80' lang='grc' dir='ltr'>πάσας</span> 
     </span>
    </p>
   </div>
   <div class='ocr_carea' id='block_1_127' title="bbox 1987 5833 3656 5912">
    <p class='ocr_par' dir='ltr' id='par_1_127' title="bbox 1987 5833 3656 5912">
     <span class='ocr_line' id='line_1_127' title="bbox 1987 5833 3656 5912; baseline -0.01 -13"><span class='ocrx_word' id='word_1_1027' title='bbox 1987 5844 2095 5909; x_wconf 83' lang='grc' dir='ltr'>τὰς</span> <span class='ocrx_word' id='word_1_1028' title='bbox 2119 5841 2362 5912; x_wconf 73' lang='grc' dir='ltr'>ἡμέρας.</span> <span class='ocrx_word' id='word_1_1029' title='bbox 2391 5839 2533 5909; x_wconf 89' lang='grc' dir='ltr'>Ὅρα</span> <span class='ocrx_word' id='word_1_1030' title='bbox 2567 5855 2656 5907; x_wconf 91' lang='grc' dir='ltr'>μοι</span> <span class='ocrx_word' id='word_1_1031' title='bbox 2693 5836 2810 5898; x_wconf 83' lang='grc' dir='ltr'>πῶς</span> <span class='ocrx_word' id='word_1_1032' title='bbox 2838 5837 2925 5888; x_wconf 69' lang='grc' dir='ltr'>διὰ</span> <span class='ocrx_word' id='word_1_1033' title='bbox 2955 5835 3171 5888; x_wconf 86' lang='grc' dir='ltr'>πάντων</span> <span class='ocrx_word' id='word_1_1034' title='bbox 3205 5833 3468 5902; x_wconf 85' lang='grc' dir='ltr'>μεγίστην</span> <span class='ocrx_word' id='word_1_1035' title='bbox 3501 5833 3656 5900; x_wconf 80' lang='grc' dir='ltr'>χαρί-</span> 
     </span>
    </p>
   </div>
   <div class='ocr_carea' id='block_1_128' title="bbox 1991 5917 3654 6002">
    <p class='ocr_par' dir='ltr' id='par_1_128' title="bbox 1991 5917 3654 6002">
     <span class='ocr_line' id='line_1_128' title="bbox 1991 5917 3654 6002; baseline -0.01 -15"><span class='ocrx_word' id='word_1_1036' title='bbox 1991 5929 2140 5996; x_wconf 77' lang='grc' dir='ltr'>ζεται</span> <span class='ocrx_word' id='word_1_1037' title='bbox 2165 5928 2242 6002; x_wconf 77' lang='grc' dir='ltr'>τῷ</span> <span class='ocrx_word' id='word_1_1038' title='bbox 2277 5926 2469 5998; x_wconf 82' lang='grc' dir='ltr'>δικαίῳ</span> <span class='ocrx_word' id='word_1_1039' title='bbox 2508 5923 2604 5996; x_wconf 82' lang='grc' dir='ltr'>τὴν</span> <span class='ocrx_word' id='word_1_1040' title='bbox 2639 5921 3015 5996; x_wconf 83' lang='grc' dir='ltr'>παραμυθίαν·</span> <span class='ocrx_word' id='word_1_1041' title='bbox 3048 5920 3247 5993; x_wconf 69' lang='grc' dir='ltr'>μᾶλλον</span> <span class='ocrx_word' id='word_1_1042' title='bbox 3275 5917 3331 5974; x_wconf 78' lang='grc' dir='ltr'>δὲ</span> <span class='ocrx_word' id='word_1_1043' title='bbox 3368 5919 3430 5972; x_wconf 88' lang='grc' dir='ltr'>οὑ</span> <span class='ocrx_word' id='word_1_1044' title='bbox 3461 5917 3539 5991; x_wconf 80' lang='grc' dir='ltr'>τῷ</span> <span class='ocrx_word' id='word_1_1045' title='bbox 3571 5919 3654 5978; x_wconf 52' lang='grc' dir='ltr'>δι’</span> 
     </span>
    </p>
   </div>
  </div>
