4062 6396
435 341 548 396 245

434 457 596 526 καίῳ,
651 453 786 508 ἀλλά
827 451 914 506 διὰ
960 451 1060 522 τὴν
1105 449 1311 503 οίκείαν
1348 448 1657 520 ἀγαθότητα
1703 448 1798 502 καὶ
1845 446 1994 518 πάσῃ
2025 445 2092 512 τῇ

439 543 706 616 μελλούσῃ
739 540 887 613 [261]
929 538 1278 593 συνίστασθαι
1313 537 1421 590 τῶν
1466 536 1766 607 ἀνθρώπων
1812 533 1993 602 φύσει.
2029 530 2101 583 Τὸ

435 633 564 704 γάρ,
586 634 667 685 Οὐ
689 628 1014 698 προσθήσω
1033 622 1146 681 οὖν
1165 624 1422 689 πατάξαι
1445 622 1650 678 πᾶσαν
1670 623 1865 690 σάρκα
1885 619 2098 680 ζῶσαν,

437 721 531 774 καὶ
571 719 649 784 τὸ,
686 716 888 780 Καθὼς
933 715 1212 780 ἐποίησα,
1246 712 1338 766 καί
1362 711 1442 772 τὸ,
1490 708 1698 774 Πάσας
1722 710 1827 772 τὰς
1854 705 2098 775 ἡμέρας,

435 806 593 860 τοῦτό
641 807 786 858 ἐστιν
829 801 1256 870 ἐνδεικνυμένου,
1303 800 1384 851 ὅτι
1431 797 1614 850 οὐκέτι
1664 793 1900 848 τοιοῦτον
1950 793 2100 845 ἔσται

437 893 745 951 κλυδώνιον.
775 890 896 944 οὔτε
942 888 1177 958 τοσαύτη
1214 884 1557 955 πανωλεθρία
1601 881 1966 950 καταλήψεται
2004 881 2101 950 τὴν

437 981 779 1051 οἰκουμένην.
813 974 944 1031 Εἶτα
994 977 1087 1029 καὶ
1128 976 1227 1044 τῆς
1261 971 1576 1044 εὐεργεσίας
1625 969 1789 1024 αὐτοῦ
1816 969 1874 1022 τὸ
1925 968 2102 1037 διηνε-

438 1068 563 1131 κές·
604 1069 698 1119 Ἑν
726 1065 966 1129 πάσαις,
999 1062 1154 1132 φησὶ,
1178 1063 1296 1123 ταῖς
1323 1060 1574 1130 ἡμέραις,
1598 1057 1740 1110 τοῦτ’
1768 1056 1902 1119 ἐστι,
1927 1056 2102 1108 πάντα

437 1153 527 1204 τὸν
573 1153 744 1206 αἰῶνα
803 1150 1204 1218 ἐπαγγέλλομαι
1259 1145 1455 1216 μηκέτι
1510 1143 1777 1214 τοσαύτην
1838 1141 2105 1205 ἐπιδείξα-

440 1240 561 1293 σθαι
603 1241 700 1310 τὴν
745 1238 1134 1305 ἀγανάκτησιν,
1179 1234 1298 1286 οὐδέ
1350 1232 1496 1284 οὕτω
1553 1232 1812 1300 σύγχυσιν
1868 1230 2100 1298 ἐργάσακ

441 1327 563 1379 σθαι
602 1327 700 1396 τῆς
736 1325 841 1378 τῶν
890 1323 1043 1394 ώρῶν
1085 1321 1354 1392 κράσεως,
1408 1318 1626 1387 καὶτῆς
1678 1316 1786 1367 τῶν
1830 1315 2104 1385 στοιχείων

437 1412 657 1475 θέσεως.
694 1412 785 1464 Διὸ
815 1411 907 1464 καὶ
945 1410 1214 1480 ἐπήγαγε,
1249 1405 1489 1472 Σπέρμα
1518 1405 1613 1456 καὶ
1656 1401 1958 1470 θερισμὸς,
1990 1401 2106 1469 ψῦ-

437 1518 544 1570 χος
573 1501 667 1552 καί
692 1499 906 1567 καῦμα,
942 1496 1114 1563 θέρος
1146 1494 1242 1547 καί
1279 1493 1384 1561 ἔαρ
1411 1490 1640 1559 ἡμέραν
1677 1491 1773 1543 καί
1804 1490 1996 1543 νύκτα
2033 1488 2104 1541 οὺ

440 1586 954 1640 κατακαύσουσιν.
1000 1581 1298 1650 Ἀκίνητος,
1353 1581 1538 1648 φησὶν,
1575 1576 1722 1630 ἐσται
1755 1576 1893 1646 αῦτη
1927 1576 1961 1645 ἡ
1987 1573 2104 1628 διὰ-

439 1675 610 1740 ταξις,
637 1674 730 1726 καὶ
749 1672 870 1725 οὐτε
901 1674 932 1741 ἡ
963 1672 1033 1740 γῆ
1061 1669 1323 1738 διαλείψει
1359 1668 1489 1720 ποτὲ
1520 1665 1586 1718 τὰ
1627 1667 1754 1734 παρ’
1801 1663 2000 1732 ἐαυτῆς
2028 1660 2106 1732 τῷ

437 1761 546 1814 τῶν
583 1757 883 1830 ἀνθρώπων
912 1757 1059 1825 γένει
1093 1755 1425 1826 χορηγοῦσα,
1462 1754 1554 1805 καὶ
1585 1751 1692 1804 τῶν
1718 1750 1978 1819 καμάτων
2012 1747 2106 1802 καὶ⁵

439 1848 536 1918 τῆς
557 1845 830 1916 γεωργίας
858 1842 1184 1897 ἀποδιδοῦσα
1206 1842 1304 1904 τὰς
1335 1840 1568 1910 ἀμοιϐὰς
1591 1879 1605 1902 ,
1647 1837 1771 1891 οὐτε
1805 1839 1861 1890 al
1909 1836 2106 1907 τροπαὶ

442 1931 982 2003 μετακινηθήσονται,
1010 1927 1148 1982 ἀλλά
1167 1927 1338 1998 ψῦχος
1361 1927 1454 1979 καὶ
1474 1925 1683 1996 καῦμα,
1715 1924 1808 1978 καὶ
1837 1923 1992 1994 θέρος
2012 1923 2106 1977 καὶ

438 2020 539 2090 ἔαρ
569 2017 690 2072 καθ’
729 2017 958 2069 ’ἑκαστον
991 2014 1084 2068 τοῦ
1117 2013 1362 2068 ἐνιαυτοῦ
1414 2013 1612 2066 κύκλον
1657 2012 1829 2065 ἐσται.
1890 2011 2104 2082 Ἐπειδὴ

439 2107 546 2177 γὰρ
573 2104 714 2158 κατά
739 2104 829 2157 τὸν
857 2103 950 2156 τοῦ
971 2100 1360 2172 κατακλυσμοῦ
1388 2100 1578 2170 καιρὸν
1623 2099 1826 2169 ταύτης
1855 2098 1984 2168 ὅλης
2007 2097 2106 2166 τῆς

437 2191 734 2255 διατάξεως
760 2189 1017 2260 σύγχυσίς
1045 2206 1130 2252 τις
1162 2188 1373 2256 γέγονε,
1402 2188 1497 2240 καὶ
1525 2186 1774 2254 καθάπερ
1802 2187 1858 2237 ἐν
1895 2184 1992 2254 μιᾷ
2013 2200 2106 2235 νυ-

440 2281 552 2345 κτὶ,
601 2280 772 2342 οὕτως
800 2281 858 2330 ἐν
893 2277 1054 2330 παντὶ
1084 2276 1162 2346 τῷ
1189 2275 1366 2346 χρόνῳ
1413 2278 1470 2328 ἐν
1512 2277 1577 2344 τῇ
1609 2271 1826 2342 κιϐωτῷ
1873 2271 2055 2338 διῆγεν
2078 2270 2107 2322 ό

439 2369 644 2430 δίκαιος
666 2361 838 2430 οὗτος,
866 2363 954 2416 διὰ
981 2363 1138 2416 τοῦτό
1165 2379 1297 2432 φησι
1322 2377 1334 2392 °
1369 2361 1462 2415 νῦν
1483 2359 1604 2414 οὔτε
1636 2362 1666 2430 ἡ
1694 2360 1897 2428 ἡμέρα,
1926 2357 2102 2428 οὐτεή

441 2455 536 2522 νὺξ
564 2455 655 2508 τὸν
684 2455 880 2506 οἰκεῖον
915 2450 1150 2520 ἐλλείψει
1186 2449 1405 2520 δρόμον,
1437 2447 1572 2502 ἀλλά
1600 2449 1757 2518 μέχρι
1786 2446 1883 2515 τῆς
1919 2461 2101 2496 συντεο

441 2541 590 2603 λείας
621 2539 716 2592 τοῦ
757 2539 948 2600 αἰῶνος
981 2537 1234 2607 ἀκίνητος
1273 2535 1423 2587 ἐσται
1458 2533 1661 2586 τούτων
1705 2535 1738 2600 ὴ
1777 2531 2102 2602 λειτουργία.

443 2625 594 2691 Εἶδες
623 2626 968 2697 παράκλησιν
1012 2623 1284 2696 ἀρκοῦσαν
1328 2623 1420 2675 καὶ
1459 2620 1760 2690 δυναμένην
1805 2618 2106 2687 ἀναστῆσαι

441 2715 532 2768 τοῦ
572 2714 780 2767 δικαίου
813 2712 873 2765 τὸ
926 2712 1214 2782 φρόνημα;
1265 2707 1403 2772 εἶδες
1429 2709 1525 2778 τῆς
1555 2705 1971 2776 εὐγνωμοσύνης
1993 2705 2108 2758 οἵαν

440 2801 657 2872 δέχεται
705 2800 802 2870 τὴν
858 2798 1124 2867 ἀμοιϐήνς
1162 2798 1357 2850 ’Λκουε
1385 2796 1479 2848 καὶ
1513 2799 1575 2848 ἐκ
1603 2794 1710 2847 τῶν
1757 2793 2109 2862 ἐπαγομένων

443 2889 604 2942 πάλιν
630 2887 726 2958 τὴν
754 2887 957 2954 ἄφατον
984 2883 1312 2954 φιλοτιμίαν.
1339 2884 1448 2936 Kal
1496 2882 1812 2950 εὐλόγησε,
1860 2881 2040 2948 φησὶν,
2077 2882 2110 2932 ό

445 2975 588 3040 Θεὸς
624 2975 729 3027 τὸν
766 2971 892 3026 Νῶε
924 2973 1020 3025 καί
1050 2969 1191 3036 τοὺς
1214 2970 1383 3035 υἱοὺς
1408 2969 1613 3022 αὑτοῦ.
1642 2967 1753 3021 Kal
1797 2963 1966 3020 εἶπεν
2001 2968 2108 3020 αὐ-

442 3061 596 3127 τοῖς·
644 3059 989 3124 Αὺξάνεσθε
1035 3057 1129 3110 καὶ
1171 3057 1570 3122 πληθύνεσθε,
1624 3055 1720 3107 καὶ
1757 3053 2108 3121 πληρώσατε

444 3148 559 3216 τὴν
585 3147 735 3217 γῆν,
771 3145 869 3200 καί
906 3144 1411 3210 κατακυριεύσατε
1448 3140 1656 3209 αὐτῆς.
1699 3141 1807 3195 Kal
1845 3144 1876 3194 ό
1898 3142 2112 3208 τρόμος

445 3233 613 3303 ὑμῶν
642 3233 793 3286 καὶὸ
821 3234 1006 3301 φόϐος
1044 3230 1214 3284 ἔσται
1246 3230 1342 3283 ἐπὶ
1376 3228 1523 3282 πᾶσι
1575 3228 1698 3293 τοῖς
1744 3228 1966 3294 θηρίοις
2002 3225 2112 3294 τῆς

447 3321 580 3390 γῆς,
622 3321 719 3374 καί
759 3320 856 3372 ἐπὶ
885 3319 1080 3371 πάντα
1121 3318 1192 3371 τὰ
1229 3317 1404 3384 ὄρνεα
1438 3316 1543 3369 τοῦ
1565 3315 1846 3383 οὐρανοῦ,
1887 3314 1984 3366 καί
2012 3313 2113 3366 ἐπί

448 3409 644 3461 πάντα
678 3406 749 3461 τὰ
774 3406 1094 3473 κινούμενα
1139 3403 1236 3457 ἐπὶ
1268 3401 1378 3471 τῆς
1431 3401 1560 3472 γῆς,
1603 3402 1704 3455 καὶ
1750 3402 1848 3455 ἐπὶ
1881 3400 2111 3466 πάντας

448 3495 590 3560 τοὺς
622 3495 828 3563 ἰχθύας
855 3491 964 3559 τῆς
986 3489 1302 3556 θαλάσσης
1322 3506 1335 3518 ·
1368 3489 1485 3542 ὑπὸ
1518 3488 1718 3557 χεῖρας
1737 3487 1880 3558 ὑμῖν
1917 3487 2111 3541 πάντα

449 3581 696 3635 δέδωκα.
727 3582 834 3636 Kal
860 3579 983 3633 πᾶν
1010 3577 1277 3645 ἑρπετὸν,
1300 3576 1333 3630 ὅ
1353 3578 1483 3630 ἐστι
1510 3575 1638 3640 ζῶν,
1663 3575 1806 3645 ὑμῖν
1827 3575 1997 3629 ἔσται
2025 3577 2112 3640 εἰς

443 3670 696 3737 βρῶσιν.
739 3669 833 3734 Ὠς
859 3667 1097 3736 λάχανα
1129 3667 1343 3734 χόρτου
1365 3665 1593 3718 δέδωκα
1625 3664 1767 3732 ὑμῖν
1787 3667 1858 3718 τὰ
1893 3663 2106 3717 πάντα.

450 3755 622 3822 Πλὴν
659 3754 836 3823 κρέας
868 3753 938 3804 ἐν
988 3753 1186 3820 αἵματι
1242 3749 1450 3818 ψυχῆς
1480 3751 1550 3802 οὐ
1584 3749 1866 3818 φάγεσθε.
1929 3749 2111 3815 Ἀξιον

449 3841 683 3896 ἐνταῦθα
735 3840 1012 3909 θαυμάσαι
1063 3837 1156 3891 τοῦ
1214 3837 1483 3889 Aea-16100
1534 3836 1631 3906 τὴν
1672 3835 2112 3907 ὑπερϐάλλουσαν

449 3929 782 3998 ειγαθότητα.
818 3926 961 3998 Ὅρα
987 3925 1096 3996 γάρ
1131 3943 1218 3996 μοι
1242 3925 1401 3977 πάλιν
1433 3925 1522 3976 τὸν
1549 3923 1755 3977 δίκαιον
1781 3923 1966 3978 τοῦτον
2014 3925 2110 3994 τῆς

451 4016 619 4087 αὐτῆς
642 4015 887 4083 εὐλογίας
915 4011 1230 4082 ἀξιούμενον
1276 4010 1354 4082 τῷ
1403 4011 1594 4079 Ἀδὰμ,
1636 4010 1728 4063 καὶ
1748 4009 1844 4080 τὴν
1877 4012 2109 4082 ἀφαιρε-

451 4105 634 4156 θεῖσαν
657 4102 828 4174 ἀρχὴν
873 4100 1344 4168 ἀνακαλεσάμενον
1385 4097 1474 4150 διὰ
1499 4099 1597 4166 τῆς
1647 4096 1851 4159 οἰκείας
1885 4097 2107 4167 ἀρετῆς,

455 4189 651 4249 μᾶλλον
677 4190 732 4241 δέ
756 4188 840 4240 διά
873 4187 970 4258 τὴν
998 4187 1201 4256 ἄφατον
1238 4185 1332 4238 τοῦ
1376 4183 1643 4236 Δεσπότου
1683 4183 2105 4252 φιλανθρωπίαν.

451 4278 662 4348 ’Ὠσπερ
700 4277 808 4347 γὰρ
838 4277 922 4327 ἐπ’
952 4275 1158 4328 ἐκείνου
1187 4273 1367 4340 ἔλεγεν
1386 4312 1400 4335 ,
1447 4272 1794 4336 Αῠξὰνεσθε
1827 4271 1922 4323 καί
1959 4275 2111 4338 πλη-

452 4367 724 4429 θύνεσθε,
759 4363 856 4416 καί
885 4361 1238 4428 πληρώσατε
1271 4361 1385 4425 τὴν
1411 4359 1548 4428 γῆν,
1590 4359 1689 4410 καί
1725 4359 2109 4425 κατακυριεύ-

451 4469 599 4506 σατε
627 4449 832 4517 αὐτῆς,
860 4449 957 4502 καί
994 4449 1204 4518 ἄρχετε
1226 4447 1344 4500 τῶν
1374 4447 1592 4515 ἰχθύων
1620 4443 1727 4514 τῆς
1771 4443 2107 4511 θαλάσσης,

453 4539 547 4595 καὶ
569 4539 687 4593 τῶν
705 4537 984 4606 ἑρπετῶν,
1009 4538 1105 4589 καί
1131 4535 1414 4588 πετεινῶν
1430 4534 1535 4587 τοῦ
1565 4533 1842 4601 οὐρανοῦ,
1873 4531 1970 4586 καὶ
1994 4530 2112 4586 τῶν

451 4628 668 4696 θηρίων
700 4624 800 4692 τῆς
835 4623 946 4692 γῆς
966 4641 979 4654 ·
1012 4623 1151 4676 οὕτω
1175 4623 1268 4675 νῦν
1299 4638 1465 4693 φησι·
1498 4621 1606 4675 Kal
1644 4624 1676 4674 ό
1703 4623 1918 4688 τρόμος
1945 4617 2112 4688 ὑμῶν

454 4715 552 4769 καὶ
584 4719 615 4768 ό
654 4714 835 4782 φόϐος
866 4711 1036 4764 ἔσται
1081 4709 1177 4762 ἐπὶ
1219 4709 1369 4761 πᾶσι
1416 4709 1539 4774 τοῖς
1562 4708 1784 4775 θηρίοις
1813 4706 1924 4775 τῆς
1976 4705 2108 4775 γῆς,

453 4803 552 4856 καὶ
581 4801 678 4854 ἐπὶ
704 4798 899 4852 πάντα
927 4797 998 4850 τὰ
1031 4796 1226 4864 ὄρνεα.
1255 4796 1365 4848 Kal
1413 4793 1536 4848 πᾶν
1578 4794 1850 4862 ἑρπετὸν,
1898 4792 1930 4845 ὅ
1981 4793 2112 4845 ἐστι

452 4888 582 4952 ζῶν,
614 4886 756 4956 ὑμῖν
783 4886 954 4940 ἔσται
978 4886 1064 4949 είς
1082 4882 1336 4950 βρῶσιν.
1379 4884 1477 4947 Ὡς
1497 4883 1734 4950 λάχανα
1769 4882 1986 4950 χόρτου
2013 4878 2111 4932 δέ·

450 4977 610 5030 δωκα
634 4974 773 5043 ὑμῖν
796 4975 868 5026 τὰ
899 4971 1112 5025 πάντα.
1160 4970 1333 5040 Πλὴν
1357 4970 1532 5038 κρέας
1575 4971 1645 5023 ὲν
1675 4971 1872 5038 αἵματι
1903 4968 2110 5037 ψυχῆς
2173 5003 2186 5022 ς

452 5067 524 5119 οὐ
555 5061 836 5133 φάγεσθε.
871 5059 1013 5128 Ὅρα
1046 5059 1135 5111 τὸν
1165 5058 1326 5111 αὐτὸν
1375 5057 1574 5110 κανόνα
1615 5057 1814 5127 ἐτέρως
1855 5055 2112 5118 διασωζό-

457 5167 637 5222 μενον,
670 5147 760 5200 τὸν
790 5146 880 5199 ἐπὶ
930 5145 1021 5198 τοῦ
1054 5145 1494 5216 πρωτοπλάστου.
1545 5143 1811 5214 Καθάπερ
1840 5143 1946 5214 γάρ
1996 5143 2112 5195 ἐκεῖ

455 5237 593 5306 μετά
643 5235 702 5286 τὸ
728 5234 940 5286 πάντων
966 5232 1266 5302 ἐγχειρίσαι
1297 5235 1393 5302 τὴν
1418 5231 1613 5302 ἀρχὴν,
1651 5232 1744 5284 καὶ
1780 5229 1887 5282 τῶν
1932 5231 1990 5281 ἐν
2033 5228 2111 5298 τῷ

451 5317 761 5389 παραδείσῳ
789 5318 1087 5384 παρασχεῖν
1111 5315 1207 5385 τὴν
1253 5315 1567 5379 ἀπόλαυσιν,
1619 5315 1733 5376 ἐνὸς
1761 5313 1919 5379 ξύλου
1954 5313 2111 5382 μόνον

452 5402 750 5473 ἀπέχεσθαι
805 5401 1118 5453 ἐκέλευσεν·
1150 5401 1290 5454 οὕτω
1315 5401 1378 5472 δὴ
1411 5402 1506 5454 καὶ
1563 5401 1795 5453 ἐνταῦθα
1829 5400 1966 5470 μετά
2013 5399 2110 5469 τὴν

452 5493 718 5558 εὐλογίαν,
767 5489 862 5541 καὶ
911 5488 973 5540 τὸ
1001 5488 1228 5559 φοὸερὸν
1259 5490 1419 5542 αὐτὸν
1459 5490 1794 5558 καταστῆσαι
1826 5490 1936 5550 τοῖς
1961 5485 2109 5558 [262]

452 5580 680 5648 θηρίοις,
713 5578 805 5630 καὶ
838 5575 1014 5628 πάντα
1039 5575 1106 5628 τὰ
1135 5576 1356 5629 πετεινά
1401 5577 1494 5629 καὶ
1531 5575 1601 5628 τὰ
1627 5575 1788 5646 ὄρνεα
1811 5575 1916 5627 ὐπὸ
1955 5576 2111 5644 χεῖρα

452 5669 695 5734 ποιῆσαι,
732 5663 863 5732 φησί
884 5680 896 5692 ·
918 5662 1049 5716 Πᾶν
1074 5662 1316 5730 ἑρπετὸν
1355 5661 1464 5722 ζῶν
1491 5662 1634 5730 ὑμῖν
1650 5661 1823 5714 ἔσται
1851 5663 1937 5725 είς
1961 5659 2114 5727 ,βρῶο

453 5769 556 5806 σιν
579 5769 590 5778 ·
616 5755 694 5815 ὼς
717 5750 952 5817 λάχανα
979 5751 1192 5817 χόρτου
1215 5749 1357 5817 ὑμῖν
1386 5748 1612 5804 δέδωκα
1653 5750 1723 5801 τὰ
1751 5748 1967 5803 πάντα.
1994 5747 2108 5800 Ἐν-

454 5839 639 5894 τεῦθεν
659 5837 797 5904 ἁρχὴ
824 5841 1164 5906 κρεωφαγίας
1191 5837 1418 5908 γίνεται,
1443 5839 1540 5908 οὐχ
1557 5838 1643 5891 ἵνα
1668 5839 1744 5901 εἰς
1765 5853 2103 5907 γαστριμαρ-

1223 332 1278 388 S.
1321 331 1602 389 JOANNIS
1639 327 2125 386 CIIRYSOSTOMI
2162 325 2478 381 ARCIIIEP.
2517 328 3065 387 CONSTANTINOP.

3760 327 3871 382 em

2207 443 2332 510 γίαν
2364 447 2559 510 αὐτοὺς
2589 446 2805 517 ἀλείφῃ,
2841 446 2954 500 ἀλλ’
2986 446 3173 518 ἐπειδὴ
3204 446 3435 518 ἤμελλον
3479 445 3538 510 ἐξ
3570 444 3750 498 αὐτῶν
3775 443 3870 496 00-

2201 533 2322 597 σίας
2351 535 2640 607 ἀναφέρειν
2671 537 2721 588 οἱ
2751 535 3046 608 ἄνθρωποι,
3077 535 3171 588 καὶ¹
3217 533 3564 605 εὐχαριστίας
3597 531 3867 585 ποιεῖσθαι

2198 620 2275 690 τῷ
2301 623 2564 695 Δεσπότῃ,
2613 624 2698 676 ἵνα
2735 624 2807 696 μὴ
2855 622 3078 690 δόξωσιν
3109 622 3185 686 ὡς
3213 622 3607 693 ἀφιερωμένων
3667 619 3870 690 ἀπέχε-

2203 707 2346 769 σθαι,
2370 707 2457 761 διά
2480 709 2638 762 τοῦτο
2659 711 2756 780 τῆς
2779 709 3034 781 βρώσεως
3056 708 3151 779 τὴν
3181 708 3428 774 ἐξουσίαν
3457 705 3759 777 χαρίζεται,
3775 705 3872 758 καὶ

2201 795 2401 867 πολλὴν
2420 796 2517 867 τὴν
2550 797 2730 851 ἄδειαν
2764 797 3007 868 παρέχει.
3058 797 3152 861 Ὠς
3181 794 3673 863 λάχαναχόρτου,
3710 793 3868 861 φησὶ,

2201 880 2430 935 δέδωκα
2465 883 2609 951 ὑμῖν
2630 883 2700 937 τὰ
2726 884 2942 937 πάντα.
3003 878 3134 936 Εἶτα
3164 883 3415 952 καθάπερ
3446 883 3538 934 ἐπὶ
3562 880 3656 932 τοῦ
3699 880 3874 950 Ἀδὰμ

2199 969 2293 1022 τοῦ
2319 970 2436 1033 ἐνὸς
2470 970 2626 1035 ξύλου
2655 971 2958 1024 ἐνετείλατο
2993 969 3130 1040 μετά
3175 969 3270 1039 τὴν
3303 969 3523 1022 πάντων
3572 967 3886 1020 ἀπόλαυσιν.

2201 1058 2521 1127 ἀπέχεσθαι,
2562 1057 2703 1111 οὕτω
2736 1061 2829 1112 καὶ
2857 1058 3107 1122 ἐνταῦθα,
3153 1057 3292 1128 μετά
3335 1057 3396 1110 τὸ
3427 1057 3643 1109 πάντων
3696 1054 3885 1118 ἀδεῶς.

2165 1211 2168 1213 _
2203 1145 2492 1216 ἐπιτρέψαι
2523 1147 2621 1218 τὴν
2648 1148 2908 1206 ἑστίασιν,
2933 1147 3062 1216 φησί
3086 1163 3099 1175 ·
3139 1145 3312 1214 Πλὴν
3333 1144 3514 1214 κρέας
3550 1145 3618 1197 ἐν
3667 1144 3875 1212 αἵματι.

2201 1231 2411 1300 ψυχῆς
2441 1235 2512 1286 οὐ
2539 1234 2820 1303 pay-5005.
2851 1234 2915 1286 Τί
2945 1230 3036 1287 οῦν
3065 1233 3312 1304 βούλεται
3357 1233 3418 1286 τὸ
3460 1231 3777 1302 εἰρημένον;
3819 1230 3873 1282 τί

2204 1319 2356 1382 ἐστι,
2394 1319 2582 1388 Κρέας
2614 1321 2683 1373 ἐν
2711 1322 2909 1389 αἵματι
2947 1320 3191 1390 ψυχῆςς
3241 1320 3397 1374 Τοῦτ’
3441 1320 3587 1383 ἐστι,
3624 1318 3868 1372 πνικτόν.

2203 1406 2307 1459 Τοῦ
2331 1407 2439 1477 γάρ
2466 1406 2659 1475 ἀλόγου
2689 1409 2722 1477 ή
2751 1407 2895 1479 ψυχὴ
2927 1409 2987 1460 τὸ
3018 1404 3156 1478 αἷμα
3183 1407 3461 1477 τυγχάνει.

2273 1505 2312 1551 ε’
2320 1539 2332 1552 .
2351 1496 2503 1551 Ἐπεὶ
2529 1494 2622 1552 οὖν
2648 1499 2746 1562 τάς
2770 1499 2958 1562 θυσίας
2981 1498 3213 1570 ἤμελλον
3240 1497 3509 1551 ἐπιτελεῖν
3531 1497 3628 1561 τὰς
3649 1497 3738 1551 διὰ
3757 1496 3872 1551 τῶν

2202 1585 2431 1655 ἀλόγων,
2469 1588 2750 1657 μονονουχὶ
2794 1587 3032 1640 διδάσκει
3079 1588 3273 1650 αὐτοὺς
3327 1586 3519 1654 λέγων,
3549 1587 3630 1640 ὅτι
3682 1586 3742 1639 τὸ
3769 1587 3874 1657 μὲν

2203 1669 2342 1743 αἷμα
2397 1676 2518 1745 ἐμοὶ⁵
2570 1675 2874 1746 ἀφώρισται
2900 1688 2948 1738 ι,
2984 1675 3043 1728 τὸ
3074 1675 3128 1729 δὲ
3175 1675 3340 1744 κρέας
3384 1675 3531 1744 ὑμῖν.
3586 1672 3772 1728 Ταῦτα
3815 1674 3874 1726 δέ

2204 1765 2367 1828 ποιεῖ,
2390 1762 2595 1816 ἄνωθεν
2624 1763 3070 1832 προαναστέλλων
3095 1763 3275 1815 αὐτῶν
3300 1761 3397 1833 τὴν
3422 1760 3595 1832 ὁρμὴν
3616 1760 3713 1831 τὴν
3740 1763 3874 1832 περὶ

2203 1849 2303 1921 τὴν
2339 1849 2710 1920 ἀνδροφονίαν.
2747 1852 2854 1904 Καὶ
2881 1852 2961 1904 ὅτι
2991 1849 3146 1902 τοῦτό
3168 1851 3316 1903 ἐστιν
3347 1849 3566 1919 ἀληθὲς,
3597 1848 3693 1901 καὶ
3719 1847 3876 1900 εὐλα-

2206 1936 2495 2007 ϐεστέρους
2546 1939 2741 2000 αὐτοὺς
2785 1937 3034 1990 ἐντεῦθεν
3081 1937 3302 2006 ποιῆσαι
3345 1935 3660 2006 βουλόμενος
3695 1935 3881 1992 ταῦτα

2205 2023 2544 2078 διατάττεται
2589 2026 2640 2084 ι).
2671 2025 2832 2078 ἄκουε
2864 2025 2970 2077 τῶν
3001 2024 3147 2094 ἑξῆς.
3187 2022 3296 2077 Καὶ
3327 2024 3435 2091 τὰρ
3485 2021 3552 2074 τὸ
3585 2022 3876 2092 ὑμέτερον

2205 2104 2368 2178 αᾷια,
2402 2111 2553 2182 φησί,
2580 2110 2697 2163 τῶν
2723 2110 2940 2178 ψυχῶν
2963 2109 3143 2180 ὑμῶν,
3170 2108 3470 2177 ἐκζητήσω
3489 2109 3632 2162 αὐτὸ
3659 2108 3728 2162 ἐκ
3748 2125 3874 2176 χει-

2196 2196 2310 2264 ρὸς
2339 2197 2576 2250 πάντων
2607 2196 2725 2251 τῶν
2769 2198 2987 2266 θηρίων
3010 2236 3026 2262 ,
3082 2197 3179 2250 καί
3233 2197 3300 2249 ἐκ
3334 2196 3529 2264 χειρὸς
3555 2194 3876 2264 ἀνθρώπου.

2205 2285 2474 2354 ἀδελφοῦ
2497 2285 2800 2353 ἐκζητήσω
2821 2286 2934 2354 τὴν
2952 2284 3164 2354 ψυχὴν
3187 2285 3291 2339 τοῦ
3310 2284 3639 2352 ἀνθρώπου.
3665 2284 3730 2336 Τί
3750 2279 3869 2347 οῦν;

2205 2375 2238 2444 ὴ
2262 2372 2407 2446 ψυχὴ
2429 2373 2522 2427 τοῦ
2551 2373 2836 2446 ἀνθρώπου
2857 2375 2917 2427 τὸ
2942 2369 3079 2445 αἷμα
3107 2375 3394 2444 τυγχάνει;
3423 2375 3495 2426 Οὐ
3526 2373 3681 2426 τοῦτο
3698 2371 3867 2440 λέγει·

2209 2460 2284 2532 μὴ
2310 2461 2517 2528 γένοιτο
2541 2479 2554 2492 ·
2589 2463 2724 2516 ἀλλὰ
2750 2465 2816 2534 τῇ
2851 2463 3107 2535 συνηθείᾳ
3135 2466 3199 2533 τῇ
3230 2462 3542 2534 ἀνθρωπίνῃ
3580 2459 3881 2530 κέχρηται,

2207 2549 2280 2610 ὡς
2299 2548 2364 2602 ἄν
2390 2567 2470 2614 τις
2499 2551 2644 2603 είποι
2669 2551 2797 2613 τινὶ,
2831 2550 2890 2603 τὸ
2925 2544 3066 2621 αἷμά
3088 2568 3182 2604 σου
3207 2550 3457 2620 βαστάζω
3483 2551 3538 2603 ἐν
3567 2551 3688 2611 ταῖς
3716 2547 3877 2619 χερσί

2211 2654 2331 2706 μου,
2362 2639 2482 2691 ἀντὶ
2515 2639 2630 2702 τοῦ,
2679 2639 2777 2712 τὴν
2803 2639 3050 2704 ἐξουσίαν
3101 2640 3208 2710 ἐχω
3241 2641 3338 2709 τῆς
3389 2637 3721 2709 ἀναιρέσεώς
3757 2655 3876 2692 σου.

2209 2726 2334 2780 Ὀτι
2367 2727 2475 2798 γάρ
2503 2729 2563 2781 οὐ
2596 2728 2657 2782 τὸ
2690 2725 2828 2800 αἷμά
2853 2732 2969 2782 ἐστι
2993 2728 3088 2784 τοῦ
3131 2727 3417 2801 ἀνθρώπου
3443 2730 3474 2797 ἡ
3505 2727 3673 2798 ψυχὴ.
3709 2727 3878 2780 ἄκουε

2205 2813 2299 2866 τοῦ
2338 2814 2572 2884 Χριστοῦ
2620 2815 2900 2884 λέγοντος·
2935 2816 3032 2883 Μὴ
3077 2813 3372 2885 φοϐηθῆτε
3424 2815 3542 2869 ἀπὸ
3576 2813 3696 2867 τῶν
3724 2815 3880 2868 ἀπο-

2206 2904 2560 2956 κτεινόντων
2587 2905 2651 2959 τὸ
2685 2904 2888 2974 σῶμα,
2927 2905 3043 2971 τὴν
3074 2903 3143 2958 δὲ
3180 2903 3392 2973 ψυχὴν
3416 2903 3502 2973 μὴ
3525 2903 3883 2973 δυναμένων

2209 2990 2570 3044 ἀποκτεῖναι,
2634 2993 2744 3044 Kal
2791 2994 2892 3063 ὅρα
2934 2991 3032 3062 τὴν
3077 2991 3339 3062 διαφορὰν
3389 2990 3522 3059 ὅσην
3557 2990 3878 3058 ἐποιήσατο.

2222 3077 2283 3130 '0
2319 3077 2563 3146 ἐκχέων,
2594 3081 2776 3150 φησὶν,
2805 3076 2950 3148 αἷμα
2977 3078 3312 3148 ἀνθρώπου,
3335 3077 3469 3131 ἀντί
3501 3077 3604 3131 τοῦ
3629 3078 3881 3146 αἵματος

2207 3166 2393 3219 αὑτοῦ
2427 3166 2492 3219 τὸ
2525 3167 2710 3220 αὐτοῦ
2760 3166 3178 3236 ἐκχυθήσεται,
3235 3167 3324 3220 ὅτι
3371 3166 3441 3219 ὲν
3491 3167 3678 3218 εἰκόνι
3728 3165 3880 3218 Θεοῦ

2208 3253 2464 3320 ἐποίησα
2494 3253 2601 3306 τὸν
2625 3253 2960 3320 ἄνθρωπον.
3007 3253 3288 3323 Ἐννόησόν
3323 3269 3434 3324 μοι,
3451 3253 3571 3305 ὅσον
3595 3250 3687 3304 τὸν
3713 3252 3880 3319 φόϐον

2208 3339 2296 3393 διὰ
2325 3341 2418 3393 τοῦ
2455 3342 2698 3412 ῥήματος
2718 3343 3073 3412 ἐπετείχισεν.
3106 3343 3167 3395 El
3201 3341 3292 3394 καὶ
3327 3341 3388 3393 τὸ
3411 3341 3688 3410 ὁμογενὲς,
3720 3341 3878 3409 φησὶ,

2212 3426 2287 3497 μὴ
2315 3427 2521 3496 γίνεταί
2576 3445 2657 3480 σοι
2713 3427 2960 3499 κώλυμα,
3013 3428 3134 3481 οὐδέ
3179 3430 3220 3498 ἡ.
3261 3427 3516 3481 κοινωνία
3537 3430 3636 3496 τῆς
3662 3426 3880 3494 φύσεως

2210 3516 2469 3585 ἁφίστησί
2497 3533 2556 3569 σε
2587 3517 2685 3585 τῆς
2705 3517 2882 3586 κακῆς
2915 3518 3328 3588 ἐπιχειρήσεως,
3352 3515 3488 3570 ἀλλά
3513 3517 3605 3569 καὶ
3621 3515 3720 3586 τὴν
3742 3533 3880 3586 συμ-

2210 3602 2439 3656 πάθειαν
2460 3604 2558 3674 τὴν
2579 3603 2868 3675 ἀδελφικὴν
2893 3604 3274 3674 ἀπωσάμενος,
3307 3604 3426 3667 ὅλος
3470 3605 3596 3676 γίνῃ
3618 3603 3712 3656 τοῦ
3748 3621 3878 3674 μια-

2214 3695 2307 3767 ροῦ
2335 3695 2524 3748 τούτου
2547 3696 2916 3766 τολμήματος,
2955 3696 3126 3750 ἐννόει
3153 3697 3234 3750 ὅτι
3258 3696 3378 3749 κατ’
3401 3697 3581 3749 εἰκόνα
3620 3696 3756 3748 Θεοῦ
3788 3695 3878 3748 δε-

2209 3783 2626 3854 δημιούργηται,
2675 3783 2771 3836 καὶ
2817 3785 2948 3852 ὅσης
2996 3783 3220 3852 ἠξίωται
3279 3782 3427 3855 παρά
3462 3783 3555 3835 τοῦ
3602 3781 3737 3835 Θεοῦ
3776 3782 3878 3852 τῆς

2211 3873 2518 3942 προεδρίας,
2552 3873 2644 3924 καὶ
2661 3872 2743 3924 ὅτι
2767 3873 2945 3942 πάσης
2971 3873 3070 3942 τῆς
3093 3871 3322 3934 κτίσεως
3349 3871 3447 3942 τὴν
3475 3871 3722 3937 ἐξουσίαν
3749 3871 3880 3924 ἀνα-

2209 3959 2472 4021 δέδεκται,
2517 3961 2608 4013 καὶ
2632 3959 2840 4013 παῦσαι
2863 3960 2962 4030 τῆς
2991 3959 3267 4032 μοχθηρᾶς
3289 3958 3531 4029 γνώμης.
3557 3958 3624 4011 Τί
3641 3954 3733 4012 οὖν
3772 3976 3879 4029 φη-

2213 4061 2329 4106 σιν;
2375 4043 2500 4096 Ἐὰν
2535 4044 2757 4114 μυρίους
2801 4061 2885 4106 τις
2927 4044 3225 4115 ἐργάσηται
3275 4044 3487 4112 φόνους,
3517 4041 3608 4095 καὶ
3639 4043 3879 4095 τοσαῦτα

2212 4132 2417 4201 αἵματα
2445 4132 2629 4202 ἐκχέῃ,
2667 4135 2782 4195 πῶς
2821 4132 2918 4203 τὴν
2947 4131 3104 4196 ἀξίαν
3131 4131 3241 4201 δώῃ
3279 4131 3468 4200 δίκην,
3516 4129 3608 4182 τοῦ
3644 4131 3880 4200 αἵματος

2213 4220 2374 4273 αὐτοῦ
2405 4220 2561 4291 μόνου
2597 4218 2955 4288 ἐκχυθέντος;
2988 4219 3079 4290 Μὴ
3128 4217 3290 4270 τοῦτο
3335 4216 3571 4286 λογίζου,
3595 4216 3876 4286 ἄνθρωπε,

2212 4307 2324 4359 ἀλλ’
2373 4308 2542 4360 ἐννόει
2575 4309 2658 4360 ὅτι
2707 4307 2945 4359 τοιοῦτον
2998 4305 3114 4376 μετ’
3153 4305 3211 4358 οὐ
3269 4305 3399 4357 πολὺ
3463 4304 3668 4368 δέξεται
3717 4305 3880 4374 σῶμα

2211 4394 2505 4466 ἄφθαρτον,
2527 4394 2587 4447 τὸ
2608 4394 2902 4464 δυνάμενον
2933 4391 3153 4463 διηνεκῆ
3179 4393 3272 4445 καὶ
3292 4391 3506 4444 αἰώνιον
3529 4392 3746 4443 κόλασιν
3769 4393 3878 4444 ὐπ-

2211 4483 2377 4554 έχειν.
2410 4485 2643 4537 Κάκεῖνο
2676 4484 2732 4536 δὲ
2786 4483 2999 4547 σκόπει,
3055 4481 3171 4546 πῶς
3206 4481 3346 4552 μετά
3389 4480 3671 4549 ἀκριϐείας
3702 4480 3882 4533 8151a-

2213 4571 2356 4635 ξατο.
2400 4571 2524 4623 Ἐπὶ
2577 4570 2678 4638 μὲν
2729 4569 2835 4640 γάρ
2878 4569 2973 4622 τοῦ
3012 4569 3301 4640 ἀνθρώπου
3347 4568 3519 4637 φησὶ,
3556 4565 3630 4637 μὴ
3679 4567 3881 4638 ἐκχέῃς

2210 4654 2349 4729 αἷμα
2374 4675 2386 4687 ·
2431 4657 2523 4711 ἐπὶ
2550 4657 2607 4710 δέ
2637 4657 2746 4709 τῶν
2773 4657 2982 4725 ἀλόγων
3026 4657 3123 4709 οὐκ
3168 4651 3310 4720 εἷπε,
3344 4655 3419 4725 μὴ
3471 4654 3688 4725 ἐκχέῃς,
3718 4653 3879 4719 ἀλλά,

2209 4745 2383 4813 Πλὴν
2408 4745 2584 4814 κρέας
2609 4745 2679 4797 ὲν
2705 4745 2905 4812 αἵματι
2927 4743 3137 4812 ψυχῆς
3165 4744 3237 4796 οὐ
3269 4741 3554 4812 φάγεσθε.
3603 4741 3769 4806 Ἐκεῖ,
3805 4741 3882 4812 μὴ

2212 4833 2438 4906 ἐκχέῃςο
2474 4830 2727 4893 ἐνταῦθα,
2765 4830 2914 4903 [265]
2953 4833 3025 4902 μὴ
3065 4832 3259 4901 φάγῃς.

2282 4916 2434 4983 Εἶδες
2454 4920 2574 4972 ὅσον
2602 4919 2661 4972 τὸ
2676 4919 2980 4988 ἀνεπαχθὲς
3006 4919 3217 4987 ἔχουσιν
3246 4916 3412 4970 αὐτοῦ
3437 4918 3493 4969 αἱ
3523 4917 3842 4987 νομοθεσίαι
3865 4934 3880 4982 ;

2211 5007 2328 5070 πῶς
2354 5007 2551 5075 κοῦφαι
2591 5007 2683 5059 καὶ
2719 5006 2896 5077 ῥᾴδιαι
2926 5007 2980 5058 αἱ
3013 5005 3221 5058 ἐντολαί
3242 5021 3256 5068 ;
3279 5005 3396 5068 πῶς
3417 5004 3568 5058 οὐδὲν
3591 5003 3731 5074 βαρύ
3759 5005 3883 5058 οὐδὲ

2212 5095 2465 5166 φορτικὸν
2490 5095 2737 5166 ἐπιζητεῖ
2765 5095 2915 5165 παρά
2937 5093 3037 5162 τῆς
3067 5092 3342 5163 ’ἡμετέροις¹
3373 5091 3618 5161 φύσεως;
3645 5093 3884 5159 Λέγουσι

2211 5185 2318 5255 γάρ
2344 5201 2484 5247 τινες
2519 5183 2656 5255 βαρύ
2695 5183 2789 5236 καὶ
2832 5181 3028 5250 γεῶδες
3064 5181 3159 5234 καὶ
3196 5178 3470 5233 νοσοποιὸν
3511 5174 3744 5232 εἶναιτὸ
3773 5181 3884 5234 τῶν

2212 5273 2421 5340 ἀλόγων
2449 5269 2607 5342 αἷμα.
2653 5270 2791 5323 Ἀλλ’
2830 5272 2988 5342 ἡμεῖς
3025 5270 3100 5337 μὴ
3136 5267 3201 5319 δι’
3225 5268 3430 5320 ἐκεῖνον
3457 5267 3549 5318 τὸν
3574 5266 3882 5337 φιλοσοφώ-

2211 5376 2364 5430 τερον
2388 5358 2563 5425 λόγον,
2597 5356 2731 5408 ἀλλά
2757 5355 2844 5409 διὰ
2874 5354 2970 5424 τὴν
2999 5354 3092 5405 τοῦ
3124 5353 3390 5406 Δεσπότου
3435 5353 3760 5420 νομοθεσίαν
3783 5353 3883 5423 τὴν

2213 5445 2452 5514 φυλακὴν
2504 5444 2787 5513 ὀφείλομεν
2838 5440 3234 5494 ἐκδείκνυσθαι.
3295 5436 3423 5491 Εἶτα
3481 5440 3567 5491 ἵνα
3620 5439 3883 5509 μάθωμεν

2211 5535 2454 5606 ἀκριϐῶς
2484 5533 2628 5592 τίνος
2655 5531 2840 5584 ἕνεκεν
2871 5529 3137 5599 τοσαύτην
3170 5527 3372 5596 ταύτης
3401 5531 3500 5598 τῆς
3530 5528 3751 5598 ἐντολῆς
3784 5529 3885 5600 τὴν

2211 5621 2496 5692 ἀκρίϐειαν
2528 5622 2840 5690 ἐποιήσατο,
2876 5619 2969 5672 καὶ
3011 5619 3093 5670 ὅτι
3135 5613 3498 5684 ἀναχαιτίζων
3531 5615 3640 5666 τῶν
3672 5616 3885 5687 ἀνθρώ-

2215 5728 2331 5764 πων
2361 5711 2458 5782 τὴν
2489 5709 2713 5780 φονικὴν
2741 5706 2966 5777 γνώμην
2994 5705 3178 5776 φησὶν,
3222 5701 3408 5771 ἠιεῖς
3445 5700 3514 5752 δὲ
3541 5702 3888 5766 αὐξάνεσθαι

2276 5839 2301 5868 ⁸
2328 5836 2476 5887 Savil.
2512 5834 2786 5898 ἀφορίσατε.
2853 5833 2883 5876 b
2914 5830 3126 5884 Plurimi
3146 5842 3261 5881 ans.
3282 5826 3635 5890 διαπράττεται.
