4062 6396
195 368 310 424 245

199 499 327 537 item
357 484 518 538 all‘ert
541 483 690 553 justo
717 501 731 537 :
764 484 870 538 imo
893 499 996 538 non
1021 484 1166 554 justo
1195 494 1398 539 tantum
1419 527 1435 551 ,
1463 485 1556 540 sed
1597 498 1651 541 et
1680 502 1802 556 pro-

201 586 324 642 pter
351 589 510 628 suam
539 576 831 631 bonitatem
859 577 1019 630 etiam
1050 576 1299 630 universo
1324 576 1596 630 hominum
1620 577 1802 646 generi

199 673 324 734 post
353 665 505 720 illum
533 665 735 719 futuro.
761 666 890 720 Nam
907 666 1046 736 quod
1069 667 1216 732 dicit,
1247 665 1370 720 Non
1391 668 1631 737 adjiciam
1651 668 1805 736 igitur

198 766 257 808 ut
282 757 572 823 percutiam
595 771 796 808 onmem
829 773 1031 810 carnem
1071 758 1342 823 viventem,
1375 767 1428 812 et
1455 757 1594 827 quod
1627 757 1794 821 addit,

199 847 352 903 Sicut
383 849 504 918 feci,
540 849 666 903 item
697 848 849 914 illud,
889 847 1133 902 Omnibus
1157 849 1350 914 diebus,
1383 849 1620 904 declarat
1647 850 1801 903 nobis

200 952 305 992 non
338 939 479 992 ultra
507 939 613 994 tale
631 939 888 994 diluvium
915 947 1198 993 venturum
1221 954 1363 1004 esse,
1397 955 1571 1009 neque
1599 949 1796 992 tantam

199 1029 497 1096 perniciem
517 1045 770 1100 umquam
787 1039 954 1084 totum
971 1031 1154 1084 orbem
1175 1031 1474 1084 invasuram
1489 1044 1625 1084 esse.
1650 1031 1801 1085 Dein-

196 1119 263 1173 de
275 1119 443 1173 etiam
463 1120 660 1174 indicat
675 1121 1036 1175 beneﬁcentia:
1049 1135 1157 1175 sua:
1175 1123 1575 1191 perpetuitatem
1595 1140 1607 1173 :
1628 1121 1798 1176 Omni-

196 1212 306 1275 bus,
327 1213 521 1283 inquit,
542 1213 736 1280 diebus,
767 1213 869 1268 hoc
885 1222 967 1268 est
986 1231 998 1266 :
1024 1214 1078 1267 lu
1099 1229 1257 1269 omne
1273 1217 1524 1269 saaculum
1543 1204 1794 1285 promitto

197 1320 283 1358 me
313 1319 424 1358 non
457 1306 798 1360 inducturum
829 1306 1130 1374 hujusmodi
1161 1307 1595 1376 indignationem,
1618 1323 1791 1377 neque

194 1395 463 1450 facturum
510 1406 708 1450 tantam
759 1397 1125 1452 confusionem
1173 1413 1270 1452 uec
1317 1398 1368 1452 in
1418 1408 1788 1467 tempestatum

192 1487 430 1551 ratione,
465 1503 566 1542 nec
591 1489 644 1542 in
687 1489 1072 1543 elementorum
1118 1490 1245 1543 situ.
1285 1489 1409 1544 Ideo
1448 1491 1658 1544 subdit:
1689 1492 1786 1546 Se-

190 1579 376 1631 mentis
423 1589 472 1632 et
519 1579 716 1645 messis,
748 1581 911 1652 frigus
957 1590 1005 1634 et
1048 1591 1218 1646 a'stus,
1247 1591 1396 1635 testas
1434 1592 1480 1635 et
1509 1598 1592 1635 ver
1620 1583 1701 1636 die
1729 1600 1788 1636 ac

189 1680 338 1722 nocte
364 1687 470 1723 non
498 1671 828 1740 requiescant.
863 1670 1175 1738 lmmobilis,
1205 1672 1394 1740 inquit,
1423 1678 1526 1726 erit
1555 1672 1667 1728 ha-c
1693 1690 1785 1727 or-

187 1763 400 1817 dinatio
452 1781 464 1816 :
513 1773 653 1818 terra
699 1780 988 1834 numquam
1033 1764 1242 1820 desinet
1278 1767 1621 1835 suppeditare
1665 1782 1784 1835 qua:

187 1853 470 1908 hominum
498 1855 683 1924 generi
713 1856 1036 1920 necessaria,
1065 1871 1238 1925 neque
1261 1843 1501 1910 cessabit
1543 1857 1784 1926 proferre

186 1945 437 2000 laborum
479 1956 535 2001 et
577 1948 916 2018 agriculturae
947 1949 1185 2018 prtemia,
1216 1964 1388 2014 neque
1431 1949 1555 2002 anni
1603 1960 1784 2018 partes

183 2037 304 2091 aliis
354 2039 800 2092 conversionibus
847 2039 1239 2093 mutabuntur:
1283 2039 1376 2093 sed
1421 2048 1476 2092 el.
1527 2039 1690 2109 frigus
1729 2048 1783 2094 et

183 2129 354 2193 calor,
389 2139 448 2183 et
489 2139 649 2184 aestas
692 2138 746 2184 et
792 2145 888 2184 ver
937 2130 989 2183 in
1039 2145 1357 2200 unoquoque
1407 2131 1530 2184 anni
1580 2131 1780 2186 circulo

183 2229 362 2275 erunt.
392 2220 528 2274 Nam
575 2223 698 2292 quia
746 2238 840 2292 per
888 2223 1078 2277 diluvii
1125 2234 1332 2292 tempus
1387 2223 1483 2277 fuit
1537 2223 1779 2279 confusio

179 2314 431 2382 quaedam
477 2315 642 2369 totius
686 2316 837 2370 istius
871 2317 1094 2382 ordinis,
1123 2326 1178 2371 et
1211 2317 1388 2385 justus
1430 2317 1516 2370 ille
1555 2317 1606 2370 in
1655 2331 1777 2370 arca

180 2415 296 2460 erat
318 2416 437 2460 toto
465 2407 560 2460 illo
583 2417 824 2476 tempore
844 2408 994 2478 quasi
1023 2411 1270 2462 continua
1299 2417 1472 2472 nocte,
1495 2407 1616 2462 ideo
1637 2423 1776 2463 nunc

179 2498 350 2568 inquit
382 2517 396 2552 :
432 2499 616 2570 Neque
645 2516 774 2566 nox,
793 2517 968 2570 neque
998 2501 1114 2555 dies
1143 2516 1298 2555 suum
1328 2502 1630 2571 relinquent
1655 2517 1775 2556 cur-

179 2604 318 2655 sum,
340 2589 441 2644 sed
471 2605 643 2660 usque
661 2591 724 2643 ad
754 2592 934 2645 szeculi
957 2593 1468 2646 consummationem
1496 2592 1773 2646 immotum

179 2680 397 2734 illorum
430 2681 766 2750 permanebit
793 2682 1170 2736 ministerium.
1196 2683 1380 2737 Vidisti
1403 2682 1615 2753 dignam
1647 2698 1775 2738 con-

177 2772 526 2839 solationem,
557 2790 676 2842 qua:
717 2775 888 2844 potuit
909 2774 1036 2844 justi
1065 2774 1298 2828 animum
1325 2775 1567 2844 erigere?
1597 2775 1773 2830 vidisti

176 2864 390 2934 qualem
431 2866 843 2921 retributionem
888 2867 1153 2936 acceperit
1187 2867 1314 2936 justi
1357 2867 1629 2934 probitas?
1666 2867 1770 2922 Sed

174 2965 228 3010 et
253 2971 319 3010 ex
350 2957 706 3026 sequentibus
733 2958 922 3012 iterum
964 2958 1085 3012 audi
1132 2957 1449 3012 ineffabilem
1481 2957 1772 3012 liberalita-

177 3058 300 3102 tem.
323 3049 379 3102 1.
404 3048 553 3118 (Cap.
573 3048 626 3118 9)
649 3049 714 3102 Et
739 3049 1010 3111 benedixit,
1030 3049 1218 3119 inquit,
1238 3047 1373 3102 Deus
1401 3048 1534 3113 Noe,
1566 3058 1612 3102 et
1636 3050 1770 3117 ﬁlios

171 3139 327 3192 illius.
377 3139 445 3193 Et
485 3141 613 3194 dixit
652 3143 722 3194 eis
759 3157 777 3193 :
816 3141 869 3194 9..
900 3140 1117 3195 Crescite
1162 3150 1208 3195 et
1252 3140 1693 3211 multiplicamini,
1722 3152 1770 3195 et

172 3229 377 3300 implete
406 3241 612 3293 terram,
650 3241 698 3285 et
732 3233 1063 3285 dominamini
1096 3233 1162 3285 ei.
1203 3230 1271 3284 Et
1307 3242 1495 3286 tremor
1526 3233 1770 3302 timorque

179 3322 328 3372 vestri
355 3321 450 3373 erit
470 3337 624 3389 super
649 3338 820 3374 omnes
847 3321 1028 3375 bestias
1052 3332 1216 3387 terrte,
1241 3331 1286 3376 et
1309 3339 1461 3391 super
1487 3339 1658 3376 omnes
1683 3339 1768 3376 vo-

179 3410 344 3463 lucres
373 3412 506 3475 cteli,
526 3423 572 3463 et
599 3429 751 3480 super
772 3413 947 3465 omnia
962 3427 1076 3482 qua:
1104 3422 1362 3466 moventur
1384 3429 1536 3482 super
1559 3421 1766 3480 terram,

173 3513 218 3554 et
250 3519 409 3571 super
453 3520 629 3557 omnes
655 3505 817 3571 pisces
861 3505 1016 3556 maris
1045 3519 1064 3558 .°
1089 3505 1142 3556 in
1169 3521 1348 3557 manus
1381 3515 1568 3558 vestras
1597 3506 1768 3558 omnia

170 3594 306 3646 dedi.
337 3595 394 3649 5.
425 3593 496 3647 Et
522 3612 670 3648 omne
702 3596 898 3664 reptile,
927 3595 1064 3664 quod
1093 3605 1164 3650 est
1204 3597 1390 3661 vivens,
1419 3595 1555 3649 vobis
1593 3597 1684 3650 erit
1714 3597 1768 3651 in

170 3688 358 3752 cibum.
395 3688 560 3754 Quasi
579 3689 718 3742 olera
758 3689 1027 3742 lterbarum
1051 3689 1169 3742 dedi
1189 3690 1324 3743 vobis
1350 3689 1539 3742 omnia.
1569 3689 1624 3742 4.
1667 3688 1764 3743 Ve-

167 3788 456 3832 rumtamen
502 3795 707 3832 carnem
756 3780 810 3832 in
853 3781 1098 3850 sanguine
1139 3780 1322 3833 anima:
1370 3797 1432 3834 ne
1472 3780 1762 3834 comedatis.

169 3869 400 3940 Dignum
430 3881 515 3924 est
565 3880 622 3924 ut
665 3870 752 3925 hic
799 3872 1127 3925 admiremur
1152 3871 1502 3926 excellentem
1558 3873 1766 3927 Domini

168 3961 491 4016 bonitatem.
523 3960 659 4015 Vide
680 3963 821 4016 enim
846 3963 932 4016 hic
953 3961 1220 4032 quomodo
1241 3963 1417 4032 justus
1457 3962 1546 4017 ille
1575 3964 1763 4017 iterum

165 4054 416 4106 eamdem
436 4052 863 4107 benedictionem
880 4053 1242 4123 consequitur,
1258 4068 1414 4122 quam
1432 4054 1556 4107 olim
1572 4053 1762 4120 Adam,

165 4153 222 4198 et
264 4154 510 4213 ereptum
550 4154 830 4214 recuperat
873 4145 1224 4215 principatum
1271 4146 1468 4200 virtute
1509 4160 1625 4209 sua,
1657 4146 1766 4200 imo

167 4235 429 4290 ineﬁ'abili
453 4236 662 4289 Domini
683 4237 988 4290 clementia.
1013 4235 1142 4290 Nam
1167 4237 1304 4290 sicut
1325 4236 1392 4290 de
1415 4235 1508 4290 illo
1532 4236 1762 4305 dicebat,

167 4327 392 4381 Crescite
417 4337 465 4379 et
500 4328 929 4394 multiplicamini,
967 4337 1012 4381 et
1043 4328 1373 4380 dominamini
1399 4338 1564 4393 terraz,
1596 4337 1642 4382 et
1665 4329 1766 4381 im-

166 4432 343 4490 perate
368 4421 593 4490 piscibus
623 4422 797 4484 maris,
821 4431 866 4473 et
902 4421 1182 4491 reptilibus,
1216 4430 1259 4474 et
1282 4421 1588 4484 volatilibus,
1611 4430 1658 4474 et
1683 4425 1764 4491 fe-

167 4513 238 4566 ris
268 4511 431 4581 (Gen.
463 4513 514 4566 1.
543 4511 634 4581 28)
669 4530 682 4564 :
725 4512 804 4566 sic
831 4527 970 4566 nunc
998 4512 1204 4582 inquit:
1238 4510 1304 4566 Et
1332 4521 1517 4564 tremor
1541 4521 1587 4564 et
1616 4513 1766 4564 timor

164 4603 319 4656 vestri
345 4603 441 4655 erit
465 4619 618 4671 super
641 4619 813 4656 omnes
834 4603 1015 4656 bestias
1037 4611 1203 4664 terrm,
1232 4611 1280 4655 et
1306 4618 1458 4671 super
1483 4617 1655 4655 omnes
1679 4618 1766 4654 vo-

165 4695 350 4748 lucres.
382 4693 454 4746 Et
479 4710 627 4747 omne
650 4693 832 4762 reptile
857 4694 995 4763 quod
1019 4703 1088 4747 est
1122 4693 1309 4760 vivens,
1332 4693 1468 4746 vobis
1490 4693 1584 4745 erit
1617 4693 1669 4744 in
1689 4693 1764 4744 ci-

165 4789 303 4841 bum.
355 4787 519 4854 Quasi
557 4787 696 4841 olera
728 4786 996 4840 herbarum
1021 4787 1136 4840 dedi
1165 4786 1299 4840 vobis
1323 4786 1511 4838 omnia.
1549 4783 1765 4839 Verum-

163 4889 336 4933 tamen
360 4896 568 4934 carnem
587 4880 639 4932 in
659 4879 906 4949 sanguine
927 4881 1114 4932 animae
1136 4895 1197 4932 ne
1220 4879 1515 4931 comedatis.
1535 4877 1766 4932 Attende

163 4973 413 5028 eamdem
445 4973 706 5042 regulam,
739 4972 896 5026 aliter
925 4971 1239 5026 servandam
1283 4980 1458 5024 tamen
1498 4985 1616 5024 eam
1644 4985 1763 5039 qua:

164 5067 342 5138 primo
368 5066 573 5121 homini
607 5067 731 5120 data
756 5065 874 5120 fuit.
891 5065 1038 5120 Sicut
1062 5066 1204 5119 enim
1235 5074 1381 5126 tunc,
1410 5071 1687 5134 postquam
1714 5063 1764 5118 ei

165 5159 425 5213 traditum
455 5167 539 5213 est
567 5158 863 5213 dominium
894 5157 948 5212 iu
979 5157 1179 5222 omnia,
1209 5164 1268 5210 ut
1305 5155 1406 5210 frui
1437 5164 1618 5226 posset
1644 5170 1764 5210 om-

162 5251 323 5305 nibus
366 5266 488 5319 qum
525 5259 682 5305 erant
726 5250 778 5304 in
828 5249 1094 5320 paradiso,
1140 5249 1408 5303 abstinere
1453 5257 1654 5302 tantum
1699 5247 1767 5302 ab

162 5346 328 5399 unico
347 5345 494 5414 ligno
513 5345 694 5414 jussus
719 5354 803 5399 est
824 5363 836 5398 :
861 5344 932 5397 ita
962 5351 1018 5398 et
1047 5343 1132 5396 hic
1162 5351 1282 5413 post
1309 5341 1762 5408 benedictionem,

163 5446 218 5492 et
248 5446 536 5507 postquam
565 5435 820 5491 terribilis
851 5435 1023 5489 factus
1051 5444 1133 5489 est
1163 5434 1368 5500 bestiis,
1397 5442 1451 5488 et
1479 5433 1580 5487 sub
1604 5448 1766 5487 manu

161 5529 283 5598 eius
325 5530 515 5599 positae
560 5537 684 5584 sunt
712 5542 838 5583 aves
863 5536 916 5582 et
940 5526 1196 5591 volatilia,
1230 5526 1401 5596 inquit
1430 5543 1443 5578 :
1480 5525 1641 5579 Omne
1681 5541 1766 5579 re-

164 5625 290 5694 ptile
317 5624 487 5676 vivens
511 5622 649 5676 vobis
675 5623 768 5676 erit
789 5622 841 5675 in
865 5621 1030 5674 cibum
1051 5629 1139 5674 :ut
1166 5621 1305 5673 olera
1331 5619 1600 5673 herbarum
1625 5618 1764 5672 vobis

163 5715 507 5768 dediomnia.
548 5714 686 5769 llinc
712 5713 917 5768 initium
947 5711 1162 5766 ductum
1188 5719 1268 5765 est
1292 5709 1619 5766 edendarum
1650 5724 1768 5765 car-

165 5809 315 5864 nium
349 5825 362 5862 :
395 5822 500 5863 non
533 5816 590 5862 ut
615 5806 762 5878 ipsos
786 5805 853 5861 ad
883 5804 1081 5861 ventris
1111 5803 1402 5874 ingluviem
1427 5811 1576 5876 paret”
1604 5810 1659 5859 ct
1687 5803 1766 5857 in-

1235 367 1304 424 lN
1340 367 1492 426 CAP.
1533 369 1621 424 IX.
1662 369 1902 426 GENES.
1945 373 2173 430 HOMIL.
2216 376 2430 432 XXVII.

3385 384 3490 439 2-56

1913 497 2103 555 struat,
2134 491 2226 544 sed
2250 493 2370 561 quia
2402 507 2466 547 ex
2508 493 2637 563 ipsis
2663 492 2907 550 homines
2941 506 3094 551 erant
3118 497 3491 564 sacriﬁcaturi,

1909 588 1964 633 et
1992 579 2104 633 Deo
2132 583 2328 648 gratias
2354 584 2542 648 acturi,
2577 592 2632 637 tit
2662 599 2729 639 ne
2767 585 3074 641 viderentur
3097 588 3246 656 quasi
3290 604 3320 641 a
3362 605 3493 643 con-

1909 671 2130 724 secratis
2155 673 2424 726 abstinere
2455 690 2469 727 ε
2515 674 2714 728 idcirco
2739 675 2928 730 edendi
2969 677 3264 733 facultatem
3295 694 3490 737 conoe-

1908 758 1988 812 dit
2024 771 2078 812 et
2117 750 2337 813 multam
2367 762 2458 816 dat
2486 763 2664 816 utendi
2707 764 2992 819 licentiam.
3025 766 3184 832 Quasi
3212 769 3350 820 olera
3379 773 3494 824 Iter-

1907 848 2084 903 barum
2130 851 2268 906 vobss
2316 851 2431 905 dedi
2485 854 2654 906 omnia
2708 851 2861 926 (Gen.
2913 854 2969 908 2.
3017 856 3130 926 17).
3176 857 3306 912 Dein
3355 860 3492 914 sicut

1905 940 2074 994 Adam
2106 943 2314 996 caeteris
2342 942 2524 998 fruens
2549 944 2726 1014 lignis,
2754 944 2935 1014 jussus
2965 956 3047 1000 est
3083 948 3150 1002 ab
3194 963 3299 1002 uno
3329 952 3492 1005 absti-

1904 1045 2032 1084 nere
2068 1048 2080 1084 :
2115 1031 2182 1084 ita
2232 1031 2317 1086 hic
2358 1033 2554 1087 dictum
2599 1044 2700 1099 est,
2731 1050 2853 1089 cum
2903 1037 2976 1090 illi
3006 1039 3180 1091 omnia
3226 1039 3291 1094 ad
3336 1056 3488 1097 esum

1902 1120 2069 1176 libere
2093 1124 2349 1176 sumenda
2381 1126 2638 1194 permissa
2667 1136 2880 1180 essent:
2909 1127 2960 1180 6.
3004 1127 3350 1185 Verumtamen
3375 1150 3492 1186 car-

1899 1228 2012 1265 nem
2041 1214 2093 1266 in
2121 1216 2368 1286 sanguine
2388 1217 2572 1269 anima:
2595 1235 2656 1270 ne
2675 1219 2967 1272 comedatis.
3009 1220 3144 1286 Quid
3174 1233 3256 1276 est
3283 1239 3408 1280 caro
3431 1227 3482 1281 in

1898 1304 2154 1372 sanguine
2196 1305 2426 1360 animae?
2474 1307 2586 1362 Hoc
2627 1319 2730 1376 est,
2759 1309 3094 1365 suﬁ‘ocatum.
3145 1313 3292 1368 Bruti
3336 1291 3478 1370 enim

1895 1397 2071 1449 anima
2102 1399 2316 1467 sanguis
2338 1407 2438 1452 est.

1968 1487 2021 1540 5.
2061 1487 2194 1552 Quia
2222 1489 2379 1556 igitur
2399 1489 2654 1544 sacrilicia
2699 1492 2982 1560 perfecturi
3010 1503 3162 1548 erant
3191 1510 3254 1549 ex
3291 1496 3479 1561 brutis,

1895 1574 1998 1631 hoc
2027 1575 2138 1630 fere
2164 1577 2326 1632 modo
2357 1579 2512 1632 docet
2539 1580 2678 1645 illos,
2707 1581 2922 1635 dicens:
2955 1583 3087 1647 Quia
3115 1587 3330 1654 sanguis
3353 1588 3479 1641 mihi

1892 1679 2198 1737 segregatus
2235 1680 2339 1734 est,
2369 1670 2522 1724 vobis
2544 1685 2689 1725 caro.
2732 1672 2844 1728 lloc
2873 1683 3050 1728 autem
3095 1675 3215 1729 ideo
3245 1675 3388 1743 facit,
3420 1687 3478 1732 ut

1893 1760 2077 1826 primis
2108 1760 2212 1812 illis
2255 1761 2582 1828 temporibus
2621 1763 2938 1831 comprimat
2967 1765 3178 1819 illorqu
3221 1767 3476 1836 impetum

1889 1859 1940 1904 et
1971 1850 2381 1920 propensionem
2408 1852 2474 1906 ad
2521 1852 2827 1908 homicidia.
2875 1855 2939 1908 Et
2975 1856 3114 1924 quod
3159 1856 3262 1911 hoc
3286 1858 3357 1912 sit
3379 1875 3476 1914 ve—

1889 1957 2029 2008 rum,
2064 1959 2256 2013 nempe
2295 1943 2436 2014 quod
2467 1945 2589 2000 hinc
2619 1960 2713 2000 eos
2753 1949 2919 2018 magis
2962 1947 3077 2017 pios
3117 1949 3340 2006 reddere
3378 1966 3478 2008 vo-

1888 2034 2065 2098 luerit,
2091 2035 2214 2089 audi
2246 2051 2365 2105 qua
2403 2045 2722 2106 sequuntur.
2761 2038 2816 2092 5.
2865 2037 3068 2092 Etenim
3113 2051 3328 2094 vestrum
3355 2059 3479 2096 san-

1884 2127 2103 2196 guinem,
2156 2127 2352 2196 inquit,
2399 2128 2684 2181 animarum
2723 2141 3020 2194 vestrarum,
3053 2133 3313 2202 exquiram
3356 2152 3469 2188 eum

1885 2217 1947 2270 de
1973 2234 2126 2270 manu
2167 2219 2388 2271 omnium
2417 2218 2702 2272 bestiarum.
2739 2218 2808 2273 Et
2835 2221 2898 2273 de
2923 2238 3078 2274 manu
3122 2224 3338 2277 hominis
3367 2229 3472 2296 [ra-

1884 2308 1976 2360 tris
2017 2309 2272 2377 exquiram
2312 2309 2534 2361 animam
2563 2310 2797 2364 hominis.
2845 2311 2983 2378 Quid
3023 2314 3188 2382 ergo?
3229 2316 3474 2371 animaue

1885 2398 2118 2454 hominis
2159 2401 2375 2470 sanguis
2405 2403 2525 2454 est?
2563 2400 2680 2455 Non
2722 2401 2824 2456 hoc
2851 2404 3003 2470 dicit,
3031 2405 3203 2458 absit:
3235 2406 3327 2460 sed
3369 2406 3469 2460 hu-

1882 2504 2038 2544 mana
2076 2491 2460 2544 consuetudine
2491 2507 2619 2545 usus
2642 2502 2744 2559 est,
2773 2508 2838 2547 ac
2861 2494 2905 2547 si
2933 2495 3052 2563 quis
3090 2495 3234 2550 dicat
3273 2498 3466 2554 alicui:

1879 2580 2200 2650 Sanguinem
2248 2591 2395 2636 tuum
2442 2592 2593 2652 porto
2638 2583 2689 2636 in
2733 2584 2978 2639 manibus
3024 2587 3202 2641 meis:
3234 2589 3461 2654 hocest,

1881 2685 2197 2744 potestatem
2229 2675 2400 2730 habeo
2445 2676 2795 2732 interﬁciendi
2829 2687 2900 2732 te.
2945 2677 3074 2732 Nam
3105 2680 3245 2749 quod
3288 2683 3466 2735 anima

1879 2767 2113 2823 hominis
2154 2784 2259 2823 non
2301 2769 2372 2823 sit
2412 2771 2648 2838 sanguis,
2688 2771 2810 2825 audi
2853 2772 3120 2826 Christum
3163 2773 3462 2830 dicentem:

1879 2860 1964 2914 Ne
1989 2861 2254 2914 timueritis
2275 2860 2337 2914 ab
2365 2861 2434 2914 eis
2457 2862 2544 2931 qui
2569 2862 2804 2915 occidunt
2831 2879 3034 2932 corpus,
3049 2865 3270 2917 animam
3299 2877 3465 2920 autem

1877 2954 2105 3007 occidere
2142 2970 2244 3007 non
2277 2963 2485 3024 possunt
2526 2953 2740 3022 (Matth.
2774 2955 2861 3010 10.
2893 2954 3008 3027 28).
3039 2955 3107 3010 Et
3135 2956 3254 3012 vide
3291 2974 3463 3028 quan-

1877 3053 1983 3100 tam
2029 3044 2427 3100 dislinctionem
2478 3044 2684 3100 fecerit.
2735 3047 2791 3101 6.
2839 3047 2941 3114 Qui
2985 3046 3238 3114 e/i'uderit,
3270 3050 3460 3120 inquit,

1874 3137 2173 3207 sanguinem
2198 3136 2434 3199 hominis,
2469 3154 2562 3207 pro
2603 3138 2846 3208 sanguine
2891 3139 2999 3206 eius
3046 3142 3252 3212 sanguis
3302 3141 3464 3210 ipsius

1875 3227 2161 3294 e/fnndetur
2186 3243 2204 3282 :
2229 3229 2347 3298 quia
2373 3230 2424 3281 in
2456 3229 2674 3300 imagine
2699 3229 2791 3284 Dei
2819 3232 2918 3302 feci
2946 3233 3218 3285 hominem.
3252 3233 3462 3302 Cogita,

1873 3319 2119 3384 obsecro,
2151 3329 2409 3389 quantum
2441 3332 2699 3376 terrorem
2729 3321 2830 3375 hoc
2857 3322 3019 3376 verbo
3055 3323 3299 3381 incussit.
3327 3324 3393 3378 Et
3416 3326 3462 3379 si

1873 3413 2014 3482 quod
2036 3412 2276 3482 ejusdem
2299 3423 2500 3468 natura:
2521 3415 2611 3481 sit,
2633 3415 2822 3484 inquit,
2845 3431 2950 3469 non
2980 3425 3030 3470 te
3056 3427 3262 3482 avocat,
3288 3433 3460 3486 neque

1873 3518 1903 3558 a
1929 3512 2034 3557 tam
2064 3519 2316 3573 perverso
2331 3512 2522 3558 conatu
2549 3505 2758 3574 repellit
2783 3514 2985 3560 natura:
3003 3508 3342 3562 communio:
3366 3508 3461 3562 sed

1872 3593 1917 3648 si
1945 3594 2412 3650 commiseratione
2451 3595 2683 3650 fraterna
2709 3595 2928 3665 depulsa
2957 3605 3098 3651 totus
3119 3598 3170 3651 in
3197 3597 3300 3653 hoc
3327 3598 3458 3653 faci-

1873 3702 1974 3742 nus
2003 3687 2327 3757 prorumpis,
2341 3687 2512 3757 cogita
2532 3703 2654 3742 eum
2674 3687 2740 3742 ad
2763 3689 3043 3757 imaginem
3061 3689 3152 3743 Dei
3176 3687 3458 3743 formatum

1871 3793 2012 3843 esse,
2040 3787 2096 3832 et
2122 3777 2332 3848 quantis
2367 3794 2488 3832 eum
2519 3775 2661 3834 Deus
2684 3778 2930 3848 dignatus
2969 3779 3042 3833 sit
3070 3781 3458 3849 pra'rOgativis,

1871 3880 1925 3925 et
1951 3871 2091 3940 quod
2136 3871 2281 3925 omni
2325 3879 2568 3925 creatura
2619 3871 2900 3939 praefectus
2943 3872 3033 3936 sit,
3065 3885 3128 3925 ac
3168 3874 3382 3940 quiesce
3429 3888 3460 3926 a

1871 3961 2010 4014 mala
2040 3961 2331 4016 voluntate.
2377 3961 2512 4028 Quid
2541 3976 2668 4031 ergo
2697 3962 2740 4015 si
2798 3962 3110 4016 innumeras
3133 3963 3250 4032 quis
3280 3973 3457 4031 patra-

1871 4053 2006 4107 verit
2033 4054 2229 4117 cmdes,
2262 4062 2316 4106 et
2358 4062 2563 4107 tantum
2595 4054 2868 4123 sanguinis
2897 4053 3164 4118 effuderit,
3192 4046 3461 4123 quomodo

1870 4144 2082 4214 dignam
2109 4143 2256 4198 dabit
2282 4159 2492 4212 poenam
2528 4144 2697 4198 effuso
2726 4145 2842 4198 solo
2867 4159 2964 4198 suo
3007 4143 3303 4212 sanguine?
3343 4144 3460 4200 Non

1871 4234 1972 4291 hoc
2015 4235 2325 4299 considera,
2376 4234 2567 4300 homo,
2617 4234 2710 4289 sed
2759 4235 2991 4304 intellige
3033 4249 3154 4289 eum
3203 4235 3307 4290 tale
3351 4251 3458 4289 non

1872 4327 2039 4382 multo
2079 4337 2199 4396 post
2232 4336 2573 4396 accepturum
2615 4340 2810 4394 corpus
2859 4325 3287 4394 iucorruptibile,
3319 4326 3459 4395 quod

1871 4420 2065 4491 poterit
2083 4422 2386 4474 continuam
2411 4428 2462 4474 et
2482 4429 2732 4472 mternam
2759 4433 2968 4488 pinnam
2995 4418 3155 4474 ferre.
3178 4419 3308 4474 Illud
3332 4419 3459 4473 item

1872 4512 2163 4583 perpende,
2210 4527 2367 4582 quam
2411 4511 2691 4580 diligenter
2737 4521 3060 4581 praeceptum
3091 4513 3180 4567 sit.
3227 4511 3358 4566 Nam
3391 4513 3459 4567 de

1871 4604 2111 4668 homine,
2140 4605 2342 4672 inquit,
2388 4603 2467 4657 Ne
2507 4601 2749 4657 eﬁ‘undas
2791 4603 3144 4672 sanguinem:
3185 4603 3253 4658 de
3291 4603 3460 4658 brutis

1871 4709 2048 4753 autem
2090 4712 2194 4752 non
2226 4697 2380 4762 dixit,
2412 4695 2488 4750 Ne
2519 4695 2782 4761 ell‘uudas,
2813 4695 2929 4761 sed,
2973 4694 3322 4749 Verumtamen
3346 4713 3460 4749 car-

1871 4807 1988 4844 nem
2013 4791 2066 4843 in
2093 4789 2338 4859 sanguine
2365 4788 2550 4842 anima:
2596 4803 2659 4840 ne
2704 4786 2997 4840 comedatis.
3044 4785 3158 4840 lllic
3202 4786 3351 4852 dicit,
3381 4785 3458 4842 Ne

1871 4881 2151 4946 eﬁ'undas;
2186 4881 2292 4946 hic,
2329 4879 2407 4934 Ne
2437 4877 2710 4934 comedas.

1943 4974 2048 5029 Cur
2076 4990 2190 5029 esus
2215 4973 2476 5042 sanguinis
2503 4972 2702 5024 vetitus.
2724 4967 2972 5023 -—Vides
2999 4984 3157 5038 quam
3189 4967 3317 5021 nihil
3340 4984 3456 5020 mo-

1870 5065 2062 5120 lestuni
2097 5065 2328 5119 habeant
2353 5063 2471 5130 eius
2502 5061 2688 5131 leges?
2729 5060 2998 5131 quomodo
3041 5059 3172 5114 levia
3201 5068 3257 5113 et
3287 5059 3457 5113 facilia

1870 5157 2156 5212 mandata?
2197 5154 2467 5226 quomodo
2507 5153 2634 5206 nihil
2664 5167 2825 5222 grave
2853 5165 3024 5220 neque
3064 5165 3348 5204 onerosum
3378 5168 3456 5206 re-

1870 5249 2034 5320 quirit
2052 5264 2083 5302 a
2104 5258 2285 5301 nostra
2317 5243 2544 5299 natura?
2575 5242 2764 5297 Dicunt
2791 5243 2933 5297 enim
2959 5241 3139 5311 aliqui,
3175 5241 3452 5296 brutorum

1871 5342 2205 5412 sanguinem,
2237 5353 2474 5408 gravem,
2522 5344 2852 5398 terrestrem,
2893 5345 2946 5388 et
2976 5335 3264 5389 multarum
3296 5338 3454 5404 ξιτεγί-

1872 5433 2113 5487 tudinum
2163 5444 2376 5484 causam
2429 5445 2441 5480 :
2494 5437 2549 5482 at
2589 5442 2687 5480 nos
2723 5442 2828 5479 non
2883 5435 3101 5496 propter
3154 5426 3461 5495 prxdicttun

1871 5537 2174 5578 sermonem
2219 5519 2387 5589 magis
2429 5517 2495 5573 ad
2541 5517 2934 5588 philosophiam
2972 5518 3452 5580 accommodatum,

1871 5615 1964 5671 sed
1996 5623 2213 5684 propter
2232 5611 2438 5666 Domini
2462 5609 2768 5664 mandatum
2797 5608 2848 5662 id
2871 5609 3157 5662 observare
3174 5607 3453 5662 debemus.

1873 5705 2075 5762 Deinde
2106 5715 2162 5759 ut
2185 5704 2456 5759 discamus
2480 5717 2647 5772 quare
2669 5710 2775 5754 tam
2807 5699 3088 5769 diligenter
3127 5697 3231 5752 hoc
3259 5713 3463 5767 praacc-

1876 5810 2022 5870 ptum
2060 5797 2264 5864 statuit,
2298 5810 2489 5867 nempe
2532 5803 2590 5850 ut
2613 5790 2891 5850 cohiberet
2931 5789 3208 5851 hominum
3239 5789 3454 5858 sangui-
