4062 6396
574 296 675 352 247

577 412 780 463 narium
809 408 1065 471 animum,
1088 406 1253 461 dicit:
1281 406 1332 458 7.
1376 403 1475 457 Vos
1501 412 1665 456 autem
1704 402 1927 464 crescite,
1953 412 2001 455 et
2028 402 2157 455 mul-

576 499 897 567 tiplicamini,
927 507 974 551 et
1016 498 1219 565 implete
1263 505 1467 558 terram,
1503 504 1550 547 et
1582 493 1911 545 dominamini
1942 491 1986 552 ei
2011 506 2027 543 :
2058 506 2163 544 non

579 605 798 654 temere,
828 600 881 645 et
922 590 1123 658 absque
1152 602 1309 641 causa
1349 586 1501 649 dixit,
1538 584 1635 637 Vos
1663 594 1827 635 autem
1848 624 1861 645 ,
1892 582 1985 635 sed
2016 581 2165 650 quasi

580 683 799 746 diceret,
823 679 927 733 Vos
948 682 1035 748 qui
1064 679 1235 748 pauci,
1260 686 1314 731 et
1340 691 1503 745 parvo
1535 690 1756 727 numero
1780 676 1929 733 estis,
1949 688 2163 725 onmem

583 781 781 825 terram
832 771 1071 839 implete,
1102 779 1156 823 et
1194 767 1541 823 dominamini
1569 766 1616 819 ei
1648 784 1661 818 :
1712 767 1814 819 hoc
1856 773 1957 830 est,
1990 764 2165 817 domi-

581 863 724 914 nium
756 860 965 925 habete,
997 871 1049 913 ct
1095 869 1432 929 potestatem,
1462 867 1514 911 et
1544 856 1793 909 fructum.
1822 855 1974 917 Vide,
2007 856 2163 910 obse-

582 968 695 1015 cro,
724 953 815 1005 Dei
859 952 1255 1020 benignitatem,
1289 950 1555 1019 quomodo
1584 950 1730 1017 prius
1770 963 1958 1017 magna
2003 947 2167 1001 bene-

589 1047 707 1099 ficia
733 1044 915 1111 donat,
940 1056 993 1099 et
1022 1055 1145 1098 tunc
1174 1046 1383 1097 unicum
1414 1053 1467 1095 et
1496 1044 1609 1095 leve
1636 1042 1939 1094 mandatum
1967 1040 2076 1093 dat.
2105 1041 2172 1094 Et

583 1138 719 1189 sicut
747 1137 973 1203 Adamo,
1000 1144 1276 1205 postquam
1306 1135 1572 1188 concessit
1604 1144 1659 1186 ut
1686 1133 1949 1186 habitaret
1981 1133 2032 1186 iu
2079 1149 2171 1201 pa-

590 1226 805 1293 radiso,
839 1237 890 1281 et
934 1237 1011 1281 tot
1040 1244 1101 1282 ac
1147 1228 1307 1281 tantis
1334 1226 1616 1288 frueretur,
1642 1224 1854 1278 tandem
1901 1225 2168 1293 pra-cepit,

590 1331 646 1372 ut
684 1321 749 1373 ab
790 1321 947 1373 unico
994 1322 1135 1390 ligno
1182 1321 1514 1373 abstineret:
1550 1319 1620 1371 ita
1660 1327 1713 1371 et
1766 1317 1849 1371 hic
1894 1327 2170 1385 postquam

590 1412 833 1480 promisit
860 1427 964 1465 non
992 1413 1127 1466 ultra
1151 1412 1307 1465 talem
1336 1426 1395 1464 se
1419 1411 1683 1463 illaturum
1709 1408 2008 1476 generalem
2040 1418 2174 1460 stra-

589 1521 734 1573 gem,
769 1521 941 1574 neque
971 1507 1039 1559 ita
1085 1520 1142 1559 se
1174 1505 1583 1575 indignaturum,
1616 1504 1707 1558 sed
1740 1520 1909 1572 nsque
1946 1504 2009 1556 ad
2042 1519 2166 1557 eon-

587 1595 1000 1649 summationem
1058 1594 1242 1648 mundi
1310 1594 1525 1647 immota
1597 1609 1939 1659 permansura
1995 1596 2173 1647 omnia

588 1686 887 1748 elementa,
924 1686 993 1739 ita
1026 1696 1084 1739 ut
1127 1702 1352 1755 qumque
1380 1701 1534 1739 suum
1582 1702 1795 1739 cursum
1842 1698 1894 1741 et
1933 1688 2171 1741 ordinem

588 1776 877 1845 impleant;
906 1786 960 1831 et
988 1787 1266 1847 postquam
1300 1777 1397 1845 ipsi
1429 1778 1852 1831 benedictionem
1894 1789 2018 1831 sunt
2046 1794 2175 1831 con-

592 1868 824 1935 sequuti,
853 1868 1139 1936 donatiqne
1182 1870 1400 1936 pristina
1431 1884 1593 1937 super
1634 1868 1785 1923 bruta
1817 1871 1993 1923 omnia
2023 1880 2177 1939 pote-

591 1966 748 2022 state,
782 1972 845 2011 ac
881 1958 1118 2011 carnium
1160 1974 1253 2011 esu
1282 1974 1469 2013 secure
1516 1960 1797 2028 permisso,
1831 1969 1952 2013 tunc
1984 1961 2174 2029 inquit,

606 2047 958 2101 Verumtamen
984 2064 1185 2100 carnem
1213 2049 1265 2101 in
1312 2051 1559 2119 sanguine
1586 2055 1769 2104 anima:
1794 2068 1855 2104 ne
1882 2052 2179 2105 comedatis.

597 2138 784 2191 Vidisti
807 2139 1075 2207 quomodo
1120 2140 1265 2209 prius
1301 2141 1622 2209 benignitate
1650 2158 1712 2196 ac
1756 2142 2005 2197 ineffabili
2040 2144 2176 2197 lihe-

595 2229 806 2282 ralitatc
860 2231 1041 2295 utitur,
1097 2242 1150 2285 et
1203 2240 1327 2285 tunc
1378 2232 1589 2286 demum
1645 2234 1918 2303 prmcipit?
1969 2234 2179 2288 tametsi

600 2336 882 2389 numquam
930 2321 1067 2375 istud
1110 2324 1248 2376 inter
1281 2324 1522 2377 homines
1555 2324 1664 2378 ﬁeri
1706 2326 1900 2380 soleat.
1929 2324 2182 2378 llmnines

595 2413 737 2465 enim
768 2415 992 2481 primunt
1021 2415 1201 2469 volunt
1232 2431 1315 2476 ea,
1335 2430 1453 2484 qua:
1485 2416 1820 2484 principium,
1848 2430 2009 2484 opere
2036 2430 2184 2467 com-

599 2504 753 2571 pleri,
787 2520 1004 2575 eosque,
1029 2508 1115 2576 qui
1147 2507 1395 2561 mandata
1424 2508 1693 2575 excipiunt
1721 2517 1773 2561 et
1796 2517 2179 2577 exsequuntur,

601 2612 844 2665 magnam
871 2598 1125 2654 exhibere
1155 2600 1603 2666 benevolentiam,
1631 2616 1695 2654 ac
1723 2610 1845 2654 tunc
1873 2601 2053 2669 utique
2092 2617 2184 2654 co-

599 2688 769 2755 gitant
796 2688 863 2743 de
893 2690 1299 2744 remunerandis
1342 2691 1407 2744 iis
1433 2691 1522 2760 qui
1569 2693 1786 2745 multam
1826 2692 2181 2745 obedientiam

601 2792 709 2843 pra:
752 2792 811 2831 se
842 2778 1077 2832 tulerint.
1108 2779 1302 2834 Contra
1334 2795 1462 2833 vero
1488 2782 1784 2835 communis
1810 2782 2043 2834 omnium
2076 2782 2183 2835 Do-

604 2868 780 2921 minus
813 2886 826 2920 :
859 2870 1006 2938 prius
1035 2871 1176 2924 enim
1224 2870 1504 2933 benefacit,
1536 2880 1590 2924 et
1617 2871 1953 2925 multitudine
1982 2871 2179 2926 benefl—

605 2960 813 3014 ciorum
844 2972 1081 3015 nostram
1125 2974 1367 3015 naturam
1398 2962 1463 3015 ad
1487 2978 1545 3017 se
1582 2963 1767 3025 allicit,
1795 2972 1849 3017 et
1876 2973 2055 3032 postea
2084 2963 2186 3017 im-

601 3062 753 3122 perat
783 3052 955 3106 facilia
984 3064 1141 3121 atque
1173 3054 1326 3116 levia,
1360 3064 1417 3107 ut
1447 3054 1697 3109 facilitate
1735 3055 2107 3109 mandatorum
2136 3066 2189 3109 et

602 3144 873 3197 beneficiis
891 3144 1153 3212 prioribus
1165 3146 1397 3205 excitati,
1418 3145 1482 3198 ad
1498 3161 1559 3199 ea
1579 3145 1839 3214 implenda
1855 3146 2184 3200 inducamur.

672 3230 885 3285 Morafis
905 3233 1316 3303 epilogus.—-—Ne
1343 3234 1503 3302 igitur
1528 3236 1851 3303 negligentes
1893 3236 2080 3297 simus,
2111 3235 2192 3288 di-

601 3323 745 3387 lecti,
778 3338 948 3392 neque
990 3325 1121 3393 pigri
1170 3324 1235 3378 ad
1280 3324 1523 3378 mandata
1578 3326 1844 3393 implenda
1879 3344 1891 3380 :
1934 3326 2189 3380 beneficia

602 3414 776 3483 priora
792 3414 1102 3483 cogitantes,
1127 3424 1181 3468 et
1199 3413 1567 3468 mandatorum
1594 3414 1920 3480 facilitatem,
1947 3417 2191 3485 praemio-

601 3518 823 3574 rumque
853 3514 974 3573 post
1002 3504 1214 3574 impleta
1244 3506 1492 3559 mandata
1521 3508 1835 3575 promissam
1866 3509 2187 3577 magnitudi-

602 3612 723 3650 nem
758 3613 772 3650 :
804 3596 897 3651 sed
938 3597 1234 3666 vigilemus,
1286 3607 1341 3651 et
1386 3596 1700 3653 festinemus
1745 3600 1809 3653 ad
1853 3601 2190 3670 exsequenda

605 3687 852 3741 mandata
879 3703 909 3740 a
942 3688 1049 3742 Deo
1079 3688 1231 3742 nobis
1262 3689 1451 3742 tradita
1484 3708 1496 3743 :
1523 3697 1578 3743 et
1604 3705 1672 3745 ne
1701 3690 2027 3746 dimittamus
2057 3693 2189 3758 vias,

610 3793 743 3844 quas
788 3779 855 3831 ad
883 3778 1255 3847 perficiendam
1297 3780 1594 3833 animarum
1622 3790 1922 3835 nostrarum
1965 3782 2190 3837 salutem

608 3870 1065 3938 pi-zescripsit,sed
1096 3881 1335 3939 tempore
1370 3872 1493 3925 vitae
1530 3882 1724 3925 nostra:
1751 3873 1890 3942 quod
1932 3874 2193 3943 reliquum

604 3974 718 4027 est,
747 3954 879 4015 bene
918 3971 1147 4027 utamur,
1179 3972 1233 4017 et
1262 3974 1475 4032 peccata
1513 3963 1808 4030 abluamns,
1849 3974 1903 4018 et
1949 3981 2192 4035 magnam

606 4054 761 4107 nobis
787 4054 1032 4108 fiduciam
1092 4056 1235 4123 prius
1284 4056 1639 4124 acquiramus,
1671 4057 2008 4126 maximeque
2054 4072 2194 4111 nunc

604 4162 725 4201 cum
757 4146 927 4202 adhuc
950 4148 1158 4202 residua
1188 4156 1270 4202 est
1294 4147 1717 4217 Quadragesimm
1748 4163 1888 4217 pars.

681 4239 734 4292 6.
768 4238 1029 4292 Modicum
1059 4250 1253 4308 tempus
1277 4241 1455 4310 suﬁicit
1492 4241 1559 4291 ad
1608 4242 1968 4311 paenitendum.
2003 4241 2193 4295 Mentio

614 4329 673 4395 ﬁt
712 4329 774 4381 de
803 4330 1131 4398 confessione.
1161 4359 1231 4369 --
1268 4330 1449 4399 Neque
1478 4331 1618 4383 enim
1650 4346 1842 4399 parvus
1881 4340 1962 4385 est
1988 4331 2192 4386 dierum

619 4434 873 4473 numerus
913 4421 1001 4489 qui
1047 4428 1253 4484 restat,
1295 4422 1336 4474 si
1391 4422 1718 4475 voluerimus
1771 4437 2056 4491 parumper
2105 4439 2191 4476 re—

615 4509 888 4577 sipiscere.
942 4510 1053 4564 Hoc
1086 4520 1263 4564 autem
1310 4511 1460 4575 dixi,
1513 4528 1614 4564 non
1670 4512 1808 4580 quod
1833 4512 2002 4565 solum
2046 4522 2192 4566 tanto

613 4611 851 4669 tempore
897 4617 1030 4669 opus
1070 4601 1263 4655 habeat
1303 4612 1637 4670 peccatorum
1671 4612 1970 4657 nostrorum
2014 4619 2193 4657 corre-

609 4694 736 4759 ctio,
771 4694 861 4748 sed
894 4698 1013 4763 quia
1034 4694 1312 4747 Dominum
1336 4693 1591 4748 habemus
1617 4694 1931 4750 clementem
1959 4704 2014 4750 et
2039 4696 2191 4750 beni-

611 4801 770 4852 gnum
802 4787 889 4853 qui
920 4800 1023 4838 non
1068 4785 1265 4853 indiget
1297 4786 1464 4838 multo
1495 4794 1770 4854 tempore;
1799 4787 1842 4841 si
1882 4787 2040 4841 modo
2069 4802 2189 4841 cum

614 4893 805 4947 magno
835 4877 1040 4931 fervore
1068 4886 1121 4931 et
1148 4877 1415 4945 vigilantia
1441 4877 1506 4931 ad
1538 4878 1706 4946 ipsum
1734 4879 2068 4942 accedamus,
2100 4895 2190 4934 re-

612 4970 768 5036 jectis
803 4969 1147 5022 saecularibus
1174 4970 1315 5021 curis
1340 4968 1586 5021 omnibus
1611 5010 1624 5031 ,
1656 4978 1709 5021 et
1738 4984 1968 5037 superno
1994 4968 2191 5022 auxilio

617 5060 744 5109 nisi.
774 5057 904 5109 Nam
947 5066 1001 5110 et
1042 5056 1286 5110 Ninivita:
1315 5066 1456 5109 tanta
1490 5065 1825 5124 peccatorum
1855 5057 2192 5111 multitudine

612 5151 877 5217 aggravati
902 5190 918 5214 ,
967 5150 1088 5218 quia
1114 5164 1358 5218 magnam
1386 5158 1440 5203 et
1464 5164 1642 5202 veram
1677 5149 2039 5216 pmoiteutiam
2062 5164 2187 5218 ege-

617 5252 739 5294 runt
787 5240 954 5302 (Jan.
989 5241 1171 5308 5.10)
1204 5281 1217 5304 ,
1252 5256 1356 5294 non
1400 5255 1534 5309 opus
1578 5241 1874 5293 habuerunt
1929 5242 2189 5309 ampliore

614 5350 771 5401 quam
794 5334 951 5386 trium
967 5332 1170 5386 dierum
1201 5342 1439 5401 tempore
1464 5333 1527 5385 ad
1560 5333 1945 5401 provocandam
1977 5332 2069 5387 Dei
2097 5332 2191 5386 bo-

612 5425 851 5487 nitatem,
884 5433 939 5476 et
962 5423 1164 5476 irritam
1191 5422 1535 5486 reddendam,
1562 5439 1679 5492 quae
1705 5423 1982 5477 adversum
2009 5437 2066 5477 se
2089 5424 2190 5476 lata

616 5525 731 5568 erat
754 5556 769 5578 ,
800 5514 1141 5567 sententiam.
1173 5514 1238 5567 Et
1266 5513 1390 5582 quid
1422 5514 1543 5568 dico
1576 5556 1591 5579 ,
1627 5514 1874 5568 Ninivitae
1901 5516 1923 5567 ‘.’
1952 5514 2110 5568 Latro
2140 5515 2190 5568 in

619 5622 775 5661 cruce
797 5620 976 5675 neque
1005 5622 1113 5661 uno
1134 5606 1220 5659 die
1244 5621 1377 5674 opus
1398 5606 1601 5661 habuit.
1646 5606 1714 5661 Et
1737 5608 1862 5677 quid
1902 5608 2023 5662 dico
2055 5649 2069 5671 ,
2102 5606 2191 5662 die

622 5712 733 5753 uno
746 5697 767 5747 ’ἒ
784 5693 971 5766 Neque
984 5695 1130 5754 brevi
1148 5697 1300 5757 hora.
1325 5696 1500 5756 Tanta
1548 5709 1630 5755 cst
1658 5700 1748 5757 Dei
1776 5715 1898 5771 erga
1922 5715 2019 5756 nos
2044 5699 2194 5755 beni-

1317 292 1373 348 S.
1415 290 1692 345 JOANNIS
1729 286 2205 344 CHRYSOSTOMI
2244 284 2560 340 ARCHIEP.
2602 282 3137 339 CONSTANTINOP.

3744 279 3855 332 2.3

2266 398 2468 468 gnitas!
2497 397 2625 452 Nam
2645 398 2733 452 ubi
2758 398 2948 452 viderit
2970 397 3254 452 voluntatis
3279 405 3475 451 nostra:
3493 395 3700 450 firmum
3725 412 3859 466 pro—

2269 490 2499 559 positum
2529 530 2545 555 ,
2592 500 2645 544 et
2673 489 2895 543 ferventi
2918 503 3016 542 nos
3039 488 3306 542 desiderio
3333 487 3397 541 ad
3438 503 3498 542 se
3548 488 3803 541 accedere
3830 527 3855 551 .

2273 596 2381 633 ηοη
2418 580 2625 643 tardat,
2669 596 2841 649 neque
2878 580 3057 633 differt
3084 598 3097 632 :
3122 579 3213 633 sed
3257 578 3519 633 accelerat
3550 621 3565 644 ,
3593 594 3859 648 suamque

2271 673 2477 727 solitam
2510 672 2878 725 liberalitatem
2908 671 3189 735 exhibens,
3219 670 3380 725 dicit:
3412 670 3592 724 Adhuc
3619 671 3860 739 loquente

2272 772 2319 815 te
2339 762 2503 815 dicam
2536 778 2554 814 :
2579 761 2706 814 Ecce
2734 762 2912 814 adsum
2932 760 3082 832 (Isai.
3106 760 3193 815 58.
3226 760 3304 830 9).

2345 853 2526 922 Itaque
2552 853 2893 906 cxauditurus
2916 861 2997 906 est
3021 862 3073 907 et
3094 866 3211 917 nos,
3236 853 3278 905 si
3297 852 3618 908 voluerimus
3641 852 3691 905 in
3720 867 3857 921 pau-

2271 946 2349 1001 cis
2372 946 2559 1000 diebus
2592 946 2705 1000 istis
2748 945 2906 999 studii
2936 945 3205 1013 specimen
3234 944 3497 1014 quoddam
3527 943 3751 1008 afferre,
3800 956 3861 998 et

2270 1038 2454 1104 jejunii
2480 1037 2715 1091 subsidio
2741 1053 2843 1090 non
2866 1036 3030 1101 abuti,
3046 1048 3202 1105 atque
3218 1051 3436 1090 excussa
3458 1036 3699 1090 socordia
3716 1052 3854 1090 cou-

2275 1127 2436 1179 tinuis
2457 1126 2698 1193 precibus
2718 1128 2925 1194 placare
2944 1127 3223 1180 Dominum
3240 1167 3256 1191 ,
3282 1126 3509 1179 fervidas
3531 1126 3855 1195 profundere

2276 1214 2557 1287 lacrymas,
2574 1216 2761 1270 delicta
2787 1227 2963 1271 nostra
2987 1217 3171 1271 sedulo
3196 1216 3453 1281 confiteri,
3475 1218 3621 1286 quasi
3643 1216 3861 1272 medico

2277 1322 2573 1374 proponere
2600 1318 2778 1360 noStra
2811 1308 3046 1370 vulnera,
3071 1316 3125 1361 et
3146 1308 3440 1361 animarum
3469 1307 3642 1361 ulcera
3667 1308 3859 1362 decla-

2278 1416 2397 1453 rare
2426 1443 2439 1463 ,
2467 1416 2567 1454 nec
2594 1401 2825 1470 abjicere
2856 1416 3012 1469 quam
3033 1400 3117 1452 ille
3144 1400 3236 1453 dat
3260 1400 3597 1465 medicinam,
3623 1414 3719 1455 nec
3746 1414 3861 1455 non

2276 1500 2328 1546 et
2358 1491 2457 1544 alia
2498 1508 2615 1560 qua:
2654 1507 2682 1544 a
2723 1492 2873 1546 nobis
2904 1492 3186 1561 exiguntur
3215 1491 3406 1545 afferre
3434 1507 3449 1546 :
3482 1492 3863 1545 contritioncm

2278 1582 2473 1641 cordis.
2497 1584 2958 1651 compunctionem
2986 1598 3185 1648 veram,
3214 1583 3411 1651 largam
3434 1583 3862 1654 eleemosynam;

2278 1676 2587 1729 affectiones
2614 1692 2730 1745 qua:
2763 1686 2994 1730 mentem
3025 1684 3258 1728 nostram
3296 1675 3647 1730 interturbant
3685 1676 3861 1731 refre-

2280 1784 2426 1827 nare.
2455 1779 2505 1820 et
2532 1784 2596 1820 ex
2627 1768 2799 1821 anima
2826 1767 3136 1831 eliminare;
3167 1768 3235 1821 ita
3266 1775 3327 1822 ut
3353 1783 3526 1837 neque
3551 1767 3861 1823 divitiarum

2279 1859 2568 1926 cupiditate
2596 1876 2956 1929 expugnemur
2976 1902 2989 1923 ,
3018 1877 3188 1929 neque
3227 1860 3447 1929 injurias
3484 1862 3656 1917 illatas
3679 1862 3861 1916 viridi-

2280 1966 2402 2004 care
2428 1952 2703 2017 cupiamus
2729 1993 2741 2011 .
2770 1967 2939 2019 neque
2971 1951 3231 2005 hostiliter
3261 1952 3310 2003 in
3352 1953 3649 2020 proximum
3688 1953 3870 2007 affecti

2282 2044 2468 2096 simus.
2497 2042 2637 2096 Nihil
2664 2044 2827 2106 enim,
2859 2043 2985 2096 nihil
3014 2044 3191 2112 utique
3215 2045 3449 2096 omnium
3481 2044 3618 2098 Deus
3648 2045 3718 2098 ita
3754 2045 3871 2097 odit

2281 2144 2334 2187 et
2356 2144 2646 2201 averSatur,
2674 2144 2732 2188 ut
2758 2135 3023 2188 hominem
3050 2135 3261 2189 ultionis
3280 2135 3514 2200 avidum,
3538 2137 3661 2190 etin
3684 2138 3871 2190 animo

2282 2239 2381 2276 suo
2409 2234 2688 2292 perpetuas
2717 2223 2971 2277 adversus
3009 2225 3308 2294 proximum
3347 2235 3646 2280 servantem
3688 2228 3871 2281 inimi-

2281 2315 2454 2367 citias.
2482 2314 2711 2367 Tantum
2739 2315 2881 2369 enim
2907 2317 3021 2382 ejus
3048 2317 3247 2383 peccati
3276 2316 3526 2369 damnum
3556 2327 3658 2382 est,
3688 2328 3745 2383 ut
3772 2322 3874 2371 mi-

2284 2406 2631 2461 sericordiam
2676 2408 2766 2461 Dei
2810 2419 3063 2470 revocet,
3111 2424 3209 2462 nec
3252 2409 3425 2464 locum
3471 2410 3667 2465 habere
3704 2414 3867 2465 sinat.

2285 2496 2437 2563 Quod
2465 2506 2525 2551 ut
2550 2499 2751 2565 sciatis,
2777 2500 3133 2569 evangelicam
3165 2501 3315 2555 vobis
3344 2502 3642 2575 parabolam
3670 2504 3871 2568 refero,

2285 2589 2554 2656 quomodo
2584 2588 2675 2644 ille
2704 2589 2887 2643 decem
2929 2591 3150 2645 millium
3183 2592 3499 2646 talentorum
3528 2594 3756 2659 debitor,
3789 2613 3877 2649 re-

2288 2679 2594 2735 missionem
2612 2682 2847 2735 omnium
2865 2699 2893 2734 a
2908 2681 3123 2736 domino
3143 2694 3499 2753 consequutus
3520 2686 3605 2745 sit,
3622 2688 3870 2755 procidit,

2287 2782 2341 2825 et
2370 2772 2563 2825 oravit.
2608 2772 2956 2825 Misericordia
2996 2774 3137 2827 enim
3178 2785 3371 2839 motus,
3410 2777 3609 2844 inquit,
3638 2778 3878 2830 dominus

2290 2863 2396 2931 ejus
2419 2903 2434 2927 ,
2466 2866 2615 2916 etiam
2640 2862 2856 2916 debitum
2884 2865 2929 2916 ei
2957 2865 3145 2919 remisit
3174 2864 3383 2934 (Matth.
3419 2867 3504 2920 18.
3537 2866 3649 2936 27).
3684 2868 3877 2923 Vidisti

2291 2955 2706 3009 misericordiam
2728 2956 2969 3010 domini?
2995 2956 3088 3011 llle
3115 2958 3357 3026 procidit,
3382 2968 3435 3011 et
3462 2961 3666 3031 rogavit
3693 2972 3747 3015 nt
3770 2962 3880 3016 louc

2289 3045 2404 3113 gius
2435 3046 2533 3100 sibi
2560 3054 2766 3115 tempus
2795 3049 3163 3116 pru'finiretur.
3198 3048 3501 3103 Patientiam
3528 3052 3652 3104 habe
3679 3054 3731 3106 in
3762 3071 3842 3106 me
3860 3097 3875 3120 ,

2294 3136 2491 3204 inquit,
2524 3147 2568 3189 et
2594 3140 2761 3190 omnia
2788 3139 2876 3191 tibi
2900 3140 3125 3193 reddam.
3158 3140 3261 3194 Sed
3293 3141 3462 3195 bonus
3486 3143 3752 3207 dominus,
3787 3146 3879 3198 mi-

2292 3229 2520 3281 sericors
2543 3269 2557 3291 ,
2588 3229 2861 3299 nostrique
2890 3245 3069 3284 curam
3097 3245 3259 3300 agens
3279 3274 3291 3293 ,
3323 3231 3542 3301 supplici
3578 3234 3839 3302 propitius
3861 3276 3878 3301 ,

2294 3338 2397 3374 non
2441 3322 2608 3374 solum
2649 3332 2901 3391 quantum
2934 3324 3108 3393 petiit,
3141 3324 3233 3378 sed
3263 3337 3515 3393 quantum
3551 3344 3617 3381 ne
3645 3329 3881 3397 cogitare

2294 3412 2507 3480 quidem
2550 3429 2710 3468 ausus
2740 3414 2872 3480 fuit,
2904 3415 3067 3470 dedit.
3101 3416 3148 3469 Is
3179 3417 3321 3471 enim
3364 3417 3479 3485 ejus
3522 3434 3637 3473 mos
3671 3429 3755 3473 est
3777 3461 3792 3481 ,
3826 3430 3881 3473 ut

2296 3504 2506 3565 vincat,
2544 3512 2597 3557 et
2636 3507 2930 3574 przeveniat
2970 3508 3252 3575 petitiones
3292 3520 3519 3560 nostras.
3568 3509 3659 3562 Illo
3703 3512 3881 3580 itaque

2295 3604 2481 3647 orante
2509 3604 2567 3647 ut
2592 3597 2927 3650 severitatem
2959 3596 3202 3652 dominus
3233 3599 3554 3659 remitteret,
3581 3609 3635 3654 et
3661 3603 3882 3669 promit-

2298 3694 2440 3739 tente
2467 3687 2761 3740 soluturum
2793 3704 2850 3741 se
2875 3689 3072 3752 omnia,
3107 3689 3354 3745 dominus
3383 3692 3615 3745 bonitate
3639 3706 3736 3745 sua
3766 3694 3884 3746 vin-

2296 3790 2423 3830 cens
2446 3786 2621 3830 nostra
2648 3777 2861 3844 delicta,
2892 3779 3253 3834 misericordia
3282 3790 3474 3846 motus,
3502 3782 3704 3836 dimisit
3732 3799 3882 3849 eum,

2295 3866 2640 3936 debitumque
2671 3877 2836 3922 totum
2861 3870 2909 3924 ei
2937 3870 3159 3924 remisit.
3190 3871 3377 3926 Vidisti
3403 3872 3526 3940 quid
3555 3889 3742 3928 servus
3761 3890 3884 3928 ora-

2296 3959 2451 4022 verit,
2476 3969 2529 4011 et
2548 3969 2798 4027 quantum
2820 3961 2869 4015 ei
2890 3960 3138 4015 dominus
3156 3961 3450 4016 dimiserit?
3472 3964 3599 4017 Vide
3619 3979 3649 4018 e
3669 3964 3884 4019 diverso

2297 4059 2352 4103 et
2393 4051 2531 4104 servi
2575 4052 2906 4105 insolentiam
2939 4070 2953 4106 :
2983 4068 3103 4107 cum
3147 4054 3367 4109 deberet
3404 4056 3544 4108 enim
3589 4056 3881 4111 secundum

2299 4150 2499 4198 tantam
2527 4143 2904 4212 benignitatem
2926 4155 2978 4198 et
3006 4145 3320 4199 ineffabilem
3352 4147 3749 4202 beneficentiam
3779 4151 3882 4205 sibi

2298 4236 2606 4300 exhibitam,
2637 4246 2691 4290 et
2717 4238 2828 4305 ipse
2852 4253 2976 4308 erga
3005 4240 3301 4307 proximum
3329 4240 3465 4296 bene
3493 4242 3712 4297 affectus
3734 4259 3880 4309 esse,

2297 4330 2566 4383 contrario
2596 4345 2813 4397 prorsus
2840 4331 2998 4384 modo
3024 4348 3081 4385 se
3106 4334 3287 4400 gessit.
3313 4331 3560 4403 Egressus
3584 4337 3724 4388 enim
3749 4377 3762 4400 ,
3794 4336 3882 4390 iu-

2297 4423 2411 4491 quit
2435 4464 2449 4486 ,
2478 4423 2564 4475 ille
2588 4422 2609 4491 “(
2634 4421 2712 4475 lb.
2740 4440 2786 4475 v.
2814 4423 2883 4477 28
2904 4423 2940 4493 ),
2971 4424 3060 4492 qui
3090 4423 3272 4477 decem
3310 4425 3529 4478 millium
3560 4425 3880 4480 talentorum

2299 4514 2664 4567 remissionem
2697 4506 3012 4582 assequutus
3052 4522 3185 4568 erat.
3213 4514 3435 4579 Audite,
3465 4515 3689 4569 obsecro
3713 4556 3728 4578 ,
3753 4515 3881 4571 dili-

2297 4615 2484 4672 genter
2510 4621 2522 4655 :
2552 4619 2669 4672 qum
2694 4603 2768 4655 illi
2795 4603 3121 4665 acciderunt,
3146 4604 3406 4659 sufficiunt
3430 4605 3494 4658 ad
3517 4607 3883 4674 corripiendas

2299 4694 2504 4748 animas
2535 4705 2775 4760 nostras,
2806 4708 2859 4749 et
2888 4694 2953 4748 ad
2989 4695 3411 4763 persuadendum
3442 4705 3497 4749 ut
3524 4698 3737 4750 tollatur
3761 4714 3883 4767 gra-

2297 4788 2376 4839 vis
2413 4786 2498 4840 ille
2543 4786 2762 4839 morbus
2804 4803 2833 4838 e
2872 4796 3049 4840 mente
3089 4796 3289 4840 nostra.
3319 4787 3421 4841 Hic
3448 4788 3641 4857 igitur,
3670 4789 3882 4859 inquit,

2297 4895 2524 4948 egressus
2561 4879 2744 4931 invenit
2783 4895 2940 4930 unum
2967 4895 2991 4931 e
3020 4880 3267 4933 conservis
3313 4883 3415 4932 suis
3439 4922 3454 4945 ,
3486 4881 3571 4949 qui
3606 4881 3812 4934 debebat
3842 4885 3886 4935 ei

2298 4978 2493 5021 centum
2528 4969 2781 5022 denarios.
2815 4967 2949 5023 Vide
2976 4979 3229 5038 quantum
3261 4970 3498 5023 interi-st.
3541 4971 3637 5025 llic
3664 4986 3885 5027 cuneor-

2299 5074 2396 5113 vus
2429 5059 2657 5113 debebat
2693 5070 2902 5113 centum
2937 5059 3216 5124 denarios,
3249 5060 3355 5115 illic
3381 5061 3631 5114 dominus
3656 5073 3772 5115 erat
3796 5065 3881 5131 qui

2298 5150 2569 5218 repetebat
2598 5150 2781 5204 decem
2808 5151 2971 5204 millia
2999 5151 3315 5205 talentorum
3345 5170 3356 5204 :
3386 5152 3733 5207 nihilominus
3763 5156 3877 5223 quia

2300 5242 2431 5295 vidit
2456 5240 2839 5309 supplicantem
2862 5252 2915 5295 et
2939 5252 3200 5307 orantem,
3228 5242 3446 5296 dimisit.
3471 5245 3540 5297 At
3564 5248 3665 5297 iste
3688 5244 3885 5312 Appre-

2302 5333 2510 5385 liensum
2539 5348 2733 5385 servum
2758 5331 3037 5397 su/Tocabat
3057 5374 3069 5394 ,
3102 5334 3271 5387 dicens
3298 5350 3317 5386 :
3344 5333 3519 5388 Redde
3546 5336 3670 5388 mihi
3694 5337 3740 5389 si
3766 5338 3888 5407 quid

2301 5423 2465 5476 debes.
2493 5423 2628 5491 Quid
2670 5424 2858 5493 igitur?
2892 5422 3169 5477 Procidens
3190 5467 3203 5489 ,
3234 5424 3435 5494 inquit,
3476 5442 3741 5480 conseram
3778 5430 3885 5498 ejus

2300 5513 2464 5582 (Ibid.
2493 5531 2539 5567 v.
2571 5514 2686 5584 ‘29).
2712 5514 2845 5569 Vide
2869 5514 3135 5584 quomodo
3162 5516 3385 5571 subinde
3411 5518 3735 5588 evangelista
3762 5534 3883 5573 vcr-

2299 5609 2448 5673 bum,
2480 5607 2778 5672 Conservus,
2803 5617 2995 5671 versat,
3025 5624 3129 5663 non
3165 5618 3385 5676 temere,
3415 5611 3507 5665 sed
3538 5619 3593 5664 ut
3618 5611 3884 5666 discamus

2304 5700 2427 5754 illos
2455 5714 2612 5767 pares
2637 5700 2856 5757 ouinirio
2886 5697 3068 5756 fuisse.
3104 5699 3476 5759 Verumtamen
3510 5692 3809 5759 conservus
3837 5706 3882 5758 ei
