4062 6396
65 357 156 413 ἓέτ
1177 351 1245 409 IN
1280 349 1433 406 CAP.
1499 343 1572 398 1X
1631 337 1878 398 GENES.
1920 338 2152 394 IIOMIL.
2193 333 2410 392 XXVII.

73 475 156 528 καὶ
189 473 614 539 πληθύνεσθε,
643 471 742 526 καί
763 471 1123 538 πληρώσατε
1149 469 1266 538 τὴν
1293 467 1432 538 γῆν,
1457 461 1556 518 καί
1581 473 1752 514 κατα-

72 563 430 629 κιφεεύσατε
459 561 650 630 αὐτῆς
674 579 688 592 ·
721 561 817 631 τύχ
851 560 1036 624 ἁπλῶς
1066 556 1238 622 εἶπεν,
1278 557 1463 627 Ὑμεῖς
1490 555 1577 620 δὲ,
1619 550 1754 608 ἀλλά

77 652 360 722 μονονουχὶ
381 651 580 720 λέγων,
617 652 776 722 ὑμεῖς
803 653 853 704 οἱ
893 651 1084 719 ὀλίγοι,
1111 651 1160 704 οί
1190 649 1542 721 εὐαρίθμητοι
1575 648 1753 700 πᾶσαν

73 741 160 810 τὴν
193 743 312 808 γῆν
361 739 713 810 πληρώσατε,
768 739 861 793 καὶ
889 737 1357 809 κατακυριεύσατε
1386 737 1576 806 αὐτῆς,
1609 733 1753 787 τοῦτ’

81 829 204 890 ἔστι,
239 827 349 898 τὴν
391 827 566 898 ἀρχὴν
592 827 765 898 ἔχετε,
795 826 892 880 καὶ
938 827 1037 898 τὴν
1070 824 1335 892 ἐξουσίαν,
1370 824 1465 876 καὶ¹
1493 823 1590 894 τὴν
1617 821 1753 876 ἀπό-

78 919 279 972 λαυσιν.
317 915 464 987 Ὅρα
489 931 578 986 μοι
603 914 738 969 Θεοῦ
761 914 1188 984 φιλανθρωπίαν,
1221 913 1339 976 πῶς
1369 911 1631 982 πρότερον
1669 926 1758 979 με-

79 1009 240 1074 γάλας
271 1006 380 1070 τὰς
408 1005 728 1076 εὐεργεσίας
765 1004 1133 1075 δωρούμενος,
1168 1002 1288 1055 τότε
1331 1002 1426 1054 καὶ
1470 999 1632 1070 νόμον
1662 999 1757 1050 καὶ

81 1095 292 1165 ἐντολὴν
327 1095 532 1148 δίδωσι.
577 1095 688 1147 Καὶ
725 1095 972 1162 καθάπερ
1017 1093 1108 1144 ἐπὶ
1139 1090 1232 1144 τοῦ
1276 1088 1480 1158 Ἀδάμ,
1529 1087 1663 1156 μετὰ
1694 1085 1757 1136 τὺ

82 1186 468 1254 ἐγκατοικῆσαι
503 1195 530 1223 ι
556 1184 614 1234 ἐν
637 1183 714 1252 τῷ
747 1180 1074 1252 παραδείσῳ,
1099 1180 1192 1233 καὶ
1221 1177 1320 1248 τὴν
1341 1175 1606 1242 τοσαύτην
1627 1173 1756 1228 ἀπό-

81 1275 260 1325 λαυσιν
285 1269 621 1342 χαρίσασθαι
651 1311 665 1333 ,
711 1270 834 1324 τότε
867 1270 968 1338 τὴν
1001 1269 1209 1338 άποχὴν
1236 1265 1329 1319 τοῦ
1370 1264 1526 1332 ξύλου
1556 1262 1754 1317 ἐνετεί-

81 1363 230 1413 λατο·
257 1359 526 1442 οῦτωοκαὶ
557 1353 788 1412 ἐνταῦθα
822 1358 959 1430 μετὰ
982 1358 1042 1410 τὸ
1069 1354 1398 1426 ὑποσχέσθαι
1431 1353 1626 1424 μηκέτι
1646 1369 1757 1404 τοι·

83 1451 244 1520 αὐτην
272 1441 503 1517 ἐπάξειν
533 1449 928 1520 πανωλεθρίαν,
954 1446 1087 1518 μηδὲ
1107 1443 1478 1514 ἀγανάκτησιν
1505 1441 1758 1510 τοιαύτην

85 1537 469 1604 ἐπιδείξασθαι,
509 1535 642 1590 ἀλλά
692 1535 927 1605 ἀκίνητα
979 1533 1142 1604 μέχρι
1187 1533 1286 1602 τῆς
1332 1529 1636 1591 συντελείας
1665 1528 1760 1597 ἐᾷν

87 1628 298 1679 ᾶπαντα
322 1625 396 1678 τὰ
426 1627 662 1693 στοιχεῖα
685 1623 978 1691 διαμένειν,
1013 1621 1243 1673 ἕκαστον
1284 1619 1374 1672 τὸν
1419 1605 1615 1670 οἰκεῖον
1642 1615 1762 1686 δρό-

91 1733 176 1783 μον
209 1714 314 1766 καὶ
335 1713 437 1783 τὴν
468 1712 675 1764 οἰκείαν
707 1708 861 1774 τάξιν
885 1707 1304 1778 ἀποπληροῦντα
1329 1745 1342 1767 ,
1393 1707 1487 1757 καὶ
1515 1703 1762 1772 εὐλογίας

88 1806 274 1865 αὖτοὺς
299 1799 559 1866 ἀξιῶσαι.
600 1801 692 1852 καί¹
719 1798 816 1868 τὴν
852 1795 1084 1868 ἀρχαίαν
1121 1793 1368 1860 ἐξουσίαν
1416 1792 1760 1862 δωρήσασθαι

87 1891 170 1956 τὴν
197 1889 347 1940 κατά
370 1886 483 1938 τῶν
515 1885 722 1951 ἀλόγων
746 1885 1025 1948 ἁπάντων,
1052 1883 1144 1935 καὶ
1170 1883 1270 1951 τῆς
1297 1879 1642 1950 κρεωφαγίας
1663 1878 1762 1948 τὴν

89 1977 262 2028 ἄδειαν
319 1977 646 2045 παρασχεῖν,
701 1973 822 2026 τότε
855 1971 1010 2040 φησὶ,
1047 1969 1220 2034 Πλὴν
1249 1966 1426 2034 κρέας
1455 1967 1525 2020 ἐν
1561 1966 1761 2034 αἵματι

89 2061 290 2131 ψυχῆς
307 2065 384 2115 οὐ
413 2060 695 2130 φάγεσθε.
731 2055 884 2121 Εἶδες
921 2057 1037 2119 πῶς
1070 2055 1335 2125 πρότερον
1364 2054 1642 2122 εὐεργετεί
1669 2051 1762 2104 καὶ

89 2153 176 2215 τὴν
199 2149 522 2221 φιλοτιμίαν
547 2149 751 2217 ἄφατον
771 2146 1172 2206 ἐπιδείκνυται,
1191 2144 1284 2196 καὶ
1312 2143 1430 2195 τότε
1461 2141 1759 2204 ἐπιτάττει;

91 2241 256 2293 καίτοι
289 2255 354 2306 γε
382 2237 471 2291 ἐπ’
497 2237 798 2308 ἀνθρώπων
835 2235 936 2287 οὐκ
977 2233 1042 2286 ἄν
1074 2249 1202 2285 ποτε
1249 2229 1402 2283 τοῦτο
1449 2229 1674 2294 γένοιτο.
1703 2230 1764 2281 υἱ

92 2327 190 2398 γὰρ
217 2326 504 2398 ἄνθρωποι
535 2326 801 2394 πρότερον
827 2321 1110 2393 βούλονται
1145 2319 1211 2373 τά
1250 2319 1380 2390 παρ’
1413 2317 1618 2370 ἑαυτῶν
1648 2319 1768 2370 ἐπι-

94 2415 392 2483 ταττόμενα
441 2415 520 2476 εἰς
561 2411 719 2483 ἔργον
749 2409 997 2479 ἐκϐῆναι,
1038 2408 1134 2462 καὶ
1167 2405 1363 2477 πολλὴν
1395 2402 1766 2468 ἐπιδείξασθαι

93 2502 180 2572 τήν
225 2501 446 2555 εὔνοιαν
500 2501 628 2561 τοὺς
673 2498 744 2552 τὰ
771 2496 1118 2566 ἐπιτάγματα
1177 2493 1519 2563 δεχομένους,
1557 2491 1647 2545 καὶ
1669 2490 1767 2562 τὴν

95 2590 286 2642 τούτων
302 2589 658 2658 ἐκπλήρωσιν
687 2585 1062 2656 ποιουμένους,
1095 2583 1189 2636 καὶ
1220 2581 1340 2635 τότε
1375 2579 1484 2650 ἄρα
1510 2579 1770 2649 ἀμείϐεσ-

95 2679 174 2729 θαι
207 2679 335 2740 τοὺς
358 2675 564 2745 πολλὴν
595 2674 692 2745 τὴν
733 2673 976 2742 ὑπακοὴν
1025 2669 1486 2740 ἐπιδειξαμένους.
1533 2668 1657 2720 Ἐπὶ
1710 2667 1768 2720 δέ

95 2763 176 2816 τοῦ
237 2764 428 2817 κοινοῦ
487 2764 706 2818 πάντων
765 2761 1036 2813 Δεσπότου
1077 2759 1138 2811 τὸ
1177 2757 1418 2811 ἐναντίον
1439 2775 1452 2788 ο
1508 2755 1770 2826 πρότερον

95 2851 368 2921 εὐεργετεῖ
389 2851 484 2903 καὶ
517 2849 595 2920 τῷ
627 2850 820 2920 πλήθει
862 2848 968 2900 τῶν
1001 2845 1327 2916 εὐεργεσιῶν
1361 2843 1644 2912 ἐφέλκεται
1673 2842 1770 2913 τὴν

95 2939 362 3009 ἡμετέραν
407 2937 592 3005 φύσιν,
627 2937 723 2989 καὶ
756 2937 875 2990 τότε
909 2935 1088 3003 κοῦφα
1116 2933 1211 2986 καί⁴
1268 2931 1423 3001 ῥᾴδια
1473 2929 1768 2988 ἐπιτάττει,

95 3026 175 3078 ἵνα
209 3027 304 3079 καὶ
331 3027 404 3095 τῇ
433 3023 654 3093 εὐκολίᾳ
685 3023 796 3075 τῶν
837 3020 1227 3090 ἐπιταγμάτων
1261 3017 1354 3070 καὶ
1376 3018 1498 3078 ταῖς
1524 3014 1772 3086 παραλα-

97 3113 311 3175 ϐοῦσαις
345 3111 692 3182 εὐεργεσίαις
743 3108 1193 3180 διεγηγερμένοι,
1244 3105 1381 3176 πρὸς
1424 3104 1524 3175 τὴν
1567 3105 1772 3174 τούτων

99 3199 326 3272 ἐπειχθῶ
333 3217 438 3270 μεν
469 3197 840 3268 ἐκπλήρωσιν.

160 3289 250 3358 Μὴ
274 3289 460 3340 τοίνυν
492 3285 825 3357 ρᾳθυμῶμεν
851 3323 866 3346 ,
917 3281 1212 3351 ἀγαπητοὶ,
1249 3281 1384 3351 μηδέ
1428 3279 1772 3350 όκνηρότεροι

97 3375 374 3444 γινώμεθα
409 3374 540 3442 περὶ
562 3372 662 3444 τὴν
695 3371 942 3442 ὑπακοὴν
966 3369 1076 3422 τῶν
1111 3367 1532 3438 ἐπιταχθέντων,
1557 3368 1652 3420 καὶ
1677 3365 1774 3428 τὰς

97 3461 520 3535 παραλαϐούσας
573 3460 894 3530 εὐεργεσίας
926 3455 1288 3526 λογιζόμενοι,
1333 3455 1556 3508 καὶτῶν
1587 3457 1776 3507 ἐπιτα-

97 3551 317 3620 γμάτων
337 3547 439 3618 τὴν
458 3546 730 3608 εὐκολίαν,
758 3545 851 3598 καί
882 3543 989 3598 τῶν
1013 3542 1356 3610 ἐπαγγελιῶν
1383 3541 1490 3595 τῶν
1519 3540 1657 3612 μετὰ
1677 3539 1774 3610 τὴν

100 3638 448 3708 ἐκπλήρωσιν
479 3637 612 3706 ἡμῖν
639 3631 1084 3703 τεταμιευμένων
1117 3631 1178 3683 τὸ
1211 3629 1440 3701 μέγεθος
1463 3645 1479 3662 ε’
1514 3629 1649 3682 ἀλλὰ
1681 3629 1777 3698 νή-

99 3741 285 3795 φωμεν
315 3725 414 3778 καὶ
441 3723 571 3793 περὶ
599 3721 695 3790 τὴν
727 3720 992 3792 ἐργασίαν
1021 3717 1340 3786 σπεύδωμεν
1367 3716 1478 3769 τῶν
1510 3715 1658 3786 παρά
1681 3713 1775 3767 τοῦ

98 3811 226 3864 Θεοῦ
253 3809 562 3878 δεδομένων
587 3808 721 3878 ἡμῖν
750 3805 1012 3868 ἐντολῶν,
1047 3803 1143 3857 καὶ
1177 3803 1274 3864 τὰς
1303 3802 1472 3865 ὁδοὺς,
1500 3801 1564 3864 ἃς
1591 3799 1776 3870 ἐχαρί-

101 3915 224 3950 σατο
255 3901 324 3966 τῇ
359 3895 610 3966 ἡμετέρα
635 3894 794 3962 φύσει
825 3892 961 3962 πρὸς
989 3891 1089 3960 τὴν
1114 3891 1221 3942 τῶν
1249 3888 1435 3958 ψυχῶν
1467 3887 1622 3958 ἡμῶν
1655 3904 1779 3939 συν-

99 3983 359 4047 τελούσας
409 3981 704 4051 σωτηρίαν,
759 3980 832 4050 μὴ
861 3975 1338 4048 άποπεμψώμεθα,
1364 3975 1500 4028 ἀλλὰ
1537 3971 1613 4043 τῷ
1644 3975 1776 4025 ὑπο-

99 4071 404 4142 λειπομένῳ
429 4069 530 4140 τῆς
569 4068 714 4138 ζωῆς
740 4065 898 4136 ἡμῶν
921 4065 1096 4136 χρόνῳ
1127 4065 1208 4126 εἰς
1253 4061 1370 4114 δέον
1419 4062 1774 4132 χρησάμενοι,

103 4159 191 4213 καὶ
241 4159 314 4213 τὰ
349 4155 717 4229 ἡμαρτημένα
749 4151 1165 4221 ἀπονιψώμεθα,
1215 4147 1310 4202 καὶ
1335 4147 1534 4218 πολλήν
1569 4149 1781 4211 ἑαυτοῖς

105 4245 254 4318 [264]
279 4246 378 4317 τὴν
403 4243 719 4316 παρρησίαν
765 4238 1221 4312 πρωποθώμεθα,
1275 4237 1369 4289 καί¹
1402 4236 1635 4306 μάλιστα
1663 4234 1778 4300 νῦν,

105 4337 172 4399 ὡς
202 4336 288 4388 ἔτι
315 4333 576 4404 ἐνέστηκε
601 4331 662 4384 τὺ
693 4329 1012 4399 λειπόμενον
1033 4327 1132 4396 τῆς
1162 4323 1320 4394 ἁγίας
1343 4325 1782 4394 τεσσαρακοστῆς

173 4511 252 4575 ς’.
293 4508 428 4562 Οὑδέ
467 4507 578 4578 γὰρ
606 4506 786 4574 ὀλίγος
825 4503 974 4557 ἐστὶν
1007 4503 1036 4554 6
1073 4501 1182 4554 τῶν
1211 4497 1434 4569 ἡμερῶν
1478 4494 1710 4566 ἀριθμὸς
1754 4497 1783 4549 6

109 4597 551 4666 ὑπολειπόμενος,
583 4595 630 4646 εἰ
661 4591 1054 4662 βουληθείημεν
1081 4585 1272 4658 μικρὸν
1297 4583 1588 4652 ἀνανῆψαι.
1615 4583 1784 4634 Τοῦτο

107 4686 160 4738 δέ
185 4681 364 4747 εἶπον,
407 4683 509 4736 οὐκ
537 4681 724 4751 ἐπειδὴ
752 4677 1009 4732 τοσούτου
1035 4674 1228 4747 χρόνου
1273 4673 1431 4744 μόνον
1471 4671 1640 4724 δεῖται
1675 4670 1784 4723 τῶν

109 4771 516 4844 ἡμαρτημένων
546 4771 676 4840 ἡμῖν
704 4771 738 4838 ή
775 4767 1097 4838 διόρθωσις,
1135 4762 1248 4816 ἀλλ’
1289 4759 1475 4829 ἐπειδὴ
1511 4758 1784 4827 Δεσπότην

109 4861 303 4931 ἔχομεν
329 4857 710 4929 φιλάνθρωπον
753 4855 847 4908 καὶ
874 4854 1082 4924 ἥμερον
1110 4891 1124 4912 ,
1159 4850 1255 4903 καὶ
1294 4847 1355 4900 οὑ
1392 4847 1564 4899 δεῖται
1593 4845 1782 4914 χρόνου

111 4947 302 5001 πολλοῦ
327 4965 342 4979 ·
375 4947 535 5017 μόνον
557 4945 652 4998 ἐὰν
684 4943 822 5014 μετὰ
859 4939 1062 5008 πολλῆς
1089 4938 1188 5006 τῆς
1212 4935 1542 5006 θερμότητος
1571 4933 1663 4986 καὶ
1685 4931 1784 5001 τῆς

111 5035 322 5106 ’λήψεως
374 5033 524 5104 αὐτῷ
583 5031 915 5103 προσίωμεν,
957 5026 1362 5094 ἀποστήσαντες
1410 5021 1636 5082 ἑαυτοὺς
1677 5017 1785 5071 τῶν

111 5105 462 5194 βεϐιωμένων
515 5121 792 5184 ἀπάντων,
845 5118 941 5171 καὶ
987 5111 1438 5184 προσηλώσαντες
1484 5109 1549 5177 τῇ
1583 5105 1786 5159 ἀνωθεν

111 5193 416 5282 ροπῇνΚαὶ
441 5210 552 5278 γὰρ
594 5207 644 5260 οἱ
684 5207 964 5259 Νινευῖται
997 5199 1235 5267 τοσούτῳ
1276 5195 1470 5265 πλήθει
1501 5193 1787 5282 ἁμαρτιῶν

112 5280 502 5370 βεϐαρημένοι,
525 5295 712 5366 ἐπειδὴ
735 5292 902 5363 πολλῇ
919 5289 1012 5342 καὶ
1030 5285 1329 5357 ἀκριϐεῖτῇ
1354 5281 1608 5370 μετανοίᾳ
1632 5280 1790 5370 ἐχρή-

113 5365 430 5446 σαντοξούκ
483 5365 782 5452 ἐδεήθησαν
821 5375 1042 5445 πλέονῆ
1082 5372 1249 5444 τριῶν
1295 5367 1518 5439 ἡμερῶν
1563 5366 1698 5436 πρὸς
1729 5365 1789 5417 τὸ

113 5471 522 5527 ἐκκαλέσασθαι
567 5469 660 5523 τοῦ
691 5466 827 5522 Θεοῦ
865 5465 964 5536 τὴν
1015 5461 1348 5530 ἀγαθότητα,
1401 5455 1495 5507 καὶ
1533 5453 1630 5523 τὴν
1669 5455 1788 5506 κατ’

111 5561 293 5614 αὐτῶν
321 5559 695 5629 ἐξενεχθεῖσαν
718 5557 988 5622 ἀπόφασιν
1031 5550 1232 5618 ἄκυρον
1269 5546 1565 5613 ἀποφῆναι.
1597 5543 1706 5594 Καὶ
1736 5543 1788 5593 τί

113 5647 275 5715 λέγω,
302 5649 356 5700 οἰ
387 5627 665 5700 Νινευῖται
691 5661 705 5709 ;
753 5644 812 5696 ὐ
839 5639 1042 5711 λῃστής
1074 5638 1102 5688 6
1130 5636 1224 5687 ἐπὶ
1275 5629 1369 5685 τοῦ
1407 5627 1644 5700 σταυροῦ
1670 5629 1790 5681 οὐδέ

119 5714 246 5802 μιάς
275 5733 494 5804 ἡμέρας
517 5729 734 5802 ἐδεήθη.
777 5729 888 5781 Καὶ
921 5726 974 5778 τί
1007 5723 1150 5792 λέγω
1197 5720 1322 5791 μιᾶς
1362 5716 1616 5804 ἡμέραςς
1657 5714 1790 5804 οὐδε

120 5799 595 5892 βραχείας-ὥρας.
627 5799 886 5884 -Τοσαύτη
921 5813 1068 5868 ἐστὶν
1095 5811 1128 5880 ἡ
1178 5806 1308 5877 περὶ
1340 5805 1488 5892 ἡμάς
1529 5800 1622 5892 τοῦ
1655 5799 1787 5892 (θεοῦ

121 5887 524 5980 φιλάνθρωπα.
569 5905 820 5961 Ἐπειδὰν
845 5901 952 5972 γὰρ
982 5901 1068 5980 ἴδῃ
1090 5897 1182 5962 τὸν
1213 5895 1364 5949 τόνον
1394 5891 1492 5961 τῆς
1518 5887 1792 5960 ἡμετέοας

179 5996 212 6028 δ
233 5994 388 6046 Savil.
416 5994 542 6058 conj.
564 5989 905 6057 ἐγκατοικίσαι.

3423 323 3530 379 ἓ-ίδ

1860 454 2104 524 γνώμης,
2130 452 2225 504 καὶ
2251 449 2401 519 πόθῳ
2432 445 2608 510 ζέοντι
2652 442 2975 516 προσιόντας
3026 439 3196 511 ἡμᾶς,
3225 437 3287 492 οὐ
3325 438 3532 508 μέλλει,

1856 539 1976 594 οὐδὲ
2008 539 2367 594 ἀναϐάλλεται
2392 553 2406 596 '_
2435 534 2572 588 ἀλλά
2604 535 2826 602 ταχεῖαν
2857 530 3084 602 παρέχει
3121 528 3220 592 τὴν
3250 529 3377 596 παρ’
3405 527 3536 578 ἐαυ-

1855 629 1950 681 τοῦ
1976 626 2284 696 φιλοτιμίαν
2310 663 2324 688 ,
2355 623 2449 677 καὶ
2479 620 2661 689 λέγει·
2695 621 2818 672 Ἔτι
2859 614 3198 680 λαλοῦντός
3229 629 3346 668 σου
3385 612 3499 680 ἐρῶ
3521 631 3536 646 υ

1871 715 2017 770 Ἰδοὺ
2039 713 2294 783 πάρειμι.

1931 804 2028 855 Ἂν
2065 802 2246 854 τοίνυν
2278 795 2626 868 βουληθῶμεν
2665 794 2694 834 1)
2727 793 2822 846 καὶ
2869 793 3031 861 ἡμεῖς
3065 791 3120 842 ἐν
3175 791 3296 850 ταῖς
3325 787 3538 854 ὀλίγαις

1857 890 2093 960 ἡμέραις
2119 887 2341 948 ταύταις
2372 885 2604 952 σπουδήν
2625 899 2744 934 τινα
2767 877 3158 944 ἐπιδείξασθαι,
3188 877 3281 928 καί
3301 878 3366 946 τῇ
3393 892 3457 927 συ
3467 893 3534 943 μ-

1863 977 2031 1048 μαχία
2057 978 2128 1046 τῇ,
2163 975 2270 1029 ἀπὸ
2292 973 2392 1043 τῆς
2416 971 2669 1043 νηστείας
2698 972 2778 1032 εἰς
2810 969 2928 1022 δέον
2953 964 3280 1038 χρήσασθαι,
3310 965 3403 1018 καὶ
3439 965 3537 1034 τὴν

1861 1063 2130 1134 ρᾳθυμίαν
2178 1059 2656 1128 ἀποτιναξάμενοι,
2703 1055 2868 1126 εὐχὰς
2919 1055 3159 1114 ἐκτενεῖς
3209 1051 3535 1122 ποιήσασθαι

1860 1152 1996 1220 πρὸς
2017 1151 2109 1204 τὸν
2138 1149 2434 1219 Δεσπότην,
2465 1147 2676 1216 δάκρυα
2702 1143 2880 1214 θερμὰ
2914 1143 3186 1212 προχέειν,
3211 1143 3536 1210 κατηγορεῖν

1862 1239 2100 1309 συνεχῶς
2118 1238 2226 1290 τῶν
2251 1240 2386 1307 ἡμῖν
2421 1232 2994 1304 πεπλημμελημένων,
3025 1229 3332 1299 προτιθέναι
3365 1228 3537 1280 καθάο

1860 1343 1966 1398 περ
2003 1326 2170 1397 ἰατρῷ
2224 1325 2290 1378 τὰ
2319 1325 2562 1395 ἡμέτερα
2611 1321 2921 1392 τραύματα,
2968 1317 3062 1372 καὶ
3105 1318 3172 1370 τὰ
3219 1319 3319 1388 τῆς
3357 1317 3537 1386 ψυχῆς

1860 1414 1990 1484 ἐλκη
2023 1413 2316 1475 δεικνύναι,
2355 1413 2452 1465 καὶ
2480 1411 2578 1479 τὴν
2612 1411 2740 1480 παρ’
2765 1407 2932 1460 αὑτοῦ
2964 1406 3207 1478 ἰατρείαν
3234 1405 3532 1474 ἐπιζητεῖν,

1862 1504 1956 1555 καὶ
1981 1503 2052 1555 τὰ
2084 1501 2220 1556 ἄλλα
2243 1501 2313 1553 τὰ
2347 1500 2473 1569 παρ’
2527 1497 2737 1550 ἑαυτῶν
2764 1495 3058 1566 εἰσφέρειν,
3097 1493 3388 1564 συντριϐὴν
3413 1493 3534 1546 δια⁸

1861 1590 2029 1653 νοίας,
2057 1587 2348 1651 κατάνυξιν
2368 1586 2592 1656 ἀκριϐῆ,
2622 1583 2994 1654 ἐλεημοσύνην
3023 1581 3246 1651 δαψιλῆ,
3279 1581 3346 1634 τὰ
3375 1580 3538 1633 λοιπά

1862 1678 2010 1747 πάθη
2055 1677 2126 1730 τὰ
2170 1675 2600 1745 διαταράττοντα
2637 1671 2792 1742 ήμῶν
2834 1671 2926 1724 τὸν
2954 1670 3216 1740 λογισμὸν
3263 1667 3534 1739 χαλινοῦν.

1861 1765 1956 1817 καὶ
2013 1763 2276 1834 ἐξορίζειν
2327 1765 2427 1832 τῆς
2453 1760 2730 1832 ἡμετέρας
2757 1759 2955 1828 ψυχῆς,
2993 1758 3086 1810 καὶ
3139 1759 3278 1827 μήτε
3311 1755 3414 1809 ὑπὸ
3438 1755 3540 1824 τῆς

1861 1852 1970 1904 τῶν
2002 1851 2298 1922 χρημάτων
2322 1849 2619 1918 ἐπιθυμίας
2640 1845 3067 1918 πολιορκεῖσθαι,
3102 1846 3236 1914 μήτε
3273 1861 3538 1915 μνησικα-

1863 1943 1978 1992 κεῖν
2001 1939 2136 2010 πρδς
2157 1939 2282 2001 τοὺς
2313 1936 2561 2008 πλησίον,
2621 1935 2716 1988 καί¹
2757 1933 3041 2004 ἐχθρωδῶς
3071 1931 3376 1985 διακεῖσθαι
3405 1931 3541 2002 πρὸς

1862 2028 1988 2090 τοὺς
2035 2027 2335 2096 ὁμογενεῖς.
2373 2024 2538 2078 Οὐδὲν
2567 2023 2696 2093 γὰρ,
2735 2022 2886 2075 οὐδὲν
2935 2020 3110 2083 οὕτως
3146 2022 3175 2072 6
3227 2019 3360 2083 Θεὸς
3396 2019 3543 2090 μισεῖ

1863 2114 1957 2166 καὶ
1988 2113 2408 2184 ἀποστρέφεται,
2432 2111 2507 2172 ὡς
2536 2110 2628 2162 τὸν
2665 2106 3106 2178 μνησικακοῦντα
3133 2107 3418 2176 ἄνθρωπον
3447 2105 3541 2158 καί⁴

1863 2203 1961 2272 τὴν
1994 2200 2191 2270 ἔχθραν
2215 2201 2314 2270 τὴν
2344 2199 2479 2269 πρὸς
2502 2197 2594 2250 τὸν
2622 2196 2852 2268 πλησίον
2893 2195 2986 2247 ἐπὶ
3027 2197 3126 2269 τῆς
3159 2194 3336 2264 ψυχῆς
3361 2193 3540 2264 διηνεα

1865 2289 1974 2352 κῶς
2007 2288 2362 2356 φυλάττοντα.
2397 2285 2644 2356 Τοσαύτη
2683 2285 2792 2355 γὰρ
2836 2282 3044 2353 ταύτης
3077 2285 3194 2336 ἐστὶ
3228 2285 3327 2352 τῆς
3363 2284 3542 2354 ἀμαρ-

1864 2375 1982 2440 τίας
2012 2375 2235 2446 ήλύμη,
2261 2375 2344 2428 ὅτι
2377 2373 2471 2425 καὶ
2518 2371 2926 2442 φιλανθρωπίαν
2975 2369 3110 2424 Θεοῦ
3153 2369 3538 2424 ἀνεκαλέσατο.
3643 2363 3650 2370 ’

1865 2465 1976 2516 Καὶ
2005 2464 2092 2516 ἵνα
2120 2462 2351 2532 μάθητε,
2380 2461 2690 2530 ὑπομνῆσαι
2715 2460 2860 2529 ὑμᾶς
2887 2458 3146 2529 βούλομαι
3173 2459 3274 2527 τῆς
3300 2457 3544 2529 παραϐο-

1865 2552 1963 2622 λῆς
1989 2553 2088 2622 τῆς
2123 2552 2178 2603 ἐν
2203 2545 2282 2617 τῷ
2303 2548 2621 2616 Εὐαγγελίῳ
2653 2546 2933 2618 κειμένης,
2969 2546 3116 2608 ὅπως
3147 2547 3348 2608 ἐκεῖνος
3379 2547 3408 2598 6
3433 2545 3546 2598 τῶν

1871 2638 2080 2710 μυρίων
2106 2637 2383 2692 ταλάντων
2417 2636 2516 2705 τὴν
2552 2633 2895 2705 συγχώρησιν
2935 2632 3227 2701 δεξάμενος
3255 2631 3408 2702 παρὰ
3447 2632 3542 2685 τοῦ

1867 2725 2154 2786 δεσπότου,
2206 2721 2393 2794 ἐπειδὴ
2419 2721 2744 2792 προσέπεσε,
2777 2721 2869 2773 καὶ
2897 2719 3092 2790 ἐδεήθη
3113 2760 3127 2781 ,
3155 2719 3248 2772 καὶ
3279 2719 3542 2772 ἱκέτευσε.

1869 2811 2348 2881 Σπλαγχνισθείς
2375 2810 2504 2878 γὰρ,
2533 2810 2721 2878 φησὶν,
2739 2810 2772 2861 ό
2798 2807 3002 2874 κύριος
3021 2806 3208 2860 αὐτοῦ
3233 2805 3546 2860 ἀπέλυσεν

1868 2898 2072 2958 αὐτὸν,
2131 2897 2230 2950 καί
2286 2895 2350 2949 τὸ
2402 2894 2645 2948 δάνειον
2695 2892 3126 2961 συνεχώρησεν
3165 2892 3344 2958 αὐτῷ.
3393 2889 3546 2948 Εἶδες

1868 2979 2270 3050 εύσπλαγχνίαν
2299 2978 2557 3030 δεσπότου
2583 2994 2597 3043 ;
2631 2975 2865 3038 Ἐκεῖνος
2893 2976 3262 3044 προσέπιπτεν
3291 2973 3550 3027 ἱκετεύων

1871 3067 2207 3138 προθεσμίαν
2263 3065 2408 3135 αὑτῷ
2465 3065 2704 3136 δοθῆναι.
2756 3063 3238 3131 Μακροθύμησον
3289 3061 3400 3132 γάρ
3450 3061 3546 3113 ἐπ’

1868 3155 2018 3222 ἐμοὶ,
2073 3153 2228 3223 φησί,
2281 3152 2378 3206 καὶ
2421 3151 2618 3206 πάντα
2654 3165 2754 3204 σοι
2777 3149 3089 3203 ἀποδώσω.
3126 3149 3264 3201 Ἀλλ’
3286 3151 3313 3202 6
3347 3147 3547 3213 ἀγαθὸς

1869 3241 2153 3310 δεσπότης,
2176 3242 2204 3292 6
2238 3237 2489 3307 κηδεμὼν
2515 3238 2611 3291 καί⁸
2637 3235 3038 3308 φιλάνθρωπος,
3070 3232 3442 3303 ἐπικαμφθεὶς
3469 3231 3548 3302 τῷ

1875 3328 2048 3398 ἰκέτῃ,
2082 3329 2178 3396 οὐχ
2225 3327 2346 3379 ὅσον
2383 3325 2576 3396 ᾔτησε,
2611 3323 2869 3376 τοσοῦτον
2919 3320 3194 3390 παρέσχεν
3221 3362 3234 3384 ,
3281 3319 3397 3372 ἀλλ’
3425 3319 3552 3372 ὅσον

1870 3415 1992 3468 οὐδέ
2031 3413 2301 3482 ἐνενόησε.
2337 3411 2592 3464 Τοιοῦτον
2622 3410 2729 3480 γάρ
2760 3409 2910 3478 αὐτῷ
2942 3407 3092 3481 [265]
3137 3407 3256 3469 ἔθος
3285 3408 3370 3460 ἀεὶ
3393 3408 3552 3478 νικᾷν

1873 3503 1966 3556 καὶ
2001 3501 2332 3572 προφθάνειν
2351 3499 2452 3562 τὰς
2475 3500 2750 3568 ἡμετέρας
2789 3498 3052 3567 αἰτήσεις.
3104 3495 3341 3548 Ἐκείνου
3369 3494 3549 3546 τοίνυν

1873 3589 2150 3661 ἐνδοθῆναι
2209 3587 2722 3657 παρακαλέσαντος,
2775 3585 2869 3638 καὶ
2920 3583 3290 3653 ὑποσχομένου
3369 3581 3552 3633 πᾶσαν

1873 3675 2204 3747 ποιήσασθαι
2236 3675 2334 3745 τὴν
2362 3673 2594 3735 ἔκτισιν,
2625 3675 2653 3726 6
2685 3671 2982 3742 ἀγαθότητι
3013 3670 3176 3723 νικῶν
3209 3670 3279 3720 τὰ
3305 3667 3552 3739 ἡμέτερα

1875 3763 2356 3838 πλημμελήματα,
2391 3758 2810 3830 σπλαγχνισθεὶς
2843 3758 3028 3811 λοιπὸν
3059 3757 3328 3809 ἀπέλυσεν
3363 3748 3548 3817 αὑτὸν,

1876 3853 1968 3906 καὶ
1999 3851 2059 3904 τὸ
2087 3850 2294 3904 δάνειον
2324 3849 2534 3918 ἀφῆκεν
2563 3845 2732 3914 αὐτῷ.
2755 3843 2908 3908 Εἶδες
2937 3845 2992 3896 τί
3032 3844 3130 3914 μὲν
3159 3844 3188 3895 ὁ
3211 3843 3394 3905 δοῦλος
3417 3843 3550 3912 ᾐτή-

1879 3941 2029 4000 σατο,
2063 3940 2186 3992 ὅσον
2213 3937 2270 3990 δέ
2297 3939 2325 3990 6
2362 3936 2628 4004 δεσπότης
2652 3935 2976 4004 ἐχαρίσατο;
3011 3933 3151 4002 Ὅρα
3182 3931 3346 3984 πάλιν
3385 3928 3552 3984 αὑτοῦ

1875 4028 2064 4080 τούτου
2099 4025 2194 4096 τὴν
2219 4025 2498 4078 ἀπόνοιαν.
2525 4023 2654 4076 Δέον
2683 4021 2790 4091 γὰρ
2823 4019 2970 4074 κατά
3015 4019 3112 4090 τὴν
3135 4018 3402 4086 τοσαύτην
3431 4016 3552 4085 φιλ-

1877 4114 2194 4186 ανθρωπίαν
2221 4112 2314 4164 καὶ
2347 4112 2446 4180 τὴν
2473 4111 2679 4179 ἄφατον
2701 4108 3022 4178 εὐεργεσίαν
3043 4107 3144 4178 τὴν
3173 4109 3254 4169 εἰς
3278 4107 3440 4160 αὐτὸν
3460 4123 3554 4174 γε-

1878 4203 2183 4272 γενημένην
2214 4198 2667 4269 συμπαθέστατον
2700 4197 2862 4250 αὐτὸν
2902 4197 3238 4264 καταστῆναι
3271 4195 3400 4264 περὶ
3425 4194 3554 4258 τοὺς

1879 4292 2177 4360 ὁμογενεῖς,
2204 4289 2232 4341 ὁ
2255 4287 2312 4340 δὲ
2331 4287 2392 4338 τὸ
2413 4285 2654 4338 ἐναντίον
2683 4283 3070 4337 ἐπιδείκνυται.
3098 4281 3394 4347 Ἐξελθὼν
3421 4281 3552 4352 γὰρ,

1879 4379 2063 4446 φησιν,
2094 4369 2270 4440 οὗτος
2289 4373 2470 4436 αὐτὸς,
2495 4375 2525 4426 6
2545 4372 2654 4426 τῶν
2679 4370 2886 4442 μυρίων
2917 4369 3192 4424 ταλάντων
3218 4369 3319 4439 τὴν
3344 4370 3556 4438 συγχώ-

1885 4481 2040 4537 ρησιν
2071 4461 2380 4531 δεξάμενος.
2425 4459 2700 4522 Ἀκούετε,
2725 4456 3051 4527 παρακαλῶ,
3087 4456 3224 4526 μετά
3246 4455 3552 4526 ἀκριϐείας·

1881 4552 1949 4605 τά
1975 4550 2082 4620 γάρ
2110 4549 2283 4618 τούτῳ
2311 4547 2590 4616 συμϐάντα
2615 4544 2775 4598 ἱκανὰ
2801 4542 3120 4597 καθικέσθαι
3155 4541 3254 4610 τῆς
3283 4541 3556 4612 ἡμετέρας

1883 4637 2081 4707 ψυχῆς,
2113 4634 2206 4688 καί
2229 4636 2412 4687 πεῖσαι
2437 4633 2497 4685 τὸ
2523 4631 2754 4703 χαλεπὸν
2783 4631 2943 4684 τοῦτο
2962 4630 3173 4698 νόσημα
3188 4627 3556 4707 ἐξορίσαιῌτῆς

1884 4705 2121 4780 διανοίας
2150 4717 2248 4785 τῆς
2278 4716 2572 4786 ἡμετέρας.
2631 4709 2821 4778 Οὗτος
2861 4712 3038 4765 τοίνυν
3078 4710 3341 4773 ἐξελθὼν
3380 4705 3558 4778 εὗρεν

1884 4806 1992 4859 ἕνα
2017 4801 2136 4856 τῶν
2173 4802 2530 4856 συνδούλων
2551 4799 2759 4862 αὑτοῦ,
2790 4798 2857 4864 ὃς
2885 4798 3137 4866 ὠφειλεν
3157 4793 3316 4859 αὐτῷ
3339 4794 3558 4848 ἑκατόν

1885 4890 2156 4958 δηνάρια.
2177 4889 2376 4940 Σκόπει
2417 4887 2583 4940 πόσον
2600 4886 2659 4940 τὸ
2689 4887 2870 4956 μέσον.
2894 4876 3020 4936 Ὧδε
3051 4881 3330 4944 σύνδουλος
3355 4881 3383 4933 6
3409 4880 3560 4948 ὀφεί-
3582 4901 3584 4903 ν

1885 4979 1989 5032 λων
2017 4978 2210 5031 ἐκατὸν
2232 4977 2480 5046 δηνάρια,
2503 4977 2618 5027 ἐκεῖ
2639 4973 2902 5042 δεσπότης
2929 4973 2956 5023 6
2984 4969 3252 5033 ἀπαιτῶν,
3279 4970 3372 5021 καὶ
3389 4967 3562 5039 μύρια.

1885 5061 1952 5137 ἦν
1980 5065 2213 5117 τάλαντα
2233 5079 2247 5092 ·
2284 5064 2377 5115 καί
2406 5063 2556 5132 ὅμως
2587 5059 2773 5130 ἐπειδὴ
2813 5055 2949 5111 εἶδεν
2975 5054 3284 5110 ἱκετεύοντα
3329 5055 3424 5109 καὶ
3453 5071 3559 5108 πα-

1891 5149 2248 5222 ρακαλοῦντα,
2275 5147 2652 5217 συνεχώρησεν
2679 5161 2692 5174 ·
2723 5139 2878 5206 οὗτος
2915 5143 2970 5194 δέ
3017 5141 3336 5210 Κρατήσας
3371 5140 3562 5194 αὐτὸν

1823 5283 1828 5286 .
1886 5239 2112 5308 ἐπνιγε,
2157 5235 2381 5304 λέγων·
2433 5233 2674 5298 Ἀπόδος
2717 5249 2820 5300 μοι
2859 5231 2997 5283 εἴτι
3029 5229 3308 5297 ὀφείλεις.
3345 5226 3414 5280 Τί
3432 5223 3560 5292 οὑν;

1887 5325 2118 5386 Πεσὼν,
2142 5323 2325 5393 φησὶν,
2349 5323 2382 5374 ὁ
2405 5319 2750 5384 σύνδουλος
2778 5317 2986 5371 αὐτοῦ.
3018 5317 3158 5389 Ὅρα
3183 5315 3298 5377 πῶς
3321 5315 3562 5385 συνεχῶς

1891 5409 2116 5478 στρέφει
2144 5406 2204 5458 τὸ
2233 5405 2383 5478 ῥῆμα
2412 5402 2570 5455 τοῦτο
2589 5405 2617 5454 6
2654 5399 3045 5469 εὐαγγελιστὴς
3071 5439 3086 5460 ,
3135 5399 3194 5451 'O
3216 5397 3562 5462 σύνδουλος

1888 5495 2098 5554 αὑτοῦ,
2129 5493 2226 5562 οὑχ
2256 5490 2462 5552 ἁπλῶς,
2493 5488 2606 5541 ἀλλ’
2635 5489 2720 5540 ’ίνα
2749 5486 3028 5558 μάθωμεν,
3071 5485 3152 5537 ὅτι
3181 5484 3334 5536 οὐδὲν
3357 5483 3559 5553 μεταξὺ

1891 5580 2070 5636 αὐτῶν
2091 5579 2151 5631 τὺ
2181 5579 2364 5647 μέσον.
2397 5577 2508 5630 Καὶ
2561 5576 2710 5644 ὅμως
2749 5575 2850 5644 τὴν
2893 5571 3060 5642 αὐτὴν
3114 5570 3392 5640 ἱκετηρίαν
3423 5570 3560 5640 πρὸς

1955 5668 2145 5732 bUAnusA
2175 5665 2326 5732 coge):
2377 5678 2404 5712 a
2450 5663 2631 5732 Sainio
2681 5669 2979 5732 memoralps
3019 5657 3190 5732 οὐκοῦν
3237 5658 3558 5732 βουληθῶμεν,

1893 5745 2002 5792 quae
2031 5730 2181 5792 lectio
2229 5728 2346 5792 lica}
2386 5723 2583 5792 omninp
2607 5737 2702 5771 non
2753 5718 3557 5792 plaggat,‘_§lta31en'selnlentiivm

1895 5775 2110 5849 Ξίίοσιιιὶιι
2139 5775 2486 5849 imperfectam
2527 5787 2718 5846 plenam
2755 5775 3044 5849 iexhibebit.
3099 5775 3282 5849 νει-»ιρι
3338 5791 3435 5849 no_n
3465 5779 3558 5849 .In-

1893 5837 2073 5900 ξοίεἰιεί
2104 5859 2182 5898 εει
2222 5837 2593 5906 'Chrysostorrio,
2620 5859 2732 5895 cum
2765 5846 3085 5906 longissimns_
3111 5839 3268 5906 necti]:
3308 5837 3556 5902 periodos.

1893 5912 2190 5960 sententiam
2209 5921 2308 5957 non
2327 5902 2595 5971 “perﬁcere;
2630 5909 2728 5958 alio
2769 5902 3106 5968 vidélicetwb
3148 5902 3335 5966 copiam
3354 5905 3559 5950 sentem

1895 5973 2070 6024 liarum
2091 5972 2345 6022 abductus.
