4062 6396
566 318 672 377 269

562 436 725 489 αὐτὸν
747 439 1051 508 ἐποιήσατο,
1071 438 1138 509 ἢν
1157 439 1256 492 καὶ
1280 432 1435 502 οὗτος
1464 440 1599 511 πρὸς
1620 441 1713 494 τὸν
1737 440 2227 512 δεσπότην,λέγων·

563 526 1042 594 Μακροθύμησον
1062 527 1153 579 ἐπ’
1183 526 1335 595 ἐμοὶ,
1366 527 1461 579 καί
1488 526 1685 580 πάντα
1703 544 1804 582 σοι
1820 527 2132 583 ἀποδώσω.
2174 530 2236 582 '0

559 611 649 675 δὲ,
680 615 862 683 φησὶν,
883 613 1162 669 ἀπελθὼν
1197 616 1416 668 ἔϐαλεν
1453 617 1640 669 αὐτόν
1664 619 1751 682 εις
1780 617 1895 685 τὴν
1928 617 2233 685 φυλακὴν,

1366 324 1423 380 S.
1464 323 1750 409 JQANNIS
1786 322 2277 382 CHRYSOSTOMI
2316 327 2639 384 ARlleIEP.
2679 326 3230 384 CONSTANTINOP.

3875 334 3961 389 250

2335 442 2519 505 λαντα,
2547 442 2801 496 τοσοῦτον
2830 442 2891 495 τὸ
2934 441 3096 513 μέσον
3133 442 3243 495 τῶν
3284 442 3566 513 ἡμετέρων
3608 445 3737 515 πρὸς
3770 447 3852 500 τὸν
3888 454 3962 501 Δε-

2337 530 2541 600 σπὸτην
2571 529 3081 600 πλημμελημάτων,
3122 529 3353 583 καὶτῶν
3402 531 3482 593 είς
3525 532 3667 600 ἡμᾶς
3704 534 3961 602 γινομένων

2340 617 2490 687 παρά
2516 618 2624 669 τῶν
2653 618 2976 687 ὁμογενῶν),
3020 619 3138 669 τότε
3188 618 3283 669 καὶ
3328 617 3425 687 τὴν
3471 618 3825 688 ἀγανάκτησιν
3866 622 3961 676 ἐπι-

568 700 670 766 ἒως
691 697 761 757 οὗ
782 701 984 767 ἀποδῷ
1006 701 1129 756 πᾶν
1144 704 1209 755 τὸ
1239 704 1633 772 ὀφειλόμενον
1651 703 1831 770 αὐτῷ.
1857 707 1920 758 Ὢ
1940 705 2037 774 τῆς
2058 706 2237 774 ἀγνω-
2333 704 2654 774 σπασὸμεθα
2686 704 2779 757 τοῦ
2820 706 3116 769 Δεσπότου,
3144 705 3237 758 καὶ
3270 697 3345 757 ὧν
3381 706 3641 775 πρότερον
3666 707 3758 777 τὴν
3790 712 3960 778 συγχώο

566 789 800 859 μοσύνης
831 789 1140 860 ὑπερϐολὴῐ
1180 790 1399 844 ἔναυλον
1429 792 1566 861 ἔχων
1598 792 1696 863 τὴν
1727 794 1946 863 μνήμην
1983 794 2080 863 τῆς
2116 810 2238 847 τοσ-

562 876 730 944 αύτης
757 875 1052 945 γενομένης
1076 876 1405 947 φιλοτιμίας,
1440 878 1561 930 οὐδὲ
1602 878 1774 941 οὕτως
1809 878 2063 948 ἠνέσχετο
2098 897 2232 949 συμο

561 962 731 1025 παθές
758 980 808 1014 τι
836 962 1181 1031 λογίσασθαι·
1215 964 1349 1016 ἀλλά
1388 964 1649 1037 πρότερον
1674 966 1772 1037 μὲν
1808 966 2019 1033 ἔπνιγε,
2051 965 2144 1018 νῦν
2175 965 2233 1019 δὲ

561 1050 655 1103 καὶ
683 1052 761 1112 είς
789 1051 1158 1121 δεσμωτήριον
1185 1053 1455 1105 ἐνέϐαλεν.

631 1138 694 1202 ζ’.
714 1138 849 1191 Ἀλλ’
867 1140 966 1209 ὅρα
990 1140 1040 1191 τί
1063 1139 1289 1207 γίνεται.
1309 1140 1560 1205 Ἰδόντες
1574 1140 1660 1201 δὲ,
1680 1143 1863 1211 φησὶν,
1887 1144 1940 1195 οἱ
1970 1141 2231 1195 σύνδου-

562 1230 659 1279 λοι
686 1225 872 1279 αὑτοῦ
904 1226 1330 1294 ἐλυπήθησαν·
1378 1228 1476 1280 καὶ
1525 1228 1808 1293 ἐλθόντες
1851 1228 2233 1298 διεσάφησαν

562 1312 641 1377 τῷ
690 1315 871 1381 κιφίῳ
914 1314 1113 1367 αὐτῶν
1158 1316 1353 1367 πάντα
1377 1316 1447 1368 τὰ
1483 1317 1787 1385 γινόμενα.
1828 1317 1940 1369 Οὐκ
1966 1318 2173 1380 ἐκεῖνος
2203 1318 2232 1370 6

563 1401 862 1466 πεπονθὼς,
888 1403 905 1471 (
926 1404 1038 1464 πῶς
1060 1402 1187 1473 γὰρ,
1206 1404 1603 1473 καθειργμένος
1625 1407 1683 1457 ἐν
1699 1404 1776 1474 τῷ
1796 1405 2153 1476 δεσμωτηρίῳ
2174 1422 2187 1470 ;
2210 1406 2228 1476 )

559 1489 673 1542 ἀλλ’
696 1490 745 1541 οί
779 1490 1069 1553 σύνδουλοι,
1110 1492 1158 1542 οἱ
1195 1492 1360 1561 μηδὲν
1390 1492 1726 1561 ἠδικημένοι,
1757 1492 1831 1555 ὼς
1861 1492 2228 1562 ἀδικηθέντες,

558 1576 728 1639 οὕτως
761 1578 1079 1646 ἠνιάθησαν.
1112 1581 1203 1631 καὶ
1232 1580 1473 1641 ἐλθόντες
1502 1580 1716 1633 ἅπαντα
1745 1582 2041 1650 ἐμήνυσαν.
2087 1581 2228 1633 Ἀλλ’

558 1665 659 1735 ὅρα
679 1664 772 1716 τοῦ
798 1665 1056 1719 δεσπότου
1078 1666 1261 1719 λοιπὸν
1276 1668 1372 1737 τὴν
1391 1668 1776 1735 ἀγανάκτησιν.
1808 1668 1949 1721 Τότε
1969 1683 2231 1736 προσκα-

557 1752 891 1820 λεσάμενος
928 1754 1131 1818 αὑτὸν,
1165 1755 1316 1823 φησὶ,
1341 1754 1529 1823 λέγει·
1563 1756 1751 1807 Δοῦλε
1777 1755 2022 1822 πονηρέ.
2075 1756 2229 1827 Ἀλη-

559 1838 664 1901 θῶς
702 1839 947 1892 ἐντεῦθέν
984 1843 1130 1892 ἐστιν
1166 1842 1292 1893 ἰδεῖν
1325 1842 1446 1904 ὅσος
1478 1842 1575 1911 τῆς
1631 1843 1994 1912 μνησικακίας
2043 1845 2071 1896 ὁ
2108 1843 2227 1896 ϐλε-

558 1926 704 1996 θρος.
749 1927 937 1979 Ἠνίκα
985 1928 1093 1997 γὰρ
1123 1929 1188 1982 τὰ
1233 1928 1402 1999 μύρια
1454 1929 1689 1981 τάλαντα
1743 1929 2076 1998 ἐμεθὸδευεν,
2128 1932 2228 1984 οὐκ

558 2015 811 2067 ἐκάλεσεν
842 2015 999 2067 αὐτὸν
1035 2017 1284 2085 πονηρὸν,
1311 2016 1445 2069 ἀλλά
1474 2017 1590 2078 νῦν,
1627 2017 1715 2069 ὅτε
1741 2018 1867 2088 περὶ
1890 2018 1979 2071 τὸν
2006 2018 2227 2071 σύνδου-

558 2102 647 2153 λον
675 2101 893 2168 γέγονεν
918 2102 1147 2172 ἀπηνής.
1185 2107 1413 2170 Πονηρέ
1439 2103 1640 2161 δοῦλε.
1675 2106 1826 2173 φησὶ,
1880 2105 2087 2159 πᾶσαν
2117 2104 2228 2173 τὴν

558 2189 812 2257 ὀφειλὴν
835 2190 1075 2255 ἐκείνην
1109 2190 1312 2257 ἀφῆκά
1353 2208 1471 2254 σοι,
1516 2192 1645 2243 ἐπεὶ
1678 2191 2095 2259 παρεκάλεσάς
2128 2210 2223 2261 με.

558 2276 703 2345 Ὥρα
734 2275 850 2336 πῶς
900 2274 1167 2326 δείκνυσιν
1199 2275 1361 2327 αὐτοῦ
1408 2279 1505 2346 τῆς
1540 2278 1737 2340 κακίας
1770 2278 1866 2347 τὴν
1898 2278 2224 2349 ὑπερϐολήν.

556 2363 647 2431 Μὴ
680 2361 787 2432 γὰρ
819 2362 977 2413 πλέον
1018 2379 1068 2413 τι
1098 2362 1393 2427 ἐπεδείξω;
1452 2364 1634 2432 φησίν.
1668 2365 1801 2433 Οὐχὶ
1837 2368 2053 2435 ῥήματα
2097 2365 2227 2433 ψιλά

557 2451 819 2519 ἐποιήσω,
851 2450 943 2503 καὶ
974 2450 1263 2519 δεξάμενός
1299 2469 1390 2503 σου
1416 2453 1514 2521 τὴν
1541 2453 1767 2514 ἱκεσίαν,
1803 2456 1980 2507 πᾶσαν
2014 2455 2227 2524 ἐκείνην

555 2536 653 2604 τὴν
688 2538 929 2607 μεγάλην
963 2538 1055 2589 καὶ
1092 2538 1400 2609 ἀπόρρητον
1428 2539 1646 2611 ὀφειλὴν
1692 2540 2077 2611 συνεχώρησα;
2104 2545 2226 2595 Οὐκ

556 2623 675 2677 ἔδει
700 2625 797 2677 καὶ
820 2624 895 2677 σὲ
930 2624 1182 2691 ἐλεῆσαι
1218 2626 1320 2679 τὸν
1346 2627 1697 2680 σύνδουλόν
1724 2646 1861 2689 σου,
1893 2630 1971 2693 ὡς
1992 2631 2086 2682 καὶ

556 2728 630 2764 σε
673 2710 939 2780 ἡλέησα;
986 2713 1150 2775 Ποίας
1177 2713 1243 2766 ἂν
1271 2715 1386 2783 είης
1427 2714 1573 2786 [266]
1606 2715 1752 2778 ἄξιος
1800 2716 2144 2785 συγγνώμης,
2179 2719 2226 2769 εί

555 2798 666 2869 ἐγὼ
699 2800 796 2869 μὲν
842 2801 870 2853 6
903 2800 1166 2870 δεσπότης
1196 2817 1289 2853 σου
1336 2802 1587 2854 τοσοῦτον
1638 2801 1800 2870 ὅγκον
1847 2804 2224 2873 ὀφειλημάτων

555 2886 643 2940 διὰ
671 2886 738 2939 τά
769 2886 896 2955 ψιλά
922 2887 1104 2939 ἐκεῖνα
1133 2889 1352 2957 ῥήματα
1384 2888 1754 2959 συνεχώρησα,
1803 2891 1866 2943 σὺ
1898 2890 1953 2941 δὲ
1983 2892 2073 2942 τὸν
2105 2892 2226 2943 σύν-

555 2974 738 3027 δουλόν
763 2992 853 3027 σου
880 2975 969 3027 τὸν
994 2978 1226 3045 ὁμογενῆ
1267 2976 1366 3028 οὐκ
1386 2976 1647 3045 ἡλέησας,
1678 2976 1798 3029 οὐδὲ
1844 2978 2221 3048 ἐπεκάμφθης,

555 3065 674 3117 οὐδὲ
701 3068 778 3127 είς
811 3065 1031 3134 μνήμην
1069 3063 1239 3116 ἐλθὼν
1269 3066 1376 3116 τῶν
1406 3064 1760 3133 ὑπαρξάντων
1806 3081 1885 3116 σοι
1918 3067 2043 3135 παρ’
2070 3066 2224 3135 ἐμοῦ,

557 3151 815 3214 ἐπεδείξω
840 3150 961 3203 τινά
988 3150 1116 3221 περὶ
1140 3150 1301 3203 αὐτὸν
1328 3152 1689 3221 συμπάθειαν,
1715 3150 1830 3203 ἀλλ’
1855 3155 2076 3224 ἀνελεής
2106 3154 2226 3221 ἐγέ-

557 3256 648 3291 νου
670 3240 761 3291 καὶ
783 3238 950 3309 ώμὸς,
980 3238 1074 3291 καὶ
1100 3238 1317 3307 ἐλεῆσαι
1339 3238 1429 3290 τὸν
1460 3238 1739 3291 σύνδουλόν
1770 3258 1862 3293 σου
1894 3242 1991 3293 οὐκ
2027 3241 2223 3312 ἡθέλη-

559 3344 690 3389 σας;
720 3326 817 3378 Διά
850 3326 1005 3378 τοῦτο
1053 3324 1286 3378 ἐνταῦθα
1332 3325 1549 3396 μαθήσῃ
1579 3326 1663 3379 διά
1720 3332 1820 3399 τῆς
1852 3330 2045 3399 πείρας
2086 3331 2225 3385 ὅσων

558 3413 745 3466 κακῶν
774 3414 950 3482 ἐαυτῷ
985 3414 1155 3475 αἴτιος
1190 3414 1479 3483 κατέστης.
1508 3416 1615 3467 Καὶ
1645 3416 1942 3484 ὀργισθεὶς
1965 3420 1996 3469 ὁ
2025 3419 2226 3485 κύριος

557 3502 743 3555 αὐτοῦ
800 3500 1143 3568 παρέδωκεν
1204 3502 1392 3553 αὑτὸν
1436 3502 1560 3567 τοῖς
1598 3503 2021 3570 βασανισταῖς.
2081 3505 2223 3576 Ὀρα

558 3589 653 3641 καὶ
708 3587 801 3639 νῦν
834 3588 995 3641 αὐτὸν
1027 3587 1377 3658 ὀργιζόμενον
1428 3588 1515 3641 διά
1552 3590 1650 3659 τὴν
1678 3592 1756 3652 είς
1813 3590 1902 3642 τὸν
1941 3591 2226 3645 σύνδουλον

556 3675 971 3747 ἀπανθρωπίαν,
1026 3676 1260 3739 καὶτοῖς
1305 3677 1652 3747 βασανισταῖς
1706 3679 2095 3749 παραδιδόντα·
2133 3682 2226 3734 καὶ

556 3764 693 3833 ὅπερ
723 3763 984 3833 πρότερον
1009 3764 1108 3815 οὐκ
1140 3763 1393 3835 ἐποίησεν
1418 3806 1431 3825 ,
1464 3765 1625 3833 ἡνίκα
1648 3766 1919 3829 τοσούτοις
1943 3771 2054 3831 τοῖς
2078 3768 2225 3837 ὀφει-

558 3851 795 3921 λήμασιν
833 3850 1127 3912 ὑπεύθυνος
1192 3847 1297 3921 ἦν,
1365 3851 1461 3905 νῦν
1508 3852 1717 3905 κελεύει
1769 3853 2034 3921 γίνεσθαι.
2075 3859 2228 3923 Παρ-

555 3937 741 3992 ἐὸωκε
769 3938 877 4010 γάρ
916 3938 1101 3991 αὑτὸν
1132 3939 1257 4005 τοῖς
1285 3939 1689 4006 ,ϐασανισταῖς
1712 3980 1726 4003 ,
1766 3941 1875 4006 ἕως
1912 3939 1983 3997 οὗ
2023 3934 2226 4009 ἀποδῷ

558 4025 684 4079 πᾶν
738 4025 803 4078 τὸ
869 4026 1294 4093 ὀφειλόμενον·
1349 4026 1453 4089 ἓως
1511 4022 1612 4089 οὗ,
1681 4028 1813 4096 φησὶ
1847 4068 1861 4091 ,
1928 4028 1997 4080 τὰ
2055 4030 2225 4099 μύρια

561 4114 835 4179 τάλαντα,
895 4108 969 4166 ὧν
1019 4114 1116 4185 τὴν
1182 4116 1528 4186 συγχώρησιν
1579 4116 1681 4185 ἡδη
1748 4117 1930 4170 λαϐὼν
1979 4120 2225 4190 ἀπῆλθε,

556 4200 731 4254 ταῦτα
779 4202 1109 4271 καταϐάλλῃ.
1170 4203 1413 4273 Μεγίστη
1470 4203 1562 4257 καὶ
1612 4206 1817 4273 ἀφατος
1868 4208 1901 4276 ἡ
1940 4208 2033 4260 τοῦ
2091 4209 2223 4262 Θεοῦ

561 4289 975 4358 φιλανθρωπία·
1012 4290 1171 4360 ἡνίκα
1225 4293 1320 4360 μὲν
1349 4293 1456 4363 γὰρ
1503 4293 1665 4356 αὐτὸς
1711 4295 2028 4364 ἐμεθόδευεν
2075 4299 2225 4351 ἐπει-

561 4376 624 4445 δὴ
667 4377 764 4445 τὴν
826 4377 1033 4430 ἱκεσίαν
1080 4379 1407 4448 ἐποιήσατο,
1464 4380 1877 4452 συνεχώρησεν·
1936 4384 2120 4455 ἐπειδὴ
2169 4386 2225 4437 δὲ

562 4458 700 4515 οἶδεν
752 4463 913 4516 αὐτὸν
964 4464 1091 4534 περὶ
1145 4465 1236 4517 τὸν
1279 4466 1560 4519 σύνδουλον
1612 4468 1760 4537 ὠμὸν
1806 4470 1897 4522 καὶ
1946 4472 2227 4541 ἀπάνθρω-

562 4564 663 4601 πον
713 4550 1005 4617 γεγονότα,
1058 4552 1173 4603 τότε
1231 4552 1415 4606 λοιπὸν
1470 4554 1566 4624 τὴν
1622 4555 1827 4607 οἰκείαν
1875 4557 2226 4611 ἀνακαλεῖται

562 4636 894 4707 φιλοτιμίαν,
922 4637 1132 4701 δεικνὺς
1166 4639 1315 4710 αὐτῷ
1360 4640 1447 4693 διά
1486 4642 1592 4695 τῶν
1635 4645 1981 4714 πραγμάτων
2022 4648 2224 4711 αὐτῶν,

562 4726 638 4787 ὡς
679 4725 738 4777 οὐ
790 4724 1039 4777 τοσοῦτον
1088 4727 1294 4780 ἐκεῖνον
1346 4728 1632 4797 ἠδίκησεν,
1679 4733 1801 4784 ὅσον
1851 4734 2059 4787 ἑαυτόν.
2120 4735 2229 4788 Καὶ

562 4811 813 4882 καθάπερ
842 4813 1044 4875 ἐκεῖνος
1070 4814 1148 4876 είς
1182 4813 1426 4885 φυλακὴν
1456 4815 1667 4881 ἔϐαλεν,
1699 4819 1803 4881 ’ἐως
1833 4813 1892 4871 οὗ
1941 4821 2126 4890 ἀποδῷ
2167 4823 2228 4875 τὸ

564 4898 927 4968 ὀφειλόμενον,
964 4898 1106 4952 οὕτω
1152 4903 1245 4954 καὶ
1297 4902 1459 4966 αὐτὸς
1502 4908 1614 4968 τοῖς
1655 4906 2003 4975 βασανισταῖς
2054 4928 2228 4981 παρα-

562 4984 809 5052 δέδωκεν,
837 4985 942 5048 ἓως
975 4980 1035 5039 οὗ
1066 4988 1286 5042 ἃπασαν
1326 4991 1535 5062 καταθῇ
1566 4993 1661 5063 τὴν
1689 4995 1928 5066 ὀφειλὴν.
1961 4980 2143 5049 Ταῦτα
2172 4998 2229 5050 δὲ

564 5073 625 5123 οὐ
659 5074 788 5142 περί
829 5074 1106 5129 ταλάντων
1146 5080 1239 5130 καὶ
1271 5078 1399 5149 περὶ
1443 5080 1710 5151 δηναρίων
1746 5083 1930 5147 ἀπλῶς
1983 5085 2226 5155 εἴρηκεν,

564 5157 701 5210 ἁλλά
736 5160 861 5229 περὶ
894 5161 1168 5232 ἁμαρτίας
1197 5165 1225 5215 6
1263 5163 1418 5233 λόγος
1460 5167 1552 5218 καὶ
1601 5169 1863 5237 μεγέθους
1908 5172 2231 5241 πλημμελη-

569 5244 773 5315 μάτων,
803 5246 888 5298 ’ίνα
921 5248 1179 5318 μάθωμεν
1215 5252 1297 5303 ὅτι
1340 5254 1498 5322 ἡμεῖς
1533 5256 1628 5323 μὲν
1661 5257 1868 5326 μυρίων
1907 5258 2231 5329 πλημμελη-

569 5331 755 5402 μάτων
796 5334 950 5397 δίκας
995 5336 1295 5405 ὁφείλοντες
1327 5339 1405 5409 τῷ
1446 5342 1719 5415 Δεσπὸτῃ,
1758 5344 1845 5396 διά
1887 5345 1984 5414 τὴν
2028 5345 2230 5413 ἄφατον

565 5420 725 5473 αὐτοῦ
763 5422 1167 5494 φιλανθρωπίαν
1210 5427 1554 5498 συγχώρησιν
1590 5433 1716 5501 παρ’
1744 5432 1907 5485 αὐτοῦ
1941 5433 2227 5503 δεχόμεθα.

579 5507 703 5560 Ἐάν
739 5511 796 5559 ὸέ
839 5512 968 5579 περὶ
1003 5519 1130 5575 τους
1164 5514 1483 5582 ὁμοδούλους
1512 5518 1603 5570 καὶ
1635 5518 1762 5581 τοὺς
1798 5522 2100 5590 ὁμογενεῖς,
2138 5523 2232 5573 καὶ

566 5592 691 5654 τοὺς
739 5595 840 5662 τῆς
882 5595 1051 5666 αὐτῆς
1099 5598 1229 5667 ἡμῖν
1278 5599 1491 5667 φύσεως
1527 5604 1914 5668 κοινωνοῦντας
1944 5606 2085 5675 ώμοὶ
2137 5609 2231 5660 καὶ

566 5677 921 5748 ἀπάνθρωποι
948 5682 1253 5753 γενώμεθα,
1283 5687 1376 5738 καὶ
1401 5687 1469 5739 τὰ
1490 5689 1568 5750 εἰς
1593 5690 1737 5758 ἡμᾶς
1766 5690 1872 5761 πλη
1883 5692 2086 5759 μμελού
2096 5711 2231 5761 μενα

572 5763 648 5833 μὴ
680 5762 1038 5849 διαλύσωμεν,
1084 5770 1197 5823 ἀλλ’
1225 5772 1364 5841 ὑπὲρ
1408 5775 1515 5827 τῶν
1562 5777 1789 5829 εὐτελῶν
1818 5778 2021 5830 τούτων
2066 5797 2230 5849 πονη-

572 5847 861 5923 ρευώμεθα
903 5856 1045 5924 (ὅσον
1089 5858 1196 5927 γὰρ
1246 5861 1438 5915 ἑκατὸν
1475 5861 1702 5932 δηνάρια
1743 5866 1878 5935 πρὸς
1914 5864 2083 5935 μύρια
2128 5847 2226 5920 τά-

2335 808 2491 861 ρησιν
2552 792 2869 861 ἐδεξάμεθα,
2927 792 3132 845 τούτων
3193 791 3353 845 πάλιν
3409 790 3507 862 τὴν
3560 792 3819 864 ὁφείλησιν
3851 798 3958 865 μετὰ

2332 878 2579 947 βασάνων
2626 880 2973 932 ἀπαιτεῖσθαι
3033 880 3383 950 κελευόμεθα.
3414 880 3532 933 ’Ὶνα
3590 880 3696 952 γὰρ
3740 882 3957 953 μάθωμεν

2328 966 2573 1037 ἀκριϐῶς
2601 968 2681 1019 ὅτι
2726 968 2861 1037 πρὸς
2903 967 3169 1035 ὠφέλειαν
3200 968 3305 1020 τῶν
3352 967 3539 1037 ψυχῶν
3572 968 3678 1021 τῶν
3720 971 3957 1041 ἡμετέρων

2327 1054 2425 1124 τὴν
2461 1053 2775 1124 παραϐολὴν
2814 1054 3016 1125 ταύτην
3060 1056 3383 1126 παρήγαγεν
3425 1056 3452 1106 ὁ
3486 1055 3785 1125 Δεσπότης,
3823 1057 3955 1111 ἄκουε

2325 1141 2417 1194 τοῦ
2448 1141 2819 1211 ἐπαγομένου·
2852 1143 3013 1196 υϋτω
3044 1143 3141 1195 καὶ
3172 1147 3203 1196 0'
3234 1143 3433 1210 Πατὴρ
3472 1140 3638 1211 ὑμῶν
3665 1146 3697 1195 ό
3722 1142 3955 1211 οὐράνιος

2326 1230 2565 1295 ποιήσει
2612 1230 2786 1301 ὑμῖν,
2836 1230 3022 1300 φησιν,
3070 1230 3179 1283 ἐὰν
3224 1230 3310 1297 μὴ
3360 1228 3556 1297 ἀφῆτε
3608 1229 3849 1295 ἕκαστος
3893 1230 3954 1295 τῷ

2324 1317 2566 1386 ἀδελφῷ
2594 1319 2782 1373 αὑτοῦ
2809 1318 2925 1371 ἀπὸ
2961 1316 3078 1369 τῶν
3110 1315 3369 1383 καρδιῶν
3397 1314 3565 1385 ὑμῶν
3595 1316 3665 1368 τὰ
3689 1319 3955 1383 παραπτώ-

2319 1422 2477 1474 ματα
2496 1406 2713 1459 αὺτῶν.
2740 1406 2898 1473 Μέγα
2926 1404 3024 1474 τῆς
3051 1403 3364 1473 παραϐολῆς
3391 1405 3450 1455 τὸ
3478 1403 3687 1470 κέρδος,
3719 1404 3860 1472 μόνον
3885 1406 3955 1457 ἐὰν

2326 1492 2613 1561 προσέχειν
2632 1491 2963 1561 βουλώμεθα.
2985 1491 3049 1543 Τί
3067 1491 3175 1561 γάρ
3197 1490 3447 1542 τοσοῦτον
3467 1490 3682 1559 ἀφεῖναι
3702 1490 3952 1560 δυνάμεθα,

2323 1577 2447 1630 ὅσον
2481 1579 2703 1647 ἀφίεται
2732 1580 2863 1649 ἡμῖν
2900 1578 3052 1649 παρὰ
3078 1577 3169 1629 τοῦ
3197 1577 3505 1641 Δεσπότου;
3542 1578 3652 1629 Καὶ
3682 1578 3828 1647 ἡμεῖς
3858 1578 3953 1647 μὲν,

2322 1665 2418 1718 ἐὰν
2461 1667 2622 1719 τοῦτο
2676 1665 3047 1737 βουληθῶμεν,
3089 1664 3398 1736 ὁμοδούλοις
3440 1664 3702 1734 ἀφίεμεν·
3735 1665 3872 1716 αὐτοὶ

2323 1756 2473 1827 παρά
2504 1756 2597 1808 τοῦ
2630 1756 2898 1807 Δεσπότου
2928 1754 3025 1825 τὴν
3061 1752 3405 1824 συγχώρησιν
3438 1752 3725 1822 δεχόμεθα.
3754 1753 3852 1805 Καὶ
3875 1753 3953 1821 691

2324 1843 2419 1894 καὶ
2453 1843 2551 1912 τὴν
2578 1842 2863 1913 ἀκρίϐειαν
2892 1841 2999 1893 τῶν
3026 1841 3352 1910 εἰρημένων.
3376 1841 3451 1892 UO
3478 1840 3589 1911 γὰρ
3610 1836 3757 1891 εἶπεν
3784 1840 3952 1901 ἁπλῶς,

2322 1929 2417 1982 ἐάν
2455 1931 2529 1999 μὴ
2581 1929 2758 1997 ἀφῆτε
2811 1930 2923 1989 τοῖς
2970 1926 3278 1997 ἀνθρώποις
3324 1928 3393 1979 τά
3435 1926 3812 1996 ἡμαρτημένα,
3848 1926 3954 1977 ἀλλὰ

2318 2018 2404 2082 τί;
2441 2018 2575 2069 Ἐὰν
2606 2017 2691 2085 μὴ
2723 2014 2916 2084 ἀφῆτε
2947 2014 3207 2080 ἕκαστος
3236 2012 3317 2078 τῷ
3345 2013 3592 2080 ἀδελφῷ
3626 2012 3802 2066 αὑτοῦ
3832 2012 3953 2083 [267]

2322 2105 2441 2158 ἀπὸ
2488 2104 2606 2156 τῶν
2648 2102 2906 2170 καρδιῶν
2949 2101 3115 2170 ὑμῶν
3161 2102 3233 2155 τὰ
3284 2100 3724 2169 παραπτώματα
3771 2099 3949 2153 αὐτῶν.

2322 2192 2520 2244 Σκόπει
2554 2192 2672 2254 πῶς
2723 2190 2971 2261 βούλεται
3000 2190 3172 2259 αὐτὴν
3214 2191 3246 2258 ἡ
3258 2189 3374 2259 μῶν
3416 2189 3514 2257 τὴν
3550 2187 3769 2257 καρδίαν
3801 2188 3851 2237 ἐν
3877 2203 3951 2253 γα·

2321 2279 2455 2351 λὴνῃ
2509 2280 2602 2332 καὶ
2656 2279 2856 2349 ἡσυχίᾳ
2890 2277 3203 2347 τυγχάνειν,
3254 2276 3351 2329 καὶ
3390 2275 3484 2327 τὸν
3532 2275 3785 2345 λογισμὸν
3826 2274 3950 2343 ἡμῶν

2320 2367 2616 2437 ἀτάραχον,
2655 2366 2749 2418 καὶ
2784 2364 2983 2427 παντὸς
3012 2363 3355 2433 ἀπηλλάχθαι
3396 2362 3626 2425 πάθους,
3672 2362 3759 2413 καὶ
3788 2358 3949 2427 πολλὴν

2320 2453 2415 2523 τὴν
2449 2453 2583 2523 πρὸς
2618 2454 2743 2513 τοὺς
2776 2451 2999 2521 πλησίον
3030 2451 3175 2520 ἡμᾶς
3217 2449 3625 2502 ἐπιδείκνυσθαι
3651 2447 3744 2519 τὴν
3770 2446 3950 2516 φιλαγα·

2323 2540 2591 2609 θωσύνην.
2643 2539 2753 2592 Καὶ
2800 2538 3033 2607 ἀλλαχοῦ
3068 2538 3125 2590 δὲ
3172 2538 3333 2589 πάλιν
3376 2536 3521 2588 ἔστιν
3554 2535 3717 2588 αὐτοῦ
3762 2534 3948 2588 ἀκοῦσαι

2320 2629 2595 2696 λέγοντος·
2643 2629 2778 2680 Ἐὰν
2808 2628 2914 2696 γὰρ
2944 2624 3137 2693 ἀφῆτε
3173 2624 3298 2690 τοῖς
3334 2622 3667 2691 ἀνθρώποις
3710 2630 3774 2675 τὰ
3806 2636 3952 2689 παραυ

2320 2715 2600 2784 πτώματα
2644 2712 2863 2776 αὐτῶν,
2918 2712 3143 2780 ἀφήσει
3183 2712 3280 2765 καὶ
3321 2711 3463 2780 ὑμῖν
3502 2714 3535 2764 d
3586 2711 3780 2778 Πατὴρ
3816 2709 3950 2779 ὑμῶν

2321 2804 2353 2853 ό
2382 2800 2679 2869 οὐράνιος.
2725 2802 2816 2869 Μὴ
2866 2801 3043 2853 τοίνυν
3076 2799 3385 2869 νομίσωμεν
3431 2799 3619 2868 ἕτερον
3664 2799 3948 2867 εὐεργετεῖν,

2320 2889 2448 2941 ὅταν
2477 2889 2633 2941 τοῦτο
2666 2888 2926 2957 ποιῶμεν,
2951 2887 2983 2958 ἢ
3014 2887 3255 2956 μεγάλην
3282 2885 3404 2939 τινά
3426 2888 3503 2949 είς
3536 2888 3740 2939 ἐκεῖνον
3768 2884 3949 2937 κατατί-

2322 2976 2507 3028 θεσθαι
2541 2978 2718 3047 χάριν.
2751 2977 2912 3028 Αὐτοὶ
2945 2978 3052 3045 γάρ
3084 2978 3249 3045 ἐσμεν
3277 2976 3325 3027 οί
3358 2976 3457 3043 τῆς
3492 2974 3803 3044 εὐεργεσίας
3844 2973 3951 3025 ἀπο·

2320 3064 2592 3127 λαύοντες,
2638 3064 2731 3116 καὶ
2774 3064 2909 3116 πολὺ
2940 3064 3000 3115 τὸ
3035 3061 3224 3132 κέρδος
3262 3063 3475 3123 ἑαυτοῖς
3516 3061 3760 3113 ἐντεῦθεν
3790 3058 3947 3127 προξε-

2319 3152 2564 3214 νοῦντες·
2599 3150 2787 3222 ὥσπερ
2817 3150 2909 3204 ἐὰν
2947 3150 3021 3221 μὴ
3055 3150 3212 3202 τοῦτο
3244 3149 3507 3219 ποιῶμεν,
3549 3149 3711 3202 πάλιν
3751 3148 3950 3206 ἐκείνους

2324 3242 2422 3311 μὲν
2450 3240 2559 3293 οὐδ’
2588 3240 2723 3301 ὅλως
2757 3240 3011 3310 ἀδικῆσαί
3040 3257 3093 3291 τι
3142 3238 3501 3307 δυνησόμεθα,
3536 3239 3741 3300 ἑαυτοῖς
3785 3237 3834 3288 δὲ
3874 3236 3949 3303 τὴν

2319 3329 2587 3399 ἀφόρητον
2635 3328 2733 3397 τῆς
2775 3327 3000 3397 γεέννης
3044 3326 3263 3379 κόλασιν
3320 3326 3830 3397 προευτρεπίζομεν.
3861 3323 3948 3378 Διὸ-

2320 3414 2650 3485 παρακαλῶ,
2706 3414 2877 3465 ταῦτα
2932 3412 3269 3481 λογιζόμενοι
3332 3412 3607 3481 μηδέποτε
3665 3409 3949 3481 ἀνεχώμεθι

2318 3506 2429 3565 τοῖς
2470 3501 2828 3571 λελυπηκόσιν
2859 3499 3085 3572 ἡμᾶς,ἢ
3120 3499 3322 3570 ἑτέρως
3352 3517 3467 3561 πως
3512 3500 3799 3569 ἀδικήσασι
3841 3514 3951 3566 μνη-

2322 3592 2587 3649 σικακεῖν,
2616 3589 2647 3659 ἢ
2677 3588 2959 3659 ἐχθρωδῶς
2999 3586 3133 3657 1:96;
3162 3587 3359 3649 αὐτοὺς
3399 3586 3734 3638 διακεῖσθαι·
3766 3586 3865 3638 ἀλλ’
3887 3587 3953 3634 ὲν-

2320 3675 2537 3738 νοῦντες
2566 3676 2695 3745 ὅσης
2726 3677 2859 3744 ἡμῖν
2899 3673 3219 3744 εὐεργεσίας
3260 3672 3508 3742 πρόξενοι
3552 3674 3645 3725 καὶ
3683 3671 3951 3743 παρρησίας

2321 3763 2471 3835 παρά
2494 3764 2570 3833 τῷ
2597 3764 2839 3831 Δεσπότῃ
2868 3761 3127 3828 γίνονται,
3156 3762 3252 3813 καὶ
3293 3760 3399 3831 1:96
3424 3763 3643 3813 πάντων
3670 3762 3748 3813 ὅτι
3774 3760 3953 3825 δαπάνη

2318 3852 2577 3921 τυγχάνει
2607 3850 2716 3902 τῶν
2741 3848 3025 3919 ἡμετέρων
3059 3848 3475 3918 ἁμαρτημάτων
3504 3850 3537 3918 ἡ
3582 3848 3716 3919 πρὸς
3740 3849 3853 3909 τοὺς
3882 3846 3953 3895 λυ-

2322 3943 2599 4009 πήσαντας
2647 3937 2980 4005 καταλλαγὴ,
3016 3936 3333 4006 σπεύδωμεν
3366 3938 3460 3989 καὶ
3494 3933 3852 4005 ἐπειγώμεθα,
3878 3931 3952 3985 καὶ

2318 4027 2377 4079 τὸ
2402 4030 2466 4079 ἐκ
2494 4026 2681 4078 τούτου
2711 4025 2901 4093 κέρδος
2929 4023 3234 4085 ἐννοοῦντες
3275 4023 3549 4094 τοσαύτην
3594 4020 3952 4091 ἐπιδειξώμεθα

2325 4114 2454 4183 περὶ
2496 4114 2619 4175 τοὺς
2666 4112 2997 4181 ἠδικηκότας
3056 4111 3372 4182 θεραπείαν,
3410 4112 3609 4163 ὡσανεὶ
3657 4111 3785 4181 πρὸς
3826 4110 3953 4179 εὐερ-

2320 4203 2484 4269 γέτας
2527 4200 2759 4271 ἀληθῶς.
2804 4199 2929 4253 Ἐάν
2961 4199 3071 4269 γὰρ
3100 4200 3383 4269 νήφωμεν,
3420 4200 3517 4268 οὐχ
3562 4198 3730 4260 οὕτως
3763 4198 3807 4249 οἱ
3844 4212 3953 4263 γνη-

2322 4290 2451 4351 σίως
2485 4291 2611 4359 περὶ
2652 4289 2797 4357 ἡμᾶς
2851 4288 3177 4356 διακείμενοι
3228 4290 3320 4339 καὶ
3368 4288 3530 4339 παντὶ
3586 4287 3769 4357 τρόπῳ
3814 4283 3952 4352 θερα-

2320 4376 2507 4428 πεύειν
2538 4374 2922 4439 σπουδάζοντες
2967 4374 3241 4444 ὠφελῆσαι
3272 4375 3417 4444 ἡμᾶς
3462 4375 3797 4443 δυνήσονται,
3830 4371 3894 4431 ὡς
3926 4368 3951 4435 ἡ

2322 4464 2451 4533 περὶ
2507 4462 2728 4525 τούτους
2773 4462 3057 4532 θεραπεία,
3108 4461 3293 4527 ἀξίους
3325 4463 3474 4531 ἡμᾶς
3504 4463 3606 4533 τῆς
3648 4459 3841 4515 ἄνωθεν
3876 4457 3951 4507 εὐ-

2321 4552 2469 4613 νοίας
2509 4548 2956 4621 ἀπεργαζομένη,
2993 4550 3084 4604 καὶ
3126 4549 3221 4603 τοῦ
3251 4551 3471 4620 φορτίου
3510 4549 3623 4602 τῶν
3670 4545 3954 4619 ἡμαρτημέ-

2322 4654 2427 4690 νων
2455 4640 2587 4706 ἡμῖν
2622 4637 3072 4706 ἐπικουφίζουσα.

2392 4738 2461 4802 η’·
2501 4734 2782 4802 Ἐννόησον
2823 4736 2932 4800 γάρ
2974 4750 3084 4802 μοι,
3125 4730 3395 4802 ἁγαπητὲ,
3428 4732 3553 4783 ὅσον
3584 4733 3681 4801 τῆς
3705 4728 3883 4798 ἀρετῆς
3905 4725 3953 4775 τὸ

2328 4819 2551 4889 μέγεθος
2578 4822 2783 4889 ταύτης
2811 4820 2918 4872 ἀπὸ
2948 4821 3053 4872 τῶν
3084 4819 3356 4882 ἐπάθλων,
3388 4811 3461 4871 ὧν
3489 4817 3842 4887 ἐπηγγείλατο
3864 4813 3952 4871 τοῖς

2323 4909 2525 4979 ταύτην
2560 4910 2979 4980 κατωρθωκόσιν
3012 4913 3039 4963 ὁ
3079 4910 3188 4964 τῶν
3235 4910 3371 4963 ὅλων
3424 4908 3577 4970 Θεός.
3630 4906 3808 4962 Εἰπὼν
3847 4904 3949 4971 γὰρ.

2337 4996 2621 5067 Ἀπγιπᾶτε
2661 4999 2803 5064 τοὺς
2841 4998 3093 5067 ἐχθροὺς
3130 4996 3316 5067 ὑμῶν,
3344 4997 3647 5065 εὐλογεῖτε
3678 4994 3814 5059 τοὺς
3842 4988 3951 5043 διώο

2325 5102 2537 5152 κοντας
2560 5084 2735 5154 ὑμᾶς,
2758 5087 3010 5154 εῦχεσθε
3032 5086 3183 5153 ὑπὲρ
3204 5085 3322 5139 τῶν
3341 5083 3778 5151 ἐπηρεαζόντων
3796 5076 3949 5148 ὑμᾶς’

2324 5174 2512 5243 ἐπειδὴ
2548 5174 2755 5243 μεγάλα
2780 5170 2847 5244 ἦν
2879 5174 2947 5227 τά
2982 5174 3333 5244 ἐπιτάγματα
3362 5172 3577 5241 καὶτῆς
3612 5170 3781 5239 ἄκρας
3820 5163 3952 5221 ἀπτό-

2329 5280 2465 5332 μενα
2512 5262 2794 5333 κορυφῆς,
2840 5264 3038 5331 φησίν·
3075 5263 3269 5326 Ὅπως
3320 5261 3577 5329 γένησθε
3634 5258 3813 5326 ὅμοιοι
3867 5250 3952 5304 τοῦ

2338 5350 2556 5417 Ἰατρὸς
2588 5349 2752 5418 ὑμῶν
2789 5350 2891 5403 τοῦ
2939 5350 3009 5401 ἐν
3042 5348 3166 5413 τοῖς
3201 5347 3499 5415 οὐρανοῖς,
3544 5346 3635 5398 ὅτι
3678 5344 3780 5396 τὸν
3807 5339 3954 5407 ἥλιον

2326 5436 2511 5489 αὑτοῦ
2552 5438 2865 5490 ἀνατέλλει
2901 5437 2998 5489 ἐπὶ
3050 5435 3353 5502 πονηροὺς
3390 5434 3489 5487 καὶ
3551 5429 3831 5502 ἀγαθοὺς.
3874 5424 3954 5477 καὶ

2321 5523 2528 5592 ,βρέχει
2573 5525 2669 5577 ἐπὶ
2706 5524 2975 5590 δικαίους
3016 5524 3111 5577 καὶ
3149 5522 3417 5587 ἀδίκους.
3457 5516 3608 5583 Εἶδες
3647 5517 3781 5571 κατὰ
3823 5514 3955 5566 δύνα-

2330 5625 2421 5679 μιν
2455 5609 2801 5681 ἀνθρωπίνην
2834 5611 2938 5663 τίνι
2968 5611 3267 5681 παρόμοιος
3297 5610 3504 5676 γίνεται
3546 5610 3575 5660 ὁ
3612 5605 3683 5675 μὴ
3721 5602 3865 5673 μόνον
3891 5596 3953 5668 μὴ

2328 5696 2666 5765 ἀμυνόμενος
2695 5698 2819 5760 τοὺς
2857 5697 3255 5768 λελυπηκότας,
3292 5696 3429 5749 ἀλλά
3460 5695 3552 5748 καὶ
3594 5685 3951 5763 προσεύχεσθαι

2335 5782 2475 5853 ὑπὲρ
2506 5784 2684 5836 αὐτῶν
2731 5783 3076 5848 σπουδάζων;
3108 5783 3200 5855 Μὴ
3232 5785 3407 5837 τοίνυν
3436 5778 3810 5847 ἀποστερῶμεν
3848 5775 3951 5824 ὲαυ·

2331 5869 2456 5932 τοὺς
2494 5869 2583 5939 διὰ
2632 5869 2898 5941 ρᾳθυμίαν
2945 5869 3200 5925 τοιούτων
3235 5869 3453 5942 δωρεῶν
3480 5862 3705 5921 καὶτῶν
3738 5858 3951 5915 ἐπάθλων
