4062 6396
244 347 356 402 2ι9

246 457 588 531 supplicabat
607 454 797 511 eadem
822 453 985 509 modo
1003 494 1018 518 ,
1048 467 1155 524 quo
1182 447 1448 506 ille'antea
1476 449 1692 504 domina
1710 489 1726 516 ,
1757 446 1840 502 di-

249 566 388 606 cens
415 569 427 602 :
462 548 768 602 Patientiam
789 544 916 599 habe
933 545 986 598 in
1007 561 1106 608 me,
1129 551 1175 596 et
1194 543 1361 596 omnia
1387 541 1473 594 tibi
1497 540 1724 594 reddam.
1748 537 1850 592 Ille

250 653 447 708 autem,
479 641 665 710 inquit,
691 655 941 710 egressus,
972 634 1184 704 coniecit
1211 635 1358 687 illum
1382 633 1435 686 in
1460 648 1732 696 carcerem,
1757 630 1850 683 do-

254 749 350 787 nec
371 749 517 786 omne
539 729 754 784 debitum
778 729 873 783 sibi
895 737 1176 782 numeraret
1195 724 1402 796 (Matth.
1425 724 1510 779 18.
1533 723 1647 793 50).
1671 722 1715 777 Ο
1736 721 1852 776 ani-

255 840 407 877 mum
431 838 641 876 summe
673 819 969 890 ingratum!
998 818 1172 872 adhuc
1199 814 1399 871 recenti
1426 814 1678 869 memoria
1705 822 1854 867 tene-

256 916 374 981 bat,
409 925 603 982 quanta
634 913 884 967 dominus
909 910 1224 965 liberalitate
1247 923 1428 962 secum
1455 915 1654 976 egerat,
1679 918 1852 975 neque

256 1008 339 1061 sic
367 1007 543 1074 aliqua
574 1003 1041 1058 commiseratione
1083 1012 1258 1054 nuitns
1287 1009 1368 1053 est
1399 1016 1412 1052 :
1445 997 1537 1052 sed
1572 997 1714 1060 prius
1739 995 1855 1065 qui-

258 1099 384 1153 dem
417 1096 730 1158 suﬂ'ocabat,
761 1111 904 1149 nunc
929 1108 1057 1147 vero
1085 1094 1135 1146 in
1162 1106 1431 1146 carcerem
1460 1089 1708 1157 conjecit.

337 1191 388 1242 7.
424 1188 687 1243 Gtt-terum
730 1187 845 1240 vide
874 1185 997 1255 quid
1038 1193 1289 1252 sequatur
1320 1200 1330 1234 :
1369 1181 1434 1235 Ut
1465 1181 1728 1240 viderunt,
1768 1179 1854 1232 in-

264 1283 402 1351 quit,
432 1280 655 1334 conservi
680 1280 839 1344 illius,
871 1277 1150 1330 contristati
1188 1284 1304 1328 sunt
1330 1289 1347 1327 :
1373 1285 1419 1328 et
1447 1287 1503 1326 ut
1530 1281 1766 1326 venerunt
1791 1271 1857 1324 ad

263 1372 531 1426 dominum
556 1387 721 1435 suum,
754 1386 861 1422 rem
885 1385 1082 1422 omnem
1111 1367 1434 1420 declararunt
1461 1363 1630 1435 (Ibid.
1661 1381 1708 1418 v.
1740 1363 1853 1429 3i).

264 1464 383 1518 Non
414 1464 504 1517 ille
527 1462 740 1532 quidem
773 1461 860 1529 qui
888 1461 958 1514 ita
987 1460 1124 1514 male
1151 1458 1368 1513 affectus
1393 1465 1541 1523 erat,
1572 1455 1859 1529 (quomodo

268 1556 412 1610 enim
434 1555 722 1624 potuisset,
757 1553 808 1607 in
839 1567 1106 1607 carcerem
1135 1551 1404 1620 conjectus
1421 1549 1469 1619 ?)
1495 1552 1587 1604 sed
1615 1550 1700 1602 alii
1726 1563 1860 1602 can-

271 1649 437 1709 servi,
464 1655 520 1702 et
545 1647 632 1716 qtti
662 1645 804 1699 nulla
836 1645 1024 1714 injuria
1050 1643 1244 1709 aﬂ'ecti,
1269 1643 1417 1713 quasi
1447 1642 1634 1710 injuria
1663 1640 1858 1708 affecti,

270 1739 343 1792 ita
371 1738 549 1794 moesti
583 1747 733 1791 erant
753 1779 768 1802 ,
798 1736 1178 1805 dominumque
1205 1734 1464 1789 adeuntes
1486 1773 1501 1801 ,
1534 1749 1648 1788 rem
1679 1748 1863 1787 narra-

273 1839 488 1884 verunt.
521 1827 636 1882 Jam
668 1827 789 1881 vide
815 1827 1015 1882 domini
1055 1825 1490 1896 indignationem.
1520 1823 1663 1878 Tunc
1689 1840 1864 1877 accer-

268 1921 368 1974 sito
397 1936 475 1983 ea,
506 1920 696 1989 inquit,
729 1919 846 1972 dicit
870 1935 888 1973 :
916 1918 1070 1974 Serve
1094 1934 1306 1986 nequam
1324 1916 1488 1988 (Ibid.
1509 1932 1556 1969 v.
1589 1915 1700 1986 52).
1727 1915 1864 1971 Vere

272 2011 360 2066 hic
387 2011 571 2066 videre
609 2011 732 2065 licet
759 2025 918 2078 quam
953 2009 1306 2079 perniciosum
1335 2009 1406 2062 sit
1435 2007 1742 2076 iniuriarum
1773 2023 1863 2061 re-

273 2103 507 2156 minisci.
531 2102 792 2170 Quoniam
818 2116 940 2156 cum
971 2100 1158 2156 decem
1192 2100 1350 2153 millia
1376 2099 1571 2154 talenta
1600 2099 1863 2168 exigebat,

276 2209 382 2245 non
431 2193 639 2246 vocavit
685 2207 805 2246 eum
848 2191 1041 2244 malum
1072 2207 1086 2244 :
1119 2191 1211 2244 sed
1249 2204 1420 2255 nunc,
1455 2203 1576 2244 cum
1607 2203 1867 2244 conservo

266 2283 509 2338 crudelis
549 2283 666 2345 fuit.
704 2283 858 2338 Serve
886 2298 1119 2352 nequam,
1153 2282 1342 2351 inquit,
1373 2297 1517 2335 omne
1542 2280 1759 2335 debitum
1787 2297 1868 2334 re-

277 2377 394 2430 misi
423 2378 547 2442 tibi,
576 2377 695 2447 quia
723 2378 910 2446 rogasti
939 2393 1035 2430 me.
1066 2376 1198 2430 Vide
1226 2376 1494 2446 quomodo
1523 2375 1756 2430 declarat
1784 2374 1866 2428 in-

282 2475 498 2537 gentem
528 2469 644 2536 ejus
683 2469 958 2522 malitiam.
995 2467 1128 2522 Num
1163 2467 1360 2538 aliquid
1397 2467 1623 2536 amplius
1661 2466 1868 2522 fecisti?

277 2558 469 2627 inquit.
499 2557 686 2613 Nonne
714 2560 934 2628 paucula
967 2569 1168 2613 tantum
1199 2559 1356 2613 verba
1380 2558 1580 2621 dixisti,
1608 2567 1663 2614 et
1689 2573 1870 2613 susce-

278 2658 366 2718 pta
405 2649 664 2716 petitione
703 2659 788 2703 tua
829 2658 994 2704 totum
1037 2650 1164 2704 illud
1210 2650 1412 2720 grande
1452 2659 1506 2704 et
1547 2649 1866 2705 immensum

277 2740 517 2795 debitum
540 2740 753 2795 remisi?
779 2739 967 2794 Nonne
986 2752 1031 2794 et
1055 2752 1100 2796 te
1126 2742 1350 2795 misereri
1369 2741 1622 2811 Oportebat
1647 2741 1868 2795 conservi

277 2833 348 2885 tui
369 2875 386 2898 ,
415 2833 545 2885 sicut
570 2841 619 2886 et
646 2849 736 2902 ego
766 2833 841 2886 tui
879 2833 1112 2888 misertus
1149 2849 1259 2887 sum
1298 2837 1316 2903 (
1336 2832 1471 2887 Ibid.
1504 2849 1551 2886 v.
1583 2832 1686 2905 55)
1707 2834 1730 2887 ?
1755 2833 1868 2900 Qua

277 2925 472 2995 dignus
499 2927 606 2981 eris
636 2926 806 2990 venia,
835 2927 876 2980 si
899 2941 1000 2997 ego
1023 2927 1267 2982 dominus
1295 2938 1413 2982 tuus
1433 2936 1635 2982 tantum
1661 2926 1870 2999 pondus

281 3016 582 3071 debitorum
622 3026 838 3087 propter
877 3019 964 3072 illa
1001 3018 1140 3073 nuda
1171 3019 1328 3074 verba
1355 3019 1529 3073 dimisi
1563 3038 1575 3073 :
1608 3029 1662 3074 tu
1691 3028 1867 3074 autem

278 3108 527 3163 conservi
559 3109 630 3162 tui
650 3150 664 3172 ,
699 3110 788 3178 qui
820 3119 900 3164 est
925 3110 1163 3178 ejusdem
1195 3119 1398 3164 naturae
1417 3152 1430 3176 ,
1460 3125 1564 3165 non
1592 3126 1652 3166 es
1677 3112 1868 3166 miser-

280 3207 366 3251 tus
387 3241 402 3263 ,
433 3214 607 3268 neque
635 3198 834 3254 inﬂecti
869 3201 1080 3268 potuisti
1106 3243 1121 3267 ,
1153 3217 1322 3270 neque
1351 3202 1656 3256 recordatus
1683 3218 1868 3258 corum

278 3304 401 3357 qua:
430 3303 460 3341 a
489 3305 575 3342 me
602 3289 690 3342 tibi
719 3305 972 3344 concessa
1001 3300 1144 3357 sunt,
1169 3292 1326 3344 ullam
1350 3291 1868 3348 commiserationem

282 3397 394 3450 pra:
427 3391 478 3435 te
508 3381 702 3447 tulisti,
732 3382 826 3438 sed
858 3383 1177 3439 inhumanus
1203 3385 1342 3439 fuisti
1369 3395 1423 3440 et
1447 3385 1708 3450 crudelis,
1738 3402 1871 3442 con-

281 3471 533 3541 servique
557 3474 797 3528 misereri
826 3475 1079 3528 noluisti?
1106 3475 1304 3530 Idcirco
1327 3476 1414 3531 hic
1439 3477 1648 3532 tandem
1675 3494 1734 3533 re
1757 3479 1870 3548 ipsa

282 3565 458 3619 disces
482 3575 803 3635 quantorum
836 3568 927 3622 tibi
956 3568 1055 3636 ipsi
1086 3569 1344 3622 malorum
1377 3579 1561 3624 auctor
1588 3569 1773 3626 fueris.
1803 3570 1872 3625 Et

284 3657 442 3709 iratus
472 3657 705 3710 dominus
731 3660 874 3728 ejus,
903 3659 1110 3712 tradidit
1148 3659 1291 3713 illum
1330 3661 1597 3714 tortoribus
1623 3661 1641 3730 (
1657 3659 1792 3714 Ibid.
1822 3677 1870 3716 v.

286 3749 402 3816 34).
453 3748 584 3803 Vide
627 3761 682 3804 et
728 3767 867 3806 nunc
915 3752 1082 3821 ipsum
1133 3753 1286 3807 irasci
1327 3753 1396 3808 ob
1436 3754 1871 3810 inbumanitatem

287 3853 407 3906 erga
431 3854 642 3892 servum
664 3848 717 3893 et
739 3841 1024 3896 tortoribus
1052 3844 1194 3897 illum
1219 3844 1426 3899 tradere
1451 3863 1464 3897 :
1494 3845 1545 3900 id
1565 3847 1704 3915 quod
1727 3848 1872 3915 prius

291 3944 395 3981 non
433 3927 587 3994 fecit,
625 3945 745 3984 eum
779 3940 856 3984 tot
888 3932 1184 3987 debitorum
1217 3949 1341 3989 reus
1374 3945 1549 4001 esset,
1581 3951 1720 3991 nunc
1760 3938 1872 3992 ﬁeri

291 4017 453 4086 jubet.
487 4019 717 4075 Tradidit
743 4024 884 4076 enim
913 4023 1060 4076 illum
1088 4027 1383 4092 tortoribus,
1408 4031 1569 4082 donec
1606 4045 1752 4082 omne
1782 4029 1872 4084 de-

293 4110 443 4164 bitum
474 4112 702 4166 redderet
730 4130 747 4166 :
774 4114 945 4169 donec
965 4157 977 4174 .
1012 4117 1210 4185 inquit,
1239 4117 1422 4172 decem
1449 4119 1612 4173 millia
1643 4121 1834 4177 talenta
1856 4163 1872 4188 ,

291 4215 407 4268 qua:
430 4201 542 4270 jam
577 4204 796 4258 remissa
823 4215 1006 4272 erant,
1035 4207 1414 4263 dinumeraret.
1448 4209 1631 4280 Magna
1660 4220 1714 4266 et
1740 4211 1876 4266 inef-

292 4289 465 4344 fabilis
498 4292 588 4346 Dei
616 4293 896 4349 clementia
931 4313 943 4347 :
975 4313 1094 4350 eum
1135 4298 1246 4365 ipse
1273 4299 1486 4368 quidem
1514 4301 1748 4356 debitum
1790 4317 1876 4356 re-

291 4391 516 4447 peteret,
546 4383 612 4436 ad
639 4385 807 4439 nudas
840 4395 1038 4440 tantum
1068 4403 1252 4457 preces
1279 4399 1444 4444 totum
1471 4391 1690 4445 remittit
1715 4408 1729 4444 :
1752 4407 1872 4447 cum

291 4479 469 4524 autem
497 4473 550 4525 in
577 4487 890 4528 conservum
931 4478 1073 4531 videt
1108 4479 1376 4534 crudelem
1406 4491 1458 4534 et
1487 4481 1830 4537 inhumanum
1855 4525 1871 4550 ,

291 4575 442 4614 suam
477 4573 696 4617 revocat
725 4566 1087 4622 liberalitatem
1111 4609 1124 4634 ,
1153 4580 1454 4625 monstrans
1482 4572 1553 4625 illi
1584 4589 1648 4626 ex
1679 4589 1736 4628 re
1762 4575 1873 4643 ipsa

293 4667 397 4718 quo
427 4661 582 4721 pacto
609 4670 712 4707 non
744 4670 848 4710 tam
879 4658 1048 4724 illum,
1075 4675 1232 4729 quam
1258 4676 1316 4714 se
1347 4661 1516 4730 ipsum
1543 4663 1869 4719 offendisset.

295 4743 357 4796 Et
387 4743 526 4798 sicut
567 4746 654 4800 ille
682 4762 998 4801 conservum
1034 4749 1088 4803 in
1123 4765 1393 4806 carcerem
1423 4755 1676 4821 conjecit,
1706 4755 1876 4812 donec

292 4833 530 4888 debitum
561 4835 805 4891 redderet
829 4857 842 4892 ε
873 4840 938 4891 ita
966 4848 1019 4893 et
1048 4840 1159 4909 ipse
1186 4843 1473 4897 tortoribus
1505 4845 1746 4909 traditur,
1775 4845 1875 4900 da-

293 4939 393 4979 nec
426 4926 570 4994 quod
605 4925 831 4982 debebat
869 4941 1189 4985 numeraret.
1221 4931 1346 4986 Haec
1371 4942 1546 4988 autem
1575 4949 1680 4988 non
1706 4936 1773 4990 de
1800 4944 1877 4990 ta-

297 5015 456 5070 lentis
476 5024 530 5070 et
547 5016 776 5072 denariis
800 5021 1110 5090 simpliciter
1131 5023 1282 5088 dixit,
1305 5023 1398 5078 sed
1419 5024 1487 5078 de
1514 5028 1740 5094 peccatis
1763 5038 1877 5082 erat

295 5120 476 5160 sermo
499 5115 557 5160 et
582 5106 896 5164 delictorum
936 5113 1296 5179 magnitudine
1315 5155 1330 5179 ,
1359 5123 1417 5168 ut
1443 5115 1707 5171 discamus
1731 5158 1746 5183 ,
1780 5133 1877 5172 nos

296 5198 508 5264 quidem
541 5200 865 5254 inﬁnitarmn
910 5213 1246 5268 peccatorum
1291 5220 1474 5272 ptenas
1519 5206 1742 5261 Domino
1778 5208 1876 5263 de-

295 5291 513 5354 bentes,
543 5303 759 5363 propter
791 5295 1108 5349 ineffabilem
1142 5297 1279 5351 illius
1305 5300 1719 5355 misericordiam
1741 5343 1756 5366 ,
1788 5317 1876 5356 re-

298 5382 609 5436 missionem
651 5384 718 5437 ab
759 5383 874 5452 ipso
911 5387 1172 5455 accipere.
1204 5389 1260 5442 Si
1288 5403 1414 5442 vero
1442 5405 1562 5460 erga
1592 5406 1878 5448 conservos

299 5482 351 5525 et
381 5475 675 5541 proximos,
703 5485 756 5528 et
784 5490 897 5541 eos,
926 5477 1014 5546 qui
1053 5478 1292 5533 eamdem
1321 5495 1480 5549 quam
1513 5497 1609 5535 nos
1638 5491 1878 5536 naturam

298 5565 472 5620 sortiti
498 5575 621 5620 sunt
641 5605 658 5632 ,
685 5567 927 5623 crudeles
959 5578 1012 5623 et
1051 5569 1322 5625 inhumani
1366 5571 1618 5627 fuerimus
1641 5613 1654 5638 ,
1684 5583 1738 5630 et
1761 5590 1878 5644 quin

255 5725 260 5730 α
302 5659 354 5712 in
385 5675 483 5713 nos
513 5661 796 5715 commissa
827 5671 948 5715 sunt
988 5678 1092 5716 non
1123 5661 1480 5719 dimiserimus
1502 5706 1516 5727 ,
1549 5665 1642 5720 sed
1685 5681 1782 5734 pro
1821 5682 1879 5721 re

306 5753 486 5808 frivola
511 5753 721 5810 molesti
748 5754 999 5819 fuerimus
1026 5755 1298 5827 (quantum
1329 5757 1471 5813 enim
1499 5757 1716 5814 interest
1740 5759 1877 5816 inter

1303 335 1369 393 IN
1405 335 1556 393 CAP.
1600 333 1690 388 ix.
1719 330 1960 389 GENES.
2003 331 2231 387 HOMIL.
2274 331 2489 388 XXVII.

3431 325 3536 379 950

1953 455 2168 500 centum
2193 444 2441 499 denarios
2463 484 2478 509 ,
2510 451 2565 498 et
2589 441 2774 498 decem
2802 439 2968 496 millia
2993 438 3190 494 talenta
3214 480 3230 506 ,
3257 447 3458 493 tantum
3484 454 3535 492 ει

1955 539 2096 592 inter
2116 553 2178 592 ea
2203 553 2321 606 qua:
2349 552 2448 591 nos
2473 536 2525 590 in
2557 535 2837 589 Dominum
2857 575 2871 599 ,
2899 541 2955 587 et
2978 549 3038 587 ea
3064 549 3182 602 qua:
3211 547 3539 603 cangeneres

1927 651 1930 654 θ
1956 631 2008 685 in
2037 645 2135 684 nos
2159 627 2538 699 deliquerunt),
2565 637 2687 681 tunc
2711 635 2765 681 et
2792 640 2890 680 nos
2915 626 2968 679 in
2998 625 3409 694 indignationem
3438 623 3542 677 Do-

1956 721 2086 774 mini
2117 719 2440 784 incidemus,
2467 726 2521 772 et
2557 732 2621 772 ea
2649 731 2766 787 qua:
2792 715 2901 785 jam
2931 723 3086 769 antea
3115 714 3333 768 dimissa
3359 723 3540 779 erant,

1957 813 2166 867 salvere
2202 812 2394 866 iterum
2434 811 2486 864 in
2528 809 2808 864 tormentis
2844 823 3114 878 cogemur.
3148 807 3315 862 Porro
3341 815 3399 860 ut
3426 806 3545 861 dili-

1957 914 2146 975 genter
2181 904 2447 959 discamus
2493 902 2794 972 parabolam
2837 901 2974 954 banc
3013 901 3081 955 ob
3117 901 3412 954 animarmn
3443 914 3542 953 no—

1960 1007 2190 1051 strarum
2217 997 2441 1051 salutem
2470 1010 2498 1047 a
2529 995 2752 1048 Domino
2781 992 3085 1059 adductam,
3119 992 3239 1046 andi
3267 1007 3386 1061 qua:
3414 990 3547 1045 infe-

1960 1096 2150 1143 runtur
2177 1105 2189 1141 :
2217 1086 2306 1141 Sic
2330 1097 2376 1139 et
2408 1086 2561 1139 Pater
2585 1096 2742 1139 vester
2766 1084 2974 1139 ctelestis
3002 1085 3150 1152 faciet
3172 1084 3325 1144 vobis.
3351 1083 3544 1152 inquit,

1959 1181 2004 1233 si
2050 1195 2150 1232 non
2199 1179 2536 1247 unusquisque
2584 1177 2732 1247 fratri
2777 1192 2866 1228 suo
2916 1175 3202 1228 remiseritis
3246 1191 3272 1227 e
3314 1175 3547 1227 cordibus

1963 1274 2136 1326 vestris
2162 1271 2346 1326 delicta
2369 1271 2570 1324 illorum
2596 1268 2614 1340 (
2639 1269 2819 1321 Matth.
2846 1268 2932 1322 18.
2963 1268 3032 1322 '55
3122 1267 3364 1336 Magnum
3393 1282 3544 1336 para-

1963 1364 2099 1418 bolae
2128 1363 2355 1428 lucrum,
2387 1360 2545 1415 modo
2574 1359 2846 1414 attendere
2871 1359 3215 1413 voluerimus.
3243 1356 3378 1423 Quid
3404 1357 3547 1411 enim

1965 1463 2170 1508 tantum
2202 1453 2494 1523 poterimus
2515 1450 2801 1516 dimittere,
2823 1459 3073 1520 quantum
3101 1449 3254 1503 nobis
3274 1464 3302 1502 a
3327 1449 3548 1502 Domino

1965 1545 2286 1600 dimittitur?
2317 1545 2384 1598 Et
2417 1559 2514 1599 nos
2543 1543 2756 1613 quidem
2804 1543 2848 1596 si
2893 1543 2994 1595 hoc
3034 1542 3389 1608 voluerimus,
3417 1556 3549 1595 con-

1966 1639 2133 1694 servis
2164 1638 2515 1704 remittimus;
2547 1637 2645 1706 ipsi
2687 1651 2813 1690 vera
2850 1651 2878 1688 a
2917 1636 3139 1689 Domino
3182 1635 3548 1690 remissionem

1967 1729 2276 1800 accipimus.
2309 1727 2379 1782 Et
2415 1727 2536 1782 vide
2574 1737 2631 1780 ut
2669 1726 2950 1796 diligenter
2986 1724 3190 1794 singula
3231 1733 3354 1778 sunt
3389 1723 3552 1778 dicta.

1970 1819 2085 1874 Non
2117 1820 2258 1874 enim
2287 1819 2420 1872 dixit
2459 1818 2798 1888 simpliciter,
2827 1817 2882 1873 Si
2913 1833 3017 1871 non
3045 1818 3352 1872 dimiseritis
3378 1817 3552 1871 banti-

1968 1911 2122 1964 nibus
2154 1920 2365 1978 peccata
2399 1926 2412 1961 :
2444 1908 2561 1972 sed,
2593 1909 2654 1962 Si
2684 1925 2783 1962 non
2814 1909 3152 1979 unusquisque
3177 1909 3324 1978 fratri
3351 1925 3442 1962 suo
3474 1925 3552 1962 re-

1968 2005 2202 2060 miseritis
2223 2021 2248 2058 e
2268 2003 2500 2058 cordibus
2522 2005 2694 2058 vestris
2719 2003 2902 2057 delicta
2924 2002 3146 2056 illorum.
3172 2003 3402 2057 Adverte
3422 2019 3552 2073 quo-

1969 2099 2130 2153 modo
2171 2097 2283 2151 vult
2333 2112 2426 2151 cor
2474 2107 2712 2151 nostrum
2763 2097 2815 2150 in
2861 2096 3037 2165 quiete
3078 2106 3132 2150 et
3179 2097 3552 2166 tranquillitate

1970 2205 2108 2248 esse.
2132 2199 2184 2243 et
2212 2199 2441 2242 mentem
2471 2198 2706 2242 nostram
2736 2201 2764 2240 a
2795 2188 3277 2257 perturbationibus
3304 2189 3551 2253 alienam,

1970 2281 2440 2351 aifectionibusque
2476 2281 2724 2334 onmibus
2753 2281 2972 2334 liberam
2992 2321 3007 2348 ,
3041 2281 3430 2352 plurimumque
3458 2299 3553 2336 nos

1971 2391 2095 2445 erga
2123 2374 2418 2443 proximum
2445 2373 2745 2429 dilectionis
2772 2374 3002 2429 studium
3034 2374 3328 2433 declarare.
3358 2375 3423 2428 Et
3451 2377 3553 2429 aiio

1971 2481 2183 2534 quoque
2213 2466 2328 2520 loco
2357 2465 2546 2520 iterum
2581 2464 2846 2519 dicentem
2886 2465 3071 2520 audire
3110 2465 3234 2519 licet
3264 2483 3276 2517 :
3312 2465 3372 2520 Si
3401 2466 3553 2519 dimi-

1969 2558 2133 2612 seritis
2157 2558 2438 2611 hominibus
2464 2557 2648 2610 delicta
2672 2558 2898 2620 illorum,
2927 2557 3141 2610 dimittet
3165 2565 3210 2610 et
3236 2558 3372 2611 vobis
3400 2557 3554 2611 Pater

1970 2657 2126 2702 vester
2149 2648 2360 2702 etclestis
2387 2647 2599 2718 (Matth.
2629 2648 2682 2702 6.
2714 2648 2820 2716 14).
2850 2647 2925 2702 Ne
2956 2647 3110 2717 igitur
3135 2656 3398 2716 putemus,
3431 2647 3553 2701 dum

1973 2739 2074 2794 hoc
2100 2739 2340 2804 iacimus,
2369 2754 2468 2793 nos
2491 2739 2640 2793 alteri
2669 2737 2972 2808 gratiﬁcari,
3000 2747 3089 2792 aut
3117 2753 3362 2806 magnum
3389 2738 3554 2808 quod-

1971 2833 2090 2887 dam
2117 2833 2429 2888 beneficium
2455 2832 2591 2901 apud
2615 2831 2762 2885 illum
2789 2830 3075 2899 deponere.
3101 2830 3228 2884 Nam
3252 2831 3350 2900 ipsi
3372 2845 3555 2885 sumus

1971 2924 2062 2996 qui
2105 2925 2364 2980 beneﬁcio
2405 2923 2656 2988 fruimur,
2697 2933 2750 2978 et
2792 2923 3015 2977 multum
3066 2923 3196 2976 lucri
3245 2921 3365 2978 inde
3403 2923 3556 2978 nobis

1971 3014 2318 3070 conciliamus
2351 3032 2363 3067 :
2394 3013 2528 3067 sicut
2555 3014 2712 3067 etiam
2741 3014 2785 3065 si
2812 3011 2914 3066 hoc
2941 3027 3045 3066 non
3086 3010 3370 3066 fecerimus
3390 3053 3405 3078 ,
3437 3028 3553 3066 am-

1975 3105 2101 3158 nino
2128 3103 2260 3159 nihil
2294 3117 2388 3158 cos
2418 3103 2609 3157 laedere
2649 3102 2939 3171 poterimus
2963 3143 2978 3166 ,
3016 3103 3168 3157 nobis
3212 3102 3342 3171 ipsis
3379 3111 3554 3156 autem

1974 3193 2357 3249 intolerabilem
2385 3195 2642 3263 gehenme
2670 3209 2878 3263 pmnam
2906 3209 3174 3264 paramus.
3206 3193 3428 3261 Idcirco,
3461 3195 3556 3249 ab-

1974 3301 2127 3342 secra
2149 3328 2165 3353 ,
2195 3297 2250 3340 ut
2277 3287 2570 3355 cogitantes
2596 3285 2708 3341 haec
2731 3327 2746 3350 ,
2779 3302 3063 3355 numquam
3094 3287 3432 3342 admittamus
3457 3330 3470 3355 ,
3501 3297 3556 3342 ut

1974 3395 2157 3434 eorum
2193 3380 2282 3448 qui
2314 3394 2410 3433 nos
2438 3379 2818 3434 contristarunt
2842 3418 2857 3442 ,
2896 3378 2980 3431 vel
3018 3378 3148 3432 alias
3188 3379 3556 3444 offenderunt,

1974 3472 2180 3541 injuria:
2216 3471 2654 3536 reminiscamur,
2685 3470 2770 3525 vel
2816 3471 3030 3524 inimico
3059 3472 3236 3524 animo
3272 3487 3396 3541 erga
3439 3472 3556 3526 illas

1973 3563 2267 3617 afﬁciantur
2293 3580 2306 3615 :
2337 3563 2430 3618 sed
2463 3562 2864 3617 considerantes
2889 3562 3081 3631 quanta
3123 3562 3224 3617 hoc
3253 3563 3403 3617 nobis
3429 3563 3559 3618 affe-

1975 3665 2057 3709 rat
2099 3654 2352 3708 beneﬁcia
2377 3695 2391 3719 ,
2424 3663 2476 3707 et
2503 3662 2752 3724 quantam
2781 3653 2919 3722 apud
2963 3653 3240 3706 Dominum
3271 3651 3555 3719 ﬁduciam;

1975 3756 2030 3803 et
2064 3757 2187 3801 ante
2223 3747 2398 3801 omnia
2419 3787 2434 3811 ,
2465 3745 2604 3816 quod
2635 3745 2964 3799 reconciliari
2995 3760 3114 3798 cum
3147 3745 3209 3799 iis
3235 3747 3322 3815 qui
3354 3761 3450 3800 nos
3479 3746 3560 3799 in-

1972 3841 2109 3910 juria
2136 3837 2381 3903 atiecerc,
2408 3845 2745 3908 peccatorum
2770 3845 3071 3891 nostrarum
3094 3837 3394 3906 absumptio
3413 3854 3557 3908 qum-

1975 3933 2097 3986 dam
2128 3930 2197 3986 sit
2229 3929 2578 3984 :festinemus
2614 3938 2666 3984 et
2704 3927 3016 3982 anhelemus
3053 3936 3111 3982 ut
3150 3938 3390 3998 paratum
3435 3928 3558 3984 inde

1975 4022 2178 4076 lucrum
2207 4027 2535 4089 reputantes,
2567 4029 2672 4072 tam
2699 4016 2922 4072 officiosi
2954 4017 3006 4071 in
3033 4031 3127 4072 eos
3156 4019 3320 4072 simus
3344 4016 3434 4086 qui
3460 4034 3558 4072 nos

1977 4112 2330 4177 offenderunt,
2357 4126 2514 4181 quam
2541 4125 2724 4165 sumus
2750 4109 2802 4164 in
2829 4124 2922 4163 eos
2949 4109 3037 4179 qui
3065 4125 3188 4163 vere
3217 4109 3371 4164 nobis
3397 4109 3560 4165 bene-
3580 4137 3596 4158 .

1977 4205 2193 4261 faciunt.
2223 4205 2354 4260 Nam
2394 4205 2437 4258 si
2469 4205 2733 4273 sapimus,
2762 4218 2867 4256 non
2897 4203 2964 4256 ita
2998 4203 3148 4256 nobis
3179 4201 3431 4272 prodesse
3460 4218 3559 4272 po-

1979 4309 2154 4355 terunt
2183 4299 2271 4370 qui
2300 4298 2540 4353 benevoli
2571 4296 2622 4350 in
2654 4311 2752 4350 nos
2786 4304 2910 4350 sunt
2935 4303 2991 4350 et
3020 4295 3279 4349 demereri
3310 4295 3555 4363 cupiunt,

1979 4404 2036 4446 ut
2064 4392 2285 4447 istorum
2313 4391 2485 4445 cultus
2516 4399 2568 4444 et
2595 4389 2896 4444 observatio
2920 4389 3156 4442 divinum
3187 4387 3420 4442 favorem
3459 4404 3558 4442 no-

1977 4483 2059 4537 bis
2088 4481 2408 4546 conciliabit,
2440 4493 2642 4548 nosque
2667 4478 2874 4532 sarcina
2902 4487 3238 4547 peccatorum
3271 4478 3486 4533 levabit.

2049 4573 2100 4626 8.
2130 4571 2208 4625 De
2234 4571 2635 4625 reconciliatione
2653 4578 2700 4622 et
2718 4586 2888 4622 amore
2907 4569 3241 4622 inimicorum.
3261 4597 3332 4608 ——
3351 4570 3555 4638 Cogita,

1979 4664 2222 4728 obsecro,
2257 4662 2470 4727 dilecte,
2499 4669 2692 4730 quanta
2718 4660 2787 4714 sit
2813 4659 2969 4727 bujus
2997 4659 3204 4713 virtutis
3231 4659 3556 4728 magnitudo,

1980 4763 2033 4808 ct
2060 4754 2204 4808 disce
2231 4752 2314 4807 vel
2343 4767 2410 4806 ex
2452 4751 2684 4820 prtemiis
2723 4765 2839 4820 qua:
2883 4758 3100 4818 propter
3144 4749 3284 4802 illam
3326 4749 3558 4802 universi

1984 4845 2237 4901 Dominus
2268 4844 2529 4915 promisit.
2555 4843 2688 4898 Nam
2713 4859 2832 4898 cum
2860 4842 3078 4896 dixisset
3109 4859 3121 4894 :
3154 4841 3362 4912 Diligite
3386 4842 3556 4895 inimi-

1982 4961 2065 4997 cos
2084 4953 2287 5008 vestros,
2313 4941 2582 4995 benedicite
2601 4941 2671 4994 eis
2694 4939 2779 5010 qui
2804 4946 3164 5005 persequuntur
3183 4952 3286 5000 vos,
3311 4947 3448 4994 orate
3469 4955 3560 5006 pro

1980 5033 2405 5087 calumniantibus
2431 5048 2514 5085 vos
2539 5029 2748 5101 (Matth.
2771 5028 2824 5084 5.
2852 5027 2942 5096 44)
2973 5045 2986 5076 :
3013 5027 3131 5097 quia
3163 5026 3408 5081 sublimia
3438 5040 3561 5081 sunt

1982 5133 2244 5193 prmcepta
2265 5163 2280 5186 ,
2320 5133 2692 5188 summumque
2729 5118 2978 5171 verticem
3012 5115 3276 5186 tangentia
3299 5157 3311 5178 ,
3345 5117 3511 5186 inquit
3545 5135 3558 5171 :

1987 5213 2053 5269 Ut
2084 5213 2363 5284 efficiamini
2388 5211 2572 5265 similes
2600 5208 2747 5262 Patri
2770 5217 2946 5268 vestro,
2968 5207 3053 5277 qui
3080 5207 3131 5258 in
3157 5206 3291 5259 caelis
3311 5216 3381 5259 est
3407 5221 3426 5260 :
3443 5208 3561 5274 quia

1982 5305 2137 5359 solem
2165 5320 2311 5357 suum
2334 5301 2456 5355 oriri
2477 5301 2596 5372 facit
2624 5315 2771 5368 super
2799 5298 2952 5351 bonos
2978 5306 3021 5349 et
3049 5297 3227 5361 malos,
3255 5305 3298 5349 et
3325 5296 3451 5366 pluit
3475 5313 3561 5349 su-

1984 5413 2071 5467 per
2105 5399 2268 5462 jnstos
2301 5402 2345 5446 et
2381 5392 2593 5461 injustas
2627 5388 2798 5459 (Ibid.
2833 5404 2880 5442 v.
2923 5388 3034 5457 45).
3079 5387 3266 5440 Vidisti
3307 5395 3557 5456 quantum

1985 5487 2200 5539 facultas
2222 5483 2320 5537 fert
2340 5483 2591 5546 humana,
2609 5481 2690 5534 cui
2709 5479 2894 5533 similis
2914 5479 3003 5531 ﬁat
3022 5477 3109 5548 qui
3133 5493 3236 5531 non
3257 5477 3427 5531 solum
3452 5493 3556 5530 non

1983 5577 2255 5631 ulciscitur
2280 5590 2400 5628 eum
2429 5574 2518 5643 qui
2557 5570 2805 5636 offendit,
2834 5569 2928 5625 sed
2953 5579 3007 5624 et
3035 5583 3129 5638 pro
3158 5583 3222 5622 ea
3251 5581 3405 5621 orare
3442 5575 3558 5619 stu.

1984 5669 2114 5724 det?
2147 5667 2223 5722 Ne
2263 5667 2419 5736 igitur
2446 5663 2763 5734 negligentia
2790 5670 2969 5715 nostra
2997 5659 3187 5714 talibus
3224 5672 3320 5711 nos
3349 5654 3561 5710 fraude-

1989 5774 2107 5815 mus
2148 5757 2300 5815 bonis
2320 5797 2336 5824 ,
2371 5766 2425 5812 et
2455 5754 2684 5827 prtemiis
2706 5769 2823 5822 quae
2847 5765 3058 5808 omnem
3087 5762 3387 5806 sermonem
3413 5754 3560 5802 trau-
