4062 6396
526 282 625 337 2'31

531 396 792 452 scendunt
808 413 820 449 :
837 393 929 450 sed
956 393 1129 449 modis
1153 390 1400 445 omnibus
1426 388 1551 443 boni
1580 384 1736 451 hujus
1760 378 1936 451 operis
1958 375 2109 431 nobis

532 505 660 543 cura
692 490 761 542 sit
780 527 793 550 ,
825 497 1147 556 cogaturque
1171 492 1225 538 et
1248 482 1519 537 erudiatur
1543 490 1694 532 mens
1717 484 1775 529 ut
1801 479 1985 544 pareat
2023 468 2117 523 Dei

539 578 840 649 praeceptis.
872 576 1002 631 Nam
1036 584 1314 645 propterea
1345 572 1481 626 hanc
1505 568 1917 625 admonitionem
1943 572 1997 617 et
2020 576 2119 631 ego

540 688 682 727 nunc
706 670 840 733 feci,
873 682 925 724 et
954 667 1258 739 parabolam
1286 667 1338 720 in
1362 663 1591 719 medium
1621 660 1770 714 attuli
1796 676 1809 722 ;
1843 665 1897 712 et
1923 664 2118 725 quanta

543 766 612 819 sit
658 764 814 831 hujus
860 763 980 815 boni
1026 761 1204 828 Operis
1248 755 1555 827 magnitudo
1580 794 1593 817 ,
1621 762 1675 807 et
1707 760 1960 821 quantum
1999 744 2121 800 inde

545 858 747 907 Inuum
779 853 932 907 nobis
968 859 1258 914 accrescat,
1289 848 1517 913 ostendi,
1556 855 1611 898 ut
1640 859 1759 899 eum
1790 841 1961 895 adhuc
1988 846 2125 892 tem-

544 960 645 1012 pus
674 958 777 1008 eSI,
804 946 847 998 si
876 944 991 1011 quis
1017 960 1082 997 ex
1109 942 1261 995 vobis
1286 952 1364 995 est
1390 938 1477 1009 qui
1507 938 1666 991 alium
1697 934 1889 988 habeat
1918 930 2016 984 sibi
2045 930 2125 982 in-

548 1037 776 1099 fensum,
809 1050 1024 1103 operam
1052 1034 1143 1086 det
1184 1042 1235 1086 ut
1261 1032 1498 1085 officiose
1540 1026 1930 1082 reconcilietur.
1963 1023 2029 1075 At
2058 1035 2123 1074 ne

545 1130 663 1197 quis
701 1127 825 1180 milii
868 1127 1009 1179 dicat
1041 1143 1053 1176 :
1084 1125 1261 1180 Semel
1298 1132 1455 1191 atque
1495 1122 1685 1174 iterum
1715 1117 1859 1171 oravi
1886 1155 1901 1179 ,
1931 1123 1984 1167 et
2020 1126 2122 1165 non

547 1221 776 1274 assensit
805 1236 817 1270 :
848 1219 891 1272 si
918 1218 1018 1272 hoc
1044 1219 1248 1271 sincere
1280 1216 1552 1276 faciamus,
1587 1226 1689 1263 non
1720 1208 1865 1277 prius
1890 1204 2128 1273 quiesca-

549 1330 667 1367 mus
691 1355 706 1377 ,
735 1313 903 1366 donec
936 1312 1100 1365 multa
1126 1309 1409 1364 sedulitate
1433 1304 1706 1359 victoriam
1737 1301 1912 1367 adepti
1938 1339 1950 1360 ,
1982 1297 2125 1350 illum

552 1405 704 1459 nobis
730 1402 1071 1458 conciliemus
1095 1443 1107 1457 .
1138 1409 1192 1455 et
1219 1415 1246 1451 a
1278 1400 1387 1451 suis
1414 1398 1464 1451 in
1499 1411 1594 1449 nos
1635 1391 1923 1447 inimicitiis
1958 1387 2126 1441 abdu-

552 1511 754 1549 camus.
782 1494 1045 1562 Numquid
1086 1492 1156 1545 illi
1198 1490 1391 1559 aliquid
1424 1486 1715 1557 largimur?
1747 1484 1801 1537 In
1834 1496 1930 1535 nos
1960 1490 2132 1533 trans-

552 1595 681 1641 eunt
706 1586 961 1640 beneﬁcia
990 1603 1005 1637 :
1036 1583 1128 1637 Dei
1161 1582 1392 1635 favorem
1422 1581 1543 1633 hinc
1570 1576 1918 1645 assequitnur,
1951 1585 2135 1639 pecca-

556 1688 731 1731 tormn
758 1684 1057 1729 nostrormn
1080 1672 1285 1727 veniam
1312 1669 1703 1737 consequimur,
1733 1678 1973 1732 magnam
1995 1673 2131 1728 apud

563 1767 841 1819 Dominum
877 1764 1118 1818 ﬁduciam
1150 1763 1455 1832 accipimus.
1486 1759 1541 1813 Si
1572 1758 1674 1811 hoc
1700 1756 2010 1816 fecerimus,
2044 1766 2137 1820 po-

560 1858 780 1911 terimus
823 1874 951 1925 pura
996 1855 1318 1910 conscientia
1363 1853 1427 1906 ad
1468 1859 1704 1905 sanctam
1742 1846 2137 1912 terribilemque

562 1950 700 2003 hanc
728 1965 961 2003 mensam
990 1948 1276 2011 accedere,
1302 1955 1356 2000 et
1386 1944 1543 1999 verba
1576 1942 1659 1996 illa
1692 1956 1808 2011 quae
1849 1936 2137 2007 precationi

565 2043 758 2095 inserta
789 2049 931 2105 sunt,
961 2039 1183 2093 fideliter
1208 2038 1403 2092 dicere.
1435 2035 1620 2091 Sciunt
1643 2032 1827 2085 initiati
1855 2028 1977 2098 qttid
2000 2028 2141 2082 dica-

565 2142 671 2187 tur.
701 2132 927 2185 Proinde
951 2130 1363 2198 uniuscujusque
1386 2126 1724 2182 conscientia:
1752 2123 1990 2190 relinquo
2012 2134 2145 2189 quo-

567 2222 724 2276 tnodo
753 2221 998 2274 mandato
1024 2219 1115 2274 illo
1142 2220 1376 2288 impleto,
1406 2233 1502 2287 per
1527 2215 1650 2270 illud
1680 2212 1915 2269 terribile
1938 2220 2143 2279 tempus

569 2312 681 2366 haec
727 2312 950 2366 fidenter
992 2311 1171 2366 dicere
1214 2311 1496 2378 possimus.
1536 2306 1686 2374 Quod
1731 2306 1775 2360 si
1818 2303 2146 2373 negligentes

572 2403 823 2457 fuerimus
844 2444 859 2468 ,
891 2410 1083 2469 quanta
1113 2401 1235 2455 hinc
1276 2400 1426 2454 nobis
1459 2395 1917 2453 condemnationis
1949 2406 2106 2446 causa
2129 2433 2143 2456 ,

566 2494 658 2562 qui
681 2509 801 2547 cum
825 2509 884 2545 ea
910 2509 1027 2562 qua:
1048 2500 1170 2546 sunt
1190 2491 1343 2545 dictis
1368 2490 1563 2545 nostris
1583 2486 1843 2543 contraria
1870 2483 2144 2547 faciamus,

571 2584 830 2637 audemus
858 2593 1057 2636 temere
1086 2582 1242 2637 verba
1272 2596 1486 2651 precum
1516 2578 1874 2648 pronuntiare,
1904 2585 1961 2629 et
1983 2573 2153 2642 majo-

572 2692 684 2730 rem
718 2677 869 2729 nohis
897 2675 1023 2743 ipsis
1053 2676 1225 2743 ignem
1254 2683 1549 2735 exstruere,
1583 2671 1821 2738 iramque
1852 2667 1940 2720 Dei
1972 2666 2021 2718 in
2052 2678 2149 2718 nos

573 2768 894 2836 provocare?
919 2766 1133 2821 Gaudeo
1159 2774 1213 2820 et
1243 2765 1413 2831 lzt-tor,
1439 2764 1558 2831 quia
1582 2761 1734 2815 video
1764 2774 1860 2813 vos
1888 2766 2029 2812 tanta
2060 2771 2152 2809 vo-

575 2859 774 2927 luptate
798 2872 917 2927 qua:
943 2856 1167 2911 dicimus
1201 2856 1385 2909 audire
1404 2897 1419 2921 ,
1451 2863 1504 2909 et
1534 2854 1719 2923 plausu
1747 2850 2029 2907 ostendere
2059 2863 2153 2902 vos

575 2950 790 3005 studere
827 2958 1097 3018 promptos
1122 2962 1269 3010 esse,
1297 2954 1351 3001 et
1379 2945 1443 2999 ad
1470 2944 1719 3000 dominici
1759 2942 1943 2997 moniti
1982 2940 2153 2992 adim-

578 3040 862 3106 pletionem
904 3046 1134 3107 paratos.
1174 3037 1298 3090 litec
1336 3038 1476 3089 enim
1518 3035 1810 3087 animarum
1855 3040 2153 3084 nostrarum

582 3128 840 3183 medicina
867 3137 947 3181 est
971 3168 985 3189 ,
1013 3126 1115 3180 hoc
1140 3128 1415 3180 vulnerum
1448 3132 1750 3179 nostrorum
1780 3122 2156 3191 pharmacum,

583 3218 697 3273 lizec
721 3220 919 3286 optima
948 3218 1055 3271 Deo
1084 3219 1296 3285 placens
1325 3217 1428 3280 via,
1460 3216 1560 3271 hoc
1585 3214 1939 3270 certissimum
1968 3214 2158 3266 anima:

583 3310 677 3364 Dei
703 3309 930 3363 amantis
956 3308 1228 3371 indicium,
1256 3309 1525 3376 suscipere
1546 3306 1720 3360 omnia
1750 3315 1964 3374 propter
1993 3304 2160 3372 legem

584 3401 829 3466 Domini,
863 3410 917 3455 et
955 3416 987 3455 a
1026 3400 1401 3469 cogitationum
1440 3398 1745 3453 inﬁrmitate
1782 3412 1884 3449 non
1928 3393 2159 3457 retrahi,

586 3490 677 3546 sed
709 3491 1075 3545 affectionibus
1111 3492 1405 3558 imperare,
1438 3491 1614 3543 animo
1652 3502 1865 3541 versare
1909 3485 2163 3540 beneﬁcia

588 3565 797 3635 nobisa
838 3582 945 3634 Deo
968 3580 1202 3649 quotidie
1229 3580 1484 3634 exhibita.
1526 3581 1591 3633 Et
1627 3580 1965 3648 quantumvis
2001 3591 2165 3630 cone-

591 3686 729 3737 mur,
758 3671 843 3723 vix
868 3671 1135 3724 minimam
1159 3680 1357 3739 partem
1381 3685 1649 3739 exponere
1674 3670 1964 3737 poterimus
1983 3680 2165 3721 eorum

591 3763 670 3815 vel
709 3777 826 3828 qua:
864 3761 989 3813 olim
1024 3761 1073 3814 in
1114 3776 1210 3814 nos
1247 3761 1434 3814 collata
1475 3769 1626 3824 sunt,
1664 3760 1747 3813 vel
1781 3774 1899 3828 quae
1933 3756 2168 3826 quotidie

592 3851 899 3920 accipimus,
932 3852 1012 3905 vel
1041 3868 1159 3921 qnte
1190 3852 1239 3905 in
1269 3851 1500 3905 futurum
1531 3854 1759 3921 reposita
1788 3860 1910 3904 sunt
1940 3849 2095 3913 bona,
2125 3848 2170 3901 si

593 3942 913 3996 voluerimus
950 3942 1194 3995 mandata
1238 3943 1443 3996 Domini
1488 3958 1650 4011 Opere
1686 3943 1976 4011 complere.
2009 3941 2172 4010 Igitur

496 4097 511 4117 ο
597 4031 718 4086 hinc
753 4042 1040 4097 exeuntes,
1071 4032 1206 4087 istud
1237 4033 1286 4086 in
1315 4034 1498 4101 primis
1524 4034 1784 4102 agendum
1814 4033 2008 4103 quique
2048 4047 2171 4101 pro-

595 4134 828 4192 ponant,
861 4132 914 4177 et
942 4125 1088 4193 quasi
1127 4124 1191 4178 ad
1233 4124 1535 4177 thesaurum
1578 4125 1864 4177 maximum
1894 4123 2170 4185 festinent,

596 4228 765 4281 neque
803 4212 883 4267 vel
925 4213 1199 4266 minimum
1235 4213 1500 4267 differant.
1530 4214 1746 4267 Etiamsi
1776 4213 1957 4267 labore
1982 4214 2064 4266 vel
2095 4214 2175 4265 iti-

598 4305 882 4374 qnisitione
909 4306 990 4359 vel
1012 4306 1168 4374 longo
1195 4306 1383 4361 itinere
1408 4322 1542 4375 opus
1569 4308 1653 4369 sit,
1682 4306 1886 4359 etiamsi
1920 4304 2176 4359 molestiae

602 4399 779 4451 multa:
804 4398 930 4461 sint,
957 4397 1134 4451 omnia
1164 4398 1276 4452 lta'c
1302 4398 1603 4453 auferamus
1631 4398 2025 4465 impedimenta.
2053 4395 2176 4451 Uni-

600 4504 660 4543 ca
693 4489 843 4543 nobis
869 4504 994 4543 cura
1024 4489 1111 4553 sit,
1138 4490 1404 4560 quomodo
1437 4490 1738 4543 mandatum
1772 4489 1979 4543 Domini
2004 4489 2177 4541 adim-

602 4581 840 4648 plcamus
865 4622 879 4643 ,
912 4591 965 4635 et
990 4582 1305 4636 obedientize
1332 4583 1484 4636 nobis
1510 4581 1759 4636 afferatur
1788 4598 2014 4636 merces.
2042 4582 2175 4634 Num

603 4672 787 4738 ignoro
806 4685 965 4740 grave
985 4679 1037 4725 et
1060 4672 1337 4725 molestum
1362 4672 1549 4735 videri,
1574 4672 1637 4725 ad
1660 4689 1779 4727 eum
1804 4673 1892 4741 qui
1920 4672 2179 4725 hostiliter

602 4762 655 4813 in
683 4770 734 4815 te
763 4761 983 4816 affectus
1008 4763 1094 4826 sit,
1124 4762 1290 4829 abire,
1318 4777 1543 4832 cumque
1572 4778 1634 4816 eo
1660 4773 1799 4817 stare
1827 4772 1880 4816 et
1907 4763 2085 4831 loqui?
2114 4769 2182 4816 At

604 4851 646 4903 si
676 4852 907 4904 mandati
934 4852 1247 4921 cogitaveris
1273 4853 1580 4921 dignitatem
1610 4864 1663 4907 et
1692 4853 1951 4907 mercedis
1979 4853 2180 4921 magni-

609 4941 864 5008 tmlinetn,
894 4951 945 4995 et
972 4959 1076 5012 quo
1107 4954 1259 5011 pacto
1290 4960 1392 4996 non
1424 4945 1474 4997 in
1506 4944 1672 5009 illum,
1704 4946 1797 4999 sed
1826 4946 1877 4998 in
1915 4955 1965 5000 te
1996 4960 2180 4999 recur—

607 5042 726 5083 rant
753 5032 1004 5086 bencﬁcia
1028 5075 1042 5099 ,
1074 5036 1249 5088 omnia
1280 5036 1371 5090 tibi
1396 5036 1527 5090 levia
1553 5046 1607 5091 et
1643 5036 1811 5090 facilia
1842 5036 2178 5091 videbuntur.

611 5123 733 5176 llaec
772 5124 928 5192 igitur
967 5125 1018 5178 in
1062 5126 1329 5182 mentibus
1374 5128 1570 5182 nostris
1609 5138 1909 5186 versantes.
1954 5143 2182 5182 consue-

611 5214 844 5267 tudinem
889 5226 1119 5270 nostram
1156 5218 1427 5273 vincamus
1449 5258 1464 5283 ,
1496 5219 1684 5288 piaque
1713 5228 1890 5276 mente
1920 5219 2182 5274 dominica

612 5305 857 5359 mandata
888 5306 1303 5375 adimpleamus;
1333 5325 1436 5379 quo
1465 5320 1520 5365 et
1552 5326 1580 5363 a
1610 5310 1822 5365 Christo
1859 5314 2183 5366 remunerari

612 5412 930 5464 mereamur,
960 5400 1123 5468 gratia
1161 5408 1215 5454 et
1243 5402 1598 5456 misericordia
1628 5403 1875 5457 bonitatis
1903 5404 2036 5471 ejus,
2064 5405 2181 5473 qni-

612 5502 730 5540 cum
755 5486 918 5555 Patri,
945 5498 999 5542 et
1018 5498 1199 5543 sancto
1224 5490 1439 5559 Spiritui
1463 5493 1530 5547 sit
1552 5493 1739 5561 gloria,
1764 5495 2063 5563 imperium,
2090 5494 2187 5548 lio-

617 5591 733 5644 nor,
765 5592 903 5634 nunc
926 5589 979 5634 et
1001 5595 1231 5650 semper,
1257 5590 1309 5636 et
1338 5582 1389 5635 in
1417 5583 1609 5638 szecula
1631 5584 1966 5640 szeculerum.
1992 5585 2182 5642 Amen.

1243 276 1301 332 S.
1340 270 1619 330 JOANNIS
1666 256 2140 323 CHRYSOS’I‘OMI
2196 254 2509 313 ARCHIEP.
2551 252 3085 310 CONSTANTINOP.

3769 252 3801 303 Ξ

2744 366 3017 422 IIOMILIA
3057 364 3291 421 XXVIII.

2229 505 2296 560 Et
2322 506 2447 559 dixit
2479 504 2727 559 Dominus
2749 502 2888 557 Deus
2908 506 2975 555 ad
2995 501 3047 555 Ν
3050 518 3127 566 oe,
3152 512 3199 556 et
3220 500 3287 553 ad
3311 501 3444 569 ﬁlios
3466 503 3572 575 ejus
3588 518 3707 555 cum
3727 517 3805 561 eo.

2299 597 2468 648 dicens
2494 613 2506 651 :
2533 593 2663 648 Ecce
2687 610 2775 663 ego
2804 603 2966 647 statuo
2993 601 3338 645 testamentum
3353 608 3515 644 meum
3531 592 3806 650 vobiscum,

2298 698 2344 742 et
2372 705 2486 740 cum
2510 689 2696 741 semine
2720 697 2880 740 vestro
2908 695 3015 755 post
3040 701 3144 747 vos,
3172 695 3218 738 et
3256 685 3391 739 omni
3419 686 3606 738 anima:
3634 686 3814 742 virenti

2291 778 2557 832 vobiscum
2593 787 2695 831 tam
2727 779 2780 830 in
2812 776 3094 830 volucribus
3114 817 3127 839 ,
3165 792 3316 846 quam
3350 776 3403 828 in
3439 778 3738 848 pecudibus,
3768 791 3813 833 et

2300 870 2527 923 omnibus
2552 870 2718 923 bestiis
2744 878 2889 923 terra:
2912 867 3061 936 (Gen.
3095 867 3148 922 9.
3172 867 3204 922 8
3222 898 3266 909 —-
3286 867 3396 943 10).

2304 1028 2354 1081 1.
2387 1027 2511 1081 Heri
2541 1027 2807 1095 proposita
2832 1026 3221 1093 benedictione,
3255 1045 3411 1099 quam
3450 1039 3827 1100 conseqnntus

2232 1130 2313 1175 est
2343 1120 2453 1173 Noe
2481 1135 2509 1172 a
2539 1120 2794 1183 Domino;
2836 1120 2923 1188 qui
2955 1128 3074 1188 post
3101 1137 3371 1191 egressum
3403 1138 3466 1176 ex
3499 1137 3623 1175 arca
3654 1127 3818 1175 altare

2234 1213 2530 1279 :ediﬁcavit,
2571 1221 2625 1265 et
2664 1212 2855 1265 oblatis
2902 1211 2953 1267 in
2994 1215 3279 1283 gratiarum
3326 1215 3591 1267 actionem
3633 1213 3817 1268 hostiis

2233 1317 2439 1374 gratttm
2480 1304 2717 1359 exhibuit
2759 1304 3014 1369 animum,
3058 1305 3275 1359 ulterius
3316 1321 3485 1375 neque
3531 1305 3813 1374 progredi,

2237 1412 2407 1465 neque
2430 1392 2712 1450 lectionem
2746 1403 2908 1450 totam
2941 1412 3212 1461 enarrare,
3245 1412 3412 1465 neque
3438 1408 3693 1466 quantam
3725 1397 3816 1450 be-

2237 1490 2426 1558 nignus
2458 1489 2594 1542 Deus
2619 1503 2741 1558 erga
2763 1489 2962 1557 justum
2990 1489 3159 1541 virum
3188 1487 3567 1557 indulgentiam
3599 1496 3653 1540 et
3676 1488 3819 1540 solli-

2237 1579 2525 1633 citudinem
2556 1579 2873 1637 exhibuerit.
2903 1578 3185 1633 ostendere
3214 1578 3502 1647 potuimus.
3544 1576 3681 1631 Nam
3710 1592 3819 1632 ser-

2240 1687 2452 1725 monem
2502 1681 2761 1735 nostrum,
2791 1672 2911 1740 quia
2956 1672 3162 1740 longius
3202 1670 3540 1736 exeurrebat,
3580 1670 3821 1725 celeriter

2239 1764 2581 1824 succidimus.
2615 1774 2670 1816 ut
2719 1779 2785 1817 ne
2826 1763 3161 1818 multitudine
3200 1763 3310 1831 jam
3351 1764 3615 1819 dictorum
3652 1775 3818 1817 veStra

2242 1857 2497 1911 memoria
2526 1857 2859 1915 obrueretur.
2893 1872 2998 1910 non
3026 1858 3141 1911 sine
3162 1857 3364 1924 jactura
3391 1872 3580 1910 eorum
3603 1872 3719 1925 qua:
3745 1857 3818 1909 di-

2244 1948 2408 2002 cenda
2436 1956 2604 2002 erant.
2639 1948 2753 2002 Non
2781 1950 2921 2003 enim
2952 1949 3052 2002 hoc
3081 1948 3250 2002 solum
3273 1949 3425 2001 nobis
3452 1964 3600 2002 cura:
3631 1949 3743 2013 fttit,
3771 1957 3822 2001 ut

2248 2039 2411 2092 multa
2438 2038 2735 2092 diceremus
2767 2055 2779 2090 :
2809 2038 2901 2091 sed
2944 2047 3002 2092 ut
3045 2046 3187 2091 tanta
3209 2080 3222 2099 ,
3255 2053 3372 2107 quae
3399 2038 3551 2091 vobis
3589 2036 3738 2091 facile
3762 2039 3823 2090 sit

2248 2140 2426 2184 mente
2445 2145 2634 2199 capere
2660 2172 2674 2194 ,
2705 2145 2810 2199 quo
2835 2145 2954 2185 cum
2987 2131 3136 2184 lucro
3166 2130 3287 2184 hinc
3316 2131 3463 2184 abire
3489 2130 3667 2184 liceat.
3701 2130 3819 2184 Nam

2247 2223 2291 2276 si
2325 2237 2420 2276 nos
2447 2222 2591 2290 plura
2619 2237 2774 2290 quam
2802 2237 2896 2290 par
2922 2222 2991 2275 sit
3015 2222 3331 2285 dixerimus,
3351 2230 3405 2275 et
3431 2236 3529 2275 vos
3561 2220 3691 2274 nihil
3713 2220 3823 2274 inde

2250 2313 2381 2367 lucri
2424 2312 2744 2379 percipiatis,
2792 2328 2909 2381 qum
2956 2312 3191 2366 utilitas?
3238 2312 3477 2366 Scientes
3528 2312 3705 2379 igitur,
3734 2326 3821 2366 nos

2253 2413 2467 2473 propter
2501 2413 2730 2457 vestram
2768 2404 3048 2457 utilitatem
3093 2405 3233 2457 hunc
3269 2403 3505 2457 laborem
3540 2402 3823 2470 suscipere,

2251 2504 2303 2549 et
2330 2493 2680 2549 sufficientem
2709 2508 2805 2547 nos
2831 2494 3129 2548 mercedem
3154 2494 3422 2562 accepisse
3451 2492 3751 2555 credimus,
3784 2490 3823 2543 si

2252 2596 2487 2641 vestrum
2525 2585 2796 2639 videamus
2835 2585 3147 2654 profectum,
3191 2593 3245 2638 et
3275 2599 3370 2637 vos
3408 2583 3693 2652 diligenter
3717 2595 3823 2649 qua:

2255 2677 2500 2732 dicuntur
2530 2686 2713 2731 tenere
2744 2679 2793 2730 in
2821 2677 3021 2731 sinibus
3050 2675 3209 2729 animi
3239 2675 3399 2728 vestri
3431 2674 3688 2742 reposita,
3710 2685 3825 2725 con-

2258 2769 2404 2823 tinuo
2428 2783 2491 2823 ea
2524 2778 2880 2822 memorantes
2920 2778 2974 2823 et
3016 2768 3363 2822 ruminantes.
3417 2765 3670 2819 Memoria
3696 2763 3822 2817 enim

2258 2862 2383 2914 olim
2414 2861 2675 2915 dictorum
2706 2859 2863 2914 faciet
2908 2869 2965 2914 ut
3001 2860 3189 2927 majori
3234 2858 3484 2912 facilitate
3506 2855 3726 2910 dicenda
3751 2868 3827 2906 ca-

2262 2966 2387 3021 pere
2422 2952 2652 3020 possitis,
2686 2960 2843 3020 atque
2883 2952 2953 3004 ita
2996 2965 3280 3021 progressu
3324 2948 3581 3017 temporis
3623 2956 3827 3001 catt—ros

2260 3046 2418 3099 etiam
2449 3044 2659 3098 docere.
2713 3044 2766 3097 ln
2811 3044 2909 3097 hoc
2946 3043 3088 3097 enim
3129 3042 3286 3111 plane
3322 3039 3657 3109 invigilamus
3682 3047 3731 3091 et
3756 3038 3826 3088 in-

2261 3136 2580 3198 cumbimus,
2615 3138 2683 3189 ut'
2714 3150 2900 3189 omnes
2928 3150 3020 3191 vos
3060 3133 3278 3204 perfecti
3311 3143 3363 3187 et
3393 3130 3739 3187 consummati
3768 3128 3828 3180 si-

2264 3228 2351 3292 tis,
2375 3236 2427 3281 et
2455 3227 2586 3280 nihil
2612 3243 2794 3281 eorum
2821 3244 2937 3292 qua)
2960 3227 3009 3279 in
3033 3226 3224 3281 divinis
3254 3225 3542 3293 Scripturis
3570 3224 3830 3277 continen-

2266 3329 2351 3374 tur
2377 3335 2470 3373 vos
2503 3320 2681 3374 lateat.
2728 3320 2933 3374 Etenim
2974 3334 3156 3373 eorum
3206 3317 3421 3381 notitia,
3463 3316 3509 3369 si
3542 3314 3721 3384 vigiles
3756 3328 3830 3365 so-

2267 3414 2472 3481 briique
2515 3426 2635 3467 esse
2674 3412 2923 3466 volumus
2947 3453 2962 3476 ,
3004 3421 3057 3465 et
3094 3410 3158 3464 ad
3204 3409 3440 3463 melioris
3474 3409 3598 3462 vita:
3647 3408 3829 3473 frugem

2270 3504 2556 3573 plurimum
2604 3503 2759 3557 nobis
2799 3503 3057 3566 conferet,
3095 3502 3486 3569 alacrioresque
3532 3498 3600 3553 ad
3646 3495 3833 3548 virtutis

2272 3595 2481 3648 labores
2522 3594 2735 3648 efﬁciet.
2780 3595 2910 3648 Nam
2942 3610 3061 3647 cum
3099 3593 3387 3648 doceamur
3415 3590 3663 3645 omnibus
3695 3587 3833 3657 justis

2271 3702 2512 3755 magnam
2536 3686 2674 3755 apud
2704 3687 2866 3740 Deum
2895 3700 3013 3740 esse
3042 3684 3305 3748 ﬁduciam,
3334 3682 3423 3752 qui
3449 3680 3630 3735 afflicti
3655 3688 3705 3734 et
3729 3689 3829 3731 ten-

2274 3780 2365 3831 tati
2392 3793 2486 3846 per
2517 3787 2677 3831 totam
2703 3778 2865 3831 vitam
2896 3792 3067 3839 suam,
3102 3776 3407 3844 patientiam
3435 3783 3490 3829 et
3514 3784 3711 3843 gratum
3732 3770 3834 3823 snio

2274 3885 2418 3923 mum
2459 3869 2812 3930 declararunt,
2845 3877 2900 3921 et
2938 3867 3014 3921 sic
3057 3867 3270 3935 praemia
3313 3874 3437 3919 sunt
3478 3863 3651 3930 adepti
3680 3881 3692 3915 :
3718 3874 3834 3929 quo-

2275 3961 2433 4015 modo
2465 3976 2567 4015 non
2588 3971 2641 4014 et
2668 3960 2823 4014 nobis
2849 3976 2990 4015 cura:
3020 3960 3157 4025 erit,
3197 3969 3252 4012 ut
3281 3957 3523 4011 eamdem
3552 3953 3833 4009 inccdamus

2275 4054 2432 4117 viam,
2461 4067 2567 4122 quo
2592 4060 2645 4107 et
2671 4052 2857 4107 eadem
2897 4052 3112 4121 praemia
3143 4050 3521 4105 obtineamus?
3549 4047 3668 4101 Ideo
3692 4044 3833 4096 obse-

2276 4160 2389 4210 cro,
2414 4155 2472 4199 ut
2490 4144 2725 4213 quotidie
2749 4143 2944 4211 aliquid
2967 4143 3185 4197 accedat
3210 4143 3331 4196 boni
3359 4140 3556 4210 operis,
3578 4148 3629 4193 et
3652 4142 3833 4190 crescat

2277 4246 2511 4291 vestrum
2537 4236 2816 4289 mdiﬁcium
2842 4234 3136 4302 spirituale,
3161 4248 3223 4287 ac
3244 4234 3378 4285 bona
3402 4246 3563 4299 opera
3586 4243 3696 4296 qtae
3722 4224 3831 4277 olim

2280 4330 2498 4393 fecistis,
2546 4339 2700 4383 caute
2744 4328 3128 4397 diligenterque
3177 4324 3519 4387 custodiatis,
3571 4330 3623 4376 et
3666 4320 3705 4372 si
3745 4330 3832 4384 qua

2280 4422 2453 4475 adhuc
2485 4420 2854 4475 desiderantur
2874 4418 3135 4488 adjiciatis
3154 4458 3167 4482 ,
3197 4417 3355 4471 utsic
3383 4415 3435 4469 in
3460 4426 3715 4468 summum
3744 4408 3831 4459 vir-

2282 4513 2407 4565 tutis
2448 4512 2769 4581 perveniatis
2816 4510 3103 4579 fastigium,
3153 4510 3205 4563 in
3249 4518 3483 4561 nostram
3525 4504 3753 4575 gloriam,
3789 4500 3831 4551 in

2282 4602 2679 4656 :ediﬁcationem
2710 4602 2978 4663 Ecclesim,
3004 4602 3055 4654 in
3081 4600 3334 4654 honorem
3357 4598 3571 4653 Christi.
3600 4597 3729 4652 Sane
3750 4604 3833 4660 ego

2282 4694 2467 4747 videns
2509 4694 2824 4762 inexplebile
2852 4702 3085 4746 vestrum
3127 4706 3250 4761 erga
3295 4690 3618 4756 spiritualem
3661 4682 3832 4739 doctri-

2285 4800 2404 4837 nam
2429 4783 2683 4848 studium,
2706 4783 2912 4837 etiamsi
2934 4782 3177 4837 conscius
3201 4782 3299 4836 sim
3323 4796 3525 4849 magnae
3545 4792 3673 4833 mea;
3691 4772 3829 4828 tenui-

2286 4877 2425 4936 tatis,
2461 4890 2563 4929 non
2607 4876 2899 4929 intermitto
2936 4874 3169 4943 quotidie
3216 4874 3521 4928 convivium
3558 4887 3625 4927 ex
3662 4865 3831 4923 divinis

2284 4964 2568 5034 Scripturis
2588 4980 2865 5034 apparare,
2889 4973 2943 5019 et
2966 4979 3311 5035 qutecumqne
3337 4963 3428 5018 Dei
3454 4964 3614 5033 gratia
3643 4965 3832 5028 propter

2285 5072 2435 5110 suam
2459 5055 2830 5125 benignitatem
2856 5065 2907 5109 et
2935 5067 3161 5109 veSIram
3190 5055 3469 5108 utilitatem
3496 5050 3831 5122 suppeditare

2287 5146 2374 5209 rit,
2401 5146 2586 5200 vestris
2612 5147 2827 5200 auribus
2852 5161 3170 5215 proponere.
3200 5147 3311 5215 Age
3339 5146 3495 5214 igitur
3518 5153 3570 5199 et
3595 5140 3737 5196 hodie
3764 5139 3831 5190 in-

2288 5237 2525 5292 dicemus
2554 5237 2758 5291 caritati
2782 5247 2973 5291 vestrze
2994 5238 3316 5291 eminentem
3347 5237 3438 5291 Dei
3464 5234 3826 5303 benignitatem,

2287 5346 2444 5400 quam
2493 5329 2726 5383 humano
2765 5330 2946 5399 generi
2989 5329 3229 5394 contulit,
3260 5337 3312 5382 et
3352 5328 3421 5383 ob
3462 5327 3512 5381 id
3546 5324 3691 5380 verba
3727 5334 3826 5387 qua:

2289 5422 2429 5476 Deus
2454 5421 2517 5474 ad
2546 5421 2659 5475 Noe
2682 5421 2817 5474 dixit
2840 5420 3139 5475 afferamus.
3156 5419 3212 5474 8.
3235 5418 3299 5472 Et
3320 5420 3448 5473 dixit
3471 5416 3603 5470 Deus
3628 5414 3690 5467 ad
3710 5410 3822 5471 Noe,

2287 5522 2332 5565 et
2354 5513 2484 5579 ﬁlios
2499 5511 2657 5564 illius.
2686 5511 2969 5580 Postquam
2993 5510 3442 5575 benedixitillum,
3466 5518 3517 5563 et
3538 5506 3665 5561 filios
3684 5502 3820 5563 illius,

2288 5612 2341 5656 et
2365 5602 2517 5667 dixit,
2548 5601 2766 5655 Crescite
2790 5612 2835 5654 et
2864 5601 3287 5676 multiplicamini,
3316 5611 3371 5656 et
3400 5598 3603 5655 tradidit
3626 5595 3719 5649 illis
3737 5590 3819 5644 do-

2292 5694 2511 5757 minium
2534 5708 2693 5763 super
2714 5693 2864 5748 bruta
2891 5695 3087 5759 omnia,
3119 5703 3531 5763 potestatemque
3550 5686 3681 5744 dedit
3704 5684 3828 5737 hisee
