4062 6396
149 319 250 375 25!

150 434 262 489 τῶν
283 434 464 488 πάντα
488 433 642 503 λόγον
661 433 764 488 ὑπε
773 429 1263 506 ρϐαινόντων,άλλά
1285 430 1446 486 παντὶ
1469 429 1654 500 τρόπῳ
1671 427 1826 481 τοῦτο

153 517 505 590 κατορθῶσαι
537 518 946 589 σπουδάζωμεν,
976 517 1071 571 καὶ
1106 515 1420 587 βιασάμενοι
1446 515 1537 566 τὸν
1569 511 1826 581 λογισμὸν

155 605 541 675 παιδεύσωμεν
567 607 736 659 εῐκειν
776 605 855 674 τῷ
881 603 974 657 τοῦ
1009 603 1144 656 Θεοῦ
1181 601 1540 672 ἐπιτάγματι.
1575 597 1674 652 Διά
1717 596 1825 668 7&9

152 688 317 741 τοῦτο
361 688 519 756 κάγὼ
561 687 656 740 νῦν
702 686 1045 758 ἐποιησάμην
1091 686 1297 756 ταύτην
1336 686 1434 757 τὴν
1482 681 1823 754 παραίνεσιν,

153 772 247 823 καὶ
287 770 392 842 τὴν
432 769 747 841 παραϐολὴν
786 771 867 827 είς
907 771 1071 840 μέσον
1097 771 1326 841 ῆγαγον,
1365 768 1582 824 καὶτοῦ
1625 783 1827 838 κατορο

154 854 415 926 θώματος
461 856 638 920 ἔδειξα
680 854 742 908 τὸ
777 854 1026 924 μέγεθος,
1062 854 1155 908 καὶ
1195 856 1316 906 ὅσον
1351 854 1480 923 ἡμῖν
1526 854 1591 906 ἐκ
1633 851 1823 906 τούτου

153 939 348 1011 κέρδος
378 941 612 1008 γίνεται,
637 939 835 1001 ἴνα,ώς
852 938 931 991 ἐτι
950 939 1160 1009 καιρὸς,
1177 937 1405 1002 ἕκαστος
1427 937 1606 1008 ἡμῶν,
1637 938 1688 991 εῐ
1703 954 1824 991 τινα

153 1022 265 1092 έχοι
290 1022 575 1092 ἐχθρωδῶς
609 1023 744 1093 πρὸς
773 1021 933 1074 αὐτὸν
951 1021 1308 1090 διακείμενον,
1337 1019 1568 1090 σπουδὴν
1591 1021 1822 1094 ποιήση-

150 1122 240 1159 ται
265 1105 356 1160 διὰ
383 1106 485 1176 τῆς
521 1105 721 1174 πολλῆς
752 1104 1048 1176 θεραπείας
1076 1099 1402 1167 καταλλάξαι
1429 1104 1589 1157 αὐτὸν
1622 1103 1818 1174 ἐαυτῷ.

153 1189 261 1243 Καὶ
285 1189 361 1258 μή
401 1205 491 1258 μοι
519 1188 722 1256 λεγέτω
745 1207 849 1253 τις,
870 1189 952 1242 ὅτι
984 1188 1078 1240 καὶ
1104 1187 1250 1253 άπαξ
1279 1187 1372 1240 καὶ
1403 1186 1652 1256 δεύτερον
1679 1204 1822 1258 παρ-

151 1271 413 1337 εκάλεσα,
459 1271 553 1324 καὶ
577 1271 639 1322 οὐ
683 1271 1026 1342 προσήκατο*
1057 1270 1106 1322 εί
1137 1269 1244 1324 ἀπὸ
1291 1269 1634 1340 είλικρινείας
1666 1269 1822 1323 τοῦτο

153 1352 510 1422 πράττωμεν,
550 1353 624 1423 μὴ
656 1351 803 1425 [268]
845 1351 1107 1422 πρότερον
1135 1349 1492 1420 παυσώμεθα.
1532 1351 1722 1420 μέχρις
1754 1349 1819 1404 ἂν

149 1437 213 1504 τῇ
247 1434 422 1504 πολλῇ
459 1435 756 1506 προσεδρίᾳ
784 1436 1130 1505 νικήσαντες,
1169 1433 1592 1506 ἐφελκυσώμεθα
1633 1433 1818 1497 αὐτὸν,

150 1515 242 1568 καὶ
281 1517 688 1587 άποστήσωμεν
732 1518 833 1587 τῆς
869 1519 1004 1588 πρὸς
1035 1520 1180 1587 ἡμᾶς
1226 1515 1540 1586 ἀπεχθείας.
1571 1517 1664 1587 Μὴ
1711 1516 1820 1587 γὰρ

150 1600 341 1670 ἐκείνῳ
371 1617 427 1654 τι
459 1599 830 1670 χαριζόμεθα;
867 1600 962 1662 Εἰς
995 1600 1140 1668 ἡμᾶς
1179 1597 1441 1651 διαϐαίνει
1483 1596 1552 1650 τὰ
1583 1598 1683 1667 τῆς
1724 1597 1818 1650 εὐο

150 1685 436 1754 εργεσίας·
487 1685 581 1737 τοῦ
643 1683 777 1737 Θεοῦ
825 1683 924 1754 τὴν
981 1682 1192 1735 εὐνοιαν
1263 1679 1656 1750 ἐπισπώμεθα,
1709 1679 1817 1732 τῶν

149 1767 567 1836 ἁμαρτημάτων
587 1765 685 1836 τὴν
710 1763 1053 1835 συγχώρησιν
1078 1765 1286 1826 ἑαυτοῖς
1316 1761 1815 1834 προαποτιθέμεθα,

146 1851 463 1920 παρῥησίαν
501 1849 699 1919 πολλὴν
732 1849 867 1920 πρὸς
898 1848 988 1902 τὸν
1033 1847 1308 1918 Δεσπότην
1342 1848 1407 1900 ἐκ
1441 1847 1632 1900 τούτου
1679 1845 1818 1916 λαμ.

147 1931 408 2002 ϐάνομεν.
441 1933 538 1984 Ἂν
588 1931 746 1984 τοῦτο
789 1930 1244 2002 κατορθώσωμεν,
1293 1929 1633 1999 δυνησόμεθα
1681 1929 1818 2000 μετὰ

147 2013 394 2086 καθαροῦ
429 2015 728 2078 συνειδότος
761 2015 856 2068 καὶ
882 2019 947 2086 τῇ
972 2016 1092 2086 ἱερᾷ
1122 2014 1296 2086 ταύτῃ
1323 2014 1417 2067 καὶ
1446 2015 1646 2084 φρικτῇ
1681 2030 1816 2085 τρα-

147 2098 283 2170 πέζῃ
325 2099 670 2169 προσελθεῖν,
718 2099 813 2159 καὶ
860 2098 930 2151 τὰ
967 2100 1185 2169 ῥήματα
1228 2099 1412 2150 ἐκεῖνα
1457 2096 1526 2150 τὰ
1573 2101 1640 2168 τῇ
1682 2099 1814 2169 εὐχῇ

147 2173 556 2249 συνεζευγμένα
607 2181 746 2251 μετά
791 2181 1104 2252 παρρησίας
1152 2178 1505 2248 φθέγξασθαι.
1535 2181 1738 2234 Ἴσασιν
1765 2185 1814 2236 οί

147 2265 498 2335 μεμυημένοι
538 2264 600 2317 τὸ
643 2265 956 2334 λεγόμενον.
1003 2264 1094 2317 Διὸ
1139 2263 1218 2334 τῷ
1271 2264 1500 2318 ἑκάστου
1555 2266 1814 2324 συνειδότι

145 2346 546 2417 καταλιμπάνω
587 2347 806 2408 εἰδέναι,
853 2347 969 2410 πῶς
1011 2349 1108 2418 μὲν
1137 2345 1556 2416 κατωρθωκότες
1593 2347 1691 2418 τὴν
1729 2349 1815 2401 ἐν·

143 2428 299 2500 τολὴν
337 2430 480 2500 μετά
511 2429 818 2502 παρρησίας
859 2430 1122 2500 προέσθαι
1161 2429 1335 2485 ταῦτα
1375 2429 1647 2500 δυνάμεθα
1674 2431 1814 2492 κατά

141 2510 234 2564 τόν
262 2513 458 2584 καιρὸν
502 2514 707 2566 ἐκεῖνον
734 2512 826 2566 τὸν
871 2512 1120 2584 φοϐερόν.
1170 2513 1233 2566 Et
1281 2512 1337 2565 δὲ
1373 2513 1810 2585 ρᾳθυμήσαιμεν,

145 2595 316 2667 πόσης
345 2599 486 2667 ἡμῖν
522 2598 622 2650 οὐκ
652 2596 718 2650 ἂν
758 2599 968 2664 γένοιτο
996 2596 1371 2667 κατακρίσεως
1399 2599 1568 2651 αἴτιον
1597 2598 1814 2652 ἐναντία

142 2681 254 2742 τοῖς
297 2681 511 2750 ῥήμασι
547 2680 1052 2750 διαπραττομένοις,
1080 2679 1282 2751 τολμᾷν
1322 2680 1509 2744 ἁπλῶς
1551 2680 1644 2734 καὶ
1688 2681 1811 2752 εἰκῆ

143 2761 444 2831 προφέρειν
495 2761 561 2814 τὰ
593 2762 691 2830 τῆς
731 2761 894 2832 εὐχῆς
942 2763 1195 2832 ῥήματα,
1250 2763 1344 2816 καὶ
1385 2765 1567 2832 μεῖζον
1600 2763 1814 2827 ἑαυτοῖς

142 2844 506 2916 ἐπισωρεύειν
542 2844 602 2897 τὸ
635 2845 767 2914 πῦρ,
796 2847 894 2899 καὶ
927 2845 1026 2915 τὴν
1059 2845 1430 2917 ἀγανάκτησιν
1466 2845 1811 2900 ἐκκαλεῖσθαι

142 3008 335 3079 ἡδονῆς
383 3009 681 3073 ἀκούοντας
723 3011 794 3064 τὰ
851 3011 1148 3082 λεγόμενα,
1199 3011 1294 3065 καὶ
1341 3009 1428 3064 διὰ
1463 3010 1558 3064 τοῦ
1615 3011 1810 3082 κρότου

141 3090 484 3155 δεικνύντας,
521 3093 601 3146 ὃτι
652 3094 858 3164 ἕτοιμοι
910 3095 1162 3163 γενέσθαι
1197 3094 1545 3159 σπουδάζετε,
1592 3097 1686 3150 καὶ
1732 3099 1813 3163 είς

142 3173 304 3243 ἔργον
324 3177 558 3244 ἀγαγεῖν
585 3176 682 3247 τὴν
703 3177 1025 3250 δεσποτικὴν
1051 3177 1253 3248 ταύτην
1278 3179 1616 3250 παραίνεσιν.
1642 3179 1812 3239 Τοῦτο

141 3258 249 3326 γάρ
277 3259 396 3310 ἐστι
426 3260 488 3312 τὸ
517 3261 746 3330 ἰατρεῖον
775 3260 883 3315 τῶν
909 3260 1194 3333 ἡμετέρων
1237 3261 1446 3330 ψυχῶν,
1487 3262 1642 3316 τοῦτο
1673 3265 1812 3334 φάρο

143 3355 318 3407 μακον
345 3343 462 3404 τοῖς
497 3343 782 3412 ἡμετέροις
807 3343 1134 3415 τραύμασιν,
1163 3342 1300 3414 αῦτη
1335 3343 1533 3415 ἀρίστη
1565 3345 1682 3407 ὁδὸς
1711 3346 1810 3414 τῆς

140 3422 280 3491 πρὸς
305 3423 401 3476 τὸν
447 3423 581 3476 Θεὸν
632 3426 1060 3497 εὐαρεστήσεως,
1101 3425 1259 3480 τοῦτο
1307 3427 1560 3497 μέγιστον
1613 3428 1810 3498 δεῖγμα

139 3503 396 3570 φιλοθέου
445 3507 648 3578 ψυχῆς,
694 3508 752 3561 τὸ
783 3509 868 3562 διὰ
897 3508 988 3562 τὸν
1018 3507 1109 3562 τοῦ
1139 3509 1408 3562 Δεσπότου
1438 3509 1600 3578 νόμον
1633 3510 1810 3567 πάντα

140 3583 570 3655 καταδέχεσθαι,
613 3587 707 3640 καὶ
749 3587 824 3658 μὴ
849 3587 1213 3658 ὑποσύρεσθαι
1247 3587 1353 3641 ὐπὸ
1375 3589 1475 3659 τῆς
1512 3591 1619 3643 τῶν
1663 3589 1809 3658 λογι-

141 3666 296 3734 σμῶν
321 3667 607 3730 ἀσθενείας
626 3708 642 3733 ,
679 3669 793 3722 ἀλλ’
821 3669 1122 3740 ἀνωτέρους
1150 3670 1396 3738 γίνεσθαι
1443 3669 1552 3724 τῶν
1598 3671 1808 3738 παθῶν,

139 3749 457 3813 ἐννοοῦντας
483 3751 582 3814 τάς
606 3754 689 3821 ἐφ’
713 3752 950 3823 ἑκάστης
982 3752 1194 3824 ἡμέρας
1229 3753 1380 3824 παρά
1424 3755 1518 3809 τοῦ
1565 3754 1698 3810 Θεοῦ
1731 3759 1810 3822 είς

138 3829 290 3896 ἡμᾶς
339 3830 664 3898 εὐεργεσίας
702 3831 1092 3901 γεγενημένας.
1138 3831 1249 3885 Καὶ
1285 3833 1501 3905 ὅσῳπερ
1525 3846 1551 3875 ι
1582 3835 1648 3888 ἂν
1693 3837 1810 3888 ἐπι-

135 3904 466 3976 δειξώμεθα,
495 3909 614 3962 ούδέ
644 3909 704 3962 τὸ
735 3909 1023 3963 πολλοστὸν
1050 3909 1251 3979 φθάσαι
1280 3911 1444 3982 μέρος
1469 3904 1808 3984 δυνησόμεθα

134 3985 246 4037 τῶν
288 4003 350 4040 τε
383 3986 486 4057 ήδη
521 3988 974 4059 παρασχεθέντων
1013 3989 1162 4060 ἡμῖν,
1189 3988 1298 4042 τῶν
1337 4007 1394 4042 τε
1424 3989 1546 4044 καθ’
1575 3992 1808 4064 ἑκάστην

135 4065 354 4135 ἡμέραν
406 4069 489 4129 είς
526 4068 672 4138 ἡμᾶς
709 4066 1029 4137 γινομένων,
1079 4070 1173 4121 καὶ
1209 4067 1317 4120 τῶν
1368 4071 1808 4141 τεταμιευμένων

133 4147 269 4216 ἡμῖν
307 4148 555 4214 ἀγαθῶν,
605 4151 654 4203 εί
702 4150 1092 4222 βουληθείημεν
1129 4152 1208 4215 είς
1254 4150 1416 4224 ἔργον
1463 4153 1691 4223 ἀγαγεῖν
1738 4155 1806 4208 τὰ

137 4229 271 4299 παρ’
315 4231 484 4284 αὐτοῦ
539 4234 1010 4305 προστεταγμένα.
1037 4235 1306 4297 Ἕκαστος
1341 4235 1518 4289 τοίνυν
1556 4237 1814 4292 ἐντεῦθεν

135 4311 321 4378 ἐξιὼν,
367 4314 527 4387 ἔργον
564 4316 718 4369 τοῦτο
752 4317 1089 4387 ποιησάσθω,
1133 4319 1228 4372 καὶ
1272 4318 1348 4382 ὡς
1393 4320 1485 4373 ἐπὶ
1534 4319 1806 4392 θησαυρὸν

137 4395 399 4461 μέγιστον
436 4397 734 4460 σπευδέτω,
779 4399 873 4450 καὶ
913 4399 1047 4469 μηδέ
1086 4399 1148 4450 τὸ
1195 4399 1358 4468 τυχὸν
1403 4398 1801 4454 ἀναϐαλλέσθω.

132 4477 256 4530 Κᾶν
285 4482 483 4546 καμεῖν
524 4480 636 4550 δέῃ,
679 4480 780 4534 κᾶν
809 4481 1062 4552 ζητῆσαι,
1103 4483 1207 4545 κᾶν
1256 4483 1615 4555 μακρὰνὸδὸν
1641 4484 1806 4538 ἀπελ-

133 4559 266 4623 εεῖν,
316 4559 423 4614 κᾶν
451 4561 727 4616 δυσκολίαι
770 4565 914 4626 τινες
941 4559 1064 4632 ὦσι,
1099 4566 1274 4620 πάντα
1316 4566 1487 4620 ταῦτα
1527 4567 1596 4622 τὰ
1625 4568 1805 4622 κωλύο

134 4655 286 4706 ματα
337 4639 638 4710 ἀνέλωμεν.
677 4642 827 4705 Ἐνὸς
875 4646 1036 4714 μόνου
1084 4646 1383 4717 γινώμεθα,
1414 4645 1529 4711 πῶς
1565 4647 1625 4700 τὸ
1656 4645 1804 4718 παρά

129 4718 226 4770 τοῦ
269 4721 547 4774 Δεσπότου
579 4722 867 4794 ἐπιταχθὲν
900 4725 982 4786 εἰς
1018 4723 1177 4796 ἔργον
1207 4727 1432 4795 ἀγαγεῖν
1463 4725 1799 4798 δυνηθῶμεν,

129 4801 226 4878 καὶ
265 4804 370 4870 τῆς
403 4803 653 4872 ὑπακοῆς
688 4803 779 4857 τὸν
811 4803 1001 4875 μισθὸν
1041 4806 1390 4875 κομίσασθαι.
1424 4807 1515 4877 Μὴ
1554 4807 1663 4878 7&9
1700 4809 1802 4862 οὐκ

129 4876 248 4957 οἶδα
278 4881 364 4934 ὅτι
399 4881 540 4953 βαρύ
572 4883 665 4936 καὶ
692 4883 927 4953 ἐπαχθὲς
956 4884 1200 4950 φαίνεται
1228 4884 1290 4938 τὸ
1321 4884 1458 4956 πρὸς
1487 4876 1580 4939 τὸν
1605 4876 1805 4957 ἐχθρω-

126 4956 235 5020 δῶς
267 4960 612 5032 διακείμενον
640 4962 735 5014 καὶ
777 4963 1049 5031 πολεμίως
1077 4961 1329 5017 ἀπελθεῖν
1360 4965 1453 5018 καὶ
1485 4956 1677 5034 στῆναι
1706 4966 1800 5018 καὶ

126 5037 513 5109 διαλεχθῆναις
553 5039 694 5093 Ἀλλ’
735 5039 828 5093 ἐὰν
873 5042 1131 5114 ἐννοήσῃς
1167 5040 1262 5095 τοῦ
1293 5042 1706 5112 ἐπαγγέλματος
1741 5041 1801 5095 τὸ

125 5118 373 5187 ἀξίωμα,
415 5118 512 5173 καὶ
543 5119 645 5188 τῆς
669 5119 902 5189 ἀμοιϐῆς
944 5120 1007 5174 τὸ
1049 5120 1306 5191 μέγεθος,
1349 5120 1443 5174 καὶ
1473 5121 1556 5174 ὅτι
1591 5121 1691 5174 οὐκ
1722 5122 1801 5184 είς

124 5199 360 5261 ἐκεῖνον,
381 5196 495 5250 ἀλλ’
524 5198 602 5260 είς
637 5197 696 5251 σὲ
718 5197 1004 5269 ἀνατρέχει
1030 5199 1099 5252 τά
1127 5203 1228 5270 τῆς
1255 5200 1594 5272 εὐεργεσίας,
1623 5201 1801 5256 πάντα

124 5292 209 5330 σοι
237 5276 426 5346 κοῦφα
455 5277 547 5329 καὶ
579 5277 739 5347 ῥᾴδια
771 5280 1038 5344 φανεῖται.
1064 5277 1246 5332 Ταῦτα
1269 5279 1447 5332 τοίνυν
1478 5279 1799 5350 στρέφοντες

121 5355 182 5407 ἐν
229 5358 346 5418 τοῖς
391 5354 668 5424 λογισμοῖς
709 5358 822 5420 τοῖς
868 5356 1190 5428 ἡμετέροις,
1245 5357 1649 5427 περιγινώμεοα
1697 5359 1798 5428 τῆς

123 5429 568 5522 συνηθείαςκκαὶ
605 5434 1100 5522 εὐσεϐεὐλογὶισμῶ
1137 5436 1245 5490 τῶν
1275 5437 1795 5522 ἐπιταγμάτων.τή

122 5503 370 5574 Χριστοῦ
411 5505 697 5576 πληρωταὶ
725 5503 1025 5574 γινώμεθα,
1068 5503 1154 5560 ἵνα
1203 5508 1298 5559 καὶ
1333 5503 1607 5573 τῶν⁷παρ’
1630 5506 1796 5559 αὐτοῦ

120 5583 375 5653 ἀμοιϐῶν
419 5583 759 5652 ἀξιωθῶμεν,
801 5583 981 5654 χάριτι
1014 5586 1109 5638 καὶ
1155 5584 1532 5656 φιλανθρωπίᾳ
1562 5585 1660 5654 τῆς
1694 5586 1794 5638 αὐ-

121 5661 218 5713 τοῦ
240 5661 598 5730 ἀγαθὸτητος,
623 5659 814 5730 μεθόῦ
838 5662 915 5733 τῷ
939 5663 1112 5734 Πατρῖ
1127 5663 1243 5734 ἅμα
1257 5662 1335 5734 τῷ
1355 5663 1494 5733 ἁγίῳ
1517 5661 1795 5733 Πνεύματι

122 5741 271 5807 δόξα,
313 5743 538 5810 κράτος,
577 5743 731 5810 τιμὴ,
764 5743 859 5796 νῦν
908 5744 1000 5796 καὶ
1032 5744 1118 5796 ἀεὶ
1179 5743 1275 5816 καὶ
1317 5742 1398 5806 είς
1436 5743 1563 5806 τοὺς
1592 5743 1793 5814 αίῶνας

123 5820 235 5874 τῶν
270 5820 505 5874 αἰώνων.
547 5820 742 5890 Ἀμήν.

179 5908 214 5941 ³
234 5908 390 5961 Sam.
423 5909 545 5972 conj.
579 5911 774 5972 ὅσαπερ.

451 5997 723 6057 ΡΑτιιοι.
761 5995 875 6055 Gn.
915 5993 1072 6059 LIII.

1344 311 1408 368 IN
1444 311 1597 369 CAP.
1638 310 1706 364 IX
1744 310 1987 368 GENES.
2021 314 2252 374 HOMIL.
2296 319 2523 376 XXVIII.

3481 325 3588 380 2M

2458 437 2699 491 ΟΜΙΛΙΑ
2737 437 2850 490 ΚΗ¹
2885 436 3010 509 [⁸269
3025 459 3055 507 ι.

1931 520 2238 599 Καὶετπεν
2263 525 2307 599 ό
2334 523 2477 589 Θεὸς
2510 522 2598 599 τῷ.
2618 523 2765 599 Ιῇῦε,
2793 526 2890 599 καί
2922 526 3046 599 τοῖς
3074 525 3225 593 υἱοῖς
3252 528 3449 599 αὑτοῦ¹
3461 531 3586 599 μετ’

1999 593 2205 659 αὑτοῦ,
2237 594 2432 667 λέγων
2451 611 2464 626 ’
2496 595 2603 667 Κιιὶ
2635 595 2761 667 ἰδοὺ
2790 595 2902 667 ἐγὼ
2925 597 3204 665 ἀνίστημι
3231 597 3348 666 τὴν
3383 593 3588 667 διᾰθή·

2001 614 2205 659 αυτου,
2237 614 2432 717 uapor
2451 614 2464 626 ·
2496 614 2603 648 mu
2635 614 2761 648 ιοου
2790 614 2902 662 εγω
2925 614 3204 665 ανιστημι
3231 614 3348 666 την
3383 614 3584 667 01am)-

2001 678 2118 737 κηγ
2150 680 2268 737 μου
2333 664 2460 733 μῖν,
2486 663 2696 737 καί-τῷ
2724 663 3016 737 σπέρματι
3059 667 3224 734 ὑμῶν
3252 669 3382 736 μεθ’
3410 669 3584 737 ὑμᾶς,

1945 755 1952 758 -
2001 733 2101 806 καί
2133 732 2302 806 ,πάσῃ
2335 731 2511 806 ψυχῇ
2555 734 2708 806 (dum
2743 731 3227 806 gafﬁwbrfdxd
3252 731 3331 791 ’τε
3368 731 3590 806 ὀρὶαέωνῖ

1999 801 2100 855 καί
2131 803 2253 856 ἀπὸ
2285 801 2539 872 κτηνῶν,
2570 803 2670 858 καὶ
2706 801 2856 860 πᾶσι
2895 801 3020 870 τοῖς
3051 808 3278 873 θηρίοις
3311 801 3424 876 τῆς
3451 808 3588 878 γῆς.

1995 895 2065 942 α’.
2087 890 2198 962 Τὴν
2211 891 2461 960 εὐλογίαν
2485 892 2564 955 είς
2587 891 2650 944 τὸ
2669 892 2830 961 μέσον
2855 893 3145 962 προθέντες
3161 892 3305 964 χθὲς,
3335 891 3404 967 ἦς
3419 897 3448 948 ὁ
3464 898 3588 951 Νῶε

1929 969 2133 1042 ⁴ἠξιώθη
2181 974 2331 1045 παρά
2363 975 2457 1026 τοῦ
2495 975 2762 1030 Δεσπότου
2801 975 2937 1044 μετὰ
2982 976 3081 1046 τὴν
3127 976 3304 1041 ἔξοδον
3341 979 3438 1050 τὴν
3478 979 3588 1034 ἀπὸ

1927 1052 2028 1122 τῆς
2059 1055 2290 1110 κιϐωτοῦ
2325 1056 2708 1128 θυσιαστήριον
2742 1058 3124 1129 οἰκοδομήσας,
3151 1061 3246 1113 καὶ
3277 1061 3376 1124 τὰς
3424 1062 3588 1132 εὑχα-

1930 1137 2237 1207 ριστηρίους
2280 1139 2470 1203 θυσίας
2511 1139 2822 1208 ἀναγαγὼν,
2857 1142 2952 1194 καὶ
2999 1141 3097 1213 τὴν
3131 1143 3336 1198 οἰκείαν
3378 1145 3588 1214 εὐγνω-

1930 1218 2166 1302 μοσύνην
2193 1221 2616 1292 ἐπιδειξάμενος,
2646 1224 2746 1276 οὐκ
2787 1223 3084 1294 ἰσχύσαμεν
3116 1226 3424 1300 περαιτέρω
3455 1247 3588 1302 7:90.-

1927 1299 2121 1364 ελθεῖν,
2170 1305 2266 1358 καὶ
2316 1306 2479 1358 παντὶ
2529 1306 2832 1370 ἐπεξελθεῖν
2893 1307 2970 1378 τῷ
3028 1299 3414 1378 ἀναγνώσματι
3438 1350 3452 1374 ,
3491 1299 3587 1367 καὶ

1925 1381 2095 1448 δεῖξαι
2120 1386 2214 1439 τοῦ
2247 1386 2624 1460 φιλανθρώπου
2657 1389 2791 1442 Θεοῦ
2814 1390 2912 1462 τὴν
2941 1394 3344 1461 συγκατάϐασιν
3369 1395 3463 1453 καὶ
3488 1397 3586 1467 τὴν

1925 1467 2270 1551 κηδεμονίαν,
2315 1471 2381 1540 ἢν
2433 1471 2562 1540 περὶ
2598 1471 2690 1524 τὸν
2735 1473 2941 1529 δίκαιον
2992 1475 3322 1542 ἐπεδείξατο.
3363 1477 3584 1551 Ἐπειδὴ

1924 1549 2033 1620 γὰρ
2060 1553 2140 1614 είς
2172 1551 2305 1606 πολὺ
2341 1554 2512 1624 μῆκος
2555 1557 2688 1624 ἡμῖν
2713 1557 2742 1609 ὁ
2767 1556 2924 1626 λόγος
2969 1556 3216 1628 ἐξετάθη,
3246 1560 3460 1630 ταχέως
3487 1549 3588 1616 ab;

1923 1632 2015 1685 τὸν
2048 1635 2483 1706 συνεστείλαμεν,
2512 1636 2652 1690 ὥστε
2684 1637 2758 1708 μὴ
2798 1639 2876 1710 τῷ
2905 1638 3095 1710 πλήθει
3127 1642 3446 1712 καταχῶσαι
3487 1643 3585 1716 τὴν

1925 1716 2150 1788 μνήμην
2172 1717 2345 1788 ὑμῶν.
2382 1719 2515 1789 μηδὲ
2549 1723 2662 1782 τοῖς
2695 1719 2833 1790 μετά
2869 1721 3042 1774 ταῦτα
3067 1723 3380 1793 λεγομένοις
3407 1724 3586 1794 λυμή-

1923 1800 2117 1853 νασθαι
2137 1803 2250 1866 τοῖς
2271 1802 2370 1874 ήδη
2407 1803 2668 1874 ῥηθεῖσιν.
2693 1805 2828 1858 Οὐδὲ
2857 1805 2968 1877 7&9
2993 1805 3153 1860 τοῦτο
3177 1807 3364 1872 ἁπλῶς
3391 1809 3586 1862 ἐσπουο

1921 1880 2162 1953 δάσαμεν
2191 1887 2370 1956 μόνον,
2399 1887 2460 1940 τὸ
2490 1888 2661 1943 πολλὰ
2704 1889 2896 1955 εἰπεῖν,
2925 1888 3060 1945 ἀλλά
3111 1890 3348 1946 τοσαῦτα
3397 1891 3582 1961 βουλό-

1925 1965 2064 2034 μεθα
2095 1966 2290 2037 λέγειν,
2316 1971 2415 2024 ὅσα
2445 1971 2665 2026 δυνατὸν
2699 1973 2793 2026 καὶ
2830 1973 2973 2042 ὑμᾶς
2999 1975 3065 2044 τῇ
3104 1974 3292 2046 μνήμῃ
3327 1992 3582 2045 παρακα-

1919 2050 2160 2133 τασχεῖν,
2190 2051 2675 2133 καὶκερδάναντας
2699 2053 2949 2108 ἐντεῦθεν
2985 2055 3260 2111 ἀπελθεῖν.
3294 2059 3356 2111 Ei
3383 2060 3491 2132 7&9
3517 2059 3582 2133 δὴ

1871 2181 1875 2189 ς
1923 2130 2188 2202 μέλλομεν
2217 2132 2311 2187 καί
2364 2137 2525 2206 ἡμεῖς
2582 2137 2803 2192 πλείονα
2846 2135 2942 2191 τοῦ
2989 2137 3202 2202 δέοντος
3248 2130 3582 2210 λέγεινίκαῖ

1919 2213 2077 2296 ὑμεῖς
2107 2216 2272 2288 μηδὲν
2301 2219 2367 2273 ἐκ
2403 2218 2511 2273 τῶν
2539 2219 2844 2293 λεγομένων
2872 2224 3234 2293 καρποῦσθαι,
3263 2225 3319 2279 τί
3360 2227 3422 2280 τὸ
3451 2225 3582 2296 ὄφε-

1919 2294 2040 2381 λος;
2073 2298 2286 2364 Είδότες
2311 2300 2490 2356 τοίνυν
2527 2305 2609 2358 ὅτι
2635 2304 2724 2358 διά
2757 2305 2856 2376 τὴν
2883 2307 3148 2376 ὠφέλειαν
3185 2309 3284 2380 τὴν
3310 2294 3581 2381 ὑμετέραν

1915 2377 2106 2464 τοῦτον
2157 2381 2526 2454 ἀνεδεξάμεθα
2573 2385 2664 2440 τὸν
2723 2388 2998 2458 κάματον,
3052 2391 3146 2444 καὶ
3201 2377 3580 2464 αὐταρκοῦσαν

1918 2461 2152 2546 ἀμοιϐὴν
2183 2464 2462 2536 εἰληφέναι
2497 2468 2808 2540 νομίζομεν,
2849 2474 2898 2525 εί
2928 2473 3026 2544 τὴν
3058 2461 3581 2546 ὑμετέραν-θεασοί-

1923 2545 2062 2614 μεθα
2111 2550 2393 2620 προκοπὴν
2441 2553 2578 2622 μετά
2627 2554 2910 2626 ἀκριϐείας
2943 2545 3274 2628 κατέχουσαν
3306 2559 3377 2614 τὰ
3425 2561 3582 2631 λεγό-

1923 2645 2080 2711 μενα,
2126 2632 2220 2685 καὶ
2249 2634 2307 2686 ἐν
2340 2637 2452 2699 τοῖς
2494 2636 2713 2701 κόλποις
2753 2638 2853 2707 τῆς
2900 2641 3169 2711 ὑμετέρας
3215 2642 3456 2708 διανοίας
3491 2647 3581 2699 ἐν-

1917 2710 2182 2797 απόθεσθε
2217 2717 2456 2786 συνεχῶς
2484 2717 2656 2772 ταῦτα
2696 2710 2970 2785 κινοῦντες
3002 2710 3098 2776 καὶ
3139 2724 3577 2797 ἀναμαρυκώμε-

1918 2810 1998 2846 νοι
2022 2793 2072 2878 ιτ.
2108 2797 2174 2878 Ἡ
2198 2798 2316 2878 7&9
2350 2801 2536 2871 μνήμη
2565 2803 2675 2855 τῶν
2712 2803 2814 2874 ἡδη
2855 2805 3126 2875 ῥηθέντων
3168 2793 3577 2878 παρασκευάσει

142 2877 506 2916 “‘WWI’W‘"
552 2877 602 2897 δυ
635 2877 767 2914 “VI”
799 2877 894 2899 ’κθ
928 2877 1026 2915 ""1"
1059 2877 1428 2917 ⁸ῐυ⁵ν⁴⁶⁶⁷⁵¹ι⁹³ν
1466 2877 1811 2900 “‘“""’“"“"
1846 2930 1852 2935 _
1921 2877 2060 2944 μετά
2085 2877 2324 2944 πλείονος
2354 2881 2600 2948 εὐκολίας
2644 2884 2788 2954 ὑμᾶς
2815 2885 3060 2956 δέχεσθαι
3089 2889 3182 2942 καὶ
3216 2877 3284 2944 τά
3315 2889 3578 2960 μέλλοντα

141 2925 233 2978 τοῦ
262 2927 569 2992 Δεσπότουῖ
607 2927 798 2999 Χαίρω
828 2928 924 2980 καὶ
948 2928 1310 3000 εὐφραίνομαι
1337 2928 1476 2999 ὁρῶν
1509 2930 1654 3000 ὑμᾶς
1691 2930 1808 3000 μεθ’
1868 2945 1872 2948 ν
1921 2961 2250 3000 mammam
2307 2965 2394 3000 νηὶ
2428 2964 2570 3000 Αἴθη-..ι
2593 2966 2685 3000 ιιι-ηπ
2719 2968 2912 3000 υλλυιιηι
2944 2969 3224 3000 ..ηαλμ-υ.-
3252 2973 3339 3000 ...Α
3373 2972 3578 3000 1-1“.-

1920 2961 2277 3044 ῥηθήσεσθαι,
2307 2965 2401 3017 καὶ
2428 2964 2570 3018 οὓτω
2593 2966 2686 3020 τοῦ
2719 2968 2912 3038 χρόνου
2944 2969 3224 3039 προϊόντος
3252 2973 3345 3026 καὶ
3371 2972 3578 3044 ἑτέροις

1915 3043 2222 3101 διδάσκαλοι
2252 3049 2563 3119 γενήσεσθε.
2593 3049 2762 3103 Τοῦτο
2807 3051 2915 3121 γὰρ
2954 3053 3110 3123 ἡμῶν
3151 3055 3184 3124 ἡ
3219 3057 3368 3109 πᾶσα
3408 3043 3579 3127 ἀγρυ-

1915 3129 2048 3182 πνία
2083 3132 2176 3185 καὶ
2221 3133 2254 3202 ἡ
2303 3132 2535 3203 σπουδὴ,
2583 3131 2723 3187 ὥστε
2771 3135 2979 3198 πάντας
3012 3136 3154 3206 ὑμᾶς
3202 3138 3438 3200 τελείους
3484 3141 3578 3194 καὶ

1913 3213 2358 3285 ἀπηρτισμένους
2385 3215 2654 3283 γενέσθαι,
2679 3216 2772 3268 καὶ
2802 3217 2967 3288 μηδὲν
2992 3218 3134 3288 ὑμᾶς
3165 3218 3446 3274 λανθάνειν
3469 3222 3578 3274 τῶν

1911 3297 1975 3349 ἐν
2005 3300 2126 3360 ταῖς
2166 3297 2338 3362 θείαις
2364 3300 2607 3371 Γραφαῖς
2645 3300 2936 3369 κειμένων.
2979 3301 3044 3354 Ἠ
3075 3303 3184 3372 γὰρ
3218 3303 3420 3357 τούτων
3445 3307 3579 3374 γνῶ-

1917 3395 2024 3444 σις,
2053 3380 2102 3432 εί
2132 3379 2523 3452 βουληθείημεν
2551 3382 2740 3450 νήφειν
2767 3383 2862 3436 καὶ
2891 3384 3267 3454 ἐγρηγορέναι,
3305 3386 3399 3439 καὶ
3437 3387 3576 3457 πρὸς

1914 3461 2016 3532 τὴν
2059 3462 2290 3533 ἀρίστην
2322 3463 2597 3517 πολιτείαν
2639 3464 2709 3518 τὰ
2749 3464 2976 3534 μέγιστα
3014 3466 3145 3536 ἡμῖν
3187 3467 3573 3536 συμϐαλεῖται,

1918 3543 2011 3597 καὶ
2052 3543 2492 3616 προθυμοτέρους
2533 3546 2824 3616 ἐργάσεται
2881 3545 3019 3617 πρὸς
3061 3547 3187 3610 τοὺς
3235 3549 3332 3619 τῆς
3375 3551 3575 3622 ἀρετῆς

1909 3625 2132 3690 «πόνους.
2161 3627 2330 3680 Ὅταν
2381 3627 2488 3699 γὰρ
2536 3627 2911 3698 παιδευθῶμεν
2947 3629 3030 3681 ὅτι
3066 3629 3292 3694 ἕκαστος
3337 3632 3444 3686 τῶν
3495 3633 3576 3688 δι-

1907 3709 2087 3762 ·καίων
2129 3708 2239 3762 τῶν
2269 3709 2466 3780 πολλὴν
2498 3709 2810 3782 παρρησίαν
2838 3711 2974 3782 πρὸς
3006 3711 3096 3764 τὸν
3132 3712 3265 3765 Θεὸν
3296 3717 3574 3786 κτησαμέ-

1909 3809 2044 3858 νων,
2071 3791 2159 3846 διὰ
2200 3793 2519 3866 πειρασμῶν
2563 3795 2656 3848 καὶ
2693 3793 2923 3863 θλίψεων
2966 3794 3190 3859 ὁδεύσας
3219 3795 3438 3852 ἅπαντα
3479 3799 3574 3854 τὸν

1917 3875 2050 3946 βίον,
2095 3877 2188 3929 καὶ
2236 3876 2434 3946 πολλὴν
2476 3877 2574 3947 τὴν
2629 3876 2906 3948 ὑπομονὴν
2946 3877 3040 3930 καὶ
3080 3877 3179 3948 τὴν
3224 3879 3574 3952 εὐχαριστίαν

1913 3958 2336 4029 ἐπιδειξάμενος,
2363 3958 2505 4013 ούτω
2527 3960 2633 4012 τῶν
2662 3959 2905 4030 ἀμοιϐῶν
2930 3958 3154 4030 ἠξιώθη,
3185 3961 3303 4025 πῶς
3328 3964 3448 4034 οὐχὶ
3477 3967 3574 4026 καὶ

1913 4041 2068 4094 αὐτοὶ
2103 4041 2468 4110 σπουδάσομεν
2498 4053 2521 4081 ο
2555 4041 2651 4113 τὴν
2691 4043 2860 4113 αὐτὴν
2897 4043 3076 4106 αὐτοῖς
3106 4044 3223 4097 ὁδὸν
3260 4045 3454 4115 ἐλθεῖν,
3488 4047 3575 4101 ἵνα

1913 4124 2007 4176 καὶ
2033 4124 2143 4176 τῶν
2173 4124 2348 4177 αὐτῶν
2375 4125 2556 4188 αὐτοῖς
2579 4125 2828 4195 τύχωμεν
2850 4126 3127 4197 ἀμοιϐῶν;
3156 4127 3243 4182 Διὸ
3269 4129 3573 4198 παρακαλῶ

1913 4206 2034 4259 καθ’
2059 4207 2294 4276 ἑκάστην
2332 4207 2548 4279 ἡμέραν
2586 4210 2901 4281 προσθήκην
2932 4209 3056 4265 τινά
3094 4211 3440 4282 ἐργάζεσθαι.
3477 4217 3573 4268 καὶ

1904 4287 2092 4353 -αὐξειν
2117 4290 2269 4360 ὑμῶν
2307 4289 2405 4362 τὴν
2443 4290 2584 4345 κατά
2615 4291 2745 4345 Θεὸν
2767 4293 3072 4364 οἰκοδομὴν.
3104 4295 3198 4348 καὶ
3235 4295 3306 4350 τά
3345 4297 3441 4370 μὶν
3469 4298 3571 4369 ἤδη

1911 4372 2323 4443 κατορθωθέντα
2362 4375 2498 4444 μετά
2521 4375 2817 4444 ἀσφαλείας
2847 4378 2940 4430 καὶ
2968 4378 3167 4449 πολλῆς
3204 4380 3301 4452 τῆς
3327 4380 3572 4452 φυλακῆς

1909 4457 2202 4530 διατηρεῖν,
2229 4459 2320 4512 τὰ
2358 4458 2417 4512 δέ
2450 4459 2702 4513 λείποντα
2749 4461 3112 4532 προστιθέναι,
3149 4463 3235 4517 ἵνα
3280 4463 3454 4530 οὕτως
3489 4467 3572 4530 είς

1907 4539 2078 4610 αὐτὴν
2118 4541 2216 4612 τὴν
2249 4541 2491 4613 κορυφὴν
2527 4542 2628 4612 τῆς
2649 4544 2858 4616 ,ἀρετῆς
2887 4544 3148 4616 φθάσητε,
3194 4547 3276 4610 είς
3309 4547 3570 4619 καύχημα

1910 4624 2197 4696 ἡμέτερον,
2230 4626 2311 4688 είς
2338 4625 2622 4697 οἰκοδομὴν
2641 4628 2740 4698 τῆς
2772 4627 3114 4700 Ἐκκλησίας,
3148 4631 3229 4693 είς
3253 4630 3413 4698 δόξαν
3436 4633 3572 4703 Χρι-

1911 4707 2060 4761 στοῦ.
2090 4707 2199 4786 καὶ
2231 4709 2340 4777 7&9
2368 4709 2508 4779 ὀρῶν
2542 4709 2694 4778 ὑμῶν
2724 4711 2784 4763 τὸ
2811 4711 3102 4780 ἀκόρεστον
3130 4711 3259 4783 περὶ
3287 4713 3386 4786 τὴν
3405 4730 3568 4768 πνευ-

1913 4779 2155 4862 ματικὴιίΔ
2182 4791 2546 4854 διδασκαλίαν,
2596 4791 2657 4845 οὐ
2697 4791 2844 4864 [270]
2885 4779 3125 4863 παύομαι
3166 4779 3287 4847 καθ’
3331 4779 3567 4863 ἑκάστην

1907 4874 2143 4945 ἡμέραν,
2191 4874 2367 4928 καίτοι
2399 4875 2586 4926 πενίαν
2637 4875 2834 4946 πολλὴν
2883 4874 3105 4946 ἐμαυτῷ
3155 4875 3425 4939 συνειδὼς.
3469 4876 3568 4948 τὴν

1905 4957 2148 5012 ἐπίασιν
2182 4957 2310 5026 ὑμῖν
2344 4957 2442 5027 τὴν
2479 4957 2586 5010 ἀπὸ
2622 4958 2730 5010 τῶν
2775 4958 2932 5011 θείων
2961 4957 3191 5028 Γραφῶν
3225 4958 3569 5032 παρατιθεὶς,

1903 5040 2002 5092 ’καὶ
2029 5039 2174 5110 άπερ
2199 5039 2266 5092 ἂν
2295 5042 2327 5109 ἡ
2369 5039 2464 5093 τοῦ
2494 5037 2629 5093 Θεοῦ
2658 5041 2815 5110 χάρις
2860 5040 2947 5094 διὰ
2987 5041 3087 5112 τὴν
3133 5041 3338 5096 οἰκείαν
3379 5041 3567 5111 φιλαν-

1905 5120 2149 5192 θρωπίαν
2172 5123 2267 5176 καὶ
2293 5121 2383 5176 διὰ
2409 5123 2505 5194 τὴν
2530 5123 2798 5194 ὑμετέραν
2821 5123 3086 5190 ὠφέλειαν
3107 5126 3408 5198 χορηγήσῃ,
3433 5125 3564 5180 ταῦ-

1903 5221 1974 5257 τα
2003 5208 2125 5270 ταῖς
2157 5206 2450 5277 ὑμετέραις
2485 5207 2676 5268 ἀκοαῖς
2711 5205 3160 5276 παρατιθέμενος.
3189 5207 3323 5280 Φέρε
3351 5203 3443 5261 οὖν
3472 5211 3565 5260 καὶ

1907 5287 2147 5359 σήμερον
2173 5287 2432 5358 δείξωμεν
2460 5286 2612 5357 ὑμῶν
2642 5289 2708 5358 τῇ
2734 5288 2924 5360 ἀγάπῃ
2955 5288 3062 5359 τῆς
3086 5289 3180 5342 τοῦ
3216 5289 3350 5344 Θεοῦ
3380 5289 3566 5358 φιλαν-

1905 5368 2270 5440 θρωπίαςτὴν
2295 5369 2618 5440 ὑπερϐολὴν,
2648 5370 2715 5440 ἢν
2750 5371 2878 5440 περὶ
2905 5369 3003 5443 τήν
3028 5371 3373 5442 ἀνθρωπίνην
3403 5372 3564 5441 φύσι)

1894 5450 2284 5516 ἐπιδείκνυται,
2319 5451 2457 5504 αὐτά
2485 5451 2556 5505 τά
2578 5453 2728 5524 παρὰ
2769 5453 2864 5506 τοῦ
2897 5454 3031 5507 Θεοῦ
3073 5452 3305 5524 ῥηθέντα
3330 5453 3412 5524 τῷ
3433 5453 3563 5506 Νῶε

1903 5537 1981 5598 είς
2027 5533 2189 5605 μέσον
2225 5535 2592 5606 προτιθέντες.
2619 5536 2729 5589 Καὶ
2751 5533 2922 5591 εἶπεν
2945 5541 2980 5591 ὁ
3009 5537 3152 5603 Θεὸς
3187 5535 3267 5604 τῷ
3287 5536 3433 5599 Νῶε,
3465 5536 3562 5590 καὶ

1905 5615 2029 5682 τοῖς
2063 5615 2214 5682 υίοῖς
2252 5617 2459 5671 αὐτοῦ.
2503 5616 2658 5672 Μετά
2701 5619 2762 5671 τὸ
2791 5619 3079 5690 εὐλογῆσαι
3113 5619 3272 5674 αὐτὸν
3317 5619 3408 5673 καὶ
3435 5619 3564 5682 τοῖος

1903 5701 2052 5764 υἱοὺς
2084 5700 2272 5766 αὐτοῦ,
2301 5701 2394 5755 καὶ
2424 5703 2615 5767 εἰπεῖν,
2644 5702 2994 5766 Αῠξάνεσθε
3026 5703 3124 5756 καὶ
3157 5703 3561 5772 πληθύνεσοε,

1962 5841 1993 5881 ἰ
2027 5842 2177 5893 Savil.
2201 5843 2249 5890 in
2277 5855 2428 5904 marg.
2451 5854 2482 5891 e
2514 5856 2615 5892 var.
2638 5844 2753 5892 lect.
2778 5842 2974 5905 ἄναμηρ.

1966 5908 1988 5937 ε
2022 5904 2174 5954 Savil.
2210 5910 2265 5953 el
2281 5907 2501 5968 quinque
2539 5919 2654 5955 mss.
2677 5904 3065 5967 σπουδάσωμεν,·

2990 5991 3064 6050 ιϋ
