4062 6396
528 319 634 376 253

531 436 751 508 καὶ’τὴν
789 433 960 506 ἀρχὴν
992 433 1090 506 τὴν
1136 434 1275 486 κατά
1305 433 1412 486 τῶν
1434 432 1641 500 ἀλόγων
1679 430 1930 484 ἁπάντων
1960 425 2195 508 ἐγχειρί-

533 541 643 586 σαι,
677 507 772 574 καὶ
795 520 893 590 τὴν
923 517 1166 582 ἐξουσίαν
1195 516 1375 569 δοῦναι
1402 515 1517 578 τοῦ,
1543 516 1618 577 ὡς
1641 514 1846 585 λάχανα
1872 510 2083 582 χόρτου,
2113 507 2200 562 οῦδ

530 625 609 660 τω
657 605 860 658 τούτων
915 603 1182 656 ποιεῖσθαι
1221 601 1318 673 τὴν
1373 600 1690 672 μετάληψιν,
1728 600 1822 652 καὶ
1864 595 2196 651 ἐντείλασθαι

531 689 672 743 ὥστε
708 688 843 760 κρέα
877 688 935 743 ἐν
961 687 1151 756 αἵματι
1191 683 1264 756 μὴ
1295 688 1506 754 φαγεῖν,
1540 683 1835 756 κηδόμενος
1865 681 1946 734 ἔτι
1977 681 2071 734 καὶ
2103 679 2195 734 τοῦ

531 772 738 826 δικαίου
771 769 866 824 καὶ
888 769 998 822 τῶν
1020 767 1168 839 μετά
1191 767 1361 821 ταῦτα
1390 767 1689 837 μελλόντων
1715 763 1953 828 ἔσεσθαι,
1985 763 2078 816 καὶ
2108 778 2197 829 φι-

530 851 912 923 λοτιμούμενος
939 851 1025 904 ἀεὶ
1055 852 1175 912 ταῖς
1208 849 1545 918 εὐεργεσίαις
1573 847 1670 919 τὴν
1698 846 1971 918 ἡμετέραν
2012 843 2194 912 φύσιν,

535 935 856 1008 προστίθησι
885 934 1045 989 πάλιν
1071 933 1384 1004 εὐεργεσίας
1414 934 1631 1003 μείζους
1667 931 1762 986 καί
1798 945 1949 1001 φησι⁰
1979 931 2086 984 Καὶ
2113 925 2196 982 εἷ-

531 1038 646 1074 πεν
681 1025 715 1076 ὁ
765 1019 909 1084 Θεὸς
954 1015 1035 1082 τῷ
1071 1017 1218 1077 Νῶε,
1261 1015 1360 1071 καί
1391 1015 1516 1082 τοῖς
1543 1014 1694 1080 υἱοῖς
1721 1013 1905 1068 αὑτοῦ
1932 1013 2059 1082 μετ’
2093 1014 2198 1066 af)-

529 1106 659 1166 τοῦ,
695 1103 904 1172 λέγων’
945 1101 1092 1155 Ἰδοὺ
1129 1101 1242 1170 ἐγὼ
1293 1098 1520 1154 ἁνιστῶ
1573 1097 1689 1165 τὴν
1734 1097 2031 1163 διαθήκην
2073 1113 2194 1166 μου

529 1189 690 1256 ὑμῖν,
737 1186 835 1240 καί
879 1183 960 1250 τῷ
997 1184 1289 1253 σπέρματι
1329 1181 1495 1252 ὑμῶν
1519 1182 1646 1250 μεθ’
1671 1180 1847 1249 ὑμᾶς,
1886 1179 1984 1232 καί
2023 1177 2194 1246 πάσῃ

531 1268 707 1339 Ψυχῇ
736 1267 890 1335 ζώσῃ
916 1267 1044 1336 μεθ’
1066 1265 1253 1335 ὑμῶν,
1287 1265 1403 1318 ἀπὸ
1430 1264 1652 1331 ὀρνέων
1671 1263 1769 1316 καί
1794 1263 1911 1316 ἀπὸ
1940 1261 2193 1330 κτηνῶν,

531 1353 632 1406 καὶ
669 1351 819 1407 πᾶσι
849 1349 974 1416 τοῖς
1007 1348 1231 1416 θηρίοις
1268 1345 1376 1415 τῆς
1404 1345 1534 1416 γῆς,
1567 1347 1684 1399 ὅσα
1706 1347 1834 1414 μεθ’
1854 1343 2042 1414 ὑμῶν,
2075 1343 2195 1398 ἀπὸ

532 1437 773 1491 πάντων
800 1433 918 1488 τῶν
948 1433 1317 1498 ἐξελθόντων
1340 1429 1458 1485 ἀπὸ
1481 1429 1593 1497 τῆς
1613 1428 1882 1482 κιϐωτοῦ·
1920 1427 2017 1481 καί
2047 1427 2196 1493 στή-

530 1538 620 1573 σω
652 1519 766 1588 τὴν
803 1517 1100 1583 διαθήκην
1140 1534 1258 1584 μου
1292 1514 1441 1583 πρὸς
1470 1512 1648 1583 ὑμᾶς·
1689 1513 1788 1567 καί
1827 1512 1938 1566 οὐκ
1975 1513 2196 1566 ἀποθα-

529 1603 715 1656 νεῖται
750 1602 916 1657 πᾶσα
943 1600 1099 1669 σὰρξ
1124 1601 1211 1654 ἐτι
1241 1599 1356 1653 ἀπὸ
1379 1598 1487 1652 τοῦ
1520 1596 1738 1662 ὕδατος
1764 1595 1871 1649 τοῦ
1898 1598 2196 1649 κατακλυ-

530 1687 708 1756 σμοῦ·
734 1687 829 1739 καί
858 1687 968 1740 οὐκ
997 1685 1084 1737 ἐτι
1118 1683 1291 1736 ἔσται
1309 1681 1734 1749 κατακλυσμὸς
1756 1679 1992 1745 ὓδατος,
2019 1695 2196 1732 κατα-

529 1768 758 1836 φθεῖραι
784 1766 990 1822 πᾶσαν
1011 1765 1126 1834 τὴν
1147 1764 1280 1834 γῆν.
1297 1763 1516 1833 Ἐπειδὴ
1535 1764 1679 1826 εἰκὸς
1694 1759 1762 1832 ἦν
1778 1763 1869 1816 τὸν
1889 1763 2092 1816 δίκαιον
2114 1763 2194 1815 ἔτι

530 1852 820 1920 ἐναγώνιον
849 1847 1005 1910 εἶναι,
1055 1850 1149 1903 καὶ
1180 1847 1256 1918 τῷ
1293 1847 1401 1900 δέει
1428 1845 1862 1916 καταϐεϐλῆσθαι
1905 1844 2068 1898 αὑτοῦ
2098 1845 2194 1915 τὴν

535 1936 788 1998 διάνοιαν,
817 1935 912 1988 καὶ
944 1932 998 1985 εἴ
1036 1947 1164 1986 ποτε
1205 1929 1440 1998 συμϐαίη
1479 1928 1678 2000 μικράν
1717 1944 1839 1981 τινα
1887 1926 2195 1998 ἐπομϐρίαν

530 2019 798 2086 γενέσθαι,
831 2016 1051 2087 ἔμελλεν
1093 2016 1157 2068 ἂν
1199 2013 1382 2067 ἀλύειν
1410 2012 1503 2065 καὶ
1521 2012 1903 2082 ἁναχαιτίζειν,
1935 2010 2011 2074 ὼς
2035 2011 2194 2065 πάλιν

529 2101 768 2154 τοιούτου
807 2099 1096 2153 κλυδωνίου
1149 2095 1245 2167 τὴν
1300 2095 1620 2166 οἰκουμένην
1663 2093 2192 2164 καταλαμϐάνοντος,

530 2185 618 2238 ἵνα
646 2186 738 2237 καὶ
759 2183 920 2245 αὐτὸς
945 2182 1040 2252 ἔχῃ
1075 2180 1295 2251 θαρρεῖν
1324 2178 1418 2232 καὶ
1439 2179 1487 2229 οί
1515 2179 1595 2240 είς
1621 2175 1684 2230 τὸ
1718 2177 1844 2248 ἐξῆς
1872 2176 2130 2240 ἅπαντες,
2166 2179 2194 2230 ὁ

531 2268 732 2335 ἀγαθὸς
767 2267 1044 2336 Δεσπότης
1070 2264 1224 2327 εἰδὼς
1265 2264 1347 2316 δτι
1394 2261 1573 2316 καὶτὸ
1608 2261 1768 2332 τυχὸν
1806 2260 1966 2314 αὐτὸν
1989 2259 2192 2314 λυποῦν

531 2349 828 2420 θορυϐῆσαι
849 2348 1149 2418 δυνήσεται·
1171 2348 1204 2416 ἡ
1227 2346 1334 2416 γὰρ
1359 2347 1519 2414 πεῖρα
1541 2346 1648 2397 τῶν
1677 2342 2056 2414 παρελθόντων
2082 2345 2193 2396 ἱκα-

529 2435 594 2502 νὴ
625 2432 826 2502 πολλὴν
847 2430 1044 2484 δειλίαν
1076 2429 1348 2499 ἐμϐαλέψ
1382 2429 1502 2481 ἐπεὶ
1525 2422 1618 2482 οῦν
1646 2425 1791 2489 είκὺς
1813 2420 1882 2496 ἦν
1903 2425 1994 2479 τὸν
2022 2426 2192 2496 μακά-

532 2533 646 2588 ριον
680 2517 866 2570 τοῦτον
913 2516 1004 2569 καὶ
1031 2515 1138 2569 ἀπὸ
1169 2513 1263 2566 τοῦ
1293 2513 1546 2584 τυχόντος
1582 2509 1738 2564 ὑετοῦ
1779 2509 2190 2580 καταπλαγῆναι

528 2606 623 2658 καὶ
651 2603 932 2665 δειλιάσαι,
949 2601 1037 2654 διὰ
1063 2599 1218 2654 τοῦτο
1241 2602 1269 2653 ὁ
1289 2598 1489 2667 ἀγαθὸς
1511 2597 1644 2660 Θεὸς
1673 2597 1950 2667 μονονουχὶ
1969 2596 2190 2669 θαρρεῖν

527 2685 686 2739 αὐτὸν
714 2683 1166 2756 παρασκευάζων,
1197 2681 1288 2734 καὶ
1321 2679 1520 2743 παντὸς
1549 2679 1700 2742 δέους
1723 2679 1883 2733 αὐτὸν
1916 2679 2191 2734 ἀπαλλάτο

524 2784 655 2828 των,
703 2769 797 2820 καὶ
840 2770 897 2819 ἐν
931 2766 1080 2836 ἀδείᾳ
1123 2765 1287 2834 πολλῇ
1342 2764 1436 2816 καὶ
1479 2762 1712 2831 εὐθυμία.
1755 2761 2035 2825 καθιστὰς,
2087 2765 2189 2816 ὐπ-

527 2854 782 2920 ισχνεῖται
816 2847 963 2918 αὑτῷ
997 2848 1190 2916 μηκέτι
1217 2846 1468 2916 τοιαύτην
1488 2846 1754 2916 τιμωρίαν
1781 2847 2096 2915 ἐπαγαγεῖν.

597 2934 660 3003 β’.
694 2934 802 2986 Καὶ
823 2931 980 2984 τοῦτο
1010 2931 1106 3001 μὲν
1129 2930 1231 3000 ἤδη
1267 2931 1362 2982 καὶ
1395 2928 1499 2998 πρὸ
1519 2929 1619 2998 τῆς
1645 2928 1893 2996 εὐλογίας
1918 2930 2185 3000 ὑπέσχετο

523 3018 716 3086 λέγων,
737 3017 984 3086 καθάπερ
1010 3014 1141 3082 ἡκού
1151 3030 1294 3076 σατε,
1314 3014 1395 3065 ὅτι
1429 3014 1510 3065 Οὐ
1527 3004 1826 3079 προστιθῶ
1851 3014 2185 3082 καταράσα-

525 3103 665 3152 σθαι
696 3097 808 3163 τὴν
834 3095 967 3163 γῆν·
1002 3096 1180 3148 εἶκαὶ
1218 3095 1268 3146 οι
1299 3093 1574 3162 ἅνθρωποι
1609 3092 1678 3145 τὰ
1715 3094 1812 3163 τῆς
1841 3095 2036 3158 κακίας
2065 3098 2187 3148 ἐπι·

523 3179 806 3241 τείνουσιν,
834 3177 946 3229 ἀλλ’
986 3177 1134 3245 ὅμως
1168 3173 1277 3242 ἐγὼ
1307 3174 1487 3226 οὐκέτι
1520 3174 1744 3245 τοιούτῳ
1764 3176 2022 3246 ἐπιτιμίῳ
2055 3178 2187 3232 ὑπο-

525 3262 704 3315 ϐάλλω
730 3261 790 3313 τὸ
813 3262 917 3312 τῶν
959 3258 1258 3329 ἀνθρώπων
1291 3257 1465 3324 γένος.
1492 3258 1717 3320 Δεικνὺς
1759 3257 1867 3329 γὰρ
1896 3258 2058 3312 αὐτοῦ
2085 3261 2185 3332 τὴν

524 3348 727 3413 ἄφατον
759 3342 1162 3415 φιλανθρωπίαν
1191 3342 1286 3394 καὶ
1315 3341 1475 3394 πάλιν
1505 3339 1660 3394 τοῦτο
1705 3342 2065 3413 ὑπισχνεῖται,
2099 3345 2185 3400 ἵνα

526 3431 747 3502 θαρρεῖν
797 3429 892 3499 ἔχῃ
931 3427 960 3478 ὁ
996 3425 1222 3486 δίκαιος,
1263 3425 1358 3477 καὶ
1398 3423 1472 3495 μὴ
1498 3423 1809 3492 λογίζεσθαι
1845 3427 1966 3480 καθ’
1993 3429 2184 3484 ἑαυτὸν

524 3515 618 3567 καὶ
645 3513 840 3582 λέγειν·
876 3511 969 3565 καὶ
995 3509 1096 3580 ῆδη
1131 3507 1377 3576 εὐλογίας
1407 3507 1643 3574 ἀξιώσας
1674 3509 1737 3563 τὸ
1767 3510 1922 3579 γένος
1949 3511 2011 3565 τὸ
2046 3515 2184 3584 ἡμέ-

522 3613 698 3668 τερον,
735 3595 829 3648 καὶ
876 3597 956 3657 εἰς
1007 3593 1206 3664 πλῆθος
1245 3591 1535 3644 ἐπιδιδόναι
1583 3593 2025 3662 παρασκευάσας,
2083 3598 2183 3665 τὴν

523 3679 896 3750 πανωλεθρίαν
942 3675 1144 3746 ταύτην
1179 3675 1475 3745 ἐπήγαγεν.
1502 3676 1597 3728 ’Ίν’
1624 3672 1717 3729 οὖν
1757 3677 1932 3731 πάντα
1957 3677 2183 3750 θόρυϐον

522 3763 726 3833 ἐκϐάλῃ
761 3764 822 3813 ἐκ
854 3759 960 3814 τῶν
1009 3759 1172 3812 αὐτοῦ
1211 3758 1505 3828 λογισμῶν,
1548 3760 1641 3812 καὶ
1677 3761 2064 3832 πληροφορηθῇ
2107 3763 2182 3826 ὠς

520 3843 706 3898 οὐκέτι
727 3843 878 3896 ἔσται
905 3843 1082 3894 τοῦτο·
1115 3839 1303 3911 ὥσπερ
1329 3841 1458 3911 γὰρ,
1498 3843 1648 3912 φησι,
1679 3843 1769 3895 τὸν
1803 3844 2182 3912 κατακλυσμὸν

521 3928 607 3980 διὰ
630 3924 1032 3995 φιλανθρωπίαν
1068 3925 1368 3991 ἐπήγαγον,
1403 3923 1542 3976 ὥστε
1575 3925 1673 3995 τὴν
1703 3924 1901 3978 κακίαν
1929 3927 2178 3997 ἐγκόψαι,

520 4011 616 4064 καὶ
653 4010 726 4080 μὴ
757 4006 1062 4078 περαιτέρω
1092 4005 1238 4078 [271]
1271 4007 1464 4070 αὐτοὺς
1486 4007 1771 4077 προϐῆναι,
1800 4007 1941 4062 οῦτω
1961 4010 2064 4063 καὶ
2085 4011 2182 4065 νῦν

519 4093 606 4146 διὰ
655 4093 754 4164 τὴν
801 4089 1036 4161 ἐμαυτοῦ
1084 4088 1489 4160 φιλανθρωπίαν
1532 4090 1932 4159 ἐπαγγέλλομαι
1984 4093 2180 4163 μηκέτι

519 4176 675 4228 τοῦτο
713 4177 975 4244 ποιήσειν,
1014 4172 1101 4224 ἵνα
1128 4171 1307 4241 πάσης
1337 4170 1574 4242 ἀθυμίας
1600 4173 1752 4235 ἐκτὸς
1774 4172 2062 4241 διάγοντες,
2091 4175 2181 4226 οὐ-

515 4271 597 4309 τω
614 4256 712 4327 τὴν
737 4253 1015 4325 παροῦσαν
1046 4252 1189 4322 ζωὴν
1214 4252 1480 4322 διανύητε.
1502 4254 1600 4307 Διά
1626 4255 1782 4309 τοῦτό
1813 4271 1996 4328 φησιν’
2031 4257 2179 4311 Ἰδοὺ

515 4340 803 4406 ἀνίστημι
848 4335 963 4403 τὴν
1017 4335 1310 4402 διαθήκην
1356 4353 1496 4404 μου,
1544 4335 1689 4389 τοῦτ’
1725 4337 1858 4400 ἐστι,
1907 4337 2180 4408 συνθήκας

518 4420 795 4492 ποιοῦμαι.
843 4420 1106 4490 Καθάπερ
1143 4419 1234 4472 ἐπὶ
1273 4417 1379 4472 τῶν
1427 4419 1782 4490 ἀνθρωπίνων
1839 4422 2178 4492 πραγμάτων

515 4507 735 4559 ἐπειδάν
777 4522 860 4567 τις
909 4502 1308 4571 ἐπαγγέλληται
1357 4520 1431 4565 τι,
1481 4501 1782 4557 συντίθεται
1838 4503 1931 4557 καὶ
1979 4504 2176 4575 πολλὴν

517 4588 745 4658 παρέχει
772 4588 872 4657 τὴν
903 4583 1295 4656 πληροφορίαν·
1325 4583 1467 4637 οὕτω
1495 4584 1588 4638 καὶ
1611 4584 1642 4636 δ
1671 4584 1872 4653 ἀγαθὸς
1902 4585 2176 4656 Δεσπότης

517 4670 700 4740 φησίν⁶
741 4669 884 4723 Ἰδοὺ
909 4669 1190 4736 ἀνίστημι
1227 4667 1339 4734 τὴν
1368 4666 1659 4734 διαθήκην
1677 4685 1816 4736 μου.
1857 4666 1959 4721 Καὶ
1996 4669 2176 4734 καλῶς

515 4749 687 4817 εἶπεν,
727 4753 1052 4820 Ἀνίστημι,
1095 4750 1216 4804 ἀντὶ
1262 4749 1376 4814 τοῦ,
1414 4749 1545 4803 Ἰδοὺ
1573 4750 1683 4818 ἐγὼ
1712 4745 2043 4823 ἀνανεῶδτὴν
2070 4753 2174 4807 ὑπὸ

514 4831 622 4885 τῶν
664 4830 1122 4902 παραπτωμάτων
1159 4827 1533 4899 πανωλεθρίαν
1569 4829 1745 4884 αὐτῶν
1773 4833 2169 4903 γεγενημένην,

515 4915 608 4968 καὶ
651 4915 949 4982 Ἂνίστημι
983 4911 1097 4978 τὴν
1128 4909 1420 4978 διαθήκην
1437 4928 1556 4979 μου
1589 4912 1729 4981 ὑμῖν
1757 4913 1857 4966 καὶ
1886 4912 1966 4978 τῷ
1997 4914 2175 4983 σπέρο

510 5013 649 5064 ματι
681 4995 846 5063 ὑμῶν
877 4994 1005 5062 μεθ’
1030 4991 1204 5060 ὑμᾶς.
1246 4993 1388 5062 Ὅρα
1431 4992 1839 5063 φιλανθρωπίαν
1877 4996 2168 5049 Δεσπὸτουο

512 5081 572 5132 οὐ
624 5079 780 5149 μόνον
831 5077 1022 5148 μέχρις
1063 5076 1238 5146 ὑμῶν,
1275 5074 1458 5144 φησὶν,
1507 5075 1696 5144 ἴστημι
1732 5075 1832 5139 τὰς
1877 5075 2167 5148 συνθήκας,

512 5160 646 5214 ἀλλά
679 5161 770 5212 καὶ
808 5159 944 5231 πρὸς
983 5159 1106 5220 τοὺς
1144 5156 1262 5227 μεθ’
1293 5158 1436 5227 ὑμᾶς
1481 5157 1797 5227 γινομένους
1837 5157 2040 5223 ταύτας
2086 5159 2172 5228 βε-

510 5243 670 5305 ϐαίας
698 5240 998 5310 ἀποφαίνω.
1029 5236 1160 5292 Εἶτα
1193 5240 1278 5292 ἵνα
1305 5239 1402 5309 τὴν
1431 5240 1636 5293 οἰκείαν
1662 5241 1992 5310 ἐπιδείξηται
2022 5242 2172 5312 φιλο-

509 5325 720 5394 τιμίαν.
752 5321 902 5391 φησί’
941 5319 1054 5376 Καὶ
1094 5319 1260 5386 πάσῃ
1289 5320 1462 5390 ψυχῇ
1491 5320 1646 5390 ζώσῃ
1671 5322 2010 5393 μεθ’-ὐμῶν,
2051 5324 2172 5379 ἀπὸ

509 5405 733 5474 ὀρνέων
754 5415 780 5444 ι
802 5402 900 5457 καὶ
924 5403 1041 5456 ἀπὸ
1063 5400 1316 5468 κτηνῶν,
1335 5403 1434 5456 καὶ
1467 5404 1620 5458 πᾶσι
1651 5404 1774 5469 τοῖς
1802 5406 2034 5474 θηρίοις
2062 5406 2170 5475 τῆς

508 5483 644 5554 γῆς,
671 5486 788 5541 ὅσα
809 5485 935 5554 μεθ’
961 5483 1126 5552 ὑμῶν
1153 5483 1270 5537 ἀπὸ
1295 5483 1537 5538 πάντων
1569 5485 1685 5539 τῶν
1705 5487 2075 5552 ἐξελθόντων
2099 5489 2168 5542 ἐκ

496 5570 616 5636 τῆς
657 5567 924 5622 κιϐωτοῦο
960 5567 1059 5621 καί
1111 5567 1319 5632 στήσω
1367 5567 1481 5633 τὴν
1525 5567 1817 5636 διαθήκην
1849 5586 1970 5638 μου
2016 5571 2166 5639 πρὸς

509 5651 685 5718 ὑμᾶς,
721 5652 818 5715 καὶ
851 5653 960 5704 οὐκ
991 5649 1370 5717 ἀποθανεῖται
1407 5649 1573 5705 πᾶσα
1611 5651 1767 5718 σὰρξ
1795 5651 1884 5707 ἔτι
1909 5652 2028 5708 ἀπὸ
2057 5655 2166 5709 τοῦ

510 5733 726 5797 ὕδατος
771 5731 875 5785 τοῦ
911 5733 1358 5797 κατακλυσμοῦ,
1409 5732 1505 5785 καί
1542 5733 1737 5788 οὐκέτι
1773 5737 1942 5790 ἔσται
1987 5753 2159 5794 κατα-

576 5868 605 5896 ι
627 5869 826 5928 Aliquot
846 5881 958 5916 mss.
980 5869 1159 5930 ὀρνέου.

1293 317 1351 372 S.
1386 316 1668 372 JOANNIS
1703 309 2189 370 CHRYSOSTOMI
2224 309 2544 364 AIKCIIIEP.
2586 308 3127 367 CONSTANTINOP.
3181 364 3189 374 ,

3816 324 3906 382 εει

2301 422 2575 490 κλυσμὸς
2611 424 2847 490 ὕδατος,
2874 427 3250 496 καταφθεῖραι
3274 425 3478 483 πᾶσαν
3511 427 3907 506 afﬁnium“

2300 512 2582 582 συνθηκῶν
2621 513 2882 582 μέγεθοςς
2919 510 3053 577 εἶδες
3102 514 3442 584 ὑποσχέσεων
3499 517 3692 584 ἄφατον
3739 535 3909 588 quam.

2301 597 2430 668 μίαν
2451 613 2463 660 ;
2484 597 2693 650 ’Σκόπει
2729 598 2845 660 πῶς
2873 598 3033 650 πάλιν
3067 598 3294 651 ἐκτείνει
3323 599 3485 652 αὑτοῦ
3515 599 3610 670 τὴν
3651 601 3906 677 φιλανθρω.

2297 681 2425 733 πίαν
2451 681 2544 734 καὶ
2571 683 2729 751 μέχρι
2749 680 2857 733 τῶν
2879 681 3088 749 ἀλόγων
3110 683 3204 735 καὶ
3227 683 3332 735 τῶν
3354 683 3575 754 θηρίων,
3602 687 3688 739 καὶ
3705 691 3908 755 είκότως.

2297 765 2608 836 Ὀπεργάρ
2634 766 2890 828 πολλάκις
2913 761 3086 824 εἷπον,
3117 766 3274 819 τοῦτο
3303 768 3397 819 καὶ⁵
3423 769 3516 820 νῦν
3543 785 3694 837 φημι.
3727 772 3908 829 Ἐπειδὴ

2293 848 2404 918 γὰρ
2436 849 2524 902 διά
2561 849 2652 902 τὸν
2683 849 2968 920 ἄνθρωπον
3005 849 3175 904 ταῦτα
3203 851 3488 922 παρήχθη,
3528 852 3616 904 διά
3659 853 3802 908 τοῦτο
3837 861 3911 911 καὶ

2293 933 2464 987 ταῦτα
2495 936 2740 988 κοινωνεῖ
2766 934 2860 987 νῦν
2886 934 2985 1003 τῆς
3006 935 3316 1004 εὐεργεσίας
3336 936 3433 1006 τῆς
3457 939 3536 998 είς
3560 937 3648 989 τὸν
3671 938 3909 1009 ἄνθρωπον

2295 1017 2603 1086 γινομένης.
2633 1017 2742 1070 Καὶ
2773 1016 2919 1070 δοκεῖ
2946 1017 3042 1086 μὲν
3067 1018 3216 1088 κοινὴ
3245 1019 3497 1086 γενέσθαι
3541 1021 3568 1089 ἡ
3598 1019 3805 1092 διαθήκη
3834 1026 3910 1076 καὶ

2296 1101 2434 1172 πρὸς
2459 1100 2617 1154 αὐτὸν
2662 1101 2756 1153 καὶ
2791 1101 2927 1170 πρὸς
2966 1102 3034 1153 τὰ
3066 1101 3253 1169 ἄλογα,
3277 1103 3376 1155 οὐκ
3415 1103 3529 1155 ἐστι
3557 1103 3613 1156 δὲ
3645 1104 3910 1161 τοῦτουΚαὶ

2296 1183 2406 1251 γὰρ
2444 1183 2538 1236 καὶ
2568 1182 2726 1236 τοῦτο
2758 1183 2844 1236 διὰ
2884 1184 2982 1253 τὴν
3012 1184 3176 1237 αὐτοῦ
3200 1184 3562 1255 παραμυθίαν
3606 1185 3810 1253 γίνεται,
3839 1190 3908 1242 ἵνα

2297 1265 2494 1318 εἰδέναι
2531 1265 2629 1339 ἔχῃ
2655 1267 2825 1337 πόσης
2853 1267 3114 1320 ἀπολαύει
3134 1267 3319 1336 τιμῆς,
3352 1267 3412 1319 οὐ
3443 1267 3601 1336 μόνον
3630 1269 3803 1339 μέχρις
3834 1273 3911 1324 αὑ-

2295 1350 2388 1403 τοῦ
2420 1351 2515 1420 τῆς
2538 1351 2851 1421 εὐεργεσίας
2879 1351 3189 1421 ἱσταμένης,
3213 1349 3346 1403 ἀλλὰ
3372 1350 3436 1402 δι’
3449 1349 3610 1403 αὑτὸν
3632 1353 3716 1404 καὶ
3743 1353 3912 1406 τούτων

2297 1433 2550 1487 ἁπάντων
2586 1434 3060 1488 συναπολαυόντων
3087 1435 3184 1503 τῆς
3210 1433 3516 1502 φιλοτιμίας
3541 1433 3633 1485 τοῦ
3657 1436 3910 1488 Δεσπότου.

2295 1516 2406 1571 Καὶ
2441 1519 2552 1571 οὐκ
2587 1517 2987 1580 ἀποθανεῖται,
3020 1519 3172 1588 φησι,
3203 1516 3372 1572 πᾶσα
3404 1517 3560 1585 σὰρξ
3586 1518 3668 1571 ἔτι
3691 1519 3799 1572 ἀπὸ
3826 1521 3913 1573 τοῦ

2293 1601 2510 1667 ὕδατος
2529 1598 2631 1654 τοῦ
2652 1601 3102 1669 κατακλυσμοῦ,
3127 1602 3219 1654 καὶ
3248 1603 3443 1655 οὐκέτι
3464 1603 3633 1656 ἔσται
3659 1609 3911 1657 κατακαυ-

2294 1685 2467 1754 σμὸς,
2510 1683 2890 1753 καταφθεῖραι
2928 1683 3136 1738 πᾶσαν
3179 1685 3294 1751 τὴν
3333 1684 3467 1753 γῆν.
3515 1681 3668 1748 Εἶδες
3708 1686 3812 1748 πῶς
3840 1689 3913 1738 καὶ

2294 1769 2440 1833 ἅπαξ
2473 1769 2565 1822 καὶ
2602 1767 2850 1838 δεύτερον
2896 1769 2991 1821 καὶ
3029 1767 3285 1829 πολλάκις
3312 1769 3649 1838 ὑπισχνεῖται
3695 1769 3912 1838 τοιαύτην

2297 1854 2490 1924 μηκέτι
2513 1853 2809 1920 ἐπαγαγεῖν
2839 1851 3085 1905 πανωλεθ
3094 1853 3233 1921 ρίαν,
3260 1852 3346 1904 ἵνα
3365 1851 3456 1904 τὸν
3485 1850 3707 1920 θόρυϐον
3730 1851 3825 1903 τῶν
3846 1851 3917 1902 λο-

2293 1936 2508 2006 γισμῶν
2539 1935 2741 2006 ἐκϐάλῃ
2775 1934 2866 1987 τοῦ
2900 1935 3132 1997 δικαίου,
3177 1935 3270 1988 καὶ
3301 1935 3690 2007 παρασκευάσῃ
3717 1934 3913 2003 θαρρεῖν

2295 2021 2436 2090 ὑπὲρ
2465 2020 2572 2072 τῶν
2603 2019 2939 2088 μελλόντων;
2985 2015 3118 2072 Εἶτα
3147 2018 3206 2071 οὐ
3244 2018 3378 2088 πρὸς
3426 2018 3523 2088 τὴν
3561 2018 3759 2071 οἰκείαν
3782 2018 3914 2085 φύσιν

2292 2104 2532 2175 ἀφορῶν,
2573 2102 2708 2156 ἀλλά
2757 2101 2892 2165 πρὸς
2926 2100 3024 2172 τὴν
3061 2101 3344 2154 ἀσθένειαν
3383 2099 3479 2171 τὴν
3511 2101 3793 2170 ἡμετέραν,
3829 2100 3913 2174 οὐκ

2291 2186 2541 2258 ἀρκεῖται
2581 2188 2647 2256 τῇ
2685 2184 2923 2239 διάτῶν
2962 2183 3135 2252 λόγων
3169 2182 3476 2254 ὑποσχέσει,
3514 2182 3652 2236 ἀλλά
3693 2183 3784 2252 τὴν
3810 2183 3913 2251 περὶ

2291 2271 2439 2341 ἡμᾶς
2457 2268 2862 2337 συγκατάϐασιν
2882 2267 3340 2337 ἐπιδεικνύμενος,
3361 2267 3456 2320 καὶ
3478 2269 3701 2337 σημεῖον
3719 2267 3912 2338 παρέχει

2289 2353 2350 2405 τὸ
2375 2353 2668 2424 δυνάμενον
2708 2352 2869 2406 παντὶ
2905 2349 2982 2421 τῷ
3012 2350 3167 2404 αίῶνι
3211 2350 3800 2420 συμπαρεκτεινόμενον
3835 2350 3910 2401 τοῦ

2288 2436 2528 2490 τοιούτου
2551 2435 2702 2498 δέους
2733 2433 3100 2489 ἀπαλλάσσειν
3128 2433 3187 2486 τὸ
3208 2433 3314 2486 τῶν
3339 2433 3644 2503 ἀνθρώπων
3666 2432 3824 2501 γένος,
3847 2433 3913 2484 ἵνα

2289 2521 2394 2573 κᾶν
2423 2520 2590 2582 πολὺς
2623 2517 2776 2582 ὑετὸς
2809 2518 3128 2588 κατενεχθῇ,
3167 2517 3271 2571 κάν
3302 2516 3660 2589 σφοδρότερος
3682 2519 3717 2570 δ
3741 2515 3912 2586 χειμὼν

2287 2605 2532 2674 γένηται,
2570 2604 2602 2674 ἦ
2634 2603 2725 2656 καὶ
2754 2600 2849 2656 ἐὰν
2872 2603 2905 2672 ἡ
2932 2599 3237 2672 πλημμῦρα
3271 2600 3380 2654 τῶν
3410 2602 3622 2656 ὑδάτων
3644 2601 3720 2663 είς
3743 2598 3914 2668 πλῆθος

2289 2686 2527 2755 ἐπιδιδῷ,
2573 2685 2705 2756 μηδέ
2738 2684 2910 2748 οὑτως
2953 2683 3164 2755 ἔχωμεν
3205 2683 3523 2750 δεδοικέναι,
3560 2682 3695 2737 ἀλλὰ
3727 2683 3915 2754 θαρρεῖν

2289 2771 2424 2841 πρὸς
2460 2770 2520 2822 τὸ
2554 2769 2705 2822 δοθὲν
2743 2771 2967 2838 σημεῖον
2993 2767 3324 2839 ἀφορῶντες.
3365 2767 3474 2823 Καὶ
3512 2764 3644 2822 εἷπε
3669 2768 3863 2834 Κύριος
3889 2768 3915 2817 ὁ

2288 2853 2434 2918 Θεὸς
2454 2852 2531 2918 τῷ
2556 2854 2703 2908 Νῶεο
2741 2855 2918 2908 Τοῦτο
2946 2852 3011 2906 τὸ
3030 2852 3279 2920 σημεῖον
3298 2851 3407 2918 τῆς
3431 2851 3720 2917 διαθήκης
3746 2844 3814 2919 ἧς
3824 2848 3918 2918 ἐγὼ

2285 2935 2492 3003 δίδωμι
2521 2938 2638 2990 ἀνὰ
2659 2935 2853 3004 μέσον
2875 2935 3019 3004 ἐμοῦ
3044 2935 3140 2989 καὶ
3167 2933 3302 2989 σοῦ.
3331 2935 3473 3004 Ὅρα
3497 2933 3642 3006 πόσῃ
3659 2935 3783 3002 τιμῇ
3809 2931 3915 3000 περὶ

2285 3016 2376 3071 τὸν
2409 3017 2613 3071 δίκαιον
2650 3018 2932 3088 κέχρηται.
2973 3017 3183 3071 Ὡσανεί
3209 3017 3318 3086 γὰρ
3354 3015 3644 3084 ἄνθρωπος
3679 3014 3918 3085 ἀνθρώπῳ

2284 3099 2680 3169 διαλεγόμενος,
2717 3101 2858 3153 οὑτω
2887 3100 2981 3153 καὶ
3011 3099 3146 3169 πρὸς
3180 3098 3338 3152 αὐτὸν
3368 3101 3604 3150 ποιεῖται
3635 3097 3729 3160 τὰς
3754 3099 3919 3167 συνθή-

2283 3200 2407 3249 κας,
2438 3186 2528 3238 καί
2555 3202 2707 3254 φησι’
2738 3183 2888 3256 [279]
2925 3183 3106 3237 Τοῦτο
3136 3180 3200 3234 τὸ
3235 3182 3487 3249 σημεῖον
3519 3182 3633 3251 τῆς
3660 3181 3918 3248 διαθήκης

2283 3265 2356 3338 ἧς
2387 3268 2500 3337 ἐγὼ
2531 3267 2735 3337 δίδωμι
2761 3267 2877 3322 ἀνὰ
2904 3266 3099 3334 μέσον
3116 3265 3260 3334 ἐμοῦ
3290 3267 3386 3319 καὶ
3417 3267 3556 3326 σοῦ.
3588 3268 3685 3320 καί
3712 3266 3817 3321 ἀνὰ
3833 3264 3916 3333 μέ-

2283 3367 2400 3404 σον
2423 3348 2626 3415 πάσης
2649 3347 2861 3417 ψυχῆς
2890 3346 3099 3412 ζώσης,
3131 3345 3167 3413 ἢ
3195 3347 3325 3399 ἐστι
3349 3349 3477 3416 μεθ’
3509 3348 3697 3417 ὐμῶν,
3736 3351 3813 3413 είς
3842 3363 3917 3414 γε·

2281 3431 2423 3498 νεέις
2455 3431 2745 3497 αἰωνίους.
2779 3427 2929 3493 Εἶδες
2967 3430 3112 3499 πάσῃ
3149 3431 3213 3500 τῇ
3243 3431 3354 3500 ζωῇ
3387 3431 3447 3483 τὸ
3483 3429 3915 3499 μέλλονδίδοσθαι

2283 3518 2507 3586 σημεῖον
2532 3507 3014 3586 παρεκτεινόμενον
3043 3513 3337 3581 είςγενεὰς
3357 3513 3654 3576 ἀἰωνίουςς
3685 3512 3755 3565 Οὐ
3783 3512 3916 3582 μόνον

2281 3602 2432 3666 κοινῇ
2473 3600 2606 3650 πᾶσι
2636 3599 2749 3658 τοῖς
2780 3595 2910 3660 ζῶσι
2952 3595 3013 3648 τὸ
3053 3599 3276 3665 σημεῖον
3308 3595 3544 3657 δίδωσιν,
3577 3594 3721 3648 ἀλλά
3744 3593 3917 3646 καὶδι-

2279 3681 2470 3750 ηνεκὲς
2509 3679 2603 3732 καὶ
2643 3676 2942 3738 διαιωνίζον
2977 3679 3043 3748 τῇ
3077 3675 3170 3729 τοῦ
3204 3676 3407 3745 κόσμου
3437 3677 3719 3730 συστάσει.
3741 3676 3808 3726 Τί
3840 3672 3916 3726 οὖν

2280 3765 2397 3816 ἐστι
2423 3761 2482 3814 τὸ
2505 3761 2759 3830 σημεῖον;
2793 3758 2863 3812 Τὸ
2893 3759 3073 3823 τόξον
3101 3775 3220 3826 μου
3251 3760 3447 3828 τίθημι
3487 3759 3561 3812 ἐν
3590 3757 3666 3826 τῇ
3697 3757 3917 3826 νεφέλῃ.

2280 3846 2377 3900 καὶ
2416 3846 2585 3898 ἔσται
2619 3842 2688 3894 ἐν
2720 3841 2946 3909 σημείῳ
2984 3839 3269 3906 διαθήκης
3295 3841 3412 3894 ἀνὰ
3439 3841 3643 3909 μέσον
3671 3839 3808 3909 ἐμοῦ
3837 3837 3918 3891 καί

2279 3928 2388 3994 τῆς
2417 3926 2550 3996 γῆς.
2589 3925 2719 3978 Ἰδοὺ
2756 3924 2890 3995 μετά
2918 3925 3015 3992 τῆς
3041 3924 3383 3992 ὑποσχέσεως
3410 3924 3513 3993 τῆς
3535 3925 3626 3977 διὰ
3650 3923 3755 3976 τῶν
3768 3922 3919 3990 λόγων

2279 4011 2369 4063 καὶ
2399 4009 2556 4063 τοῦτο
2586 4008 2776 4076 δίδωμι
2803 4007 2864 4058 τὸ
2895 4008 3136 4076 σημεῖον,
3167 4005 3264 4075 τὴν
3297 4000 3410 4075 ἶριν
3436 4005 3585 4074 λέγω
3614 4007 3665 4069 b,
3705 4006 3769 4074 ῆν
3797 4003 3921 4066 τινές

2278 4110 2408 4162 φασι
2439 4090 2684 4160 γίνεσθαι
2711 4088 2804 4143 τοῦ
2833 4088 2983 4158 ἡλίου
3019 4089 3154 4159 πρὸς
3183 4089 3251 4142 τὰ
3290 4090 3426 4158 νέφη
3463 4091 3566 4153 τὰς
3591 4091 3808 4150 ἀκτῖνας
3829 4089 3918 4153 drep-

2280 4176 2469 4239 ιέντος.
2492 4175 2555 4229 El
2576 4175 2603 4226 ὁ
2626 4174 2782 4244 λόγος
2800 4191 2920 4242 μου,
2946 4173 3128 4242 φησὶν,
3148 4173 3246 4225 οὐκ
3264 4173 3441 4243 ἀρκεῖ,
3462 4173 3579 4227 ίδοὺ
3603 4173 3700 4226 καὶ
3721 4173 3920 4241 σημεῖον

2276 4258 2465 4330 δίδωμι
2507 4258 2599 4310 τοῦ
2649 4257 2843 4328 μηκέτι
2897 4256 3165 4327 τιμωρίαν
3203 4255 3456 4325 τοιαύτην
3495 4257 3740 4320 ἐπάξειν.
3771 4252 3920 4306 Τοῦτο

2274 4342 2455 4396 τοίνυν
2484 4340 2713 4412 ὁρῶντες
2739 4339 2798 4391 τὸ
2828 4338 3166 4409 σημεῖον,τοῦ
3193 4338 3344 4400 δέους
3369 4337 3807 4391 ἀπαλλάττεσθε.
3827 4334 3921 4389 Καὶ

2274 4417 2446 4480 ἔσται
2481 4423 2550 4476 ἐν
2583 4421 2662 4486 τῷ
2704 4420 3030 4491 συννεφεῖν
3059 4438 3154 4488 με,
3190 4421 3372 4489 φησιν,
3403 4421 3671 4489 νεφέλας
3703 4418 3798 4472 ἐπὶ
3823 4415 3920 4483 τῆς

2274 4507 2408 4580 γῆς,
2431 4506 2529 4561 καὶ
2555 4506 2877 4574 ὀφθήσεται
2907 4505 2975 4558 τὸ
3007 4504 3188 4568 τόξον
3206 4521 3326 4572 μου
3350 4502 3424 4556 ἐν
3445 4501 3524 4571 τῇ
3561 4501 3805 4571 νεςεέλῃ,
3835 4497 3920 4552 καί

2268 4589 2694 4662 μνησθήσομαι
2722 4588 2830 4656 τῆς
2850 4587 3137 4653 διαθήκης
3157 4605 3297 4655 μου,
3331 4586 3370 4653 ἢ
3397 4587 3577 4641 ἐστιν
3600 4587 3716 4642 ἀνὰ
3746 4585 3921 4654 μέσον

2270 4672 2417 4744 ἐμοῦ
2448 4672 2545 4726 καὶ
2580 4670 2766 4741 ὑμῶν,
2793 4670 2889 4725 καὶ
2920 4671 3035 4725 ἀνὰ
3054 4670 3249 4740 μέσον
3275 4669 3478 4737 πάσης
3515 4667 3725 4738 ψυχῆς
3753 4667 3918 4731 ζώσης

2270 4757 2340 4810 ἐν
2360 4754 2526 4822 πάσῃ
2558 4754 2756 4821 σαρκί.
2781 4753 2847 4806 Τί
2879 4753 3078 4821 λέγεις,
3111 4747 3156 4806 ὦ
3193 4752 3429 4823 μακάριε
3459 4753 3751 4822 προφῆτας
3789 4753 3920 4802 Ἀνα-

2275 4837 2674 4906 μνησθήσομαι,
2708 4837 2862 4903 φησὶ,
2898 4835 2995 4903 τῆς
3035 4833 3298 4904 διαθήκης
3332 4851 3454 4902 μου,
3485 4833 3635 4886 τοῦτ’
3666 4833 3799 4893 ἔστι,
3833 4829 3917 4897 τῆς

2274 4919 2545 4988 συνθήκης
2573 4935 2695 4986 μου,
2736 4917 2836 4985 τῆς
2883 4916 3236 4985 ἐπαγγελίας,
3283 4917 3382 4986 τῆς
3419 4915 3791 4986 ὑποσχέσεως·
3833 4915 3917 4987 οὐκ

2270 5003 2454 5072 ἐπειδὴ
2500 5002 2660 5064 αὐτὸς
2713 5000 2884 5053 δεῖται
2921 5001 3297 5072 ἀναμνήσεως,
3317 4999 3440 5052 ἀλλ’
3478 4999 3570 5053 ἵνα
3609 5001 3770 5069 ἡμεῖς
3802 4997 3916 5068 πρὸς

2270 5087 2444 5138 ἐκεῖνο
2479 5085 2537 5137 τὸ
2566 5085 2715 5136 δοθὲν
2745 5086 2967 5153 σημεῖον
2990 5083 3297 5153 βλέποντες,
3340 5084 3505 5153 μηδὲν
3540 5082 3915 5150 ὑποπτεύωμεν

2268 5168 2520 5238 χαλεπὸν,
2581 5167 2696 5220 ἀλλ’
2748 5167 2950 5228 εὐθέως
3003 5167 3083 5229 είς
3131 5167 3432 5236 ὑπόμνησιν
3487 5166 3778 5236 ἐρχόμενοι
3834 5159 3918 5229 τῆς

2268 5251 2360 5304 τοῦ
2398 5249 2532 5303 Θεοῦ
2574 5250 2922 5318 ἐπαγγελίας,
2945 5249 3237 5320 θαρρῶμεν
3257 5251 3342 5314 ὡς
3375 5250 3530 5304 οὐδὲν
3565 5250 3778 5304 τοιοῦτο
3813 5262 3914 5299 πει-

2270 5333 2470 5404 σόμεθα
2503 5344 2549 5385 ο.

2336 5423 2405 5484 γ’.
2427 5413 2574 5478 Εἶδες
2591 5414 2723 5467 Θεοῦ
2751 5414 3180 5482 συγκατάϐασιν,
3199 5417 3332 5487 ὅσην
3349 5419 3594 5470 ποιεῖται
3610 5407 3918 5484 κηδεμονίαν

2265 5499 2357 5552 τοῦ
2385 5499 2572 5564 γένους
2607 5497 2700 5550 τοῦ
2737 5497 3028 5567 ἡμετέρου.
3061 5499 3226 5551 πόσον
3261 5499 3491 5569 μέγεθος
3524 5491 3918 5566 φιλανθρωπίας

2265 5581 2591 5646 ἐπεδείξατο,
2627 5581 2726 5633 οὐκ
2753 5580 2940 5650 ἐπειδὴ
2967 5577 3072 5633 εἶδε
3110 5581 3208 5651 τὴν
3240 5582 3348 5634 τῶν
3365 5582 3680 5652 ἀνθριὲητων
3709 5572 3918 5646 μεταδο-

2265 5663 2381 5733 λὴν,
2407 5663 2520 5714 ἀλλ’
2552 5662 2636 5715 ἵνα
2677 5663 2764 5716 διὰ
2793 5663 3005 5717 πάντων
3038 5666 3185 5734 ἡμᾶς
3227 5663 3412 5735 διδάξῃ
3447 5664 3554 5734 τῆς
3601 5661 3915 5731 ἀγαθότητος

2333 5813 2362 5852 ι
2393 5813 2489 5861 Sex
2514 5827 2628 5862 mss.
2652 5816 2843 5877 rﬁvipw
2863 5817 3028 5876 λέγων.
3053 5823 3200 5877 atque
3228 5815 3292 5864 ita
3315 5817 3430 5877 κιείι
3458 5815 3729 5876 Interpres.

2336 5879 2358 5905 ε
2383 5877 2492 5925 Duo
2511 5888 2621 5924 mss.
2637 5871 2853 5924 τοιοῦτον
2870 5871 3157 5939 πεισόμενοι.
3188 5877 3294 5927 Mox
3321 5871 3515 5941 quvidam
3533 5871 3694 5936 ποσην
3714 5871 3899 5924 «enim

2220 6001 2286 6038 θριξίν.

2235 6037 2265 6048 λιι
