4062 6396
225 405 336 464 153

219 519 377 588 quasi
418 518 653 573 oleribus
692 518 976 573 herbarum
1002 519 1175 583 vesci,
1208 533 1306 574 nec
1331 533 1437 573 non
1463 527 1518 571 et
1543 510 1811 570 mandavit

221 621 282 662 nt
313 624 507 664 carnes
553 605 608 663 in
653 611 908 678 sanguine
947 624 1051 664 non
1092 609 1393 673 comedam,
1422 609 1595 663 adhuc
1619 621 1811 676 gerens

217 711 407 751 curam
449 697 579 766 justi
626 708 682 752 et
734 699 1095 766 posteritatis,
1142 699 1520 769 beneﬁciisque
1568 707 1806 752 nostrum

217 802 391 853 genus
416 789 644 841 ubertim
670 788 906 842 afﬁciens
923 831 937 850 ,
968 789 1144 843 denuo
1172 789 1369 857 majora
1396 789 1576 857 adjicit
1603 788 1806 842 beneﬁ-

215 879 322 942 cia,
346 889 404 933 et
426 879 616 951 inquit,
635 879 875 947 Dia-itque
892 879 1139 933 Dominus
1165 880 1301 934 Deus
1326 879 1440 934 Noe
1461 892 1505 934 et
1526 881 1645 949 ﬁliis
1669 879 1806 933 illius

212 986 332 1023 cum
357 970 494 1040 ipso,
537 972 748 1026 dicens:
777 972 831 1026 9.
874 972 1007 1026 Ecce
1047 982 1212 1027 statuo
1257 982 1602 1026 testamentum
1641 987 1804 1024 meum

212 1060 492 1122 vobiscum,
523 1071 569 1114 et
603 1062 783 1114 semini
818 1073 979 1122 vestro
1005 1072 1115 1133 post
1145 1080 1247 1127 vos,
1278 1064 1362 1117 10.
1388 1073 1432 1116 et
1459 1063 1595 1115 omni
1622 1063 1804 1114 animae

213 1153 399 1204 viventi
419 1153 696 1219 vobiscum,
725 1171 756 1206 a
784 1153 1067 1208 volucribus
1103 1164 1149 1208 et
1179 1154 1435 1224 pecoribus
1455 1196 1468 1219 ,
1501 1163 1548 1206 et
1573 1153 1800 1206 omnibus

211 1243 382 1296 bestiis
411 1253 575 1309 terra;
604 1262 928 1314 quaecumque
949 1256 1067 1299 sunt
1084 1247 1349 1310 vobiscum,
1375 1256 1418 1299 et
1448 1245 1674 1298 omnibus
1691 1261 1800 1314 qua:

209 1351 412 1403 egressa
432 1345 552 1389 sunt
577 1353 639 1390 ex
663 1354 820 1403 arca;
849 1339 933 1391 11.
954 1347 999 1392 et
1026 1347 1242 1391 statuam
1269 1348 1614 1391 testamentum
1636 1354 1798 1390 meum

207 1422 467 1479 vobiscum
490 1445 509 1478 :
533 1437 580 1479 et
619 1445 718 1480 non
762 1430 1002 1482 morietur
1039 1431 1174 1482 ultra
1211 1431 1372 1482 omnis
1401 1447 1518 1482 caro
1557 1446 1617 1482 ex
1654 1430 1796 1496 aquis

205 1515 422 1580 diluvii;
447 1535 540 1571 nec
565 1521 658 1573 erit
685 1522 818 1573 ultra
847 1523 1087 1574 diluvium
1117 1539 1280 1591 aqum,
1304 1523 1437 1589 quod
1466 1541 1659 1576 onmem
1690 1535 1792 1577 ter-

205 1622 317 1658 ram
364 1619 678 1677 corrumpat.
743 1611 875 1676 Quia
918 1612 1204 1667 verisimile
1247 1623 1360 1666 erat
1397 1613 1593 1680 justum
1644 1615 1790 1668 illum

203 1694 383 1750 adhuc
411 1697 464 1751 in
493 1713 692 1768 angore
721 1715 871 1765 esse,
901 1713 953 1756 et
980 1713 1209 1758 mentem
1237 1704 1379 1757 illius
1404 1704 1682 1758 formidine
1713 1715 1791 1760 te-

203 1786 356 1850 neri;
399 1796 457 1842 et
491 1789 534 1843 si
577 1792 789 1860 quando
830 1794 1096 1862 ingrueret
1138 1811 1330 1863 parvus
1368 1797 1556 1865 aliquis
1598 1798 1788 1864 imber,

201 1877 443 1930 futurum
478 1880 682 1934 tristem
711 1892 764 1934 et
790 1885 1069 1938 attonitum
1089 1927 1103 1950 ,
1134 1886 1281 1954 quasi
1307 1886 1480 1941 denuo
1509 1889 1626 1942 talis
1656 1898 1790 1943 tem-

197 1975 382 2034 pestas
422 1971 679 2026 mundum
715 1973 1011 2029 involutura
1045 1986 1188 2030 esset
1221 1995 1233 2030 :
1267 1977 1386 2032 ideo
1414 1987 1472 2032 ut
1495 1988 1548 2032 et
1577 1979 1690 2048 ipse
1722 1981 1786 2032 ﬁ-

194 2056 324 2110 dere
350 2070 536 2127 posset
565 2065 954 2133 posteritasque
979 2067 1171 2130 omnis,
1199 2069 1429 2136 optimus
1456 2070 1594 2124 Deus
1624 2071 1787 2139 probe

192 2147 372 2203 sciens
413 2151 562 2206 illum
593 2154 678 2209 vel
722 2157 994 2211 minimam
1030 2174 1142 2213 rem
1182 2160 1394 2215 turbare
1441 2177 1632 2231 posse:
1661 2179 1783 2217 nam

191 2241 586 2307 praeteritorum
615 2246 942 2314 experientia
968 2248 1032 2302 ad
1057 2247 1397 2305 formidinem
1424 2251 1779 2308 incutiendam

193 2327 422 2382 multum
465 2329 626 2386 habet
663 2337 952 2390 momenti:
980 2337 1156 2407 itaque
1191 2339 1312 2409 quia
1346 2342 1630 2397 verisimile
1667 2353 1785 2398 erat

189 2415 406 2475 beatum
435 2421 578 2477 hunc
602 2441 816 2494 parvam
857 2429 927 2483 ob
968 2430 1197 2498 pluviam
1241 2430 1665 2500 formidaturum,
1694 2435 1778 2490 id-

187 2508 330 2564 circo
361 2511 625 2582 benignus
665 2516 835 2582 Deus,
875 2520 1022 2586 quasi
1049 2519 1295 2575 ﬁduciam
1321 2522 1396 2576 illi
1419 2522 1776 2591 adhibiturus,

187 2603 479 2658 etabomni
499 2604 783 2661 formidine
810 2610 1062 2675 solutum,
1091 2611 1142 2666 in
1170 2627 1412 2682 magnam
1437 2617 1774 2670 securitatem

185 2693 646 2760 etjueunditatem
676 2699 1003 2764 inducturus,
1031 2704 1290 2772 promittit
1314 2704 1413 2775 ipsi
1434 2721 1492 2761 se
1511 2706 1772 2775 ejusmodi

187 2797 401 2851 penam
430 2789 571 2842 ultra
598 2805 701 2844 non
729 2805 848 2846 esse
876 2793 1162 2850 illaturum.

249 2877 306 2930 2.
352 2878 421 2932 Et
456 2881 671 2949 quidem
719 2885 922 2953 pridem
968 2894 1023 2941 et
1057 2897 1180 2942 ante
1222 2889 1644 2946 benedictionem
1673 2891 1775 2947 hoc

183 2970 505 3039 promiserat
523 2973 727 3043 dicens,
750 2979 1199 3047 quemadmodum
1219 2983 1514 3049 audivistis,
1544 2983 1660 3038 Non
1682 2985 1775 3038 ad-

181 3062 355 3119 iiciam
378 3064 518 3119 ultra
546 3077 602 3120 ut
632 3070 932 3124 maledicam
958 3081 1105 3126 terra:
1134 3073 1286 3140 (Gen.
1317 3071 1370 3130 8'.
1397 3071 1492 3146 21)
1523 3094 1535 3128 :
1564 3079 1771 3135 etiamsi

182 3152 463 3211 hominum
486 3159 684 3214 malitia
713 3161 994 3229 increscat,
1019 3180 1124 3219 non
1152 3174 1327 3222 tamen
1355 3183 1454 3238 ego
1482 3171 1768 3228 humanum

181 3259 350 3312 genus
378 3248 470 3302 tali
498 3249 772 3317 subjiciam
803 3269 994 3322 pinnas.
1038 3255 1171 3311 Nam
1201 3261 1550 3315 monstrando
1582 3263 1768 3317 ineﬁ'a-

179 3335 340 3392 bilem
382 3354 536 3394 suam
575 3340 950 3412 benignitatem
972 3387 987 3411 ,
1015 3347 1244 3418 idipsum
1273 3367 1414 3407 nunc
1441 3353 1612 3409 denuo
1644 3372 1768 3425 pro-

178 3428 363 3493 mittit,
394 3438 458 3485 ut
497 3429 633 3486 bene
667 3436 902 3490 conﬁdat
939 3439 1132 3508 justus,
1165 3457 1263 3498 nec
1286 3446 1483 3515 cogitet
1505 3449 1642 3515 apud
1673 3464 1731 3503 se
1751 3493 1764 3513 ,

177 3531 239 3570 ac
263 3517 409 3574 dicat
439 3537 454 3574 :
487 3523 619 3576 Cum
654 3524 778 3578 olim
809 3526 1228 3586 benedictionem
1257 3538 1436 3603 generi
1465 3547 1647 3592 nostro
1672 3539 1767 3594 de-

176 3606 348 3663 disset
373 3651 387 3675 ,
419 3621 478 3665 et
519 3620 578 3666 ut
617 3615 771 3669 valde
814 3619 1256 3688 multiplicaretur
1283 3624 1492 3691 eﬁ’ecit;
1528 3645 1768 3684 conmm-

176 3716 297 3754 nem
328 3710 510 3758 tamen
538 3705 678 3760 illam
710 3709 946 3764 omnium
977 3712 1389 3770 interneciOnem
1431 3719 1648 3774 invexit.
1699 3722 1766 3777 Ut

177 3791 339 3860 igitur
360 3808 578 3850 omnem
605 3813 635 3852 e
663 3801 1074 3866 cogitationibus
1103 3804 1243 3860 illius
1268 3809 1552 3863 tumultum
1580 3812 1763 3881 expel-

175 3881 331 3949 leret,
361 3892 417 3939 et
444 3896 595 3942 certo
623 3899 889 3946 constaret
920 3893 1018 3963 ipsi
1045 3909 1150 3949 non
1179 3895 1292 3951 fore
1315 3898 1451 3952 ultra
1475 3915 1586 3954 rem
1617 3903 1767 3955 simi-

175 3975 279 4029 lem
315 3976 839 4046 :Quemadmodum,
865 3983 1052 4053 inquit,
1079 3986 1332 4042 diluvium
1362 4006 1424 4043 ex
1458 3990 1763 4047 misericor-

172 4065 259 4119 dia
298 4067 508 4136 induxi,
539 4080 674 4126 utet
716 4074 914 4128 malitia
962 4076 1300 4146 impediatur,
1333 4097 1503 4151 neque
1543 4083 1764 4139 ulterius

173 4157 424 4226 progredi
449 4161 638 4228 possit,
665 4163 738 4216 ita
769 4171 822 4218 et
850 4181 990 4220 nunc
1009 4167 1192 4223 eadem
1222 4170 1580 4226 misericordia
1611 4175 1765 4242 polli-

171 4263 298 4302 ceor
319 4265 408 4305 me
431 4250 484 4304 id
510 4267 614 4306 non
645 4253 778 4308 ultra
804 4254 1085 4324 facturum,
1116 4267 1173 4312 ut
1200 4263 1431 4328 seposito
1453 4264 1594 4316 omni
1622 4280 1758 4319 moe-

173 4353 299 4394 rore
347 4352 666 4408 praesentem
707 4344 868 4398 vitam
911 4347 1232 4419 transigatis.
1273 4350 1396 4404 Ideo
1425 4351 1558 4407 dixit
1591 4370 1604 4406 :
1636 4354 1765 4408 Ecce

169 4437 342 4483 statuo
368 4439 722 4487 testamentum
748 4451 930 4499 meum,
955 4437 1057 4492 hoc
1080 4448 1183 4503 est,
1211 4450 1417 4508 pactum
1447 4443 1586 4497 ineo.
1617 4444 1764 4502 Sicut

171 4518 224 4573 in
253 4520 510 4575 humanis
537 4526 764 4593 negotiis
798 4531 840 4579 si
871 4528 987 4596 quis
1017 4532 1273 4598 promittit
1300 4533 1518 4602 aliquid,
1552 4547 1762 4606 paetum

171 4608 331 4675 facit,
380 4627 631 4682 magnam
679 4617 926 4687 praebens
972 4621 1348 4676 securitatem:
1379 4626 1447 4679 ita
1494 4633 1546 4680 et
1590 4625 1762 4682 bonus

170 4702 438 4757 Dominus
466 4705 636 4774 inquit
677 4723 691 4759 :
725 4705 856 4761 Ecce
893 4719 1059 4764 statuo
1096 4721 1441 4768 testamentum
1472 4733 1655 4772 meum.
1697 4719 1763 4776 Et

169 4793 308 4850 bene
331 4795 486 4859 dixit,
512 4795 717 4862 Statua,
741 4813 838 4867 pro
859 4814 944 4865 eo,
967 4801 1105 4870 quod
1125 4811 1224 4866 est,
1251 4803 1387 4858 Ecce
1408 4820 1506 4876 ego
1529 4807 1762 4864 instauro

168 4899 229 4937 ea
255 4901 378 4955 quae
405 4901 472 4940 ex
504 4897 842 4956 peccatorum
872 4892 1103 4959 pernicie
1127 4894 1460 4962 acciderant,
1486 4909 1540 4952 et
1579 4900 1761 4954 Statua

125 4997 130 5000 -
169 4983 531 5030 testamentum
556 4993 722 5031 meum
743 4981 993 5034 vobiscum
1019 4991 1064 5035 et
1097 4999 1210 5036 cum
1242 4987 1428 5039 semine
1462 4998 1622 5042 vestro
1650 5000 1760 5060 post

166 5081 273 5119 vos.
315 5065 453 5121 Vide
499 5067 837 5124 clementiam
877 5071 1121 5140 Domini;
1160 5075 1308 5144 quasi
1349 5075 1547 5133 diceret
1590 5097 1603 5134 :
1643 5080 1758 5137 Non

168 5165 380 5210 tantum
407 5157 683 5214 vobiscum
722 5169 900 5216 statuo
939 5174 1187 5232 pactum,
1227 5167 1318 5221 sed
1359 5177 1412 5222 et
1448 5170 1513 5223 iis
1550 5171 1639 5242 qui
1665 5188 1761 5228 vos

166 5255 485 5314 sequentur,
508 5247 697 5304 stabile
717 5257 771 5305 et
796 5251 1006 5308 ﬁrmum
1027 5253 1144 5310 fore
1159 5259 1459 5324 pronuntio.
1491 5260 1678 5316 Postea
1703 5273 1759 5319 ut

165 5353 326 5392 suam
365 5337 602 5394 declaret
633 5340 1025 5412 liberalitatem,
1058 5345 1263 5417 inquit:
1290 5348 1358 5402 Et
1403 5352 1541 5404 omni
1575 5353 1760 5408 animat

164 5429 358 5482 viventi
384 5431 658 5498 vobiscum,
684 5449 717 5485 a
741 5432 1025 5490 volatilibus
1046 5446 1138 5490 eta
1159 5440 1435 5505 pecoribus,
1459 5451 1506 5495 et
1531 5446 1757 5500 omnibus

167 5521 344 5573 bestiis
365 5530 531 5586 terra,
562 5537 889 5593 quacumque
909 5535 1026 5579 sunt
1051 5527 1300 5582 vobiscum
1321 5545 1382 5584 ex
1401 5532 1630 5587 omnibus
1646 5550 1758 5603 quia

165 5626 372 5678 egressa
418 5619 536 5663 sunt
577 5627 640 5665 ea:
673 5629 830 5677 arca;
873 5623 920 5666 et
951 5624 1167 5669 statuam
1205 5628 1549 5673 testamentum
1591 5639 1755 5677 meum

166 5701 428 5752 vobiscum
459 5717 477 5754 :
503 5710 548 5752 et
589 5719 688 5754 non
733 5705 972 5757 morietur
1009 5709 1170 5760 omnis
1207 5725 1325 5761 caro
1359 5712 1492 5763 ultra
1525 5714 1588 5765 ab
1624 5731 1754 5783 aqua

159 5789 395 5857 diluvii;
426 5800 474 5846 et
500 5809 599 5847 non
633 5795 765 5847 ultra
797 5796 886 5849 erit
909 5796 1151 5872 diluvium
1181 5816 1323 5868 aqum
1343 5843 1356 5866 ,
1385 5814 1436 5855 ut
1466 5817 1752 5873 corrumpat

1296 405 1363 461 IN
1399 405 1549 462 CAP.
1589 399 1680 454 IX.
1719 395 1965 453 GENES.
2006 393 2237 450 IIOMIL.
2279 394 2521 454 XXVIII.

3395 395 3495 454 254

1921 525 2115 562 onmem
2137 518 2339 562 terram.
2366 509 2551 563 Vidisti
2583 517 2856 578 pactorum
2887 510 3330 582 magnitudinem’
3361 513 3494 566 vidi-

1918 599 2041 653 disti
2070 599 2483 669 promissionum
2519 599 2838 656 ineﬁabilem
2870 599 3273 655 liberalitatem?
3300 601 3492 656 Consi-

1917 689 2044 743 dera
2085 689 2350 759 quomodo
2390 690 2770 760 benignitatem
2815 706 2965 745 suam
3004 692 3178 746 denuo
3221 708 3387 762 usque
3426 693 3491 748 ad

1915 778 2067 831 bruta
2098 788 2151 831 et
2179 778 2316 832 feras
2339 781 2608 847 extendat,
2631 789 2683 834 et
2709 783 2900 835 merito
2919 781 3152 850 quidem.
3179 781 3327 850 Quod
3349 784 3489 841 enim

1913 883 2055 937 saepe
2081 868 2208 933 dixi,
2239 869 2341 923 hoc
2367 881 2420 923 et
2448 885 2590 924 nunc
2617 869 2756 926 dico.
2788 870 2917 924 Nam
2940 871 3059 941 quia
3083 883 3296 942 propter
3318 873 3489 928 homi-

1912 972 2032 1010 nem
2062 957 2176 1012 haec
2197 958 2449 1026 producta
2476 969 2616 1026 sunt,
2649 960 2768 1015 ideo
2792 969 2845 1016 et
2880 961 3090 1017 illorum
3112 963 3489 1021 beneﬁciorum

1915 1060 2115 1119 partem
2151 1051 2347 1105 habent
2373 1067 2490 1120 qua:
2521 1051 2721 1107 homini
2750 1069 3003 1108 concessa
3025 1065 3165 1110 sunt.
3195 1056 3260 1111 Et
3282 1058 3480 1114 videtur

1908 1145 2118 1212 quidem
2141 1162 2420 1200 commune
2451 1161 2569 1202 esse
2594 1155 2804 1216 pactum
2833 1148 2932 1217 ipsi
2955 1156 3008 1203 et
3037 1149 3226 1216 brutis,
3255 1150 3348 1206 sed
3376 1167 3482 1206 non

1906 1235 1976 1288 ita
2013 1246 2112 1289 est.
2159 1235 2289 1290 Nam
2317 1247 2370 1290 et
2400 1236 2499 1290 hoc
2522 1237 2586 1290 ad
2614 1237 2845 1292 hominis
2870 1239 3114 1294 solatium
3145 1243 3334 1295 factum
3363 1252 3440 1297 est
3463 1283 3479 1309 ,

1906 1337 1963 1381 ut
1991 1329 2127 1382 scire
2159 1329 2322 1396 possit
2351 1330 2403 1382 in
2435 1339 2632 1396 quanto
2661 1331 2730 1384 sit
2757 1331 2977 1396 honore,
3009 1333 3148 1402 quod
3177 1350 3279 1388 non
3309 1337 3478 1391 solum

1905 1417 1957 1470 in
1980 1433 2037 1472 se
2063 1419 2388 1474 collocentur
2408 1420 2685 1484 beneﬁcia,
2708 1422 2800 1475 sed
2824 1430 3039 1491 propter
3063 1439 3120 1477 se
3146 1425 3195 1477 in
3223 1425 3322 1480 alia
3349 1443 3480 1494 quo-

1903 1523 2005 1578 que
2047 1510 2294 1565 animalia
2333 1512 2648 1567 extendatur
2678 1513 2966 1568 liberalitas
2996 1515 3220 1570 Domini.
3269 1519 3335 1572 Et
3378 1537 3478 1574 non

1900 1599 2160 1666 morietur,
2197 1601 2386 1671 inquit,
2421 1604 2582 1657 omnis
2619 1622 2736 1658 caro
2779 1607 2910 1659 ultra
2938 1607 2999 1660 ab
3028 1625 3161 1678 aqua
3202 1609 3398 1678 diluvii,
3430 1623 3477 1666 et

1899 1707 2001 1745 non
2038 1694 2131 1746 erit
2169 1693 2304 1746 ultra
2340 1694 2604 1763 diluvium,
2641 1706 2694 1749 ut
2726 1708 3014 1768 corrumpat
3049 1716 3242 1754 omnem
3271 1712 3474 1756 terram.

1899 1781 2086 1838 Vidisti
2115 1784 2382 1853 quomodo
2406 1794 2459 1839 et
2487 1786 2652 1840 semel
2687 1796 2740 1840 et
2774 1786 2964 1842 iterum
2999 1798 3052 1844 et
3087 1792 3280 1860 saepius
3317 1793 3475 1862 polli-

1896 1883 2077 1929 ceatur
2101 1890 2159 1929 se
2182 1891 2288 1930 non
2321 1877 2456 1931 ultra
2488 1879 2844 1934 immissurum
2877 1896 3209 1937 communem
3235 1887 3470 1940 omnium

1898 1966 2334 2031 internecionem,
2360 1977 2418 2022 ut
2443 1983 2508 2023 ex
2540 1979 2718 2024 mente
2740 1971 2866 2040 justi
2897 1971 3034 2027 hanc
3062 1973 3469 2032 sollicitudinem

1893 2056 2112 2119 adimat,
2145 2069 2198 2113 et
2235 2060 2304 2115 de
2340 2059 2528 2116 futuris
2568 2062 2762 2116 bonam
2792 2058 2938 2132 Spem
2969 2065 3057 2119 ille
3087 2065 3308 2121 habeat?
3339 2067 3468 2123 Dein

1892 2165 1996 2204 non
2039 2165 2192 2205 suam
2231 2161 2472 2206 naturam
2499 2164 2744 2224 Spectans
2764 2197 2776 2218 ,
2806 2156 2899 2211 sed
2927 2170 3162 2213 nostram
3190 2159 3468 2215 inﬁrmita-

1890 2247 2020 2305 tem,
2052 2257 2157 2296 non
2183 2235 2463 2298 contentus
2491 2254 2572 2298 est
2598 2247 2946 2315 promissione
2981 2263 3075 2304 sua
3110 2266 3266 2321 quam
3295 2253 3468 2307 verbis

1887 2333 2036 2388 dedit
2068 2353 2082 2390 :
2121 2335 2213 2390 sed
2243 2336 2434 2390 iterum
2463 2337 2697 2392 ostendit
2724 2341 2990 2410 quomodo
3019 2357 3076 2397 se
3105 2354 3301 2399 nostrre
3323 2344 3468 2400 inﬁr-

1887 2425 2055 2479 mitati
2097 2435 2440 2496 attemperet,
2486 2440 2539 2484 et
2574 2431 2777 2501 signum
2823 2433 2912 2487 dat
2950 2450 3055 2503 quo
3085 2445 3340 2505 perpetuo
3363 2438 3466 2493 dn-

1886 2526 2056 2580 rante,
2089 2517 2178 2571 tali
2219 2527 2364 2573 metu
2413 2520 2702 2576 humanum
2739 2538 2907 2592 genus
2950 2524 3163 2581 liberari
3194 2529 3374 2598 possit,
3411 2540 3467 2585 ut

1883 2609 2090 2664 etiamsi
2135 2625 2276 2682 saepe
2317 2612 2505 2680 pluviae
2542 2614 2876 2682 deferantur,
2913 2628 2966 2672 et
2993 2619 3235 2675 violenta:
3265 2631 3466 2692 tempe-

1881 2707 2048 2755 states
2073 2701 2219 2766 ﬁant,
2259 2705 2360 2759 etsi
2387 2721 2638 2774 aquarum
2665 2724 2850 2777 magna
2874 2709 2942 2763 sit
2967 2711 3260 2778 inundatio,
3288 2731 3460 2785 neque

1880 2790 1959 2845 sic
1986 2793 2330 2848 metuendum
2363 2796 2469 2861 sit,
2498 2797 2590 2853 sed
2618 2799 2988 2855 conﬁdendum
3015 2803 3165 2858 nobis
3190 2805 3254 2859 ad
3279 2805 3460 2860 datum

1879 2881 2088 2950 signum
2115 2885 2538 2954 respicientibus.
2571 2889 2656 2942 12.
2704 2888 2772 2942 Et
2799 2891 2926 2944 dixit
2957 2891 3202 2948 Dominus
3231 2895 3365 2950 Deus
3392 2899 3460 2950 ad

1881 2968 1996 3024 Noe
2033 2987 2053 3026 :
2087 2971 2200 3026 Hoc
2224 2985 2296 3029 est
2325 2976 2524 3046 signum
2553 2981 2830 3033 testamenti
2857 2984 2990 3052 quod
3018 3000 3108 3054 ego
3139 2985 3203 3040 do
3229 2987 3360 3041 inter
3384 3006 3462 3042 me

1877 3071 1924 3116 et
1951 3073 2016 3117 te.
2069 3064 2200 3121 V'ide
2227 3079 2424 3138 quanto
2453 3067 2656 3125 honore
2679 3072 2878 3140 justum
2906 3075 3168 3144 dignatur.
3210 3077 3285 3132 Ita
3316 3073 3484 3134 enim

1878 3169 1997 3206 cum
2033 3169 2097 3207 eo
2125 3157 2411 3224 paciscitur
2434 3161 2584 3229 quasi
2614 3160 2772 3216 homo
2800 3162 2997 3218 homini
3029 3166 3272 3237 loquens,
3299 3177 3353 3224 et
3380 3171 3459 3224 di-

1875 3244 1948 3298 cit
1981 3263 1994 3299 :
2021 3244 2134 3300 Hoc
2162 3257 2235 3302 est
2257 3251 2456 3321 signum
2487 3255 2763 3307 testamenti
2791 3257 2926 3326 quod
2951 3275 3038 3328 ego
3065 3260 3130 3313 do
3158 3263 3286 3315 inter
3305 3280 3384 3318 me
3409 3275 3459 3318 et

1875 3343 1940 3402 te,
1977 3346 2023 3389 et
2060 3353 2254 3392 omnem
2293 3343 2516 3396 animam
2554 3345 2814 3411 viventem,
2853 3365 2964 3418 qua:
2997 3351 3245 3406 vobiscum
3282 3366 3374 3419 est,
3404 3357 3458 3412 in

1874 3431 2216 3497 generationes
2235 3442 2466 3488 cateruas.
2497 3435 2682 3492 Vidisti
2706 3441 2974 3508 quomodo
2995 3443 3200 3512 signum
3223 3445 3453 3503 dandum

1873 3523 2018 3576 omni
2044 3522 2243 3580 viventi
2274 3526 2585 3583 duraturum
2613 3532 2683 3584 sit
2710 3532 2761 3584 in
2785 3535 3157 3602 generationes
3181 3541 3454 3597 internas?

1872 3611 1986 3669 Non
2029 3616 2197 3671 solum
2237 3621 2586 3676 communiter
2628 3622 2874 3678 omnibus
2917 3625 3211 3682 viventibus
3247 3629 3339 3684 dat
3375 3631 3454 3686 siu-

1870 3721 2051 3776 gnum,
2080 3709 2173 3764 sed
2201 3719 2254 3764 et
2279 3721 2585 3783 perpetuum
2608 3725 2659 3769 et
2680 3725 2933 3772 aeternum
2957 3719 3082 3774 illud
3105 3720 3247 3788 facit,
3267 3740 3454 3796 quam-

1871 3800 1960 3855 diu
2006 3803 2235 3858 mundus
2279 3805 2548 3862 subsistet.
2603 3807 2878 3875 Quodnam
2920 3827 3047 3883 ergo
3085 3815 3291 3884 signum
3333 3819 3451 3872 est?

1872 3891 1958 3946 15.
1985 3891 2172 3946 Arcum
2200 3911 2366 3949 meum
2395 3913 2527 3966 pono
2554 3899 2606 3951 in
2631 3899 2776 3968 nube,
2803 3911 2850 3955 et
2875 3904 2967 3956 erit
2993 3905 3046 3958 in
3069 3905 3268 3976 signum
3293 3911 3452 3980 {lede-

1869 3983 1941 4037 ris
1958 3982 2088 4037 inter
2114 4001 2192 4038 me
2211 3995 2256 4038 et
2282 3996 2485 4041 terram.
2514 3988 2652 4044 Ecce
2680 4001 2798 4060 post
2821 3993 3255 4062 pollicitationem
3284 4002 3447 4056 verbo

1871 4072 2082 4136 factam,
2105 4085 2159 4129 et
2187 4075 2288 4130 hoc
2316 4078 2521 4147 signum
2546 4081 2633 4147 do,
2663 4082 2848 4137 iridem
2879 4085 3080 4152 dicens,
3103 4104 3262 4158 quam
3284 4092 3447 4164 aliqui

1871 4164 1984 4219 ﬁeri
2019 4165 2202 4221 dicunt
2227 4169 2338 4222 sole
2368 4169 2544 4224 radios
2583 4186 2708 4228 suos
2755 4185 2937 4230 contra
2977 4178 3146 4234 nubes
3181 4181 3444 4242 mittente.

1868 4255 1922 4312 Si
1965 4273 2144 4313 sermo
2181 4275 2362 4326 meus,
2403 4262 2595 4333 inquit,
2629 4280 2734 4320 non
2763 4265 2977 4335 sufﬁcit,
3009 4286 3134 4327 ecce
3158 4281 3213 4328 et
3235 4276 3444 4346 signum

1869 4349 1959 4416 (lo,
1987 4365 2271 4420 numquam
2298 4352 2519 4407 ulterius
2549 4356 2703 4410 talem
2735 4373 2821 4414 me
2848 4375 3056 4428 pcenam
3086 4363 3443 4425 inducturum.

1867 4439 1980 4494 Hoc
2026 4456 2153 4510 ergo
2200 4443 2407 4512 signum
2454 4445 2694 4503 videntes
2735 4464 2765 4504 a
2803 4450 3083 4509 formidine
3126 4457 3444 4518 liberemini.

1869 4533 1954 4587 14.
1983 4533 2052 4586 Et
2075 4535 2166 4588 erit
2191 4551 2305 4588 cum
2333 4536 2638 4604 nubilavero,
2670 4541 2855 4612 inquit,
2885 4546 3039 4601 nubes
3064 4565 3215 4619 super
3236 4561 3441 4620 terram,

1868 4631 1914 4674 et
1934 4623 2195 4691 apparebit
2223 4642 2370 4678 arcus
2396 4644 2532 4682 meus
2553 4629 2604 4682 in
2625 4628 2772 4695 nube,
2796 4633 2877 4688 15.
2904 4644 2951 4688 et
2970 4639 3271 4693 recordabar
3293 4651 3446 4695 testa-

1867 4714 2021 4766 menti
2039 4715 2154 4782 mei,
2182 4717 2318 4785 quod
2336 4728 2411 4770 est
2435 4719 2564 4772 inter
2583 4737 2662 4776 me
2681 4732 2726 4775 et
2746 4740 2849 4787 vos,
2873 4735 2920 4778 et
2949 4726 3078 4780 inter
3105 4746 3300 4785 omnem
3327 4734 3440 4786 asi-

1868 4820 2002 4857 mam
2023 4806 2262 4860 viventem
2286 4808 2339 4861 in
2361 4811 2495 4864 omni
2519 4827 2685 4866 carne.
2718 4812 2852 4881 Quid
2879 4815 3030 4882 dicis,
3059 4832 3092 4872 0
3130 4818 3284 4876 beate
3319 4837 3443 4892 pro.

1867 4893 2060 4964 pheta?
2099 4894 2457 4960 Recordabor,
2492 4901 2691 4971 inquit,
2724 4909 3028 4962 testamenti
3051 4910 3176 4975 mei,
3206 4910 3306 4967 hoc
3334 4923 3438 4983 est,

1869 4986 2004 5054 pacti
2037 4987 2162 5052 mei,
2187 4991 2574 5060 promissionis,
2597 4995 3023 5065 pollicitationis;
3053 5016 3156 5055 non
3180 5004 3298 5071 quia
3325 5006 3438 5074 ipse

1865 5089 1997 5144 opus
2026 5074 2216 5132 habeat
2239 5079 2627 5150 recordatione,
2655 5084 2747 5138 sed
2779 5095 2836 5139 ut
2861 5103 2955 5142 nos
2985 5089 3051 5143 ad
3075 5090 3199 5145 illud
3227 5093 3437 5164 signum

1864 5166 2228 5234 respicientes,
2257 5169 2386 5224 nihil
2415 5169 2603 5226 durum
2643 5175 2991 5244 suspicemur,
3017 5180 3108 5234 sed
3138 5184 3314 5239 statim
3353 5203 3440 5241 re-

1864 5257 2146 5312 cordemur
2183 5259 2374 5314 divina:
2419 5263 2804 5333 promissionis,
2834 5275 2888 5322 et
2928 5270 3260 5330 conﬁdamus
3306 5277 3438 5332 nihil

1864 5364 1963 5404 nos
1989 5351 2092 5405 tale
2119 5366 2387 5420 passuros.

1932 5443 1986 5497 3.
2028 5441 2211 5496 Vidisti
2239 5453 2491 5512 quantum
2519 5445 2656 5502 Deus
2684 5463 2743 5504 se
2769 5460 2987 5522 propter
3014 5465 3249 5511 nostram
3284 5458 3436 5514 inﬁr-

1862 5535 2097 5588 mitatem
2135 5534 2396 5600 demittat,
2430 5547 2678 5606 quantam
2716 5556 2896 5596 curam
2937 5554 3088 5614 gerat
3129 5551 3294 5602 nostri
3337 5565 3434 5619 ge-

1861 5627 2023 5690 neris,
2055 5638 2301 5696 quantam
2331 5629 2710 5688 misericordia:
2736 5637 3147 5704 magnitudinem
3173 5639 3428 5709 declaret,

1861 5732 1965 5772 non
1996 5719 2116 5788 quia
2159 5718 2433 5774 hominum
2468 5725 2865 5780 conversionem
2909 5727 3060 5793 vidit,
3103 5730 3196 5785 sed
3243 5742 3299 5786 ut
3337 5749 3432 5804 per

1862 5810 2036 5867 omnia
2066 5825 2160 5864 nos
2187 5810 2373 5868 doceat
2403 5812 2665 5885 ingentem
2699 5831 2846 5872 suam
2871 5817 3198 5877 bonitatem?
3238 5822 3302 5877 Et
3328 5842 3427 5879 non
