4062 6396
556 402 662 460 253

559 533 647 573 erit
675 520 806 571 ultra
832 534 963 589 aqua
992 518 1045 569 in
1088 516 1353 581 diluvium,
1391 517 1461 568 ita
1499 525 1551 568 ut
1588 515 1749 568 deleat
1793 527 1989 566 onmem
2033 526 2147 562 cur-

560 628 668 665 nem
700 625 719 663 :
745 624 850 663 non
871 615 1099 678 amplius
1137 609 1241 662 erit
1274 605 1536 676 ejusmodi
1574 604 1775 675 pluvia.
1816 602 1949 669 Quia
1989 601 2147 655 scivit

563 708 664 754 hoe
693 701 881 754 limere
920 699 1204 752 humanam
1231 707 1495 762 naturam,
1523 695 1643 751 vide
1680 692 1947 764 quomodo
1974 690 2147 746 conti-

560 806 665 843 nuo
694 789 794 844 hoc
823 788 1117 858 pollicetur,
1162 788 1311 857 quasi
1355 788 1541 842 dicens
1583 804 1597 841 :
1642 784 1863 840 Etiamsi
1908 783 2144 837 videritis

557 882 754 935 multos
782 882 981 934 imbres
1003 878 1229 944 demitti,
1259 894 1327 934 ne
1348 877 1477 948 quid
1505 876 1629 932 inde
1674 876 1867 931 durum
1904 873 2144 942 suspice—

556 972 683 1026 mini
723 980 812 1023 aut
839 971 1085 1024 metualis
1114 986 1129 1022 :
1160 967 1285 1022 Non
1315 970 1456 1023 enim
1493 968 1588 1022 erit
1614 982 1745 1037 aqua
1776 966 1830 1019 in
1874 964 2140 1031 diluvium,

554 1061 626 1113 ita
654 1070 706 1113 ut
735 1060 898 1113 deleat
921 1076 1122 1113 onmem
1145 1074 1350 1112 carnem
1377 1073 1397 1111 :
1428 1056 1548 1111 talis
1590 1055 1761 1111 imber
1792 1070 1898 1109 non
1934 1054 2035 1109 erit
2062 1053 2145 1106 ul-

555 1160 657 1219 tra,
692 1163 888 1205 tantam
920 1151 1333 1221 indignationem
1360 1165 1467 1205 non
1504 1150 1641 1204 ultra
1681 1148 1995 1218 experietur
2032 1146 2137 1201 hu-

554 1259 769 1298 manum
825 1260 1013 1313 genus.
1038 1244 1125 1299 16.
1168 1242 1237 1297 Et
1282 1244 1407 1309 erit,
1461 1242 1667 1312 inquit,
1714 1258 1865 1295 arcus
1905 1258 2045 1295 meus
2092 1247 2144 1295 in

554 1335 715 1399 nube,
766 1345 815 1388 et
864 1335 1036 1387 videbo
1088 1343 1142 1387 ut
1194 1334 1427 1389 recorder
1471 1335 1750 1387 testamenti
1795 1333 1970 1387 aeterni
2015 1333 2145 1386 inter

553 1427 739 1494 Deum,
771 1436 816 1479 et
844 1428 975 1481 inter
1004 1428 1228 1479 animant
1250 1428 1491 1480 viventem
1515 1426 1568 1480 in
1596 1427 1733 1480 omni
1754 1441 1922 1480 carne.
1947 1424 2141 1479 Consi-

554 1520 679 1575 dera
712 1520 980 1588 quomodo
1030 1519 1217 1573 volens
1263 1518 1548 1573 humanam
1592 1528 1832 1572 naturam
1872 1516 1940 1571 ad
1983 1516 2141 1571 fidem

553 1623 607 1665 et
656 1614 860 1665 firmam
902 1611 1306 1680 persuasionem
1350 1610 1622 1676 inducere,
1673 1617 1818 1663 tanta
1857 1609 2143 1664 verborum

555 1718 683 1759 usus
725 1704 793 1757 sit
829 1702 1289 1772 attemperatione.
1320 1702 1387 1756 Et
1410 1700 1625 1767 videbo,
1657 1702 1847 1771 inquit,
1876 1709 1934 1755 ut
1962 1714 2144 1755 recor-

552 1796 648 1849 der
672 1796 969 1849 testamenti
999 1794 1122 1849 mei.
1150 1795 1356 1863 Ergone
1377 1794 1522 1849 visus
1549 1794 1719 1861 ipsum
1752 1794 1803 1847 in
1828 1792 2141 1847 memoriam

552 1890 698 1943 ducit
719 1890 741 1942 ?
762 1889 875 1943 Non
909 1897 967 1943 ut
1001 1889 1101 1942 hoc
1123 1892 1483 1958 suspicemur;
1507 1887 1677 1953 absit;
1707 1887 1799 1941 sed
1830 1897 1906 1954 ut,
1930 1885 2142 1956 quando

558 1984 801 2037 videmus
830 1984 1039 2053 signum
1078 1981 1202 2047 hoc,
1252 1981 1343 2035 Dei
1394 1980 1734 2050 promissioni
1770 1978 2139 2045 confidamus,

552 2078 682 2133 certi
710 2094 813 2131 non
844 2092 960 2131 esse
987 2076 1238 2146 possibile
1274 2074 1369 2129 Dei
1402 2074 1783 2143 promissiones
1817 2071 2140 2127 intercidere

553 2170 638 2222 17.
685 2166 750 2221 Ει
793 2168 917 2221 dixit
948 2166 1117 2231 Deus,
1149 2166 1355 2235 inquit,
1385 2165 1452 2217 ad
1500 2163 1609 2218 Noe
1638 2181 1657 2218 :
1690 2161 1801 2217 Hoc
1831 2164 2032 2234 signum
2057 2171 2135 2215 te-

552 2259 781 2312 stamenti
809 2259 907 2311 mei
929 2258 1061 2327 quod
1088 2258 1233 2327 posui
1261 2257 1390 2309 inter
1414 2271 1511 2320 me,
1543 2267 1590 2307 et
1631 2256 1761 2307 inter
1806 2268 2002 2307 onmem
2027 2268 2143 2305 car-

553 2370 668 2405 nem
694 2368 805 2421 qua:
830 2360 901 2405 est
931 2368 1082 2421 super
1118 2360 1325 2403 terram.
1358 2347 1643 2417 Accepisli,
1690 2346 1882 2415 inquit,
1929 2345 2137 2416 signum

553 2447 603 2499 id
632 2446 771 2515 quod
800 2444 920 2499 dedi
955 2445 1093 2499 inter
1122 2458 1206 2497 me
1230 2453 1284 2496 et
1310 2457 1521 2496 omnem
1549 2455 1763 2495 carnem
1802 2454 1920 2509 qute
1949 2448 2030 2495 cst
2052 2452 2143 2493 su-

552 2552 647 2606 per
677 2545 895 2589 terram.
925 2535 1000 2589 Ne
1026 2535 1160 2587 ultra
1188 2531 1531 2589 confundaris
1560 2540 1759 2595 mente,
1802 2545 1872 2586 ne
1911 2529 2141 2584 turberis

551 2627 728 2680 animo
762 2645 773 2680 :
806 2627 896 2681 sed
927 2626 990 2679 ad
1018 2624 1119 2679 hoc
1148 2625 1372 2693 reSpiee,
1401 2633 1454 2677 et
1481 2622 1594 2692 ipse
1637 2621 1829 2677 bonam
1862 2636 2011 2691 spem
2041 2620 2141 2673 ha-

558 2720 697 2783 beto,
732 2726 786 2771 et
814 2732 1001 2771 omnes
1041 2716 1131 2785 qui
1172 2724 1291 2785 post
1329 2725 1380 2769 te
1418 2712 1581 2768 futuri
1627 2721 1751 2769 sunt
1784 2712 1911 2767 hinc
1951 2726 2143 2767 conse-

559 2810 809 2863 lationem
850 2810 1153 2879 accipiant:
1195 2818 1250 2863 et
1295 2816 1541 2877 aspectus
1588 2807 1725 2877 signi
1771 2805 2015 2859 fiduciam
2064 2810 2142 2860 eis

550 2911 793 2972 prmstet,
822 2902 963 2971 quod
994 2915 1280 2971 numquam
1307 2901 1426 2954 talis
1454 2907 1742 2970 tempestas
1771 2908 1964 2953 terram
1997 2899 2143 2952 inva-

552 3008 675 3047 sura
718 2994 807 3047 sit.
842 2992 972 3047 Nam
1009 2992 1251 3063 quamvis
1298 3000 1513 3061 peccata
1554 2989 1828 3044 hominum
1873 3001 2141 3058 crescant,

547 3100 650 3155 ego
682 3094 856 3139 tamen
883 3099 1003 3155 qum
1036 3082 1251 3153 promisi
1282 3081 1617 3151 adimplebo,
1651 3089 1705 3136 et
1733 3095 2020 3150 numquam
2058 3092 2141 3135 ta.

550 3176 657 3230 lem
698 3176 1111 3243 indignationem
1142 3175 1195 3228 in
1222 3187 1408 3227 omnes
1428 3171 1713 3227 exhibebo.
1743 3172 1961 3227 Vidistis
1982 3188 2141 3243 quam

549 3267 739 3335 ingens
779 3266 848 3318 sit
875 3265 1082 3318 Domini
1124 3262 1373 3318 bonitas?
1414 3261 1621 3316 vidistis
1655 3270 1908 3331 quantum
1934 3262 2001 3316 ad
2046 3279 2143 3317 no-

562 3368 727 3411 stram
755 3356 1009 3409 vilitatem
1036 3355 1215 3409 verbis
1242 3368 1301 3409 se
1327 3352 1610 3409 demittat?
1636 3353 1842 3407 vidistis
1866 3353 1981 3422 ejus
2016 3368 2140 3423 erga

552 3464 653 3503 nos
686 3448 1037 3518 providentia:
1066 3445 1530 3517 magnitudinem?
1560 3445 1764 3500 vidistis
1786 3448 2141 3515 promittentis

555 3539 958 3595 liberalitatem?
986 3538 1098 3593 Non
1129 3539 1274 3593 enim
1307 3537 1624 3593 beneﬁcium
1669 3552 1823 3591 suum
1866 3553 2035 3607 usque
2074 3537 2141 3592 ad

552 3628 709 3697 duas,
748 3633 827 3686 vel
858 3643 985 3693 tres,
1018 3630 1100 3684 vel
1127 3629 1310 3684 decem
1339 3630 1709 3699 generationes
1747 3628 2006 3693 extendit,
2046 3629 2141 3683 sed

555 3722 800 3794 promisit
854 3722 1106 3791 quamdiu
1145 3721 1397 3775 subsistet
1434 3719 1662 3775 mundus
1706 3719 2139 3775 extendendum:

556 3825 614 3870 ut
634 3833 699 3871 ex
727 3824 949 3884 utroque
972 3812 1368 3869 emendatiores
1391 3811 1696 3879 reddamur,
1723 3820 1779 3867 et
1802 3826 1868 3866 ex
1906 3826 1971 3866 eo
2000 3811 2141 3881 quod

557 3911 632 3963 illi
664 3918 881 3979 propter
907 3907 1300 3962 multitudinem
1340 3915 1679 3977 peccatorum
1722 3905 1815 3959 tali
1858 3920 2015 3975 paena
2048 3920 2145 3975 pu-

557 4003 650 4056 niti
678 4011 819 4066 sunt,
846 4010 898 4056 et
920 4017 988 4055 ex
1013 4015 1079 4055 eo
1102 3999 1244 4071 quod
1267 3999 1354 4054 ille
1376 4014 1469 4069 per
1493 3998 1813 4054 ineffabilem
1840 3999 2144 4054 misericor-

556 4094 696 4147 diam
724 4106 895 4155 suam,
925 4106 1023 4145 nos
1050 4098 1191 4144 tanta
1219 4089 1573 4160 promissione
1594 4089 1841 4158 dignatus
1870 4098 1972 4144 est.
2007 4088 2138 4143 Nam

557 4186 805 4239 cnrdatos
853 4184 1110 4238 beneﬁcia
1159 4183 1328 4248 magis
1370 4197 1531 4252 quam
1583 4192 1755 4251 paena:
1799 4180 2041 4235 alliciunt
2077 4181 2142 4235 ad

560 4277 808 4331 mandata
836 4274 1117 4329 servanda.

638 4366 770 4421 Deus
796 4367 946 4419 etiam
974 4365 1315 4436 peccatoribus
1353 4364 1617 4435 benignus,
1659 4371 1848 4432 quanto
1876 4363 2036 4433 magis
2055 4364 2149 4433 ju-

561 4461 673 4515 s‘tis.
710 4490 781 4501 --
805 4459 966 4529 Igitur
994 4473 1060 4514 ne
1087 4460 1252 4512 simus
1278 4458 1488 4528 ingrati.
1515 4456 1643 4511 Nam
1674 4457 1718 4511 si
1745 4471 1843 4511 nos
1862 4467 2146 4526 antequam

560 4554 725 4607 ullum
778 4551 1028 4607 bonitatis
1068 4550 1339 4620 specimen
1383 4548 1801 4615 exbibuerimus,
1850 4550 1956 4603 imo
1985 4551 2146 4604 etiam

561 4659 682 4697 cum
711 4642 882 4713 poenis
910 4642 1066 4712 digna
1104 4642 1407 4706 fecerimus,
1436 4650 1579 4695 tanta
1601 4640 1846 4711 dignatus
1871 4648 1954 4696 est
1982 4640 2145 4695 bene-

564 4728 774 4790 ficentia
809 4752 822 4789 :
855 4735 898 4789 si
923 4733 1056 4804 grati
1084 4731 1358 4799 fuerimus,
1386 4732 1531 4787 etde
1556 4732 1818 4802 prioribus
1843 4733 2037 4802 gratias
2062 4747 2149 4787 re-

564 4822 863 4893 t’ulerimus,
890 4825 1420 4893 converterimusque
1450 4836 1548 4877 nos
1570 4823 1634 4878 ad
1680 4822 1921 4890 meliora,
1952 4833 2146 4893 quanta

564 4930 674 4974 tum
698 4919 925 4989 denique
949 4932 1048 4973 nos
1077 4917 1380 4988 dignabitur
1406 4916 1721 4970 liberalitate
1750 4926 1803 4971 et
1843 4917 2050 4985 gratia?
2090 4918 2146 4972 Si

562 4996 702 5066 cnim
734 5012 960 5082 indignis
988 5011 1056 5064 ita
1088 5008 1371 5075 benefacit,
1400 5018 1453 5063 et
1477 5017 1583 5062 tam
1612 5007 1872 5079 benignus
1898 5019 1983 5065 est
2025 5025 2148 5079 pec-

564 5105 865 5170 catoribus;
889 5105 932 5158 si
961 5119 991 5157 a
1017 5103 1248 5173 peccatis
1282 5101 1663 5167 destiterimus,
1689 5110 1744 5155 et
1786 5102 2033 5156 virtutem
2062 5115 2148 5155 se-

564 5212 791 5265 ctemur,
817 5215 934 5269 qua:
958 5215 1062 5253 non
1090 5198 1467 5267 consequuturi
1494 5198 1713 5251 sumus?
1740 5196 2149 5253 Enimvero'hac

564 5292 631 5346 de
654 5306 811 5345 causa
840 5291 985 5360 prior
1014 5289 1128 5358 ipse
1155 5290 1317 5343 multa
1347 5289 1398 5343 in
1424 5303 1522 5342 nos
1546 5288 1803 5343 beneﬁcia
1832 5288 2057 5355 confert,
2088 5299 2143 5344 et

563 5383 1142 5454 eum,pcccaverimus,
1177 5383 1367 5437 iterum
1394 5381 1546 5437 nobis
1574 5382 1781 5435 veniam
1813 5381 2065 5451 impartit,
2090 5392 2142 5437 et

564 5476 816 5546 supplicia
844 5489 949 5529 non
980 5489 1011 5528 e
1041 5474 1262 5544 vestigio
1294 5472 1452 5527 infert
1480 5489 1493 5525 :
1524 5482 1582 5526 ut
1612 5488 1707 5541 per
1735 5473 1913 5527 omnia
1939 5488 2037 5527 nos
2067 5474 2145 5527 al-

565 5569 729 5633 liciat,
772 5576 825 5622 et
851 5566 979 5620 dum
1002 5564 1283 5631 benefacit,
1315 5571 1369 5617 et
1390 5563 1517 5618 dum
1560 5563 1768 5617 tolerat.
1804 5564 1957 5634 Saepe
1984 5564 2142 5618 etiam

563 5656 688 5713 dum
720 5658 922 5727 aliquos
951 5658 1121 5726 punit,
1152 5657 1286 5710 alios
1310 5670 1406 5725 per
1430 5654 1531 5708 hoc
1558 5654 1810 5709 inducere
1836 5654 1964 5720 vult,
1993 5666 2049 5709 ut
2077 5655 2144 5709 il-

568 5749 735 5800 lorum
777 5758 919 5802 metu
952 5747 1211 5817 castigati,
1249 5745 1491 5816 supplicii
1534 5746 1830 5815 periculum
1868 5745 2139 5816 effugiant.

576 5836 768 5892 Vidisti
821 5843 1210 5909 sapientissimi
1249 5844 1343 5899 Dei
1374 5843 1799 5915 benignitatem,
1875 5840 2141 5909 quomodo

1268 402 1325 457 S.
1364 398 1643 456 JOANNIS
1680 395 2151 453 CllRYSOSTOlll
2178 392 2494 449 ARCHIEP.
2528 395 3059 453 CONSTANTINOP.

3729 401 3838 456 230

2251 508 2427 563 omnia
2457 525 2578 580 qua:
2618 525 2715 580 per
2758 512 2931 581 ipsum
2976 512 3130 579 ﬁunt,
3177 522 3393 582 propter
3431 528 3591 568 unum
3636 514 3838 581 solum,

2250 617 2441 673 nempe
2468 603 2660 658 salutis
2696 612 2895 659 nostra:
2923 618 3085 660 causa
3114 604 3277 659 ﬁant?
3321 605 3446 659 Haec
3488 606 3667 675 itaque
3692 610 3842 677 cogi-

2252 704 2444 761 tantes,
2477 711 2543 751 ne
2569 696 2736 750 simus
2764 694 2997 763 desides,
3026 711 3095 751 ne
3114 696 3367 751 virtutem
3397 697 3744 768 negligamus,
3772 714 3842 753 no

2249 799 2627 857 praetereamus
2652 788 2798 858 leges
2818 789 2885 844 ab
2912 790 3003 844 illo
3028 797 3276 844 statutas.
3304 789 3436 844 Nam
3459 791 3502 844 si
3529 790 3720 845 viderit
3739 805 3841 845 nos

2248 881 2508 947 converti,
2541 890 2597 936 et
2624 880 2922 951 quiescere,
2946 889 3006 937 et
3037 882 3353 952 principium
3375 881 3586 951 aliquod
3612 898 3836 952 ponere.

2250 972 2362 1041 ipse
2389 989 2600 1043 quoque
2630 990 2724 1031 sua
2750 978 2907 1032 simul
2934 977 3143 1041 afferet,
3183 977 3443 1047 facietque
3472 978 3624 1031 nobis
3656 978 3836 1031 omnia

2249 1061 2383 1117 levia
2411 1076 2464 1118 et
2492 1064 2684 1131 facilia,
2715 1076 2771 1122 et
2799 1083 2903 1123 non
2957 1068 3233 1138 permittet
3275 1077 3333 1122 ut
3376 1069 3587 1122 virtutis
3627 1069 3840 1123 labores

2249 1154 2554 1209 sentiamus.
2584 1156 2714 1211 Nam
2736 1158 2949 1228 quando
2970 1159 3143 1213 anima
3168 1159 3236 1213 ad
3266 1160 3432 1214 Deum
3458 1159 3866 1229 cogitationem'

2249 1258 2398 1297 suam
2446 1246 2691 1314 intendit,
2729 1263 2835 1302 non
2870 1249 2981 1317 jam
3027 1248 3203 1319 decipi
3253 1259 3426 1320 potest
3466 1264 3498 1303 a
3548 1250 3837 1304 visibilium

2246 1344 2465 1404 aspectu
2498 1355 2511 1392 :
2541 1338 2631 1393 sed
2660 1340 2974 1410 praeteriens
3002 1342 3177 1395 omnia
3208 1357 3272 1395 ea
3303 1357 3423 1410 qua:
3452 1357 3557 1395 non
3592 1341 3839 1396 videntur

2242 1428 2615 1496 corporalibus
2655 1431 2847 1495 oculis,
2893 1446 3012 1501 quae
3050 1431 3251 1485 nullam
3296 1432 3472 1486 sciunt
3516 1432 3842 1486 vicissitudi~

2247 1532 2390 1583 nem,
2420 1519 2514 1573 sed
2546 1530 2799 1590 perpetuo
2824 1531 3060 1587 manent,
3089 1523 3299 1592 fixaque
3323 1531 3448 1577 sunt
3486 1537 3549 1577 ac
3590 1524 3834 1590 immota,

2248 1607 2557 1678 diligentius
2603 1613 2925 1680 speculatur,
2974 1629 3135 1684 quam
3179 1630 3242 1669 ea
3289 1631 3409 1685 quas
3448 1615 3503 1669 in
3538 1628 3839 1686 conspectu

2246 1708 2372 1753 sunt
2398 1701 2589 1769 posita.
2637 1702 2795 1758 Tales
2819 1705 2960 1757 enim
2992 1705 3187 1759 mentis
3215 1715 3338 1759 sunt
3364 1706 3525 1771 oculi,
3558 1707 3647 1776 qui
3675 1707 3740 1761 ad
3772 1709 3841 1761 il—

2246 1792 2419 1846 lorum
2459 1795 2822 1862 spectaculum
2854 1796 3108 1850 continuo
3150 1795 3448 1863 intendunt,
3495 1804 3550 1851 et
3589 1798 3840 1867 supernis

2245 1886 2412 1942 radiis
2436 1887 2706 1952 illustrati,
2735 1888 2913 1942 omnia
2953 1904 3073 1958 quae
3114 1889 3169 1943 in
3212 1888 3313 1942 hac
3340 1889 3447 1942 vita
3497 1900 3641 1956 sunt,
3683 1892 3837 1959 quasi

2242 1977 2486 2032 umbram
2516 1987 2570 2033 et
2590 1978 2875 2045 somnium,
2902 1987 3183 2034 transeunt
3210 1997 3222 2033 :
3259 1995 3363 2034 non
3390 1981 3481 2035 ulli
3508 1981 3643 2035 ultra
3671 1982 3841 2036 decc-

2245 2068 2413 2138 ptioni
2436 2068 2650 2123 obnoxii
2678 2078 2819 2132 sunt,
2848 2085 3021 2141 neque
3046 2072 3419 2127 circumveniri
3448 2082 3705 2142 possunt;
3736 2075 3837 2129 sed

2245 2161 2453 2215 etiamsi
2473 2176 2606 2231 opes
2634 2162 2885 2227 viderint,
2918 2163 3096 2217 statim
3125 2163 3392 2227 derident,
3431 2170 3661 2220 scientes
3694 2166 3842 2236 quod

2240 2252 2463 2323 fugitivo
2483 2255 2670 2324 quovis
2691 2255 3016 2311 inﬁdeliores
3042 2258 3109 2311 ab
3134 2272 3241 2311 uno
3264 2258 3331 2311 ad
3353 2259 3513 2311 alium
3537 2267 3837 2314 transeant.

2246 2354 2301 2400 et
2322 2362 2608 2417 numquam
2631 2347 2768 2418 apud
2791 2348 3035 2403 eumdem
3062 2350 3371 2416 subsistant,
3396 2360 3449 2405 et
3471 2352 3671 2406 infinita
3701 2356 3841 2408 mala

2249 2438 2642 2507 possidentibus
2666 2438 2910 2505 afferant,
2943 2455 3078 2510 quos
3106 2449 3159 2495 et
3194 2441 3249 2495 in
3279 2441 3453 2512 ipsum
3500 2444 3739 2511 malitiae,
3782 2456 3843 2499 ut

2244 2528 2318 2582 ita
2347 2529 2542 2595 dicam,
2571 2530 2922 2601 praecipitium
2950 2532 3206 2601 impulsos
3229 2534 3534 2589 deturbant.
3560 2536 3691 2591 Etsi
3713 2553 3843 2592 cor-

2247 2620 2391 2689 poris
2431 2619 2817 2675 formositatem
2861 2638 3046 2677 rursus
3083 2623 3263 2677 intuiti
3308 2624 3539 2690 fuerint,
3588 2641 3697 2681 non
3748 2630 3842 2682 illa

2245 2711 2643 2777 subvertuntur,
2669 2713 2970 2783 cogitantes
3000 2723 3109 2768 tam
3139 2714 3333 2769 fluxam
3356 2726 3409 2770 et
3436 2717 3736 2773 instabilem
3770 2721 3844 2773 il-

2246 2801 2351 2855 lam
2391 2818 2530 2869 esse,
2574 2812 2632 2857 ut
2678 2805 3062 2873 superveniens
3104 2807 3324 2861 morbus
3368 2819 3587 2878 repente
3616 2825 3841 2866 onmem

2244 2893 2387 2947 illam
2415 2892 2639 2948 formam
2664 2894 2934 2962 obscuret,
2963 2905 3096 2951 etut
3123 2911 3520 2970 nonnumquam
3544 2908 3668 2953 ante
3697 2917 3848 2955 Illor-

2247 2984 2392 3049 bum,
2425 2990 2469 3041 si
2493 2987 2743 3041 invaserit
2767 2998 3035 3057 senectus,
3063 2989 3244 3057 facies,
3275 3006 3393 3062 quae
3422 3001 3575 3046 antea
3602 2993 3847 3049 formosa

2245 3090 2380 3145 erat,
2410 3077 2500 3132 ﬁat
2528 3066 2782 3134 deforinis
2834 3089 2889 3135 et
2918 3080 3202 3151 injucunda
3237 3101 3250 3136 :
3275 3098 3419 3138 mors
3445 3094 3619 3138 autem
3650 3099 3849 3154 Super-

2244 3172 2483 3236 veniens,
2514 3187 2728 3227 onmem
2755 3174 2997 3243 corporis
3024 3174 3473 3243 pulchritudinem
3517 3179 3724 3247 perdat.
3772 3179 3842 3233 Et

2244 3262 2289 3316 si
2321 3278 2477 3332 quem
2506 3262 2735 3316 viderint
2761 3263 2930 3332 gloria
2957 3274 3011 3318 et
3034 3266 3271 3334 potentia
3300 3266 3640 3333 instructum,
3672 3280 3725 3322 et
3752 3271 3847 3339 qui

2246 3354 2299 3409 in
2319 3370 2585 3409 summum
2607 3356 2924 3426 dignitatum
2951 3352 3208 3413 verticem
3238 3363 3560 3428 pervenerit,
3589 3363 3849 3431 omnique

2243 3445 2501 3500 felicitate
2524 3445 2753 3514 fruatur,
2780 3450 2939 3502 etiam
2971 3450 3118 3503 illum
3152 3459 3493 3519 prmtereunt,
3526 3453 3677 3521 quasi
3709 3453 3847 3505 nihil

2241 3538 2438 3591 stabile
2463 3545 2518 3592 et
2545 3538 2771 3592 solidum
2803 3538 3110 3607 habentem,
3151 3540 3246 3594 sed
3284 3540 3352 3595 de
3388 3542 3491 3594 illis
3520 3542 3845 3611 gloriantem

2247 3646 2369 3700 qua:
2413 3628 2726 3686 fluminibus
2775 3631 2905 3701 ipsis
2959 3647 3124 3704 ocyus
3172 3635 3642 3701 prmterlabuntnr.
3698 3635 3844 3701 Quid

2247 3724 2393 3777 enim
2437 3724 2584 3777 omni
2621 3723 2777 3794 hujus
2804 3725 2926 3778 vitae
2951 3724 3118 3795 gloria
3151 3726 3327 3789 vilius,
3358 3741 3477 3795 qua:
3503 3725 3623 3781 flori
3653 3728 3843 3783 herba:

2246 3816 2559 3870 confertur?
2592 3816 2771 3870 Omnis
2815 3817 2957 3871 enim
3002 3817 3169 3888 gloria
3210 3818 3448 3886 hominis,
3483 3820 3675 3889 inquit,
3705 3822 3849 3873 sicut

2246 3909 2342 3978 ﬂos
2366 3908 2487 3979 [teni
2517 3907 2667 3981 (faui.
2699 3908 2788 3963 ιο.
2821 3908 2887 3975 6;
2919 3910 2972 3965 1.
3000 3908 3117 3963 Pet.
3149 3910 3200 3963 1.
3230 3908 3348 3979 24).

2318 4000 2371 4053 4.
2417 3999 2654 4066 Vidistis,
2683 3999 2884 4066 dilecti,
2913 4016 3073 4070 quam
3096 4012 3252 4056 acute
3288 4001 3501 4056 videant
3528 4002 3669 4058 oculi
3693 4003 3848 4069 ﬁdet,

2246 4089 2290 4144 si
2316 4089 2527 4159 quando
2553 4090 2607 4143 in
2636 4090 2801 4143 Deum
2828 4105 2979 4145 mens
3003 4091 3203 4145 intenta
3231 4090 3429 4146 fuerit?
3457 4092 3665 4148 vidistis
3689 4110 3837 4163 quo-

2249 4180 2409 4234 modo
2436 4196 2465 4235 a
2487 4180 2637 4235 nulla
2662 4197 2737 4249 .re
2772 4181 2969 4236 visibili
3009 4182 3181 4253 decipi
3224 4193 3467 4253 possunt,
3514 4186 3605 4239 sed
3636 4197 3849 4241 rectum

2250 4273 2445 4329 habent
2472 4290 2647 4329 rerum
2666 4275 2949 4344 judicium,
2973 4290 3147 4346 neque
3175 4276 3228 4330 in
3254 4277 3364 4331 ullo
3386 4277 3678 4332 falluntur?
3706 4278 3846 4344 Sed,

2249 4367 2293 4421 si
2322 4378 2529 4436 gratum
2556 4376 2655 4433 est,
2688 4369 2883 4423 iterum
2910 4368 2976 4423 ad
3005 4378 3311 4424 contextum
3354 4376 3615 4425 sermonis
3659 4386 3852 4427 rever-

2252 4468 2446 4524 tamur,
2482 4468 2539 4513 et
2565 4459 2751 4528 paucis
2774 4460 3062 4529 propositis
3090 4460 3252 4514 ﬁnem
3280 4461 3528 4531 loquendi
3557 4460 3848 4529 faciamus,

2251 4559 2311 4606 ut
2350 4551 2614 4606 dictorum
2656 4554 2914 4608 memoria
2954 4555 3118 4609 menti
3163 4564 3357 4610 vestrae
3396 4554 3667 4626 inligatur.
3711 4556 3850 4612 Nam

2253 4652 2529 4712 postquam
2556 4642 2828 4713 Scriptura
2868 4659 3171 4700 sermonem
3211 4646 3279 4701 de
3318 4646 3500 4701 divino
3529 4650 3696 4718 signo
3724 4651 3851 4703 ﬁni-

2252 4734 2347 4800 vit,
2375 4748 2473 4787 nos
2499 4733 2694 4788 iterum
2724 4735 2917 4790 docere
2942 4736 3053 4791 vult
3076 4737 3176 4791 alia
3209 4752 3328 4806 qum
3351 4738 3419 4791 ad
3449 4738 3657 4807 justum
3698 4741 3848 4794 illum

2248 4832 2307 4879 et
2339 4824 2475 4881 ﬁlios
2502 4826 2642 4880 illius
2679 4828 2969 4896 pertinent,
3015 4838 3069 4883 et
3111 4828 3243 4883 dicit
3294 4848 3309 4883 :
3353 4830 3441 4884 18.
3484 4830 3647 4883 Erant
3678 4844 3854 4886 autem

2253 4919 2357 4987 ﬁlii
2383 4917 2514 4981 Noe,
2547 4920 2632 4988 qui
2675 4920 2737 4973 de
2776 4936 2897 4973 arca
2936 4922 3121 4992 egressi
3166 4931 3303 4987 sunt,
3336 4920 3477 4987 Sem,
3518 4922 3705 4991 Citam,
3752 4927 3849 4979 Jan

2256 5011 2429 5079 pheth.
2458 5008 2616 5065 Cltam
2651 5021 2817 5064 autent
2845 5022 2951 5065 erat
2982 5023 3122 5082 pater
3149 5012 3415 5067 Chanaan.
3450 5015 3535 5069 l9.
3569 5013 3700 5069 Tres
3730 5029 3853 5070 sunt

2252 5104 2305 5156 Ιιί
2330 5102 2425 5173 [illi
2453 5101 2601 5167 Noe;
2632 5105 2695 5157 ab
2725 5102 2831 5158 istis
2858 5105 3073 5173 dispersi
3100 5117 3214 5159 sunt
3235 5122 3388 5177 super
3411 5123 3609 5159 onmem
3634 5118 3847 5164 terram.

2253 5197 2479 5267 Dignum
2519 5199 2605 5251 hic
2635 5196 2795 5252 fuerit
2821 5206 2879 5252 ut
2917 5199 3245 5268 inquiramus
3290 5213 3457 5269 quare
3485 5199 3665 5253 divina
3695 5201 3851 5257 Seri-

2252 5301 2404 5359 ptura
2436 5289 2535 5343 hos
2564 5299 2669 5345 tres
2702 5290 2837 5343 ﬁlios
2875 5292 3366 5357 commemorando,
3410 5292 3591 5346 subdit
3624 5310 3642 5346 :
3686 5293 3854 5349 Cham

2252 5392 2417 5435 autem
2448 5391 2553 5434 erat
2580 5392 2729 5452 pater
2758 5383 3021 5436 Chanaan.
3072 5383 3151 5438 Ne
3199 5386 3416 5453 putetis,
3450 5386 3698 5449 obsecro,
3750 5389 3854 5443 hoc

2250 5475 2451 5540 absque
2474 5486 2630 5526 causa
2664 5472 2828 5527 fuisse
2868 5474 3135 5542 adjectum
3176 5492 3188 5527 :
3220 5474 3353 5528 nihil
3393 5476 3536 5530 enim
3579 5476 3631 5529 in
3666 5478 3851 5533 divina

2251 5561 2523 5631 Scriptum
2553 5562 2877 5628 continetur,
2904 5564 3044 5633 quod
3074 5581 3178 5618 non
3205 5564 3379 5634 aliqua
3408 5566 3615 5621 ratione
3642 5568 3850 5624 dictum

2250 5655 2339 5718 sit,
2377 5671 2495 5723 qua:
2541 5669 2647 5710 non
2694 5663 2751 5709 et
2801 5655 3055 5710 latentem
3100 5657 3153 5710 in
3195 5672 3256 5711 se
3304 5657 3492 5712 habeat
3539 5660 3849 5718 utilitatem.

2246 5746 2424 5821 Quare
2450 5762 2578 5816 ergo
2607 5747 2944 5817 signiﬁcavit,
2973 5745 3131 5802 Citam
3171 5759 3342 5801 autem
3379 5761 3486 5803 erat
3528 5762 3672 5819 pater
3709 5750 3847 5807 Cim-

2253 5838 2428 5893 naan.’
2457 5837 2633 5894 Voluit
2662 5854 2755 5909 per
2786 5838 2887 5895 hoc
2915 5839 3069 5896 nobis
3094 5839 3237 5896 illius
3266 5840 3734 5912 intemperantiam
3766 5846 3849 5898 in-
