4062 6396
168 386 279 439 αττ

168 500 337 555 αὐτοῦ
383 501 479 574 τὴν
522 500 860 574 ὑπερϐολήνς
908 500 1018 554 Καὶ
1053 501 1166 554 οὐκ
1221 501 1392 555 ἔσται
1437 501 1526 556 ἔτι
1572 501 1728 570 ὕδωρ
1759 503 1846 567 είς

170 591 628 661 κατακλυσμὸν,
655 590 812 643 ὥστε
833 587 1148 656 ἐξαλεῖψαι
1186 587 1392 642 πᾶσαν
1424 588 1642 659 σάρκα’
1672 589 1848 642 τοιοῦ-

168 695 260 742 τος
291 679 502 749 ὄμϐρος
533 678 715 732 οὐκέτι
750 677 925 732 ἔσται.
974 676 1194 750 Ἐπειδὴ
1221 671 1330 730 οἶδε
1364 677 1520 730 τοῦτο
1549 677 1848 730 δεδοικυῖαν

169 770 270 835 τὴν
299 766 651 838 ἀνθρωπίνην
689 765 871 835 φύσιν,
909 765 1011 837 ὅρα
1055 763 1173 828 πῶς
1204 764 1447 834 συνεχῶς
1476 767 1708 818 ποιεῖται
1751 763 1850 834 τὴν

172 857 498 926 ὑπόσχεσιν,
523 854 804 926 μονονουχὶ
826 853 1022 923 λέγων’
1058 853 1162 907 κᾶν
1191 853 1337 924 ἴδητε
1368 853 1567 924 πολλὴν
1607 852 1716 906 τῶν
1745 852 1848 922 δμ-

171 944 320 1013 ϐρων
356 944 460 1015 τὴν
505 943 696 1014 φορὰν,
734 941 868 1014 μηδὲ
902 940 1045 996 οὓτω
1079 940 1313 1011 χαλεπόν
1351 959 1404 994 τι
1446 939 1846 1010 ὐποπτεύσητε.

166 1035 247 1086 οὐ
282 1033 397 1103 γὰρ
441 1026 616 1087 ἔσται
652 1032 720 1086 τὸ
755 1032 914 1100 ὕδωρ
945 1033 1033 1097 εις
1072 1029 1521 1100 κατακλυσμὸν,
1553 1029 1709 1083 ὥστε
1746 1029 1849 1094 ἐξ-

170 1121 422 1190 αλεῖψαι
469 1119 678 1177 πᾶσαν
717 1117 934 1187 σάρκαι
967 1117 1208 1182 τοιοῦτος
1235 1118 1440 1189 δμϐρος
1465 1119 1647 1171 οὐκέτι
1674 1117 1844 1183 ἔσται,

171 1209 433 1280 τοιαύτης
457 1208 882 1278 ἀγανακτήσεως
922 1205 1106 1258 οὐκέτι
1134 1205 1524 1276 πειραθήσεται
1552 1206 1584 1276 ὴ
1617 1204 1725 1258 τῶν
1751 1204 1848 1257 άν-

172 1298 412 1368 θρὼπων
441 1296 624 1366 φύσις.
664 1295 773 1348 Καὶ
805 1294 1000 1358 ἔσται,
1028 1293 1182 1362 φησὶ,
1221 1292 1288 1346 τὸ
1323 1293 1506 1356 τόξον
1530 1309 1649 1361 μου
1679 1292 1748 1346 ἐν
1775 1290 1851 1361 τῇ

173 1385 428 1454 νεφέλῃ,
461 1384 561 1438 καὶ
601 1383 821 1452 ὄψομαι
864 1381 970 1434 τοῦ
997 1378 1342 1449 μνησθῆναι
1373 1379 1665 1448 διαθήκην
1715 1380 1849 1432 ald)-

172 1492 304 1527 νιςν
365 1473 487 1527 ἀνὰ
527 1470 723 1540 μέσον
766 1469 874 1523 τοῦ
929 1468 1101 1531 Θεοῦ,
1137 1467 1237 1522 καὶ
1278 1466 1394 1522 ἀνὰ
1429 1465 1624 1535 μέσον
1647 1467 1852 1534 πάσης

171 1561 387 1632 ψυχῆς
413 1561 606 1627 ζώσης
628 1559 698 1613 ἐν
721 1557 890 1624 πάσῃ
919 1557 1122 1624 σαρκί.
1149 1553 1349 1608 Σκόπει
1387 1555 1503 1617 πῶς
1534 1554 1853 1625 βουλόμενος

172 1653 249 1710 εἰς
270 1651 478 1722 Θάρσος
501 1648 596 1702 καὶ
623 1649 702 1711 είς
730 1643 1101 1716 πληροφορίαν
1128 1643 1356 1711 ἀγαγεῖν
1378 1640 1476 1712 τὴν
1506 1640 1857 1712 ἀνθρωπίνην

173 1739 358 1809 φύσιν,
384 1739 530 1808 πόσῃ
556 1733 904 1802 ταπεινότητι
925 1729 1035 1784 τῶν
1059 1731 1231 1800 λόγων
1260 1729 1544 1802 κέχρηται.
1590 1729 1699 1783 Καὶ
1727 1729 1855 1800 ὅψο-

176 1846 290 1898 μαι,
322 1827 488 1896 φησὶ,
515 1823 609 1877 τοῦ
641 1818 1232 1894 μνησθῆναιδιαθήκης
1256 1835 1378 1889 μου.
1419 1817 1485 1870 Ἦ
1508 1817 1630 1886 ὖψις
1658 1811 1751 1870 οὖν
1773 1818 1854 1880 είς

175 1917 402 1984 μνήμην
432 1911 598 1967 αὐτδν
643 1913 800 1979 ἄγεις
847 1911 960 1981 Οὐχ
995 1909 1083 1962 ῖνα
1110 1906 1268 1960 τοῦτο
1301 1905 1749 1974 ὑποπτεύσωμεν·
1778 1904 1852 1976 μὴ

174 2003 406 2069 γένοιτο·
444 2000 562 2054 ἀλλ’
588 2000 674 2053 ἵνα
695 2000 822 2052 ὅταν
852 1998 1055 2068 ἴδωμεν
1077 1995 1138 2049 τὸ
1169 1997 1393 2064 σημεῖον
1422 1993 1598 2057 τοῦτο,
1632 1993 1855 2064 θαρρεῖν

175 2089 396 2159 ῐχωμεν
422 2089 492 2157 τῇ
518 2085 614 2138 τοῦ
635 2084 769 2138 Θεοῦ
800 2083 1126 2153 ἐπαγγελία,
1153 2081 1248 2135 καὶ
1279 2080 1354 2144 ὡς
1383 2080 1480 2150 οὐχ
1505 2075 1616 2132 οἷόν
1640 2096 1699 2132 τε
1732 2079 1853 2132 δια-

176 2177 365 2228 πεσεῖν
410 2175 514 2238 τὰς
559 2172 654 2226 τοῦ
695 2171 830 2225 Θεοῦ
887 2169 1230 2240 ὑποσχέσεις.
1275 2167 1384 2221 Καὶ
1425 2165 1596 2220 εἶπεν
1624 2169 1657 2221 ό
1689 2166 1854 2232 Θεὸς,

177 2265 331 2333 φησι,
379 2261 464 2327 τῷ
503 2259 651 2316 Νῶεο
697 2259 878 2315 Τοῦτο
908 2258 971 2312 τὸ
1010 2257 1264 2327 σημεῖον
1295 2255 1406 2324 τῆς
1439 2253 1751 2322 διαθήκης,
1781 2251 1858 2324 ἧς

175 2350 462 2418 διεθέμην
519 2348 639 2402 ἀνὰ
683 2345 880 2418 μέσον
927 2346 1093 2415 ἐμοῦ,
1130 2346 1229 2400 καὶ
1260 2345 1377 2398 ἀνὰ
1406 2344 1603 2412 μέσον
1651 2339 1858 2409 πάσης

173 2437 427 2505 σαρκὸς,
466 2435 505 2502 ἢ
541 2437 713 2490 ἑστιν
740 2434 839 2487 ἐπὶ
872 2433 982 2501 τῆς
1024 2432 1156 2503 γῆς.
1195 2431 1447 2495 Ἕλαϐες,
1485 2430 1639 2500 φησὶ,
1669 2429 1730 2482 τὸ
1759 2447 1857 2500 ση-

178 2529 350 2596 μεῖον,
384 2526 523 2595 ὅπερ
546 2524 753 2578 δέδωκα
812 2521 1014 2592 μεταξὺ
1042 2521 1178 2592 ἐμοῦ
1203 2521 1296 2575 καὶ
1325 2521 1506 2591 πάσης
1539 2518 1739 2590 σαρκὸς
1759 2519 1858 2588 τῆς

174 2615 344 2684 οὗσης
375 2615 470 2666 ἐπί
495 2613 592 2682 τῆς
619 2612 744 2681 γῆς.
771 2611 983 2682 Μηκέτι
1009 2609 1277 2680 ταράττου
1309 2607 1406 2679 τὴν
1430 2607 1690 2668 διάνοιαν,
1723 2606 1857 2677 μηδὲ

177 2701 415 2774 θορυϐοῦ
457 2701 550 2753 τὸν
583 2701 840 2770 λογισμὸν
879 2697 1031 2770 [275]
1075 2697 1213 2751 ἀλλά
1265 2696 1404 2768 πρὸς
1445 2695 1602 2748 τοῦτο
1645 2694 1857 2764 βλέπων

177 2792 268 2844 καὶ
295 2791 466 2853 αὐτὸς
491 2788 582 2861 ἐχε
604 2788 845 2859 χρηστὰς
879 2786 979 2849 τὰς
1010 2786 1251 2849 ἐλπίδας,
1276 2786 1370 2838 καὶ
1391 2785 1440 2837 οἱ
1478 2783 1615 2854 μετὰ
1645 2783 1703 2836 σέ
1733 2784 1857 2838 πάν-

177 2897 265 2944 τες
319 2880 424 2949 τῆς
464 2877 710 2930 ἐντεῦθεν
760 2875 1116 2947 παραμυθίας
1167 2873 1624 2936 ἀπολαυέτωσαν,
1672 2871 1765 2925 καὶ
1822 2873 1857 2944 ἡ

177 2966 298 3036 θψις
338 2966 436 3019 τοῦ
476 2964 703 3036 σημείου
735 2963 1021 3034 παρεχέτω
1043 2961 1287 3033 θαρρεῖν,
1311 2962 1386 3024 ὡς
1412 2960 1596 3014 οὐκέτι
1620 2957 1860 3013 τοιοῦτον

179 3053 474 3109 κλυδώνιον
490 3052 591 3122 τὴν
613 3052 938 3121 οἰκουμένην
962 3049 1351 3120 καταλήψεται.
1386 3048 1505 3101 Κᾶν
1528 3047 1640 3118 γὰρ
1666 3045 1861 3100 ἐπιτεί-

179 3158 341 3212 νηται
378 3140 488 3193 τῶν
529 3139 833 3212 ἀνθρώπων
869 3138 940 3191 τὰ
983 3137 1378 3207 ἁμαρτήματα,
1413 3135 1529 3188 ἀλλ’
1559 3134 1670 3203 ἐγὼ
1716 3134 1860 3206 άπερ

181 3229 504 3298 ὑπεσχόμην
544 3227 719 3280 ταῦτα
751 3225 1044 3296 πληρώσω,
1085 3224 1178 3277 καὶ
1209 3224 1391 3276 οὐκέτι
1425 3223 1680 3291 τοιαύτην
1717 3223 1862 3277 κατὰ

179 3319 402 3370 πάντων
419 3315 789 3386 ἀγανάκτησιν
807 3315 1120 3384 ποιήσομαι.
1149 3311 1332 3363 Είδετε
1349 3310 1863 3380 ἀγαθότητοςύπερ-

182 3407 380 3477 ϐολήν;
412 3405 584 3456 εἴδετε
614 3400 1072 3469 συγκαταϐάσεως
1104 3390 1370 3468 μέγεθος;
1409 3398 1577 3450 είδετε
1629 3398 1862 3469 κηδεμο⁶

181 3495 302 3558 νίας
333 3495 622 3558 ἐπίτασιν;
667 3490 832 3543 εἴδετε
880 3487 1192 3557 φιλοτιμίας
1232 3486 1596 3554 ἐπαγγελίαν;
1645 3487 1720 3539 Οὐ
1752 3486 1862 3556 γάρ

187 3586 351 3653 μέχρι
395 3580 490 3632 δύο
535 3579 630 3632 καὶ
665 3577 832 3648 τριῶν
879 3577 973 3628 καὶ
1013 3575 1145 3628 δέκα
1173 3574 1376 3642 γενεῶν
1409 3573 1669 3638 ἐξέτεινεν
1698 3573 1864 3627 αὐτοῦ

183 3673 282 3742 τὴν
328 3668 672 3739 εὐεργεσίαν,
707 3664 842 3719 ἀλλά
872 3667 940 3735 τῇ
979 3663 1235 3716 συστάσει
1287 3662 1378 3715 τοῦ
1417 3662 1622 3732 κόσμου
1659 3661 1872 3733 ταύτην·

184 3755 604 3827 Μρεκταθῆναι
631 3753 920 3820 ὑπέσχετο,
951 3750 1037 3802 ἵνα
1070 3748 1130 3814 ἐξ
1151 3749 1427 3820 ἑκατέρων
1453 3748 1866 3818 σωφρονιζώμε-

183 3846 277 3910 θα,
320 3844 416 3897 κα)⁵
455 3842 514 3907 ἐξ
538 3835 614 3893 ὧν
643 3841 838 3892 ἐκεῖνοι
867 3837 955 3890 διὰ
984 3837 1045 3889 τὸ
1073 3837 1181 3889 τῶν
1205 3837 1624 3907 ἁμαρτημάτων
1661 3837 1864 3908 πλῆθος

181 3931 445 4000 τοιαύτην
482 3927 800 3992 ἐπεδέξαντο
820 3925 1112 3996 τιμωρίαν,
1149 3925 1244 3977 καὶ
1281 3923 1341 3988 ἐξ
1371 3917 1445 3978 ὧν
1471 3925 1631 3994 ἡμεῖς
1654 3923 1741 3978 διὰ
1762 3925 1864 3995 τὴν

184 4023 396 4087 ἄφατον
443 4015 610 4070 αὐτοῦ
660 4012 1068 4084 φιλανθρωπίαν
1098 4011 1352 4081 τοιαύτης
1381 4011 1690 4082 ἠξιώθημεν
1734 4013 1868 4066 ὐπο-

187 4110 449 4178 σχέσεως.
479 4107 523 4158 Τ
527 4106 620 4167 οῦς
645 4102 755 4174 γὰρ
782 4101 907 4155 νοῦν
933 4101 1154 4171 ἔχοντας
1183 4101 1276 4154 καὶ
1297 4103 1358 4154 at
1384 4103 1692 4172 εὐεργεσίαι
1725 4101 1864 4172 μᾶλ-

183 4195 278 4248 λον
317 4196 355 4264 ἢ
403 4196 460 4247 αἱ
492 4191 755 4263 τιμωρίαι
787 4189 1106 4258 ἐφέλκονται
1153 4189 1288 4260 πρὸς
1331 4189 1431 4260 τὴν
1473 4189 1718 4258 ὑπακοὴν
1755 4188 1879 4243 τῶν

185 4283 606 4352 ἐπιταγμάτων.

261 4372 357 4442 Μὴ
383 4370 572 4423 τοίνυν
591 4352 906 4435 ἀγνώμονες
935 4363 1236 4433 γινώμεθα.
1259 4364 1322 4416 El
1347 4363 1456 4434 γὰρ
1483 4365 1575 4416 καὶ
1604 4363 1730 4436 πρὶν
1753 4363 1786 4435 ἦ
1809 4381 1861 4416 τι

187 4459 395 4527 ἀγαθὸν
424 4457 572 4526 ἡμᾶς
595 4451 982 4517 ἐπιδείξασθαι,
1013 4452 1210 4522 μᾶλλον
1235 4450 1291 4503 δὲ
1323 4451 1416 4503 καὶ
1441 4450 1712 4513 κολάσεως
1739 4450 1864 4515 ἄξια

187 4547 603 4619 ἐργασαμένους
634 4542 902 4612 τοσαύτης
930 4543 1130 4611 ἠξίωσε
1169 4539 1268 4605 τῆς
1310 4540 1651 4609 εὐεργεσίας,
1677 4540 1726 4591 εί
1775 4539 1864 4592 εὐ-

188 4639 474 4710 γνώμονες
517 4633 828 4704 γενὼμεθα,
860 4631 956 4685 καὶ
987 4632 1084 4699 τὴν
1107 4631 1199 4682 ἐπὶ
1235 4631 1346 4692 τοῖς
1384 4628 1742 4700 προλαϐοῦσιν
1772 4627 1864 4680 εὐ-

187 4728 483 4803 χαριστίαν
517 4721 937 4792 ἐπιδειξώμεθα,
965 4720 1059 4773 καὶ⁴
1104 4718 1304 4788 πολλὴν
1331 4718 1429 4788 τὴν
1453 4718 1544 4769 ἐπὶ
1569 4717 1629 4769 τὸ
1657 4716 1864 4786 βέλτιον

193 4816 506 4889 μεταϐολὴν
531 4807 904 4882 ποιησώμεθα,
932 4807 1104 4878 πόσης
1129 4806 1228 4858 οὐκ
1264 4805 1330 4858 ἂν
1355 4804 1516 4857 πάλιν
1538 4806 1684 4874 ἡμᾶς
1705 4804 1866 4871 ἀξιώ.

191 4921 264 4976 σῃ
295 4903 400 4972 τῆς
436 4901 566 4972 παρ’
603 4897 768 4952 αὐτοῦ
805 4895 1153 4965 φιλοτιμίας;
1185 4893 1247 4946 EE
1284 4892 1392 4962 γὰρ
1424 4891 1672 4956 ἀναξίους
1708 4892 1868 4956 ὄντας

188 4985 498 5060 εὐεργετεῖ,
544 4987 638 5041 καὶ
678 4985 1068 5056 ἡμαρτηκότας
1119 4981 1642 5052 φιλανθρωπεύεταιθ
1687 4980 1736 5032 εί
1769 4981 1866 5050 τῆς

190 5078 397 5140 κακίας
417 5074 752 5136 ἀποστάντες
775 5073 872 5143 τὴν
901 5069 1100 5141 ἀρετὴν
1135 5066 1552 5138 μεταδιὼξομεν,
1575 5067 1732 5120 τίνων
1768 5067 1874 5120 οὐκ

187 5162 592 5233 ξπιτευξόμεθα
614 5179 630 5228 ;
677 5159 777 5213 Διά
800 5159 918 5233 γὰρ
940 5156 1094 5210 τοῦτο
1121 5153 1535 5227 προλαμϐάνων
1562 5153 1760 5218 πολλάς
1789 5157 1874 5220 είς.

191 5255 350 5325 ἡμᾶς
545 5225 1290 5319 εὐεργεσίας-’κατατίθεταα
1341 5241 1434 5294 καὶ
1478 5241 1870 5314 ἡμαρτηκότας

192 5341 364 5396 πάλιν
392 5339 531 5402 ἀξιοῖ
552 5333 901 5404 συγγνώμης,
937 5333 1032 5385 καὶ
1070 5331 1169 5396 τὰς
1205 5330 1480 5401 τιμωρίας
1523 5329 1674 5401 παρὰ
1701 5331 1870 5396 πόδας

190 5431 299 5482 οὐκ
356 5426 572 5492 ἐπάγει,
619 5424 708 5476 ἵνα
760 5421 851 5475 διὰ
897 5421 1114 5474 πάντων
1159 5421 1306 5490 ἡμᾶς
1356 5418 1744 5488 ἐφελκύσηται,
1774 5420 1869 5473 καὶ

191 5516 261 5570 δι’
309 5508 387 5566 ὧν
426 5511 724 5582 εὐεργετεῖ,
754 5507 849 5561 καὶ
891 5505 959 5560 δι’
996 5500 1071 5560 ὧν
1112 5506 1470 5578 μακροθυμεῖ.
1505 5505 1772 5569 Πολλάκις
1813 5507 1872 5559 δὲ

193 5602 292 5656 καὶ
320 5599 388 5651 δι’
414 5592 489 5650 ὧν
512 5596 687 5658 ἐνίους
712 5593 951 5659 κολάζει,
988 5592 1207 5663 ἐτέρους
1242 5593 1456 5660 ἐνάγειν
1483 5591 1751 5662 βούλεται,
1785 5593 1874 5648 ἵνα

192 5689 276 5758 τῷ
299 5685 525 5738 ἐκείνων
555 5682 704 5753 φόϐῳ
727 5680 1183 5752 σωφρονισθέντες
1207 5679 1306 5749 τῆς
1332 5681 1600 5752 τιμωρίας
1624 5681 1723 5752 τὴν
1753 5683 1873 5734 πεῖ-

196 5795 306 5852 ραν
325 5773 679 5842 διαφύγωσιν.
708 5769 858 5833 Εἶδες
879 5770 1187 5840 εὐμήχανον
1216 5766 1380 5827 αὐτοῦ
1403 5768 1807 5839 φιλανθρωπίαν
1828 5779 1870 5835 ⁸,

199 5868 324 5928 πῶς
358 5863 534 5916 πάντα
555 5860 624 5913 τὰ
651 5859 782 5928 παρ’
815 5856 982 5912 αὐτοῦ
1013 5857 1271 5928 γινόμενα
1318 5856 1386 5911 δι’
1424 5856 1481 5912 ἓν
1521 5857 1678 5911 τοῦτο
1709 5860 1870 5930 μόνον

253 5994 290 6025 λ
314 5989 416 6041 Alii
453 5989 718 6050 ε’ἒμήχανον
745 5984 830 6036 τοῦ
855 5983 981 6035 Θεοῦ
1000 5983 1097 6049 φιλ.

1282 384 1348 440 ΙΝ
1385 383 1541 440 CAP.
1581 381 1650 438 IX
1689 379 1936 438 GENES.
1977 381 2210 438 HOMIL.
2251 383 2488 439 XXVIII.

3507 387 3612 443 εεσ

1948 497 2177 568 γίνεται,
2208 499 2296 553 διὰ
2325 501 2422 571 τὴν
2454 501 2724 572 σωτηρίαν
2758 503 2856 573 τὴν
2882 501 3187 572 ἡμετέραν;
3226 501 3410 556 Ταῦτα
3437 505 3617 559 τοίνυν

1947 588 2269 654 ἐννοοῦντες,
2325 588 2399 660 μὴ
2449 587 2817 660 ρᾳθυμῶμεν,
2876 589 3010 659 μηδὲ
3055 588 3345 660 ἀμελῶμεν
3393 589 3634 663 ἀρετῆς,

1951 677 2084 748 μηδέ
2107 679 2233 741 τοὺς
2278 678 2407 748 παρ’
2433 676 2597 730 αὐτοῦ
2626 676 2879 740 τεθέντας
2912 676 3110 746 νόμους
3156 677 3612 750 παρατρέχωμεν.

1957 765 2084 818 Ἐὰν
2105 765 2212 838 γὰρ
2242 767 2324 836 ἴδῃ
2353 763 2779 835 ἐπιστρέφοντας
2799 765 2965 834 ἡμᾶς,
2990 765 3079 816 καὶ
3102 761 3492 833 ἡσυχάζοντας,
3523 767 3617 822 καί⁹

1946 851 2082 916 ὅλως
2112 855 2285 924 ἀρχήν
2312 871 2431 906 τινα
2459 852 2830 924 ποιουμένους,
2856 852 2948 904 καὶ
2978 852 3139 915 αὐτὸς
3166 853 3233 905 τὰ
3265 853 3394 924 παρ’
3422 855 3618 909 ἑαυτοῦ

1951 940 2312 1013 συνεισφέρει,
2335 941 2513 1010 κοῦφα
2545 942 2636 994 καὶ
2673 941 2830 1012 ῥᾴδια
2859 941 2989 1011 ἡμῖν
3022 941 3237 994 ἅπαντα
3271 945 3614 997 κατασκευά-

1949 1026 2079 1094 ζων,
2120 1029 2212 1082 καὶ
2245 1029 2345 1081 οὐκ
2371 1028 2550 1097 ἀφιεὶς
2581 1028 2701 1082 οὐδὲ
2729 1027 2978 1098 αἴσθησιν
3001 1027 3184 1080 λαϐεῖν
3220 1029 3328 1081 τῶν
3350 1029 3448 1100 τῆς
3485 1031 3616 1101 ἀρε-

1948 1117 2051 1188 τῆς
2080 1119 2274 1172 πόνων.
2311 1119 2480 1171 Ὅταν
2518 1116 2626 1188 γὰρ
2666 1116 2811 1186 ψυχὴ
2853 1117 2988 1187 πρὸς
3021 1116 3111 1169 τὸν
3155 1116 3288 1170 Θεὸν
3331 1117 3484 1191 τείνῃ
3518 1119 3617 1190 τὴν

1948 1205 2206 1270 διάνοιαν,
2237 1205 2336 1259 οὐκ
2371 1205 2452 1258 ἐτι
2490 1204 2678 1259 λοιπὸν
2716 1203 3058 1275 ἀπατηθῆναι
3101 1203 3323 1259 δύναται
3371 1205 3478 1259 ὑπὸ
3517 1207 3618 1277 τῆς

1949 1295 2126 1365 ὅψεως
2180 1295 2290 1349 τῶν
2355 1295 2682 1367 ὁρωμένων,
2738 1293 2876 1348 ἀλλά
2943 1293 3118 1347 πάντα
3174 1295 3616 1366 παρατρέχουσα,

1950 1384 2338 1455 ἀκριϐέστερον
2359 1382 2565 1436 τούτων
2597 1381 2706 1436 τῶν
2741 1383 2849 1453 πρὸ
2875 1381 2983 1435 τῶν
3007 1382 3300 1453 ὀφθαλμῶν
3326 1383 3482 1454 ἡμῶν
3506 1401 3618 1437 κει-

1955 1473 2131 1543 μένων
2155 1474 2336 1526 ἐκεῖνα
2365 1472 2690 1542 φαντάζεται
2727 1470 2796 1524 τά
2831 1469 2908 1542 μὴ
2941 1469 3249 1540 βλεπόμενα
3281 1473 3394 1534 τοῖς
3428 1488 3618 1540 σωμα-

1951 1562 2122 1622 τικοῖς
2153 1559 2468 1630 ὀφθαλμοῖς,
2501 1558 2596 1612 καὶ
2631 1557 2933 1628 μεταϐολὴν
2959 1557 3059 1611 οὐκ
3085 1558 3442 1630 ἐπιστάμενα,
3483 1559 3618 1613 ἀλλὰ

1951 1648 2214 1719 διηνεκῶς
2262 1648 2512 1719 μένοντα,
2556 1647 2650 1700 καὶ
2687 1647 2998 1717 πεπηγότα,
3031 1646 3126 1701 καὶ
3159 1646 3392 1714 ἀκίνητα
3417 1647 3620 1716 τυγχά-

1952 1753 2130 1790 νοντα.
2161 1735 2403 1790 Τοιοῦτοι
2431 1735 2540 1807 γὰρ
2567 1736 2616 1789 οί
2644 1734 2744 1805 τῆς
2770 1734 3007 1798 διανοίας
3038 1733 3325 1806 ὀφθαλμοί·
3359 1736 3495 1806 πρὸς
3519 1737 3620 1806 τὴν

1954 1825 2178 1879 ἐκείνων
2206 1823 2335 1877 θέαν
2372 1821 2637 1893 διηνεκῶς
2665 1821 2930 1894 ἀφορῶσι,
2960 1822 3056 1875 καὶ
3088 1823 3209 1886 ταῖς
3237 1823 3446 1878 ἐκεῖθεν
3481 1842 3621 1897 μαρ-

1958 1914 2229 1984 μαρυγαῖς
2257 1909 2726 1981 καταυγαζόμενοι
2754 1909 2932 1964 πάντα
2961 1908 3031 1964 τὰ
3058 1907 3152 1964 τοῦ
3187 1912 3454 1982 παρόντος
3479 1913 3618 1982 βίου,

1955 1998 2104 2072 [274]
2127 1999 2202 2063 ὡς
2229 1999 2360 2071 δναρ
2387 1999 2481 2053 καὶ
2511 1998 2691 2063 σκιὰν,
2720 1998 3176 2069 παρατρέχουσιν,
3204 1999 3385 2052 οὐκέτι
3407 2001 3622 2070 ἀπάτην

1956 2088 2337 2158 ὑπομένοντες.
2361 2087 2478 2140 οὐδὲ
2510 2085 2970 2157 παραλογισθῆναι
3003 2086 3308 2157 δυνάμενοι·
3355 2088 3492 2142 ἀλλὰ
3520 2089 3621 2144 κᾶν

1956 2175 2182 2228 πλοῦτον
2208 2175 2411 2239 ἴδωσιν,
2443 2173 2646 2237 εὐθέως
2677 2172 3072 2241 καταγελῶσιν,
3095 2174 3290 2238 εἰδότες
3315 2176 3396 2229 ὅτι
3420 2176 3622 2248 δραπέ-

1955 2278 2050 2314 του
2108 2261 2310 2325 παντὸς
2369 2259 2847 2330 ἀγνωμονέστερον
2904 2259 3012 2314 ἀπὸ
3060 2260 3247 2314 τούτου
3299 2265 3377 2326 είς
3417 2263 3622 2316 ἐκεῖνον

1961 2351 2263 2420 μεταπηδᾷ,
2298 2349 2392 2402 καὶ
2430 2348 2686 2402 οὐδέποτε
2712 2349 2947 2412 ἵσταται,
2975 2349 3110 2402 ἀλλὰ
3145 2349 3236 2403 καὶ
3275 2351 3443 2422 μυρία
3477 2353 3623 2406 κακά

1955 2437 2080 2500 τοὺς
2139 2436 2506 2507 κεκτημένους
2557 2435 2848 2506 διατίθησι,
2883 2437 2977 2490 καὶ
3033 2439 3113 2500 είς
3155 2438 3338 2502 αὐτὸν,
3403 2431 3482 2503 ὥς
3541 2442 3620 2492 εἱ-

1957 2529 2100 2590 πεῖν,
2130 2527 2230 2598 τῆς
2257 2526 2452 2589 κακίας
2483 2525 2574 2578 τὸν
2606 2524 2851 2596 κρημνὸν
2872 2525 3070 2588 αὐτοὺς
3099 2523 3246 2589 ὦσας
3275 2527 3621 2582 καταϐάλλει.

1956 2614 2078 2667 Κᾶν
2105 2611 2352 2684 σώματος
2376 2611 2677 2682 εὐμορφίαν
2710 2611 3030 2674 θεάσωνται,
3055 2611 3215 2664 πάλιν
3243 2613 3340 2664 οὐκ
3373 2615 3624 2686 ἐπιστρέ-

1959 2720 2170 2772 φονται,
2191 2701 2527 2772 λογιζόμενοι
2559 2701 2617 2754 τὸ
2655 2700 2936 2772 ἐπίκηρον,
2967 2701 3028 2753 τὸ
3065 2702 3497 2773 εὐμετάϐλητον,
3531 2704 3626 2756 καὶ

1957 2793 2038 2845 ὅτι
2059 2791 2252 2862 ἀθρόον
2273 2789 2428 2852 νόσος
2449 2788 2751 2842 ἐπελθοῦσα
2773 2789 2953 2841 πᾶσαν
2971 2787 3185 2859 ἐκείνην
3203 2788 3301 2858 τὴν
3323 2790 3624 2859 εὐμορφίαν

1959 2880 2210 2949 ἠφάνισε,
2243 2879 2338 2933 καὶ
2366 2877 2472 2948 πρὸ
2504 2877 2605 2947 τῆς
2636 2875 2790 2929 νόσου
2821 2875 2998 2946 γῆρας
3022 2875 3326 2929 καταλαϐὸν
3365 2878 3499 2947 ἀηδῆ
3530 2879 3626 2932 καὶ

1958 2967 2171 3039 ἀτερπῆ
2199 2967 2296 3036 τὴν
2328 2966 2433 3036 πρὸ
2457 2964 2644 3018 τούτου
2672 2963 2946 3035 εὔμορφον
2970 2963 3094 3032 ὄψιν
3118 2963 3508 3034 ἀπειργάσατο,
3531 2968 3625 3020 καὶ

1961 3055 2186 3120 θάνατος
2213 3055 2269 3108 δὲ
2305 3053 2546 3107 ἐπελθὼν
2583 3053 2802 3108 ἅπασαν
2827 3053 2927 3119 τὴν
2954 3051 3048 3104 τοῦ
3079 3051 3328 3122 σώματος
3357 3053 3506 3123 ὥραν
3545 3054 3623 3107 δι-

1961 3145 2198 3215 έφθειρε.
2232 3142 2345 3197 Κᾶν
2366 3141 2522 3206 δόξαν
2557 3141 2708 3195 ίδωσί
2740 3157 2863 3193 τινα
2891 3139 3370 3211 περιϐεϐλημένον,
3399 3141 3503 3196 κᾶν
3534 3143 3626 3196 δυ-

1960 3231 2234 3292 ναστείαν,
2278 3229 2382 3284 κᾶν
2419 3229 2498 3292 είς
2531 3227 2698 3299 αὐτὴν
2740 3227 2849 3281 τῶν
2882 3227 3209 3297 ἀξιωμάτων
3241 3230 3338 3298 τὴν
3382 3231 3626 3301 κορυφὴν

1961 3317 2344 3388 ἀνεληλυθὸτα,
2391 3317 2481 3370 καὶ
2541 3315 2722 3384 πάσης
2764 3315 3064 3385 εὐημερίας
3116 3314 3478 3378 ἀπολαύοντα,
3533 3320 3628 3371 καὶ

1958 3404 2148 3457 τοῦτον
2196 3403 2627 3474 παρατρέχουσιν
2683 3403 2760 3464 ὼς
2811 3402 2965 3454 οὐδὲν
3001 3401 3216 3471 βέϐαιον
3263 3403 3470 3472 ἔχοντα,
3507 3406 3629 3458 οὐδὲ

1962 3492 2236 3562 ἀκίνητον,
2257 3491 2371 3544 ἀλλ’
2389 3493 2472 3544 ἐπ’
2490 3491 2717 3552 ἐκείνοις
2739 3488 2881 3558 μέγα
2903 3488 3200 3559 φρονοῦντα
3216 3494 3328 3554 τοῖς
3349 3493 3628 3562 ποταμίων

1963 3579 2248 3651 ῥευμάτων
2273 3577 2469 3648 μᾶλλον
2495 3576 2914 3647 παρατρέχουσι.
2951 3575 3013 3628 Τί
3049 3574 3156 3645 γὰρ
3181 3577 3276 3646 τῆς
3303 3575 3457 3648 δόξης
3484 3581 3625 3632 άπά-

1964 3683 2065 3735 οης
2093 3665 2188 3718 τοῦ
2218 3664 2480 3736 παρόντος
2503 3663 2619 3734 βίου
2649 3662 3046 3733 εὐτελέστερον,
3075 3663 3205 3716 ὅταν
3237 3663 3315 3733 τῷ
3353 3665 3504 3719 ἄνθει
3531 3668 3636 3721 τοῦ

1963 3754 2157 3826 χόρτου
2184 3752 2628 3824 παραϐάλληται;
2654 3750 2826 3807 Πᾶσα
2846 3749 2955 3822 γὰρ
2979 3750 3129 3814 δόξα
3149 3752 3485 3822 ἀνθρώπου,
3520 3773 3627 3827 φη-

1965 3843 2170 3910 σὶν,νὼς
2190 3841 2370 3908 ἄνθος
2397 3841 2632 3910 χόρτου.

2033 3959 2074 4013 δ’
2082 4000 2096 4015 .
2122 3958 2635 4029 Εῖδετε,ἀγαπητοὶ,
2651 3957 2768 4020 πῶς
2794 3955 2927 4027 μετὰ
2958 3954 3238 4026 ἀκριϐείας
3253 3957 3453 4029 ὁρῶσιν
3465 3962 3512 4014 οἱ
3530 3961 3630 4032 τῆς

1964 4045 2198 4110 πίστεως
2218 4045 2505 4116 ὀφθαλμοὶ,
2529 4044 2750 4099 ἐπειδὰν
2773 4045 2910 4117 πρὸς
2939 4045 3030 4101 τὸν
3059 4045 3193 4099 Θεὸν
3285 4048 3553 4118 τεταμένη
3593 4051 3628 4118 ἡ

1963 4135 2170 4188 διάνοια
2194 4150 2209 4199 ;
2239 4132 2407 4186 εἴδετε
2430 4131 2548 4196 πῶς
2577 4135 2668 4186 ὑπ’
2699 4131 2914 4198 οὐδενὸς
2933 4133 3042 4187 τῶν
3069 4133 3361 4205 ὁρωμένων
3385 4135 3627 4206 παραλο-

1906 4239 1916 4244 ε
1963 4220 2217 4292 γισθῆναι
2267 4219 2539 4282 δύνανται,
2589 4219 2726 4274 ἀλλὰ
2771 4219 2870 4292 τὴν
2915 4219 3081 4293 ὀρθὴν
3127 4221 3235 4275 τῶν
3284 4224 3629 4292 πραγμάτων

1965 4310 2148 4379 ἔχουσι
2185 4307 2386 4379 κρίσιν,
2414 4308 2670 4379 οὐδεμίαν
2703 4309 2918 4380 ἀπάτην
2944 4308 3338 4380 ὑπομένοντεςς
3387 4310 3549 4374 Ἀλλ’,
3580 4313 3628 4365 εί

1963 4396 2129 4460 δοκεῖ,
2161 4395 2322 4450 πάλιν
2343 4397 2435 4449 ἐπὶ
2460 4396 2558 4466 τὴν
2581 4395 2903 4450 ἀκολουθίαν
2927 4395 3310 4468 ἐπανέλθωμεν
3329 4396 3421 4450 τοῦ
3448 4397 3630 4466 λόγου,

1965 4485 2061 4538 καὶ
2086 4483 2241 4552 ὀλίγα
2274 4482 2601 4553 προσθέντες
2641 4483 3087 4555 καταπαύσωμεν
3125 4485 3224 4556 τὴν
3261 4485 3628 4551 διδασκαλίαν,

1965 4571 2106 4625 ὥστε
2156 4572 2252 4625 καὶ
2284 4570 2378 4642 τὴν
2416 4572 2636 4641 μνήμην
2677 4571 2786 4624 τῶν
2825 4572 3132 4643 εἰρημένων
3167 4572 3446 4643 ἐντεθῆναι
3478 4573 3630 4644 ὑμῶν

1963 4668 2030 4732 τῇ
2057 4662 2280 4734 διανοίᾳ.
2319 4661 2535 4732 Ἐπειδὴ
2557 4661 2668 4734 γάρ
2699 4663 2943 4716 ἐτέλεσεν
2976 4665 3008 4730 ἡ
3031 4662 3151 4716 θεία
3170 4662 3359 4734 Γραφη
3386 4664 3483 4732 τὴν
3503 4664 3632 4733 περὶ

1964 4753 2060 4806 τοῦ
2103 4751 2246 4804 θείου
2297 4749 2522 4820 σημείου
2565 4749 2839 4820 διήγησιν,
2905 4748 3151 4818 βούλεται
3202 4749 3364 4802 πάλιν
3423 4749 3630 4812 διδάξαι

1965 4841 2115 4911 ἡμᾶς
2160 4839 2227 4891 τά
2265 4838 2407 4892 κατὰ
2449 4837 2540 4891 τὸν
2585 4837 2790 4890 δίκαιον
2827 4836 2922 4890 καὶ
2956 4837 3083 4899 τοὺς
3111 4834 3302 4888 τούτου
3334 4836 3501 4900 υίούς,
3539 4837 3630 4890 καί

1967 4941 2152 4997 φησιν’
2175 4921 2372 4980 Ἦσαν
2413 4923 2482 4978 δὲ
2527 4927 2581 4979 οί
2615 4923 2734 4978 υἱοί
2771 4923 2878 4977 τοῦ
2923 4923 3053 4976 Νῶε
3089 4923 3144 4976 οἱ
3175 4921 3526 4987 ἐξελθόντες
3560 4922 3630 4976 ἐκ

1967 5012 2080 5080 τῆς
2117 5011 2384 5078 κιϐωτοῦ,
2421 5010 2573 5079 Σὴμ,
2607 5011 2752 5080 Χὰμ,
2798 5008 3015 5077 Ἰάφεθ.
3054 5009 3184 5077 Χὰμ
3224 5007 3292 5061 δὲ
3319 5004 3398 5077 ἦν
3433 5008 3630 5078 πατὴρ

1968 5101 2075 5154 τοῦ
2099 5098 2362 5153 Χαναάν.
2397 5098 2556 5165 Τρεῖς
2575 5093 2744 5153 οὗτοι
2767 5099 2924 5151 εἰσιν
2947 5094 3064 5150 vlo!
3091 5095 3236 5150 Νῶε’
3260 5095 3378 5150 ἀπὸ
3408 5097 3631 5150 τούτων

1969 5185 2391 5255 διεσπάρησαν
2421 5184 2518 5237 ἐπὶ
2545 5183 2753 5237 πᾶσαν
2771 5181 2885 5250 τὴν
2909 5179 3046 5251 γῆν.
3079 5181 3261 5245 Ἀξιον
3291 5180 3524 5234 ἐνταῦθα
3542 5180 3632 5251 ζη-

1969 5275 2152 5344 τῆσαι,
2176 5273 2319 5335 τίνος
2348 5271 2534 5323 ἐνεκεν
2571 5268 2677 5323 τῶν
2703 5269 2870 5338 τριῶν
2894 5265 3025 5320 υἱῶν
3052 5265 3146 5319 τοῦ
3179 5265 3299 5318 Νῶε
3338 5266 3634 5336 μνημονεύ-

1973 5377 2114 5414 σασα
2149 5361 2182 5428 ὴ
2229 5358 2348 5411 θεία
2379 5355 2568 5428 Γραφὴ
2612 5355 2882 5426 ἐπήγαγε,
2915 5353 3043 5422 Χὰμ
3092 5351 3160 5405 δὲ
3190 5348 3270 5422 ἦν
3297 5351 3492 5421 πατὴρ
3525 5355 3630 5407 τοῦ

1970 5445 2233 5502 Χαναὰν.
2265 5444 2356 5512 Μὴ
2388 5442 2666 5514 νομίσητε,
2697 5439 3018 5512 παρακαλῶ,
3053 5439 3237 5503 ἁπλῶς
3272 5439 3429 5494 τοῦτο
3466 5457 3632 5512 προσ-

1973 5534 2247 5608 ερῤῖφθαι·
2274 5531 2427 5586 οὐδὲν
2458 5531 2568 5601 γάρ
2602 5532 2717 5584 ἐστι
2757 5529 2865 5584 τῶν
2888 5532 2947 5584 ἐν
2974 5529 3188 5600 τῇοθεία
3217 5529 3407 5600 Γραφῇ
3447 5531 3633 5599 κειμέ-

1973 5640 2098 5686 νων,
2140 5621 2169 5674 ὃ
2217 5621 2288 5690 μὴ
2323 5620 2462 5689 μετά
2495 5636 2639 5682 τινος
2667 5619 2881 5690 εἴρηται
2911 5617 3096 5685 λόγου,
3136 5615 3336 5686 πολλὴν
3363 5617 3462 5688 τὴν
3490 5617 3632 5686 ὠφέ-

1971 5712 2122 5765 λειαν
2155 5709 2606 5779 ἐγκεκρυμμένην
2643 5705 2876 5777 ἔχοντος.
2903 5703 3058 5767 Τίνος
3093 5698 3187 5758 οὖν
3219 5705 3402 5758 ἕνεκεν
3437 5706 3634 5776 ἐπεση-

1979 5801 2186 5870 μήνατο
2235 5795 2328 5848 καὶ
2378 5793 2736 5864 προσέθηκεν,
2785 5792 2867 5844 ὅτι
2930 5788 3058 5859 Χὰμ
3087 5789 3156 5843 δὲ
3182 5787 3261 5860 ἦν
3305 5789 3501 5862 πατὴρ
3529 5791 3636 5845 τοῦ

1977 5880 2252 5948 Χαναάν;
2297 5881 2554 5934 Βούλεται
2607 5875 2927 5948 διά’ἶεούτου
2987 5875 3292 5942 αἰνίξασθαι
3340 5875 3482 5948 ’ἡμῖν
3538 5877 3636 5945 τῆς

1977 5974 2245 6039 mm“;
2282 5967 2446 6025 αὐτοῦ
2469 5969 2563 6040 τὴν
2595 5965 2922 6040 ὑπερϐολὴν.
2956 5965 3047 6020 και
3074 5966 3156 6021 ὅτι
3194 5964 3314 6022 οὐδὲ
3351 5965 3450 6036 τῆς
3494 5982 3634 6026 cup...
