4062 6396
495 357 600 412 257

498 477 671 547 φορᾶς
699 473 758 528 :6
790 471 1017 543 μέγεθος
1055 467 1382 538 συσταλῆναι
1425 469 1587 522 αὐτὸν
1620 469 1936 538 πεποίηκεν,
1972 465 2090 520 οὐδὲ
2127 467 2159 536 ἡ

497 562 733 631 τοσαύτη
787 563 843 613 ὲν
898 563 965 629 τῇ
1016 557 1232 627 κιϐωτῷ
1277 556 1630 626 στενοχωρίᾳ,
1671 557 1803 608 ἀλλά
1855 556 2031 607 καίτοι
2065 553 2160 606 τοῦ

498 649 806 720 πρεσϐύτου
849 646 1059 698 οὐδέπω
1100 645 1190 697 καὶ
1228 643 1322 696 νῦν
1367 644 1864 713 τεκνοποιήσαντος,
1897 638 2048 704 οὗτος
2094 643 2160 710 τῇ

498 735 739 806 ἀκρασίᾳ
759 732 949 786 ἑαυτὸν
971 731 1158 793 ἐκδοὺς
1181 732 1237 782 ἐν
1259 730 1437 800 καιρῷ
1458 730 1721 799 τοσαύτης
1743 731 2162 797 ἀγανακτήσεως

499 824 596 878 καὶ
638 819 1011 889 πανωλεθρίας
1049 817 1147 888 τὴν
1191 817 1514 887 οἰκουμένην
1547 815 1977 884 καταλαϐούσης,
2036 816 2164 885 περὶ

501 909 789 964 συνουσίαν
823 906 1124 976 ἠσχολεῖτο,
1159 905 1255 958 καὶ
1286 905 1345 956 τὸ
1371 904 1698 974 ἀχαλίνωτον
1728 905 1825 972 τῆς
1869 902 2165 971 ἐπιθυμίας

499 999 561 1052 οὐ
602 993 977 1056 κατέστελλεν,
1007 991 1141 1046 ,ἀλλ’
1193 990 1292 1061 ἤδη
1341 990 1546 1044 ἄνωθεν
1606 991 1702 1043 καὶ
1754 991 1818 1043 ἐκ
1865 989 2164 1060 προοιμίων

501 1084 711 1138 ἐκείνου
746 1081 844 1151 τῆς
877 1079 1102 1149 γνώμης
1146 1077 1310 1132 αὐτοῦ
1363 1077 1424 1130 :6
1467 1076 1757 1147 μοχθηρόν.
1805 1077 1960 1130 Ἐπεὶ
2011 1075 2162 1148 [275]

500 1167 594 1225 οὖν
623 1170 738 1240 μετ’
765 1169 826 1221 οὐ
857 1167 991 1221 πολὺ
1031 1166 1114 1220 5ιά
1141 1165 1239 1235 τὴν
1270 1165 1423 1235 ὓϐριν
1452 1163 1549 1233 τὴν
1577 1165 1656 1227 εἰς
1683 1164 1773 1216 τὸν
1804 1163 2165 1233 γεγεννηκότα

505 1259 687 1328 μέλλει
722 1256 819 1327 τὴν
846 1256 1087 1327 κατάραν
1119 1253 1366 1322 δέχεσθαι
1413 1255 1442 1305 6
1475 1253 1696 1306 Χαναὰν
1736 1254 1764 1306 6
1795 1254 1984 1304 τούτου
2013 1255 2163 1315 παῖς,

499 1347 589 1399 διὰ
625 1344 781 1397 τοῦτο
807 1343 907 1414 ἠδη
941 1339 1344 1412 προλαϐοῦσαή
1380 1340 1498 1392 θεία
1531 1339 1716 1410 Γραφὴ
1760 1339 2162 1409 ἐπεσημήνατο,

503 1433 596 1486 καὶ
630 1431 723 1484 τοῦ
755 1429 942 1490 παιδὸς
980 1430 1110 1499 ἡμῖν
1141 1427 1236 1497 τὴν
1270 1427 1638 1497 προσηγορίαν
1683 1426 1847 1497 δήλην
1889 1426 2162 1496 ἐποίησεν,

500 1519 639 1590 όμοῦ
691 1519 784 1572 καὶ
828 1515 920 1569 τοῦ
967 1514 1353 1584 γεγεννηκότος
1385 1513 1445 1566 τὸ
1480 1513 1735 1584 ἀκρατές·
1781 1515 1845 1566 ἵν’
1871 1515 1994 1566 ὅταν
2029 1513 2166 1583 μετά

501 1607 674 1661 ταῦτα
706 1606 820 1679 ἴδῃς
847 1604 1009 1657 αὐτὸν
1038 1601 1237 1671 πολλὴν
1274 1602 1372 1670 τὴν
1395 1601 1785 1671 ἀγνωμοσύνην
1821 1602 2164 1672 ἐπιδειξάμε-

499 1712 592 1748 νον
626 1693 759 1763 1:96;
784 1693 875 1744 τὸν
897 1689 1281 1759 γεγεννηκότα,
1309 1689 1506 1741 εἰδέναι
1532 1689 1680 1758 ἔχῃς,
1721 1689 1802 1740 ὅτι
1835 1688 2038 1741 ἀνωθεν
2073 1691 2166 1742 καὶ

501 1782 562 1847 ἐξ
613 1779 788 1851 ἀρχῆς
839 1777 1077 1840 τοιοῦτος
1124 1772 1213 1847 ἦν,
1245 1774 1318 1838 ῶς
1346 1792 1408 1843 γε
1433 1775 1553 1827 οὐδέ
1600 1776 1705 1828 ὑπὸ
1737 1776 1836 1845 τῆς
1883 1778 2167 1846 συμφορᾶς

504 1865 824 1936 συνεστάλη,
870 1863 1052 1934 Ἱκανὴ
1084 1861 1191 1932 γάρ
1239 1863 1273 1932 ἡ
1313 1860 1546 1931 τοσαύτη
1582 1861 1790 1930 ἀθυμία
1830 1863 2007 1914 πᾶσαν
2041 1862 2168 1915 σϐέ-

504 1971 596 2008 σαι
626 1953 839 2024 ήδονὴν,
879 1950 970 2005 καὶ
1009 1950 1160 2003 οὐδὲν
1200 1947 1341 2002 οὕτω
1368 1948 1572 2018 ταύτην
1604 1948 1701 2019 τὴν
1739 1949 1909 2018 φλόγα
1938 1949 2032 2002 καὶ
2069 1949 2166 2020 τὴν

505 2045 701 2113 μανίαν
745 2039 1091 2094 καταστεῖλαι
1132 2037 1372 2099 δύναται,
1417 2038 1492 2100 ώς
1521 2039 1752 2109 ἀθυμίας
1790 2039 2041 2103 ἐπίτασις
2075 2041 2166 2092 καὶ

506 2130 796 2200 συμφορᾶς
835 2126 1129 2197 ὑπερϐολή.
1183 2125 1242 2177 Ὀ
1299 2125 1476 2177 τοίνυν
1534 2126 1594 2177 ἐν
1645 2127 1883 2196 τοσούτῳ
1947 2127 2166 2196 μεγέθει

503 2221 616 2274 τῶν
662 2220 845 2274 κακῶν
892 2216 1160 2288 τοσαύτην
1213 2217 1618 2287 ἐπιδειξάμενος
1673 2220 1771 2290 τὴν
1821 2218 2016 2273 λύτταν
2072 2222 2166 2274 καὶ

508 2307 709 2378 μανίαν
749 2306 878 2374 περὶ
901 2307 999 2377 τὴν
1029 2304 1394 2369 παιδοποιίαν,
1430 2305 1589 2368 ποίας
1618 2305 1684 2358 ἂν
1714 2308 1797 2378 εἴη
1841 2308 2167 2379 συγγνώμης

505 2394 652 2461 ἄξιος
671 2407 688 2458 ;

581 2543 723 2596 Ἀλλ’
741 2541 988 2595 ἐντεῦθεν
1025 2543 1156 2612 ἡμῖν
1195 2540 1353 2595 πάλιν
1376 2542 1461 2594 ἐτε
1473 2559 1560 2613 ρον
1579 2541 1820 2596 τίκτεται
1843 2543 2081 2615 ζήτημα,
2105 2541 2164 2597 :6

498 2629 931 2703 πολυθρύλλητον
952 2631 1126 2682 ἐκεῖνο
1145 2631 1237 2683 καὶ
1257 2629 1530 2699 πανταχοῦ
1554 2633 1998 2701 περιφερόμενον,
2024 2632 2166 2695 τίνος

497 2719 683 2772 ἕνεκεν
720 2716 812 2770 τοῦ
853 2716 1057 2787 πατρὸς
1095 2717 1428 2787 ἁμαρτόντος
1448 2719 1474 2770 6
1495 2719 1606 2780 υίὸς
1626 2717 1721 2788 τὴν
1744 2718 1984 2788 κατάραν
2017 2719 2166 2788 δέχε-

497 2822 622 2871 ται;
656 2804 798 2858 Ἀλλ’
819 2804 906 2857 ἵνα
949 2803 1022 2875 μὴ
1063 2803 1156 2856 νῦν
1199 2804 1406 2875 μακρὸν
1445 2804 1684 2874 ποιῶμεν
1707 2807 1795 2858 τὸν
1816 2806 2166 2872 λόγον,τοῦτο

497 2891 902 2963 ταμιευσόμεθα
921 2891 1055 2962 πρὸς
1075 2891 1134 2943 :6
1155 2891 1347 2962 παρὸν,
1371 2891 1436 2944 ἵν’
1460 2892 1676 2944 ἐπειδάν
1698 2895 1776 2955 είς
1798 2893 1956 2946 αὐτὸν
1977 2893 2067 2945 τὸν
2086 2893 2167 2945 τό-

497 2997 600 3033 πον
620 2979 961 3051 ἀφικώμεθα,
983 2979 1106 3032 τότε
1140 2981 1234 3032 καὶ
1265 2979 1362 3050 τὴν
1382 2979 1535 3033 λύσιν
1558 2981 1942 3050 ἐπαγάγωμεν,
1964 2981 2030 3051 ἢν
2053 2980 2116 3032 ἂν
2137 2979 2164 3030 6

498 3068 632 3129 Θεὸς
669 3067 945 3136 παράσχῃ.
971 3066 1134 3118 Οὐδὲν
1155 3066 1286 3136 γὰρ,
1309 3065 1560 3137 καθάπερ
1582 3065 1750 3134 ἔφθην
1771 3066 1959 3128 εἰπὼν,
1983 3067 2087 3120 τῶν
2109 3070 2164 3120 ἐν

497 3159 564 3224 τῇ
589 3154 706 3225 θείᾳ
727 3155 914 3224 Γραφῇ
937 3153 1201 3221 κειμένων
1221 3155 1344 3206 ἀνευ
1365 3153 1523 3220 λόγου
1544 3153 1686 3215 τινος
1708 3155 1799 3206 καὶ
1820 3155 1996 3211 αἰτίας
2018 3156 2165 3207 ἐστὶν

499 3244 678 3311 εὑρεῖν
710 3239 1177 3310 ἐγγεγραμμένον.
1204 3240 1354 3301 Τέως
1383 3236 1473 3292 οὖν
1503 3240 1658 3292 τοῦτο
1679 3241 1941 3310 ἔγνωμεν,
1966 3243 2046 3294 ὅτι
2068 3243 2165 3313 οὐχ

500 3329 707 3393 ἁπλῶς,
730 3328 824 3380 καὶ
857 3327 930 3389 ὼς
966 3326 1145 3395 έτυχε,
1167 3325 1266 3394 τῆς
1286 3327 1653 3396 προσηγορίας
1674 3327 1765 3380 τοῦ
1789 3328 1903 3380 υίοῦ
1927 3329 2164 3399 ἐμνημόι

498 3431 684 3469 νευσεν
704 3417 732 3468 6
752 3413 990 3484 Μωῦσῆς
1013 3411 1201 3479 εἰπὼν,
1223 3412 1351 3482 Χὰμ
1379 3413 1448 3466 δὲ
1466 3409 1542 3483 ἦν
1560 3415 1753 3482 πατὴρ
1778 3417 1879 3468 τοῦ
1900 3415 2160 3471 Χαναίίν.

505 3502 664 3570 Τρεῖς
683 3503 838 3554 εἰσιν
863 3495 1027 3554 οὗτοι
1051 3499 1191 3563 υἱοὶ,
1227 3501 1380 3570 φησὶ,
1413 3500 1558 3562 Νῶε,
1591 3502 1688 3557 καὶ
1709 3503 1824 3556 ἀπὸ
1848 3505 2069 3556 τούτων
2087 3503 2163 3557 δι-

497 3587 856 3656 εσπάρησαν
871 3586 967 3640 ἐπὶ
983 3585 1188 3641 πᾶσαν
1206 3587 1321 3654 τὴν
1339 3588 1473 3655 γῆν.
1496 3589 1585 3658 Μὴ
1605 3589 1788 3651 ἁπλῶς
1806 3607 1880 3642 πα
1889 3593 2166 3661 ραδράμω·

502 3695 621 3747 μεν,
645 3677 936 3746 ἀγαπητοὶ,
971 3675 1102 3744 μηδέ
1120 3675 1180 3729 :6
1198 3676 1290 3728 νῦν
1309 3677 1490 3747 ῥηθὲν,
1518 3678 1631 3731 ἀλλ’
1645 3680 1981 3750 ἐννοήσωμεν
1997 3681 2087 3732 καὶ
2105 3681 2162 3747 ἐξ

497 3765 661 3818 αὐτοῦ
673 3764 858 3817 τούτου
870 3765 968 3834 τῆς
981 3763 1260 3832 δυνάμεως
1271 3764 1365 3816 τοῦ
1379 3765 1512 3817 Θεοῦ
1526 3765 1585 3817 τὺ
1602 3765 1847 3834 μέγεθος.
1869 3767 2044 3833 Τρεῖς,
2061 3784 2161 3837 φη-

498 3851 603 3915 σὶν,
626 3847 789 3920 ἦσαν
807 3845 972 3905 οὗτοι
993 3849 1109 3902 υἱοὶ
1129 3849 1274 3913 Νῶε,
1297 3851 1392 3904 καὶ
1415 3851 1482 3904 ἐκ
1503 3853 1728 3906 τούτων
1747 3853 2162 3921 διεσπάρησαν

497 3939 594 3990 ἐπὶ
612 3935 818 3992 πᾶσαν
835 3935 950 4004 τὴν
965 3935 1101 4006 γῆν.
1115 3936 1239 3999 Πῶς
1262 3937 1367 3989 61:6
1386 3938 1492 3990 τῶν
1511 3939 1677 4007 τριῶν
1692 3939 1940 3994 τοσοῦτον
1961 3942 2161 4011 πλῆθος

497 4024 734 4078 ἐπέδωκε
754 4041 771 4088 ;
793 4022 910 4086 πῶς
931 4021 1272 4093 ἠδυνήθησαν
1291 4022 1570 4094 διαρκέσαι
1588 4042 1600 4089 ;
1625 4025 1740 4088 πῶς
1761 4027 1823 4078 ἐκ
1841 4027 1948 4079 τῶν
1967 4027 2160 4095 ὀλίγων

496 4113 700 4166 τούτων
738 4111 880 4174 ἀπας
916 4113 945 4165 6
979 4111 1180 4180 κόσμος
1215 4111 1478 4183 συνέστη;
1513 4115 1628 4178 πῶς
1648 4115 1826 4178 αὐτοῖς
1846 4117 1912 4170 τά
1933 4118 2160 4188 σώματα

493 4200 571 4253 διέ
580 4215 787 4271 μεινεν;
807 4199 920 4252 Οὐκ
941 4198 1126 4267 ἰατρὸς
1142 4193 1210 4268 ἦν
1229 4201 1258 4252 6
1276 4200 1571 4269 θεραπείαν
1588 4203 1897 4271 προσάγων,
1911 4205 2009 4257 οὐκ
2025 4205 2156 4278 άλλη

492 4303 578 4348 τις
597 4285 900 4356 ἐπιμέλεια.
920 4284 1141 4337 Οὐδέπω
1161 4283 1268 4356 γὰρ
1286 4285 1405 4338 οὐδὲ
1426 4286 1606 4350 πόλεις
1623 4284 1762 4360 ἦσαν
1781 4290 2094 4361 δειμάμενοι
2107 4306 2155 4356 ιι,

493 4371 632 4426 ὰ-λλά
669 4371 808 4442 μετά
839 4369 938 4441 τὴν
976 4369 1244 4440 τοσαύτην
1264 4371 1657 4444 ταλαιπωρίαν,
1682 4377 1773 4428 καὶ
1794 4377 1888 4447 τὴν
1910 4380 1965 4429 ἐν
1984 4383 2050 4449 τῇ
2075 4396 2157 4431 κι-

494 4459 654 4528 ϐωτῷ
692 4459 985 4530 διαγωγὴν,
1008 4460 1084 4522 ὡς
1120 4462 1557 4532 τεταριχευμένοι
1590 4465 1682 4516 καὶ
1703 4471 2154 4538 κατειργασμένοι

492 4547 735 4618 ἐξῆλθον,
757 4546 852 4599 καὶ
871 4548 927 4598 ἐν
946 4545 1180 4618 τοσαύτῃ
1203 4547 1430 4617 μονώσει
1463 4552 1818 4620 τυγχάνοντες
1840 4557 1932 4607 καὶ
1951 4557 2155 4629 ἐρημίᾳ

488 4635 684 4704 ἀφάτῳ
706 4631 822 4695 πῶς
839 4633 900 4684 οὐ
921 4631 1317 4703 διεφθάρησαν;
1356 4633 1471 4697 πῶς
1492 4636 1590 4688 οὐκ
1610 4637 1885 4692 ἀπώλοντο
1906 4659 1920 4706 ;
1956 4642 2012 4694 '0
2047 4645 2154 4711 γὰρ

490 4717 816 4786 φόϐος,είπέ
858 4735 971 4789 μοι,
996 4717 1089 4770 καὶ
1125 4720 1158 4788 ἡ
1202 4719 1410 4787 ἀγωνία
1444 4722 1504 4772 οὐ
1545 4723 1820 4778 κατέσειεν
1857 4727 2035 4779 αὐτῶν
2055 4729 2153 4800 τὴν

487 4805 758 4870 διάνοιαν,
799 4806 895 4858 καὶ
934 4805 1254 4885 διετάρασσε
1291 4807 1381 4858 τὸν
1421 4807 1712 4878 λογισμόν;
1755 4813 1843 4883 Μὴ
1884 4814 2148 4885 ξενισθῇς,

487 4887 772 4960 ἀγαπητέ⁹
795 4887 925 4951 Θεὸς
962 4888 1071 4959 γὰρ
1106 4883 1174 4958 ἦν
1212 4889 1241 4940 6
1277 4892 1452 4943 πάντα
1488 4892 1870 4963 ἐργαζόμενος,
1895 4883 2152 4967 καλ-ὁτῆς

489 4976 703 5045 φύσεως
721 4975 1052 5046 δημιουργὸς
1069 4970 1137 5046 ἦν
1157 4975 1184 5028 6
1205 4976 1380 5029 πάντα
1399 4975 1570 5031 ταῦτα
1592 4979 1658 5032 τὰ
1680 4981 1972 5049 κωλύματα
1995 4984 2149 5036 ἀναι-

490 5064 621 5136 ρῶν,
644 5065 738 5118 καὶ
769 5063 829 5117 :6
856 5065 1184 5134 πρόσταγμα
1209 5065 1373 5118 αὐτοῦ
1405 5067 1580 5120 ἐκεῖνο
1614 5068 1673 5121 :6
1693 5069 1866 5137 λέγον,
1889 5072 2150 5136 Αὐξάνε-

484 5155 594 5206 σθε
612 5150 711 5204 καὶ
729 5152 1133 5218 πληθύνεσθε,
1157 5152 1252 5206 καὶ
1272 5153 1628 5221 πληρώσατε
1656 5155 1770 5222 τὴν
1811 5157 1944 5226 γῆν,
1968 5160 2148 5224 αὐτοῖς

485 5239 623 5292 καὶδ
661 5235 760 5308 τὴν
799 5237 1040 5290 ἐπίδοσιν
1083 5239 1396 5309 ἐχαρίσατο.
1426 5241 1577 5294 Ἐπεὶ
1614 5243 1707 5295 καὶ
1742 5246 1790 5296 οἱ
1825 5245 2146 5317 Ἰσραηλῖται

483 5325 646 5394 ηνίκα
684 5325 764 5386 εἰς
799 5323 1072 5392 Αἴγυπτον
1090 5327 1156 5394 τῇ
1181 5325 1427 5397 πλινθεία
1453 5328 1548 5380 καὶ
1576 5329 1651 5398 τῷ
1680 5329 1835 5398 πηλῷ
1857 5335 2147 5404 κατειργά-

486 5412 714 5482 σθησαν,
733 5410 903 5482 ταύτῃ
941 5409 1120 5482 πολλῷ
1159 5411 1360 5482 μᾶλλον
1397 5416 1476 5478 είς
1511 5415 1711 5485 πλῆθος
1731 5418 2028 5483 ἐπέδωκαν,
2052 5421 2145 5473 καὶ

481 5497 605 5552 οὕτε
625 5497 687 5551 :6
705 5497 930 5568 ἀνηλεές
949 5499 1125 5552 ἐκεῖνο
1144 5499 1240 5552 καὶ
1255 5499 1404 5570 ώμὸν
1423 5501 1702 5574 ἐπίταγμα
1732 5503 1825 5560 τοῦ
1845 5506 2063 5576 Φαραῶ,
2083 5508 2145 5562 :6

483 5593 703 5649 κελεῦον
720 5595 788 5650 :6
806 5596 1010 5667 ἄρρενα
1028 5595 1110 5660 εἰς
1128 5595 1220 5650 τὸν
1241 5597 1482 5670 ποταμὸν
1515 5601 1822 5670 ῥίπτεσθαι,
1843 5603 1961 5659 οὐδὲ
1983 5606 2016 5676 ή
2036 5604 2144 5662 λοι.

1287 354 1345 408 S.
1387 353 1673 408 JOANNIS
1710 349 2204 407 CHRYSOSTOMI
2248 348 2568 406 ARCHIEP.
2608 347 3156 405 CONSTANTINOP.

3807 354 3904 410 258

2267 465 2344 536 πη
2365 465 2650 534 κακουχία,
2671 465 2738 536 ἢν
2759 465 2862 517 61:6
2880 465 2988 518 τῶν
3008 463 3380 536 ἐργοδιωκτῶν
3399 465 3683 536 ὑπέμενον,
3702 469 3904 538 ἴσχυσεν

2261 552 2561 604 ἐλαττῶσαι
2599 552 2777 605 αὐτῶν
2813 553 2873 606 :6
2894 552 3118 623 πλῆθος,
3142 553 3276 606 ἀλλά
3296 557 3386 606 και
3411 555 3607 624 μᾶλλον
3627 557 3702 616 είς
3721 556 3905 626 πλῆθος

2261 639 2413 710 [276]
2437 640 2734 694 ἐπεδίδουν.
2752 641 2817 693 Ἠ
2853 641 2962 712 γὰρ
3000 640 3204 695 ἀνωθεν
3240 642 3380 712 ῥοπὴ
3400 639 3466 713 ἦν
3487 643 3521 713 ἡ
3538 641 3624 696 διά
3640 643 3747 697 τῶν
3767 646 3906 700 ἐναν-

2261 727 2392 782 τίων
2420 728 2634 782 ἆπαντα
2665 728 3028 800 ἐργαζομένη.

2333 917 2569 970 ε’.Ὄταν
2586 917 2763 972 τοίνυν
2777 923 2804 973 6
2816 920 2949 983 Θεὸς
2963 920 3182 992 κελεύῃ,
3206 921 3280 992 μὴ
3294 922 3442 992 ζήτει
3456 924 3594 977 κατά
3606 925 3906 982 ἀκολουθίαν

2261 1002 2608 1075 ἀνθρωπίνην
2641 1007 3015 1075 διερευνᾶσθαι
3050 1009 3117 1061 τά
3154 1011 3472 1080 πράγματα.
3491 1011 3776 1084 Ἀνώτερος
3810 1015 3907 1088 γάρ

2261 1089 2336 1142 ὢν
2367 1091 2466 1161 τῆς
2505 1092 2738 1160 φύσεως,
2759 1096 2818 1147 οὐ
2857 1095 3028 1148 δεῖται
3066 1096 3164 1164 τῆς
3201 1097 3522 1160 ἀκολουθίας
3561 1099 3659 1167 τῆς
3690 1101 3904 1167 φύσεως,

2261 1178 2398 1231 ἀλλὰ
2417 1181 2510 1232 καὶ
2528 1181 2595 1233 δι’
2616 1181 2796 1235 αὐτῶν
2816 1183 2922 1235 τῶν
2945 1185 3260 1238 κωλυόντων
3281 1184 3348 1238 τὰ
3367 1188 3668 1255 πράγματα
3696 1190 3900 1255 αὐξάνε-

2263 1265 2388 1319 σθαι
2407 1269 2833 1338 παρασκευάζει.
2857 1271 2960 1324 Τὸν
2980 1271 3139 1324 αὐτὸν
3158 1271 3221 1342 δὴ
3239 1273 3434 1342 τρόπον
3456 1276 3548 1326 καὶ
3568 1275 3662 1329 νῦν
3681 1277 3783 1329 61:6
3811 1279 3905 1332 τῶν

2261 1353 2430 1424 τριῶν
2450 1353 2656 1408 τούτων
2672 1357 2770 1425 τὴν
2790 1356 2938 1409 οίκου
2948 1358 3114 1427 μένην
3134 1357 3350 1413 ἃπασαν
3370 1361 3770 1433 ἀνεπλήρωσεν.
3787 1365 3905 1418 Ἀπὸ

2261 1443 2489 1495 τούτων
2507 1442 2636 1512 γὰρ,
2659 1444 2809 1513 φησὶ,
2832 1443 2949 1497 τῶν
2967 1445 3142 1513 τριῶν
3161 1446 3578 1515 διεσπάρησαν
3604 1450 3699 1502 ἐπὶ
3721 1449 3907 1506 πᾶσαν·

2261 1527 2376 1595 τὴν
2393 1527 2529 1598 γῆν.
2553 1527 2705 1592 Εἶδες
2725 1530 2858 1584 Θεοῦ
2879 1531 3134 1602 δύναμιν;
3156 1528 3295 1597 εἶδες
3315 1535 3449 1598 πῶς,
3466 1536 3570 1588 κᾶν
3590 1538 3756 1591 πολλά
3771 1534 3832 1609 ἦν
3849 1541 3906 1592 :6

2263 1615 2580 1685 κωλύματα,
2600 1616 2751 1670 οὐδέν
2773 1619 2886 1670 ἐστι
2907 1619 2968 1672 :6
2985 1619 3269 1681 διακόπτον
3288 1623 3452 1676 αὐτοῦ
3469 1624 3532 1676 τὸ
3553 1624 3791 1696 βούλημα
3810 1645 3824 1692 ;
3843 1629 3906 1680 T6

2264 1701 2396 1755 αὐτὸ
2415 1703 2509 1755 καὶ
2528 1703 2619 1756 ἐπὶ
2641 1705 2740 1775 τῆς
2759 1705 2993 1769 πίστεώς
3012 1709 3156 1761 ἐστιν
3178 1709 3304 1762 ίδεῖν
3329 1711 3632 1781 γινόμενον.
3660 1715 3904 1768 Τοιούτων

2263 1789 2371 1858 γὰρ
2391 1789 2558 1843 ὄντων
2578 1791 2686 1845 τῶν
2709 1792 3106 1864 πολεμούντων,
3123 1797 3390 1853 τοσούτων
3407 1800 3574 1854 ὄντων
3590 1800 3695 1855 τῶν
3713 1803 3906 1857 ἐπιϐου-

2263 1875 2549 1943 λευόντων,
2574 1879 2668 1931 καὶ
2708 1879 2992 1949 βασιλέων,
3015 1883 3108 1936 καὶ
3141 1885 3437 1954 τυράννων,
3461 1887 3556 1940 καὶ
3590 1888 3773 1960 δήμων
3791 1909 3905 1944 κατ-

2263 1963 2717 2037 εξανισταμένων,
2740 1968 2834 2020 καὶ
2877 1970 3052 2023 πάντα
3089 1971 3404 2038 ποιούντων,
3426 1975 3567 2028 ὥστε
3608 1977 3794 2032 σϐέσαι
3827 1979 3904 2031 τὸν

2265 2053 2538 2125 σπινθῆρα
2557 2055 2654 2125 τῆς
2678 2057 2930 2121 πίστεως,
2949 2059 3014 2112 δι’
3032 2061 3207 2113 αὐτῶν
3225 2061 3330 2114 τῶν
3351 2063 3815 2128 ἐπιϐουλευόντων,
3831 2067 3904 2122 διὰ

2262 2142 2373 2194 τῶν
2392 2143 2618 2197 κωλύειν
2643 2144 2997 2216 βουλομένων,
3019 2149 3250 2220 τοσαύτη
3275 2151 3414 2222 ἤρθη
3452 2153 3550 2223 τῆς
3585 2154 3850 2219 εὐσεϐείας
3874 2159 3900 2226 ἡ

2264 2228 2414 2296 φλὸξ,
2434 2231 2507 2293 ὡς
2530 2231 2746 2284 ἅπασαν
2767 2235 3092 2288 καταλαϐεῖν
3111 2237 3209 2306 τὴν
3228 2239 3374 2291 οἰκου
3383 2239 3573 2310 μένην,
3591 2243 3686 2296 καὶ
3706 2243 3796 2313 τὴν
3813 2245 3902 2296 ἀοί-

2263 2334 2448 2386 κητον.
2472 2319 2589 2372 Κᾶν
2613 2321 2744 2390 1:96;
2779 2321 2972 2386 Ἰνδοὺς
2990 2323 3099 2396 γὰρ
3121 2326 3377 2398 ἀπέλθῃς,
3402 2328 3503 2381 κᾶν
3525 2330 3664 2400 1:96;
3694 2331 3901 2395 Σκύθας,

2263 2404 2366 2457 κᾶν
2389 2406 2523 2477 πρὸς
2543 2408 2679 2461 αὐτὰ
2700 2409 2765 2462 :6
2785 2411 2992 2481 πέρατα
3024 2414 3121 2482 τῆς
3153 2416 3494 2486 οἰκουμένης,
3529 2418 3634 2471 κᾶν
3661 2421 3738 2482 είς
3762 2422 3901 2474 αὐτὸν

2261 2490 2352 2542 τὸν
2368 2493 2625 2556 ὠκεανὸν,
2641 2498 2914 2567 πανταχοῦ
2937 2499 2994 2551 εὐ
3003 2501 3066 2570 ρή
3075 2517 3186 2564 σεις
3204 2501 3298 2554 τοῦ
3315 2504 3552 2575 Χριστοῦ
3574 2507 3670 2576 τὴν
3685 2507 3901 2561 διδασκαο

2261 2578 2380 2634 λίαν
2400 2584 2843 2651 καταυγάζουσαν
2877 2588 2973 2650 τὰς
3004 2589 3255 2643 ἁπάντων
3275 2591 3468 2660 ψυχάς.
3491 2593 3566 2646 Τὸ
3585 2595 3691 2664 γὰρ
3711 2597 3899 2666 θαυμα-

2265 2668 2386 2721 στὸν
2407 2670 2499 2722 καὶ
2521 2672 2838 2740 παράδοξον,
2857 2675 2938 2726 ὅτι
2958 2676 3049 2728 καὶ
3069 2677 3208 2730 αὐτά
3227 2679 3292 2731 τὰ
3312 2679 3562 2750 βάρϐαρα
3583 2683 3706 2753 ἔθνη
3731 2686 3900 2754 μετερο

2263 2754 2524 2825 ρύθμισεν
2555 2760 2583 2810 6
2626 2759 2718 2826 τῆς
2756 2761 3036 2826 εὐσεϐείας
3072 2763 3246 2832 λόγος,
3269 2767 3362 2819 καὶ
3397 2768 3706 2838 φιλοσοφεῖν
3725 2771 3900 2840 ἔμαθον

2263 2844 2356 2895 καὶ
2387 2844 2485 2913 τῆς
2525 2845 2759 2911 παλαιᾶς
2797 2850 3082 2919 συνηθείας
3119 2853 3452 2918 ἀποστάντες
3473 2857 3611 2927 πρὸς
3641 2859 3738 2929 τὴν
3769 2860 3901 2912 εὐσέ-

2263 2930 2414 2985 ϐειαν
2439 2934 2814 3002 μετετάξαντο.
2834 2937 2945 2990 Καὶ
2964 2938 3214 3009 καθάπερ
3232 2941 3319 2994 6:6
3339 2942 3445 2996 τῶν
3465 2945 3634 3014 τριῶν
3647 2948 3836 3000 τούτων
3850 2948 3900 2999 τὸ

2260 3017 2368 3071 τῶν
2407 3020 2707 3090 ἀνθρώπων
2749 3023 2952 3093 πλῆθος
2987 3027 3263 3082 ἐπιδοῦναι
3308 3033 3718 3101 παρεσκεύασεν
3749 3039 3777 3088 6
3806 3035 3900 3088 τῶν

2261 3105 2396 3160 ὅλων
2433 3107 2789 3178 δημιουργός·
2828 3112 2918 3164 τὸν
2954 3114 3116 3167 αὐτὸν
3151 3115 3216 3186 δὴ
3250 3117 3449 3187 τρόπον
3485 3121 3584 3173 καὶ
3606 3123 3696 3174 ἐπὶ
3712 3124 3804 3193 τῆς
3822 3125 3898 3176 πί-

2263 3208 2432 3256 στεως
2449 3193 2538 3246 διὰ
2556 3195 2662 3248 τῶν
2683 3197 2894 3262 ἕνδεκα,
2910 3200 3015 3253 τῶν
3037 3203 3248 3266 ἀλιέων,
3269 3204 3377 3257 τῶν
3398 3207 3791 3279 ἀγραμμάτων,
3807 3212 3896 3264 τῶν

2265 3278 2506 3343 ίδιωτῶν,
2528 3282 2635 3335 τῶν
2675 3284 2808 3353 μηδὲ
2845 3285 3025 3355 διᾶραι
3057 3289 3116 3341 :6
3150 3290 3322 3360 στόμα
3341 3278 3686 3364 τολμώντων,
3706 3298 3896 3351 ἃπασαν

2264 3368 2608 3422 ἐπεσπάσατο
2644 3370 2741 3441 τὴν
2779 3373 3118 3446 οἰκουμένην.
3141 3377 3251 3431 Καὶ
3287 3382 3335 3432 οί
3371 3381 3724 3453 ἀγράμματοι
3753 3380 3896 3446 οὗτοι,

2264 3456 2355 3508 καὶ
2374 3457 2423 3508 οἱ
2445 3455 2650 3510 ἰδιῶται
2671 3460 2764 3512 καὶ
2783 3461 2832 3512 οἰ
2853 3461 3021 3525 ἁλιεῖς
3040 3464 3146 3516 τῶν
3169 3465 3468 3536 φιλοσόφων
3502 3471 3814 3542 ἀπέφραξαν
3840 3474 3898 3526 :6

2263 3543 2527 3614 στόματα,
2547 3547 2641 3598 καὶ
2683 3548 2929 3620 καθάπερ
2967 3551 3281 3623 ὑπόπτεροι.
3303 3553 3444 3608 οὕτω
3465 3557 3564 3630 τὴν
3600 3561 3897 3633 οἰκουμένην

2262 3629 2478 3684 ἃπασαν
2515 3632 2798 3705 διέδραμον
2836 3639 3295 3712 κατασπείραντες
3313 3643 3402 3698 τὸν
3422 3629 3598 3717 τῆςίεύ
3608 3629 3811 3714 σεϐείας
3827 3629 3899 3703 λό-

2261 3734 2356 3786 γον
2396 3721 2490 3773 καὶ
2525 3721 2620 3785 τὰς
2657 3723 2894 3788 ἀκάνθας
2931 3726 3416 3797 ἐκτέμνοντες,καὶ
3452 3735 3521 3787 :6
3560 3736 3760 3790 παλαιά
3785 3738 3897 3790 ἀνα·

2263 3807 2505 3871 σπῶντες
2544 3809 2660 3881 ἔθη,
2685 3811 2919 3876 καὶτοὺς
2937 3813 3030 3866 τοῦ
3049 3817 3286 3886 Χριστοῦ
3309 3820 3504 3890 νόμους
3527 3824 3792 3895 πανταχοῦ
3811 3843 3895 3878 κα·

2260 3893 2651 3960 ταφυτεύοντες
2671 3912 2682 3924 ·
2712 3895 2805 3948 καὶ
2845 3897 2968 3950 οὔτε
3011 3899 3071 3952 :6
3107 3901 3317 3969 ὀλίγους
3338 3905 3533 3970 αὐτοὺς
3553 3893 3894 3978 εἷναιξοῦτεή

2264 3978 2516 4044 ἰδιωτεία,
2537 3981 2660 4034 οὐτε
2680 3984 2738 4034 τὸ
2758 3984 3028 4056 αὐστηρὸν
3047 3987 3152 4041 τῶν
3173 3990 3581 4061 ἐπιταγμάτων,
3603 3996 3721 4048 οὔτε
3740 3997 3796 4049 τὸ
3813 4014 3896 4048 πα-

2257 4064 2386 4136 λαιᾷ
2425 4069 2679 4140 συνηθείᾳ
2719 4072 3182 4143 προκατειλῆφθαι
3203 4076 3348 4130 ἅπαν
3389 4080 3449 4131 :6
3485 4081 3894 4153 τῶνάνθρώπων

2257 4155 2430 4222 γένος,
2456 4158 2638 4226 ἴσχυσε
2661 4158 2886 4229 κώλυμα
2904 4163 3083 4226 αὐτοῖς
3101 4163 3370 4232 γενέσθαι,
3395 4167 3528 4221 ἀλλά
3552 4170 3720 4223 ταῦτα
3740 4173 3894 4224 πάντα

2257 4241 2445 4313 ἀνῄρει
2468 4246 2817 4315 προοδοποιοῦ
2827 4266 2892 4302 σα
2913 4251 2944 4319 ἡ
2965 4251 3145 4322 χάρις,
3168 4253 3261 4305 καὶ
3283 4257 3402 4323 μετ’
3421 4258 3672 4321 εὐκολίας
3702 4260 3895 4313 ᾶπαντα

2256 4331 2591 4400 εἰργάζοντο,
2613 4334 2680 4386 δι’
2702 4335 2876 4389 αὐτῶν
2897 4337 3002 4390 τῶν
3022 4339 3358 4410 κωλυμάτων
3399 4343 3621 4413 μείζονα
3641 4346 3892 4417 δεχόμενοι

2255 4417 2353 4487 τὴν
2375 4417 2700 4487 προθυμίαν.
2723 4421 2831 4474 Καὶ
2869 4423 2977 4494 γάρ
3016 4442 3143 4478 ποτε
3191 4427 3285 4497 μὲν
3309 4431 3690 4501 μαστιξόμενοι
3709 4432 3890 4502 ἀνεχώ-

2257 4519 2382 4573 ρουν
2423 4505 2698 4577 χαίροντες
2733 4509 2792 4560 οὐ
2833 4509 2919 4561 διά
2958 4510 3057 4574 τὰς
3097 4513 3365 4583 μάστιγας
3403 4517 3622 4583 ἁπλῶς,
3653 4520 3891 4577 ¹ἀλλ’Ὄτι

2254 4590 2404 4658 ὑπὲρ
2441 4591 2547 4643 τοῦ
2583 4594 2870 4661 ὀνόματος
2909 4597 3010 4651 τοῦ
3038 4600 3294 4668 Χριστοῦ
3314 4604 3766 4673 κατηξιώθησαν
3781 4608 3889 4661 ἀτι-

2247 4677 2590 4746 μασθῆναι·
2635 4681 2820 4736 ἄλλοτε
2871 4683 2928 4736 δὲ
2986 4688 3066 4749 είς
3125 4688 3492 4762 δεσμωτήριον
3528 4693 3886 4764 ἐμϐληθέντες,

2252 4764 2437 4835 ἐπειδὴ
2456 4767 2545 4818 ὐπ’
2568 4768 2797 4834 ἀγγέλου
2819 4770 3200 4844 ἐξηνέχθησαν,
3225 4777 3386 4830 πάλιν
3405 4779 3514 4834 τῶν
3534 4782 3710 4834 αὐτῶν
3739 4783 3888 4850 εἴχον-

2249 4866 2330 4914 το,
2355 4853 2447 4904 καὶ
2465 4854 2543 4914 εἰς
2563 4853 2623 4905 :6
2644 4855 2785 4924 ἱερὸν
2807 4857 3190 4928 ἀφικνούμενοι
3208 4863 3298 4916 τὸν
3315 4865 3415 4937 τῆς
3443 4865 3780 4930 διδασκαλίας
3809 4865 3886 4918 λόο

2251 4954 2345 5005 γον
2367 4939 2680 5005 κατέϐαλον,
2704 4945 3089 5014 σαγηνεύοντες
3106 4949 3174 5001 :6
3195 4950 3372 5021 πλήθη
3393 4954 3472 5016 είς
3490 4953 3588 5025 τὴν
3607 4953 3884 5008 εὐσέϐειαν⁸

2251 5026 2344 5078 καὶ
2377 5025 2535 5080 πάλιν
2569 5029 2935 5100 κατεχόμενοι,
2955 5033 3015 5085 οὐ
3041 5035 3198 5103 μόνον
3215 5037 3335 5090 οὐδὲ
3357 5039 3604 5093 ἐντεῦθεν
3622 5040 3885 5111 ὀκνηρότε-

2253 5129 2334 5182 ροι
2373 5114 2632 5182 ἐγίνοντο,
2662 5117 2796 5169 ἀλλά
2833 5119 2927 5171 καὶ
2963 5120 3181 5175 πλείονα
3216 5123 3314 5195 τὴν
3348 5129 3659 5199 παρρησίαν
3695 5128 3882 5182 ἐπεδεί-

2249 5216 2459 5261 κνυντο,
2483 5202 2540 5253 ἐν
2564 5201 2710 5271 μέσῳ
2734 5205 3056 5274 μαινομένου
3076 5209 3247 5279 δήμδυ
3280 5214 3372 5264 καὶ
3402 5214 3529 5276 τοὺς
3555 5215 3764 5278 ὀδόντας
3778 5214 3880 5284 τρί-

2249 5285 2428 5348 ζοντος
2448 5287 2679 5351 ἑστῶτες
2698 5291 2790 5342 καὶ
2810 5290 3058 5358 λέγοντες
3077 5310 3088 5322 ·
3112 5297 3457 5367 Πειθαρχεῖν
3485 5299 3583 5354 δεῖ
3610 5301 3726 5367 Θεῷ
3747 5298 3884 5370 μᾶλ-

2244 5375 2359 5424 λον
2377 5371 2413 5439 ἣ
2435 5372 2783 5442 ἀνθρώποις.
2807 5373 2960 5442 Εἶδες
2983 5382 3292 5451 παρρησίας
3314 5386 3537 5454 μέγεθος
3558 5405 3571 5452 ;
3597 5387 3741 5458 {277]
3759 5383 3880 5448 εἶδες

2244 5459 2368 5521 τοὺς
2389 5458 2623 5525 ἰδιώτας,
2644 5463 2766 5526 τοὺς
2807 5464 2976 5528 ἁλιεῖς
3012 5467 3394 5540 ὑπερορῶντας
3427 5474 3693 5527 τοσούτων
3709 5475 3874 5544 δήμων

2247 5548 2607 5618 μαινομένων,
2631 5551 2877 5625 καὶπρὸς
2899 5555 3089 5623 φόνους
3111 5559 3204 5610 καὶ
3225 5560 3435 5629 σφαγὰς
3457 5563 3710 5632 ἐτοίμων;
3736 5559 3875 5613 Ἀλλά

2232 5633 2309 5707 ,σύ
2349 5633 2519 5686 ταῦτα
2557 5635 2789 5700 ἀκούων,
2811 5641 3080 5712 ἀγαπητέ,
3107 5642 3182 5714 μὴ
3213 5645 3419 5710 τούτοις
3438 5647 3646 5715 λογιζου
3665 5647 3730 5700 τὰ
3743 5643 3873 5715 γινόα

2150 5738 2155 5744 τ
2247 5736 2402 5788 μενα,
2425 5720 2560 5773 ἀλλά
2576 5725 2640 5793 τῇ
2664 5723 2868 5778 ἀνωθεν
2897 5727 3078 5798 χάριτι
3116 5734 3179 5801 τῇ
3218 5734 3474 5804 νευρούσῃ
3497 5737 3586 5788 καὶ
3607 5730 3869 5801 ἀλειφούσῃ

544 5832 572 5910 ἒ
712 5829 870 5910 πόλεις
889 5832 1015 5910 ἦσαν
1025 5833 1402 5910 δια-νειμάμενοι.)

539 5891 572 5934 δ
591 5891 690 5943 λιιι
709 5893 824 5942 αὐτὸ
848 5891 950 5960 καί,
973 5895 1058 5947 alii
1079 5891 1208 5964 αὐτῷ
1227 5891 1324 5950 καί.

2245 5805 2424 5858 αὐτῶν
2461 5807 2559 5878 τὴν
2598 5809 2925 5882 προθυμίαν.
2945 5816 3094 5868 Ἐπεὶ
3117 5820 3209 5871 καὶ
3229 5821 3390 5884 αὐτὸς
3417 5818 3564 5884 οὗτος
3583 5813 3869 5892 δ’μακάριος

2246 5895 2467 5966 Πέτρος,
2491 5897 2650 5967 ἡνίκα
2685 5898 2776 5952 τὸν
2819 5902 2881 5956 ἐκ
2920 5903 3123 5970 κοιλίας
3163 5909 3368 5982 μητρὸς
3404 5910 3694 5982 χωλεύοντα
3712 5907 3864 5978 ὄρθιον
