4062 6396
258 436 369 492 957

263 559 484 618 gentem
515 546 878 615 subindicare,
922 561 990 604 ac
1029 561 1203 619 neque
1229 549 1546 605 calamitatis
1586 549 1854 618 magnitu-

259 642 446 696 dinem
475 642 622 696 illum
647 657 900 698 coercere
925 643 1182 714 potuisse,
1212 659 1385 714 neque
1415 654 1611 699 tantam
1641 646 1692 699 in
1724 661 1848 700 arca

261 733 568 804 angustiam
596 733 968 790 irrefrenatam
998 735 1142 790 illius
1181 736 1670 805 concupiscentiam
1708 737 1856 792 seda-

259 827 447 881 visse:
481 825 577 881 sed
602 826 852 896 quamvis
873 825 1041 882 frater
1080 826 1198 896 ejus
1237 827 1408 897 major
1446 827 1680 883 nondum
1719 827 1854 883 ﬁlios

257 916 677 986 procreavisset,
716 916 858 972 hunc
897 917 1297 973 incontinentiae
1326 918 1586 983 deditum,
1628 919 1681 972 in
1716 928 1852 973 tem-

260 1022 398 1076 pore
429 1017 594 1064 tanta:
629 1009 1029 1080 indignationis,
1074 1018 1128 1065 et
1153 1011 1419 1081 generalis
1452 1011 1716 1077 interitus,
1747 1025 1854 1079 quo

257 1098 409 1153 orbis
436 1100 860 1169 comprehensus
888 1108 992 1167 est,
1019 1101 1101 1157 rei
1127 1115 1371 1156 venerea:
1395 1101 1632 1176 deditum
1664 1101 1849 1169 fuisse,

253 1197 312 1243 et
350 1189 670 1260 cupiditatis
701 1190 1164 1261 intemperantiam
1204 1206 1312 1247 non
1356 1191 1728 1258 refrenavisse,
1757 1192 1851 1247 sed

250 1278 367 1348 jam
416 1281 608 1335 statim
640 1280 710 1336 ab
751 1281 900 1337 initio
943 1281 1111 1337 animi
1151 1283 1235 1337 sui
1279 1283 1588 1353 pravitatem
1631 1283 1854 1338 demon-

235 1380 481 1426 suasse.
513 1369 696 1440 Itaque
717 1385 839 1425 eum
870 1385 974 1425 non
996 1371 1166 1426 multo
1191 1381 1311 1442 post
1336 1383 1551 1442 propter
1578 1383 1852 1429 contume-

255 1459 384 1514 liam
433 1460 488 1516 in
531 1470 831 1531 parentem,
864 1461 1293 1517 maledictionem
1335 1473 1680 1532 suscepturus
1708 1473 1852 1519 esset

254 1550 376 1618 ejus
405 1550 547 1606 ﬁlius
573 1549 824 1607 Chanaan
869 1570 883 1608 :
927 1553 1047 1608 ideo
1089 1553 1360 1624 Scriptura
1389 1554 1565 1608 divina
1612 1556 1663 1608 id
1704 1556 1850 1624 prius

252 1643 570 1713 assignavit,
602 1645 803 1714 ﬁliique
831 1659 1028 1700 nomen
1066 1643 1375 1712 declaravit,
1406 1661 1470 1699 ac
1497 1646 1652 1700 simul
1683 1647 1848 1716 patris

254 1735 724 1805 intemperantiam
757 1753 772 1788 :
807 1747 863 1791 ut
892 1751 1012 1792 cum
1042 1745 1231 1807 postea
1261 1736 1455 1791 videris
1483 1738 1630 1792 illum
1659 1754 1847 1808 magna

252 1827 456 1897 ingrati
483 1843 606 1898 erga
636 1840 842 1898 patrem
883 1829 1047 1884 animi
1085 1829 1234 1900 signa
1277 1830 1425 1893 dare,
1472 1831 1612 1886 scire
1651 1832 1845 1900 possis,

252 1920 432 1987 ipsum
458 1919 569 1988 jam
597 1919 723 1974 olim
769 1922 927 1976 talem
970 1921 1150 1986 fuisse,
1200 1930 1382 1991 utpote
1424 1937 1595 1992 neque
1632 1937 1662 1977 a
1704 1931 1846 1978 tanta

250 2011 564 2065 calamitate
609 2012 969 2066 emendatum.
1015 2012 1273 2068 Sufﬁcere
1320 2015 1462 2066 enim
1512 2012 1740 2067 debebat
1779 2014 1847 2068 ad

251 2103 701 2173 exstinguendam
756 2105 1028 2159 libidinem
1087 2113 1264 2160 tantus
1320 2120 1555 2171 maror;
1610 2106 1847 2176 nihilque

251 2195 528 2252 ﬂammam
553 2207 608 2252 et
633 2198 895 2252 insaniam
925 2198 1064 2253 hanc
1093 2199 1162 2252 ita
1188 2199 1543 2269 comprimere
1569 2207 1763 2268 potest,
1787 2209 1846 2254 ut

252 2288 490 2343 tristitiae
518 2289 876 2356 vehementia,
906 2299 960 2345 et
983 2290 1302 2345 calamitatis
1324 2289 1651 2360 magnitudo.
1685 2289 1848 2360 Igitur

254 2382 347 2452 qui
392 2381 448 2436 in
479 2391 624 2437 tanta
665 2383 925 2438 malorum
955 2383 1194 2438 vi-tantae
1232 2383 1398 2438 rabiei
1436 2391 1491 2437 et
1534 2383 1754 2438 insaniae
1793 2385 1847 2439 in

251 2475 604 2545 procreandis
633 2476 816 2531 liberis
843 2475 958 2542 fuit,
987 2491 1089 2547 qua
1131 2476 1286 2530 venia
1323 2476 1513 2546 dignus
1543 2475 1742 2532 fuerit?

324 2567 433 2622 Cur
456 2576 604 2638 patre
643 2568 815 2622 Cbam
857 2553 1262 2638 peccante'ﬁlius
1289 2567 1539 2624 Chanaan
1585 2569 1851 2624 maledici-

1279 437 1358 493 ΙΝ
1387 435 1539 492 CAP.
1581 435 1671 492 1X.
1712 432 1954 495 GENES.
1997 437 2221 494 llOlliL.
2263 441 2501 497 XXVI".

3439 450 3546 510 233

1962 549 2175 604 ﬂumina
2209 553 2428 622 proiici;
2463 569 2633 626 neque
2662 559 2872 612 vexatio
2900 559 3012 628 illa,
3057 578 3214 630 quam
3259 581 3289 618 a
3349 566 3546 633 pratic-

1957 646 2058 699 ctis
2086 659 2364 714 operarum
2393 649 2748 718 patiebantur,
2780 653 2948 708 valuit
2975 655 3289 713 imminuere
3331 659 3544 715 illorum

1958 738 2372 807 multitudinem,
2400 741 2492 795 sed
2519 743 2686 812 magis
2713 746 2983 816 magisque
3027 764 3248 804 numero
3273 753 3544 820 augeban-

1957 834 2063 882 tur.
2117 829 2243 883 Erat
2277 830 2416 884 enim
2461 831 2638 887 divina
2691 833 3037 905 dispensatio,
3089 855 3206 908 qua:
3252 843 3426 894 omnia
3477 859 3543 898 ex

1955 916 2194 973 adversis
2217 921 2550 988 operabatur.

2026 1008 2081 1063 5.
2138 1008 2234 1063 Dei
2284 1023 2532 1082 praecepto
2552 1024 2732 1068 cuncta
2781 1018 3036 1073 obediunt.
3098 1019 3199 1073 Per
3236 1022 3548 1078 adversarios

1955 1101 2100 1171 efﬁcit
2133 1101 2272 1157 Deus
2300 1113 2354 1157 ut
2382 1105 2509 1174 ﬁdes
2538 1117 2744 1160 crescat.
2772 1138 2842 1147 —
2863 1109 3082 1176 Quando
3109 1112 3264 1182 igitur
3291 1114 3548 1170 Dominus

1954 1194 2216 1263 praecipit,
2246 1211 2313 1250 ne
2341 1211 2551 1266 quaeras
2577 1207 2632 1252 ut
2662 1198 2892 1254 humano
2915 1216 3062 1257 more
3082 1219 3240 1271 opera
3267 1206 3548 1275 perﬁcian-

1958 1289 2064 1336 tur.
2099 1282 2372 1339 P0tentior
2401 1287 2541 1340 enim
2571 1302 2729 1356 quam
2760 1299 2946 1342 natura
2967 1331 2982 1355 ,
3036 1307 3141 1346 non
3185 1302 3305 1364 eget
3342 1301 3545 1350 natura:

1963 1375 2104 1429 serie
2129 1390 2192 1430 ac
2216 1377 2530 1445 ministerio,
2561 1378 2651 1433 sed
2682 1389 2734 1434 et
2759 1396 2854 1451 per
2881 1397 2943 1437 ea
2969 1400 3086 1452 qua:
3116 1385 3344 1454 alioquin
3379 1389 3546 1456 impe-

1953 1464 2139 1534 diunt,
2168 1483 2254 1523 res
2279 1469 2523 1540 adauget.
2577 1470 2655 1525 Eo
2704 1473 2862 1526 modo
2893 1484 2944 1528 et
2971 1490 3110 1528 nunc
3141 1491 3235 1545 per
3263 1488 3370 1532 ιρι-5
3422 1479 3538 1532 illus

1956 1565 2127 1613 totum
2167 1560 2348 1616 orbem
2381 1561 2638 1631 implevit.
2690 1564 2733 1616 Α
2764 1565 2920 1618 tribus
2963 1567 3102 1620 enim
3149 1567 3271 1632 illis,
3329 1570 3532 1638 inquit,

1953 1650 2167 1719 dispersi
2194 1660 2310 1704 sunt
2335 1653 2387 1705 in
2415 1656 2698 1707 universam
2727 1665 2928 1709 terram.
2991 1657 3172 1711 Vidisti
3217 1659 3313 1715 Dei
3342 1666 3529 1728 puten-

1955 1741 2081 1795 tiam
2108 1742 2132 1796 ?
2181 1741 2356 1798 vidisti
2400 1745 2667 1814 quomodo
2690 1787 2705 1811 ,
2753 1747 2853 1802 etsi
2901 1749 3007 1804 sint
3033 1750 3197 1804 multa
3227 1752 3496 1807 obstacula
3521 1797 3535 1820 ,

1953 1833 2087 1887 nihil
2118 1844 2290 1889 tamen
2321 1837 2460 1890 illius
2489 1850 2726 1892 moratur
2750 1839 3111 1896 voluntatem?
3149 1843 3377 1912 ldipsutn
3405 1855 3461 1900 et
3487 1846 3537 1900 in

1954 1922 2265 1979 ﬁneliccbit
2305 1926 2506 1982 videre.
2537 1927 2669 1982 Cum
2700 1931 2839 1984 enim
2869 1930 2998 1985 tales
3034 1943 3216 1987 essent
3252 1936 3538 2005 quioppu-

1950 2025 2172 2084 gnarcnt
2195 2059 2209 2082 ,
2241 2025 2319 2071 tot
2355 2019 2446 2090 qui
2491 2020 2867 2076 insidiarentur
2887 2065 2902 2089 ,
2937 2033 2989 2078 et
3019 2039 3188 2093 reges,
3222 2038 3276 2082 et
3305 2031 3535 2098 tyranni,

1950 2113 2002 2159 et
2027 2107 2204 2175 populi
2242 2107 2596 2178 insurgentes,
2638 2118 2692 2166 et
2730 2112 2910 2166 omnia
2954 2112 3209 2170 facientes
3239 2125 3296 2170 ut
3331 2119 3536 2172 exstin-

1953 2205 2179 2264 guereut
2205 2196 2491 2254 scintillam
2519 2199 2664 2268 ﬁdei,
2691 2216 2786 2272 per
2812 2201 3170 2271 insidiatores,
3195 2221 3290 2275 per
3333 2221 3425 2262 eos
3448 2210 3538 2278 qui

1954 2295 2136 2342 vetare
2189 2287 2470 2356 volebant,
2525 2299 2668 2346 tanta
2722 2293 2932 2364 pietatis
2971 2294 3182 2349 ﬂamma
3211 2297 3423 2367 erupit,
3476 2311 3537 2354 ut

1951 2387 2122 2434 totum
2175 2381 2363 2436 orbem
2421 2382 2712 2439 habitatum
2751 2393 2806 2440 et
2843 2385 3194 2442 inhabitatum
3265 2389 3536 2446 invaserit.

1951 2471 2174 2527 Etiamsi
2199 2474 2267 2529 ad
2296 2474 2455 2531 lndos
2483 2477 2710 2544 abieris,
2757 2488 2809 2533 et
2837 2480 2902 2534 ad
2933 2479 3192 2552 Scythas,
3225 2491 3278 2537 et
3301 2483 3369 2538 ad
3404 2484 3538 2540 ﬁnes

1950 2564 2094 2620 orbis
2125 2574 2298 2632 terrae,
2344 2567 2550 2622 etiamsi
2589 2568 2656 2623 ad
2692 2570 2862 2638 ipsum
2903 2571 3190 2640 Oceanum,
3242 2574 3434 2645 ubique
3454 2575 3540 2630 in-

250 2663 532 2716 (un—At
577 2661 666 2717 hic
707 2662 863 2717 nobis
906 2662 1005 2716 alia
1051 2663 1274 2732 quaestio
1321 2662 1578 2729 nascitur,
1622 2663 1850 2718 celebris
1946 2657 2133 2713 venies
2177 2657 2374 2713 Christi
2415 2657 2709 2714 doctrinam
2751 2661 3103 2718 illustrantem
3150 2667 3385 2720 ninnium
3415 2670 3532 2722 ani-

251 2754 363 2820 illa,
391 2761 448 2809 et
468 2768 590 2823 qure
631 2753 824 2825 ubique
855 2753 1231 2809 circumfertur
1265 2771 1279 2807 :
1321 2753 1499 2820 Quare
1541 2762 1692 2824 patre
1722 2769 1854 2824 pec-

250 2854 431 2912 eunte,
462 2844 607 2900 ﬁlius
628 2845 971 2900 maledictum
999 2845 1228 2915 accipit?
1255 2843 1460 2900 Sedvne
1483 2844 1698 2914 longum
1725 2859 1850 2900 ser-

251 2954 475 2996 nionem
505 2955 648 2995 nunc
675 2941 956 3006 faciamus,
988 2941 1040 2995 in
1070 2939 1214 2995 aliud
1256 2950 1466 3011 tempus
1506 2940 1647 2995 illam
1686 2956 1848 3011 repo-

252 3045 470 3096 nemus,
504 3041 562 3086 ut
588 3046 710 3086 cum
735 3029 803 3086 ad
830 3046 954 3086 eum
979 3031 1156 3086 locum
1184 3031 1604 3102 pervenerimus,
1637 3041 1848 3092 tuncet

249 3123 578 3177 solutionem
620 3123 926 3188 aﬂ‘eramus,
979 3139 1138 3194 quam
1182 3123 1321 3178 Deus
1358 3124 1659 3179 donaverit.
1704 3125 1844 3182 Nihil

251 3215 398 3268 enim
427 3214 483 3267 in
508 3229 660 3268 sacra
705 3214 1005 3285 Scriptura,
1052 3216 1191 3270 sicut
1238 3215 1368 3282 dixi,
1419 3216 1658 3272 invenire
1704 3216 1842 3283 licet,

250 3303 397 3373 quod
427 3303 634 3374 absque
673 3305 882 3360 ratione
907 3305 1083 3376 aliqua
1123 3305 1193 3360 sit
1219 3307 1494 3375 scriptum.
1535 3307 1648 3362 Hoc
1690 3307 1850 3378 igitur

252 3396 470 3450 interim
500 3395 837 3465 exploratum
863 3405 966 3464 est,
990 3413 1184 3452 nomen
1213 3397 1304 3451 ﬁlii
1327 3413 1431 3451 non
1458 3397 1657 3468 absque
1683 3413 1845 3453 causa

250 3487 426 3542 fuisse
448 3501 480 3540 a
505 3485 652 3542 Mose
677 3498 1176 3553 commemoratum,
1205 3502 1325 3542 cum
1355 3486 1488 3542 dixit
1517 3505 1530 3540 :
1563 3487 1722 3542 Cham
1749 3505 1847 3542 au-

249 3588 351 3629 tem
379 3585 488 3630 erat
519 3587 661 3646 pater
689 3577 957 3632 Chanaan.
985 3576 1130 3640 Tres,
1156 3578 1343 3648 inquit,
1369 3587 1486 3632 sunt
1512 3579 1565 3631 hi
1591 3579 1688 3647 filii
1708 3577 1844 3645 Noe,

245 3681 295 3723 et
326 3670 394 3722 ab
423 3671 486 3723 iis
511 3671 728 3740 dispersi
753 3679 870 3724 sunt
899 3687 1058 3740 super
1083 3687 1277 3724 omnem
1305 3680 1509 3725 terram.
1539 3671 1723 3741 Neque
1747 3672 1847 3727 hoc

245 3762 459 3816 dictum
482 3762 658 3817 obiter
682 3772 1085 3832 praetereamus,
1113 3761 1314 3830 dilecti,
1342 3762 1435 3817 sed
1462 3761 1753 3832 cogitemus
1781 3777 1847 3817 ex

247 3854 350 3908 itlo
400 3853 517 3922 ipso
571 3853 785 3908 virtutis
831 3854 926 3908 Dei
973 3854 1413 3923 magnitudinem.
1468 3852 1608 3920 Tres,
1657 3853 1845 3923 inquit,

246 3956 402 4001 erant
430 3946 483 3999 hi
509 3946 604 4015 ﬁlii
637 3945 770 4011 Noe,
802 3954 850 3999 et
880 3963 945 4001 ea:
968 3947 1070 4000 illis
1096 3947 1310 4016 dispersi
1334 3955 1447 4000 sunt
1473 3962 1625 4015 super
1651 3962 1849 4000 onmem

246 4049 470 4093 terram.
496 4039 776 4107 Quomodo
805 4053 873 4094 ex
914 4039 1084 4093 tribus
1124 4047 1265 4092 tanta
1313 4038 1598 4092 multitudo
1636 4053 1846 4094 succre-

245 4132 371 4185 vit?
398 4129 665 4202 quomodo
693 4138 981 4200 potuerunt
1005 4128 1294 4184 sufﬁcere?
1319 4127 1587 4198 quomodo
1617 4144 1682 4184 ex
1715 4144 1847 4198 pau-

243 4228 336 4282 cis
369 4225 473 4281 illis
511 4233 655 4279 totus
695 4224 925 4279 mundus
958 4224 1314 4280 constitutus?
1353 4223 1622 4293 quomodo
1660 4238 1846 4278 eorum

245 4324 669 4390 permanserunt
695 4316 980 4386 corpora?
1006 4315 1124 4370 Non
1162 4315 1400 4370 medicus
1437 4323 1569 4380 erat,
1612 4315 1701 4384 qui
1729 4329 1846 4369 me-

243 4411 487 4466 dicinam
530 4409 828 4474 adhiberet,
877 4422 1050 4478 neque
1088 4408 1190 4461 alia
1227 4421 1376 4461 cura.
1419 4405 1665 4461 Nondum
1703 4407 1846 4461 enim

244 4512 414 4561 erant
438 4504 680 4558 civitates
717 4501 968 4566 condltze,
1011 4499 1105 4555 sed
1148 4507 1270 4569 post
1307 4507 1506 4552 tantam
1553 4497 1843 4564 miseriam,

242 4605 306 4652 et
333 4595 495 4649 vitam
527 4594 670 4648 illam
701 4593 752 4647 in
781 4607 926 4658 arca,
958 4600 1011 4646 et
1036 4607 1139 4662 qua
1165 4590 1415 4645 macerati
1439 4599 1492 4644 et
1520 4589 1748 4644 confecti
1777 4589 1847 4645 ob

241 4687 710 4757 cnmpressionem
737 4686 1010 4749 exierunt,
1040 4695 1092 4739 et
1123 4685 1177 4737 in
1208 4691 1350 4737 tanta
1390 4681 1676 4736 solitudine
1699 4682 1844 4735 exsi-

242 4788 480 4845 stentes,
522 4786 579 4832 et
603 4775 858 4831 ineﬁ'abili
885 4775 1150 4837 vastitate,
1181 4773 1448 4843 quomodo
1494 4787 1601 4826 non
1639 4771 1843 4826 enecati

243 4870 416 4924 sunt?
436 4867 707 4938 quomodo
735 4883 842 4922 non
869 4866 1176 4936 perierunt?
1197 4865 1467 4919 Timorem
1493 4864 1634 4919 enim
1661 4872 1716 4918 et
1734 4877 1848 4918 me-

245 4973 390 5025 tum,
420 4960 528 5025 dic,
556 4974 673 5025 oro,
697 4974 803 5014 non
825 4967 980 5027 putas
1000 4956 1354 5012 commovisse
1379 4970 1562 5010 eorum
1586 4964 1838 5019 mentem,

245 5063 304 5108 et
337 5051 678 5106 concussisse
703 5050 936 5102 animum
952 5047 1078 5103 ?--Ne
1102 5046 1404 5110 admireris,
1435 5044 1630 5100 dilecte
1660 5062 1674 5097 :
1706 5045 1844 5100 Deus

218 5146 400 5216 enim
426 5152 540 5198 erat
568 5142 658 5214 qui
688 5141 866 5196 omnia
897 5140 1146 5207 faciebat,
1177 5147 1233 5194 et
1259 5139 1401 5193 Deus
1426 5147 1628 5191 naturae
1665 5135 1843 5206 opilex

244 5246 373 5295 erat
395 5236 486 5306 qui
511 5237 689 5290 omnia
716 5233 1091 5304 impedimenta
1121 5231 1394 5286 auferebat
1433 5229 1687 5285 mandato
1723 5245 1840 5297 suo,

244 5343 364 5399 quo
389 5327 544 5393 dixit,
590 5325 810 5380 Crescite
850 5333 901 5378 et
943 5323 1373 5392 multiplicamini,
1416 5331 1463 5376 et
1507 5323 1711 5389 implete
1747 5329 1846 5373 ter-

244 5438 367 5476 ram
392 5418 546 5494 (Gen.
579 5420 630 5473 1.
657 5417 779 5488 28).
808 5417 920 5472 Hoc
943 5417 1083 5471 enim
1113 5417 1498 5470 incrementum
1525 5414 1688 5468 dedit.
1711 5412 1844 5480 Quia

242 5527 302 5570 et
346 5513 596 5567 lsraelita:
621 5527 743 5565 cum
771 5511 821 5563 in
854 5509 1086 5580 Egypto
1126 5509 1177 5562 in
1219 5507 1330 5562 luto
1378 5516 1433 5562 et
1475 5507 1643 5561 latere
1670 5505 1840 5559 conﬁ-

237 5602 452 5662 ciendo
475 5604 684 5659 onerati
713 5612 916 5668 essent,
961 5603 1014 5655 in
1057 5608 1210 5654 tanto
1248 5599 1505 5667 majorem
1549 5597 1846 5652 multitudi-

244 5711 380 5751 nem
411 5695 813 5760 excrescebant,
840 5707 944 5763 quo
982 5693 1150 5762 magis
1185 5691 1619 5760 opprimebantur
1649 5689 1840 5759 (Exod.

248 5789 304 5841 1.
340 5795 388 5838 et
427 5783 604 5856 seqq.)
633 5801 649 5837 :
675 5795 730 5839 et
756 5799 932 5854 neque
961 5783 1342 5838 immiscricors
1378 5792 1433 5837 et
1460 5780 1675 5836 crudele
1703 5795 1845 5850 prae-

232 5884 464 5944 ceptum
526 5873 851 5943 Pharaonis,
894 5890 998 5946 quo
1038 5874 1444 5946 praecipiebatur
1469 5872 1744 5944 masculos
1789 5873 1841 5928 in

1950 2763 2089 2804 mos.
2131 2749 2283 2818 Quod
2325 2751 2469 2806 enim
2498 2752 2806 2810 admirabile
2831 2766 2885 2810 et
2913 2767 3126 2826 stupore
3152 2759 3362 2829 plenum
3385 2802 3399 2825 ,
3429 2765 3532 2830 pla:

1949 2841 2223 2911 religionis
2247 2841 2488 2897 doctrina
2515 2843 2658 2912 ipsas
2687 2845 2938 2901 barbaras
2978 2849 3219 2904 nationes
3251 2854 3530 2918 convertit,

1950 2932 2024 2987 ita
2073 2941 2134 2987 ut
2183 2931 2544 3004 philosophari
2594 2935 2914 3004 didicerint,
2961 2948 3016 2993 et
3060 2940 3265 3010 abjecta
3317 2944 3538 3012 pristina

1951 3024 2335 3080 consuetudine
2355 3025 2420 3079 ad
2446 3026 2697 3096 pietatem
2728 3029 2996 3084 translatae
3022 3031 3147 3086 sint.
3179 3032 3245 3087 Et
3271 3035 3406 3088 sicut
3440 3050 3540 3104 per

1952 3127 2061 3174 tres
2087 3122 2206 3178 illos
2231 3122 2503 3178 hominum
2524 3135 2688 3191 genus
2712 3121 3079 3193 multiplicavit
3117 3125 3348 3180 universi
3387 3126 3532 3182 Con-

1949 3209 2092 3266 ditor
2133 3230 2148 3268 :
2197 3214 2268 3268 ita
2294 3227 2503 3285 quoque
2532 3221 2587 3267 et
2628 3212 2680 3266 in
2711 3211 2813 3266 ﬁde
2833 3209 2931 3282 "per
2956 3214 3206 3270 undecim
3233 3216 3524 3286 piscatores

1952 3304 2234 3360 illiteratos
2257 3316 2310 3360 et
2331 3305 2520 3360 idiotas
2543 3346 2563 3373 ,
2599 3304 2689 3374 qui
2722 3319 2894 3375 neque
2927 3320 2990 3360 os
3014 3308 3222 3375 aperire
3247 3309 3534 3378 audebant,

1958 3409 2172 3449 omnem
2201 3395 2302 3451 sibi
2345 3396 2529 3471 orbem
2556 3395 2804 3464 attraxit,
2855 3404 3014 3468 atque
3057 3398 3284 3454 illiterati
3313 3401 3432 3467 isti,
3482 3413 3538 3457 et

1950 3483 2166 3554 idiota),
2220 3494 2275 3541 et
2319 3488 2641 3556 piscatores,
2687 3487 3123 3557 philosophorum
3153 3489 3532 3548 obturaverunt

1949 3591 2065 3645 ora,
2106 3587 2162 3633 et
2195 3586 2622 3634 transcurrerunt
2640 3579 2824 3633 orbem
2849 3580 3001 3650 quasi
3027 3581 3171 3649 alati,
3210 3584 3538 3640 seminantcs

1949 3670 2192 3725 veritatis
2217 3684 2546 3736 sermonem,
2575 3678 2628 3724 et
2651 3670 2829 3740 spinas
2855 3682 3184 3738 exsecantes,
3213 3683 3267 3729 et
3288 3677 3537 3744 pristinas

1952 3761 2258 3818 aﬂ'ectidnes
2285 3762 2629 3830 revellentes,
2660 3761 2962 3832 Christique
2991 3763 3136 3833 leges
3163 3765 3358 3835 ubique
3386 3765 3537 3838 plan-

1955 3865 2127 3912 tantes
2157 3874 2170 3910 :
2200 3871 2261 3910 ac
2289 3871 2462 3925 neque
2485 3855 2637 3926 quod
2655 3856 2806 3925 pauci
2828 3864 3026 3922 essent,
3059 3871 3232 3926 neque
3260 3857 3400 3927 quod
3432 3860 3538 3928 pri-

1957 3948 2064 4003 vati
2117 3956 2192 4003 et'
2224 3946 2498 4012 illiterati,
2552 3960 2725 4016 neque
2777 3948 2916 4015 quod
2965 3955 3176 4001 austera
3222 3955 3276 4001 et
3319 3947 3562 4005 insolita.

1951 4039 2218 4109 juberent,
2254 4051 2426 4107 neque
2463 4035 2603 4106 quod
2636 4035 2800 4091 veteri
2829 4035 3211 4091 consuetudine
3247 4036 3536 4094 humanum

1950 4145 2115 4199 genus
2139 4139 2467 4198 praeventum
2493 4135 2658 4193 esset,
2675 4126 2952 4182 obstaculo
2967 4126 3044 4181 eis
3060 4141 3180 4181 esse
3203 4129 3372 4198 potuit
3397 4147 3409 4182 :
3434 4131 3530 4185 sed
3610 4152 3612 4154 τ

1949 4221 2144 4290 praevia
2173 4218 2337 4290 gratia
2367 4218 2578 4272 sustulit
2606 4218 2720 4270 haec
2743 4217 2941 4283 omnia,
2969 4232 3263 4288 magnaque
3286 4219 3536 4276 facilitate

1951 4312 2154 4382 cperati
2183 4320 2307 4364 sunt
2331 4311 2526 4374 omnia,
2563 4324 2655 4379 per
2683 4310 2792 4380 ipsa
2822 4308 3092 4364 obstacula
3115 4309 3372 4380 majorem
3399 4313 3537 4366 acci-

1954 4403 2161 4471 pientes
2215 4402 2565 4455 alacritatem.
2635 4399 2920 4454 Enimvero
2976 4401 3236 4456 interdum
3289 4401 3542 4472 ﬂageil:;ti.

1951 4495 2286 4549 decedebant
2328 4493 2637 4564 gaudentes,
2679 4509 2785 4548 non
2827 4502 3043 4563 propter
3085 4493 3288 4564 ﬂagella
3328 4497 3534 4565 simpli-

1949 4587 2114 4653 citer,
2144 4586 2236 4642 sed
2268 4585 2401 4652 Quia
2447 4602 2541 4657 pro
2589 4584 2790 4639 nomine
2815 4583 3000 4639 Christi
3046 4585 3186 4656 digni
3216 4586 3372 4640 habiti
3412 4598 3532 4641 sunt

1949 4679 2275 4751 ignominiam
2302 4679 2407 4748 pati
2438 4677 2571 4748 (Act.
2603 4676 2654 4731 5.
2682 4674 2773 4746 4|)
2796 4693 2811 4742 ;
2837 4676 3099 4731 interdum
3125 4686 3299 4732 autem
3331 4678 3382 4731 in
3409 4693 3531 4732 car-

1948 4769 2402 4838 ceremconjccti,
2425 4776 2767 4838 posteaquam
2793 4767 2860 4822 ab
2880 4768 3068 4836 angelo
3094 4767 3268 4822 educti
3297 4767 3525 4833 fuerunt,

1949 4862 2147 4916 iterum
2170 4859 2354 4914 eadem
2384 4859 2842 4925 continuaverunt,
2875 4867 2928 4914 et
2954 4858 3006 4912 in
3033 4860 3282 4927 templum
3325 4860 3532 4914 abeun-

1949 4962 2051 5022 tes,
2098 4954 2354 5009 doctrinae
2380 4966 2680 5006 sermonem
2727 4950 3320 5022 seminaverunt(,lbid.
3361 4953 3528 5008 v.19.

1948 5045 2104 5116 sqq.),
2131 5044 2354 5114 populos
2375 5044 2522 5114 quasi
2545 5042 2798 5112 piscando
2820 5041 2885 5096 ad
2911 5041 3158 5111 pietatem
3191 5043 3530 5109 indecentes;

1949 5147 2004 5193 et
2032 5139 2222 5192 iterum
2250 5137 2471 5202 detenti,
2502 5150 2608 5190 non
2638 5135 2807 5189 solum
2835 5149 2940 5188 non
2966 5136 3238 5204 segniores
3260 5135 3380 5190 inde
3411 5137 3532 5190 facti

1949 5239 2102 5296 sunt,
2131 5230 2223 5283 sed
2253 5239 2306 5284 et
2331 5231 2587 5297 majorem
2616 5227 2913 5281 libertatem
2955 5242 3064 5294 prae
3095 5243 3154 5282 se
3181 5229 3446 5294 tulerunt,
3482 5232 3533 5283 in

1947 5323 2124 5378 medio
2147 5321 2453 5378 insanientis
2479 5319 2656 5389 populi
2695 5327 2749 5374 et
2792 5318 3038 5373 dentibus
3064 5319 3338 5376 frementis
3383 5306 3533 5376 stan-

1952 5423 2051 5479 tes,
2070 5427 2133 5466 ac
2156 5413 2411 5476 dicentes,
2444 5410 2657 5464 Oberlire
2680 5418 2873 5479 oportet
2893 5408 3002 5463 Deo
3027 5411 3186 5482 magis
3206 5428 3359 5482 quam
3380 5415 3538 5465 homi-

1949 5503 2293 5576 nibus(lbid.
2320 5519 2368 5557 v.
2406 5504 2522 5574 29).
2559 5503 2744 5558 Vidisti
2776 5504 3034 5560 libertatis
3076 5504 3535 5574 magnitudinem?

1953 5597 2129 5652 vidisti
2173 5596 2452 5651 illiteratos
2482 5595 2769 5664 piscatores
2797 5603 3138 5649 contemnere
3183 5604 3256 5648 tot
3296 5595 3534 5652 furentes

1951 5687 2176 5758 populos
2199 5727 2212 5751 ,
2242 5696 2295 5740 et
2323 5686 2386 5739 ad
2417 5685 2590 5740 ca:ch
2615 5699 2677 5738 ac
2703 5685 3048 5739 mactationes
3072 5685 3322 5754 paratos?
3346 5685 3416 5740 At
3443 5695 3530 5753 tu,

1950 5779 2163 5841 dilecte,
2195 5776 2415 5831 audiens
2444 5777 2556 5830 hinc
2579 5777 2839 5831 omniane
2859 5775 3031 5829 tribue
3063 5775 3183 5840 illis,
3215 5775 3306 5830 sed
3332 5771 3532 5828 divini:

1952 5869 2158 5943 gratim,
2189 5882 2306 5940 qua:
2336 5867 2686 5925 conﬁrmabat
2715 5875 2766 5922 et
2794 5865 3086 5922 instmcbat
3113 5865 3319 5922 illorum
3339 5862 3533 5919 alacri-
