4062 6396
606 422 704 478 259

602 545 783 590 tatem.
839 532 972 599 Quia
1024 539 1077 584 et
1126 528 1215 587 ille
1268 528 1452 583 beatus
1502 528 1724 592 Petrus,
1775 544 1895 581 cum
1943 542 2006 581 ex
2036 537 2187 580 utero

604 625 792 679 matris
814 622 1057 677 claudum
1080 630 1284 674 rectum
1310 619 1527 683 faceret,
1552 618 1801 673 omnibus
1820 619 2192 687 obstupesccu-

605 716 746 769 tibus
769 724 821 769 et
846 711 1249 775 admirantibus,
1271 719 1478 781 gratum
1500 710 1615 780 ipse
1632 708 1866 764 animum
1890 708 2188 773 declarans,

608 806 777 877 inquit
807 821 819 858 :
868 803 989 868 Viri,
1024 800 1146 873 quid
1174 818 1265 856 nos
1292 802 1573 865 intuemini,
1604 795 1749 871 quasi
1774 810 1945 854 nostra
1974 799 2192 869 potentia

603 899 682 952 vel
735 898 919 967 pietate
969 894 1236 965 fecerimus
1283 893 1429 947 illum
1476 892 1908 963 ambulare(Act.
1954 892 2008 947 5.
2056 889 2192 961 12)?

603 988 779 1057 Quare
801 1028 818 1055 ,
847 987 1035 1056 inquit,
1062 986 1138 1040 sic
1167 984 1536 1054 obstupescitis
1554 1025 1568 1050 ,
1596 992 1649 1039 et
1676 981 1954 1053 stupefacti
1980 982 2111 1053 estis
2136 981 2191 1035 in

607 1080 710 1137 hac
758 1078 858 1135 re?
905 1078 1042 1133 Num
1089 1092 1187 1133 nos
1233 1080 1416 1131 sm'nus
1456 1076 1558 1129 hoc
1595 1075 1821 1145 operati,
1853 1074 1939 1129 vel
1977 1073 2191 1143 propria

610 1173 803 1227 virtute
852 1169 1200 1225 incolumitati
1253 1169 1400 1223 illum
1448 1167 1806 1231 restituimus,
1837 1174 1891 1220 et
1917 1166 2192 1221 ambulare

610 1262 876 1323 fecimus?
902 1262 1039 1329 Quid
1063 1276 1154 1316 nos
1179 1261 1438 1314 intuemini
1460 1260 1484 1314 ἱ)
1511 1258 1653 1314 Nihil
1677 1258 1905 1328 amplius
1931 1272 2026 1312 nos
2051 1264 2192 1312 attu-

609 1336 797 1420 limus,
828 1368 985 1423 quam
1025 1351 1165 1421 quod
1190 1351 1422 1421 linguam
1451 1358 1686 1403 nostram
1718 1348 2189 1403 commodavimus.

612 1447 713 1513 Qui
743 1454 919 1499 autem
950 1444 1125 1499 omnia
1155 1441 1312 1509 fecit,
1344 1441 1601 1496 Dominus
1628 1449 1711 1496 est
1731 1481 1745 1504 ,
1775 1448 1831 1495 et
1858 1440 1946 1495 ille
1991 1449 2193 1493 naturae

609 1539 868 1594 Conditor
886 1579 900 1603 ,
934 1535 1068 1590 Deus
1096 1534 1351 1588 Abraham
1375 1575 1390 1599 ,
1417 1531 1569 1586 Isaac
1593 1574 1607 1597 ,
1633 1541 1679 1586 et
1703 1530 1864 1585 Jacob
1888 1572 1904 1598 ,
1932 1545 2065 1600 quos
2096 1546 2191 1600 pa-

611 1632 868 1686 triarchas
896 1628 1145 1684 censetis.
1176 1627 1265 1680 lllc
1294 1625 1450 1692 Quem
1469 1622 2200 1693 vostradidistis,etuegastis

613 1738 785 1777 corant
814 1719 946 1792 [acie
991 1717 1151 1771 Pilati
1182 1716 1463 1787 judicantis
1502 1715 1647 1769 illunt
1685 1712 2032 1766 dimittendum
2061 1727 2078 1765 :
2106 1712 2194 1767 ille

612 1812 808 1883 estqui
838 1808 1015 1865 omnia
1062 1816 1312 1877 operatus
1340 1813 1458 1870 est,
1506 1818 1665 1873 quem
1731 1800 1831 1855 Vos
1877 1809 2103 1856 sanctum
2147 1810 2193 1857 et

612 1907 811 1978 justum
858 1900 1113 1971 negastis,
1144 1908 1191 1952 et
1241 1897 1453 1967 petiistis
1508 1896 1671 1950 virum
1716 1893 2020 1946 homicidam
2059 1891 2196 1945 vobis

616 1996 751 2051 tradi
794 2012 812 2051 :
867 1992 1158 2063 Principem
1210 1999 1376 2044 autent
1428 1988 1541 2043 vita
1592 1986 1997 2054 condenmastis,
2051 2002 2197 2054 quem

586 2078 589 2081 ﬁ
614 2086 750 2141 Deus
779 2085 1005 2140 excitavit
1032 2101 1063 2138 a
1089 2082 1297 2137 ntortuis
1316 2122 1331 2148 ,
1363 2082 1507 2150 cujus
1536 2095 1628 2132 nos
1652 2087 1797 2132 testes
1821 2094 2014 2131 sumus.
2050 2075 2117 2129 Et
2142 2076 2196 2129 in

618 2181 720 2249 ﬁde
746 2180 961 2234 nominis
980 2178 1139 2241 illius,
1169 2177 1301 2229 hunc
1318 2190 1466 2244 quem
1491 2172 1667 2227 videtis
1693 2181 1737 2225 et
1764 2172 1939 2233 nostis,
1962 2169 2197 2224 solidavit

613 2289 790 2347 nomen
825 2256 961 2325 illius
988 2312 1001 2338 ,
1030 2280 1077 2323 et
1103 2270 1260 2339 ﬁdes,
1299 2284 1412 2338 qua
1438 2283 1527 2336 per
1569 2267 1735 2343 ipsum
1779 2273 1850 2317 est
1870 2304 1883 2323 .
1914 2264 2050 2317 dedit
2080 2264 2196 2317 huic

612 2363 1008 2419 incolumitatem
1036 2376 1207 2414 coram
1234 2357 1463 2413 omnibus
1488 2357 1622 2411 vobis
1649 2354 1811 2425 (Ibid.
1841 2372 1887 2409 v.
1920 2354 2142 2424 15-16).

588 2440 591 2443 ἰ
683 2454 737 2510 6.
771 2454 951 2523 Magna
982 2451 1136 2507 liberi
1164 2450 1323 2521 hujus
1356 2448 1621 2504 sermonis
1644 2446 1989 2511 excellentia;
2013 2445 2196 2515 ingens

610 2559 665 2606 et
706 2545 983 2602 ineffabilis
1011 2544 1091 2599 vis
1130 2545 1310 2613 gratiae
1349 2557 1578 2611 superne
1620 2540 1725 2595 illis
1752 2540 1998 2605 collatae;
2027 2540 2199 2593 mani—

615 2638 894 2693 festissima
926 2622 1334 2691 resurrectionis
1367 2632 1752 2688 demonstratio
1779 2630 1918 2685 beati
1962 2630 2103 2684 illius
2145 2630 2197 2684 in

615 2730 841 2784 dicendo
876 2728 1093 2783 libertas
1132 2726 1309 2782 fuerit.
1342 2724 1495 2792 Quod
1516 2724 1657 2778 enim
1684 2723 1855 2792 majus
1886 2721 2195 2776 miraculum

617 2821 706 2874 illo
726 2818 845 2889 quis
887 2825 1171 2887 qurereret,
1214 2831 1338 2871 cum
1380 2815 1424 2869 is
1465 2813 1557 2884 qui
1608 2821 1730 2868 ante
1778 2826 1990 2867 crucem
2037 2810 2196 2865 etiam

614 2910 835 2981 abjectaa
861 2909 1049 2981 puella:
1092 2907 1262 2961 minas
1285 2905 1424 2961 ferre
1454 2919 1557 2959 non
1579 2905 1769 2983 potuit,
1793 2918 1933 2958 nunc
1971 2902 2037 2957 ad
2074 2914 2197 2959 cum

617 3003 831 3059 modum
858 3002 1113 3057 adversus
1143 2984 1449 3055 Judmorum
1498 2997 1751 3068 populum
1804 2996 2048 3065 insurgit,
2084 3003 2202 3052 tan-

616 3107 772 3167 taque
798 3094 1009 3162 ﬁducia,
1035 3092 1180 3147 solus
1199 3106 1318 3145 cum
1347 3097 1509 3153 esset,
1536 3095 1717 3144 contra
1742 3096 1960 3150 tantam,
1986 3095 2199 3156 tamque

616 3187 880 3243 furentem
905 3182 1291 3239 multitudinem
1313 3189 1417 3236 stat
1442 3180 1715 3245 adversus,
1738 3188 1792 3234 et
1820 3178 2053 3249 loquitur
2079 3191 2199 3247 qua:

617 3276 876 3335 insaniam
909 3276 1116 3329 illorum
1147 3270 1315 3341 magis
1356 3284 1672 3340 exasperare
1696 3268 1929 3339 queant?
1972 3266 2196 3332 Vidisti,

618 3368 843 3434 dilecte,
874 3366 924 3421 id
954 3365 1096 3437 quod
1144 3365 1197 3418 in
1239 3361 1502 3434 prommio
1546 3358 1807 3424 dicebam,
1855 3359 2013 3414 etiam
2058 3372 2198 3413 nunc

617 3463 975 3520 declaratum:
1005 3457 1157 3527 Quod
1179 3457 1223 3512 si
1244 3455 1363 3527 quis
1386 3470 1566 3509 amore
1587 3454 1638 3507 in
1664 3454 1830 3509 Deum
1855 3450 2194 3516 accendatur,

622 3570 728 3611 non
769 3562 950 3625 postea
1000 3552 1137 3606 feret
1160 3565 1220 3605 ea
1245 3564 1363 3620 qua:
1390 3547 1489 3601 sub
1514 3560 1891 3616 corporeorum
1922 3544 2198 3599 oculorum

616 3655 888 3715 aspectum
917 3641 1149 3706 cadunt;
1193 3638 1285 3695 sed
1318 3637 1435 3692 aliis
1478 3636 1766 3692 instructus
1800 3634 2003 3700 oculis,
2030 3632 2199 3689 oculis

620 3736 831 3807 inquam
860 3731 1002 3798 ﬁdei,
1036 3731 1122 3785 illa
1151 3744 1362 3799 semper
1385 3728 1705 3798 speculatur,
1730 3734 1782 3781 et
1822 3724 1887 3779 ad
1926 3724 2013 3779 illa
2044 3738 2198 3779 men-

618 3837 725 3881 tem
750 3825 911 3879 habet
939 3823 1216 3884 intentam,
1247 3818 1631 3885 ambulansque
1657 3817 1707 3871 in
1747 3826 1908 3881 terra,
1932 3823 2197 3885 tamquam

622 3916 1002 3986 municipatum
1033 3911 1234 3969 habens
1262 3911 1313 3965 in
1342 3910 1507 3973 cadis,
1547 3910 1617 3965 ita
1654 3906 1832 3963 omnia
1876 3905 2002 3977 agit,
2035 3905 2200 3962 nullis

627 4009 868 4065 humanis
892 4005 1208 4077 praepeditus
1234 4018 1263 4058 a
1305 4002 1515 4057 virtutis
1565 4015 1743 4055 cursu.
1773 3998 1903 4053 Nam
1952 3999 2039 4068 qui
2081 3997 2200 4052 talis

619 4111 723 4164 est,
759 4114 865 4155 non
905 4096 1128 4168 posthac
1176 4094 1397 4163 respicit
1440 4091 1505 4146 ad
1549 4089 1823 4162 splendida
1855 4087 2012 4158 hujus
2039 4089 2196 4154 vitaz,

622 4206 797 4261 neque
821 4189 886 4243 ad
916 4188 1047 4243 dura
1072 4194 1126 4241 et
1152 4199 1361 4254 aspera,
1392 4174 1484 4239 sed
1507 4182 1682 4235 omnia
1712 4180 1795 4235 illa
1819 4180 2197 4249 prretereurrit,

621 4283 690 4336 ad
723 4281 943 4351 patriam
973 4291 1121 4332 suam
1166 4275 1437 4331 feminans.
1486 4272 1552 4326 Et
1591 4272 1725 4326 sicut
1750 4270 1837 4340 qui
1871 4269 2199 4338 corporalem

625 4373 766 4435 hunc
816 4385 1028 4426 cursum
1082 4381 1267 4435 magna
1315 4364 1655 4419 contentione
1704 4361 1935 4431 peragit,
1999 4360 2200 4413 tmllum

625 4459 1018 4515 occurrentium
1044 4458 1058 4489 ¹
1086 4456 1249 4522 videt,
1280 4454 1486 4510 etiamsi
1514 4454 1707 4522 saepius
1729 4453 1781 4506 in
1814 4452 1956 4506 illum
1983 4450 2200 4517 incidat,

627 4555 721 4608 sed
750 4552 927 4605 animo
969 4550 1033 4603 ad
1061 4563 1271 4603 cursum
1304 4547 1508 4602 intento
1561 4544 1715 4599 facile
1756 4545 1934 4599 omnia
1978 4542 2200 4607 transit,

630 4642 886 4696 festinans
911 4638 977 4693 ad
1011 4638 1330 4693 destinatum
1359 4652 1615 4705 scopum:
1648 4633 1835 4689 eodem
1884 4633 2063 4699 modo,
2112 4632 2203 4702 qui

628 4747 843 4787 cursum
868 4730 1077 4785 virtutis
1103 4743 1355 4798 peragere
1382 4726 1616 4793 festinat,
1636 4732 1691 4781 et
1709 4740 1739 4778 a
1771 4733 1909 4779 terra
1938 4723 1990 4777 in
2014 4721 2203 4778 caelum

629 4822 919 4878 ascendere
961 4818 1304 4887 concupiscit,
1336 4816 1511 4871 omnia
1541 4831 1658 4886 qua:
1687 4812 1930 4869 videntur
1956 4812 2205 4867 deorsum

628 4914 898 4984 relinquit,
926 4922 981 4967 et
1007 4918 1171 4966 totum
1199 4924 1256 4962 se
1285 4907 1462 4964 cursui
1490 4906 1656 4972 dedit,
1708 4919 1879 4973 neque
1908 4903 2053 4974 prius
2078 4899 2207 4956 sub-

632 5004 789 5067 sistit,
821 5017 993 5073 neque
1020 5016 1049 5055 a
1077 4998 1265 5055 visibili
1294 4997 1538 5068 quapiam
1566 5013 1625 5051 re
1648 4996 1934 5059 detinetur,
1956 4992 2127 5047 donec
2154 4991 2206 5046 in

633 5095 887 5149 verticem
937 5091 1227 5148 ascendere
1252 5089 1504 5160 pctuerit.
1535 5087 1598 5142 Ei
1622 5089 1762 5142 enim
1785 5087 1872 5157 qui
1894 5086 1972 5141 sic
1991 5085 2209 5141 aﬁ'ectus

630 5195 734 5252 est,
761 5184 920 5240 etiam
966 5198 1085 5253 quae
1124 5182 1369 5236 videntur
1404 5194 1525 5234 esse
1569 5178 1824 5234 terribilia
1862 5176 1915 5231 in
1961 5174 2210 5246 praesenti

632 5280 773 5341 vita,
818 5274 1235 5344 contemptibilis
1278 5272 1531 5327 ﬁuntzet
1575 5270 1665 5341 qui
1709 5270 1827 5323 talis
1879 5275 1990 5333 est,
2038 5282 2211 5336 neque

631 5368 863 5440 gladium
896 5368 1065 5430 timet,
1118 5379 1291 5435 neque
1336 5363 1709 5433 praecipitium,
1759 5375 1933 5431 neque
1980 5359 2211 5414 ferarum

633 5464 843 5526 dentes,
860 5473 1046 5537 .neque
1067 5465 1349 5523 tormenta,
1368 5472 1539 5527 neque
1554 5456 1796 5511 lictorum
1812 5468 2020 5519 manus,
2044 5466 2214 5521 neque

635 5551 834 5623 aliquid
863 5551 1013 5606 triste
1058 5550 1110 5604 in
1137 5549 1237 5604 hac
1265 5548 1371 5602 vita
1406 5566 1419 5603 :
1450 5546 1545 5603 sed
1591 5554 1646 5602 et
1683 5546 1727 5600 si
1756 5545 2013 5601 carbones
2040 5542 2216 5597 videat

639 5646 955 5708 substratos,
985 5642 1132 5713 quasi
1162 5649 1308 5711 prata
1343 5649 1399 5694 et
1438 5639 1711 5711 paradisos
1738 5639 1925 5693 videns
1953 5636 2212 5702 transilit;

640 5744 695 5787 et
718 5736 761 5787 si
792 5734 950 5788 aliam
978 5732 1258 5805 quamdam
1285 5741 1669 5787 tormentorum
1697 5730 1929 5802 speciem
1967 5726 2216 5786 intentari
2241 5732 2296 5794 ,εΔ
2553 5726 2763 5835 ‘a‘picgm
2792 5726 3086 5833 'ppw'enire
3132 5726 3436 5829 p'omer'um.
3481 5754 3658 5825 “aqua
3683 5750 3869 5809 "unus,

707 5886 722 5915 δ
757 5891 963 5941 Quatuor
986 5893 1114 5946 Mss,
1137 5884 1364 5949 omnium,
1384 5899 1487 5949 pro,
1506 5883 1870 5936 occurrentium.

1316 415 1373 469 S.
1415 412 1693 470 JOANNIS
1730 406 2210 467 CHRYSOSTOMI
2250 408 2565 465 ARCIIIEP.
2605 409 3140 466 CONSTANTINOP.

3756 413 3854 470 9.60

2300 524 2492 585 videat,
2522 540 2627 580 non
2684 524 2861 579 deﬁcit
2902 525 2968 579 ad
3015 536 3309 596 aspectum,
3351 539 3526 596 neque
3573 544 3856 589 aversatur.

2298 615 2626 671 Desiderium
2649 618 2790 672 enim
2818 618 3111 673 futurorum
3136 631 3367 676 mentem
3396 622 3558 690 ipsius
3580 627 3856 692 transtulit,

2294 717 2350 761 et
2376 708 2523 781 quasi
2562 706 2754 762 frustra
2782 723 3004 780 corpore
3033 711 3277 777 amictus,
3310 712 3377 766 ita
3412 712 3718 770 affectiones
3745 730 3860 772 suas

2298 801 2622 867 moderatur,
2654 811 2710 857 et
2737 817 2959 871 superna
2998 803 3166 875 gratia
3195 805 3427 860 munitus
3456 808 3691 875 corporis
3720 807 3862 865 dolo-

2297 905 2383 944 res
2412 905 2477 945 ne
2502 891 2661 945 sentit
2685 892 2917 962 quidem.

2368 979 2682 1035 Adhortatur
2704 983 2771 1035 ad
2801 1000 3022 1037 amorem
3050 1001 3168 1055 erga
3195 984 3377 1041 Deum.
3397 1017 3468 1027 ——
3491 988 3744 1056 Quocirca
3771 993 3861 1046 ob-

2296 1086 2470 1136 secro,
2502 1081 2555 1127 ut
2581 1088 2687 1143 quo
2713 1075 2864 1129 facile
2890 1075 3100 1130 virtutis
3146 1076 3354 1133 labores
3382 1078 3517 1133 ferre
3558 1082 3814 1147 possimus
3840 1124 3853 1148 ,

2299 1179 2546 1234 magnum
2575 1164 2864 1221 habeamus
2893 1166 2947 1221 in
2985 1167 3149 1223 Deum
3178 1184 3412 1224 amorem
3444 1184 3497 1226 et
3524 1172 3858 1241 desiderium,

2298 1264 2355 1311 et
2381 1258 2504 1312 illuc
2529 1267 2707 1313 tuente
2751 1267 2931 1314 nostra
2961 1260 3179 1326 intenta,
3217 1277 3247 1315 a
3291 1262 3433 1317 nulla
3479 1281 3535 1317 re
3572 1266 3728 1334 hujus
3754 1269 3864 1322 vita:

2255 1393 2260 1400 .
2298 1350 2699 1420 supplantemnr
2722 1351 2773 1406 in
2801 1367 2960 1408 cursu
2989 1353 3101 1417 illo,
3146 1354 3240 1409 sed
3276 1354 3568 1411 futurorum
3617 1358 3861 1413 bonorum

2300 1439 2602 1497 fruitionem
2656 1443 2909 1498 continuo
2957 1446 3270 1514 cogitantes,
3311 1460 3498 1501 omnes
3546 1448 3703 1517 hujus
3755 1452 3866 1504 vitae

2300 1535 2573 1590 molestias
2600 1548 2875 1591 mansuete
2901 1535 3151 1601 feramus,
3178 1547 3234 1592 et
3253 1554 3423 1608 neque
3454 1540 3737 1609 ignominia
3776 1558 3867 1597 nos

2299 1631 2592 1693 contristet,
2619 1644 2788 1700 neque
2812 1630 2986 1700 inopia
3012 1640 3215 1700 gravet,
3264 1648 3432 1701 neque
3452 1635 3669 1689 morbus
3692 1650 3867 1704 carpo.

2301 1720 2374 1773 ris
2400 1721 2592 1773 mentis
2618 1734 2831 1774 sensum
2860 1720 3119 1787 emolliat,
3171 1737 3354 1791 neque.
3388 1724 3525 1792 quod
3565 1736 3866 1779 centenum-

2301 1826 2420 1865 mur
2443 1811 2900 1883 despiciamurque
2925 1813 2993 1868 ab
3030 1812 3304 1869 hominum
3329 1816 3497 1873 turba.
3530 1817 3577 1869 id
3610 1817 3867 1887 segniores

2302 1920 2399 1959 nos
2429 1903 2583 1958 faciat
2609 1905 2660 1959 itt
2686 1905 2897 1960 virtutis
2924 1904 3098 1960 studio
3127 1923 3141 1959 :
3173 1904 3270 1960 sed
3319 1908 3563 1962 omnibus
3605 1908 3669 1961 iis
3688 1950 3702 1971 ,
3729 1910 3866 1977 quasi

2302 1997 2473 2066 pulvis
2516 2005 2730 2063 essent,
2779 1998 3037 2065 excussis,
3088 2007 3465 2069 assumptoque
3518 2015 3778 2068 generoso
3821 2013 3866 2055 et

2301 2089 2514 2145 sublimi
2541 2089 2748 2160 spiritu,
2776 2105 3023 2161 magnum
3046 2106 3140 2160 per
3164 2091 3339 2145 omnia
3369 2092 3688 2146 fortitudinis
3708 2095 3869 2161 speci-

2301 2195 2425 2234 men
2462 2180 2829 2250 exhibeamus,
2877 2193 2932 2238 et
2989 2183 3125 2238 sicut
3171 2184 3285 2239 heri
3334 2195 3563 2239 vestram
3612 2187 3868 2239 caritatem

2302 2272 2597 2339 obsecravi,
2645 2288 2765 2328 cum
2815 2273 3041 2329 inimicis
3088 2290 3275 2341 magna
3318 2274 3591 2330 alacritate
3632 2277 3869 2331 concilie-

2303 2380 2445 2431 mur,
2473 2373 2527 2420 et
2551 2381 2615 2421 ex
2658 2367 2936 2421 animabus
2964 2368 3161 2422 nostris
3187 2367 3521 2422 affectionum
3546 2369 3869 2422 eliminemus

2302 2458 2585 2527 reliquias;
2612 2459 2725 2512 etsi
2761 2474 2863 2528 qua
2892 2461 3314 2529 concupiscentia
3351 2477 3507 2530 prava
3545 2463 3867 2526 interturbat,

2303 2562 2420 2602 eam
2472 2548 2795 2618 eﬁ'ugemus;
2854 2559 2909 2604 ct
2954 2550 3000 2605 si
3054 2549 3201 2605 furor
3250 2550 3315 2605 ad
3361 2550 3493 2604 iram
3544 2552 3867 2617 exstimulet,

2303 2640 2715 2709 comprimamus
2746 2640 2887 2697 hunc
2909 2650 3096 2697 aestum
3132 2652 3293 2698 cantu
3316 2643 3673 2712 spiritualium
3696 2645 3867 2700 admo-

2303 2732 2584 2798 nitionum,
2624 2733 2968 2789 ostendentes
2991 2750 3149 2805 quam
3179 2737 3486 2805 perniciosa:
3514 2739 3622 2791 sint
3646 2737 3867 2791 affectio-

2302 2839 2421 2879 nes.
2454 2822 2543 2878 Vir
2589 2825 2753 2891 enim,
2797 2826 2986 2894 inquit,
3038 2826 3333 2892 iracundus,
3383 2844 3485 2881 mm
3529 2828 3763 2882 honestus
3805 2838 3867 2882 est

2305 2915 2501 2986 (Prov.
2537 2918 2621 2972 H.
2651 2917 2797 2988 25);
2823 2926 2878 2972 et
2923 2919 3134 2983 iterum,
3171 2918 3270 2985 Qui
3319 2918 3555 2971 irascitur
3606 2921 3750 2989 fratri
3788 2935 3868 2971 suo

2302 3009 2411 3062 sine
2437 3024 2613 3070 causa,
2643 3025 2758 3061 reus
2798 3010 2891 3062 erit
2942 3008 3181 3079 gehennat
3220 3010 3351 3079 ignis
3397 3010 3624 3077 (Matth.
3674 3011 3725 3065 5.
3756 3009 3866 3077 εἰ).

2304 3099 2372 3154 Et
2400 3100 2443 3154 si
2481 3100 2819 3170 pecuniarum
2860 3101 3123 3169 cupiditas
3147 3103 3395 3167 incessat,
3422 3102 3613 3156 demus
3643 3117 3865 3171 operam,

2304 3200 2361 3245 ttt
2389 3206 2541 3246 mens
2589 3192 2720 3245 vitet
2771 3200 2969 3246 tantam
3016 3193 3327 3261 perniciem,
3371 3202 3425 3247 et
3476 3196 3615 3248 sicut
3654 3192 3865 3247 radicem

2303 3284 2564 3339 malorum
2594 3285 2830 3339 omnium
2860 3285 3252 3341 exscindamus.
3274 3286 3357 3341 Sic
3380 3287 3690 3341 Studeamus
3715 3288 3867 3356 singu-

2303 3376 2383 3431 las
2411 3374 2720 3431 aﬂ‘ectiones
2758 3376 2925 3431 malas
2944 3378 3234 3447 corrigere,
3266 3392 3373 3446 quo
3415 3387 3469 3431 et
3498 3377 3808 3432 abstinendo
3841 3393 3865 3428 a

2303 3469 2482 3535 malis,
2510 3477 2563 3523 et
2590 3468 2845 3524 sectando
2873 3483 3033 3538 opera
3079 3469 3237 3535 bona,
3292 3469 3560 3538 possimus
3600 3470 3650 3521 in
3680 3469 3763 3523 die
3789 3468 3868 3520 illo

2302 3559 2582 3614 tremendo
2602 3573 2632 3613 a
2656 3559 2766 3614 Deo
2792 3557 3210 3613 misericordiam
3240 3560 3474 3626 assequi,
3497 3559 3667 3627 gralia
3692 3566 3744 3613 et
3778 3557 3867 3611 mi-

2304 3649 2657 3705 serationibus
2693 3649 2948 3719 unigeniti
2986 3649 3101 3719 ejus
3145 3648 3286 3717 Filii,
3328 3650 3412 3704 cui
3455 3666 3578 3703 cum
3612 3650 3781 3711 Patre,
3823 3657 3867 3701 et

2305 3741 2503 3811 Spiritu
2528 3751 2711 3796 sancto
2735 3742 2803 3795 sit
2826 3741 3015 3811 gloria,
3041 3742 3340 3809 imperium,
3365 3751 3419 3795 et
3449 3742 3645 3807 huttut',
3673 3757 3804 3796 ntutc
3824 3750 3870 3795 ct

2307 3847 2539 3903 semper,
2572 3844 2627 3887 et
2662 3832 2720 3899 in
2754 3832 2945 3889 saecula
2972 3834 3309 3889 saeculorum.
3339 3834 3529 3889 Amen.

2848 3965 3126 4022 HOMILIA
3164 3964 3355 4023 XXIX.

2306 4079 2374 4136 Et
2398 4082 2546 4151 caepit
2573 4079 2626 4134 Ν
2629 4098 2688 4134 oe
2708 4082 2855 4135 homo
2881 4080 3104 4151 agricola
3131 4090 3294 4144 terras,
3322 4091 3368 4135 et
3397 4082 3643 4147 plantavit
3669 4084 3866 4144 vineam,

2376 4185 2422 4227 et
2448 4174 2564 4227 bibit
2589 4178 2650 4230 de
2676 4177 2790 4230 vino
2812 4191 2830 4229 :
2857 4185 2905 4228 et
2932 4173 3202 4227 inebriatus
3228 4183 3299 4228 est
3328 4172 3480 4245 (Gen.
3504 4174 3555 4226 9.
3587 4175 3673 4229 20.
3697 4173 3804 4242 2|).

2376 4292 2430 4345 1.
2473 4288 2593 4343 Non
2622 4288 2786 4344 solunt
2809 4289 2938 4342 bona
2966 4304 3117 4359 opera
3135 4329 3149 4354 ,
3178 4287 3267 4343 sed
3294 4296 3340 4340 et
3367 4300 3575 4356 peccata
3599 4297 3869 4340 sanctorum

2306 4392 2751 4452 proponuntur.-—
2766 4380 2846 4434 Ad
2869 4380 3027 4435 ﬁnem
3054 4378 3263 4435 laudent
3284 4380 3579 4449 argumenti
3605 4380 3669 4432 ad
3685 4379 3866 4447 justum

2284 4475 2451 4549 ,hunc
2492 4476 2782 4545 Spectantis
2824 4476 3100 4530 venimus:
3141 4475 3263 4530 ideo
3305 4475 3549 4542 obsecro,
3583 4485 3756 4530 lllctlle
3794 4474 3867 4526 in-

2310 4576 2454 4622 tenta
2493 4567 2695 4631 adeste,
2735 4575 2787 4621 et
2814 4566 3093 4635 diligenter
3126 4582 3247 4637 qu;e
3286 4566 3535 4621 dicuntur
3574 4567 3865 4621 auscultate.

2309 4660 2438 4715 Nam
2467 4675 2529 4715 ex
2563 4659 2626 4715 iis
2652 4675 2767 4730 quae
2797 4659 2956 4714 hodie
2982 4659 3114 4713 lecta
3142 4666 3266 4713 sunt
3288 4672 3395 4713 non
3425 4673 3646 4727 parvum
3672 4698 3685 4718 ,
3714 4669 3869 4723 neque

2310 4751 2577 4822 vulgarem
2600 4752 2872 4821 percipere
2891 4751 3014 4807 licet
3035 4750 3262 4806 fructum
3287 4767 3300 4803 :
3324 4750 3748 4821 quandoquidem
3766 4760 3870 4817 qua:

2311 4846 2501 4915 priscis
2529 4854 2836 4908 evenerunt,
2865 4845 2911 4898 si
2934 4859 3120 4913 sapere
3148 4844 3495 4910 voluerimus,
3522 4844 3763 4897 maxima:
3782 4855 3869 4893 no—

2311 4937 2395 4994 bis
2418 4937 2672 4993 doctrina:
2696 4942 2819 4990 sunt
2836 4936 3067 4990 occasio.
3095 4935 3219 4991 Ideo
3241 4935 3385 4991 enim
3411 4951 3514 4989 non
3541 4934 3711 4989 solum
3728 4943 3869 5000 opera

2312 5038 2618 5085 sanctorum
2647 5027 2783 5083 bona
2811 5027 3007 5098 scripta
3036 5035 3192 5092 sunt,
3230 5026 3328 5082 sed
3364 5029 3525 5083 etiam
3556 5031 3761 5095 peccata
3779 5062 3793 5085 ,
3822 5027 3871 5072 nt

2315 5123 2432 5177 haec
2450 5119 2663 5191 quidem
2693 5112 2971 5189 fugiamus,
3001 5118 3089 5172 illa
3116 5132 3243 5173 vero
3269 5117 3535 5173 imitemur
3559 5134 3573 5169 :
3601 5130 3768 5186 neque
3785 5113 3872 5167 hoc

2317 5214 2512 5278 solum,
2543 5211 2640 5267 sed
2668 5217 2933 5266 monstrat
2975 5210 3193 5279 insuper
3224 5208 3399 5285 divina
3432 5209 3700 5277 Scriptura
3724 5215 3775 5260 et
3794 5204 3871 5274 ju-

2316 5313 2428 5360 stos
2453 5317 2595 5373 saepe
2636 5302 2834 5373 lapsos,
2860 5310 2915 5357 et
2953 5310 3259 5371 peccatores
3294 5315 3538 5370 magnam
3585 5298 3873 5353 exhibentes

2317 5396 2443 5451 vita:
2464 5394 2890 5460 conversionem,
2910 5407 3015 5463 quo
3032 5393 3275 5461 utrinque
3294 5391 3563 5447 sufﬁciens
3584 5388 3731 5443 nobis
3750 5392 3873 5441 esst-t

2320 5488 2545 5554 cautela,
2580 5496 2634 5542 et
2675 5501 2846 5556 neque
2871 5486 2960 5555 qui
2986 5493 3092 5540 stat
3124 5482 3473 5539 conﬁdentior
3500 5480 3606 5547 sit,
3633 5477 3805 5534 videns
3827 5484 3873 5528 et

2316 5581 2489 5653 justos
2526 5580 2802 5646 cecidisse,
2832 5592 3004 5649 neque
3029 5576 3119 5646 qui
3156 5575 3207 5629 in
3246 5574 3474 5645 peccatis
3498 5581 3580 5627 est
3615 5571 3869 5640 desperet,

2292 5675 2520 5735 .multos
2544 5673 2876 5743 conspiciens
2914 5668 3001 5742 qui
3045 5668 3399 5739 resipuerunt.
3440 5674 3493 5720 et
3530 5664 3597 5717 ad
3632 5671 3870 5719 summum

2330 5875 2530 5932 quasso,
2562 5858 2777 5914 tametsi
2800 5856 3087 5911 multorum
3113 5851 3374 5909 bonorum
3403 5861 3617 5920 operum
3643 5843 3734 5900 sibi
3759 5856 3865 5896 cou-
