  <div class='ocr_page' id='page_1' title='image "/cluster/home/n/w/nwhite01/storage/ocr_20150623/53/nnc1.0046978453/258.png"; bbox 0 0 4062 6396; ppageno 0'>
   <div class='ocr_carea' id='block_1_1' title="bbox 241 521 1925 596">
    <p class='ocr_par' dir='ltr' id='par_1_1' title="bbox 241 521 1925 596">
     <span class='ocr_line' id='line_1_1' title="bbox 241 521 1925 596; baseline 0 -18"><span class='ocrx_word' id='word_1_1' title='bbox 241 523 686 596; x_wconf 73' lang='grc' dir='ltr'>ἀποκατέστησε,</span> <span class='ocrx_word' id='word_1_2' title='bbox 709 524 928 577; x_wconf 83' lang='grc' dir='ltr'>πάντων</span> <span class='ocrx_word' id='word_1_3' title='bbox 949 521 1399 596; x_wconf 73' lang='grc' dir='ltr'>ἐκπληττομένων</span> <span class='ocrx_word' id='word_1_4' title='bbox 1418 526 1513 580; x_wconf 71' lang='grc' dir='ltr'>καὶ</span> <span class='ocrx_word' id='word_1_5' title='bbox 1537 525 1925 596; x_wconf 78' lang='grc' dir='ltr'>θαυμαζόντων</span> 
     </span>
    </p>
   </div>
   <div class='ocr_carea' id='block_1_2' title="bbox 242 607 1921 684">
    <p class='ocr_par' dir='ltr' id='par_1_2' title="bbox 242 607 1921 684">
     <span class='ocr_line' id='line_1_2' title="bbox 242 607 1921 684; baseline 0.001 -20"><span class='ocrx_word' id='word_1_6' title='bbox 242 611 465 673; x_wconf 81' lang='grc' dir='ltr'>αὐτοὺς,</span> <span class='ocrx_word' id='word_1_7' title='bbox 490 609 932 680; x_wconf 75' lang='grc' dir='ltr'>ἐπιδεικνύμενος</span> <span class='ocrx_word' id='word_1_8' title='bbox 952 607 1050 680; x_wconf 82' lang='grc' dir='ltr'>τὴν</span> <span class='ocrx_word' id='word_1_9' title='bbox 1068 611 1274 666; x_wconf 80' lang='grc' dir='ltr'>οἰκείαν</span> <span class='ocrx_word' id='word_1_10' title='bbox 1295 612 1714 684; x_wconf 81' lang='grc' dir='ltr'>εὐγνωμοσύνην</span> <span class='ocrx_word' id='word_1_11' title='bbox 1736 631 1808 684; x_wconf 86' lang='grc' dir='ltr'>φη</span> <span class='ocrx_word' id='word_1_12' title='bbox 1818 613 1921 666; x_wconf 89' lang='grc' dir='ltr'>σίν·</span> 
     </span>
    </p>
   </div>
   <div class='ocr_carea' id='block_1_3' title="bbox 247 695 1926 770">
    <p class='ocr_par' dir='ltr' id='par_1_3' title="bbox 247 695 1926 770">
     <span class='ocr_line' id='line_1_3' title="bbox 247 695 1926 770; baseline 0.004 -20"><span class='ocrx_word' id='word_1_13' title='bbox 247 697 524 765; x_wconf 66' lang='grc' dir='ltr'>Ἄνδρες,</span> <span class='ocrx_word' id='word_1_14' title='bbox 546 699 604 751; x_wconf 88' lang='grc' dir='ltr'>τί</span> <span class='ocrx_word' id='word_1_15' title='bbox 633 695 923 757; x_wconf 71' lang='grc' dir='ltr'>ἀτενίζετε</span> <span class='ocrx_word' id='word_1_16' title='bbox 955 698 1121 768; x_wconf 74' lang='grc' dir='ltr'>ἡμῖν,</span> <span class='ocrx_word' id='word_1_17' title='bbox 1142 699 1221 766; x_wconf 86' lang='grc' dir='ltr'>ὡς</span> <span class='ocrx_word' id='word_1_18' title='bbox 1255 699 1376 768; x_wconf 77' lang='grc' dir='ltr'>ίδίςι</span> <span class='ocrx_word' id='word_1_19' title='bbox 1413 701 1664 770; x_wconf 77' lang='grc' dir='ltr'>δυνάμει</span> <span class='ocrx_word' id='word_1_20' title='bbox 1688 701 1726 770; x_wconf 78' lang='grc' dir='ltr'>ἢ</span> <span class='ocrx_word' id='word_1_21' title='bbox 1749 703 1926 756; x_wconf 86' lang='grc' dir='ltr'>εὐσε-</span> 
     </span>
    </p>
   </div>
   <div class='ocr_carea' id='block_1_4' title="bbox 241 785 1924 858">
    <p class='ocr_par' dir='ltr' id='par_1_4' title="bbox 241 785 1924 858">
     <span class='ocr_line' id='line_1_4' title="bbox 241 785 1924 858; baseline 0 -16"><span class='ocrx_word' id='word_1_22' title='bbox 241 787 376 852; x_wconf 78' lang='grc' dir='ltr'>ϐείᾳ</span> <span class='ocrx_word' id='word_1_23' title='bbox 407 788 768 855; x_wconf 84' lang='grc' dir='ltr'>πεποιηκόσι</span> <span class='ocrx_word' id='word_1_24' title='bbox 801 785 908 842; x_wconf 90' lang='grc' dir='ltr'>τοῦ</span> <span class='ocrx_word' id='word_1_25' title='bbox 939 790 1287 856; x_wconf 82' lang='grc' dir='ltr'>περιπατεῖν</span> <span class='ocrx_word' id='word_1_26' title='bbox 1303 791 1522 856; x_wconf 87' lang='grc' dir='ltr'>αὐτόν;</span> <span class='ocrx_word' id='word_1_27' title='bbox 1542 791 1698 854; x_wconf 84' lang='grc' dir='ltr'>Τίνος</span> <span class='ocrx_word' id='word_1_28' title='bbox 1717 792 1924 858; x_wconf 77' lang='grc' dir='ltr'>ἕνεκεν,</span> 
     </span>
    </p>
   </div>
   <div class='ocr_carea' id='block_1_5' title="bbox 243 873 1928 948">
    <p class='ocr_par' dir='ltr' id='par_1_5' title="bbox 243 873 1928 948">
     <span class='ocr_line' id='line_1_5' title="bbox 243 873 1928 948; baseline 0.005 -24"><span class='ocrx_word' id='word_1_29' title='bbox 243 873 438 943; x_wconf 74' lang='grc' dir='ltr'>φησὶν,</span> <span class='ocrx_word' id='word_1_30' title='bbox 454 873 598 927; x_wconf 81' lang='grc' dir='ltr'>οὓτω</span> <span class='ocrx_word' id='word_1_31' title='bbox 617 874 998 946; x_wconf 84' lang='grc' dir='ltr'>κατεπλάγητε</span> <span class='ocrx_word' id='word_1_32' title='bbox 1017 877 1111 928; x_wconf 72' lang='grc' dir='ltr'>καὶ</span> <span class='ocrx_word' id='word_1_33' title='bbox 1130 877 1575 948; x_wconf 79' lang='grc' dir='ltr'>ἐκπεπληγμένοι</span> <span class='ocrx_word' id='word_1_34' title='bbox 1593 878 1715 931; x_wconf 87' lang='grc' dir='ltr'>ἐστέ</span> <span class='ocrx_word' id='word_1_35' title='bbox 1735 878 1828 932; x_wconf 76' lang='grc' dir='ltr'>ἐπὶ</span> <span class='ocrx_word' id='word_1_36' title='bbox 1848 877 1928 948; x_wconf 81' lang='grc' dir='ltr'>τῷ</span> 
     </span>
    </p>
   </div>
   <div class='ocr_carea' id='block_1_6' title="bbox 242 961 1924 1036">
    <p class='ocr_par' dir='ltr' id='par_1_6' title="bbox 242 961 1924 1036">
     <span class='ocr_line' id='line_1_6' title="bbox 242 961 1924 1036; baseline 0.004 -24"><span class='ocrx_word' id='word_1_37' title='bbox 242 961 531 1028; x_wconf 75' lang='grc' dir='ltr'>τεγονότι;</span> <span class='ocrx_word' id='word_1_38' title='bbox 569 961 662 1032; x_wconf 87' lang='grc' dir='ltr'><strong>Μὴ</strong></span> <span class='ocrx_word' id='word_1_39' title='bbox 705 961 813 1032; x_wconf 87' lang='grc' dir='ltr'>γὰρ</span> <span class='ocrx_word' id='word_1_40' title='bbox 853 963 1017 1032; x_wconf 84' lang='grc' dir='ltr'>ἡμεῖς</span> <span class='ocrx_word' id='word_1_41' title='bbox 1054 964 1220 1033; x_wconf 88' lang='grc' dir='ltr'>ἐσμεν</span> <span class='ocrx_word' id='word_1_42' title='bbox 1238 963 1924 1036; x_wconf 81' lang='grc' dir='ltr'>οίτοῦτοὲργασὰμενοι,ἢ</span> 
     </span>
    </p>
   </div>
   <div class='ocr_carea' id='block_1_7' title="bbox 247 1047 1928 1121">
    <p class='ocr_par' dir='ltr' id='par_1_7' title="bbox 247 1047 1928 1121">
     <span class='ocr_line' id='line_1_7' title="bbox 247 1047 1928 1121; baseline 0.004 -23"><span class='ocrx_word' id='word_1_43' title='bbox 247 1047 358 1118; x_wconf 73' lang='grc' dir='ltr'>ἰδίᾳ</span> <span class='ocrx_word' id='word_1_44' title='bbox 376 1047 604 1118; x_wconf 79' lang='grc' dir='ltr'>δυνάμει</span> <span class='ocrx_word' id='word_1_45' title='bbox 645 1047 781 1118; x_wconf 88' lang='grc' dir='ltr'>πρὸς</span> <span class='ocrx_word' id='word_1_46' title='bbox 819 1049 1028 1116; x_wconf 86' lang='grc' dir='ltr'>ὑγίειαν</span> <span class='ocrx_word' id='word_1_47' title='bbox 1049 1050 1210 1102; x_wconf 81' lang='grc' dir='ltr'>αὐτὸν</span> <span class='ocrx_word' id='word_1_48' title='bbox 1231 1050 1690 1119; x_wconf 83' lang='grc' dir='ltr'>ἐπαναγαγόντες,</span> <span class='ocrx_word' id='word_1_49' title='bbox 1714 1051 1810 1104; x_wconf 66' lang='grc' dir='ltr'>καὶ</span> <span class='ocrx_word' id='word_1_50' title='bbox 1832 1051 1928 1121; x_wconf 88' lang='grc' dir='ltr'>βα-</span> 
     </span>
    </p>
   </div>
   <div class='ocr_carea' id='block_1_8' title="bbox 245 1133 1928 1207">
    <p class='ocr_par' dir='ltr' id='par_1_8' title="bbox 245 1133 1928 1207">
     <span class='ocr_line' id='line_1_8' title="bbox 245 1133 1928 1207; baseline 0.005 -23"><span class='ocrx_word' id='word_1_51' title='bbox 245 1133 413 1198; x_wconf 82' lang='grc' dir='ltr'>δίζειν</span> <span class='ocrx_word' id='word_1_52' title='bbox 435 1135 956 1206; x_wconf 78' lang='grc' dir='ltr'>παρασκευάσαντες</span> <span class='ocrx_word' id='word_1_53' title='bbox 981 1152 995 1200; x_wconf 91' lang='grc'><strong>;</strong></span> <span class='ocrx_word' id='word_1_54' title='bbox 1015 1136 1082 1188; x_wconf 88' lang='grc' dir='ltr'>Τί</span> <span class='ocrx_word' id='word_1_55' title='bbox 1100 1138 1234 1207; x_wconf 85' lang='grc' dir='ltr'>ἡμῖν</span> <span class='ocrx_word' id='word_1_56' title='bbox 1254 1137 1526 1201; x_wconf 79' lang='grc' dir='ltr'>ἀτενίζετε</span> <span class='ocrx_word' id='word_1_57' title='bbox 1547 1157 1562 1205; x_wconf 89' lang='grc'><strong>;</strong></span> <span class='ocrx_word' id='word_1_58' title='bbox 1584 1139 1748 1192; x_wconf 85' lang='grc' dir='ltr'>Οὐδὲν</span> <span class='ocrx_word' id='word_1_59' title='bbox 1767 1139 1928 1192; x_wconf 85' lang='grc' dir='ltr'>πλέον</span> 
     </span>
    </p>
   </div>
   <div class='ocr_carea' id='block_1_9' title="bbox 242 1221 1928 1296">
    <p class='ocr_par' dir='ltr' id='par_1_9' title="bbox 242 1221 1928 1296">
     <span class='ocr_line' id='line_1_9' title="bbox 242 1221 1928 1296; baseline 0.004 -24"><span class='ocrx_word' id='word_1_60' title='bbox 242 1223 411 1291; x_wconf 78' lang='grc' dir='ltr'>ἡμεῖς</span> <span class='ocrx_word' id='word_1_61' title='bbox 429 1221 849 1292; x_wconf 78' lang='grc' dir='ltr'>εἰσηνέγκαμεν,</span> <span class='ocrx_word' id='word_1_62' title='bbox 874 1222 907 1293; x_wconf 79' lang='grc' dir='ltr'>ἢ</span> <span class='ocrx_word' id='word_1_63' title='bbox 927 1224 1011 1276; x_wconf 82' lang='grc' dir='ltr'>ὅτι</span> <span class='ocrx_word' id='word_1_64' title='bbox 1031 1223 1130 1293; x_wconf 84' lang='grc' dir='ltr'>τὴν</span> <span class='ocrx_word' id='word_1_65' title='bbox 1149 1224 1394 1293; x_wconf 88' lang='grc' dir='ltr'>γλῶτταν</span> <span class='ocrx_word' id='word_1_66' title='bbox 1415 1225 1770 1296; x_wconf 80' lang='grc' dir='ltr'>ἐδανείσαμεν</span> <span class='ocrx_word' id='word_1_67' title='bbox 1789 1242 1804 1260; x_wconf 79' lang='grc' dir='ltr'><strong>ο</strong></span> <span class='ocrx_word' id='word_1_68' title='bbox 1823 1227 1852 1279; x_wconf 98' lang='lat'>6</span> <span class='ocrx_word' id='word_1_69' title='bbox 1872 1226 1928 1278; x_wconf 89' lang='grc' dir='ltr'>δέ</span> 
     </span>
    </p>
   </div>
   <div class='ocr_carea' id='block_1_10' title="bbox 243 1309 1930 1384">
    <p class='ocr_par' dir='ltr' id='par_1_10' title="bbox 243 1309 1930 1384">
     <span class='ocr_line' id='line_1_10' title="bbox 243 1309 1930 1384; baseline 0.005 -24"><span class='ocrx_word' id='word_1_70' title='bbox 243 1309 305 1360; x_wconf 86' lang='grc' dir='ltr'>τὺ</span> <span class='ocrx_word' id='word_1_71' title='bbox 339 1309 454 1362; x_wconf 80' lang='grc' dir='ltr'>πᾶν</span> <span class='ocrx_word' id='word_1_72' title='bbox 473 1309 871 1380; x_wconf 84' lang='grc' dir='ltr'>ἐργασάμενος,</span> <span class='ocrx_word' id='word_1_73' title='bbox 895 1312 922 1362; x_wconf 87' lang='grc' dir='ltr'>ὁ</span> <span class='ocrx_word' id='word_1_74' title='bbox 941 1311 1219 1381; x_wconf 82' lang='grc' dir='ltr'>Δεσπότης</span> <span class='ocrx_word' id='word_1_75' title='bbox 1239 1313 1356 1365; x_wconf 78' lang='grc' dir='ltr'>ἐστὶ</span> <span class='ocrx_word' id='word_1_76' title='bbox 1375 1313 1466 1366; x_wconf 82' lang='grc' dir='ltr'>καὶ</span> <span class='ocrx_word' id='word_1_77' title='bbox 1485 1312 1546 1383; x_wconf 89' lang='grc' dir='ltr'>δη</span> <span class='ocrx_word' id='word_1_78' title='bbox 1557 1313 1813 1384; x_wconf 77' lang='grc' dir='ltr'>μιουργὸς</span> <span class='ocrx_word' id='word_1_79' title='bbox 1831 1313 1930 1382; x_wconf 83' lang='grc' dir='ltr'>τῆς</span> 
     </span>
    </p>
   </div>
   <div class='ocr_carea' id='block_1_11' title="bbox 245 1395 1929 1467">
    <p class='ocr_par' dir='ltr' id='par_1_11' title="bbox 245 1395 1929 1467">
     <span class='ocr_line' id='line_1_11' title="bbox 245 1395 1929 1467; baseline 0.003 -20"><span class='ocrx_word' id='word_1_80' title='bbox 245 1395 488 1462; x_wconf 75' lang='grc' dir='ltr'>φύσεως.</span> <span class='ocrx_word' id='word_1_81' title='bbox 507 1397 748 1460; x_wconf 83' lang='grc' dir='ltr'>Ἐκεῖνος</span> <span class='ocrx_word' id='word_1_82' title='bbox 776 1397 830 1450; x_wconf 89' lang='grc' dir='ltr'><em>Ὁ</em></span> <span class='ocrx_word' id='word_1_83' title='bbox 855 1398 1000 1462; x_wconf 84' lang='grc' dir='ltr'>Θεὸς</span> <span class='ocrx_word' id='word_1_84' title='bbox 1030 1399 1288 1467; x_wconf 82' lang='grc' dir='ltr'>Ἀϐραὰμ</span> <span class='ocrx_word' id='word_1_85' title='bbox 1314 1397 1414 1454; x_wconf 78' lang='grc' dir='ltr'>καὶ</span> <span class='ocrx_word' id='word_1_86' title='bbox 1445 1400 1650 1454; x_wconf 84' lang='grc' dir='ltr'>Ἰσαὰκ</span> <span class='ocrx_word' id='word_1_87' title='bbox 1689 1401 1786 1454; x_wconf 77' lang='grc' dir='ltr'>καί</span> <span class='ocrx_word' id='word_1_88' title='bbox 1823 1399 1929 1456; x_wconf 80' lang='grc' dir='ltr'>Ἰα-</span> 
     </span>
    </p>
   </div>
   <div class='ocr_carea' id='block_1_12' title="bbox 245 1481 1931 1557">
    <p class='ocr_par' dir='ltr' id='par_1_12' title="bbox 245 1481 1931 1557">
     <span class='ocr_line' id='line_1_12' title="bbox 245 1481 1931 1557; baseline 0.002 -21"><span class='ocrx_word' id='word_1_89' title='bbox 245 1481 390 1548; x_wconf 81' lang='grc' dir='ltr'>κὼϐ,</span> <span class='ocrx_word' id='word_1_90' title='bbox 429 1482 527 1547; x_wconf 84' lang='grc' dir='ltr'>οὒς</span> <span class='ocrx_word' id='word_1_91' title='bbox 565 1485 908 1557; x_wconf 84' lang='grc' dir='ltr'>πατριάρχας</span> <span class='ocrx_word' id='word_1_92' title='bbox 948 1486 1342 1557; x_wconf 87' lang='grc' dir='ltr'>ἐπιγράφεσθε,</span> <span class='ocrx_word' id='word_1_93' title='bbox 1379 1488 1588 1550; x_wconf 87' lang='grc' dir='ltr'>ἐκεῖνος</span> <span class='ocrx_word' id='word_1_94' title='bbox 1621 1490 1724 1541; x_wconf 88' lang='grc' dir='ltr'>Ὃν</span> <span class='ocrx_word' id='word_1_95' title='bbox 1761 1487 1931 1557; x_wconf 82' lang='grc' dir='ltr'>ὑμεῖς</span> 
     </span>
    </p>
   </div>
   <div class='ocr_carea' id='block_1_13' title="bbox 245 1570 1931 1644">
    <p class='ocr_par' dir='ltr' id='par_1_13' title="bbox 245 1570 1931 1644">
     <span class='ocr_line' id='line_1_13' title="bbox 245 1570 1931 1644; baseline 0.004 -20"><span class='ocrx_word' id='word_1_96' title='bbox 245 1570 708 1640; x_wconf 81' lang='grc' dir='ltr'>παραδεδώκατε</span> <span class='ocrx_word' id='word_1_97' title='bbox 725 1574 824 1626; x_wconf 82' lang='grc' dir='ltr'>καὶ</span> <span class='ocrx_word' id='word_1_98' title='bbox 846 1572 1196 1640; x_wconf 73' lang='grc' dir='ltr'>ἠρνήσασθε</span> <span class='ocrx_word' id='word_1_99' title='bbox 1231 1574 1380 1628; x_wconf 82' lang='grc' dir='ltr'>κατὰ</span> <span class='ocrx_word' id='word_1_100' title='bbox 1407 1575 1732 1644; x_wconf 86' lang='grc' dir='ltr'>πρόσωπον</span> <span class='ocrx_word' id='word_1_101' title='bbox 1750 1574 1904 1630; x_wconf 82' lang='grc' dir='ltr'>Πιλά</span> <span class='ocrx_word' id='word_1_102' title='bbox 1917 1607 1931 1616; x_wconf 88' lang='lat'><strong>-</strong></span> 
     </span>
    </p>
   </div>
   <div class='ocr_carea' id='block_1_14' title="bbox 247 1661 1931 1727">
    <p class='ocr_par' dir='ltr' id='par_1_14' title="bbox 247 1661 1931 1727">
     <span class='ocr_line' id='line_1_14' title="bbox 247 1661 1931 1727; baseline 0.002 -15"><span class='ocrx_word' id='word_1_103' title='bbox 247 1675 376 1722; x_wconf 82' lang='grc' dir='ltr'>του,</span> <span class='ocrx_word' id='word_1_104' title='bbox 395 1661 715 1726; x_wconf 78' lang='grc' dir='ltr'>κρίναντος</span> <span class='ocrx_word' id='word_1_105' title='bbox 727 1661 968 1715; x_wconf 84' lang='grc' dir='ltr'>ἐκείνου</span> <span class='ocrx_word' id='word_1_106' title='bbox 987 1661 1280 1716; x_wconf 75' lang='grc' dir='ltr'>ἀπολύειν</span> <span class='ocrx_word' id='word_1_107' title='bbox 1293 1681 1304 1693; x_wconf 93' lang='grc'><strong>·</strong></span> <span class='ocrx_word' id='word_1_108' title='bbox 1325 1663 1532 1727; x_wconf 88' lang='grc' dir='ltr'>ἐκεῖνός</span> <span class='ocrx_word' id='word_1_109' title='bbox 1549 1665 1695 1716; x_wconf 88' lang='grc' dir='ltr'>ἐστιν</span> <span class='ocrx_word' id='word_1_110' title='bbox 1714 1665 1742 1717; x_wconf 86' lang='lat'>6</span> <span class='ocrx_word' id='word_1_111' title='bbox 1757 1663 1931 1718; x_wconf 83' lang='grc' dir='ltr'>ταῦτα</span> 
     </span>
    </p>
   </div>
   <div class='ocr_carea' id='block_1_15' title="bbox 247 1745 1932 1821">
    <p class='ocr_par' dir='ltr' id='par_1_15' title="bbox 247 1745 1932 1821">
     <span class='ocr_line' id='line_1_15' title="bbox 247 1745 1932 1821; baseline 0.005 -24"><span class='ocrx_word' id='word_1_112' title='bbox 247 1745 654 1817; x_wconf 71' lang='grc' dir='ltr'>ἐργασάμενος⁹</span> <span class='ocrx_word' id='word_1_113' title='bbox 691 1747 752 1800; x_wconf 83' lang='grc' dir='ltr'>ὃν</span> <span class='ocrx_word' id='word_1_114' title='bbox 783 1748 988 1817; x_wconf 83' lang='grc' dir='ltr'>Ὑμεῖς,</span> <span class='ocrx_word' id='word_1_115' title='bbox 1011 1749 1122 1804; x_wconf 83' lang='grc' dir='ltr'>τὸν</span> <span class='ocrx_word' id='word_1_116' title='bbox 1137 1749 1309 1819; x_wconf 78' lang='grc' dir='ltr'>ἄτιον</span> <span class='ocrx_word' id='word_1_117' title='bbox 1327 1751 1426 1804; x_wconf 76' lang='grc' dir='ltr'>καὶ</span> <span class='ocrx_word' id='word_1_118' title='bbox 1459 1751 1715 1816; x_wconf 80' lang='grc' dir='ltr'>δίκαιον,</span> <span class='ocrx_word' id='word_1_119' title='bbox 1743 1752 1932 1821; x_wconf 76' lang='grc' dir='ltr'>ἠρνή-</span> 
     </span>
    </p>
   </div>
   <div class='ocr_carea' id='block_1_16' title="bbox 247 1832 1928 1908">
    <p class='ocr_par' dir='ltr' id='par_1_16' title="bbox 247 1832 1928 1908">
     <span class='ocr_line' id='line_1_16' title="bbox 247 1832 1928 1908; baseline 0.005 -23"><span class='ocrx_word' id='word_1_120' title='bbox 247 1837 468 1896; x_wconf 85' lang='grc' dir='ltr'>σασθε,</span> <span class='ocrx_word' id='word_1_121' title='bbox 489 1834 586 1888; x_wconf 74' lang='grc' dir='ltr'>καὶ</span> <span class='ocrx_word' id='word_1_122' title='bbox 619 1832 936 1902; x_wconf 77' lang='grc' dir='ltr'>ᾐτήσασθε</span> <span class='ocrx_word' id='word_1_123' title='bbox 963 1834 1153 1905; x_wconf 76' lang='grc' dir='ltr'>ἄνδρα</span> <span class='ocrx_word' id='word_1_124' title='bbox 1181 1836 1370 1906; x_wconf 75' lang='grc' dir='ltr'>φονέα</span> <span class='ocrx_word' id='word_1_125' title='bbox 1388 1837 1747 1908; x_wconf 80' lang='grc' dir='ltr'>χαρισθῆναι</span> <span class='ocrx_word' id='word_1_126' title='bbox 1765 1837 1928 1908; x_wconf 84' lang='grc' dir='ltr'>ὑμῖν,</span> 
     </span>
    </p>
   </div>
   <div class='ocr_carea' id='block_1_17' title="bbox 249 1919 1934 1996">
    <p class='ocr_par' dir='ltr' id='par_1_17' title="bbox 249 1919 1934 1996">
     <span class='ocr_line' id='line_1_17' title="bbox 249 1919 1934 1996; baseline 0.006 -24"><span class='ocrx_word' id='word_1_127' title='bbox 249 1919 359 1974; x_wconf 86' lang='grc' dir='ltr'>τὸν</span> <span class='ocrx_word' id='word_1_128' title='bbox 376 1919 447 1972; x_wconf 80' lang='grc' dir='ltr'>δὲ</span> <span class='ocrx_word' id='word_1_129' title='bbox 465 1920 733 1991; x_wconf 79' lang='grc' dir='ltr'>ἀρχηγὸν</span> <span class='ocrx_word' id='word_1_130' title='bbox 752 1921 864 1990; x_wconf 83' lang='grc' dir='ltr'>τῆς</span> <span class='ocrx_word' id='word_1_131' title='bbox 881 1921 1030 1992; x_wconf 84' lang='grc' dir='ltr'>ζωῆς</span> <span class='ocrx_word' id='word_1_132' title='bbox 1049 1925 1454 1992; x_wconf 81' lang='grc' dir='ltr'>κατεκρίνατε,</span> <span class='ocrx_word' id='word_1_133' title='bbox 1475 1925 1548 1980; x_wconf 84' lang='grc' dir='ltr'>ὃν</span> <span class='ocrx_word' id='word_1_134' title='bbox 1567 1929 1598 1980; x_wconf 83' lang='grc' dir='ltr'><em>ὁ</em></span> <span class='ocrx_word' id='word_1_135' title='bbox 1621 1927 1764 1992; x_wconf 79' lang='grc' dir='ltr'>Θεὸς</span> <span class='ocrx_word' id='word_1_136' title='bbox 1783 1927 1934 1996; x_wconf 78' lang='grc' dir='ltr'>ἤγει-</span> 
     </span>
    </p>
   </div>
   <div class='ocr_carea' id='block_1_18' title="bbox 243 2007 1934 2084">
    <p class='ocr_par' dir='ltr' id='par_1_18' title="bbox 243 2007 1934 2084">
     <span class='ocr_line' id='line_1_18' title="bbox 243 2007 1934 2084; baseline 0.005 -23"><span class='ocrx_word' id='word_1_137' title='bbox 243 2025 356 2076; x_wconf 84' lang='grc' dir='ltr'>ρεν</span> <span class='ocrx_word' id='word_1_138' title='bbox 373 2009 446 2062; x_wconf 77' lang='grc' dir='ltr'>ἐκ</span> <span class='ocrx_word' id='word_1_139' title='bbox 465 2009 714 2078; x_wconf 81' lang='grc' dir='ltr'>νεκρῶν,</span> <span class='ocrx_word' id='word_1_140' title='bbox 738 2007 810 2066; x_wconf 86' lang='grc' dir='ltr'>οὗ</span> <span class='ocrx_word' id='word_1_141' title='bbox 836 2011 1008 2081; x_wconf 75' lang='grc' dir='ltr'>ἡμεῖς</span> <span class='ocrx_word' id='word_1_142' title='bbox 1033 2011 1333 2082; x_wconf 78' lang='grc' dir='ltr'>μάρτυρές</span> <span class='ocrx_word' id='word_1_143' title='bbox 1350 2013 1554 2082; x_wconf 80' lang='grc' dir='ltr'>ἐσμεν.</span> <span class='ocrx_word' id='word_1_144' title='bbox 1578 2014 1690 2068; x_wconf 81' lang='grc' dir='ltr'>Καὶ</span> <span class='ocrx_word' id='word_1_145' title='bbox 1722 2015 1820 2068; x_wconf 74' lang='grc' dir='ltr'>ἐπὶ</span> <span class='ocrx_word' id='word_1_146' title='bbox 1859 2014 1934 2084; x_wconf 80' lang='grc' dir='ltr'>τῇ</span> 
     </span>
    </p>
   </div>
   <div class='ocr_carea' id='block_1_19' title="bbox 247 2097 1932 2170">
    <p class='ocr_par' dir='ltr' id='par_1_19' title="bbox 247 2097 1932 2170">
     <span class='ocr_line' id='line_1_19' title="bbox 247 2097 1932 2170; baseline 0.005 -22"><span class='ocrx_word' id='word_1_147' title='bbox 247 2097 454 2151; x_wconf 80' lang='grc' dir='ltr'>πίστει</span> <span class='ocrx_word' id='word_1_148' title='bbox 483 2098 592 2152; x_wconf 86' lang='grc' dir='ltr'>τοῦ</span> <span class='ocrx_word' id='word_1_149' title='bbox 628 2099 922 2168; x_wconf 82' lang='grc' dir='ltr'>ὀνόματος</span> <span class='ocrx_word' id='word_1_150' title='bbox 953 2100 1141 2154; x_wconf 87' lang='grc' dir='ltr'>αὐτοῦ</span> <span class='ocrx_word' id='word_1_151' title='bbox 1175 2100 1412 2166; x_wconf 86' lang='grc' dir='ltr'>τοῦτον,</span> <span class='ocrx_word' id='word_1_152' title='bbox 1433 2101 1506 2155; x_wconf 83' lang='grc' dir='ltr'>ὃν</span> <span class='ocrx_word' id='word_1_153' title='bbox 1542 2103 1806 2170; x_wconf 86' lang='grc' dir='ltr'>θεωρεῖτε</span> <span class='ocrx_word' id='word_1_154' title='bbox 1833 2105 1932 2156; x_wconf 80' lang='grc' dir='ltr'>καὶ</span> 
     </span>
    </p>
   </div>
   <div class='ocr_carea' id='block_1_20' title="bbox 247 2183 1932 2257">
    <p class='ocr_par' dir='ltr' id='par_1_20' title="bbox 247 2183 1932 2257">
     <span class='ocr_line' id='line_1_20' title="bbox 247 2183 1932 2257; baseline 0.005 -21"><span class='ocrx_word' id='word_1_155' title='bbox 247 2185 476 2246; x_wconf 80' lang='grc' dir='ltr'>οἴδατε,</span> <span class='ocrx_word' id='word_1_156' title='bbox 495 2183 824 2254; x_wconf 83' lang='grc' dir='ltr'>ἑστερέωσε</span> <span class='ocrx_word' id='word_1_157' title='bbox 844 2185 912 2239; x_wconf 81' lang='grc' dir='ltr'>τὸ</span> <span class='ocrx_word' id='word_1_158' title='bbox 935 2186 1124 2255; x_wconf 82' lang='grc' dir='ltr'>ὄνομα</span> <span class='ocrx_word' id='word_1_159' title='bbox 1141 2187 1328 2242; x_wconf 84' lang='grc' dir='ltr'>αὐτοῦ</span> <span class='ocrx_word' id='word_1_160' title='bbox 1350 2205 1364 2218; x_wconf 82' lang='lat'><strong><em>°</em></strong></span> <span class='ocrx_word' id='word_1_161' title='bbox 1392 2189 1490 2244; x_wconf 81' lang='grc' dir='ltr'>καὶ</span> <span class='ocrx_word' id='word_1_162' title='bbox 1512 2190 1549 2256; x_wconf 74' lang='grc' dir='ltr'>ἡ</span> <span class='ocrx_word' id='word_1_163' title='bbox 1573 2189 1779 2255; x_wconf 79' lang='grc' dir='ltr'>πίστις</span> <span class='ocrx_word' id='word_1_164' title='bbox 1798 2191 1836 2257; x_wconf 76' lang='grc' dir='ltr'><strong><em>ἡ</em></strong></span> <span class='ocrx_word' id='word_1_165' title='bbox 1859 2189 1932 2244; x_wconf 79' lang='grc' dir='ltr'>δι’</span> 
     </span>
    </p>
   </div>
   <div class='ocr_carea' id='block_1_21' title="bbox 247 2271 1936 2344">
    <p class='ocr_par' dir='ltr' id='par_1_21' title="bbox 247 2271 1936 2344">
     <span class='ocr_line' id='line_1_21' title="bbox 247 2271 1936 2344; baseline 0.005 -20"><span class='ocrx_word' id='word_1_166' title='bbox 247 2271 440 2325; x_wconf 82' lang='grc' dir='ltr'>αὐτοῦ</span> <span class='ocrx_word' id='word_1_167' title='bbox 459 2271 684 2326; x_wconf 81' lang='grc' dir='ltr'>ἔδωκεν</span> <span class='ocrx_word' id='word_1_168' title='bbox 697 2271 857 2340; x_wconf 85' lang='grc' dir='ltr'>αὐτῷ</span> <span class='ocrx_word' id='word_1_169' title='bbox 871 2273 986 2344; x_wconf 78' lang='grc' dir='ltr'>τὴν</span> <span class='ocrx_word' id='word_1_170' title='bbox 1000 2277 1367 2344; x_wconf 74' lang='grc' dir='ltr'>ὁλοκληρίαν</span> <span class='ocrx_word' id='word_1_171' title='bbox 1384 2277 1674 2332; x_wconf 82' lang='grc' dir='ltr'>ἀπέναντι</span> <span class='ocrx_word' id='word_1_172' title='bbox 1693 2278 1936 2334; x_wconf 83' lang='grc' dir='ltr'>πάντων</span> 
     </span>
    </p>
   </div>
   <div class='ocr_carea' id='block_1_22' title="bbox 247 2359 442 2428">
    <p class='ocr_par' dir='ltr' id='par_1_22' title="bbox 247 2359 442 2428">
     <span class='ocr_line' id='line_1_22' title="bbox 247 2359 442 2428; baseline 0.005 -15"><span class='ocrx_word' id='word_1_173' title='bbox 247 2359 442 2428; x_wconf 79' lang='grc' dir='ltr'>ὑμῶν.</span> 
     </span>
    </p>
   </div>
   <div class='ocr_carea' id='block_1_23' title="bbox 321 2498 1936 2576">
    <p class='ocr_par' dir='ltr' id='par_1_23' title="bbox 321 2498 1936 2576">
     <span class='ocr_line' id='line_1_23' title="bbox 321 2498 1936 2576; baseline 0.003 -23"><span class='ocrx_word' id='word_1_174' title='bbox 321 2505 396 2563; x_wconf 85' lang='grc' dir='ltr'>ς’.</span> <span class='ocrx_word' id='word_1_175' title='bbox 413 2498 592 2572; x_wconf 83' lang='grc' dir='ltr'>Πολλὴ</span> <span class='ocrx_word' id='word_1_176' title='bbox 603 2501 702 2571; x_wconf 82' lang='grc' dir='ltr'>τῆς</span> <span class='ocrx_word' id='word_1_177' title='bbox 714 2502 899 2572; x_wconf 79' lang='grc' dir='ltr'>παρῤη</span> <span class='ocrx_word' id='word_1_178' title='bbox 907 2501 1028 2567; x_wconf 84' lang='grc' dir='ltr'>σίας</span> <span class='ocrx_word' id='word_1_179' title='bbox 1039 2505 1072 2575; x_wconf 84' lang='grc' dir='ltr'>ἠ</span> <span class='ocrx_word' id='word_1_180' title='bbox 1086 2503 1358 2576; x_wconf 84' lang='grc' dir='ltr'>ὑπερϐολή</span> <span class='ocrx_word' id='word_1_181' title='bbox 1369 2519 1380 2532; x_wconf 91' lang='grc'><strong>·</strong></span> <span class='ocrx_word' id='word_1_182' title='bbox 1403 2503 1610 2575; x_wconf 83' lang='grc' dir='ltr'>μεγάλη</span> <span class='ocrx_word' id='word_1_183' title='bbox 1625 2505 1720 2558; x_wconf 80' lang='grc' dir='ltr'>καὶ</span> <span class='ocrx_word' id='word_1_184' title='bbox 1731 2505 1936 2574; x_wconf 80' lang='grc' dir='ltr'>ἄφατος</span> 
     </span>
    </p>
   </div>
   <div class='ocr_carea' id='block_1_24' title="bbox 247 2587 1934 2664">
    <p class='ocr_par' dir='ltr' id='par_1_24' title="bbox 247 2587 1934 2664">
     <span class='ocr_line' id='line_1_24' title="bbox 247 2587 1934 2664; baseline 0.005 -26"><span class='ocrx_word' id='word_1_185' title='bbox 247 2589 348 2656; x_wconf 81' lang='grc' dir='ltr'>τῆς</span> <span class='ocrx_word' id='word_1_186' title='bbox 366 2587 576 2642; x_wconf 78' lang='grc' dir='ltr'>ἄνωθεν</span> <span class='ocrx_word' id='word_1_187' title='bbox 596 2590 778 2652; x_wconf 89' lang='grc' dir='ltr'>αὐτοῖς</span> <span class='ocrx_word' id='word_1_188' title='bbox 798 2591 1240 2664; x_wconf 88' lang='grc' dir='ltr'>παρασχεθείσης</span> <span class='ocrx_word' id='word_1_189' title='bbox 1259 2591 1482 2663; x_wconf 89' lang='grc' dir='ltr'>χάριτος</span> <span class='ocrx_word' id='word_1_190' title='bbox 1499 2595 1532 2662; x_wconf 85' lang='grc' dir='ltr'><strong>ἡ</strong></span> <span class='ocrx_word' id='word_1_191' title='bbox 1555 2591 1782 2663; x_wconf 87' lang='grc' dir='ltr'>δύναμις</span> <span class='ocrx_word' id='word_1_192' title='bbox 1801 2611 1814 2624; x_wconf 89' lang='grc'><strong>·</strong></span> <span class='ocrx_word' id='word_1_193' title='bbox 1839 2609 1934 2646; x_wconf 85' lang='grc' dir='ltr'>σα-</span> 
     </span>
    </p>
   </div>
   <div class='ocr_carea' id='block_1_25' title="bbox 249 2675 1936 2752">
    <p class='ocr_par' dir='ltr' id='par_1_25' title="bbox 249 2675 1936 2752">
     <span class='ocr_line' id='line_1_25' title="bbox 249 2675 1936 2752; baseline 0.005 -26"><span class='ocrx_word' id='word_1_194' title='bbox 249 2675 496 2746; x_wconf 83' lang='grc' dir='ltr'>φεστάτη</span> <span class='ocrx_word' id='word_1_195' title='bbox 517 2679 618 2747; x_wconf 78' lang='grc' dir='ltr'>τῆς</span> <span class='ocrx_word' id='word_1_196' title='bbox 637 2677 984 2742; x_wconf 82' lang='grc' dir='ltr'>ἀναστάσεως</span> <span class='ocrx_word' id='word_1_197' title='bbox 1003 2680 1036 2748; x_wconf 80' lang='grc' dir='ltr'><strong>ὴ</strong></span> <span class='ocrx_word' id='word_1_198' title='bbox 1058 2679 1330 2744; x_wconf 78' lang='grc' dir='ltr'>ἀπόδειξις</span> <span class='ocrx_word' id='word_1_199' title='bbox 1352 2681 1384 2750; x_wconf 88' lang='grc' dir='ltr'><strong>ἡ</strong></span> <span class='ocrx_word' id='word_1_200' title='bbox 1405 2679 1497 2733; x_wconf 82' lang='grc' dir='ltr'>τοῦ</span> <span class='ocrx_word' id='word_1_201' title='bbox 1521 2680 1792 2752; x_wconf 85' lang='grc' dir='ltr'>μακαρίου</span> <span class='ocrx_word' id='word_1_202' title='bbox 1812 2680 1936 2734; x_wconf 85' lang='grc' dir='ltr'>τού-</span> 
     </span>
    </p>
   </div>
   <div class='ocr_carea' id='block_1_26' title="bbox 247 2763 1934 2838">
    <p class='ocr_par' dir='ltr' id='par_1_26' title="bbox 247 2763 1934 2838">
     <span class='ocr_line' id='line_1_26' title="bbox 247 2763 1934 2838; baseline 0.004 -24"><span class='ocrx_word' id='word_1_203' title='bbox 247 2777 343 2814; x_wconf 84' lang='grc' dir='ltr'>του</span> <span class='ocrx_word' id='word_1_204' title='bbox 365 2763 650 2834; x_wconf 76' lang='grc' dir='ltr'>παρρησία</span> <span class='ocrx_word' id='word_1_205' title='bbox 669 2764 868 2832; x_wconf 86' lang='grc' dir='ltr'>γένοιτ’</span> <span class='ocrx_word' id='word_1_206' title='bbox 889 2765 974 2820; x_wconf 79' lang='grc' dir='ltr'>ἄν.</span> <span class='ocrx_word' id='word_1_207' title='bbox 991 2766 1056 2818; x_wconf 90' lang='grc' dir='ltr'>Τί</span> <span class='ocrx_word' id='word_1_208' title='bbox 1077 2765 1186 2837; x_wconf 80' lang='grc' dir='ltr'>γὰρ</span> <span class='ocrx_word' id='word_1_209' title='bbox 1207 2766 1274 2820; x_wconf 80' lang='grc' dir='ltr'>ἂν</span> <span class='ocrx_word' id='word_1_210' title='bbox 1293 2767 1481 2820; x_wconf 89' lang='grc' dir='ltr'>τούτου</span> <span class='ocrx_word' id='word_1_211' title='bbox 1507 2765 1688 2838; x_wconf 78' lang='grc' dir='ltr'>μεῖζον</span> <span class='ocrx_word' id='word_1_212' title='bbox 1713 2771 1934 2838; x_wconf 89' lang='grc' dir='ltr'>σημεῖον</span> 
     </span>
    </p>
   </div>
   <div class='ocr_carea' id='block_1_27' title="bbox 249 2850 1933 2928">
    <p class='ocr_par' dir='ltr' id='par_1_27' title="bbox 249 2850 1933 2928">
     <span class='ocr_line' id='line_1_27' title="bbox 249 2850 1933 2928; baseline 0.006 -28"><span class='ocrx_word' id='word_1_213' title='bbox 249 2850 640 2921; x_wconf 79' lang='grc' dir='ltr'>ἐπιζητήσειεν</span> <span class='ocrx_word' id='word_1_214' title='bbox 675 2852 742 2906; x_wconf 81' lang='grc' dir='ltr'>ἄν</span> <span class='ocrx_word' id='word_1_215' title='bbox 775 2869 860 2915; x_wconf 87' lang='grc' dir='ltr'>τις</span> <span class='ocrx_word' id='word_1_216' title='bbox 895 2853 1098 2915; x_wconf 82' lang='grc' dir='ltr'>λαϐεῖν,</span> <span class='ocrx_word' id='word_1_217' title='bbox 1121 2854 1246 2908; x_wconf 83' lang='grc' dir='ltr'>ὃταν</span> <span class='ocrx_word' id='word_1_218' title='bbox 1278 2855 1307 2906; x_wconf 89' lang='grc' dir='ltr'>ό</span> <span class='ocrx_word' id='word_1_219' title='bbox 1345 2853 1450 2924; x_wconf 78' lang='grc' dir='ltr'>πρὸ</span> <span class='ocrx_word' id='word_1_220' title='bbox 1468 2855 1562 2908; x_wconf 79' lang='grc' dir='ltr'>τοῦ</span> <span class='ocrx_word' id='word_1_221' title='bbox 1584 2855 1816 2928; x_wconf 86' lang='grc' dir='ltr'>σταυροῦ</span> <span class='ocrx_word' id='word_1_222' title='bbox 1840 2857 1933 2910; x_wconf 74' lang='grc' dir='ltr'>καὶ</span> 
     </span>
    </p>
   </div>
   <div class='ocr_carea' id='block_1_28' title="bbox 251 2935 1936 3011">
    <p class='ocr_par' dir='ltr' id='par_1_28' title="bbox 251 2935 1936 3011">
     <span class='ocr_line' id='line_1_28' title="bbox 251 2935 1936 3011; baseline 0.005 -23"><span class='ocrx_word' id='word_1_223' title='bbox 251 2935 424 3008; x_wconf 83' lang='grc' dir='ltr'>κόρης</span> <span class='ocrx_word' id='word_1_224' title='bbox 460 2936 713 3001; x_wconf 77' lang='grc' dir='ltr'>εὐτελοῦς</span> <span class='ocrx_word' id='word_1_225' title='bbox 747 2939 975 3010; x_wconf 84' lang='grc' dir='ltr'>ἀπειλὴν</span> <span class='ocrx_word' id='word_1_226' title='bbox 1015 2939 1090 3009; x_wconf 87' lang='grc' dir='ltr'>μὴ</span> <span class='ocrx_word' id='word_1_227' title='bbox 1128 2939 1374 3011; x_wconf 76' lang='grc' dir='ltr'>δυνηθεὶς</span> <span class='ocrx_word' id='word_1_228' title='bbox 1395 2940 1656 3008; x_wconf 78' lang='grc' dir='ltr'>ἐνεγκεῖν,</span> <span class='ocrx_word' id='word_1_229' title='bbox 1680 2941 1774 2995; x_wconf 80' lang='grc' dir='ltr'>νῦν</span> <span class='ocrx_word' id='word_1_230' title='bbox 1793 2942 1936 2996; x_wconf 81' lang='grc' dir='ltr'>οὕτω</span> 
     </span>
    </p>
   </div>
   <div class='ocr_carea' id='block_1_29' title="bbox 249 3023 1936 3104">
    <p class='ocr_par' dir='ltr' id='par_1_29' title="bbox 249 3023 1936 3104">
     <span class='ocr_line' id='line_1_29' title="bbox 249 3023 1936 3104; baseline 0.005 -29"><span class='ocrx_word' id='word_1_231' title='bbox 249 3023 706 3088; x_wconf 80' lang='grc' dir='ltr'>κατεξανίσταται</span> <span class='ocrx_word' id='word_1_232' title='bbox 743 3025 838 3090; x_wconf 80' lang='grc' dir='ltr'>τοῦ</span> <span class='ocrx_word' id='word_1_233' title='bbox 874 3027 982 3079; x_wconf 86' lang='grc' dir='ltr'>τῶν</span> <span class='ocrx_word' id='word_1_234' title='bbox 1020 3027 1287 3080; x_wconf 80' lang='grc' dir='ltr'>Ἰουδαίων</span> <span class='ocrx_word' id='word_1_235' title='bbox 1324 3027 1520 3098; x_wconf 89' lang='grc' dir='ltr'>δήμου,</span> <span class='ocrx_word' id='word_1_236' title='bbox 1565 3029 1659 3082; x_wconf 81' lang='grc' dir='ltr'>καὶ</span> <span class='ocrx_word' id='word_1_237' title='bbox 1696 3030 1936 3104; x_wconf 80' lang='grc' dir='ltr'>τοσαύτῃ</span> 
     </span>
    </p>
   </div>
   <div class='ocr_carea' id='block_1_30' title="bbox 251 3113 1936 3186">
    <p class='ocr_par' dir='ltr' id='par_1_30' title="bbox 251 3113 1936 3186">
     <span class='ocr_line' id='line_1_30' title="bbox 251 3113 1936 3186; baseline 0.004 -23"><span class='ocrx_word' id='word_1_238' title='bbox 251 3113 542 3184; x_wconf 72' lang='grc' dir='ltr'>παρρησία</span> <span class='ocrx_word' id='word_1_239' title='bbox 581 3115 676 3166; x_wconf 79' lang='grc' dir='ltr'>καὶ</span> <span class='ocrx_word' id='word_1_240' title='bbox 719 3113 855 3186; x_wconf 77' lang='grc' dir='ltr'>πρὸς</span> <span class='ocrx_word' id='word_1_241' title='bbox 890 3115 1142 3170; x_wconf 81' lang='grc' dir='ltr'>τοσοῦτον</span> <span class='ocrx_word' id='word_1_242' title='bbox 1181 3115 1408 3186; x_wconf 85' lang='grc' dir='ltr'>πλῆθος,</span> <span class='ocrx_word' id='word_1_243' title='bbox 1435 3117 1597 3186; x_wconf 88' lang='grc' dir='ltr'>μόνος</span> <span class='ocrx_word' id='word_1_244' title='bbox 1635 3116 1730 3180; x_wconf 83' lang='grc' dir='ltr'>ὢν,</span> <span class='ocrx_word' id='word_1_245' title='bbox 1765 3117 1936 3182; x_wconf 82' lang='grc' dir='ltr'>οὕτως</span> 
     </span>
    </p>
   </div>
   <div class='ocr_carea' id='block_1_31' title="bbox 249 3199 1934 3274">
    <p class='ocr_par' dir='ltr' id='par_1_31' title="bbox 249 3199 1934 3274">
     <span class='ocr_line' id='line_1_31' title="bbox 249 3199 1934 3274; baseline 0.004 -22"><span class='ocrx_word' id='word_1_246' title='bbox 249 3199 508 3264; x_wconf 78' lang='grc' dir='ltr'>ἀτάκτως</span> <span class='ocrx_word' id='word_1_247' title='bbox 551 3201 814 3273; x_wconf 82' lang='grc' dir='ltr'>μεμηνὸς,</span> <span class='ocrx_word' id='word_1_248' title='bbox 839 3203 1224 3267; x_wconf 85' lang='grc' dir='ltr'>ἐπαποδύεται,</span> <span class='ocrx_word' id='word_1_249' title='bbox 1245 3204 1340 3257; x_wconf 71' lang='grc' dir='ltr'>καλ¹</span> <span class='ocrx_word' id='word_1_250' title='bbox 1373 3204 1594 3258; x_wconf 86' lang='grc' dir='ltr'>τοιαῦτα</span> <span class='ocrx_word' id='word_1_251' title='bbox 1615 3205 1934 3274; x_wconf 82' lang='grc' dir='ltr'>φθέγγεται,</span> 
     </span>
    </p>
   </div>
   <div class='ocr_carea' id='block_1_32' title="bbox 249 3286 1934 3362">
    <p class='ocr_par' dir='ltr' id='par_1_32' title="bbox 249 3286 1934 3362">
     <span class='ocr_line' id='line_1_32' title="bbox 249 3286 1934 3362; baseline 0.004 -23"><span class='ocrx_word' id='word_1_252' title='bbox 249 3286 285 3339; x_wconf 79' lang='grc' dir='ltr'><strong>ἃ</strong></span> <span class='ocrx_word' id='word_1_253' title='bbox 307 3288 410 3357; x_wconf 77' lang='grc' dir='ltr'>τὴν</span> <span class='ocrx_word' id='word_1_254' title='bbox 435 3288 636 3358; x_wconf 83' lang='grc' dir='ltr'>μανίαν</span> <span class='ocrx_word' id='word_1_255' title='bbox 655 3289 834 3344; x_wconf 90' lang='grc' dir='ltr'>αὐτῶν</span> <span class='ocrx_word' id='word_1_256' title='bbox 857 3291 948 3344; x_wconf 83' lang='grc' dir='ltr'>ἐπὶ</span> <span class='ocrx_word' id='word_1_257' title='bbox 969 3291 1152 3346; x_wconf 88' lang='grc' dir='ltr'>πλεῖον</span> <span class='ocrx_word' id='word_1_258' title='bbox 1171 3291 1460 3362; x_wconf 86' lang='grc' dir='ltr'>διεγείρειν</span> <span class='ocrx_word' id='word_1_259' title='bbox 1478 3291 1703 3347; x_wconf 88' lang='grc' dir='ltr'>δύναται</span> <span class='ocrx_word' id='word_1_260' title='bbox 1724 3309 1738 3358; x_wconf 86' lang='grc'><strong>;</strong></span> <span class='ocrx_word' id='word_1_261' title='bbox 1761 3293 1934 3357; x_wconf 77' lang='grc' dir='ltr'>Εἶδες,</span> 
     </span>
    </p>
   </div>
   <div class='ocr_carea' id='block_1_33' title="bbox 250 3375 1936 3451">
    <p class='ocr_par' dir='ltr' id='par_1_33' title="bbox 250 3375 1936 3451">
     <span class='ocr_line' id='line_1_33' title="bbox 250 3375 1936 3451; baseline 0.005 -26"><span class='ocrx_word' id='word_1_262' title='bbox 250 3375 530 3446; x_wconf 79' lang='grc' dir='ltr'>ἁγαπητέ,</span> <span class='ocrx_word' id='word_1_263' title='bbox 553 3377 689 3440; x_wconf 89' lang='grc' dir='ltr'>πῶς,</span> <span class='ocrx_word' id='word_1_264' title='bbox 711 3378 850 3451; x_wconf 82' lang='grc' dir='ltr'>ὅπερ</span> <span class='ocrx_word' id='word_1_265' title='bbox 871 3381 928 3432; x_wconf 84' lang='grc' dir='ltr'>ἐν</span> <span class='ocrx_word' id='word_1_266' title='bbox 947 3381 1254 3451; x_wconf 87' lang='grc' dir='ltr'>προοιμίοις</span> <span class='ocrx_word' id='word_1_267' title='bbox 1292 3379 1498 3449; x_wconf 77' lang='grc' dir='ltr'>ἔλεγον,</span> <span class='ocrx_word' id='word_1_268' title='bbox 1519 3379 1676 3433; x_wconf 78' lang='grc' dir='ltr'>τοῦτο</span> <span class='ocrx_word' id='word_1_269' title='bbox 1713 3380 1806 3434; x_wconf 77' lang='grc' dir='ltr'>καὶ</span> <span class='ocrx_word' id='word_1_270' title='bbox 1842 3380 1936 3434; x_wconf 84' lang='grc' dir='ltr'>νῦν</span> 
     </span>
    </p>
   </div>
   <div class='ocr_carea' id='block_1_34' title="bbox 246 3449 1934 3540">
    <p class='ocr_par' dir='ltr' id='par_1_34' title="bbox 246 3449 1934 3540">
     <span class='ocr_line' id='line_1_34' title="bbox 246 3449 1934 3540; baseline 0.004 -24"><span class='ocrx_word' id='word_1_271' title='bbox 246 3461 531 3517; x_wconf 81' lang='grc' dir='ltr'>δείκνυται</span> <span class='ocrx_word' id='word_1_272' title='bbox 550 3481 566 3530; x_wconf 90' lang='grc'><strong>;</strong></span> <span class='ocrx_word' id='word_1_273' title='bbox 601 3449 852 3520; x_wconf 79' lang='grc' dir='ltr'>Ἐπειδάν</span> <span class='ocrx_word' id='word_1_274' title='bbox 869 3483 954 3532; x_wconf 88' lang='grc' dir='ltr'>τις</span> <span class='ocrx_word' id='word_1_275' title='bbox 975 3449 1202 3540; x_wconf 81' lang='grc' dir='ltr'>πυρωθῇ</span> <span class='ocrx_word' id='word_1_276' title='bbox 1225 3467 1300 3539; x_wconf 82' lang='grc' dir='ltr'>τῷ</span> <span class='ocrx_word' id='word_1_277' title='bbox 1323 3467 1460 3540; x_wconf 83' lang='grc' dir='ltr'>πρὸς</span> <span class='ocrx_word' id='word_1_278' title='bbox 1489 3468 1582 3521; x_wconf 81' lang='grc' dir='ltr'>τὸν</span> <span class='ocrx_word' id='word_1_279' title='bbox 1600 3467 1732 3522; x_wconf 84' lang='grc' dir='ltr'>Θεὸν</span> <span class='ocrx_word' id='word_1_280' title='bbox 1766 3469 1934 3540; x_wconf 84' lang='grc' dir='ltr'>πόθῳ,</span> 
     </span>
    </p>
   </div>
   <div class='ocr_carea' id='block_1_35' title="bbox 249 3551 1935 3626">
    <p class='ocr_par' dir='ltr' id='par_1_35' title="bbox 249 3551 1935 3626">
     <span class='ocr_line' id='line_1_35' title="bbox 249 3551 1935 3626; baseline 0.005 -25"><span class='ocrx_word' id='word_1_281' title='bbox 249 3551 442 3604; x_wconf 79' lang='grc' dir='ltr'>οὐκέτι</span> <span class='ocrx_word' id='word_1_282' title='bbox 479 3551 664 3606; x_wconf 78' lang='grc' dir='ltr'>λοιπὸν</span> <span class='ocrx_word' id='word_1_283' title='bbox 700 3555 833 3626; x_wconf 82' lang='grc' dir='ltr'>ὁρᾷν</span> <span class='ocrx_word' id='word_1_284' title='bbox 873 3555 1129 3626; x_wconf 80' lang='grc' dir='ltr'>ἀνέχεται</span> <span class='ocrx_word' id='word_1_285' title='bbox 1155 3555 1226 3609; x_wconf 82' lang='grc' dir='ltr'>τὰ</span> <span class='ocrx_word' id='word_1_286' title='bbox 1242 3559 1356 3619; x_wconf 88' lang='grc' dir='ltr'>τοῖς</span> <span class='ocrx_word' id='word_1_287' title='bbox 1392 3555 1690 3626; x_wconf 81' lang='grc' dir='ltr'>ὀφθαλμοῖς</span> <span class='ocrx_word' id='word_1_288' title='bbox 1727 3557 1935 3622; x_wconf 68' lang='grc' dir='ltr'>τούτοις,</span> 
     </span>
    </p>
   </div>
   <div class='ocr_carea' id='block_1_36' title="bbox 249 3640 1938 3714">
    <p class='ocr_par' dir='ltr' id='par_1_36' title="bbox 249 3640 1938 3714">
     <span class='ocr_line' id='line_1_36' title="bbox 249 3640 1938 3714; baseline 0.006 -26"><span class='ocrx_word' id='word_1_289' title='bbox 249 3640 369 3700; x_wconf 85' lang='grc' dir='ltr'>τοῖς</span> <span class='ocrx_word' id='word_1_290' title='bbox 410 3642 740 3708; x_wconf 82' lang='grc' dir='ltr'>σωματικοῖς</span> <span class='ocrx_word' id='word_1_291' title='bbox 783 3641 1178 3708; x_wconf 79' lang='grc' dir='ltr'>ὑποπίπτοντα,</span> <span class='ocrx_word' id='word_1_292' title='bbox 1219 3641 1334 3694; x_wconf 84' lang='grc' dir='ltr'>ἀλλ’</span> <span class='ocrx_word' id='word_1_293' title='bbox 1373 3641 1592 3714; x_wconf 84' lang='grc' dir='ltr'>ἐτέρους</span> <span class='ocrx_word' id='word_1_294' title='bbox 1629 3642 1938 3713; x_wconf 79' lang='grc' dir='ltr'>ὀφθαλμοὺς</span> 
     </span>
    </p>
   </div>
   <div class='ocr_carea' id='block_1_37' title="bbox 249 3726 1938 3798">
    <p class='ocr_par' dir='ltr' id='par_1_37' title="bbox 249 3726 1938 3798">
     <span class='ocr_line' id='line_1_37' title="bbox 249 3726 1938 3798; baseline 0.005 -22"><span class='ocrx_word' id='word_1_295' title='bbox 249 3726 622 3794; x_wconf 86' lang='grc' dir='ltr'>κτησάμενος,</span> <span class='ocrx_word' id='word_1_296' title='bbox 643 3727 772 3791; x_wconf 84' lang='grc' dir='ltr'>τοὺς</span> <span class='ocrx_word' id='word_1_297' title='bbox 806 3727 907 3797; x_wconf 81' lang='grc' dir='ltr'>τῆς</span> <span class='ocrx_word' id='word_1_298' title='bbox 946 3728 1184 3792; x_wconf 87' lang='grc' dir='ltr'>πίστεως</span> <span class='ocrx_word' id='word_1_299' title='bbox 1223 3729 1389 3798; x_wconf 85' lang='grc' dir='ltr'>λέγω,</span> <span class='ocrx_word' id='word_1_300' title='bbox 1413 3732 1595 3783; x_wconf 87' lang='grc' dir='ltr'>ἐκεῖνα</span> <span class='ocrx_word' id='word_1_301' title='bbox 1615 3730 1701 3784; x_wconf 71' lang='grc' dir='ltr'>διὰ</span> <span class='ocrx_word' id='word_1_302' title='bbox 1741 3732 1938 3796; x_wconf 75' lang='grc' dir='ltr'>παντὸς</span> 
     </span>
    </p>
   </div>
   <div class='ocr_carea' id='block_1_38' title="bbox 251 3811 1936 3890">
    <p class='ocr_par' dir='ltr' id='par_1_38' title="bbox 251 3811 1936 3890">
     <span class='ocr_line' id='line_1_38' title="bbox 251 3811 1936 3890; baseline 0.005 -27"><span class='ocrx_word' id='word_1_303' title='bbox 251 3811 595 3880; x_wconf 76' lang='grc' dir='ltr'>φαντάζεται</span> <span class='ocrx_word' id='word_1_304' title='bbox 615 3819 710 3868; x_wconf 76' lang='grc' dir='ltr'>καὶ</span> <span class='ocrx_word' id='word_1_305' title='bbox 732 3815 866 3886; x_wconf 82' lang='grc' dir='ltr'>πρὸς</span> <span class='ocrx_word' id='word_1_306' title='bbox 888 3817 1072 3868; x_wconf 88' lang='grc' dir='ltr'>ἐκεῖνα</span> <span class='ocrx_word' id='word_1_307' title='bbox 1090 3815 1190 3887; x_wconf 82' lang='grc' dir='ltr'>τὴν</span> <span class='ocrx_word' id='word_1_308' title='bbox 1210 3817 1444 3870; x_wconf 87' lang='grc' dir='ltr'>διάνοιαν</span> <span class='ocrx_word' id='word_1_309' title='bbox 1480 3817 1590 3888; x_wconf 84' lang='grc' dir='ltr'>ἔχει</span> <span class='ocrx_word' id='word_1_310' title='bbox 1611 3819 1936 3890; x_wconf 83' lang='grc' dir='ltr'>τεταμένην,</span> 
     </span>
    </p>
   </div>
   <div class='ocr_carea' id='block_1_39' title="bbox 251 3901 1937 3976">
    <p class='ocr_par' dir='ltr' id='par_1_39' title="bbox 251 3901 1937 3976">
     <span class='ocr_line' id='line_1_39' title="bbox 251 3901 1937 3976; baseline 0.004 -23"><span class='ocrx_word' id='word_1_311' title='bbox 251 3901 358 3953; x_wconf 76' lang='grc' dir='ltr'>καὶ</span> <span class='ocrx_word' id='word_1_312' title='bbox 375 3901 434 3952; x_wconf 83' lang='grc' dir='ltr'>ἐν</span> <span class='ocrx_word' id='word_1_313' title='bbox 453 3903 523 3973; x_wconf 81' lang='grc' dir='ltr'>γῇ</span> <span class='ocrx_word' id='word_1_314' title='bbox 549 3902 780 3972; x_wconf 77' lang='grc' dir='ltr'>βαδίζων</span> <span class='ocrx_word' id='word_1_315' title='bbox 801 3903 875 3968; x_wconf 84' lang='grc' dir='ltr'>ὡς</span> <span class='ocrx_word' id='word_1_316' title='bbox 898 3905 955 3956; x_wconf 86' lang='grc' dir='ltr'>ἐν</span> <span class='ocrx_word' id='word_1_317' title='bbox 977 3903 1224 3974; x_wconf 84' lang='grc' dir='ltr'>οὐρανοῖς</span> <span class='ocrx_word' id='word_1_318' title='bbox 1243 3903 1304 3957; x_wconf 85' lang='grc' dir='ltr'>τὸ</span> <span class='ocrx_word' id='word_1_319' title='bbox 1327 3904 1629 3976; x_wconf 89' lang='grc' dir='ltr'>πολίτευμα</span> <span class='ocrx_word' id='word_1_320' title='bbox 1664 3905 1822 3976; x_wconf 82' lang='grc' dir='ltr'>ἔχων,</span> <span class='ocrx_word' id='word_1_321' title='bbox 1845 3907 1937 3960; x_wconf 79' lang='grc' dir='ltr'>οὐ-</span> 
     </span>
    </p>
   </div>
   <div class='ocr_carea' id='block_1_40' title="bbox 251 3989 1940 4065">
    <p class='ocr_par' dir='ltr' id='par_1_40' title="bbox 251 3989 1940 4065">
     <span class='ocr_line' id='line_1_40' title="bbox 251 3989 1940 4065; baseline 0.004 -25"><span class='ocrx_word' id='word_1_322' title='bbox 251 4005 340 4040; x_wconf 87' lang='grc' dir='ltr'>τω</span> <span class='ocrx_word' id='word_1_323' title='bbox 361 3989 537 4042; x_wconf 84' lang='grc' dir='ltr'>πάντα</span> <span class='ocrx_word' id='word_1_324' title='bbox 554 3990 960 4062; x_wconf 85' lang='grc' dir='ltr'>διαπράττεται,</span> <span class='ocrx_word' id='word_1_325' title='bbox 985 3991 1078 4046; x_wconf 80' lang='grc' dir='ltr'>ὐπ’</span> <span class='ocrx_word' id='word_1_326' title='bbox 1095 3991 1306 4056; x_wconf 86' lang='grc' dir='ltr'>οὐδενὸς</span> <span class='ocrx_word' id='word_1_327' title='bbox 1337 3992 1444 4044; x_wconf 88' lang='grc' dir='ltr'>τῶν</span> <span class='ocrx_word' id='word_1_328' title='bbox 1465 3992 1821 4063; x_wconf 81' lang='grc' dir='ltr'>ἀνθρωπίνων</span> <span class='ocrx_word' id='word_1_329' title='bbox 1841 3995 1940 4065; x_wconf 82' lang='grc' dir='ltr'>ἐμ-</span> 
     </span>
    </p>
   </div>
   <div class='ocr_carea' id='block_1_41' title="bbox 251 4075 1940 4154">
    <p class='ocr_par' dir='ltr' id='par_1_41' title="bbox 251 4075 1940 4154">
     <span class='ocr_line' id='line_1_41' title="bbox 251 4075 1940 4154; baseline 0.005 -28"><span class='ocrx_word' id='word_1_330' title='bbox 251 4075 614 4146; x_wconf 81' lang='grc' dir='ltr'>ποδιζόμενος</span> <span class='ocrx_word' id='word_1_331' title='bbox 633 4079 770 4150; x_wconf 86' lang='grc' dir='ltr'>πρὸς</span> <span class='ocrx_word' id='word_1_332' title='bbox 788 4079 880 4132; x_wconf 84' lang='grc' dir='ltr'>τὸν</span> <span class='ocrx_word' id='word_1_333' title='bbox 901 4079 1022 4132; x_wconf 86' lang='grc' dir='ltr'>κατ’</span> <span class='ocrx_word' id='word_1_334' title='bbox 1042 4080 1242 4152; x_wconf 82' lang='grc' dir='ltr'>ἀρετὴν</span> <span class='ocrx_word' id='word_1_335' title='bbox 1261 4079 1479 4151; x_wconf 87' lang='grc' dir='ltr'>δρόμον.</span> <span class='ocrx_word' id='word_1_336' title='bbox 1498 4081 1554 4134; x_wconf 89' lang='grc'>’0</span> <span class='ocrx_word' id='word_1_337' title='bbox 1573 4079 1682 4154; x_wconf 84' lang='grc' dir='ltr'>γὰρ</span> <span class='ocrx_word' id='word_1_338' title='bbox 1701 4081 1940 4146; x_wconf 76' lang='grc' dir='ltr'>τοιοῦτος</span> 
     </span>
    </p>
   </div>
   <div class='ocr_carea' id='block_1_42' title="bbox 251 4163 1942 4240">
    <p class='ocr_par' dir='ltr' id='par_1_42' title="bbox 251 4163 1942 4240">
     <span class='ocr_line' id='line_1_42' title="bbox 251 4163 1942 4240; baseline 0.005 -25"><span class='ocrx_word' id='word_1_339' title='bbox 251 4163 322 4215; x_wconf 82' lang='grc' dir='ltr'>οὐ</span> <span class='ocrx_word' id='word_1_340' title='bbox 364 4163 432 4217; x_wconf 81' lang='grc' dir='ltr'>τά</span> <span class='ocrx_word' id='word_1_341' title='bbox 463 4164 695 4236; x_wconf 86' lang='grc' dir='ltr'>λαμπρά</span> <span class='ocrx_word' id='word_1_342' title='bbox 731 4165 823 4219; x_wconf 84' lang='grc' dir='ltr'>τοῦ</span> <span class='ocrx_word' id='word_1_343' title='bbox 866 4167 982 4236; x_wconf 91' lang='grc' dir='ltr'>βίου</span> <span class='ocrx_word' id='word_1_344' title='bbox 1021 4165 1206 4221; x_wconf 82' lang='grc' dir='ltr'>λοιπὸν</span> <span class='ocrx_word' id='word_1_345' title='bbox 1239 4167 1361 4238; x_wconf 77' lang='grc' dir='ltr'>ὁρᾷ,</span> <span class='ocrx_word' id='word_1_346' title='bbox 1384 4168 1444 4220; x_wconf 95' lang='grc' dir='ltr'>οὐ</span> <span class='ocrx_word' id='word_1_347' title='bbox 1481 4167 1550 4222; x_wconf 86' lang='grc' dir='ltr'>τὰ</span> <span class='ocrx_word' id='word_1_348' title='bbox 1588 4168 1822 4240; x_wconf 85' lang='grc' dir='ltr'>δυσχερῆ</span> <span class='ocrx_word' id='word_1_349' title='bbox 1845 4170 1942 4224; x_wconf 65' lang='grc' dir='ltr'>καὶ</span> 
     </span>
    </p>
   </div>
   <div class='ocr_carea' id='block_1_43' title="bbox 253 4251 1940 4326">
    <p class='ocr_par' dir='ltr' id='par_1_43' title="bbox 253 4251 1940 4326">
     <span class='ocr_line' id='line_1_43' title="bbox 253 4251 1940 4326; baseline 0.003 -22"><span class='ocrx_word' id='word_1_350' title='bbox 253 4251 500 4315; x_wconf 70' lang='grc' dir='ltr'>ἐναντία,</span> <span class='ocrx_word' id='word_1_351' title='bbox 524 4253 660 4305; x_wconf 88' lang='grc' dir='ltr'>ἀλλά</span> <span class='ocrx_word' id='word_1_352' title='bbox 696 4254 876 4307; x_wconf 78' lang='grc' dir='ltr'>πάντα</span> <span class='ocrx_word' id='word_1_353' title='bbox 916 4255 1271 4324; x_wconf 84' lang='grc' dir='ltr'>παρατρέχει,</span> <span class='ocrx_word' id='word_1_354' title='bbox 1295 4253 1431 4324; x_wconf 83' lang='grc' dir='ltr'>πρὸς</span> <span class='ocrx_word' id='word_1_355' title='bbox 1470 4255 1568 4326; x_wconf 83' lang='grc' dir='ltr'>τὴν</span> <span class='ocrx_word' id='word_1_356' title='bbox 1606 4257 1800 4309; x_wconf 81' lang='grc' dir='ltr'>ἐαυτοῦ</span> <span class='ocrx_word' id='word_1_357' title='bbox 1835 4274 1940 4309; x_wconf 84' lang='grc' dir='ltr'>πα-</span> 
     </span>
    </p>
   </div>
   <div class='ocr_carea' id='block_1_44' title="bbox 251 4339 1938 4413">
    <p class='ocr_par' dir='ltr' id='par_1_44' title="bbox 251 4339 1938 4413">
     <span class='ocr_line' id='line_1_44' title="bbox 251 4339 1938 4413; baseline 0.004 -22"><span class='ocrx_word' id='word_1_358' title='bbox 251 4339 420 4409; x_wconf 80' lang='grc' dir='ltr'>τρίδα</span> <span class='ocrx_word' id='word_1_359' title='bbox 439 4341 809 4410; x_wconf 83' lang='grc' dir='ltr'>ἐπειγόμενος.</span> <span class='ocrx_word' id='word_1_360' title='bbox 835 4343 944 4394; x_wconf 77' lang='grc' dir='ltr'>Καὶ</span> <span class='ocrx_word' id='word_1_361' title='bbox 963 4341 1211 4413; x_wconf 88' lang='grc' dir='ltr'>καθάπερ</span> <span class='ocrx_word' id='word_1_362' title='bbox 1234 4345 1262 4395; x_wconf 90' lang='grc' dir='ltr'>ό</span> <span class='ocrx_word' id='word_1_363' title='bbox 1285 4342 1424 4412; x_wconf 86' lang='grc' dir='ltr'>μετά</span> <span class='ocrx_word' id='word_1_364' title='bbox 1446 4343 1639 4396; x_wconf 83' lang='grc' dir='ltr'>πολλοῦ</span> <span class='ocrx_word' id='word_1_365' title='bbox 1669 4343 1762 4396; x_wconf 82' lang='grc' dir='ltr'>τοῦ</span> <span class='ocrx_word' id='word_1_366' title='bbox 1783 4343 1938 4398; x_wconf 86' lang='grc' dir='ltr'>τόνου</span> 
     </span>
    </p>
   </div>
   <div class='ocr_carea' id='block_1_45' title="bbox 251 4429 1942 4503">
    <p class='ocr_par' dir='ltr' id='par_1_45' title="bbox 251 4429 1942 4503">
     <span class='ocr_line' id='line_1_45' title="bbox 251 4429 1942 4503; baseline 0.004 -23"><span class='ocrx_word' id='word_1_367' title='bbox 251 4429 356 4480; x_wconf 78' lang='grc' dir='ltr'>τὸν</span> <span class='ocrx_word' id='word_1_368' title='bbox 394 4429 706 4498; x_wconf 85' lang='grc' dir='ltr'>σωματικὸν</span> <span class='ocrx_word' id='word_1_369' title='bbox 743 4429 932 4482; x_wconf 80' lang='grc' dir='ltr'>τοῦτον</span> <span class='ocrx_word' id='word_1_370' title='bbox 969 4429 1170 4500; x_wconf 88' lang='grc' dir='ltr'>δρόμον</span> <span class='ocrx_word' id='word_1_371' title='bbox 1206 4430 1414 4500; x_wconf 82' lang='grc' dir='ltr'>τρέχων</span> <span class='ocrx_word' id='word_1_372' title='bbox 1451 4430 1640 4484; x_wconf 86' lang='grc' dir='ltr'>οὐδένα</span> <span class='ocrx_word' id='word_1_373' title='bbox 1661 4430 1814 4503; x_wconf 70' lang='lat'>[278]</span> <span class='ocrx_word' id='word_1_374' title='bbox 1833 4432 1942 4487; x_wconf 89' lang='grc' dir='ltr'>τῶν</span> 
     </span>
    </p>
   </div>
   <div class='ocr_carea' id='block_1_46' title="bbox 251 4514 1943 4592">
    <p class='ocr_par' dir='ltr' id='par_1_46' title="bbox 251 4514 1943 4592">
     <span class='ocr_line' id='line_1_46' title="bbox 251 4514 1943 4592; baseline 0.004 -24"><span class='ocrx_word' id='word_1_375' title='bbox 251 4514 668 4570; x_wconf 64' lang='grc' dir='ltr'>ἀπαντώντων⁸</span> <span class='ocrx_word' id='word_1_376' title='bbox 689 4517 810 4588; x_wconf 84' lang='grc' dir='ltr'>ὁρᾷ,</span> <span class='ocrx_word' id='word_1_377' title='bbox 836 4517 942 4570; x_wconf 78' lang='grc' dir='ltr'>κᾶν</span> <span class='ocrx_word' id='word_1_378' title='bbox 966 4516 1226 4589; x_wconf 85' lang='grc' dir='ltr'>μυριάκις</span> <span class='ocrx_word' id='word_1_379' title='bbox 1247 4517 1396 4588; x_wconf 86' lang='grc' dir='ltr'>αὐτῷ</span> <span class='ocrx_word' id='word_1_380' title='bbox 1416 4519 1781 4592; x_wconf 85' lang='grc' dir='ltr'>προσπταίσῃ,</span> <span class='ocrx_word' id='word_1_381' title='bbox 1806 4519 1943 4574; x_wconf 81' lang='grc' dir='ltr'>ἀλλὰ</span> 
     </span>
    </p>
   </div>
   <div class='ocr_carea' id='block_1_47' title="bbox 253 4601 1942 4676">
    <p class='ocr_par' dir='ltr' id='par_1_47' title="bbox 253 4601 1942 4676">
     <span class='ocr_line' id='line_1_47' title="bbox 253 4601 1942 4676; baseline 0.003 -23"><span class='ocrx_word' id='word_1_382' title='bbox 253 4601 402 4672; x_wconf 75' lang='grc' dir='ltr'>πρὸς</span> <span class='ocrx_word' id='word_1_383' title='bbox 421 4601 512 4654; x_wconf 85' lang='grc' dir='ltr'>τὸν</span> <span class='ocrx_word' id='word_1_384' title='bbox 528 4603 728 4674; x_wconf 87' lang='grc' dir='ltr'>δρόμον</span> <span class='ocrx_word' id='word_1_385' title='bbox 749 4603 886 4674; x_wconf 82' lang='grc' dir='ltr'>έχων</span> <span class='ocrx_word' id='word_1_386' title='bbox 903 4603 1198 4674; x_wconf 81' lang='grc' dir='ltr'>τεταμένον</span> <span class='ocrx_word' id='word_1_387' title='bbox 1218 4603 1385 4658; x_wconf 83' lang='grc' dir='ltr'>αὐτοῦ</span> <span class='ocrx_word' id='word_1_388' title='bbox 1426 4605 1518 4658; x_wconf 85' lang='grc' dir='ltr'>τὸν</span> <span class='ocrx_word' id='word_1_389' title='bbox 1550 4603 1828 4676; x_wconf 87' lang='grc' dir='ltr'>λογισμὸν,</span> <span class='ocrx_word' id='word_1_390' title='bbox 1850 4607 1942 4659; x_wconf 66' lang='grc' dir='ltr'>εὐα</span> 
     </span>
    </p>
   </div>
   <div class='ocr_carea' id='block_1_48' title="bbox 251 4689 1942 4764">
    <p class='ocr_par' dir='ltr' id='par_1_48' title="bbox 251 4689 1942 4764">
     <span class='ocr_line' id='line_1_48' title="bbox 251 4689 1942 4764; baseline 0.002 -21"><span class='ocrx_word' id='word_1_391' title='bbox 251 4689 436 4752; x_wconf 83' lang='grc' dir='ltr'>κόλως</span> <span class='ocrx_word' id='word_1_392' title='bbox 450 4690 668 4744; x_wconf 73' lang='grc' dir='ltr'>ἅπαντα</span> <span class='ocrx_word' id='word_1_393' title='bbox 686 4691 1058 4763; x_wconf 88' lang='grc' dir='ltr'>παραδραμὼν</span> <span class='ocrx_word' id='word_1_394' title='bbox 1080 4691 1358 4760; x_wconf 78' lang='grc' dir='ltr'>ἐπείγεται</span> <span class='ocrx_word' id='word_1_395' title='bbox 1379 4692 1514 4763; x_wconf 82' lang='grc' dir='ltr'>πρὸς</span> <span class='ocrx_word' id='word_1_396' title='bbox 1531 4693 1622 4746; x_wconf 85' lang='grc' dir='ltr'>τὸν</span> <span class='ocrx_word' id='word_1_397' title='bbox 1642 4695 1942 4764; x_wconf 89' lang='grc' dir='ltr'>προκείμε-</span> 
     </span>
    </p>
   </div>
   <div class='ocr_carea' id='block_1_49' title="bbox 251 4775 1939 4853">
    <p class='ocr_par' dir='ltr' id='par_1_49' title="bbox 251 4775 1939 4853">
     <span class='ocr_line' id='line_1_49' title="bbox 251 4775 1939 4853; baseline 0.002 -22"><span class='ocrx_word' id='word_1_398' title='bbox 251 4795 354 4832; x_wconf 84' lang='grc' dir='ltr'>νον</span> <span class='ocrx_word' id='word_1_399' title='bbox 371 4775 521 4849; x_wconf 86' lang='grc' dir='ltr'>αὐτῷ</span> <span class='ocrx_word' id='word_1_400' title='bbox 541 4778 746 4832; x_wconf 88' lang='grc' dir='ltr'>σκοπόν</span> <span class='ocrx_word' id='word_1_401' title='bbox 769 4793 782 4808; x_wconf 75' lang='grc'><strong><em>⁸</em></strong></span> <span class='ocrx_word' id='word_1_402' title='bbox 803 4779 896 4832; x_wconf 79' lang='grc' dir='ltr'>τὸν</span> <span class='ocrx_word' id='word_1_403' title='bbox 915 4779 1076 4832; x_wconf 85' lang='grc' dir='ltr'>αὐτὸν</span> <span class='ocrx_word' id='word_1_404' title='bbox 1095 4779 1159 4851; x_wconf 76' lang='grc' dir='ltr'>δὴ</span> <span class='ocrx_word' id='word_1_405' title='bbox 1178 4780 1379 4850; x_wconf 88' lang='grc' dir='ltr'>τρόπον</span> <span class='ocrx_word' id='word_1_406' title='bbox 1398 4781 1491 4834; x_wconf 80' lang='grc' dir='ltr'>καὶ</span> <span class='ocrx_word' id='word_1_407' title='bbox 1509 4782 1537 4834; x_wconf 92' lang='lat'>6</span> <span class='ocrx_word' id='word_1_408' title='bbox 1554 4781 1646 4834; x_wconf 84' lang='grc' dir='ltr'>τὸν</span> <span class='ocrx_word' id='word_1_409' title='bbox 1667 4783 1786 4834; x_wconf 82' lang='grc' dir='ltr'>κατ’</span> <span class='ocrx_word' id='word_1_410' title='bbox 1807 4783 1939 4853; x_wconf 86' lang='grc' dir='ltr'>ἀρε-</span> 
     </span>
    </p>
   </div>
   <div class='ocr_carea' id='block_1_50' title="bbox 249 4865 1942 4939">
    <p class='ocr_par' dir='ltr' id='par_1_50' title="bbox 249 4865 1942 4939">
     <span class='ocr_line' id='line_1_50' title="bbox 249 4865 1942 4939; baseline 0.003 -23"><span class='ocrx_word' id='word_1_411' title='bbox 249 4868 364 4938; x_wconf 81' lang='grc' dir='ltr'>τὴν</span> <span class='ocrx_word' id='word_1_412' title='bbox 397 4865 599 4936; x_wconf 87' lang='grc' dir='ltr'>δρόμον</span> <span class='ocrx_word' id='word_1_413' title='bbox 635 4865 852 4936; x_wconf 80' lang='grc' dir='ltr'>τρέχειν</span> <span class='ocrx_word' id='word_1_414' title='bbox 891 4865 1228 4931; x_wconf 74' lang='grc' dir='ltr'>σπουδάζων,</span> <span class='ocrx_word' id='word_1_415' title='bbox 1251 4866 1346 4920; x_wconf 74' lang='grc' dir='ltr'>καὶ</span> <span class='ocrx_word' id='word_1_416' title='bbox 1365 4867 1474 4920; x_wconf 82' lang='grc' dir='ltr'>ἀπὸ</span> <span class='ocrx_word' id='word_1_417' title='bbox 1491 4868 1598 4937; x_wconf 85' lang='grc' dir='ltr'>γῆς</span> <span class='ocrx_word' id='word_1_418' title='bbox 1615 4870 1695 4931; x_wconf 84' lang='grc' dir='ltr'>εἰς</span> <span class='ocrx_word' id='word_1_419' title='bbox 1711 4869 1772 4921; x_wconf 89' lang='grc' dir='ltr'>οὐ</span> <span class='ocrx_word' id='word_1_420' title='bbox 1781 4869 1942 4939; x_wconf 88' lang='grc' dir='ltr'>ρανὺν</span> 
     </span>
    </p>
   </div>
   <div class='ocr_carea' id='block_1_51' title="bbox 251 4951 1943 5028">
    <p class='ocr_par' dir='ltr' id='par_1_51' title="bbox 251 4951 1943 5028">
     <span class='ocr_line' id='line_1_51' title="bbox 251 4951 1943 5028; baseline 0.002 -22"><span class='ocrx_word' id='word_1_421' title='bbox 251 4951 506 5006; x_wconf 81' lang='grc' dir='ltr'>ἀνελθεῖν</span> <span class='ocrx_word' id='word_1_422' title='bbox 525 4952 832 5024; x_wconf 84' lang='grc' dir='ltr'>ἐπιθυμῶν,</span> <span class='ocrx_word' id='word_1_423' title='bbox 855 4954 1031 5008; x_wconf 83' lang='grc' dir='ltr'>πάντα</span> <span class='ocrx_word' id='word_1_424' title='bbox 1066 4953 1136 5007; x_wconf 86' lang='grc' dir='ltr'>τὰ</span> <span class='ocrx_word' id='word_1_425' title='bbox 1167 4953 1420 5027; x_wconf 81' lang='grc' dir='ltr'>δρώμενα</span> <span class='ocrx_word' id='word_1_426' title='bbox 1441 4955 1592 5010; x_wconf 82' lang='grc' dir='ltr'>κάτω</span> <span class='ocrx_word' id='word_1_427' title='bbox 1609 4956 1825 5028; x_wconf 85' lang='grc' dir='ltr'>ἀφίησι,</span> <span class='ocrx_word' id='word_1_428' title='bbox 1849 4958 1943 5010; x_wconf 73' lang='grc' dir='ltr'>καὶ</span> 
     </span>
    </p>
   </div>
   <div class='ocr_carea' id='block_1_52' title="bbox 253 5039 1942 5114">
    <p class='ocr_par' dir='ltr' id='par_1_52' title="bbox 253 5039 1942 5114">
     <span class='ocr_line' id='line_1_52' title="bbox 253 5039 1942 5114; baseline 0.001 -19"><span class='ocrx_word' id='word_1_429' title='bbox 253 5041 384 5104; x_wconf 81' lang='grc' dir='ltr'>ὅλος</span> <span class='ocrx_word' id='word_1_430' title='bbox 420 5039 514 5093; x_wconf 82' lang='grc' dir='ltr'>τοῦ</span> <span class='ocrx_word' id='word_1_431' title='bbox 556 5039 755 5112; x_wconf 87' lang='grc' dir='ltr'>δρόμου</span> <span class='ocrx_word' id='word_1_432' title='bbox 795 5039 1028 5110; x_wconf 88' lang='grc' dir='ltr'>γίνεται.</span> <span class='ocrx_word' id='word_1_433' title='bbox 1051 5042 1146 5095; x_wconf 78' lang='grc' dir='ltr'>καὶ</span> <span class='ocrx_word' id='word_1_434' title='bbox 1179 5041 1242 5094; x_wconf 91' lang='grc' dir='ltr'>οὐ</span> <span class='ocrx_word' id='word_1_435' title='bbox 1279 5041 1545 5114; x_wconf 87' lang='grc' dir='ltr'>πρότερον</span> <span class='ocrx_word' id='word_1_436' title='bbox 1565 5043 1798 5106; x_wconf 84' lang='grc' dir='ltr'>ἵσταται,</span> <span class='ocrx_word' id='word_1_437' title='bbox 1821 5043 1942 5097; x_wconf 83' lang='grc' dir='ltr'>οὐδὲ</span> 
     </span>
    </p>
   </div>
   <div class='ocr_carea' id='block_1_53' title="bbox 253 5128 1942 5202">
    <p class='ocr_par' dir='ltr' id='par_1_53' title="bbox 253 5128 1942 5202">
     <span class='ocr_line' id='line_1_53' title="bbox 253 5128 1942 5202; baseline 0.002 -20"><span class='ocrx_word' id='word_1_438' title='bbox 253 5128 553 5200; x_wconf 79' lang='grc' dir='ltr'>κατέχεται</span> <span class='ocrx_word' id='word_1_439' title='bbox 592 5128 699 5182; x_wconf 88' lang='grc' dir='ltr'>ὐπό</span> <span class='ocrx_word' id='word_1_440' title='bbox 731 5145 876 5192; x_wconf 88' lang='grc' dir='ltr'>τινος</span> <span class='ocrx_word' id='word_1_441' title='bbox 909 5128 1016 5182; x_wconf 88' lang='grc' dir='ltr'>τῶν</span> <span class='ocrx_word' id='word_1_442' title='bbox 1038 5129 1351 5201; x_wconf 82' lang='grc' dir='ltr'>ὁρωμένων,</span> <span class='ocrx_word' id='word_1_443' title='bbox 1377 5131 1570 5201; x_wconf 87' lang='grc' dir='ltr'>μέχρις</span> <span class='ocrx_word' id='word_1_444' title='bbox 1589 5129 1655 5184; x_wconf 83' lang='grc' dir='ltr'>ἂν</span> <span class='ocrx_word' id='word_1_445' title='bbox 1673 5133 1754 5196; x_wconf 86' lang='grc' dir='ltr'>είς</span> <span class='ocrx_word' id='word_1_446' title='bbox 1773 5131 1942 5202; x_wconf 82' lang='grc' dir='ltr'>αὐτὴν</span> 
     </span>
    </p>
   </div>
   <div class='ocr_carea' id='block_1_54' title="bbox 252 5216 1943 5292">
    <p class='ocr_par' dir='ltr' id='par_1_54' title="bbox 252 5216 1943 5292">
     <span class='ocr_line' id='line_1_54' title="bbox 252 5216 1943 5292; baseline 0.001 -20"><span class='ocrx_word' id='word_1_447' title='bbox 252 5217 508 5273; x_wconf 80' lang='grc' dir='ltr'>ἀνελθεῖν</span> <span class='ocrx_word' id='word_1_448' title='bbox 545 5216 750 5289; x_wconf 85' lang='grc' dir='ltr'>δυνηθῇ</span> <span class='ocrx_word' id='word_1_449' title='bbox 789 5217 888 5290; x_wconf 85' lang='grc' dir='ltr'>τὴν</span> <span class='ocrx_word' id='word_1_450' title='bbox 925 5219 1192 5291; x_wconf 86' lang='grc' dir='ltr'>κορυφήν.</span> <span class='ocrx_word' id='word_1_451' title='bbox 1216 5217 1307 5288; x_wconf 85' lang='grc' dir='ltr'>Τῷ</span> <span class='ocrx_word' id='word_1_452' title='bbox 1325 5219 1431 5292; x_wconf 84' lang='grc' dir='ltr'>γὰρ</span> <span class='ocrx_word' id='word_1_453' title='bbox 1453 5217 1595 5274; x_wconf 73' lang='grc' dir='ltr'>οὕτω</span> <span class='ocrx_word' id='word_1_454' title='bbox 1614 5220 1943 5292; x_wconf 83' lang='grc' dir='ltr'>διακειμένῳ</span> 
     </span>
    </p>
   </div>
   <div class='ocr_carea' id='block_1_55' title="bbox 254 5301 1943 5378">
    <p class='ocr_par' dir='ltr' id='par_1_55' title="bbox 254 5301 1943 5378">
     <span class='ocr_line' id='line_1_55' title="bbox 254 5301 1943 5378; baseline 0.002 -20"><span class='ocrx_word' id='word_1_455' title='bbox 254 5305 360 5358; x_wconf 80' lang='grc' dir='ltr'>καὶ</span> <span class='ocrx_word' id='word_1_456' title='bbox 396 5303 466 5359; x_wconf 83' lang='lat'>16</span> <span class='ocrx_word' id='word_1_457' title='bbox 495 5305 754 5359; x_wconf 82' lang='grc' dir='ltr'>δοκοῦντα</span> <span class='ocrx_word' id='word_1_458' title='bbox 775 5301 914 5358; x_wconf 82' lang='grc' dir='ltr'>εἶναι</span> <span class='ocrx_word' id='word_1_459' title='bbox 935 5305 1142 5378; x_wconf 78' lang='grc' dir='ltr'>φοϐερὰ</span> <span class='ocrx_word' id='word_1_460' title='bbox 1161 5305 1302 5360; x_wconf 86' lang='grc' dir='ltr'>κατά</span> <span class='ocrx_word' id='word_1_461' title='bbox 1319 5306 1410 5359; x_wconf 82' lang='grc' dir='ltr'>τὸν</span> <span class='ocrx_word' id='word_1_462' title='bbox 1433 5306 1674 5378; x_wconf 87' lang='grc' dir='ltr'>παρόντα</span> <span class='ocrx_word' id='word_1_463' title='bbox 1695 5307 1829 5378; x_wconf 89' lang='grc' dir='ltr'>βίον,</span> <span class='ocrx_word' id='word_1_464' title='bbox 1852 5309 1943 5362; x_wconf 87' lang='grc' dir='ltr'>εὐ-</span> 
     </span>
    </p>
   </div>
   <div class='ocr_carea' id='block_1_56' title="bbox 257 5393 1941 5466">
    <p class='ocr_par' dir='ltr' id='par_1_56' title="bbox 257 5393 1941 5466">
     <span class='ocr_line' id='line_1_56' title="bbox 257 5393 1941 5466; baseline 0.001 -20"><span class='ocrx_word' id='word_1_465' title='bbox 257 5393 658 5466; x_wconf 81' lang='grc' dir='ltr'>καταφρόνητα</span> <span class='ocrx_word' id='word_1_466' title='bbox 677 5393 908 5462; x_wconf 88' lang='grc' dir='ltr'>γίνεται,</span> <span class='ocrx_word' id='word_1_467' title='bbox 931 5394 1026 5447; x_wconf 76' lang='grc' dir='ltr'>καὶ</span> <span class='ocrx_word' id='word_1_468' title='bbox 1043 5397 1072 5448; x_wconf 88' lang='grc' dir='ltr'>ό</span> <span class='ocrx_word' id='word_1_469' title='bbox 1089 5393 1326 5460; x_wconf 78' lang='grc' dir='ltr'>τοιοῦτος</span> <span class='ocrx_word' id='word_1_470' title='bbox 1365 5393 1488 5448; x_wconf 81' lang='grc' dir='ltr'>οὐτε</span> <span class='ocrx_word' id='word_1_471' title='bbox 1512 5396 1664 5466; x_wconf 81' lang='grc' dir='ltr'>ξίφος</span> <span class='ocrx_word' id='word_1_472' title='bbox 1683 5395 1941 5464; x_wconf 87' lang='grc' dir='ltr'>δέδοικεν,</span> 
     </span>
    </p>
   </div>
   <div class='ocr_carea' id='block_1_57' title="bbox 251 5477 1939 5554">
    <p class='ocr_par' dir='ltr' id='par_1_57' title="bbox 251 5477 1939 5554">
     <span class='ocr_line' id='line_1_57' title="bbox 251 5477 1939 5554; baseline 0.004 -22"><span class='ocrx_word' id='word_1_473' title='bbox 251 5479 390 5533; x_wconf 72' lang='grc' dir='ltr'>οὔτε</span> <span class='ocrx_word' id='word_1_474' title='bbox 424 5479 691 5551; x_wconf 77' lang='grc' dir='ltr'>κρημνὸν,</span> <span class='ocrx_word' id='word_1_475' title='bbox 711 5477 834 5535; x_wconf 78' lang='grc' dir='ltr'>οὔτε</span> <span class='ocrx_word' id='word_1_476' title='bbox 857 5479 1062 5552; x_wconf 88' lang='grc' dir='ltr'>θηρίων</span> <span class='ocrx_word' id='word_1_477' title='bbox 1082 5481 1320 5546; x_wconf 82' lang='grc' dir='ltr'>ὀδόντας,</span> <span class='ocrx_word' id='word_1_478' title='bbox 1341 5482 1401 5534; x_wconf 92' lang='grc' dir='ltr'>οὐ</span> <span class='ocrx_word' id='word_1_479' title='bbox 1443 5482 1728 5553; x_wconf 86' lang='grc' dir='ltr'>βασάνους,</span> <span class='ocrx_word' id='word_1_480' title='bbox 1751 5484 1809 5535; x_wconf 89' lang='grc' dir='ltr'>οὐ</span> <span class='ocrx_word' id='word_1_481' title='bbox 1847 5483 1939 5554; x_wconf 89' lang='grc' dir='ltr'>δη-</span> 
     </span>
    </p>
   </div>
   <div class='ocr_carea' id='block_1_58' title="bbox 258 5567 1940 5644">
    <p class='ocr_par' dir='ltr' id='par_1_58' title="bbox 258 5567 1940 5644">
     <span class='ocr_line' id='line_1_58' title="bbox 258 5567 1940 5644; baseline 0.004 -25"><span class='ocrx_word' id='word_1_482' title='bbox 258 5567 406 5638; x_wconf 85' lang='grc' dir='ltr'>μίων</span> <span class='ocrx_word' id='word_1_483' title='bbox 447 5571 658 5640; x_wconf 88' lang='grc' dir='ltr'>χεῖρας,</span> <span class='ocrx_word' id='word_1_484' title='bbox 681 5569 781 5622; x_wconf 88' lang='grc' dir='ltr'>οὐκ</span> <span class='ocrx_word' id='word_1_485' title='bbox 818 5569 948 5623; x_wconf 84' lang='grc' dir='ltr'>ἄλλο</span> <span class='ocrx_word' id='word_1_486' title='bbox 985 5587 1038 5622; x_wconf 90' lang='grc' dir='ltr'>τι</span> <span class='ocrx_word' id='word_1_487' title='bbox 1073 5569 1182 5638; x_wconf 60' lang='grc' dir='ltr'>τῶι</span> <span class='ocrx_word' id='word_1_488' title='bbox 1223 5569 1366 5624; x_wconf 74' lang='grc' dir='ltr'>κατὰ</span> <span class='ocrx_word' id='word_1_489' title='bbox 1398 5571 1488 5624; x_wconf 85' lang='grc' dir='ltr'>τὸν</span> <span class='ocrx_word' id='word_1_490' title='bbox 1511 5570 1624 5640; x_wconf 88' lang='grc' dir='ltr'>βίον</span> <span class='ocrx_word' id='word_1_491' title='bbox 1643 5571 1940 5644; x_wconf 85' lang='grc' dir='ltr'>λυπηρῶν·</span> 
     </span>
    </p>
   </div>
   <div class='ocr_carea' id='block_1_59' title="bbox 253 5653 1946 5729">
    <p class='ocr_par' dir='ltr' id='par_1_59' title="bbox 253 5653 1946 5729">
     <span class='ocr_line' id='line_1_59' title="bbox 253 5653 1946 5729; baseline 0.002 -21"><span class='ocrx_word' id='word_1_492' title='bbox 253 5653 400 5708; x_wconf 76' lang='grc' dir='ltr'>ἀλλὰ</span> <span class='ocrx_word' id='word_1_493' title='bbox 439 5653 544 5708; x_wconf 79' lang='grc' dir='ltr'>κᾶν</span> <span class='ocrx_word' id='word_1_494' title='bbox 583 5655 861 5728; x_wconf 85' lang='grc' dir='ltr'>ἄνθρακας</span> <span class='ocrx_word' id='word_1_495' title='bbox 903 5655 986 5728; x_wconf 79' lang='grc' dir='ltr'>ἴδῃ</span> <span class='ocrx_word' id='word_1_496' title='bbox 1024 5655 1638 5728; x_wconf 78' lang='grc' dir='ltr'>ὐπεστορεσμένους,ὼς</span> <span class='ocrx_word' id='word_1_497' title='bbox 1671 5656 1946 5729; x_wconf 61' lang='grc' dir='ltr'>λειμῶνας</span> 
     </span>
    </p>
   </div>
   <div class='ocr_carea' id='block_1_60' title="bbox 251 5739 1945 5816">
    <p class='ocr_par' dir='ltr' id='par_1_60' title="bbox 251 5739 1945 5816">
     <span class='ocr_line' id='line_1_60' title="bbox 251 5739 1945 5816; baseline 0.002 -21"><span class='ocrx_word' id='word_1_498' title='bbox 251 5739 404 5812; x_wconf 77' lang='grc' dir='ltr'>ὀρῶν</span> <span class='ocrx_word' id='word_1_499' title='bbox 427 5741 522 5794; x_wconf 76' lang='grc' dir='ltr'>καὶ</span> <span class='ocrx_word' id='word_1_500' title='bbox 543 5742 924 5812; x_wconf 86' lang='grc' dir='ltr'>παραδείσους,</span> <span class='ocrx_word' id='word_1_501' title='bbox 945 5741 1118 5806; x_wconf 69' lang='grc' dir='ltr'>οὕτως</span> <span class='ocrx_word' id='word_1_502' title='bbox 1139 5743 1405 5813; x_wconf 81' lang='grc' dir='ltr'>ἐπιπηδᾷ·</span> <span class='ocrx_word' id='word_1_503' title='bbox 1431 5743 1538 5797; x_wconf 78' lang='grc' dir='ltr'>κᾶν</span> <span class='ocrx_word' id='word_1_504' title='bbox 1557 5745 1742 5816; x_wconf 85' lang='grc' dir='ltr'>’ἐτερόν</span> <span class='ocrx_word' id='word_1_505' title='bbox 1764 5763 1814 5798; x_wconf 88' lang='grc' dir='ltr'>τι</span> <span class='ocrx_word' id='word_1_506' title='bbox 1835 5745 1945 5798; x_wconf 89' lang='grc' dir='ltr'>τῶν</span> 
     </span>
    </p>
   </div>
   <div class='ocr_carea' id='block_1_61' title="bbox 255 5823 1941 5907">
    <p class='ocr_par' dir='ltr' id='par_1_61' title="bbox 255 5823 1941 5907">
     <span class='ocr_line' id='line_1_61' title="bbox 255 5823 1941 5907; baseline 0 -21"><span class='ocrx_word' id='word_1_507' title='bbox 255 5827 640 5900; x_wconf 63' lang='grc' dir='ltr'>κολαστηρίων</span> <span class='ocrx_word' id='word_1_508' title='bbox 683 5823 822 5894; x_wconf 85' lang='grc' dir='ltr'>εἶδος</span> <span class='ocrx_word' id='word_1_509' title='bbox 859 5831 1200 5904; x_wconf 70' lang='grc' dir='ltr'>ἐπαγόμενον</span> <span class='ocrx_word' id='word_1_510' title='bbox 1220 5829 1502 5902; x_wconf 85' lang='grc' dir='ltr'>θεάσηται,</span> <span class='ocrx_word' id='word_1_511' title='bbox 1526 5832 1587 5888; x_wconf 90' lang='grc' dir='ltr'>οὐ</span> <span class='ocrx_word' id='word_1_512' title='bbox 1607 5833 1784 5906; x_wconf 80' lang='grc' dir='ltr'>ναρκᾷ</span> <span class='ocrx_word' id='word_1_513' title='bbox 1805 5834 1941 5907; x_wconf 80' lang='grc' dir='ltr'>πρὸς</span> 
     </span>
    </p>
   </div>
   <div class='ocr_carea' id='block_1_62' title="bbox 325 6009 1005 6068">
    <p class='ocr_par' dir='ltr' id='par_1_62' title="bbox 325 6009 1005 6068">
     <span class='ocr_line' id='line_1_62' title="bbox 325 6009 1005 6068; baseline -0.001 -9"><span class='ocrx_word' id='word_1_514' title='bbox 325 6010 342 6034; x_wconf 87' lang='grc'><strong><em>⁸</em></strong></span> <span class='ocrx_word' id='word_1_515' title='bbox 371 6011 593 6068; x_wconf 72' lang='lat' dir='ltr'>Qnaluor</span> <span class='ocrx_word' id='word_1_516' title='bbox 617 6019 730 6058; x_wconf 80' lang='lat' dir='ltr'>mss.</span> <span class='ocrx_word' id='word_1_517' title='bbox 765 6009 1005 6064; x_wconf 74' lang='grc' dir='ltr'>ἁπάντων.</span> 
     </span>
    </p>
   </div>
   <div class='ocr_carea' id='block_1_63' title="bbox 1372 410 2518 470">
    <p class='ocr_par' dir='ltr' id='par_1_63' title="bbox 1372 410 2518 470">
     <span class='ocr_line' id='line_1_63' title="bbox 1372 410 2518 470; baseline 0.005 -6"><span class='ocrx_word' id='word_1_518' title='bbox 1372 410 1437 464; x_wconf 79' lang='grc' dir='ltr'>ΙΝ</span> <span class='ocrx_word' id='word_1_519' title='bbox 1477 411 1633 466; x_wconf 71' lang='lat' dir='ltr'>CAP.</span> <span class='ocrx_word' id='word_1_520' title='bbox 1675 411 1746 466; x_wconf 78' lang='lat' dir='ltr'>IX</span> <span class='ocrx_word' id='word_1_521' title='bbox 1777 411 2027 468; x_wconf 76' lang='lat' dir='ltr'>GENES.</span> <span class='ocrx_word' id='word_1_522' title='bbox 2059 412 2295 470; x_wconf 75' lang='lat' dir='ltr'>IIOMIL.</span> <span class='ocrx_word' id='word_1_523' title='bbox 2329 414 2518 470; x_wconf 72' lang='lat' dir='ltr'>XXIX.</span> 
     </span>
    </p>
   </div>
   <div class='ocr_carea' id='block_1_64' title="bbox 3594 408 3699 462">
    <p class='ocr_par' dir='ltr' id='par_1_64' title="bbox 3594 408 3699 462">
     <span class='ocr_line' id='line_1_64' title="bbox 3594 408 3699 462; baseline -0.038 1"><span class='ocrx_word' id='word_1_524' title='bbox 3594 408 3699 462; x_wconf 63' lang='grc' dir='ltr'>ιω</span> 
     </span>
    </p>
   </div>
   <div class='ocr_carea' id='block_1_65' title="bbox 2025 527 3700 605">
    <p class='ocr_par' dir='ltr' id='par_1_65' title="bbox 2025 527 3700 605">
     <span class='ocr_line' id='line_1_65' title="bbox 2025 527 3700 605; baseline 0.003 -25"><span class='ocrx_word' id='word_1_525' title='bbox 2025 527 2124 598; x_wconf 77' lang='grc' dir='ltr'>τὴν</span> <span class='ocrx_word' id='word_1_526' title='bbox 2145 528 2287 598; x_wconf 70' lang='grc' dir='ltr'>ὅφιν,</span> <span class='ocrx_word' id='word_1_527' title='bbox 2309 530 2426 582; x_wconf 82' lang='grc' dir='ltr'>οὐδὲ</span> <span class='ocrx_word' id='word_1_528' title='bbox 2447 531 2852 602; x_wconf 72' lang='grc' dir='ltr'>ἐπιστρέφεται.</span> <span class='ocrx_word' id='word_1_529' title='bbox 2869 533 2930 586; x_wconf 91' lang='lat'>&#39;0</span> <span class='ocrx_word' id='word_1_530' title='bbox 2949 529 3057 605; x_wconf 80' lang='grc' dir='ltr'>γὰρ</span> <span class='ocrx_word' id='word_1_531' title='bbox 3074 531 3182 586; x_wconf 87' lang='grc' dir='ltr'>τῶν</span> <span class='ocrx_word' id='word_1_532' title='bbox 3207 531 3507 602; x_wconf 74' lang='grc' dir='ltr'>μελλόντιιιν</span> <span class='ocrx_word' id='word_1_533' title='bbox 3535 533 3700 596; x_wconf 77' lang='grc' dir='ltr'>πόθος</span> 
     </span>
    </p>
   </div>
   <div class='ocr_carea' id='block_1_66' title="bbox 2023 615 3700 690">
    <p class='ocr_par' dir='ltr' id='par_1_66' title="bbox 2023 615 3700 690">
     <span class='ocr_line' id='line_1_66' title="bbox 2023 615 3700 690; baseline 0.002 -22"><span class='ocrx_word' id='word_1_534' title='bbox 2023 615 2360 686; x_wconf 83' lang='grc' dir='ltr'>μετέστησεν</span> <span class='ocrx_word' id='word_1_535' title='bbox 2381 617 2546 670; x_wconf 80' lang='grc' dir='ltr'>αὐτοῦ</span> <span class='ocrx_word' id='word_1_536' title='bbox 2567 618 2665 690; x_wconf 81' lang='grc' dir='ltr'>τὴν</span> <span class='ocrx_word' id='word_1_537' title='bbox 2685 619 2941 684; x_wconf 84' lang='grc' dir='ltr'>διάνοιαν,</span> <span class='ocrx_word' id='word_1_538' title='bbox 2963 620 3056 674; x_wconf 73' lang='grc' dir='ltr'>καὶ</span> <span class='ocrx_word' id='word_1_539' title='bbox 3085 619 3160 682; x_wconf 86' lang='grc' dir='ltr'>ὡς</span> <span class='ocrx_word' id='word_1_540' title='bbox 3179 619 3366 682; x_wconf 82' lang='grc' dir='ltr'>ἁπλῶς</span> <span class='ocrx_word' id='word_1_541' title='bbox 3389 620 3478 672; x_wconf 77' lang='grc' dir='ltr'>καὶ</span> <span class='ocrx_word' id='word_1_542' title='bbox 3499 619 3618 690; x_wconf 82' lang='grc' dir='ltr'>εἰκῆ</span> <span class='ocrx_word' id='word_1_543' title='bbox 3639 623 3700 672; x_wconf 85' lang='lat'>16</span> 
     </span>
    </p>
   </div>
   <div class='ocr_carea' id='block_1_67' title="bbox 2028 701 3700 779">
    <p class='ocr_par' dir='ltr' id='par_1_67' title="bbox 2028 701 3700 779">
     <span class='ocr_line' id='line_1_67' title="bbox 2028 701 3700 779; baseline 0.004 -25"><span class='ocrx_word' id='word_1_544' title='bbox 2028 701 2188 772; x_wconf 90' lang='grc' dir='ltr'>σῶμα</span> <span class='ocrx_word' id='word_1_545' title='bbox 2207 705 2607 776; x_wconf 90' lang='grc' dir='ltr'>περικείμενος,</span> <span class='ocrx_word' id='word_1_546' title='bbox 2629 707 2800 770; x_wconf 76' lang='grc' dir='ltr'>οὕτως</span> <span class='ocrx_word' id='word_1_547' title='bbox 2819 707 2990 762; x_wconf 87' lang='grc' dir='ltr'>ἁνώτε</span> <span class='ocrx_word' id='word_1_548' title='bbox 2999 725 3088 779; x_wconf 90' lang='grc' dir='ltr'>ρος</span> <span class='ocrx_word' id='word_1_549' title='bbox 3108 707 3316 776; x_wconf 86' lang='grc' dir='ltr'>γίνεται</span> <span class='ocrx_word' id='word_1_550' title='bbox 3350 707 3454 760; x_wconf 87' lang='grc' dir='ltr'>τῶν</span> <span class='ocrx_word' id='word_1_551' title='bbox 3491 706 3700 770; x_wconf 87' lang='grc' dir='ltr'>παθῶν,</span> 
     </span>
    </p>
   </div>
   <div class='ocr_carea' id='block_1_68' title="bbox 2026 789 3702 866">
    <p class='ocr_par' dir='ltr' id='par_1_68' title="bbox 2026 789 3702 866">
     <span class='ocr_line' id='line_1_68' title="bbox 2026 789 3702 866; baseline 0.005 -26"><span class='ocrx_word' id='word_1_552' title='bbox 2026 789 2121 843; x_wconf 74' lang='grc' dir='ltr'>καὶ</span> <span class='ocrx_word' id='word_1_553' title='bbox 2139 792 2204 860; x_wconf 83' lang='grc' dir='ltr'>τῇ</span> <span class='ocrx_word' id='word_1_554' title='bbox 2227 791 2432 845; x_wconf 84' lang='grc' dir='ltr'>ἀνωθεν</span> <span class='ocrx_word' id='word_1_555' title='bbox 2452 793 2634 865; x_wconf 82' lang='grc' dir='ltr'>χάριτι</span> <span class='ocrx_word' id='word_1_556' title='bbox 2657 794 3059 866; x_wconf 84' lang='grc' dir='ltr'>φρουρούμενος</span> <span class='ocrx_word' id='word_1_557' title='bbox 3077 796 3196 850; x_wconf 86' lang='grc' dir='ltr'>οὐδέ</span> <span class='ocrx_word' id='word_1_558' title='bbox 3215 795 3465 864; x_wconf 71' lang='grc' dir='ltr'>αἴσθησιν</span> <span class='ocrx_word' id='word_1_559' title='bbox 3485 795 3702 866; x_wconf 83' lang='grc' dir='ltr'>λαμϐά-</span> 
     </span>
    </p>
   </div>
   <div class='ocr_carea' id='block_1_69' title="bbox 2025 877 3070 954">
    <p class='ocr_par' dir='ltr' id='par_1_69' title="bbox 2025 877 3070 954">
     <span class='ocr_line' id='line_1_69' title="bbox 2025 877 3070 954; baseline 0.01 -25"><span class='ocrx_word' id='word_1_560' title='bbox 2025 893 2108 930; x_wconf 87' lang='grc' dir='ltr'>νει</span> <span class='ocrx_word' id='word_1_561' title='bbox 2129 877 2236 932; x_wconf 91' lang='grc' dir='ltr'>τῶν</span> <span class='ocrx_word' id='word_1_562' title='bbox 2257 879 2568 950; x_wconf 81' lang='grc' dir='ltr'>ἀλγηδόνων</span> <span class='ocrx_word' id='word_1_563' title='bbox 2589 881 2695 936; x_wconf 90' lang='grc' dir='ltr'>τῶν</span> <span class='ocrx_word' id='word_1_564' title='bbox 2719 883 3070 954; x_wconf 85' lang='grc' dir='ltr'>σωματικῶν.</span> 
     </span>
    </p>
   </div>
   <div class='ocr_carea' id='block_1_70' title="bbox 2096 1019 3702 1097">
    <p class='ocr_par' dir='ltr' id='par_1_70' title="bbox 2096 1019 3702 1097">
     <span class='ocr_line' id='line_1_70' title="bbox 2096 1019 3702 1097; baseline 0.002 -23"><span class='ocrx_word' id='word_1_565' title='bbox 2096 1019 2186 1074; x_wconf 80' lang='grc' dir='ltr'>Διὸ</span> <span class='ocrx_word' id='word_1_566' title='bbox 2211 1021 2534 1092; x_wconf 82' lang='grc' dir='ltr'>παρακαλῶ,</span> <span class='ocrx_word' id='word_1_567' title='bbox 2559 1022 2624 1075; x_wconf 81' lang='grc' dir='ltr'>ἵν’</span> <span class='ocrx_word' id='word_1_568' title='bbox 2649 1023 2884 1088; x_wconf 86' lang='grc' dir='ltr'>εὐκόλως</span> <span class='ocrx_word' id='word_1_569' title='bbox 2903 1024 3029 1088; x_wconf 79' lang='grc' dir='ltr'>τοὺς</span> <span class='ocrx_word' id='word_1_570' title='bbox 3049 1023 3191 1076; x_wconf 79' lang='grc' dir='ltr'>κατὰ</span> <span class='ocrx_word' id='word_1_571' title='bbox 3229 1023 3328 1092; x_wconf 80' lang='grc' dir='ltr'>τὴν</span> <span class='ocrx_word' id='word_1_572' title='bbox 3365 1023 3566 1097; x_wconf 77' lang='grc' dir='ltr'>ἀρετὴν</span> <span class='ocrx_word' id='word_1_573' title='bbox 3606 1024 3702 1080; x_wconf 81' lang='grc' dir='ltr'>πό-</span> 
     </span>
    </p>
   </div>
   <div class='ocr_carea' id='block_1_71' title="bbox 2025 1108 3704 1182">
    <p class='ocr_par' dir='ltr' id='par_1_71' title="bbox 2025 1108 3704 1182">
     <span class='ocr_line' id='line_1_71' title="bbox 2025 1108 3704 1182; baseline 0.002 -22"><span class='ocrx_word' id='word_1_574' title='bbox 2025 1123 2148 1170; x_wconf 87' lang='grc' dir='ltr'>νους</span> <span class='ocrx_word' id='word_1_575' title='bbox 2167 1109 2412 1176; x_wconf 78' lang='grc' dir='ltr'>ἐνεγκεῖν</span> <span class='ocrx_word' id='word_1_576' title='bbox 2431 1108 2771 1180; x_wconf 78' lang='grc' dir='ltr'>δυνηθῶμεν,</span> <span class='ocrx_word' id='word_1_577' title='bbox 2795 1111 2962 1164; x_wconf 84' lang='grc' dir='ltr'>πολὺν</span> <span class='ocrx_word' id='word_1_578' title='bbox 2985 1109 3073 1163; x_wconf 80' lang='grc' dir='ltr'>τὸν</span> <span class='ocrx_word' id='word_1_579' title='bbox 3093 1111 3222 1182; x_wconf 76' lang='grc' dir='ltr'>περὶ</span> <span class='ocrx_word' id='word_1_580' title='bbox 3243 1111 3330 1164; x_wconf 79' lang='grc' dir='ltr'>τὸν</span> <span class='ocrx_word' id='word_1_581' title='bbox 3349 1111 3482 1164; x_wconf 81' lang='grc' dir='ltr'>Θεὸν</span> <span class='ocrx_word' id='word_1_582' title='bbox 3503 1111 3704 1164; x_wconf 81' lang='grc' dir='ltr'>ἐπιδει-</span> 
     </span>
    </p>
   </div>
   <div class='ocr_carea' id='block_1_72' title="bbox 2027 1193 3702 1270">
    <p class='ocr_par' dir='ltr' id='par_1_72' title="bbox 2027 1193 3702 1270">
     <span class='ocr_line' id='line_1_72' title="bbox 2027 1193 3702 1270; baseline 0.002 -24"><span class='ocrx_word' id='word_1_583' title='bbox 2027 1193 2248 1265; x_wconf 80' lang='grc' dir='ltr'>ξώμεθα</span> <span class='ocrx_word' id='word_1_584' title='bbox 2268 1195 2448 1258; x_wconf 87' lang='grc' dir='ltr'>πόθον,</span> <span class='ocrx_word' id='word_1_585' title='bbox 2475 1197 2566 1250; x_wconf 67' lang='grc' dir='ltr'>καὶ¹</span> <span class='ocrx_word' id='word_1_586' title='bbox 2587 1197 2702 1250; x_wconf 89' lang='grc' dir='ltr'>ἐκεῖ</span> <span class='ocrx_word' id='word_1_587' title='bbox 2717 1198 2816 1268; x_wconf 82' lang='grc' dir='ltr'>τήν</span> <span class='ocrx_word' id='word_1_588' title='bbox 2837 1198 3076 1251; x_wconf 87' lang='grc' dir='ltr'>διάνοιαν</span> <span class='ocrx_word' id='word_1_589' title='bbox 3107 1198 3264 1270; x_wconf 78' lang='grc' dir='ltr'>ἡμῶν</span> <span class='ocrx_word' id='word_1_590' title='bbox 3295 1199 3568 1260; x_wconf 88' lang='grc' dir='ltr'>τείναντες</span> <span class='ocrx_word' id='word_1_591' title='bbox 3598 1197 3702 1250; x_wconf 76' lang='grc' dir='ltr'>ὐπὸ</span> 
     </span>
    </p>
   </div>
   <div class='ocr_carea' id='block_1_73' title="bbox 2030 1281 3702 1358">
    <p class='ocr_par' dir='ltr' id='par_1_73' title="bbox 2030 1281 3702 1358">
     <span class='ocr_line' id='line_1_73' title="bbox 2030 1281 3702 1358; baseline 0.001 -22"><span class='ocrx_word' id='word_1_592' title='bbox 2030 1283 2255 1352; x_wconf 87' lang='grc' dir='ltr'>μηδενὸς</span> <span class='ocrx_word' id='word_1_593' title='bbox 2292 1281 2398 1336; x_wconf 90' lang='grc' dir='ltr'>τῶν</span> <span class='ocrx_word' id='word_1_594' title='bbox 2439 1285 2496 1336; x_wconf 87' lang='grc' dir='ltr'>ἐν</span> <span class='ocrx_word' id='word_1_595' title='bbox 2533 1282 2610 1354; x_wconf 87' lang='grc' dir='ltr'>τῷ</span> <span class='ocrx_word' id='word_1_596' title='bbox 2652 1285 2880 1354; x_wconf 88' lang='grc' dir='ltr'>παρόντι</span> <span class='ocrx_word' id='word_1_597' title='bbox 2921 1285 3022 1356; x_wconf 85' lang='grc' dir='ltr'>βίῳ</span> <span class='ocrx_word' id='word_1_598' title='bbox 3045 1286 3181 1358; x_wconf 86' lang='grc' dir='ltr'>πρὸς</span> <span class='ocrx_word' id='word_1_599' title='bbox 3199 1285 3290 1338; x_wconf 86' lang='grc' dir='ltr'>τὸν</span> <span class='ocrx_word' id='word_1_600' title='bbox 3309 1287 3484 1339; x_wconf 88' lang='grc' dir='ltr'>ἐκεῖσε</span> <span class='ocrx_word' id='word_1_601' title='bbox 3504 1285 3702 1356; x_wconf 85' lang='grc' dir='ltr'>δρόμον</span> 
     </span>
    </p>
   </div>
   <div class='ocr_carea' id='block_1_74' title="bbox 2028 1370 3706 1443">
    <p class='ocr_par' dir='ltr' id='par_1_74' title="bbox 2028 1370 3706 1443">
     <span class='ocr_line' id='line_1_74' title="bbox 2028 1370 3706 1443; baseline 0.002 -21"><span class='ocrx_word' id='word_1_602' title='bbox 2028 1370 2534 1442; x_wconf 79' lang='grc' dir='ltr'>ὐποσκελιζώμεθα,</span> <span class='ocrx_word' id='word_1_603' title='bbox 2559 1370 2696 1424; x_wconf 78' lang='grc' dir='ltr'>ἀλλὰ</span> <span class='ocrx_word' id='word_1_604' title='bbox 2733 1373 2842 1425; x_wconf 90' lang='grc' dir='ltr'>τῶν</span> <span class='ocrx_word' id='word_1_605' title='bbox 2887 1373 3191 1442; x_wconf 87' lang='grc' dir='ltr'>μελλόντων</span> <span class='ocrx_word' id='word_1_606' title='bbox 3231 1373 3452 1440; x_wconf 85' lang='grc' dir='ltr'>ἀγαθῶν</span> <span class='ocrx_word' id='word_1_607' title='bbox 3471 1372 3568 1443; x_wconf 82' lang='grc' dir='ltr'>τὴν</span> <span class='ocrx_word' id='word_1_608' title='bbox 3589 1373 3706 1442; x_wconf 88' lang='grc' dir='ltr'>διη-</span> 
     </span>
    </p>
   </div>
   <div class='ocr_carea' id='block_1_75' title="bbox 2027 1457 3705 1530">
    <p class='ocr_par' dir='ltr' id='par_1_75' title="bbox 2027 1457 3705 1530">
     <span class='ocr_line' id='line_1_75' title="bbox 2027 1457 3705 1530; baseline 0.001 -20"><span class='ocrx_word' id='word_1_609' title='bbox 2027 1459 2156 1527; x_wconf 83' lang='grc' dir='ltr'>νεκῆ</span> <span class='ocrx_word' id='word_1_610' title='bbox 2181 1457 2478 1512; x_wconf 84' lang='grc' dir='ltr'>ἀπόλαυσιν</span> <span class='ocrx_word' id='word_1_611' title='bbox 2499 1457 2858 1528; x_wconf 81' lang='grc' dir='ltr'>λογιζόμενοι.</span> <span class='ocrx_word' id='word_1_612' title='bbox 2883 1459 3060 1513; x_wconf 76' lang='grc' dir='ltr'>πάντα</span> <span class='ocrx_word' id='word_1_613' title='bbox 3079 1459 3148 1512; x_wconf 88' lang='lat'>16</span> <span class='ocrx_word' id='word_1_614' title='bbox 3168 1459 3390 1527; x_wconf 85' lang='grc' dir='ltr'>ἀλγεινὰ</span> <span class='ocrx_word' id='word_1_615' title='bbox 3427 1459 3522 1512; x_wconf 82' lang='grc' dir='ltr'>τοῦ</span> <span class='ocrx_word' id='word_1_616' title='bbox 3563 1477 3705 1530; x_wconf 82' lang='grc' dir='ltr'>παρ-</span> 
     </span>
    </p>
   </div>
   <div class='ocr_carea' id='block_1_76' title="bbox 2027 1543 3706 1618">
    <p class='ocr_par' dir='ltr' id='par_1_76' title="bbox 2027 1543 3706 1618">
     <span class='ocr_line' id='line_1_76' title="bbox 2027 1543 3706 1618; baseline 0.001 -22"><span class='ocrx_word' id='word_1_617' title='bbox 2027 1543 2179 1608; x_wconf 89' lang='grc' dir='ltr'>όντος</span> <span class='ocrx_word' id='word_1_618' title='bbox 2199 1544 2316 1615; x_wconf 84' lang='grc' dir='ltr'>βίου</span> <span class='ocrx_word' id='word_1_619' title='bbox 2353 1545 2545 1616; x_wconf 82' lang='grc' dir='ltr'>πράως</span> <span class='ocrx_word' id='word_1_620' title='bbox 2565 1546 2844 1617; x_wconf 85' lang='grc' dir='ltr'>φέρωμεν,</span> <span class='ocrx_word' id='word_1_621' title='bbox 2866 1548 2962 1600; x_wconf 84' lang='grc' dir='ltr'>καὶ</span> <span class='ocrx_word' id='word_1_622' title='bbox 2985 1548 3122 1618; x_wconf 87' lang='grc' dir='ltr'>μήτε</span> <span class='ocrx_word' id='word_1_623' title='bbox 3143 1547 3331 1612; x_wconf 84' lang='grc' dir='ltr'>ἀδοξία</span> <span class='ocrx_word' id='word_1_624' title='bbox 3353 1548 3498 1618; x_wconf 84' lang='grc' dir='ltr'>ἡμᾶς</span> <span class='ocrx_word' id='word_1_625' title='bbox 3517 1546 3706 1600; x_wconf 80' lang='grc' dir='ltr'>λυπεί-</span> 
     </span>
    </p>
   </div>
   <div class='ocr_carea' id='block_1_77' title="bbox 2027 1633 3706 1705">
    <p class='ocr_par' dir='ltr' id='par_1_77' title="bbox 2027 1633 3706 1705">
     <span class='ocr_line' id='line_1_77' title="bbox 2027 1633 3706 1705; baseline 0.001 -19"><span class='ocrx_word' id='word_1_626' title='bbox 2027 1651 2124 1700; x_wconf 87' lang='grc' dir='ltr'>τω,</span> <span class='ocrx_word' id='word_1_627' title='bbox 2164 1635 2304 1704; x_wconf 86' lang='grc' dir='ltr'>μήτε</span> <span class='ocrx_word' id='word_1_628' title='bbox 2347 1635 2503 1688; x_wconf 87' lang='grc' dir='ltr'>πενία</span> <span class='ocrx_word' id='word_1_629' title='bbox 2525 1635 2780 1700; x_wconf 80' lang='grc' dir='ltr'>πιεζέτω,</span> <span class='ocrx_word' id='word_1_630' title='bbox 2807 1635 2946 1705; x_wconf 88' lang='grc' dir='ltr'>μήτε</span> <span class='ocrx_word' id='word_1_631' title='bbox 2965 1636 3118 1698; x_wconf 82' lang='grc' dir='ltr'>νόσος</span> <span class='ocrx_word' id='word_1_632' title='bbox 3139 1633 3390 1704; x_wconf 86' lang='grc' dir='ltr'>σώματος</span> <span class='ocrx_word' id='word_1_633' title='bbox 3407 1635 3508 1705; x_wconf 85' lang='grc' dir='ltr'>τῆς</span> <span class='ocrx_word' id='word_1_634' title='bbox 3525 1634 3706 1704; x_wconf 79' lang='grc' dir='ltr'>ψυχῆς</span> 
     </span>
    </p>
   </div>
   <div class='ocr_carea' id='block_1_78' title="bbox 2027 1720 3705 1792">
    <p class='ocr_par' dir='ltr' id='par_1_78' title="bbox 2027 1720 3705 1792">
     <span class='ocr_line' id='line_1_78' title="bbox 2027 1720 3705 1792; baseline 0 -18"><span class='ocrx_word' id='word_1_635' title='bbox 2027 1721 2088 1774; x_wconf 87' lang='grc' dir='ltr'>τὸ</span> <span class='ocrx_word' id='word_1_636' title='bbox 2109 1721 2364 1791; x_wconf 81' lang='grc' dir='ltr'>φρόνημα</span> <span class='ocrx_word' id='word_1_637' title='bbox 2383 1720 2684 1790; x_wconf 89' lang='grc' dir='ltr'>χαυνούτω,</span> <span class='ocrx_word' id='word_1_638' title='bbox 2709 1722 2848 1791; x_wconf 87' lang='grc' dir='ltr'>μήτε</span> <span class='ocrx_word' id='word_1_639' title='bbox 2867 1721 2926 1774; x_wconf 85' lang='grc' dir='ltr'>τὸ</span> <span class='ocrx_word' id='word_1_640' title='bbox 2945 1721 3406 1791; x_wconf 84' lang='grc' dir='ltr'>καταφρονεῖσθαι</span> <span class='ocrx_word' id='word_1_641' title='bbox 3427 1721 3578 1792; x_wconf 83' lang='grc' dir='ltr'>παρὰ</span> <span class='ocrx_word' id='word_1_642' title='bbox 3595 1721 3705 1774; x_wconf 87' lang='grc' dir='ltr'>τῶν</span> 
     </span>
    </p>
   </div>
   <div class='ocr_carea' id='block_1_79' title="bbox 2028 1807 3706 1880">
    <p class='ocr_par' dir='ltr' id='par_1_79' title="bbox 2028 1807 3706 1880">
     <span class='ocr_line' id='line_1_79' title="bbox 2028 1807 3706 1880; baseline -0.002 -14"><span class='ocrx_word' id='word_1_643' title='bbox 2028 1807 2240 1866; x_wconf 83' lang='grc' dir='ltr'>πολλῶν</span> <span class='ocrx_word' id='word_1_644' title='bbox 2280 1807 2377 1862; x_wconf 86' lang='grc' dir='ltr'>καὶ</span> <span class='ocrx_word' id='word_1_645' title='bbox 2419 1807 2846 1872; x_wconf 78' lang='grc' dir='ltr'>ἐξευτελίξεσθαι</span> <span class='ocrx_word' id='word_1_646' title='bbox 2887 1810 3280 1880; x_wconf 84' lang='grc' dir='ltr'>όκνηροτέρους</span> <span class='ocrx_word' id='word_1_647' title='bbox 3321 1809 3450 1878; x_wconf 84' lang='grc' dir='ltr'>περὶ</span> <span class='ocrx_word' id='word_1_648' title='bbox 3486 1809 3587 1879; x_wconf 84' lang='grc' dir='ltr'>τὴν</span> <span class='ocrx_word' id='word_1_649' title='bbox 3605 1810 3706 1878; x_wconf 77' lang='grc' dir='ltr'>τῆς</span> 
     </span>
    </p>
   </div>
   <div class='ocr_carea' id='block_1_80' title="bbox 2027 1896 3704 1968">
    <p class='ocr_par' dir='ltr' id='par_1_80' title="bbox 2027 1896 3704 1968">
     <span class='ocr_line' id='line_1_80' title="bbox 2027 1896 3704 1968; baseline -0.001 -17"><span class='ocrx_word' id='word_1_650' title='bbox 2027 1897 2232 1968; x_wconf 78' lang='grc' dir='ltr'>ἀρετῆς</span> <span class='ocrx_word' id='word_1_651' title='bbox 2269 1896 2608 1968; x_wconf 90' lang='grc' dir='ltr'>κατόρθωσιν</span> <span class='ocrx_word' id='word_1_652' title='bbox 2648 1896 3076 1967; x_wconf 72' lang='grc' dir='ltr'>ἀπεργαζέσθωο</span> <span class='ocrx_word' id='word_1_653' title='bbox 3117 1897 3255 1951; x_wconf 83' lang='grc' dir='ltr'>ἀλλὰ</span> <span class='ocrx_word' id='word_1_654' title='bbox 3297 1900 3473 1952; x_wconf 81' lang='grc' dir='ltr'>πάντα</span> <span class='ocrx_word' id='word_1_655' title='bbox 3510 1898 3704 1963; x_wconf 83' lang='grc' dir='ltr'>ταῦτα,</span> 
     </span>
    </p>
   </div>
   <div class='ocr_carea' id='block_1_81' title="bbox 2029 1983 3706 2056">
    <p class='ocr_par' dir='ltr' id='par_1_81' title="bbox 2029 1983 3706 2056">
     <span class='ocr_line' id='line_1_81' title="bbox 2029 1983 3706 2056; baseline 0.002 -19"><span class='ocrx_word' id='word_1_656' title='bbox 2029 1983 2218 2056; x_wconf 83' lang='grc' dir='ltr'>ὥσπερ</span> <span class='ocrx_word' id='word_1_657' title='bbox 2257 1985 2426 2050; x_wconf 86' lang='grc' dir='ltr'>κόνιν,</span> <span class='ocrx_word' id='word_1_658' title='bbox 2446 1985 2922 2056; x_wconf 79' lang='grc' dir='ltr'>ἀποτιναξάμενοι,</span> <span class='ocrx_word' id='word_1_659' title='bbox 2959 1987 3050 2039; x_wconf 72' lang='grc' dir='ltr'>καὶ</span> <span class='ocrx_word' id='word_1_660' title='bbox 3089 1989 3334 2056; x_wconf 87' lang='grc' dir='ltr'>γενναῖον</span> <span class='ocrx_word' id='word_1_661' title='bbox 3373 1987 3468 2040; x_wconf 80' lang='grc' dir='ltr'>καὶ</span> <span class='ocrx_word' id='word_1_662' title='bbox 3505 1985 3706 2056; x_wconf 70' lang='grc' dir='ltr'>ὑψηλὸν</span> 
     </span>
    </p>
   </div>
   <div class='ocr_carea' id='block_1_82' title="bbox 2031 2073 3705 2148">
    <p class='ocr_par' dir='ltr' id='par_1_82' title="bbox 2031 2073 3705 2148">
     <span class='ocr_line' id='line_1_82' title="bbox 2031 2073 3705 2148; baseline -0.002 -20"><span class='ocrx_word' id='word_1_663' title='bbox 2031 2075 2287 2145; x_wconf 85' lang='grc' dir='ltr'>φρόνημα</span> <span class='ocrx_word' id='word_1_664' title='bbox 2307 2073 2690 2140; x_wconf 85' lang='grc' dir='ltr'>ἀναλαϐόντες,</span> <span class='ocrx_word' id='word_1_665' title='bbox 2712 2074 2854 2127; x_wconf 82' lang='grc' dir='ltr'>οὕτω</span> <span class='ocrx_word' id='word_1_666' title='bbox 2874 2074 3010 2145; x_wconf 87' lang='grc' dir='ltr'>πρὸς</span> <span class='ocrx_word' id='word_1_667' title='bbox 3030 2075 3244 2128; x_wconf 74' lang='grc' dir='ltr'>ἅπαντα</span> <span class='ocrx_word' id='word_1_668' title='bbox 3265 2075 3465 2148; x_wconf 84' lang='grc' dir='ltr'>πολλὴν</span> <span class='ocrx_word' id='word_1_669' title='bbox 3491 2075 3587 2147; x_wconf 80' lang='grc' dir='ltr'>τὴν</span> <span class='ocrx_word' id='word_1_670' title='bbox 3609 2076 3705 2128; x_wconf 85' lang='grc' dir='ltr'>ἀν-</span> 
     </span>
    </p>
   </div>
   <div class='ocr_carea' id='block_1_83' title="bbox 2028 2161 3708 2234">
    <p class='ocr_par' dir='ltr' id='par_1_83' title="bbox 2028 2161 3708 2234">
     <span class='ocr_line' id='line_1_83' title="bbox 2028 2161 3708 2234; baseline 0.001 -20"><span class='ocrx_word' id='word_1_671' title='bbox 2028 2161 2214 2232; x_wconf 85' lang='grc' dir='ltr'>δρείαν</span> <span class='ocrx_word' id='word_1_672' title='bbox 2251 2161 2666 2230; x_wconf 79' lang='grc' dir='ltr'>ἐπιδειξώμεθα,</span> <span class='ocrx_word' id='word_1_673' title='bbox 2688 2161 2784 2214; x_wconf 78' lang='grc' dir='ltr'>καὶ</span> <span class='ocrx_word' id='word_1_674' title='bbox 2823 2161 3073 2232; x_wconf 87' lang='grc' dir='ltr'>καθάπερ</span> <span class='ocrx_word' id='word_1_675' title='bbox 3093 2162 3218 2232; x_wconf 81' lang='grc' dir='ltr'>χθὲς</span> <span class='ocrx_word' id='word_1_676' title='bbox 3239 2162 3588 2234; x_wconf 85' lang='grc' dir='ltr'>παρεκάλεσα</span> <span class='ocrx_word' id='word_1_677' title='bbox 3609 2163 3708 2232; x_wconf 77' lang='grc' dir='ltr'>τὴν</span> 
     </span>
    </p>
   </div>
   <div class='ocr_carea' id='block_1_84' title="bbox 2031 2249 3707 2322">
    <p class='ocr_par' dir='ltr' id='par_1_84' title="bbox 2031 2249 3707 2322">
     <span class='ocr_line' id='line_1_84' title="bbox 2031 2249 3707 2322; baseline 0 -20"><span class='ocrx_word' id='word_1_678' title='bbox 2031 2249 2304 2320; x_wconf 85' lang='grc' dir='ltr'>ὑμετέραν</span> <span class='ocrx_word' id='word_1_679' title='bbox 2341 2249 2582 2322; x_wconf 82' lang='grc' dir='ltr'>ἀγάπην,</span> <span class='ocrx_word' id='word_1_680' title='bbox 2617 2249 2716 2312; x_wconf 84' lang='lat'>16;</span> <span class='ocrx_word' id='word_1_681' title='bbox 2753 2249 2891 2320; x_wconf 80' lang='grc' dir='ltr'>πρὸς</span> <span class='ocrx_word' id='word_1_682' title='bbox 2932 2251 3057 2314; x_wconf 69' lang='grc' dir='ltr'>τοὺς</span> <span class='ocrx_word' id='word_1_683' title='bbox 3097 2250 3321 2322; x_wconf 74' lang='grc' dir='ltr'>ἐχθροὺς</span> <span class='ocrx_word' id='word_1_684' title='bbox 3363 2250 3707 2318; x_wconf 79' lang='grc' dir='ltr'>καταλλαγὰς</span> 
     </span>
    </p>
   </div>
   <div class='ocr_carea' id='block_1_85' title="bbox 2034 2337 3707 2409">
    <p class='ocr_par' dir='ltr' id='par_1_85' title="bbox 2034 2337 3707 2409">
     <span class='ocr_line' id='line_1_85' title="bbox 2034 2337 3707 2409; baseline 0.001 -19"><span class='ocrx_word' id='word_1_685' title='bbox 2034 2339 2172 2408; x_wconf 74' lang='grc' dir='ltr'>μετὰ</span> <span class='ocrx_word' id='word_1_686' title='bbox 2193 2337 2393 2407; x_wconf 84' lang='grc' dir='ltr'>πολλῆς</span> <span class='ocrx_word' id='word_1_687' title='bbox 2433 2337 2534 2406; x_wconf 83' lang='grc' dir='ltr'>τῆς</span> <span class='ocrx_word' id='word_1_688' title='bbox 2574 2338 2810 2409; x_wconf 85' lang='grc' dir='ltr'>σπουδῆς</span> <span class='ocrx_word' id='word_1_689' title='bbox 2831 2337 3206 2408; x_wconf 82' lang='grc' dir='ltr'>ποιησώμεθα,</span> <span class='ocrx_word' id='word_1_690' title='bbox 3227 2339 3319 2391; x_wconf 73' lang='grc' dir='ltr'>καὶ</span> <span class='ocrx_word' id='word_1_691' title='bbox 3339 2341 3406 2390; x_wconf 75' lang='grc' dir='ltr'>τὰ</span> <span class='ocrx_word' id='word_1_692' title='bbox 3426 2337 3586 2391; x_wconf 78' lang='grc' dir='ltr'>λοιπὰ</span> <span class='ocrx_word' id='word_1_693' title='bbox 3607 2337 3707 2406; x_wconf 81' lang='grc' dir='ltr'>τῆς</span> 
     </span>
    </p>
   </div>
   <div class='ocr_carea' id='block_1_86' title="bbox 2030 2423 3706 2496">
    <p class='ocr_par' dir='ltr' id='par_1_86' title="bbox 2030 2423 3706 2496">
     <span class='ocr_line' id='line_1_86' title="bbox 2030 2423 3706 2496; baseline 0.001 -20"><span class='ocrx_word' id='word_1_694' title='bbox 2030 2425 2210 2496; x_wconf 79' lang='grc' dir='ltr'>ψυχῆς</span> <span class='ocrx_word' id='word_1_695' title='bbox 2251 2425 2397 2496; x_wconf 85' lang='grc' dir='ltr'>πάθη</span> <span class='ocrx_word' id='word_1_696' title='bbox 2439 2423 2776 2496; x_wconf 82' lang='grc' dir='ltr'>ἐξορίσωμεν</span> <span class='ocrx_word' id='word_1_697' title='bbox 2819 2425 2920 2496; x_wconf 78' lang='grc' dir='ltr'>τῆς</span> <span class='ocrx_word' id='word_1_698' title='bbox 2959 2425 3270 2496; x_wconf 81' lang='grc' dir='ltr'>ἡμετέρας·</span> <span class='ocrx_word' id='word_1_699' title='bbox 3313 2425 3416 2477; x_wconf 76' lang='grc' dir='ltr'>κᾶν</span> <span class='ocrx_word' id='word_1_700' title='bbox 3442 2425 3706 2494; x_wconf 86' lang='grc' dir='ltr'>ἐπιθυμία</span> 
     </span>
    </p>
   </div>
   <div class='ocr_carea' id='block_1_87' title="bbox 2031 2511 3708 2584">
    <p class='ocr_par' dir='ltr' id='par_1_87' title="bbox 2031 2511 3708 2584">
     <span class='ocr_line' id='line_1_87' title="bbox 2031 2511 3708 2584; baseline -0.004 -14"><span class='ocrx_word' id='word_1_701' title='bbox 2031 2513 2228 2576; x_wconf 77' lang='grc' dir='ltr'>ἄτοπος</span> <span class='ocrx_word' id='word_1_702' title='bbox 2267 2513 2477 2584; x_wconf 82' lang='grc' dir='ltr'>ἐνοχλῇ,</span> <span class='ocrx_word' id='word_1_703' title='bbox 2513 2511 2716 2583; x_wconf 85' lang='grc' dir='ltr'>ταύτην</span> <span class='ocrx_word' id='word_1_704' title='bbox 2760 2511 3183 2582; x_wconf 84' lang='grc' dir='ltr'>φυγαδεύωμεν·</span> <span class='ocrx_word' id='word_1_705' title='bbox 3222 2511 3324 2565; x_wconf 73' lang='grc' dir='ltr'>κᾶν</span> <span class='ocrx_word' id='word_1_706' title='bbox 3363 2512 3532 2584; x_wconf 85' lang='grc' dir='ltr'>θυμὸς</span> <span class='ocrx_word' id='word_1_707' title='bbox 3570 2513 3708 2583; x_wconf 83' lang='grc' dir='ltr'>πρὸς</span> 
     </span>
    </p>
   </div>
   <div class='ocr_carea' id='block_1_88' title="bbox 2029 2598 3706 2672">
    <p class='ocr_par' dir='ltr' id='par_1_88' title="bbox 2029 2598 3706 2672">
     <span class='ocr_line' id='line_1_88' title="bbox 2029 2598 3706 2672; baseline -0.002 -18"><span class='ocrx_word' id='word_1_708' title='bbox 2029 2601 2199 2672; x_wconf 82' lang='grc' dir='ltr'>ὀργὴν</span> <span class='ocrx_word' id='word_1_709' title='bbox 2235 2600 2494 2672; x_wconf 83' lang='grc' dir='ltr'>διεγείρῃ,</span> <span class='ocrx_word' id='word_1_710' title='bbox 2517 2599 2968 2670; x_wconf 86' lang='grc' dir='ltr'>καταστέλλωμεν</span> <span class='ocrx_word' id='word_1_711' title='bbox 3007 2601 3107 2668; x_wconf 78' lang='grc' dir='ltr'>τὴν</span> <span class='ocrx_word' id='word_1_712' title='bbox 3143 2598 3452 2670; x_wconf 82' lang='grc' dir='ltr'>φλεγμονὴν</span> <span class='ocrx_word' id='word_1_713' title='bbox 3489 2601 3552 2672; x_wconf 81' lang='grc' dir='ltr'>τῇ</span> <span class='ocrx_word' id='word_1_714' title='bbox 3593 2599 3706 2672; x_wconf 78' lang='grc' dir='ltr'>ᾠδῇ</span> 
     </span>
    </p>
   </div>
   <div class='ocr_carea' id='block_1_89' title="bbox 2031 2685 3708 2758">
    <p class='ocr_par' dir='ltr' id='par_1_89' title="bbox 2031 2685 3708 2758">
     <span class='ocr_line' id='line_1_89' title="bbox 2031 2685 3708 2758; baseline -0.001 -19"><span class='ocrx_word' id='word_1_715' title='bbox 2031 2687 2140 2739; x_wconf 89' lang='grc' dir='ltr'>τῶν</span> <span class='ocrx_word' id='word_1_716' title='bbox 2183 2686 2563 2758; x_wconf 84' lang='grc' dir='ltr'>πνευματικῶν</span> <span class='ocrx_word' id='word_1_717' title='bbox 2603 2687 3001 2758; x_wconf 85' lang='grc' dir='ltr'>παραινέσεων,</span> <span class='ocrx_word' id='word_1_718' title='bbox 3023 2685 3330 2750; x_wconf 87' lang='grc' dir='ltr'>δεικνύντες</span> <span class='ocrx_word' id='word_1_719' title='bbox 3367 2685 3460 2739; x_wconf 78' lang='grc' dir='ltr'>τοῦ</span> <span class='ocrx_word' id='word_1_720' title='bbox 3502 2686 3708 2749; x_wconf 84' lang='grc' dir='ltr'>πάθους</span> 
     </span>
    </p>
   </div>
   <div class='ocr_carea' id='block_1_90' title="bbox 2029 2771 3709 2846">
    <p class='ocr_par' dir='ltr' id='par_1_90' title="bbox 2029 2771 3709 2846">
     <span class='ocr_line' id='line_1_90' title="bbox 2029 2771 3709 2846; baseline -0.001 -17"><span class='ocrx_word' id='word_1_721' title='bbox 2029 2775 2123 2829; x_wconf 79' lang='grc' dir='ltr'>τὸν</span> <span class='ocrx_word' id='word_1_722' title='bbox 2159 2773 2396 2846; x_wconf 77' lang='grc' dir='ltr'>ὄλεθρον.</span> <span class='ocrx_word' id='word_1_723' title='bbox 2428 2773 2607 2844; x_wconf 75' lang='grc' dir='ltr'>Ἀνὴρ</span> <span class='ocrx_word' id='word_1_724' title='bbox 2639 2773 2768 2846; x_wconf 78' lang='grc' dir='ltr'>γὰρ,</span> <span class='ocrx_word' id='word_1_725' title='bbox 2807 2773 2962 2843; x_wconf 84' lang='grc' dir='ltr'>φησὶ,</span> <span class='ocrx_word' id='word_1_726' title='bbox 2998 2771 3293 2844; x_wconf 83' lang='grc' dir='ltr'>θυμώδης,</span> <span class='ocrx_word' id='word_1_727' title='bbox 3331 2775 3443 2828; x_wconf 81' lang='grc' dir='ltr'>οὐκ</span> <span class='ocrx_word' id='word_1_728' title='bbox 3481 2774 3709 2842; x_wconf 79' lang='grc' dir='ltr'>εὐσχή-</span> 
     </span>
    </p>
   </div>
   <div class='ocr_carea' id='block_1_91' title="bbox 2032 2861 3707 2933">
    <p class='ocr_par' dir='ltr' id='par_1_91' title="bbox 2032 2861 3707 2933">
     <span class='ocr_line' id='line_1_91' title="bbox 2032 2861 3707 2933; baseline -0.002 -16"><span class='ocrx_word' id='word_1_729' title='bbox 2032 2881 2159 2933; x_wconf 82' lang='grc' dir='ltr'>μων</span> <span class='ocrx_word' id='word_1_730' title='bbox 2174 2879 2190 2894; x_wconf 90' lang='grc'><strong>·</strong></span> <span class='ocrx_word' id='word_1_731' title='bbox 2228 2863 2322 2916; x_wconf 81' lang='grc' dir='ltr'>καὶ</span> <span class='ocrx_word' id='word_1_732' title='bbox 2357 2863 2521 2916; x_wconf 80' lang='grc' dir='ltr'>πάλιν</span> <span class='ocrx_word' id='word_1_733' title='bbox 2541 2879 2556 2893; x_wconf 76' lang='grc'><strong>⁸</strong></span> <span class='ocrx_word' id='word_1_734' title='bbox 2591 2861 2644 2914; x_wconf 87' lang='grc' dir='ltr'><strong><em>Ὁ</em></strong></span> <span class='ocrx_word' id='word_1_735' title='bbox 2669 2861 3040 2930; x_wconf 78' lang='grc' dir='ltr'>ὀργιζόμενος</span> <span class='ocrx_word' id='word_1_736' title='bbox 3059 2861 3138 2930; x_wconf 87' lang='grc' dir='ltr'>τῷ</span> <span class='ocrx_word' id='word_1_737' title='bbox 3159 2861 3400 2930; x_wconf 57' lang='grc' dir='ltr'>ἀδελφῷ</span> <span class='ocrx_word' id='word_1_738' title='bbox 3420 2862 3605 2915; x_wconf 83' lang='grc' dir='ltr'>αὐτοῦ</span> <span class='ocrx_word' id='word_1_739' title='bbox 3625 2864 3707 2916; x_wconf 83' lang='grc' dir='ltr'>εί-</span> 
     </span>
    </p>
   </div>
   <div class='ocr_carea' id='block_1_92' title="bbox 2033 2948 3710 3020">
    <p class='ocr_par' dir='ltr' id='par_1_92' title="bbox 2033 2948 3710 3020">
     <span class='ocr_line' id='line_1_92' title="bbox 2033 2948 3710 3020; baseline -0.004 -16"><span class='ocrx_word' id='word_1_740' title='bbox 2033 2950 2132 3018; x_wconf 81' lang='grc' dir='ltr'>κῆ,</span> <span class='ocrx_word' id='word_1_741' title='bbox 2153 2951 2366 3019; x_wconf 81' lang='grc' dir='ltr'>ἔνοχος</span> <span class='ocrx_word' id='word_1_742' title='bbox 2378 2949 2550 3004; x_wconf 80' lang='grc' dir='ltr'>ἔσται</span> <span class='ocrx_word' id='word_1_743' title='bbox 2570 2952 2657 3016; x_wconf 83' lang='grc' dir='ltr'>είς</span> <span class='ocrx_word' id='word_1_744' title='bbox 2679 2949 2793 3019; x_wconf 83' lang='grc' dir='ltr'>τὴν</span> <span class='ocrx_word' id='word_1_745' title='bbox 2812 2948 3066 3020; x_wconf 73' lang='grc' dir='ltr'>γέενναν</span> <span class='ocrx_word' id='word_1_746' title='bbox 3083 2949 3190 3003; x_wconf 88' lang='grc' dir='ltr'>τοῦ</span> <span class='ocrx_word' id='word_1_747' title='bbox 3209 2951 3416 3017; x_wconf 84' lang='grc' dir='ltr'>πυρός.</span> <span class='ocrx_word' id='word_1_748' title='bbox 3439 2949 3556 3002; x_wconf 83' lang='grc' dir='ltr'>Κᾶν</span> <span class='ocrx_word' id='word_1_749' title='bbox 3575 2967 3710 3020; x_wconf 83' lang='grc' dir='ltr'>χρη-</span> 
     </span>
    </p>
   </div>
   <div class='ocr_carea' id='block_1_93' title="bbox 2035 3036 3710 3110">
    <p class='ocr_par' dir='ltr' id='par_1_93' title="bbox 2035 3036 3710 3110">
     <span class='ocr_line' id='line_1_93' title="bbox 2035 3036 3710 3110; baseline -0.001 -19"><span class='ocrx_word' id='word_1_750' title='bbox 2035 3039 2222 3109; x_wconf 84' lang='grc' dir='ltr'>μάτων</span> <span class='ocrx_word' id='word_1_751' title='bbox 2259 3037 2414 3091; x_wconf 86' lang='grc' dir='ltr'>ἐπιθυ</span> <span class='ocrx_word' id='word_1_752' title='bbox 2423 3037 2522 3107; x_wconf 86' lang='grc' dir='ltr'>μία</span> <span class='ocrx_word' id='word_1_753' title='bbox 2553 3038 2803 3110; x_wconf 83' lang='grc' dir='ltr'>ταράσσῃ</span> <span class='ocrx_word' id='word_1_754' title='bbox 2823 3037 2914 3090; x_wconf 84' lang='grc' dir='ltr'>τὸν</span> <span class='ocrx_word' id='word_1_755' title='bbox 2932 3037 3213 3107; x_wconf 80' lang='grc' dir='ltr'>λογισμὸν,</span> <span class='ocrx_word' id='word_1_756' title='bbox 3234 3036 3456 3106; x_wconf 85' lang='grc' dir='ltr'>φεύγειν</span> <span class='ocrx_word' id='word_1_757' title='bbox 3479 3036 3710 3090; x_wconf 80' lang='grc' dir='ltr'>σπουδά-</span> 
     </span>
    </p>
   </div>
   <div class='ocr_carea' id='block_1_94' title="bbox 2033 3121 3709 3194">
    <p class='ocr_par' dir='ltr' id='par_1_94' title="bbox 2033 3121 3709 3194">
     <span class='ocr_line' id='line_1_94' title="bbox 2033 3121 3709 3194; baseline -0.002 -18"><span class='ocrx_word' id='word_1_758' title='bbox 2033 3123 2214 3194; x_wconf 79' lang='grc' dir='ltr'>ζωμεν</span> <span class='ocrx_word' id='word_1_759' title='bbox 2251 3123 2348 3193; x_wconf 82' lang='grc' dir='ltr'>τὴν</span> <span class='ocrx_word' id='word_1_760' title='bbox 2381 3122 2630 3194; x_wconf 87' lang='grc' dir='ltr'>ὀλεθρίαν</span> <span class='ocrx_word' id='word_1_761' title='bbox 2667 3123 2874 3194; x_wconf 87' lang='grc' dir='ltr'>ταύτην</span> <span class='ocrx_word' id='word_1_762' title='bbox 2912 3123 3112 3194; x_wconf 89' lang='grc' dir='ltr'>λύμην,</span> <span class='ocrx_word' id='word_1_763' title='bbox 3133 3125 3230 3176; x_wconf 80' lang='grc' dir='ltr'>καὶ</span> <span class='ocrx_word' id='word_1_764' title='bbox 3267 3123 3520 3192; x_wconf 80' lang='grc' dir='ltr'>καθάπερ</span> <span class='ocrx_word' id='word_1_765' title='bbox 3555 3121 3709 3192; x_wconf 76' lang='grc' dir='ltr'>ῥίζαν</span> 
     </span>
    </p>
   </div>
   <div class='ocr_carea' id='block_1_95' title="bbox 2033 3208 3710 3282">
    <p class='ocr_par' dir='ltr' id='par_1_95' title="bbox 2033 3208 3710 3282">
     <span class='ocr_line' id='line_1_95' title="bbox 2033 3208 3710 3282; baseline -0.004 -16"><span class='ocrx_word' id='word_1_766' title='bbox 2033 3213 2140 3266; x_wconf 72' lang='grc' dir='ltr'>Ιτῶν</span> <span class='ocrx_word' id='word_1_767' title='bbox 2179 3211 2365 3266; x_wconf 82' lang='grc' dir='ltr'>κακῶν</span> <span class='ocrx_word' id='word_1_768' title='bbox 2403 3213 2656 3266; x_wconf 85' lang='grc' dir='ltr'>ἁπάντων</span> <span class='ocrx_word' id='word_1_769' title='bbox 2695 3211 3072 3282; x_wconf 88' lang='grc' dir='ltr'>ἐκτέμνωμεν.</span> <span class='ocrx_word' id='word_1_770' title='bbox 3093 3212 3204 3264; x_wconf 77' lang='grc' dir='ltr'>Καὶ</span> <span class='ocrx_word' id='word_1_771' title='bbox 3243 3211 3470 3264; x_wconf 76' lang='grc' dir='ltr'>ἕκαστον</span> <span class='ocrx_word' id='word_1_772' title='bbox 3507 3210 3565 3262; x_wconf 86' lang='grc' dir='ltr'>δὲ</span> <span class='ocrx_word' id='word_1_773' title='bbox 3599 3208 3710 3262; x_wconf 90' lang='grc' dir='ltr'>τῶν</span> 
     </span>
    </p>
   </div>
   <div class='ocr_carea' id='block_1_96' title="bbox 2031 3297 3712 3371">
    <p class='ocr_par' dir='ltr' id='par_1_96' title="bbox 2031 3297 3712 3371">
     <span class='ocr_line' id='line_1_96' title="bbox 2031 3297 3712 3371; baseline -0.003 -17"><span class='ocrx_word' id='word_1_774' title='bbox 2031 3300 2393 3370; x_wconf 85' lang='grc' dir='ltr'>ἐνοχλούντων</span> <span class='ocrx_word' id='word_1_775' title='bbox 2425 3303 2558 3371; x_wconf 83' lang='grc' dir='ltr'>ἡμῖν</span> <span class='ocrx_word' id='word_1_776' title='bbox 2595 3299 2786 3354; x_wconf 84' lang='grc' dir='ltr'>παθῶν</span> <span class='ocrx_word' id='word_1_777' title='bbox 2803 3298 3050 3370; x_wconf 84' lang='grc' dir='ltr'>διορθοῦν</span> <span class='ocrx_word' id='word_1_778' title='bbox 3072 3297 3358 3362; x_wconf 84' lang='grc' dir='ltr'>σπουδάζω</span> <span class='ocrx_word' id='word_1_779' title='bbox 3365 3315 3484 3367; x_wconf 85' lang='grc' dir='ltr'>μεν,</span> <span class='ocrx_word' id='word_1_780' title='bbox 3507 3297 3595 3350; x_wconf 81' lang='grc' dir='ltr'>ἵνα</span> <span class='ocrx_word' id='word_1_781' title='bbox 3617 3298 3712 3350; x_wconf 71' lang='grc' dir='ltr'>καὶ</span> 
     </span>
    </p>
   </div>
   <div class='ocr_carea' id='block_1_97' title="bbox 2032 3386 3714 3462">
    <p class='ocr_par' dir='ltr' id='par_1_97' title="bbox 2032 3386 3714 3462">
     <span class='ocr_line' id='line_1_97' title="bbox 2032 3386 3714 3462; baseline -0.004 -19"><span class='ocrx_word' id='word_1_782' title='bbox 2032 3390 2142 3444; x_wconf 86' lang='grc' dir='ltr'>τῶν</span> <span class='ocrx_word' id='word_1_783' title='bbox 2164 3389 2441 3462; x_wconf 83' lang='grc' dir='ltr'>βλαϐερῶν</span> <span class='ocrx_word' id='word_1_784' title='bbox 2461 3389 2814 3460; x_wconf 85' lang='grc' dir='ltr'>ἀπεχόμενοι,</span> <span class='ocrx_word' id='word_1_785' title='bbox 2834 3387 3048 3452; x_wconf 77' lang='grc' dir='ltr'>καὶτὰς</span> <span class='ocrx_word' id='word_1_786' title='bbox 3067 3387 3276 3456; x_wconf 73' lang='grc' dir='ltr'>ἀγαθὰς</span> <span class='ocrx_word' id='word_1_787' title='bbox 3299 3386 3527 3458; x_wconf 78' lang='grc' dir='ltr'>πράξεις</span> <span class='ocrx_word' id='word_1_788' title='bbox 3550 3402 3714 3456; x_wconf 90' lang='grc' dir='ltr'>μετα-</span> 
     </span>
    </p>
   </div>
   <div class='ocr_carea' id='block_1_98' title="bbox 2033 3473 3712 3548">
    <p class='ocr_par' dir='ltr' id='par_1_98' title="bbox 2033 3473 3712 3548">
     <span class='ocr_line' id='line_1_98' title="bbox 2033 3473 3712 3548; baseline -0.004 -17"><span class='ocrx_word' id='word_1_789' title='bbox 2033 3477 2340 3541; x_wconf 87' lang='grc' dir='ltr'>διώκοντες,</span> <span class='ocrx_word' id='word_1_790' title='bbox 2361 3476 2680 3548; x_wconf 89' lang='grc' dir='ltr'>δυνηθῶμεν</span> <span class='ocrx_word' id='word_1_791' title='bbox 2711 3475 2854 3530; x_wconf 84' lang='grc' dir='ltr'>κατά</span> <span class='ocrx_word' id='word_1_792' title='bbox 2887 3479 2990 3548; x_wconf 80' lang='grc' dir='ltr'>τὴν</span> <span class='ocrx_word' id='word_1_793' title='bbox 3025 3477 3240 3548; x_wconf 86' lang='grc' dir='ltr'>ἡμέραν</span> <span class='ocrx_word' id='word_1_794' title='bbox 3261 3477 3476 3545; x_wconf 71' lang='grc' dir='ltr'>ἐκείνην</span> <span class='ocrx_word' id='word_1_795' title='bbox 3493 3473 3592 3544; x_wconf 82' lang='grc' dir='ltr'>τὴν</span> <span class='ocrx_word' id='word_1_796' title='bbox 3615 3489 3712 3542; x_wconf 82' lang='grc' dir='ltr'>φο-</span> 
     </span>
    </p>
   </div>
   <div class='ocr_carea' id='block_1_99' title="bbox 2034 3560 3711 3635">
    <p class='ocr_par' dir='ltr' id='par_1_99' title="bbox 2034 3560 3711 3635">
     <span class='ocr_line' id='line_1_99' title="bbox 2034 3560 3711 3635; baseline -0.003 -18"><span class='ocrx_word' id='word_1_797' title='bbox 2034 3564 2203 3635; x_wconf 81' lang='grc' dir='ltr'>ϐερὰν</span> <span class='ocrx_word' id='word_1_798' title='bbox 2219 3565 2316 3635; x_wconf 80' lang='grc' dir='ltr'>τῆς</span> <span class='ocrx_word' id='word_1_799' title='bbox 2335 3563 2486 3634; x_wconf 88' lang='grc' dir='ltr'>παρά</span> <span class='ocrx_word' id='word_1_800' title='bbox 2503 3563 2598 3617; x_wconf 79' lang='grc' dir='ltr'>τοῦ</span> <span class='ocrx_word' id='word_1_801' title='bbox 2611 3561 2745 3616; x_wconf 83' lang='grc' dir='ltr'>Θεοῦ</span> <span class='ocrx_word' id='word_1_802' title='bbox 2761 3561 3172 3633; x_wconf 85' lang='grc' dir='ltr'>φιλανθρωπίας</span> <span class='ocrx_word' id='word_1_803' title='bbox 3193 3561 3510 3630; x_wconf 78' lang='grc' dir='ltr'>ἀξιωθῆναι,</span> <span class='ocrx_word' id='word_1_804' title='bbox 3525 3560 3711 3630; x_wconf 86' lang='grc' dir='ltr'>χάριτι</span> 
     </span>
    </p>
   </div>
   <div class='ocr_carea' id='block_1_100' title="bbox 2035 3642 3713 3722">
    <p class='ocr_par' dir='ltr' id='par_1_100' title="bbox 2035 3642 3713 3722">
     <span class='ocr_line' id='line_1_100' title="bbox 2035 3642 3713 3722; baseline -0.004 -17"><span class='ocrx_word' id='word_1_805' title='bbox 2035 3653 2130 3706; x_wconf 77' lang='grc' dir='ltr'>καὶ</span> <span class='ocrx_word' id='word_1_806' title='bbox 2167 3654 2469 3722; x_wconf 86' lang='grc' dir='ltr'>οίκτιρμοῖς</span> <span class='ocrx_word' id='word_1_807' title='bbox 2505 3650 2600 3704; x_wconf 83' lang='grc' dir='ltr'>τοῦ</span> <span class='ocrx_word' id='word_1_808' title='bbox 2647 3648 2968 3720; x_wconf 79' lang='grc' dir='ltr'>μονογενοῦς</span> <span class='ocrx_word' id='word_1_809' title='bbox 3008 3648 3174 3702; x_wconf 80' lang='grc' dir='ltr'>αὐτοῦ</span> <span class='ocrx_word' id='word_1_810' title='bbox 3215 3648 3366 3706; x_wconf 83' lang='grc' dir='ltr'>Υἱοῦ.</span> <span class='ocrx_word' id='word_1_811' title='bbox 3395 3648 3514 3718; x_wconf 84' lang='grc' dir='ltr'>μεθ’</span> <span class='ocrx_word' id='word_1_812' title='bbox 3533 3642 3594 3701; x_wconf 82' lang='grc' dir='ltr'>οὖ</span> <span class='ocrx_word' id='word_1_813' title='bbox 3633 3647 3713 3718; x_wconf 80' lang='grc' dir='ltr'>τῷ</span> 
     </span>
    </p>
   </div>
   <div class='ocr_carea' id='block_1_101' title="bbox 2035 3733 3714 3812">
    <p class='ocr_par' dir='ltr' id='par_1_101' title="bbox 2035 3733 3714 3812">
     <span class='ocr_line' id='line_1_101' title="bbox 2035 3733 3714 3812; baseline -0.003 -20"><span class='ocrx_word' id='word_1_814' title='bbox 2035 3740 2230 3812; x_wconf 82' lang='grc' dir='ltr'>Πατρὶ,</span> <span class='ocrx_word' id='word_1_815' title='bbox 2253 3739 2368 3810; x_wconf 72' lang='grc' dir='ltr'>ἅμα</span> <span class='ocrx_word' id='word_1_816' title='bbox 2404 3737 2482 3809; x_wconf 86' lang='grc' dir='ltr'>τῷ</span> <span class='ocrx_word' id='word_1_817' title='bbox 2521 3737 2662 3809; x_wconf 82' lang='grc' dir='ltr'>ἁγίῳ</span> <span class='ocrx_word' id='word_1_818' title='bbox 2704 3737 3004 3808; x_wconf 87' lang='grc' dir='ltr'>Πνεύματι,</span> <span class='ocrx_word' id='word_1_819' title='bbox 3025 3736 3172 3800; x_wconf 86' lang='grc' dir='ltr'>δόξα,</span> <span class='ocrx_word' id='word_1_820' title='bbox 3196 3736 3418 3806; x_wconf 82' lang='grc' dir='ltr'>κράτος,</span> <span class='ocrx_word' id='word_1_821' title='bbox 3442 3735 3596 3806; x_wconf 83' lang='grc' dir='ltr'>τιμὴ,</span> <span class='ocrx_word' id='word_1_822' title='bbox 3617 3733 3714 3787; x_wconf 84' lang='grc' dir='ltr'>νῦν</span> 
     </span>
    </p>
   </div>
   <div class='ocr_carea' id='block_1_102' title="bbox 2035 3821 3427 3894">
    <p class='ocr_par' dir='ltr' id='par_1_102' title="bbox 2035 3821 3427 3894">
     <span class='ocr_line' id='line_1_102' title="bbox 2035 3821 3427 3894; baseline -0.004 -14"><span class='ocrx_word' id='word_1_823' title='bbox 2035 3827 2129 3880; x_wconf 81' lang='grc' dir='ltr'>καὶ</span> <span class='ocrx_word' id='word_1_824' title='bbox 2149 3827 2258 3892; x_wconf 78' lang='grc' dir='ltr'>ἀεὶ,</span> <span class='ocrx_word' id='word_1_825' title='bbox 2277 3825 2372 3880; x_wconf 79' lang='grc' dir='ltr'>καὶ</span> <span class='ocrx_word' id='word_1_826' title='bbox 2393 3827 2474 3888; x_wconf 83' lang='grc' dir='ltr'>εἰς</span> <span class='ocrx_word' id='word_1_827' title='bbox 2488 3826 2614 3889; x_wconf 79' lang='grc' dir='ltr'>τοὺς</span> <span class='ocrx_word' id='word_1_828' title='bbox 2635 3823 2838 3888; x_wconf 87' lang='grc' dir='ltr'>αἰῶνας</span> <span class='ocrx_word' id='word_1_829' title='bbox 2855 3823 2964 3876; x_wconf 89' lang='grc' dir='ltr'>τῶν</span> <span class='ocrx_word' id='word_1_830' title='bbox 2985 3821 3218 3877; x_wconf 78' lang='grc' dir='ltr'>αἰώνων.</span> <span class='ocrx_word' id='word_1_831' title='bbox 3235 3823 3292 3876; x_wconf 81' lang='grc' dir='ltr'><strong>Ἀ</strong></span> <span class='ocrx_word' id='word_1_832' title='bbox 3301 3825 3427 3894; x_wconf 82' lang='grc' dir='ltr'>μήν.</span> 
     </span>
    </p>
   </div>
   <div class='ocr_carea' id='block_1_103' title="bbox 2491 3995 3079 4068">
    <p class='ocr_par' dir='ltr' id='par_1_103' title="bbox 2491 3995 3079 4068">
     <span class='ocr_line' id='line_1_103' title="bbox 2491 3995 3079 4068; baseline 0 -14"><span class='ocrx_word' id='word_1_833' title='bbox 2491 3999 2736 4054; x_wconf 73' lang='grc' dir='ltr'>οΜιΑιΑ</span> <span class='ocrx_word' id='word_1_834' title='bbox 2773 3997 2902 4054; x_wconf 73' lang='grc' dir='ltr'>ΚΘν.</span> <span class='ocrx_word' id='word_1_835' title='bbox 2928 3995 3079 4068; x_wconf 73' lang='lat'>[279]</span> 
     </span>
    </p>
   </div>
   <div class='ocr_carea' id='block_1_104' title="bbox 2036 4147 3716 4224">
    <p class='ocr_par' dir='ltr' id='par_1_104' title="bbox 2036 4147 3716 4224">
     <span class='ocr_line' id='line_1_104' title="bbox 2036 4147 3716 4224; baseline -0.005 -12"><span class='ocrx_word' id='word_1_836' title='bbox 2036 4156 2145 4212; x_wconf 85' lang='grc' dir='ltr'>Καὶ</span> <span class='ocrx_word' id='word_1_837' title='bbox 2167 4156 2391 4224; x_wconf 79' lang='grc' dir='ltr'>ἤρξατο</span> <span class='ocrx_word' id='word_1_838' title='bbox 2412 4151 2538 4209; x_wconf 87' lang='grc' dir='ltr'>Νῶε</span> <span class='ocrx_word' id='word_1_839' title='bbox 2558 4153 2863 4220; x_wconf 81' lang='grc' dir='ltr'>ἅνθρωπος</span> <span class='ocrx_word' id='word_1_840' title='bbox 2885 4149 3141 4224; x_wconf 74' lang='grc' dir='ltr'>γεωργὸς</span> <span class='ocrx_word' id='word_1_841' title='bbox 3178 4149 3312 4224; x_wconf 53' lang='grc' dir='ltr'>γῆς,</span> <span class='ocrx_word' id='word_1_842' title='bbox 3331 4147 3430 4202; x_wconf 73' lang='grc' dir='ltr'>καὶ</span> <span class='ocrx_word' id='word_1_843' title='bbox 3458 4149 3716 4224; x_wconf 43' lang='grc' dir='ltr'>-ἐςεύτευέ-</span> 
     </span>
    </p>
   </div>
   <div class='ocr_carea' id='block_1_105' title="bbox 2107 4221 3712 4296">
    <p class='ocr_par' dir='ltr' id='par_1_105' title="bbox 2107 4221 3712 4296">
     <span class='ocr_line' id='line_1_105' title="bbox 2107 4221 3712 4296; baseline -0.003 -15"><span class='ocrx_word' id='word_1_844' title='bbox 2107 4221 2219 4281; x_wconf 51' lang='lat' dir='ltr'>(re?</span> <span class='ocrx_word' id='word_1_845' title='bbox 2240 4225 2582 4296; x_wconf 76' lang='grc' dir='ltr'>ἀμπελῶνα,</span> <span class='ocrx_word' id='word_1_846' title='bbox 2606 4225 2705 4277; x_wconf 78' lang='grc' dir='ltr'>καί</span> <span class='ocrx_word' id='word_1_847' title='bbox 2740 4221 2910 4277; x_wconf 80' lang='grc' dir='ltr'>ἔπιεν</span> <span class='ocrx_word' id='word_1_848' title='bbox 2930 4224 2998 4276; x_wconf 84' lang='grc' dir='ltr'>ἐκ</span> <span class='ocrx_word' id='word_1_849' title='bbox 3031 4221 3138 4275; x_wconf 85' lang='grc' dir='ltr'>τοῦ</span> <span class='ocrx_word' id='word_1_850' title='bbox 3159 4221 3348 4286; x_wconf 82' lang='grc' dir='ltr'>οἵνσυ,</span> <span class='ocrx_word' id='word_1_851' title='bbox 3375 4221 3474 4274; x_wconf 75' lang='grc' dir='ltr'>καὶ</span> <span class='ocrx_word' id='word_1_852' title='bbox 3499 4221 3712 4291; x_wconf 84' lang='grc' dir='ltr'>ἐμεθύ-</span> 
     </span>
    </p>
   </div>
   <div class='ocr_carea' id='block_1_106' title="bbox 2108 4302 2250 4366">
    <p class='ocr_par' dir='ltr' id='par_1_106' title="bbox 2108 4302 2250 4366">
     <span class='ocr_line' id='line_1_106' title="bbox 2108 4302 2250 4366; baseline -0.014 -14"><span class='ocrx_word' id='word_1_853' title='bbox 2108 4302 2250 4366; x_wconf 77' lang='grc' dir='ltr'>σθη.</span> 
     </span>
    </p>
   </div>
   <div class='ocr_carea' id='block_1_107' title="bbox 2109 4415 3717 4492">
    <p class='ocr_par' dir='ltr' id='par_1_107' title="bbox 2109 4415 3717 4492">
     <span class='ocr_line' id='line_1_107' title="bbox 2109 4415 3717 4492; baseline -0.004 -18"><span class='ocrx_word' id='word_1_854' title='bbox 2109 4428 2177 4474; x_wconf 88' lang='grc' dir='ltr'>α’.</span> <span class='ocrx_word' id='word_1_855' title='bbox 2198 4421 2342 4492; x_wconf 83' lang='grc' dir='ltr'>Πρὸς</span> <span class='ocrx_word' id='word_1_856' title='bbox 2359 4419 2420 4473; x_wconf 88' lang='lat'>16</span> <span class='ocrx_word' id='word_1_857' title='bbox 2439 4419 2590 4482; x_wconf 85' lang='grc' dir='ltr'>τέλος</span> <span class='ocrx_word' id='word_1_858' title='bbox 2609 4417 2795 4471; x_wconf 72' lang='grc' dir='ltr'>λοιπὸν</span> <span class='ocrx_word' id='word_1_859' title='bbox 2815 4416 3132 4488; x_wconf 82' lang='grc' dir='ltr'>ἐφθάσαμεν</span> <span class='ocrx_word' id='word_1_860' title='bbox 3145 4418 3244 4488; x_wconf 73' lang='grc' dir='ltr'>τῆς</span> <span class='ocrx_word' id='word_1_861' title='bbox 3255 4415 3394 4469; x_wconf 84' lang='grc' dir='ltr'>κατὰ</span> <span class='ocrx_word' id='word_1_862' title='bbox 3407 4415 3495 4469; x_wconf 75' lang='grc' dir='ltr'>τὸν</span> <span class='ocrx_word' id='word_1_863' title='bbox 3508 4415 3717 4468; x_wconf 86' lang='grc' dir='ltr'>δίκαιον</span> 
     </span>
    </p>
   </div>
   <div class='ocr_carea' id='block_1_108' title="bbox 2037 4503 3712 4578">
    <p class='ocr_par' dir='ltr' id='par_1_108' title="bbox 2037 4503 3712 4578">
     <span class='ocr_line' id='line_1_108' title="bbox 2037 4503 3712 4578; baseline -0.005 -15"><span class='ocrx_word' id='word_1_864' title='bbox 2037 4509 2348 4571; x_wconf 76' lang='grc' dir='ltr'>ὑποθέσεως</span> <span class='ocrx_word' id='word_1_865' title='bbox 2369 4525 2382 4538; x_wconf 89' lang='grc'><strong>·</strong></span> <span class='ocrx_word' id='word_1_866' title='bbox 2407 4507 2507 4568; x_wconf 83' lang='grc' dir='ltr'>διὸ,</span> <span class='ocrx_word' id='word_1_867' title='bbox 2531 4505 2853 4578; x_wconf 88' lang='grc' dir='ltr'>παρακαλῶ,</span> <span class='ocrx_word' id='word_1_868' title='bbox 2879 4505 3186 4558; x_wconf 88' lang='grc' dir='ltr'>συντείνατέ</span> <span class='ocrx_word' id='word_1_869' title='bbox 3213 4522 3302 4574; x_wconf 90' lang='grc' dir='ltr'>μοι</span> <span class='ocrx_word' id='word_1_870' title='bbox 3320 4504 3419 4575; x_wconf 80' lang='grc' dir='ltr'>τὴν</span> <span class='ocrx_word' id='word_1_871' title='bbox 3451 4503 3712 4568; x_wconf 84' lang='grc' dir='ltr'>διάνοιαν,</span> 
     </span>
    </p>
   </div>
   <div class='ocr_carea' id='block_1_109' title="bbox 2037 4591 3714 4667">
    <p class='ocr_par' dir='ltr' id='par_1_109' title="bbox 2037 4591 3714 4667">
     <span class='ocr_line' id='line_1_109' title="bbox 2037 4591 3714 4667; baseline -0.005 -15"><span class='ocrx_word' id='word_1_872' title='bbox 2037 4599 2131 4652; x_wconf 72' lang='grc' dir='ltr'>καὶ</span> <span class='ocrx_word' id='word_1_873' title='bbox 2167 4596 2304 4667; x_wconf 84' lang='grc' dir='ltr'>μετὰ</span> <span class='ocrx_word' id='word_1_874' title='bbox 2335 4595 2620 4667; x_wconf 90' lang='grc' dir='ltr'>ἀκριϐείας</span> <span class='ocrx_word' id='word_1_875' title='bbox 2652 4594 2944 4667; x_wconf 88' lang='grc' dir='ltr'>προσέχετε</span> <span class='ocrx_word' id='word_1_876' title='bbox 2963 4595 3075 4657; x_wconf 87' lang='grc' dir='ltr'>τοῖς</span> <span class='ocrx_word' id='word_1_877' title='bbox 3096 4592 3426 4663; x_wconf 72' lang='grc' dir='ltr'>λεγομένοις.</span> <span class='ocrx_word' id='word_1_878' title='bbox 3450 4591 3583 4646; x_wconf 87' lang='grc' dir='ltr'>Οὐδὲ</span> <span class='ocrx_word' id='word_1_879' title='bbox 3605 4591 3714 4663; x_wconf 83' lang='grc' dir='ltr'>γὰρ</span> 
     </span>
    </p>
   </div>
   <div class='ocr_carea' id='block_1_110' title="bbox 2043 4678 3712 4758">
    <p class='ocr_par' dir='ltr' id='par_1_110' title="bbox 2043 4678 3712 4758">
     <span class='ocr_line' id='line_1_110' title="bbox 2043 4678 3712 4758; baseline -0.005 -19"><span class='ocrx_word' id='word_1_880' title='bbox 2043 4687 2234 4758; x_wconf 76' lang='grc' dir='ltr'>μικρά,</span> <span class='ocrx_word' id='word_1_881' title='bbox 2257 4685 2376 4738; x_wconf 82' lang='grc' dir='ltr'>οὐδὲ</span> <span class='ocrx_word' id='word_1_882' title='bbox 2397 4683 2463 4737; x_wconf 84' lang='grc' dir='ltr'>τὰ</span> <span class='ocrx_word' id='word_1_883' title='bbox 2482 4683 2710 4754; x_wconf 87' lang='grc' dir='ltr'>τυχόντα</span> <span class='ocrx_word' id='word_1_884' title='bbox 2731 4683 2849 4735; x_wconf 80' lang='grc' dir='ltr'>ἐστὶ</span> <span class='ocrx_word' id='word_1_885' title='bbox 2869 4679 3266 4753; x_wconf 85' lang='grc' dir='ltr'>καρπώσασθαι</span> <span class='ocrx_word' id='word_1_886' title='bbox 3288 4681 3379 4733; x_wconf 76' lang='grc' dir='ltr'>καὶ</span> <span class='ocrx_word' id='word_1_887' title='bbox 3401 4681 3462 4732; x_wconf 84' lang='grc' dir='ltr'>ἐκ</span> <span class='ocrx_word' id='word_1_888' title='bbox 3482 4678 3589 4732; x_wconf 91' lang='grc' dir='ltr'>τῶν</span> <span class='ocrx_word' id='word_1_889' title='bbox 3613 4682 3712 4748; x_wconf 85' lang='grc' dir='ltr'>σή-</span> 
     </span>
    </p>
   </div>
   <div class='ocr_carea' id='block_1_111' title="bbox 2041 4769 3716 4852">
    <p class='ocr_par' dir='ltr' id='par_1_111' title="bbox 2041 4769 3716 4852">
     <span class='ocr_line' id='line_1_111' title="bbox 2041 4769 3716 4852; baseline -0.005 -21"><span class='ocrx_word' id='word_1_890' title='bbox 2041 4795 2204 4852; x_wconf 89' lang='grc' dir='ltr'>μερον</span> <span class='ocrx_word' id='word_1_891' title='bbox 2225 4775 2652 4846; x_wconf 86' lang='grc' dir='ltr'>ἀνεγνωσμένων</span> <span class='ocrx_word' id='word_1_892' title='bbox 2668 4791 2682 4805; x_wconf 78' lang='grc'><strong><em>⁸</em></strong></span> <span class='ocrx_word' id='word_1_893' title='bbox 2699 4773 2768 4827; x_wconf 85' lang='grc' dir='ltr'>τὰ</span> <span class='ocrx_word' id='word_1_894' title='bbox 2783 4773 2890 4844; x_wconf 82' lang='grc' dir='ltr'>γὰρ</span> <span class='ocrx_word' id='word_1_895' title='bbox 2909 4775 3017 4836; x_wconf 82' lang='grc' dir='ltr'>τοῖς</span> <span class='ocrx_word' id='word_1_896' title='bbox 3040 4771 3290 4833; x_wconf 86' lang='grc' dir='ltr'>παλαιοῖς</span> <span class='ocrx_word' id='word_1_897' title='bbox 3307 4787 3368 4822; x_wconf 90' lang='grc' dir='ltr'>συ</span> <span class='ocrx_word' id='word_1_898' title='bbox 3377 4769 3716 4840; x_wconf 76' lang='grc' dir='ltr'>μϐεϐηκότα,</span> 
     </span>
    </p>
   </div>
   <div class='ocr_carea' id='block_1_112' title="bbox 2038 4856 3712 4937">
    <p class='ocr_par' dir='ltr' id='par_1_112' title="bbox 2038 4856 3712 4937">
     <span class='ocr_line' id='line_1_112' title="bbox 2038 4856 3712 4937; baseline -0.007 -17"><span class='ocrx_word' id='word_1_899' title='bbox 2038 4869 2088 4920; x_wconf 84' lang='grc' dir='ltr'>εἰ</span> <span class='ocrx_word' id='word_1_900' title='bbox 2111 4865 2433 4937; x_wconf 88' lang='grc' dir='ltr'>βουλοίμεθα</span> <span class='ocrx_word' id='word_1_901' title='bbox 2450 4865 2664 4936; x_wconf 88' lang='grc' dir='ltr'>νήφειν,</span> <span class='ocrx_word' id='word_1_902' title='bbox 2691 4861 2953 4934; x_wconf 87' lang='grc' dir='ltr'>μεγίστης</span> <span class='ocrx_word' id='word_1_903' title='bbox 2971 4861 3105 4931; x_wconf 83' lang='grc' dir='ltr'>ἡμῖν</span> <span class='ocrx_word' id='word_1_904' title='bbox 3137 4857 3484 4922; x_wconf 86' lang='grc' dir='ltr'>διδασκαλίας</span> <span class='ocrx_word' id='word_1_905' title='bbox 3517 4856 3712 4910; x_wconf 80' lang='grc' dir='ltr'>ὐπόθεο</span> 
     </span>
    </p>
   </div>
   <div class='ocr_carea' id='block_1_113' title="bbox 2041 4943 3704 5022">
    <p class='ocr_par' dir='ltr' id='par_1_113' title="bbox 2041 4943 3704 5022">
     <span class='ocr_line' id='line_1_113' title="bbox 2041 4943 3704 5022; baseline -0.005 -16"><span class='ocrx_word' id='word_1_906' title='bbox 2041 4969 2124 5016; x_wconf 91' lang='grc' dir='ltr'>σις</span> <span class='ocrx_word' id='word_1_907' title='bbox 2142 4953 2373 5022; x_wconf 87' lang='grc' dir='ltr'>γίνεται.</span> <span class='ocrx_word' id='word_1_908' title='bbox 2395 4949 2496 5004; x_wconf 82' lang='grc' dir='ltr'>Διά</span> <span class='ocrx_word' id='word_1_909' title='bbox 2514 4951 2621 5022; x_wconf 82' lang='grc' dir='ltr'>γὰρ</span> <span class='ocrx_word' id='word_1_910' title='bbox 2641 4949 2798 5002; x_wconf 80' lang='grc' dir='ltr'>τοῦτο</span> <span class='ocrx_word' id='word_1_911' title='bbox 2819 4948 2878 5001; x_wconf 91' lang='grc' dir='ltr'>οὐ</span> <span class='ocrx_word' id='word_1_912' title='bbox 2903 4949 3062 5018; x_wconf 89' lang='grc' dir='ltr'>μόνον</span> <span class='ocrx_word' id='word_1_913' title='bbox 3080 4947 3150 4999; x_wconf 78' lang='grc' dir='ltr'>τὰ</span> <span class='ocrx_word' id='word_1_914' title='bbox 3170 4943 3572 5016; x_wconf 86' lang='grc' dir='ltr'>κατορθώματα</span> <span class='ocrx_word' id='word_1_915' title='bbox 3603 4943 3704 4998; x_wconf 72' lang='grc' dir='ltr'>τῶι</span> 
     </span>
    </p>
   </div>
   <div class='ocr_carea' id='block_1_114' title="bbox 2038 5031 3708 5112">
    <p class='ocr_par' dir='ltr' id='par_1_114' title="bbox 2038 5031 3708 5112">
     <span class='ocr_line' id='line_1_114' title="bbox 2038 5031 3708 5112; baseline -0.008 -16"><span class='ocrx_word' id='word_1_916' title='bbox 2038 5041 2210 5110; x_wconf 84' lang='grc' dir='ltr'>ἁγίων</span> <span class='ocrx_word' id='word_1_917' title='bbox 2250 5040 2580 5112; x_wconf 88' lang='grc' dir='ltr'>γέγραπται,</span> <span class='ocrx_word' id='word_1_918' title='bbox 2599 5037 2738 5092; x_wconf 86' lang='grc' dir='ltr'>ἀλλὰ</span> <span class='ocrx_word' id='word_1_919' title='bbox 2775 5036 2870 5091; x_wconf 77' lang='grc' dir='ltr'>καὶ</span> <span class='ocrx_word' id='word_1_920' title='bbox 2905 5035 2975 5089; x_wconf 83' lang='lat'>16</span> <span class='ocrx_word' id='word_1_921' title='bbox 3007 5035 3398 5105; x_wconf 83' lang='grc' dir='ltr'>ἁμαρτήματα,</span> <span class='ocrx_word' id='word_1_922' title='bbox 3421 5031 3508 5086; x_wconf 80' lang='grc' dir='ltr'>ἵνα</span> <span class='ocrx_word' id='word_1_923' title='bbox 3525 5031 3593 5084; x_wconf 90' lang='lat'>16</span> <span class='ocrx_word' id='word_1_924' title='bbox 3615 5033 3708 5100; x_wconf 75' lang='grc' dir='ltr'>μὲι</span> 
     </span>
    </p>
   </div>
   <div class='ocr_carea' id='block_1_115' title="bbox 2041 5117 3716 5198">
    <p class='ocr_par' dir='ltr' id='par_1_115' title="bbox 2041 5117 3716 5198">
     <span class='ocr_line' id='line_1_115' title="bbox 2041 5117 3716 5198; baseline -0.005 -15"><span class='ocrx_word' id='word_1_925' title='bbox 2041 5127 2350 5198; x_wconf 87' lang='grc' dir='ltr'>φεύγωμεν,</span> <span class='ocrx_word' id='word_1_926' title='bbox 2370 5125 2440 5179; x_wconf 79' lang='lat'>16</span> <span class='ocrx_word' id='word_1_927' title='bbox 2475 5125 2532 5178; x_wconf 88' lang='grc' dir='ltr'>δέ</span> <span class='ocrx_word' id='word_1_928' title='bbox 2571 5123 2935 5194; x_wconf 75' lang='grc' dir='ltr'>ζηλώσωμενο</span> <span class='ocrx_word' id='word_1_929' title='bbox 2973 5123 3067 5175; x_wconf 77' lang='grc' dir='ltr'>καὶ</span> <span class='ocrx_word' id='word_1_930' title='bbox 3103 5121 3164 5174; x_wconf 91' lang='grc' dir='ltr'>οὐ</span> <span class='ocrx_word' id='word_1_931' title='bbox 3199 5119 3356 5172; x_wconf 78' lang='grc' dir='ltr'>τοῦτο</span> <span class='ocrx_word' id='word_1_932' title='bbox 3377 5120 3554 5190; x_wconf 88' lang='grc' dir='ltr'>μόνον,</span> <span class='ocrx_word' id='word_1_933' title='bbox 3579 5117 3716 5174; x_wconf 76' lang='grc' dir='ltr'>ἀλλὰ</span> 
     </span>
    </p>
   </div>
   <div class='ocr_carea' id='block_1_116' title="bbox 2038 5206 3716 5286">
    <p class='ocr_par' dir='ltr' id='par_1_116' title="bbox 2038 5206 3716 5286">
     <span class='ocr_line' id='line_1_116' title="bbox 2038 5206 3716 5286; baseline -0.009 -14"><span class='ocrx_word' id='word_1_934' title='bbox 2038 5217 2277 5272; x_wconf 86' lang='grc' dir='ltr'>δείκνυσί</span> <span class='ocrx_word' id='word_1_935' title='bbox 2299 5217 2432 5286; x_wconf 86' lang='grc' dir='ltr'>σοιή</span> <span class='ocrx_word' id='word_1_936' title='bbox 2455 5213 2573 5267; x_wconf 88' lang='grc' dir='ltr'>θεία</span> <span class='ocrx_word' id='word_1_937' title='bbox 2593 5213 2784 5284; x_wconf 85' lang='grc' dir='ltr'>Γραφὴ</span> <span class='ocrx_word' id='word_1_938' title='bbox 2817 5213 2912 5266; x_wconf 82' lang='grc' dir='ltr'>καὶ</span> <span class='ocrx_word' id='word_1_939' title='bbox 2945 5209 3186 5273; x_wconf 88' lang='grc' dir='ltr'>δικαίους</span> <span class='ocrx_word' id='word_1_940' title='bbox 3207 5208 3468 5270; x_wconf 84' lang='grc' dir='ltr'>πολλάκις</span> <span class='ocrx_word' id='word_1_941' title='bbox 3487 5206 3716 5275; x_wconf 84' lang='grc' dir='ltr'>σφαλέν-</span> 
     </span>
    </p>
   </div>
   <div class='ocr_carea' id='block_1_117' title="bbox 2038 5293 3710 5374">
    <p class='ocr_par' dir='ltr' id='par_1_117' title="bbox 2038 5293 3710 5374">
     <span class='ocr_line' id='line_1_117' title="bbox 2038 5293 3710 5374; baseline -0.008 -16"><span class='ocrx_word' id='word_1_942' title='bbox 2038 5323 2158 5369; x_wconf 86' lang='grc' dir='ltr'>τας,</span> <span class='ocrx_word' id='word_1_943' title='bbox 2183 5305 2278 5358; x_wconf 75' lang='grc' dir='ltr'>καὶ</span> <span class='ocrx_word' id='word_1_944' title='bbox 2313 5301 2670 5374; x_wconf 84' lang='grc' dir='ltr'>ἁμαρτωλοὺς</span> <span class='ocrx_word' id='word_1_945' title='bbox 2703 5299 2904 5370; x_wconf 83' lang='grc' dir='ltr'>πολλὴν</span> <span class='ocrx_word' id='word_1_946' title='bbox 2926 5297 3228 5370; x_wconf 83' lang='grc' dir='ltr'>μεταϐολὴν</span> <span class='ocrx_word' id='word_1_947' title='bbox 3247 5293 3710 5365; x_wconf 78' lang='grc' dir='ltr'>ἐπιδειξαμένους,</span> 
     </span>
    </p>
   </div>
   <div class='ocr_carea' id='block_1_118' title="bbox 2041 5381 3714 5460">
    <p class='ocr_par' dir='ltr' id='par_1_118' title="bbox 2041 5381 3714 5460">
     <span class='ocr_line' id='line_1_118' title="bbox 2041 5381 3714 5460; baseline -0.008 -13"><span class='ocrx_word' id='word_1_948' title='bbox 2041 5395 2131 5448; x_wconf 84' lang='grc' dir='ltr'>ῖνα</span> <span class='ocrx_word' id='word_1_949' title='bbox 2166 5390 2506 5460; x_wconf 79' lang='grc' dir='ltr'>ἑκατέρωθεν</span> <span class='ocrx_word' id='word_1_950' title='bbox 2543 5387 2820 5459; x_wconf 80' lang='grc' dir='ltr'>ἀρκοῦσαν</span> <span class='ocrx_word' id='word_1_951' title='bbox 2857 5385 3140 5456; x_wconf 76' lang='grc' dir='ltr'>δεξώμεθα</span> <span class='ocrx_word' id='word_1_952' title='bbox 3159 5384 3258 5455; x_wconf 84' lang='grc' dir='ltr'>τὴν</span> <span class='ocrx_word' id='word_1_953' title='bbox 3274 5381 3592 5452; x_wconf 81' lang='grc' dir='ltr'>ἀσφάλειαν,</span> <span class='ocrx_word' id='word_1_954' title='bbox 3617 5381 3714 5434; x_wconf 79' lang='grc' dir='ltr'>καὶ</span> 
     </span>
    </p>
   </div>
   <div class='ocr_carea' id='block_1_119' title="bbox 2045 5469 3712 5556">
    <p class='ocr_par' dir='ltr' id='par_1_119' title="bbox 2045 5469 3712 5556">
     <span class='ocr_line' id='line_1_119' title="bbox 2045 5469 3712 5556; baseline -0.008 -22"><span class='ocrx_word' id='word_1_955' title='bbox 2045 5481 2182 5552; x_wconf 87' lang='grc' dir='ltr'>μήτε</span> <span class='ocrx_word' id='word_1_956' title='bbox 2197 5483 2225 5533; x_wconf 90' lang='lat'>6</span> <span class='ocrx_word' id='word_1_957' title='bbox 2237 5476 2410 5541; x_wconf 85' lang='grc' dir='ltr'>ἐστὼς</span> <span class='ocrx_word' id='word_1_958' title='bbox 2427 5477 2602 5548; x_wconf 79' lang='grc' dir='ltr'>6αρρῇ</span> <span class='ocrx_word' id='word_1_959' title='bbox 2617 5475 2758 5546; x_wconf 83' lang='grc' dir='ltr'>ὁρῶν</span> <span class='ocrx_word' id='word_1_960' title='bbox 2771 5473 3115 5536; x_wconf 78' lang='grc' dir='ltr'>καὶδικαίους</span> <span class='ocrx_word' id='word_1_961' title='bbox 3134 5488 3342 5556; x_wconf 79' lang='grc' dir='ltr'>καταπε</span> <span class='ocrx_word' id='word_1_962' title='bbox 3349 5470 3558 5532; x_wconf 87' lang='grc' dir='ltr'>σόντας,</span> <span class='ocrx_word' id='word_1_963' title='bbox 3575 5469 3712 5539; x_wconf 86' lang='grc' dir='ltr'>μήτε</span> 
     </span>
    </p>
   </div>
   <div class='ocr_carea' id='block_1_120' title="bbox 2039 5557 3712 5638">
    <p class='ocr_par' dir='ltr' id='par_1_120' title="bbox 2039 5557 3712 5638">
     <span class='ocr_line' id='line_1_120' title="bbox 2039 5557 3712 5638; baseline -0.008 -18"><span class='ocrx_word' id='word_1_964' title='bbox 2039 5569 2068 5620; x_wconf 88' lang='lat'>6</span> <span class='ocrx_word' id='word_1_965' title='bbox 2081 5569 2110 5608; x_wconf 71' lang='grc' dir='ltr'>δ</span> <span class='ocrx_word' id='word_1_966' title='bbox 2143 5569 2204 5620; x_wconf 88' lang='grc' dir='ltr'>ἐν</span> <span class='ocrx_word' id='word_1_967' title='bbox 2234 5565 2624 5638; x_wconf 82' lang='grc' dir='ltr'>ἁμαρτήμασιν</span> <span class='ocrx_word' id='word_1_968' title='bbox 2641 5561 2717 5616; x_wconf 82' lang='grc' dir='ltr'>ὢν</span> <span class='ocrx_word' id='word_1_969' title='bbox 2737 5561 3074 5633; x_wconf 84' lang='grc' dir='ltr'>ἀπαγορεύῃ,</span> <span class='ocrx_word' id='word_1_970' title='bbox 3099 5559 3224 5613; x_wconf 76' lang='grc' dir='ltr'>ἰδὼν</span> <span class='ocrx_word' id='word_1_971' title='bbox 3243 5557 3468 5620; x_wconf 83' lang='grc' dir='ltr'>πολλοὺς</span> <span class='ocrx_word' id='word_1_972' title='bbox 3488 5557 3712 5625; x_wconf 80' lang='grc' dir='ltr'>ἀνενεγ-</span> 
     </span>
    </p>
   </div>
   <div class='ocr_carea' id='block_1_121' title="bbox 2041 5642 3712 5722">
    <p class='ocr_par' dir='ltr' id='par_1_121' title="bbox 2041 5642 3712 5722">
     <span class='ocr_line' id='line_1_121' title="bbox 2041 5642 3712 5722; baseline -0.009 -12"><span class='ocrx_word' id='word_1_973' title='bbox 2041 5655 2236 5717; x_wconf 78' lang='grc' dir='ltr'>κόντας</span> <span class='ocrx_word' id='word_1_974' title='bbox 2273 5655 2362 5708; x_wconf 63' lang='grc' dir='ltr'>καὶ</span> <span class='ocrx_word' id='word_1_975' title='bbox 2405 5651 2542 5722; x_wconf 84' lang='grc' dir='ltr'>πρὸς</span> <span class='ocrx_word' id='word_1_976' title='bbox 2561 5649 2732 5722; x_wconf 82' lang='grc' dir='ltr'>αὐτὴν</span> <span class='ocrx_word' id='word_1_977' title='bbox 2749 5648 2848 5720; x_wconf 84' lang='grc' dir='ltr'>τὴν</span> <span class='ocrx_word' id='word_1_978' title='bbox 2861 5649 3042 5719; x_wconf 73' lang='grc' dir='ltr'>,ἄκραν</span> <span class='ocrx_word' id='word_1_979' title='bbox 3060 5645 3306 5718; x_wconf 86' lang='grc' dir='ltr'>κορυφὴν</span> <span class='ocrx_word' id='word_1_980' title='bbox 3328 5643 3528 5714; x_wconf 79' lang='grc' dir='ltr'>φθάσαι</span> <span class='ocrx_word' id='word_1_981' title='bbox 3548 5642 3712 5712; x_wconf 82' lang='grc' dir='ltr'>δυνη-</span> 
     </span>
    </p>
   </div>
   <div class='ocr_carea' id='block_1_122' title="bbox 2041 5727 3715 5811">
    <p class='ocr_par' dir='ltr' id='par_1_122' title="bbox 2041 5727 3715 5811">
     <span class='ocr_line' id='line_1_122' title="bbox 2041 5727 3715 5811; baseline -0.01 -14"><span class='ocrx_word' id='word_1_982' title='bbox 2041 5742 2254 5804; x_wconf 86' lang='grc' dir='ltr'>θέντας.</span> <span class='ocrx_word' id='word_1_983' title='bbox 2275 5739 2480 5811; x_wconf 66' lang='grc' dir='ltr'>Μηδεὶς</span> <span class='ocrx_word' id='word_1_984' title='bbox 2513 5737 2716 5802; x_wconf 89' lang='grc' dir='ltr'>τοίνυν,</span> <span class='ocrx_word' id='word_1_985' title='bbox 2739 5736 3056 5808; x_wconf 84' lang='grc' dir='ltr'>παρακαλῶ,</span> <span class='ocrx_word' id='word_1_986' title='bbox 3089 5733 3192 5788; x_wconf 73' lang='grc' dir='ltr'>κᾶν</span> <span class='ocrx_word' id='word_1_987' title='bbox 3231 5731 3401 5786; x_wconf 79' lang='grc' dir='ltr'>πολλὰ</span> <span class='ocrx_word' id='word_1_988' title='bbox 3439 5727 3715 5802; x_wconf 84' lang='grc' dir='ltr'>κατορθώ-</span> 
     </span>
    </p>
   </div>
   <div class='ocr_carea' id='block_1_123' title="bbox 2049 5815 3714 5902">
    <p class='ocr_par' dir='ltr' id='par_1_123' title="bbox 2049 5815 3714 5902">
     <span class='ocr_line' id='line_1_123' title="bbox 2049 5815 3714 5902; baseline -0.011 -16"><span class='ocrx_word' id='word_1_989' title='bbox 2049 5847 2193 5902; x_wconf 87' lang='grc' dir='ltr'>ματα</span> <span class='ocrx_word' id='word_1_990' title='bbox 2223 5827 2400 5900; x_wconf 81' lang='grc' dir='ltr'>ἐαυτῷ</span> <span class='ocrx_word' id='word_1_991' title='bbox 2433 5822 2762 5898; x_wconf 82' lang='grc' dir='ltr'>συνειδὼςῇ,</span> <span class='ocrx_word' id='word_1_992' title='bbox 2784 5823 3074 5897; x_wconf 71' lang='grc' dir='ltr'>θαρρείτω,</span> <span class='ocrx_word' id='word_1_993' title='bbox 3093 5821 3208 5876; x_wconf 83' lang='grc' dir='ltr'>ἀλλ’</span> <span class='ocrx_word' id='word_1_994' title='bbox 3229 5817 3516 5888; x_wconf 82' lang='grc' dir='ltr'>ἐναγώνιος</span> <span class='ocrx_word' id='word_1_995' title='bbox 3549 5815 3714 5878; x_wconf 77' lang='grc' dir='ltr'>Εστω.</span> 
     </span>
    </p>
   </div>
   <div class='ocr_carea' id='block_1_124' title="bbox 2105 6001 2692 6066">
    <p class='ocr_par' dir='ltr' id='par_1_124' title="bbox 2105 6001 2692 6066">
     <span class='ocr_line' id='line_1_124' title="bbox 2105 6001 2692 6066; baseline 0.005 -17"><span class='ocrx_word' id='word_1_996' title='bbox 2105 6004 2135 6049; x_wconf 85' lang='lat' dir='ltr'><strong>b</strong></span> <span class='ocrx_word' id='word_1_997' title='bbox 2171 6005 2396 6066; x_wconf 79' lang='lat' dir='ltr'>Quinque</span> <span class='ocrx_word' id='word_1_998' title='bbox 2418 6001 2626 6054; x_wconf 61' lang='lat'>11135.11?</span> <span class='ocrx_word' id='word_1_999' title='bbox 2649 6001 2692 6052; x_wconf 75' lang='grc' dir='ltr'>ὁ.</span> 
     </span>
    </p>
   </div>
  </div>
