4062 6396
337 412 436 469 261

336 543 482 582 scius
505 568 520 590 ,
549 527 900 584 confidentior
935 528 1036 594 sit,
1080 527 1175 584 sed
1205 530 1392 584 anxius
1421 532 1510 598 sit,
1538 541 1592 585 et
1625 529 1920 584 sollicitus:

333 630 393 672 et
422 619 605 673 audiat
633 620 846 674 beatum
878 620 1098 675 Paulum
1137 621 1514 676 admonentem
1539 630 1594 677 et
1619 623 1881 677 dicentem
1906 663 1922 688 ,

341 711 443 776 Qui
467 721 602 764 stare
623 711 719 766 sibi
741 713 956 779 videtur,
979 713 1145 766 videat
1181 730 1244 766 ne
1277 715 1424 767 cadat
1451 715 1523 784 (1.
1551 713 1669 770 Cor.
1700 714 1785 769 10.
1811 714 1922 784 12);

335 801 518 856 nullus
541 802 691 867 item,
719 803 808 872 qui
835 804 887 857 in
917 804 1234 873 profundum
1263 804 1433 875 ipsum
1463 806 1678 859 malitia:
1702 805 1928 859 descen-

334 893 515 956 derit,
540 894 728 950 salutis
753 911 862 950 sate
891 911 1042 962 spem
1072 896 1286 965 abjiciat
1307 938 1323 964 ,
1351 897 1442 951 sed
1472 896 1790 950 inell'abilem
1831 895 1924 950 Dei

335 987 758 1043 misericordiam
803 989 1079 1059 cogitans,
1130 989 1310 1045 audiat
1365 989 1556 1043 iterum
1612 990 1776 1044 Deum
1832 1004 1926 1058 per

336 1077 652 1146 prophetam
681 1079 990 1134 dicentem:
1037 1078 1180 1134 Nunt
1206 1081 1293 1151 qui
1332 1080 1494 1144 cadit,
1528 1097 1628 1134 non
1670 1080 1924 1150 resurgit;

331 1181 382 1226 et
405 1171 491 1242 qui
516 1173 693 1226 avertit
721 1189 795 1240 se,
821 1191 922 1228 non
947 1174 1208 1228 revertitur
1239 1172 1296 1243 (Ι
1301 1191 1371 1228 er.
1399 1173 1455 1229 8.
1481 1173 1537 1244 4)
1560 1175 1583 1228 ?
1604 1183 1658 1228 et
1687 1174 1876 1228 iterum
1903 1215 1919 1238 ,

337 1262 478 1317 Nolo
515 1271 727 1317 mortem
768 1265 1063 1333 peccatoris,
1101 1265 1232 1319 sicut
1277 1265 1497 1318 converti
1531 1281 1645 1318 eum
1679 1273 1727 1318 et
1765 1264 1924 1318 vivere

332 1354 551 1423 (Ezech.
597 1355 686 1410 18.
729 1356 843 1426 25).
895 1355 1106 1422 Vidisti,
1151 1356 1369 1423 dilecte,
1408 1357 1588 1412 omnia
1631 1357 1684 1411 in
1727 1356 1922 1410 divinis

328 1446 622 1516 Seripturis
646 1448 844 1518 scripta
864 1489 879 1513 ,
904 1463 1014 1503 non
1042 1448 1144 1502 alia
1164 1448 1234 1502 de
1257 1462 1419 1503 causa
1459 1449 1729 1503 memoriae
1760 1447 1922 1501 fuisse

333 1541 548 1606 tradita,
579 1555 736 1611 quam
767 1550 986 1611 propter
1012 1553 1250 1595 nostram
1282 1540 1586 1606 utilitatem,
1617 1548 1672 1594 et
1703 1538 1920 1592 humani

327 1635 544 1703 generis
591 1634 858 1689 salutem?
887 1634 1012 1689 llmc
1051 1648 1230 1689 secum
1275 1633 1501 1703 quisque
1547 1642 1788 1687 nostrum
1828 1647 1919 1686 ex-

329 1725 529 1794 pendat
551 1767 566 1791 ,
594 1726 811 1796 suisque
847 1741 1080 1796 congrua
1103 1725 1410 1780 vulneribus
1439 1724 1723 1794 pbarmaca
1753 1724 1924 1793 impo-

329 1824 444 1872 nat.
471 1815 594 1871 ideo
618 1816 760 1870 enim
806 1815 920 1871 haec
941 1815 1008 1870 ad
1049 1816 1254 1870 libitum
1297 1815 1544 1870 omnibus
1581 1822 1706 1868 sunt
1729 1828 1924 1882 propo-

325 1909 448 1974 sita,
498 1919 554 1964 et
603 1909 729 1964 licet
774 1909 975 1964 volenti
1016 1909 1342 1964 conveniens
1389 1909 1503 1964 suis
1550 1907 1919 1962 aliectionibus

325 2000 623 2054 remedium
667 2015 958 2070 apponere,
998 2009 1053 2056 et
1089 1999 1369 2055 sanitatem
1411 1999 1655 2069 accipere
1700 1998 1921 2054 celerri-

325 2107 469 2146 mam
493 2134 511 2160 ,
535 2099 745 2147 tantum
774 2092 1051 2147 medicinae
1075 2107 1259 2147 curam
1290 2107 1358 2147 ne
1391 2093 1512 2162 quis
1536 2092 1742 2160 rejieiat
1762 2131 1778 2156 ,
1822 2090 1914 2145 sed

323 2195 541 2253 gratum
584 2198 738 2238 suum
780 2183 1030 2239 exhibeat
1073 2182 1512 2238 animum.Nulla
1549 2183 1692 2237 enim
1735 2192 1820 2238 est
1863 2183 1916 2238 in

327 2276 559 2331 humana
581 2285 771 2332 natura
796 2278 878 2332 vel
903 2278 1143 2346 corporis
1166 2277 1252 2331 vel
1278 2277 1469 2330 animte
1497 2275 1776 2347 :egritudo,
1797 2291 1917 2344 qua:

326 2369 648 2424 medicinam
699 2369 823 2424 hinc
869 2369 1112 2438 accipere
1147 2376 1394 2439 nequeat.
1425 2367 1748 2435 Quomodo?
1790 2367 1914 2433 die,

325 2460 574 2514 obsecro.
617 2458 915 2530 ingreditur
939 2461 1058 2530 quis
1098 2459 1202 2513 huc
1242 2460 1453 2514 tristitia
1484 2468 1539 2514 ct
1581 2458 1916 2528 negotiorum

323 2549 686 2606 sollicitudine
713 2560 962 2606 oneratus
984 2592 1000 2617 ,
1029 2559 1083 2606 et
1107 2552 1376 2621 ingressus
1405 2550 1507 2605 huc
1529 2591 1546 2616 ,
1587 2551 1655 2604 ita
1685 2564 1916 2604 maerore

323 2644 588 2709 obrutus,
645 2645 823 2698 statim
880 2651 937 2697 ut
983 2642 1185 2698 audivit
1231 2642 1544 2713 prophetam
1599 2642 1913 2696 dicentem:

332 2735 500 2800 Quare
525 2735 680 2788 tristis
706 2752 789 2800 es,
823 2735 993 2788 anima
1031 2751 1174 2801 mea,
1207 2745 1252 2789 et
1295 2750 1452 2806 quare
1485 2733 1754 2787 conturbas
1791 2732 1918 2786 me!

325 2827 495 2895 Spera
523 2828 577 2880 in
604 2826 765 2881 Deum
784 2870 799 2893 ,
826 2828 1063 2898 quoniam
1091 2827 1363 2895 conﬁtebor
1391 2827 1437 2880 ei
1457 2843 1478 2881 :
1503 2827 1725 2881 salutare
1750 2827 1915 2880 vultus

322 2920 439 2980 mei,
462 2929 510 2975 et
543 2919 676 2974 Deus
704 2938 841 2975 meus
871 2919 1038 2992 (Psat.
1068 2922 1158 2976 41.
1185 2920 1331 2990 6.7);
1361 2919 1648 2975 sufﬁcienti
1673 2920 1915 2975 consola-

325 3015 471 3069 tione
500 3023 746 3082 suscepta
779 3014 910 3079 abit,
937 3021 992 3069 et
1016 3029 1228 3068 omnem
1257 3014 1401 3068 illam
1427 3013 1622 3067 mentis
1643 3011 1913 3066 tristitiam

321 3109 546 3162 excutit.
595 3107 746 3162 Alius
788 3109 937 3173 item,
979 3107 1069 3178 qui
1115 3118 1351 3162 extrema
1395 3107 1654 3177 premitur
1695 3103 1869 3174 inopia
1894 3142 1912 3170 ,

321 3199 583 3268 gravatim
609 3197 710 3253 fert
742 3209 796 3253 et
819 3207 1031 3263 mmret,
1061 3197 1248 3252 videns
1274 3197 1408 3252 alios
1432 3192 1634 3251 divitiis
1655 3195 1874 3250 affluere
1895 3234 1909 3258 ,

322 3300 377 3343 et
404 3291 558 3344 valde
588 3289 781 3356 inflari,
811 3305 1108 3360 magnoque
1131 3296 1386 3358 apparatu
1411 3296 1465 3342 et
1491 3303 1682 3358 pompa
1705 3287 1909 3357 stipari.

323 3382 494 3436 Audit
517 3397 564 3437 e:
603 3382 688 3437 hic
714 3383 962 3438 eumdem
994 3381 1310 3453 prophetam
1340 3381 1604 3436 dicentem
1635 3399 1648 3434 :
1681 3380 1832 3434 Jacta
1861 3381 1914 3432 in

326 3473 603 3528 Dominum
641 3491 817 3528 curam
855 3485 1030 3541 tuam,
1057 3485 1106 3528 et
1149 3476 1256 3545 ipse
1295 3484 1342 3528 te
1369 3475 1578 3528 enutriet
1613 3471 1780 3542 (Psal.
1819 3472 1909 3527 54.

321 3567 450 3637 25);
485 3579 541 3622 et
581 3569 808 3623 iterum:
839 3566 923 3622 Ne
961 3570 1136 3621 timeas
1172 3583 1287 3620 cum
1324 3567 1510 3619 ditatus
1538 3565 1688 3634 fuerit
1724 3567 1871 3617 homo
1895 3603 1910 3626 ,

321 3660 400 3714 vei
423 3678 541 3714 cum
567 3661 903 3732 multiplicata
929 3661 1081 3730 fuerit
1107 3660 1270 3731 gloria
1297 3659 1476 3714 domus
1501 3659 1612 3728 ejus
1635 3674 1654 3711 :
1676 3658 1918 3728 quoniam

320 3769 434 3806 cum
450 3753 713 3815 interierit,
746 3769 848 3806 non
879 3760 1042 3807 sumet
1061 3751 1230 3806 omnia
1253 3750 1424 3823 (Psal.
1451 3749 1648 3805 48.17.
1681 3749 1790 3817 18).
1820 3748 1915 3802 Est

322 3852 378 3899 et
411 3844 551 3910 alius
592 3859 804 3914 quoque
841 3844 934 3913 qui
976 3843 1195 3898 insidias
1234 3850 1289 3897 ct
1316 3841 1608 3896 calumnias
1645 3839 1913 3895 sustinens

322 3935 490 3996 dolet,
517 3944 573 3990 et
607 3936 881 3990 insuavem
911 3943 1058 4004 putat
1097 3934 1290 3998 vitam,
1322 3947 1579 4001 nusquam
1621 3930 1910 3984 humanum

325 4025 565 4080 invenire
609 4026 794 4081 valens
831 4027 1108 4080 auxilium.
1139 4025 1369 4080 Docetur
1401 4033 1456 4079 et
1485 4024 1574 4088 hic
1607 4023 1676 4076 ab
1721 4021 1911 4076 eodem

326 4119 481 4174 beato
511 4119 768 4190 propheta
798 4119 853 4173 in
885 4119 1078 4174 talibus
1104 4118 1361 4188 angustiis
1390 4132 1495 4171 non
1531 4115 1595 4169 ad
1623 4116 1909 4168 humanum

327 4213 632 4281 praesidium
669 4211 1118 4282 confugiendum:
1166 4209 1316 4263 audit
1351 4208 1492 4263 enim
1524 4208 1693 4276 ipsum
1728 4205 1885 4259 dicen

329 4314 433 4358 tem
459 4321 472 4358 :
505 4302 619 4372 Ipsi
647 4303 970 4356 detrahebant
994 4302 1118 4354 milii
1138 4341 1153 4367 ,
1182 4316 1275 4371 ego
1299 4309 1467 4353 autem
1494 4299 1700 4352 orabam
1736 4294 1906 4366 (Psal.

327 4395 446 4449 108.
476 4394 554 4464 4).

395 4487 582 4542 Preces
628 4487 800 4540 omnia
854 4486 984 4541 levia
1036 4494 1083 4540 et
1135 4484 1308 4554 facilia
1357 4482 1594 4536 reddunt.
1629 4478 1908 4534 —-Vidisti

279 4627 284 4634 .
323 4581 463 4636 unde
488 4589 694 4650 qua-rat
727 4579 1023 4660 auxilium?
1051 4579 1155 4634 Alii
1181 4619 1196 4645 ,
1227 4578 1431 4647 inquit,
1460 4575 1612 4630 dolos
1647 4580 1909 4629 consuunt

324 4682 376 4728 et
399 4673 697 4728 calumnias
727 4673 1086 4742 insidiasque:
1127 4687 1227 4741 ego
1265 4677 1445 4724 autem
1476 4667 1542 4720 ad
1580 4667 1908 4736 inexpugna-

323 4763 482 4819 bilem
511 4779 723 4818 murum
753 4763 1034 4833 confugio,
1065 4761 1130 4816 ad
1158 4771 1322 4816 tutam
1350 4759 1660 4823 anchoram,
1687 4756 1753 4810 ad
1787 4771 1908 4824 por-

325 4865 432 4909 tum
461 4855 719 4910 fluctuum
741 4865 1037 4926 expertem,
1067 4854 1132 4908 ad
1165 4869 1368 4922 preces,
1399 4852 1632 4921 inquam,
1661 4863 1757 4918 per
1777 4861 1908 4916 quas

322 4947 498 5000 omnia
518 4945 756 5002 difficilia
777 4947 910 5001 levia
932 4955 986 5001 et
1003 4946 1172 4999 facilia
1193 4944 1322 4999 mihi
1351 4943 1501 4997 fiunt.
1528 4941 1746 5006 insuper
1773 4939 1907 4992 alius

319 5038 387 5093 ab
400 5039 464 5093 iis
477 5018 572 5109 qui.
584 5039 728 5108 prius
745 5038 842 5108 ipsi
858 5037 1245 5100 ministrabant,
1261 5034 1548 5103 despicitur
1559 5028 1910 5087 ctcontemui-

324 5139 424 5195 tur,
453 5142 616 5201 atque
637 5130 704 5184 ab
724 5130 906 5185 amicis
931 5129 1265 5196 relinquitur,
1296 5127 1470 5182 ethoc
1490 5135 1571 5180 cst
1599 5124 1739 5195 quod
1763 5141 1908 5179 men-

325 5231 426 5277 tem
454 5222 571 5290 ejus
601 5222 832 5277 maxime
855 5221 1136 5276 conturbat
1159 5229 1213 5275 et
1232 5218 1527 5275 confundit.
1553 5219 1658 5274 Sed
1679 5229 1731 5274 et
1753 5218 1839 5274 hic
1861 5219 1907 5275 si

323 5315 570 5381 voluerit,
595 5314 698 5368 huc
719 5313 982 5370 accedens
997 5313 1176 5368 audiet
1201 5315 1412 5369 beatum
1436 5313 1582 5367 illum
1606 5313 1868 5368 dicentem
1890 5331 1904 5367 :

321 5406 481 5458 Amici
511 5397 610 5458 mei
638 5413 685 5458 et
713 5405 930 5473 proximi
951 5406 1049 5457 mei
1078 5404 1342 5458 adversum
1368 5420 1446 5457 me
1470 5404 1907 5474 apprOpinquave-

320 5510 439 5552 runt
461 5507 507 5552 et
530 5505 789 5552 steterunt.
823 5496 892 5550 Et
930 5498 1019 5565 qui
1054 5498 1198 5562 iuxta
1231 5513 1306 5549 me
1332 5507 1472 5550 erant
1511 5512 1542 5547 a
1571 5495 1717 5565 longe
1757 5490 1916 5547 stete-'

319 5599 461 5654 runt,
491 5599 540 5642 et
565 5590 665 5642 vim
690 5589 938 5660 faciebant
967 5588 1052 5653 qui
1074 5589 1358 5657 maerebant
1383 5588 1604 5640 animant
1635 5584 1794 5640 nieam
1814 5601 1832 5637 :
1861 5592 1907 5637 et

320 5680 405 5748 qui
429 5681 718 5748 quaerebant
745 5682 880 5732 mala
907 5678 1028 5731 mihi
1047 5718 1062 5742 ,
1089 5678 1279 5746 loquuti
1299 5687 1414 5730 sunt
1438 5676 1676 5728 vanitates
1694 5715 1709 5740 ,
1735 5684 1781 5728 et
1811 5674 1906 5726 do-

301 5769 399 5847 ,ιω
439 5778 546 5822 tota
589 5769 671 5822 die
710 5769 1080 5823 meditabantur
1135 5766 1305 5834 (Psal.
1334 5768 1422 5823 57.
1456 5766 1540 5819 12.
1571 5767 1682 5835 15).
1719 5763 1905 5817 Vidiin

304 5867 597 5921 ‘ltruentes
623 5862 843 5920 insidias
868 5879 1034 5936 usque
1061 5863 1131 5919 ad
1157 5871 1381 5920 mortem
1413 5863 1616 5933 ipsam,
1644 5869 1697 5916 ct
1716 5875 1902 5931 perpe-

1421 413 1482 468 1Ν
1512 413 1658 468 CAP.
1708 410 1798 465 lx.
1837 405 2078 463 GENES.
2121 407 2352 466 llOMlL.
2396 412 2592 473 XXIX.

3507 429 3616 484 963

2042 533 2186 580 tuum
2213 526 2408 584 bellum
2439 535 2729 602 gerentes?
2755 535 2888 590 Nam
2910 535 3012 593 hoc
3038 539 3268 609 indicat,
3307 558 3426 600 cum
3449 547 3573 603 dicit
3599 569 3614 606 :

2035 617 2165 710 Tota
2184 623 2265 674 die
2284 624 2668 695 meditabantur,
2690 628 2812 698 quia
2836 645 2930 699 per
2951 641 3111 687 totam
3133 636 3312 690 vitam.
3336 637 3470 704 Quid
3491 656 3616 710 ergo

2034 707 2123 763 ille
2148 710 2380 778 interim,
2407 714 2530 768 dum
2555 716 2932 774 insidiarentur
2956 732 3009 775 et
3031 724 3365 792 molirentur,
3397 707 3618 798 agebat?

2035 798 2147 872 Ego
2176 813 2341 858 autem
2360 847 2376 869 ,
2406 806 2602 876 inquit,
2632 811 2779 880 quasi
2805 813 2987 865 surdus
3013 831 3112 867 non
3141 817 3353 870 audiens
3371 860 3386 882 ,
3413 830 3460 873 et
3486 822 3616 874 sicut

2034 905 2200 948 mutus
2225 914 2325 951 non
2353 902 2582 968 aperiens
2603 919 2659 955 os
2683 920 2868 970 suum;
2899 916 2944 959 et
2973 911 3137 976 factus
3160 927 3271 962 sum
3295 913 3426 966 sicut
3463 915 3612 969 homo

2029 1000 2133 1038 non
2171 987 2417 1054 audiens,
2447 1000 2494 1044 et
2529 1008 2628 1044 non
2669 993 2856 1048 habens
2898 997 2949 1049 in
2991 1014 3074 1051 ore
3099 1017 3191 1054 suo
3232 1003 3614 1073 redargutioncs

2033 1076 2206 1146 (Psaf.
2229 1081 2318 1134 57.
2351 1082 2435 1135 H.
2464 1083 2578 1154 15).
2607 1084 2794 1141 Vidisti
2821 1091 3167 1145 excellentem
3199 1095 3608 1166 philosophiam,

2030 1172 2298 1239 quomodo
2323 1173 2531 1230 diversa
2571 1177 2653 1231 via
2683 1179 2847 1234 vicit?
2874 1181 2950 1236 llli
2979 1183 3130 1239 dolos
3155 1188 3469 1255 struebant,
3500 1191 3613 1260 ipse

2028 1276 2188 1318 aures
2215 1265 2530 1331 obturabat,
2562 1285 2628 1324 ne
2653 1271 2901 1327 audiret:
2951 1274 3024 1328 illi
3050 1277 3194 1331 omni
3232 1289 3469 1347 tempore
3506 1299 3610 1338 non

2029 1354 2311 1409 cessabant
2354 1357 2583 1427 linguam
2614 1375 2828 1425 acuere,
2859 1373 2914 1418 et
2938 1366 3198 1422 vanitates
3223 1378 3276 1422 et
3307 1369 3612 1428 fraudulen-

2030 1445 2130 1499 tias
2169 1447 2456 1515 meditari;
2499 1451 2584 1505 hic
2611 1463 2787 1508 autem
2837 1455 3050 1511 silentio
3091 1458 3300 1514 illorum
3351 1463 3609 1519 insaniam

2026 1538 2429 1604 comprimebat.
2466 1543 2528 1596 Et
2556 1558 2722 1612 quare
2752 1547 2828 1600 sic
2851 1561 2909 1601 se
2934 1549 3105 1618 gerit,
3137 1559 3191 1605 et
3215 1552 3338 1606 licet
3367 1553 3470 1607 illis
3495 1555 3610 1610 haec

2026 1632 2404 1697 apparantibus
2445 1635 2558 1704 ipse
2583 1636 2661 1691 sic
2695 1639 2805 1707 agit
2838 1641 2987 1709 quasi
3017 1642 3208 1698 surdus
3235 1654 3288 1699 et
3313 1659 3490 1702 mutus
3510 1688 3524 1711 ,
3557 1660 3611 1704 et

2025 1723 2176 1791 quasi
2220 1740 2392 1794 neque
2437 1741 2630 1791 aures,
2679 1744 2849 1799 neque
2901 1733 3130 1802 linguam
3189 1735 3422 1792 habeat?
3471 1739 3608 1794 Audi

2025 1811 2196 1880 ipsum
2227 1823 2384 1870 tantte
2412 1816 2759 1887 philosophiae
2783 1836 2994 1875 causam
3013 1823 3274 1880 dicentem
3299 1845 3312 1882 :
3337 1828 3468 1895 Quia
3489 1831 3540 1884 in
3565 1842 3609 1884 te

2023 1905 2240 1972 speravi,
2267 1903 2485 1960 Domine
2528 1906 2690 1978 (Ibid.
2719 1925 2768 1964 v.
2802 1910 2905 1982 16).
2934 1913 3068 1980 Quia
3109 1931 3137 1968 a
3165 1925 3216 1970 te
3265 1919 3459 1986 pendet
3485 1935 3607 1988 spes

2025 2010 2164 2060 mea,
2199 1996 2386 2066 inquit,
2415 2006 2469 2052 et
2494 1998 2546 2052 in
2579 2009 2631 2052 te
2659 2015 2745 2055 me
2772 2003 2990 2071 projeci,
3024 2005 3166 2060 nulla
3197 2007 3322 2061 mihi
3355 2025 3480 2064 cura
3501 2022 3604 2074 est,

2023 2085 2148 2154 quid
2179 2086 2251 2140 illi
2281 2097 2458 2156 agant.
2497 2089 2664 2145 Tuum
2697 2094 2836 2146 enim
2877 2095 3130 2150 auxilium
3158 2099 3285 2153 satis
3319 2111 3502 2167 potens
3526 2113 3606 2158 est

2022 2175 2088 2229 ad
2114 2176 2417 2248 dissipanda
2461 2179 2574 2236 hace
2599 2183 2776 2236 omnia
2801 2226 2814 2249 ,
2844 2184 3123 2256 irritasque
3161 2189 3456 2247 reddendas
3484 2194 3604 2248 illn-

2023 2283 2140 2322 rum
2167 2271 2582 2327 machinationes
2607 2283 2660 2329 et
2683 2274 2924 2343 insidias,
2955 2287 3013 2333 ut
3031 2278 3164 2334 nihil
3184 2296 3368 2336 eorum
3390 2284 3604 2355 implea.

2024 2369 2110 2415 tur
2134 2363 2272 2432 quod
2299 2375 2578 2434 apparant.

2091 2451 2146 2506 2.
2189 2453 2456 2524 Scriptura
2498 2473 2644 2510 sacra
2694 2458 2747 2510 in
2791 2458 3162 2515 calamitatibus
3207 2465 3506 2520 antidotum.
3533 2495 3603 2510 —-

2022 2543 2242 2599 Vidistis
2296 2547 2564 2616 quomodo
2598 2564 2930 2620 quacumque
2969 2554 3268 2611 calamitate
3315 2556 3601 2614 humanam

2019 2646 2260 2690 naturam
2308 2648 2602 2706 premente,
2645 2655 2943 2710 congruens
2970 2659 3035 2698 ex
3073 2646 3357 2715 Scripturis
3390 2651 3602 2704 antido-

2022 2734 2131 2782 tum
2156 2731 2397 2798 accipere
2436 2729 2611 2796 liceat,
2641 2740 2698 2786 et
2726 2748 2937 2788 omnem
2970 2735 3093 2790 vit-.e
3132 2737 3287 2808 hujus
3319 2756 3600 2798 mterorem

2019 2821 2283 2888 repellere
2306 2861 2321 2886 ,
2350 2837 2522 2892 neque
2548 2823 2615 2875 ab
2646 2823 2755 2878 ullo
2780 2825 2921 2895 quod
2947 2828 3158 2893 accidit,
3189 2833 3396 2899 gravari
3419 2833 3442 2886 ?
3470 2833 3601 2888 Pro-

2018 2919 2201 2979 pterea
2227 2913 2471 2978 obsecro,
2500 2923 2560 2967 ut
2587 2912 2894 2984 frequenter
2920 2916 3022 2972 huc
3046 2921 3294 2986 veniatis,
3321 2931 3375 2976 et
3405 2923 3600 2978 divium

2019 3001 2306 3070 Scriptura:
2331 3003 2608 3057 lectionem
2632 3005 2911 3076 diligenter
2931 3009 3269 3066 auscultetis:
3297 3027 3400 3065 non
3428 3014 3600 3068 solum

2017 3108 2138 3148 cum
2167 3094 2270 3149 huc
2299 3096 2508 3160 venitis,
2534 3098 2626 3150 sed
2655 3106 2709 3152 et
2737 3098 2877 3152 domi
2908 3099 3113 3155 divinos
3141 3102 3304 3158 libros
3333 3105 3385 3159 in
3415 3122 3602 3162 manus

2018 3185 2244 3250 sumite,
2271 3195 2325 3240 et
2364 3187 2641 3241 utilitatem
2678 3188 2728 3242 in
2781 3189 2884 3245 illis
2918 3193 3140 3260 positam
3193 3210 3386 3266 magno
3424 3198 3599 3253 studio

2018 3274 2288 3344 suscipite.
2321 3276 2448 3331 Inde
2478 3277 2618 3332 enim
2652 3280 2872 3334 multum
2901 3282 3031 3336 lucri
3065 3286 3298 3338 nascitur
3327 3305 3342 3340 :
3373 3289 3602 3356 primum

2016 3367 2232 3437 quidem
2279 3367 2505 3423 lectione
2545 3370 2719 3440 lingua
2769 3372 3128 3440 reformatur;
3181 3377 3372 3434 deinde
3425 3381 3599 3436 anima

2018 3459 2280 3513 excitatur
2307 3467 2362 3514 et
2385 3460 2627 3515 sublimis
2647 3462 2895 3528 efﬁcitur,
2917 3466 3212 3537 jubareque
3237 3470 3365 3524 solis
3379 3471 3600 3539 justitiaa

2017 3551 2353 3619 illustratur,
2408 3569 2611 3624 perque
2662 3563 2869 3624 tempus
2914 3558 3043 3613 illud
3093 3561 3161 3612 ab
3206 3561 3596 3620 immundarum

2017 3643 2396 3712 cogitationum
2437 3644 2704 3700 illecebris
2748 3646 3036 3715 liberatur,
3085 3650 3249 3704 multa
3305 3657 3482 3721 quiete
3533 3671 3600 3712 ac

2020 3737 2397 3805 tranquillitate
2425 3735 2623 3792 fruens.
2658 3736 2879 3808 Insuper
2901 3739 3043 3809 quod
3071 3741 3136 3795 ad
3161 3744 3428 3812 augendas
3453 3747 3595 3804 vires

2018 3827 2256 3896 corporis
2290 3826 2555 3883 sensibilis
2593 3828 2683 3883 ille
2718 3829 2868 3884 cibus
2895 3829 3050 3894 facit,
3100 3831 3151 3886 id
3196 3834 3388 3888 animae
3437 3836 3598 3892 lectio

2017 3930 2252 3991 praestat.
2295 3921 2578 3990 Spirituale
2618 3924 2760 3977 enim
2807 3924 3116 3978 alimentum
3161 3935 3272 3988 est,
3323 3937 3376 3982 et
3405 3927 3595 3985 fortem

2016 4013 2191 4068 reddit
2219 4014 2472 4081 animam,
2494 4025 2546 4069 et
2566 4017 3003 4081 constantiorem,
3055 4028 3108 4070 et
3138 4020 3306 4088 magis
3347 4023 3590 4092 philoso-

2017 4105 2250 4176 phicam,
2282 4120 2385 4160 non
2421 4106 2735 4174 permittens
2765 4117 2824 4160 ut
2865 4109 2932 4161 ab
2961 4108 3326 4165 affectionibus
3353 4113 3594 4170 absurdis

2016 4197 2282 4266 capiatur:
2301 4196 2394 4251 sed
2413 4197 2578 4252 levem
2598 4206 2653 4250 et
2671 4199 2862 4251 alatam
2883 4197 3103 4264 faciens,
3138 4201 3190 4254 in
3213 4201 3401 4257 caelum
3424 4206 3594 4274 ipsum

2015 4288 2398 4357 propemodum
2428 4287 2695 4342 transfert.
2740 4288 2963 4342 Tantum
3011 4290 3168 4358 igitur
3193 4290 3394 4345 lucrmn
3413 4335 3428 4357 ,
3457 4309 3554 4348 oro
3577 4338 3594 4361 ,

2016 4393 2086 4432 ne
2112 4393 2209 4447 per
2238 4377 2615 4448 negligentiam
2644 4378 2970 4444 amittamus,
3003 4379 3096 4432 sed
3127 4380 3286 4434 etiam
3321 4381 3464 4436 domi
3502 4400 3594 4439 va-

2017 4485 2198 4526 cemus
2224 4470 2522 4525 divinarum
2550 4470 2940 4540 Scripturarum
2981 4471 3226 4535 lectioni,
3255 4482 3308 4526 et
3347 4474 3432 4529 hic
3458 4491 3592 4544 prae-

2016 4571 2196 4617 sentes
2231 4562 2416 4615 nonin
2453 4561 2607 4631 nugis
2647 4569 2702 4614 et
2743 4561 3019 4616 inutilibus
3055 4563 3334 4631 colloquiis
3383 4574 3590 4634 tempus

2015 4653 2347 4707 insumamus
2377 4671 2391 4708 :
2423 4652 2517 4706 sed
2545 4662 2762 4722 propter
2787 4652 2927 4722 quod
2958 4655 3323 4719 convenimus,
3355 4657 3592 4711 attenda-

2015 4758 2135 4796 mus
2176 4758 2293 4812 quaa
2323 4742 2596 4812 legantur,
2643 4751 2701 4796 ut
2741 4742 2926 4810 majori
2969 4742 3091 4796 inde
3130 4742 3299 4796 fructu
3343 4756 3592 4814 percepto

2017 4833 2293 4889 discedere
2317 4833 2491 4886 liceat.
2524 4833 2674 4899 Quod
2700 4833 2742 4886 si
2773 4831 2876 4886 huc
2903 4833 3228 4901 ingressi,ad
3259 4833 3591 4904 intempesti-

2018 4941 2114 4979 vas
2141 4935 2193 4979 et
2215 4925 2423 4978 inutiles
2441 4923 2893 4978 confabulationes
2907 4939 2999 4975 vos
3024 4923 3295 4988 confertis,
3315 4933 3367 4977 et
3393 4925 3592 4995 absque

2015 5019 2258 5088 ampliori
2289 5017 2460 5071 fructu
2487 5016 2610 5070 hinc
2634 5016 2810 5077 abitis,
2835 5030 2951 5084 qua:
2973 5014 3208 5068 utilitas?
3230 5015 3421 5068 Annon
3447 5017 3589 5071 enim

2015 5113 2303 5168 absurdum
2331 5121 2430 5174 est,
2455 5125 2546 5164 eos
2562 5110 2650 5178 qui
2681 5109 2745 5161 ad
2773 5107 3051 5162 smculares
3079 5105 3338 5160 nundinas
3354 5110 3588 5175 veniunt,

2016 5205 2270 5261 sollicitos
2319 5218 2438 5258 esse
2485 5211 2539 5254 ut
2571 5210 2848 5268 antequam
2881 5197 3130 5264 redeant,
3162 5199 3337 5252 omnia
3363 5215 3482 5269 qua:
3525 5218 3589 5256 ex

2015 5297 2268 5353 nundinis
2295 5301 2501 5365 oportet
2535 5293 2778 5361 capiant,
2809 5290 2933 5344 licet
2961 5289 3196 5357 pecunia:
3224 5289 3588 5358 impendenda:

2015 5391 2124 5446 sint
2150 5407 2164 5442 ι
2192 5403 2284 5443 eos
2311 5396 2487 5440 ante.
2517 5383 2604 5453 qui
2635 5383 2738 5436 huc
2761 5381 2827 5435 ad
2855 5379 3155 5448 spirituales
3198 5380 3293 5433 has
3329 5380 3588 5435 nundinas

2013 5483 2268 5546 veniunt,
2312 5493 2418 5532 non
2457 5491 2618 5530 omne
2663 5473 2899 5529 studium
2931 5471 3254 5543 impendere,
3284 5480 3340 5525 ut
3361 5475 3588 5542 acceptis

2015 5574 2261 5636 utilibus,
2312 5579 2368 5625 et
2419 5571 2470 5623 in
2519 5567 2692 5621 anima
2723 5563 2998 5634 depositis,
3040 5563 3318 5626 recedant;
3361 5564 3589 5619 maxime

2015 5683 2134 5722 cum
2173 5664 2316 5718 nullo
2341 5661 2684 5730 pecuniarum
2703 5666 2915 5728 sumptu
2941 5656 3023 5710 hic
3049 5670 3184 5724 opus
3209 5656 3310 5718 sit,
3346 5655 3438 5709 sed
3475 5656 3587 5710 ala-

2015 5759 2206 5816 critate
2231 5757 2340 5810 sola
2371 5763 2422 5809 et
2451 5759 2650 5807 attenta
2677 5748 2892 5804 mente?
2929 5746 2998 5802 Ut
3020 5746 3177 5816 igitur
3211 5761 3276 5799 ne
3299 5745 3589 5800 deteriores

2018 5854 2184 5909 simus
2215 5849 2278 5904 iis
2304 5846 2393 5918 qui
2417 5845 2480 5900 ad
2513 5842 2793 5899 saeculares
2817 5846 3082 5894 mercatus
3106 5835 3304 5891 vadunt
3327 5877 3343 5906 ,
3374 5851 3588 5908 operum
