4062 6396
452 397 557 454 9(ιό

459 516 643 568 demus
665 555 678 575 ,
721 520 775 563 ut
810 519 1061 577 perquam
1088 502 1369 573 vigilantes
1391 501 1559 555 simus
1580 542 1595 563 ,
1624 515 1691 554 ne
1716 497 1891 553 desint
1918 496 2043 550 hinc

454 604 758 676 nngraturis
784 602 1007 661 viatica,
1035 611 1155 667 qua:
1187 610 1290 648 non
1322 593 1494 648 solum
1536 591 1689 646 nobis
1736 590 2037 651 sul’liciant,

451 697 544 751 sed
575 703 632 749 et
649 708 767 764 qua:
788 688 1127 759 suppeditare
1150 685 1416 755 possimus
1441 693 1495 738 et
1532 681 1652 735 aliis
1673 720 1690 745 ,
1735 691 1788 735 et
1818 694 2039 735 uxorem

449 782 789 855 corrigendo,
815 791 871 837 et
897 779 1155 843 fatuulos,
1177 785 1232 831 et
1252 775 1482 831 vicinum
1508 815 1523 839 ,
1555 782 1611 828 et
1633 774 1898 836 amicum,
1934 771 2042 825 imo

451 878 615 932 etiam
646 870 1102 929 inimicum.’l’alia
1129 869 1272 924 enim
1304 874 1430 921 sunt
1452 864 1747 934 spiritualia
1769 864 2039 933 dogmata,

455 966 832 1025 utcummunia
860 963 1109 1018 omnibus
1154 968 1547 1032 proponantur,
1591 956 1840 1025 nullaque
1879 954 1949 1009 sit
1988 954 2039 1006 in

452 1064 533 1117 eis
561 1059 865 1124 diversitas,
898 1056 999 1110 nisi
1030 1054 1242 1123 quando
1267 1051 1386 1122 quis
1409 1050 1577 1119 rnagis
1604 1050 1859 1102 intentam
1888 1047 2044 1101 all‘ert

454 1164 685 1210 tnetitem
708 1193 721 1218 ,
748 1161 802 1207 et
837 1148 1146 1205 ferventiori
1193 1145 1460 1200 desiderio
1501 1144 1663 1198 alium
1693 1141 2040 1196 transcendit.

458 1252 639 1317 Itaque
664 1245 783 1316 quia
814 1252 1017 1297 tantum
1044 1250 1126 1296 est
1155 1256 1223 1295 ex
1254 1238 1352 1293 hac
1385 1236 1624 1291 doctrina
1670 1235 1875 1290 lucrum
1896 1275 1911 1297 ,
1943 1248 2045 1303 age

456 1342 613 1395 hodie
660 1340 792 1393 lecta
822 1338 872 1390 in
909 1334 1141 1390 medium
1172 1346 1567 1402 prepnnamus,
1599 1339 1654 1385 et
1697 1328 1868 1384 fructu
1913 1343 2049 1398 quo.

457 1437 596 1504 piam
628 1432 750 1486 inde
769 1431 1014 1493 culicem,
1037 1428 1255 1481 domum
1285 1424 1586 1479 redeamus.

532 1530 761 1585 Ebrietas
794 1527 906 1581 Noe
929 1523 1181 1593 quomodo
1221 1521 1450 1577 excusari
1494 1518 1686 1572 debeat.
1734 1545 1806 1556 —
1845 1514 1935 1569 20.
1980 1512 2046 1567 Et

455 1624 620 1693 capit,
650 1620 840 1690 inquit,
877 1616 992 1671 Noe
1016 1618 1164 1671 homo
1193 1610 1420 1685 agricola
1442 1621 1607 1674 terras,
1632 1618 1675 1662 et
1700 1607 1947 1674 plantavit
1970 1607 2045 1658 vi-

456 1732 626 1782 neam,
643 1714 733 1769 2|.
751 1724 796 1766 et
823 1710 939 1765 bibit
968 1710 1031 1764 de
1044 1709 1239 1773 vino,et
1263 1704 1537 1759 inebriatus
1567 1712 1658 1757 est.
1677 1700 1811 1754 Vide
1835 1707 2047 1770 quantm

460 1810 614 1866 nobis
635 1805 878 1862 utilitatis
904 1804 1114 1857 occasio
1135 1810 1216 1856 est
1246 1799 1402 1869 hujus
1431 1797 1675 1851 lectionis
1704 1792 2042 1863 prooemium.

458 1899 682 1971 Quando
706 1899 845 1953 enim
874 1895 1135 1957 audimus,
1155 1896 1356 1960 justum
1383 1890 1527 1943 illum
1548 1895 1600 1941 et
1619 1886 1931 1956 perfectum,
1957 1882 2047 1952 qui

461 2002 662 2047 tantum
676 2003 905 2059 superne
923 1986 1125 2053 accepit
1140 1981 1523 2044 testimonium,
1538 1978 1736 2033 bibisse
1752 1984 1805 2029 et
1822 1974 2053 2029 inebria-

462 2095 573 2139 tnm
593 2098 741 2138 esse:
761 2077 1030 2151 quomodo
1060 2091 1156 2129 nos
1184 2073 1430 2144 posthac,
1450 2070 1538 2140 qui
1558 2069 1724 2123 tantis
1746 2078 1800 2121 et
1829 2079 1934 2120 tam
1956 2081 2048 2117 va-

463 2179 558 2233 Iiis
584 2177 816 2248 peccatis
846 2171 1081 2227 immersi
1109 2186 1313 2231 sumus,
1350 2184 1457 2222 non
1489 2180 1675 2235 magna
1702 2162 2049 2216 contentione

461 2270 715 2323 damnum
764 2264 1037 2321 ebrietatis
1085 2262 1318 2330 elingcre
1361 2254 1746 2312 studebimus?
1797 2253 2048 2319 Quamvis

464 2376 569 2414 non
601 2358 740 2413 idem
782 2358 952 2424 ipsum
987 2354 1074 2416 sit,
1105 2353 1304 2421 justum
1342 2350 1491 2404 illum
1539 2348 1641 2402 hoc
1682 2346 1808 2413 vitio
1836 2353 2051 2413 captum

465 2452 646 2516 fuisse,
676 2459 729 2503 et
754 2464 853 2503 nos
884 2448 936 2501 in
966 2445 1103 2500 idem
1134 2443 1389 2498 incidere.
1418 2440 1576 2495 Multa
1603 2440 1744 2493 enim
1768 2446 2053 2505 sunt,qu:e

463 2546 661 2615 justmn
694 2544 837 2597 illum
868 2540 1023 2595 venia
1062 2538 1277 2608 dignum
1310 2535 1604 2591 declarant.
1634 2533 1763 2600 Qua:
1795 2546 1900 2585 non
1932 2530 2053 2583 dico

465 2641 613 2708 quasi
655 2638 964 2692 ebrietatem
1010 2647 1295 2694 excusans,
1334 2628 1428 2684 sed
1453 2628 1826 2683 demonstrans
1853 2625 2053 2693 justum

467 2748 571 2785 nou
608 2745 673 2783 ex
702 2725 1104 2796 intemperantia
1137 2764 1151 2789 ,
1181 2721 1277 2776 sed
1301 2721 1473 2789 potius
1503 2734 1566 2772 ex
1592 2716 1888 2786 ignorantia
1927 2728 2054 2781 snp-

475 2821 765 2889 plantatnm
814 2817 996 2870 fuisse.
1037 2814 1104 2869 Et
1159 2811 1302 2883 quod
1347 2826 1454 2864 non
1508 2809 1579 2862 ita
1610 2806 1925 2874 simpliciter
1947 2804 2053 2857 vini

472 2915 795 2983 potatinuem
825 2910 1086 2964 invenerit
1109 2904 1207 2977 (a),
1241 2904 1363 2958 audi
1386 2903 1717 2971 Scripturam
1740 2901 1856 2966 ejus
1877 2897 2060 2966 apolo-

470 3008 607 3075 giam
636 3003 969 3059 all‘ercntem.
994 3014 1113 3053 cum
1140 2998 1270 3052 dicit
1299 3014 1311 3047 :
1350 2994 1414 3048 Et
1440 2994 1585 3063 carpit
1608 2991 1723 3045 Noe
1745 2991 1893 3043 homo
1920 2989 2059 3060 agri-

469 3099 581 3151 cola
611 3108 776 3162 terra,
809 3105 854 3148 et
891 3092 1136 3164 plantavit
1176 3092 1392 3151 vincam,
1418 3098 1464 3141 et
1500 3085 1620 3139 bibit
1659 3086 1720 3136 de
1747 3085 1881 3145 vino,
1907 3090 1951 3134 et
1974 3082 2053 3133 in-

472 3189 691 3243 ebriatus
716 3196 805 3239 est.
834 3184 977 3238 Istud
1008 3184 1177 3252 ipsum
1209 3180 1349 3250 quod
1383 3178 1570 3246 inquit,
1613 3175 1793 3245 Capit,
1828 3174 2062 3228 ostendit

472 3281 645 3348 ipsum
675 3277 781 3329 vini
807 3273 1019 3330 bibendi
1048 3273 1275 3343 primum
1310 3271 1641 3324 inventorem
1668 3269 1852 3330 fuisse,
1883 3275 1937 3319 et
1968 3279 2062 3333 per

474 3370 845 3442 ignorantiam,
872 3367 1198 3423 nescientem
1226 3367 1421 3433 justam
1466 3378 1678 3418 sumere
1731 3375 2060 3424 mensuram,

475 3468 527 3520 iu
558 3466 869 3520 ebrietatem
918 3458 1188 3514 incidisse.
1246 3457 1429 3526 Neque
1476 3454 1579 3510 hoc
1618 3455 1789 3509 solum
1817 3453 1869 3506 in
1904 3467 2064 3505 causa

474 3566 576 3623 est,
610 3555 703 3611 sed
734 3554 854 3624 quia
897 3568 1088 3622 magna
1134 3549 1415 3606 tenebatur
1466 3548 1698 3611 tristitia,
1757 3555 1811 3601 et
1861 3544 2065 3613 sibiipsi

476 3649 893 3706 consolationem
914 3646 1035 3700 inde
1052 3643 1359 3713 excogitare
1374 3640 1607 3707 volebat,
1628 3641 1764 3696 sicut
1784 3647 1836 3693 et
1854 3639 2069 3707 sapiens

477 3744 694 3815 quidam
725 3742 856 3796 dicit
885 3759 896 3795 :
924 3738 1059 3793 Date
1083 3740 1254 3792 vinum
1279 3737 1341 3789 iis
1368 3735 1455 3806 qui
1480 3736 1531 3787 in
1563 3734 1786 3797 tristitia,
1810 3742 1854 3785 et
1876 3746 2069 3783 merum

479 3839 541 3891 iis
583 3836 671 3905 qui
702 3835 757 3888 in
804 3834 978 3887 dolore
1024 3828 1207 3901 (Prov.
1245 3830 1334 3884 51.
1365 3828 1435 3897 6)
1470 3845 1483 3883 :
1517 3837 1819 3881 monstrans
1865 3823 2068 3877 nullum

482 3943 603 3982 esse
651 3936 760 3981 tam
811 3938 1048 3996 prmsens
1086 3921 1314 3975 tristitiae
1361 3918 1695 3982 remedium,
1750 3932 1908 3987 quam
1961 3915 2071 3968 vini

484 4032 636 4074 nsum
675 4031 691 4081 ;
737 4023 940 4069 tantum
992 4013 1272 4068 utilitatem
1324 4011 1439 4080 ejus
1484 4011 1537 4063 ni
1578 4008 1769 4078 perdat
1813 4008 2073 4075 intempe-

484 4108 676 4163 rantia.
700 4105 852 4174 Quod
887 4114 1062 4159 autem
1095 4105 1145 4159 in
1177 4102 1387 4157 tristitia
1404 4111 1456 4155 et
1472 4116 1701 4156 maerore
1721 4100 1877 4155 fuerit
1897 4099 2073 4168 justus

489 4201 602 4267 ille,
643 4200 830 4254 videns
871 4200 1104 4268 seipsum
1154 4198 1207 4252 in
1248 4205 1394 4251 tanta
1440 4194 1745 4257 solitudine,
1779 4204 1833 4249 et
1862 4195 2072 4248 illormn

487 4292 761 4348 hominum
790 4306 1012 4360 corpora
1057 4301 1182 4345 ante
1218 4291 1400 4342 oculos
1427 4288 1683 4358 projecta,
1711 4297 1765 4342 et
1793 4301 2075 4341 commune

488 4386 725 4440 «mnium
747 4385 1046 4454 sepulcrum
1082 4382 1383 4436 hominibus
1415 4392 1468 4435 et
1518 4381 1683 4435 brutis
1716 4380 1935 4444 factum,
1956 4381 2076 4450 quis

493 4476 810 4548 negaverit?
840 4475 953 4530 Mos
1002 4476 1142 4529 enim
1184 4475 1562 4546 prophetarum
1592 4485 1645 4529 et
1665 4476 1929 4545 justorum
1962 4489 2077 4528 om-

496 4570 638 4625 nium
664 4578 767 4635 est,
806 4582 911 4621 non
942 4581 1037 4636 pro
1061 4567 1123 4619 iis
1145 4566 1419 4620 dumtaxat
1445 4567 1629 4622 dolere
1653 4610 1665 4631 ,
1695 4569 1783 4637 qui
1812 4569 1911 4622 sibi
1954 4583 2079 4638 pro-

496 4661 621 4716 ximi
649 4668 773 4715 sunt
800 4701 813 4724 ,
844 4658 937 4713 sed
968 4669 1019 4712 et
1048 4673 1147 4727 pro
1192 4659 1410 4728 reliquis
1452 4658 1773 4713 hominibus.
1800 4661 1866 4714 Et
1894 4661 1937 4714 si
1961 4661 2080 4730 quis

494 4766 776 4807 recensere
793 4749 938 4816 velit,
967 4749 1203 4803 inveniet
1225 4764 1411 4805 omnes
1437 4750 1575 4804 hunc
1598 4752 2078 4808 commiserationis

494 4844 743 4898 atl'ecmm
773 4858 881 4911 prie
909 4858 967 4897 se
992 4842 1145 4902 ferre.
1163 4850 1217 4896 et
1236 4844 1416 4897 audiet
1443 4843 1630 4898 Isaiam
1655 4845 1867 4914 quidem
1897 4846 2081 4899 dicen-

495 4946 601 4989 tem
632 4951 646 4987 :
682 4932 857 4988 Nolite
884 4934 1203 4997 contendere,
1231 4943 1285 4987 ut
1326 4952 1403 4988 me
1442 4934 1774 4989 consolemini
1803 4937 1858 4990 in
1886 4937 2079 4990 contri-

494 5029 628 5081 tione
653 5027 774 5095 ﬁlia:
797 5028 992 5098 generis
1032 5027 1128 5079 mei
1156 5026 1307 5099 (lsai.
1336 5028 1428 5081 ‘22.
1458 5027 1539 5097 4):
1565 5028 1851 5083 Jeremiam
1878 5040 2079 5096 autem,

497 5120 620 5185 Quis
655 5119 791 5171 dabit
816 5120 970 5188 capiti
1000 5137 1107 5173 meo
1134 5138 1339 5191 aquam,
1370 5130 1416 5175 et
1444 5123 1601 5175 oculis
1628 5124 1750 5175 meis
1781 5100 1966 5194 [bidem
1999 5125 2078 5177 la-

496 5229 784 5283 crymarum
826 5211 957 5283 (Jer.
988 5211 1165 5284 9.1)?
1211 5213 1545 5270 Ezcclticlem
1588 5231 1737 5280 vero,
1778 5215 1892 5269 Heu
1935 5217 2078 5284 mihi,

561 5435 633 5495 (a)
663 5433 718 5505 In
743 5448 905 5505 grteco
925 5435 1106 5505 legitur
1118 5449 1245 5505 vox,
1263 5451 1483 5505 amat»,
1497 5452 1622 5505 (quae
1638 5440 1861 5503 quidem,
1890 5439 1935 5489 si
1953 5441 2010 5489 ad
2032 5441 2089 5489 li-

498 5501 656 5563 teraut
684 5496 1003 5557 intelligatur,
1029 5497 1127 5547 ι·ἱηὶ
1150 5500 1435 5561 putationem
1466 5496 1721 5563 Signiﬁcat.
1757 5496 1859 5551 Sed
1884 5504 1959 5551 lnc
1994 5518 2091 5551 non

498 5560 569 5628 ad.
598 5556 787 5606 literatn
842 5556 963 5628 hanc
1008 5556 1173 5628 vocem
1214 5556 1541 5628 accipiendam
1576 5579 1687 5614 esse
1723 5570 1929 5613 testatur
1962 5566 2090 5626 quod

498 5621 659 5690 reipsa
689 5629 785 5690 sne
811 5621 903 5669 viui
924 5624 1207 5690 putationem
1232 5621 1501 5690 invenerit:
1522 5621 2093 5690 μοι’,οινοπρσίαν,υ1)ῐιὶὶ·ιξις

500 5679 821 5752 intelligentia
847 5679 938 5737 est,
970 5685 1030 5730 ita
1056 5692 1109 5732 ut
1140 5698 1318 5752 sensus
1347 5688 1438 5752 sit,
1462 5679 1569 5752 βόε
1606 5679 1698 5737 non
1734 5679 1883 5738 fuisse
1910 5693 2091 5752 siuqli-

500 5747 640 5850 ξηαπ-⁸
658 5754 852 5851 militum:
878 5752 1124 5795 auctorem
1150 5748 1434 5809 ebrietatis,
1461 5747 1572 5800 licet
1599 5753 1780 5814 j-rimns
1804 5754 1850 5801 in
1878 5747 2089 5803 ebrieta-

531 5818 606 5851 ctn
645 5817 704 5851 nc
726 5822 731 5833 ι
757 5818 828 5851 eu
854 5840 867 5851 .

531 5818 606 5852 ctu
629 5815 867 5855 lttCl'JCt'M.

1201 386 1260 442 8.
1300 384 1580 441 JO.\NNlS
1616 381 2097 439 CllBYSOSTOMl
2137 379 2455 437 ARCIHEP.
2495 378 3038 437 C(XVSTANTINOP.

3632 387 3733 443 266

2148 494 2384 557 Domine,
2419 495 2604 548 delebit
2653 503 2706 547 tu
2745 494 2985 565 reliquias
3031 490 3197 550 Israel
3224 497 3241 564 (
3253 496 3440 552 Esne/1.
3468 500 3518 554 9.
3560 500 3658 563 8)?
3686 514 3737 555 et

2154 588 2425 642 Danielem
2454 588 2852 653 lamentantem,
2876 598 2929 643 et
2949 589 3248 644 dicentem:
3278 589 3536 646 Pauculos
3558 610 3648 647 nos
3667 597 3741 662 [e-

2155 681 2266 734 cisti
2313 681 2446 733 ultra
2472 697 2647 734 omnes
2669 690 2837 749 gentes
2866 679 3029 752 (Dan.
3057 682 3147 751 7):
3189 692 3244 737 et
3275 685 3460 749 Amos,
3489 682 3743 739 Paeniteut

2153 781 2220 833 te.
2245 771 2480 837 Domine,
2502 788 2652 841 super
2672 771 2766 825 hoc
2791 772 2967 844 (Amos
2992 773 3046 826 7.
3074 774 3162 842 5):
3195 782 3250 828 et
3280 774 3544 839 Habacuc,
3572 775 3742 841 Quare

2154 864 2415 917 ostendisti
2461 864 2585 916 mihi
2627 863 2820 917 labores
2845 874 2892 917 et
2933 865 3188 919 molestias
3225 864 3449 933 (llabac.
3483 869 3533 922 1.
3567 868 3652 935 '5)?
3683 881 3736 922 et

2149 955 2376 1020 iterum,
2408 952 2477 1007 Et
2528 956 2752 1026 facturus
2802 972 2854 1009 ss
2900 956 3126 1009 homines
3173 957 3318 1027 quasi
3370 959 3530 1025 pisces
3585 961 3741 1012 maris

2151 1044 2310 1119 (Ibid.
2341 1062 2388 1098 v.
2419 1044 2530 1117 ll):
2560 1054 2615 1100 et
2645 1045 2855 1099 beatum
2882 1044 3043 1099 istum
3073 1043 3282 1100 Mosam
3313 1064 3525 1118 «latique
3553 1049 3736 1102 dicen-

2157 1149 2262 1194 tem
2294 1139 2473 1193 audiet
2504 1156 2519 1193 :
2548 1138 2610 1194 Si
2637 1139 2841 1206 quidem
2865 1139 3075 1193 dimittis
3099 1140 3170 1194 eis
3195 1152 3472 1208 peccatum,
3505 1142 3698 1196 dimitte
3717 1184 3736 1209 ,

2149 1231 2229 1285 sin
2249 1232 2433 1295 minus,
2466 1248 2546 1284 me
2581 1247 2774 1301 quoque
2803 1230 2914 1285 dele
2942 1230 3136 1303 (Exod.
3166 1233 3256 1287 52.
3287 1233 3400 1299 32).
3435 1235 3499 1287 Et
3528 1236 3739 1300 iterum,

2148 1336 2269 1377 eum
2294 1321 2627 1389 promisisset
2655 1322 2731 1375 illi
2756 1322 2895 1376 Deus
2921 1322 3137 1392 majoris
3156 1325 3334 1393 populi
3370 1324 3735 1393 praefecturam

2150 1428 2209 1467 se
2243 1412 2560 1466 traditurum
2581 1452 2596 1477 ,
2619 1422 2675 1466 et
2715 1411 2974 1479 dixisset,
3002 1411 3214 1467 Dimitte
3242 1430 3351 1478 me,
3375 1425 3422 1466 et
3452 1413 3622 1468 delebo
3651 1416 3745 1467 ho-

2149 1506 2308 1559 mines
2338 1505 2476 1569 istos,
2506 1515 2551 1559 et
2579 1505 2766 1576 faciam
2793 1505 2915 1558 tein
2939 1514 3138 1576 gentem
3166 1522 3403 1576 magnam
3429 1506 3621 1575 (Exod.
3645 1506 3737 1560 52.

2153 1596 2240 1665 l0)
2282 1614 2296 1649 :
2347 1612 2518 1665 neque
2571 1596 2674 1650 hoc
2717 1595 2911 1661 voluit,
2959 1596 3053 1651 sed
3095 1611 3326 1666 pratesse
3375 1599 3491 1652 istis
3535 1598 3739 1653 maluit.

2154 1690 2284 1745 Item
2314 1689 2467 1745 orbis
2500 1690 2691 1745 doctor
2725 1689 2911 1744 beatus
2942 1689 3137 1744 Paulus
3169 1707 3183 1744 :
3219 1689 3470 1762 Optabam
3508 1692 3614 1759 ipse
3650 1708 3744 1759 ego

2150 1781 2422 1835 anathema
2464 1798 2571 1835 esse
2610 1797 2643 1834 a
2689 1779 2890 1836 Christo
2937 1798 3029 1851 pro
3079 1782 3323 1854 fratribus
3346 1786 3490 1849 meis,
3517 1784 3748 1852 cognatis

2152 1875 2275 1926 meis
2298 1874 2571 1926 secundant
2597 1889 2800 1927 carnem
2824 1872 3004 1943 (Rom.
3034 1873 3088 1928 9.
3115 1873 3197 1945 5).

2226 1967 2277 2021 5.
2314 1964 2533 2020 Vidistis
2552 1965 2819 2035 quomodo
2839 1966 2965 2033 justi
2985 1980 3173 2020 omnes
3195 1981 3437 2035 magnam
3463 1967 3752 2020 commise-

2153 2061 2413 2115 rationem
2443 2075 2567 2129 erga
2594 2060 2873 2129 proximos
2901 2074 3012 2129 pne
3032 2072 3092 2113 se
3118 2059 3378 2113 ferebant.
3405 2056 3752 2114 Considerate

2154 2168 2297 2208 nunc
2346 2151 2614 2223 quomodo
2659 2161 2715 2207 et
2750 2152 2924 2221 juStus
2954 2152 3043 2206 ille
3072 2166 3132 2206 se
3164 2152 3408 2206 habuerit
3432 2191 3449 2216 ,
3478 2150 3749 2221 quomodo

2155 2246 2451 2301 verisimile
2487 2254 2570 2300 est
2606 2260 2729 2299 eum
2769 2243 2933 2299 fuisse
2982 2243 3271 2309 allectum;
3315 2253 3371 2299 et
3409 2245 3676 2314 quomodo
3717 2260 3753 2297 a

2156 2340 2363 2394 tristitia
2399 2339 2821 2408 deprimeretur,
2858 2353 2980 2391 cum
3024 2338 3231 2393 videret
3271 2347 3377 2391 tam
3434 2340 3751 2392 immensam

2157 2431 2516 2496 solitudinem,
2566 2439 2620 2484 et
2658 2438 2853 2484 terram
2886 2429 3051 2492 illam,
3087 2444 3207 2498 quae
3245 2437 3398 2483 antea
3440 2438 3544 2481 tam
3588 2428 3753 2480 variis

2157 2522 2455 2578 luxuriabat
2476 2520 2689 2591 plantis,
2705 2529 2759 2575 et
2775 2520 2995 2574 ﬂoribus
3015 2519 3324 2585 ornabatur,
3355 2528 3574 2587 repente
3598 2518 3753 2587 quasi

2159 2614 2436 2684 spoliatam
2483 2614 2650 2666 comis
2685 2623 2735 2666 et
2775 2612 2967 2665 nudam
3002 2621 3055 2665 et
3098 2610 3409 2665 solitariam.
3455 2610 3591 2664 Cum
3625 2625 3757 2679 ergo

2163 2716 2269 2761 tam
2301 2708 2595 2760 invaluerat
2626 2720 2847 2769 mmror,
2880 2720 3093 2775 parvam
3124 2708 3407 2775 quamdam
3438 2704 3531 2757 sibi
3564 2719 3757 2757 conso-

2161 2798 2411 2853 lationem
2442 2799 2747 2867 excogitans
2767 2840 2781 2863 ,
2814 2808 2969 2852 terrae
2999 2797 3240 2851 colenda:
3280 2812 3398 2850 sese
3426 2796 3626 2851 dedidit
3656 2813 3673 2847 :
3700 2805 3759 2848 et

2162 2890 2359 2944 idcirco
2388 2891 2479 2949 ait.
2514 2889 2577 2942 Et
2606 2890 2752 2958 capit
2787 2886 2901 2943 Nae
2922 2890 3070 2942 homo
3096 2889 3320 2958 agricola
3345 2899 3510 2952 terras,
3538 2899 3584 2941 et
3616 2890 3758 2956 plau-

2166 2992 2284 3035 tatnt
2311 2984 2524 3036 vineam.

2237 3073 2377 3129 Nam
2412 3073 2651 3127 invenerit
2698 3073 2846 3126 vitem
2878 3070 3012 3127 Noe.
3044 3101 3118 3112 —
3151 3071 3257 3127 Sed
3278 3072 3397 3142 jure
3438 3071 3524 3125 hic
3557 3071 3755 3141 qmcri-

2166 3174 2281 3232 tur,
2301 3180 2366 3217 an
2397 3164 2511 3232 ipse
2542 3179 2681 3217 nunc
2723 3163 2955 3232 plantam
2988 3164 3273 3229 invenerit,
3302 3163 3389 3218 vel
3420 3174 3571 3216 antea
3600 3174 3654 3217 et
3682 3162 3755 3216 ab

2165 3257 2317 3312 initio
2345 3257 2501 3311 fuerit
2530 3254 2807 3325 producta.
2830 3254 3133 3310 Verisimile
3162 3265 3245 3310 est
3271 3270 3390 3310 eam
3420 3264 3573 3307 antea
3603 3262 3659 3308 et
3686 3254 3758 3307 ab

2168 3348 2318 3403 initio
2341 3347 2502 3402 fuisse
2530 3348 2580 3400 in
2612 3362 2704 3401 sex
2733 3346 3045 3401 illisdicbns
3072 3356 3327 3413 creatam,
3362 3346 3575 3414 quando
3614 3344 3757 3398 Vidit

2167 3439 2306 3493 Deus
2326 3440 2495 3492 omnia
2523 3454 2637 3510 qua:
2658 3439 2796 3508 fecit,
2815 3447 2861 3491 et
2885 3448 3030 3493 erant
3060 3439 3205 3492 valde
3228 3439 3360 3492 bona
3387 3438 3537 3511 (Cen.
3571 3443 3618 3492 ί.
3643 3439 3760 3508 5|).

2171 3534 2394 3603 (Quievit
2416 3533 2579 3596 enim,
2608 3531 2823 3587 dicente
2861 3532 3163 3602 Scriptura,
3190 3534 3322 3586 Deus
3349 3534 3431 3587 die
3459 3535 3670 3602 septimo
3696 3536 3767 3587 ab

2169 3625 2399 3678 omnibus
2421 3626 2657 3692 operibus
2681 3626 2785 3679 suis
2805 3641 2917 3693 qua:
2942 3627 3060 3695 fecit
3078 3624 3227 3697 [Gem
3254 3626 3312 3681 2.
3329 3625 3442 3698 2]):
3470 3643 3566 3680 nec
3583 3635 3766 3681 tamen

2171 3732 2324 3771 usum
2349 3714 2551 3770 fructus
2574 3732 2644 3770 ex
2676 3717 2761 3770 illa
2788 3716 3125 3777 manifestum
3142 3717 3326 3773 fuisse.
3351 3718 3483 3772 Nam
3504 3721 3548 3773 si
3571 3719 3764 3773 luisset

2173 3806 2241 3860 ab
2281 3806 2439 3860 initio
2479 3816 2653 3871 notus,
2696 3806 2915 3860 omnino
2964 3808 3098 3862 Abel
3145 3808 3285 3862 inter
3321 3809 3529 3862 oblatas
3561 3807 3771 3865 hostias

2174 3898 2333 3951 etiam
2359 3898 2539 3951 vinum
2580 3898 2817 3955 libasset.
2844 3898 3040 3953 Verum
3069 3900 3192 3969 quia
3225 3902 3539 3970 ignorabant
3584 3901 3768 3956 adhuc

2175 3989 2380 4045 fructus
2431 4007 2605 4057 usum,
2661 3992 2840 4061 planta
2887 3991 2987 4048 hac
3016 3994 3102 4047 usi
3136 4008 3241 4046 non
3284 4003 3426 4047 sunt.
3464 3994 3560 4048 Hic
3584 4004 3773 4049 autem

2177 4083 2513 4151 agricultura:
2542 4082 2833 4150 studiosus,
2873 4094 2928 4139 et
2948 4100 3152 4154 magnae
3182 4085 3470 4156 diligentia:
3498 4087 3596 4149 vir,
3628 4087 3773 4141 forte

2178 4174 2337 4228 etiam
2370 4173 2597 4227 fructum
2627 4173 2949 4244 degustavit,
3000 4185 3053 4231 et
3094 4178 3340 4231 contritis
3390 4178 3558 4233 bolris
3585 4178 3781 4232 vinum

2181 4266 2325 4330 fecit,
2358 4280 2529 4336 eoque
2558 4282 2683 4320 usus
2706 4275 2809 4321 est.
2840 4268 2904 4322 Et
2931 4269 3053 4343 quia
3091 4286 3262 4339 neque
3307 4273 3421 4340 ipse
3466 4281 3778 4341 gustaverat

2183 4359 2351 4428 prius,
2409 4375 2582 4428 neque
2622 4360 2781 4414 alium
2805 4362 3007 4415 sciebat
3043 4364 3131 4431 qui
3180 4365 3521 4432 gustavisset,
3556 4365 3785 4434 ignarus

2183 4466 2284 4519 qua
2319 4465 2565 4504 mensura
2595 4461 2647 4505 et
2671 4467 2772 4521 qua
2805 4451 3013 4508 ratione
3039 4451 3389 4519 uti-debebat,
3408 4471 3504 4525 per
3524 4454 3779 4525 ignorau-

2187 4546 2316 4597 tiam
2341 4544 2390 4597 in
2417 4544 2730 4598 ebrietatem
2763 4546 2963 4599 incidit.
3000 4546 3284 4614 Prmterea,
3314 4549 3564 4617 quoaiam
3596 4551 3788 4603 carnis

2186 4650 2312 4689 esus
2337 4635 2388 4689 in
2416 4637 2575 4689 vitam
2598 4636 2733 4690 hanc
2752 4637 3086 4693 introductus
3107 4638 3224 4701 fuit,
3255 4650 3436 4709 postea
3462 4651 3515 4694 et
3542 4641 3651 4695 vini
3680 4656 3781 4710 po-

2189 4736 2271 4781 tus
2296 4728 2542 4781 accessit.
2592 4727 2719 4781 Vide
2746 4738 2943 4793 autem,
2972 4730 3182 4791 dilecte,
3212 4731 3483 4800 quomodo
3512 4733 3775 4800 paulatim

2187 4820 2370 4875 mundi
2414 4819 2721 4875 constitutio
2759 4821 3104 4892 dispensetur
3134 4822 3284 4895 (Gen.
3316 4822 3394 4896 4),
3426 4833 3481 4877 et
3525 4825 3785 4894 quilibet,

2187 4911 2478 4965 secundum
2520 4912 2830 4981 sapientiam
2870 4930 2897 4966 a
2941 4915 3049 4969 Deo
3085 4926 3286 4969 natura:
3329 4916 3550 4969 inditam
3577 4959 3593 4983 ,
3626 4917 3785 4971 initio

2191 5007 2321 5058 artis
2345 5004 2569 5072 alicujus
2600 5006 2845 5060 inventor
2872 5006 2943 5059 sit
2975 5023 2988 5059 :
3026 5006 3105 5061 sic
3144 5008 3196 5059 in
3227 5006 3366 5060 hanc
3394 5010 3557 5059 vitam
3580 5008 3785 5061 artium

2191 5096 2358 5149 smdia
2392 5106 2515 5149 sunt
2537 5096 2859 5149 introducta.
2894 5096 3104 5151 Primus
3123 5098 3265 5152 enim
3289 5099 3663 5168 agriculturam
3692 5100 3785 5153 in-

2190 5188 2356 5252 venit,
2382 5187 2646 5242 secundns
2666 5197 2833 5242 artem
2862 5189 3201 5257 pastoralem,
3224 5190 3359 5245 alius
3376 5191 3787 5259 armentariam,

2191 5279 2327 5332 alius
2350 5279 2629 5345 musicam,
2649 5280 2785 5333 alius
2812 5279 3091 5335 fabrilem:
3114 5281 3201 5336 hic
3216 5292 3392 5336 autem
3418 5282 3595 5351 justus
3612 5283 3790 5339 vineae

2196 5371 2434 5426 colenda:
2464 5382 2632 5427 artem
2660 5373 2887 5427 naturali
2910 5374 3125 5427 solertia
3152 5375 3495 5444 excogitavit.
3525 5374 3591 5428 Et
3612 5377 3792 5447 coepit,

2199 5463 2388 5531 inquit,
2427 5460 2543 5516 Noe
2577 5463 2725 5516 homo
2749 5465 2974 5534 agricola
3015 5473 3182 5530 ιιι-τω,
3212 5474 3257 5517 et
3298 5465 3542 5535 plantavit
3572 5468 3794 5535 vineam,

2198 5565 2247 5609 et
2278 5555 2397 5608 bibit
2438 5572 2466 5608 e
2492 5557 2628 5623 vino,
2662 5566 2711 5611 et
2755 5558 3030 5611 inebriatus
3052 5567 3147 5611 est.
3169 5556 3354 5627 Cogita
3382 5560 3650 5627 quomodo
3690 5559 3799 5616 hoc

2200 5649 2428 5703 tristitiae
2452 5649 2921 5716 medicamentum,
2951 5651 3160 5705 sanitati
3208 5651 3458 5721 parandas
3493 5664 3697 5722 aptum,
3743 5655 3800 5710 ei

2200 5741 2287 5807 qui
2321 5740 2533 5793 modum
2567 5757 2661 5808 per
2697 5741 3049 5810 ignorantiam
3094 5743 3443 5808 transcendit,
3479 5761 3583 5801 non
3614 5746 3797 5801 solum

2210 5832 2339 5889 nihil
2370 5834 2585 5903 proluit.
2611 5834 2706 5891 sed
2727 5844 2779 5891 et
2799 5844 2995 5891 statum
3021 5835 3145 5901 ejus,
3163 5834 3407 5890 offendit.
