4062 6396
429 371 542 430 255

517 485 657 540 Ἀλλ’
687 484 819 550 ἴσως
847 485 988 539 είποι
1017 501 1102 548 τις
1134 483 1200 539 ἀν
1221 501 1235 517 ·
1289 485 1398 540 Καὶ
1430 485 1573 549 τίνος
1604 484 1787 538 ἕνεκεν
1831 483 2100 538 τοσούτων

434 572 587 647 [284]
622 575 789 645 γέμον
816 574 999 628 κακῶν
1034 573 1200 642 φυτὸν
1247 573 1327 636 είς
1371 571 1461 625 τὸν
1496 572 1608 642 βίον
1663 571 1981 643 είσηνέχθη;
2009 569 2100 641 Μὴ

432 662 621 725 ἁπλῶς
643 663 711 715 τά
738 662 958 714 ἐπιόντα
988 659 1246 730 φθέγγου,
1281 660 1556 730 ἄνθρωπε.
1591 660 1665 713 Ού
1693 659 1801 730 γὰρ
1847 659 1908 711 τὸ
1936 657 2100 728 φυτὸν

433 748 620 812 κακὸν,
637 747 759 801 οὕτε
784 749 813 800 ό
833 744 974 811 οἶνος
999 747 1255 818 πονηρὸν,
1277 747 1442 818 ἀλλ’ἢ
1476 745 1626 817 παρά
1656 746 1718 798 τὸ
1744 746 1859 799 δέον
1882 745 2096 816 χρῆσις.

437 837 558 888 Ὀτι
589 835 696 906 γὰρ
731 835 794 887 ού
828 835 978 906 παρά
1005 835 1096 886 τὸν
1119 830 1260 886 οῐνον
1289 833 1356 886 τά
1380 835 1748 904 ἁμαρτήματα
1772 832 1842 885 τά
1882 832 2100 903 ὀλέθρια

431 921 691 986 τίκτεται,
719 921 853 975 ἀλλά
881 921 1032 992 παρὰ
1058 920 1158 992 τὴν
1191 919 1586 990 διεφθαρμένην
1624 919 1866 990 γνώμην,
1902 919 1995 972 καὶ
2023 917 2099 990 τῷ

429 1010 496 1078 τῇ
521 1007 756 1078 ἀμετρίᾳ
781 1007 1137 1077 λυμαίνεσθαι
1163 1008 1260 1078 τὴν
1283 1008 1346 1060 ἐκ
1367 1007 1554 1059 τούτου
1579 1005 1934 1076 ἐγγινομένην
1963 1005 2101 1074 ὠφέ-

432 1094 579 1148 λειαν
603 1111 615 1125 ·
645 1094 732 1148 διὰ
761 1096 915 1148 τοῦτο
944 1094 1038 1148 νῦν
1072 1096 1209 1166 μετά
1237 1095 1328 1148 τὸν
1349 1095 1730 1164 κατακλυσμὸν
1751 1093 1987 1147 δείκνυσί
2016 1109 2097 1146 σοι

430 1180 525 1234 τοῦ
550 1182 692 1234 οῖνου
726 1183 822 1253 τὴν
855 1186 1069 1253 χρῆσιν,
1129 1184 1214 1235 ἵνα
1246 1183 1421 1255 μάθῃς
1452 1184 1533 1234 ὅτι
1588 1185 1681 1234 καὶ
1713 1185 1818 1252 πρὸ
1863 1181 1962 1250 τῆς
2003 1179 2097 1233 τοῦ

429 1268 572 1324 οἴνου
606 1271 851 1340 χρήσεως
874 1271 966 1322 καὶ
995 1272 1075 1332 εἰς
1095 1270 1381 1338 ἀσέλγειαν
1409 1268 1851 1339 ύπερὸάλλουσαν
1885 1268 2100 1332 ἐξώκεισ

428 1353 520 1408 λεν
546 1358 578 1427 ή
603 1356 711 1408 τῶν
731 1356 1030 1425 ἀνθρώπων
1061 1357 1239 1425 φύσις,
1277 1358 1368 1409 καὶ
1394 1357 1592 1427 πολλὴν
1629 1356 1735 1409 τῶν
1768 1357 2099 1426 ἁμαρτημά-

431 1459 540 1495 των
566 1444 664 1512 τὴν
699 1445 949 1497 ἐπίτασιν
978 1444 1308 1508 ἐπεδείξατο,
1339 1445 1433 1498 καὶ
1464 1445 1638 1497 ταῦτα
1669 1446 1811 1497 οίνου
1846 1443 2095 1514 μηδαμοῦ

431 1530 754 1600 φαινομένου
775 1547 787 1558 ·
829 1530 915 1583 ἵνα
939 1532 1029 1583 καὶ
1054 1532 1181 1584 ὅταν
1215 1531 1328 1602 ἴδῃς
1352 1531 1450 1601 τὴν
1479 1530 1570 1584 τοῦ
1603 1533 1743 1584 οῐνου
1770 1531 1986 1602 χρῆσιν,
2022 1530 2096 1602 μὴ

428 1614 506 1679 τῷ
529 1617 654 1686 οῖνῳ
684 1617 746 1669 τὸ
765 1618 872 1669 πᾶν
909 1617 1117 1688 λογίσῃ,
1146 1617 1280 1670 ἀλλά
1307 1620 1372 1687 τῇ
1406 1617 1719 1688 προαιρέσει
1753 1620 1818 1688 τῇ
1845 1617 2098 1690 διεφθαρ-

431 1702 588 1774 μένη,
620 1704 713 1756 καὶ
765 1705 902 1773 πρὸς
947 1705 1044 1775 τὴν
1081 1705 1278 1758 κακίαν
1308 1705 1746 1776 αὐτομολησάσῃ.
1785 1705 1993 1768 ’Ἄλλως
2040 1705 2096 1758 δὲ

430 1792 523 1844 καὶ
561 1792 809 1862 ἐννόησον
844 1791 946 1845 ποῦ
981 1794 1252 1864 χρήσιμος
1277 1793 1498 1862 γέγονεν
1529 1795 1558 1846 ὁ
1583 1789 1744 1858 οἶνος,
1767 1792 1860 1846 καὶ
1886 1793 2092 1863 φρῖεον,

429 1877 702 1949 ἄνθρωπε.
733 1879 797 1932 Ἡ
819 1881 925 1949 γὰρ
948 1880 1202 1942 ὑπόθεσις
1228 1882 1325 1950 τῆς
1345 1881 1613 1951 σωτηρίας
1640 1880 1798 1952 ἡμῶν
1822 1879 1930 1933 τῶν
1955 1883 2094 1947 ἀγαο

427 1964 537 2019 θῶν
564 1965 652 2018 διὰ
677 1966 864 2018 τούτου
899 1967 1152 2020 τελεῖται.
1191 1968 1397 2021 Ἰσασιν
1421 1969 1468 2020 οἱ
1496 1969 1834 2038 μεμυημένοι
1867 1967 1928 2020 τὸ
1952 1967 2096 2036 λεγό-

429 2070 607 2122 μενον.
639 2055 743 2108 Kal
772 2055 994 2124 ἤρξατο
1037 2055 1202 2121 Νῶε,
1255 2057 1440 2126 φησὶν,
1497 2057 1804 2124 ἅνθρωπος
1842 2058 2094 2126 γεωργὸς

426 2137 561 2209 γῆς,
607 2142 706 2195 xal
759 2143 1093 2210 ἐφύτευσεν
1123 2143 1482 2212 ἀμπελῶνα,
1531 2143 1628 2198 καί
1674 2143 1844 2197 ἔπιεν
1890 2145 1958 2196 ἐκ
1988 2144 2094 2197 τοῦ

425 2225 615 2290 οινου,
639 2227 735 2280 καί
770 2228 1091 2296 ἐμεθύσθη,
1122 2228 1220 2283 καί
1247 2228 1558 2299 ἐγυμνώθη
1601 2230 1669 2281 ἐν
1707 2229 1786 2294 τῷ
1813 2229 1956 2296 οἴκῳ
1985 2232 2092 2283 αὑ-

425 2311 551 2364 τοῦ.
583 2315 762 2367 Δεινὸν
789 2316 914 2386 γὰρ,
963 2315 1157 2379 δεινὸν,
1204 2316 1476 2385 ἀγαπητὲ,
1514 2317 1547 2386 ἡ
1579 2315 1738 2385 μέθη,
1783 2317 1877 2368 καὶ
1934 2317 2094 2389 ίκανὴ

424 2399 680 2471 πηρῶσαι
707 2401 804 2465 τάς
827 2402 1124 2473 αἰσθήσεις,
1157 2403 1250 2455 καὶ
1275 2402 1674 2456 καταϐαπτίσαι
1697 2402 1786 2455 τὸν
1812 2401 2090 2473 λογισμόν.

423 2485 529 2537 Τὸν
558 2485 665 2556 γὰρ
687 2487 900 2555 λογικὸν
923 2487 1227 2560 ἄνθρωπον,
1259 2489 1353 2541 καὶ
1376 2488 1473 2558 τὴν
1502 2489 1644 2541 κατὰ
1665 2488 1882 2541 πάντων
1920 2489 2092 2560 ἀρχὴν

423 2572 864 2644 ἀναδεδεγμένον,
888 2575 1134 2646 καθάπερ
1151 2575 1340 2647 νεκρὸν
1365 2576 1459 2630 καὶ
1478 2577 1857 2648 ἀνενέργητον,
1876 2577 2094 2646 δεσμοῖς

423 2675 564 2712 τισιν
591 2661 804 2725 ἀλύτοις
847 2663 1126 2733 πεδήσασα
1162 2662 1372 2716 κεῖσθαι
1409 2663 1845 2734 παρασκευάζει·
1895 2665 2093 2734 μᾶλλον

421 2746 481 2799 δέ
508 2750 601 2801 καὶ⁵
630 2750 825 2820 νεκροῦ
855 2754 1055 2822 χεῖρον.
1100 2753 1159 2805 '0
1188 2751 1285 2822 μὲν
1313 2751 1422 2823 γάρ
1445 2753 1537 2804 καὶ
1565 2753 1699 2822 πρὸς
1728 2752 1795 2804 τὰ
1825 2751 1966 2805 καλά
2000 2752 2092 2804 καὶ

423 2833 561 2904 πρὸς
579 2836 647 2889 τά
669 2838 812 2892 κακά
850 2840 1206 2910 ἀνενέργητος
1253 2839 1530 2908 τυγχάνει,
1557 2834 1709 2901 οὗτος
1744 2839 1799 2891 δέ
1831 2839 1966 2910 πρὸς
1994 2839 2091 2909 μὲν

422 2921 492 2973 τὰ
515 2922 656 2976 καλά
687 2925 1067 2997 ἀνενέργητος,
1105 2926 1240 2996 πρὸς
1267 2927 1324 2978 δέ
1349 2926 1418 2978 τά
1452 2926 1597 2978 κακά
1625 2925 1823 2995 μᾶλλον
1857 2927 2088 2994 ἐνεργεῖ,

424 3010 519 3061 καὶ
548 3011 725 3074 κοινὸς
770 3014 902 3066 πᾶσι
943 3013 1115 3080 γέλως
1161 3014 1467 3082 πρόκειται,
1527 3014 1620 3064 καὶ
1650 3015 1713 3082 τῇ
1755 3014 1972 3081 γυναικὶ
2000 3013 2092 3065 καὶ

422 3097 537 3160 τοῖς
572 3098 804 3162 παιδίοις
834 3101 928 3152 καὶ
951 3101 1134 3163 αὐτοῖς
1157 3104 1268 3162 τοῖς
1295 3101 1551 3162 οἰκέταις.
1589 3101 1651 3151 Οί
1686 3101 1782 3168 μὲν
1808 3100 1915 3170 γὰρ
1951 3101 2091 3169 φίλοι

423 3182 628 3236 οίκείαν
658 3183 758 3255 τὴν
809 3186 1069 3257 αἰσχύνην
1125 3185 1460 3256 λογιζόμενοι
1517 3185 1963 3253 ἐγκαλύπτονται,
1999 3188 2091 3240 καὶ

425 3271 790 3340 αἰσχύνονται,
824 3275 874 3324 οί
905 3274 961 3326 δὲ
991 3273 1172 3343 ἐχθροὶ
1210 3274 1493 3343 ἐφήδονται
1524 3273 1618 3325 καὶ
1649 3273 1966 3344 κωμῳδοῦσι
1998 3276 2092 3328 καὶ

423 3357 754 3428 ἐπαρῶνται,
787 3361 1065 3428 μονονουχὶ
1085 3359 1256 3413 ταῦτα
1278 3360 1523 3427 λέγοντες
1554 3359 1622 3412 τά
1672 3363 1888 3430 ῥήματα
1914 3377 1928 3391 ο
1962 3361 2091 3415 τοῦ-

423 3460 513 3496 τον
534 3443 612 3497 δεῖ
641 3445 898 3499 ἀναπνεῖν
930 3447 1019 3500 τὸν
1049 3448 1216 3519 ἀέρα;
1247 3448 1308 3501 τὸ
1342 3448 1613 3518 βόσκημα,
1644 3449 1734 3502 τὸν
1763 3453 1964 3520 χοῖρον,
1995 3452 2089 3505 καὶ

422 3529 502 3584 ἔτι
530 3532 731 3587 τούτων
760 3534 1115 3604 χαλεπώτερα
1147 3535 1526 3606 φθεγγόμενοι.
1554 3537 1674 3589 Τῶν
1702 3537 1809 3608 γάρ
1843 3538 1951 3591 ἀπὸ
1983 3537 2088 3591 τῶν

425 3619 676 3690 πολέμων
703 3621 1123 3688 ἐπανελθόντων,
1150 3623 1242 3677 καὶ
1269 3624 1367 3686 τὰς
1393 3627 1581 3694 χεῖρας
1604 3626 1925 3694 ᾑμαγμένας
1949 3625 2092 3696 ἐχόνο

419 3722 550 3772 των,
597 3710 688 3761 καὶ
735 3708 975 3780 φοράδην
1023 3709 1304 3780 ἀγομένων
1351 3713 1529 3781 χεῖρον
1573 3708 1716 3765 οὗτοι
1767 3713 2086 3767 διάκεινται.

435 3793 704 3860 Ἐκείνους
732 3795 834 3866 μὲν
863 3797 968 3867 γάρ
999 3798 1127 3860 ίσως
1149 3797 1239 3850 καὶ
1260 3797 1695 3868 ἐγκωμιάζουσιν
1716 3801 1764 3852 οί
1799 3800 1982 3852 πολλοὶ
2003 3801 2090 3854 διά

420 3881 491 3935 τά
520 3883 787 3954 τρόπαια,
831 3884 918 3939 διά
942 3898 944 3900 ⁷
966 3886 1062 3948 τάς
1105 3886 1280 3949 νίκας,
1315 3886 1402 3940 διὰ
1437 3886 1505 3940 τά
1532 3887 1819 3958 τραύματα
1869 3890 1961 3942 καὶ
1990 3889 2088 3952 τάς

423 3966 636 4034 σφαγάς
655 3984 668 3997 ο
699 3967 940 4031 ,τούτους
983 3969 1038 4021 δὲ
1071 3969 1468 4034 ταλανίζουσιν,
1486 3970 1702 4033 ἀθλίους
1731 3971 2085 4037 ἀποκαλοῦσι,

422 4053 591 4124 μυρία
611 4055 792 4118 αὐτοῖς
814 4057 1122 4126 ἐπαρῶνται
1149 4057 1313 4110 κακά.
1346 4058 1410 4110 Τί
1439 4057 1545 4129 γὰρ
1568 4058 1633 4110 ἂν
1650 4059 1734 4127 εἴη
1764 4057 2087 4130 ἀθλιώτερον

421 4139 516 4192 τοῦ
545 4143 610 4212 τῇ
635 4142 773 4215 μέθῃ
810 4143 1251 4214 προσηλωμένον,
1287 4145 1382 4198 καὶ
1435 4146 1558 4198 καθ’
1598 4145 1835 4216 ἑκάστην
1874 4146 2087 4218 ἡμέραν

418 4227 512 4279 τὸν
535 4228 772 4299 ἄκρατον
797 4231 1146 4300 ἐκχεομένου,
1170 4232 1265 4286 καὶ
1291 4231 1398 4286 τῶν
1423 4232 1701 4304 λογισμῶν
1720 4234 1781 4286 τὸ
1807 4237 2087 4304 κριτήριον

417 4313 857 4386 διαφθείροντος;
887 4318 984 4370 Διά
1010 4319 1166 4372 τοῦτο
1188 4320 1281 4372 καὶ
1304 4321 1467 4390 σοφός
1491 4339 1571 4384 τις
1603 4322 1839 4392 παρῄνει
1869 4321 2041 4389 λέγων
2067 4340 2084 4356 ⁸

431 4401 601 4470 Ἀρχὴ
628 4401 776 4472 ζῗοῆς
797 4404 1108 4472 ἀνθρώπου
1138 4406 1317 4474 ἀρτος
1349 4408 1446 4461 καί
1489 4408 1644 4474 ὕδωρ
1682 4409 1778 4462 καί
1833 4407 2082 4477 Ιμάτιον,

418 4489 517 4543 καί
544 4485 709 4556 οἷκος
734 4493 1054 4546 καλύπτων
1078 4494 1522 4564 ἀσχημοσύνην
1539 4539 1552 4560 ,
1594 4496 1680 4548 ἵνα
1730 4495 1834 4549 κᾶν
1865 4496 1975 4567 ἁλῷ
2001 4515 2084 4561 τις

419 4577 525 4630 ὑπὸ
553 4577 652 4648 τῆς
681 4577 869 4649 μέθης,
904 4581 979 4650 μὴ
1013 4581 1456 4653 ἐκπομπεύηται,
1511 4583 1647 4653 μηδέ
1670 4583 2081 4655 δημοσιεύηται,

416 4669 553 4723 ἀλλά
583 4669 676 4722 καὶ
700 4669 804 4722 ὑπὸ
829 4669 939 4722 τῶν
964 4669 1178 4723 οἰκείων
1202 4672 1620 4743 περιστέλληται
1642 4713 1656 4737 ,
1691 4674 1786 4726 καὶ
1838 4674 1911 4744 μὴ
1947 4691 2082 4744 προ-

416 4761 610 4828 κέηται
640 4759 773 4811 πᾶσι
816 4757 1051 4827 γέλωτος
1093 4762 1186 4813 καὶ
1230 4761 1620 4832 ἀσχημοσύνης
1664 4762 1938 4826 ὑπόθεσις.
1971 4764 2081 4818 Kal

416 4845 659 4914 ἤρξατο,
685 4848 838 4918 φησὶ,
872 4847 1001 4900 Νῶε
1025 4848 1336 4917 ἅνθρωπος
1365 4851 1618 4919 γεωργὸς
1647 4850 1775 4920 γῆς,
1806 4851 1901 4904 καὶ
1941 4851 2084 4920 ἐφύ-

413 4949 632 4987 τευσεν
651 4933 997 5003 ἀμπελῶνα,
1023 4937 1120 4990 καί
1150 4935 1320 4990 ἔπιεν
1343 4938 1410 4990 ἐκ
1431 4937 1537 4990 τοῦ
1565 4939 1734 4992 οἴνου
1755 4977 1768 5001 ,
1809 4939 1907 4992 καί
1945 4939 2079 5008 ἐμε-

415 5023 634 5089 θύσθη.

484 5109 546 5163 δ’.
573 5110 647 5162 Τὸ
658 5109 755 5180 τῆς
773 5109 943 5181 μέθης
960 5112 1152 5183 ὄνομα,
1172 5113 1443 5186 άγαπητὲ,
1468 5115 1559 5168 ἐπὶ
1574 5114 1672 5184 τῆς
1687 5117 1845 5184 ἁγίας
1858 5117 2080 5189 Γραφῆς

410 5197 474 5250 ού
501 5196 774 5267 πανταχοῦ
831 5199 924 5252 ἐπὶ
957 5199 1146 5253 τούτου
1189 5203 1423 5273 εἴρηται,
1471 5203 1608 5256 ἀλλά
1666 5209 1759 5258 καὶ
1796 5208 1944 5279 [283]
1988 5208 2080 5260 ἐπὶ

413 5287 753 5359 πλησμονῆς.
788 5286 956 5340 Τοῦτο
1005 5283 1096 5341 οὖν
1129 5287 1194 5342 ἄν
1225 5305 1309 5352 τις
1341 5289 1485 5342 εἴποι
1535 5293 1662 5362 περὶ
1725 5296 1818 5348 τοῦ
1868 5297 2079 5349 δικαίου

412 5375 624 5435 τούτου,
657 5374 738 5428 ὅτι
775 5375 837 5427 οὐ
868 5375 936 5428 δι’
970 5375 1239 5446 ἀκρασίαν
1267 5377 1348 5440 είς
1379 5378 1478 5450 τὴν
1533 5380 1706 5451 μέθην
1743 5384 2043 5436 κατέπεσεν
2063 5421 2077 5445 ,

411 5463 525 5514 ἀλλ’
553 5465 588 5533 ὴ
609 5461 894 5534 πλησμονὴ
923 5461 1082 5515 τοῦτο
1110 5463 1259 5534 αὐτῷ
1281 5465 1594 5535 εἰργάσατο.
1631 5470 1828 5522 ’Ἄκουε
1856 5473 1963 5543 γάρ
1985 5471 2078 5525 τοῦ

412 5543 576 5597 Δαυῒδ
629 5545 878 5613 λέγοντος
897 5562 912 5578 ο
967 5545 1465 5612 Μεθυσθήσονται
1493 5551 1614 5604 ἀπὸ
1641 5550 1750 5618 τῆς
1798 5555 2081 5622 πιότητος

410 5630 520 5684 τοῦ
538 5631 707 5687 οἴκου
752 5646 892 5697 σου,
947 5633 1070 5686 ἀντὶ
1105 5632 1222 5700 τοῦ,
1253 5633 1670 5707 πλησθήσονται.
1705 5641 1911 5702 ’Λλλως
1940 5642 1997 5694 δὲ
2028 5643 2077 5694 οί

412 5719 480 5788 τῇ
514 5717 650 5788 μέθῃ
675 5719 898 5783 ἐαυτοῦς
935 5719 1228 5783 ἐκδιδόντες
1249 5721 1516 5778 ,οὐδέποτε
1559 5725 1719 5796 κόρον
1769 5727 2077 5796 λαμϐάνου-

415 5819 522 5864 σιν,
559 5803 674 5855 ἀλλ’
693 5805 803 5875 ὅσῳ
832 5805 897 5858 ἂν
925 5807 1186 5874 ἐγχέωσιν
1208 5808 1418 5872 ἐαυτοῖς
1445 5810 1536 5862 τὸν
1556 5811 1815 5882 ἄκρατον,
1837 5814 2077 5885 τοσούτῳ

421 5889 616 5954 μᾶλλον
635 5891 772 5959 πρὸς
798 5891 860 5943 τὸ
885 5892 1037 5960 δίψος
1070 5895 1384 5948 ἐκκαίονται
1404 5939 1418 5962 ,
1456 5900 1548 5952 καὶ
1589 5901 1624 5969 η
1660 5900 1959 5972 μετάληψις
1989 5903 2077 5956 ἀεὶ

418 5974 744 6044 ὑπέκκαυμα
768 5977 977 6047 γίνεται
1010 5979 1106 6032 τοῦ
1131 5980 1314 6051 δίψους
1334 5998 1346 6011 ·
1377 5983 1468 6036 καὶ
1508 5987 1574 6040 τά
1621 5986 1731 6055 μὲν⁴
1753 5987 1855 6058 τῆς
1884 5987 2076 6058 ἡδονῆς

1236 369 1293 426 ε.
1333 369 1618 427 ,ιοΑΝΝιδ
1653 365 2141 426 CIIRY'SOSTOMI
2182 363 2494 420 ARCHIEP.
2533 361 3077 418 CONSTANTINOP.

3757 359 3857 420 266

2210 476 2540 552 ⁴Ιιμιιύρωται
2563 477 2768 543 λοιπὸν,
2788 479 2850 531 τὸ
2865 477 2921 530 δὲ
2939 477 3088 546 δίψος
3115 474 3533 530 ἀκατάπαυστον
3553 475 3765 544 γεγονδς
3783 481 3858 543 είς

2209 569 2370 622 αὑτὸν
2399 566 2493 619 τὸν
2529 564 2775 637 κρημνὸν
2814 564 2915 634 τῆς
2949 563 3125 634 μέθης
3168 564 3396 632 κατάγει
3429 565 3555 627 τοὺς
3583 564 3670 616 ὑπ’
3700 564 3856 632 αὐτῆς

2209 654 2584 727 αἰχμαλώτους
2608 652 3025 724 γεγενημένους.
3056 650 3165 707 Καὶ
3201 652 3518 721 ἐφύτευσε,
3544 655 3703 726 φησὶν
3721 697 3734 720 ,
3756 656 3857 724 ἀμ-

2209 742 2470 806 πελῶνα,
2496 743 2596 795 καὶ
2620 743 2790 796 ἔπιεν
2826 741 2894 794 ἐκ
2926 740 3031 793 τοῦ
3056 740 3246 805 οἴνου,
3285 740 3385 792 καὶ
3412 741 3705 809 ἐμεθύσθη
3723 783 3735 805 ,
3768 743 3856 795 καί

2207 828 2514 898 ἐγυμνώθη
2537 829 2607 881 ἐν
2627 827 2706 892 τῷ
2733 827 2876 890 οἴκῳ
2906 825 3112 880 αὑτοῦ.
3147 826 3288 896 Ὅρα
3320 826 3481 878 αὑτὸν
3505 827 3605 879 οὐκ
3635 827 3736 890 ἐξω
3766 847 3857 880 που

2207 917 2364 972 τοῦτο
2399 917 2699 988 πάσχοντα,
2734 916 2866 968 ἀλλά
2897 917 2952 967 ἐν
2975 914 3052 984 τῷ
3079 915 3212 984 οῐκῳ
3239 913 3422 967 αὐτοῦ.
3456 915 3555 966 Διά
3578 914 3686 985 γὰρ
3713 915 3858 969 τοῦτο

2205 1005 2594 1076 ἐπεσημήνατο
2619 1007 2651 1075 ἡ
2679 1003 2797 1056 θεία
2825 1003 3012 1074 Γραφὴ
3031 1003 3113 1056 ὅτι.
3151 1004 3253 1056 Ἐν
3275 1001 3354 1066 τῷ
3374 1003 3520 1066 οῑκῳ
3547 1002 3751 1065 αὑτοῦ,
3781 1004 3857 1056 ἶνα

2208 1098 2272 1150 ἐκ
2301 1097 2410 1149 τῶν
2444 1096 2802 1166 ἐπαγομένων
2827 1096 2926 1164 τὴν
2949 1093 3196 1146 ἐπίτασιν
3223 1092 3338 1162 ῖδῃς
3357 1092 3453 1161 τῆς
3479 1092 3740 1162 πονηρίας
3774 1093 3856 1144 τοῦ

2203 1185 2305 1256 τὴν
2327 1184 2606 1255 γύμνωσιν
2629 1181 3130 1252 ἐκπομπεύσαντος.
3161 1179 3270 1232 Kal
3297 1175 3438 1241 εἶδε,
3479 1178 3632 1248 φησὶ,
3678 1177 3798 1246 Χὰμ
3826 1182 3856 1232 ό

2207 1272 2401 1338 πατὴρ
2435 1268 2677 1324 Χαναὰν
2697 1269 2810 1336 τὴν
2839 1269 3144 1336 γύμνωσιν
3172 1266 3276 1320 τοῦ
3297 1265 3522 1333 πατρὸς
3539 1263 3752 1330 αὐτῶν,
3771 1267 3860 1319 καί

2205 1358 2468 1422 ἐξελθὼν
2498 1357 2818 1426 ἀνήγγειλε
2848 1355 2973 1419 τοῖς
3003 1353 3188 1407 δυσίν
3205 1352 3489 1421 ἀδελφοῖς
3513 1353 3700 1406 αὑτοῦ
3731 1352 3854 1415 ἔξω.

2207 1448 2360 1516 Τάχα
2387 1448 2434 1498 εἰ
2460 1445 2550 1498 καί
2570 1461 2714 1506 τινες
2734 1443 2909 1512 ἐτεροι
2934 1438 3096 1512 ἦσαν,
3125 1441 3398 1502 κάκείνοις
3417 1441 3482 1492 ἂν
3514 1441 3746 1509 ἐμήνυσε
3772 1441 3859 1509 τὴν

2205 1534 2298 1586 τοῦ
2333 1535 2543 1604 πατρὸς
2572 1530 2962 1600 ἀσχημοσύνην
2983 1545 2996 1558 ·
3020 1527 3254 1598 τοσαύτη
3284 1523 3352 1597 ἦν
3372 1527 3466 1580 τοῦ
3499 1527 3686 1589 παιδὸς
3712 1528 3744 1596 ἡ
3771 1545 3856 1596 μο-

2205 1622 2424 1692 χθηρία.
2450 1620 2550 1675 Διά
2573 1621 2682 1688 γάρ
2700 1618 2878 1681 τοῦτο,
2911 1617 2998 1671 ἵνα
3032 1617 3208 1687 μάθῃς
3241 1616 3321 1668 ὅτι
3342 1614 3546 1668 ἄνωθεν
3579 1615 3674 1667 καὶ
3693 1613 3750 1677 ἐξ
3769 1617 3856 1681 ἀρ-

2207 1711 2307 1781 χῆς
2346 1708 2736 1778 διεφθαρμένος
2764 1701 2830 1775 ἦν
2860 1705 2958 1774 τὴν
2989 1704 3238 1774 γνώμην,
3291 1704 3390 1772 οὐχ
3437 1703 3625 1765 ἁπλῶς
3664 1698 3857 1772 εἷπενὴ

2206 1795 2413 1867 Γραφη,
2449 1795 2529 1848 ὅτι
2555 1791 2659 1846 εἶδε
2682 1792 2810 1861 Χάμ
2831 1793 2930 1861 τὴν
2968 1791 3248 1860 γύμνωσιν
3284 1789 3377 1842 τοῦ
3413 1788 3619 1858 πατρὸς
3662 1788 3816 1841 αὐτοῦ
3841 1830 3856 1851 ,

2204 1883 2340 1936 ἀλλά
2367 1883 2450 1946 τίς
2481 1881 2588 1936 Kal
2613 1878 2732 1932 εἶδε
2761 1881 2886 1948 Χάμ
2909 1882 2941 1932 ό
2969 1878 3165 1945 πατὴρ
3185 1875 3446 1931 Χαναάν.
3479 1876 3634 1937 Τίνος
3667 1875 3855 1937 ἕνεκεν,

2204 1969 2324 2022 εἰπέ
2352 1987 2462 2039 μοι,
2494 1969 2587 2020 καὶ
2617 1966 2850 2020 ἐνταῦθα
2887 1965 2980 2018 τοῦ
3007 1965 3123 2017 υἱοῦ
3165 1964 3311 2032 λέγει
3343 1962 3440 2031 τὴν
3470 1962 3857 2033 προσηγορίανς

2206 2058 2324 2110 Ἵνα
2359 2055 2534 2128 μάθῃς
2561 2055 2642 2108 ὅτι
2674 2055 2915 2125 ἀκρατής
2942 2071 3023 2116 τις
3056 2049 3123 2123 ἦν
3157 2054 3250 2105 καὶ
3282 2051 3606 2114 ἀκόλαστος,
3647 2050 3739 2102 καὶ
3762 2050 3860 2103 ἀπὸ

2203 2144 2302 2212 τῆς
2326 2144 2495 2212 αὐτῆς
2525 2141 2771 2211 γνώμης,
2808 2141 2902 2208 ἀφ’
2927 2137 2993 2214 ἦς
3023 2141 3081 2194 ἐν
3112 2139 3346 2210 τοσαύτῃ
3384 2137 3712 2191 καταστάσει
3741 2155 3856 2190 παι-

2201 2231 2437 2285 δοποιεῖν
2461 2229 2738 2299 ἠνέσχετο,
2771 2229 2878 2281 ἀπὸ
2897 2229 2995 2298 τῆς
3023 2228 3190 2296 αὐτῆς
3217 2228 3309 2280 καὶ
3330 2225 3420 2279 νῦν
3447 2226 3527 2288 είς
3563 2226 3656 2278 τὸν
3688 2241 3858 2293 γεγεν·

2203 2317 2403 2388 νηκότα
2427 2316 2700 2386 ἐξύϐρισε.
2727 2315 2836 2368 Kal
2872 2315 3154 2379 ἐξελθὼν,
3187 2315 3370 2383 φησὶν,
3405 2313 3725 2382 ἀνήγγειλε
3749 2313 3860 2379 τοῖς

2203 2404 2384 2458 δυσὶν
2436 2403 2717 2472 ἀδελφοῖς
2757 2404 2944 2456 αὐτοῦ
2973 2402 3107 2466 ἔξω.
3147 2403 3287 2470 Ὅρα
3319 2417 3408 2470 μοι
3447 2399 3702 2466 ἐνταῦθα,
3731 2401 3858 2467 ἀγα-

2203 2493 2361 2563 πητέ,
2395 2491 2512 2555 πῶς
2540 2492 2639 2544 οὐκ
2668 2493 2726 2544 ἐν
2759 2493 2824 2562 τῇ
2855 2490 3013 2559 φύσει
3041 2488 3110 2542 τὰ
3134 2489 3229 2559 τῆς
3257 2488 3450 2550 κακίας
3479 2486 3856 2554 ἑγκειται,ἀλλ⁹

2202 2580 2260 2630 ὲν
2298 2581 2361 2648 τῇ
2388 2578 2583 2650 γνώμῃ
2613 2579 2705 2630 καὶ
2739 2578 2796 2630 ἐν
2827 2580 2892 2648 τῇ
2944 2576 3281 2647 προαιρέσει.
3340 2575 3469 2628 Ἰδοὺ
3499 2575 3612 2645 γάρ
3642 2575 3857 2644 ἀμφότε-

2205 2682 2287 2738 ροι
2310 2666 2409 2736 τῆς
2434 2666 2599 2735 αὐτῆς
2627 2665 2861 2734 φύσεως,
2889 2666 2981 2716 καὶ
3011 2663 3248 2732 ἀδελφοὶ,
3282 2663 3372 2715 τὸν
3397 2663 3558 2715 αὑτὸν
3588 2663 3741 2731 ἔσχον
3764 2677 3857 2714 πα-

2201 2753 2355 2823 τέρα,
2388 2753 2496 2805 τῶν
2515 2752 2695 2805 αὐτῶν
2719 2752 3037 2822 ἀπήλαυσαν
3060 2751 3284 2814 ὠδίνων,
3310 2750 3404 2819 τῆς
3459 2751 3632 2820 αὐτῆς
3687 2752 3858 2818 ἐπιμε-

2202 2840 2351 2903 λείας
2382 2841 2589 2910 ἐτυχον,
2626 2839 2739 2892 ἀλλ’
2766 2840 2825 2892 οὐ
2848 2839 2942 2908 τὴν
2973 2839 3140 2908 αὐτὴν
3168 2837 3483 2908 προαίρεσιν
3510 2837 3854 2902 ἐπεδείξαντο·

2201 2929 2315 2982 ἀλλ’
2344 2931 2372 2981 ὁ
2405 2930 2501 2998 μὲν
2532 2930 2664 2999 πρὸς
2684 2929 2782 2996 τὴν
2813 2927 3010 2980 κακίαν
3037 2927 3342 2992 ἐξώλισθεν,
3373 2929 3420 2980 οἱ
3450 2927 3628 2998 δὲτὴν
3661 2927 3856 2995 ὀφειλο-

2205 3018 2371 3088 μένην
2394 3016 2470 3086 τῷ
2500 3017 2666 3084 πατρὶ
2700 3015 2862 3085 τιμὴν
2909 3015 3231 3083 ἀπένειμαν.
3285 3016 3445 3078 Ἴσως
3476 3014 3532 3066 δέ
3581 3017 3676 3066 καὶ
3703 3018 3859 3082 ἐπεμ-

2200 3106 2400 3160 ϐαίνων
2438 3108 2502 3176 τῇ
2525 3105 2618 3158 τοῦ
2649 3109 2851 3174 πατρὸς
2879 3104 3236 3175 ἀσχημοσύνῃ
3261 3104 3353 3156 καὶ
3379 3103 3656 3172 κωμῳδῶν
3690 3103 3746 3154 τὸ
3776 3119 3857 3169 γεσ

2200 3196 2354 3263 γονὸς
2411 3193 2712 3264 ἐξήγγειλε,
2749 3195 2840 3246 καὶ
2868 3195 2965 3246 οῦκ
2990 3195 3187 3264 ἤκουσε
3225 3192 3385 3260 σοφοῦ
3416 3209 3558 3256 τινος
3594 3193 3853 3259 λέγοντος·

2197 3289 2256 3340 Μ
2263 3285 2294 3353 ἡ
2321 3284 2570 3348 δοξάζον
2600 3286 2668 3336 ἑν
2694 3285 2894 3351 ἀτιμίᾳ
2918 3284 3142 3351 πατρός
3169 3297 3306 3335 σου.
3361 3281 3501 3334 Ἀλλ’
3558 3283 3609 3333 οἱ
3657 3280 3856 3347 ἀδελῳῖ

2198 3375 2295 3443 ούχ
2332 3372 2534 3434 οὓτως·
2570 3371 2705 3423 ἀλλά
2756 3372 2843 3435 τίς
2898 3370 3083 3423 Ταῦτα
3124 3369 3496 3432 ἀκούσαντες,
3551 3369 3852 3432 Λαϐόντες,

2199 3461 2354 3532 φησὶ,
2383 3460 2513 3528 Σὴμ
2532 3460 2629 3512 καί
2661 3457 2858 3526 ’Ῑὰςςεθ
2881 3457 2946 3510 τὸ
2975 3457 3222 3526 ἱμάτιον,
3247 3457 3530 3511 ἐπέθεντο
3550 3457 3651 3508 ἐπὶ
3669 3457 3738 3509 τὰ
3756 3455 3854 3507 δύο

2196 3547 2356 3602 νῶτα
2407 3546 2624 3609 αὐτῶν,
2673 3547 2772 3599 καὶ
2813 3546 3234 3612 ἐπορεύθησαν
3291 3542 3732 3612 όπισθοςοανῶς,
3766 3541 3855 3596 καὶ

2197 3635 2638 3703 συνεκάλυψαν
2693 3633 2811 3701 τὴν
2862 3635 3170 3701 γύμνωσιν
3217 3632 3323 3685 τοῦ
3375 3630 3605 3698 πατρὸς
3641 3626 3854 3684 αὐτῶν

2197 3723 2294 3776 καί
2336 3721 2400 3774 τὸ
2439 3723 2762 3789 πρόσωπον
2783 3719 2980 3774 αὐτῶν
3007 3717 3433 3787 ὀπισθοφανὲς,
3478 3718 3578 3771 καὶ
3625 3717 3737 3784 τὴν
3762 3718 3854 3784 γύ-

2191 3823 2428 3878 μνωσιν
2459 3805 2565 3859 τοῦ
2587 3805 2810 3872 πατρὸς
2835 3806 3032 3860 αὐτῶν
3054 3809 3163 3858 οὐκ
3185 3802 3369 3860 εἶδον.
3400 3800 3551 3868 Εἶδες
3592 3805 3856 3872 εὐγνωμο-

2200 3895 2364 3964 σύνην
2424 3894 2662 3957 παίδων;
2709 3895 2766 3945 Ὀ
2824 3893 2922 3962 μὲν
2973 3893 3068 3946 καὶ
3099 3892 3527 3962 ἐξεπόμπευσεν,
3565 3893 3616 3944 οἱ
3659 3890 3716 3942 δέ
3745 3887 3853 3941 ούδὶ

2200 3984 2328 4037 ίδεῖν
2356 3984 2653 4052 ἀνέχονται,
2682 3981 2794 4034 ἀλλ’
2825 3980 3202 4049 ὀπισθοφανῶς
3232 3980 3562 4050 βαδίζουσιν,
3586 3981 3670 4034 ἵνα
3692 3979 3852 4048 ὀρθῶς

2197 4068 2510 4138 βαδίσαντες
2534 4066 2923 4137 συγκαλύψωσι
2950 4069 3044 4119 τοῦ
3070 4067 3272 4136 πατρὸς
3300 4066 3398 4136 τὴν
3425 4065 3724 4136 γύμνωσιν.
3752 4063 3852 4116 Καὶ

2195 4157 2296 4227 δρα
2325 4155 2504 4208 αὐτῶν
2567 4155 2706 4225 μετὰ
2763 4155 2861 4225 τῆς
2920 4154 3120 4225 πολλῆς
3173 4155 3595 4224 εὐγνωμοσύνης
3633 4153 3724 4206 καὶ
3765 4154 3854 4220 τὴν

2195 4239 2510 4292 ἐπιείκειαν.
2541 4237 2676 4290 υῦτε
2704 4239 2811 4308 γάρ
2837 4237 3184 4308 ἐπιτιμῶσιν,
3219 4236 3342 4289 οὔτε
3377 4236 3760 4308 ἐπιπλήττουσι
3781 4233 3852 4301 τῷ

2195 4327 2429 4396 ἀδελφῷ,
2462 4326 2575 4378 ἀλλ’
2604 4325 2959 4387 ἀκούσαντες,
2987 4325 3108 4388 ἐνὸς
3140 4325 3300 4396 μόνου
3330 4325 3594 4392 γίνονται,
3642 4320 3733 4375 τοῦ
3763 4321 3850 4390 τὴν

2193 4414 2475 4484 διάρθωσιν
2499 4415 2718 4483 ταχεῖαν
2750 4413 3104 4483 ποιήσασθαι,
3145 4413 3237 4464 καὶ
3255 4411 3322 4463 τά
3345 4413 3424 4473 είς
3453 4411 3617 4481 τιμὴν
3647 4409 3738 4461 τοῦ
3766 4424 3850 4475 γε-

2193 4503 2514 4570 γεννηκότος
2569 4502 2908 4555 συντείνοντα
2967 4499 3360 4563 ἐπιδείξασθαι.
3436 4497 3587 4571 [286]
3648 4497 3747 4552 Kal
3790 4493 3849 4550 τὸ

2192 4586 2518 4652 πρόσωπον
2546 4582 2765 4648 αὐτῶν,
2797 4586 2985 4654 φησὶν,
3017 4581 3444 4650 ὀπισθοφανές,
3497 4581 3597 4635 καὶ
3620 4581 3732 4647 τὴν
3759 4581 3849 4648 γύ-

2185 4686 2424 4742 μνωσιν
2456 4672 2558 4725 τοῦ
2579 4672 2804 4739 πατρὸς
2833 4669 3032 4724 αὐτῶν
3054 4673 3164 4724 οὐκ
3186 4667 3369 4723 εἶδον.
3396 4670 3574 4740 Πολλὴ
3607 4669 3712 4721 τῶν
3738 4666 3848 4718 παί-

2189 4760 2296 4812 δων
2324 4762 2356 4831 ἡ
2385 4759 2658 4822 εὐλάϐεια,
2691 4758 2782 4811 καὶ
2811 4759 3014 4828 ταύτην
3041 4761 3173 4828 ἡμῖν
3197 4757 3467 4810 δείκνυσιν
3495 4757 3632 4810 οὐτὸ
3656 4754 3848 4809 σκεπά-

2193 4865 2280 4902 σαι
2307 4849 2484 4920 μόνον,
2523 4848 2659 4902 ἀλλὰ
2687 4849 2781 4902 καὶ
2813 4847 2890 4919 μὴ
2925 4848 3256 4918 ἀνασχέσθαι
3293 4848 3443 4901 ίδεῖν.
3479 4845 3848 4914 Παιδευθῶμεν

2190 4937 2367 4990 τοίνυν
2391 4939 2485 4990 καὶ
2515 4935 2785 4999 ἐντεῦθεν,
2819 4936 2915 4989 καὶ
2938 4935 2995 5001 ἐξ
3025 4936 3349 5006 ἀμφοτέρων
3375 4934 3741 5005 κερδάνωμεν,
3763 4931 3846 4984 καὶ

2189 5023 2409 5086 τούτους
2445 5024 2542 5094 μὲν
2575 5022 2890 5094 μιμώμεθα,
2917 5022 3126 5075 ἐκείνου
3155 5023 3211 5074 δέ
3243 5023 3332 5075 τὸν
3354 5021 3516 5092 ζῆλον
3547 5022 3844 5090 φεύγωμεν.

2189 5111 2251 5162 Εἰ
2284 5111 2392 5181 γὰρ
2434 5100 2715 5181 γύμνωσιν
2767 5109 3031 5181 αἰσθητὴν
3077 5112 3105 5163 ὁ
3151 5109 3568 5178 ἐκπομπεύσας,
3617 5108 3845 5178 κατάρας

2189 5199 2380 5250 ἑαυτὸν
2433 5198 2734 5251 ὑπεύθυνον
2783 5197 3112 5268 κατέστησε,
3169 5197 3389 5268 καὶτῆς
3433 5197 3722 5267 ὁμοτιμίας
3749 5191 3845 5246 τῶν

2187 5283 2432 5353 ἀδελφῶν
2457 5285 2724 5349 ἐκπεσὼν,
2749 5283 3020 5338 δουλεύειν
3059 5285 3241 5347 αὐτοῖς
3279 5283 3664 5353 κατεδικάσθη,
3689 5283 3735 5334 εί
3761 5279 3845 5332 καὶ

2191 5375 2266 5444 μὴ
2295 5372 2456 5436 αὐτὸς
2481 5375 2708 5440 ἐκεῖνος,
2739 5373 2854 5426 ἀλλ’
2883 5373 2932 5426 οί
2957 5372 3014 5438 ἐξ
3037 5372 3200 5425 αὐτοῦ
3228 5373 3463 5435 πάντες·
3500 5371 3552 5424 τί
3581 5369 3842 5423 πείσονται

2187 5462 2235 5512 οί
2272 5461 2340 5513 τά
2365 5461 2736 5533 ἁμαρτήματα
2763 5459 2872 5513 τῶν
2898 5459 3144 5529 ἀδελφῶν
3186 5458 3646 5529 ἐκπομπεύοντες,
3667 5456 3756 5511 καὶ
3785 5454 3839 5508 ού

2191 5546 2349 5616 μόνον
2380 5547 2442 5600 ού
2476 5547 2934 5618 περιστέλλοντες,
2980 5546 3117 5600 ἀλλά
3153 5546 3248 5600 καὶ
3279 5546 3544 5617 μειζόνως
3581 5545 3716 5599 αύτά
3739 5559 3840 5595 ποι·

2185 5634 2371 5696 οῦντες
2393 5633 2688 5704 κατάδηλα,
2714 5635 2807 5688 καὶ
2836 5633 3007 5688 πολλά
3051 5635 3116 5688 ἐκ
3157 5634 3345 5687 τούτου
3400 5633 3748 5704 ἐργαζόμενοι
3775 5630 3837 5681 τὰ

2185 5723 2591 5794 ἁμαρτήματας
2631 5726 2796 5776 Ὅταν
2829 5726 2940 5792 γάρ
2970 5722 3336 5795 δημοσιεύσῃς
3378 5721 3475 5776 τοῦ
3512 5719 3736 5790 ἀδελφοῦ
3781 5719 3837 5770 τὸ

2188 5814 2453 5880 πταῖσμα,
2485 5811 2546 5863 οῦ
2583 5812 2742 5882 μόνον
2764 5813 2970 5865 ἐκεῖνον
3000 5813 3478 5884 ἀναισχυντότερον
3501 5811 3593 5863 καὶ
3619 5807 3834 5878 ὀκνηρό-

2183 5911 2338 5967 τερον
2372 5898 2612 5967 εἰργάσω
2635 5900 2762 5962 ἴσως
2793 5900 2927 5971 πρὸς
2949 5901 3045 5970 τὴν
3069 5899 3328 5953 ἐπάνοδον
3357 5901 3453 5969 τῆς
3473 5898 3689 5969 ἀρετῆς,
3708 5893 3830 5948 ἀλλά

2183 5981 2276 6035 καὶ
2309 5984 2431 6048 τοὺς
2453 5984 2747 6050 ἀκούοντας
2779 5987 3182 6059 ρᾳθυμοτέρους
3200 5989 3554 6057 κατέστησας,
3592 5985 3682 6038 καὶ
3703 5981 3824 6050 πρὸς
