4062 6396
301 351 420 406 205

385 465 486 516 Cur
515 462 626 517 vitis
653 463 706 517 in
749 463 880 516 hanc
901 463 1048 517 vitam
1072 461 1374 516 introducta.
1418 461 1600 514 Vinum
1625 463 1677 514 in
1705 471 1891 532 myste-

297 557 420 617 ris.
457 583 532 594 —
567 554 685 608 Jam
716 553 858 609 forte
897 563 1101 624 quaerat
1131 555 1343 624 aliquis,
1371 553 1546 620 Quare
1580 555 1758 623 planta
1813 563 1892 607 tot

309 647 466 700 malis
491 647 646 716 plena
671 648 723 701 in
753 648 890 702 banc
903 649 1064 702 vitam
1092 648 1346 717 producta
1370 648 1485 702 est?
1507 645 1586 702 Ne
1606 648 1673 700 ita
1693 655 1894 702 temere

305 736 571 808 loquaris,
603 737 788 804 homo,
808 739 988 792 omnia
1023 754 1142 808 quas
1172 739 1225 792 in
1253 739 1473 793 buccam
1505 740 1744 794 veniunt.
1773 738 1890 794 Non

293 836 394 882 est
416 827 600 898 planta
629 828 746 884 ba:c
767 829 928 897 mala,
961 845 1134 899 neque
1161 831 1341 883 vinum
1371 830 1594 896 malum,
1623 830 1718 885 sed
1753 830 1894 886 illius

306 919 512 974 abusus
533 961 548 984 ,
576 919 703 989 quia
731 935 837 974 non
863 935 928 974 ex
957 920 1103 986 vino,
1127 920 1228 974 sed
1253 935 1319 975 ex
1342 935 1594 987 perversa
1622 921 1892 976 voluntate

307 1007 517 1062 nefaria
540 1010 742 1063 scelera
766 1018 1047 1077 patrantur
1077 1026 1093 1060 :
1120 1017 1177 1064 et
1202 1025 1322 1064 cum
1347 1010 1405 1063 in
1435 1025 1501 1066 eo
1521 1010 1590 1073 sit
1607 1011 1826 1074 utilitas,
1845 1011 1891 1064 si

297 1107 522 1164 noceat,
563 1099 616 1153 in
655 1113 816 1154 causa
844 1107 926 1154 est
967 1100 1399 1168 intemperantia.
1428 1099 1686 1166 Quocirca
1741 1115 1886 1155 nunc

307 1199 431 1258 post
459 1189 716 1243 diluvium
756 1189 992 1244 ostendit
1032 1191 1124 1244 tibi
1171 1190 1281 1244 vini
1321 1205 1496 1256 usmn,
1537 1198 1594 1244 ut
1643 1191 1890 1245 ostendat

297 1279 472 1334 etiam
498 1289 624 1332 ante
654 1279 760 1332 vini
789 1293 940 1332 usum
968 1279 1021 1332 in
1049 1278 1386 1333 immodicam
1419 1279 1680 1333 luxuriam
1712 1280 1890 1333 buma-

303 1384 436 1423 num
465 1384 634 1438 genus
670 1366 940 1433 incidisse,
968 1369 1254 1438 multisque
1284 1369 1517 1438 peccatis
1541 1384 1600 1424 se
1628 1370 1890 1424 contami-

303 1463 542 1526 navisse,
567 1477 687 1516 cum
704 1462 880 1516 adhuc
895 1463 1004 1516 vini
1028 1477 1154 1516 usus
1168 1463 1466 1518 nesciretur
1490 1481 1504 1518 :
1526 1471 1581 1517 ut
1597 1472 1652 1518 et
1675 1463 1886 1533 quando

305 1552 505 1607 videris
553 1567 708 1607 usum
743 1553 878 1616 vini,
910 1568 1017 1608 non
1041 1555 1166 1608 vino
1185 1562 1353 1608 totum
1384 1555 1606 1620 tribuas,
1636 1555 1732 1610 sed
1760 1571 1885 1610 cor-

302 1650 479 1712 ruptte
520 1642 778 1697 voluntati
815 1657 914 1698 sua
960 1654 1150 1713 sponte
1192 1644 1258 1699 ad
1310 1646 1506 1700 malum
1532 1647 1728 1700 ruenti.
1763 1647 1884 1702 Alia

290 1748 518 1803 quoque
545 1735 751 1789 ratione
795 1734 1094 1798 considera,
1126 1735 1216 1789 ubi
1241 1736 1421 1790 viuum
1450 1736 1608 1792 fuerit
1634 1737 1766 1792 utile
1788 1781 1805 1806 ,
1832 1747 1887 1808 et

301 1825 684 1892 contremisce,
715 1825 790 1880 nti
817 1825 999 1880 homo.
1031 1826 1163 1881 Nam
1193 1842 1288 1896 per
1318 1827 1420 1882 hoc
1467 1829 1685 1884 materia
1718 1829 1886 1883 bono-

299 1933 424 1972 rum
466 1917 655 1972 salutis
693 1924 892 1972 nostra:
938 1918 1230 1987 perﬁcitur.
1275 1918 1460 1972 Sciunt
1495 1920 1581 1988 qui
1617 1921 1884 1990 mysteriis

299 2006 497 2062 initiati
517 2015 662 2075 sunt,
690 2007 817 2078 quid
846 2008 1071 2062 dicatur.
1103 2007 1172 2062 Et
1196 2009 1365 2080 capit,
1389 2009 1576 2079 inquit,
1607 2008 1726 2064 Noe
1743 2011 1881 2081 agri-

298 2099 415 2153 cola
462 2108 648 2167 terra;
672 2110 726 2154 et
767 2101 1008 2170 plantavit
1038 2103 1263 2166 vineam,
1308 2113 1354 2156 et
1394 2102 1513 2156 bibit
1554 2103 1616 2158 de
1657 2103 1801 2168 vino,
1835 2113 1884 2157 et

297 2189 579 2245 inebriatus
602 2202 694 2256 est,
721 2201 766 2245 et
781 2191 1003 2246 nudatus
1024 2201 1100 2247 est
1125 2193 1176 2247 in
1200 2192 1348 2247 domo
1369 2210 1481 2248 sua.
1501 2192 1880 2250 Gravissimum

297 2281 554 2351 quiddam
582 2291 666 2336 est
694 2281 944 2346 ebrietas,
967 2282 1328 2346 dilectissime,
1353 2285 1492 2352 quod
1521 2285 1880 2353 possitexcm-

295 2387 421 2426 care
437 2387 648 2437 sensus,
666 2373 1076 2444 etsubmergere
1096 2385 1340 2430 mentem.
1382 2375 1660 2432 Hominem
1687 2377 1882 2448 quippe

287 2465 634 2526 rationalem,
663 2465 752 2534 qui
783 2480 946 2532 super
977 2465 1156 2519 omnia
1180 2465 1474 2520 dominium
1504 2474 1762 2538 suscepit,
1793 2469 1879 2522 in-

281 2556 452 2625 ,jcetis
478 2557 704 2610 vinculis
732 2555 1122 2622 insolubilibus,
1152 2557 1300 2628 quasi
1321 2567 1588 2613 mortuum
1609 2567 1666 2614 et
1687 2573 1878 2630 opera-

296 2647 443 2700 tione
472 2656 744 2702 carentem
777 2648 1110 2718 prosternit:
1143 2649 1252 2704 imo
1278 2649 1520 2704 deterius
1564 2648 1875 2718 habentem,

283 2752 455 2807 quam
505 2747 796 2792 mortuum.
831 2737 966 2793 Nam
1009 2749 1250 2794 mortuus
1301 2754 1474 2810 neque
1509 2740 1667 2806 bona,
1701 2757 1877 2812 neque

283 2829 430 2883 mala
477 2831 687 2900 operari
739 2837 914 2900 potest
959 2846 979 2886 :
1007 2831 1185 2888 ebrius
1225 2841 1403 2887 autem
1441 2831 1568 2887 nihil
1593 2833 1878 2890 bonivalut

290 2923 529 2992 operari,
551 2922 617 2978 ad
648 2924 846 2978 malum
872 2933 1048 2980 tamen
1079 2924 1379 2980 faciendum
1409 2926 1529 2995 plus
1561 2935 1754 2996 potest,
1790 2927 1874 2996 ja-

280 3023 483 3083 cctque
511 3013 765 3070 ridiculus
789 3014 1056 3083 omnibus,
1085 3023 1140 3071 et
1159 3017 1308 3070 uxori
1335 3024 1390 3070 et
1414 3017 1534 3070 ﬁliis
1559 3026 1609 3074 et
1642 3017 1871 3073 famulis.

289 3105 464 3160 Amici
495 3104 638 3161 enim
675 3121 825 3161 suam
869 3107 1212 3178 ignominiam
1242 3109 1556 3180 cogitantes,
1599 3111 1794 3168 rubore
1819 3121 1877 3168 et

282 3197 497 3266 pudore
525 3195 936 3254 suffunduntur:
968 3199 1164 3254 inimici
1201 3212 1377 3255 autem
1420 3202 1772 3268 oblectantur,
1819 3215 1876 3258 et

282 3287 541 3353 irrident,
569 3296 624 3342 et
650 3298 1014 3356 exsecrantur,
1039 3289 1152 3345 hazc
1166 3291 1550 3361 prepemodum
1573 3293 1868 3364 loquentes:

288 3377 565 3432 lluncciue
585 3379 1049 3448 oportebatvivere
1069 3382 1091 3436 ?
1117 3391 1169 3437 et
1184 3381 1447 3439 hunccine
1467 3386 1745 3454 oportebat
1765 3388 1874 3456 spi-

281 3485 408 3524 rare
441 3485 622 3524 aerem
647 3469 672 3523 i
698 3486 731 3523 o
757 3486 918 3540 pecus
945 3472 958 3526 l
988 3487 1020 3527 o
1043 3474 1298 3543 porcum!
1329 3483 1384 3530 et
1420 3475 1593 3531 adhuc
1631 3478 1871 3546 graviora

287 3559 602 3629 loquuntur.
636 3560 908 3615 Deteriore
933 3562 1075 3617 enim
1103 3564 1154 3616 in
1184 3572 1327 3618 statu
1354 3573 1480 3619 sunt
1503 3581 1661 3634 quam
1687 3566 1744 3631 ii,
1779 3568 1870 3637 qui

286 3667 349 3703 ex
382 3651 584 3720 pra-liis
611 3651 836 3707 redeunt
862 3654 1008 3707 crede
1029 3655 1388 3725 coinquinatis
1415 3655 1677 3722 manibus,
1705 3667 1760 3713 et
1789 3667 1872 3712 tu-

286 3741 557 3795 multuose
586 3751 942 3812 reportantur.
967 3742 1094 3798 illos
1143 3745 1286 3800 enim
1316 3744 1555 3802 fortassis
1582 3747 1734 3802 multi
1757 3748 1872 3804 lau-

283 3833 444 3887 dibus
483 3833 746 3888 extollunt
799 3844 1020 3906 propter
1065 3843 1284 3907 trepaza,
1334 3850 1553 3909 prepter
1594 3829 1866 3910 victorias,

287 3933 509 3992 propter
533 3924 752 3980 vulnera
772 3934 826 3981 et
843 3927 1022 3981 caedes
1047 3943 1060 3981 :
1087 3928 1263 3983 ebrios
1291 3939 1468 3985 autem
1490 3932 1713 3986 miseros
1739 3947 1868 4002 pro-

282 4015 538 4079 clamant,
591 4031 926 4072 aerumnosos
958 4028 1169 4086 vocant,
1205 4029 1255 4075 et
1291 4022 1568 4077 innumera
1605 4024 1684 4078 eis
1729 4024 1867 4078 mala
1925 4076 1931 4083 .

285 4108 672 4176 imprecantur.
695 4111 828 4177 Quid
857 4111 998 4165 enim
1028 4128 1093 4166 eo
1120 4114 1362 4168 miserius
1387 4113 1562 4180 fuerit,
1581 4116 1668 4186 qui
1688 4116 1865 4172 ebrie-

285 4199 378 4250 tati
407 4195 622 4252 deditus
645 4209 748 4267 est,
778 4209 832 4254 et
857 4201 1092 4271 quotidie
1114 4203 1292 4256 viuum
1322 4203 1562 4269 effundit,
1591 4220 1655 4259 ac
1673 4207 1865 4260 mentis

283 4306 394 4344 sua:
416 4291 678 4359 judicium
708 4294 1046 4363 corrumpit?
1095 4295 1390 4365 Eaproptcr
1413 4306 1466 4351 et
1505 4298 1716 4366 sapiens
1740 4299 1862 4369 qui-

281 4379 406 4434 dam
432 4381 754 4438 admouebat
780 4383 964 4439 dicens
1001 4402 1014 4439 :
1042 4385 1356 4455 Principium
1383 4388 1496 4441 vita:
1525 4388 1739 4442 hominis
1765 4407 1862 4459 pa-

282 4475 361 4526 nis
387 4483 434 4527 et
448 4491 580 4544 aqua
593 4485 637 4528 et
658 4476 821 4538 vestis,
849 4486 894 4530 et
911 4477 1090 4531 domus
1107 4489 1270 4549 tegens
1291 4480 1648 4548 turpitudinem
1668 4480 1858 4552 (Eccli.

280 4562 370 4615 29.
405 4562 523 4635 28):
559 4573 616 4618 ut
650 4566 695 4618 si
743 4567 865 4636 quis
915 4567 1171 4622 ebrietate
1211 4569 1456 4635 vincitur,
1499 4587 1565 4625 ne
1593 4571 1642 4624 in
1670 4573 1856 4641 vulgus

284 4653 598 4708 traducatur
619 4696 636 4717 ,
668 4656 760 4709 sed
790 4671 819 4708 a
851 4657 964 4710 suis
989 4668 1297 4727 contegatur
1325 4675 1340 4713 :
1365 4669 1418 4714 et
1447 4677 1554 4714 non
1584 4662 1652 4715 sit
1690 4662 1861 4716 omni-

279 4744 381 4798 bus
413 4744 552 4799 risus
581 4754 635 4799 et
661 4746 999 4815 turpitudinis
1042 4760 1430 4817 argumentum.
1471 4749 1538 4804 Et
1585 4753 1753 4821 carpit,
1777 4751 1860 4806 in~

279 4835 417 4901 quit,
451 4831 570 4887 Noe
599 4834 748 4889 homo
772 4821 998 4906 agricola
1025 4846 1192 4904 terrae,
1219 4848 1266 4893 et
1296 4840 1540 4909 plantavit
1569 4844 1779 4908 vineam,
1813 4851 1860 4896 et

278 4925 399 4977 bibit
425 4926 488 4978 de
511 4926 646 4982 vino.
669 4937 714 4979 et
734 4927 1001 4981 inebriatus
1029 4939 1120 4983 est.

350 5018 405 5070 4.
447 5015 681 5071 Ebrietas
727 5035 818 5087 pro
865 5021 1107 5074 satietate.
1145 5018 1285 5074 Vitia
1323 5038 1423 5077 non
1449 5023 1500 5077 in
1527 5033 1710 5078 natura
1735 5025 1852 5090 sita,

276 5111 367 5160 sed
393 5108 446 5160 in
477 5107 753 5162 voluntate.
777 5110 1156 5166 —Ebrietatis
1204 5127 1419 5178 nomen,
1459 5117 1758 5184 carissime,
1802 5118 1856 5172 in

276 5214 428 5252 sacra
467 5197 740 5268 Scriptura
787 5216 892 5255 non
945 5202 1138 5271 ubique
1184 5203 1252 5258 de
1296 5205 1602 5260 temulentia
1655 5207 1854 5262 dictum

275 5297 379 5348 est.
409 5288 502 5342 sed
528 5298 583 5342 et
609 5291 907 5346 satietatem
937 5293 1216 5362 signiﬁcat.
1250 5294 1359 5349 lloc
1379 5295 1553 5364 itaque
1573 5296 1709 5352 forte
1731 5298 1857 5368 quis

276 5378 349 5434 de
361 5379 510 5450 justo
536 5380 638 5436 hoc
665 5381 828 5449 dicet,
858 5385 998 5454 quod
1021 5401 1126 5439 non
1153 5396 1209 5440 ut
1235 5387 1595 5458 intemperans
1625 5391 1855 5446 inebria-

279 5478 366 5526 tus
415 5467 606 5538 fuerit,
640 5473 736 5528 sed
761 5473 832 5530 ob
863 5475 1161 5531 satietatem
1190 5477 1292 5532 hoc
1316 5478 1364 5534 ei
1388 5481 1684 5551 contigerit.
1718 5482 1855 5537 Audi

273 5561 424 5615 cuitu
450 5561 616 5618 David
641 5564 902 5620 dicentem
926 5584 940 5621 :
966 5565 994 5620 1
1001 5568 1425 5624 nebriabunturab
1447 5571 1666 5626 ubertate
1678 5571 1855 5627 domus

271 5661 376 5705 tua
390 5652 564 5724 (Ρωι.
587 5654 675 5710 55.
694 5655 772 5725 9):
790 5656 890 5713 hoc
918 5667 1020 5725 est,
1049 5658 1422 5729 implebantur.
1450 5663 1693 5734 Alioquin
1713 5665 1746 5719 ii
1763 5665 1852 5734 qui

270 5743 521 5802 ebrietati
551 5756 744 5804 vacant
770 5764 1056 5823 numquam
1086 5750 1363 5821 satiantur,
1391 5753 1485 5810 sed
1515 5766 1711 5812 ouante
1737 5771 1853 5812 ma-

1393 345 1467 400 ἸΝ
1504 344 1658 400 can.
1697 342 1786 397 tx.
1828 339 2068 398 canes.
2111 343 2332 402 llOMlL.
2373 323 2566 404 xxix.

3469 355 3573 411 265

2005 459 2085 526 gis
2111 475 2231 515 sese
2257 463 2380 516 vino
2410 465 2747 534 ingurgitant,
2778 475 2922 522 tanto
2947 469 3113 540 magis
3137 469 3226 526 siti
3253 469 3494 542 ﬂagrant,
3517 483 3572 528 et

2003 548 2343 605 inﬂammatio
2371 555 2610 624 qua-dam
2642 569 2723 611 est
2751 558 2830 613 eis
2861 559 2964 614 vini
2996 575 3119 614 usus
3150 578 3167 614 :
3194 575 3256 617 ac
3275 563 3571 632 voluptates

1999 640 2210 706 quidem
2240 657 2581 710 evanescunt,
2623 647 2742 702 sitis
2785 659 2960 703 autem
2991 650 3323 720 inexplebilis
3350 653 3399 707 in
3428 671 3569 725 prae-

1999 729 2233 796 cipitimn
2265 731 2535 787 ebrietatis
2560 749 2675 801 eos,
2698 737 2785 806 qui
2823 736 2922 792 sub
2947 737 3034 791 illa
3078 741 3270 808 captivi
3293 754 3437 806 sunt,
3468 745 3565 798 dc-

1998 815 2161 872 ducit.
2194 817 2261 872 Et
2283 820 2552 890 plantavit,
2580 824 2764 894 inquit,
2810 826 3028 893 vineam,
3055 838 3102 884 et
3127 828 3248 884 bibit
3271 848 3334 885 ea:
3361 833 3494 896 vino,
3518 844 3566 886 et

1997 907 2269 964 inebriatus
2313 921 2406 979 est,
2449 923 2496 966 et
2533 915 2753 970 nudatus
2777 927 2849 970 est
2874 918 2926 971 in
2957 919 3106 974 domo
3132 937 3247 975 sua.
3276 921 3565 979 Considera

2001 997 2105 1054 hoc
2127 1017 2231 1056 non
2261 1001 2389 1058 foris
2416 1004 2486 1058 illi
2519 1007 2793 1075 accidisse,
2818 1009 2912 1063 sed
2939 1011 2992 1064 in
3028 1011 3188 1066 dutuo
3217 1029 3330 1068 sua.
3362 1015 3562 1070 Idcirco

1995 1091 2139 1144 enim
2185 1091 2288 1147 hoc
2332 1093 2626 1166 designavit
2654 1097 2833 1152 divina
2862 1099 3152 1169 Scriptura,
3181 1102 3248 1158 In
3276 1104 3424 1159 domo
3448 1125 3561 1170 sua,

1999 1189 2056 1234 ut
2086 1197 2152 1235 ex
2177 1183 2242 1236 iis
2282 1199 2400 1253 qua:
2426 1197 2738 1255 sequuntur,
2770 1190 2984 1245 malitiae
3013 1192 3300 1250 vehemens
3327 1197 3560 1250 studium

1991 1271 2174 1327 videas
2200 1274 2313 1344 ejus
2343 1277 2430 1346 qui
2460 1279 2751 1334 nuditatem
2784 1282 3032 1352 evulgare
3059 1283 3218 1339 fuerit
3243 1302 3421 1341 ausus.
3470 1289 3558 1342 22.

1992 1361 2059 1416 Et
2083 1365 2227 1430 uidit,
2257 1367 2446 1436 inquit,
2478 1368 2638 1422 Chatn
2674 1380 2814 1440 pater
2829 1369 3074 1426 Chanaan
3100 1375 3374 1430 nuditatem
3403 1382 3562 1448 patris

1991 1455 2091 1522 sui,
2120 1466 2166 1509 et
2193 1473 2418 1526 egressus
2433 1461 2745 1514 annuntiavit
2769 1463 2966 1516 duobus
2995 1467 3234 1535 fratribus
3275 1469 3376 1522 suis
3413 1473 3558 1541 foris.

1991 1544 2253 1601 Fortassis
2279 1551 2322 1604 si
2345 1559 2398 1604 et
2424 1551 2511 1604 alii
2532 1552 2742 1622 quidam
2771 1553 3062 1610 adfuissent
3081 1567 3173 1621 ,et
3196 1559 3296 1614 illis
3325 1564 3562 1616 nuntias-

1991 1640 2252 1706 setpatris
2276 1641 2355 1694 sui
2383 1643 2757 1711 turpitudinem
2787 1661 2800 1696 :
2837 1654 2978 1700 tanta
2999 1658 3112 1702 erat
3139 1652 3282 1716 pueri
3305 1654 3555 1738 nequitia.

1990 1725 2274 1796 Propterea
2303 1732 2466 1797 enim,
2486 1741 2541 1786 ut
2569 1732 2742 1786 discas
2766 1733 3076 1805 jampridem
3107 1747 3159 1791 et
3185 1739 3250 1793 ab
3271 1725 3418 1794 initii)
3439 1759 3558 1797 eum

1988 1828 2250 1887 corrupta:
2289 1823 2483 1875 mentis
2525 1823 2719 1887 fuisse,
2751 1840 2855 1879 non
2911 1827 3221 1896 simpliciter
3262 1831 3388 1886 dicit
3415 1834 3559 1888 Scri-

1987 1914 2163 1976 plura,
2190 1906 2333 1965 Vidit
2357 1912 2520 1966 Cbam
2547 1913 2836 1969 nuditatem
2853 1918 3016 1986 patris
3038 1923 3116 1972 sui
3147 1937 3159 1974 :
3190 1922 3282 1976 sed
3309 1924 3467 1993 quid?
3492 1925 3559 1980 Et

1987 2000 2110 2054 vidit
2152 2001 2311 2056 Cham
2351 2015 2493 2074 pater
2531 2004 2796 2062 Chanaan.
2828 2009 3023 2078 Quare,
3070 2011 3156 2068 dic
3199 2014 3347 2080 mihi,
3377 2026 3430 2071 et
3459 2019 3558 2074 ltoc

1988 2089 2108 2145 loco
2135 2091 2228 2147 lilii
2257 2096 2568 2152 vocabulum
2598 2099 2871 2169 assignat?
2897 2100 2964 2155 Ut
2987 2102 3161 2158 discas
3201 2105 3349 2161 illum
3393 2106 3555 2165 fuisse

1988 2183 2428 2252 intemperantem
2475 2195 2530 2242 et
2573 2188 3009 2258 incontinentem,
3055 2202 3109 2248 et
3157 2197 3341 2251 eadem
3381 2210 3557 2256 mente

1986 2290 2089 2344 qua
2143 2277 2197 2331 in
2241 2287 2382 2332 tanta
2433 2281 2734 2337 turbatione
2769 2284 3113 2353 procreanda:
3144 2289 3276 2356 proli
3328 2295 3554 2360 vacavit,

1993 2366 2180 2422 eadem
2209 2370 2368 2424 etiam
2420 2387 2560 2426 nunc
2605 2373 2657 2426 in
2687 2377 3058 2429 contumeliam
3090 2380 3255 2446 patris
3293 2385 3555 2454 prorupit.

1983 2455 2053 2508 Et
2068 2472 2307 2527 egressus,
2324 2458 2510 2531 inquit,
2522 2465 2834 2516 attnutttiavit
2845 2464 3036 2519 duobus
3047 2468 3284 2537 fratribus
3294 2474 3398 2526 suis
3408 2477 3554 2544 foris.

1983 2544 2138 2614 Vide,
2153 2549 2398 2618 obsecro,
2422 2551 2527 2618 hic,
2550 2553 2908 2622 dilectissime,
2932 2571 3034 2610 non
3053 2558 3104 2611 in
3123 2568 3305 2615 natura
3323 2563 3420 2618 sita
3435 2581 3556 2622 esse

1981 2638 2133 2704 vitia,
2163 2640 2256 2695 sed
2287 2642 2338 2695 in
2364 2642 2581 2696 arbitrio
2601 2652 2656 2698 et
2684 2646 2970 2702 voluntate.
2994 2648 3132 2704 Ecce
3171 2655 3312 2706 enim
3345 2656 3554 2726 utrique

1980 2727 2172 2786 fratres
2193 2731 2425 2800 fuerunt,
2438 2735 2737 2805 etejusdem
2752 2749 2974 2806 naturae,
2991 2741 3235 2796 eumdem
3258 2742 3551 2803 habuerunt

1983 2831 2214 2891 patrem,
2241 2826 2428 2880 eodem
2458 2837 2608 2882 utero
2637 2827 2848 2884 fuerunt
2871 2832 3033 2897 editi,
3063 2833 3250 2890 eadem
3283 2837 3552 2908 diligentia

1979 2914 2197 2972 fuerunt
2219 2918 2448 2984 educati,
2479 2920 2571 2974 sed
2593 2937 2698 2975 non
2728 2925 2970 2977 eumdem
2992 2926 3224 2981 animum
3252 2928 3554 2986 declarave-

1980 3017 2141 3061 runt:
2171 3009 2264 3064 sed
2288 3009 2376 3064 ille
2399 3011 2610 3080 quidem
2637 3012 2688 3066 in
2713 3013 2965 3068 malitiam
2995 3015 3198 3084 incidit,
3231 3018 3264 3072 ii
3294 3035 3420 3077 vero
3456 3037 3552 3092 pa-

1979 3099 2118 3152 renti
2145 3099 2380 3154 debitum
2402 3102 2772 3171 impenderunt
2795 3103 3070 3160 honorem.
3091 3106 3354 3164 Fortassis
3374 3123 3553 3170 autem

1979 3200 2034 3244 et
2077 3189 2246 3246 irrisit
2282 3207 2344 3248 ac
2385 3195 2727 3249 subsannavit
2751 3205 2978 3266 patrem,
3011 3198 3385 3268 turpitudinem
3415 3204 3553 3260 illius

1978 3281 2270 3336 nuntiando
2301 3301 2311 3336 :
2340 3293 2395 3338 et
2443 3299 2546 3338 non
2590 3285 2787 3340 audivit
2821 3287 3110 3356 sapientem
3158 3293 3436 3360 quemdam
3466 3295 3553 3349 di-

1977 3380 2184 3425 centem
2217 3388 2234 3425 :
2267 3371 2351 3426 Ne
2364 3372 2593 3443 glorieris
2619 3377 2672 3428 in
2692 3376 2967 3446 ignominia
3000 3381 3158 3449 patris
3178 3383 3253 3436 tui
3279 3383 3463 3456 (Ea-li.
3497 3389 3550 3442 5.

1978 3460 2088 3529 12).
2126 3462 2318 3517 Verum
2364 3464 2556 3520 fratres
2599 3481 2706 3520 non
2750 3468 2827 3522 sic
2873 3481 3115 3540 egerunt.
3148 3473 3215 3528 Et
3246 3479 3553 3545 quomodo?

1976 3551 2110 3604 Cum
2143 3553 2255 3607 haec
2298 3554 2622 3610 audivissent
2651 3557 2740 3611 25.
2775 3558 2895 3612 Sent
2934 3570 2983 3613 et
3026 3560 3271 3633 Japheth,
3301 3570 3543 3637 acceptis,

1975 3642 2162 3712 inquit,
2191 3646 2402 3698 vestibus
2425 3663 2576 3716 super
2600 3647 2835 3703 humeros
2870 3665 3006 3717 suos,
3037 3652 3344 3710 incesserunt
3358 3669 3548 3713 retror-

1974 3747 2106 3799 sum,
2125 3744 2172 3786 et
2189 3745 2488 3804 operuerunt
2506 3737 2783 3791 nuditatem
2809 3741 2966 3810 patris
2990 3743 3068 3795 sui
3086 3757 3105 3796 :
3127 3754 3176 3797 et
3200 3746 3356 3816 facies
3375 3766 3546 3805 eorum

1972 3837 2260 3892 retrorsum,
2291 3837 2336 3882 et
2366 3830 2639 3883 nuditatem
2670 3832 2826 3900 patris
2850 3833 2930 3886 sui
2958 3850 3058 3887 non
3085 3835 3333 3893 viderunt.
3358 3839 3544 3897 Vidisti

1974 3921 2287 3989 probitatem
2322 3921 2586 3977 ﬁliorum?
2616 3924 2710 3978 Ille
2745 3925 3010 3994 evulgavit
3049 3936 3106 3982 et
3148 3930 3416 4000 traduxit,
3457 3936 3544 3990 isti

1974 4025 2146 4084 neque
2175 4013 2357 4067 videre
2391 4014 2754 4069 sustinuerunt
2789 4034 2802 4068 :
2835 4017 2928 4071 sed
2965 4026 3253 4074 retrorsum
3283 4021 3458 4092 ibant,
3489 4035 3546 4081 ut

1973 4113 2118 4155 recta
2156 4102 2366 4157 adirent
2407 4105 2572 4172 patris
2617 4106 2907 4160 eontecturi
2954 4108 3266 4164 nuditatem.
3317 4113 3381 4168 Et
3423 4116 3544 4172 vide

1973 4191 2180 4246 illorum
2205 4208 2324 4246 cum
2353 4209 2539 4263 magna
2567 4196 2827 4264 probitate
2858 4199 3339 4255 mansuetudinem.
3362 4204 3543 4274 Neque

1971 4284 2267 4355 increpant,
2297 4301 2470 4356 neque
2497 4287 2782 4341 verberant
2820 4286 3035 4342 fratrem
3070 4306 3084 4341 :
3135 4292 3226 4346 sed
3264 4303 3322 4347 ut
3362 4297 3544 4350 audie-

1970 4385 2113 4440 runt,
2136 4393 2258 4430 mox
2288 4376 2340 4430 id
2365 4392 2524 4430 unum
2555 4388 2829 4446 curarunt,
2854 4389 2911 4433 ut
2937 4377 3131 4434 factum
3153 4385 3541 4453 quamprimum

1967 4469 2364 4535 emendaretur,
2393 4478 2447 4523 et
2476 4469 2675 4523 honore
2702 4471 2909 4540 genitor
2922 4471 3241 4528 afficeretur.
3264 4474 3545 4548 Faciesquc

1965 4561 2168 4614 illorum
2195 4575 2383 4614 aversae
2407 4569 2572 4626 erant,
2593 4569 2639 4614 et
2675 4561 2950 4615 nuditatem
2975 4565 3134 4633 patris
3156 4567 3234 4618 sui
3267 4583 3368 4622 non
3403 4571 3540 4622 vide.

1965 4662 2105 4707 runt.
2123 4652 2306 4722 Magna
2333 4652 2558 4706 filiorum
2586 4655 2904 4721 reverentia,
2927 4671 3084 4724 quam
3100 4658 3254 4713 nobis
3271 4659 3542 4730 Scriptura

1965 4751 2257 4809 monstrat,
2286 4741 2426 4812 quod
2457 4758 2562 4796 non
2592 4742 2764 4797 solum
2794 4752 3000 4814 tegant,
3032 4745 3123 4800 sed
3149 4756 3202 4800 et
3228 4749 3408 4804 videre
3434 4767 3538 4807 non

1964 4834 2279 4889 sustineant.
2307 4833 2626 4889 Erudiamur
2652 4833 2797 4902 hinc,
2835 4844 2993 4906 atque
3023 4852 3090 4890 ex
3118 4839 3353 4909 utrisque
3372 4841 3537 4898 lucri-

1964 4929 2218 4984 faciamus
2257 4929 2456 5000 aliquid
2496 4945 2510 4982 :
2551 4939 2604 4984 et
2647 4929 2744 4984 bos
2791 4930 3004 4999 quidem
3046 4930 3348 4998 imitemur,
3397 4935 3535 4990 illius

1963 5024 2138 5070 autem
2178 5029 2357 5070 mores
2392 5013 2674 5085 fugiamus.
2719 5013 2851 5068 Nam
2889 5015 2934 5069 si
2972 5015 3016 5069 is
3042 5056 3058 5079 ,
3101 5017 3194 5085 qui
3229 5017 3534 5074 sensibilem

1963 5110 2256 5164 nuditatem
2279 5107 2566 5176 evulgavit,
2592 5105 2872 5162 maledicto
2899 5121 2957 5161 se
2982 5105 3105 5161 fecit
3129 5107 3446 5176 obnoxium,
3480 5122 3535 5168 et

1963 5201 2214 5256 excidens
2233 5200 2302 5254 ab
2324 5198 2526 5252 honore
2549 5211 2704 5267 quem
2731 5212 2910 5266 parem
2929 5196 3244 5253 babuitcum
3263 5198 3534 5267 fratribus,

1964 5293 2346 5348 condemnatus
2369 5299 2450 5344 est
2493 5296 2552 5342 ut
2586 5287 2693 5342 illis
2739 5288 2998 5354 serviret;
3043 5288 3169 5343 licet
3205 5299 3382 5345 autem
3430 5307 3536 5348 non

1963 5387 2097 5455 ipse,
2125 5397 2310 5439 omnes
2335 5393 2508 5436 tamen
2537 5381 2625 5451 qui
2650 5395 2718 5435 ex
2743 5380 2878 5450 ipso,
2908 5380 3049 5435 servi
3077 5379 3200 5436 facti
3224 5392 3348 5437 sunt
3369 5400 3384 5437 :
3407 5385 3532 5454 quid

1961 5478 2228 5548 patientur
2245 5475 2333 5545 qui
2361 5481 2573 5545 peccata
2599 5471 2820 5526 fratrum
2847 5471 3114 5542 evulgant,
3145 5483 3200 5528 et
3227 5490 3333 5529 non
3359 5476 3536 5533 solum

1961 5582 2070 5624 non
2097 5573 2386 5634 contegunt
2411 5571 2467 5618 et
2500 5570 2774 5626 excusant,
2815 5560 2910 5616 sed
2955 5563 3122 5631 magis
3160 5577 3226 5618 ea
3254 5565 3427 5633 palam
3460 5566 3535 5618 fa-

1961 5660 2130 5728 ciunt,
2160 5659 2434 5727 multaque
2455 5670 2520 5709 ex
2561 5654 2662 5708 hoc
2690 5661 2979 5722 operantur
3019 5655 3270 5723 peccata?
3311 5655 3532 5721 Quando

1960 5755 2102 5812 enim
2144 5751 2322 5809 fratris
2371 5756 2644 5806 peccatum
2690 5745 2935 5814 evulgas,
2980 5761 3086 5801 non
3135 5746 3280 5800 illum
3323 5755 3528 5805 tantum
