4062 6396
480 335 583 391 267

484 450 969 521 ignominiosiorem
996 448 1146 513 facis,
1174 456 1229 503 et
1257 448 1558 515 segniorem
1595 447 1731 502 forte
1761 448 1828 502 ad
1858 449 2068 503 virtutis

481 546 620 598 viam
654 543 1016 612 repetendam,
1050 541 1142 597 sed
1173 549 1229 596 et
1267 556 1360 596 eos
1385 542 1471 611 qni
1501 540 1754 607 audiunt,
1796 542 2071 611 negligen-

482 639 643 693 tiores
690 638 869 691 reddis
891 679 906 700 ,
954 644 1008 690 et
1047 634 1111 688 ad
1144 635 1443 689 socordiam
1476 634 1718 689 inducis:
1751 650 1923 704 neque
1966 634 2068 690 hoc

480 730 675 789 solum,
724 728 814 784 sed
859 728 1017 781 etiam
1064 725 1117 780 id
1162 725 1333 783 efficis
1379 733 1434 780 ut
1481 726 1618 779 Deus
1649 724 2063 795 blasphemetur.

482 816 623 872 istud
648 827 824 871 autem
848 827 1102 886 quantum
1128 815 1282 870 affert
1306 815 1625 885 supplicium
1650 815 1714 869 iis
1734 816 1821 885 qui
1850 830 2064 870 causam

478 911 721 980 praebent
740 951 754 974 ,
786 925 944 963 nemo
970 916 1053 963 est
1076 909 1162 978 qui
1193 908 1420 977 ignoret.
1450 906 1736 976 Fugiamus
1764 907 1940 976 igitur,
1971 904 2068 960 ob-

481 1016 655 1064 secro,
690 1016 869 1055 mores
894 1000 1085 1067 Citam,
1114 999 1383 1054 imitemur
1413 1009 1589 1052 autem
1615 998 1903 1069 proborum
1944 997 2065 1052 illo-

476 1109 593 1148 rum
626 1094 853 1147 liliorum
883 1092 1158 1162 pudorem,
1190 1106 1348 1162 quem
1375 1091 1426 1145 in
1457 1089 1787 1160 contegenda
1832 1089 2066 1159 parentis

478 1187 714 1242 nuditate
739 1187 1078 1241 declararunt
1118 1203 1132 1240 :
1162 1195 1215 1240 et
1242 1185 1311 1238 ita
1339 1183 1653 1255 obtegamus
1690 1183 1910 1237 fratrum
1939 1197 2063 1251 pec-

474 1288 612 1344 cata,
643 1295 746 1332 non
794 1290 852 1332 ut
896 1278 1039 1347 ipsos
1068 1275 1482 1346 negligentiores
1508 1289 1603 1344 per
1630 1273 1730 1328 hoc
1754 1271 2061 1339 reddamus,

475 1371 567 1425 sed
596 1379 655 1425 ut
682 1371 779 1423 liae
812 1370 1015 1423 ratione
1044 1368 1303 1437 majorem
1334 1366 1437 1420 illis
1464 1365 1799 1420 occasionem
1823 1362 2061 1434 prmbea-

475 1479 614 1527 mus,
646 1471 701 1516 ut
729 1463 837 1517 cito
868 1462 935 1516 ab
968 1461 1066 1515 hac
1095 1458 1327 1529 pernicie
1355 1458 1667 1521 liberentur,
1701 1456 1824 1510 etin
1854 1455 2063 1510 virtutis

470 1555 612 1607 viam
643 1552 879 1607 redeant.
924 1550 1057 1605 Nam
1082 1552 1221 1604 sicut
1258 1564 1361 1604 non
1390 1548 1587 1602 multos
1618 1546 1815 1602 habere
1836 1546 2061 1602 delicto-

470 1660 589 1698 rum
633 1652 797 1697 hstes
835 1641 1167 1712 resipiscenti
1210 1639 1504 1694 faciliorem
1545 1639 1775 1694 reditum
1808 1637 2011 1708 praebet
2044 1654 2058 1691 :

468 1735 545 1790 sic
565 1776 579 1799 ,
608 1735 651 1790 si
683 1734 909 1788 frontem
942 1731 1277 1802 perfricuerit
1305 1730 1537 1792 animus,
1569 1738 1624 1784 et
1662 1729 1854 1783 viderit
1885 1728 2060 1782 nenti-

470 1842 589 1881 nem
609 1826 850 1896 ignorare
871 1841 989 1894 quae
1012 1823 1147 1878 mala
1172 1822 1466 1885 admiserit,
1486 1837 1591 1875 non
1622 1819 1775 1875 facile
1796 1820 2060 1875 desiSIere

469 1920 609 1974 volet
637 1938 649 1973 :
688 1920 781 1974 sed
807 1918 957 1989 quasi
988 1919 1043 1972 in
1081 1916 1402 1987 profundum
1431 1915 1601 1969 lutum
1648 1914 1921 1968 incidisset
1945 1954 1959 1977 ,
2006 1919 2062 1966 et

470 2013 717 2066 deorsum
749 2011 816 2064 ab
848 2009 1141 2064 innumeris
1185 2017 1467 2079 raperetur
1512 2007 1798 2073 fluctibus,
1844 2005 2059 2061 diflicile

469 2121 745 2173 emergere
777 2105 1010 2174 poterit:
1057 2103 1109 2157 in
1140 2100 1570 2171 desperationem
1614 2100 1757 2155 enim
1797 2099 1972 2166 cadit,
2004 2108 2059 2154 el.

469 2198 673 2252 nullum
706 2198 802 2251 sibi
835 2197 1059 2249 reditum
1096 2194 1371 2265 promittit.

536 2294 589 2349 5.
634 2291 870 2355 Idcirco,
924 2304 1150 2359 precor,
1203 2302 1272 2342 ne
1321 2287 1631 2357 detegamus
1690 2286 2054 2355 proximorum

466 2386 664 2455 lapsus,
691 2394 742 2436 et
773 2385 813 2436 si
843 2382 1042 2436 abaliis
1069 2396 1162 2435 eos
1191 2380 1554 2443 didicerimus,
1587 2395 1655 2434 ne
1672 2390 1972 2449 satagamus
2001 2387 2057 2432 ut

465 2478 677 2533 ttnditas
705 2476 943 2527 videatur
975 2491 988 2527 :
1021 2472 1115 2527 sed
1142 2473 1278 2526 sicut
1304 2470 1457 2542 probi
1488 2471 1564 2524 illi
1592 2470 1682 2523 filii
1714 2470 2050 2539 obtegamns,

464 2570 860 2629 adumbremns,
880 2565 1242 2619 admonitione
1268 2574 1322 2618 et
1341 2563 1576 2618 consiliis
1594 2562 1795 2633 lapsam
1821 2563 2053 2614 animam

464 2663 669 2731 erigere
713 2659 1038 2722 Studeamus,
1087 2655 1468 2711 misericordiae
1498 2654 1592 2710 Dei
1636 2653 2053 2725 magnitudinem

464 2754 736 2817 docentes,
780 2759 834 2803 et
878 2750 1127 2804 bonitatis
1173 2747 1288 2816 ejus
1330 2744 1700 2801 excellentiam
1745 2753 1800 2799 et
1843 2744 2053 2798 miscri-

465 2847 658 2902 cordirc
704 2846 1135 2905 innuensitatcm,
1186 2850 1243 2895 ut
1272 2842 1527 2910 majorem
1577 2854 1735 2909 quam
1788 2836 1860 2891 illi
1892 2838 2053 2892 bene-

464 2942 747 2996 dictionem
775 2940 841 2992 ab
871 2939 1105 2990 omnium
1138 2936 1361 2989 Domino
1381 2947 1793 3002 consequamur,
1821 2931 1919 2999 Qui
1950 2931 2053 2984 vult

464 3049 634 3086 omnes
680 3032 906 3086 homines
951 3030 1117 3082 salvos
1145 3028 1279 3095 ﬁeri,
1326 3036 1372 3079 et
1405 3025 1473 3078 ad
1501 3026 1806 3095 agnitionem
1833 3024 2053 3076 veritatis

464 3124 630 3177 venire
664 3123 741 3193 (1.
765 3122 899 3175 Tim.
922 3122 975 3174 2.
1008 3120 1096 3188 4):
1123 3119 1209 3188 qui
1238 3133 1342 3172 non
1372 3117 1483 3171 vult
1510 3116 1725 3170 Mortem
1756 3115 2049 3186 peccatoris,

464 3216 552 3270 scd
584 3225 639 3269 ut
664 3224 979 3269 convertatur
1000 3224 1047 3266 et
1084 3214 1214 3265 vivat
1244 3210 1458 3281 (Ezeclt.
1492 3211 1577 3266 18.
1604 3208 1722 3284 25).
1745 3208 1813 3263 Ει
1843 3210 2049 3263 nudita-

464 3318 582 3374 tem,
630 3306 819 3378 inquit,
860 3305 1017 3372 patris
1056 3304 1137 3358 sui
1184 3319 1284 3357 non
1331 3303 1575 3355 viderunt.
1614 3301 1743 3357 Vide
1783 3300 2051 3373 quomodo

466 3415 561 3469 per
589 3399 758 3469 legem
788 3406 988 3450 naturae
1016 3395 1235 3449 inditam
1266 3395 1411 3464 prius
1433 3403 1488 3449 et
1523 3395 1590 3450 ab
1619 3394 1771 3448 initio
1793 3394 2049 3465 impleve-

463 3500 589 3546 runt
614 3506 677 3547 ea
705 3506 820 3561 qtae
853 3500 971 3558 post
997 3488 1061 3543 ad
1104 3489 1452 3544 erudiendum
1485 3488 1771 3542 humanum
1800 3503 1970 3558 genus
1996 3487 2047 3541 itt

462 3586 578 3655 lege
601 3563 794 3654 scripta
829 3584 1041 3637 fuerunt
1072 3600 1084 3635 :
1114 3591 1168 3636 et
1194 3581 1245 3637 id
1275 3583 1418 3653 quod
1447 3584 1530 3637 lex
1558 3582 1767 3637 diccbat
1793 3600 1805 3635 :
1839 3581 2049 3635 Honora

463 3687 655 3746 patrem
682 3686 822 3728 tuum
866 3684 911 3727 et
955 3683 1168 3726 matrem
1214 3683 1374 3735 tuam,
1408 3682 1460 3725 ut
1492 3674 1610 3726 bene
1635 3673 1699 3726 sit
1734 3671 1822 3725 tibi
1848 3670 2045 3742 (Exod.

459 3768 550 3822 20.
586 3767 709 3837 19.):
738 3776 810 3829 et,
845 3766 943 3830 Qui
982 3765 1233 3817 maledicit
1266 3764 1398 3835 patri
1433 3764 1508 3818 vel
1554 3764 1721 3829 matri,
1755 3773 1912 3817 morte
1937 3780 2047 3817 mo-

461 3861 623 3911 riatur
650 3856 751 3927 (Ib.
787 3857 877 3909 2|.
906 3857 1025 3921 17):
1078 3856 1178 3908 hoc
1217 3855 1326 3922 jam
1374 3856 1624 3923 Operibus
1672 3856 2045 3924 impleverunt.

464 3949 651 4003 Vidisti
683 3947 951 4017 quomodo
980 3956 1163 3999 natura
1188 3947 1334 4015 prius
1356 3945 1708 4000 suflicientem
1740 3945 1922 3999 habuit
1950 3946 2045 4001 do-

459 4046 682 4103 ctrinam
702 4046 723 4097 ?

531 4137 762 4190 Ebrietas
801 4135 997 4187 dwmon
1026 4133 1356 4188 voluntarius.
1374 4132 1542 4186 -24.
1572 4130 1837 4201 Evigilavit
1856 4142 2044 4196 autem,

462 4229 652 4298 inquit,
705 4226 823 4280 Noe
849 4244 878 4278 a
910 4226 1045 4292 vino,
1096 4235 1142 4279 et
1169 4226 1399 4296 cognovit
1440 4240 1554 4293 qua:
1581 4226 1768 4293 fecerat
1792 4224 1883 4277 sibi
1909 4226 2047 4294 ﬁlius

451 4321 652 4390 junior.
702 4318 970 4388 Evigilavit
1016 4328 1180 4371 autem
1212 4358 1227 4383 ,
1278 4317 1466 4387 inquit.
1513 4317 1746 4371 Audiant
1787 4317 1876 4386 qtti
1920 4318 2044 4372 totis

461 4412 648 4471 diebus
690 4411 740 4463 in
772 4410 1028 4463 conviviis
1070 4420 1349 4463 versantur
1389 4410 1567 4478 lapsus
1593 4414 1929 4478 gravitatem,
1959 4408 2043 4463 fu-

457 4503 710 4571 giantque
754 4499 891 4569 quod
943 4515 1007 4553 ex
1053 4498 1309 4553 ebrietate
1333 4510 1413 4553 est
1435 4500 1709 4553 damnum.
1758 4498 1855 4554 Sui
1879 4509 2045 4553 autem

456 4595 623 4666 factus
668 4608 891 4661 contpos,
935 4590 1123 4661 inquit.
1153 4590 1288 4657 Quid
1318 4600 1420 4654 est,
1465 4589 1563 4669 Sui
1591 4593 1755 4661 factus
1799 4590 2046 4659 compos."

461 4686 517 4740 ld
532 4683 671 4754 quod
691 4699 786 4737 nos
804 4684 1010 4737 discere
1036 4682 1270 4736 solemus
1285 4680 1351 4735 de
1368 4682 1599 4748 furiosis,
1618 4682 1661 4736 si
1678 4682 1888 4752 quando
1902 4682 1967 4736 ad
1985 4698 2043 4737 se

459 4776 681 4831 redeant
708 4792 721 4826 :
757 4774 851 4829 llic
878 4790 908 4827 a
935 4773 1179 4828 dzemone
1207 4782 1484 4842 correptus
1505 4774 1585 4827 sui
1608 4787 1828 4843 compos
1850 4773 2039 4839 factus,

458 4880 514 4923 ct
539 4867 608 4921 ab
648 4866 787 4933 illius
820 4865 1097 4935 tyrannide
1129 4864 1381 4919 liberatus
1422 4875 1507 4918 est
1538 4882 1550 4917 :
1583 4864 1634 4919 id
1675 4865 1773 4920 sibi
1804 4865 1917 4924 vult
1943 4866 2044 4923 hoc

456 4956 579 5017 loco
619 4959 913 5027 Scriptura.
964 4957 1102 5013 Vere
1147 4958 1290 5013 enim
1335 4957 1565 5013 ebrietas
1606 4958 1937 5014 voluntarius
1960 4969 2043 5017 est

459 5054 693 5117 ἀξείνου,
719 5064 768 5105 et
793 5052 1004 5122 gravius
1029 5067 1187 5121 quam
1212 5052 1421 5107 daemon
1448 5061 1681 5107 mentem
1701 5052 2037 5121 obtenebrat,

456 5155 749 5215 eteaptum
799 5145 943 5198 oatni
989 5144 1356 5199 benevolentia
1404 5144 1665 5199 destituit.
1713 5146 1869 5215 Stepe
1896 5148 2040 5203 enim

459 5238 843 5293 daemoniacum
867 5238 1104 5293 videntes
1130 5238 1490 5293 misericordia
1518 5254 1812 5307 movemur,
1835 5251 1891 5295 et
1913 5257 2040 5297 con-

454 5333 721 5396 dolemus,
770 5346 1119 5401 magnamque
1165 5347 1289 5402 erga
1334 5331 1480 5386 illum
1520 5332 2037 5391 commiserationem

460 5422 824 5485 declaramus;
874 5433 1059 5477 contra
1082 5433 1275 5478 autem
1301 5423 1522 5479 facimus
1551 5426 1691 5481 circa
1716 5425 1892 5481 ebrios
1916 5443 1931 5483 :
1959 5428 2039 5481 in-

449 5512 734 5583 dignamur
754 5516 914 5575 cniin,
943 5513 1085 5583 aegre
1098 5514 1336 5579 ferimus,
1361 5516 1637 5573 innumera
1661 5518 2032 5588 imprecamur.

454 5601 630 5667 Quare
658 5616 710 5659 et
735 5623 835 5673 qua
867 5606 933 5660 de
958 5609 1154 5661 causa?
1180 5609 1311 5674 Quia
1342 5609 1428 5664 ille
1450 5611 1535 5679 qui
1563 5626 1593 5665 a
1630 5611 1770 5666 malo
1794 5612 2036 5669 daemone

456 5695 703 5763 agitatur,
737 5698 1119 5753 involnntarins
1164 5712 1419 5769 operatur
1442 5716 1505 5756 ea
1531 5717 1649 5772 qua:
1675 5713 1945 5772 operatur,
1973 5720 2038 5761 ac

461 5786 586 5844 licet
627 5791 943 5857 recalcitrct,
990 5791 1111 5845 licet
1156 5802 1366 5863 rumpat
1411 5802 1632 5861 vestem,
1678 5805 1732 5851 et
1781 5797 2031 5853 obscaena

1247 332 1305 388 S.
1345 332 1623 390 JOANNIS
1661 332 2131 390 CHRYSOSTOMI
2168 336 2485 392 ARCIllEP.
2528 338 3061 397 CONSTANTINOP.

3660 353 3766 409 268

2176 451 2439 519 qurepiam
2489 451 2756 518 loquatur,
2807 455 2962 509 venia
3003 456 3196 528 dignus
3235 469 3528 516 censetur:
3578 474 3633 519 at
3675 468 3766 536 qui

2174 541 2353 596 ebrius
2396 550 2498 607 est,
2544 544 2799 613 quidquid
2844 547 3050 612 fecerit,
3097 563 3202 603 non
3232 560 3315 605 est
3339 553 3492 607 venia
3528 554 3764 625 dignus:

2172 632 2267 686 sed
2311 641 2365 686 et
2410 633 2563 688 valde
2607 635 2850 690 incusant
2892 638 3040 693 illum
3065 640 3373 708 familiares,
3401 646 3577 709 amici,
3607 658 3660 702 et
3684 651 3769 702 vi-

2172 724 2301 790 cini,
2329 735 2383 781 et
2412 727 2464 781 in
2492 742 2700 782 summa
2729 744 2949 795 omnes;
2995 733 3115 802 quia
3146 745 3338 803 sponte
3381 747 3436 791 et
3463 739 3766 796 voluntarie

2174 815 2226 868 in
2270 815 2408 872 hanc
2460 819 2753 888 nequitiam
2800 823 3028 888 transiit,
3075 833 3129 879 et
3173 825 3447 884 ebrietatis
3499 834 3765 901 tyrannidi

2171 906 2406 977 seipsum
2436 908 2657 965 dedidit.
2690 912 2753 965 Et
2772 911 2888 967 haec
2909 913 3030 969 dico
3052 929 3157 969 non
3185 928 3242 970 ut
3282 918 3482 987 justum
3506 921 3764 977 incusem:

2171 1001 2336 1054 multa
2382 1003 2525 1056 cnim
2574 1014 2727 1060 erant
2770 1018 2989 1077 propter
3016 1024 3135 1078 qua:
3163 1011 3235 1065 illi
3267 1014 3419 1066 venia
3448 1013 3763 1081 debebatur,

2170 1100 2227 1145 et
2267 1107 2389 1146 cum
2437 1095 2641 1163 primis,
2672 1098 2814 1167 quod
2864 1114 2969 1152 non
3004 1100 3056 1154 in
3086 1101 3137 1155 id
3167 1103 3280 1156 vitii
3310 1114 3493 1173 postea
3520 1107 3767 1176 relapsus

2170 1190 2272 1246 est,
2317 1183 2367 1237 id
2394 1186 2536 1254 quod
2576 1190 2864 1241 maximum
2892 1189 3051 1245 fuerit
3080 1192 3334 1249 indicium
3358 1211 3480 1251 eum
3511 1214 3574 1250 ex
3607 1199 3768 1267 igno—

2170 1277 2362 1340 rantia,
2409 1292 2513 1332 non
2564 1294 2629 1333 ex
2676 1281 2989 1351 negligentia
3035 1284 3181 1352 prius
3212 1285 3523 1356 deliquisse.
3555 1289 3682 1342 Nam
3712 1291 3765 1344 si

2170 1364 2272 1420 hoc
2294 1364 2481 1422 fuisset
2510 1370 2863 1439 negligentiae,
2893 1375 3172 1442 oportebat
3200 1392 3321 1431 eum
3350 1380 3540 1433 iterum
3572 1380 3763 1435 eodem

2172 1458 2361 1511 morbo
2393 1459 2551 1528 capi:
2582 1461 2634 1514 id
2678 1463 2819 1531 quod
2865 1479 2970 1518 non
3014 1468 3216 1522 evenit.
3257 1468 3388 1523 Nam
3433 1471 3478 1524 si
3505 1471 3678 1526 denuo
3706 1474 3765 1527 id

2168 1550 2472 1626 accidisset,
2525 1553 2797 1625 Scriptura
2840 1558 3023 1627 utique
3068 1574 3174 1614 non
3205 1562 3534 1630 obticuisset,
3567 1566 3657 1619 sed
3684 1568 3765 1619 si-

2166 1641 2473 1708 gnificasset
2502 1644 2673 1699 nobis.
2704 1646 2850 1701 Unus
2875 1648 3017 1703 enim
3042 1664 3233 1721 scopus
3254 1662 3308 1706 et
3338 1656 3595 1710 terminus
3615 1655 3769 1712 Scri-

2168 1742 2336 1801 pturze
2382 1734 2576 1790 divina:
2615 1747 2717 1802 est,
2748 1753 2815 1793 ne
2844 1740 2971 1810 quid
3012 1740 3272 1797 factorum
3303 1746 3634 1814 intermittat,
3664 1750 3763 1803 sed

2168 1827 2447 1882 veritatem
2494 1844 2593 1883 nos
2632 1830 2839 1887 doceat.
2872 1833 3055 1903 Neque
3082 1836 3225 1890 enim
3270 1851 3491 1907 propter
3510 1842 3762 1896 invidiam

2160 1917 2430 1989 justorum
2486 1922 2709 1977 virtutes
2766 1926 3022 1994 praeterit,
3055 1943 3226 1996 neque
3268 1940 3485 1998 propter
3534 1934 3763 2001 gratiam

2165 2019 2383 2080 peccata
2410 2012 2691 2068 adumbrat
2719 2034 2735 2069 :
2761 2016 2856 2071 sed
2896 2020 3074 2072 omnia
3109 2020 3162 2073 in
3193 2020 3426 2075 medium
3460 2023 3610 2076 nobis
3636 2039 3766 2092 pro-

2163 2104 2330 2173 ponit,
2361 2115 2418 2158 ut
2439 2107 2673 2177 regulam
2701 2117 2755 2163 et
2791 2109 3088 2165 doctrinam
3118 2114 3400 2183 quamdam
3443 2115 3757 2184 habeamus,

2163 2204 2216 2249 et
2257 2204 2316 2249 ut
2367 2196 2411 2249 si
2441 2199 2653 2267 quando
2682 2201 2841 2255 etiam
2874 2217 2973 2257 nos
3000 2219 3097 2274 per
3121 2206 3422 2262 socordiam
3451 2209 3504 2263 in
3532 2210 3657 2280 quid
3678 2213 3764 2264 vi-

2161 2287 2220 2340 tii
2274 2288 2642 2358 inciderimus,
2694 2294 2960 2349 cautiores
3011 2296 3178 2351 simus
3225 2309 3429 2367 postea,
3476 2316 3544 2355 ne
3579 2302 3763 2357 denuo

2161 2378 2476 2436 incidamus.
2508 2382 2690 2453 Neque
2715 2387 2857 2440 enim
2884 2395 2991 2441 tam
3014 2404 3179 2458 grave
3201 2401 3283 2445 est
3313 2408 3553 2461 peccare,
3591 2411 3755 2465 quam

2160 2464 2214 2519 in
2262 2469 2492 2535 peccatis
2539 2484 2906 2537 perseverare.
2957 2474 3139 2545 Itaque
3180 2492 3285 2530 non
3312 2480 3529 2534 attende
3572 2464 3751 2537 solum

2159 2558 2300 2627 quod
2334 2559 2623 2615 inebriatus
2666 2564 2734 2617 sit
2774 2563 2982 2633 justtts,
3022 2566 3116 2621 sed
3147 2568 3286 2637 quod
3318 2582 3498 2639 postea
3529 2588 3632 2626 non
3656 2574 3763 2627 ite-

2158 2663 2273 2701 rum
2308 2648 2410 2705 ltoc
2438 2650 2485 2704 ei
2528 2652 2804 2708 acciderit.
2855 2654 2991 2710 Illud
3031 2672 3161 2713 vero
3189 2661 3468 2715 considera
3495 2705 3509 2729 ,
3540 2677 3633 2718 eos
3662 2667 3760 2733 qui

2160 2739 2211 2793 in
2259 2742 2494 2798 tabernis
2523 2746 2741 2800 vinariis
2779 2749 3016 2816 quotidie
3043 2764 3430 2808 consumuntur
3453 2797 3467 2821 ,
3500 2764 3554 2811 et
3584 2757 3762 2811 ferme

2157 2830 2401 2899 dixerim,
2418 2835 2652 2903 quotidie
2672 2840 2971 2894 moriuntur
2994 2859 3007 2893 :
3027 2842 3234 2897 etiamsi
3263 2846 3474 2913 quando
3498 2848 3577 2902 sui
3603 2863 3761 2902 com-

2158 2932 2308 2990 potes
2352 2923 2546 2978 fuerint
2592 2926 2753 2993 faeti,
2788 2945 2960 3000 neque
2981 2932 3058 2986 sic
3103 2934 3203 2987 sibi
3246 2947 3433 2991 cavent
3464 2938 3531 2992 ab
3556 2940 3755 2994 eodem

2156 3014 2394 3080 periculo
2414 3056 2430 3082 ,
2460 3016 2551 3071 sed
2583 3020 2732 3087 quasi
2769 3020 2835 3074 ad
2867 3037 3001 3092 opus
3032 3025 3299 3095 quoddam
3330 3037 3601 3083 strenuum
3632 3032 3761 3085 red-

2155 3113 2301 3158 eunt.
2349 3105 2568 3179 Insuper
2624 3117 2681 3164 et
2726 3111 2826 3166 hoc
2881 3116 2999 3184 quis
3036 3117 3159 3185 jure
3199 3120 3483 3190 cogitabit,
3543 3123 3750 3191 justum

2156 3194 2325 3261 illum,
2372 3200 2473 3252 etsi
2514 3201 2655 3270 quod
2688 3218 2791 3257 non
2833 3216 3084 3275 expertus
3125 3218 3289 3275 esset,
3322 3227 3421 3266 nec
3459 3214 3619 3268 sciret
3645 3232 3757 3285 qua

2154 3299 2407 3342 mensura
2444 3300 2589 3345 esset
2612 3293 2863 3348 utendum
2884 3338 2899 3361 ,
2930 3297 3221 3353 inebriatus
3242 3301 3342 3367 sit;
3374 3310 3602 3363 attamen
3629 3321 3757 3363 cum

2151 3375 2331 3446 justus
2358 3390 2520 3446 esset,
2572 3392 2625 3437 et
2665 3386 2844 3440 multis
2871 3386 3024 3443 bonis
3067 3390 3289 3460 polleret
3327 3395 3593 3464 operibus,
3626 3412 3757 3466 pec-

2152 3479 2352 3537 catum,
2408 3474 2547 3543 quod
2599 3492 2723 3530 casu
2761 3482 2959 3548 evenit,
3018 3483 3271 3553 obtegere
3322 3489 3599 3555 potuisse:
3649 3507 3757 3547 nos

2152 3570 2330 3616 autem
2371 3579 2491 3618 cum
2525 3566 2903 3626 abinnumeris
2950 3572 3067 3628 aliis
3122 3576 3489 3633 affectionibus
3529 3581 3756 3638 infeste-

2152 3674 2292 3729 mur,
2335 3672 2388 3718 et
2431 3662 2529 3718 ltoc
2569 3666 2848 3737 addamus,
2882 3679 2937 3722 ut
2962 3679 3017 3724 et
3046 3671 3114 3724 ab
3147 3672 3403 3729 ebrietate
3433 3676 3751 3748 submerga-

2152 3767 2291 3819 mur,
2345 3755 2469 3824 quid
2514 3759 2825 3812 excusabit?
2857 3761 2939 3815 vel
2975 3762 3115 3831 quis,
3148 3764 3252 3827 die,
3283 3780 3401 3833 oro,
3435 3782 3530 3821 nos
3556 3769 3755 3839 digna-

2150 3845 2293 3900 bitur
2314 3848 2488 3916 venia,
2514 3865 2647 3919 quos
2676 3851 2817 3907 nulla
2846 3856 3173 3923 experientia
3201 3856 3325 3912 facit
3345 3860 3756 3930 castigatiorcs’

2151 3934 2426 4008 Evigilavit
2464 3952 2630 3994 autem
2678 3941 2810 4008 Noe,
2858 3944 3047 4015 inquit,
3076 3963 3107 3999 a
3134 3948 3270 4013 vino,
3303 3960 3351 4002 et
3374 3954 3599 4021 cognovit
3626 3970 3751 4023 qua:

2152 4030 2267 4099 fecit
2287 4030 2382 4083 sibi
2401 4032 2541 4099 filius
2560 4049 2680 4088 suus
2696 4036 2894 4104 junior.
2913 4037 3062 4092 Unde
3082 4043 3361 4109 cognovit?
3377 4043 3533 4101 Forte
3553 4045 3752 4102 fratres

2150 4123 2603 4193 signiticaverunt,
2650 4142 2756 4182 non
2786 4140 2844 4183 ut
2884 4128 3100 4185 fratrem
3129 4146 3463 4201 accusarent,
3495 4138 3589 4193 sed
3626 4157 3748 4196 rem

2150 4224 2209 4269 ut
2237 4216 2371 4271 facta
2398 4228 2512 4272 erat
2540 4219 2812 4288 docentes,
2861 4230 2918 4276 ut
2945 4226 3266 4281 conveniens
3293 4229 3383 4283 ille
3408 4247 3505 4285 suo
3535 4233 3746 4289 vulneri

2150 4308 2446 4363 remedium
2495 4311 2779 4381 acciperet.
2825 4312 2895 4367 Et
2941 4319 3188 4387 cognovit,
3236 4321 3423 4390 inquit,
3469 4323 3582 4378 Noe
3600 4344 3747 4394 quee-

2150 4414 2361 4470 cumque
2402 4401 2588 4469 fecerat
2632 4404 2729 4457 sibi
2757 4405 2895 4473 ﬁlius
2920 4423 3041 4460 suus
3058 4408 3255 4478 junior.
3288 4411 3423 4478 Quid
3451 4423 3550 4479 est,
3582 4415 3745 4481 Qum-

2148 4509 2357 4563 cumque
2383 4496 2610 4565 fecerat?
2642 4498 2882 4566 Magnam
2912 4509 2966 4554 et
3004 4501 3389 4558 intolerabilem
3417 4522 3529 4560 rem
3556 4508 3745 4565 dicere

2153 4587 2284 4639 vult.
2315 4586 2693 4643 Animadverte
2719 4590 2858 4643 enim
2890 4592 3155 4660 quomodo
3180 4594 3320 4648 intus
3350 4595 3404 4650 in
3436 4596 3596 4651 domo
3624 4600 3742 4656 visa

2148 4678 2315 4747 patris
2346 4680 2691 4749 turpitudine,
2720 4696 2841 4736 cum
2883 4682 3155 4738 debuisset
3191 4687 3463 4757 obtegere,
3491 4705 3741 4760 egressus

2148 4770 2430 4840 evulgavit,
2459 4780 2511 4826 et
2537 4773 2667 4826 risui
2698 4783 2855 4842 atque
2878 4774 3273 4832 subsannatloni
3304 4788 3531 4850 patrem,
3567 4798 3742 4852 quan-

2148 4868 2259 4915 tum
2289 4862 2342 4915 in
2368 4862 2484 4932 ipso
2510 4875 2644 4929 erat,
2676 4865 2947 4934 exposuit,
2978 4866 3273 4939 fratresque
3301 4885 3477 4938 pravae
3501 4888 3613 4927 suae
3636 4891 3740 4927 vo-

2145 4950 2362 5008 luntatis
2388 4955 2561 5010 socios
2588 4970 2706 5010 esse
2731 4957 2925 5012 voluit:
2948 4974 3067 5013 cum
3091 4962 3430 5030 oportuisset,
3449 4963 3494 5018 si
3515 4966 3741 5021 omnino

2146 5045 2483 5102 nuntiaturus
2527 5057 2660 5115 erat,
2702 5048 2822 5103 illos
2856 5050 2991 5104 intra
3042 5050 3259 5107 domum
3305 5070 3521 5122 vocare,
3572 5067 3627 5112 et
3655 5060 3738 5115 sic

2146 5135 2440 5191 nuditatem
2468 5136 2617 5192 effari
2650 5157 2664 5189 :
2693 5140 2786 5194 sed
2817 5140 2930 5209 ipse
2961 5141 3100 5197 foras
3127 5144 3282 5212 exiit,
3314 5145 3609 5202 nuditatem
3637 5150 3734 5206 de-

2143 5225 2386 5292 claravit,
2432 5228 2582 5298 quasi
2619 5230 2776 5284 etiam
2826 5232 2926 5285 alia
2965 5232 3177 5289 adesset
3226 5236 3376 5290 turba
3431 5237 3734 5308 bominmn,

2143 5308 2275 5387 quos
2300 5319 2457 5373 etiam
2486 5319 2720 5374 facturus
2740 5332 2882 5377 esset
2912 5336 3143 5392 paternae
3167 5328 3503 5395 turpitudinis
3527 5341 3692 5384 testes
3720 5350 3735 5386 :

2143 5423 2361 5482 prOpter
2404 5414 2503 5467 ltoc
2548 5415 2734 5485 inquit,
2772 5416 2899 5482 Qua:
2923 5422 3139 5487 fecerat;
3169 5418 3219 5473 id
3249 5430 3350 5486 est,
3381 5425 3737 5477 contumelia.

2142 5520 2233 5558 sus
2259 5504 2394 5574 patri
2418 5504 2532 5568 fuit,
2563 5505 2757 5559 oblitus
2786 5515 2870 5561 est
2896 5507 3112 5563 honoris
3140 5525 3297 5580 quem
3322 5511 3516 5566 debent
3540 5529 3736 5579 paren-

2142 5596 2282 5650 tibus
2311 5595 2423 5660 lilii,
2469 5596 2698 5666 prodidit
2738 5608 2972 5668 peccata,
3006 5598 3197 5655 fratres
3221 5600 3383 5655 voluit
3410 5602 3648 5670 allicere,
3677 5618 3735 5661 et

2141 5688 2314 5743 socios
2340 5689 2513 5743 facere
2535 5706 2645 5743 sua:
2667 5691 3022 5745 contumelia}.
3051 5691 3177 5758 Qum
3191 5694 3377 5762 fecerat
3396 5693 3508 5757 sibi,
3534 5695 3730 5766 inquit,

2142 5780 2279 5847 filius
2324 5796 2443 5835 suus
2482 5781 2670 5847 iunior.
2704 5784 2858 5853 Atqui
2891 5799 2995 5839 non
3021 5782 3107 5839 hic
3132 5793 3248 5840 erat
3282 5785 3495 5856 junior;
3528 5804 3730 5846 secun-
