4062 6396
231 355 346 412 *ὶπῖ

232 467 500 522 ἀπόνοιαν
535 475 558 504 α
587 463 812 536 ἤλειψας
833 481 844 492 ·
881 467 976 518 καὶ
1023 467 1084 520 οὐ
1135 466 1298 520 τοῦτο
1349 469 1528 538 μόνον,
1563 467 1676 520 ἀλλ’
1699 467 1782 519 ὅτι
1815 464 1911 518 καὶ

234 551 682 622 β’·ασφημεῖσθαι
729 553 821 606 τὸν
852 552 986 606 Θεδν
1017 555 1457 624 παρεσκεύασας.
1490 553 1660 608 Τοῦτο
1689 554 1746 606 δὲ
1783 553 1914 622 δσην

232 641 490 710 προξενεῖ
509 640 604 710 τὴν
640 639 860 693 κόλασιν
884 644 996 704 τοῖς
1027 642 1129 712 τὴν
1152 643 1330 696 αἰτίαν
1361 642 1716 712 παρέχουσιν.
1739 641 1915 703 οὐδεὶς

231 729 444 794 ἀγνοεῖ.
466 726 730 797 Φύγωμεν
756 728 958 790 τοίνυν,
981 731 1302 800 παρακαλῶ,
1335 729 1430 784 τοῦ
1461 731 1592 799 Χάμ
1617 730 1707 782 τὸν
1729 728 1912 798 ζῆλον,

235 815 614 884 μιμησὼμεθα
643 816 700 868 δέ
751 815 860 868 τῶν
899 818 1258 887 εὐγνωμόνων
1307 818 1512 872 τούτων
1565 818 1770 872 παίδων
1813 815 1914 886 τὴν

233 903 394 962 αἰδῶ,
426 905 495 974 ἣν
523 904 651 974 περὶ
701 903 800 974 τὴν
853 904 1132 974 γύμνωσιν
1159 904 1254 958 τοῦ
1285 907 1490 976 πατρὸς
1533 905 1876 968 ἐπεδείξαντο
1895 921 1908 934 ·

229 995 328 1046 καὶ
355 991 500 1045 οὕτω
524 992 596 1044 τά
628 992 734 1044 τῶν
781 991 1026 1060 ἀδελφῶν
1085 994 1462 1064 συσκιάζωμεν
1515 996 1908 1064 ἁμαρτήματα,

229 1080 333 1148 ῦὺχ
366 1080 454 1132 ἱνα
483 1081 562 1140 εἰς
595 1077 866 1150 ρᾳθυμίαν
893 1080 1090 1142 αὐτοὺς
1111 1081 1615 1152 παιδοτριϐήσωμεν
1635 1123 1648 1144 ν
1681 1081 1792 1134 ἀλλ’
1823 1083 1910 1134 ἶνα

227 1166 408 1236 ταύτῃ
448 1165 680 1235 μάλιστα
725 1166 946 1220 πλείονα
1003 1168 1184 1230 αὐτοῖς
1227 1169 1481 1240 ἀφορμὴν
1541 1169 1909 1240 παράσχωμεν

227 1253 326 1306 τοῦ
357 1253 567 1324 ταχέως
584 1254 681 1323 τῆς
714 1253 892 1323 λύμης
930 1254 1144 1324 ἐκείνης
1190 1255 1589 1326 ἀπαλλαγῆναι,
1655 1257 1742 1310 καὶ
1774 1257 1910 1328 πρὸς

227 1343 322 1393 τὸν
365 1343 464 1410 τῆς
493 1341 696 1412 ἀρετῆς
727 1341 926 1412 δρόμον
961 1342 1294 1396 ἐπανελθεῖν.
1337 1343 1547 1416 Ὥσπερ
1590 1343 1697 1416 γὰρ
1737 1344 1796 1397 τὸ
1832 1345 1906 1416 μὴ

229 1428 464 1490 πολλοὺς
488 1429 631 1498 ἔχειν
677 1429 962 1498 μάρτυρας
996 1429 1104 1480 τῶν
1155 1429 1371 1482 οἰκείων
1419 1429 1906 1510 πλημμελημάτων

227 1515 610 1586 εὐκολωτέραν
648 1516 1050 1579 κατασκευάζει
1091 1513 1167 1585 τῷ
1213 1517 1438 1586 νήφοντι
1481 1519 1580 1588 τὴν
1612 1519 1904 1572 ἐπάνοδον·

221 1603 426 1663 οὕτως,
481 1601 700 1656 ἐπειδὰν
735 1601 1115 1673 ἀπερυθριάση
1163 1601 1330 1672 ψυχὴ,
1366 1605 1460 1658 καὶ
1493 1604 1576 1676 ἴδῃ
1607 1605 1690 1657 ὅτι
1717 1606 1906 1661 οὐδένα

227 1690 424 1760 λέληθε
449 1687 518 1742 τὰ
543 1705 674 1758 πονη
685 1689 752 1760 ρὰ
775 1689 1239 1760 διαπραττομένη,
1273 1691 1372 1744 ούκ
1399 1691 1906 1765 εὐκόλως-ἀποστῆ-

223 1795 316 1829 ναι
345 1777 617 1846 ἀνέχεται,
645 1775 780 1828 ἀλλά
809 1775 1062 1848 καθάπερ
1091 1777 1171 1839 είς
1200 1777 1331 1848 ὕλην
1359 1778 1480 1832 τινὰ
1507 1779 1598 1834 καὶ
1620 1779 1780 1846 βυθὸν
1809 1783 1908 1852 ἐμ-

223 1863 498 1926 πεσοῦσα,
531 1863 626 1916 καὶ
645 1863 750 1914 ὐπὸ
787 1863 996 1933 μυρίων
1047 1865 1308 1934 κυμάτων
1337 1864 1488 1918 κάτω
1521 1867 1902 1938 παρελκομένη

221 1951 504 2014 δυσκόλως
553 1949 842 2004 ἀνανεῦσαι
873 1951 1182 2021 δυνήσεται,
1226 1953 1306 2015 είς
1355 1953 1662 2020 ἀπόγνωσιν
1719 1955 1903 2010 λοιπὸν

225 2037 550 2108 ἐμπεσοῦσα
575 2036 824 2107 καὶπρὸς
851 2039 950 2108 τὴν
981 2037 1238 2092 ἐπάνοδον
1267 2039 1705 2110 ἀπαγορεύουσα.

285 2133 364 2178 ε’.
385 2125 484 2178 Διά
506 2124 688 2186 τοῦτο,
715 2125 1042 2196 παρακαλῶ,
1079 2127 1214 2196 μήτε
1241 2127 1679 2198 ἐκπομπεύωμεν
1706 2128 1776 2182 τά
1795 2129 1904 2182 τῶν

223 2213 460 2282 πλησίον
489 2213 798 2281 σφάλματα,
831 2212 926 2264 καὶ
953 2213 1172 2266 ἐπειδάν
1201 2214 1330 2284 παρ’
1369 2214 1571 2285 ἐτέρων
1593 2215 1764 2270 ταῦτα
1797 2217 1903 2285 μά·-

217 2299 432 2368 θωμεν,
461 2300 534 2370 μὴ
569 2298 920 2369 ἐπειγώμεθα
945 2297 1088 2351 ὥστε
1121 2301 1221 2370 τὴν
1250 2300 1531 2370 γύμνωσιν
1568 2301 1727 2356 ίδεῖν·
1769 2303 1904 2356 ἀλλά

221 2386 482 2456 καθάπερ
510 2377 656 2440 οὗτοι
684 2387 732 2440 oi
763 2385 1106 2456 εὐγνώμονες
1159 2388 1368 2452 παῖδες,
1405 2389 1899 2462 συγκαλύπτωμεν,

223 2477 634 2546 συσκιάζωμεν,
667 2479 733 2546 τῇ
769 2477 1088 2546 παραινέσει
1108 2515 1124 2540 ,
1155 2481 1274 2542 ταῖς
1304 2477 1634 2547 συμϐουλαῖς
1665 2497 1905 2534 καταπε-

221 2565 512 2616 πτωκυῖαν
541 2562 640 2632 τὴν
677 2561 854 2632 ψυχὴν
886 2562 1150 2630 ἀνορθοῦν
1203 2563 1614 2634 σπουδάζωμεν,
1645 2566 1744 2635 τῆς
1783 2565 1906 2632 φιλ-

219 2649 546 2719 ανθρωπίας
571 2649 665 2700 τοῦ
696 2648 832 2702 Θεοῦ
865 2648 926 2701 τὸ
966 2649 1197 2716 μέγεθος
1227 2649 1568 2713 διδάσκοντες
1587 2689 1602 2714 ,
1632 2653 1730 2722 τῆς
1761 2654 1904 2722 ἀγα-

219 2737 453 2806 θότητος
471 2735 636 2788 αὐτοῦ
659 2736 759 2804 τὴν
789 2735 1118 2806 ὑπερϐολὴν,
1149 2737 1247 2806 τῆς
1267 2737 1667 2808 εὐσπλαγχνίας
1689 2739 1750 2792 τὸ
1770 2740 1904 2809 άμε⁴

221 2841 376 2896 τρον,
404 2825 490 2878 ἵνα
523 2823 789 2894 μείζονος,
812 2825 955 2894 ἥπερ
987 2820 1155 2890 οῦτοι,
1209 2825 1460 2892 εὐλογίας
1507 2826 1904 2898 ἀπολαύσωμεν

221 2913 383 2985 παρά
405 2911 498 2964 τοῦ
533 2911 638 2964 τῶν
666 2911 804 2964 ὅλων
833 2909 988 2976 Θεοῦ,
1025 2913 1118 2965 τοῦ
1161 2912 1485 2982 βουλομένου
1524 2913 1761 2981 Πάντας
1800 2917 1905 2970 άν-

220 3001 500 3068 θρὼπους
521 2999 808 3066 σωθῆναι,
853 2999 950 3053 καί
997 3003 1084 3066 εὶς
1110 3001 1440 3069 ἐπίγνωσιν
1470 3002 1757 3070 ἀληθείας
1806 3003 1904 3056 ἐλ-

221 3090 376 3153 θεῖν,
407 3088 498 3142 τοῦ
531 3088 604 3158 μὴ
635 3087 955 3158 βουλομένου
985 3089 1095 3142 Τὸν
1115 3087 1374 3144 θάνατον
1396 3089 1501 3142 τοῦ
1529 3089 1900 3158 ἁμαρτωλοῦ,

221 3177 307 3243 ὡς
341 3176 404 3230 τὸ
428 3175 786 3244 ἐπιστρέψαι
815 3177 914 3230 καὶ
935 3175 1044 3244 ζῇν
1065 3178 1274 3230 αὐτόν.
1297 3174 1406 3229 Καὶ
1434 3174 1548 3244 τὴν
1571 3177 1902 3246 γύμνωσιν,

223 3265 386 3336 φησὶ,
419 3263 524 3316 τοῦ
551 3263 775 3330 πατρὸς
800 3262 999 3318 αὐτῶν
1024 3265 1138 3318 οὐκ
1163 3259 1346 3318 εἶδον.
1380 3263 1521 3333 Ὅρα
1557 3263 1672 3326 πῶς
1698 3264 1902 3320 ἄνωθεν

223 3353 318 3406 καὶ
337 3351 398 3416 ἐξ
417 3351 591 3422 ἀρχῆς
622 3351 795 3404 ταῦτα
823 3350 974 3420 ἐντῷ
1010 3351 1160 3420 νόμῳ
1197 3351 1274 3422 τῷ
1318 3350 1551 3421 γραπτῷ
1594 3352 1731 3422 πρὸς
1759 3352 1904 3405 διδα-

221 3440 458 3494 σκαλίαν
483 3435 574 3492 τοῦ
596 3439 750 3512 {287]
773 3439 882 3492 τῶν
897 3438 1199 3510 ἀνθρώπων
1225 3439 1416 3507 γένους
1437 3437 1902 3508 νενομοθετημένα

221 3528 592 3600 προλαϐόντες
619 3525 726 3580 ἀπὸ
752 3525 846 3579 τοῦ
881 3529 938 3580 ἐν
966 3531 1032 3597 τῇ
1056 3527 1216 3594 φύσει
1239 3526 1494 3596 κειμένου
1539 3527 1704 3596 νόμου
1731 3527 1901 3598 ἐπλήο

223 3632 378 3686 ρουν,
397 3616 489 3667 καὶ
517 3615 651 3684 ὅπερ
669 3615 698 3665 6
725 3614 887 3682 νόμος
913 3613 1067 3682 ἔλεγε
1089 3627 1103 3640 ·
1133 3615 1276 3681 Τίμα
1289 3613 1396 3666 τὸν
1415 3612 1639 3680 πατέρα
1662 3630 1778 3666 σου
1803 3615 1900 3668 καὶ

217 3703 344 3768 τὴν
357 3700 584 3770 μητέρα
603 3717 741 3763 σου,
765 3701 864 3753 ἵνα
893 3696 960 3755 εὖ
984 3715 1082 3754 σοι
1113 3699 1352 3769 γένηται
1377 3715 1396 3762 ;
1421 3700 1536 3759 καὶ,
1565 3699 1626 3752 '0
1653 3705 1903 3755 κακολο-

219 3790 352 3862 γῶν
381 3789 604 3856 πατέρα
631 3789 668 3856 ἢ
697 3790 944 3856 μητέρα,
977 3787 1207 3856 θανάτῳ
1230 3787 1589 3842 τελευτάτω·
1613 3787 1771 3841 τοῦτο
1800 3789 1899 3860 ἤδη

217 3879 314 3932 δια
341 3879 450 3930 τῶν
475 3877 652 3948 ἔργων
671 3877 1000 3948 ἐπληροῦτο.
1032 3874 1188 3940 Εἶδες
1210 3879 1326 3942 πῶς
1355 3877 1704 3948 προλαϐοῦσα
1732 3880 1765 3950 ἡ
1798 3877 1902 3948 φύ-

223 3984 274 4020 σι
289 3983 312 4030 ;
341 3965 617 4032 ἀρκοῦσαν
639 3961 752 4035 εἶχε
776 3965 1126 4018 διδασκαλίαν
1147 3981 1162 4030 ;

307 4053 608 4120 Ἔξένηψε
637 4051 726 4116 δὲ,
755 4052 908 4121 φησι,
945 4051 1074 4104 Νῶε
1101 4051 1216 4106 ἀπὸ
1243 4051 1350 4106 τοῦ
1377 4055 1568 4115 οῑνου,
1622 4051 1722 4106 καὶ
1751 4051 1903 4122 ἔγνω

217 4142 349 4196 ὅσα
371 4142 663 4208 ἐποίησεν
687 4139 850 4204 αὑτῷ
875 4142 908 4194 ὁ
928 4139 1058 4204 υίὸς
1086 4139 1276 4193 αὐτοῦ
1306 4142 1339 4194 ό
1377 4140 1679 4207 νεώτερος.
1743 4139 1900 4204 Ἐξέ-

219 4227 388 4292 rma-8
415 4223 502 4286 δὲ,
528 4224 710 4294 φησίν.
755 4223 1124 4276 Ἀκουέτωσαν
1151 4223 1199 4274 οί
1234 4224 1291 4275 ἐν
1316 4225 1430 4286 τοῖς
1453 4224 1774 4293 συμποσίοις
1793 4223 1904 4294 διη-

223 4305 554 4376 μερεύοντες
581 4305 674 4358 τοῦ
707 4304 919 4358 ὀλίσθου
944 4305 1003 4356 τὸ
1031 4303 1279 4373 μέγεθος,
1314 4305 1406 4359 κα).
1454 4303 1776 4376 φυγέτωσαν
1801 4306 1901 4376 τὴν

219 4391 290 4444 ἐκ
321 4389 424 4458 τῆς
476 4387 644 4459 μέθης
691 4387 889 4460 λύμην.
931 4387 1228 4454 Ἐξένηψε
1275 4385 1361 4449 δὲ,
1404 4387 1588 4457 φησίν.
1641 4387 1705 4439 Τί
1731 4389 1900 4452 ἐστιν,

231 4477 608 4544 Ἐξένηψειπ
642 4477 818 4545 Ὅπερ
844 4477 976 4544 ἡμῖν
1010 4473 1129 4536 ἔθος
1158 4473 1415 4544 περὶτῶν
1463 4475 1784 4546 μεμηνότων
1811 4475 1898 4527 λέ-

217 4577 367 4628 γειν,
398 4559 617 4612 ἐπειδὰν
641 4561 700 4626 ἐν
731 4559 986 4612 ἐκστάσει
1013 4558 1298 4626 γένωνται,
1324 4557 1405 4610 ὅτι
1424 4560 1450 4610 6
1477 4559 1622 4611 δεῖνα
1643 4557 1900 4630 ἐξένηψεν

217 4645 336 4700 ἀπὸ
384 4643 480 4696 τοῦ
509 4643 781 4712 δαίμονος,
815 4643 910 4694 καὶ
952 4639 1240 4711 ἀπηλλάγη
1275 4641 1374 4710 τῆς
1407 4641 1615 4693 ἐκείνου
1648 4641 1900 4711 τυραννί-

215 4729 340 4791 δος·
377 4725 539 4778 τοῦτο
562 4730 654 4777 καὶ
690 4724 922 4777 ἐνταῦθα
951 4724 1200 4792 ἐφησενὴ
1243 4723 1451 4793 Γραφή.
1503 4723 1742 4792 ’Λληθῶς
1793 4723 1902 4795 γὰρ

217 4811 250 4878 ἡ
313 4806 458 4876 μέθη
519 4805 838 4876 αὐθαίρετός
897 4806 1014 4856 ἐστι
1073 4801 1320 4874 δαίμων,
1388 4803 1482 4856 καὶ
1522 4801 1902 4873 χαλεπώτερον

219 4889 438 4941 ἐκείνου
469 4889 652 4939 σκοτοῖ
685 4887 774 4938 τὸν
794 4886 1074 4956 λογισμὸν,
1101 4885 1198 4938 καὶ
1226 4884 1414 4954 πάσης
1445 4883 1899 4954 εὐγνωμοσύνηςὶι

215 4973 522 5042 ἀποστερεῖ
557 4971 646 5023 τὸν
687 4971 902 5024 ἁλόντα.
943 4969 1046 5022 Τὸν
1088 4969 1186 5040 μὲν
1223 4967 1336 5038 γάρ
1371 4967 1732 5037 δαιμονιῶντα
1771 4969 1900 5022 πολ-

217 5051 379 5118 λ’άκις
405 5053 639 5124 ὁρῶντες
664 5054 757 5106 καὶ
791 5051 1068 5122 ἐλεοῦμεν,
1103 5051 1196 5103 καὶ
1231 5047 1620 5117 συναλγοῦμεν,
1655 5049 1749 5102 καὶ
1771 5049 1900 5102 πολ-

216 5139 320 5208 λὴν
352 5138 480 5207 περὶ
510 5137 671 5189 αὐτὸν
719 5137 818 5205 τὴν
852 5135 1194 5204 συμπάθειαν
1230 5132 1667 5202 ἐπιδεικνύμεθα·
1703 5135 1796 5186 ἐπὶ
1845 5133 1902 5186 δέ

213 5220 314 5272 τοῦ
371 5217 608 5288 μεθύσου
647 5217 708 5271 τὸ
755 5218 994 5270 ἐναντίον
1048 5213 1410 5288 ἐργαζόμεθα·
1466 5215 1896 5286 ἀγανακτοῦμεν,

213 5302 665 5371 δυσχεραίνομεν,
721 5301 890 5372 μυρία
910 5299 1262 5370 ἐπαρώμεθα.
1301 5297 1454 5362 Τίνος
1485 5300 1668 5352 ἕνεκεν
1691 5300 1786 5352 καὶ
1813 5299 1900 5350 διὰ

213 5387 268 5438 τί
283 5401 300 5452 ;
341 5387 467 5438 Ὅτι
489 5387 695 5448 ἐκεῖνος
732 5385 830 5455 μὲν
861 5384 968 5436 ὐπὸ
989 5384 1082 5437 τοῦ
1107 5381 1343 5454 πονηροῦ
1365 5394 1386 5420 ε
1409 5383 1658 5460 δαίμονος
1683 5381 1901 5436 ἐλαυνό-

277 5521 296 5544 ⁸
347 5521 577 5570 Ἀπόνοια
603 5522 942 5584 insaniam_et_
976 5519 1238 5584 amenllam
1276 5519 1424 5584 vulgo
1458 5517 1718 5580 signiﬁcat.
1753 5517 1896 5584 Apud

211 5585 622 5643 Chrysoslomum
656 5589 821 5630 autem
849 5581 1052 5630 ἀπόνοια
1101 5589 1154 5643 ιιι
1192 5582 1454 5643 plurimum
1491 5588 1562 5627 est
1588 5581 1894 5643 arrogantia,

213 5638 470 5707 snpérbm.
505 5645 606 5707 Hoc
629 5651 794 5692 autem
829 5645 934 5692 loco
955 5638 1229 5691 socordiam
1260 5638 1381 5688 satis
1406 5638 1739 5700 congruente}
1777 5641 1893 5687 red-

214 5706 348 5756 dmn
369 5715 516 5754 vclus
537 5706 804 5765 in‘erpres.

279 5769 310 5806 ιι
329 5760 695 5828 Εύγνωμοσύνη,
719 5773 770 5814 ut
786 5765 1054 5828 plurimum
1078 5763 1204 5825 apud
1217 5763 1385 5822 Chrys.
1400 5769 1478 5811 est
1488 5767 1654 5825 gratus
1673 5760 1881 5828 animus.

215 5831 298 5877 vol
313 5827 378 5875 ad
390 5821 600 5890 ῄναίίοηι
610 5821 876 5876 Ιιαύειιάὲιηι
885 5821 1596 5891 ηπεειιιδ,ὴοηιιιιηηυειῐῃεῐὶρηι
1607 5821 1885 5891 prqbilamn

213 5881 476 5952 signilif'at.
505 5891 594 5937 llic
605 5897 768 5936 autem
784 5881 941 5944 male";
951 5893 1006 5934 ut
1018 5888 1227 5944 videtur.
1241 5881 1556 5936 bcn'cvolcnlia
1571 5885 1694 5932 verti
1707 5891 1883 5946 potest.

279 5954 306 5982 ⁸
349 5955 576 6006 υυίηαιιο
601 5963 713 5996 ιιιες.
735 5949 954 6006 δαίμονος
981 5947 1326 6006 ἐνογλούμενος.

391 5963 576 6008 Uilla!!!"
601 5963 713 5996 ιιιες.
735 5963 954 6010 δαιμονος
981 5963 1326 6008 ενογλουμῖνος.

637 6027 906 6090 ΡΑτιιοι..
955 6026 1071 6087 Gn.
1125 6025 1278 6086 LIII.

1356 351 1424 408 IN
1457 351 1609 408 CAP.
1649 350 1716 406 IX
1751 344 1992 402 GENES.
2033 345 2263 405 HOMEL.
2304 349 2496 407 XXIX.

3577 352 3683 406 εει

2019 479 2197 532 μενος,
2229 465 2376 518 ἄκων
2409 466 2798 538 διαπράττεται
2837 465 2978 537 άπερ
3015 466 3080 520 ἂν
3125 465 3520 536 διαπράξηται·
3577 467 3681 520 κῖὶν

2009 543 2258 616 λακτίση,
2313 547 2414 600 κᾶν
2465 547 2732 618 διαρρήξῃ
2803 545 3139 616 χιτωνίσκον,
3193 547 3295 598 κΞιν
3325 547 3526 616 αἰσχρά
3561 564 3680 600 τινα

2009 622 2328 692 φθέγξηται,
2363 627 2691 696 συγγνώμης
2719 625 2983 690 ἀξιοῦται·
3021 627 3048 676 ὁ
3076 625 3131 678 δὲ
3166 625 3399 694 μεθύων,
3431 627 3520 678 καὶ
3546 627 3678 698 ὅπερ

2008 703 2074 755 ἂν
2096 705 2451 776 ἐπιδείξηται,
2484 708 2583 759 οὐκ
2609 706 2674 760 ἂν
2702 705 2852 758 ἔσται
2882 703 3208 775 συγγνώμης
3237 706 3402 768 ἄξιος,
3428 707 3562 760 ἀλλά
3587 705 3682 760 καὶ

2007 785 2257 852 οἰκείους,
2287 789 2378 840 καὶ
2407 787 2614 855 φίλους,
2643 787 2736 840 καὶ
2767 787 3030 853 γείτονας,
3051 786 3142 838 καὶ
3172 785 3379 848 πάντας
3407 785 3520 854 ἔχει
3554 803 3684 854 σφο-

2007 865 2166 936 δροὺς
2188 869 2543 938 κατηγόρους,
2580 867 2764 940 ἐπειδὴ
2803 867 3011 920 οἴκοθεν
3045 865 3152 919 ἀπὸ
3189 867 3560 936 προαιρέσεως
3583 867 3680 937 τὴν

2007 945 2204 998 κακίαν
2248 948 2593 1018 μετελήλυθε,
2628 949 2720 1000 καὶ
2746 950 2812 1017 τῇ
2863 946 3138 1015 τυραννίδι
3168 945 3266 1014 τῆς
3296 946 3462 1014 μέθης
3488 947 3681 1000 ἑαυτὸν
3731 951 3736 958 ’

2005 1025 2238 1088 ἐξέδωκε
2263 1025 2312 1080 ἀ.
2337 1027 2448 1080 Καὶ
2475 1026 2646 1080 ταῦτα
2673 1025 2832 1094 λέγω,
2885 1026 2982 1094 οὐχ
3015 1024 3102 1076 ἵνα
3134 1024 3226 1076 τοῦ
3257 1024 3466 1077 δικαίου
3514 1042 3682 1094 κατη-

2005 1105 2248 1174 γορήσω·
2289 1105 2588 1177 πολλὰγὰρ
2619 1101 2687 1176 ἦν
2721 1104 2788 1158 τά
2841 1104 2939 1176 τὴν
2981 1102 3306 1174 συγγνώμην
3337 1103 3483 1172 αὐτῷ
3537 1121 3681 1175 παρ-
3721 1155 3742 1168 ,

2006 1183 2218 1250 έχοντα·
2273 1185 2364 1238 καὶ
2397 1186 2533 1256 μετά
2566 1185 2674 1238 τῶν
2704 1183 2876 1238 ἄλλων
2927 1184 3181 1237 ἁπάντων
3230 1184 3290 1234 τὸ
3323 1184 3517 1252 μηκέτι
3567 1187 3680 1246 τοῖς

2003 1265 2184 1326 αὐτοῖς
2218 1269 2553 1334 περιπεσεῖν,
2584 1265 2719 1335 ὅπερ
2753 1263 3006 1332 μέγιστον
3040 1261 3104 1315 ἀν
3137 1261 3222 1332 εἴη
3245 1261 3442 1330 δεῖγμα
3467 1263 3558 1315 καὶ
3583 1261 3678 1314 τοῦ

2005 1342 2269 1412 προτέρου
2297 1344 2718 1414 ἁμαρτήματος,
2749 1343 2830 1396 ὅτι
2863 1341 2920 1406 ἐξ
2973 1341 3215 1408 ἀγνοίας,
3257 1341 3370 1394 ἀλλ’
3430 1342 3528 1412 οὐχ
3575 1342 3680 1394 ὑπὸ

2007 1423 2278 1494 ῥᾳθυμίας
2307 1425 2462 1478 τοῦτο
2493 1425 2804 1495 ὑπέμεινεν.
2843 1423 2907 1476 Εἰ
2939 1421 3048 1493 γάρ
3077 1423 3185 1475 ἀπὸ
3221 1419 3490 1492 ῥᾳθυμίας
3521 1423 3680 1476 τοῦτο

2003 1501 2316 1572 ὑπέμεινεν,
2345 1505 2508 1574 ἐχρῆν
2533 1503 2640 1572 ἄρα
2669 1503 2762 1556 καὶ
2789 1501 2952 1556 πάλιν
2983 1500 3144 1554 αὐτὸν
3159 1501 3360 1554 ἁλῶναι
3387 1501 3463 1571 τῷ
3495 1501 3678 1555 πάθει·

2003 1579 2117 1633 ἀλλ’
2155 1582 2336 1636 οὐκέτι
2365 1583 2523 1634 τοῦτο
2567 1582 2852 1635 πέπονθεν.
2879 1581 2944 1634 El
2975 1581 3085 1650 γάρ
3124 1581 3219 1632 καὶ
3247 1580 3409 1636 πάλιν
3447 1581 3506 1632 τὸ
3551 1581 3681 1634 αὐτὸ

2003 1660 2314 1730 ὑπέμεινεν,
2343 1661 2444 1714 οὐκ
2471 1661 2538 1714 ἂν
2563 1662 2596 1732 ἡ
2619 1661 2810 1731 Γραφὴ
2835 1657 3274 1732 παρεσιώπηοξν,
3305 1659 3420 1712 ἀλλ’
3449 1660 3680 1730 ἐγνώρι-

2004 1756 2094 1793 σεν
2114 1727 2191 1794 ⁷ἂν
2218 1743 2372 1812 ἡμῖν.
2413 1735 2506 1804 Εἷς
2535 1727 2642 1811 γάρ
2665 1727 3014 1800 ἐστι-σκοπὸς
3037 1738 3130 1790 καὶ
3147 1727 3234 1799 εἷς
3264 1737 3388 1808 ὄρος
3416 1739 3512 1806 τῆς
3531 1727 3680 1802 θείας

2000 1819 2247 1890 Γραφῆς,
2276 1819 2336 1872 τὸ
2363 1819 2526 1889 μηδὲν
2553 1819 2882 1890 παραλιπεῖν
2904 1816 3010 1870 τῶν
3025 1817 3345 1884 γεγονότων,
3377 1817 3510 1869 άλλά
3543 1819 3682 1885 μετὰ

2001 1897 2258 1966 ἀληθείας
2287 1899 2433 1967 ἡμᾶς
2465 1898 2758 1952 διδάσκειν.
2792 1894 2929 1949 Οῦτε
2958 1895 3066 1966 γάρ
3094 1895 3271 1965 φθόνῳ
3300 1897 3407 1948 τινὶ
3431 1897 3526 1960 τὰς
3553 1899 3682 1967 ἀρε-

1999 1969 2098 2040 τὰς
2151 1977 2259 2029 τῶν
2291 1976 2512 2029 δικαίων
2571 1975 2925 2047 παρατρέχει,
2985 1973 3108 2027 οὔτε
3170 1975 3352 2044 χάριτι
3420 1977 3582 2030 πάλιν
3611 1977 3682 2032 τὰ

2000 2055 2374 2127 ἁμαρτήματα
2427 2056 2732 2120 συσκιάζει,
2775 2054 2890 2107 ἀλλ’
2945 2053 3162 2107 ἅπαντα
3205 2055 3286 2114 είς
3343 2055 3506 2124 μέσον
3545 2057 3678 2126 ἡμῖν

2000 2136 2340 2207 προτίθησιν,
2377 2137 2442 2188 ἵν’
2477 2134 2844 2204 ὐπογραμμόν
2885 2149 3012 2186 τινα
3045 2135 3138 2185 καὶ
3165 2134 3515 2188 διδασκαλίαν
3545 2135 3677 2206 έχω-

2003 2233 2120 2284 μεν,
2149 2218 2243 2269 καὶ
2293 2217 2512 2270 ἐπειδὰν
2539 2217 2632 2268 καὶ
2676 2217 2838 2285 ἡμεῖς
2869 2214 2958 2266 διά
2993 2213 3264 2284 ῥαθυμίαν
3309 2214 3526 2285 ἀλιῶμέν
3572 2215 3678 2268 τινὶ

2000 2295 2322 2364 πταίσματι,
2383 2295 2812 2366 ἀσφαλιζώμεθα
2849 2293 2922 2364 μὴ
2967 2293 3130 2346 πάλιν
3174 2293 3250 2364 τῷ
3279 2295 3426 2365 αὐτῷ
3453 2313 3680 2366 περιπε-

1991 2378 2132 2430 σεῖν.
2169 2377 2242 2430 Οὐ
2269 2375 2377 2446 γὰρ
2402 2375 2544 2428 οὓτω
2574 2375 2634 2428 τὸ
2664 2375 2927 2444 ἁμαρτεῖν
2953 2372 3204 2442 χαλεπὸν,
3231 2373 3307 2434 ὡς
3335 2373 3397 2426 τὸ
3428 2375 3678 2445 ἁμαρτή-

2003 2471 2132 2523 ματι
2157 2454 2453 2521 ἐπιμένειν.
2479 2453 2568 2523 Μὴ
2598 2453 2775 2505 τοίνυν
2796 2452 2954 2504 τοῦτο
2976 2452 3090 2520 ἴδῃς
3119 2453 3198 2504 ὅτι
3225 2451 3498 2524 ἐμεθύσθη
3545 2455 3573 2505 ὁ
3595 2454 3678 2506 δί-

1999 2549 2172 2596 καιος,
2205 2532 2318 2584 ἀλλ’
2348 2534 2427 2586 ὅτι
2451 2532 2550 2584 οὐκ
2601 2531 2677 2584 ἔτι
2706 2532 2862 2584 τοῦτο
2895 2530 3178 2583 πέπονθεν.
3221 2531 3359 2584 Ἀλλ’
3391 2533 3558 2585 ἐννόει
3587 2551 3676 2602 μοι

1998 2611 2122 2674 τοὺς
2144 2611 2265 2665 καθ’
2295 2613 2532 2680 ἑκάστην
2559 2613 2770 2683 ἡμέραν
2810 2613 2867 2664 ἐν
2891 2615 3010 2673 ταῖς
3051 2610 3416 2678 οἰνοφλυγίαις
3446 2612 3680 2664 καταδα-

1999 2693 2374 2762 πανωμένους,
2406 2693 2502 2745 καὶ
2530 2689 2679 2762 [288]
2714 2694 2804 2760 ἐφ’
2830 2691 3068 2761 ἑκάστης
3105 2692 3288 2761 σχεδὸν
3313 2696 3485 2746 εἰπεῖν
3539 2690 3678 2742 ἀπο-

1999 2772 2350 2842 θνήσκοντας·
2377 2772 2708 2825 καὶέπειδάν
2734 2773 2814 2834 είς
2839 2771 3088 2842 αἴσθησιν
3113 2771 3357 2832 ἔλθωσιν,
3386 2773 3507 2824 ούδέ
3535 2773 3677 2826 οῦτω

1999 2853 2295 2920 φεύγοντας
2327 2851 2426 2924 τὴν
2482 2851 2688 2904 ἐκεῖθεν
2740 2851 2937 2921 λύμην,
2993 2849 3108 2903 ἀλλ’
3149 2850 3223 2914 ὡς
3252 2850 3410 2920 ἔργον
3437 2869 3490 2902 τι
3519 2850 3677 2904 τοῦτο

1998 2943 2092 2996 καὶ
2122 2942 2371 3014 ἀνδρείαν
2408 2943 2858 3014 μεταδιώκοντας.
2911 2939 3077 2992 Πάλιν
3128 2939 3183 2991 δὲ
3218 2939 3439 2991 κάκεῖνο
3475 2938 3539 2991 ἄν
3592 2955 3676 3000 τις

1999 3026 2320 3096 ἐννοήσειεν,
2364 3027 2444 3080 ὅτι
2469 3027 2674 3087 δίκαιος
2713 3017 2886 3087 οὗτος,
2918 3025 2965 3074 εἰ
2993 3023 3086 3074 καὶ
3116 3021 3220 3074 ὐπὸ
3273 3022 3527 3092 ἀπειρίας
3583 3022 3678 3075 καὶ

1997 3109 2090 3161 τοῦ
2121 3109 2192 3179 μὴ
2223 3109 2418 3162 εἰδέναι
2439 3109 2508 3163 τά
2532 3109 2702 3179 μέτρα
2727 3109 2825 3176 τῆς
2850 3103 3202 3174 μεταλήψεως
3219 3103 3358 3156 πιὼν
3377 3103 3674 3174 ἐμεθύσθη,

1998 3191 2110 3244 ἀλλ’
2145 3192 2294 3262 ὅμως
2349 3191 2555 3254 δίκαιος
2593 3189 2668 3242 ὣν
2717 3191 2812 3242 καὶ
2866 3188 3035 3242 πολλά
3071 3188 3210 3256 ἔχων
3245 3186 3674 3255 κατορθώματα,

2000 3273 2312 3336 συσκιάζειν
2335 3273 2562 3342 ἠδύνατο
2587 3273 2646 3325 τὸ
2681 3270 2894 3341 συμϐὰν
2923 3271 3248 3340 ἁμάρτημα·
3277 3271 3438 3340 ἡμεῖς
3465 3271 3520 3322 δὲ
3547 3270 3676 3322 ὅταν

1998 3355 2092 3408 καὶ
2123 3357 2211 3424 ὑφ’
2233 3357 2434 3427 ἐτέρων
2465 3356 2670 3426 μυρίων
2695 3351 2843 3424 ὦμεν
2873 3354 3316 3424 πολιορκούμενοι
3343 3352 3552 3412 παθῶν,
3583 3355 3677 3406 καὶ

2003 3440 2118 3510 μετ’
2153 3439 2376 3493 ἐκείνων
2409 3441 2504 3492 καὶ
2536 3440 2640 3492 ὐπὸ
2663 3439 2764 3510 τῆς
2787 3439 2956 3509 μέθης
3009 3439 3236 3500 ἑαυτοὺς
3257 3435 3677 3500 καταϐαπτίζω-

2003 3539 2123 3590 μεν,
2155 3522 2312 3574 ποίαν
2343 3521 2535 3591 ἕξομεν
2565 3521 2934 3591 παραμυθίαν,
2956 3521 3076 3574 είπέ
3125 3537 3252 3589 μοι;
3299 3520 3384 3582 τίς
3413 3519 3470 3572 δὲ
3528 3520 3676 3588 ἡμᾶς

1999 3604 2220 3668 ἀξιώσει
2251 3603 2575 3674 συγγνώμης
2620 3605 2739 3658 οὐδέ
2773 3604 2878 3657 ὑπὸ
2907 3605 3004 3673 τῆς
3027 3604 3224 3674 πείρας
3263 3603 3433 3669 αὐτῆς
3461 3620 3674 3672 σωφρο-

1999 3687 2338 3756 νιζομένους
2377 3685 2668 3754 Ἐξένηψε
2699 3685 2786 3748 δὲ,
2820 3687 2971 3756 φησὶ,
3003 3685 3130 3739 Νῶε
3167 3684 3284 3738 ἀπὸ
3333 3684 3437 3738 τοῦ
3480 3685 3672 3748 οἴνου,

1999 3771 2096 3823 καὶ
2114 3773 2263 3840 ἔγνω
2278 3769 2394 3822 ὅσα
2415 3769 2704 3835 ἐποίησεν
2728 3768 2885 3833 αὐτῷ
2903 3771 2936 3822 ὀ
2961 3769 3090 3833 υἱὸς
3105 3767 3291 3820 αὑτοῦ
3308 3769 3340 3820 ό
3365 3764 3669 3834 νεώτερος.

1999 3853 2168 3905 Πόθεν
2195 3852 2361 3920 ἕγνω;
2397 3853 2555 3916 Ἴσως
2585 3853 2634 3903 οί
2667 3851 2886 3921 ἀδελφοὶ
2915 3849 3365 3920 ἐγνώρισαν,ούχ“ι
3399 3847 3492 3900 τὸν
3521 3849 3674 3901 ἀδελ-

2000 3938 2098 4008 φὸν
2129 3935 2400 3988 διαϐαλεῖν
2441 3933 2770 4004 βουλόμενοι,
2807 3933 2944 3986 ἀλλά
2975 3933 3035 3986 το
3071 3933 3300 4002 πρᾶγμα
3351 3931 3424 3994 ὡς
3459 3929 3674 3998 ἐγένετο

1997 4019 2358 4080 διδάσκοντες,
2391 4017 2475 4070 ἵνα
2502 4015 2832 4086 κατάλληλον
2875 4018 3082 4080 ἐκεῖνος
3129 4015 3206 4084 τῷ
3245 4013 3519 4084 τραύματι
3569 4013 3672 4082 τὴν

2001 4103 2248 4174 βοήθειαν
2275 4099 2511 4170 δέξηται.
2547 4101 2656 4154 Καὶ
2679 4101 2851 4168 ἔγνω,
2885 4099 3038 4170 φησὶ,
3081 4097 3208 4152 Νῶε
3239 4097 3354 4152 ὅσα
3384 4099 3672 4163 ἐποίησεν

1997 4181 2159 4249 αὐτῷ
2189 4187 2222 4238 ό
2255 4183 2386 4250 υἱὸς
2411 4185 2596 4237 αὐτοῦ
2629 4187 2661 4237 ό
2685 4181 3059 4251 νεώτερος.Τί
3089 4183 3255 4244 ἐστιν,
3283 4183 3438 4234 ’Ὅσα
3469 4183 3671 4248 ἐποίη-

1997 4268 2139 4332 οέεν;
2181 4269 2324 4321 Ἀντὶ
2345 4267 2462 4334 τοῦ,
2507 4268 2651 4339 μέγα
2683 4268 2776 4321 καὶ
2807 4267 3100 4337 ἀφόρητον.
3149 4265 3432 4334 Ἐννόησον
3459 4265 3566 4334 γάρ
3589 4266 3671 4317 ὅτι

1997 4353 2104 4406 ἔσω
2129 4355 2184 4406 ἐν
2214 4355 2278 4424 τῇ
2307 4353 2454 4424 οἰκία
2482 4353 2814 4423 θεασάμενος
2837 4351 2935 4420 τὴν
2957 4351 3360 4420 ἀσχημοσύνην,
3388 4349 3506 4402 δέον
3543 4365 3672 4418 συγ-

1999 4433 2254 4503 καλύψαι,
2288 4438 2315 4489 ὁ
2345 4436 2402 4488 δέ
2425 4434 2653 4502 ἐξελθὼν
2676 4434 3071 4503 ἐξεπόμπευσε,
3117 4433 3212 4485 κα).
3243 4433 3323 4496 είς
3377 4431 3669 4502 κωμῳδίαν

1999 4521 2091 4570 καὶ
2117 4521 2196 4583 είς
2224 4519 2512 4589 χλευασίαν
2546 4519 2636 4571 τὸν
2668 4518 2909 4588 πατέρα,
2939 4517 3064 4570 ὅσον
3090 4516 3148 4569 τὸ
3171 4513 3350 4585 ἐαυτῷ
3371 4509 3522 4586 ἧκον,
3553 4513 3668 4566 ἐνέ-

1999 4601 2148 4668 ϐαλε,
2185 4603 2279 4656 καὶ
2308 4601 2558 4656 ἐϐούλετο
2610 4603 2704 4654 καὶ
2731 4603 2856 4664 τοὺς
2887 4599 3148 4669 ἀδελφοὺς
3173 4599 3460 4660 κοινωνοὺς
3485 4595 3668 4649 λαϐεῖν

1997 4686 2097 4754 τῆς
2125 4686 2400 4756 μοχθηρᾶς
2430 4686 2820 4755 προαιρέσεως·
2845 4685 2940 4738 καὶ
2962 4685 3077 4738 δέον
3105 4682 3364 4754 μέλλοντα
3386 4679 3664 4748 ἀπαγγέλ-

1998 4766 2110 4819 λειν
2131 4768 2232 4820 κᾶν
2262 4767 2369 4820 ἔσω
2419 4768 2509 4820 ἐπὶ
2535 4769 2634 4838 τῆς
2654 4767 2830 4830 οἰκίας
2877 4768 3074 4829 αὐτοὺς
3099 4765 3346 4824 καλέσαι,
3379 4763 3472 4816 καὶ
3495 4762 3668 4825 οὓτως

1999 4851 2234 4917 ἐξειπεῖν
2283 4852 2381 4920 τὴν
2429 4849 2727 4920 γύμνωσιν,
2763 4853 2790 4904 6
2827 4851 2882 4902 δέ
2908 4849 3128 4918 ἐξῆλθεν
3180 4848 3302 4913 ἔξω,
3337 4845 3516 4910 ἐξεῖπε
3568 4845 3666 4914 τὴν

1999 4934 2297 5003 γύμνωσιν·
2333 4933 2408 4996 ὡς
2441 4936 2489 4986 εί
2523 4935 2614 4986 καὶ
2643 4933 2846 5004 πλῆθος
2890 4933 3094 5002 ἐτέρων
3115 4963 3122 4970 -
3143 4931 3343 5001 παρῆν,
3384 4927 3664 4990 κάκείνους

2002 5019 2284 5087 μάρτυρας
2319 5016 2382 5068 ἂν
2419 5017 2708 5088 ἐποιήσατο
2755 5017 2850 5086 τῆς
2894 5013 3276 5084 ἀσχημοσύνης
3317 5012 3410 5064 τοῦ
3439 5011 3662 5080 πατρός.

1999 5100 2096 5152 Διά
2123 5099 2280 5152 τοῦτό
2307 5115 2489 5169 φησιν,
2515 5101 2671 5152 Ὅσα
2696 5100 2964 5164 ἐποίησε·
2994 5098 3258 5160 τουτέστι,
3284 5096 3383 5166 τὴν
3407 5095 3563 5165 ὓϐριν
3585 5095 3664 5157 εἰς

1998 5181 2092 5232 τὸν
2119 5182 2330 5252 πατέρα
2360 5181 2688 5246 ἐπεδείξατο,
2738 5181 3028 5234 ἐπελάθετο
3074 5181 3172 5248 τῆς
3195 5180 3550 5250 ὀφειλομένης
3577 5194 3662 5230 τιο

2003 5263 2108 5332 μῆς
2137 5265 2286 5334 παρά
2317 5263 2423 5316 τῶν
2463 5264 2666 5316 παίδων
2716 5263 2958 5332 γίνεσθαι
2987 5265 3066 5326 είς
3090 5265 3216 5325 τοὺς
3243 5261 3659 5332 γεγεννηκότας,

1997 5345 2367 5416 ἐξεπόμπευσε
2392 5347 2459 5398 τά
2495 5347 2885 5416 ἁμαρτήματα,
2937 5347 3062 5409 τοὺς
3089 5345 3350 5412 ἀδελφοὺς
3401 5343 3663 5412 ἠθέλησεν

1999 5429 2302 5499 ὐποσῦραι,
2359 5430 2451 5484 καὶ
2501 5431 2788 5492 κοινωνοὺς
2846 5429 3027 5482 λαϐεῖν
3077 5429 3175 5498 τῆς
3227 5427 3456 5500 ὕϐρεως.
3505 5425 3663 5478 ’Ὂσα

1996 5512 2280 5576 ἐποίησεν
2294 5510 2472 5576 αὐτῷ,
2504 5513 2688 5582 φησὶν,
2728 5515 2759 5566 ό
2789 5513 2916 5577 υἱὸς
2952 5512 3138 5565 αὑτοῦ
3162 5515 3194 5565 ὁ
3220 5509 3518 5576 νεώτερος.
3553 5508 3662 5559 Καὶ

2001 5595 2106 5663 μὴν
2142 5594 2236 5662 οὐχ
2286 5587 2438 5656 οὗτος
2485 5589 2551 5664 ἦν
2580 5597 2606 5646 6
2635 5593 2911 5666 νεώτερος·
2967 5594 3215 5666 δεύτερος
3272 5593 3382 5662 γάρ
3403 5587 3503 5661 ἦν.
3568 5589 3660 5640 καὶ

1997 5677 2154 5744 πρδτε
2167 5693 2256 5744 ρος
2287 5675 2379 5728 τοῦ
2420 5677 2616 5744 Ἰάσρεθ·
2644 5677 2757 5730 ἀλλ’
2783 5681 2831 5730 εί
2884 5679 2976 5731 καὶ
3005 5677 3102 5750 τὴν
3136 5675 3346 5747 ἡλικίαν
3378 5669 3446 5746 ἦν
3475 5672 3661 5741 πρότε-

2045 5815 2088 5854 ῖᾶ
2122 5817 2218 5866 εσυ(
2257 5831 2371 5878 mss.
2415 5823 2526 5876 post
2557 5819 2780 5872 ἐξέδωκεν
2811 5819 2915 5866 ὶιιυιε
2943 5819 3124 5866 addunt
3149 5837 3159 5863 :
3188 5815 3503 5878 éEév-noyeABk,‘
3525 5813 3659 5878 φησί,

1997 5881 2105 5927 Νῶε
2127 5879 2221 5925 ἀπὸ
2245 5877 2330 5926 τοῦ
2352 5873 2498 5939 οἷν-ου,
2518 5881 2597 5925 καὶ
2621 5881 2738 5939 ἔγνω
2779 5880 2870 5926 ὅσα
2891 5881 3110 5936 ἐποίησεν
3133 5879 3261 5937 αὐτῷ
3287 5882 3312 5924 ὁ
3332 5873 3432 5928 υἱὸς
3453 5873 3602 5921 αὐτοῦ
3631 5873 3658 5919 ό

1997 5941 2225 6003 νεώτερος
2255 5937 2530 6001 καὶταῦτα,
2562 5937 2662 5990 etc;
2692 5941 2842 5988 Smil.
2871 5947 2920 5990 et
2958 5942 3039 5989 alii
3067 5941 3245 5988 melius
3271 5947 3324 5984 ιιι
3347 5940 3398 5984 in
3421 5941 3582 5984 textu.

3181 6023 3250 6080 1⁵1
