4062 6396
329 329 440 387 269

336 465 427 519 ρος
457 444 681 502 ἐκείνου,
716 445 849 498 ἀλλὰ
877 447 942 516 τῇ
971 445 1162 518 γνώμῃ
1194 447 1474 517 νεώτερος,
1513 444 1605 498 καὶ
1633 445 1667 513 ή
1703 437 2000 510 προπέτεια

334 535 496 588 αὑτὸν
522 532 792 598 ἐξέϐαλεν.
831 534 1045 604 Ἐπειδὴ
1075 535 1184 605 γάρ
1215 536 1316 587 οὐκ
1356 533 1604 586 ἐϐούλετο
1635 531 1763 583 εἰσω
1783 527 1892 580 τῶν
1921 527 2002 579 οἰ-

331 621 497 672 κείων
526 621 666 691 ὅρων
697 620 1158 690 μεῖναι,ἀπώλεσε
1183 623 1284 690 τὴν
1311 619 1463 690 παρὰ
1491 621 1589 689 τῆς
1621 617 1832 686 φύσεως
1855 615 2002 684 αὐτῷ

335 707 625 777 δεδομένην
653 709 834 779 τιμήν·
861 709 955 762 καὶ
976 708 1163 780 ὥσπερ
1195 705 1368 771 οὗτος,
1406 709 1542 776 ὅπερ
1583 701 1727 775 εἶχεν
1757 704 1864 758 ἀπὸ
1905 705 2004 774 τῆς

338 793 573 861 φύσεως,
606 795 881 864 προύδωκε
908 798 975 866 τῇ
1003 795 1272 867 μοχθηρίᾳ
1290 795 1391 864 τῆς
1425 793 1812 864 προαιρέσεως.
1833 790 2004 853 οὕτως

337 882 368 933 6
409 881 607 950 Ἰάφεθ,
647 884 782 952 ὅπερ
813 883 912 936 οὐκ
957 878 1102 953 εἶχεν
1133 883 1242 936 ἀπὸ
1267 883 1363 954 τῆς
1395 881 1627 951 φύσεως,
1655 879 1811 932 τοῦτο
1835 895 2005 948 προσο

339 965 530 1020 ἐλαϐεν
557 969 662 1020 άπὸ
687 970 784 1038 τῆς
812 969 997 1037 ὑγιοῦς
1037 969 1283 1040 γνώμης.

414 1062 486 1117 ς’.
510 1049 659 1118 Εἶδες
689 1057 802 1119 πῶς
817 1057 967 1109 οὐδὲν
998 1057 1181 1121 ἁπλῶς
1202 1056 1321 1110 οὐδὲ
1344 1057 1419 1120 ὡς
1451 1055 1639 1126 ἔτυχέν
1655 1057 1799 1106 ἐστιν
1827 1053 2006 1124 εὑρεῖν

343 1138 591 1208 κείμενον
617 1141 674 1192 ἐν
695 1141 762 1210 τῇ
797 1139 916 1212 θείᾳ
942 1141 1165 1212 Γραφῇ;
1202 1141 1359 1192 ’Όσα
1377 1139 1667 1205 ἐποίησεν
1695 1135 1872 1202 αὐτῷ,
1905 1154 2008 1208 φη-

344 1227 448 1283 σὶν.
475 1230 508 1280 ό
524 1229 653 1294 υίὸς
691 1229 878 1281 αὑτοῦ
906 1231 938 1281 ὁ
965 1223 1598 1296 νεώτερος.Καίεἷπεν·
1631 1223 2008 1292 Ἐπικατάραι

343 1331 446 1379 τος
472 1314 715 1368 Χαναὰν
747 1315 907 1381 παῖς,
939 1315 1172 1382 οἰκέτης
1199 1316 1370 1369 ἕσται
1422 1313 1545 1380 τοῖς
1597 1313 1879 1382 ἀδελφοῖς
1907 1316 2010 1366 αὑ-

344 1401 473 1456 τοῦ.
526 1403 655 1457 Ἰδοὺ
694 1404 1012 1474 ἐφθάσαμεν
1054 1405 1134 1467 είς
1161 1404 1220 1456 τὸ
1247 1402 1464 1474 ζήτημα
1489 1402 1551 1454 τὸ
1610 1402 1882 1471 πανταχοῦ
1913 1418 2012 1453 πες

348 1491 724 1564 ριφερόμενον.
748 1493 964 1547 Πολλῶν
994 1494 1100 1565 γὰρ
1126 1494 1270 1547 ἔστιν
1307 1494 1536 1547 ἀκοῦσαι
1563 1493 1848 1561 λεγόντων·
1872 1492 2012 1556 τίνος

346 1579 554 1640 ἕνεκεν,
608 1580 702 1633 τοῦ
737 1581 942 1653 πατρὸς
995 1581 1392 1652 ἡμαρτηκότος,
1448 1583 1540 1634 καὶ
1590 1583 1686 1653 τὴν
1734 1580 2014 1652 γύμνωσιν

348 1664 780 1734 ἐξαγγείλαντος,
819 1669 846 1721 6
883 1671 1011 1730 παῖς
1061 1669 1162 1738 τὴν
1187 1671 1432 1740 κατάραν
1461 1669 1711 1738 δέχεται;
1767 1669 1876 1730 Διὸ,
1907 1686 2012 1720 πα-

352 1754 595 1824 ρακαλῶ,
632 1755 770 1826 μετὰ
789 1756 1066 1826 ἀκριϐείας
1091 1757 1376 1821 ἀκούσατε,
1409 1757 1503 1809 καὶ
1532 1756 1746 1826 δέχεσθε
1771 1756 1868 1826 τὴν
1896 1756 2015 1808 τούο

350 1855 444 1891 του
474 1839 645 1895 λύσιν,
689 1841 901 1896 Ἐκεῖνα
941 1843 1049 1914 γάρ
1079 1843 1308 1914 ἐροῦμεν
1344 1844 1485 1912 ἆπερ
1514 1842 1578 1896 ἂν
1608 1845 1641 1914 ή
1699 1842 1816 1896 θεία
1859 1843 2016 1913 χάρις

352 1931 607 1999 παρασχῇ
636 1929 721 1982 διὰ
740 1930 836 2001 τὴν
863 1931 1131 2001 ὑμετέραν
1175 1929 1456 1998 ὠφέλειαν.
1500 1928 1644 2002 [289]
1679 1930 1784 1984 Καὶ
1829 1922 2014 1984 εἶπεν·

366 2015 830 2084 Ἐπικατάρατος
884 2019 1126 2072 Χαναὰν
1176 2019 1335 2082 παῖς,
1381 2019 1615 2084 οἰκέτης
1669 2017 1837 2072 ἔσται
1895 2017 2019 2084 τοῖς

354 2100 638 2170 ἀδελφοῖς
688 2104 894 2158 αὐτοῦ.
947 2105 1059 2176 Οὐχ
1110 2105 1293 2169 ἁπλῶς
1342 2105 1460 2158 οὐδὲ
1517 2106 1636 2175 εἰκῆ
1694 2105 1789 2158 τοῦ
1835 2105 2020 2169 παιδὸς

356 2189 780 2259 ἐμνημόνευσεν,
808 2191 944 2245 ἀλλὰ
969 2192 1054 2247 διά
1081 2209 1202 2246 τινα
1215 2193 1371 2262 λόγον
1405 2194 2020 2263 ἐγκεκρυμμένον.Βου-

356 2277 579 2347 λόμενος
613 2279 722 2350 γὰρ
754 2280 886 2351 ὁμοῦ
930 2281 1025 2335 καὶ
1075 2282 1420 2351 καθάψασθαι
1448 2281 1610 2335 αὑτοῦ
1637 2282 1725 2334 διὰ
1751 2283 1812 2334 τὸ
1840 2282 2021 2350 πλημ-

359 2365 616 2434 μεληθὲν,
670 2369 762 2420 καὶ
786 2367 884 2439 τὴν
931 2368 1104 2439 ὕϐριν,
1131 2370 1196 2438 ἢν
1247 2371 1327 2434 εἰς
1358 2369 1516 2422 αὑτὸν
1569 2368 1897 2433 ἐπεδείξατο,
1932 2370 2022 2422 καὶ

361 2453 497 2524 μήτε
531 2455 595 2525 τῇ
632 2455 784 2526 παρὰ
808 2455 901 2508 τοῦ
948 2456 1082 2509 Θεοῦ
1110 2457 1208 2526 ’ήδη
1240 2456 1583 2529 γεγενημένῃ
1608 2456 1827 2526 εὐλογίᾳ
1852 2456 2024 2527 λυμή.

357 2540 568 2594 νασθαι·
598 2545 913 2614 Εῠλόγησε
938 2544 1046 2616 γὰρ
1067 2584 1084 2608 ,
1112 2545 1273 2616 φησὶν
1297 2587 1310 2606 ,
1335 2547 1368 2598 ό
1398 2544 1540 2610 Θεὸς
1565 2544 1673 2598 τὸν
1686 2543 1812 2598 Νῶε
1843 2545 2025 2612 ἡνίκα

358 2630 617 2700 ἐξῆλθεν
641 2634 709 2686 ἐκ
740 2633 848 2702 τῆς
887 2634 1154 2698 κιϐωτοῦ,
1189 2634 1284 2687 καί
1313 2634 1454 2698 τοὺς
1478 2633 1645 2700 υἱοὺς
1666 2633 1866 2687 αὐτοῦ.
1910 2635 2024 2686 Ἵνα

358 2714 453 2772 οῦν
479 2720 553 2791 μὴ
580 2719 708 2791 δοκῇ
743 2721 833 2775 τὸν
867 2720 1014 2786 ἅπαξ
1068 2722 1172 2774 ὑπὸ
1204 2720 1296 2775 τοῦ
1337 2721 1472 2774 Θεοῦ
1519 2722 1618 2792 τῆς
1645 2720 1890 2789 εὐλογίας
1931 2739 2026 2774 τυ-

363 2808 526 2876 χόντα
584 2809 1016 2880 καταράσασθαι,
1071 2810 1274 2862 ἐκεῖνον
1312 2810 1408 2880 μὲν
1458 2809 1595 2872 τέως
1628 2809 1719 2861 τὸν
1772 2809 2028 2880 ὑϐρικότα

363 2896 576 2967 ἀφίησι,
615 2897 693 2967 τῷ
719 2897 776 2950 δέ
806 2898 906 2969 υἱῷ
951 2898 1049 2969 τὴν
1074 2899 1316 2968 κατάραν
1343 2898 1556 2966 ἐπάγει.
1586 2898 1711 2960 Ναὶ,
1749 2897 1883 2950 ἀλλὰ
1936 2898 2028 2950 καὶ

361 2983 520 3038 τοῦτο
551 2987 669 3055 μὲν,
700 2986 1139 3057 φησὶ,δείκνυσιν
1173 2986 1254 3038 ὅτι
1295 2985 1383 3038 διὰ
1407 2986 1562 3038 τοῦτο
1584 2986 1642 3038 οὑ
1683 2986 2029 3060 κατηράσατο

364 3071 457 3126 τὸν
485 3074 631 3143 Χὰμ,
665 3073 850 3145 ἐπειδὴ
877 3073 975 3144 τῆς
1005 3073 1156 3143 παρὰ
1182 3073 1275 3126 τοῦ
1288 3073 1420 3127 Θεοῦ
1448 3073 1692 3140 εὐλογίας
1724 3072 2025 3142 ἁπήλαυσε·

368 3162 509 3224 τίνος
546 3161 601 3213 δέ
626 3160 808 3213 ’ένεκεν
825 3161 1030 3213 ἐκείνου
1067 3161 1397 3232 ἁμαρτόντος
1423 3155 1575 3223 οὗτος
1605 3161 1756 3231 δίκην
1794 3160 2028 3226 δίδωσιν;

368 3248 501 3301 Οὐδὲ
519 3248 672 3301 τοῦτο
699 3248 882 3311 ἁπλῶς
905 3250 1134 3316 γίνεται.
1150 3249 1258 3302 Καὶ
1270 3248 1376 3320 γάρ
1387 3249 1486 3302 οὐκ
1498 3249 1712 3302 ἔλαττον
1726 3247 1820 3302 τοῦ
1845 3248 2030 3311 παιδὸς

367 3337 399 3389 ὀ
419 3335 546 3404 Χὰμ
572 3337 670 3405 τὴν
700 3337 921 3390 κόλασιν
953 3337 1216 3406 ὑπέμενε,
1254 3337 1348 3390 καὶ
1400 3338 1498 3408 τῆς
1519 3337 1787 3408 τιμωρίας
1813 3339 1913 3408 τὴν
1943 3337 2027 3388 af-

371 3424 561 3494 σθησιν
589 3424 1066 3494 ἐλάμϐανεν.¹ἰστε
1096 3425 1354 3496 γὰρ,ί’στε
1386 3425 1502 3490 πῶς
1532 3425 1788 3488 πολλάκις
1805 3424 2032 3494 ηὑξαντο

371 3516 603 3587 πατέρες
636 3517 773 3588 ὑπὲρ
805 3516 1011 3569 παίδων
1031 3515 1302 3586 τιμωρίαν
1327 3514 1603 3585 ὑποσχεῖν,
1639 3515 1732 3567 καὶ
1764 3516 1910 3578 ὅπως
1938 3515 2033 3584 βα-

373 3605 596 3678 ρύτερον
626 3606 806 3668 αὐτοῖς
839 3606 982 3657 ἐστιν
1007 3605 1086 3663 είς
1108 3602 1377 3666 κολάσεως
1404 3601 1577 3668 λόγον,
1608 3603 1668 3655 τὸ
1694 3603 1818 3665 τοὺς
1841 3602 2034 3667 παῖδας

370 3693 502 3764 όρᾷν
534 3690 993 3761 τιμωρουμένους,
1045 3689 1326 3760 ήέαυτούς
1365 3687 1692 3752 ὑπευθύνους
1724 3688 2029 3757 γεγονότας.

385 3779 632 3848 Ἐγένετο
657 3779 835 3832 τοίνυν
884 3777 1059 3841 τοῦτο,
1093 3777 1179 3830 ἵνα
1207 3775 1301 3829 καὶ
1332 3769 1484 3837 οὗτος
1539 3774 1626 3828 διὰ
1657 3775 1753 3846 τὴν
1799 3775 2035 3847 φυσικὴν

375 3865 754 3936 φιλοστοργίαν
801 3864 1020 3917 πλείονα
1045 3862 1143 3934 τὴν
1171 3862 1361 3933 ὀδύνην
1411 3862 1698 3932 ὑπομείνῃ,
1735 3864 1829 3915 καὶ
1871 3863 1903 3934 ή
1941 3861 2035 3916 τοῦ

373 3955 508 4010 Θεοῦ
527 3954 741 4023 εὐλογία
779 3953 1034 4025 ἀκέραιος
1059 3951 1328 4024 διαμείνῃ,
1373 3951 1467 4004 καὶ
1499 3952 1527 4003 6
1549 3951 1646 4022 τὴν
1673 3951 1914 4022 κατάραν
1953 3952 2038 4004 δε-

376 4044 606 4115 ξάμενος
641 4043 768 4106 παῖς
797 4041 1011 4095 οἰκείων
1039 4038 1447 4111 ἁμαρτημάτων
1481 4038 1603 4110 τίνῃ
1634 4037 1804 4101 δίκας.
1835 4040 1896 4092 Ei
1929 4041 2036 4113 γάρ

378 4133 472 4186 καὶ
497 4131 586 4185 διὰ
617 4129 677 4183 τὸ
697 4130 998 4200 ἁμάρτημα
1031 4127 1124 4180 τοῦ
1156 4127 1359 4198 πατρὸς
1390 4125 1482 4179 νῦν
1507 4127 1602 4197 τὴν
1641 4129 1883 4199 κατάραν
1911 4129 2040 4199 λαμ-

377 4220 551 4283 ϐάνει,
585 4218 698 4272 ἀλλ’
725 4219 872 4288 ὅμως
900 4215 1046 4278 εἰκὸς
1072 4211 1139 4286 ἦν
1173 4215 1238 4267 δι’
1265 4217 1439 4267 οἰκεῖα
1485 4215 1928 4286 πλημμελήματα
1970 4216 2043 4269 δι-

377 4309 521 4362 δόναι
547 4307 719 4377 δίκην.
746 4306 821 4359 Οὑ
847 4305 956 4377 γὰρ
986 4303 1072 4357 διὰ
1102 4304 1162 4356 τὸ
1198 4304 1499 4374 ἁμάρτημα
1528 4303 1621 4356 τοῦ
1653 4304 1856 4374 πατρὸς
1883 4305 2040 4374 μόνον

378 4397 478 4467 τὴν
505 4395 749 4464 κατάραν
779 4393 1013 4459 ἐδέξατο,
1040 4391 1154 4444 ἀλλ’
1185 4391 1217 4461 ἢ
1247 4391 1354 4460 ἄρα
1383 4391 1470 4444 ἵνα
1500 4391 1594 4444 καὶ
1625 4391 1690 4443 δι’
1723 4391 1885 4444 αὐτοῦ
1907 4393 2043 4444 ἐκεῖ-

380 4499 469 4545 νος
501 4480 720 4552 μείζονα
748 4479 824 4549 δῷ
850 4477 950 4549 τὴν
983 4477 1272 4547 τιμωρίαν.
1310 4477 1432 4530 ’Ὀτι
1477 4476 1586 4546 γὰρ
1634 4475 1756 4530 οὔτε
1809 4477 2042 4548 πατέρες

381 4570 524 4640 ὑπὲρ
566 4569 794 4627 τέκνων.
823 4564 946 4619 οὗτε
975 4563 1138 4617 τέκνα
1172 4563 1311 4635 ὑπὲρ
1341 4563 1591 4634 πατέρων
1611 4564 1764 4634 δίκην
1789 4564 2042 4633 διδόασιν,

380 4658 494 4712 ἀλλ’
527 4657 754 4717 ἕκαστος
786 4652 926 4723 ὑπὲρ
953 4644 1026 4704 ὧν
1044 4650 1428 4722 ἐπλημμέλησε
1450 4650 1544 4714 τὰς
1575 4651 1802 4714 εὐθύνας
1829 4653 2040 4722 ὑπέχει,

381 4744 650 4816 πολλαχοῦ
677 4744 823 4796 ἔστιν
853 4743 1033 4814 εὑρεῖν
1057 4740 1206 4810 παρὰ
1234 4738 1341 4794 τῶν
1371 4739 1662 4810 προφητῶν
1723 4739 1878 4793 τοῦτο
1901 4743 2044 4811 εἰρη-

387 4838 564 4909 μένον·
588 4835 776 4905 ὦσπερ
804 4833 930 4886 ὅταν
964 4830 1182 4898 λέγωσι·
1219 4829 1328 4883 Τοῦ
1357 4829 1651 4898 φαγόντος
1679 4827 1787 4881 τὸν
1810 4828 2046 4897 ὄμφακα

381 4929 438 4982 οι
484 4926 724 4991 ὀδόντες
761 4919 1190 4992 αΙμωδιὰσουσι
1238 4919 1296 4948 ⁸·
1332 4917 1446 4970 καί·
1487 4917 1559 4971 Ἥ
1589 4916 1759 4987 ψυχὴ
1796 4918 1836 4985 ὴ
1865 4921 2046 4988 ἁμαρ-

381 5015 595 5076 τοῦσα,
649 5011 800 5080 αὐτὴ
828 5010 923 5065 καί
950 5007 1350 5064 ἀποθανεῖται·
1399 5005 1493 5059 καὶ
1523 5005 1704 5072 πάλιν,
1739 5007 1860 5060 Οὐκ
1902 5007 2048 5061 ἀπο-

384 5101 704 5160 θανοῦνται
740 5097 988 5164 πατέρες
1011 5098 1166 5163 ὑπὲρ
1193 5093 1450 5155 τέκνων,
1506 5093 1643 5146 οὔτε
1690 5092 1866 5146 τέκνα
1896 5094 2048 5162 ὑπὲρ

384 5190 671 5257 πατέρων.
693 5187 895 5256 Μηδεὶς
921 5185 1098 5238 τοίνυν
1129 5185 1283 5255 ὑμῶν
1304 5225 1319 5248 ,
1355 5181 1672 5251 παρακαλῶ,
1709 5181 1916 5250 ἀγνοῶν
1947 5183 2046 5252 τῆς

385 5277 535 5339 θείας
567 5273 790 5346 Γραφῆς
841 5272 933 5324 τὸν
962 5270 1182 5333 σκοπὸν,
1202 5268 1452 5340 τολμάτω
1483 5268 1791 5339 μέμφεσθαι
1819 5271 1929 5332 τοῖς
1954 5271 2045 5337 ἐγ-

385 5361 807 5434 γεγραμμένοις,
834 5359 946 5414 ἁλλ’
970 5356 1268 5428 εὐγνώμονι
1295 5355 1502 5427 διανοίᾳ
1531 5354 1767 5426 δεχέσθω
1798 5355 1866 5409 τά
1895 5355 2049 5425 λεγό-

391 5467 547 5520 μενα,
581 5449 673 5502 καὶ
694 5447 1016 5517 θαυμαζέτω
1039 5447 1138 5515 τῆς
1167 5443 1316 5507 θείας
1367 5443 1588 5513 Γραφῆς
1613 5441 1713 5513 τὴν
1742 5443 2046 5509 ἀκρίϐειαν,

387 5539 480 5590 καὶ
503 5535 798 5603 λογιζέσθω
829 5536 950 5587 ὅσον
999 5530 1242 5602 ἁμαρτία
1276 5529 1464 5583 κακόν.
1506 5529 1635 5582 ’1δοὺ
1657 5528 1764 5599 γὰρ
1787 5529 1876 5581 τὸν
1899 5530 2051 5582 ἀδελ-

389 5626 487 5694 φὸν
515 5624 604 5678 τὸν
633 5625 740 5678 τῶν
790 5622 966 5676 αὐτῶν
1015 5621 1219 5674 ὠδίνων
1267 5619 1688 5687 κοινωνήσαντα,
1746 5617 1836 5671 τὸν
1860 5620 1921 5671 ἐκ
1952 5620 2053 5688 τῆς

451 5733 476 5760 ³
508 5733 640 5780 Unus
663 5732 984 5794 6006‘0'wogm._
999 5729 1114 5777 Haec
1137 5741 1223 5794 ι’ριι
1250 5727 1503 5794 admodum
1525 5725 1674 5794 yarigl
1696 5725 1831 5794 apag
1846 5727 2052 5794 εει-ἱμερ-

385 5807 472 5842 res
496 5784 870 5842 ecclesiéslicos.
887 5791 938 5838 lu
965 5787 1172 5850 Synopsi
1196 5789 1518 5836 Alhanasiana
1543 5784 1855 5850 legitur’ttll.
1871 5785 2045 5850 0.167:

387 5859 435 5902 οὶ
463 5854 658 5914 πατέρες
681 5854 848 5914 ἔφαγον
870 5847 1080 5914 ὄμφακα,
1103 5847 1185 5898 καὶ
1219 5851 1410 5914 ὀδόντες,
1442 5849 1536 5895 τῶν
1554 5849 1741 5914 -τέκνων
1762 5847 2050 5914 ᾠμοδίασαν.

393 5914 536 5978 Apud
563 5907 868 5961 Ezechicl'em
896 5907 1046 5973 (χ’γιιι,
1063 5913 1112 5970 ﬁ)
1141 5924 1226 5971 pro
1246 5909 1535 5971 ἐγομφίασαν
1554 5907 1736 5970 legitur
1754 5907 2054 5968 ᾑμωδίασαν,

395 5969 454 6024 ὦ
477 5973 744 6024 «mmmam.
993 5981 996 5993 ‘

387 5981 454 6034 ;m
477 5981 744 6034 αὶμωδιάω.
993 5981 996 5993 ⁴

1106 332 1161 388 5.
1202 321 1484 383 ,ῖΟΑΝΝΙΞ
1512 316 1996 381 CHRYSOSTOMI
2025 314 2341 375 ARCIHEP.
2377 321 2923 382 CONSTANTINOP.

2110 435 2282 505 αὐτῆς
2313 437 2502 506 νηδύος
2523 439 2824 504 ἐξελθόντα,
2852 442 3038 494 τοῦτον
3065 439 3449 494 ἐπεισελθοῦσα
3479 439 3510 510 ἡ
3535 440 3776 510 ἁμαρτία

2108 521 2291 577 δοῦλον
2325 527 2634 595 εἰργάσατο,
2653 531 2746 580 καὶ
2772 530 2870 599 τὴν
2897 529 3204 598 ἐλευθερίαν
3223 529 3546 598 ἀφελομένη,
3575 531 3652 592 είς
3678 530 3779 597 τὴν

2112 612 2388 683 ὑποταγὴν
2415 616 2606 684 ἤγαγε·
2640 618 2734 669 καὶ
2760 618 2869 687 γὰρ
2904 617 3150 670 ἐντεῦθεν
3179 617 3247 670 τὰ
3289 618 3387 687 τῆς
3417 617 3659 680 δουλείας
3687 618 3782 686 ἀρ·

2110 703 2211 773 χὴν
2243 704 2515 775 ἐλάμϐανε
2568 707 2770 759 λοιπόν.
2804 707 2938 760 Οὐδὲ
2979 707 3084 778 γάρ
3111 703 3180 778 ὴν
3212 706 3316 778 πρὸ
3348 706 3537 759 τούτου
3583 709 3617 776 ή
3652 706 3782 776 βλακ-

2111 792 2234 845 κεία
2254 792 2413 861 αῦτη,
2447 793 2625 846 καὶτὸ
2656 794 2798 847 0610)
2840 794 3283 866 διαθρύπτεσθαι,
3315 794 3408 847 καὶ
3440 794 3639 864 ἐτέρων
3669 794 3781 844 δεῖ-

2115 877 2237 932 σθαι
2263 879 2370 933 τῶν
2387 881 2834 951 διακονουμένων,
2876 882 2990 934 ἀλλ’
3023 882 3250 944 ἕκαστος
3278 880 3438 943 αὐτὸς
3461 880 3637 950 ἐαυτῷ
3673 880 3786 950 διη-

2113 969 2340 1029 κονεῖτο,
2393 969 2484 1021 καὶ
2516 968 2682 1038 πολλὴ
2706 965 2772 1040 ἦν
2802 969 3137 1040 ὴόμοτιμία,
3163 970 3255 1021 καὶ
3305 969 3454 1020 πᾶσα
3500 968 3786 1038 ἀνωμαλία

2114 1051 2356 1110 ἐκποδὼν
2392 1052 2479 1126 ἦν.
2523 1056 2735 1128 Ἐπειδὴ
2759 1057 2815 1108 δὲ
2855 1057 3100 1128 εἰσῆλθεν
3126 1059 3158 1126 ή
3187 1056 3448 1126 ἁμαρτία,
3479 1056 3789 1124 ἐλυμήνατο

2113 1142 2216 1211 τὴν
2256 1142 2586 1214 ἐλευθερίαν.
2641 1144 2735 1196 καὶ
2763 1143 3030 1213 διέφθειρε
3058 1142 3154 1212 τὴν
3198 1142 3304 1196 ἀπὸ
3335 1142 3433 1212 τῆς
3471 1143 3681 1209 φύσεως
3706 1140 3788 1192 δε-

2115 1233 2343 1303 δομένην
2371 1234 2526 1298 ἀξίαν
2567 1235 2618 1295 δ.
2653 1237 2750 1288 καὶ
2807 1235 2907 1305 τὴν
2937 1233 3179 1288 δουλείαν
3215 1231 3363 1305 [290]
3393 1231 3786 1301 ἐπεισήγαγεν,

2119 1322 2206 1374 ἵνα
2231 1322 2483 1393 διηνεκὴς
2575 1321 2891 1385 διδάσκαλος
2941 1323 3034 1374 καὶ
3062 1321 3311 1374 νουθεσία
3333 1318 3412 1388 τῷ
3455 1318 3561 1370 τῶν
3585 1317 3794 1386 ἀνθρώ-

2118 1427 2235 1462 πων
2265 1410 2432 1478 γένει,
2451 1410 2594 1487 ῥῦστε
2622 1410 2841 1480 φεύγειν
2873 1409 3082 1480 μὲντῆς
3111 1407 3384 1481 ἁμαρτίας
3401 1406 3498 1478 τὴν
3521 1405 3791 1468 δουλείαν,

2120 1498 2256 1568 πρὸς
2287 1498 2343 1550 δέ
2373 1497 2470 1568 τὴν
2500 1497 2810 1567 ἐλευθερίαν
2831 1497 2932 1567 τῆς
2979 1497 3178 1566 ἀρετῆς
3207 1495 3502 1547 ἐπανιέναι.
3535 1494 3655 1545 Ὅτι
3677 1493 3795 1562 γάρ

2121 1588 2149 1638 6
2179 1585 2363 1649 δοῦλος
2386 1585 2479 1638 καὶ
2503 1585 2532 1635 ὀ
2555 1585 2819 1657 δεσπότης
2843 1583 3062 1655 διηνεκῆ
3096 1582 3277 1654 ἔχουσι
3293 1582 3402 1652 τὴν
3425 1580 3670 1633 ἐντεῦθεν
3703 1581 3796 1646 ἐγ-

2122 1674 2411 1743 γινομένην
2460 1673 2746 1742 ὠφέλειαν,
2779 1673 2826 1726 εί
2859 1672 3148 1744 βούλοιντο,
3199 1669 3546 1724 ἐννοείτωσαν
3568 1707 3583 1732 ,
3616 1670 3646 1721 ὀ
3686 1665 3799 1737 μὲν

2121 1764 2325 1828 δοῦλος,
2356 1765 2438 1817 ὅτι
2463 1765 2549 1818 διά
2577 1763 2734 1818 τοῦτο
2757 1764 2945 1835 εἴληφε
2981 1763 3082 1832 τὴν
3105 1761 3366 1824 δουλείαν,
3402 1759 3586 1828 ἐπειδὴ
3607 1759 3635 1809 6
3659 1757 3797 1826 Χὰμ

2124 1855 2202 1915 εἰς
2222 1851 2488 1924 τοσαύτην
2514 1853 2842 1924 προπέτειαν
2870 1850 3139 1915 ἐξώκειλε·
3178 1850 3270 1903 καὶ
3302 1850 3330 1901 6
3347 1848 3605 1917 δεσπότης
3627 1845 3799 1898 πάλιν

2124 1941 2436 2009 λογιζέσθω,
2489 1941 2569 1994 ὄτι
2601 1942 2698 2010 οὐχ
2743 1939 3006 2010 ἑτέρωθεν
3053 1939 3086 2008 ή
3118 1936 3362 2006 ὑποταγὴ
3391 1936 3578 2004 γέγονε
3631 1934 3726 1986 καὶ
3759 1936 3800 2001 ἡ

2125 2027 2356 2093 δουλεία,
2386 2027 2500 2080 ἀλλ’
2526 2029 2556 2098 ἦ
2585 2029 2692 2080 ἀπὸ
2715 2028 2806 2079 τοῦ
2840 2025 3112 2096 μοχθηρὰν
3166 2027 3369 2076 ἐκεῖνον
3424 2021 3802 2086 ἐπιδείξασθαι

2127 2113 2372 2185 γνώμην,
2404 2116 2497 2167 καὶ
2532 2115 2627 2184 τῆς
2656 2113 2922 2184 ἰσοτιμίας
2941 2112 3049 2165 τῶν
3067 2111 3308 2180 ἀδελφῶν
3332 2112 3604 2163 ἐκπεσεῖν.

2198 2204 2261 2267 ζ’.
2293 2203 2428 2256 Ἀλλ’
2445 2204 2540 2255 ἐὰν
2556 2204 2833 2272 νήφωμεν,
2853 2200 3024 2254 ταῦτα
3042 2200 3107 2252 τὰ
3121 2200 3205 2252 διὰ
3220 2199 3288 2251 τὰ
3300 2199 3669 2268 ἁμαρτήματα
3682 2197 3804 2250 τῶν

2130 2295 2410 2366 προγόνων
2431 2293 2538 2346 τῶν
2567 2294 2848 2363 ἡμετέρων
2873 2290 3242 2360 εἰσενεχθέντα
3271 2291 3352 2350 εἰς
3378 2303 3468 2343 τον
3510 2289 3622 2358 βίον
3641 2289 3801 2342 οὐδὲν

2131 2382 2277 2452 ἡμᾶς
2308 2381 2649 2452 λυμήνασθαι
2672 2380 2913 2445 δύναται,
2969 2380 3129 2450 μέχρι
3175 2378 3286 2431 τῶν
3327 2377 3604 2449 ὀνομάτων
3636 2378 3806 2447 μόνον

2132 2470 2412 2541 ἱστάμενα.
2459 2469 2609 2522 Ἐπεὶ
2667 2469 2759 2522 καὶ
2788 2469 2816 2521 ὀ
2849 2468 3265 2538 πρωτόπλαστος
3305 2465 3392 2518 διὰ
3422 2467 3518 2536 τὴν
3548 2465 3804 2536 παράϐα-

2134 2575 2218 2612 σιν
2247 2556 2338 2610 τοῦ
2368 2557 2598 2611 θανάτου
2643 2556 2703 2608 τὸ
2728 2555 2998 2625 ἐπιτίμιον
3025 2556 3300 2623 εἰσήγαγε,
3319 2553 3412 2606 καὶ
3433 2553 3492 2605 τὸ
3515 2553 3572 2604 ἐν
3601 2551 3805 2614 λύπαις

2133 2647 2226 2698 καὶ
2258 2644 2473 2715 μόχθοις
2502 2645 2600 2714 τὴν
2629 2644 2771 2714 ζωὴν
2801 2642 3301 2696 καταδαπανᾶσθαι·
3353 2641 3444 2693 καὶ
3472 2633 3662 2700 οῦτοςε
3693 2639 3806 2708 τὴν

2132 2733 2394 2786 δουλείαν·
2468 2732 2603 2785 ἀλλὰ
2653 2730 3093 2801 παραγενόμενος
3146 2731 3173 2782 6
3230 2727 3504 2796 Δεσπότης
3561 2724 3808 2797 Χριστὸς

2133 2819 2305 2873 ταῦτα
2332 2819 2509 2872 πάντα
2542 2819 2701 2889 μέχρι
2752 2817 2859 2870 τῶν
2903 2817 3180 2888 ὀνομάτων
3209 2815 3385 2868 αὐτῶν
3427 2813 3634 2882 ἀφῆκεν
3659 2809 3808 2865 εἶναι

2139 2907 2318 2976 μόνον,
2348 2907 2441 2959 ἐὰν
2470 2905 2802 2976 βουλώμεθα.
2838 2904 2973 2958 Οὔτε
3007 2904 3116 2974 γάρ
3135 2906 3162 2957 6
3189 2903 3415 2965 θάνατος
3443 2901 3665 2963 θάνατός
3680 2903 3808 2956 ἐστι

2135 2995 2339 3056 λοιπὸν,
2371 2993 2506 3048 ἀλλὰ
2529 2993 2698 3064 ὀνομα
2728 2993 2886 3062 μόνον
2915 2992 3025 3062 ἔχει
3073 2991 3323 3044 θανάτου·
3358 2989 3555 3060 μᾶλλον
3599 2987 3654 3040 δέ
3701 2989 3812 3040 καὶ

2136 3083 2266 3136 αὐτὸ
2297 3082 2358 3134 τὸ
2387 3083 2556 3151 δνομα
2588 3080 2858 3153 ἀφῃρέθη.
2890 3079 3085 3133 Οὐκέτι
3111 3079 3218 3148 γὰρ
3236 3077 3357 3131 οὑδέ
3388 3077 3612 3130 θάνατον
3639 3075 3811 3126 αὐτὸν

2136 3169 2633 3240 προσαγορεύομεν,
2664 3167 2800 3221 ἀλλὰ
2826 3167 3080 3237 κοίμησιν
3121 3167 3212 3220 καὶ
3260 3165 3444 3218 ὕπνον.
3477 3163 3566 3216 Διδ
3590 3162 3680 3214 καὶ
3703 3162 3813 3213 αὑ⁴

2136 3259 2227 3318 τὸς
2258 3260 2286 3311 ό
2311 3257 2542 3328 Χριστὸς
2571 3256 2744 3324 ἔλεγε.
2787 3254 3046 3322 Λάζαρος
3073 3256 3107 3307 ὁ
3128 3255 3306 3321 φίλος
3329 3250 3497 3321 ἡμῶν
3528 3250 3812 3318 κεκοίμη-

2137 3365 2250 3402 ται·
2287 3349 2427 3401 καὶό
2459 3348 2667 3410 Παῦλος
2717 3346 2944 3417 γράφων
2981 3344 3449 3407 Θεσσαλονικεῠσι,
3482 3343 3630 3427 φιησί·
3666 3341 3816 3408 Περί

2139 3436 2206 3489 δὲ
2235 3435 2352 3490 τῶν
2380 3434 2820 3504 κεκοιμημένων
2857 3436 2928 3487 οὐ
2986 3432 3136 3487 θέλω
3163 3431 3318 3499 ὑμᾶς
3347 3429 3814 3500 ἁγνοεῖν,ἁδελ-

2139 3526 2259 3592 φοί.
2297 3525 2402 3577 Καὶ
2433 3523 2692 3592 ὴδουλεία
2745 3521 2906 3575 πάλιν
2931 3520 3131 3590 ὁμοίως
3175 3519 3346 3588 ὄνομά
3383 3519 3550 3571 ἐστιν·
3598 3518 3818 3580 ἐκεῖνος

2140 3613 2248 3686 γάρ
2276 3615 2389 3666 ἐστι
2409 3612 2632 3675 δοῦλοςό
2663 3611 2758 3682 τὴν
2782 3611 3054 3681 ἁμαρτίαν
3083 3607 3463 3679 ἐργαζόμενος.
3491 3605 3592 3658 Καὶ
3611 3607 3690 3658 ὃτι
3711 3606 3820 3658 καὶ

2141 3701 2344 3771 ταύτην
2373 3700 2575 3766 ἐξεῖλεν
2621 3701 2650 3751 6
2699 3697 2930 3770 Χριστὸς
2985 3695 3448 3768 παραγενόμενος,
3492 3695 3585 3747 καὶ
3613 3693 3818 3764 μέχρις

2145 3788 2405 3858 ὀνόματος
2435 3787 2604 3858 αὐτὴν
2637 3785 2849 3856 ἀφῆκεν
2877 3781 3038 3847 εἶναι,
3066 3783 3265 3854 μᾶλλον
3303 3783 3360 3836 δὲ
3393 3782 3485 3836 καὶ
3514 3781 3608 3852 τὴν
3635 3797 3819 3851 προσ-

2143 3875 2372 3946 ηγορίαν
2401 3875 2570 3945 αὑτὴν
2610 3872 2910 3944 ἐξήλειψεν,
2957 3872 3120 3925 ἄκουε
3166 3871 3259 3923 τοῦ
3295 3868 3506 3923 Παύλου
3535 3869 3819 3936 λέγοντος·

2148 3967 2213 4016 Ol
2242 3963 2309 4016 δὲ
2337 3962 2589 4028 πιστοὺς
2624 3962 2867 4030 ἔχοντες
2895 3958 3192 4025 δεσπότας
3218 3958 3304 4027 μὴ
3339 3957 3823 4028 καταφρονείτω-

2145 4067 2284 4115 σαν,
2321 4049 2408 4102 ὅτι
2457 4049 2708 4118 ἀδελφοί
2753 4051 2928 4101 εἰσιν.
2991 4048 3153 4118 Ὁρᾷς
3200 4046 3317 4110 πῶς
3359 4044 3750 4098 ἐπεισελθοῦσα
3784 4047 3825 4114 ή

2146 4136 2335 4208 ἁρετὴ,
2367 4139 2446 4200 εἰς
2475 4135 2572 4205 τὴν
2605 4135 2705 4204 τῆς
2730 4135 3085 4203 ἀδελφότητος
3126 4135 3447 4201 συγγένειαν
3476 4133 3647 4203 ήγαγε
3684 4133 3824 4195 τοὺς

2149 4225 2412 4297 πρότερον
2424 4221 2502 4294 τῷ
2521 4222 2743 4292 ὀνόματι
2765 4221 2865 4290 τῆς
2891 4221 3134 4282 δουλείας
3158 4218 3489 4280 ὑπευθύνους
3508 4219 3824 4277 δντας.1ὑ·.τὶ

2146 4311 2337 4375 ἔσται,
2361 4311 2514 4380 φησὶ,
2546 4311 2784 4362 Χαναὰν
2806 4309 2965 4374 παῖς,
2995 4307 3224 4374 οἰκέτης
3257 4306 3380 4372 τοῖς
3406 4305 3685 4374 ἀδελφοῖς
3702 4308 3826 4359 αὑ-

2147 4397 2272 4451 τοῦ.
2305 4399 2417 4450 Οὐκ
2445 4397 2680 4468 ἐχρήσω,
2712 4395 2895 4466 φησὶν,
2925 4397 3004 4458 εἰς
3033 4395 3151 4448 δέον
3186 4395 3252 4464 τῇ
3279 4393 3555 4464 τιμῇ,οὐδέ
3579 4393 3827 4463 ἤνεγκας

2147 4495 2245 4566 τὴν
2270 4493 2571 4564 εὐπραγίαν
2601 4492 2700 4562 τὴν
2717 4491 2825 4544 ἀπὸ
2839 4491 2937 4560 τῆς
2968 4491 3255 4561 ἰσοτιμίας·
3286 4489 3370 4543 διὰ
3408 4489 3565 4542 τοῦτο
3586 4490 3651 4559 τῇ
3680 4489 3828 4541 ὑπο-

2149 4596 2287 4664 ταγῇ
2320 4589 2747 4662 σωφρονισθῆναι
2773 4605 2830 4641 σε
2852 4587 3308 4658 βούλομαι.Τοῦτο
3324 4588 3419 4640 καὶ
3449 4588 3504 4651 ἐξ
3530 4586 3701 4656 ἀρχῆς
3723 4588 3830 4640 ἐπὶ

2151 4691 2248 4760 τῆς
2284 4688 2540 4756 γυναικὸς
2595 4687 2837 4754 γέγονεν.
2885 4684 3101 4755 Ἐπειδὴ
3138 4685 3246 4752 γὰρ
3274 4685 3534 4754 ὁμότιμος
3559 4681 3637 4752 τῷ
3664 4682 3829 4751 ἀνδρὶ

2152 4784 2439 4856 γενομένη,
2469 4783 2529 4836 οὑ
2569 4781 2746 4844 καλῶς
2776 4783 3049 4851 ἐχρήσατο
3092 4783 3159 4850 τῇ
3208 4779 3467 4852 δεδομένῃ
3508 4780 3664 4848 τιμῇ,
3732 4777 3832 4832 διὰ

2152 4883 2308 4935 τοῦτο
2331 4877 2579 4950 ἀφῃρέθη
2609 4878 2708 4947 τὴν
2736 4876 3003 4941 ἐξουσίαν,
3031 4876 3126 4928 καὶ
3165 4876 3386 4946 ἢκουσε·
3418 4873 3574 4942 Πρὸς
3591 4875 3694 4927 τὸν
3719 4874 3818 4926 ἄν·

2152 4979 2264 5044 δρα
2282 4991 2399 5029 σου
2423 4975 2461 5043 ἠ
2483 4972 2834 5042 ἀποστροφή
2862 4987 2998 5035 σου,
3029 4971 3126 5025 καὶ
3146 4972 3327 5036 αὑτός
3353 4985 3469 5023 σου
3497 4970 3842 5038 κυριεύσει,

2166 5070 2383 5142 Ἐπειδὴ
2412 5071 2512 5124 οὐκ
2552 5066 2732 5132 οἶσθα,
2776 5068 2944 5138 φησὶ,
2975 5067 3157 5129 καλῶς
3186 5066 3487 5138 κεχρῆσθαι
3539 5069 3607 5137 τῇ
3655 5067 3831 5138 ἀρχῇ,

2158 5169 2295 5239 μάθε
2322 5166 2501 5228 καλῶς
2523 5164 2806 5237 ἄρχεσθαι,
2823 5164 2857 5233 ἢ
2889 5163 3071 5226 κακῶς
3085 5163 3291 5233 ἄρχειν.
3315 5162 3414 5216 Διά
3441 5179 3522 5214 τοι
3556 5161 3714 5214 τοῦτο
3733 5164 3837 5215 καὶ

2155 5259 2308 5328 οὗτος
2338 5263 2433 5318 νῦν
2464 5259 2844 5333 σωφρονισμοῦ
2879 5261 3064 5314 ἕνεκεν
3085 5260 3300 5330 δέχεται
3327 5260 3387 5313 τὸ
3414 5258 3708 5329 ἐπιτίμιον,
3734 5262 3833 5313 καὶ

2153 5369 2243 5422 διὰ
2290 5366 2388 5420 τοῦ
2439 5366 2627 5428 παιδὸς
2669 5364 2829 5425 αὑτὸς
2873 5363 2973 5433 τὴν
3020 5360 3241 5414 κόλασιν
3272 5359 3553 5430 ὑπομένει,
3583 5360 3672 5412 ἴνα
3723 5360 3832 5429 μά-

2158 5465 2276 5536 θῃς,
2301 5465 2382 5517 ὃτι
2429 5461 2530 5516 κᾶν
2564 5459 2828 5532 γηραλέος
2878 5458 3067 5511 λοιπὸν
3097 5453 3206 5528 ἧν,’
3230 5456 3347 5509 ἀλλ’
3393 5456 3427 5525 ἡ
3464 5453 3704 5526 τιμωρία
3747 5456 3834 5519 εἰς

2155 5561 2247 5616 τὸν
2269 5561 2384 5612 υἰδν
2403 5559 2735 5628 διαϐήσεται·
2767 5557 2903 5627 ὅπερ
2930 5553 3132 5625 πικρὰν
3158 5553 3250 5606 καὶ
3285 5551 3547 5622 ὀδυνηρὰν
3563 5550 3834 5620 αὐτῷτὴν

2159 5660 2302 5731 ζωὴν
2326 5658 2618 5731 εἰργάσατο
2653 5656 2938 5719 ἐννοοῦντι,
2971 5656 3050 5708 ὅτι
3095 5655 3191 5706 καὶ
3239 5651 3376 5722 μετὰ
3408 5651 3508 5722 τὴν
3544 5649 3709 5703 αὑτοῦ
3733 5667 3835 5703 τε-

2158 5757 2352 5828 λευτὴν
2383 5757 2411 5806 6
2442 5759 2570 5818 παῖς
2603 5753 2805 5825 ήμελλε
2838 5754 2992 5814 δίκας
3034 5751 3198 5804 τίνειν
3232 5750 3373 5818 ὑπὲρ
3401 5749 3509 5801 τῶν
3541 5746 3692 5817 αὐτῷ
3724 5762 3830 5798 πε-

2219 5913 2249 5952 )
2275 5916 2492 5974 Quatuor
2511 5926 2624 5959 mss.
2651 5910 2882 5974 ἐξουσίαν,
2903 5907 3047 5974 επὶ-εἰς
3069 5904 3475 5974 ιρείῐ.“ίηῑρςρτες,

2225 5981 2250 6012 ⁶
2274 5968 2346 6026 lla
2374 5978 2526 6025 codex
2551 5987 2676 6022 unus
2703 5973 2831 6034 apud
2855 5971 3102 6021 Savilium.
3133 5968 3265 6018 Edili
3285 5968 3428 6016 οὕτω.
