4062 6396
416 408 520 464 283

417 522 516 575 dus
540 519 684 576 enim
713 529 849 587 erat,
880 530 934 576 et
964 518 1133 588 major
1163 526 1287 572 natu
1317 531 1474 587 quam
1501 515 1727 585 .laphetlt
1757 533 1770 569 :
1797 523 1850 568 at
1877 512 2004 567 licet

418 622 573 666 aetate
602 612 692 667 illo
720 614 864 683 prior
885 621 1020 674 erat,
1053 611 1323 665 voluntate
1347 622 1519 664 tamen
1546 610 1732 671 minor,
1758 619 1811 661 et
1839 617 2004 659 teme-

418 705 547 757 ritas
575 704 721 759 illum
751 705 962 773 dejecit.
994 702 1125 758 Nam
1158 704 1278 771 quia
1306 702 1475 756 noluit
1501 701 1639 754 intra
1659 714 1783 753 suos
1808 698 2002 751 limites

420 808 657 865 tnanere,
710 793 887 847 amisit
931 792 1187 845 honorem
1218 791 1317 845 sibi
1363 807 1391 843 a
1420 798 1603 844 natura
1632 789 1877 843 traditum
1904 804 1919 839 :
1949 795 2002 840 et

416 884 552 938 sicut
586 884 676 937 ille
720 884 771 937 id
816 882 959 953 quod
989 894 1179 937 natura
1225 881 1427 946 habuit,
1457 881 1686 949 nequitia
1716 878 2001 933 voluntatis

413 973 613 1037 amisit,
648 975 719 1029 ita
745 972 971 1044 lapheth
992 974 1134 1044 quod
1161 984 1347 1028 natura
1374 989 1481 1029 non
1505 973 1704 1036 habuit,
1733 971 1997 1025 saniorem

414 1064 485 1119 ob
512 1073 743 1119 mentem
772 1065 996 1133 accepit.

488 1156 542 1209 6.
584 1154 691 1210 Cur
729 1156 867 1223 ﬁlius
894 1155 1191 1209 maledictus
1216 1155 1283 1209 sit
1305 1155 1365 1208 ob
1392 1154 1548 1222 patris
1580 1162 1853 1223 peccatum.
1886 1149 1997 1202 Pa-

416 1255 515 1297 tres
542 1262 634 1314 pro
659 1245 827 1299 liberis
854 1247 1024 1314 puniri
1044 1254 1239 1315 aptant.
1256 1274 1326 1285 —
1353 1244 1540 1298 Vidisti
1562 1242 1830 1313 quomodo
1849 1240 1979 1294 nihil

417 1346 619 1390 tenuere
644 1345 697 1391 et
719 1335 934 1390 fortuito
965 1338 1015 1390 in
1047 1336 1223 1390 divina
1240 1336 1510 1404 Scriptura
1531 1333 1834 1403 reperitur?
1868 1332 1998 1398 Qua:

415 1427 604 1489 fecerat
631 1426 757 1491 sibi,
790 1428 991 1495 inquit,
1020 1428 1159 1497 ﬁlius
1191 1444 1313 1481 suus
1360 1428 1546 1492 iunior.
1580 1425 1671 1480 25.
1708 1423 1773 1477 Et
1823 1423 1949 1476 dixit
1978 1438 1997 1475 :

414 1516 717 1572 Maledictus
765 1519 1008 1573 Chanaan
1053 1520 1210 1587 ﬁlius,
1239 1536 1411 1573 servus
1449 1519 1542 1572 erit
1584 1519 1824 1589 fratribus
1871 1516 1994 1570 suis.

412 1610 552 1663 Ecce
576 1612 917 1681 pervenimus
937 1610 1002 1664 ad
1025 1612 1372 1679 qumstiouem
1399 1609 1541 1663 illam
1559 1609 1992 1676 ubiquemotam.

412 1700 605 1755 Multos
628 1702 769 1754 enim
799 1701 1044 1756 audimus
1072 1702 1311 1756 dicentes
1348 1720 1362 1757 :
1394 1700 1569 1768 Quare
1597 1712 1717 1753 cum
1744 1712 1996 1768 peccave-

410 1792 481 1845 rit
505 1802 675 1860 pater,
703 1801 756 1845 et
786 1792 1079 1861 prodiderit
1105 1792 1422 1857 nuditatem,
1478 1790 1624 1845 filius
1652 1788 1993 1843 maledictum

408 1881 667 1951 suscipit?
691 1883 948 1950 Obsecro,
976 1883 1234 1939 attendite
1262 1883 1564 1954 diligenter,
1594 1890 1649 1937 et
1677 1882 1993 1935 solutionem

406 1972 649 2042 accipite.
681 1973 772 2027 Illa
794 1975 935 2028 enim
959 1973 1219 2033 dicemus.
1239 1990 1358 2044 qua:
1375 1972 1792 2043 suppeditaverit
1817 1970 1993 2025 divina

406 2066 574 2133 gratia
603 2075 818 2136 propter
845 2076 1076 2121 vestram
1109 2067 1413 2121 utilitatem.
1459 2066 1524 2119 Et
1562 2065 1693 2119 dixit
1721 2080 1739 2118 :
1775 2064 1997 2117 Maledi-

404 2165 517 2207 ctus
540 2154 784 2210 Chanaan
811 2156 965 2225 ﬁlius,
990 2173 1159 2210 servus
1183 2156 1274 2210 erit
1300 2156 1545 2226 fratribus
1560 2154 1682 2209 suis.
1715 2153 1833 2208 Non
1861 2154 1992 2208 sim-

408 2245 637 2313 pliciter,
663 2262 834 2317 neque
853 2248 903 2301 in
931 2262 1124 2301 vanum
1142 2247 1581 2302 commemoravit
1600 2246 1787 2311 lilium,
1812 2244 1906 2300 sed
1924 2244 1994 2299 ob

408 2336 662 2393 latentem
686 2340 967 2394 rationem.
997 2339 1223 2395 Volebat
1249 2339 1392 2396 enim
1412 2340 1570 2395 simul
1597 2348 1651 2394 et
1674 2339 1848 2409 ipsum
1874 2353 1994 2393 cor-

405 2427 580 2496 ripere
610 2438 828 2500 pr0pter
847 2441 1139 2500 peccatum,
1174 2440 1225 2486 et
1251 2432 1628 2486 contumeliam
1651 2447 1754 2503 qua
1774 2446 1835 2487 se
1858 2430 1994 2486 affe-

403 2528 586 2571 cerat:
620 2528 674 2574 et
714 2521 870 2574 simul
917 2521 1129 2577 nolebat
1175 2521 1497 2577 labefactare
1544 2520 1991 2588 benedictionem,

404 2626 522 2679 qua:
545 2611 619 2666 illi
646 2613 850 2681 pridem
876 2630 906 2668 a
932 2615 1040 2669 Deo
1073 2614 1210 2668 facta
1252 2614 1425 2670 fuerat
1460 2613 1767 2669 :Benedixit
1810 2615 1951 2671 enim
1975 2654 1991 2679 ,

406 2702 595 2772 inquit,
630 2704 767 2760 Deus
815 2706 929 2761 Noe
952 2708 1156 2777 quando
1176 2709 1325 2762 exivit
1349 2724 1413 2762 ex
1436 2725 1577 2775 arca,
1603 2719 1649 2763 et
1678 2708 1813 2777 ﬁlios
1853 2706 1993 2760 illius

406 2795 559 2865 (Gen.
586 2797 639 2851 9.
671 2799 696 2853 1
728 2799 769 2867 ).
802 2798 873 2855 Ut
913 2800 1071 2868 igitur
1114 2817 1182 2856 ne
1206 2801 1450 2856 videatur
1489 2801 1807 2857 maledicere
1833 2816 1993 2870 quem

406 2888 548 2943 Deus
574 2891 744 2946 semel
780 2891 1144 2959 benedixerat,
1186 2895 1458 2963 praeterito
1484 2893 1576 2948 illo
1600 2895 1690 2964 qui
1723 2908 1783 2949 se
1807 2902 1993 2949 contu-

403 2981 560 3036 melia
592 2982 862 3048 affecerat,
895 2984 1002 3039 lilio
1028 2986 1371 3041 maledictum
1414 2986 1612 3041 intulit.
1643 2986 1795 3053 Esto,
1838 2986 1992 3042 dixe-

404 3074 513 3138 ris,
570 3073 673 3130 hoc
722 3076 939 3145 quidem
992 3077 1228 3131 ostendit
1270 3087 1550 3148 propterea
1606 3076 1771 3132 Cham
1825 3079 1992 3133 male-

403 3167 604 3222 dictum
625 3184 730 3223 non
749 3169 934 3235 fuisse,
952 3170 1073 3240 quia
1100 3170 1248 3240 prius
1270 3184 1300 3222 a
1322 3169 1430 3225 Deo
1447 3168 1869 3224 benedictionem
1898 3183 1994 3224 ac-

404 3270 621 3330 ceperat
660 3279 674 3314 :
706 3277 873 3332 quare
897 3274 1075 3316 autem
1103 3277 1224 3317 cum
1252 3262 1344 3316 ille
1374 3263 1691 3331 peccaverit,
1742 3260 1828 3315 hic
1874 3276 1992 3330 pte-

405 3367 527 3405 nam
554 3351 689 3406 luit?
712 3352 896 3422 Neque
923 3355 1024 3408 hoc
1044 3351 1245 3422 absque
1276 3353 1479 3407 ratione
1499 3352 1694 3406 factum
1725 3361 1829 3406 est.
1860 3352 1992 3407 Nam

405 3452 556 3512 pater
601 3458 706 3497 non
751 3445 1013 3499 minorem
1047 3459 1257 3513 poenam
1290 3444 1490 3510 habuit,
1520 3458 1681 3514 quam
1733 3444 1871 3498 filius
1896 3486 1910 3510 ,
1940 3453 1996 3499 et

405 3534 697 3589 cruciatum
726 3535 911 3589 sensit.
958 3535 1119 3590 Scitis
1145 3535 1309 3599 enim,
1341 3535 1490 3589 scitis
1528 3533 1796 3605 quomodo
1822 3548 1993 3603 saepe-

407 3640 631 3680 numero
670 3636 846 3697 patres
887 3626 1085 3696 precati
1128 3636 1254 3680 sunt
1292 3637 1347 3680 nt
1405 3626 1636 3680 ﬁliorum
1686 3640 1871 3696 poenas
1897 3626 1995 3693 ipsi

407 3716 648 3783 ferrent;
681 3728 735 3771 et
774 3719 989 3787 gravius
1039 3717 1141 3771 illis
1188 3732 1309 3773 esse
1339 3717 1519 3773 videre
1570 3718 1705 3772 lilios
1733 3716 1994 3786 supplicio

404 3809 569 3876 affici,
594 3825 751 3881 quam
781 3812 824 3864 si
858 3811 954 3880 ipsi
984 3810 1048 3865 iis
1076 3810 1507 3866 forentobnoxii.
1538 3810 1758 3865 Factum
1786 3809 1995 3865 esthoc

408 3901 590 3971 igitur,
621 3914 678 3956 ut
707 3902 797 3957 ille
826 3902 897 3956 ob
924 3903 1223 3957 naturalem
1264 3901 1317 3955 in
1353 3903 1517 3956 lilium
1541 3917 1803 3966 amorem,
1827 3900 1996 3971 majo-

405 4008 524 4049 rem
571 3996 798 4050 sentiret
824 3996 1088 4062 dolorem,
1132 4005 1187 4049 et
1220 3995 1519 4050 benedictio
1547 3994 1640 4049 Dei
1689 4003 1997 4049 servaretur

406 4088 682 4154 inviolata,
710 4098 763 4144 et
787 4088 924 4142 ﬁlius
947 4097 1161 4159 accepta
1194 4088 1587 4151 maledictione,
1618 4102 1836 4143 suorum
1864 4101 1991 4157 pro.

408 4181 647 4249 priorum
674 4196 860 4251 poenas
889 4189 1225 4251 peccatorum
1256 4182 1446 4235 lueret.
1474 4180 1606 4235 Nam
1634 4181 1756 4235 licet
1779 4188 1997 4249 propter

408 4274 575 4343 patris
599 4284 877 4343 peccatum
904 4289 1042 4327 nunc
1072 4272 1430 4327 maledictioni
1458 4272 1526 4325 sit
1549 4271 1832 4337 obnoxius,
1862 4279 1999 4324 atta-

410 4383 537 4421 men
566 4367 854 4422 verisimile
883 4376 986 4431 est,
1019 4382 1142 4422 eum
1186 4367 1347 4421 etiam
1394 4376 1613 4435 propter
1657 4380 1753 4420 sua
1798 4365 1994 4419 delicta

410 4460 626 4515 dedisse
669 4475 902 4529 poenam.
947 4458 1063 4513 Non
1091 4458 1232 4513 enim
1260 4458 1433 4512 solum
1460 4466 1681 4527 propter
1723 4466 1997 4525 peccatum

410 4550 578 4620 patris
625 4549 1053 4605 maledictionem
1091 4549 1315 4618 accepit,
1346 4547 1442 4603 sed
1486 4547 1730 4602 fortassis
1754 4548 1915 4601 etiam
1944 4554 2001 4600 ut

414 4658 511 4712 per
542 4642 715 4711 ipsum
740 4640 829 4695 ille
855 4642 1108 4710 majorem
1131 4655 1342 4710 poenam
1373 4639 1652 4708 penderet.
1688 4638 1819 4693 Nam
1855 4637 1998 4707 quod

414 4749 586 4804 neque
606 4743 783 4805 patres
806 4748 903 4803 pro
927 4733 1069 4798 filiis,
1097 4746 1267 4802 neque
1292 4729 1385 4784 11111
1410 4745 1503 4800 pro
1524 4730 1759 4800 patribus
1788 4744 2000 4799 ptenam

414 4824 582 4890 luant,
628 4823 721 4878 sed
762 4824 1124 4894 unusquisque
1165 4838 1262 4893 pro
1290 4822 1401 4875 suis
1444 4821 1674 4890 peccatis
1722 4836 1893 4890 ptenm
1931 4821 2002 4875 sit

424 4914 717 4980 obnoxius,
743 4915 927 4969 multis
952 4915 1005 4968 in
1038 4914 1168 4968 locis
1192 4930 1218 4967 ει
1246 4912 1517 4984 prophetis
1546 4913 1744 4966 dictum
1798 4911 2002 4965 inveni-

414 5025 555 5069 mus.
586 5016 643 5065 ut
670 5023 790 5062 cum
812 5008 995 5062 dicunt
1026 5025 1041 5063 :
1066 5006 1380 5061 Comedentis
1419 5023 1541 5060 uvas
1562 5006 1787 5072 acerbas,
1827 5006 2000 5060 dentes

414 5100 771 5166 obstupescunt
798 5097 853 5168 (J
859 5115 930 5152 er.
959 5099 1048 5153 51.
1073 5098 1204 5168 29);
1255 5107 1327 5164 et,
1355 5098 1539 5151 Anima
1564 5113 1676 5168 qua:
1704 5098 1999 5167 peccauerit,

415 5192 530 5261 ipsa
578 5201 627 5247 et
671 5193 914 5246 morietur
951 5190 1162 5260 (Ezech.
1192 5191 1277 5246 18.
1325 5190 1462 5263 20);
1505 5200 1559 5246 et
1609 5193 1796 5247 iterum
1836 5190 2002 5245 :Non

418 5287 697 5339 morientur
737 5295 904 5354 patres
944 5301 1035 5354 pro
1078 5285 1198 5354 ﬁliis
1223 5326 1239 5349 ,
1292 5301 1449 5355 neque
1495 5284 1591 5353 ﬁlii
1643 5300 1734 5354 pro
1776 5284 2001 5354 patribus

417 5376 438 5448 ς
448 5377 594 5431 Deut.
625 5376 715 5431 24.
743 5375 809 5430 16
830 5374 872 5447 ).
895 5375 1082 5431 Nullus
1127 5376 1285 5445 igitur
1315 5387 1574 5442 vestrum,
1603 5391 1807 5444 quaeso,
1850 5377 2002 5446 quasi

417 5469 670 5541 ignorans
688 5468 883 5522 divine
910 5468 1199 5538 Scriptura:
1226 5483 1468 5538 sc0pum,
1494 5469 1689 5522 audeat
1714 5469 1829 5524 lucc
1871 5470 2005 5523 scri-

420 5572 509 5632 pta
548 5563 964 5633 reprehendere,
1012 5562 1104 5617 sed
1151 5571 1305 5633 grato
1358 5564 1539 5617 animo
1589 5579 1709 5632 quas
1752 5563 2004 5619 dicuntur

419 5657 666 5725 accipiat,
696 5657 1095 5727 admireturque
1118 5656 1313 5710 divina:
1345 5654 1635 5726 Scriptura;
1662 5657 1848 5710 miram
1877 5657 2002 5711 dili-

420 5750 674 5819 gentiam,
710 5758 765 5804 et
788 5750 1060 5821 expendat
1088 5759 1342 5819 quantum
1369 5749 1565 5803 malum
1595 5750 1664 5803 sit
1701 5759 1996 5819 peccatum.

421 5841 560 5898 Ecce
604 5842 746 5899 enim
792 5840 1010 5896 fratrem
1073 5840 1259 5897 eadem
1319 5851 1499 5897 natum
1555 5856 1814 5914 puerpera
1842 5885 1860 5914 ,
1909 5857 2001 5899 eo-

1516 401 1579 456 ῘΝ
1618 400 1771 461 CAP.
1813 399 1904 453 IX.
1946 397 2189 456 GENES.
2231 399 2460 455 HOMIL.
2502 400 2689 456 XXIX.

3589 402 3692 455 270

2114 513 2235 569 dem
2271 529 2543 584 egressum
2598 525 2768 580 utero,
2820 517 3216 586 Subingressum
3261 526 3533 587 peccatum
3588 535 3677 572 ser

2112 621 2232 659 vum
2266 605 2419 671 fecit,
2447 617 2503 662 et
2528 606 2702 660 ablata
2729 606 2994 671 libertate,
3029 608 3081 661 in
3110 608 3492 678 subjectionem
3546 608 3691 663 illum

2111 696 2317 751 induxit
2344 714 2357 752 :
2390 698 2529 753 unde
2555 707 2737 768 postea
2765 701 2994 753 servitus
3015 701 3238 767 sumpsit
3258 700 3542 768 originem.
3572 699 3679 754 Ne-

2108 804 2211 858 que
2237 790 2380 843 enim
2406 799 2561 845 antea
2609 790 2853 845 solebant
2883 791 2954 845 ita
2994 791 3228 846 molliter
3248 805 3425 861 agere,
3452 792 3690 847 deliciari

2107 890 2161 932 et
2202 879 2423 933 aliorum
2461 881 2767 936 ministeriis
2817 882 3072 952 indigere.
3109 882 3214 937 Sed
3238 883 3468 953 sibiipsis
3493 884 3691 954 quiquo
3744 874 3767 961 ἶ

2108 969 2501 1036 ministrabant,
2534 980 2751 1042 eratque
2778 989 2876 1043 par
2920 974 3157 1027 omnium
3210 973 3399 1039 honor,
3430 983 3485 1029 et
3513 974 3688 1028 ablata
3766 988 3769 999 ν

2105 1078 2137 1117 e
2162 1064 2338 1119 medio
2357 1072 2473 1119 erat
2491 1066 2663 1120 omnis
2690 1067 3053 1136 inmqualitas;
3079 1066 3167 1120 ubi
3204 1076 3382 1121 autem
3414 1077 3687 1136 peccatum
3770 1058 3775 1127 ξ

2108 1154 2343 1220 intravit,
2382 1155 2678 1211 libertatem
2711 1157 2956 1225 perdidit,
2989 1167 3044 1212 et
3090 1157 3399 1227 dignitatem
3428 1173 3459 1212 a
3491 1168 3682 1212 natura
3776 1156 3777 1159 “

2105 1244 2281 1299 datam
2309 1246 2665 1313 labefactavit,
2690 1248 3109 1319 servitutemque
3133 1248 3447 1316 introduxit,
3472 1258 3529 1303 ut
3556 1264 3686 1304 con-
3776 1242 3779 1247 ’

2104 1335 2246 1390 tinua
2274 1338 2345 1392 sit
2368 1337 2609 1393 doctrina
2647 1349 2700 1395 et
2729 1340 3019 1394 admonitio
3066 1340 3310 1395 humanae
3354 1350 3577 1405 naturae,
3629 1351 3687 1396 ut

2103 1426 2366 1498 fugiamus
2391 1431 2702 1486 servitutem
2728 1432 2949 1501 peccati,
2983 1443 3035 1487 et
3060 1433 3127 1486 ad
3155 1432 3362 1487 virtutis
3387 1432 3685 1487 libertatem

2103 1521 2405 1576 redeamus.
2433 1523 2585 1586 Quod
2617 1525 2758 1578 enim
2784 1540 2974 1581 servus
3000 1535 3054 1581 et
3078 1526 3326 1582 dominus
3368 1526 3492 1582 hinc
3516 1528 3687 1582 conti-

2104 1627 2282 1677 nuam,
2314 1614 2357 1667 si
2378 1615 2563 1680 velint,
2595 1615 2823 1671 habeant
2858 1618 3138 1672 utilitatem
3163 1660 3179 1686 ,
3211 1619 3463 1690 cogitent,
3498 1634 3686 1674 servus

2101 1702 2313 1771 quidem
2335 1703 2452 1759 ideo
2472 1705 2524 1759 in
2551 1707 2858 1761 servitutem
2885 1722 2943 1763 se
2972 1708 3264 1775 redactum,
3293 1710 3416 1780 quia
3435 1709 3601 1765 Cham
3632 1710 3683 1764 in

2102 1802 2298 1849 tantam
2328 1807 2644 1865 pervenerat
2675 1800 3023 1854 temeritatem
3058 1817 3072 1852 :
3103 1810 3157 1856 et
3181 1800 3428 1856 dominus
3472 1816 3684 1871 quoque

2100 1887 2314 1957 cogitet,
2339 1903 2443 1943 non
2476 1889 2692 1946 aliunde
2727 1892 3110 1960 subiectionem
3137 1901 3193 1948 et
3217 1894 3531 1949 servitutem
3558 1908 3675 1947 co:-

2099 1977 2260 2047 pisse,
2290 1996 2447 2051 quam
2479 1983 2620 2052 quod
2647 1984 2734 2039 ille
2764 1999 3071 2054 perversam
3104 1985 3405 2040 exhibuerit
3435 1985 3680 2039 volunta-

2101 2077 2229 2136 tem,
2260 2082 2317 2128 et
2339 2089 2369 2127 a
2400 2076 2512 2144 pari
2540 2076 2763 2131 fratrum
2795 2076 3053 2148 dignitate
3080 2078 3364 2134 exciderit.

2171 2164 2203 2217 7
2260 2164 2472 2230 Verum,
2504 2166 2549 2221 si
2579 2166 2746 2222 sobrii
2778 2182 2965 2223 sumus
3002 2177 3057 2224 et
3084 2168 3392 2238 prudentes,
3426 2168 3557 2223 nihil
3588 2183 3686 2223 nos

2099 2254 2372 2310 offendent
2401 2258 2513 2313 lucc
2534 2268 2751 2329 propter
2785 2269 2999 2330 peccata
3050 2270 3331 2331 parentum
3373 2270 3680 2316 nostrorum

2100 2348 2397 2405 introducta
2425 2349 2479 2406 in
2507 2350 2644 2406 hanc
2670 2352 2853 2419 vitam,
2879 2368 2999 2407 cum
3031 2368 3118 2407 res
3147 2354 3200 2408 in
3223 2353 3530 2408 nominibus
3554 2352 3684 2408 solis

2098 2450 2363 2497 versetur.
2386 2441 2517 2510 Quia
2541 2452 2596 2497 et
2622 2446 2825 2513 primus
2848 2460 3038 2514 parens
3063 2454 3283 2514 propter
3308 2444 3686 2515 transgressio-

2101 2547 2220 2586 nem
2245 2534 2431 2587 mortis
2451 2548 2660 2603 ptenam
2684 2536 2949 2605 vitamque
2969 2536 3020 2590 in
3049 2536 3317 2591 laboribus
3338 2536 3686 2591 maeroribus-

2098 2640 2204 2694 que
2232 2627 2651 2682 consumendam
2702 2627 2898 2692 intulit,
2930 2636 2984 2683 et
3005 2629 3090 2682 hic
3116 2628 3425 2682 servitutem
3460 2642 3685 2683 :verum

2098 2718 2476 2786 superveniens
2516 2718 2771 2773 Dominus
2810 2719 3053 2774 Christus
3079 2719 3192 2774 haec
3217 2719 3395 2773 omnia
3421 2733 3542 2774 esse
3566 2733 3686 2788 per-

2098 2810 2243 2864 misit
2261 2809 2325 2863 ad
2342 2810 2554 2864 nomina
2568 2826 2735 2881 usque
2757 2820 2983 2876 tantum,
3002 2810 3046 2866 si
3061 2811 3322 2865 volumus.
3343 2811 3525 2882 Neque
3540 2811 3682 2865 enim

2097 2917 2263 2967 mors,
2296 2916 2437 2956 mors
2460 2902 2595 2957 ultra
2617 2912 2718 2969 est,
2736 2901 2826 2957 sed
2859 2918 3051 2957 nomen
3069 2911 3275 2957 tantum
3294 2902 3452 2957 habet
3476 2900 3683 2968 mortis,

2098 2992 2208 3046 imo
2240 3000 2294 3047 et
2321 2993 2492 3062 ipsum
2524 3008 2718 3048 nomen
2749 2993 3013 3047 sublatum
3045 3001 3147 3048 est.
3179 2992 3311 3047 Nam
3340 3007 3513 3062 neque
3538 3006 3686 3047 mor-

2100 3090 2207 3136 tem
2237 3082 2405 3153 ipsam
2446 3084 2584 3138 ultra
2613 3082 2858 3149 dicimus,
2900 3082 2996 3138 sed
3035 3097 3284 3152 soporem
3333 3092 3387 3137 et
3416 3096 3684 3137 somnum.

2099 3174 2329 3230 Proinde
2354 3183 2409 3229 et
2453 3175 2697 3231 Christus
2744 3176 2859 3245 ipse
2902 3174 3117 3230 dicebat
3155 3191 3171 3228 :
3221 3174 3451 3229 Lazarus
3491 3174 3688 3228 amicus

2099 3278 2267 3321 noster
2293 3267 2477 3321 dormit
2502 3267 2678 3338 (Joan.
2720 3270 2805 3323 11.
2830 3268 2892 3323 11
2922 3268 2941 3337 )
2974 3285 2990 3322 :
3031 3277 3086 3322 et
3111 3266 3307 3322 Paulus
3337 3265 3685 3322 Thessaloni-

2099 3358 2347 3412 censibus
2390 3359 2629 3414 scribens
2654 3400 2669 3424 ,
2716 3358 2887 3427 inquit
2927 3376 2941 3412 :
2990 3356 3069 3412 De
3109 3357 3469 3412 dormientibus
3519 3367 3688 3411 autem

2100 3452 2217 3504 nolo
2246 3466 2331 3504 vos
2356 3452 2614 3521 ignorare,
2640 3452 2824 3521 fratres
2863 3452 2956 3521 (1.
2990 3450 3165 3505 Thess.
3202 3452 3256 3505 4.
3281 3449 3399 3520 12).
3429 3450 3496 3504 Et
3522 3449 3690 3505 servi-
3766 3480 3769 3483 -

2102 3548 2185 3595 tus
2213 3557 2423 3611 quoque
2448 3541 2694 3596 similiter
2720 3556 2912 3597 nomen
2938 3551 3020 3596 est
3047 3557 3060 3594 :
3092 3541 3184 3596 ille
3206 3541 3348 3595 enim
3371 3550 3453 3595 est
3477 3556 3684 3604 servus,

2099 3634 2186 3702 qui
2219 3643 2493 3702 peccatum
2514 3641 2786 3703 operatur.
2820 3632 2888 3687 Et
2908 3632 3049 3701 quod
3089 3635 3249 3687 etiam
3281 3632 3420 3686 hanc
3445 3632 3687 3687 abstuleo

2100 3723 2169 3776 rit
2195 3722 2427 3777 adventu
2456 3738 2557 3778 suo
2583 3722 2843 3785 Christus,
2877 3738 2976 3778 nec
3001 3723 3100 3777 nisi
3120 3738 3316 3778 nomen
3346 3737 3466 3777 esse
3492 3723 3690 3791 permi-

2101 3816 2250 3880 serit,
2278 3817 2387 3870 imo
2415 3826 2471 3871 et
2498 3816 2813 3872 vocabulum
2842 3817 3012 3887 ipsum
3051 3815 3341 3881 deleverit,
3385 3814 3508 3870 audi
3552 3814 3690 3868 Pau-

2102 3907 2211 3962 lum
2244 3907 2510 3963 dicentem
2544 3926 2559 3962 :
2593 3908 2694 3974 Qui
2714 3919 2880 3962 autem
2900 3909 3076 3975 ﬁdeles
3099 3908 3282 3962 habent
3308 3907 3561 3969 dominos,
3586 3922 3690 3959 non

2100 4008 2418 4053 contemnant
2438 4016 2542 4061 eos,
2564 4000 2683 4067 quia
2702 4000 2886 4070 fratres
2906 4009 3023 4053 sunt
3044 4000 3129 4070 (1.
3155 3998 3291 4054 Tim.
3322 3999 3375 4055 6.
3406 3999 3442 4053 2
3460 3999 3502 4069 ).
3524 3998 3689 4053 Vides

2100 4087 2367 4156 quomodo
2396 4089 2485 4143 ubi
2515 4090 2685 4144 virtus
2727 4090 3082 4154 subintravit,
3108 4104 3203 4145 eos
3247 4090 3299 4144 in
3341 4089 3691 4144 fraternitatis

2102 4194 2297 4234 nomen
2324 4180 2683 4250 congregavit,
2706 4181 2796 4250 qui
2820 4181 2970 4252 prius
2987 4182 3256 4237 servitutis
3285 4183 3503 4237 nomine
3531 4192 3689 4237 erant

2101 4272 2365 4327 obnoxii?
2390 4270 2460 4325 Et
2478 4273 2593 4339 erit,
2621 4272 2810 4341 inquit,
2858 4272 3107 4326 Chanaan
3136 4274 3273 4342 ﬁlius
3302 4290 3473 4327 servus
3508 4274 3689 4344 fratri-

2104 4366 2193 4417 bus
2214 4365 2337 4418 suis.
2364 4364 2573 4439 Abusus
2600 4379 2682 4429 es,
2710 4364 2897 4434 inquit,
2929 4363 3150 4429 honore,
3190 4379 3293 4418 non
3327 4365 3463 4420 bene
3494 4374 3545 4419 te
3570 4378 3689 4433 ges-

2104 4456 2239 4521 sisti,
2267 4470 2386 4510 cum
2412 4470 2505 4523 par
2532 4470 2679 4510 esses
2708 4454 3000 4526 dignitate;
3043 4464 3331 4526 propterea
3356 4455 3690 4523 subjectione

2104 4546 2375 4601 emendari
2422 4555 2476 4602 te
2514 4546 2659 4602 volo.
2690 4546 2804 4603 Hoc
2849 4547 2917 4603 ab
2946 4547 3097 4601 initio
3126 4556 3180 4601 et
3208 4547 3418 4601 mulieri
3447 4546 3687 4616 contigit.

2104 4641 2364 4708 Quoniam
2395 4641 2538 4695 enim
2584 4656 2683 4710 par
2725 4648 2842 4696 erat
2892 4640 3007 4695 viro
3058 4640 3336 4710 dignitate,
3378 4648 3433 4693 et
3486 4640 3692 4694 honore

2103 4734 2266 4787 abusa
2296 4740 2397 4799 est,
2422 4742 2710 4802 prapterea
2749 4732 2921 4786 ablata
2973 4740 3057 4787 est
3100 4732 3168 4787 ab
3206 4731 3292 4786 illa
3335 4741 3593 4802 potestas,
3636 4739 3692 4786 et

2104 4826 2303 4881 audivit
2337 4843 2351 4879 :
2393 4826 2475 4879 Ad
2534 4826 2699 4879 virum
2734 4835 2875 4879 tuum
2913 4825 3169 4880 conversio
3204 4835 3323 4888 tua;
3369 4832 3415 4876 et
3466 4824 3577 4893 ipse
3618 4827 3691 4875 tut

2106 4917 2447 4971 dominabitur
2484 4915 2637 4987 (Gen.
2682 4918 2735 4972 '5.
2798 4916 2923 4988 16).
2972 4916 3105 4983 Quia
3158 4915 3447 4981 nescivisti,
3498 4916 3688 4985 inquit,

2108 5010 2331 5079 imperio
2359 5019 2506 5065 recte
2531 5009 2625 5074 uti,
2660 5009 2808 5064 disce
2837 5009 3012 5078 potius
3031 5016 3178 5063 recte
3205 5008 3428 5077 imperio
3473 5006 3688 5077 subjici,

2106 5117 2264 5172 quam
2317 5103 2455 5157 male
2501 5102 2784 5171 imperare.
2833 5099 3062 5154 Proinde
3103 5099 3262 5153 etiam
3319 5098 3405 5153 hic
3442 5114 3583 5154 nunc
3625 5097 3690 5152 ad

2108 5195 2533 5249 emendationem
2577 5209 2787 5263 ptenatn
2840 5193 3052 5262 accipit,
3107 5201 3158 5248 et
3207 5208 3306 5263 per
3354 5191 3521 5246 ﬁlium
3580 5192 3693 5261 ipse

2107 5288 2411 5343 cruciatur:
2444 5298 2500 5341 ut
2536 5286 2730 5351 discas,
2769 5286 2870 5340 etsi
2926 5301 3090 5340 senex
3146 5296 3271 5340 tunc
3317 5297 3457 5339 esset
3490 5326 3505 5347 ,
3557 5294 3692 5338 atta-

2108 5396 2249 5440 men,
2296 5379 2419 5448 quia
2454 5393 2610 5447 pcena
2649 5378 2701 5431 in
2753 5377 2916 5431 filittm
2956 5377 3182 5441 transiit,
3234 5377 3284 5431 id
3322 5377 3420 5446 ipsi
3472 5375 3689 5429 luctuo-

2110 5488 2222 5526 sam
2244 5479 2298 5525 et
2327 5472 2598 5524 insuavem
2622 5469 2783 5523 vitam
2816 5468 3027 5532 fecisse,
3076 5468 3328 5537 cogitanti
3358 5468 3519 5522 etiam
3574 5481 3692 5533 p0St

2109 5579 2259 5617 suam
2305 5569 2531 5616 mortem
2586 5559 2751 5614 filium
2806 5574 3018 5631 poenam
3065 5560 3314 5613 luiturum
3368 5572 3506 5611 esse.
3559 5555 3691 5610 Nam

2110 5656 2248 5727 quod
2278 5654 2417 5709 filius
2452 5669 2546 5733 per
2574 5667 2632 5708 se
2677 5654 2868 5718 malus,
2907 5662 2961 5706 et
3006 5667 3192 5707 manes
3228 5652 3315 5721 qui
3355 5651 3423 5705 ab
3453 5650 3542 5704 illo
3583 5649 3692 5704 nati

2111 5750 2306 5803 fuerint
2335 5745 2739 5810 abominabiles,
2766 5754 2821 5800 et
2848 5744 2914 5800 ad
2941 5745 3136 5801 malum
3162 5757 3424 5813 propense
3449 5740 3690 5797 declina-

2111 5843 2236 5912 rint,
2264 5839 2386 5897 audi
2414 5840 2741 5910 Scripturam
2778 5837 3040 5895 dicentem
3081 5851 3176 5908 per
3201 5836 3417 5893 modum
3458 5831 3685 5915 maledi-
