  <div class='ocr_page' id='page_1' title='image "/cluster/home/n/w/nwhite01/storage/ocr_20150623/53/nnc1.0046978453/269.png"; bbox 0 0 4062 6396; ppageno 0'>
   <div class='ocr_carea' id='block_1_1' title="bbox 291 422 385 475">
    <p class='ocr_par' dir='ltr' id='par_1_1' title="bbox 291 422 385 475">
     <span class='ocr_line' id='line_1_1' title="bbox 291 422 385 475; baseline 0.011 -1"><span class='ocrx_word' id='word_1_1' title='bbox 291 422 385 475; x_wconf 63' lang='grc'><strong>⁵371</strong></span> 
     </span>
    </p>
   </div>
   <div class='ocr_carea' id='block_1_2' title="bbox 292 528 1870 602">
    <p class='ocr_par' dir='ltr' id='par_1_2' title="bbox 292 528 1870 602">
     <span class='ocr_line' id='line_1_2' title="bbox 292 528 1870 602; baseline 0.001 -23"><span class='ocrx_word' id='word_1_2' title='bbox 292 532 358 581; x_wconf 76' lang='lat' dir='ltr'><strong>t-ti</strong></span> <span class='ocrx_word' id='word_1_3' title='bbox 379 547 391 583; x_wconf 91' lang='lat'><strong>:</strong></span> <span class='ocrx_word' id='word_1_4' title='bbox 412 528 691 583; x_wconf 81' lang='lat' dir='ltr'><strong>Patertuus</strong></span> <span class='ocrx_word' id='word_1_5' title='bbox 718 528 1058 591; x_wconf 70' lang='lat' dir='ltr'><strong>Amorrhreus,</strong></span> <span class='ocrx_word' id='word_1_6' title='bbox 1074 540 1120 584; x_wconf 85' lang='lat' dir='ltr'><strong>et</strong></span> <span class='ocrx_word' id='word_1_7' title='bbox 1142 540 1301 585; x_wconf 90' lang='lat' dir='ltr'><strong>mater</strong></span> <span class='ocrx_word' id='word_1_8' title='bbox 1312 540 1399 583; x_wconf 90' lang='lat' dir='ltr'><strong>tua</strong></span> <span class='ocrx_word' id='word_1_9' title='bbox 1417 530 1636 584; x_wconf 75' lang='lat' dir='ltr'><strong>Chetta&#39;a</strong></span> <span class='ocrx_word' id='word_1_10' title='bbox 1659 528 1870 602; x_wconf 77' lang='lat' dir='ltr'><strong>(Ezech.</strong></span> 
     </span>
    </p>
   </div>
   <div class='ocr_carea' id='block_1_3' title="bbox 297 622 1870 688">
    <p class='ocr_par' dir='ltr' id='par_1_3' title="bbox 297 622 1870 688">
     <span class='ocr_line' id='line_1_3' title="bbox 297 622 1870 688; baseline -0.003 -11"><span class='ocrx_word' id='word_1_11' title='bbox 297 624 385 678; x_wconf 78' lang='grc'><strong>16.</strong></span> <span class='ocrx_word' id='word_1_12' title='bbox 410 624 446 679; x_wconf 75' lang='lat'><strong>5</strong></span> <span class='ocrx_word' id='word_1_13' title='bbox 466 623 507 685; x_wconf 86' lang='lat'><strong>).</strong></span> <span class='ocrx_word' id='word_1_14' title='bbox 540 623 605 678; x_wconf 84' lang='lat' dir='ltr'><strong>Et</strong></span> <span class='ocrx_word' id='word_1_15' title='bbox 634 623 768 677; x_wconf 91' lang='lat' dir='ltr'><strong>alius</strong></span> <span class='ocrx_word' id='word_1_16' title='bbox 798 623 1184 677; x_wconf 90' lang='lat' dir='ltr'><strong>contumeliose</strong></span> <span class='ocrx_word' id='word_1_17' title='bbox 1210 624 1359 688; x_wconf 99' lang='lat' dir='ltr'><strong>dicit,</strong></span> <span class='ocrx_word' id='word_1_18' title='bbox 1389 624 1575 677; x_wconf 84' lang='lat' dir='ltr'><strong>Semen</strong></span> <span class='ocrx_word' id='word_1_19' title='bbox 1601 622 1870 684; x_wconf 86' lang='lat' dir='ltr'><strong>Chanaan,</strong></span> 
     </span>
    </p>
   </div>
   <div class='ocr_carea' id='block_1_4' title="bbox 292 714 1873 784">
    <p class='ocr_par' dir='ltr' id='par_1_4' title="bbox 292 714 1873 784">
     <span class='ocr_line' id='line_1_4' title="bbox 292 714 1873 784; baseline 0.001 -17"><span class='ocrx_word' id='word_1_20' title='bbox 292 726 340 768; x_wconf 84' lang='lat' dir='ltr'><strong>et</strong></span> <span class='ocrx_word' id='word_1_21' title='bbox 392 732 493 769; x_wconf 87' lang='lat' dir='ltr'><strong>non</strong></span> <span class='ocrx_word' id='word_1_22' title='bbox 543 716 683 768; x_wconf 81' lang='lat' dir='ltr'><strong>Juda</strong></span> <span class='ocrx_word' id='word_1_23' title='bbox 730 714 890 783; x_wconf 86' lang='lat' dir='ltr'><strong>(Dan.</strong></span> <span class='ocrx_word' id='word_1_24' title='bbox 946 716 1032 768; x_wconf 80' lang='grc'><strong>15.</strong></span> <span class='ocrx_word' id='word_1_25' title='bbox 1066 715 1195 782; x_wconf 83' lang='grc'><strong>56).</strong></span> <span class='ocrx_word' id='word_1_26' title='bbox 1230 716 1395 769; x_wconf 82' lang='lat' dir='ltr'><strong>Porro</strong></span> <span class='ocrx_word' id='word_1_27' title='bbox 1421 730 1598 784; x_wconf 75' lang='lat' dir='ltr'><strong>operte</strong></span> <span class='ocrx_word' id='word_1_28' title='bbox 1645 716 1873 784; x_wconf 89' lang='lat' dir='ltr'><strong>pretium</strong></span> 
     </span>
    </p>
   </div>
   <div class='ocr_carea' id='block_1_5' title="bbox 295 806 1873 877">
    <p class='ocr_par' dir='ltr' id='par_1_5' title="bbox 295 806 1873 877">
     <span class='ocr_line' id='line_1_5' title="bbox 295 806 1873 877; baseline 0.002 -19"><span class='ocrx_word' id='word_1_29' title='bbox 295 806 454 859; x_wconf 88' lang='lat' dir='ltr'><strong>fuerit</strong></span> <span class='ocrx_word' id='word_1_30' title='bbox 479 806 661 859; x_wconf 89' lang='lat' dir='ltr'><strong>audire</strong></span> <span class='ocrx_word' id='word_1_31' title='bbox 692 822 833 859; x_wconf 88' lang='lat' dir='ltr'><strong>nunc</strong></span> <span class='ocrx_word' id='word_1_32' title='bbox 861 816 976 875; x_wconf 90' lang='lat' dir='ltr'><strong>post</strong></span> <span class='ocrx_word' id='word_1_33' title='bbox 1007 822 1243 875; x_wconf 72' lang='lat' dir='ltr'><strong>poenam,</strong></span> <span class='ocrx_word' id='word_1_34' title='bbox 1267 823 1425 877; x_wconf 90' lang='lat' dir='ltr'><strong>quam</strong></span> <span class='ocrx_word' id='word_1_35' title='bbox 1449 808 1656 877; x_wconf 90' lang='lat' dir='ltr'><strong>accepit</strong></span> <span class='ocrx_word' id='word_1_36' title='bbox 1699 809 1744 861; x_wconf 90' lang='lat' dir='ltr'><strong>is</strong></span> <span class='ocrx_word' id='word_1_37' title='bbox 1786 808 1873 877; x_wconf 90' lang='lat' dir='ltr'><strong>qui</strong></span> 
     </span>
    </p>
   </div>
   <div class='ocr_carea' id='block_1_6' title="bbox 293 894 1872 966">
    <p class='ocr_par' dir='ltr' id='par_1_6' title="bbox 293 894 1872 966">
     <span class='ocr_line' id='line_1_6' title="bbox 293 894 1872 966; baseline 0.002 -19"><span class='ocrx_word' id='word_1_38' title='bbox 293 894 582 950; x_wconf 77' lang='lat' dir='ltr'><strong>nuditatem</strong></span> <span class='ocrx_word' id='word_1_39' title='bbox 626 896 907 964; x_wconf 88' lang='lat' dir='ltr'><strong>evulgavit,</strong></span> <span class='ocrx_word' id='word_1_40' title='bbox 962 911 1082 965; x_wconf 68' lang='lat' dir='ltr'><strong>quse</strong></span> <span class='ocrx_word' id='word_1_41' title='bbox 1137 897 1351 965; x_wconf 64' lang='lat' dir='ltr'><strong>praemia</strong></span> <span class='ocrx_word' id='word_1_42' title='bbox 1397 897 1667 966; x_wconf 88' lang='lat' dir='ltr'><strong>assequuti</strong></span> <span class='ocrx_word' id='word_1_43' title='bbox 1699 897 1806 951; x_wconf 88' lang='lat' dir='ltr'><strong>sint</strong></span> <span class='ocrx_word' id='word_1_44' title='bbox 1838 897 1872 950; x_wconf 88' lang='lat' dir='ltr'><strong>ii</strong></span> 
     </span>
    </p>
   </div>
   <div class='ocr_carea' id='block_1_7' title="bbox 290 987 1875 1059">
    <p class='ocr_par' dir='ltr' id='par_1_7' title="bbox 290 987 1875 1059">
     <span class='ocr_line' id='line_1_7' title="bbox 290 987 1875 1059; baseline 0.004 -23"><span class='ocrx_word' id='word_1_45' title='bbox 290 987 379 1054; x_wconf 85' lang='lat' dir='ltr'><strong>qui</strong></span> <span class='ocrx_word' id='word_1_46' title='bbox 412 996 611 1041; x_wconf 88' lang='lat' dir='ltr'><strong>tantam</strong></span> <span class='ocrx_word' id='word_1_47' title='bbox 652 987 1001 1042; x_wconf 79' lang='lat' dir='ltr'><strong>reverentiam</strong></span> <span class='ocrx_word' id='word_1_48' title='bbox 1046 997 1101 1043; x_wconf 91' lang='lat' dir='ltr'><strong>et</strong></span> <span class='ocrx_word' id='word_1_49' title='bbox 1132 990 1387 1043; x_wconf 87' lang='lat' dir='ltr'><strong>honorem</strong></span> <span class='ocrx_word' id='word_1_50' title='bbox 1432 990 1566 1059; x_wconf 91' lang='lat' dir='ltr'><strong>patri</strong></span> <span class='ocrx_word' id='word_1_51' title='bbox 1614 989 1875 1043; x_wconf 79' lang='lat' dir='ltr'><strong>exhibue-</strong></span> 
     </span>
    </p>
   </div>
   <div class='ocr_carea' id='block_1_8' title="bbox 296 1078 1876 1150">
    <p class='ocr_par' dir='ltr' id='par_1_8' title="bbox 296 1078 1876 1150">
     <span class='ocr_line' id='line_1_8' title="bbox 296 1078 1876 1150; baseline 0.001 -17"><span class='ocrx_word' id='word_1_52' title='bbox 296 1091 437 1133; x_wconf 87' lang='lat' dir='ltr'><strong>runt.</strong></span> <span class='ocrx_word' id='word_1_53' title='bbox 466 1079 556 1134; x_wconf 72' lang='lat'><strong>26.</strong></span> <span class='ocrx_word' id='word_1_54' title='bbox 593 1078 657 1133; x_wconf 83' lang='lat' dir='ltr'><strong>Et</strong></span> <span class='ocrx_word' id='word_1_55' title='bbox 686 1082 836 1146; x_wconf 72' lang='lat' dir='ltr'><strong>dixit,</strong></span> <span class='ocrx_word' id='word_1_56' title='bbox 882 1081 1072 1150; x_wconf 90' lang='lat' dir='ltr'><strong>inquit,</strong></span> <span class='ocrx_word' id='word_1_57' title='bbox 1107 1081 1412 1135; x_wconf 78' lang='lat' dir='ltr'><strong>Benedictus</strong></span> <span class='ocrx_word' id='word_1_58' title='bbox 1448 1081 1695 1135; x_wconf 87' lang='lat' dir='ltr'><strong>Dominus</strong></span> <span class='ocrx_word' id='word_1_59' title='bbox 1739 1080 1876 1135; x_wconf 86' lang='lat' dir='ltr'><strong>Deus</strong></span> 
     </span>
    </p>
   </div>
   <div class='ocr_carea' id='block_1_9' title="bbox 294 1172 1878 1243">
    <p class='ocr_par' dir='ltr' id='par_1_9' title="bbox 294 1172 1878 1243">
     <span class='ocr_line' id='line_1_9' title="bbox 294 1172 1878 1243; baseline 0.001 -16"><span class='ocrx_word' id='word_1_60' title='bbox 294 1174 436 1238; x_wconf 77' lang='lat' dir='ltr'><strong>Sam,</strong></span> <span class='ocrx_word' id='word_1_61' title='bbox 456 1185 501 1228; x_wconf 84' lang='lat' dir='ltr'><strong>et</strong></span> <span class='ocrx_word' id='word_1_62' title='bbox 519 1174 611 1227; x_wconf 80' lang='lat' dir='ltr'><strong>erit</strong></span> <span class='ocrx_word' id='word_1_63' title='bbox 632 1172 879 1228; x_wconf 82' lang='lat' dir='ltr'><strong><em>Chanaan</em></strong></span> <span class='ocrx_word' id='word_1_64' title='bbox 901 1191 1071 1228; x_wconf 78' lang='lat' dir='ltr'><strong>servus</strong></span> <span class='ocrx_word' id='word_1_65' title='bbox 1091 1174 1249 1229; x_wconf 86' lang='lat' dir='ltr'><strong>illius.</strong></span> <span class='ocrx_word' id='word_1_66' title='bbox 1276 1175 1407 1239; x_wconf 89' lang='lat' dir='ltr'><strong>lloc,</strong></span> <span class='ocrx_word' id='word_1_67' title='bbox 1428 1174 1562 1229; x_wconf 88' lang='lat' dir='ltr'><strong>forte</strong></span> <span class='ocrx_word' id='word_1_68' title='bbox 1582 1174 1701 1243; x_wconf 87' lang='lat' dir='ltr'><strong>quis</strong></span> <span class='ocrx_word' id='word_1_69' title='bbox 1726 1173 1878 1228; x_wconf 79' lang='lat' dir='ltr'><strong>dixe-</strong></span> 
     </span>
    </p>
   </div>
   <div class='ocr_carea' id='block_1_10' title="bbox 294 1268 1876 1335">
    <p class='ocr_par' dir='ltr' id='par_1_10' title="bbox 294 1268 1876 1335">
     <span class='ocr_line' id='line_1_10' title="bbox 294 1268 1876 1335; baseline 0 -14"><span class='ocrx_word' id='word_1_70' title='bbox 294 1271 382 1335; x_wconf 85' lang='lat' dir='ltr'><strong>rit,</strong></span> <span class='ocrx_word' id='word_1_71' title='bbox 413 1285 516 1323; x_wconf 91' lang='lat' dir='ltr'><strong>non</strong></span> <span class='ocrx_word' id='word_1_72' title='bbox 543 1279 624 1323; x_wconf 90' lang='lat' dir='ltr'><strong>est</strong></span> <span class='ocrx_word' id='word_1_73' title='bbox 656 1270 972 1325; x_wconf 84' lang='lat' dir='ltr'><strong>benedicere</strong></span> <span class='ocrx_word' id='word_1_74' title='bbox 999 1269 1143 1325; x_wconf 81' lang='lat' dir='ltr'><strong>Seni.</strong></span> <span class='ocrx_word' id='word_1_75' title='bbox 1194 1270 1304 1323; x_wconf 92' lang='lat' dir='ltr'><strong>lmo</strong></span> <span class='ocrx_word' id='word_1_76' title='bbox 1329 1268 1485 1323; x_wconf 84' lang='lat' dir='ltr'><strong>valde</strong></span> <span class='ocrx_word' id='word_1_77' title='bbox 1514 1268 1782 1323; x_wconf 76' lang='lat' dir='ltr'><strong>benedixit</strong></span> <span class='ocrx_word' id='word_1_78' title='bbox 1808 1268 1876 1321; x_wconf 84' lang='lat' dir='ltr'><strong>il-</strong></span> 
     </span>
    </p>
   </div>
   <div class='ocr_carea' id='block_1_11' title="bbox 293 1360 1876 1431">
    <p class='ocr_par' dir='ltr' id='par_1_11' title="bbox 293 1360 1876 1431">
     <span class='ocr_line' id='line_1_11' title="bbox 293 1360 1876 1431; baseline -0.001 -16"><span class='ocrx_word' id='word_1_79' title='bbox 293 1362 422 1415; x_wconf 90' lang='lat' dir='ltr'><strong>lum.</strong></span> <span class='ocrx_word' id='word_1_80' title='bbox 452 1361 675 1429; x_wconf 91' lang='lat' dir='ltr'><strong>Quando</strong></span> <span class='ocrx_word' id='word_1_81' title='bbox 700 1362 843 1416; x_wconf 89' lang='lat' dir='ltr'><strong>enim</strong></span> <span class='ocrx_word' id='word_1_82' title='bbox 878 1363 1016 1417; x_wconf 87' lang='lat' dir='ltr'><strong>Deus</strong></span> <span class='ocrx_word' id='word_1_83' title='bbox 1045 1362 1375 1417; x_wconf 86' lang='lat' dir='ltr'><strong>benedicitur</strong></span> <span class='ocrx_word' id='word_1_84' title='bbox 1409 1403 1424 1426; x_wconf 92' lang='lat'><strong>,</strong></span> <span class='ocrx_word' id='word_1_85' title='bbox 1452 1371 1507 1415; x_wconf 88' lang='lat' dir='ltr'><strong>et</strong></span> <span class='ocrx_word' id='word_1_86' title='bbox 1533 1370 1761 1431; x_wconf 87' lang='lat' dir='ltr'><strong>aguntur</strong></span> <span class='ocrx_word' id='word_1_87' title='bbox 1802 1360 1876 1414; x_wconf 91' lang='lat' dir='ltr'><strong>illi</strong></span> 
     </span>
    </p>
   </div>
   <div class='ocr_carea' id='block_1_12' title="bbox 293 1450 1877 1518">
    <p class='ocr_par' dir='ltr' id='par_1_12' title="bbox 293 1450 1877 1518">
     <span class='ocr_line' id='line_1_12' title="bbox 293 1450 1877 1518; baseline 0.002 -15"><span class='ocrx_word' id='word_1_88' title='bbox 293 1452 477 1518; x_wconf 84' lang='lat' dir='ltr'><strong>gratiae</strong></span> <span class='ocrx_word' id='word_1_89' title='bbox 502 1452 571 1504; x_wconf 90' lang='lat' dir='ltr'><strong>ab</strong></span> <span class='ocrx_word' id='word_1_90' title='bbox 595 1450 921 1511; x_wconf 88' lang='lat' dir='ltr'><strong>hominibus.</strong></span> <span class='ocrx_word' id='word_1_91' title='bbox 954 1460 1078 1506; x_wconf 88' lang='lat' dir='ltr'><strong>tunc</strong></span> <span class='ocrx_word' id='word_1_92' title='bbox 1106 1451 1323 1506; x_wconf 89' lang='lat' dir='ltr'><strong>uberior</strong></span> <span class='ocrx_word' id='word_1_93' title='bbox 1365 1451 1433 1505; x_wconf 89' lang='lat' dir='ltr'><strong>ab</strong></span> <span class='ocrx_word' id='word_1_94' title='bbox 1461 1451 1556 1505; x_wconf 92' lang='lat' dir='ltr'><strong>illo</strong></span> <span class='ocrx_word' id='word_1_95' title='bbox 1581 1451 1720 1504; x_wconf 82' lang='lat' dir='ltr'><strong>solet</strong></span> <span class='ocrx_word' id='word_1_96' title='bbox 1761 1450 1877 1505; x_wconf 83' lang='lat' dir='ltr'><strong>istis</strong></span> 
     </span>
    </p>
   </div>
   <div class='ocr_carea' id='block_1_13' title="bbox 294 1542 1878 1613">
    <p class='ocr_par' dir='ltr' id='par_1_13' title="bbox 294 1542 1878 1613">
     <span class='ocr_line' id='line_1_13' title="bbox 294 1542 1878 1613; baseline 0.003 -20"><span class='ocrx_word' id='word_1_97' title='bbox 294 1542 595 1597; x_wconf 87' lang='lat' dir='ltr'><strong>benedictio</strong></span> <span class='ocrx_word' id='word_1_98' title='bbox 620 1543 754 1607; x_wconf 90' lang='lat' dir='ltr'><strong>dari,</strong></span> <span class='ocrx_word' id='word_1_99' title='bbox 789 1554 1005 1612; x_wconf 85' lang='lat' dir='ltr'><strong>propter</strong></span> <span class='ocrx_word' id='word_1_100' title='bbox 1029 1560 1162 1613; x_wconf 83' lang='lat' dir='ltr'><strong>quos</strong></span> <span class='ocrx_word' id='word_1_101' title='bbox 1186 1544 1296 1613; x_wconf 90' lang='lat' dir='ltr'><strong>ipse</strong></span> <span class='ocrx_word' id='word_1_102' title='bbox 1323 1544 1673 1597; x_wconf 90' lang='lat' dir='ltr'><strong>benedicitur.</strong></span> <span class='ocrx_word' id='word_1_103' title='bbox 1698 1542 1878 1611; x_wconf 81' lang='lat' dir='ltr'><strong>Itaque</strong></span> 
     </span>
    </p>
   </div>
   <div class='ocr_carea' id='block_1_14' title="bbox 295 1633 1876 1705">
    <p class='ocr_par' dir='ltr' id='par_1_14' title="bbox 295 1633 1876 1705">
     <span class='ocr_line' id='line_1_14' title="bbox 295 1633 1876 1705; baseline 0.001 -20"><span class='ocrx_word' id='word_1_104' title='bbox 295 1633 618 1689; x_wconf 83' lang='lat' dir='ltr'><strong>benedicens</strong></span> <span class='ocrx_word' id='word_1_105' title='bbox 666 1636 832 1689; x_wconf 89' lang='lat' dir='ltr'><strong>Deum</strong></span> <span class='ocrx_word' id='word_1_106' title='bbox 860 1636 1155 1691; x_wconf 82' lang='lat' dir='ltr'><strong>debitorem</strong></span> <span class='ocrx_word' id='word_1_107' title='bbox 1189 1636 1360 1705; x_wconf 84' lang='lat' dir='ltr'><strong>ipsum</strong></span> <span class='ocrx_word' id='word_1_108' title='bbox 1390 1635 1512 1689; x_wconf 88' lang='lat' dir='ltr'><strong>fecit</strong></span> <span class='ocrx_word' id='word_1_109' title='bbox 1535 1634 1752 1703; x_wconf 83' lang='lat' dir='ltr'><strong>majoris</strong></span> <span class='ocrx_word' id='word_1_110' title='bbox 1780 1633 1876 1687; x_wconf 86' lang='lat' dir='ltr'><strong>be-</strong></span> 
     </span>
    </p>
   </div>
   <div class='ocr_carea' id='block_1_15' title="bbox 297 1724 1871 1796">
    <p class='ocr_par' dir='ltr' id='par_1_15' title="bbox 297 1724 1871 1796">
     <span class='ocr_line' id='line_1_15' title="bbox 297 1724 1871 1796; baseline 0.001 -19"><span class='ocrx_word' id='word_1_111' title='bbox 297 1725 634 1791; x_wconf 89' lang='lat' dir='ltr'><strong>nedictionis,</strong></span> <span class='ocrx_word' id='word_1_112' title='bbox 668 1736 957 1796; x_wconf 82' lang='lat' dir='ltr'><strong>auctorque</strong></span> <span class='ocrx_word' id='word_1_113' title='bbox 975 1726 1071 1780; x_wconf 93' lang='lat' dir='ltr'><strong>fuit</strong></span> <span class='ocrx_word' id='word_1_114' title='bbox 1094 1724 1218 1781; x_wconf 89' lang='lat' dir='ltr'><strong>Sem</strong></span> <span class='ocrx_word' id='word_1_115' title='bbox 1242 1726 1460 1793; x_wconf 85' lang='lat' dir='ltr'><strong>majoris</strong></span> <span class='ocrx_word' id='word_1_116' title='bbox 1487 1725 1871 1787; x_wconf 84' lang='lat' dir='ltr'><strong>retributionis.</strong></span> 
     </span>
    </p>
   </div>
   <div class='ocr_carea' id='block_1_16' title="bbox 294 1815 1877 1887">
    <p class='ocr_par' dir='ltr' id='par_1_16' title="bbox 294 1815 1877 1887">
     <span class='ocr_line' id='line_1_16' title="bbox 294 1815 1877 1887; baseline 0.001 -20"><span class='ocrx_word' id='word_1_117' title='bbox 294 1830 453 1881; x_wconf 87' lang='lat' dir='ltr'><strong>quam</strong></span> <span class='ocrx_word' id='word_1_118' title='bbox 479 1816 521 1868; x_wconf 84' lang='lat' dir='ltr'><strong>si</strong></span> <span class='ocrx_word' id='word_1_119' title='bbox 565 1832 686 1870; x_wconf 90' lang='lat' dir='ltr'><strong>eum</strong></span> <span class='ocrx_word' id='word_1_120' title='bbox 722 1818 833 1887; x_wconf 86' lang='lat' dir='ltr'><strong>ipse</strong></span> <span class='ocrx_word' id='word_1_121' title='bbox 876 1833 967 1885; x_wconf 89' lang='lat' dir='ltr'><strong>per</strong></span> <span class='ocrx_word' id='word_1_122' title='bbox 1010 1832 1069 1871; x_wconf 88' lang='lat' dir='ltr'><strong>se</strong></span> <span class='ocrx_word' id='word_1_123' title='bbox 1116 1816 1508 1871; x_wconf 77' lang='lat' dir='ltr'><strong>benedixisset.</strong></span> <span class='ocrx_word' id='word_1_124' title='bbox 1540 1815 1687 1870; x_wconf 86' lang='lat' dir='ltr'><strong>Sicut</strong></span> <span class='ocrx_word' id='word_1_125' title='bbox 1735 1816 1877 1869; x_wconf 89' lang='lat' dir='ltr'><strong>enim</strong></span> 
     </span>
    </p>
   </div>
   <div class='ocr_carea' id='block_1_17' title="bbox 296 1906 1878 1977">
    <p class='ocr_par' dir='ltr' id='par_1_17' title="bbox 296 1906 1878 1977">
     <span class='ocr_line' id='line_1_17' title="bbox 296 1906 1878 1977; baseline 0.001 -19"><span class='ocrx_word' id='word_1_126' title='bbox 296 1906 510 1975; x_wconf 90' lang='lat' dir='ltr'><strong>quando</strong></span> <span class='ocrx_word' id='word_1_127' title='bbox 566 1907 895 1962; x_wconf 86' lang='lat' dir='ltr'><strong>benedicitur</strong></span> <span class='ocrx_word' id='word_1_128' title='bbox 943 1916 1160 1977; x_wconf 86' lang='lat' dir='ltr'><strong>propter</strong></span> <span class='ocrx_word' id='word_1_129' title='bbox 1202 1923 1318 1971; x_wconf 91' lang='lat' dir='ltr'><strong>nos,</strong></span> <span class='ocrx_word' id='word_1_130' title='bbox 1372 1907 1595 1960; x_wconf 89' lang='lat' dir='ltr'><strong>multum</strong></span> <span class='ocrx_word' id='word_1_131' title='bbox 1641 1906 1691 1960; x_wconf 92' lang='lat' dir='ltr'><strong>id</strong></span> <span class='ocrx_word' id='word_1_132' title='bbox 1725 1906 1878 1960; x_wconf 91' lang='lat' dir='ltr'><strong>nobis</strong></span> 
     </span>
    </p>
   </div>
   <div class='ocr_carea' id='block_1_18' title="bbox 295 1996 1880 2067">
    <p class='ocr_par' dir='ltr' id='par_1_18' title="bbox 295 1996 1880 2067">
     <span class='ocr_line' id='line_1_18' title="bbox 295 1996 1880 2067; baseline 0 -18"><span class='ocrx_word' id='word_1_133' title='bbox 295 1996 543 2050; x_wconf 84' lang='lat' dir='ltr'><strong>conciliat</strong></span> <span class='ocrx_word' id='word_1_134' title='bbox 584 1997 821 2052; x_wconf 78' lang='lat' dir='ltr'><strong>favoris:</strong></span> <span class='ocrx_word' id='word_1_135' title='bbox 869 1999 937 2052; x_wconf 88' lang='lat' dir='ltr'><strong>ita</strong></span> <span class='ocrx_word' id='word_1_136' title='bbox 979 2007 1032 2053; x_wconf 90' lang='lat' dir='ltr'><strong>et</strong></span> <span class='ocrx_word' id='word_1_137' title='bbox 1074 2007 1258 2052; x_wconf 89' lang='lat' dir='ltr'><strong>contra</strong></span> <span class='ocrx_word' id='word_1_138' title='bbox 1290 1997 1501 2067; x_wconf 82' lang='lat' dir='ltr'><strong>quando</strong></span> <span class='ocrx_word' id='word_1_139' title='bbox 1549 2008 1880 2067; x_wconf 86' lang='lat' dir='ltr'><strong>prepteruos</strong></span> 
     </span>
    </p>
   </div>
   <div class='ocr_carea' id='block_1_19' title="bbox 301 2088 1881 2160">
    <p class='ocr_par' dir='ltr' id='par_1_19' title="bbox 301 2088 1881 2160">
     <span class='ocr_line' id='line_1_19' title="bbox 301 2088 1881 2160; baseline -0.001 -18"><span class='ocrx_word' id='word_1_140' title='bbox 301 2090 388 2143; x_wconf 87' lang='lat' dir='ltr'><strong>alii</strong></span> <span class='ocrx_word' id='word_1_141' title='bbox 427 2090 573 2144; x_wconf 91' lang='lat' dir='ltr'><strong>illum</strong></span> <span class='ocrx_word' id='word_1_142' title='bbox 604 2091 998 2160; x_wconf 89' lang='lat' dir='ltr'><strong>blasphemant,</strong></span> <span class='ocrx_word' id='word_1_143' title='bbox 1028 2091 1197 2160; x_wconf 86' lang='lat' dir='ltr'><strong>major</strong></span> <span class='ocrx_word' id='word_1_144' title='bbox 1219 2090 1341 2145; x_wconf 86' lang='lat' dir='ltr'><strong>hinc</strong></span> <span class='ocrx_word' id='word_1_145' title='bbox 1383 2100 1562 2145; x_wconf 90' lang='lat' dir='ltr'><strong>nostra</strong></span> <span class='ocrx_word' id='word_1_146' title='bbox 1609 2088 1881 2143; x_wconf 84' lang='lat' dir='ltr'><strong>fitconde-</strong></span> 
     </span>
    </p>
   </div>
   <div class='ocr_carea' id='block_1_20' title="bbox 297 2179 1877 2251">
    <p class='ocr_par' dir='ltr' id='par_1_20' title="bbox 297 2179 1877 2251">
     <span class='ocr_line' id='line_1_20' title="bbox 297 2179 1877 2251; baseline 0.001 -19"><span class='ocrx_word' id='word_1_147' title='bbox 297 2183 519 2246; x_wconf 89' lang='lat' dir='ltr'><strong>mnatio,</strong></span> <span class='ocrx_word' id='word_1_148' title='bbox 552 2182 643 2251; x_wconf 86' lang='lat' dir='ltr'><strong>qui</strong></span> <span class='ocrx_word' id='word_1_149' title='bbox 669 2197 883 2235; x_wconf 78' lang='lat' dir='ltr'><strong>causam</strong></span> <span class='ocrx_word' id='word_1_150' title='bbox 910 2182 1172 2236; x_wconf 86' lang='lat' dir='ltr'><strong>dedimus.</strong></span> <span class='ocrx_word' id='word_1_151' title='bbox 1199 2182 1479 2247; x_wconf 88' lang='lat' dir='ltr'><strong>Quocirca,</strong></span> <span class='ocrx_word' id='word_1_152' title='bbox 1507 2181 1752 2245; x_wconf 88' lang='lat' dir='ltr'><strong>obsecro,</strong></span> <span class='ocrx_word' id='word_1_153' title='bbox 1780 2179 1877 2234; x_wconf 90' lang='lat' dir='ltr'><strong>dc-</strong></span> 
     </span>
    </p>
   </div>
   <div class='ocr_carea' id='block_1_21' title="bbox 296 2272 1878 2340">
    <p class='ocr_par' dir='ltr' id='par_1_21' title="bbox 296 2272 1878 2340">
     <span class='ocr_line' id='line_1_21' title="bbox 296 2272 1878 2340; baseline 0 -17"><span class='ocrx_word' id='word_1_154' title='bbox 296 2286 416 2325; x_wconf 85' lang='lat' dir='ltr'><strong>mus</strong></span> <span class='ocrx_word' id='word_1_155' title='bbox 442 2286 681 2340; x_wconf 84' lang='lat' dir='ltr'><strong>Operam,</strong></span> <span class='ocrx_word' id='word_1_156' title='bbox 713 2283 768 2327; x_wconf 92' lang='lat' dir='ltr'><strong>ut</strong></span> <span class='ocrx_word' id='word_1_157' title='bbox 797 2274 865 2327; x_wconf 87' lang='lat' dir='ltr'><strong>ita</strong></span> <span class='ocrx_word' id='word_1_158' title='bbox 892 2275 1136 2327; x_wconf 81' lang='lat' dir='ltr'><strong>vivamus</strong></span> <span class='ocrx_word' id='word_1_159' title='bbox 1157 2314 1172 2338; x_wconf 94' lang='lat'><strong>,</strong></span> <span class='ocrx_word' id='word_1_160' title='bbox 1204 2283 1256 2326; x_wconf 91' lang='lat' dir='ltr'><strong>et</strong></span> <span class='ocrx_word' id='word_1_161' title='bbox 1286 2282 1443 2326; x_wconf 60' lang='lat' dir='ltr'><strong>tantm</strong></span> <span class='ocrx_word' id='word_1_162' title='bbox 1466 2272 1675 2325; x_wconf 87' lang='lat' dir='ltr'><strong>virtutis</strong></span> <span class='ocrx_word' id='word_1_163' title='bbox 1704 2273 1878 2339; x_wconf 81' lang='lat' dir='ltr'><strong>speci-</strong></span> 
     </span>
    </p>
   </div>
   <div class='ocr_carea' id='block_1_22' title="bbox 298 2362 1880 2433">
    <p class='ocr_par' dir='ltr' id='par_1_22' title="bbox 298 2362 1880 2433">
     <span class='ocr_line' id='line_1_22' title="bbox 298 2362 1880 2433; baseline -0.001 -18"><span class='ocrx_word' id='word_1_164' title='bbox 298 2378 418 2418; x_wconf 88' lang='lat' dir='ltr'><strong>men</strong></span> <span class='ocrx_word' id='word_1_165' title='bbox 440 2364 806 2427; x_wconf 81' lang='lat' dir='ltr'><strong>exhibcamus,</strong></span> <span class='ocrx_word' id='word_1_166' title='bbox 841 2374 898 2419; x_wconf 90' lang='lat' dir='ltr'><strong>ut</strong></span> <span class='ocrx_word' id='word_1_167' title='bbox 918 2380 1124 2430; x_wconf 87' lang='lat' dir='ltr'><strong>omnes,</strong></span> <span class='ocrx_word' id='word_1_168' title='bbox 1157 2364 1244 2433; x_wconf 93' lang='lat' dir='ltr'><strong>qui</strong></span> <span class='ocrx_word' id='word_1_169' title='bbox 1269 2378 1365 2417; x_wconf 91' lang='lat' dir='ltr'><strong>nos</strong></span> <span class='ocrx_word' id='word_1_170' title='bbox 1390 2363 1635 2427; x_wconf 86' lang='lat' dir='ltr'><strong>viderint,</strong></span> <span class='ocrx_word' id='word_1_171' title='bbox 1662 2362 1880 2416; x_wconf 89' lang='lat' dir='ltr'><strong>benedi-</strong></span> 
     </span>
    </p>
   </div>
   <div class='ocr_carea' id='block_1_23' title="bbox 296 2451 1881 2522">
    <p class='ocr_par' dir='ltr' id='par_1_23' title="bbox 296 2451 1881 2522">
     <span class='ocr_line' id='line_1_23' title="bbox 296 2451 1881 2522; baseline -0.003 -14"><span class='ocrx_word' id='word_1_172' title='bbox 296 2454 502 2509; x_wconf 87' lang='lat' dir='ltr'><strong>ctiones</strong></span> <span class='ocrx_word' id='word_1_173' title='bbox 532 2456 702 2509; x_wconf 88' lang='lat' dir='ltr'><strong>laudis</strong></span> <span class='ocrx_word' id='word_1_174' title='bbox 736 2456 962 2509; x_wconf 73' lang='lat' dir='ltr'><strong>offerant</strong></span> <span class='ocrx_word' id='word_1_175' title='bbox 992 2456 1219 2508; x_wconf 89' lang='lat' dir='ltr'><strong>Domino</strong></span> <span class='ocrx_word' id='word_1_176' title='bbox 1252 2455 1377 2507; x_wconf 88' lang='lat' dir='ltr'><strong>Deo.</strong></span> <span class='ocrx_word' id='word_1_177' title='bbox 1411 2453 1540 2505; x_wconf 86' lang='lat' dir='ltr'><strong>Nam</strong></span> <span class='ocrx_word' id='word_1_178' title='bbox 1565 2453 1687 2522; x_wconf 87' lang='lat' dir='ltr'><strong>quia</strong></span> <span class='ocrx_word' id='word_1_179' title='bbox 1711 2451 1881 2505; x_wconf 89' lang='lat' dir='ltr'><strong>bonus</strong></span> 
     </span>
    </p>
   </div>
   <div class='ocr_carea' id='block_1_24' title="bbox 300 2542 1879 2617">
    <p class='ocr_par' dir='ltr' id='par_1_24' title="bbox 300 2542 1879 2617">
     <span class='ocr_line' id='line_1_24' title="bbox 300 2542 1879 2617; baseline -0.004 -16"><span class='ocrx_word' id='word_1_180' title='bbox 300 2557 354 2601; x_wconf 89' lang='lat' dir='ltr'><strong>et</strong></span> <span class='ocrx_word' id='word_1_181' title='bbox 376 2547 633 2617; x_wconf 76' lang='lat' dir='ltr'><strong>benignus</strong></span> <span class='ocrx_word' id='word_1_182' title='bbox 655 2556 755 2612; x_wconf 90' lang='lat' dir='ltr'><strong>est,</strong></span> <span class='ocrx_word' id='word_1_183' title='bbox 789 2564 881 2617; x_wconf 89' lang='lat' dir='ltr'><strong>per</strong></span> <span class='ocrx_word' id='word_1_184' title='bbox 909 2562 1006 2601; x_wconf 91' lang='lat' dir='ltr'><strong>nos</strong></span> <span class='ocrx_word' id='word_1_185' title='bbox 1032 2547 1141 2601; x_wconf 82' lang='lat' dir='ltr'><strong>vult</strong></span> <span class='ocrx_word' id='word_1_186' title='bbox 1167 2547 1328 2616; x_wconf 80' lang='lat' dir='ltr'><strong>gloria</strong></span> <span class='ocrx_word' id='word_1_187' title='bbox 1360 2544 1498 2598; x_wconf 84' lang='lat' dir='ltr'><strong>affici</strong></span> <span class='ocrx_word' id='word_1_188' title='bbox 1552 2560 1565 2598; x_wconf 97' lang='lat'><strong>:</strong></span> <span class='ocrx_word' id='word_1_189' title='bbox 1608 2560 1711 2598; x_wconf 91' lang='lat' dir='ltr'><strong>non</strong></span> <span class='ocrx_word' id='word_1_190' title='bbox 1737 2542 1879 2611; x_wconf 91' lang='lat' dir='ltr'><strong>quod</strong></span> 
     </span>
    </p>
   </div>
   <div class='ocr_carea' id='block_1_25' title="bbox 298 2634 1880 2709">
    <p class='ocr_par' dir='ltr' id='par_1_25' title="bbox 298 2634 1880 2709">
     <span class='ocr_line' id='line_1_25' title="bbox 298 2634 1880 2709; baseline -0.004 -16"><span class='ocrx_word' id='word_1_191' title='bbox 298 2638 398 2709; x_wconf 89' lang='lat' dir='ltr'><strong>ipsi</strong></span> <span class='ocrx_word' id='word_1_192' title='bbox 425 2639 620 2709; x_wconf 91' lang='lat' dir='ltr'><strong>aliquid</strong></span> <span class='ocrx_word' id='word_1_193' title='bbox 647 2640 713 2694; x_wconf 93' lang='lat' dir='ltr'><strong>ad</strong></span> <span class='ocrx_word' id='word_1_194' title='bbox 742 2654 891 2693; x_wconf 86' lang='lat' dir='ltr'><strong>suam</strong></span> <span class='ocrx_word' id='word_1_195' title='bbox 937 2639 1160 2709; x_wconf 78' lang='lat' dir='ltr'><strong>gloriam</strong></span> <span class='ocrx_word' id='word_1_196' title='bbox 1203 2636 1457 2694; x_wconf 83' lang='lat' dir='ltr'><strong>accedat:</strong></span> <span class='ocrx_word' id='word_1_197' title='bbox 1506 2635 1701 2689; x_wconf 89' lang='lat' dir='ltr'><strong>nullius</strong></span> <span class='ocrx_word' id='word_1_198' title='bbox 1736 2634 1880 2687; x_wconf 89' lang='lat' dir='ltr'><strong>enim</strong></span> 
     </span>
    </p>
   </div>
   <div class='ocr_carea' id='block_1_26' title="bbox 299 2726 1883 2802">
    <p class='ocr_par' dir='ltr' id='par_1_26' title="bbox 299 2726 1883 2802">
     <span class='ocr_line' id='line_1_26' title="bbox 299 2726 1883 2802; baseline -0.005 -17"><span class='ocrx_word' id='word_1_199' title='bbox 299 2730 509 2802; x_wconf 79' lang='lat' dir='ltr'><strong>indigus</strong></span> <span class='ocrx_word' id='word_1_200' title='bbox 537 2741 653 2793; x_wconf 89' lang='lat' dir='ltr'><strong>est;</strong></span> <span class='ocrx_word' id='word_1_201' title='bbox 701 2732 795 2786; x_wconf 88' lang='lat' dir='ltr'><strong>sed</strong></span> <span class='ocrx_word' id='word_1_202' title='bbox 843 2739 901 2785; x_wconf 91' lang='lat' dir='ltr'><strong>ut</strong></span> <span class='ocrx_word' id='word_1_203' title='bbox 929 2731 1238 2785; x_wconf 84' lang='lat' dir='ltr'><strong>occasiones</strong></span> <span class='ocrx_word' id='word_1_204' title='bbox 1282 2729 1381 2798; x_wconf 86' lang='lat' dir='ltr'><strong>ipsi</strong></span> <span class='ocrx_word' id='word_1_205' title='bbox 1413 2726 1767 2798; x_wconf 64' lang='lat' dir='ltr'><strong>praebeamus,</strong></span> <span class='ocrx_word' id='word_1_206' title='bbox 1823 2732 1883 2778; x_wconf 91' lang='lat' dir='ltr'><strong>ut</strong></span> 
     </span>
    </p>
   </div>
   <div class='ocr_carea' id='block_1_27' title="bbox 297 2814 1881 2893">
    <p class='ocr_par' dir='ltr' id='par_1_27' title="bbox 297 2814 1881 2893">
     <span class='ocr_line' id='line_1_27' title="bbox 297 2814 1881 2893; baseline -0.005 -17"><span class='ocrx_word' id='word_1_207' title='bbox 297 2822 485 2893; x_wconf 86' lang='lat' dir='ltr'><strong>maiori</strong></span> <span class='ocrx_word' id='word_1_208' title='bbox 516 2837 613 2877; x_wconf 90' lang='lat' dir='ltr'><strong>nos</strong></span> <span class='ocrx_word' id='word_1_209' title='bbox 635 2822 1006 2877; x_wconf 86' lang='lat' dir='ltr'><strong>benevolentia</strong></span> <span class='ocrx_word' id='word_1_210' title='bbox 1050 2828 1418 2890; x_wconf 81' lang='lat' dir='ltr'><strong>prosequatur.</strong></span> <span class='ocrx_word' id='word_1_211' title='bbox 1446 2816 1746 2871; x_wconf 72' lang='lat' dir='ltr'><strong>Benedictus</strong></span> <span class='ocrx_word' id='word_1_212' title='bbox 1775 2814 1881 2868; x_wconf 86' lang='lat' dir='ltr'><strong>Do-</strong></span> 
     </span>
    </p>
   </div>
   <div class='ocr_carea' id='block_1_28' title="bbox 299 2908 1884 2981">
    <p class='ocr_par' dir='ltr' id='par_1_28' title="bbox 299 2908 1884 2981">
     <span class='ocr_line' id='line_1_28' title="bbox 299 2908 1884 2981; baseline -0.008 -10"><span class='ocrx_word' id='word_1_213' title='bbox 299 2917 465 2971; x_wconf 76' lang='lat' dir='ltr'><strong>minus</strong></span> <span class='ocrx_word' id='word_1_214' title='bbox 504 2915 645 2981; x_wconf 90' lang='lat' dir='ltr'><strong>Sem,</strong></span> <span class='ocrx_word' id='word_1_215' title='bbox 672 2924 719 2969; x_wconf 89' lang='lat' dir='ltr'><strong>et</strong></span> <span class='ocrx_word' id='word_1_216' title='bbox 763 2916 853 2970; x_wconf 79' lang='lat' dir='ltr'><strong>erit</strong></span> <span class='ocrx_word' id='word_1_217' title='bbox 879 2913 1124 2968; x_wconf 81' lang='lat' dir='ltr'><strong>Chanaan</strong></span> <span class='ocrx_word' id='word_1_218' title='bbox 1151 2927 1320 2967; x_wconf 80' lang='lat' dir='ltr'><strong>seruus</strong></span> <span class='ocrx_word' id='word_1_219' title='bbox 1372 2910 1532 2965; x_wconf 79' lang='lat' dir='ltr'><strong>illius.</strong></span> <span class='ocrx_word' id='word_1_220' title='bbox 1563 2908 1723 2962; x_wconf 83' lang='lat' dir='ltr'><strong>Vides</strong></span> <span class='ocrx_word' id='word_1_221' title='bbox 1746 2921 1884 2978; x_wconf 89' lang='lat' dir='ltr'><strong>quo-</strong></span> 
     </span>
    </p>
   </div>
   <div class='ocr_carea' id='block_1_29' title="bbox 301 3000 1883 3078">
    <p class='ocr_par' dir='ltr' id='par_1_29' title="bbox 301 3000 1883 3078">
     <span class='ocr_line' id='line_1_29' title="bbox 301 3000 1883 3078; baseline -0.007 -14"><span class='ocrx_word' id='word_1_222' title='bbox 301 3010 462 3065; x_wconf 89' lang='lat' dir='ltr'><strong>modo</strong></span> <span class='ocrx_word' id='word_1_223' title='bbox 493 3019 767 3078; x_wconf 87' lang='lat' dir='ltr'><strong>paternam</strong></span> <span class='ocrx_word' id='word_1_224' title='bbox 787 3022 999 3078; x_wconf 66' lang='lat' dir='ltr'><strong>pinnam</strong></span> <span class='ocrx_word' id='word_1_225' title='bbox 1032 3006 1251 3077; x_wconf 85' lang='lat' dir='ltr'><strong>profert,</strong></span> <span class='ocrx_word' id='word_1_226' title='bbox 1281 3019 1399 3074; x_wconf 48' lang='lat' dir='ltr'><strong>quat</strong></span> <span class='ocrx_word' id='word_1_227' title='bbox 1429 3012 1607 3057; x_wconf 89' lang='lat' dir='ltr'><strong>tamen</strong></span> <span class='ocrx_word' id='word_1_228' title='bbox 1633 3000 1883 3055; x_wconf 88' lang='lat' dir='ltr'><strong>emenda-</strong></span> 
     </span>
    </p>
   </div>
   <div class='ocr_carea' id='block_1_30' title="bbox 303 3094 1885 3171">
    <p class='ocr_par' dir='ltr' id='par_1_30' title="bbox 303 3094 1885 3171">
     <span class='ocr_line' id='line_1_30' title="bbox 303 3094 1885 3171; baseline -0.005 -17"><span class='ocrx_word' id='word_1_229' title='bbox 303 3103 379 3157; x_wconf 84' lang='lat' dir='ltr'><strong>tio</strong></span> <span class='ocrx_word' id='word_1_230' title='bbox 422 3103 599 3171; x_wconf 87' lang='lat' dir='ltr'><strong>potius</strong></span> <span class='ocrx_word' id='word_1_231' title='bbox 637 3110 778 3165; x_wconf 87' lang='lat' dir='ltr'><strong>erat,</strong></span> <span class='ocrx_word' id='word_1_232' title='bbox 821 3113 982 3169; x_wconf 87' lang='lat' dir='ltr'><strong>quam</strong></span> <span class='ocrx_word' id='word_1_233' title='bbox 1039 3098 1239 3167; x_wconf 68' lang='lat' dir='ltr'><strong>penna?</strong></span> <span class='ocrx_word' id='word_1_234' title='bbox 1276 3095 1433 3150; x_wconf 84' lang='lat' dir='ltr'><strong>Pater</strong></span> <span class='ocrx_word' id='word_1_235' title='bbox 1472 3094 1612 3149; x_wconf 88' lang='lat' dir='ltr'><strong>enim</strong></span> <span class='ocrx_word' id='word_1_236' title='bbox 1658 3101 1793 3157; x_wconf 88' lang='lat' dir='ltr'><strong>erat,</strong></span> <span class='ocrx_word' id='word_1_237' title='bbox 1831 3100 1885 3146; x_wconf 88' lang='lat' dir='ltr'><strong>et</strong></span> 
     </span>
    </p>
   </div>
   <div class='ocr_carea' id='block_1_31' title="bbox 302 3184 1885 3260">
    <p class='ocr_par' dir='ltr' id='par_1_31' title="bbox 302 3184 1885 3260">
     <span class='ocr_line' id='line_1_31' title="bbox 302 3184 1885 3260; baseline -0.006 -13"><span class='ocrx_word' id='word_1_238' title='bbox 302 3193 697 3249; x_wconf 85' lang='lat' dir='ltr'><strong>amantissimus</strong></span> <span class='ocrx_word' id='word_1_239' title='bbox 751 3199 922 3260; x_wconf 89' lang='lat' dir='ltr'><strong>pater,</strong></span> <span class='ocrx_word' id='word_1_240' title='bbox 974 3203 1145 3258; x_wconf 88' lang='lat' dir='ltr'><strong>neque</strong></span> <span class='ocrx_word' id='word_1_241' title='bbox 1187 3187 1383 3256; x_wconf 85' lang='lat' dir='ltr'><strong>justam</strong></span> <span class='ocrx_word' id='word_1_242' title='bbox 1433 3200 1645 3255; x_wconf 57' lang='lat' dir='ltr'><strong>pennam</strong></span> <span class='ocrx_word' id='word_1_243' title='bbox 1677 3184 1885 3239; x_wconf 76' lang='lat' dir='ltr'><strong>volebat</strong></span> 
     </span>
    </p>
   </div>
   <div class='ocr_carea' id='block_1_32' title="bbox 304 3278 1880 3348">
    <p class='ocr_par' dir='ltr' id='par_1_32' title="bbox 304 3278 1880 3348">
     <span class='ocr_line' id='line_1_32' title="bbox 304 3278 1880 3348; baseline -0.008 -7"><span class='ocrx_word' id='word_1_244' title='bbox 304 3285 577 3348; x_wconf 87' lang='lat' dir='ltr'><strong>inducere,</strong></span> <span class='ocrx_word' id='word_1_245' title='bbox 607 3285 699 3339; x_wconf 84' lang='lat' dir='ltr'><strong>sed</strong></span> <span class='ocrx_word' id='word_1_246' title='bbox 726 3284 797 3338; x_wconf 86' lang='lat' dir='ltr'><strong>ita</strong></span> <span class='ocrx_word' id='word_1_247' title='bbox 843 3291 900 3337; x_wconf 93' lang='lat' dir='ltr'><strong>ut</strong></span> <span class='ocrx_word' id='word_1_248' title='bbox 925 3282 1232 3336; x_wconf 83' lang='lat' dir='ltr'><strong>ulteriorem</strong></span> <span class='ocrx_word' id='word_1_249' title='bbox 1264 3279 1519 3333; x_wconf 87' lang='lat' dir='ltr'><strong>malitiam</strong></span> <span class='ocrx_word' id='word_1_250' title='bbox 1548 3278 1880 3346; x_wconf 88' lang='lat' dir='ltr'><strong>reprimeret.</strong></span> 
     </span>
    </p>
   </div>
   <div class='ocr_carea' id='block_1_33' title="bbox 306 3368 1885 3442">
    <p class='ocr_par' dir='ltr' id='par_1_33' title="bbox 306 3368 1885 3442">
     <span class='ocr_line' id='line_1_33' title="bbox 306 3368 1885 3442; baseline -0.006 -12"><span class='ocrx_word' id='word_1_251' title='bbox 306 3377 450 3442; x_wconf 79' lang='lat' dir='ltr'><strong>ideo,</strong></span> <span class='ocrx_word' id='word_1_252' title='bbox 481 3376 574 3442; x_wconf 88' lang='lat' dir='ltr'><strong>ait,</strong></span> <span class='ocrx_word' id='word_1_253' title='bbox 606 3375 672 3429; x_wconf 87' lang='lat' dir='ltr'><strong>ad</strong></span> <span class='ocrx_word' id='word_1_254' title='bbox 725 3373 1031 3429; x_wconf 81' lang='lat' dir='ltr'><strong>servitutem</strong></span> <span class='ocrx_word' id='word_1_255' title='bbox 1061 3381 1113 3426; x_wconf 88' lang='lat' dir='ltr'><strong>te</strong></span> <span class='ocrx_word' id='word_1_256' title='bbox 1155 3370 1475 3435; x_wconf 86' lang='lat' dir='ltr'><strong>condemno,</strong></span> <span class='ocrx_word' id='word_1_257' title='bbox 1521 3378 1579 3423; x_wconf 95' lang='lat' dir='ltr'><strong>ut</strong></span> <span class='ocrx_word' id='word_1_258' title='bbox 1620 3368 1800 3437; x_wconf 87' lang='lat' dir='ltr'><strong>jugem</strong></span> <span class='ocrx_word' id='word_1_259' title='bbox 1830 3376 1885 3421; x_wconf 87' lang='lat' dir='ltr'><strong>et</strong></span> 
     </span>
    </p>
   </div>
   <div class='ocr_carea' id='block_1_34' title="bbox 305 3458 1883 3524">
    <p class='ocr_par' dir='ltr' id='par_1_34' title="bbox 305 3458 1883 3524">
     <span class='ocr_line' id='line_1_34' title="bbox 305 3458 1883 3524; baseline -0.007 -1"><span class='ocrx_word' id='word_1_260' title='bbox 305 3469 644 3524; x_wconf 88' lang='lat' dir='ltr'><strong>indelebilem</strong></span> <span class='ocrx_word' id='word_1_261' title='bbox 683 3466 882 3522; x_wconf 88' lang='lat' dir='ltr'><strong>habeas</strong></span> <span class='ocrx_word' id='word_1_262' title='bbox 928 3465 1049 3520; x_wconf 88' lang='lat' dir='ltr'><strong>facti</strong></span> <span class='ocrx_word' id='word_1_263' title='bbox 1088 3462 1422 3519; x_wconf 82' lang='lat' dir='ltr'><strong>memoriam.</strong></span> <span class='ocrx_word' id='word_1_264' title='bbox 1479 3461 1666 3515; x_wconf 85' lang='lat' dir='ltr'><strong>Postea</strong></span> <span class='ocrx_word' id='word_1_265' title='bbox 1696 3458 1824 3514; x_wconf 92' lang='lat' dir='ltr'><strong>dicit</strong></span> <span class='ocrx_word' id='word_1_266' title='bbox 1865 3474 1883 3512; x_wconf 86' lang='lat'><strong>:</strong></span> 
     </span>
    </p>
   </div>
   <div class='ocr_carea' id='block_1_35' title="bbox 303 3550 1885 3623">
    <p class='ocr_par' dir='ltr' id='par_1_35' title="bbox 303 3550 1885 3623">
     <span class='ocr_line' id='line_1_35' title="bbox 303 3550 1885 3623; baseline -0.006 -9"><span class='ocrx_word' id='word_1_267' title='bbox 303 3560 395 3614; x_wconf 71' lang='grc'><strong>27.</strong></span> <span class='ocrx_word' id='word_1_268' title='bbox 441 3557 629 3613; x_wconf 86' lang='lat' dir='ltr'><strong>Dilatet</strong></span> <span class='ocrx_word' id='word_1_269' title='bbox 655 3557 791 3612; x_wconf 87' lang='lat' dir='ltr'><strong>Deus</strong></span> <span class='ocrx_word' id='word_1_270' title='bbox 816 3555 1062 3623; x_wconf 78' lang='lat' dir='ltr'><strong>Japheth,</strong></span> <span class='ocrx_word' id='word_1_271' title='bbox 1112 3564 1160 3609; x_wconf 87' lang='lat' dir='ltr'><strong>et</strong></span> <span class='ocrx_word' id='word_1_272' title='bbox 1206 3553 1389 3608; x_wconf 84' lang='lat' dir='ltr'><strong>habitet</strong></span> <span class='ocrx_word' id='word_1_273' title='bbox 1449 3553 1501 3605; x_wconf 85' lang='lat' dir='ltr'><strong>in</strong></span> <span class='ocrx_word' id='word_1_274' title='bbox 1550 3550 1885 3605; x_wconf 81' lang='lat' dir='ltr'><strong>tabernaculis</strong></span> 
     </span>
    </p>
   </div>
   <div class='ocr_carea' id='block_1_36' title="bbox 306 3643 1887 3718">
    <p class='ocr_par' dir='ltr' id='par_1_36' title="bbox 306 3643 1887 3718">
     <span class='ocr_line' id='line_1_36' title="bbox 306 3643 1887 3718; baseline -0.006 -13"><span class='ocrx_word' id='word_1_275' title='bbox 306 3650 445 3715; x_wconf 82' lang='lat' dir='ltr'><strong>Sem,</strong></span> <span class='ocrx_word' id='word_1_276' title='bbox 478 3658 523 3703; x_wconf 88' lang='lat' dir='ltr'><strong>et</strong></span> <span class='ocrx_word' id='word_1_277' title='bbox 550 3649 639 3718; x_wconf 85' lang='lat' dir='ltr'><strong>ﬁat</strong></span> <span class='ocrx_word' id='word_1_278' title='bbox 661 3646 903 3703; x_wconf 79' lang='lat' dir='ltr'><strong>Chanaan</strong></span> <span class='ocrx_word' id='word_1_279' title='bbox 925 3662 1095 3700; x_wconf 74' lang='lat' dir='ltr'><strong>servus</strong></span> <span class='ocrx_word' id='word_1_280' title='bbox 1119 3646 1275 3699; x_wconf 86' lang='lat' dir='ltr'><strong>illius.</strong></span> <span class='ocrx_word' id='word_1_281' title='bbox 1318 3645 1514 3699; x_wconf 89' lang='lat' dir='ltr'><strong>lterum</strong></span> <span class='ocrx_word' id='word_1_282' title='bbox 1538 3643 1651 3697; x_wconf 65' lang='lat' dir='ltr'><strong>haec</strong></span> <span class='ocrx_word' id='word_1_283' title='bbox 1678 3656 1887 3712; x_wconf 89' lang='lat' dir='ltr'><strong>quoque</strong></span> 
     </span>
    </p>
   </div>
   <div class='ocr_carea' id='block_1_37' title="bbox 306 3735 1888 3805">
    <p class='ocr_par' dir='ltr' id='par_1_37' title="bbox 306 3735 1888 3805">
     <span class='ocr_line' id='line_1_37' title="bbox 306 3735 1888 3805; baseline -0.006 -9"><span class='ocrx_word' id='word_1_284' title='bbox 306 3742 534 3796; x_wconf 76' lang='lat' dir='ltr'><strong>maxima</strong></span> <span class='ocrx_word' id='word_1_285' title='bbox 564 3740 865 3795; x_wconf 89' lang='lat' dir='ltr'><strong>benedictio</strong></span> <span class='ocrx_word' id='word_1_286' title='bbox 907 3747 1010 3803; x_wconf 90' lang='lat' dir='ltr'><strong>est,</strong></span> <span class='ocrx_word' id='word_1_287' title='bbox 1038 3737 1172 3792; x_wconf 91' lang='lat' dir='ltr'><strong>forte</strong></span> <span class='ocrx_word' id='word_1_288' title='bbox 1216 3737 1468 3793; x_wconf 86' lang='lat' dir='ltr'><strong>latentem</strong></span> <span class='ocrx_word' id='word_1_289' title='bbox 1511 3736 1742 3805; x_wconf 80' lang='lat' dir='ltr'><strong>aliquem</strong></span> <span class='ocrx_word' id='word_1_290' title='bbox 1789 3735 1888 3787; x_wconf 83' lang='lat' dir='ltr'><strong>ha-</strong></span> 
     </span>
    </p>
   </div>
   <div class='ocr_carea' id='block_1_38' title="bbox 306 3825 1886 3897">
    <p class='ocr_par' dir='ltr' id='par_1_38' title="bbox 306 3825 1886 3897">
     <span class='ocr_line' id='line_1_38' title="bbox 306 3825 1886 3897; baseline -0.004 -11"><span class='ocrx_word' id='word_1_291' title='bbox 306 3834 438 3887; x_wconf 88' lang='lat' dir='ltr'><strong>bens</strong></span> <span class='ocrx_word' id='word_1_292' title='bbox 487 3830 815 3886; x_wconf 84' lang='lat' dir='ltr'><strong>thesaurum.</strong></span> <span class='ocrx_word' id='word_1_293' title='bbox 850 3828 1058 3893; x_wconf 84' lang='lat' dir='ltr'><strong>Dilatet,</strong></span> <span class='ocrx_word' id='word_1_294' title='bbox 1101 3830 1287 3897; x_wconf 87' lang='lat' dir='ltr'><strong>inquit,</strong></span> <span class='ocrx_word' id='word_1_295' title='bbox 1321 3828 1452 3881; x_wconf 81' lang='lat' dir='ltr'><strong>Deus</strong></span> <span class='ocrx_word' id='word_1_296' title='bbox 1496 3826 1740 3897; x_wconf 84' lang='lat' dir='ltr'><strong>Japheth.</strong></span> <span class='ocrx_word' id='word_1_297' title='bbox 1772 3825 1886 3880; x_wconf 87' lang='lat' dir='ltr'><strong>Non</strong></span> 
     </span>
    </p>
   </div>
   <div class='ocr_carea' id='block_1_39' title="bbox 308 3915 1889 3994">
    <p class='ocr_par' dir='ltr' id='par_1_39' title="bbox 308 3915 1889 3994">
     <span class='ocr_line' id='line_1_39' title="bbox 308 3915 1889 3994; baseline -0.005 -15"><span class='ocrx_word' id='word_1_298' title='bbox 308 3925 577 3979; x_wconf 86' lang='lat' dir='ltr'><strong>aberrabit</strong></span> <span class='ocrx_word' id='word_1_299' title='bbox 601 3924 745 3994; x_wconf 87' lang='lat' dir='ltr'><strong>quis,</strong></span> <span class='ocrx_word' id='word_1_300' title='bbox 772 3922 814 3977; x_wconf 91' lang='lat' dir='ltr'><strong>si</strong></span> <span class='ocrx_word' id='word_1_301' title='bbox 847 3923 1041 3977; x_wconf 82' lang='lat' dir='ltr'><strong>dixerit</strong></span> <span class='ocrx_word' id='word_1_302' title='bbox 1078 3920 1474 3975; x_wconf 85' lang='lat' dir='ltr'><strong>benedictiones</strong></span> <span class='ocrx_word' id='word_1_303' title='bbox 1499 3920 1632 3989; x_wconf 86' lang='lat' dir='ltr'><strong>justi</strong></span> <span class='ocrx_word' id='word_1_304' title='bbox 1656 3915 1889 3988; x_wconf 80' lang='lat' dir='ltr'><strong>prophe-</strong></span> 
     </span>
    </p>
   </div>
   <div class='ocr_carea' id='block_1_40' title="bbox 312 4011 1889 4083">
    <p class='ocr_par' dir='ltr' id='par_1_40' title="bbox 312 4011 1889 4083">
     <span class='ocr_line' id='line_1_40' title="bbox 312 4011 1889 4083; baseline -0.003 -15"><span class='ocrx_word' id='word_1_305' title='bbox 312 4019 411 4071; x_wconf 90' lang='lat' dir='ltr'><strong>tias</strong></span> <span class='ocrx_word' id='word_1_306' title='bbox 438 4030 578 4070; x_wconf 89' lang='lat' dir='ltr'><strong>esse.</strong></span> <span class='ocrx_word' id='word_1_307' title='bbox 610 4014 741 4069; x_wconf 82' lang='lat' dir='ltr'><strong>Nam</strong></span> <span class='ocrx_word' id='word_1_308' title='bbox 774 4014 818 4068; x_wconf 90' lang='lat' dir='ltr'><strong>si</strong></span> <span class='ocrx_word' id='word_1_309' title='bbox 848 4022 999 4083; x_wconf 90' lang='lat' dir='ltr'><strong>pater</strong></span> <span class='ocrx_word' id='word_1_310' title='bbox 1028 4011 1141 4067; x_wconf 80' lang='lat' dir='ltr'><strong>Noe</strong></span> <span class='ocrx_word' id='word_1_311' title='bbox 1186 4027 1291 4065; x_wconf 89' lang='lat' dir='ltr'><strong>non</strong></span> <span class='ocrx_word' id='word_1_312' title='bbox 1328 4011 1674 4079; x_wconf 86' lang='lat' dir='ltr'><strong>simpliciter,</strong></span> <span class='ocrx_word' id='word_1_313' title='bbox 1716 4024 1889 4078; x_wconf 89' lang='lat' dir='ltr'><strong>neque</strong></span> 
     </span>
    </p>
   </div>
   <div class='ocr_carea' id='block_1_41' title="bbox 309 4101 1890 4167">
    <p class='ocr_par' dir='ltr' id='par_1_41' title="bbox 309 4101 1890 4167">
     <span class='ocr_line' id='line_1_41' title="bbox 309 4101 1890 4167; baseline -0.004 -8"><span class='ocrx_word' id='word_1_314' title='bbox 309 4110 501 4161; x_wconf 78' lang='lat' dir='ltr'><strong>frustra</strong></span> <span class='ocrx_word' id='word_1_315' title='bbox 529 4105 840 4160; x_wconf 86' lang='lat' dir='ltr'><strong>vocabulum</strong></span> <span class='ocrx_word' id='word_1_316' title='bbox 867 4104 1057 4158; x_wconf 84' lang='lat' dir='ltr'><strong>indidit</strong></span> <span class='ocrx_word' id='word_1_317' title='bbox 1082 4102 1216 4167; x_wconf 85' lang='lat' dir='ltr'><strong>Noe,</strong></span> <span class='ocrx_word' id='word_1_318' title='bbox 1246 4102 1338 4157; x_wconf 91' lang='lat' dir='ltr'><strong>sed</strong></span> <span class='ocrx_word' id='word_1_319' title='bbox 1363 4101 1675 4155; x_wconf 82' lang='lat' dir='ltr'><strong>vaticinatus</strong></span> <span class='ocrx_word' id='word_1_320' title='bbox 1696 4108 1778 4153; x_wconf 88' lang='lat' dir='ltr'><strong>est</strong></span> <span class='ocrx_word' id='word_1_321' title='bbox 1796 4114 1890 4167; x_wconf 89' lang='lat' dir='ltr'><strong>per</strong></span> 
     </span>
    </p>
   </div>
   <div class='ocr_carea' id='block_1_42' title="bbox 310 4191 1891 4263">
    <p class='ocr_par' dir='ltr' id='par_1_42' title="bbox 310 4191 1891 4263">
     <span class='ocr_line' id='line_1_42' title="bbox 310 4191 1891 4263; baseline -0.005 -9"><span class='ocrx_word' id='word_1_322' title='bbox 310 4216 504 4255; x_wconf 89' lang='lat' dir='ltr'><strong>nomen</strong></span> <span class='ocrx_word' id='word_1_323' title='bbox 531 4199 763 4254; x_wconf 85' lang='lat' dir='ltr'><strong>futurum</strong></span> <span class='ocrx_word' id='word_1_324' title='bbox 790 4198 1065 4252; x_wconf 89' lang='lat' dir='ltr'><strong>diliuvium</strong></span> <span class='ocrx_word' id='word_1_325' title='bbox 1103 4214 1118 4251; x_wconf 92' lang='lat'><strong>:</strong></span> <span class='ocrx_word' id='word_1_326' title='bbox 1168 4196 1335 4250; x_wconf 89' lang='lat' dir='ltr'><strong>multo</strong></span> <span class='ocrx_word' id='word_1_327' title='bbox 1382 4195 1550 4263; x_wconf 83' lang='lat' dir='ltr'><strong>magis</strong></span> <span class='ocrx_word' id='word_1_328' title='bbox 1574 4193 1750 4262; x_wconf 90' lang='lat' dir='ltr'><strong>justus</strong></span> <span class='ocrx_word' id='word_1_329' title='bbox 1799 4191 1891 4246; x_wconf 86' lang='lat' dir='ltr'><strong>ille</strong></span> 
     </span>
    </p>
   </div>
   <div class='ocr_carea' id='block_1_43' title="bbox 313 4283 1888 4360">
    <p class='ocr_par' dir='ltr' id='par_1_43' title="bbox 313 4283 1888 4360">
     <span class='ocr_line' id='line_1_43' title="bbox 313 4283 1888 4360; baseline -0.007 -13"><span class='ocrx_word' id='word_1_330' title='bbox 313 4309 417 4347; x_wconf 86' lang='lat' dir='ltr'><strong>non</strong></span> <span class='ocrx_word' id='word_1_331' title='bbox 438 4291 772 4360; x_wconf 83' lang='lat' dir='ltr'><strong>simpiiciter,</strong></span> <span class='ocrx_word' id='word_1_332' title='bbox 808 4305 980 4359; x_wconf 87' lang='lat' dir='ltr'><strong>neque</strong></span> <span class='ocrx_word' id='word_1_333' title='bbox 1005 4289 1199 4342; x_wconf 76' lang='lat' dir='ltr'><strong>frustra</strong></span> <span class='ocrx_word' id='word_1_334' title='bbox 1225 4286 1621 4343; x_wconf 86' lang='lat' dir='ltr'><strong>benedictiones</strong></span> <span class='ocrx_word' id='word_1_335' title='bbox 1650 4283 1888 4353; x_wconf 88' lang='lat' dir='ltr'><strong>protulit.</strong></span> 
     </span>
    </p>
   </div>
   <div class='ocr_carea' id='block_1_44' title="bbox 309 4379 1894 4455">
    <p class='ocr_par' dir='ltr' id='par_1_44' title="bbox 309 4379 1894 4455">
     <span class='ocr_line' id='line_1_44' title="bbox 309 4379 1894 4455; baseline -0.006 -16"><span class='ocrx_word' id='word_1_336' title='bbox 309 4385 508 4455; x_wconf 86' lang='lat' dir='ltr'><strong>Opinor</strong></span> <span class='ocrx_word' id='word_1_337' title='bbox 528 4384 669 4438; x_wconf 89' lang='lat' dir='ltr'><strong>enim</strong></span> <span class='ocrx_word' id='word_1_338' title='bbox 701 4398 821 4437; x_wconf 87' lang='lat' dir='ltr'><strong>eum</strong></span> <span class='ocrx_word' id='word_1_339' title='bbox 852 4381 951 4437; x_wconf 83' lang='lat' dir='ltr'><strong>hos</strong></span> <span class='ocrx_word' id='word_1_340' title='bbox 968 4382 1099 4436; x_wconf 88' lang='lat' dir='ltr'><strong>duos</strong></span> <span class='ocrx_word' id='word_1_341' title='bbox 1127 4381 1511 4445; x_wconf 89' lang='lat' dir='ltr'><strong>benedicendo,</strong></span> <span class='ocrx_word' id='word_1_342' title='bbox 1542 4379 1766 4433; x_wconf 87' lang='lat' dir='ltr'><strong>duorum</strong></span> <span class='ocrx_word' id='word_1_343' title='bbox 1795 4392 1894 4446; x_wconf 83' lang='lat' dir='ltr'><strong>po-</strong></span> 
     </span>
    </p>
   </div>
   <div class='ocr_carea' id='block_1_45' title="bbox 321 4471 1890 4549">
    <p class='ocr_par' dir='ltr' id='par_1_45' title="bbox 321 4471 1890 4549">
     <span class='ocr_line' id='line_1_45' title="bbox 321 4471 1890 4549; baseline -0.007 -16"><span class='ocrx_word' id='word_1_344' title='bbox 321 4479 568 4549; x_wconf 84' lang='lat' dir='ltr'><strong>pulorum</strong></span> <span class='ocrx_word' id='word_1_345' title='bbox 600 4476 931 4530; x_wconf 88' lang='lat' dir='ltr'><strong>vocationem</strong></span> <span class='ocrx_word' id='word_1_346' title='bbox 962 4474 1258 4544; x_wconf 83' lang='lat' dir='ltr'><strong>signiﬁcare</strong></span> <span class='ocrx_word' id='word_1_347' title='bbox 1278 4473 1509 4528; x_wconf 88' lang='lat' dir='ltr'><strong>voluisse</strong></span> <span class='ocrx_word' id='word_1_348' title='bbox 1539 4490 1553 4527; x_wconf 91' lang='lat'><strong>:</strong></span> <span class='ocrx_word' id='word_1_349' title='bbox 1579 4480 1633 4526; x_wconf 88' lang='lat' dir='ltr'><strong>et</strong></span> <span class='ocrx_word' id='word_1_350' title='bbox 1652 4486 1747 4540; x_wconf 88' lang='lat' dir='ltr'><strong>per</strong></span> <span class='ocrx_word' id='word_1_351' title='bbox 1769 4471 1890 4524; x_wconf 92' lang='lat' dir='ltr'><strong>Sem</strong></span> 
     </span>
    </p>
   </div>
   <div class='ocr_carea' id='block_1_46' title="bbox 312 4562 1891 4638">
    <p class='ocr_par' dir='ltr' id='par_1_46' title="bbox 312 4562 1891 4638">
     <span class='ocr_line' id='line_1_46' title="bbox 312 4562 1891 4638; baseline -0.004 -18"><span class='ocrx_word' id='word_1_352' title='bbox 312 4569 525 4638; x_wconf 81' lang='lat' dir='ltr'><strong>quidem</strong></span> <span class='ocrx_word' id='word_1_353' title='bbox 552 4567 803 4624; x_wconf 70' lang='lat' dir='ltr'><strong>Judreos:</strong></span> <span class='ocrx_word' id='word_1_354' title='bbox 830 4582 895 4621; x_wconf 78' lang='lat' dir='ltr'><strong>ex</strong></span> <span class='ocrx_word' id='word_1_355' title='bbox 916 4566 1007 4619; x_wconf 90' lang='lat' dir='ltr'><strong>illo</strong></span> <span class='ocrx_word' id='word_1_356' title='bbox 1036 4567 1178 4619; x_wconf 89' lang='lat' dir='ltr'><strong>enim</strong></span> <span class='ocrx_word' id='word_1_357' title='bbox 1200 4576 1255 4619; x_wconf 88' lang='lat' dir='ltr'><strong>et</strong></span> <span class='ocrx_word' id='word_1_358' title='bbox 1276 4563 1565 4627; x_wconf 84' lang='lat' dir='ltr'><strong>Abraham,</strong></span> <span class='ocrx_word' id='word_1_359' title='bbox 1591 4572 1645 4616; x_wconf 88' lang='lat' dir='ltr'><strong>et</strong></span> <span class='ocrx_word' id='word_1_360' title='bbox 1676 4562 1891 4616; x_wconf 67' lang='lat' dir='ltr'><strong>Judaeu-</strong></span> 
     </span>
    </p>
   </div>
   <div class='ocr_carea' id='block_1_47' title="bbox 314 4655 1889 4731">
    <p class='ocr_par' dir='ltr' id='par_1_47' title="bbox 314 4655 1889 4731">
     <span class='ocr_line' id='line_1_47' title="bbox 314 4655 1889 4731; baseline -0.006 -16"><span class='ocrx_word' id='word_1_361' title='bbox 314 4676 431 4715; x_wconf 88' lang='lat' dir='ltr'><strong>rum</strong></span> <span class='ocrx_word' id='word_1_362' title='bbox 478 4675 649 4731; x_wconf 88' lang='lat' dir='ltr'><strong>genus</strong></span> <span class='ocrx_word' id='word_1_363' title='bbox 678 4658 1083 4727; x_wconf 88' lang='lat' dir='ltr'><strong>multiplicatum</strong></span> <span class='ocrx_word' id='word_1_364' title='bbox 1124 4664 1208 4711; x_wconf 88' lang='lat' dir='ltr'><strong>est</strong></span> <span class='ocrx_word' id='word_1_365' title='bbox 1236 4676 1250 4712; x_wconf 89' lang='lat'><strong>:</strong></span> <span class='ocrx_word' id='word_1_366' title='bbox 1274 4672 1368 4727; x_wconf 90' lang='lat' dir='ltr'><strong>per</strong></span> <span class='ocrx_word' id='word_1_367' title='bbox 1411 4655 1644 4724; x_wconf 83' lang='lat' dir='ltr'><strong>Japheth</strong></span> <span class='ocrx_word' id='word_1_368' title='bbox 1688 4663 1889 4718; x_wconf 86' lang='lat' dir='ltr'><strong>autem,</strong></span> 
     </span>
    </p>
   </div>
   <div class='ocr_carea' id='block_1_48' title="bbox 313 4744 1893 4825">
    <p class='ocr_par' dir='ltr' id='par_1_48' title="bbox 313 4744 1893 4825">
     <span class='ocr_line' id='line_1_48' title="bbox 313 4744 1893 4825; baseline -0.007 -15"><span class='ocrx_word' id='word_1_369' title='bbox 313 4756 550 4825; x_wconf 83' lang='lat' dir='ltr'><strong>gentium</strong></span> <span class='ocrx_word' id='word_1_370' title='bbox 575 4753 928 4808; x_wconf 86' lang='lat' dir='ltr'><strong>vocationem.</strong></span> <span class='ocrx_word' id='word_1_371' title='bbox 956 4750 1090 4805; x_wconf 80' lang='lat' dir='ltr'><strong>Vide</strong></span> <span class='ocrx_word' id='word_1_372' title='bbox 1117 4758 1294 4804; x_wconf 89' lang='lat' dir='ltr'><strong>autem</strong></span> <span class='ocrx_word' id='word_1_373' title='bbox 1322 4748 1748 4803; x_wconf 89' lang='lat' dir='ltr'><strong>benedictionem</strong></span> <span class='ocrx_word' id='word_1_374' title='bbox 1778 4744 1893 4799; x_wconf 58' lang='lat' dir='ltr'><strong>haec</strong></span> 
     </span>
    </p>
   </div>
   <div class='ocr_carea' id='block_1_49' title="bbox 317 4838 1895 4915">
    <p class='ocr_par' dir='ltr' id='par_1_49' title="bbox 317 4838 1895 4915">
     <span class='ocr_line' id='line_1_49' title="bbox 317 4838 1895 4915; baseline -0.004 -18"><span class='ocrx_word' id='word_1_375' title='bbox 317 4845 674 4915; x_wconf 62' lang='lat' dir='ltr'><strong>prxnuntiare</strong></span> <span class='ocrx_word' id='word_1_376' title='bbox 708 4861 723 4900; x_wconf 92' lang='lat'><strong>:</strong></span> <span class='ocrx_word' id='word_1_377' title='bbox 755 4842 945 4897; x_wconf 86' lang='lat' dir='ltr'><strong>Dilatet</strong></span> <span class='ocrx_word' id='word_1_378' title='bbox 986 4843 1149 4907; x_wconf 89' lang='lat' dir='ltr'><strong>enim,</strong></span> <span class='ocrx_word' id='word_1_379' title='bbox 1190 4842 1379 4911; x_wconf 83' lang='lat' dir='ltr'><strong>inquit,</strong></span> <span class='ocrx_word' id='word_1_380' title='bbox 1409 4839 1543 4893; x_wconf 87' lang='lat' dir='ltr'><strong>Deus</strong></span> <span class='ocrx_word' id='word_1_381' title='bbox 1567 4838 1816 4906; x_wconf 82' lang='lat' dir='ltr'><strong>Japheth,</strong></span> <span class='ocrx_word' id='word_1_382' title='bbox 1849 4846 1895 4891; x_wconf 84' lang='lat' dir='ltr'><strong>et</strong></span> 
     </span>
    </p>
   </div>
   <div class='ocr_carea' id='block_1_50' title="bbox 317 4931 1894 5002">
    <p class='ocr_par' dir='ltr' id='par_1_50' title="bbox 317 4931 1894 5002">
     <span class='ocr_line' id='line_1_50' title="bbox 317 4931 1894 5002; baseline -0.003 -14"><span class='ocrx_word' id='word_1_383' title='bbox 317 4938 505 4991; x_wconf 80' lang='lat' dir='ltr'><strong>habitet</strong></span> <span class='ocrx_word' id='word_1_384' title='bbox 547 4938 601 4991; x_wconf 88' lang='lat' dir='ltr'><strong>in</strong></span> <span class='ocrx_word' id='word_1_385' title='bbox 643 4936 977 4990; x_wconf 81' lang='lat' dir='ltr'><strong>tabernaculis</strong></span> <span class='ocrx_word' id='word_1_386' title='bbox 1028 4935 1169 4991; x_wconf 86' lang='lat' dir='ltr'><strong>Sem.</strong></span> <span class='ocrx_word' id='word_1_387' title='bbox 1210 4933 1321 4988; x_wconf 86' lang='lat' dir='ltr'><strong>Hoc</strong></span> <span class='ocrx_word' id='word_1_388' title='bbox 1365 4932 1417 4986; x_wconf 90' lang='lat' dir='ltr'><strong>in</strong></span> <span class='ocrx_word' id='word_1_389' title='bbox 1447 4932 1699 5002; x_wconf 84' lang='lat' dir='ltr'><strong>gentibus</strong></span> <span class='ocrx_word' id='word_1_390' title='bbox 1726 4931 1894 4984; x_wconf 89' lang='lat' dir='ltr'><strong>adim-</strong></span> 
     </span>
    </p>
   </div>
   <div class='ocr_carea' id='block_1_51' title="bbox 316 5022 1895 5099">
    <p class='ocr_par' dir='ltr' id='par_1_51' title="bbox 316 5022 1895 5099">
     <span class='ocr_line' id='line_1_51' title="bbox 316 5022 1895 5099; baseline -0.006 -15"><span class='ocrx_word' id='word_1_391' title='bbox 316 5030 517 5099; x_wconf 89' lang='lat' dir='ltr'><strong>pletum</strong></span> <span class='ocrx_word' id='word_1_392' title='bbox 563 5028 825 5083; x_wconf 89' lang='lat' dir='ltr'><strong>videmus.</strong></span> <span class='ocrx_word' id='word_1_393' title='bbox 872 5027 1006 5082; x_wconf 84' lang='lat' dir='ltr'><strong>Cum</strong></span> <span class='ocrx_word' id='word_1_394' title='bbox 1056 5026 1184 5081; x_wconf 88' lang='lat' dir='ltr'><strong>dicit</strong></span> <span class='ocrx_word' id='word_1_395' title='bbox 1230 5025 1392 5087; x_wconf 89' lang='lat' dir='ltr'><strong>enim,</strong></span> <span class='ocrx_word' id='word_1_396' title='bbox 1430 5022 1660 5087; x_wconf 83' lang='lat' dir='ltr'><strong>Dilatet,</strong></span> <span class='ocrx_word' id='word_1_397' title='bbox 1706 5035 1895 5077; x_wconf 88' lang='lat' dir='ltr'><strong>omnes</strong></span> 
     </span>
    </p>
   </div>
   <div class='ocr_carea' id='block_1_52' title="bbox 317 5114 1895 5190">
    <p class='ocr_par' dir='ltr' id='par_1_52' title="bbox 317 5114 1895 5190">
     <span class='ocr_line' id='line_1_52' title="bbox 317 5114 1895 5190; baseline -0.007 -14"><span class='ocrx_word' id='word_1_398' title='bbox 317 5130 504 5190; x_wconf 84' lang='lat' dir='ltr'><strong>gentes</strong></span> <span class='ocrx_word' id='word_1_399' title='bbox 527 5119 905 5181; x_wconf 88' lang='lat' dir='ltr'><strong>subindicavit;</strong></span> <span class='ocrx_word' id='word_1_400' title='bbox 930 5118 1023 5174; x_wconf 89' lang='lat' dir='ltr'><strong>sed</strong></span> <span class='ocrx_word' id='word_1_401' title='bbox 1055 5117 1305 5183; x_wconf 82' lang='lat' dir='ltr'><strong>dicendo,</strong></span> <span class='ocrx_word' id='word_1_402' title='bbox 1341 5115 1547 5170; x_wconf 69' lang='lat' dir='ltr'><strong>Habitat</strong></span> <span class='ocrx_word' id='word_1_403' title='bbox 1574 5116 1627 5167; x_wconf 86' lang='lat' dir='ltr'><strong>in</strong></span> <span class='ocrx_word' id='word_1_404' title='bbox 1655 5114 1895 5167; x_wconf 90' lang='lat' dir='ltr'><strong>taberna-</strong></span> 
     </span>
    </p>
   </div>
   <div class='ocr_carea' id='block_1_53' title="bbox 314 5204 1899 5285">
    <p class='ocr_par' dir='ltr' id='par_1_53' title="bbox 314 5204 1899 5285">
     <span class='ocr_line' id='line_1_53' title="bbox 314 5204 1899 5285; baseline -0.007 -15"><span class='ocrx_word' id='word_1_405' title='bbox 314 5218 447 5271; x_wconf 68' lang='lat' dir='ltr'><strong>culis</strong></span> <span class='ocrx_word' id='word_1_406' title='bbox 465 5212 605 5285; x_wconf 86' lang='lat' dir='ltr'><strong>Sem,</strong></span> <span class='ocrx_word' id='word_1_407' title='bbox 627 5219 860 5275; x_wconf 64' lang='lat' dir='ltr'><strong>siniﬁcai</strong></span> <span class='ocrx_word' id='word_1_408' title='bbox 884 5222 1070 5281; x_wconf 86' lang='lat' dir='ltr'><strong>gentes</strong></span> <span class='ocrx_word' id='word_1_409' title='bbox 1097 5208 1199 5264; x_wconf 83' lang='lat' dir='ltr'><strong>frui</strong></span> <span class='ocrx_word' id='word_1_410' title='bbox 1220 5209 1446 5277; x_wconf 73' lang='lat' dir='ltr'><strong>cmpisse</strong></span> <span class='ocrx_word' id='word_1_411' title='bbox 1470 5208 1534 5261; x_wconf 90' lang='lat' dir='ltr'><strong>iis</strong></span> <span class='ocrx_word' id='word_1_412' title='bbox 1559 5221 1678 5276; x_wconf 59' lang='lat' dir='ltr'><strong>quae</strong></span> <span class='ocrx_word' id='word_1_413' title='bbox 1701 5204 1899 5259; x_wconf 70' lang='lat' dir='ltr'><strong>Judteis</strong></span> 
     </span>
    </p>
   </div>
   <div class='ocr_carea' id='block_1_54' title="bbox 319 5300 1895 5373">
    <p class='ocr_par' dir='ltr' id='par_1_54' title="bbox 319 5300 1895 5373">
     <span class='ocr_line' id='line_1_54' title="bbox 319 5300 1895 5373; baseline -0.002 -20"><span class='ocrx_word' id='word_1_414' title='bbox 319 5313 497 5373; x_wconf 86' lang='lat' dir='ltr'><strong>parata</strong></span> <span class='ocrx_word' id='word_1_415' title='bbox 526 5314 580 5359; x_wconf 87' lang='lat' dir='ltr'><strong>et</strong></span> <span class='ocrx_word' id='word_1_416' title='bbox 599 5302 850 5357; x_wconf 89' lang='lat' dir='ltr'><strong>adornata</strong></span> <span class='ocrx_word' id='word_1_417' title='bbox 872 5310 1042 5358; x_wconf 90' lang='lat' dir='ltr'><strong>erant.</strong></span> <span class='ocrx_word' id='word_1_418' title='bbox 1072 5301 1135 5355; x_wconf 87' lang='lat' dir='ltr'><strong>Et</strong></span> <span class='ocrx_word' id='word_1_419' title='bbox 1172 5303 1265 5356; x_wconf 86' lang='lat' dir='ltr'><strong>erit</strong></span> <span class='ocrx_word' id='word_1_420' title='bbox 1298 5300 1542 5357; x_wconf 87' lang='lat' dir='ltr'><strong>Chanaan</strong></span> <span class='ocrx_word' id='word_1_421' title='bbox 1568 5315 1737 5354; x_wconf 83' lang='lat' dir='ltr'><strong>servus</strong></span> <span class='ocrx_word' id='word_1_422' title='bbox 1766 5300 1895 5368; x_wconf 88' lang='lat' dir='ltr'><strong>ejus.</strong></span> 
     </span>
    </p>
   </div>
   <div class='ocr_carea' id='block_1_55' title="bbox 388 5392 1901 5461">
    <p class='ocr_par' dir='ltr' id='par_1_55' title="bbox 388 5392 1901 5461">
     <span class='ocr_line' id='line_1_55' title="bbox 388 5392 1901 5461; baseline -0.003 -13"><span class='ocrx_word' id='word_1_423' title='bbox 388 5395 440 5448; x_wconf 88' lang='lat'><strong>8.</strong></span> <span class='ocrx_word' id='word_1_424' title='bbox 488 5392 709 5447; x_wconf 79' lang='lat' dir='ltr'><strong>Vidistis</strong></span> <span class='ocrx_word' id='word_1_425' title='bbox 752 5393 964 5461; x_wconf 87' lang='lat' dir='ltr'><strong>qualem</strong></span> <span class='ocrx_word' id='word_1_426' title='bbox 1009 5402 1063 5447; x_wconf 91' lang='lat' dir='ltr'><strong>et</strong></span> <span class='ocrx_word' id='word_1_427' title='bbox 1112 5393 1147 5446; x_wconf 91' lang='lat' dir='ltr'><strong>ii</strong></span> <span class='ocrx_word' id='word_1_428' title='bbox 1195 5392 1329 5461; x_wconf 86' lang='lat' dir='ltr'><strong>grati</strong></span> <span class='ocrx_word' id='word_1_429' title='bbox 1377 5392 1538 5446; x_wconf 89' lang='lat' dir='ltr'><strong>animi</strong></span> <span class='ocrx_word' id='word_1_430' title='bbox 1581 5398 1901 5459; x_wconf 88' lang='lat' dir='ltr'><strong>acceperunt</strong></span> 
     </span>
    </p>
   </div>
   <div class='ocr_carea' id='block_1_56' title="bbox 323 5483 1898 5555">
    <p class='ocr_par' dir='ltr' id='par_1_56' title="bbox 323 5483 1898 5555">
     <span class='ocr_line' id='line_1_56' title="bbox 323 5483 1898 5555; baseline -0.003 -15"><span class='ocrx_word' id='word_1_431' title='bbox 323 5487 645 5549; x_wconf 83' lang='lat' dir='ltr'><strong>mercedem,</strong></span> <span class='ocrx_word' id='word_1_432' title='bbox 677 5494 732 5539; x_wconf 92' lang='lat' dir='ltr'><strong>et</strong></span> <span class='ocrx_word' id='word_1_433' title='bbox 759 5495 953 5555; x_wconf 88' lang='lat' dir='ltr'><strong>quanta</strong></span> <span class='ocrx_word' id='word_1_434' title='bbox 976 5484 1065 5537; x_wconf 89' lang='lat' dir='ltr'><strong>ille</strong></span> <span class='ocrx_word' id='word_1_435' title='bbox 1094 5493 1311 5553; x_wconf 86' lang='lat' dir='ltr'><strong>propter</strong></span> <span class='ocrx_word' id='word_1_436' title='bbox 1338 5484 1689 5539; x_wconf 87' lang='lat' dir='ltr'><strong>temeritatem</strong></span> <span class='ocrx_word' id='word_1_437' title='bbox 1715 5491 1768 5537; x_wconf 90' lang='lat' dir='ltr'><strong>et</strong></span> <span class='ocrx_word' id='word_1_438' title='bbox 1795 5483 1898 5536; x_wconf 89' lang='lat' dir='ltr'><strong>im-</strong></span> 
     </span>
    </p>
   </div>
   <div class='ocr_carea' id='block_1_57' title="bbox 325 5573 1899 5645">
    <p class='ocr_par' dir='ltr' id='par_1_57' title="bbox 325 5573 1899 5645">
     <span class='ocr_line' id='line_1_57' title="bbox 325 5573 1899 5645; baseline -0.001 -16"><span class='ocrx_word' id='word_1_439' title='bbox 325 5576 658 5642; x_wconf 84' lang='lat' dir='ltr'><strong>prudentiam</strong></span> <span class='ocrx_word' id='word_1_440' title='bbox 705 5576 991 5645; x_wconf 89' lang='lat' dir='ltr'><strong>ignominia</strong></span> <span class='ocrx_word' id='word_1_441' title='bbox 1017 5575 1239 5631; x_wconf 81' lang='lat' dir='ltr'><strong>all&#39;ectus</strong></span> <span class='ocrx_word' id='word_1_442' title='bbox 1258 5575 1374 5629; x_wconf 86' lang='lat' dir='ltr'><strong>est?</strong></span> <span class='ocrx_word' id='word_1_443' title='bbox 1405 5576 1522 5630; x_wconf 89' lang='lat' dir='ltr'><strong>Sint</strong></span> <span class='ocrx_word' id='word_1_444' title='bbox 1566 5573 1683 5628; x_wconf 65' lang='lat' dir='ltr'><strong>haec</strong></span> <span class='ocrx_word' id='word_1_445' title='bbox 1712 5589 1899 5643; x_wconf 84' lang='lat' dir='ltr'><strong>perpe-</strong></span> 
     </span>
    </p>
   </div>
   <div class='ocr_carea' id='block_1_58' title="bbox 329 5664 1900 5734">
    <p class='ocr_par' dir='ltr' id='par_1_58' title="bbox 329 5664 1900 5734">
     <span class='ocr_line' id='line_1_58' title="bbox 329 5664 1900 5734; baseline 0.003 -16"><span class='ocrx_word' id='word_1_446' title='bbox 329 5675 422 5719; x_wconf 92' lang='lat' dir='ltr'><strong>tuo</strong></span> <span class='ocrx_word' id='word_1_447' title='bbox 450 5666 503 5719; x_wconf 91' lang='lat' dir='ltr'><strong>in</strong></span> <span class='ocrx_word' id='word_1_448' title='bbox 530 5676 711 5721; x_wconf 90' lang='lat' dir='ltr'><strong>nostra</strong></span> <span class='ocrx_word' id='word_1_449' title='bbox 741 5674 920 5721; x_wconf 88' lang='lat' dir='ltr'><strong>mente</strong></span> <span class='ocrx_word' id='word_1_450' title='bbox 942 5667 1158 5734; x_wconf 85' lang='lat' dir='ltr'><strong>scripta,</strong></span> <span class='ocrx_word' id='word_1_451' title='bbox 1200 5674 1259 5720; x_wconf 92' lang='lat' dir='ltr'><strong>ut</strong></span> <span class='ocrx_word' id='word_1_452' title='bbox 1321 5664 1512 5719; x_wconf 90' lang='lat' dir='ltr'><strong>horum</strong></span> <span class='ocrx_word' id='word_1_453' title='bbox 1562 5665 1900 5723; x_wconf 64' lang='lat' dir='ltr'><strong>aemulatores</strong></span> 
     </span>
    </p>
   </div>
   <div class='ocr_carea' id='block_1_59' title="bbox 325 5756 1896 5828">
    <p class='ocr_par' dir='ltr' id='par_1_59' title="bbox 325 5756 1896 5828">
     <span class='ocr_line' id='line_1_59' title="bbox 325 5756 1896 5828; baseline 0.001 -19"><span class='ocrx_word' id='word_1_454' title='bbox 325 5768 378 5809; x_wconf 87' lang='lat' dir='ltr'><strong>et</strong></span> <span class='ocrx_word' id='word_1_455' title='bbox 405 5757 698 5813; x_wconf 86' lang='lat' dir='ltr'><strong>imitatores</strong></span> <span class='ocrx_word' id='word_1_456' title='bbox 725 5758 835 5812; x_wconf 80' lang='lat' dir='ltr'><strong>ﬁeri</strong></span> <span class='ocrx_word' id='word_1_457' title='bbox 864 5760 1130 5828; x_wconf 82' lang='lat' dir='ltr'><strong>possimus</strong></span> <span class='ocrx_word' id='word_1_458' title='bbox 1164 5776 1177 5813; x_wconf 93' lang='lat'><strong>:</strong></span> <span class='ocrx_word' id='word_1_459' title='bbox 1206 5757 1363 5825; x_wconf 88' lang='lat' dir='ltr'><strong>hujus</strong></span> <span class='ocrx_word' id='word_1_460' title='bbox 1389 5768 1564 5811; x_wconf 86' lang='lat' dir='ltr'><strong>autem</strong></span> <span class='ocrx_word' id='word_1_461' title='bbox 1596 5756 1896 5825; x_wconf 85' lang='lat' dir='ltr'><strong>improbam</strong></span> 
     </span>
    </p>
   </div>
   <div class='ocr_carea' id='block_1_60' title="bbox 329 5845 1896 5918">
    <p class='ocr_par' dir='ltr' id='par_1_60' title="bbox 329 5845 1896 5918">
     <span class='ocr_line' id='line_1_60' title="bbox 329 5845 1896 5918; baseline 0 -18"><span class='ocrx_word' id='word_1_462' title='bbox 329 5854 559 5901; x_wconf 76' lang='lat' dir='ltr'><strong>mentem</strong></span> <span class='ocrx_word' id='word_1_463' title='bbox 586 5888 599 5910; x_wconf 94' lang='lat'><strong>,</strong></span> <span class='ocrx_word' id='word_1_464' title='bbox 634 5857 687 5905; x_wconf 87' lang='lat' dir='ltr'><strong>et</strong></span> <span class='ocrx_word' id='word_1_465' title='bbox 716 5849 980 5918; x_wconf 84' lang='lat' dir='ltr'><strong>ingentem</strong></span> <span class='ocrx_word' id='word_1_466' title='bbox 1007 5848 1348 5918; x_wconf 84' lang='lat' dir='ltr'><strong>petulantiam</strong></span> <span class='ocrx_word' id='word_1_467' title='bbox 1381 5845 1661 5917; x_wconf 77' lang='lat' dir='ltr'><strong>fugiamus.</strong></span> <span class='ocrx_word' id='word_1_468' title='bbox 1707 5847 1798 5902; x_wconf 67' lang='lat'><strong>28.</strong></span> <span class='ocrx_word' id='word_1_469' title='bbox 1832 5846 1896 5900; x_wconf 86' lang='lat' dir='ltr'><strong>Et</strong></span> 
     </span>
    </p>
   </div>
   <div class='ocr_carea' id='block_1_61' title="bbox 1009 418 2811 477">
    <p class='ocr_par' dir='ltr' id='par_1_61' title="bbox 1009 418 2811 477">
     <span class='ocr_line' id='line_1_61' title="bbox 1009 418 2811 477; baseline 0.002 -5"><span class='ocrx_word' id='word_1_470' title='bbox 1009 420 1064 474; x_wconf 81' lang='lat' dir='ltr'><strong>S.</strong></span> <span class='ocrx_word' id='word_1_471' title='bbox 1093 420 1370 477; x_wconf 74' lang='lat' dir='ltr'><strong>JOANNIS</strong></span> <span class='ocrx_word' id='word_1_472' title='bbox 1409 419 1879 477; x_wconf 72' lang='lat' dir='ltr'><strong>CHRYSOSTOMI</strong></span> <span class='ocrx_word' id='word_1_473' title='bbox 1922 419 2242 476; x_wconf 78' lang='lat' dir='ltr'><strong>ARClllEP.</strong></span> <span class='ocrx_word' id='word_1_474' title='bbox 2282 418 2811 477; x_wconf 79' lang='lat' dir='ltr'><strong>CONSTANTINOP.</strong></span> 
     </span>
    </p>
   </div>
   <div class='ocr_carea' id='block_1_62' title="bbox 3460 420 3568 475">
    <p class='ocr_par' dir='ltr' id='par_1_62' title="bbox 3460 420 3568 475">
     <span class='ocr_line' id='line_1_62' title="bbox 3460 420 3568 475; baseline 0 0"><span class='ocrx_word' id='word_1_475' title='bbox 3460 420 3568 475; x_wconf 65' lang='lat'><strong>372</strong></span> 
     </span>
    </p>
   </div>
   <div class='ocr_carea' id='block_1_63' title="bbox 1989 530 3554 602">
    <p class='ocr_par' dir='ltr' id='par_1_63' title="bbox 1989 530 3554 602">
     <span class='ocr_line' id='line_1_63' title="bbox 1989 530 3554 602; baseline 0.002 -19"><span class='ocrx_word' id='word_1_476' title='bbox 1989 531 2131 595; x_wconf 78' lang='lat' dir='ltr'><strong>vixit,</strong></span> <span class='ocrx_word' id='word_1_477' title='bbox 2166 530 2351 601; x_wconf 90' lang='lat' dir='ltr'><strong>inquit,</strong></span> <span class='ocrx_word' id='word_1_478' title='bbox 2385 530 2497 585; x_wconf 84' lang='lat' dir='ltr'><strong>Noe</strong></span> <span class='ocrx_word' id='word_1_479' title='bbox 2531 543 2643 601; x_wconf 88' lang='lat' dir='ltr'><strong>post</strong></span> <span class='ocrx_word' id='word_1_480' title='bbox 2680 531 2920 585; x_wconf 83' lang='lat' dir='ltr'><strong>diluvium</strong></span> <span class='ocrx_word' id='word_1_481' title='bbox 2950 548 3109 586; x_wconf 89' lang='lat' dir='ltr'><strong>annos</strong></span> <span class='ocrx_word' id='word_1_482' title='bbox 3137 541 3336 587; x_wconf 71' lang='lat' dir='ltr'><strong>trecena</strong></span> <span class='ocrx_word' id='word_1_483' title='bbox 3355 548 3378 585; x_wconf 69' lang='grc' dir='ltr'><strong>ε</strong></span> <span class='ocrx_word' id='word_1_484' title='bbox 3401 540 3554 602; x_wconf 75' lang='lat' dir='ltr'><strong>quin—</strong></span> 
     </span>
    </p>
   </div>
   <div class='ocr_carea' id='block_1_64' title="bbox 1983 622 3565 695">
    <p class='ocr_par' dir='ltr' id='par_1_64' title="bbox 1983 622 3565 695">
     <span class='ocr_line' id='line_1_64' title="bbox 1983 622 3565 695; baseline 0.003 -22"><span class='ocrx_word' id='word_1_485' title='bbox 1983 624 2263 693; x_wconf 86' lang='lat' dir='ltr'><strong>quaginta;</strong></span> <span class='ocrx_word' id='word_1_486' title='bbox 2287 622 2377 677; x_wconf 72' lang='grc'><strong>29.</strong></span> <span class='ocrx_word' id='word_1_487' title='bbox 2399 633 2446 676; x_wconf 89' lang='lat' dir='ltr'><strong>et</strong></span> <span class='ocrx_word' id='word_1_488' title='bbox 2470 626 2672 695; x_wconf 76' lang='lat' dir='ltr'><strong>fuerunt</strong></span> <span class='ocrx_word' id='word_1_489' title='bbox 2699 640 2868 676; x_wconf 86' lang='lat' dir='ltr'><strong>omnes</strong></span> <span class='ocrx_word' id='word_1_490' title='bbox 2892 623 2996 675; x_wconf 84' lang='lat' dir='ltr'><strong>dies</strong></span> <span class='ocrx_word' id='word_1_491' title='bbox 3030 622 3143 676; x_wconf 85' lang='lat' dir='ltr'><strong>Noe</strong></span> <span class='ocrx_word' id='word_1_492' title='bbox 3158 625 3399 693; x_wconf 79' lang='lat' dir='ltr'><strong>nongenti</strong></span> <span class='ocrx_word' id='word_1_493' title='bbox 3419 626 3565 693; x_wconf 80' lang='lat' dir='ltr'><strong>quin-</strong></span> 
     </span>
    </p>
   </div>
   <div class='ocr_carea' id='block_1_65' title="bbox 1982 714 3569 785">
    <p class='ocr_par' dir='ltr' id='par_1_65' title="bbox 1982 714 3569 785">
     <span class='ocr_line' id='line_1_65' title="bbox 1982 714 3569 785; baseline 0 -20"><span class='ocrx_word' id='word_1_494' title='bbox 1982 716 2219 784; x_wconf 80' lang='lat' dir='ltr'><strong>quaginta</strong></span> <span class='ocrx_word' id='word_1_495' title='bbox 2247 716 2392 778; x_wconf 86' lang='lat' dir='ltr'><strong>anni,</strong></span> <span class='ocrx_word' id='word_1_496' title='bbox 2417 724 2461 768; x_wconf 88' lang='lat' dir='ltr'><strong>et</strong></span> <span class='ocrx_word' id='word_1_497' title='bbox 2500 726 2725 767; x_wconf 86' lang='lat' dir='ltr'><strong>mortuus</strong></span> <span class='ocrx_word' id='word_1_498' title='bbox 2755 726 2846 767; x_wconf 86' lang='lat' dir='ltr'><strong>est.</strong></span> <span class='ocrx_word' id='word_1_499' title='bbox 2894 714 2970 768; x_wconf 87' lang='lat' dir='ltr'><strong>Ne</strong></span> <span class='ocrx_word' id='word_1_500' title='bbox 3015 714 3118 769; x_wconf 90' lang='lat' dir='ltr'><strong>hoc</strong></span> <span class='ocrx_word' id='word_1_501' title='bbox 3160 725 3314 785; x_wconf 84' lang='lat' dir='ltr'><strong>putes</strong></span> <span class='ocrx_word' id='word_1_502' title='bbox 3364 715 3569 781; x_wconf 85' lang='lat' dir='ltr'><strong>absque</strong></span> 
     </span>
    </p>
   </div>
   <div class='ocr_carea' id='block_1_66' title="bbox 1992 805 3564 874">
    <p class='ocr_par' dir='ltr' id='par_1_66' title="bbox 1992 805 3564 874">
     <span class='ocr_line' id='line_1_66' title="bbox 1992 805 3564 874; baseline 0.001 -16"><span class='ocrx_word' id='word_1_503' title='bbox 1992 818 2152 858; x_wconf 88' lang='lat' dir='ltr'><strong>causa</strong></span> <span class='ocrx_word' id='word_1_504' title='bbox 2187 805 2489 874; x_wconf 82' lang='lat' dir='ltr'><strong>assignasse</strong></span> <span class='ocrx_word' id='word_1_505' title='bbox 2528 806 2876 874; x_wconf 87' lang='lat' dir='ltr'><strong>Scripturam,</strong></span> <span class='ocrx_word' id='word_1_506' title='bbox 2909 805 3001 860; x_wconf 91' lang='lat' dir='ltr'><strong>sed</strong></span> <span class='ocrx_word' id='word_1_507' title='bbox 3029 805 3146 860; x_wconf 87' lang='lat' dir='ltr'><strong>vide</strong></span> <span class='ocrx_word' id='word_1_508' title='bbox 3192 816 3246 859; x_wconf 89' lang='lat' dir='ltr'><strong>et</strong></span> <span class='ocrx_word' id='word_1_509' title='bbox 3294 805 3395 859; x_wconf 91' lang='lat' dir='ltr'><strong>hoc</strong></span> <span class='ocrx_word' id='word_1_510' title='bbox 3446 806 3564 859; x_wconf 86' lang='lat' dir='ltr'><strong>loco</strong></span> 
     </span>
    </p>
   </div>
   <div class='ocr_carea' id='block_1_67' title="bbox 1977 891 3564 961">
    <p class='ocr_par' dir='ltr' id='par_1_67' title="bbox 1977 891 3564 961">
     <span class='ocr_line' id='line_1_67' title="bbox 1977 891 3564 961; baseline 0.003 -16"><span class='ocrx_word' id='word_1_511' title='bbox 1977 891 2107 961; x_wconf 85' lang='lat' dir='ltr'><strong>justi</strong></span> <span class='ocrx_word' id='word_1_512' title='bbox 2127 894 2529 948; x_wconf 82' lang='lat' dir='ltr'><strong>continentiam.</strong></span> <span class='ocrx_word' id='word_1_513' title='bbox 2562 895 2697 961; x_wconf 86' lang='lat' dir='ltr'><strong>Quia</strong></span> <span class='ocrx_word' id='word_1_514' title='bbox 2723 911 2843 949; x_wconf 90' lang='lat' dir='ltr'><strong>cum</strong></span> <span class='ocrx_word' id='word_1_515' title='bbox 2872 903 3012 948; x_wconf 91' lang='lat' dir='ltr'><strong>tanta</strong></span> <span class='ocrx_word' id='word_1_516' title='bbox 3035 896 3294 949; x_wconf 88' lang='lat' dir='ltr'><strong>frueretur</strong></span> <span class='ocrx_word' id='word_1_517' title='bbox 3323 895 3564 950; x_wconf 85' lang='lat' dir='ltr'><strong>ubertate</strong></span> 
     </span>
    </p>
   </div>
   <div class='ocr_carea' id='block_1_68' title="bbox 1983 987 3561 1056">
    <p class='ocr_par' dir='ltr' id='par_1_68' title="bbox 1983 987 3561 1056">
     <span class='ocr_line' id='line_1_68' title="bbox 1983 987 3561 1056; baseline 0.003 -19"><span class='ocrx_word' id='word_1_518' title='bbox 1983 992 2039 1037; x_wconf 89' lang='lat' dir='ltr'><strong>et</strong></span> <span class='ocrx_word' id='word_1_519' title='bbox 2105 987 2495 1054; x_wconf 83' lang='lat' dir='ltr'><strong>pr05peritate,</strong></span> <span class='ocrx_word' id='word_1_520' title='bbox 2560 989 3027 1056; x_wconf 59' lang='lat' dir='ltr'><strong>supervivcrttque</strong></span> <span class='ocrx_word' id='word_1_521' title='bbox 3088 995 3237 1041; x_wconf 91' lang='lat' dir='ltr'><strong>tanto</strong></span> <span class='ocrx_word' id='word_1_522' title='bbox 3303 1002 3561 1041; x_wconf 87' lang='lat' dir='ltr'><strong>annorum</strong></span> 
     </span>
    </p>
   </div>
   <div class='ocr_carea' id='block_1_69' title="bbox 1984 1076 3567 1144">
    <p class='ocr_par' dir='ltr' id='par_1_69' title="bbox 1984 1076 3567 1144">
     <span class='ocr_line' id='line_1_69' title="bbox 1984 1076 3567 1144; baseline 0.005 -19"><span class='ocrx_word' id='word_1_523' title='bbox 1984 1088 2207 1129; x_wconf 91' lang='lat' dir='ltr'><strong>numero</strong></span> <span class='ocrx_word' id='word_1_524' title='bbox 2232 1086 2350 1143; x_wconf 90' lang='lat' dir='ltr'><strong>post</strong></span> <span class='ocrx_word' id='word_1_525' title='bbox 2391 1090 2663 1144; x_wconf 81' lang='lat' dir='ltr'><strong>egressum</strong></span> <span class='ocrx_word' id='word_1_526' title='bbox 2708 1076 2776 1129; x_wconf 90' lang='lat' dir='ltr'><strong>ab</strong></span> <span class='ocrx_word' id='word_1_527' title='bbox 2811 1092 2958 1141; x_wconf 89' lang='lat' dir='ltr'><strong>arca,</strong></span> <span class='ocrx_word' id='word_1_528' title='bbox 2993 1077 3163 1131; x_wconf 91' lang='lat' dir='ltr'><strong>noluit</strong></span> <span class='ocrx_word' id='word_1_529' title='bbox 3206 1077 3344 1131; x_wconf 85' lang='lat' dir='ltr'><strong>ultra</strong></span> <span class='ocrx_word' id='word_1_530' title='bbox 3393 1078 3567 1133; x_wconf 87' lang='lat' dir='ltr'><strong>indul-</strong></span> 
     </span>
    </p>
   </div>
   <div class='ocr_carea' id='block_1_70' title="bbox 1982 1167 3564 1237">
    <p class='ocr_par' dir='ltr' id='par_1_70' title="bbox 1982 1167 3564 1237">
     <span class='ocr_line' id='line_1_70' title="bbox 1982 1167 3564 1237; baseline 0.002 -17"><span class='ocrx_word' id='word_1_531' title='bbox 1982 1181 2109 1236; x_wconf 89' lang='lat' dir='ltr'><strong>gere</strong></span> <span class='ocrx_word' id='word_1_532' title='bbox 2134 1167 2421 1221; x_wconf 87' lang='lat' dir='ltr'><strong>liberorum</strong></span> <span class='ocrx_word' id='word_1_533' title='bbox 2452 1170 2829 1237; x_wconf 81' lang='lat' dir='ltr'><strong>procreationi.</strong></span> <span class='ocrx_word' id='word_1_534' title='bbox 2872 1169 2986 1223; x_wconf 87' lang='lat' dir='ltr'><strong>Non</strong></span> <span class='ocrx_word' id='word_1_535' title='bbox 3018 1172 3161 1224; x_wconf 84' lang='lat' dir='ltr'><strong>enim</strong></span> <span class='ocrx_word' id='word_1_536' title='bbox 3179 1180 3564 1224; x_wconf 86' lang='lat' dir='ltr'><strong>commemorat</strong></span> 
     </span>
    </p>
   </div>
   <div class='ocr_carea' id='block_1_71' title="bbox 1984 1258 3565 1329">
    <p class='ocr_par' dir='ltr' id='par_1_71' title="bbox 1984 1258 3565 1329">
     <span class='ocr_line' id='line_1_71' title="bbox 1984 1258 3565 1329; baseline 0.003 -18"><span class='ocrx_word' id='word_1_537' title='bbox 1984 1258 2254 1326; x_wconf 86' lang='lat' dir='ltr'><strong>Scriptura</strong></span> <span class='ocrx_word' id='word_1_538' title='bbox 2300 1259 2447 1314; x_wconf 88' lang='lat' dir='ltr'><strong>illum</strong></span> <span class='ocrx_word' id='word_1_539' title='bbox 2475 1260 2608 1314; x_wconf 92' lang='lat' dir='ltr'><strong>alios</strong></span> <span class='ocrx_word' id='word_1_540' title='bbox 2630 1271 2821 1329; x_wconf 70' lang='lat' dir='ltr'><strong>prteter</strong></span> <span class='ocrx_word' id='word_1_541' title='bbox 2839 1270 2949 1315; x_wconf 88' lang='lat' dir='ltr'><strong>tres</strong></span> <span class='ocrx_word' id='word_1_542' title='bbox 2988 1262 3118 1315; x_wconf 89' lang='lat' dir='ltr'><strong>istos</strong></span> <span class='ocrx_word' id='word_1_543' title='bbox 3161 1261 3410 1315; x_wconf 87' lang='lat' dir='ltr'><strong>habuisse</strong></span> <span class='ocrx_word' id='word_1_544' title='bbox 3432 1262 3565 1315; x_wconf 84' lang='lat' dir='ltr'><strong>libe-</strong></span> 
     </span>
    </p>
   </div>
   <div class='ocr_carea' id='block_1_72' title="bbox 1982 1351 3563 1422">
    <p class='ocr_par' dir='ltr' id='par_1_72' title="bbox 1982 1351 3563 1422">
     <span class='ocr_line' id='line_1_72' title="bbox 1982 1351 3563 1422; baseline 0.001 -17"><span class='ocrx_word' id='word_1_545' title='bbox 1982 1366 2091 1405; x_wconf 89' lang='lat' dir='ltr'><strong>ros.</strong></span> <span class='ocrx_word' id='word_1_546' title='bbox 2114 1351 2210 1406; x_wconf 84' lang='lat' dir='ltr'><strong>Hic</strong></span> <span class='ocrx_word' id='word_1_547' title='bbox 2224 1352 2412 1406; x_wconf 89' lang='lat' dir='ltr'><strong>iterum</strong></span> <span class='ocrx_word' id='word_1_548' title='bbox 2428 1355 2597 1420; x_wconf 90' lang='lat' dir='ltr'><strong>cogita</strong></span> <span class='ocrx_word' id='word_1_549' title='bbox 2610 1368 2852 1422; x_wconf 85' lang='lat' dir='ltr'><strong>magnam</strong></span> <span class='ocrx_word' id='word_1_550' title='bbox 2873 1353 3198 1407; x_wconf 89' lang='lat' dir='ltr'><strong>salacitatem</strong></span> <span class='ocrx_word' id='word_1_551' title='bbox 3218 1352 3424 1413; x_wconf 85' lang='lat' dir='ltr'><strong>Chami,</strong></span> <span class='ocrx_word' id='word_1_552' title='bbox 3441 1354 3563 1421; x_wconf 83' lang='lat' dir='ltr'><strong>quia</strong></span> 
     </span>
    </p>
   </div>
   <div class='ocr_carea' id='block_1_73' title="bbox 1984 1445 3568 1513">
    <p class='ocr_par' dir='ltr' id='par_1_73' title="bbox 1984 1445 3568 1513">
     <span class='ocr_line' id='line_1_73' title="bbox 1984 1445 3568 1513; baseline 0.001 -16"><span class='ocrx_word' id='word_1_553' title='bbox 1984 1458 2157 1513; x_wconf 88' lang='lat' dir='ltr'><strong>neque</strong></span> <span class='ocrx_word' id='word_1_554' title='bbox 2188 1453 2391 1513; x_wconf 89' lang='lat' dir='ltr'><strong>patrem</strong></span> <span class='ocrx_word' id='word_1_555' title='bbox 2429 1445 2616 1499; x_wconf 89' lang='lat' dir='ltr'><strong>videns</strong></span> <span class='ocrx_word' id='word_1_556' title='bbox 2643 1455 2801 1498; x_wconf 74' lang='lat' dir='ltr'><strong>tanta:</strong></span> <span class='ocrx_word' id='word_1_557' title='bbox 2823 1445 3161 1499; x_wconf 76' lang='lat' dir='ltr'><strong>continentia:</strong></span> <span class='ocrx_word' id='word_1_558' title='bbox 3184 1487 3199 1510; x_wconf 93' lang='lat'><strong>,</strong></span> <span class='ocrx_word' id='word_1_559' title='bbox 3229 1445 3427 1498; x_wconf 79' lang='lat' dir='ltr'><strong>eaStior</strong></span> <span class='ocrx_word' id='word_1_560' title='bbox 3452 1447 3568 1513; x_wconf 82' lang='lat' dir='ltr'><strong>ipse</strong></span> 
     </span>
    </p>
   </div>
   <div class='ocr_carea' id='block_1_74' title="bbox 1985 1534 3560 1608">
    <p class='ocr_par' dir='ltr' id='par_1_74' title="bbox 1985 1534 3560 1608">
     <span class='ocr_line' id='line_1_74' title="bbox 1985 1534 3560 1608; baseline 0.001 -19"><span class='ocrx_word' id='word_1_561' title='bbox 1985 1534 2153 1590; x_wconf 88' lang='lat' dir='ltr'><strong>factus</strong></span> <span class='ocrx_word' id='word_1_562' title='bbox 2169 1546 2271 1603; x_wconf 86' lang='lat' dir='ltr'><strong>est,</strong></span> <span class='ocrx_word' id='word_1_563' title='bbox 2285 1536 2376 1591; x_wconf 90' lang='lat' dir='ltr'><strong>sed</strong></span> <span class='ocrx_word' id='word_1_564' title='bbox 2396 1538 2573 1591; x_wconf 89' lang='lat' dir='ltr'><strong>omnia</strong></span> <span class='ocrx_word' id='word_1_565' title='bbox 2601 1538 2814 1592; x_wconf 87' lang='lat' dir='ltr'><strong>diverso</strong></span> <span class='ocrx_word' id='word_1_566' title='bbox 2837 1538 2995 1591; x_wconf 88' lang='lat' dir='ltr'><strong>modo</strong></span> <span class='ocrx_word' id='word_1_567' title='bbox 3013 1552 3169 1608; x_wconf 88' lang='lat' dir='ltr'><strong>quam</strong></span> <span class='ocrx_word' id='word_1_568' title='bbox 3185 1549 3336 1606; x_wconf 85' lang='lat' dir='ltr'><strong>pater</strong></span> <span class='ocrx_word' id='word_1_569' title='bbox 3352 1538 3560 1606; x_wconf 80' lang='lat' dir='ltr'><strong>agebat.</strong></span> 
     </span>
    </p>
   </div>
   <div class='ocr_carea' id='block_1_75' title="bbox 1984 1625 3562 1698">
    <p class='ocr_par' dir='ltr' id='par_1_75' title="bbox 1984 1625 3562 1698">
     <span class='ocr_line' id='line_1_75' title="bbox 1984 1625 3562 1698; baseline 0.001 -19"><span class='ocrx_word' id='word_1_570' title='bbox 1984 1625 2215 1680; x_wconf 89' lang='lat' dir='ltr'><strong>Proinde</strong></span> <span class='ocrx_word' id='word_1_571' title='bbox 2235 1628 2430 1681; x_wconf 89' lang='lat' dir='ltr'><strong>merito</strong></span> <span class='ocrx_word' id='word_1_572' title='bbox 2451 1643 2611 1681; x_wconf 90' lang='lat' dir='ltr'><strong>omne</strong></span> <span class='ocrx_word' id='word_1_573' title='bbox 2638 1629 2805 1697; x_wconf 89' lang='lat' dir='ltr'><strong>ipsius</strong></span> <span class='ocrx_word' id='word_1_574' title='bbox 2824 1643 2993 1698; x_wconf 89' lang='lat' dir='ltr'><strong>genus</strong></span> <span class='ocrx_word' id='word_1_575' title='bbox 3023 1629 3076 1681; x_wconf 91' lang='lat' dir='ltr'><strong>in</strong></span> <span class='ocrx_word' id='word_1_576' title='bbox 3100 1630 3409 1681; x_wconf 82' lang='lat' dir='ltr'><strong>servitutem</strong></span> <span class='ocrx_word' id='word_1_577' title='bbox 3431 1643 3562 1681; x_wconf 84' lang='lat' dir='ltr'><strong>con-</strong></span> 
     </span>
    </p>
   </div>
   <div class='ocr_carea' id='block_1_76' title="bbox 1983 1720 3565 1791">
    <p class='ocr_par' dir='ltr' id='par_1_76' title="bbox 1983 1720 3565 1791">
     <span class='ocr_line' id='line_1_76' title="bbox 1983 1720 3565 1791; baseline 0.001 -18"><span class='ocrx_word' id='word_1_578' title='bbox 1983 1720 2288 1775; x_wconf 78' lang='lat' dir='ltr'><strong>dcmnatum</strong></span> <span class='ocrx_word' id='word_1_579' title='bbox 2320 1730 2422 1787; x_wconf 87' lang='lat' dir='ltr'><strong>est,</strong></span> <span class='ocrx_word' id='word_1_580' title='bbox 2446 1730 2503 1775; x_wconf 95' lang='lat' dir='ltr'><strong>ut</strong></span> <span class='ocrx_word' id='word_1_581' title='bbox 2533 1722 2788 1791; x_wconf 81' lang='lat' dir='ltr'><strong>improba:</strong></span> <span class='ocrx_word' id='word_1_582' title='bbox 2828 1721 3117 1774; x_wconf 86' lang='lat' dir='ltr'><strong>voluntatis</strong></span> <span class='ocrx_word' id='word_1_583' title='bbox 3146 1720 3353 1773; x_wconf 86' lang='lat' dir='ltr'><strong>frenum</strong></span> <span class='ocrx_word' id='word_1_584' title='bbox 3402 1720 3565 1774; x_wconf 84' lang='lat' dir='ltr'><strong>habe-</strong></span> 
     </span>
    </p>
   </div>
   <div class='ocr_carea' id='block_1_77' title="bbox 1985 1813 3557 1885">
    <p class='ocr_par' dir='ltr' id='par_1_77' title="bbox 1985 1813 3557 1885">
     <span class='ocr_line' id='line_1_77' title="bbox 1985 1813 3557 1885; baseline 0.001 -18"><span class='ocrx_word' id='word_1_585' title='bbox 1985 1823 2087 1881; x_wconf 82' lang='lat' dir='ltr'><strong>ret.</strong></span> <span class='ocrx_word' id='word_1_586' title='bbox 2117 1813 2319 1868; x_wconf 87' lang='lat' dir='ltr'><strong>Deinde</strong></span> <span class='ocrx_word' id='word_1_587' title='bbox 2341 1814 2425 1869; x_wconf 91' lang='lat' dir='ltr'><strong>hic</strong></span> <span class='ocrx_word' id='word_1_588' title='bbox 2452 1825 2629 1868; x_wconf 88' lang='lat' dir='ltr'><strong>narrat</strong></span> <span class='ocrx_word' id='word_1_589' title='bbox 2657 1814 2930 1885; x_wconf 88' lang='lat' dir='ltr'><strong>Scriptura</strong></span> <span class='ocrx_word' id='word_1_590' title='bbox 2959 1831 3053 1869; x_wconf 89' lang='lat' dir='ltr'><strong>eos</strong></span> <span class='ocrx_word' id='word_1_591' title='bbox 3083 1816 3170 1884; x_wconf 90' lang='lat' dir='ltr'><strong>qui</strong></span> <span class='ocrx_word' id='word_1_592' title='bbox 3204 1832 3267 1868; x_wconf 80' lang='lat' dir='ltr'><strong>ex</strong></span> <span class='ocrx_word' id='word_1_593' title='bbox 3299 1816 3420 1868; x_wconf 85' lang='lat' dir='ltr'><strong>filiis</strong></span> <span class='ocrx_word' id='word_1_594' title='bbox 3448 1816 3557 1868; x_wconf 83' lang='lat' dir='ltr'><strong>nati</strong></span> 
     </span>
    </p>
   </div>
   <div class='ocr_carea' id='block_1_78' title="bbox 1983 1906 3563 1976">
    <p class='ocr_par' dir='ltr' id='par_1_78' title="bbox 1983 1906 3563 1976">
     <span class='ocr_line' id='line_1_78' title="bbox 1983 1906 3563 1976; baseline 0.001 -17"><span class='ocrx_word' id='word_1_595' title='bbox 1983 1916 2129 1971; x_wconf 90' lang='lat' dir='ltr'><strong>sunt,</strong></span> <span class='ocrx_word' id='word_1_596' title='bbox 2158 1914 2211 1960; x_wconf 92' lang='lat' dir='ltr'><strong>et</strong></span> <span class='ocrx_word' id='word_1_597' title='bbox 2238 1907 2406 1975; x_wconf 89' lang='lat' dir='ltr'><strong>inquit</strong></span> <span class='ocrx_word' id='word_1_598' title='bbox 2434 1924 2446 1960; x_wconf 94' lang='lat'><strong>:</strong></span> <span class='ocrx_word' id='word_1_599' title='bbox 2474 1906 2633 1960; x_wconf 88' lang='lat' dir='ltr'><strong>Cham</strong></span> <span class='ocrx_word' id='word_1_600' title='bbox 2658 1918 2828 1960; x_wconf 89' lang='lat' dir='ltr'><strong>autem</strong></span> <span class='ocrx_word' id='word_1_601' title='bbox 2852 1909 3021 1976; x_wconf 80' lang='lat' dir='ltr'><strong>genuit</strong></span> <span class='ocrx_word' id='word_1_602' title='bbox 3056 1908 3230 1972; x_wconf 87' lang='lat' dir='ltr'><strong>Chus;</strong></span> <span class='ocrx_word' id='word_1_603' title='bbox 3256 1917 3310 1961; x_wconf 89' lang='lat' dir='ltr'><strong>et</strong></span> <span class='ocrx_word' id='word_1_604' title='bbox 3354 1924 3563 1975; x_wconf 84' lang='lat' dir='ltr'><strong>rursus,</strong></span> 
     </span>
    </p>
   </div>
   <div class='ocr_carea' id='block_1_79' title="bbox 1985 1996 3559 2067">
    <p class='ocr_par' dir='ltr' id='par_1_79' title="bbox 1985 1996 3559 2067">
     <span class='ocr_line' id='line_1_79' title="bbox 1985 1996 3559 2067; baseline 0.001 -18"><span class='ocrx_word' id='word_1_605' title='bbox 1985 1996 2120 2049; x_wconf 86' lang='lat' dir='ltr'><strong>Chus</strong></span> <span class='ocrx_word' id='word_1_606' title='bbox 2143 1998 2309 2066; x_wconf 85' lang='lat' dir='ltr'><strong>genuit</strong></span> <span class='ocrx_word' id='word_1_607' title='bbox 2333 1996 2385 2050; x_wconf 88' lang='grc' dir='ltr'><strong><em>Ν</em></strong></span> <span class='ocrx_word' id='word_1_608' title='bbox 2390 1998 2582 2063; x_wconf 82' lang='lat' dir='ltr'><strong>emrod,</strong></span> <span class='ocrx_word' id='word_1_609' title='bbox 2606 1999 2689 2067; x_wconf 77' lang='lat' dir='ltr'><strong>qui</strong></span> <span class='ocrx_word' id='word_1_610' title='bbox 2714 1999 2859 2067; x_wconf 75' lang='lat' dir='ltr'><strong>cwpit</strong></span> <span class='ocrx_word' id='word_1_611' title='bbox 2878 2014 2984 2051; x_wconf 87' lang='lat' dir='ltr'><strong>esse</strong></span> <span class='ocrx_word' id='word_1_612' title='bbox 3004 1999 3149 2067; x_wconf 83' lang='lat' dir='ltr'><strong>gigas</strong></span> <span class='ocrx_word' id='word_1_613' title='bbox 3172 2015 3324 2067; x_wconf 83' lang='lat' dir='ltr'><strong>super</strong></span> <span class='ocrx_word' id='word_1_614' title='bbox 3352 2007 3559 2050; x_wconf 80' lang='lat' dir='ltr'><strong>(errant.</strong></span> 
     </span>
    </p>
   </div>
   <div class='ocr_carea' id='block_1_80' title="bbox 1984 2086 3563 2159">
    <p class='ocr_par' dir='ltr' id='par_1_80' title="bbox 1984 2086 3563 2159">
     <span class='ocr_line' id='line_1_80' title="bbox 1984 2086 3563 2159; baseline 0.002 -20"><span class='ocrx_word' id='word_1_615' title='bbox 1984 2086 2088 2140; x_wconf 83' lang='lat' dir='ltr'><strong>Hic</strong></span> <span class='ocrx_word' id='word_1_616' title='bbox 2117 2089 2215 2158; x_wconf 79' lang='lat' dir='ltr'><strong>fuit</strong></span> <span class='ocrx_word' id='word_1_617' title='bbox 2241 2089 2387 2158; x_wconf 83' lang='lat' dir='ltr'><strong>gigas</strong></span> <span class='ocrx_word' id='word_1_618' title='bbox 2425 2099 2634 2143; x_wconf 81' lang='lat' dir='ltr'><strong>venator</strong></span> <span class='ocrx_word' id='word_1_619' title='bbox 2667 2105 2839 2142; x_wconf 85' lang='lat' dir='ltr'><strong>coram</strong></span> <span class='ocrx_word' id='word_1_620' title='bbox 2875 2088 3095 2142; x_wconf 84' lang='lat' dir='ltr'><strong>Domino</strong></span> <span class='ocrx_word' id='word_1_621' title='bbox 3124 2088 3273 2159; x_wconf 86' lang='lat' dir='ltr'><strong>(Cap.</strong></span> <span class='ocrx_word' id='word_1_622' title='bbox 3306 2089 3392 2142; x_wconf 79' lang='grc'><strong>10.</strong></span> <span class='ocrx_word' id='word_1_623' title='bbox 3431 2089 3482 2141; x_wconf 87' lang='grc'><strong>6.</strong></span> <span class='ocrx_word' id='word_1_624' title='bbox 3509 2088 3563 2142; x_wconf 80' lang='lat'><strong>3.</strong></span> 
     </span>
    </p>
   </div>
   <div class='ocr_carea' id='block_1_81' title="bbox 1985 2180 3567 2250">
    <p class='ocr_par' dir='ltr' id='par_1_81' title="bbox 1985 2180 3567 2250">
     <span class='ocr_line' id='line_1_81' title="bbox 1985 2180 3567 2250; baseline -0.001 -16"><span class='ocrx_word' id='word_1_625' title='bbox 1985 2180 2078 2250; x_wconf 81' lang='lat'><strong>9).</strong></span> <span class='ocrx_word' id='word_1_626' title='bbox 2120 2181 2349 2247; x_wconf 88' lang='lat' dir='ltr'><strong>Quidam</strong></span> <span class='ocrx_word' id='word_1_627' title='bbox 2404 2181 2587 2235; x_wconf 89' lang='lat' dir='ltr'><strong>dicunt</strong></span> <span class='ocrx_word' id='word_1_628' title='bbox 2628 2180 2734 2247; x_wconf 90' lang='lat' dir='ltr'><strong>hic,</strong></span> <span class='ocrx_word' id='word_1_629' title='bbox 2778 2180 2959 2235; x_wconf 89' lang='lat' dir='ltr'><strong>Coram</strong></span> <span class='ocrx_word' id='word_1_630' title='bbox 3006 2181 3243 2245; x_wconf 86' lang='lat' dir='ltr'><strong>Domino,</strong></span> <span class='ocrx_word' id='word_1_631' title='bbox 3282 2181 3419 2233; x_wconf 88' lang='lat' dir='ltr'><strong>idem</strong></span> <span class='ocrx_word' id='word_1_632' title='bbox 3447 2194 3567 2233; x_wconf 85' lang='lat' dir='ltr'><strong>esse</strong></span> 
     </span>
    </p>
   </div>
   <div class='ocr_carea' id='block_1_82' title="bbox 1984 2273 3566 2345">
    <p class='ocr_par' dir='ltr' id='par_1_82' title="bbox 1984 2273 3566 2345">
     <span class='ocr_line' id='line_1_82' title="bbox 1984 2273 3566 2345; baseline 0 -20"><span class='ocrx_word' id='word_1_633' title='bbox 1984 2274 2123 2343; x_wconf 88' lang='lat' dir='ltr'><strong>quod</strong></span> <span class='ocrx_word' id='word_1_634' title='bbox 2150 2284 2333 2329; x_wconf 88' lang='lat' dir='ltr'><strong>contra</strong></span> <span class='ocrx_word' id='word_1_635' title='bbox 2364 2275 2528 2329; x_wconf 83' lang='lat' dir='ltr'><strong>Deum</strong></span> <span class='ocrx_word' id='word_1_636' title='bbox 2560 2292 2574 2330; x_wconf 92' lang='lat'><strong>:</strong></span> <span class='ocrx_word' id='word_1_637' title='bbox 2605 2291 2703 2345; x_wconf 83' lang='lat' dir='ltr'><strong>ego</strong></span> <span class='ocrx_word' id='word_1_638' title='bbox 2733 2285 2911 2329; x_wconf 89' lang='lat' dir='ltr'><strong>autem</strong></span> <span class='ocrx_word' id='word_1_639' title='bbox 2943 2290 3046 2327; x_wconf 92' lang='lat' dir='ltr'><strong>non</strong></span> <span class='ocrx_word' id='word_1_640' title='bbox 3087 2284 3214 2344; x_wconf 88' lang='lat' dir='ltr'><strong>puto</strong></span> <span class='ocrx_word' id='word_1_641' title='bbox 3239 2273 3566 2342; x_wconf 90' lang='lat' dir='ltr'><strong>Scripturam</strong></span> 
     </span>
    </p>
   </div>
   <div class='ocr_carea' id='block_1_83' title="bbox 1987 2365 3562 2437">
    <p class='ocr_par' dir='ltr' id='par_1_83' title="bbox 1987 2365 3562 2437">
     <span class='ocr_line' id='line_1_83' title="bbox 1987 2365 3562 2437; baseline -0.004 -16"><span class='ocrx_word' id='word_1_642' title='bbox 1987 2367 2087 2421; x_wconf 90' lang='lat' dir='ltr'><strong>hoc</strong></span> <span class='ocrx_word' id='word_1_643' title='bbox 2108 2369 2396 2433; x_wconf 89' lang='lat' dir='ltr'><strong>insinuare,</strong></span> <span class='ocrx_word' id='word_1_644' title='bbox 2429 2370 2520 2422; x_wconf 86' lang='lat' dir='ltr'><strong>sed</strong></span> <span class='ocrx_word' id='word_1_645' title='bbox 2552 2370 2721 2437; x_wconf 87' lang='lat' dir='ltr'><strong>ipsum</strong></span> <span class='ocrx_word' id='word_1_646' title='bbox 2751 2368 2937 2422; x_wconf 89' lang='lat' dir='ltr'><strong>fortem</strong></span> <span class='ocrx_word' id='word_1_647' title='bbox 2969 2368 3353 2437; x_wconf 88' lang='lat' dir='ltr'><strong>robustumque</strong></span> <span class='ocrx_word' id='word_1_648' title='bbox 3383 2365 3562 2419; x_wconf 86' lang='lat' dir='ltr'><strong>fuisse.</strong></span> 
     </span>
    </p>
   </div>
   <div class='ocr_carea' id='block_1_84' title="bbox 1984 2457 3571 2527">
    <p class='ocr_par' dir='ltr' id='par_1_84' title="bbox 1984 2457 3571 2527">
     <span class='ocr_line' id='line_1_84' title="bbox 1984 2457 3571 2527; baseline -0.004 -13"><span class='ocrx_word' id='word_1_649' title='bbox 1984 2459 2134 2527; x_wconf 83' lang='lat' dir='ltr'><strong>Quod</strong></span> <span class='ocrx_word' id='word_1_650' title='bbox 2162 2470 2336 2514; x_wconf 84' lang='lat' dir='ltr'><strong>autent</strong></span> <span class='ocrx_word' id='word_1_651' title='bbox 2359 2460 2505 2527; x_wconf 88' lang='lat' dir='ltr'><strong>dicit,</strong></span> <span class='ocrx_word' id='word_1_652' title='bbox 2538 2459 2719 2514; x_wconf 80' lang='lat' dir='ltr'><strong>Coram</strong></span> <span class='ocrx_word' id='word_1_653' title='bbox 2742 2460 2959 2513; x_wconf 84' lang='lat' dir='ltr'><strong>Domino</strong></span> <span class='ocrx_word' id='word_1_654' title='bbox 2978 2458 3110 2522; x_wconf 89' lang='lat' dir='ltr'><strong>Deo,</strong></span> <span class='ocrx_word' id='word_1_655' title='bbox 3144 2459 3244 2511; x_wconf 92' lang='lat' dir='ltr'><strong>hoc</strong></span> <span class='ocrx_word' id='word_1_656' title='bbox 3271 2469 3370 2515; x_wconf 87' lang='lat' dir='ltr'><strong>est.</strong></span> <span class='ocrx_word' id='word_1_657' title='bbox 3397 2457 3465 2509; x_wconf 90' lang='lat' dir='ltr'><strong>ab</strong></span> <span class='ocrx_word' id='word_1_658' title='bbox 3501 2469 3571 2509; x_wconf 81' lang='lat' dir='ltr'><strong>eo</strong></span> 
     </span>
    </p>
   </div>
   <div class='ocr_carea' id='block_1_85' title="bbox 1987 2548 3569 2622">
    <p class='ocr_par' dir='ltr' id='par_1_85' title="bbox 1987 2548 3569 2622">
     <span class='ocr_line' id='line_1_85' title="bbox 1987 2548 3569 2622; baseline -0.004 -16"><span class='ocrx_word' id='word_1_659' title='bbox 1987 2554 2327 2615; x_wconf 72' lang='lat' dir='ltr'><strong>consﬁtutus,</strong></span> <span class='ocrx_word' id='word_1_660' title='bbox 2387 2566 2452 2606; x_wconf 90' lang='lat' dir='ltr'><strong>eo</strong></span> <span class='ocrx_word' id='word_1_661' title='bbox 2500 2552 2641 2622; x_wconf 89' lang='lat' dir='ltr'><strong>quod</strong></span> <span class='ocrx_word' id='word_1_662' title='bbox 2698 2560 2977 2620; x_wconf 81' lang='lat' dir='ltr'><strong>acceperat</strong></span> <span class='ocrx_word' id='word_1_663' title='bbox 3026 2549 3449 2604; x_wconf 82' lang='lat' dir='ltr'><strong>benedictionem</strong></span> <span class='ocrx_word' id='word_1_664' title='bbox 3500 2548 3569 2600; x_wconf 89' lang='lat' dir='ltr'><strong>ab</strong></span> 
     </span>
    </p>
   </div>
   <div class='ocr_carea' id='block_1_86' title="bbox 1988 2640 3571 2713">
    <p class='ocr_par' dir='ltr' id='par_1_86' title="bbox 1988 2640 3571 2713">
     <span class='ocr_line' id='line_1_86' title="bbox 1988 2640 3571 2713; baseline -0.001 -17"><span class='ocrx_word' id='word_1_665' title='bbox 1988 2643 2080 2697; x_wconf 90' lang='lat' dir='ltr'><strong>illo</strong></span> <span class='ocrx_word' id='word_1_666' title='bbox 2108 2659 2122 2699; x_wconf 88' lang='lat'><strong>:</strong></span> <span class='ocrx_word' id='word_1_667' title='bbox 2155 2642 2239 2697; x_wconf 76' lang='lat' dir='ltr'><strong>vel</strong></span> <span class='ocrx_word' id='word_1_668' title='bbox 2269 2643 2408 2713; x_wconf 85' lang='lat' dir='ltr'><strong>quod</strong></span> <span class='ocrx_word' id='word_1_669' title='bbox 2437 2643 2576 2697; x_wconf 89' lang='lat' dir='ltr'><strong>Deus</strong></span> <span class='ocrx_word' id='word_1_670' title='bbox 2606 2658 2702 2713; x_wconf 79' lang='lat' dir='ltr'><strong>per</strong></span> <span class='ocrx_word' id='word_1_671' title='bbox 2747 2643 2887 2697; x_wconf 89' lang='lat' dir='ltr'><strong>hunc</strong></span> <span class='ocrx_word' id='word_1_672' title='bbox 2932 2650 3075 2697; x_wconf 83' lang='lat' dir='ltr'><strong>esset</strong></span> <span class='ocrx_word' id='word_1_673' title='bbox 3127 2642 3178 2695; x_wconf 91' lang='lat' dir='ltr'><strong>in</strong></span> <span class='ocrx_word' id='word_1_674' title='bbox 3221 2640 3571 2695; x_wconf 79' lang='lat' dir='ltr'><strong>admiratione</strong></span> 
     </span>
    </p>
   </div>
   <div class='ocr_carea' id='block_1_87' title="bbox 1988 2734 3569 2804">
    <p class='ocr_par' dir='ltr' id='par_1_87' title="bbox 1988 2734 3569 2804">
     <span class='ocr_line' id='line_1_87' title="bbox 1988 2734 3569 2804; baseline -0.003 -16"><span class='ocrx_word' id='word_1_675' title='bbox 1988 2734 2283 2801; x_wconf 83' lang='lat' dir='ltr'><strong>habendus,</strong></span> <span class='ocrx_word' id='word_1_676' title='bbox 2315 2734 2455 2804; x_wconf 90' lang='lat' dir='ltr'><strong>quod</strong></span> <span class='ocrx_word' id='word_1_677' title='bbox 2497 2734 2653 2788; x_wconf 87' lang='lat' dir='ltr'><strong>talem</strong></span> <span class='ocrx_word' id='word_1_678' title='bbox 2682 2734 3046 2803; x_wconf 77' lang='lat' dir='ltr'><strong>produxisset,</strong></span> <span class='ocrx_word' id='word_1_679' title='bbox 3085 2742 3138 2787; x_wconf 89' lang='lat' dir='ltr'><strong>et</strong></span> <span class='ocrx_word' id='word_1_680' title='bbox 3167 2746 3327 2802; x_wconf 88' lang='lat' dir='ltr'><strong>super</strong></span> <span class='ocrx_word' id='word_1_681' title='bbox 3370 2739 3569 2786; x_wconf 82' lang='lat' dir='ltr'><strong>terram</strong></span> 
     </span>
    </p>
   </div>
   <div class='ocr_carea' id='block_1_88' title="bbox 1988 2823 3568 2894">
    <p class='ocr_par' dir='ltr' id='par_1_88' title="bbox 1988 2823 3568 2894">
     <span class='ocr_line' id='line_1_88' title="bbox 1988 2823 3568 2894; baseline -0.003 -14"><span class='ocrx_word' id='word_1_682' title='bbox 1988 2833 2356 2881; x_wconf 44' lang='lat' dir='ltr'><strong>monstrasset.</strong></span> <span class='ocrx_word' id='word_1_683' title='bbox 2390 2826 2494 2880; x_wconf 89' lang='lat' dir='ltr'><strong>Sed</strong></span> <span class='ocrx_word' id='word_1_684' title='bbox 2527 2826 2613 2880; x_wconf 85' lang='lat' dir='ltr'><strong>hic</strong></span> <span class='ocrx_word' id='word_1_685' title='bbox 2635 2826 2825 2879; x_wconf 90' lang='lat' dir='ltr'><strong>iterum</strong></span> <span class='ocrx_word' id='word_1_686' title='bbox 2849 2841 3102 2894; x_wconf 88' lang='lat' dir='ltr'><strong>proavum</strong></span> <span class='ocrx_word' id='word_1_687' title='bbox 3132 2838 3286 2878; x_wconf 91' lang='lat' dir='ltr'><strong>suum</strong></span> <span class='ocrx_word' id='word_1_688' title='bbox 3312 2823 3568 2888; x_wconf 79' lang='lat' dir='ltr'><strong>imitatus,</strong></span> 
     </span>
    </p>
   </div>
   <div class='ocr_carea' id='block_1_89' title="bbox 1986 2916 3567 2987">
    <p class='ocr_par' dir='ltr' id='par_1_89' title="bbox 1986 2916 3567 2987">
     <span class='ocr_line' id='line_1_89' title="bbox 1986 2916 3567 2987; baseline -0.003 -15"><span class='ocrx_word' id='word_1_689' title='bbox 1986 2928 2041 2972; x_wconf 91' lang='lat' dir='ltr'><strong>et</strong></span> <span class='ocrx_word' id='word_1_690' title='bbox 2063 2916 2262 2971; x_wconf 86' lang='lat' dir='ltr'><strong>abusus</strong></span> <span class='ocrx_word' id='word_1_691' title='bbox 2290 2928 2491 2972; x_wconf 72' lang='lat' dir='ltr'><strong>natura:</strong></span> <span class='ocrx_word' id='word_1_692' title='bbox 2536 2918 2919 2987; x_wconf 67' lang='lat' dir='ltr'><strong>praerogativis,</strong></span> <span class='ocrx_word' id='word_1_693' title='bbox 2948 2917 3109 2970; x_wconf 90' lang='lat' dir='ltr'><strong>alium</strong></span> <span class='ocrx_word' id='word_1_694' title='bbox 3137 2916 3410 2971; x_wconf 81' lang='lat' dir='ltr'><strong>servitutis</strong></span> <span class='ocrx_word' id='word_1_695' title='bbox 3455 2929 3567 2968; x_wconf 82' lang='lat' dir='ltr'><strong>mo-</strong></span> 
     </span>
    </p>
   </div>
   <div class='ocr_carea' id='block_1_90' title="bbox 1984 3004 3562 3078">
    <p class='ocr_par' dir='ltr' id='par_1_90' title="bbox 1984 3004 3562 3078">
     <span class='ocr_line' id='line_1_90' title="bbox 1984 3004 3562 3078; baseline -0.002 -16"><span class='ocrx_word' id='word_1_696' title='bbox 1984 3008 2109 3063; x_wconf 91' lang='lat' dir='ltr'><strong>dum</strong></span> <span class='ocrx_word' id='word_1_697' title='bbox 2149 3008 2419 3063; x_wconf 76' lang='lat' dir='ltr'><strong>adinvenit</strong></span> <span class='ocrx_word' id='word_1_698' title='bbox 2442 3049 2457 3073; x_wconf 87' lang='lat'><strong>,</strong></span> <span class='ocrx_word' id='word_1_699' title='bbox 2488 3017 2646 3078; x_wconf 88' lang='lat' dir='ltr'><strong>atque</strong></span> <span class='ocrx_word' id='word_1_700' title='bbox 2692 3008 3047 3077; x_wconf 85' lang='lat' dir='ltr'><strong>principatum</strong></span> <span class='ocrx_word' id='word_1_701' title='bbox 3081 3021 3412 3076; x_wconf 87' lang='lat' dir='ltr'><strong>regnumque</strong></span> <span class='ocrx_word' id='word_1_702' title='bbox 3438 3004 3562 3059; x_wconf 74' lang='lat' dir='ltr'><strong>affc~</strong></span> 
     </span>
    </p>
   </div>
   <div class='ocr_carea' id='block_1_91' title="bbox 1987 3097 3565 3169">
    <p class='ocr_par' dir='ltr' id='par_1_91' title="bbox 1987 3097 3565 3169">
     <span class='ocr_line' id='line_1_91' title="bbox 1987 3097 3565 3169; baseline -0.002 -15"><span class='ocrx_word' id='word_1_703' title='bbox 1987 3100 2166 3154; x_wconf 87' lang='lat' dir='ltr'><strong>ctavit.</strong></span> <span class='ocrx_word' id='word_1_704' title='bbox 2200 3099 2313 3153; x_wconf 65' lang='lat' dir='ltr'><strong>iter</strong></span> <span class='ocrx_word' id='word_1_705' title='bbox 2364 3101 2505 3154; x_wconf 88' lang='lat' dir='ltr'><strong>enim</strong></span> <span class='ocrx_word' id='word_1_706' title='bbox 2550 3114 2835 3169; x_wconf 88' lang='lat' dir='ltr'><strong>numquam</strong></span> <span class='ocrx_word' id='word_1_707' title='bbox 2863 3098 3045 3164; x_wconf 87' lang='lat' dir='ltr'><strong>fuerit,</strong></span> <span class='ocrx_word' id='word_1_708' title='bbox 3075 3099 3118 3153; x_wconf 91' lang='lat' dir='ltr'><strong>si</strong></span> <span class='ocrx_word' id='word_1_709' title='bbox 3163 3113 3267 3153; x_wconf 91' lang='lat' dir='ltr'><strong>non</strong></span> <span class='ocrx_word' id='word_1_710' title='bbox 3302 3098 3411 3153; x_wconf 91' lang='lat' dir='ltr'><strong>sint</strong></span> <span class='ocrx_word' id='word_1_711' title='bbox 3439 3097 3565 3152; x_wconf 85' lang='lat' dir='ltr'><strong>sub-</strong></span> 
     </span>
    </p>
   </div>
   <div class='ocr_carea' id='block_1_92' title="bbox 1989 3190 3573 3246">
    <p class='ocr_par' dir='ltr' id='par_1_92' title="bbox 1989 3190 3573 3246">
     <span class='ocr_line' id='line_1_92' title="bbox 1989 3190 3573 3246; baseline -0.002 -2"><span class='ocrx_word' id='word_1_712' title='bbox 1989 3192 2083 3245; x_wconf 88' lang='lat' dir='ltr'><strong>diti</strong></span> <span class='ocrx_word' id='word_1_713' title='bbox 2115 3208 2128 3244; x_wconf 93' lang='lat'><strong>:</strong></span> <span class='ocrx_word' id='word_1_714' title='bbox 2158 3200 2281 3245; x_wconf 91' lang='lat' dir='ltr'><strong>tunc</strong></span> <span class='ocrx_word' id='word_1_715' title='bbox 2301 3200 2478 3245; x_wconf 88' lang='lat' dir='ltr'><strong>autem</strong></span> <span class='ocrx_word' id='word_1_716' title='bbox 2499 3206 2626 3246; x_wconf 87' lang='lat' dir='ltr'><strong>vere</strong></span> <span class='ocrx_word' id='word_1_717' title='bbox 2655 3191 2864 3245; x_wconf 76' lang='lat' dir='ltr'><strong>videtur</strong></span> <span class='ocrx_word' id='word_1_718' title='bbox 2899 3206 3020 3246; x_wconf 87' lang='lat' dir='ltr'><strong>esse</strong></span> <span class='ocrx_word' id='word_1_719' title='bbox 3047 3190 3265 3245; x_wconf 87' lang='lat' dir='ltr'><strong>libertas</strong></span> <span class='ocrx_word' id='word_1_720' title='bbox 3296 3207 3309 3243; x_wconf 93' lang='lat'><strong>:</strong></span> <span class='ocrx_word' id='word_1_721' title='bbox 3342 3190 3573 3244; x_wconf 82' lang='lat' dir='ltr'><strong>servitus</strong></span> 
     </span>
    </p>
   </div>
   <div class='ocr_carea' id='block_1_93' title="bbox 1991 3280 3569 3352">
    <p class='ocr_par' dir='ltr' id='par_1_93' title="bbox 1991 3280 3569 3352">
     <span class='ocr_line' id='line_1_93' title="bbox 1991 3280 3569 3352; baseline 0 -19"><span class='ocrx_word' id='word_1_722' title='bbox 1991 3297 2153 3352; x_wconf 88' lang='lat' dir='ltr'><strong>porro</strong></span> <span class='ocrx_word' id='word_1_723' title='bbox 2170 3282 2486 3352; x_wconf 84' lang='lat' dir='ltr'><strong>gravissima</strong></span> <span class='ocrx_word' id='word_1_724' title='bbox 2521 3292 2603 3337; x_wconf 90' lang='lat' dir='ltr'><strong>est</strong></span> <span class='ocrx_word' id='word_1_725' title='bbox 2645 3283 2699 3337; x_wconf 93' lang='lat' dir='ltr'><strong>in</strong></span> <span class='ocrx_word' id='word_1_726' title='bbox 2722 3283 2911 3337; x_wconf 88' lang='lat' dir='ltr'><strong>ordine</strong></span> <span class='ocrx_word' id='word_1_727' title='bbox 2955 3282 3237 3346; x_wconf 79' lang='lat' dir='ltr'><strong>libertatis,</strong></span> <span class='ocrx_word' id='word_1_728' title='bbox 3271 3280 3569 3350; x_wconf 60' lang='lat' dir='ltr'><strong>praesertim</strong></span> 
     </span>
    </p>
   </div>
   <div class='ocr_carea' id='block_1_94' title="bbox 1990 3372 3567 3446">
    <p class='ocr_par' dir='ltr' id='par_1_94' title="bbox 1990 3372 3567 3446">
     <span class='ocr_line' id='line_1_94' title="bbox 1990 3372 3567 3446; baseline -0.004 -16"><span class='ocrx_word' id='word_1_729' title='bbox 1990 3377 2033 3430; x_wconf 87' lang='lat' dir='ltr'><strong>si</strong></span> <span class='ocrx_word' id='word_1_730' title='bbox 2065 3376 2245 3431; x_wconf 87' lang='lat' dir='ltr'><strong>liberis</strong></span> <span class='ocrx_word' id='word_1_731' title='bbox 2287 3375 2599 3446; x_wconf 84' lang='lat' dir='ltr'><strong>imperetur.</strong></span> <span class='ocrx_word' id='word_1_732' title='bbox 2630 3378 2706 3430; x_wconf 86' lang='lat' dir='ltr'><strong>Ac</strong></span> <span class='ocrx_word' id='word_1_733' title='bbox 2734 3375 2855 3429; x_wconf 87' lang='lat' dir='ltr'><strong>vide</strong></span> <span class='ocrx_word' id='word_1_734' title='bbox 2879 3384 3075 3445; x_wconf 86' lang='lat' dir='ltr'><strong>quanta</strong></span> <span class='ocrx_word' id='word_1_735' title='bbox 3118 3374 3277 3427; x_wconf 83' lang='lat' dir='ltr'><strong>faciat</strong></span> <span class='ocrx_word' id='word_1_736' title='bbox 3309 3372 3567 3426; x_wconf 87' lang='lat' dir='ltr'><strong>ambitio:</strong></span> 
     </span>
    </p>
   </div>
   <div class='ocr_carea' id='block_1_95' title="bbox 1990 3464 3572 3537">
    <p class='ocr_par' dir='ltr' id='par_1_95' title="bbox 1990 3464 3572 3537">
     <span class='ocr_line' id='line_1_95' title="bbox 1990 3464 3572 3537; baseline -0.003 -16"><span class='ocrx_word' id='word_1_737' title='bbox 1990 3468 2110 3521; x_wconf 86' lang='lat' dir='ltr'><strong>vide</strong></span> <span class='ocrx_word' id='word_1_738' title='bbox 2147 3469 2389 3537; x_wconf 89' lang='lat' dir='ltr'><strong>corporis</strong></span> <span class='ocrx_word' id='word_1_739' title='bbox 2437 3469 2598 3522; x_wconf 89' lang='lat' dir='ltr'><strong>robur</strong></span> <span class='ocrx_word' id='word_1_740' title='bbox 2628 3484 2732 3521; x_wconf 89' lang='lat' dir='ltr'><strong>non</strong></span> <span class='ocrx_word' id='word_1_741' title='bbox 2786 3481 3008 3520; x_wconf 85' lang='lat' dir='ltr'><strong>manens</strong></span> <span class='ocrx_word' id='word_1_742' title='bbox 3037 3469 3175 3519; x_wconf 84' lang='lat' dir='ltr'><strong>intra</strong></span> <span class='ocrx_word' id='word_1_743' title='bbox 3201 3479 3327 3519; x_wconf 87' lang='lat' dir='ltr'><strong>suos</strong></span> <span class='ocrx_word' id='word_1_744' title='bbox 3356 3464 3572 3525; x_wconf 85' lang='lat' dir='ltr'><strong>limites.</strong></span> 
     </span>
    </p>
   </div>
   <div class='ocr_carea' id='block_1_96' title="bbox 1991 3559 3573 3629">
    <p class='ocr_par' dir='ltr' id='par_1_96' title="bbox 1991 3559 3573 3629">
     <span class='ocr_line' id='line_1_96' title="bbox 1991 3559 3573 3629; baseline -0.004 -15"><span class='ocrx_word' id='word_1_745' title='bbox 1991 3560 2084 3614; x_wconf 85' lang='lat' dir='ltr'><strong>sed</strong></span> <span class='ocrx_word' id='word_1_746' title='bbox 2126 3560 2274 3629; x_wconf 88' lang='lat' dir='ltr'><strong>plura</strong></span> <span class='ocrx_word' id='word_1_747' title='bbox 2302 3567 2559 3629; x_wconf 75' lang='lat' dir='ltr'><strong>expetens</strong></span> <span class='ocrx_word' id='word_1_748' title='bbox 2582 3602 2596 3624; x_wconf 90' lang='lat'><strong>,</strong></span> <span class='ocrx_word' id='word_1_749' title='bbox 2640 3568 2694 3614; x_wconf 85' lang='lat' dir='ltr'><strong>et</strong></span> <span class='ocrx_word' id='word_1_750' title='bbox 2739 3559 2920 3629; x_wconf 77' lang='lat' dir='ltr'><strong>gloria:</strong></span> <span class='ocrx_word' id='word_1_751' title='bbox 2948 3566 3284 3628; x_wconf 85' lang='lat' dir='ltr'><strong>appetentem</strong></span> <span class='ocrx_word' id='word_1_752' title='bbox 3308 3566 3573 3611; x_wconf 87' lang='lat' dir='ltr'><strong>naturam.</strong></span> 
     </span>
    </p>
   </div>
   <div class='ocr_carea' id='block_1_97' title="bbox 1989 3648 3577 3719">
    <p class='ocr_par' dir='ltr' id='par_1_97' title="bbox 1989 3648 3577 3719">
     <span class='ocr_line' id='line_1_97' title="bbox 1989 3648 3577 3719; baseline -0.004 -12"><span class='ocrx_word' id='word_1_753' title='bbox 1989 3651 2106 3707; x_wconf 86' lang='lat' dir='ltr'><strong>Non</strong></span> <span class='ocrx_word' id='word_1_754' title='bbox 2134 3653 2275 3707; x_wconf 88' lang='lat' dir='ltr'><strong>enim</strong></span> <span class='ocrx_word' id='word_1_755' title='bbox 2302 3662 2357 3706; x_wconf 92' lang='lat' dir='ltr'><strong>ut</strong></span> <span class='ocrx_word' id='word_1_756' title='bbox 2387 3650 2697 3706; x_wconf 88' lang='lat' dir='ltr'><strong>defenderet</strong></span> <span class='ocrx_word' id='word_1_757' title='bbox 2723 3651 2841 3705; x_wconf 91' lang='lat' dir='ltr'><strong>illos</strong></span> <span class='ocrx_word' id='word_1_758' title='bbox 2872 3692 2887 3717; x_wconf 91' lang='lat'><strong>,</strong></span> <span class='ocrx_word' id='word_1_759' title='bbox 2938 3650 3272 3719; x_wconf 87' lang='lat' dir='ltr'><strong>imperabat;</strong></span> <span class='ocrx_word' id='word_1_760' title='bbox 3299 3648 3396 3703; x_wconf 90' lang='lat' dir='ltr'><strong>sed</strong></span> <span class='ocrx_word' id='word_1_761' title='bbox 3420 3656 3475 3702; x_wconf 85' lang='lat' dir='ltr'><strong>et</strong></span> <span class='ocrx_word' id='word_1_762' title='bbox 3499 3648 3577 3701; x_wconf 84' lang='lat' dir='ltr'><strong>ci-</strong></span> 
     </span>
    </p>
   </div>
   <div class='ocr_carea' id='block_1_98' title="bbox 1992 3736 3577 3809">
    <p class='ocr_par' dir='ltr' id='par_1_98' title="bbox 1992 3736 3577 3809">
     <span class='ocr_line' id='line_1_98' title="bbox 1992 3736 3577 3809; baseline -0.004 -12"><span class='ocrx_word' id='word_1_763' title='bbox 1992 3744 2184 3799; x_wconf 89' lang='lat' dir='ltr'><strong>vitates</strong></span> <span class='ocrx_word' id='word_1_764' title='bbox 2228 3743 2527 3798; x_wconf 70' lang='lat' dir='ltr'><strong>mdificabat</strong></span> <span class='ocrx_word' id='word_1_765' title='bbox 2569 3754 2626 3797; x_wconf 92' lang='lat' dir='ltr'><strong>ut</strong></span> <span class='ocrx_word' id='word_1_766' title='bbox 2662 3742 2903 3797; x_wconf 90' lang='lat' dir='ltr'><strong>hostibus</strong></span> <span class='ocrx_word' id='word_1_767' title='bbox 2948 3742 3259 3809; x_wconf 83' lang='lat' dir='ltr'><strong>imperaret.</strong></span> <span class='ocrx_word' id='word_1_768' title='bbox 3310 3741 3401 3794; x_wconf 79' lang='grc' dir='ltr'><strong>Η.</strong></span> <span class='ocrx_word' id='word_1_769' title='bbox 3446 3736 3577 3791; x_wconf 73' lang='lat' dir='ltr'><strong>Inde</strong></span> 
     </span>
    </p>
   </div>
   <div class='ocr_carea' id='block_1_99' title="bbox 1992 3828 3579 3904">
    <p class='ocr_par' dir='ltr' id='par_1_99' title="bbox 1992 3828 3579 3904">
     <span class='ocr_line' id='line_1_99' title="bbox 1992 3828 3579 3904; baseline -0.006 -15"><span class='ocrx_word' id='word_1_770' title='bbox 1992 3836 2145 3899; x_wconf 83' lang='lat' dir='ltr'><strong>enim,</strong></span> <span class='ocrx_word' id='word_1_771' title='bbox 2193 3835 2379 3904; x_wconf 83' lang='lat' dir='ltr'><strong>inquit,</strong></span> <span class='ocrx_word' id='word_1_772' title='bbox 2424 3849 2486 3887; x_wconf 78' lang='lat' dir='ltr'><strong>ea:</strong></span> <span class='ocrx_word' id='word_1_773' title='bbox 2524 3843 2656 3887; x_wconf 85' lang='lat' dir='ltr'><strong>terra</strong></span> <span class='ocrx_word' id='word_1_774' title='bbox 2689 3834 2780 3886; x_wconf 86' lang='lat' dir='ltr'><strong>illa</strong></span> <span class='ocrx_word' id='word_1_775' title='bbox 2814 3833 2964 3886; x_wconf 73' lang='lat' dir='ltr'><strong>exivit</strong></span> <span class='ocrx_word' id='word_1_776' title='bbox 3006 3830 3185 3895; x_wconf 84' lang='lat' dir='ltr'><strong>Assur,</strong></span> <span class='ocrx_word' id='word_1_777' title='bbox 3235 3839 3282 3883; x_wconf 86' lang='lat' dir='ltr'><strong>et</strong></span> <span class='ocrx_word' id='word_1_778' title='bbox 3309 3828 3579 3896; x_wconf 66' lang='lat' dir='ltr'><strong>aediﬁcavit</strong></span> 
     </span>
    </p>
   </div>
   <div class='ocr_carea' id='block_1_100' title="bbox 1997 3924 3578 3995">
    <p class='ocr_par' dir='ltr' id='par_1_100' title="bbox 1997 3924 3578 3995">
     <span class='ocr_line' id='line_1_100' title="bbox 1997 3924 3578 3995; baseline -0.003 -15"><span class='ocrx_word' id='word_1_779' title='bbox 1997 3927 2240 3981; x_wconf 84' lang='lat' dir='ltr'><strong>Niniven.</strong></span> <span class='ocrx_word' id='word_1_780' title='bbox 2273 3927 2651 3981; x_wconf 83' lang='lat' dir='ltr'><strong>Animadverte</strong></span> <span class='ocrx_word' id='word_1_781' title='bbox 2671 3925 2757 3979; x_wconf 87' lang='lat' dir='ltr'><strong>hic</strong></span> <span class='ocrx_word' id='word_1_782' title='bbox 2784 3940 2996 3995; x_wconf 86' lang='lat' dir='ltr'><strong>quoque</strong></span> <span class='ocrx_word' id='word_1_783' title='bbox 3036 3924 3167 3978; x_wconf 77' lang='lat' dir='ltr'><strong>nihil</strong></span> <span class='ocrx_word' id='word_1_784' title='bbox 3196 3924 3388 3977; x_wconf 59' lang='lat' dir='ltr'><strong>laedere</strong></span> <span class='ocrx_word' id='word_1_785' title='bbox 3419 3930 3578 3975; x_wconf 75' lang='lat' dir='ltr'><strong>natu-</strong></span> 
     </span>
    </p>
   </div>
   <div class='ocr_carea' id='block_1_101' title="bbox 1992 4012 3573 4087">
    <p class='ocr_par' dir='ltr' id='par_1_101' title="bbox 1992 4012 3573 4087">
     <span class='ocr_line' id='line_1_101' title="bbox 1992 4012 3573 4087; baseline -0.004 -14"><span class='ocrx_word' id='word_1_786' title='bbox 1992 4032 2105 4073; x_wconf 84' lang='lat' dir='ltr'><strong>ram</strong></span> <span class='ocrx_word' id='word_1_787' title='bbox 2153 4026 2394 4072; x_wconf 90' lang='lat' dir='ltr'><strong>nostram</strong></span> <span class='ocrx_word' id='word_1_788' title='bbox 2437 4017 2835 4087; x_wconf 84' lang='lat' dir='ltr'><strong>progenitorum</strong></span> <span class='ocrx_word' id='word_1_789' title='bbox 2886 4016 3162 4071; x_wconf 87' lang='lat' dir='ltr'><strong>malitiam.</strong></span> <span class='ocrx_word' id='word_1_790' title='bbox 3200 4014 3260 4068; x_wconf 83' lang='lat' dir='ltr'><strong>Hi</strong></span> <span class='ocrx_word' id='word_1_791' title='bbox 3288 4014 3454 4078; x_wconf 88' lang='lat' dir='ltr'><strong>enim,</strong></span> <span class='ocrx_word' id='word_1_792' title='bbox 3479 4012 3573 4066; x_wconf 80' lang='lat' dir='ltr'><strong>Ni-</strong></span> 
     </span>
    </p>
   </div>
   <div class='ocr_carea' id='block_1_102' title="bbox 1996 4107 3578 4177">
    <p class='ocr_par' dir='ltr' id='par_1_102' title="bbox 1996 4107 3578 4177">
     <span class='ocr_line' id='line_1_102' title="bbox 1996 4107 3578 4177; baseline -0.005 -12"><span class='ocrx_word' id='word_1_793' title='bbox 1996 4112 2190 4165; x_wconf 90' lang='lat' dir='ltr'><strong>nivitas</strong></span> <span class='ocrx_word' id='word_1_794' title='bbox 2230 4110 2370 4174; x_wconf 87' lang='lat' dir='ltr'><strong>dico,</strong></span> <span class='ocrx_word' id='word_1_795' title='bbox 2398 4110 2817 4164; x_wconf 87' lang='lat' dir='ltr'><strong>misericordiam</strong></span> <span class='ocrx_word' id='word_1_796' title='bbox 2851 4109 2942 4163; x_wconf 86' lang='lat' dir='ltr'><strong>Dei</strong></span> <span class='ocrx_word' id='word_1_797' title='bbox 2988 4107 3296 4177; x_wconf 73' lang='lat' dir='ltr'><strong>pwnilentia</strong></span> <span class='ocrx_word' id='word_1_798' title='bbox 3324 4107 3424 4160; x_wconf 88' lang='lat' dir='ltr'><strong>sibi</strong></span> <span class='ocrx_word' id='word_1_799' title='bbox 3449 4119 3578 4158; x_wconf 81' lang='lat' dir='ltr'><strong>con-</strong></span> 
     </span>
    </p>
   </div>
   <div class='ocr_carea' id='block_1_103' title="bbox 1996 4198 3585 4267">
    <p class='ocr_par' dir='ltr' id='par_1_103' title="bbox 1996 4198 3585 4267">
     <span class='ocr_line' id='line_1_103' title="bbox 1996 4198 3585 4267; baseline -0.005 -12"><span class='ocrx_word' id='word_1_800' title='bbox 1996 4204 2261 4267; x_wconf 89' lang='lat' dir='ltr'><strong>ciliarunt,</strong></span> <span class='ocrx_word' id='word_1_801' title='bbox 2286 4212 2529 4256; x_wconf 84' lang='lat' dir='ltr'><strong>revocata</strong></span> <span class='ocrx_word' id='word_1_802' title='bbox 2559 4201 2700 4255; x_wconf 74' lang='lat' dir='ltr'><strong>iliius</strong></span> <span class='ocrx_word' id='word_1_803' title='bbox 2729 4200 2996 4254; x_wconf 87' lang='lat' dir='ltr'><strong>sententia</strong></span> <span class='ocrx_word' id='word_1_804' title='bbox 3047 4216 3061 4252; x_wconf 87' lang='lat'><strong>:</strong></span> <span class='ocrx_word' id='word_1_805' title='bbox 3087 4198 3162 4263; x_wconf 86' lang='lat' dir='ltr'><strong>hi,</strong></span> <span class='ocrx_word' id='word_1_806' title='bbox 3192 4198 3429 4266; x_wconf 87' lang='lat' dir='ltr'><strong>inquam,</strong></span> <span class='ocrx_word' id='word_1_807' title='bbox 3456 4211 3585 4265; x_wconf 80' lang='lat' dir='ltr'><strong>pro-</strong></span> 
     </span>
    </p>
   </div>
   <div class='ocr_carea' id='block_1_104' title="bbox 1995 4287 3577 4365">
    <p class='ocr_par' dir='ltr' id='par_1_104' title="bbox 1995 4287 3577 4365">
     <span class='ocr_line' id='line_1_104' title="bbox 1995 4287 3577 4365; baseline -0.008 -15"><span class='ocrx_word' id='word_1_808' title='bbox 1995 4296 2287 4365; x_wconf 87' lang='lat' dir='ltr'><strong>genitorem</strong></span> <span class='ocrx_word' id='word_1_809' title='bbox 2311 4295 2607 4348; x_wconf 90' lang='lat' dir='ltr'><strong>habuerunt</strong></span> <span class='ocrx_word' id='word_1_810' title='bbox 2635 4292 2801 4347; x_wconf 85' lang='lat' dir='ltr'><strong>Cham</strong></span> <span class='ocrx_word' id='word_1_811' title='bbox 2830 4290 3169 4361; x_wconf 85' lang='lat' dir='ltr'><strong>parricidam,</strong></span> <span class='ocrx_word' id='word_1_812' title='bbox 3190 4288 3384 4343; x_wconf 88' lang='lat' dir='ltr'><strong>deinde</strong></span> <span class='ocrx_word' id='word_1_813' title='bbox 3415 4287 3577 4341; x_wconf 79' lang='lat' dir='ltr'><strong>Nem-</strong></span> 
     </span>
    </p>
   </div>
   <div class='ocr_carea' id='block_1_105' title="bbox 1998 4389 3579 4458">
    <p class='ocr_par' dir='ltr' id='par_1_105' title="bbox 1998 4389 3579 4458">
     <span class='ocr_line' id='line_1_105' title="bbox 1998 4389 3579 4458; baseline -0.007 -15"><span class='ocrx_word' id='word_1_814' title='bbox 1998 4389 2093 4443; x_wconf 90' lang='lat' dir='ltr'><strong>rod</strong></span> <span class='ocrx_word' id='word_1_815' title='bbox 2117 4389 2385 4442; x_wconf 89' lang='lat' dir='ltr'><strong>hominem</strong></span> <span class='ocrx_word' id='word_1_816' title='bbox 2420 4396 2699 4458; x_wconf 86' lang='lat' dir='ltr'><strong>tyrannum</strong></span> <span class='ocrx_word' id='word_1_817' title='bbox 2735 4395 2789 4439; x_wconf 90' lang='lat' dir='ltr'><strong>et</strong></span> <span class='ocrx_word' id='word_1_818' title='bbox 2828 4392 3277 4453; x_wconf 78' lang='lat' dir='ltr'><strong>arrogantem,ex</strong></span> <span class='ocrx_word' id='word_1_819' title='bbox 3302 4397 3408 4450; x_wconf 90' lang='lat' dir='ltr'><strong>quo</strong></span> <span class='ocrx_word' id='word_1_820' title='bbox 3429 4391 3579 4435; x_wconf 85' lang='lat' dir='ltr'><strong>ortus</strong></span> 
     </span>
    </p>
   </div>
   <div class='ocr_carea' id='block_1_106' title="bbox 1999 4472 3581 4552">
    <p class='ocr_par' dir='ltr' id='par_1_106' title="bbox 1999 4472 3581 4552">
     <span class='ocr_line' id='line_1_106' title="bbox 1999 4472 3581 4552; baseline -0.008 -16"><span class='ocrx_word' id='word_1_821' title='bbox 1999 4485 2169 4537; x_wconf 83' lang='lat' dir='ltr'><strong>Assur</strong></span> <span class='ocrx_word' id='word_1_822' title='bbox 2195 4481 2290 4552; x_wconf 83' lang='lat' dir='ltr'><strong>(a).</strong></span> <span class='ocrx_word' id='word_1_823' title='bbox 2324 4480 2579 4533; x_wconf 90' lang='lat' dir='ltr'><strong>Dicuntur</strong></span> <span class='ocrx_word' id='word_1_824' title='bbox 2627 4487 2803 4532; x_wconf 89' lang='lat' dir='ltr'><strong>autem</strong></span> <span class='ocrx_word' id='word_1_825' title='bbox 2835 4477 2973 4530; x_wconf 78' lang='lat' dir='ltr'><strong>forte</strong></span> <span class='ocrx_word' id='word_1_826' title='bbox 3028 4483 3081 4529; x_wconf 89' lang='lat' dir='ltr'><strong>et</strong></span> <span class='ocrx_word' id='word_1_827' title='bbox 3106 4475 3193 4528; x_wconf 91' lang='lat' dir='ltr'><strong>alii</strong></span> <span class='ocrx_word' id='word_1_828' title='bbox 3242 4473 3401 4526; x_wconf 90' lang='lat' dir='ltr'><strong>fuisse</strong></span> <span class='ocrx_word' id='word_1_829' title='bbox 3441 4472 3581 4525; x_wconf 80' lang='lat' dir='ltr'><strong>inter</strong></span> 
     </span>
    </p>
   </div>
   <div class='ocr_carea' id='block_1_107' title="bbox 2001 4570 3578 4634">
    <p class='ocr_par' dir='ltr' id='par_1_107' title="bbox 2001 4570 3578 4634">
     <span class='ocr_line' id='line_1_107' title="bbox 2001 4570 3578 4634; baseline -0.008 -6"><span class='ocrx_word' id='word_1_830' title='bbox 2001 4575 2118 4630; x_wconf 86' lang='lat' dir='ltr'><strong>illos</strong></span> <span class='ocrx_word' id='word_1_831' title='bbox 2147 4574 2335 4628; x_wconf 86' lang='lat' dir='ltr'><strong>molles</strong></span> <span class='ocrx_word' id='word_1_832' title='bbox 2387 4582 2440 4626; x_wconf 90' lang='lat' dir='ltr'><strong>et</strong></span> <span class='ocrx_word' id='word_1_833' title='bbox 2467 4572 2708 4634; x_wconf 89' lang='lat' dir='ltr'><strong>delicati,</strong></span> <span class='ocrx_word' id='word_1_834' title='bbox 2739 4581 2791 4625; x_wconf 91' lang='lat' dir='ltr'><strong>et</strong></span> <span class='ocrx_word' id='word_1_835' title='bbox 2815 4570 3132 4625; x_wconf 89' lang='lat' dir='ltr'><strong>dissolutam</strong></span> <span class='ocrx_word' id='word_1_836' title='bbox 3180 4582 3243 4620; x_wconf 90' lang='lat' dir='ltr'><strong>ac</strong></span> <span class='ocrx_word' id='word_1_837' title='bbox 3271 4574 3578 4634; x_wconf 85' lang='lat' dir='ltr'><strong>corruptam</strong></span> 
     </span>
    </p>
   </div>
   <div class='ocr_carea' id='block_1_108' title="bbox 2000 4658 3581 4740">
    <p class='ocr_par' dir='ltr' id='par_1_108' title="bbox 2000 4658 3581 4740">
     <span class='ocr_line' id='line_1_108' title="bbox 2000 4658 3581 4740; baseline -0.009 -16"><span class='ocrx_word' id='word_1_838' title='bbox 2000 4678 2223 4740; x_wconf 81' lang='lat' dir='ltr'><strong>agentes</strong></span> <span class='ocrx_word' id='word_1_839' title='bbox 2239 4669 2398 4721; x_wconf 88' lang='lat' dir='ltr'><strong>vitam</strong></span> <span class='ocrx_word' id='word_1_840' title='bbox 2418 4707 2432 4729; x_wconf 88' lang='lat'><strong>,</strong></span> <span class='ocrx_word' id='word_1_841' title='bbox 2456 4665 2718 4727; x_wconf 88' lang='lat' dir='ltr'><strong>ebrietati,</strong></span> <span class='ocrx_word' id='word_1_842' title='bbox 2744 4672 2798 4718; x_wconf 91' lang='lat' dir='ltr'><strong>et</strong></span> <span class='ocrx_word' id='word_1_843' title='bbox 2819 4663 2968 4725; x_wconf 86' lang='lat' dir='ltr'><strong>risui,</strong></span> <span class='ocrx_word' id='word_1_844' title='bbox 2988 4671 3040 4715; x_wconf 91' lang='lat' dir='ltr'><strong>et</strong></span> <span class='ocrx_word' id='word_1_845' title='bbox 3057 4658 3581 4721; x_wconf 82' lang='lat' dir='ltr'><strong>subsannationibus,</strong></span> 
     </span>
    </p>
   </div>
   <div class='ocr_carea' id='block_1_109' title="bbox 2000 4750 3587 4826">
    <p class='ocr_par' dir='ltr' id='par_1_109' title="bbox 2000 4750 3587 4826">
     <span class='ocr_line' id='line_1_109' title="bbox 2000 4750 3587 4826; baseline -0.009 -9"><span class='ocrx_word' id='word_1_846' title='bbox 2000 4772 2053 4818; x_wconf 90' lang='lat' dir='ltr'><strong>et</strong></span> <span class='ocrx_word' id='word_1_847' title='bbox 2079 4762 2384 4816; x_wconf 88' lang='lat' dir='ltr'><strong>scommatis</strong></span> <span class='ocrx_word' id='word_1_848' title='bbox 2408 4758 2597 4813; x_wconf 90' lang='lat' dir='ltr'><strong>dediti.</strong></span> <span class='ocrx_word' id='word_1_849' title='bbox 2624 4757 2728 4812; x_wconf 81' lang='lat' dir='ltr'><strong>Sed</strong></span> <span class='ocrx_word' id='word_1_850' title='bbox 2758 4758 2880 4826; x_wconf 91' lang='lat' dir='ltr'><strong>quia</strong></span> <span class='ocrx_word' id='word_1_851' title='bbox 2909 4756 3175 4809; x_wconf 87' lang='lat' dir='ltr'><strong>sinceram</strong></span> <span class='ocrx_word' id='word_1_852' title='bbox 3215 4769 3325 4822; x_wconf 62' lang='lat' dir='ltr'><strong>prae</strong></span> <span class='ocrx_word' id='word_1_853' title='bbox 3352 4766 3411 4805; x_wconf 87' lang='lat' dir='ltr'><strong>se</strong></span> <span class='ocrx_word' id='word_1_854' title='bbox 3439 4750 3587 4804; x_wconf 76' lang='lat' dir='ltr'><strong>ferre</strong></span> 
     </span>
    </p>
   </div>
   <div class='ocr_carea' id='block_1_110' title="bbox 2000 4847 3580 4923">
    <p class='ocr_par' dir='ltr' id='par_1_110' title="bbox 2000 4847 3580 4923">
     <span class='ocr_line' id='line_1_110' title="bbox 2000 4847 3580 4923; baseline -0.01 -13"><span class='ocrx_word' id='word_1_855' title='bbox 2000 4857 2216 4910; x_wconf 88' lang='lat' dir='ltr'><strong>voluere</strong></span> <span class='ocrx_word' id='word_1_856' title='bbox 2243 4852 2635 4923; x_wconf 68' lang='lat' dir='ltr'><strong>paenitentiam,</strong></span> <span class='ocrx_word' id='word_1_857' title='bbox 2663 4849 2794 4903; x_wconf 90' lang='lat' dir='ltr'><strong>nihil</strong></span> <span class='ocrx_word' id='word_1_858' title='bbox 2824 4849 2951 4918; x_wconf 83' lang='lat' dir='ltr'><strong>ipsis</strong></span> <span class='ocrx_word' id='word_1_859' title='bbox 2981 4847 3153 4901; x_wconf 85' lang='lat' dir='ltr'><strong>obfuit</strong></span> <span class='ocrx_word' id='word_1_860' title='bbox 3178 4848 3580 4914; x_wconf 84' lang='lat' dir='ltr'><strong>progenitorum</strong></span> 
     </span>
    </p>
   </div>
   <div class='ocr_carea' id='block_1_111' title="bbox 2002 4934 3587 5009">
    <p class='ocr_par' dir='ltr' id='par_1_111' title="bbox 2002 4934 3587 5009">
     <span class='ocr_line' id='line_1_111' title="bbox 2002 4934 3587 5009; baseline -0.011 -9"><span class='ocrx_word' id='word_1_861' title='bbox 2002 4944 2242 5009; x_wconf 89' lang='lat' dir='ltr'><strong>malitia,</strong></span> <span class='ocrx_word' id='word_1_862' title='bbox 2294 4943 2387 4997; x_wconf 88' lang='lat' dir='ltr'><strong>sed</strong></span> <span class='ocrx_word' id='word_1_863' title='bbox 2436 4951 2640 4995; x_wconf 90' lang='lat' dir='ltr'><strong>tantum</strong></span> <span class='ocrx_word' id='word_1_864' title='bbox 2688 4940 2791 4994; x_wconf 84' lang='lat' dir='ltr'><strong>sibi</strong></span> <span class='ocrx_word' id='word_1_865' title='bbox 2834 4939 3063 4993; x_wconf 77' lang='lat' dir='ltr'><strong>etclestis</strong></span> <span class='ocrx_word' id='word_1_866' title='bbox 3097 4936 3295 4990; x_wconf 83' lang='lat' dir='ltr'><strong>favoris</strong></span> <span class='ocrx_word' id='word_1_867' title='bbox 3336 4934 3587 4988; x_wconf 75' lang='lat' dir='ltr'><strong>concilia-</strong></span> 
     </span>
    </p>
   </div>
   <div class='ocr_carea' id='block_1_112' title="bbox 2067 5046 3583 5121">
    <p class='ocr_par' dir='ltr' id='par_1_112' title="bbox 2067 5046 3583 5121">
     <span class='ocr_line' id='line_1_112' title="bbox 2067 5046 3583 5121; baseline -0.007 -16"><span class='ocrx_word' id='word_1_868' title='bbox 2067 5057 2139 5121; x_wconf 74' lang='grc' dir='ltr'><strong>(τι)</strong></span> <span class='ocrx_word' id='word_1_869' title='bbox 2171 5057 2228 5105; x_wconf 88' lang='lat' dir='ltr'><strong>In</strong></span> <span class='ocrx_word' id='word_1_870' title='bbox 2255 5068 2415 5119; x_wconf 66' lang='lat' dir='ltr'><strong>grreco</strong></span> <span class='ocrx_word' id='word_1_871' title='bbox 2438 5055 2617 5116; x_wconf 79' lang='lat' dir='ltr'><strong>legitur</strong></span> <span class='ocrx_word' id='word_1_872' title='bbox 2638 5093 2649 5111; x_wconf 87' lang='lat'><strong>,</strong></span> <span class='ocrx_word' id='word_1_873' title='bbox 2675 5067 2816 5117; x_wconf 78' lang='grc' dir='ltr'><strong>ἰγτονον</strong></span> <span class='ocrx_word' id='word_1_874' title='bbox 2841 5065 3018 5115; x_wconf 58' lang='lat' dir='ltr'><strong>imm</strong></span> <span class='ocrx_word' id='word_1_875' title='bbox 3038 5063 3106 5121; x_wconf 59' lang='grc' dir='ltr'><strong>τὸχ</strong></span> <span class='ocrx_word' id='word_1_876' title='bbox 3124 5053 3286 5113; x_wconf 52' lang='lat' dir='ltr'><strong>tacete.</strong></span> <span class='ocrx_word' id='word_1_877' title='bbox 3311 5048 3469 5099; x_wconf 83' lang='lat' dir='ltr'><strong>Vetus</strong></span> <span class='ocrx_word' id='word_1_878' title='bbox 3501 5046 3583 5121; x_wconf 68' lang='grc' dir='ltr'><strong>ξη-</strong></span> 
     </span>
    </p>
   </div>
   <div class='ocr_carea' id='block_1_113' title="bbox 2004 5114 3586 5181">
    <p class='ocr_par' dir='ltr' id='par_1_113' title="bbox 2004 5114 3586 5181">
     <span class='ocr_line' id='line_1_113' title="bbox 2004 5114 3586 5181; baseline -0.008 -12"><span class='ocrx_word' id='word_1_879' title='bbox 2004 5114 2216 5181; x_wconf 79' lang='lat' dir='ltr'><strong>terpres,</strong></span> <span class='ocrx_word' id='word_1_880' title='bbox 2238 5114 2455 5177; x_wconf 66' lang='lat' dir='ltr'><strong>nepotem</strong></span> <span class='ocrx_word' id='word_1_881' title='bbox 2475 5114 2659 5179; x_wconf 72' lang='lat' dir='ltr'><strong>quoque</strong></span> <span class='ocrx_word' id='word_1_882' title='bbox 2684 5114 2827 5181; x_wconf 50' lang='lat' dir='ltr'><strong>{issur</strong></span> <span class='ocrx_word' id='word_1_883' title='bbox 2843 5128 2860 5175; x_wconf 87' lang='lat'><strong><em>;</em></strong></span> <span class='ocrx_word' id='word_1_884' title='bbox 2879 5114 2968 5162; x_wconf 84' lang='lat' dir='ltr'><strong>nos</strong></span> <span class='ocrx_word' id='word_1_885' title='bbox 2987 5114 3236 5181; x_wconf 65' lang='lat' dir='ltr'><strong>vertimus,</strong></span> <span class='ocrx_word' id='word_1_886' title='bbox 3256 5124 3320 5160; x_wconf 74' lang='lat' dir='ltr'><strong>ea:</strong></span> <span class='ocrx_word' id='word_1_887' title='bbox 3337 5123 3431 5181; x_wconf 76' lang='lat' dir='ltr'><strong>quo</strong></span> <span class='ocrx_word' id='word_1_888' title='bbox 3452 5116 3586 5181; x_wconf 77' lang='lat' dir='ltr'><strong>artus</strong></span> 
     </span>
    </p>
   </div>
   <div class='ocr_carea' id='block_1_114' title="bbox 2003 5175 3585 5240">
    <p class='ocr_par' dir='ltr' id='par_1_114' title="bbox 2003 5175 3585 5240">
     <span class='ocr_line' id='line_1_114' title="bbox 2003 5175 3585 5240; baseline -0.009 -10"><span class='ocrx_word' id='word_1_889' title='bbox 2003 5175 2167 5232; x_wconf 72' lang='lat' dir='ltr'><strong>Assur.</strong></span> <span class='ocrx_word' id='word_1_890' title='bbox 2192 5175 2342 5229; x_wconf 76' lang='lat' dir='ltr'><strong>Assur</strong></span> <span class='ocrx_word' id='word_1_891' title='bbox 2366 5175 2493 5240; x_wconf 78' lang='lat' dir='ltr'><strong>ergo</strong></span> <span class='ocrx_word' id='word_1_892' title='bbox 2507 5175 2644 5240; x_wconf 82' lang='lat' dir='ltr'><strong>putat</strong></span> <span class='ocrx_word' id='word_1_893' title='bbox 2662 5178 3025 5240; x_wconf 76' lang='lat' dir='ltr'><strong>Chrysostomus</strong></span> <span class='ocrx_word' id='word_1_894' title='bbox 3048 5188 3111 5222; x_wconf 84' lang='lat' dir='ltr'><strong>ex</strong></span> <span class='ocrx_word' id='word_1_895' title='bbox 3155 5175 3404 5240; x_wconf 15' lang='lat' dir='ltr'><strong>Ne‘mrodo</strong></span> <span class='ocrx_word' id='word_1_896' title='bbox 3425 5179 3585 5219; x_wconf 84' lang='lat' dir='ltr'><strong>ortum</strong></span> 
     </span>
    </p>
   </div>
   <div class='ocr_carea' id='block_1_115' title="bbox 2005 5237 3584 5302">
    <p class='ocr_par' dir='ltr' id='par_1_115' title="bbox 2005 5237 3584 5302">
     <span class='ocr_line' id='line_1_115' title="bbox 2005 5237 3584 5302; baseline -0.008 -9"><span class='ocrx_word' id='word_1_897' title='bbox 2005 5257 2139 5301; x_wconf 81' lang='lat' dir='ltr'><strong>esse,</strong></span> <span class='ocrx_word' id='word_1_898' title='bbox 2157 5250 2319 5291; x_wconf 91' lang='lat' dir='ltr'><strong>contra</strong></span> <span class='ocrx_word' id='word_1_899' title='bbox 2342 5237 2484 5302; x_wconf 67' lang='lat' dir='ltr'><strong>quain</strong></span> <span class='ocrx_word' id='word_1_900' title='bbox 2503 5237 2686 5302; x_wconf 81' lang='lat' dir='ltr'><strong>legitur</strong></span> <span class='ocrx_word' id='word_1_901' title='bbox 2716 5237 2766 5286; x_wconf 82' lang='lat' dir='ltr'><strong>in</strong></span> <span class='ocrx_word' id='word_1_902' title='bbox 2790 5237 2963 5287; x_wconf 86' lang='lat' dir='ltr'><strong>eodem</strong></span> <span class='ocrx_word' id='word_1_903' title='bbox 2988 5248 3114 5284; x_wconf 88' lang='lat' dir='ltr'><strong>nono</strong></span> <span class='ocrx_word' id='word_1_904' title='bbox 3136 5238 3296 5295; x_wconf 77' lang='lat' dir='ltr'><strong>capite</strong></span> <span class='ocrx_word' id='word_1_905' title='bbox 3313 5241 3584 5302; x_wconf 60' lang='lat' dir='ltr'><strong>pauescas,</strong></span> 
     </span>
    </p>
   </div>
   <div class='ocr_carea' id='block_1_116' title="bbox 2004 5292 3586 5359">
    <p class='ocr_par' dir='ltr' id='par_1_116' title="bbox 2004 5292 3586 5359">
     <span class='ocr_line' id='line_1_116' title="bbox 2004 5292 3586 5359; baseline -0.008 -6"><span class='ocrx_word' id='word_1_906' title='bbox 2004 5292 2087 5353; x_wconf 81' lang='lat' dir='ltr'><strong>ubi</strong></span> <span class='ocrx_word' id='word_1_907' title='bbox 2112 5292 2261 5352; x_wconf 78' lang='lat' dir='ltr'><strong>Assur</strong></span> <span class='ocrx_word' id='word_1_908' title='bbox 2281 5292 2405 5351; x_wconf 75' lang='lat' dir='ltr'><strong>ﬁlius</strong></span> <span class='ocrx_word' id='word_1_909' title='bbox 2427 5292 2763 5350; x_wconf 57' lang='lat' dir='ltr'><strong>Semivdicitur.</strong></span> <span class='ocrx_word' id='word_1_910' title='bbox 2790 5308 2937 5348; x_wconf 87' lang='lat' dir='ltr'><strong>Locus</strong></span> <span class='ocrx_word' id='word_1_911' title='bbox 2957 5304 3120 5359; x_wconf 85' lang='lat' dir='ltr'><strong>autem</strong></span> <span class='ocrx_word' id='word_1_912' title='bbox 3142 5292 3291 5359; x_wconf 81' lang='lat' dir='ltr'><strong>quem</strong></span> <span class='ocrx_word' id='word_1_913' title='bbox 3313 5295 3391 5342; x_wconf 88' lang='lat' dir='ltr'><strong>hic</strong></span> <span class='ocrx_word' id='word_1_914' title='bbox 3413 5292 3586 5353; x_wconf 77' lang='lat' dir='ltr'><strong>expla-</strong></span> 
     </span>
    </p>
   </div>
   <div class='ocr_carea' id='block_1_117' title="bbox 2004 5358 3586 5426">
    <p class='ocr_par' dir='ltr' id='par_1_117' title="bbox 2004 5358 3586 5426">
     <span class='ocr_line' id='line_1_117' title="bbox 2004 5358 3586 5426; baseline -0.008 -12"><span class='ocrx_word' id='word_1_915' title='bbox 2004 5373 2088 5414; x_wconf 89' lang='lat' dir='ltr'><strong>nat</strong></span> <span class='ocrx_word' id='word_1_916' title='bbox 2110 5366 2490 5426; x_wconf 77' lang='lat' dir='ltr'><strong>cltrysostomus,</strong></span> <span class='ocrx_word' id='word_1_917' title='bbox 2514 5375 2720 5425; x_wconf 82' lang='lat' dir='ltr'><strong>nempe:</strong></span> <span class='ocrx_word' id='word_1_918' title='bbox 2741 5370 2809 5426; x_wconf 81' lang='lat' dir='ltr'><strong>De</strong></span> <span class='ocrx_word' id='word_1_919' title='bbox 2826 5369 2956 5411; x_wconf 84' lang='lat' dir='ltr'><strong>terra</strong></span> <span class='ocrx_word' id='word_1_920' title='bbox 2979 5358 3065 5426; x_wconf 70' lang='lat' dir='ltr'><strong>illa</strong></span> <span class='ocrx_word' id='word_1_921' title='bbox 3086 5358 3305 5426; x_wconf 73' lang='lat' dir='ltr'><strong>egressus</strong></span> <span class='ocrx_word' id='word_1_922' title='bbox 3327 5361 3395 5426; x_wconf 70' lang='lat' dir='ltr'><strong>est</strong></span> <span class='ocrx_word' id='word_1_923' title='bbox 3422 5367 3586 5426; x_wconf 38' lang='lat' dir='ltr'><strong>essm,</strong></span> 
     </span>
    </p>
   </div>
   <div class='ocr_carea' id='block_1_118' title="bbox 2006 5416 3586 5487">
    <p class='ocr_par' dir='ltr' id='par_1_118' title="bbox 2006 5416 3586 5487">
     <span class='ocr_line' id='line_1_118' title="bbox 2006 5416 3586 5487; baseline -0.009 -10"><span class='ocrx_word' id='word_1_924' title='bbox 2006 5428 2141 5477; x_wconf 89' lang='lat' dir='ltr'><strong>varie</strong></span> <span class='ocrx_word' id='word_1_925' title='bbox 2166 5416 2436 5487; x_wconf 67' lang='lat' dir='ltr'><strong>eiplicatur</strong></span> <span class='ocrx_word' id='word_1_926' title='bbox 2460 5416 2521 5473; x_wconf 84' lang='lat' dir='ltr'><strong>ab</strong></span> <span class='ocrx_word' id='word_1_927' title='bbox 2545 5416 2926 5487; x_wconf 75' lang='lat' dir='ltr'><strong>interpretibus;</strong></span> <span class='ocrx_word' id='word_1_928' title='bbox 2950 5420 3029 5469; x_wconf 88' lang='lat' dir='ltr'><strong>alii</strong></span> <span class='ocrx_word' id='word_1_929' title='bbox 3065 5416 3236 5487; x_wconf 71' lang='lat' dir='ltr'><strong>putant</strong></span> <span class='ocrx_word' id='word_1_930' title='bbox 3257 5417 3335 5465; x_wconf 87' lang='lat' dir='ltr'><strong>hic</strong></span> <span class='ocrx_word' id='word_1_931' title='bbox 3353 5416 3419 5487; x_wconf 81' lang='lat' dir='ltr'><strong>de</strong></span> <span class='ocrx_word' id='word_1_932' title='bbox 3445 5423 3586 5465; x_wconf 66' lang='lat' dir='ltr'><strong>Nem-</strong></span> 
     </span>
    </p>
   </div>
   <div class='ocr_carea' id='block_1_119' title="bbox 2013 5482 3589 5548">
    <p class='ocr_par' dir='ltr' id='par_1_119' title="bbox 2013 5482 3589 5548">
     <span class='ocr_line' id='line_1_119' title="bbox 2013 5482 3589 5548; baseline -0.008 -13"><span class='ocrx_word' id='word_1_933' title='bbox 2013 5489 2135 5537; x_wconf 85' lang='lat' dir='ltr'><strong>rodo</strong></span> <span class='ocrx_word' id='word_1_934' title='bbox 2157 5482 2262 5548; x_wconf 56' lang='lat' dir='ltr'><strong>agi]</strong></span> <span class='ocrx_word' id='word_1_935' title='bbox 2299 5486 2491 5548; x_wconf 89' lang='lat' dir='ltr'><strong>dicique</strong></span> <span class='ocrx_word' id='word_1_936' title='bbox 2515 5482 2963 5548; x_wconf 60' lang='lat' dir='ltr'><strong>ipsum&#39;profectum</strong></span> <span class='ocrx_word' id='word_1_937' title='bbox 2988 5494 3101 5531; x_wconf 85' lang='lat' dir='ltr'><strong>esse</strong></span> <span class='ocrx_word' id='word_1_938' title='bbox 3123 5482 3344 5548; x_wconf 84' lang='lat' dir='ltr'><strong>de_terra</strong></span> <span class='ocrx_word' id='word_1_939' title='bbox 3374 5486 3589 5548; x_wconf 57' lang='lat' dir='ltr'><strong>Senonas:</strong></span> 
     </span>
    </p>
   </div>
   <div class='ocr_carea' id='block_1_120' title="bbox 2006 5536 3587 5609">
    <p class='ocr_par' dir='ltr' id='par_1_120' title="bbox 2006 5536 3587 5609">
     <span class='ocr_line' id='line_1_120' title="bbox 2006 5536 3587 5609; baseline -0.007 -11"><span class='ocrx_word' id='word_1_940' title='bbox 2006 5536 2157 5598; x_wconf 86' lang='lat' dir='ltr'><strong>Assur</strong></span> <span class='ocrx_word' id='word_1_941' title='bbox 2170 5536 2261 5607; x_wconf 58' lang='lat' dir='ltr'><strong>,&quot;id</strong></span> <span class='ocrx_word' id='word_1_942' title='bbox 2281 5554 2359 5595; x_wconf 88' lang='lat' dir='ltr'><strong>est</strong></span> <span class='ocrx_word' id='word_1_943' title='bbox 2380 5536 2427 5595; x_wconf 74' lang='lat' dir='ltr'><strong>iii</strong></span> <span class='ocrx_word' id='word_1_944' title='bbox 2451 5536 2721 5609; x_wconf 54' lang='lat' dir='ltr'><strong>Assyriam,</strong></span> <span class='ocrx_word' id='word_1_945' title='bbox 2738 5554 2789 5595; x_wconf 91' lang='lat' dir='ltr'><strong>et</strong></span> <span class='ocrx_word' id='word_1_946' title='bbox 2814 5544 3075 5609; x_wconf 73' lang='lat' dir='ltr'><strong>:edilicasse</strong></span> <span class='ocrx_word' id='word_1_947' title='bbox 3101 5544 3332 5609; x_wconf 54' lang='lat' dir='ltr'><strong>biniven,</strong></span> <span class='ocrx_word' id='word_1_948' title='bbox 3361 5544 3457 5588; x_wconf 87' lang='lat' dir='ltr'><strong>etc.</strong></span> <span class='ocrx_word' id='word_1_949' title='bbox 3478 5536 3587 5609; x_wconf 27' lang='lat' dir='ltr'><strong>AAlii</strong></span> 
     </span>
    </p>
   </div>
   <div class='ocr_carea' id='block_1_121' title="bbox 2006 5603 3588 5659">
    <p class='ocr_par' dir='ltr' id='par_1_121' title="bbox 2006 5603 3588 5659">
     <span class='ocr_line' id='line_1_121' title="bbox 2006 5603 3588 5659; baseline -0.008 0"><span class='ocrx_word' id='word_1_950' title='bbox 2006 5603 2178 5659; x_wconf 77' lang='lat' dir='ltr'><strong>dicunt</strong></span> <span class='ocrx_word' id='word_1_951' title='bbox 2193 5609 2268 5658; x_wconf 88' lang='lat' dir='ltr'><strong>his</strong></span> <span class='ocrx_word' id='word_1_952' title='bbox 2292 5609 2484 5656; x_wconf 88' lang='lat' dir='ltr'><strong>indicari</strong></span> <span class='ocrx_word' id='word_1_953' title='bbox 2507 5603 2658 5656; x_wconf 75' lang='lat' dir='ltr'><strong>Assur</strong></span> <span class='ocrx_word' id='word_1_954' title='bbox 2679 5607 2826 5654; x_wconf 88' lang='lat' dir='ltr'><strong>tilium</strong></span> <span class='ocrx_word' id='word_1_955' title='bbox 2850 5614 2958 5655; x_wconf 86' lang='lat' dir='ltr'><strong>Sem</strong></span> <span class='ocrx_word' id='word_1_956' title='bbox 2983 5606 3196 5654; x_wconf 83' lang='lat' dir='ltr'><strong>exivisse</strong></span> <span class='ocrx_word' id='word_1_957' title='bbox 3223 5603 3287 5650; x_wconf 90' lang='lat' dir='ltr'><strong>de</strong></span> <span class='ocrx_word' id='word_1_958' title='bbox 3321 5609 3450 5650; x_wconf 89' lang='lat' dir='ltr'><strong>terra</strong></span> <span class='ocrx_word' id='word_1_959' title='bbox 3473 5607 3588 5647; x_wconf 82' lang='lat' dir='ltr'><strong>Sen-</strong></span> 
     </span>
    </p>
   </div>
   <div class='ocr_carea' id='block_1_122' title="bbox 2008 5663 3587 5731">
    <p class='ocr_par' dir='ltr' id='par_1_122' title="bbox 2008 5663 3587 5731">
     <span class='ocr_line' id='line_1_122' title="bbox 2008 5663 3587 5731; baseline -0.008 -11"><span class='ocrx_word' id='word_1_960' title='bbox 2008 5683 2152 5731; x_wconf 87' lang='lat' dir='ltr'><strong>naar,</strong></span> <span class='ocrx_word' id='word_1_961' title='bbox 2176 5678 2227 5719; x_wconf 90' lang='lat' dir='ltr'><strong>et</strong></span> <span class='ocrx_word' id='word_1_962' title='bbox 2261 5670 2522 5731; x_wconf 66' lang='lat' dir='ltr'><strong>aedificasse</strong></span> <span class='ocrx_word' id='word_1_963' title='bbox 2553 5670 2769 5731; x_wconf 72' lang='lat' dir='ltr'><strong>Niniven,</strong></span> <span class='ocrx_word' id='word_1_964' title='bbox 2790 5677 2908 5731; x_wconf 88' lang='lat' dir='ltr'><strong>etc.,</strong></span> <span class='ocrx_word' id='word_1_965' title='bbox 2928 5669 3006 5716; x_wconf 90' lang='lat' dir='ltr'><strong>cui</strong></span> <span class='ocrx_word' id='word_1_966' title='bbox 3038 5663 3447 5731; x_wconf 75' lang='lat' dir='ltr'><strong>opinioni__favent</strong></span> <span class='ocrx_word' id='word_1_967' title='bbox 3478 5667 3587 5731; x_wconf 76' lang='lat' dir='ltr'><strong>Lx_x</strong></span> 
     </span>
    </p>
   </div>
   <div class='ocr_carea' id='block_1_123' title="bbox 2009 5722 3585 5789">
    <p class='ocr_par' dir='ltr' id='par_1_123' title="bbox 2009 5722 3585 5789">
     <span class='ocr_line' id='line_1_123' title="bbox 2009 5722 3585 5789; baseline -0.008 -8"><span class='ocrx_word' id='word_1_968' title='bbox 2009 5722 2315 5789; x_wconf 76' lang='lat' dir='ltr'><strong>Interprctes</strong></span> <span class='ocrx_word' id='word_1_969' title='bbox 2331 5767 2344 5788; x_wconf 94' lang='lat'><strong>,</strong></span> <span class='ocrx_word' id='word_1_970' title='bbox 2379 5730 2511 5780; x_wconf 85' lang='lat' dir='ltr'><strong>favet</strong></span> <span class='ocrx_word' id='word_1_971' title='bbox 2544 5732 2689 5778; x_wconf 87' lang='lat' dir='ltr'><strong>etiam</strong></span> <span class='ocrx_word' id='word_1_972' title='bbox 2712 5722 2936 5789; x_wconf 73' lang='lat' dir='ltr'><strong>vulgata.</strong></span> <span class='ocrx_word' id='word_1_973' title='bbox 2963 5722 3083 5777; x_wconf 72' lang='lat' dir='ltr'><strong>Huic</strong></span> <span class='ocrx_word' id='word_1_974' title='bbox 3103 5740 3224 5789; x_wconf 81' lang='lat' dir='ltr'><strong>ergo</strong></span> <span class='ocrx_word' id='word_1_975' title='bbox 3248 5725 3480 5789; x_wconf 83' lang='lat' dir='ltr'><strong>libentius</strong></span> <span class='ocrx_word' id='word_1_976' title='bbox 3501 5722 3585 5769; x_wconf 89' lang='lat' dir='ltr'><strong>ad-</strong></span> 
     </span>
    </p>
   </div>
   <div class='ocr_carea' id='block_1_124' title="bbox 2008 5787 3589 5855">
    <p class='ocr_par' dir='ltr' id='par_1_124' title="bbox 2008 5787 3589 5855">
     <span class='ocr_line' id='line_1_124' title="bbox 2008 5787 3589 5855; baseline -0.006 -14"><span class='ocrx_word' id='word_1_977' title='bbox 2008 5787 2209 5855; x_wconf 78' lang='lat' dir='ltr'><strong>stipuior</strong></span> <span class='ocrx_word' id='word_1_978' title='bbox 2228 5787 2391 5840; x_wconf 82' lang='lat' dir='ltr'><strong>multis</strong></span> <span class='ocrx_word' id='word_1_979' title='bbox 2404 5792 2467 5839; x_wconf 87' lang='lat' dir='ltr'><strong>de</strong></span> <span class='ocrx_word' id='word_1_980' title='bbox 2483 5794 2656 5849; x_wconf 83' lang='lat' dir='ltr'><strong>causis,</strong></span> <span class='ocrx_word' id='word_1_981' title='bbox 2668 5804 2789 5855; x_wconf 87' lang='lat' dir='ltr'><strong>quas</strong></span> <span class='ocrx_word' id='word_1_982' title='bbox 2811 5787 2889 5840; x_wconf 74' lang='lat' dir='ltr'><strong>hic</strong></span> <span class='ocrx_word' id='word_1_983' title='bbox 2905 5787 3179 5839; x_wconf 79' lang='lat' dir='ltr'><strong>recensere</strong></span> <span class='ocrx_word' id='word_1_984' title='bbox 3188 5787 3430 5855; x_wconf 82' lang='lat' dir='ltr'><strong>_|ongioris</strong></span> <span class='ocrx_word' id='word_1_985' title='bbox 3452 5791 3589 5855; x_wconf 73' lang='lat' dir='ltr'><strong>esset</strong></span> 
     </span>
    </p>
   </div>
   <div class='ocr_carea' id='block_1_125' title="bbox 2013 5850 3583 5918">
    <p class='ocr_par' dir='ltr' id='par_1_125' title="bbox 2013 5850 3583 5918">
     <span class='ocr_line' id='line_1_125' title="bbox 2013 5850 3583 5918; baseline -0.008 -15"><span class='ocrx_word' id='word_1_986' title='bbox 2013 5850 2200 5915; x_wconf 65' lang='lat' dir='ltr'><strong>operte:</strong></span> <span class='ocrx_word' id='word_1_987' title='bbox 2216 5855 2529 5918; x_wconf 73' lang='lat' dir='ltr'><strong>quambrem</strong></span> <span class='ocrx_word' id='word_1_988' title='bbox 2548 5867 2631 5904; x_wconf 88' lang='lat' dir='ltr'><strong>res</strong></span> <span class='ocrx_word' id='word_1_989' title='bbox 2644 5850 2773 5904; x_wconf 78' lang='lat' dir='ltr'><strong>aliud</strong></span> <span class='ocrx_word' id='word_1_990' title='bbox 2795 5867 2847 5903; x_wconf 79' lang='lat' dir='ltr'><strong>in</strong></span> <span class='ocrx_word' id='word_1_991' title='bbox 2867 5861 3058 5914; x_wconf 73' lang='lat' dir='ltr'><strong>tempus</strong></span> <span class='ocrx_word' id='word_1_992' title='bbox 3078 5851 3353 5899; x_wconf 86' lang='lat' dir='ltr'><strong>remittatur</strong></span> <span class='ocrx_word' id='word_1_993' title='bbox 3375 5850 3583 5907; x_wconf 53' lang='lat' dir='ltr'><strong>Oportet.</strong></span> 
     </span>
    </p>
   </div>
  </div>
