4062 6396
371 375 470 428 271

373 489 729 560 πραγμένων.
780 491 904 546 Ὅτι
965 491 1074 565 γὰρ
1122 493 1217 547 καὶ
1259 495 1288 548 ὁ
1333 496 1460 558 παῖς
1506 495 1716 549 οἴκοθεν
1767 494 2038 566 μοχθηρὸς

370 578 608 648 ὑπῆρχε,
642 581 738 633 καὶ
769 581 818 632 οἱ
865 579 926 644 ἐξ
957 581 1164 636 ἐκείνου
1216 582 1416 645 πάντες
1472 582 1747 652 βδελυκτοὶ
1784 582 2036 650 γεγόνασι

372 667 510 736 πρὸς
548 666 747 720 κακίαν
773 668 1180 734 ἁποκλίναντες,
1205 669 1369 722 ἄκουε
1406 673 1504 740 τῆς
1531 670 1749 742 Γραφῆς
1775 669 2036 738 λεγούσης

371 754 432 806 ἐν
449 753 602 820 τάξει
627 756 892 826 κατάρας·
933 757 994 810 '0
1027 757 1223 826 πατήρ
1257 774 1374 811 σου
1403 757 1920 832 [291]Ἀμορῤαῒος,
1944 757 2044 810 καί

369 843 412 908 ἡ
445 841 646 911 μήτηρ
670 859 788 897 σου
813 846 1082 899 Χετταία.
1109 845 1214 898 Καὶ
1231 845 1392 898 πάλιν
1417 847 1603 916 ἕτερός
1617 864 1698 910 τις
1725 845 2043 916 ἐνυϐρίζων,

367 931 614 998 Σπέρμα
638 933 880 985 Χαναὰν
905 933 1001 986 καὶ
1029 935 1140 987 οὐκ
1187 933 1389 987 Ἰούδα.
1426 933 1586 986 Ἀλλά
1616 933 1724 1003 γὰρ
1753 933 1902 997 ἄξιον
1934 932 2045 985 λοι-

369 1018 474 1071 πὸν
522 1018 754 1072 ἀκοῦσαι
812 1019 952 1091 μετὰ
997 1021 1097 1092 τὴν
1134 1021 1470 1092 ἐπιτίμησιν,
1523 1021 1590 1092 ἣν
1630 1021 1848 1086 ἐδέξατο
1889 1024 1916 1074 ό
1945 1021 2044 1091 τὴν

367 1107 652 1179 γύμνωσιν
707 1109 800 1162 τοῦ
847 1109 1053 1182 πατρὸς
1116 1110 1535 1182 ἐκπομπεύσας,
1583 1110 1739 1164 τίνων
1769 1109 2044 1177 ἀξιοῦνται

366 1195 478 1249 τῶν
504 1196 748 1267 ἀμοιϐῶν
777 1197 824 1249 οἰ
858 1197 957 1267 τὴν
998 1197 1267 1267 τοσαύτην
1315 1197 1447 1251 αἰδῶ
1485 1198 1576 1250 καὶ
1596 1198 1695 1270 τὴν
1718 1198 1881 1270 τιμὴν
1911 1201 2044 1252 άπο-

367 1283 658 1352 νείμαντες
687 1283 765 1353 τῷ
794 1286 979 1355 πατρί.
1006 1285 1114 1338 Καὶ
1140 1281 1290 1349 εἷπε,
1320 1285 1507 1354 φησὶν,
1539 1286 1883 1354 Εὐλογητὸς
1911 1286 2043 1339 Κύ-

362 1387 496 1439 ριος
527 1375 562 1425 ὁ
597 1373 740 1438 Θεὸς
768 1373 876 1426 τοῦ
896 1373 1044 1442 Σὴμ,
1079 1374 1178 1427 καί
1205 1375 1376 1429 ἔσται
1406 1373 1649 1428 Χαναὰν
1664 1374 1804 1440 παῖς
1831 1373 2038 1428 αὐτοῦ.

368 1459 560 1524 Τοῦτο,
586 1461 716 1524 ἴσως
746 1462 810 1514 ἄν
839 1479 923 1524 τις
955 1463 1119 1524 είποι,
1155 1461 1256 1515 οὐκ
1308 1462 1422 1516 ἐστι
1446 1463 1536 1515 τὸν
1567 1462 1687 1532 Σὴμ
1728 1462 2036 1531 εὐλογῆσαι.

368 1547 480 1599 Καὶ
513 1547 715 1618 σφόδρα
766 1549 864 1619 μὲν
913 1549 1208 1620 εὐλόγησεν
1257 1550 1440 1606 αὐτόν.
1489 1551 1657 1604 Ὅταν
1684 1549 1793 1621 γὰρ
1837 1552 1866 1602 ό
1909 1551 2041 1615 Θεὸς

367 1634 776 1704 εὐχαριστεϊται
806 1637 900 1688 καὶ
944 1637 1244 1705 εὐλογεῖται
1291 1638 1378 1690 διὰ
1409 1637 1517 1690 τῶν
1562 1636 1882 1707 ἀνθρώπων,
1917 1638 2038 1691 τότε

365 1719 760 1794 δαψιλεστέραν
789 1723 890 1793 τὴν
931 1727 1060 1795 παρ’
1087 1726 1282 1778 ἐαυτοῦ
1315 1726 1562 1794 εὐλογίαν
1597 1725 1754 1779 εἴωθε
1783 1729 2040 1796 χορηγεῖν

367 1809 622 1872 ἐκείνοις,
656 1811 722 1862 δι’
743 1811 837 1876 οὓς
866 1812 1028 1876 αὐτὸς
1048 1813 1368 1882 εὐλογεῖται.
1399 1815 1714 1883 Εὐλογήσας
1749 1813 1924 1867 τοίνυν
1949 1814 2038 1868 τὸν

363 1895 524 1959 Θεὸν,
556 1898 840 1969 ὀφειλέτην
879 1900 1040 1954 αὐτὸν
1061 1901 1366 1971 κατέστησε
1401 1901 1643 1972 μείζονος
1666 1900 1914 1969 εὐλογίας
1943 1901 2040 1953 καί¹

349 1981 542 2047 αἴτιος
565 1986 756 2054 γέγονε
779 1987 855 2056 τῷ
881 1988 1003 2059 Σὴμ
1031 1989 1274 2053 πλείονος
1303 1990 1555 2060 ἀμοιϐῆς,
1579 1985 1648 2060 ἧς
1670 1989 1832 2052 αὐτὸς
1857 1989 2038 2052 αὐτὸν,

365 2073 418 2122 εἰ
437 2071 506 2124 δι’
539 2073 731 2126 ἐαυτοῦ
751 2081 778 2107 ⁵
797 2075 1108 2145 εὐλόγησεν.
1139 2077 1349 2146 ’Ὠσπερ
1379 2077 1486 2148 γάρ
1517 2078 1644 2130 ὅταν
1667 2076 1952 2146 εὐλογῆται
1971 2076 2038 2130 δι’

367 2161 541 2228 ἡμᾶς,
571 2161 774 2231 πολλῆς
810 2165 960 2233 ἡμᾶς
987 2165 1130 2230 ἀξιοῖ
1162 2168 1260 2234 τῆς
1289 2165 1419 2234 παρ’
1451 2165 1616 2218 αὐτοῦ
1643 2165 1872 2232 εὐνοίας,
1895 2164 2039 2226 οὕτω

366 2246 530 2300 πάλιν
559 2249 778 2302 ἐπειδάν
800 2251 868 2303 δι’
895 2252 1044 2321 ἡμᾶς
1059 2251 1234 2323 ἕτεροι
1259 2251 1419 2305 αὐτὸν
1450 2252 1808 2322 βλασφημῶσι
1839 2253 2039 2324 μείζων

365 2333 620 2388 ἐντεῦθεν
671 2338 868 2408 ήμίνή
921 2338 1246 2409 κατάκρισις
1294 2337 1502 2406 γίνεται
1555 2343 1666 2402 τοῖς
1715 2341 1814 2411 τὴν
1860 2341 2038 2394 αἰτίαν

366 2423 787 2492 παρεχομένοις.
849 2425 1246 2495 Σπουδάζωμεν
1279 2427 1479 2488 τοίνυν,
1523 2427 1844 2497 παρακαλῶ,
1897 2427 2038 2481 οὕτω

365 2507 520 2576 βιοῦν
539 2511 633 2562 καὶ
663 2511 933 2582 τοσαύτην
961 2513 1364 2567 ἐπιδείκνυσθαι
1390 2515 1487 2584 τῆς
1506 2515 1708 2586 ἀρετῆς
1734 2517 1832 2586 τὴν
1857 2516 2040 2568 ἐπίτα-

367 2611 477 2658 σιν,
502 2597 578 2660 ὼς
607 2599 737 2662 τοὺς
758 2601 836 2662 εἰς
866 2601 1012 2670 ἡμᾶς
1043 2601 1288 2671 ὁρῶντας
1320 2602 1568 2672 εὐλογίας
1598 2603 1799 2674 ὕμνους
1835 2603 2036 2671 ἀναιρέο

367 2697 484 2752 ρειν
516 2683 594 2754 τῷ
620 2686 865 2759 Δεσπότῃ
891 2687 1029 2758 Θεῷ.
1062 2689 1318 2742 Βούλεται
1353 2690 1462 2762 γάρ
1487 2691 1688 2759 ἀγαθὸς
1724 2690 1800 2743 ὢν
1830 2691 1921 2744 καὶ
1951 2708 2039 2762 φι-

363 2770 690 2842 λάνθρωπος
717 2773 1040 2840 δοξάζεσθαι
1069 2775 1344 2848 δι’ήμῶν,
1389 2779 1489 2832 οὐκ
1542 2780 1729 2850 ἐπειδὴ
1778 2779 1939 2842 αὐτός
1985 2798 2036 2833 τι

361 2860 776 2930 προσλαμϐάνει
803 2865 882 2926 εἰς
907 2864 1005 2935 τὴν
1031 2866 1237 2920 οἰκείαν
1263 2867 1441 2934 δόξαν·
1469 2868 1721 2938 ἀνενδεὴς
1735 2867 1843 2938 γάρ
1865 2869 2033 2920 ἐστιν·

361 2951 482 3004 ἀλλ’
513 2951 600 3005 ἵνα
632 2953 885 3024 ἀφορμὰς
924 2955 1071 3028 αὐτῷ
1093 2959 1461 3030 παράσχωμεν
1481 2959 1575 3014 τοῦ
1621 2960 1866 3026 πλείονος
1891 2962 2037 3032 ἡμᾶς

363 3039 553 3104 ἀξιοῦν
581 3041 680 3110 τῆς
712 3044 842 3114 παρ’
873 3044 1038 3098 αὐτοῦ
1075 3045 1305 3108 εὐνοίας.
1349 3047 1692 3117 Εὐλογητὸς
1745 3049 1961 3116 Κύριος
2004 3053 2037 3104 ὁ

367 3128 514 3193 Θεὸς
545 3129 652 3182 τοῦ
701 3129 854 3200 Σὴμ,
893 3132 992 3186 καί
1033 3133 1206 3188 ἔσται
1241 3133 1484 3188 Χαναὰν
1513 3135 1654 3201 παῖς
1681 3132 1857 3204 αὐτῷ.
1877 3135 2038 3208 Ὁρᾷς

367 3215 486 3278 πῶς
523 3217 797 3288 πατρικὴν
819 3219 1186 3274 ἐπιδείκνυται
1206 3219 1305 3291 τὴν
1337 3223 1624 3293 τιμωρίαν,
1659 3226 2037 3296 σωφρονισμὸν

359 3299 532 3357 οὖσαν
559 3303 818 3378 μᾶλλονῆ
851 3308 1150 3379 τιμωρίαν;
1198 3310 1385 3380 Πατὴρ
1418 3311 1528 3381 γάρ
1558 3307 1648 3383 ἦν,
1695 3312 1792 3366 καί¹
1853 3313 2038 3386 πατὴρ

365 3391 740 3463 φιλόστοργος,
757 3395 850 3446 καὶ
878 3395 939 3446 οὐ
961 3395 1058 3466 τὴν
1080 3396 1238 3463 ἀξίαν
1266 3397 1516 3451 ἐϐούλετο
1543 3399 1698 3469 δίκην
1717 3401 2036 3468 ἐπαγαγεῖν,

363 3477 484 3530 ἀλλ’
516 3478 657 3532 ὥστε
678 3482 778 3551 τὴν
807 3484 881 3544 εἰς
915 3484 976 3535 τὸ
1001 3486 1187 3554 πρόσω
1217 3486 1416 3538 κακίαν
1449 3487 1698 3556 ἐγκόψαι.
1738 3489 1835 3542 Διά
1859 3489 2034 3554 τοῦτο,

363 3567 523 3638 φησὶ,
545 3567 761 3640 δουλείᾳ
797 3587 854 3623 σε
879 3573 1246 3638 καταδικάζω,
1286 3573 1372 3626 ἵνα
1400 3574 1622 3645 διηνεκῆ
1649 3578 1740 3629 καὶ
1765 3577 2037 3641 ἀνεξάλει-

369 3673 500 3709 πτον
531 3657 660 3728 ἔχῃς
685 3659 784 3731 τὴν
813 3661 1026 3732 ύπόμνη
1034 3679 1136 3715 σιν.
1165 3658 1299 3715 Εἶτά
1326 3679 1480 3734 φησι·
1508 3667 1812 3719 Πλατύναι
1833 3670 1867 3720 ὁ
1896 3667 2039 3734 Θεὸς

367 3743 450 3808 τῷ
492 3744 699 3814 Ἰὰφεθ,
733 3748 832 3800 καὶ
861 3749 1267 3816 κατοικησάτω
1304 3752 1374 3804 ἐν
1402 3751 1526 3817 τοῖς
1553 3753 1902 3822 σκηνώμασι
1931 3757 2037 3809 τοῦ

366 3831 520 3900 Σ-ἡμ,
581 3835 678 3888 καὶ
732 3836 1036 3904 γενηθήτω
1095 3841 1335 3893 Χαναὰν
1371 3840 1514 3905 παῖς
1542 3841 1752 3898 αὐτοῦ.
1789 3845 2036 3917 Μεγίστη

365 3919 534 3973 πάλιν
583 3921 723 3993 αὕτη
755 3925 788 3994 ἡ
837 3925 1075 3992 εὐλογία,
1106 3927 1248 3996 τάχα
1283 3927 1402 3980 τινὰ
1437 3930 1812 4000 κεκρυμμένον
1842 3931 2037 4002 ἔχουσα

365 4007 662 4080 θησαυρόν.
695 4013 1001 4065 Πλατύναι
1053 4013 1182 4082 γὰρ,
1234 4015 1418 4085 φησὶν,
1451 4019 1484 4068 ό
1526 4015 1670 4082 Θεὸς
1711 4016 1790 4082 τῷ
1817 4019 2033 4088 Ἰάβει).

365 4098 482 4151 υύκ
511 4098 575 4151 ἄν
601 4115 687 4161 τις
707 4100 942 4170 ἁμάρτοι
973 4099 1141 4154 εἰπὼν
1158 4103 1491 4173 προφητείαν
1513 4099 1653 4158 εἶναι
1679 4106 1774 4168 τὰς
1785 4106 2037 4175 εὐλογίας

361 4186 460 4238 τοῦ
485 4186 716 4240 δικαίου.
733 4186 796 4240 Εἰ
807 4188 916 4259 γὰρ
931 4189 1155 4261 ἁπατὴρ
1171 4191 1334 4244 αὐτοῦ
1352 4191 1450 4261 οὐχ
1466 4191 1650 4258 ἁπλῶς
1662 4193 1780 4246 οὐδὲ
1795 4193 1916 4266 είκῆ
1938 4194 2034 4266 τὴν

363 4275 741 4345 προσηγορίαν
765 4276 915 4347 αὐτῷ
953 4277 1243 4348 ἐπέθηκεν,
1274 4278 1412 4332 ἀλλὰ
1448 4277 1804 4352 προφητεύων
1832 4283 1920 4338 διὰ
1941 4283 2033 4338 τοῦ

359 4361 628 4432 ὀνόματος
657 4364 717 4416 τὸ
744 4363 936 4434 μέλλον
964 4365 1184 4419 ἔσεσθαι
1217 4367 1526 4420 κλυδώνιον·
1562 4369 1740 4440 πολλῷ
1781 4370 1982 4442 μᾶλλον
2007 4376 2036 4427 ὁ

361 4450 574 4514 δίκαιος
620 4443 778 4515 οὗτος
818 4453 920 4505 οὐκ
967 4453 1034 4506 ἂν
1068 4453 1256 4519 ἁπλῶς
1303 4455 1424 4508 οὐδὲ
1449 4456 1628 4526 μάτην
1659 4457 1756 4518 τάς
1785 4459 2034 4528 εὐλογίας

363 4535 682 4606 ἐποιήσατο.
724 4537 824 4590 Διά
847 4538 955 4609 γάρ
975 4538 1085 4592 τῶν
1125 4539 1388 4607 εὐλογιῶν
1414 4540 1638 4604 τούτων,
1669 4542 1760 4596 τοῦ
1787 4543 1907 4614 Σὴμ
1941 4547 2036 4600 καὶ

362 4621 456 4676 τοῦ
501 4623 702 4693 Ἰάφεθ,
728 4625 837 4677 τῶν
865 4625 957 4679 δύο
990 4625 1135 4680 λαῶν
1170 4627 1497 4681 αἰνίττεσθαι
1533 4629 1694 4682 αὐτὸν
1736 4626 1889 4701 οἶμαι
1937 4632 2034 4704 τὴν

361 4709 578 4780 κλῆσιν*
607 4713 703 4764 καὶ
731 4711 818 4766 διὰ
859 4713 958 4782 μὲν
990 4711 1080 4765 τοῦ
1119 4713 1256 4784 Σὴμ,
1283 4715 1410 4778 τοὺς
1463 4715 1770 4780 Ἰουδαίους·
1802 4717 1859 4784 ἐξ
1889 4719 2033 4772 ἐκεί-

359 4814 456 4850 νου
487 4797 597 4868 γάρ
629 4800 657 4851 ό
709 4799 1053 4869 πατριάρχης
1109 4799 1377 4872 Ἀϐραὰμ,
1417 4801 1592 4855 καὶτὸ
1623 4803 1729 4856 τῶν
1770 4804 2035 4859 Ἰουδαίων

361 4883 658 4938 ἐπιδέδωκε
679 4887 854 4953 γένος’
883 4887 972 4940 διὰ
1009 4887 1064 4941 δὲ
1092 4888 1186 4941 τοῦ
1215 4889 1413 4958 Ίάφεθ,
1443 4891 1541 4961 τὴν
1571 4879 1686 4944 τῶν
1704 4889 1871 4945 ἐθνῶν
1905 4893 2034 4963 κλῆ-

363 4988 466 5025 σιν.
509 4973 651 5044 Ὅρα
679 4974 788 5044 γὰρ
814 4975 907 5027 καὶ
951 4975 1152 5045 ταύτην
1197 4977 1293 5048 τὴν
1326 4979 1573 5046 εὐλογίαν
1615 4977 1773 5033 τοῦτο
1821 4998 2033 5052 προμη-

359 5061 616 5114 νύουσαν.
651 5065 956 5115 Πλατύναι
981 5064 1108 5134 γάρ,
1138 5065 1320 5135 φησὶν,
1349 5069 1382 5120 ό
1413 5067 1555 5134 Θεὸς
1571 5067 1650 5134 τῷ
1685 5065 1900 5136 Ἰάρεθ,
1934 5068 2032 5122 καὶ

363 5149 782 5215 κατοικησάτω
809 5149 878 5202 ἐν
905 5151 1032 5216 τοῖς
1055 5151 1410 5222 σκηνώμασι
1435 5155 1541 5208 τοῦ
1567 5155 1714 5224 Σήμ.
1745 5155 1914 5208 Τοῦτο
1942 5157 2034 5210 ἐπὶ

357 5236 471 5288 τῶν
503 5235 674 5289 ἐθνῶν
702 5239 780 5298 εἰς
803 5237 964 5308 ἔργον
985 5237 1282 5308 ἐκϐεϐηκὸς
1306 5239 1540 5310 δρῶμεν.
1564 5242 1663 5296 Διά
1684 5243 1784 5312 μὲν
1812 5243 1920 5314 γάρ
1939 5243 2032 5296 τοῦ

361 5324 561 5386 εἰπεῖν,
583 5323 910 5385 Πλατύναι,
930 5323 996 5376 τὰ
1011 5323 1138 5396 ἔθνη
1150 5326 1325 5379 πάντα
1341 5327 1578 5399 ᾐνίξατοο
1596 5328 1685 5382 διὰ
1701 5330 1759 5385 δὲ
1774 5331 1866 5384 τοῦ
1879 5331 2030 5406 [292]

363 5413 558 5476 εἰπεῖν,
594 5411 1020 5480 Κατοικησάτω
1067 5415 1137 5467 ἑν
1183 5415 1306 5480 τοῖς
1338 5418 1695 5488 σκηνώμασι
1744 5421 1850 5474 τοῦ
1880 5421 2028 5490 Σὴμ,

359 5497 444 5549 ὅτι
467 5498 576 5551 τῶν
599 5501 714 5563 τοῖς
748 5500 1022 5564 Ἰουδαίοις
1043 5502 1504 5570 εὐτρεπισθέντων
1550 5506 1644 5558 καὶ
1683 5509 1908 5571 ἐκείνοις
1930 5527 2033 5562 πα-

365 5587 848 5654 ρασκευασθέντων
875 5590 942 5642 τά
967 5589 1093 5660 έθνη
1114 5589 1212 5660 τὴν
1250 5591 1546 5646 ἀπόλαυσιν
1567 5595 1712 5664 ἔσχε.
1729 5597 1838 5650 Καὶ
1857 5615 2032 5666 γενη-

361 5672 522 5741 θήτω
557 5675 800 5729 Χαναὰν
829 5678 968 5743 παῖς
993 5677 1200 5733 αὑτοῦ.

435 5761 502 5828 η’.
531 5759 684 5826 Εἶδες
714 5766 831 5828 οἵας
859 5765 1047 5818 ἔλαϐον
1075 5767 1168 5820 καὶ
1197 5759 1338 5820 οὗτοι
1364 5767 1464 5838 τῆς
1495 5769 1904 5845 εὐγνωμοσύνης
1937 5776 2030 5839 τὰς

427 5951 456 5982 ⁸
483 5951 696 6002 δακὶῌιι
716 5965 866 6010 marg
898 5955 1018 6014 conj.
1044 5953 1100 6013 ἧς
1122 5954 1159 6001 εἰ
1183 5952 1478 6009 αὐτὸςάὖτὸν
1500 5958 1556 6003 δι’
1579 5953 1766 6003 ἑαυτοῦ.

1511 377 1579 434 ΙΝ
1613 377 1766 434 CAP.
1803 377 1874 434 IX
1913 376 2158 436 GENES.
2201 377 2430 435 HOMIL.
2473 377 2666 434 XXIX.

3712 371 3820 424 ε’.ῖέ

2145 495 2400 566 ἀμοιϐάς,
2441 495 2534 550 καὶ
2568 494 2738 563 πόσην
2767 493 2971 556 ἐκεῖνος
3009 491 3097 547 διά
3123 491 3222 563 τῆς
3269 490 3596 564 προπετείας
3619 486 3812 542 ἐαυτοῦ

2151 583 2510 636 κατεσκέδασε
2526 582 2624 650 τὴν
2653 582 2896 652 ἀτιμίαν.
2943 581 3128 634 Ταῦτα
3161 580 3425 650 διηνεκῶς
3453 578 3664 648 ἔχωμεν
3697 578 3818 629 ἐπι-

2149 670 2507 742 γεγραμμένα
2532 671 2598 740 τῇ
2623 669 2829 740 διανοίᾳ
2857 671 2924 738 τῇ
2946 669 3214 739 ἡμετέρα,
3257 667 3346 722 ἵνα
3373 666 3479 720 τῶν
3513 667 3611 735 μὲν
3647 682 3818 734 μιμην·

2147 759 2237 812 ταὶ
2261 758 2354 812 καὶ
2392 757 2629 828 ζηλωταὶ
2679 757 2928 827 γενέσθαι
2969 756 3305 828 δυνηθῶμεν,
3336 755 3429 808 τοῦ
3456 755 3512 809 δὲ
3555 754 3816 824 φύγωμεν

2145 845 2206 898 τὸ
2241 845 2514 917 μοχθηρὸν
2538 849 2635 916 τῆς
2655 843 2897 916 γνώμης,
2927 844 3021 898 καὶ
3045 845 3142 916 τῆς
3164 843 3496 916 προπετείας
3522 841 3620 914 τὴν
3655 843 3817 912 ὑπερ-

2147 934 2328 1006 ϐολήν.
2365 935 2475 988 Καὶ
2498 933 2693 1001 ἔζησε,
2734 927 2888 1004 φησί’,
2916 931 3043 988 Νῶε
3066 931 3217 1001 μετὰ
3247 931 3355 985 τὸν
3381 929 3818 1000 κατακλυσμὸν

2145 1023 2250 1091 ἐτη
2281 1025 2590 1094 τριακόσια
2633 1023 3027 1089 πεντήκοντα·
3083 1022 3180 1076 καὶ
3214 1021 3494 1090 ἐγένοντο
3523 1021 3712 1075 πᾶσαι
3755 1026 3816 1076 αἱ

2146 1112 2356 1182 ἡμέραι
2379 1111 2504 1165 Νῶε
2534 1111 2862 1165 ἐννακόσια
2876 1111 3254 1178 πεντήκοντα
3267 1111 3392 1178 ἐτη,
3408 1109 3506 1163 καὶ
3531 1109 3810 1164 ἀπέθανε.

2143 1197 2236 1269 Μὴ
2274 1197 2501 1268 νομίσῃς
2542 1197 2600 1251 δὲ
2632 1197 2790 1251 τοῦτο
2834 1197 3020 1260 ἁπλῶς
3067 1197 3483 1267 ἐκσημήνασθαι
3530 1196 3630 1266 τὴν
3663 1195 3812 1248 θείαν

2144 1287 2388 1356 Γραφὴν,
2421 1286 2537 1339 ἀλλ’
2563 1287 2664 1358 δρα
2694 1287 2788 1340 καὶ
2836 1285 3084 1338 ἐντεῦθεν
3123 1284 3218 1338 τοῦ
3260 1285 3468 1338 δικαίου
3489 1285 3588 1356 τὴν
3617 1284 3814 1354 ἐγκρά-

2143 1391 2292 1427 τειαν
2324 1376 2405 1428 ὅτι
2441 1373 2564 1427 οῦτε
2595 1373 2777 1437 ἀδείας
2814 1374 2906 1426 καὶ
2941 1371 3175 1435 ἀνέσεως
3205 1371 3534 1435 ἀπολαύσας,
3559 1372 3654 1424 καὶ
3689 1389 3810 1424 τοσ-

2143 1461 2300 1515 οῦτον
2325 1463 2557 1534 ἀριθμὸν
2589 1462 2726 1516 ἐτῶν
2753 1461 3038 1532 ἐπιζήσας,
3077 1461 3214 1531 μετὰ
3245 1463 3344 1531 τὴν
3376 1461 3484 1514 ἀπὸ
3517 1461 3616 1530 τῆς
3647 1460 3812 1513 κιϐω-

2144 1548 2236 1601 τοῦ
2285 1549 2494 1614 ἔξοδον,
2550 1548 2897 1610 παιδοποιίας
2951 1549 3210 1618 ἠνέσχετο
3257 1547 3462 1601 λοιπόν.
3514 1548 3648 1601 υύδέ
3705 1548 3816 1618 γὰρ

2144 1636 2547 1708 ἐμνημόνευσεν
2595 1636 2630 1705 ἠ
2663 1635 2876 1706 Γραφὴ,
2909 1635 2990 1687 ὅτι
3019 1635 3236 1706 ἐτέρους
3258 1635 3380 1706 ἔσχε
3426 1634 3644 1698 παῖδας,
3677 1635 3818 1703 πλὴν

2141 1723 2346 1778 τούτων
2397 1723 2506 1776 τῶν
2546 1721 2735 1796 τριῶν.
2773 1721 3050 1776 Ἐντεῦθεν
3097 1722 3258 1776 πάλιν
3306 1722 3524 1790 λογίζου
3549 1721 3643 1776 τοῦ
3683 1721 3812 1791 Χάμ

2142 1812 2242 1880 τὴν
2271 1811 2472 1882 πολλὴν
2499 1811 2703 1882 ταύτην
2735 1810 3049 1871 ἀκολασίαν,
3077 1810 3159 1862 ὅτι
3177 1808 3303 1862 οὔτε
3322 1810 3412 1862 τὸν
3447 1809 3656 1880 πατέρα
3675 1810 3818 1881 ὁρῶν

2141 1899 2411 1970 τοσαύτην
2435 1897 2876 1969 ἐπιδεικνύμενον
2901 1897 3226 1968 ἐγκράτειαν
3261 1897 3678 1968 ἐσωφρονίζετο,
3701 1897 3815 1950 ἀλλ’

2141 1987 2236 2040 ἀπ’
2267 1987 2514 2048 ἐναντίας
2560 1985 2638 2056 τῷ
2668 1985 3020 2056 γεγεννηκότι
3057 1985 3272 2038 ἅπαντα
3305 1985 3676 2056 διεπράττετο.
3726 1985 3817 2036 Διὸ

2141 2073 2237 2126 καὶ
2259 2073 2485 2138 εἰκότως
2515 2072 2660 2127 ἅπαν
2685 2073 2746 2126 τὸ
2777 2072 2836 2136 ἐξ
2859 2069 3026 2126 αὐτοῦ
3065 2072 3220 2140 γένος
3250 2076 3317 2144 τῇ
3350 2073 3564 2144 δουλείᾳ
3601 2072 3816 2126 κατεδι-

2141 2159 2360 2225 κάζετο,
2382 2159 2469 2214 ἵνα
2491 2159 2707 2230 χαλινὸν
2733 2159 2828 2230 ἔχῃ
2853 2159 2949 2229 τῆς
2973 2159 3254 2230 μοχθηρᾶς
3275 2159 3666 2232 προαιρέσεως.
3684 2154 3820 2213 Εἶτα

2141 2249 2387 2302 ἐντεῦθεν
2411 2249 2742 2320 διηγουμένη
2774 2251 2806 2318 ἠ
2844 2249 2962 2302 θεία
2997 2248 3186 2320 Γραφὴ
3211 2249 3338 2312 τοὺς
3361 2250 3426 2302 ἐκ
3467 2248 3574 2304 τῶν
3605 2249 3814 2304 παίδων

2139 2335 2449 2406 τεχθέντας,
2470 2336 2624 2408 φησί’
2644 2337 2772 2405 Χίιμ
2797 2335 2864 2390 δὲ
2884 2336 3176 2406 ἐγέννησε
3200 2335 3308 2390 τὸν
3333 2338 3506 2404 Χούςν
3526 2337 3620 2390 καὶ
3632 2336 3813 2390 πάλιν·

2139 2422 2296 2490 Χοὺς
2322 2423 2390 2476 δὲ
2403 2423 2694 2493 ἐγέννησε
2719 2424 2826 2477 τὸν
2867 2421 3118 2493 Νεϐρώδ.
3188 2419 3376 2492 Οὗτος
3402 2424 3627 2492 ἤρξατο
3662 2421 3814 2479 εἶναι

2139 2511 2308 2580 γίγας
2335 2510 2430 2563 ἐπὶ
2462 2511 2572 2580 τῆς
2620 2511 2750 2580 γῆς.
2794 2507 2983 2578 Οὗτος
3028 2508 3108 2582 ἦν
3133 2512 3306 2582 γίγας
3343 2511 3608 2581 κυνηγὸς
3635 2512 3812 2566 ἐναν-

2140 2599 2270 2652 τίον
2300 2599 2543 2667 Κιζρίου.
2589 2599 2698 2654 Καί
2748 2616 2894 2664 τινες
2947 2600 3044 2671 μέν
3088 2617 3219 2670 φασι
3257 2599 3319 2652 τὸ
3353 2600 3663 2654 Ἐναντίων
3700 2603 3815 2653 Ku-

2129 2696 2291 2763 ρίου,
2342 2695 2462 2748 ἀντὶ
2519 2695 2612 2749 τοῦ
2666 2695 3074 2767 ἐναντιούμενος
3117 2695 3195 2767 τῷ
3251 2695 3391 2766 Θεῷ’
3454 2696 3563 2763 ἐγὼ
3615 2696 3671 2748 δὲ
3716 2696 3815 2764 οὐχ

2139 2789 2380 2860 ἡγοῦμαι
2429 2790 2588 2843 τοῦτο
2654 2789 2983 2845 αἰνίττεσθαι
3025 2791 3126 2863 τὴν
3183 2791 3334 2844 θείαν
3397 2790 3643 2862 Γραφὴν,
3697 2790 3811 2843 ἀλλ’

2137 2887 2220 2938 ὅτι
2243 2886 2457 2956 ἰσχυρός
2474 2903 2555 2950 τις
2574 2881 2640 2957 ἦν
2670 2888 2764 2940 καὶ
2796 2889 3056 2958 ἀνδρεῖος.
3089 2887 3164 2940 Τὸ
3183 2886 3240 2940 δὲ
3267 2885 3558 2942 ἀπέναντι
3593 2887 3814 2954 Κυρίου

2139 2982 2246 3036 τοῦ
2283 2975 2455 3046 Θεοῦ,
2485 2981 2606 3035 ἀντὶ
2652 2981 2768 3047 τοῦ,
2801 2982 2893 3036 ὑπ’
2941 2981 3106 3035 αὐτοῦ
3157 2981 3483 3053 παραχθεὶς,
3531 2981 3623 3034 ὑπ’
3648 2981 3814 3034 αὐτοῦ

2138 3077 2429 3148 δεξάμενος
2481 3075 2574 3131 τοῦ
2617 3075 2752 3130 Θεοῦ
2812 3077 2911 3148 τὴν
2961 3077 3210 3146 εὐλογίαν
3245 3077 3297 3140 ιι,
3330 3077 3364 3146 ἢ
3402 3065 3484 3130 ὅτι
3515 3076 3750 3147 ἤμελλεν
3787 3079 3814 3130 ό

2139 3171 2272 3237 Θεὸς
2292 3171 2360 3225 δι’
2381 3171 2548 3228 αὐτοῦ
2577 3172 2973 3244 θαυμάζεσθαι,
2997 3173 3073 3238 ὡς
3089 3171 3334 3227 τοιοῦτον
3352 3169 3692 3244 παραγαγὼν
3721 3174 3815 3224 καὶ

2129 3269 2318 3336 ⁴δείξας
2355 3269 2449 3322 ἐπὶ
2487 3269 2585 3340 τῆς
2619 3271 2742 3342 γῆς.
2782 3269 2943 3322 Ἀλλά
2983 3270 3080 3324 καὶ
3107 3261 3264 3334 οὗτος
3288 3269 3452 3324 πάλιν
3485 3266 3818 3340 μιμούμενος

2139 3366 2230 3420 τὸν
2255 3365 2540 3440 πρόγονον,
2576 3367 2671 3419 καὶ
2701 3365 2801 3418 οὐκ
2828 3368 2907 3429 εἰς
2929 3366 3048 3419 δέον
3081 3367 3422 3438 χρησάμενος
3451 3365 3566 3428 τοῖς
3589 3364 3689 3433 τῆς
3716 3361 3817 3432 φύ-

2142 3481 2279 3528 σεως
2305 3463 2738 3535 προτερήμασιν,
2773 3462 2961 3533 ἕτερον
2981 3463 3224 3526 δουλείας
3251 3463 3448 3533 ἐφεῦρε
3478 3460 3696 3532 τρόπον,
3723 3458 3816 3511 καὶ

2138 3561 2320 3631 ἄρχων
2351 3560 2442 3612 καὶ
2470 3559 2720 3629 βασιλεὺς
2747 3558 2996 3628 γενέσθαι
3030 3559 3374 3630 ἐπεχείρησε.
3410 3557 3673 3619 Βασιλεὺς
3703 3557 3812 3624 γὰρ

2138 3657 2238 3710 οὐκ
2275 3655 2341 3710 ἂν
2373 3655 2584 3724 γένοιτό
2613 3671 2743 3707 ποτε
2771 3655 2843 3726 μὴ
2873 3655 3041 3707 ὄντων
3070 3655 3177 3707 τῶν
3206 3653 3542 3724 ἀρχομένων.
3572 3652 3719 3722 Αὕτη
3757 3652 3815 3706 δί

2139 3754 2284 3807 δοκεῖ
2311 3754 2410 3824 μὲν
2435 3753 2632 3824 μᾶλλον
2659 3751 2937 3821 ἐλευθερία
2968 3747 3103 3804 εἶναι
3129 3767 3138 3778 ·
3176 3750 3388 3804 δουλεία
3416 3749 3473 3802 δέ
3508 3749 3622 3802 ἐστι
3658 3748 3814 3819 χαλε-

2140 3851 2360 3919 πωτάτη
2401 3849 2457 3900 ἐν
2502 3847 2809 3918 ἐλευθερίας
2852 3847 3023 3914 τάξει,
3066 3847 3176 3917 ὅσῳ
3221 3845 3315 3898 καὶ
3360 3846 3470 3898 τῶν
3514 3844 3814 3915 ἐλευθέρων

2139 3945 2352 4018 κρατεῖ.
2389 3944 2498 3997 Καὶ
2520 3945 2622 4015 ὅρα
2644 3943 2744 4014 τὴν
2775 3942 3102 4006 πλεονεξίαν,
3135 3942 3234 3995 ὅσα
3264 3942 3426 3993 ποιεῖ·
3464 3941 3565 4010 δρα
3589 3937 3680 3992 τοῦ
3710 3939 3814 3992 σώ-

2141 4058 2307 4112 ματος
2332 4039 2426 4112 τὴν
2451 4041 2603 4111 ἰσχὺν
2632 4039 2693 4092 οὐ
2727 4039 2994 4110 μένουσαν
3019 4039 3111 4092 ἐπὶ
3140 4037 3248 4091 τῶν
3269 4037 3482 4090 οἰκείων
3503 4037 3666 4107 ὅρων,
3695 4035 3810 4087 ἀλλ’

2137 4138 2223 4191 ἀεὶ
2247 4135 2339 4190 τοῦ
2380 4135 2619 4198 πλείονος
2642 4135 2952 4206 ἐφιεμένην,
2982 4135 3190 4205 καὶτῆς
3219 4133 3376 4204 δόξης
3400 4133 3734 4204 ὀρεγομένην
3757 4143 3805 4184 ο.

2138 4235 2212 4286 Οὐ
2237 4233 2344 4303 γάρ
2365 4231 2440 4295 ὡς
2465 4231 2857 4302 προϊστάμενος
2880 4229 3078 4296 αὐτῶν,
3101 4231 3420 4294 ὐπέταττεν,
3446 4228 3580 4282 ἀλλά
3600 4229 3692 4282 καὶ
3717 4229 3814 4280 πό·-

2134 4328 2248 4392 λεις
2273 4327 2560 4400 ᾠκοδόμει,
2599 4327 2685 4380 ἵνα
2715 4327 2856 4398 ἄρχῃ
2894 4327 3002 4379 τῶν
3043 4325 3337 4397 πολεμίων.
3390 4325 3650 4380 Ἐκεῖθεν
3679 4323 3809 4394 γὰρ,

2137 4424 2322 4494 φησὶν,
2363 4422 2431 4476 ἐκ
2478 4420 2589 4489 τῆς
2633 4419 2743 4490 γῆς
2773 4422 3012 4489 ἐκείνης
3049 4421 3309 4490 ἐξῆλθεν
3340 4423 3372 4475 ό
3407 4419 3682 4486 Ἀσσοιίγλ
3714 4417 3812 4472 καὶ

2134 4517 2482 4586 ᾠκοδόμησε
2504 4517 2619 4583 τὴν
2642 4518 2866 4572 Νινευά
2897 4517 3094 4570 Σκόπει
3125 4534 3214 4587 μοι
3236 4515 3395 4569 πάλιν
3418 4513 3668 4574 ἐνταῦθα,
3694 4513 3812 4576 πῶς

2135 4614 2284 4668 οὐδὲν
2318 4613 2634 4684 λυμαίνεται
2667 4612 2765 4684 τὴν
2799 4614 3073 4685 ἡμετέραν
3103 4613 3316 4683 φύσινῆ
3352 4613 3519 4666 κακία
3542 4611 3650 4663 τῶν
3681 4627 3813 4680 προ-

2135 4711 2327 4778 γόνων.
2359 4701 2516 4763 Οὗτοι
2533 4710 2639 4781 γάρ
2661 4711 2710 4762 οί
2733 4709 2776 4762 Ν
2784 4713 3028 4772 ινευῖται,
3057 4711 3105 4761 οἰ
3126 4709 3224 4779 τὴν
3245 4707 3338 4762 τοῦ
3363 4707 3497 4760 Θεοῦ
3519 4705 3705 4776 φιλανθ
3717 4723 3813 4777 ρω-

2137 4807 2265 4862 πίαν
2283 4803 2435 4878 [295]
2452 4805 2540 4859 διὰ
2555 4806 2652 4876 τῆς
2674 4806 2962 4876 μετανοίας
2979 4805 3430 4875 ἐπισπασάμενοι,
3453 4805 3548 4858 καὶ
3567 4804 3666 4874 τὴν
3686 4803 3813 4856 ἁπό-

2136 4921 2298 4974 φασιν
2316 4903 2408 4956 τοῦ
2429 4903 2697 4956 Δεσπότου
2728 4901 3210 4972 ἀνακαλεσάμενοι,
3246 4895 3389 4953 οῦτοι
3427 4901 3524 4972 μέν
3550 4901 3810 4973 πρότερον

2135 4999 2292 5068 ἔσχον
2319 4997 2640 5068 προπάτορα
2670 4995 2760 5048 τὸν
2798 4997 2947 5066 Χάμ,
2983 4995 3072 5049 τὸν
3103 4993 3436 5066 πατραλοίαν
3464 4997 3690 5048 ἐκεῖνον·
3717 4994 3812 5046 ἐπ-

2136 5111 2252 5148 ειτα
2281 5094 2372 5147 τὸν
2403 5091 2647 5163 Νεϐρὼδ,
2671 5091 2956 5162 ἄνθρωπον
2983 5091 3242 5162 τύραννον
3271 5093 3364 5145 καί⁴
3393 5090 3623 5160 αὐθάδη,
3648 5091 3807 5159 ἔγγο-

2135 5209 2224 5246 νον
2277 5189 2548 5261 ἐσχηκότα
2589 5187 2678 5242 τὸν
2713 5187 2962 5259 Ἀσσούρ.
2989 5187 3249 5256 Λέγονται
3274 5188 3329 5241 δὲ
3361 5189 3490 5250 ἴσως
3517 5187 3608 5240 καὶ
3631 5185 3808 5257 ἕτεροι

2135 5285 2458 5358 γεγενῆσθαι
2487 5288 2542 5338 ἐν
2567 5285 2750 5347 αὐτοῖς
2777 5283 2974 5354 βλᾶκες
2994 5286 3088 5338 καὶ
3108 5284 3579 5356 διατεθρυμμένοι,
3599 5282 3693 5335 καὶ
3716 5281 3806 5334 τὸν

2136 5385 2302 5456 ὑγρὸν
2335 5383 2430 5437 καὶ
2463 5381 2781 5454 διαρρέοντα
2804 5381 3004 5446 ζῶντες
3028 5381 3159 5452 βίον,
3195 5383 3333 5453 μέθη
3366 5381 3456 5434 καὶ
3487 5379 3680 5447 γέλωτι
3711 5378 3806 5431 καὶ

2133 5481 2352 5552 κώμοις
2371 5481 2462 5533 καὶ
2489 5477 2800 5549 χλευασίαις
2829 5479 3053 5540 ἐαυτοὺς
3074 5477 3446 5540 ἐκδεδωκότεςο
3477 5475 3590 5528 ἀλλ’
3620 5473 3802 5543 ἐπειδὴ

2132 5576 2508 5647 ἠϐουλήθησαν
2535 5573 2734 5646 ἀκριϐῆ
2765 5573 2862 5645 τὴν
2902 5573 3190 5646 μετάνοιαν
3223 5570 3612 5634 ἐπιδείξασθαι,
3651 5569 3802 5622 οὐδὲν

2133 5673 2329 5736 αὐτοὺς
2363 5671 2662 5742 ἐλυμήνατο
2681 5670 2790 5723 τῶν
2813 5670 3092 5740 προγόνων
3112 5671 3144 5738 ὴ
3170 5668 3354 5729 κακία,
3381 5665 3516 5720 ἀλλὰ
3535 5663 3802 5734 τοσαύτην

2199 5831 2224 5869 ιι
2261 5834 2372 5882 Tros
2397 5847 2512 5880 mss.
2537 5833 2621 5888 τὴν
2644 5831 2911 5894 ἀναλογίαν,
2939 5835 3094 5894 atque;
3111 5831 3174 5877 ita
3198 5826 3322 5888 legit
3346 5829 3609 5894 interpyes:

2133 5955 2150 6005 ἱ
2187 5901 2216 6005 ἴ
2241 5897 2460 5952 Quatuor
2487 5887 2602 5943 mss;
2629 5887 2910 5956 ὀρεγομένην
2931 5887 3020 5948 τήξ
3042 5891 3193 5955 φύσιν,
3235 5887 3380 5950 alque
3406 5887 3490 5938 ila’
3511 5887 3634 5948 legit.
3661 5887 3801 5931 vetus

2153 5969 2182 6004 ιι
2209 5970 2397 6018 crpres.
