4062 6396
226 411 331 466 975

228 523 593 595 ἐφελκύσαντο
611 523 712 596 τὴν
736 522 938 578 ἀνωθεν
959 522 1152 592 ῥοπὴν,
1172 519 1247 583 ὡς
1269 517 1429 590 μέχρι
1448 512 1544 567 τοῦ
1565 511 1658 566 νῦν
1681 506 1900 582 ᾄδεσθαι

230 620 411 674 αὐτῶν
439 620 500 674 τὸ
525 620 623 691 τῆς
660 618 946 689 μετανοίας
980 615 1331 688 κατόρθωμα.

299 707 531 772 Τούτους
556 709 735 761 τοίνυν
773 707 866 760 καὶ
902 707 1062 776 ἡμεῖς
1093 699 1484 775 μιμησώμεθα,
1517 693 1614 750 καὶ
1647 691 1903 764 μαθόντες

233 803 305 868 ὡς
347 805 470 859 οὔτε
517 805 685 860 κακία
727 804 1009 874 προγόνων
1034 803 1180 872 ἡμᾶς
1209 797 1550 869 λυμαίνεται,
1589 791 1686 845 ἐὰν
1713 791 1904 860 νήφειν

233 901 570 973 βουλώμεθα,
597 901 720 956 οὔτε
745 901 915 973 ἀρετὴ
937 899 1220 971 προγόνων
1253 894 1528 966 ὠφελῆσαι
1554 890 1701 961 ἡμᾶς
1731 905 1784 940 τι
1812 886 1905 938 δύ-

236 1017 413 1059 ναται,
450 999 545 1052 ἐὰν
583 997 934 1071 ῥᾳθυμῶμεν,
972 995 1171 1066 πολλὴν
1210 991 1444 1062 σπουδὴν
1484 985 1768 1058 ποιώμεθα
1811 983 1906 1052 τῆς

234 1096 435 1166 ἀρετῆς
458 1096 802 1166 ἀντέχεσθαι,
824 1095 919 1150 καὶ
941 1092 1256 1162 εὐγνώμονα
1286 1087 1602 1158 προαίρεσιν
1632 1077 1908 1144 ἐπιδειξώ-

236 1189 396 1258 μεθα,
448 1189 534 1243 ἴνα
574 1190 674 1261 τῆς
709 1189 880 1260 αὐτῆς
917 1186 1167 1256 εὐλογίας
1206 1183 1284 1255 τῷ
1326 1182 1443 1252 Σὴμ
1475 1179 1571 1232 καὶ
1608 1175 1685 1246 τῷ
1729 1171 1907 1243 Ἰάφεο

234 1283 649 1354 ἀπολαύσωμεν,
688 1285 782 1340 καὶ
811 1285 912 1353 τῆς
941 1283 1184 1352 κατάρας
1229 1277 1324 1333 καὶ
1366 1275 1466 1345 τῆς
1488 1270 1750 1334 δουλείας,
1776 1268 1844 1340 ἥν
1882 1267 1910 1317 ὁ

234 1379 453 1432 Χαναὰν
493 1380 728 1446 ἐδέξατο,
758 1377 1230 1450 ἐλευθερωθῶμεν,
1253 1373 1348 1428 καὶ
1377 1372 1451 1443 μὴ
1479 1367 1762 1439 γενώμεθα
1789 1363 1908 1418 δοῦ-

235 1475 316 1530 λοι
333 1478 434 1549 τῆς
454 1479 746 1550 ἁμαρτίας,
765 1477 900 1532 ἀλλά
919 1477 1018 1548 τὴν
1034 1474 1206 1547 ἀληθῆ
1227 1470 1536 1542 ἐλευθερίαν
1556 1465 1910 1538 κτησάμενοι,

233 1573 344 1625 τῶν
369 1576 698 1648 ἀπορρήτων
723 1575 948 1628 ἐκείνων
976 1571 1196 1642 ἀγαθῶν
1218 1568 1581 1639 ἐπιτύχωμεν,
1610 1563 1791 1634 χάριτι
1818 1560 1912 1612 καὶ

236 1671 617 1744 φιλανθρωπίᾳ
655 1671 748 1725 τοῦ
787 1671 992 1743 Κυρίου
1025 1669 1181 1742 ἡμῶν
1213 1667 1387 1738 Ἰησοῦ
1415 1659 1674 1734 Χριστοῦ,
1712 1657 1830 1732 μεθ’
1852 1651 1912 1710 οῦ

237 1767 314 1838 τῷ
352 1769 548 1836 Πατρὶ,
573 1768 687 1839 ἅμα
715 1767 792 1838 τῷ
825 1767 966 1836 ἀγίω
992 1765 1288 1836 Πνεύματι,
1317 1762 1463 1828 δόξα,
1501 1761 1721 1832 κράτος,
1755 1755 1911 1827 τιμὴ,

242 1865 337 1918 νῦν
369 1867 460 1920 καὶ
482 1866 589 1930 ἀεὶ,
612 1865 705 1920 καὶ
736 1866 814 1929 είς
843 1866 969 1930 τοὺς
992 1865 1192 1926 αἰῶνας
1215 1861 1321 1914 τῶν
1349 1859 1576 1914 αἰώνων.
1612 1856 1804 1926 Ἀμήν.

907 1968 1145 2022 ΟΜΙΛΙΛ
1181 1967 1262 2021 A’.

240 2092 350 2146 Kal
383 2087 462 2161 ἦν
491 2090 660 2147 πᾶσα
688 2094 727 2160 ἡ
755 2089 830 2160 γῆ
860 2088 1064 2160 χεῖλος
1093 2087 1181 2152 ἒν,
1220 2087 1317 2140 καί
1349 2083 1516 2154 φωνὴ
1553 2083 1662 2152 μία
1704 2077 1911 2134 πᾶσιν.

311 2203 382 2252 α’.
403 2195 534 2250 Ἰδοὺ
560 2197 695 2268 πρὸς
708 2197 771 2249 τὸ
785 2195 937 2258 τέλος
959 2193 1272 2264 ἐφθάσαμεν
1287 2189 1470 2243 λοιπὸν
1487 2187 1587 2257 τῆς
1607 2184 1765 2254 ἁγίας
1780 2183 1916 2236 Τεσ-

241 2293 602 2363 σαρακοστῆς,
626 2292 721 2347 καὶ
750 2291 851 2362 τῆς
872 2290 1123 2361 νηστείας
1149 2287 1478 2357 διηνύσαμεν
1499 2285 1590 2339 τόν
1609 2281 1795 2345 πλοῦν,
1821 2280 1918 2335 καὶ

241 2387 380 2458 πρὸς
420 2387 512 2442 τὸν
550 2388 745 2457 λιμένα
772 2387 956 2442 λοιπόν
989 2388 1056 2458 τῇ
1091 2385 1186 2438 τοῦ
1212 2384 1348 2439 Θεοῦ
1377 2383 1558 2456 χάριτι
1582 2380 1918 2452 κατηντήσα·

244 2500 365 2552 μεν.
408 2481 568 2535 Ἀλλά
623 2480 696 2553 μὴ
751 2480 839 2534 διὰ
883 2479 1042 2534 τοῦτο
1085 2478 1515 2551 ρᾳθυμήσωμεν,
1565 2473 1702 2530 ἀλλά
1743 2470 1915 2544 ταύτῃ

245 2581 446 2650 μᾶλλον
476 2579 656 2650 πολλῷ
693 2578 915 2631 πλείονα
963 2577 1062 2648 τὴν
1092 2575 1326 2647 σπουδὴν
1363 2575 1456 2628 καὶ
1491 2572 1589 2644 τὴν
1613 2571 1919 2644 ἀγρυπνίαν

243 2676 659 2748 ἐπιδειξώμεθα.
706 2675 860 2729 Ἐπεὶ
896 2675 990 2728 καὶ
1028 2673 1078 2726 οί
1109 2671 1459 2743 κυϐερνῆται,
1490 2667 1706 2722 ἐπειδὰν
1749 2667 1919 2738 μυρία

245 2775 521 2838 διαϐάντες
559 2773 794 2843 πελάγη,
836 2769 1284 2842 πεπληρωμένων
1335 2768 1520 2830 αὐτοῖς
1567 2765 1675 2819 τῶν
1713 2765 1916 2827 ἱστίων,

245 2874 339 2926 καὶ
366 2859 474 2926 τῶν
499 2871 736 2942 φορτίων
758 2871 837 2932 είς
861 2868 993 2939 ὕψος
1014 2866 1368 2936 ἐγκειμένων,
1394 2865 1474 2928 είς
1487 2864 1578 2916 τὸν
1595 2862 1789 2933 λιμένα
1809 2862 1921 2914 είσ-

246 2969 384 3022 ιέναι
422 2966 678 3036 μέλλωσι,
717 2964 838 3018 τότε
871 2963 1109 3035 μάλιστα
1138 2959 1305 3013 πολὺν
1349 2958 1440 3011 τὸν
1480 2957 1666 3026 ἀγῶνα
1698 2957 1791 3010 καὶ
1821 2954 1921 3025 τὴν

246 3063 505 3136 φροντίδα
546 3062 752 3132 ἔχουσι,
786 3062 967 3131 μήπου
997 3056 1244 3126 σκοπέλῳ
1273 3055 1378 3108 τινί
1417 3054 1450 3123 ἡ
1479 3053 1650 3124 πέτρᾳ
1676 3051 1921 3123 προσρά-

249 3161 344 3226 ξαν
368 3161 473 3216 τινὶ
501 3160 560 3213 τὸ
584 3159 766 3212 πλοῖον
796 3157 1052 3226 ἀνόνητον
1079 3155 1264 3216 αὐτοῖς
1287 3152 1377 3205 τὸν
1404 3149 1742 3222 προλαϐόντα
1763 3148 1922 3202 πόνον

249 3256 501 3326 γενέσθαι
551 3253 963 3324 παρασκευάσῃ.
1004 3250 1160 3304 Οὕτω
1191 3248 1286 3302 καὶ
1315 3249 1364 3302 οί
1393 3247 1614 3318 δρομεῖς
1652 3245 1918 3298 ποιοῦσιν·

249 3356 379 3408 ὅταν
429 3351 564 3422 πρὸς
605 3349 664 3402 τὸ
691 3348 840 3411 τέλος
865 3347 971 3401 τῶν
1004 3345 1231 3399 σταδίων
1262 3343 1529 3412 φθάσωσι,
1568 3341 1689 3396 τότε
1726 3340 1924 3412 μᾶλλον

249 3448 611 3520 εὐτονώτερον
651 3446 741 3500 τὸν
781 3445 979 3517 δρόμον
1007 3441 1423 3501 ἐπιδείκνυνται,
1451 3439 1590 3494 ὥστε
1615 3437 1708 3493 τοῦ
1738 3438 1924 3501 τέλους

250 3545 546 3616 ἐπιτυχεῖν,
579 3544 671 3596 καὶ
700 3541 810 3594 τῶν
844 3539 1110 3610 βραϐείων
1133 3536 1448 3602 ἀξιωθῆναι.
1478 3535 1588 3588 Καὶ
1610 3533 1838 3605 ἀθληταὶ
1868 3533 1924 3586 δέ

254 3641 392 3711 μετά
427 3640 597 3712 μυρία
639 3637 988 3707 παλαίσματα
1022 3633 1116 3688 καὶ
1150 3633 1247 3697 τάς
1288 3632 1465 3695 νίκας,
1510 3631 1638 3684 ὅταν
1667 3629 1766 3700 τὴν
1799 3630 1927 3700 περὶ

252 3737 346 3792 τοῦ
380 3735 645 3806 στεφάνου
686 3732 957 3788 παλαίωσι
994 3729 1191 3802 πάλην,
1223 3727 1437 3782 πλείονα
1466 3725 1556 3779 τὸν
1589 3725 1777 3794 ἀγῶνα
1805 3727 1926 3777 ἐπι-

253 3833 578 3894 δείκνυνται,
612 3831 699 3884 ῖνα
742 3829 832 3885 τὸν
867 3827 1128 3895 στέφανον
1161 3823 1415 3885 λαϐόντες
1443 3821 1615 3885 οὕτως
1649 3819 1926 3885 ἐξέλθωσι.

254 3929 520 4000 Καθάπερ
546 3923 638 3980 οὖν
673 3925 1002 3995 κυϐερνῆται
1040 3922 1134 3974 καί⁹
1160 3921 1378 3990 δρομεῖς
1406 3917 1500 3971 καὶ⁸
1525 3917 1774 3988 ἀθληταὶ,
1809 3917 1928 3970 τότε

261 4029 461 4098 μᾶλλον
488 4022 692 4078 τούτων
720 4021 950 4082 ἕκαστος
976 4018 1074 4089 τὴν
1108 4016 1341 4086 σπουδὴν
1379 4013 1529 4086 [εει]
1560 4013 1816 4068 ἐπιτείνει
1838 4015 1932 4066 καὶ

255 4128 355 4194 τὴν
389 4120 714 4194 ἀγρυπνίαν,
745 4119 873 4171 ὅταν
916 4114 1050 4187 πρδς
1081 4112 1160 4184 τῷ
1197 4112 1336 4165 τέλει
1383 4111 1664 4179 γένωνται’
1695 4109 1786 4162 τὸν
1829 4110 1947 4163 αύ-’

256 4223 348 4275 τὸν
386 4221 449 4290 δὴ
482 4219 680 4290 τρόπον
710 4216 804 4269 καὶ
824 4215 972 4285 ἡμᾶς
1000 4212 1290 4283 προσήκει,
1319 4207 1505 4278 ἐπειδὴ
1527 4211 1606 4271 εἰς
1631 4207 1729 4277 τὴν
1763 4207 1933 4278 μεγάο

258 4316 358 4382 λην
381 4315 584 4382 ταύτην
609 4309 876 4380 ἑϐδομάδα
900 4307 1215 4376 ἐφθάσαμεν
1238 4307 1305 4375 τῇ
1333 4304 1425 4357 τοῦ
1452 4302 1586 4356 Θεοῦ
1609 4303 1810 4374 χάριτι,
1838 4303 1933 4356 νῦν

263 4399 496 4469 μάλιστα
524 4395 617 4449 καὶ
652 4396 748 4463 τῆς
783 4392 1032 4461 νηστείας
1056 4390 1146 4443 τὸν
1180 4390 1378 4460 δρόμον
1405 4389 1688 4451 ἐπιτεῖναι,
1717 4387 1810 4439 καὶ
1837 4387 1934 4448 τάς

262 4496 426 4566 εὐχὰς
466 4491 831 4562 εὐτονωτέρας
877 4487 1166 4550 ποιεῖσθαι,
1214 4488 1309 4540 καὶ
1354 4485 1554 4557 πολλὴν
1597 4485 1692 4538 καὶ
1726 4482 1931 4554 ἀκριϐῆ

262 4594 362 4666 τὴν
407 4591 792 4664 ἐξομολόγησιν
833 4586 942 4640 τῶν
982 4584 1381 4657 ἡμαρτημένων
1418 4582 1807 4649 ἐπιδείξασθαι,
1841 4580 1935 4634 καὶ

263 4692 362 4761 τὴν
391 4690 519 4760 περὶ
542 4687 638 4750 τὰς
660 4685 867 4754 ἀγαθὰς
898 4682 1123 4754 πράξεις
1143 4680 1420 4752 ἐργασίαν,
1447 4677 1814 4751 ἐλεημοσύνην
1844 4675 1936 4728 δα-

262 4787 415 4856 ψιλῆ,
443 4784 763 4847 ἐπιείκειαν,
794 4781 1096 4852 πραότητα,
1134 4777 1230 4848 τὴν
1262 4776 1426 4846 ἀλλην
1459 4775 1676 4829 ἀπασαν
1713 4773 1933 4846 ἀρετὴν,

264 4885 353 4936 ἵνα
415 4881 552 4952 μετά
603 4880 807 4933 τούτων
859 4877 968 4930 τῶν
1021 4872 1458 4945 κατορθωμάτων
1496 4873 1575 4935 είς
1606 4871 1704 4942 τήν
1742 4871 1936 4940 κυρίαν

267 4978 572 5046 φθάσαντες
605 4975 818 5046 ἡμέραν
847 4986 873 5014 ει
908 4973 1007 5042 τῆς
1037 4970 1186 5042 παρά
1211 4967 1304 5022 τοῦ
1330 4968 1599 5022 Δεσπότου
1630 4964 1938 5035 φιλοτιμίας

264 5073 681 5143 ἀπολαύσωμεν.
716 5070 974 5140 Μεγάλην
1013 5068 1069 5121 δὲ
1094 5063 1366 5136 καλοῦμεν
1397 5063 1494 5135 τὴν
1524 5060 1812 5132 ἑϐδομάδα,
1837 5060 1937 5112 οὐκ

266 5170 454 5242 ἐπειδὴ
475 5170 634 5224 πλέον
660 5168 771 5239 ἔχει
789 5167 849 5220 τὸ
882 5167 1055 5237 μῆκος
1083 5162 1190 5218 τῶν
1215 5161 1393 5235 ὡρῶν·
1421 5160 1514 5215 καὶ
1543 5159 1651 5231 γάρ
1675 5159 1813 5210 εἰσιν
1832 5157 1942 5210 ἐτε-

271 5289 362 5344 ραι
399 5268 578 5340 πολλῴ
611 5267 828 5338 μείζους
870 5263 1018 5335 ὥρας
1064 5262 1302 5333 ἔχουσαι·
1335 5258 1456 5312 ούδέ
1498 5255 1684 5326 ἐπειδὴ
1724 5252 1939 5316 πλείους

267 5367 482 5438 ἡμέρας
531 5364 662 5435 ἔχει·
710 5361 806 5415 καὶ
842 5359 950 5431 γὰρ
982 5361 1010 5412 ὁ
1040 5357 1201 5420 αὐτὸς
1241 5354 1474 5426 ἀριθμὸς
1521 5349 1811 5422 καὶταύτῃ
1848 5349 1942 5403 καὶ

268 5465 391 5527 ταῖς
422 5463 608 5525 ἄλλαις
655 5459 876 5521 πάσαις.
913 5455 1066 5518 Τίνος
1105 5447 1199 5506 οῦν
1233 5452 1416 5505 ἐνεκεν
1463 5449 1706 5521 μεγάλην
1736 5445 1940 5516 ταύτην

271 5557 576 5627 καλοῦμεν;
635 5553 853 5624 Ἐπειδὴ
907 5549 1115 5622 μεγάλα
1159 5547 1277 5601 τινὰ
1339 5547 1433 5600 καὶ
1478 5544 1764 5616 ἀπόρρητα
1810 5557 1940 5608 τυγ-

274 5657 426 5726 χάνει
451 5652 520 5706 τά
543 5651 859 5722 ὑπάρξαντα
881 5651 1013 5720 ἡμῖν
1034 5648 1090 5698 ἐν
1109 5645 1246 5714 αὐτῇ
1279 5642 1480 5712 ἀγαθά.
1527 5642 1616 5695 Ἐν
1643 5639 1753 5709 γὰρ
1771 5637 1942 5709 ταύτῃ

274 5754 304 5805 ὁ
343 5749 552 5819 χρόνιος
595 5746 758 5816 ἐλύθη
801 5745 1074 5813 πόλεμος,
1116 5740 1346 5801 θάνατος
1409 5735 1664 5805 ἐσϐέσθη,
1725 5732 1942 5803 κατάρα

345 5903 367 5928 °
397 5899 511 5946 Divs
538 5899 620 5946 illa
643 5900 778 5959 κυρία
802 5901 930 5959 dicm
969 5893 1218 5959 l‘qsrhalis_
1252 5893 1507 5959 skuiﬁgg},
1533 5897 1584 5940 ul
1612 5902 1756 5951 supra
1799 5890 1941 5936 etiam

289 5962 678 6009 animumerlcrc
706 5949 795 6006 ἔδει.
827 5958 861 6004 ν
911 5956 1043 6017 ιιικιιί.
1073 5960 1187 6005 luxui
1210 5956 1348 6014 hujus
1371 5952 1396 6012 ἓ,
1417 5949 1496 5998 γι.

1036 408 1094 462 S.
1134 400 1418 461 JOANNIS
1454 387 1948 454 CHRYSOSTOMI
1988 378 2310 439 ARCHIEP.
2351 370 2898 433 CONS'I'A'NTINOP.

3553 343 3660 398 ετξ

2007 497 2269 568 ἀνῃρέθη,
2299 493 2394 548 τοῦ
2429 489 2678 544 διαϐόλου
2725 485 2760 555 ἡ
2788 478 3040 568 τυραννίς
3085 465 3460 568 κατελύθηζτά
3494 464 3664 568 sxa-311]

2202 550 2502 650 δὶηρπάγη,
2538 570 2672 624 Θεοῦ
2699 550 3010 631 καταλλαγὴ
3034 559 3169 650 πρὸς
3215 550 3667 650 ἀνθρώπους-γέ-

2005 685 2182 736 γονεν,
2199 639 2433 736 οὐρανὸς*
2457 639 2686 732 βάσιμος
2714 656 2960 725 γέγονεν,
2979 649 3254 721 ἄνθρωποι
3279 646 3401 736 τοῖς.
3416 639 3670 708 ἀγγέλοις

2006 731 2397 824 συνεμίγη-σαν,
2428 731 2498 802 τά
2515 744 2778 800 διεστῶτα
2817 737 3085 810 συνήφθη,
3119 739 3147 790 ὁ
3194 731 3446 824 φραγμδς
3475 739 3668 824 περιῃ-

2008 817 2160 912 ρέθη,
2194 817 2528 908 τδκλεῖθρον
2565 829 2828 904 ἀνῃρέθη,
2862 830 2892 882 ὁ
2912 829 3010 898 τῆς
3038 824 3262 912 εἰρήνης
3293 819 3424 912 Θεδς
3454 817 3670 912 εἰρηνο-

2007 901 2198 998 ποίησε
2229 926 2299 980 τὰ
2330 901 2450 980 ἅνω.
2478 920 2573 977 καὶ
2617 901 2686 973 τά
2733 917 2824 970 ἐπὶ
2867 915 2965 984 τῆς
2994 911 3118 981 γῆς.
3153 908 3275 998 Διά
3311 905 3467 998 τοῦτο
3491 901 3672 998 τοίνμν

2010 989 2253 1085 μεγάλην
2273 1011 2370 1084 τὴν
2394 1007 2658 1080 ἑϐδομάδα
2703 1002 2996 1072 καλοῦμεν,
3021 997 3208 1066 ἐπειδὴ
3243 992 3496 1085 τοσοῦτον
3541 989 3674 1085 πλῆξ-

2009 1076 2103 1162 θος
2131 1076 2346 1169 δωρεῶν
2378 1076 2610 1166 ἡμῖννέν
2647 1091 2781 1161 αὐτῇ
2831 1088 3152 1158 κεχάρισται
3185 1084 3214 1134 ὁ
3241 1079 3536 1147 Δεσπότης.
3573 1076 3674 1129 Διά

2005 1188 2166 1241 τοῦτο
2187 1185 2369 1238 πολλοὶ
2385 1185 2480 1237 καὶ
2500 1181 2597 1254 τὴν
2613 1178 2864 1251 νηστείαν
2890 1173 3237 1234 ἐπιτείνουσι,
3259 1170 3352 1222 καὶ
3366 1163 3676 1236 ἀγρυπνίας

2010 1274 2105 1328 καὶ
2138 1271 2464 1342 παννυχίδας
2501 1267 2673 1340 ίεράς,
2718 1266 2811 1318 καὶ
2839 1259 3208 1332 ἐλεημοσύνας
3253 1254 3674 1317 ἐπιδείκνυνται,

2006 1364 2315 1425 δεικνύντες
2368 1361 2436 1414 δι’
2479 1352 2555 1412 ὧν
2607 1355 2904 1427 πράττουσι
2949 1351 3047 1421 τὴν
3079 1349 3261 1419 τιμὴν,
3310 1347 3375 1417 ἢν
3407 1343 3535 1414 περὶ
3576 1340 3675 1412 τὴν

2011 1449 2282 1520 ἑϐδομάδα
2306 1447 2538 1519 ἔχουσιν.
2579 1445 2642 1498 Εἰ
2671 1445 2779 1513 γὰρ
2808 1443 2836 1493 ό
2857 1439 3131 1508 Δεσπότης
3178 1433 3417 1488 τοσαῦτα
3443 1433 3500 1484 έν
3537 1431 3674 1520 ᾳῦτῇ

2011 1519 2343 1608 ὴμίνίάγαθά
2369 1535 2701 1606 ἐδωρήσατο,
2752 1528 2870 1591 πῶς
2905 1527 3027 1595 οὐχ).
3065 1525 3160 1578 καὶ
3193 1523 3340 1592 ἡμᾶς
3388 1519 3674 1608 προσήκει,

2010 1605 2076 1676 δι’
2099 1617 2173 1676 ὧν
2199 1605 2497 1692 δυνάμεθα,
2522 1621 2619 1690 τὴν
2650 1616 2787 1671 αἰδῶ
2814 1616 2907 1668 καὶ
2923 1612 3020 1681 τὴν
3046 1609 3210 1681 τιμὴν
3239 1605 3674 1668 ἐπιδείκνυσθαι;

2083 1712 2192 1764 Καὶ
2213 1708 2320 1781 γάρ
2346 1707 2439 1761 καὶ
2465 1708 2514 1760 οἱ
2543 1704 2800 1776 βασιλεῖς,
2820 1702 2886 1756 δι’
2912 1693 2988 1754 ὧν
3018 1697 3233 1752 ποιοῦσι
3267 1695 3362 1749 καὶ
3385 1693 3557 1756 αὐτοὶ,
3584 1693 3678 1761 δη-

2012 1797 2195 1852 λοῦσιν
2222 1798 2347 1850 όσον
2381 1794 2563 1865 έχουσι
2591 1792 2651 1846 τὸ
2679 1791 2866 1858 θαῦμα
2903 1787 3106 1842 τούτων
3134 1785 3242 1838 τῶν
3281 1781 3494 1836 σεπτῶν
3540 1781 3677 1850 ήμε⁸

2017 1884 2147 1954 ρῶν,
2176 1882 2526 1943 κελεύσαντες
2553 1877 2858 1950 ἐκεχειρίαν
2881 1875 3124 1936 ἀπαντας
3150 1872 3294 1943 ἔχειν
3321 1870 3446 1932 τοὺς
3479 1865 3548 1920 τά
3577 1881 3677 1920 πο·

2014 1953 2194 2025 λιτικά
2225 1967 2644 2039 οίκονομοῦντας
2695 1964 3018 2036 πράγματα,
3054 1961 3149 2015 καὶ
3183 1957 3292 2012 τῶν
3317 1953 3680 2024 δικαστηρίων

2014 2059 2113 2122 τάς
2134 2057 2302 2129 θύρας
2326 2054 2652 2117 ἀποκλείειν,
2692 2052 2786 2106 καὶ
2819 2052 2927 2104 πᾶν
2951 2047 3089 2113 εἶδος
3114 2048 3293 2119 μάχης
3327 2043 3422 2098 καὶ
3453 2043 3683 2112 φιλονει·

2015 2146 2142 2209 κίας
2167 2141 2506 2206 ἐλαύνεσθαι,
2537 2141 2624 2193 ἵνα
2664 2138 2800 2210 μετά
2826 2137 3028 2207 πολλῆς
3059 2134 3290 2206 ἡσυχίας
3320 2131 3415 2185 καὶ⁷
3441 2131 3682 2199 γαλήνης

2017 2233 2112 2304 ἐξῇ
2132 2232 2269 2304 πρὸς
2295 2230 2392 2303 τὴν
2417 2228 2526 2282 τῶν
2559 2225 2949 2296 πνευματικῶν
2974 2221 3312 2295 κατόρθωσιν
3343 2217 3682 2285 ἐπείγεσθαι.

2015 2321 2126 2376 Καὶ
2145 2321 2205 2374 οὐ
2239 2319 2393 2373 τοῦτο
2432 2319 2612 2390 μόνον,
2638 2315 2773 2370 ἀλλά
2802 2314 2896 2368 καὶ
2927 2312 3119 2383 ἐτέραν
3145 2309 3449 2380 φιλοτιμίαν
3482 2306 3685 2361 ἐπιδοί-

2017 2425 2240 2462 κνυνται
2261 2423 2274 2436 ·
2313 2407 2438 2472 τοὺς
2459 2405 2520 2458 τὸ
2552 2403 2927 2474 δεσμωτήριον
2947 2398 3228 2462 οἰκοῦντας
3255 2397 3443 2466 ἀφιᾶσι
3460 2395 3568 2447 τῶν
3595 2393 3685 2448 δε-

2018 2496 2196 2566 σμῶν,
2232 2495 2327 2550 καὶ
2378 2492 2522 2548 κατὰ
2576 2490 2808 2561 δύναμιν
2867 2487 3213 2558 ἀνθρωπίνην
3262 2482 3552 2556 μιμοῦνται
3590 2481 3686 2534 τὸν

2018 2582 2227 2636 ἑαυτῶν
2250 2581 2544 2651 Δεσπότην.
2568 2577 2836 2648 Καθάπερ
2864 2577 2971 2646 γάρ
3001 2574 3181 2637 αὐτὸς,
3217 2571 3351 2642 φησὶ
3382 2571 3432 2635 ι»,
3465 2567 3557 2622 τοῦ
3583 2585 3687 2639 χα-

2016 2669 2182 2724 λεποῦ
2211 2667 2586 2741 δεσμωτηρίου
2609 2666 2718 2720 τῶν
2749 2663 3162 2737 ἁμαρτημάτων
3182 2661 3332 2732 ἡμᾶς
3361 2659 3564 2729 ἀνίησι,
3590 2656 3688 2709 καὶ

2015 2757 2125 2811 τῶν
2157 2756 2365 2828 μυρίων
2389 2753 2611 2824 ἀγαθῶν
2637 2754 2866 2826 παρέχει
2908 2751 3006 2822 τὴν
3037 2749 3356 2812 ἀπόλαυσιν,
3407 2743 3688 2828 τδναύτδν

2017 2843 2082 2915 δὴ
2111 2823 2310 2914 τρόπον
2348 2823 2448 2896 καί
2467 2843 2637 2913 ἡμᾶς,
2666 2823 2820 2911 φησὶ,
2857 2838 3126 2907 προσήκει
3156 2829 3238 2899 οἷς
3266 2823 3541 2903 δυνάμεθα
3593 2849 3687 2900 μι-

2023 2930 2197 3001 μητάς
2230 2929 2483 2996 γενέσθαι
2508 2928 2607 2998 τῆς
2625 2927 2719 2981 τοῦ
2746 2927 3012 2980 Δεσπότου
3047 2922 3475 2996 φιλανθρωπίας.
3520 2919 3689 2972 Ἴδετε

2022 3018 2140 3082 πῶς
2175 3017 2263 3072 διὰ
2291 3018 2508 3072 πάντων
2537 3017 2766 3079 ἕκαστος
2805 3013 2961 3085 ἡμῶν
2996 3013 3237 3066 δείκνυσι
3286 3009 3386 3081 τὴν
3436 3007 3567 3061 αἰδῶ
3595 3006 3690 3060 καὶ

2020 3105 2117 3176 τὴν
2148 3106 2332 3177 τιμὴν,
2355 3105 2422 3177 ἥν
2442 3105 2567 3175 περὶ
2596 3103 2694 3167 τάς
2724 3103 2936 3174 ἡμέρας
2962 3101 3155 3172 ἔχομεν
3175 3099 3270 3162 τὰς
3291 3097 3397 3152 τῶν
3421 3096 3690 3150 τοσούτων

2020 3193 2241 3261 ἀγαθῶν
2264 3191 2554 3265 προξένους
2583 3193 2712 3262 ἡμῖν
2741 3188 3148 3260 γεγενημένας;
3183 3186 3280 3239 Διά
3306 3184 3464 3238 τοῦτο
3509 3199 3691 3252 παρα-

2023 3280 2192 3346 καλῶ,
2216 3279 2312 3332 νῦν
2342 3277 2629 3349 μᾶλλον,εί
2661 3277 2754 3331 καί
2795 3293 2924 3330 ποτε
2965 3275 3174 3339 ἄλλοτε,
3216 3272 3392 3326 πάντα
3435 3267 3691 3338 λογισμὸν

2025 3367 2276 3438 βιωτικὸν
2307 3365 2682 3436 ἀπωσάμενοι.
2713 3364 2808 3417 καὶ
2846 3363 2906 3416 τὸ
2935 3362 3034 3430 τῆς
3054 3359 3288 3424 διανοίας
3332 3359 3487 3428 ὄμμα
3520 3355 3691 3410 καθαο

2025 3456 2120 3528 ρδν
2170 3456 2263 3509 καὶ
2290 3454 2438 3527 [9.95]
2479 3453 2906 3525 διεγηγερμένον
2955 3450 3190 3520 ἔχοντες,
3247 3447 3420 3514 οὕτως
3460 3443 3683 3500 ἐνταῦθα

2024 3542 2481 3614 παραγενώμεθα,
2499 3543 2595 3595 καὶ
2615 3541 2802 3612 μηδεὶς
2830 3537 3012 3594 εἰσιὼν
3034 3541 3112 3604 εἰς
3140 3536 3235 3611 τὴν
3260 3537 3549 3608 ἐκκλησίαν
3575 3535 3698 3606 βιω-

2024 3632 2180 3694 τικάς
2206 3630 2546 3701 ἐπισυρέσθω
2581 3630 2890 3700 φροντίδας,
2927 3630 3014 3682 ἵνα
3043 3629 3197 3692 ἀξίαν
3225 3627 3334 3680 τῶν
3372 3625 3546 3678 πόνων
3595 3623 3696 3694 τὴν

2028 3720 2261 3792 ἀμοιϐὴν
2289 3719 2492 3783 λαϐὼν,
2525 3718 2698 3782 οὕτως
2729 3718 2915 3772 οἴκαδε
2943 3717 3234 3787 ἐπανέλθῃ.
3257 3716 3393 3786 Φέρε
3420 3709 3513 3767 οῦν
3536 3712 3699 3765 πάλιν

2027 3807 2124 3878 τὴν
2154 3808 2356 3878 συνήθη
2376 3807 2652 3878 τράπεζαν
2676 3808 2804 3875 ὑμῖν
2833 3805 3190 3877 παραϐῶμεν,
3205 3804 3301 3856 καὶ
3323 3806 3388 3856 ἐκ
3403 3802 3508 3855 τῶν
3530 3801 3700 3871 πρόσ-

2027 3911 2193 3962 φατον
2239 3893 2695 3963 ἀναγνωσθέντων
2753 3894 2902 3964 παρά
2951 3891 3046 3945 τοῦ
3095 3890 3364 3961 μακαρίου
3421 3889 3698 3950 Μωῦσέως

2029 3982 2370 4052 ἐστιάσωμεν
2413 3981 2566 4052 ὑμῶν
2592 3982 2690 4053 τὴν
2738 3981 2979 4049 ἀγάπην,
3027 3978 3166 4032 αύτά
3211 3977 3282 4032 τά
3316 3974 3700 4046 ἀνεγνωσμένα

2029 4071 2106 4128 είς
2142 4069 2306 4140 μέσον
2339 4070 2467 4138 ὑμῖν
2499 4069 2812 4139 προθέντες,
2841 4066 3149 4129 δεικνύντες
3168 4065 3268 4136 τῆς
3297 4063 3447 4127 θείας
3476 4062 3700 4134 Γραφῆς

2029 4155 2126 4226 τὴν
2161 4156 2467 4227 ἀκρίϐειαν.
2517 4155 2734 4226 Ἐπειδὴ
2760 4155 2868 4225 γὰρ
2910 4153 3062 4216 τέλος
3093 4151 3329 4223 ἐπέθηκε
3361 4154 3427 4222 τῇ
3452 4150 3700 4220 διηγήσει

2029 4247 2095 4316 τῇ
2119 4245 2260 4300 κατὰ
2287 4245 2376 4299 τὸν
2399 4245 2543 4308 Νῶε,
2584 4246 2649 4298 ἐκ
2678 4245 2772 4298 τοῦ
2798 4243 2917 4314 Σὴμ
2948 4243 3134 4296 λοιπὸν
3160 4242 3365 4314 ἤρξατο
3393 4241 3494 4310 τῆς
3514 4257 3700 4308 γενεα·

2029 4333 2236 4401 λογίας,
2273 4333 2366 4386 καί
2395 4349 2548 4404 φησι,
2579 4331 2687 4385 Καὶ
2710 4330 2790 4396 τῷ
2811 4332 2940 4398 Σήμ
2963 4329 3382 4399 ἐγεννήθησαν
3403 4329 3502 4381 καί
3541 4327 3704 4392 αὐτῷ

2031 4419 2204 4488 πατρί
2244 4419 2484 4473 πάντων
2522 4416 2640 4472 τῶν
2677 4417 2826 4472 υἱῶν
2855 4417 3052 4482 Ἔϐερ,
3098 4413 3338 4485 ἀδελφῷ
3375 4415 3569 4483 Ἰάφεο
3597 4413 3704 4468 τοῦ

2027 4507 2295 4577 μείζονος
2317 4507 2473 4562 υίοῦ.
2506 4503 2638 4560 Εἶτα
2655 4506 2743 4561 τὸν
2771 4505 3072 4574 κατάλογον
3096 4505 3203 4558 τῶν
3231 4504 3509 4573 ὀνομάτων
3539 4517 3704 4573 ποιη-

2035 4595 2263 4665 σάμενός
2301 4611 2453 4664 φησι,
2495 4594 2602 4648 Καὶ
2626 4591 2708 4658 τῷ
2741 4593 2909 4661 Ἔϐερ
2969 4590 3388 4663 ἐγεννήθησαν
3409 4589 3519 4644 δύο
3542 4590 3661 4643 υἱοί
3684 4605 3702 4622 ·

2035 4684 2220 4752 ὄνομα
2257 4682 2334 4747 τῷ
2363 4683 2453 4736 ἑνὶ
2485 4681 2707 4745 Φαλὲκ,
2739 4681 2828 4734 ὅτι
2857 4682 2926 4735 ἐν
2946 4680 3076 4746 ταῖς
3097 4679 3339 4749 ἡμέραις
3377 4678 3562 4732 αὑτοῦ
3589 4677 3707 4730 διε-

2026 4771 2282 4840 μερίσθη
2311 4769 2349 4836 ἡ
2382 4767 2480 4838 γῆ.
2513 4769 2710 4822 Σκόπει
2743 4767 2858 4832 πῶς
2892 4770 2956 4839 τῇ
2999 4766 3344 4839 προσηγορία
3367 4764 3461 4818 τοῦ
3491 4763 3706 4834 τεχθέν·

2029 4876 2122 4922 τος
2150 4856 2439 4911 ἐναπέθετο
2459 4854 2551 4907 τοῦ
2585 4855 2870 4925 μέλλοντος
2920 4853 3138 4907 ἔσεσθαι
3171 4853 3288 4923 μετ’
3313 4852 3374 4905 ού
3424 4851 3559 4904 πολὺ
3609 4868 3709 4920 σηο

2038 4945 2190 5016 μείου
2215 4942 2314 5014 τὴν
2337 4942 2663 5013 πρόγνωσιν,
2696 4941 2762 4994 ἵν’
2785 4941 2910 4994 ὅταν
2947 4939 3063 5010 ἴδῃς
3083 4941 3162 5002 εἰς
3197 4939 3355 5009 ἔργον
3382 4937 3442 4992 τὸ
3475 4940 3710 5010 πρᾶγμα

2035 5032 2271 5098 ἐξελθὸν,
2299 5030 2494 5102 μηκέτι
2529 5029 2776 5100 ξενισθῇς
2809 5028 2950 5098 όρῶν
2978 5027 3184 5081 ἀνωθεν
3220 5026 3378 5079 τοῦτο
3419 5027 3514 5097 τὴν
3539 5043 3711 5096 προσ-

2033 5119 2263 5190 ηγορίαν
2293 5117 2384 5170 τοῦ
2406 5117 2593 5179 παιδὸς
2621 5114 3061 5185 προμηνύουσαν.
3091 5114 3244 5166 Μετὰ
3265 5112 3373 5184 γὰρ
3398 5113 3457 5165 τὸ
3485 5114 3714 5182 ποιήσα-

2039 5207 2164 5261 σθαι
2197 5207 2304 5260 τῶν
2326 5205 2451 5274 ἐξῆς
2480 5204 2891 5274 γεγεννημένων
2937 5204 3003 5255 ἐκ
3025 5203 3230 5255 τούτων
3261 5202 3353 5254 τὸν
3385 5201 3707 5269 κατάλογον,

2038 5296 2230 5365 φησίνο
2261 5294 2370 5349 Καὶ
2405 5290 2484 5363 ἦν
2519 5292 2687 5348 πᾶσα
2719 5293 2757 5360 ἢ
2793 5290 2870 5360 γῆ
2900 5290 3102 5358 χεῖλος
3137 5289 3226 5350 ἓν,
3268 5289 3363 5342 καὶ
3394 5288 3562 5358 φωνὴ
3599 5292 3712 5357 μία

2039 5383 2259 5438 πᾶσιν
2290 5383 2350 5440 ού
2397 5381 2525 5452 περὶ
2553 5381 2653 5452 τῆς
2683 5382 2787 5448 γῆς
2819 5379 3074 5452 λέγον-σα,
3123 5377 3257 5452 ἀλλά
3293 5377 3420 5452 περὶ
3465 5377 3558 5452 τοῦ
3599 5378 3709 5431 τῶν

2038 5452 2340 5524 ἀνθρώπιον
2367 5447 2580 5518 γένους,
2613 5447 2718 5504 ’ἵνα
2748 5447 2897 5519 ἡμᾶς
2923 5449 3106 5518 διδάξῃ
3149 5448 3232 5500 ὅτι
3279 5447 3410 5517 μίαν
3455 5447 3710 5514 γλῶσσαν

2040 5540 2280 5610 ἀπασαὴ
2308 5539 2416 5590 τῶν
2449 5536 2750 5608 ἀνθρώπων
2808 5531 2922 5605 εἶχε
2961 5534 3142 5603 φύσις.
3200 5533 3311 5588 Καὶ
3351 5529 3428 5602 ἦν
3463 5531 3632 5588 πᾶσα
3667 5534 3706 5604 ἠ

2038 5626 2135 5698 γῆ,
2157 5628 2308 5696 φησὶ,
2349 5624 2550 5693 χεῖλος
2575 5623 2663 5684 ἓν,
2699 5623 2797 5676 καὶ
2825 5621 2992 5690 φωνὴ
3022 5621 3132 5690 μία
3163 5620 3336 5675 πᾶσι.
3362 5620 3572 5687 Χεῖλος
3613 5621 3708 5690 ἓν,

2038 5717 2136 5786 τὴν
2156 5714 2343 5766 λαλιάν
2374 5729 2527 5783 φησι.
2559 5711 2652 5764 καὶ
2688 5711 2871 5781 φωνὴν
2905 5709 3065 5762 πάλιν
3087 5709 3146 5761 τὸ
3176 5708 3328 5771 αὐτὸ,
3362 5709 3448 5761 ἵνα
3470 5709 3599 5780 εἴπῃ
3626 5710 3716 5764 ὅτι

2040 5804 2313 5874 ὁμόφωνοι
2340 5801 2434 5854 καὶ
2459 5799 2797 5870 ὁμόγλωσσοι
2825 5799 3022 5861 πάντες
3045 5793 3204 5866 ἦσαν.
3232 5799 3339 5851 Καὶ
3357 5797 3438 5850 ὅτι
3466 5799 3592 5870 περὶ
3619 5797 3715 5855 λα-

2106 5949 2134 5990 ὶ)
2173 5948 2274 5999 Vox
2299 5947 2396 6009 hic,
2426 5955 2477 6000 ut
2502 5961 2633 6010 swpe
2655 5947 2791 6007 alias,
2818 5957 3191 6008 supcrwcauea.
