4062 6396
309 390 425 447 975

323 519 473 574 runt,
504 519 560 566 ut
598 528 771 584 usque
800 534 941 575 nunc
967 520 1272 579 celebretur
1297 529 1551 597 praeclara
1577 548 1762 590 eorum
1788 552 1902 606 pm.

325 601 577 657 nitentia.

394 689 612 747 Mai-alis
636 695 1009 752 exliortatio.—
1026 701 1255 760 Proinde
1278 707 1396 763 illos
1415 720 1469 764 et
1499 729 1593 767 nos
1621 715 1905 784 imitemur,

319 789 371 834 et
399 796 521 836 cum
551 786 784 842 sciamus
810 807 981 861 neque
1009 809 1285 863 parentum
1314 804 1598 871 nequitiam
1629 822 1726 860 nos
1749 808 1909 863 la'de-

319 888 399 931 re.
435 873 478 927 si
510 879 835 934 voluerimus
864 884 1197 953 resipiscere,
1231 906 1404 960 neque
1435 906 1710 961 parentum
1739 897 1910 952 virtu-

319 975 431 1018 tem
456 967 610 1022 nobis
629 972 906 1039 prodesse,
935 976 979 1030 si
1012 976 1267 1033 fuerimus
1289 984 1635 1054 negligentes,
1660 1005 1907 1059 magnum

317 1057 389 1109 sit
409 1058 560 1113 nobis
578 1062 813 1118 studium
832 1064 1061 1132 virtutis,
1086 1078 1140 1124 et
1157 1080 1364 1141 gratam
1382 1075 1707 1131 voluntatem
1725 1057 1910 1134 osten-

316 1146 547 1214 damus,
578 1160 635 1204 ut
658 1154 901 1209 eamdem
931 1173 1089 1228 quam
1114 1160 1241 1216 Sem
1267 1175 1316 1217 et
1347 1163 1573 1234 Japheth
1612 1184 1910 1241 consequa-

318 1256 444 1294 mur
470 1242 897 1313 benedictionem
933 1267 948 1305 :
988 1260 1045 1305 et
1087 1263 1201 1308 uta
1246 1257 1617 1316 maledictione
1645 1273 1698 1316 et
1740 1264 1910 1317 servi-

318 1341 456 1397 tute,
488 1350 644 1404 quam
670 1337 923 1395 Chanaan
964 1345 1202 1414 accepit,
1233 1347 1541 1417 liberemur,
1566 1363 1623 1407 et
1650 1369 1717 1408 ne
1745 1354 1911 1409 simus

318 1425 468 1478 servi
496 1428 720 1494 peccati,
744 1430 837 1484 sed
863 1448 1041 1487 veram
1068 1437 1400 1505 possidentes
1429 1441 1747 1511 libertatem,
1774 1446 1908 1501 inef—

317 1514 501 1569 fabilia
531 1517 664 1571 bona
693 1519 1073 1592 adipiscamur,
1116 1528 1287 1596 gratia
1313 1539 1367 1583 et
1393 1532 1756 1589 misericordia
1801 1536 1909 1590 Do-

326 1607 456 1659 mini
485 1609 653 1661 nostri
679 1608 805 1664 Jesu
829 1611 1052 1679 Christi,
1078 1632 1197 1671 cum
1219 1635 1324 1687 quo
1346 1620 1504 1686 Patri,
1530 1624 1688 1679 simul
1715 1637 1767 1680 et
1790 1627 1912 1695 Spi-

322 1696 447 1751 ritui
474 1709 660 1754 sancto
683 1701 750 1755 sit
774 1701 964 1772 gloria,
988 1705 1291 1777 imperium,
1316 1711 1509 1780 honor,
1533 1730 1674 1771 nunc
1693 1727 1744 1771 et
1769 1734 1910 1772 sem-

318 1801 437 1855 per,
468 1798 523 1842 et
550 1790 601 1842 in
626 1793 940 1849 saeculorum
967 1799 1181 1853 sarcula.
1215 1802 1410 1857 Amen.

875 1926 1152 1985 llOMlLlA
1192 1932 1362 1989 XXX.

356 2031 427 2088 Et
451 2046 560 2089 erat
578 2039 742 2093 omnis
768 2049 900 2095 terra
922 2042 1111 2098 labium
1133 2063 1309 2114 unum,
1333 2059 1379 2103 et
1399 2067 1496 2105 vos:
1522 2069 1622 2107 una
1643 2056 1871 2110 omnibus

925 2133 1077 2203 (Gen.
1110 2138 1195 2192 11.
1229 2138 1304 2212 1).

392 2261 443 2314 Ι.
477 2261 518 2313 Α
558 2264 859 2335 negligentia
885 2268 1142 2326 auditores
1160 2276 1357 2328 avertit.
1400 2276 1659 2350 Confessio
1679 2293 1910 2352 peccato-

316 2368 455 2404 rum.
482 2352 641 2407 "orte
664 2358 882 2430 majores
902 2361 978 2413 vel
998 2362 1215 2417 minores
1240 2382 1331 2434 pro
1352 2366 1669 2438 longitudine
1690 2371 1907 2430 dierum.

316 2440 424 2494 Cur
456 2459 642 2514 magna
672 2442 870 2501 dicatur
904 2450 1012 2504 lucc
1050 2452 1385 2510 hebdomada.
1412 2488 1483 2498 —-
1510 2459 1650 2516 Ecce
1692 2463 1905 2519 tandem

315 2536 383 2589 ad
433 2536 591 2592 ﬁnem
637 2552 835 2596 sancta:
871 2543 1305 2617 Quadragesiinze
1345 2551 1606 2619 venimus,
1634 2564 1688 2609 et
1719 2556 1904 2626 jejunii

258 2637 275 2645 ‘
314 2629 705 2699 navigationem
737 2636 1054 2703 perfecimus
1079 2681 1093 2703 ,
1127 2642 1560 2715 appulimusque,
1592 2647 1684 2702 Dei
1709 2651 1902 2719 gratia,

314 2717 370 2771 in
405 2729 636 2786 portum.
668 2722 867 2778 Verum
903 2741 1009 2781 non
1055 2727 1179 2784 ideo
1224 2732 1551 2803 negligentes
1580 2717 1767 2803 simus,
1808 2717 1904 2795 sed

315 2811 417 2865 hac
442 2811 511 2866 de
540 2828 695 2867 causa
744 2815 932 2871 iterum
968 2821 1137 2889 majus
1176 2823 1445 2891 studium,
1487 2828 1741 2897 majorem
1781 2831 1905 2885 dili-

311 2904 547 2971 gentiam
567 2946 581 2968 ,
613 2909 975 2980 majoremque
1018 2913 1339 2982 vigilantiam
1374 2918 1741 2977 exhibe-amns.
1772 2922 1904 2978 Nam

313 3003 368 3048 et
393 2998 628 3050 naucleri
651 3013 772 3053 cum
798 3017 890 3068 per
918 3005 1078 3056 multa
1109 3008 1273 3060 maria
1299 3010 1622 3077 transierint,
1650 3024 1705 3068 et
1732 3015 1904 3082 plenis

312 3087 477 3151 velis,
506 3088 814 3158 eductisque
844 3096 1110 3150 mercibus
1138 3096 1161 3170 (
1175 3097 1241 3170 a)
1270 3099 1323 3153 in
1371 3112 1580 3170 portum
1614 3104 1901 3175 ingressuri

313 3176 545 3245 fuerint,
576 3188 685 3233 tum
718 3183 1001 3237 maximam
1047 3203 1229 3242 curam
1265 3200 1320 3244 et
1365 3192 1772 3249 sollicitudinem
1805 3212 1901 3265 ge-

311 3278 456 3334 runt,
488 3285 553 3323 ne
580 3270 634 3323 in
664 3273 937 3342 scopulum
969 3277 1055 3332 vel
1084 3278 1136 3332 in
1163 3288 1367 3347 petram
1395 3284 1677 3351 quamdam
1708 3286 1900 3356 impin-

306 3367 458 3426 gant,
487 3376 605 3428 qua:
632 3377 821 3419 omnes
844 3366 1050 3434 priores
1076 3367 1289 3426 labores
1316 3372 1474 3426 simul
1498 3374 1790 3444 disperdat.
1824 3378 1898 3434 Ita

309 3463 523 3518 quoque
566 3451 765 3508 faciunt
788 3470 1036 3512 cursores
1068 3477 1082 3512 :
1110 3475 1230 3513 cum
1256 3463 1397 3517 enim
1422 3463 1487 3519 ad
1515 3464 1671 3520 linem
1696 3468 1899 3523 stadio-

310 3554 429 3593 rum
456 3544 770 3609 perveuiunt
789 3586 805 3611 ,
834 3546 1285 3605 vehementiorem
1316 3564 1530 3609 servant
1569 3572 1812 3626 cursum,
1844 3570 1901 3614 ut

309 3641 509 3685 metam
534 3635 818 3704 attingant,
842 3647 896 3692 et
921 3643 1135 3707 praemia
1163 3655 1488 3700 mereantur.
1510 3649 1738 3704 Athletae
1767 3667 1903 3721 quo-

306 3737 416 3791 que
443 3735 565 3793 post
594 3726 817 3794 plurima
841 3731 1131 3787 certamina
1161 3743 1215 3788 et
1236 3736 1501 3804 victorias,
1532 3754 1654 3795 cum
1681 3757 1776 3810 pro
1801 3758 1897 3798 co-

306 3828 443 3870 rona
472 3820 785 3874 certandum
816 3831 898 3876 est
918 3863 934 3886 ,
981 3825 1170 3893 majori
1198 3828 1316 3882 nisu
1347 3832 1523 3884 omnia
1566 3832 1796 3903 faciunt,
1840 3846 1899 3892 ut

307 3920 528 3976 accepta
557 3924 756 3966 corona
794 3913 1007 3970 abeant.
1053 3917 1235 3987 Itaque
1270 3924 1718 3990 quemadmodum
1762 3944 1896 3983 nau-

307 3997 461 4064 cleri,
491 4008 545 4053 et
569 4014 847 4070 cursores,
876 4017 930 4060 et
956 4007 1203 4076 athletae,
1235 4012 1323 4065 ubi
1350 4014 1417 4066 ad
1452 4013 1609 4070 tinem
1653 4021 1893 4087 veniunt,

307 4090 477 4157 magis
503 4091 780 4147 enituntur
815 4104 871 4150 et
906 4098 1124 4167 vigilant
1158 4117 1173 4153 :
1210 4102 1397 4157 eodem
1426 4108 1584 4161 modo
1613 4118 1668 4162 et
1687 4126 1782 4165 nos
1813 4113 1895 4165 fa-

305 4178 511 4232 ciamus
538 4192 786 4250 oportet,
814 4188 935 4256 quia
980 4189 1033 4242 in
1072 4205 1314 4262 magnam
1348 4195 1481 4250 hanc
1508 4196 1893 4257 hebdomadam

308 4270 400 4324 Dei
434 4275 605 4341 gratia
634 4280 1003 4344 pervenimus,
1038 4298 1178 4339 nunc
1219 4288 1450 4344 maxime
1472 4291 1658 4360 jejunii
1706 4311 1896 4354 cursus

305 4364 682 4431 intendendus,
711 4379 765 4423 et
788 4370 1134 4429 ferventiores
1155 4375 1435 4434 fundendae
1464 4397 1671 4451 preces,
1699 4385 1897 4443 facien-

302 4454 478 4525 daque
496 4457 727 4528 diligens
745 4472 797 4515 et
821 4477 949 4532 pura
979 4476 1314 4533 peccatorum
1334 4471 1619 4541 confessio,
1645 4485 1700 4531 et
1724 4477 1778 4531 in
1800 4479 1899 4535 bo-

301 4546 384 4599 nis
412 4548 667 4616 operibus
691 4551 943 4608 sedulitas
978 4554 1295 4626 exhibenda,
1327 4561 1665 4636 eleemosyna
1710 4566 1851 4638 larga
1872 4610 1891 4638 ,

299 4638 526 4708 aquilas
550 4680 565 4704 ,
596 4645 981 4712 mansuetudo,
1023 4648 1248 4720 alia:th
1290 4653 1516 4710 virtutes
1548 4673 1562 4709 :
1605 4666 1664 4711 ut
1701 4660 1892 4717 talibus

299 4729 475 4783 ornati
496 4730 799 4798 virtutibus,
830 4736 915 4789 ubi
947 4738 998 4791 in
1024 4738 1166 4794 diem
1196 4741 1521 4800 Dominicam
1550 4746 1770 4804 Pascha:
1793 4766 1895 4806 ve-

300 4819 559 4885 nerimus,
591 4822 804 4880 Domini
833 4827 1147 4887 liberalitate
1169 4833 1423 4890 fruamur.
1448 4838 1687 4908 Magnam
1709 4856 1888 4901 autem

299 4924 554 4965 vocamus
586 4912 994 4985 hebdomadam,
1027 4938 1129 4974 non
1158 4925 1298 4991 quod
1326 4927 1595 4997 longiores
1618 4932 1670 4985 in
1692 4949 1752 4987 ea
1783 4936 1891 4990 sint

298 5000 447 5057 hora:
477 5020 490 5055 :
525 5016 652 5058 sunt
679 5008 819 5060 enim
852 5010 969 5063 alia:
994 5028 1110 5080 qua:
1150 5016 1315 5069 multo
1347 5019 1576 5088 majores
1602 5021 1761 5077 horas
1787 5025 1885 5079 ha-

298 5091 458 5158 bent;
493 5110 667 5164 neque
691 5098 832 5165 quod
865 5101 1041 5168 plures
1068 5104 1183 5158 dies
1213 5106 1405 5162 habeat
1434 5128 1446 5162 :
1476 5122 1557 5165 est
1578 5115 1718 5167 enim
1748 5116 1887 5172 idem

299 5198 555 5239 numerus
595 5187 644 5239 in
677 5186 776 5243 hac
814 5191 1037 5262 aliisque
1075 5197 1343 5253 omnibus.
1389 5200 1562 5268 Quare
1587 5219 1717 5275 ergo
1744 5208 1886 5263 illam

297 5288 550 5330 vocamus
574 5286 856 5348 magnam?
877 5283 1009 5349 Quia
1033 5286 1085 5338 in
1110 5287 1194 5339 illa
1216 5306 1402 5359 magna
1421 5295 1661 5363 quietiam
1682 5308 1733 5353 et
1756 5299 1890 5356 inef-

298 5366 474 5422 fabilia
507 5369 645 5425 bona
688 5374 1025 5443 contigerunt
1052 5378 1226 5433 nobis.
1267 5380 1324 5434 In
1354 5383 1440 5437 illa
1477 5386 1621 5440 enim
1657 5390 1885 5446 solutum

206 5510 213 5518 ,
293 5470 377 5511 est
408 5459 602 5514 bellum
649 5462 944 5531 diutinum,
973 5469 1231 5525 exstincta
1272 5488 1439 5541 mors,
1470 5478 1772 5535 maledictio
1802 5483 1885 5548 in-

293 5560 578 5620 terempta,
605 5553 803 5609 diaboli
826 5561 1060 5626 tyrannis
1078 5562 1354 5633 dissoluta,
1380 5584 1501 5623 vasa
1520 5570 1633 5639 ejus
1658 5571 1884 5643 direpta;

354 5682 428 5744 (ll)
449 5685 531 5732 His
544 5686 702 5766 innuit
722 5688 1102 5766 Chryn'sostonms,
1125 5709 1216 5766 suo
1240 5706 1462 5766 tempore
1487 5702 1533 5750 in
1555 5716 1689 5753 more
1716 5704 1883 5766 fuisse,

292 5751 345 5792 ut
369 5759 433 5793 ex
461 5747 949 5827 navibus,‘c0ti'fecto
983 5747 1301 5827 navigationis
1331 5747 1800 5827 cursurantequain
1835 5747 1883 5817 in

293 5814 485 5865 [ortum
509 5810 793 5887 intraretur,
816 5828 965 5865 onera
993 5825 1044 5867 et
1067 5810 1266 5873 sarcina:
1294 5810 1637 5887 educerentur,
1660 5810 1711 5877 dt
1734 5831 1782 5878 in
1807 5844 1882 5879 su-

290 5880 461 5927 premo
481 5871 698 5923 tabulato
720 5888 1041 5936 ponerentur.

1301 414 1371 471 ιΝ
1407 419 1557 475 CAP.
1601 421 1648 477 X
1686 422 1773 479 ET
1814 423 1902 480 XI.
1945 425 2190 486 CENES‘.
2230 432 2459 490 HOMIL.
2502 437 2669 494 XXX.

3495 450 3599 506 2Ὶί

2022 539 2161 595 Deus
2189 542 2490 601 hominibus
2517 551 2885 609 reconciliatus
2908 563 3010 619 est,
3038 556 3225 612 ctelum
3274 564 3603 628 penetrabile

2016 628 2211 686 factum
2239 645 2339 699 est,
2372 637 2615 694 homines
2642 656 2763 696 cum
2784 645 2990 714 angelis
3013 652 3285 705 commixti
3313 661 3455 719 sunt,
3481 672 3600 725 qua:

2018 719 2282 778 distabant
2305 727 2584 796 conjuncta
2606 741 2748 797 sunt,
2766 749 2922 803 sepes
2942 738 3167 805 sublata,
3190 753 3395 811 septum
3421 719 3603 801 remo-

2019 819 2151 879 tum,
2185 814 2323 872 Deus
2349 821 2492 887 pacis
2516 823 2733 890 paciﬁca
2771 826 2897 882 fecit
2920 833 3118 899 omnia,
3145 850 3263 905 qua:
3292 837 3344 891 in
3377 839 3524 893 cazlis
3552 849 3605 894 et

2018 920 2134 971 qua:
2162 906 2215 960 in
2245 912 2421 964 terris.
2446 912 2557 969 llac
2576 915 2751 986 itaque
2770 918 2835 975 de
2861 936 3019 976 causa
3046 940 3288 995 magnam
3312 930 3605 986 hebdoma-

2018 995 2139 1050 dam
2169 1014 2439 1069 vocamus,
2464 1006 2585 1074 quia
2613 1016 2813 1065 tantam
2846 1013 2998 1070 nobis
3021 1014 3283 1072 donorum
3306 1022 3602 1077 multitudi-

2017 1102 2141 1142 nem
2171 1089 2222 1143 in
2260 1091 2343 1145 illa
2383 1093 2602 1165 largitus
2626 1109 2709 1153 est
2736 1101 3011 1159 Dominus.
3045 1106 3111 1160 Et
3136 1108 3333 1165 idcirco
3360 1114 3509 1167 multi
3537 1125 3593 1169 et

2013 1176 2271 1246 jejunium
2304 1182 2603 1254 intendunt,
2629 1199 2682 1244 et
2711 1191 2936 1261 vigilias,
2976 1205 3031 1250 et
3057 1202 3484 1266 pernoctationes
3510 1220 3599 1258 sa-

2015 1282 2165 1333 cras,
2212 1282 2268 1326 et
2308 1274 2703 1349 eleemosynas,
2735 1281 2855 1338 hinc
2888 1285 3199 1342 exhibentes
3238 1306 3395 1358 eum,
3434 1310 3592 1365 quem

2017 1360 2366 1420 hebdomada:
2396 1367 2519 1425 huic
2545 1383 2819 1442 prmstant,
2853 1375 3130 1439 honorem.
3160 1381 3291 1440 Nam
3334 1385 3381 1440 si
3419 1360 3602 1442 Domi-

2016 1469 2117 1509 nus
2144 1458 2270 1512 talia
2292 1460 2431 1515 bona
2465 1464 2515 1518 in
2556 1466 2642 1521 illa
2675 1470 2829 1525 nobis
2857 1472 3094 1544 donavit,
3121 1481 3389 1548 quomodo
3414 1499 3519 1539 non
3546 1495 3602 1540 et

2019 1562 2116 1602 nos
2136 1547 2409 1619 debemus,
2433 1569 2688 1625 quantum
2716 1579 3017 1635 pOssumus,
3051 1576 3401 1629 reverentiam
3423 1588 3476 1631 et
3500 1578 3599 1634 ho-

2017 1653 2200 1693 norem
2228 1646 2510 1701 ostendere
2526 1648 2552 1701 ἲ

2086 1727 2350 1787 Iustitium
2372 1736 2615 1793 indictum
2649 1743 2961 1802 hebdomada
2989 1762 3189 1807 sancta.
3217 1786 3288 1796 —
3314 1757 3597 1817 Enimvero

2018 1818 2371 1889 Imperatores
2393 1827 2491 1897 ipsi
2512 1833 2674 1899 gestis
2703 1835 2812 1890 suis
2839 1837 3111 1897 declarant
3133 1859 3292 1914 quam
3316 1850 3598 1905 venerabi-

2016 1911 2091 1965 les
2118 1913 2237 1969 illos
2262 1915 2377 1972 dies
2418 1919 2646 1978 habeant
2664 1966 2677 1987 ,
2706 1929 3020 1986 mandantes
3052 1943 3108 1988 ut
3128 1911 3373 1994 omnibus
3394 1941 3501 1995 sint
3521 1946 3599 1996 in-

2015 2003 2183 2061 ducite
2205 2018 2258 2063 et
2282 2009 2427 2066 feriat
2459 2014 2522 2068 iis
2548 2018 2636 2085 qui
2657 2019 2900 2077 civilibus
2928 2024 3220 2097 funguntur
3244 2034 3489 2103 negotiis,
3519 2046 3599 2090 ut-

2014 2109 2119 2162 que
2146 2096 2461 2156 claudantur
2486 2104 2629 2161 fores
2650 2108 2969 2178 judiciorum
2990 2155 3005 2182 ,
3032 2096 3090 2172 et
3115 2096 3456 2179 eliminentur
3477 2096 3599 2181 vom-

2014 2202 2109 2241 nes
2139 2188 2308 2246 litium
2336 2204 2389 2248 et
2417 2200 2817 2258 contentionum
2848 2213 3075 2276 species,
3101 2228 3208 2281 quo
3238 2231 3424 2287 magna
3449 2228 3599 2273 tran-

2012 2278 2273 2346 quillitate
2289 2298 2350 2337 ac
2365 2287 2544 2354 quiete
2562 2290 2715 2346 liceat
2732 2293 2796 2348 ad
2809 2297 3100 2365 spiritualia
3119 2278 3263 2359 recte
3279 2278 3595 2375 perﬁcienda

2015 2367 2281 2426 festinare.
2312 2373 2377 2429 Et
2402 2393 2506 2431 non
2528 2378 2629 2435 hoc
2646 2383 2838 2450 solum,
2862 2388 2953 2442 sed
2970 2400 3025 2444 et
3043 2392 3201 2449 aliam
3227 2367 3596 2457 liberalitatem

2012 2461 2300 2517 ostendunt
2331 2483 2344 2519 :
2368 2482 2461 2523 eos
2486 2473 2627 2525 enim
2654 2476 2743 2543 qui
2770 2476 2821 2529 in
2849 2482 3151 2539 carceribus
3178 2496 3321 2553 sunt,
3354 2504 3384 2543 a
3415 2494 3597 2547 vincu-

2012 2551 2077 2605 lis
2100 2556 2347 2621 Solvunt,
2385 2572 2437 2615 et
2476 2579 2570 2631 pro
2599 2565 2828 2623 humana
2858 2571 3104 2631 facultate
3132 2577 3412 2637 Dominum
3442 2598 3595 2639 suum

2013 2644 2306 2704 imitantur.
2344 2652 2491 2708 Sicut
2529 2657 2670 2711 enim
2709 2660 2823 2730 ipse
2864 2678 2895 2714 a
2945 2667 3091 2734 gravi
3125 2684 3222 2723 nos
3257 2683 3593 2741 peccatorum

2011 2752 2224 2794 carcere
2279 2742 2496 2809 liberat,
2550 2757 2603 2802 et
2650 2749 2945 2810 innumeris
2990 2756 3142 2813 bonis
3170 2760 3334 2817 afficit
3364 2782 3374 2815 :
3406 2766 3595 2823 eodem

2012 2829 2171 2884 modo
2198 2840 2252 2886 et
2279 2835 2433 2890 nobis
2462 2853 2558 2906 pro
2590 2840 2726 2896 virili
2752 2845 3052 2906 faciendum
3074 2861 3174 2915 est.
3199 2864 3255 2906 ut
3283 2854 3450 2910 simtts
3475 2858 3595 2911 imi-

2008 2927 2209 2978 tatores
2238 2925 2614 2986 misericordiae
2650 2933 2859 2990 Domini
2885 2937 2975 2993 Dei
3003 2944 3191 2997 nostri.
3223 2944 3439 3002 Vidistis
3461 2964 3594 3018 quo-

2009 3011 2170 3066 modo
2192 3014 2387 3086 singuli
2412 3017 2464 3073 in
2490 3022 2735 3101 omnibus
2750 3029 3020 3095 specimen
3047 3033 3269 3089 edamus
3292 3037 3407 3107 ejus
3429 3038 3593 3095 hono-

2010 3104 2082 3156 ris
2106 3119 2171 3160 ac
2191 3111 2522 3177 reverentiae,
2552 3130 2708 3183 quam
2739 3118 3049 3175 exhibemus
3079 3124 3266 3181 diebus
3288 3128 3351 3183 iis
3379 3132 3467 3200 qui
3496 3148 3594 3187 no-

2011 3193 2092 3248 bis
2121 3205 2197 3252 tot
2240 3198 2499 3256 bonorum
2538 3220 2715 3261 causa:
2757 3212 2919 3265 sunt?
2946 3212 3175 3272 Proinde
3207 3236 3335 3291 rogo
3372 3238 3515 3278 nunc
3548 3225 3592 3280 si

2010 3303 2261 3359 umquam
2286 3292 2438 3360 alias,
2467 3306 2523 3349 ut
2549 3300 2775 3367 repulsis
2800 3306 3142 3363 saacularibus
3162 3312 3590 3382 cogitationibus,

2007 3389 2061 3432 et
2087 3390 2268 3436 mente
2296 3397 2516 3455 purgata
2544 3403 2607 3442 ac
2647 3390 2789 3461 vigili
2818 3393 2922 3449 huc
2960 3400 3360 3458 conveniamus.
3409 3404 3592 3462 Nullus

2005 3472 2284 3527 ecclesiam
2331 3475 2597 3545 ingressus
2628 3484 2912 3541 sa-culares
2939 3503 3093 3544 curas
3118 3508 3298 3548 secum
3329 3495 3506 3567 ducat,
3537 3510 3589 3555 ut

2004 3561 2163 3630 dgna
2189 3565 2427 3622 laborum
2455 3573 2701 3628 mercede
2734 3587 2967 3646 recepta,
3002 3582 3188 3636 iterum
3217 3584 3431 3642 domum
3463 3561 3589 3659 pro-

2006 3658 2171 3710 ﬁcisci
2194 3657 2367 3713 liceat.
2399 3662 2511 3732 Age
2538 3664 2694 3733 igitur
2723 3681 3032 3724 consuetam
3058 3674 3204 3730 vobis
3228 3657 3477 3734 mensam»
3495 3684 3590 3737 ite-

2004 3766 2121 3803 rum
2151 3767 2508 3823 proponamus
2528 3799 2541 3822 ,
2588 3768 2642 3812 et
2680 3759 2747 3815 de
2776 3761 2841 3816 iis
2869 3780 2987 3833 qua:
3015 3765 3151 3821 lecta
3181 3780 3303 3825 sunt
3341 3789 3404 3827 ex
3433 3775 3590 3833 beato

2006 3844 2169 3907 Mose,
2203 3848 2407 3901 caritati
2432 3859 2620 3905 vestrae
2646 3855 2945 3910 convivium
2971 3874 3236 3927 paremus,
3262 3864 3446 3921 eadem
3476 3868 3587 3938 ipsa

2005 3939 2055 3989 in
2081 3938 2310 3993 medium
2340 3939 2666 3999 adducentes
2687 3954 2742 4000 et
2762 3947 3053 4004 indicantes
3081 3951 3277 4008 divina:
3301 3956 3587 4027 Scriptura:

2002 4029 2349 4100 diligentiam.
2388 4032 2521 4087 Nam
2561 4046 2837 4107 postquam
2881 4039 3118 4096 historiae
3163 4044 3230 4099 de
3280 4045 3432 4102 beato
3478 4049 3590 4107 Noe

2004 4120 2163 4174 finem
2212 4122 2484 4191 imposuit,
2537 4127 2899 4198 genealogiam
2947 4146 3341 4201 consequenter
3389 4154 3421 4195 a
3463 4138 3586 4196 Seni

2002 4214 2295 4279 exorditur,
2323 4226 2378 4271 et
2402 4217 2531 4271 dicit
2559 4236 2572 4271 :
2602 4220 2690 4274 2|.
2723 4220 2872 4293 (Gen.
2896 4223 2987 4295 10)
3005 4223 3072 4277 Et
3101 4227 3356 4285 Semnati
3378 4243 3513 4299 sunt,
3544 4249 3590 4287 et

2001 4305 2100 4373 ipsi
2126 4308 2261 4374 patri
2286 4309 2513 4361 omnium
2542 4311 2769 4377 ﬁliorum
2797 4311 2983 4381 Heber,
3014 4318 3164 4388 fratri
3202 4318 3429 4390 Japltetlt
3474 4341 3575 4377 ma-

1991 4399 2125 4467 ⁸ᾔον-ἱε
2153 4400 2269 4467 ﬁlii.
2319 4400 2518 4457 Deinde
2543 4402 2787 4459 confecto
2808 4407 3079 4465 nominum
3099 4412 3342 4483 catalogo
3363 4416 3471 4469 ait:
3496 4416 3584 4471 25.

2000 4490 2068 4543 Et
2092 4491 2254 4546 [leber
2270 4495 2378 4547 nati
2398 4506 2514 4548 sunt
2540 4496 2641 4549 duo
2671 4499 2785 4565 ﬁlii,
2810 4516 2991 4555 nomen
3026 4503 3116 4556 uni
3138 4503 3335 4558 Phalec
3356 4523 3375 4561 :
3394 4509 3512 4578 quia
3535 4511 3587 4564 in

1999 4583 2174 4637 diebus
2211 4584 2349 4639 illius
2377 4586 2539 4640 divisa
2572 4597 2645 4641 est
2693 4600 2865 4647 terra-
2892 4592 3185 4649 Considera
3214 4598 3480 4665 quomodo
3509 4601 3584 4651 si-

1998 4676 2087 4745 gni
2118 4676 2192 4748 (a)
2220 4691 2323 4731 non
2359 4678 2528 4734 multo
2556 4688 2675 4749 post
2709 4681 2870 4736 futuri
2905 4685 3295 4753 praescientiam
3325 4689 3584 4743 vocabulo

1999 4771 2107 4823 nati
2136 4772 2279 4839 pueri
2306 4770 2515 4839 indidit,
2543 4782 2600 4827 ut
2631 4788 2750 4828 cum
2778 4775 2972 4830 videris
3000 4793 3111 4831 rem
3136 4793 3301 4847 opere
3324 4780 3585 4854 adimple-

1998 4871 2127 4928 tam,
2160 4876 2266 4916 non
2294 4864 2426 4917 ultra
2451 4865 2683 4933 mireris,
2705 4867 2889 4923 videns
2915 4869 3167 4929 divinitus
3190 4871 3292 4929 hoc
3313 4878 3461 4945 pueri
3484 4884 3583 4932 no.

1996 4957 2139 5011 mine
2178 4956 2510 5025 praedictum.
2558 4959 2689 5015 Nam
2737 4970 3013 5032 postquam
3058 4966 3354 5036 catalogum
3395 4984 3579 5023 eorum

1996 5047 2139 5113 fecit,
2171 5048 2260 5117 qui
2290 5059 2473 5117 postea
2515 5054 2621 5106 nati
2664 5064 2808 5117 sunt,
2838 5055 3050 5125 inquit:
3087 5056 3137 5111 l.
3181 5057 3330 5129 (Cap.
3379 5060 3466 5129 it)
3514 5059 3582 5113 Et

1993 5146 2103 5193 erat
2139 5139 2304 5194 omnis
2330 5151 2463 5194 terra
2492 5141 2678 5196 labium
2724 5162 2914 5211 unum,
2942 5156 2988 5199 et
3030 5164 3126 5202 vox
3164 5166 3263 5205 una
3306 5150 3575 5206 omnibus:

1994 5244 2102 5284 non
2149 5229 2218 5285 de
2267 5239 2405 5285 terra
2447 5232 2691 5300 loquens,
2723 5235 2815 5289 sed
2863 5236 2929 5291 de
2961 5237 3234 5294 hominum
3277 5257 3492 5310 genere,
3528 5256 3583 5298 ut

1995 5336 2093 5374 nos
2141 5319 2330 5375 doceat
2361 5337 2517 5376 unam
2549 5323 2778 5393 linguam
2806 5328 2949 5382 omni
2978 5328 3250 5385 hominum
3285 5331 3450 5387 fuisse
3480 5349 3579 5387 na-

1996 5420 2146 5464 turtc.
2172 5408 2240 5466 Et
2257 5421 2366 5464 erat
2394 5414 2554 5466 omnis
2579 5424 2712 5467 terra
2738 5415 2925 5471 labium
2953 5436 3127 5486 unum,
3155 5431 3200 5475 et
3226 5439 3322 5476 vox
3346 5439 3447 5476 una
3468 5442 3578 5477 ont-

1993 5505 2159 5559 nibus.
2187 5504 2396 5558 Labium
2434 5524 2610 5573 unum,
2638 5524 2937 5567 sermonem
2964 5514 3111 5577 dicit,
3141 5524 3193 5569 et
3219 5515 3445 5585 idipsum
3479 5519 3572 5571 ite-

1993 5613 2109 5651 rum
2141 5612 2235 5667 per
2267 5614 2451 5654 vocem
2495 5601 2692 5656 indicat
2712 5646 2725 5667 ,
2756 5604 3060 5674 significans
3097 5624 3286 5663 oinues
3329 5625 3452 5664 usos
3481 5625 3569 5663 ea-

1992 5691 2113 5746 dem
2143 5706 2271 5748 voce
2299 5701 2354 5747 et
2393 5693 2586 5763 lingua.
2618 5695 2685 5749 Et
2707 5698 2849 5766 quod
2886 5697 2954 5754 de
2996 5700 3203 5771 loquela
3232 5701 3451 5769 dicatur,
3503 5702 3569 5756 Et

2050 5829 2123 5900 (η)
2158 5839 2224 5883 De
2260 5835 2399 5899 signo
2448 5836 2805 5889 seumiraculo
2849 5839 3098 5893 divisionis
3160 5838 3434 5903 linguarum
3496 5836 3546 5883 lu

1991 5900 2169 5957 qutlur.
