4062 6396
427 358 531 413 975

424 490 539 535 erat
584 475 744 531 omnis
783 483 916 530 terra
961 473 1148 528 labium
1191 490 1379 537 unum,
1413 471 1534 526 attdi
1564 470 1888 540 Scriptttram
1919 468 2023 522 alio

439 569 556 621 loco
593 568 897 621 dicentem:
957 564 1207 619 Venenum
1247 564 1481 633 aspidum
1522 562 1611 615 sub
1662 561 1807 615 labiis
1852 576 2025 613 eorum

437 661 458 729 (
491 659 636 715 Psal.
673 660 794 715 159.
825 661 859 714 4
882 658 921 730 ).
956 658 1031 712 Ita
1058 659 1196 712 solet
1223 657 1495 725 Scriptura
1525 656 1780 709 labinrum
1809 653 2024 707 nomine

439 754 702 822 loquelam
735 752 1022 822 appellare.
1055 749 1108 804 ‘2.
1138 750 1203 803 Et
1220 753 1409 822 factum
1437 759 1508 802 est
1534 765 1648 801 cum
1675 755 1925 801 moverent
1948 745 2025 798 illi

435 849 496 898 ob
527 844 751 910 Oriente,
783 844 1074 896 invenerunt
1096 858 1332 912 campum
1352 841 1403 894 in
1427 849 1560 893 terra
1586 839 1839 903 Sennaar,
1867 846 1912 889 et
1934 835 2027 888 Ita-

435 937 712 990 bituverunt
741 935 869 989 illic.

507 1026 559 1079 2.
603 1025 653 1079 11
660 1043 842 1079 umana
864 1037 1049 1080 natura
1075 1041 1271 1096 majora
1297 1040 1494 1093 semper
1517 1021 1726 1094 appetit.
1766 1019 2028 1074 Memoria:

435 1131 638 1172 teter-na:
681 1117 949 1186 cupiditas.
984 1147 1056 1159 —-
1088 1117 1218 1171 Vide
1257 1114 1523 1186 quomodo
1565 1115 1792 1167 humana
1839 1121 2026 1165 natura

438 1224 542 1262 non
577 1218 749 1277 potest
774 1208 1067 1262 subsistere
1101 1208 1237 1261 intra
1264 1221 1389 1260 suos
1419 1205 1636 1271 limites,
1668 1203 1760 1258 sed
1799 1203 2027 1272 amplius

437 1301 841 1368 concupiscens,
877 1303 1079 1369 majora
1109 1315 1267 1370 supra
1298 1314 1358 1354 se
1377 1299 1598 1368 appetit.
1629 1300 1800 1368 Atque
1826 1297 1928 1351 hoc
1945 1304 2029 1350 est

437 1391 579 1461 quod
622 1392 907 1445 humanum
955 1406 1122 1462 genus
1151 1392 1480 1462 potissimum
1527 1390 1722 1461 perdit,
1767 1390 1890 1460 quia
1921 1405 2026 1444 non

437 1483 550 1536 vult
583 1494 782 1537 natura:
824 1499 936 1538 sua:
979 1498 1282 1538 mensuram
1326 1497 1653 1553 agnoscere,
1684 1481 1777 1538 sed
1817 1497 2029 1550 semper

439 1575 642 1645 majora
687 1577 918 1646 appetit,
968 1585 1024 1630 et
1051 1591 1169 1646 qua:
1199 1590 1356 1647 supra
1384 1591 1535 1630 suam
1562 1583 1689 1630 sunt
1715 1574 2026 1644 dignitatem

439 1669 578 1723 votis
619 1670 867 1738 concipit.
914 1668 1045 1723 111110
1084 1677 1140 1724 01
1167 1669 1260 1738 qui
1313 1667 1577 1722 mundana
1604 1667 1933 1737 suSpiciunt,
1983 1665 2029 1720 si

438 1760 653 1828 quando
679 1761 844 1814 multo
863 1760 1248 1816 abundaverint
1276 1776 1428 1827 auro,
1455 1769 1510 1814 et
1534 1766 1779 1830 potentes
1810 1759 2026 1823 fuerint,

438 1853 590 1922 quasi
615 1853 763 1908 obliti
790 1869 899 1907 sua:
922 1863 1146 1918 naturae,
1179 1854 1230 1907 in
1255 1863 1453 1907 tantum
1475 1868 1533 1906 se
1560 1851 1825 1922 fastigium
1849 1850 2029 1905 eﬁ‘erri

440 1946 659 2010 volunt,
706 1947 878 2000 donec
927 1945 978 1998 in
1027 1943 1346 2014 profundum
1379 1944 1550 2012 ipsum
1581 1928 1914 2012 dejiciantur.
1963 1941 2030 1997 Et

443 2035 546 2092 hoc
593 2037 832 2091 videmus
879 2037 1113 2108 quotidie
1154 2037 1496 2107 contingere,
1523 2035 1766 2106 quamvis
1805 2050 1904 2089 nec
1930 2033 2031 2089 hac

443 2128 646 2183 ratione
695 2129 1086 2183 emendatiores
1123 2127 1354 2182 evadant
1398 2127 1488 2181 alii
1516 2144 1529 2180 :
1559 2126 1651 2181 sed
1682 2127 1780 2181 etsi
1810 2125 1876 2179 ad
1907 2140 2031 2194 par-

443 2237 565 2274 vum
589 2229 798 2289 tempus
822 2221 1207 2290 reprimantur,
1221 2219 1395 2273 subito
1415 2227 1589 2272 tamen
1606 2218 1842 2272 omnium
1859 2216 2030 2278 obliti.

443 2313 634 2368 iterum
661 2311 902 2366 eamdem
933 2310 1186 2365 incedunt
1211 2311 1380 2376 viam,
1411 2319 1465 2364 et
1492 2309 1543 2362 in
1569 2308 1756 2362 eadem
1786 2306 2031 2377 prtecipi-

444 2404 513 2457 tia
541 2402 850 2457 deferuntur
899 2417 914 2454 :
967 2401 1017 2456 id
1060 2400 1202 2472 quod
1241 2410 1296 2456 et
1323 2415 1463 2455 nunc
1500 2400 1684 2455 videre
1728 2399 1853 2453 licet
1894 2398 2031 2468 apud

445 2495 574 2548 istos
607 2493 823 2546 factum.
853 2491 919 2545 Et
942 2495 1133 2563 factum
1162 2501 1234 2545 est
1263 2508 1377 2544 cum
1397 2500 1647 2544 moverent
1667 2491 1744 2544 illi
1767 2490 1827 2544 ab
1853 2489 2033 2544 Orien-

445 2597 514 2652 te,
542 2586 833 2639 invenerunt
862 2601 1097 2656 campum
1125 2585 1177 2638 in
1198 2594 1330 2638 terra
1348 2585 1604 2650 Sennaar,
1624 2595 1670 2639 et
1690 2584 2034 2638 habitaverunt

443 2680 570 2733 illic.
602 2678 730 2732 Vide
756 2679 1023 2748 quomodo
1052 2679 1302 2748 paulatim
1331 2677 1487 2732 docet
1510 2692 1605 2731 nos
1639 2676 1883 2731 instabile
1915 2677 2033 2729 illo-

446 2785 562 2822 rum
597 2769 947 2839 propOsitum.
974 2769 1232 2837 Quoniam
1257 2768 1523 2832 viderunt,
1548 2769 1735 2839 inquit,
1764 2783 2032 2837 campum,

448 2864 736 2934 migrantes
760 2905 775 2927 ,
809 2873 860 2918 et
891 2863 1077 2917 relicto
1114 2862 1278 2933 priori
1305 2863 1423 2916 loco
1444 2904 1458 2928 ,
1490 2862 1598 2916 illic
1642 2862 2031 2917 habitaverunt.

445 2957 650 3012 Deinde
677 2955 838 3010 dicit:
871 2956 924 3010 5.
962 2955 1101 3009 Dixit
1127 2956 1467 3025 unusquisque
1494 2955 1724 3020 proximo
1754 2971 1846 3008 suo
1879 2969 1898 3008 :
1935 2952 2034 3006 γε.

446 3052 566 3115 nite,
600 3051 926 3119 conﬁciemus
951 3051 1147 3113 lateres,
1180 3059 1226 3102 et
1253 3065 1523 3118 coquamus
1551 3064 1635 3102 eos
1662 3048 1786 3118 igni.
1819 3046 1885 3100 Et
1913 3045 2035 3116 facti

447 3151 562 3196 sunt
593 3141 694 3195 illis
719 3142 901 3195 lateres
925 3143 977 3194 in
1004 3140 1250 3210 lapidem,
1272 3150 1319 3192 et
1342 3139 1561 3192 bitumen
1587 3148 1691 3193 erat
1722 3137 1823 3192 illis
1848 3138 2032 3192 lutum.

449 3236 505 3287 4.
537 3232 602 3286 Et
629 3233 864 3286 dixerunt
895 3251 908 3285 :
950 3230 1122 3285 Venite
1140 3273 1155 3298 ,
1185 3231 1492 3300 aediﬁcamus
1521 3231 1662 3284 nobis
1687 3230 1933 3284 civitatem
1951 3271 1966 3293 ,
1991 3238 2037 3282 et

449 3326 649 3387 turrim,
691 3325 837 3394 cujus
863 3333 1016 3392 caput
1044 3323 1135 3376 erit
1163 3339 1317 3393 usque
1351 3323 1403 3376 in
1441 3323 1660 3389 ca'lum,
1699 3331 1746 3375 et
1790 3322 2038 3393 faciamus

449 3417 592 3471 nobis
632 3418 756 3488 ipsis
786 3434 998 3481 nomen,
1032 3418 1326 3485 priusquam
1365 3417 1715 3488 disperguntur
1755 3432 1907 3486 super
1931 3431 2040 3469 om-

451 3527 563 3563 nem
591 3521 791 3564 terram.
826 3511 956 3565 Vide
987 3511 1253 3580 quomodo
1281 3509 1568 3565 abutuntur
1587 3508 1855 3564 communi
1885 3523 2033 3573 voce,

451 3613 504 3658 ct
526 3605 790 3674 quomodo
817 3621 1006 3658 vanum
1035 3604 1152 3658 vita:
1179 3605 1506 3674 pr0posilum
1530 3603 1597 3657 sit
1620 3605 1904 3657 multorum
1927 3616 2040 3656 ma-

452 3697 625 3752 lorum
661 3699 892 3754 occ;isio.
933 3697 1126 3764 Venite,
1159 3699 1347 3769 inquit,
1383 3698 1627 3766 faciamus
1657 3697 1852 3760 lateres,
1882 3706 1928 3750 et
1953 3713 2040 3750 co-

452 3806 664 3856 quumus
691 3807 772 3842 cos
799 3790 923 3860 igni.
957 3790 1020 3842 Et
1048 3791 1170 3858 facti
1193 3800 1312 3844 sunt
1346 3788 1448 3842 illis
1485 3789 1660 3843 lateres
1689 3789 1741 3842 in
1785 3787 2036 3858 lapidem,

453 3894 498 3936 et
539 3882 757 3936 bitumen
797 3884 848 3935 in
894 3900 1106 3937 caenum.
1158 3883 1289 3938 Vide
1319 3894 1511 3951 quanta
1545 3885 1828 3938 securitate
1859 3883 2042 3937 volunt

452 3964 740 4039 :rdilicarc',
784 3977 1083 4030 nescientes
1115 3975 1240 4029 illtid
1258 4010 1271 4033 .
1297 3975 1412 4029 Nisi
1440 3975 1692 4029 Dominus
1719 3976 2042 4044 ludiﬁcaverit

454 4067 676 4126 domum,
707 4067 757 4118 in
781 4083 962 4118 ratium
981 4066 1329 4119 laboraverunt
1349 4069 1435 4134 qui
1453 4066 1707 4134 a'di/icant
1730 4083 1839 4120 eam
1865 4065 2038 4137 (Psal.

457 4160 581 4212 1‘26.
617 4161 689 4231 1).
725 4159 786 4212 Et
817 4161 1138 4228 a’tli/icemus,
1167 4160 1428 4230 inquiunt,
1459 4159 1599 4213 nobis
1621 4161 1868 4214 civitatem
1888 4177 1906 4214 :
1933 4177 2041 4215 non

455 4253 586 4312 Deo,
620 4253 712 4305 sed
747 4250 909 4305 Nobis
937 4253 1080 4322 ipsis.
1109 4251 1262 4316 Vide,
1296 4267 1413 4318 oro,
1444 4268 1601 4322 quam
1640 4252 1862 4306 invaluit
1887 4251 2042 4305 mali-

456 4345 524 4410 tia
554 4361 565 4395 :
599 4343 853 4396 habentes
878 4342 1052 4396 adhuc
1073 4352 1342 4397 recentem
1365 4344 1676 4398 memoriam
1703 4343 1968 4413 generalis
1991 4343 2042 4396 in

457 4438 658 4491 dilmio
687 4437 959 4498 interitus,
1012 4437 1063 4489 in
1096 4446 1295 4490 tantam
1331 4437 1630 4492 inciderunt
1665 4439 1944 4492 insaniam.
1977 4437 2046 4492 Et

456 4531 788 4598 (ediﬁcemus,
818 4528 1010 4598 inquit,
1034 4529 1172 4584 nobis
1201 4530 1468 4595 civitatem,
1492 4542 1538 4584 et
1570 4533 1767 4595 turrim,
1795 4533 1940 4600 cujus
1961 4547 2047 4584 ca-

457 4632 546 4694 put
569 4624 659 4676 erit
681 4639 835 4689 usque
863 4622 916 4674 in
936 4621 1134 4674 cretum.
1158 4619 1381 4675 Nomine
1401 4622 1516 4676 eteli
1544 4635 1804 4676 summam
1835 4623 2045 4676 illorum

459 4715 734 4768 audaciam
783 4713 1054 4784 Scriptura
1085 4713 1262 4768 divina
1293 4714 1547 4769 declarat.
1579 4712 1644 4767 Et
1669 4715 1938 4784 faciamus,
1968 4716 2048 4769 in-

457 4809 606 4878 quit,
649 4807 917 4878 nobisipsis
961 4824 1161 4862 nomen.
1204 4805 1424 4861 Vidistis
1479 4807 1711 4861 radicem
1756 4808 1912 4862 mali?
1946 4807 2046 4873 Ut,

460 4904 656 4974 inquit,
684 4912 994 4974 perpetuam
1021 4902 1336 4955 memoriam
1357 4916 1768 4970 consequamur,
1799 4910 1857 4955 ut
1881 4901 2048 4956 nostri

463 5006 719 5065 perpetuo
771 5009 1038 5050 memores
1084 4993 1192 5048 sint
1233 4995 1432 5064 posteri
1465 5009 1482 5050 :
1515 4992 1621 5048 tale
1667 4993 1770 5048 erit
1809 5003 2049 5046 nosti-uni

463 5103 632 5158 opus,
661 5096 720 5142 ut
764 5103 1052 5157 numquam
1080 5085 1332 5141 oblivioni
1365 5084 1622 5140 tradatur.
1670 5085 1734 5138 Et
1763 5083 1865 5138 hoc
1896 5084 2054 5138 facia-

463 5196 583 5235 mus
615 5179 922 5248 Priusquam
954 5181 1302 5250 dispergamur
1320 5195 1471 5249 super
1494 5179 1675 5249 facient
1700 5177 1862 5231 omnis
1884 5187 2049 5231 teme.

467 5272 653 5328 Adhuc
671 5313 685 5338 ,
721 5272 924 5341 inquit,
952 5273 1256 5342 congregati
1285 5272 1427 5342 quod
1447 5270 1602 5326 nobis
1627 5271 1798 5325 visum
1823 5281 1906 5325 est
1933 5270 2054 5326 elﬁ-

465 5367 666 5419 ciamus
686 5406 703 5430 ,
735 5375 793 5418 ιιι
825 5365 1054 5434 posteris
1080 5375 1396 5434 perpetuum
1437 5381 1630 5420 nomen
1668 5365 2050 5436 relinquamuS.

469 5461 606 5514 Sunt
635 5459 782 5513 multi
812 5461 971 5514 etiam
1000 5458 1158 5512 hodie
1187 5458 1275 5529 qui
1304 5459 1423 5512 illos
1454 5459 1747 5524 imitantur,
1777 5467 1833 5514 et
1863 5459 2055 5513 talibus

469 5552 718 5620 cperibus
738 5550 998 5606 celebrari
1022 5552 1223 5616 volunt,
1253 5550 1341 5618 qui
1371 5549 1680 5619 Splendidas
1705 5550 1896 5605 domus
1921 5550 2053 5604 tedi-

473 5641 654 5707 ﬁcant,
677 5650 732 5696 et
761 5643 988 5708 lavacra,
1017 5651 1070 5697 et
1096 5643 1330 5712 porticus
1351 5683 1366 5708 ,
1410 5651 1464 5696 et
1493 5642 1886 5699 deambulacra.
1913 5644 2057 5709 Quo-

475 5748 590 5785 rum
618 5734 660 5786 si
681 5733 908 5803 aliquem
934 5735 1234 5804 rogaveris,
1267 5749 1433 5804 quare
1454 5735 1524 5788 ita
1563 5735 1764 5790 laboret
1785 5742 1841 5789 et
1865 5733 2053 5804 fatige-

474 5832 581 5891 tur,
635 5834 914 5898 tantosque
973 5829 1315 5897 pecuniarum
1367 5837 1606 5898 sumptus
1649 5828 1823 5896 iaciat,
1855 5842 2053 5900 cOSque

1110 357 1166 411 S.
1207 354 1482 411 JOANNIS
1512 350 1983 409 CllRVSOSTOMl
2024 348 2340 406 ARCHIEP.
2383 351 2915 412 CONSTANTINOP.

3605 361 3713 417 976

2137 470 2351 526 inutiles
2380 489 2393 526 :
2424 472 2555 527 nihil
2597 473 2738 528 aliud
2769 474 2971 541 audies,
3001 490 3159 545 quam
3187 476 3300 531 11ωο
3328 476 3507 542 verba,
3535 487 3584 530 ut
3620 480 3720 531 ini-

2135 564 2375 618 mortalis
2399 577 2644 620 servetur
2669 569 2944 634 memoria,
2971 579 3024 622 et
3045 569 3253 622 dicatur
3282 569 3421 622 illius
3440 584 3558 623 esse
3582 570 3719 623 hanc

2134 657 2370 724 domum,
2397 659 2538 713 illius
2568 659 2709 715 hunc
2732 677 2939 730 agrum.
2973 663 3039 715 At
3065 661 3167 717 hoc
3191 677 3294 716 non
3321 672 3403 717 est
3429 663 3636 716 laudem
3665 673 3722 717 et

2135 751 2480 814 memoriam,
2508 753 2601 805 sed
2635 752 2837 806 crimen
2881 753 2979 806 sibi
3021 770 3232 822 parare.
3273 753 3402 808 Nam
3445 756 3620 808 statim
3653 757 3720 808 ad

2137 838 2252 894 11100
2278 841 2665 912 subjungentur
2693 843 3036 912 plurimarum
3061 846 3498 899 contumeliarum
3529 847 3716 908 verba;

2135 946 2326 1000 nempe
2349 931 2505 1001 hujus
2525 942 2608 988 est
2625 934 2793 998 avari,
2832 933 2988 1002 hujus
3017 935 3242 1004 rapacis,
3271 935 3426 1005 hujus
3446 937 3722 991 viduarum

2134 1035 2188 1082 et
2216 1027 2574 1096 orphanorum
2606 1029 2926 1098 spoliaturis.
2958 1027 3120 1099 Igitur
3146 1031 3246 1085 hoc
3273 1046 3378 1083 non
3405 1041 3487 1086 est
3511 1046 3723 1085 memo—

2135 1119 2264 1171 riam
2283 1120 2513 1188 assequi,
2539 1120 2633 1174 sed
2663 1121 2932 1189 perpetuis
2957 1120 3113 1190 objici
3138 1121 3466 1185 criminibus,
3485 1131 3541 1176 et
3559 1116 3726 1177 etia'm

2135 1218 2256 1278 post
2284 1220 2508 1265 mortem
2539 1211 2803 1276 infamari,
2827 1228 2892 1268 ac
2910 1223 3270 1282 spectatorum
3291 1214 3496 1284 linguas
3522 1230 3719 1271 acuere

2135 1301 2188 1353 iu
2218 1300 2598 1370 blasphemiam
2619 1343 2634 1366 ,
2664 1313 2718 1358 et
2744 1304 3138 1359 accusationem
3174 1305 3292 1373 ejus
3320 1307 3408 1374 qui
3437 1306 3520 1360 illa
3552 1306 3726 1376 possi-

2135 1391 2245 1446 det.
2277 1392 2427 1460 Quod
2473 1394 2516 1448 si
2549 1395 2766 1449 omnino
2794 1405 3049 1450 aeternam
3080 1398 3391 1452 memoriam
3421 1413 3584 1461 amas,
3619 1414 3726 1467 ego

2136 1483 2226 1537 tibi
2262 1485 2397 1538 viam
2429 1486 2757 1550 monstrabo,
2781 1501 2881 1556 qua
2904 1488 3107 1557 poteris
3125 1501 3340 1556 semper
3361 1488 3635 1552 celebrari,
3664 1498 3729 1543 et

2134 1590 2254 1645 qua:
2279 1575 2424 1630 dabit
2449 1576 2540 1630 tibi
2569 1575 2814 1631 ﬁduciam
2843 1579 2894 1632 in
2918 1579 3096 1632 futuro
3123 1578 3342 1632 sascnlo.
3363 1577 3602 1646 Quonam
3629 1595 3727 1648 pa-

2135 1679 2222 1724 cto
2247 1667 2404 1738 igitur
2431 1669 2632 1739 poteris
2659 1678 2714 1724 et
2738 1671 3166 1733 commemorari,
3195 1679 3250 1724 et
3271 1670 3525 1724 celebrari
3547 1669 3728 1736 quoti-

2135 1762 2244 1828 die,
2269 1763 2630 1832 encomiisque
2650 1761 2805 1818 evehi
2827 1763 2986 1817 etiam
3013 1773 3132 1833 post
3159 1762 3298 1818 hanc
3324 1763 3484 1817 vitam
3503 1763 3525 1814 2
3545 1764 3601 1817 Si
3627 1765 3729 1818 has

2135 1855 2386 1924 pecunias
2413 1855 2464 1908 in
2495 1870 2684 1909 manus
2714 1856 2932 1925 inopum
2963 1856 3261 1926 dispenses,
3293 1857 3497 1911 relictis
3536 1856 3729 1925 lapidi-

2136 1949 2254 2012 bus,
2280 1948 2482 2019 magnis
2508 1947 2766 2014 :ediﬁciis,
2804 1950 2959 2013 villis,
2984 1959 3036 2004 et
3062 1949 3286 2004 balneis.
3315 1950 3440 2004 11ωο
3467 1950 3731 2005 memoria

2137 2042 2448 2096 innumeros
2473 2042 2564 2095 tibi
2591 2041 2871 2096 thesauros
2896 2042 3166 2105 conciliat,
3195 2043 3310 2097 11ωο
3329 2045 3582 2097 memoria
3611 2060 3733 2096 sar-

2135 2133 2308 2186 cinam
2340 2141 2676 2202 peccatorum
2709 2133 2938 2198 alleviat,
2970 2136 3083 2188 huic
3109 2135 3326 2188 multam
3355 2133 3447 2188 tibi
3478 2133 3728 2187 ﬁduciam

2135 2225 2275 2296 apud
2322 2227 2601 2281 Dominum
2649 2227 2916 2281 conciliat.
2961 2225 3168 2297 Cogita,
3219 2228 3477 2288 obsecro,
3509 2235 3563 2280 et
3611 2225 3736 2281 ha:e

2136 2320 2297 2376 verba
2327 2335 2447 2390 quae
2486 2319 2675 2390 singuli
2721 2319 2912 2373 dicturi
2951 2329 3110 2384 sunt,
3141 2329 3392 2375 vocantes
3418 2319 3733 2373 misericor-

2137 2413 2282 2480 dem,
2300 2413 2606 2483 benignum,
2629 2422 2985 2479 mansuetum,
3004 2428 3244 2481 suavem,
3271 2423 3375 2466 tam
3399 2412 3598 2481 largum
3619 2411 3736 2465 dis-

2137 2514 2498 2576 pensatorem.
2529 2503 2780 2573 Dispersit
2822 2505 2990 2570 enim,
3021 2503 3209 2572 inquit,
3245 2504 3380 2556 dedit
3403 2502 3736 2572 pauperibus;

2127 2597 2329 2668 justitia
2360 2598 2466 2666 ejus
2493 2607 2660 2652 manet
2697 2598 2750 2651 in
2781 2599 3023 2651 statutum
3052 2595 3222 2669 (Psal.
3255 2597 3377 2650 111.
3409 2594 3488 2666 9).
3532 2595 3736 2665 Hujus—

2137 2687 2280 2742 modi
2303 2688 2442 2742 enim
2473 2698 2598 2743 sunt
2648 2688 2989 2758 pecuniarum
3031 2688 3260 2752 divitiae;
3314 2686 3573 2758 dispersa:
3613 2700 3735 2739 ma-

2138 2787 2299 2842 nent;
2347 2779 2391 2833 si
2437 2779 2765 2834 retineantur
2791 2787 2846 2833 et
2874 2778 3279 2841 concludantur,
3318 2781 3478 2834 etiam
3522 2777 3580 2832 se
3609 2793 3738 2831 ser-

2140 2878 2353 2923 vantem
2381 2884 2562 2924 secum
2609 2870 2858 2939 perdunt.
2906 2869 3157 2940 Dispersit
3187 2870 3349 2934 enim,
3381 2870 3568 2938 inquit,
3593 2868 3739 2921 dedit

2141 2963 2465 3034 pauperibus.
2488 2963 2592 3019 Sed
2619 2963 2740 3017 audi
2761 2979 2881 3033 qua:
2900 2973 3193 3032 sequuntur
3220 2979 3234 3015 :
3263 2961 3473 3015 Justitia
3496 2961 3739 3030 1⁸11111110-

2140 3066 2221 3109 net
2235 3055 2560 3110 inszculum.
2580 3054 2698 3110 Uno
2713 3054 2799 3109 1110
2816 3055 3027 3108 divitias
3045 3054 3314 3123 dispersit,
3334 3053 3598 3122 etjustitia
3613 3051 3741 3120 ejus

2140 3159 2323 3204 manet
2359 3148 2412 3202 in
2446 3147 2700 3203 saeculum
2721 3188 2736 3213 ,
2778 3156 2833 3202 et
2863 3148 3173 3202 memoriam
3206 3146 3329 3200 facit
3356 3144 3735 3200 immortalem.

2216 3242 2270 3296 5.
2304 3239 2568 3294 Memoria:
2591 3241 2670 3294 sui
2695 3239 3036 3308 relinquenda
3063 3239 3194 3291 ratio
3223 3239 3433 3308 optima.
3451 3266 3522 3277 —
3541 3235 3742 3290 Vidisti

2141 3334 2478 3398 memoriam,
2502 3349 2621 3403 qua:
2649 3347 2708 3387 se
2724 3332 2775 3386 in
2794 3347 2956 3386 omne
2975 3331 3228 3385 sarculum
3250 3331 3488 3384 extendit
3504 3331 3529 3383 ἲ
3554 3327 3742 3383 vidisti

2143 3424 2455 3478 memoriam
2483 3423 2686 3492 magnis
2709 3431 2765 3478 et
2789 3421 3147 3476 ineﬁ'abilibus
3178 3421 3390 3490 plenam
3413 3420 3602 3474 bonis?
3630 3417 3742 3472 Ta-

2143 3515 2282 3570 libus
2303 3514 2542 3569 zediliciis
2559 3515 2724 3568 nostri
2745 3519 3056 3568 memoriam
3085 3512 3392 3582 relinquere
3403 3513 3742 3566 Studeamus.

2145 3610 2278 3666 Nam
2302 3608 2565 3679 lapidibus
2589 3608 2902 3670 aediﬁcasse,
2926 3622 3032 3661 non
3060 3607 3230 3660 solum
3251 3605 3378 3658 nihil
3404 3605 3555 3659 nobis
3574 3601 3743 3673 prod-

2143 3716 2264 3757 esse
2311 3700 2547 3770 poterit,
2592 3698 2688 3754 sed
2717 3714 2815 3753 nos
2854 3699 3110 3753 continuo
3139 3706 3407 3766 tamquam
3455 3697 3696 3749 columna
3721 3737 3741 3759 ,

2149 3794 2293 3849 clara
2325 3790 2784 3846 voceiul‘amabit.
2818 3791 2883 3844 Et
2908 3804 3006 3844 nos
3045 3790 3169 3843 hinc
3196 3789 3406 3843 abimus
3432 3786 3748 3842 deterentes

2146 3893 2360 3956 peccata
2391 3883 2512 3938 inde
2541 3891 2711 3952 parta,
2734 3891 2787 3937 et
2809 3881 3030 3935 aedilicia
3061 3881 3146 3934 hic
3174 3879 3528 3950 relinquimus
3558 3895 3570 3931 :
3605 3877 3742 3946 quin

2147 3993 2247 4032 nec
2292 3976 2536 4046 frigidam
2591 3975 2735 4028 illam
2784 3982 2840 4027 et
2894 3973 3134 4026 inutilem
3185 3971 3499 4026 memoriam
3547 3984 3748 4023 conse-

2146 4068 2383 4138 quimur,
2412 4064 2504 4119 sed
2535 4064 2714 4134 potius
2764 4062 2974 4132 probris
3015 4062 3383 4132 deturpamur,
3438 4073 3749 4127 nomenque

2147 4163 2325 4216 statim
2357 4159 2547 4214 transit
2578 4157 2645 4211 ad
2671 4157 2920 4210 alterum.
2949 4155 3158 4210 Etenim
3191 4154 3268 4208 sic
3298 4169 3355 4208 se
3391 4168 3477 4207 res
3503 4150 3700 4205 habent
3722 4192 3743 4214 ,

2147 4262 2208 4308 ut
2234 4252 2303 4306 ab
2342 4251 2445 4306 hoc
2483 4249 2549 4304 ad
2579 4250 2741 4304 alium
2794 4256 3104 4311 transeant,
3135 4256 3190 4301 et
3227 4246 3411 4301 abillo
3451 4246 3640 4299 iterum
3682 4243 3747 4298 in

2149 4346 2333 4400 alium.
2379 4344 2448 4398 Et
2498 4341 2659 4397 hodie
2705 4341 2922 4410 quidem
2973 4340 3163 4393 domus
3213 4338 3490 4393 dicebatur
3544 4335 3744 4405 hujus,

2151 4451 2272 4491 cras
2327 4435 2524 4502 "illius,
2577 4432 2873 4503 postridie,
2929 4431 3137 4485 dicetur
3193 4429 3434 4484 alterius.
3519 4427 3751 4482 Interim

2151 4537 2341 4598 sponte
2389 4541 2488 4581 nos
2535 4527 2680 4596 ipsos
2730 4522 3060 4593 decipimus,
3121 4531 3370 4592 putantes
3417 4534 3515 4574 nos
3563 4517 3748 4572 domi-

2152 4623 2298 4678 nium
2329 4619 2594 4691 quoddam
2626 4618 2933 4689 possidere,
2959 4617 3261 4670 nescientes
3303 4630 3401 4668 nos
3425 4613 3597 4666 solutn
3643 4626 3752 4666 usu

2155 4713 2334 4785 potiri,
2359 4723 2412 4766 et
2435 4711 2678 4774 velimus,
2705 4709 2955 4773 nolimus,
2975 4707 3092 4760 aliis
3121 4706 3233 4760 11100
3253 4705 3550 4759 concedere
3579 4722 3592 4756 :
3622 4719 3753 4758 nam

2155 4808 2296 4878 quod
2325 4806 2516 4876 quibus
2557 4805 2824 4866 nolumus,
2857 4801 2908 4854 id
2944 4801 3054 4869 jam
3084 4810 3368 4870 praetereo.
3401 4795 3632 4852 Omnino
3663 4806 3753 4850 ta-

2156 4917 2303 4963 men,
2335 4899 2381 4953 si
2411 4898 2723 4953 memoriam
2755 4893 3116 4962 concupiscis,
3147 4902 3202 4946 et
3231 4892 3389 4961 hujus
3418 4891 3510 4944 tibi
3541 4900 3752 4943 tantum

2158 4996 2390 5051 studium
2435 5003 2517 5047 est
2547 5010 2560 5048 :
2590 4992 2712 5046 audi
2755 4989 3027 5060 quomodo
3067 4986 3240 5040 vidua:
3287 4997 3554 5036 memores
3596 4992 3760 5035 erant

2159 5087 2436 5154 Tabithm,
2488 5095 2545 5140 et
2584 5084 2855 5155 quomodo
2895 5079 3314 5135 circumstabant
3347 5075 3565 5130 Petrum
3609 5074 3754 5128 ﬁeri-

2162 5193 2274 5247 tes,
2315 5190 2370 5236 et
2423 5181 2850 5234 demonstrantes
2902 5177 3105 5229 tunicas
3143 5182 3199 5228 et
3241 5181 3453 5233 vestes,
3495 5185 3628 5240 quas
3671 5168 3757 5221 la-

2159 5276 2334 5330 ciebat
2373 5275 2476 5329 illis
2519 5273 2744 5335 Dorcas,
2786 5286 2904 5327 cum
2949 5269 3123 5322 adhuc
3161 5274 3470 5335 superesset
3525 5265 3661 5332 (Act.
3695 5263 3756 5319 9.

2161 5367 2372 5437 59-41).
2419 5365 2605 5420 Vidisti
2641 5366 2831 5419 domus
2868 5363 3129 5416 animatas
3167 5373 3354 5412 vocem
3413 5357 3756 5422 eminentes,

2161 5469 2216 5515 et
2267 5470 2427 5513 11111110
2481 5460 2729 5524 virtutis,
2781 5468 2836 5510 111
2883 5472 2914 5510 a
2955 5465 3128 5509 morte
3178 5451 3242 5506 ad
3291 5450 3452 5504 vitam
3500 5463 3754 5503 revocare
3843 5467 3854 5476 '

2161 5553 2394 5622 queant?
2421 5551 2550 5606 Nam
2584 5561 2858 5620 postquam
2885 5549 3358 5602 circumsteterant
3389 5542 3631 5604 Petrum,
3663 5555 3748 5594 ca-

2163 5644 2299 5699 lidas
2353 5643 2617 5714 lacrymas
2664 5640 3084 5711 profundentes,
3131 5637 3420 5706 cibumque
3463 5644 3519 5689 et
3561 5631 3763 5703 quibus

2163 5751 2298 5806 Opus
2319 5734 2584 5788 habebant
2604 5741 2930 5803 quac-rentes,
2965 5731 3155 5785 Petrus
3178 5730 3368 5796 ejectis
3391 5725 3664 5788 omnibus,
3697 5735 3756 5778 et

2166 5828 2352 5899 positis
2391 5827 2616 5897 genibus
2639 5825 2847 5891 oravit;
2889 5831 3086 5878 etcum
3119 5822 3407 5878 excitasset
3436 5819 3616 5884 illam,
3654 5831 3748 5871 vo-
