4062 6396
185 355 296 410 275

187 471 312 535 λιᾶς
347 472 563 544 εἴρηται
593 476 674 540 τδ,
701 476 812 532 Kal
853 471 932 547 ἦν
957 475 1128 532 πᾶσα
1167 477 1206 544 ἠ
1241 475 1316 546 γῆ
1347 476 1550 546 χεῖλος
1575 475 1664 540 ἓν,
1695 475 1859 530 ἄκουε

184 558 285 625 τῆς
321 559 546 630 Γραφῆς
573 561 806 632 ἀλλαχοῦ
832 563 1100 634 λεγούσης
1123 581 1134 593 ·
1179 563 1292 628 Ἰὸς
1329 564 1604 618 ἀσπίδων
1642 562 1759 616 ὑπὸ
1790 561 1864 614 τὰ

185 647 366 712 χείλη
389 645 606 702 αὐτῶν.
636 648 823 714 Οὕτως
849 647 988 704 οἶδεν
1014 653 1046 722 ή
1081 650 1268 722 Γραφη
1287 649 1364 720 τῷ
1387 651 1480 704 τοῦ
1509 651 1717 720 χείλους
1742 648 1861 700 ὀνό-

189 749 320 800 ματι
351 733 449 804 τὴν
470 734 656 788 λαλιάν
679 737 1122 808 προσαγορεύειν.
1165 737 1271 791 Kal
1301 736 1536 806 ἐγένετο
1567 738 1637 790 ἐν
1657 735 1736 801 τῷ
1773 755 1864 789 κι-

183 817 380 886 νῆσαι
407 821 629 888 αὐτοὺς
664 823 786 877 ἀπὸ
821 821 1156 888 ἀνατολῶν,
1205 819 1388 892 εὖρον
1419 823 1627 878 πεδίον
1664 825 1734 878 ἐν
1787 821 1865 894 γῇ

185 907 484 976 Σενναὰρ,
511 910 610 964 καὶ
635 910 992 977 κατῴκησαν
1014 911 1158 968 ἐκεῒ.

259 993 486 1067 β’.“’ορα
513 999 632 1060 πῶς
649 1001 682 1068 ή
712 999 1024 1070 ἀνθρωπίνη
1049 999 1213 1068 φύσις
1240 999 1338 1052 οὐκ
1354 997 1866 1068 ἀνέχεταιῖστασθαι

186 1081 280 1132 ἐπὶ
331 1083 442 1136 τῶν
484 1085 700 1138 οἰκείων
733 1086 894 1155 ὅρων,
930 1085 1044 1140 ἀλλ’
1077 1087 1164 1140 ἀεὶ
1191 1087 1290 1140 τοῦ
1332 1086 1573 1150 πλείονος
1605 1085 1864 1158 ἐφιεμένη

185 1167 440 1236 ὀρέγεται
479 1171 588 1224 τῶν
652 1171 929 1241 μειζόνων.
977 1173 1086 1226 Kal
1127 1173 1281 1225 τοῦτό
1339 1173 1485 1225 ἐστιν
1542 1171 1570 1224 ὃ
1628 1175 1864 1243 μάλιστα

187 1255 454 1310 ἀπόλλυσι
509 1258 570 1310 τὸ
607 1257 948 1328 ἀνθρώπινον
992 1259 1170 1328 γένος,
1207 1259 1268 1312 τὸ
1302 1257 1382 1329 μὴ
1435 1257 1718 1328 βούλεσθαι
1766 1261 1864 1330 τῆς

184 1342 399 1406 οἰκείας
439 1343 654 1413 φύσεως
696 1346 1082 1414 ἐπιγινώσκειν
1113 1345 1182 1399 τὰ
1234 1346 1434 1416 μέτρα,
1487 1346 1597 1400 ἀλλ’
1631 1348 1716 1400 ἀεὶ
1755 1347 1864 1400 τῶν

190 1428 458 1496 μειζόνων
487 1431 754 1498 ἐφίεσθαι,
769 1434 862 1486 καὶ
892 1435 960 1486 τὰ
990 1433 1130 1504 ὑπὲρ
1163 1434 1262 1504 τὴν
1297 1435 1455 1498 ἀξίαν
1479 1433 1864 1502 φαντάζεσθαι.

198 1513 486 1568 Ἐντεῦθεν
525 1519 620 1572 καὶ
645 1520 698 1572 ol
727 1522 856 1590 περὶ
893 1521 962 1573 τά
993 1521 1088 1573 τοῦ
1123 1520 1332 1590 κόσμου
1365 1520 1694 1590 ἐπτοημένοι
1731 1521 1866 1592 πρά-

184 1617 398 1670 γματα,
429 1603 648 1660 ἐπειδὰν
685 1607 850 1662 πολὺν
879 1607 1310 1679 περιϐάλλωνται
1335 1608 1566 1660 πλοῦτον
1590 1607 1684 1660 καὶ
1707 1609 1866 1662 δυνα-

187 1690 414 1758 στείαν,
465 1693 654 1766 ὥσπερ
711 1695 1192 1765 ἐπιλανθανόμενοι
1229 1696 1330 1766 τῆς
1375 1697 1580 1758 οἰκείας
1629 1695 1862 1764 φύσεως,

189 1784 358 1854 μέχρι
390 1783 648 1838 τοσούτου
677 1784 759 1847 εἰς
792 1782 922 1853 ὕψος
967 1783 1292 1854 ἐπαίρεσθαι
1325 1781 1636 1852 βούλονται,
1672 1783 1865 1854 μέχρις

186 1873 252 1924 ἂν
279 1875 366 1936 εἰς
399 1873 564 1928 αὑτὸν
589 1873 681 1924 τὸν
715 1871 966 1942 πυθμένα
1013 1870 1400 1940 κατενεχθῶσι.
1443 1871 1552 1926 Kal
1579 1870 1738 1924 τοῦτο
1767 1871 1866 1926 ἴδοι

183 1974 269 2022 τις
301 1959 370 2012 ἂν
399 1959 484 2027 ἐφ’
515 1958 751 2030 ἑκάστης
783 1959 1077 2028 συμϐαῖνον
1113 1957 1346 2029 ἡμέρας.
1386 1959 1482 2012 καὶ
1523 1959 1645 2012 οὐδὲ
1691 1959 1862 2034 ταύτῃ

183 2049 314 2110 τοὺς
371 2047 592 2111 λοιποὺς
645 2047 1167 2120 σωφρονιζομένους,
1215 2047 1352 2102 ἀλλὰ
1382 2049 1512 2120 πρὸς
1559 2049 1734 2122 βραχὺ
1761 2051 1864 2122 μὲν

188 2135 670 2206 συστελλομένους,
707 2135 902 2208 ἀθρόον
927 2137 984 2190 δὲ
1015 2137 1229 2190 πάντων
1281 2135 1448 2206 λήθην
1483 2141 1860 2210 ποιουμένους,

185 2225 280 2276 καὶ
305 2223 472 2276 πάλιν
501 2223 598 2295 τὴν
617 2224 790 2295 αὐτὴν
835 2224 1064 2288 ἐκείνοις
1110 2220 1424 2293 βαδίζοντας
1471 2225 1608 2292 ὁδὸν,
1643 2229 1737 2282 καὶ
1781 2231 1866 2294 εἰς

183 2311 358 2364 αὐτὸν
387 2309 480 2364 τὴν
509 2311 750 2382 κρημνὸν
791 2311 1199 2382 καταγομένους
1221 2331 1234 2344 ·
1279 2312 1414 2384 ὅπερ
1443 2314 1536 2368 καὶ
1568 2315 1662 2368 νῦν
1716 2315 1864 2370 ἐστιν

187 2396 318 2448 ἰδεῖν
349 2395 445 2448 ἐπὶ
478 2393 683 2448 τούτων
713 2395 954 2462 γεγονός.
985 2397 1094 2450 Καὶ
1122 2397 1357 2467 ἐγένετο
1385 2400 1454 2454 ἐν
1489 2398 1570 2466 τῷ
1617 2399 1862 2468 κινῆσαι

183 2484 408 2549 αὐτοὺς
432 2485 548 2538 ἀπὸ
571 2483 902 2552 ἀνατολῶν,
936 2481 1119 2556 εὗρον
1145 2489 1354 2543 πεδίον
1380 2491 1447 2543 ἐν
1475 2488 1552 2559 γῇ
1576 2489 1860 2559 Σενναὰρ,

185 2571 284 2624 καὶ
313 2569 680 2640 κατῴκησαν
701 2572 842 2626 ἐκεῖ.
878 2574 1020 2644 Ὅρα
1046 2575 1164 2639 πῶς
1195 2577 1336 2630 κατὰ
1382 2579 1574 2648 μικρὸν
1605 2579 1750 2647 ἡμᾶς
1787 2577 1863 2630 δι-

181 2659 375 2714 δάσκει
401 2664 500 2731 τῆς
549 2661 774 2732 γνώμης
821 2661 1000 2716 αὐτῶν
1049 2663 1110 2716 τὸ
1139 2665 1388 2720 ἄστατον.
1436 2667 1654 2738 Ἐπειδὴ
1701 2661 1860 2730 εἶδον,

183 2749 342 2816 φησὶ,
373 2745 526 2818 [296]
549 2747 610 2800 τὸ
627 2747 830 2813 πεδίον,
859 2752 1292 2818 μεταναστάντες
1341 2754 1433 2805 καὶ
1474 2753 1863 2816 καταλιπόντες

181 2835 280 2904 τὴν
321 2835 598 2904 προτέραν
639 2835 873 2905 οἴκησιν,
912 2839 1028 2890 ἐκεῖ
1067 2838 1414 2909 κατῴκησαν.
1481 2837 1610 2896 Εἶτά
1664 2857 1861 2912 φησιν’

183 2917 374 2976 Εἶπεν
429 2921 686 2988 ἕκαστος
725 2922 806 2988 τῷ
853 2925 1122 2991 πλησίον
1163 2926 1380 2980 αὑτοῦ·
1441 2928 1638 2992 Δεῦτε,
1687 2931 1863 2982 πλιν-

181 3011 497 3078 θεύσωμεν
545 3011 864 3077 πλίνθους,
921 3011 1020 3066 κά
1067 3013 1424 3083 όπτήσωμεν
1471 3019 1656 3082 αὑτὰς
1695 3015 1858 3084 πυρί.

182 3097 294 3151 Kal
329 3097 566 3165 ἐγένετο
595 3097 799 3164 αὐτοῖς
833 3098 872 3164 ἡ
899 3099 1152 3164 πλίνθος
1171 3103 1258 3166 εἰς
1284 3103 1478 3166 λίθον,
1509 3102 1608 3155 καί
1635 3102 1863 3171 ἄσφαλ-

183 3200 290 3249 τος
327 3180 409 3254 ἦν
437 3183 642 3250 αὐτοῖς
669 3187 702 3238 ὁ
735 3186 948 3252 πηλός.
979 3187 1092 3240 Kal
1115 3183 1288 3240 εἷπον
1308 3206 1320 3218 ’
1362 3189 1560 3250 Δεῦτε,
1587 3189 1683 3242 καὶ
1703 3192 1860 3243 οἱκο-

181 3271 547 3344 δομήσωμεν
566 3272 806 3339 ἑαυτοῖς
837 3275 1042 3338 πόλιν,
1076 3275 1174 3330 καί
1219 3277 1468 3347 πύργον,
1509 3273 1580 3332 οὗ
1609 3277 1782 3332 ἕσται
1821 3279 1860 3346 τι

180 3360 424 3430 κεφαλὴ
459 3361 570 3427 ἕως
601 3361 706 3416 τοῦ
761 3363 1020 3430 οὐρανοῦ
1039 3379 1054 3392 '
1099 3365 1198 3418 καὶ
1245 3366 1592 3436 ποιήσωμεν
1627 3365 1864 3432 ἑαυτοῖς

183 3447 378 3516 ὄνομα
427 3447 540 3515 πρὸ
587 3447 694 3500 τοῦ
723 3446 1130 3517 διασπαρῆναι
1171 3450 1332 3520 ἡμᾶς
1375 3453 1474 3506 ἐπὶ
1523 3453 1728 3520 πάσης
1751 3456 1864 3524 τῆς

181 3533 318 3604 γῆς.
349 3535 492 3605 Ὅρα
525 3535 643 3597 πῶς
671 3535 772 3587 οὐκ
795 3537 876 3598 εἰς
893 3535 1010 3588 δέον
1038 3537 1334 3608 ἐκέχρηντο
1352 3543 1417 3610 τῇ
1439 3541 1742 3612 ὁμοφωνία,
1771 3545 1864 3596 καὶ

179 3623 264 3676 δτι
294 3624 332 3692 ἡ
361 3621 568 3692 ματαία
593 3622 686 3676 τοῦ
727 3621 844 3692 βίου
875 3623 1066 3678 τούτου
1101 3624 1266 3696 βουλὴ
1301 3625 1510 3694 γίνεται
1534 3627 1644 3680 τῶν
1676 3628 1864 3682 κακῶν

181 3709 468 3774 ὑπόθεσις.
523 3712 723 3777 Δεῦτε,
782 3712 954 3782 φησὶ,
1004 3711 1348 3781 ποιήσωμεν
1396 3715 1722 3782 πλίνθους,
1762 3717 1864 3770 καὶ

180 3796 549 3868 δπτήσωμεν
573 3799 762 3866 αὐτὰς
786 3800 948 3866 πυρί.
985 3799 1100 3852 Kal
1125 3799 1363 3870 ἐγένετο
1387 3801 1591 3868 αὐτοῖς
1619 3803 1656 3870 ἡ
1689 3804 1862 3856 πλίν-

181 3881 292 3944 θος
321 3881 413 3944 είς
448 3880 623 3934 λίθον
648 3919 664 3944 ,
719 3881 818 3934 καὶ
860 3881 1172 3950 ἄσφαλτος
1217 3878 1298 3950 ἦν
1334 3883 1538 3950 αὐτοῖς
1567 3886 1601 3938 ό
1643 3887 1858 3952 πηλός.

179 3965 390 4020 Σκόπει
417 3965 587 4036 πόσην
609 3966 910 4034 ἀσφάλειαν
947 3967 1230 4036 ἐπινοῆσαι
1281 3967 1556 4037 βούλονται
1578 3972 1642 4040 τῇ
1669 3971 1864 4024 οἰκοδο-

183 4057 262 4124 μῇ
289 4091 304 4118 ,
340 4053 444 4107 οὐκ
487 4054 689 4118 εἰδότες
735 4055 817 4108 ὅτι
847 4095 864 4120 ,
909 4055 1050 4108 Ἐὰν
1086 4053 1173 4124 μὴ
1223 4057 1438 4123 Κύριος
1490 4057 1858 4129 οὶκοδομήσῃ

179 4141 374 4206 οἷκον,
397 4143 485 4206 εἰς
501 4139 702 4210 μάτην
731 4141 1069 4196 ἐκοπίασαν
1089 4145 1143 4196 οί
1167 4143 1621 4213 οἰκοδομοῦντες
1650 4147 1858 4203 αὐτόν.

179 4228 294 4284 Kal
333 4225 845 4298 οἱκοδομήσωμεν,
897 4229 1082 4300 φησὶν,
1128 4229 1365 4296 ἑαυτοῖς
1413 4231 1614 4298 πόλιν,
1644 4233 1741 4302 οὺχ
1777 4233 1858 4286 ὅτι

179 4314 324 4386 Θεῷ,
365 4315 481 4366 ἀλλ’
515 4315 803 4380 Ἐαυτοῐς.
838 4316 982 4386 Ὅρα
1009 4317 1148 4388 πόση
1171 4316 1268 4388 τῆς
1299 4317 1550 4388 κακίαςή
1588 4317 1856 4383 ἐπίτασις·

179 4405 412 4458 ἔναυλον
448 4403 664 4474 ἔχοντες
691 4403 790 4476 τὴν
825 4407 1045 4478 μνήμην
1066 4409 1164 4478 τῆς
1200 4407 1575 4484 πανωλεθρίας
1619 4407 1856 4482 ἐκείνης,

179 4493 276 4546 ἐπὶ
303 4493 577 4565 τοσαύτην
609 4495 807 4564 μανίαν
847 4494 1161 4560 ἐξώκειλαν.
1199 4495 1308 4548 Kal
1350 4496 1856 4566 οὶκοδομήσωμεν,

179 4583 374 4652 φησὶν,
413 4581 652 4647 ἑαυτοῖς
678 4583 860 4634 πόλιν
879 4583 978 4636 καὶ
995 4585 1245 4652 πύργον,
1271 4579 1342 4639 οὗ
1365 4582 1536 4636 ἔσται
1557 4585 1596 4653 ἡ
1619 4585 1854 4654 κεφαλὴ

179 4669 292 4736 ἓως
325 4667 435 4722 τοῦ
459 4669 740 4737 οὐρανοῦ.
761 4669 850 4739 Τῷ
867 4669 1089 4740 ὀνόματι
1111 4669 1202 4723 τοῦ
1225 4670 1452 4740 ούρανοῦ
1473 4673 1504 4742 ή
1529 4671 1648 4725 θεία
1669 4674 1855 4745 Γραφὴ

177 4759 280 4829 τῆς
331 4755 545 4826 τόλμης
595 4757 778 4810 αὐτῶν
841 4756 1280 4829 τὴν,ύπερ6ολὴν
1317 4761 1448 4828 ἡμῖν
1503 4763 1854 4832 παραστῆσαι

177 4843 476 4915 ἐϐουλήθη.
531 4843 641 4897 Kal
702 4843 1064 4914 ποιήσωμεν,
1119 4847 1320 4914 φησὶν,
1377 4847 1612 4912 ἑαυτοῖς
1647 4849 1854 4918 ὄνομα.

179 4931 334 4998 Εἶδες
357 4933 460 5004 τὴν
502 4933 658 5004 ῥίζαν
688 4935 784 5005 τῆς
823 4935 1052 4998 κακίας;
1084 4935 1220 5000 Ἵνα,
1247 4935 1400 5006 φησι,
1431 4939 1650 5007 μνήμης
1679 4939 1856 5008 διηνε-

179 5023 314 5084 κοῦς
342 5022 768 5092 ἀπολαύσωμεν,
798 5023 884 5075 ἵνα
913 5025 991 5086 είς
1025 5023 1084 5076 τὸ
1115 5023 1362 5094 διηνεκὲς
1393 5025 1606 5096 ἔχωμεν
1641 5045 1744 5096 μνη
1755 5045 1856 5096 μο-

177 5109 454 5164 νεύεσθαι.
483 5109 718 5178 Τοιαύτη
743 5109 898 5180 ήμῶν
935 5111 1086 5164 ἔσται
1140 5111 1174 5180 ή
1207 5111 1404 5181 πρᾶξις
1433 5114 1524 5165 καὶ
1577 5113 1638 5166 τὸ
1675 5113 1856 5185 ἔργον,

175 5199 254 5262 ὡς
285 5199 556 5269 μηδέποτε
577 5199 716 5272 λήθῃ
745 5200 1236 5271 παραπεμΨΘῆναι.
1267 5202 1380 5256 Kal
1409 5203 1566 5256 τοῦτο
1613 5207 1858 5273 ποιήσω-

181 5305 286 5357 μεν
309 5287 434 5354 Πρὸ
463 5287 568 5340 τοῦ
597 5287 1002 5354 διασπαρῆναι
1029 5288 1124 5340 ἐπὶ
1149 5288 1472 5355 προσώπου
1505 5289 1708 5358 πάσης
1747 5293 1858 5359 τῆς

177 5365 316 5436 τῆς.
366 5367 454 5430 Ὠς
481 5367 580 5426 ἔτι,
605 5367 762 5436 φησὶ,
793 5367 934 5418 κατὰ
963 5367 1154 5419 ταύτόν
1187 5370 1372 5436 ἐσμεν,
1401 5371 1480 5430 εἰς
1517 5369 1678 5438 ἔργον
1717 5372 1856 5437 ἀγά-

177 5464 374 5518 γωμεν
407 5447 468 5499 τὸ
499 5448 656 5514 δόξαν
683 5450 836 5518 ἡμῖν.
873 5447 956 5500 ἵνα
991 5447 1330 5500 ἀδιάλειπτον
1378 5449 1596 5516 μνήμην
1635 5451 1856 5502 καταλί-

177 5543 378 5598 πωμεν
431 5527 553 5590 ταῖς
605 5527 686 5589 εἰς
736 5526 798 5577 τὸ
826 5525 954 5594 ἑξῆς
992 5527 1225 5592 γενεαῖς.
1271 5525 1388 5578 Εἰσὶ
1427 5525 1609 5579 πολλοὶ
1639 5529 1732 5580 καὶ
1763 5527 1856 5581 νῦν

175 5605 404 5669 τούτους
437 5603 786 5676 μιμούμενοι,
829 5603 921 5658 καὶ
960 5603 1068 5656 ἀπὸ
1091 5603 1344 5656 τοιούτων
1379 5605 1623 5673 πράξεων
1650 5624 1858 5677 μνημο-

175 5685 438 5738 νεύεσθαι
491 5683 852 5756 βουλόμενοι,
893 5684 943 5734 οἱ
993 5681 1092 5744 τὰς
1144 5682 1402 5750 λαμπρὰς
1452 5683 1858 5752 οἰκοδομοῦντες

177 5765 382 5828 οἰκίας,
413 5763 514 5818 καὶ
547 5765 618 5818 τὰ
645 5763 868 5830 λουτρὰ,
891 5762 984 5814 καὶ
1011 5761 1108 5832 τὰς
1139 5761 1318 5821 στοας,
1343 5761 1436 5813 καὶ
1471 5763 1596 5823 τοὺς
1623 5764 1854 5832 περιπά-

177 5827 349 5908 τους.
375 5843 504 5900 Ἐὰν
529 5845 640 5916 γὰρ
663 5845 758 5896 καὶ
785 5843 988 5896 τούτων
1015 5827 1244 5894 ἕκαστον
1275 5842 1555 5911 ἐρωτήσῃς
1581 5844 1720 5906 τίνος
1742 5845 1856 5897 ἓνε-

183 5941 282 5978 κεν
315 5925 474 5976 ⁴ιτιονεῖ
495 5923 590 5978 καὶ
611 5921 1059 5991 ταλαιπωρείται,
1087 5919 1177 5973 καὶ
1206 5919 1466 5988 τοσαύτην
1497 5920 1855 5975 ἐπιδείκνυται

1321 359 1389 416 IN
1425 362 1578 418 CAP.
1612 359 1682 416 XI
1717 355 1964 416 GENES.
2001 355 2238 414 HOMIL.
2269 358 2437 416 XXX.

3527 356 3652 412 9.76.

1962 474 2262 544 χρημάτων
2287 473 2533 544 δαπάνην
2561 475 2640 536 είς
2667 472 2818 528 οὐδὲν
2847 473 2984 536 δέον,
3009 472 3160 528 οὐδὲν
3187 471 3375 543 ἕτερον
3398 473 3632 545 ἀκούσῃ,

1965 555 1996 626 ἢ
2031 555 2204 610 ταῦτα
2236 557 2304 610 τά
2323 558 2564 626 ῥήματα,
2611 556 2750 610 ὥστε
2771 557 2871 626 τὴν
2900 557 3119 628 μνήμην
3151 555 3413 626 διηνεκῶς
3462 554 3634 620 σῶζε·
3739 557 3742 560 ’

1966 643 2110 705 σθαι,
2140 645 2234 696 καὶ
2266 643 2484 698 ἀκούειν
2510 644 2592 698 ὅτι
2615 643 2708 697 τοῦ
2743 643 2912 708 δεῖνος
2941 645 2976 714 ή
3005 643 3174 711 οἰκία,
3209 645 3300 695 καὶ
3340 643 3436 697 τοῦ
3465 643 3636 706 δεῖνος

1965 734 1994 786 ὁ
2025 734 2212 804 ἀγρός.
2259 734 2418 788 Ἀλλὰ
2461 733 2621 788 τοῦτο
2641 733 2740 787 οὐκ
2768 733 2881 786 ἔστι
2916 735 3134 804 μνήμης
3166 731 3468 798 ἀξιοῦσθαι,
3499 731 3636 788 ἀλλὰ

1969 819 2168 889 μᾶλλον
2224 821 2578 892 κατηγορίας.
2635 821 2852 886 Εὐθέως
2891 823 3000 892 γὰρ
3047 823 3160 883 τοῖς
3189 821 3367 887 λόγοις
3428 819 3636 884 τούτοις

1967 908 2346 979 ἐπεισέρχεται
2371 908 2464 962 καὶ
2495 909 2806 980 τάμυρίων
2848 908 3191 980 κατηγοριῶν
3217 909 3344 973 ἄξια
3379 909 3596 980 ῥήματα
3615 927 3632 943 ο

1965 993 2057 1046 τοῦ
2090 994 2262 1060 δεῖνος
2291 995 2384 1050 τοῦ
2409 995 2752 1060 πλεονέκτου,
2773 996 2865 1049 τοῦ
2903 996 3170 1067 ἅρπαγος,
3202 995 3296 1049 τοῦ
3334 999 3508 1068 χήρας
3538 997 3635 1050 καὶ

1965 1080 2233 1150 ὀρφανοὺς
2259 1082 2663 1151 γυμνῶσαντος.
2718 1084 2832 1138 Οὐκ
2857 1084 2970 1138 ἐστι
3017 1083 3196 1137 τοίνυν
3221 1083 3378 1137 τοῦτο
3413 1085 3634 1155 μνήμης

1967 1167 2283 1232 ἀπολαύειν,
2314 1169 2448 1222 ἀλλά
2479 1170 2834 1242 κατηγορίαις
2875 1170 3143 1240 διηνεκέσι
3183 1169 3490 1240 βάλλεσθαι,
3537 1171 3634 1223 καὶ

1970 1253 2108 1323 μετά
2165 1254 2391 1310 θάνατον
2433 1255 2859 1328 στηλιτεύεσθαι,
2917 1259 3010 1310 καὶ
3066 1257 3164 1321 τὰς
3224 1256 3332 1310 τῶν
3380 1255 3642 1329 ὁρώντων·

1968 1340 2210 1406 γλώττας
2275 1343 2478 1414 ἀκονᾷν
2535 1345 2613 1407 εἰς
2651 1343 2996 1414 βλασφημίαν
3030 1347 3124 1399 καὶ
3158 1345 3488 1416 κατηγορίαν
3535 1346 3630 1398 τοῦ

1967 1427 2140 1480 ταῦτα
2163 1429 2524 1499 κτησαμένου.
2551 1431 2614 1486 El
2647 1432 2704 1485 δὲ
2737 1431 2872 1494 ὅλως
2900 1436 3119 1503 μνήμης
3150 1432 3280 1502 ἐρᾷς
3332 1429 3627 1502 διηνεκοῦς,

1965 1513 2076 1579 ἐγώ
2111 1531 2192 1568 σοι
2225 1515 2488 1582 ὑποδείξω
2509 1517 2644 1582 ὁδὸν,
2675 1519 2740 1572 δι’
2767 1513 2836 1590 ἧς
2856 1519 3057 1590 δυνήσῃ
3085 1519 3178 1571 καὶ
3201 1517 3630 1590 μνημονεύεσθαι

1963 1598 2052 1652 διὰ
2083 1601 2302 1666 παντὸς,
2344 1603 2437 1656 καὶ
2474 1603 2590 1673 μετ’
2637 1606 2912 1676 εὐφημίας
2943 1605 3143 1675 πολλῆς
3191 1605 3286 1658 κα)⁸
3318 1604 3516 1675 πολλήν
3549 1623 3632 1658 σοι

1963 1687 2064 1758 τὴν
2111 1689 2426 1760 παρρησίαν
2459 1691 2517 1742 ἐν
2551 1689 2632 1761 τῷ
2681 1691 2930 1761 μέλλοντι
2965 1691 3140 1763 καιρῷ
3188 1691 3462 1762 παρέξεις.
3505 1692 3630 1756 Πῶς

1964 1769 2056 1826 οὖν
2097 1773 2300 1846 δυνήσῃ
2349 1777 2444 1830 καὶ
2483 1777 2916 1848 μνημονεύεσθαι
2967 1778 3088 1833 καθ’
3125 1779 3360 1849 ἑκάστην
3395 1779 3628 1850 ἡμέραν,

1965 1861 2059 1912 καὶ
2082 1863 2194 1924 τοῖς
2235 1862 2528 1940 ἐγκωμίοις
2577 1863 2865 1934 βάλλεσθαι
2913 1867 3008 1920 καὶ
3059 1867 3196 1936 μετὰ
3230 1866 3326 1938 τὴν
3349 1867 3450 1937 τῆς
3483 1865 3631 1938 ζωῆς

1967 1950 2297 2019 μετάστασιν
2321 1969 2335 2018 ;
2359 1951 2422 2006 El
2449 1956 2606 2008 ταυτὶ
2629 1955 2700 2008 τὰ
2725 1957 2982 2028 χρήματα
3006 1958 3084 2022 είς
3111 1957 3210 2020 τὰς
3239 1957 3359 2010 τῶν⁴
3381 1959 3629 2028 πενήτων

1962 2037 2244 2114 διανείμης
2295 2044 2504 2114 χεῖρας,
2541 2043 2701 2112 ἀφεὶς
2737 2045 2860 2108 τοὺς
2893 2043 3072 2110 λίθους
3104 2047 3198 2100 καὶ¹
3244 2046 3344 2110 τὰς
3385 2046 3630 2116 μεγάλας

1961 2127 2266 2198 οἰκοδομάς,
2293 2129 2529 2194 καὶτοὺς
2554 2129 2702 2203 [9.97]
2719 2132 2935 2202 ἀγροὺς,
2967 2133 3058 2188 καὶ
3086 2132 3156 2186 τά
3178 2133 3454 2203 βαλανεῖα.
3479 2133 3628 2204 Αὕτη

1961 2215 1995 2284 ἡ
2033 2216 2220 2286 μνήμη
2245 2217 2528 2282 ἀθάνατος,
2557 2217 2694 2290 αὕτη
2724 2222 2756 2292 ἡ
2783 2221 2970 2291 μνήμη
3001 2221 3208 2292 μυρίων
3231 2237 3312 2274 σοι
3343 2221 3632 2293 θησαυριῖιν

1962 2303 2221 2374 πρόξενος
2245 2305 2471 2374 γίνεται,
2505 2305 2642 2377 αὕτη
2677 2309 2710 2378 ή
2737 2309 2924 2382 μνήμη
2945 2308 3038 2361 τοῦ
3071 2309 3291 2379 φορτίου
3320 2308 3428 2361 τῶν
3458 2310 3634 2381 ἁμαρ-

1961 2392 2221 2462 τημάτων
2255 2393 2606 2461 κουφίζουσα,
2651 2394 2852 2466 πολλήν
2893 2411 2974 2448 σοι
3019 2395 3117 2466 τὴν
3151 2395 3463 2468 παρρησίαν
3497 2413 3633 2468 προ-

1963 2477 2108 2542 ξενεῖ
2126 2477 2279 2549 παρὰ
2311 2479 2388 2550 τῷ
2420 2481 2688 2552 Δεσπότῃ.
2729 2479 3010 2550 Ἐννόησον
3031 2483 3138 2552 γάρ
3169 2501 3258 2554 μοι
3287 2481 3379 2537 καὶ
3400 2483 3538 2537 αὐτὰ
3562 2485 3632 2538 τὰ

1964 2567 2204 2638 ῥήματα,
2236 2567 2378 2640 ἆπερ
2411 2567 2640 2632 ἕκαστος
2677 2569 2857 2638 μέλλει
2892 2569 3092 2638 λέγειν,
3120 2571 3210 2624 τὸν
3238 2571 3506 2643 ἐλεήμονα
3539 2574 3632 2628 καὶ

1962 2654 2364 2726 φιλάνθρωπον,
2395 2653 2487 2706 τὸν
2516 2656 2755 2726 ἐπιεικῆ,
2787 2657 2879 2710 τὸν
2929 2657 3179 2730 χρηστὸν,
3212 2659 3304 2712 τὸν
3333 2659 3471 2730 μετά
3505 2659 3632 2712 πολ-

1961 2741 2058 2810 λῆς
2083 2741 2361 2810 δαψιλείας
2408 2741 2776 2810 διανείμαντα.
2839 2744 3202 2812 Ἐσκόρπισε
3234 2746 3343 2816 γὰρ
3365 2785 3382 2810 ,
3425 2748 3588 2818 φησιν
3613 2789 3628 2812 ,

1961 2829 2146 2884 ἔδωκε
2174 2829 2298 2895 τοῖς
2323 2829 2609 2898 πένησιν·
2648 2831 2686 2897 ἠ
2717 2831 3070 2900 δικαιοσύνη
3113 2833 3300 2887 αὐτοῦ
3337 2833 3504 2902 μένει
3542 2839 3631 2904 είς

1961 2917 2069 2972 τὸν
2098 2917 2303 2972 αἰῶνα.
2363 2918 2614 2972 Τοιοῦτον
2641 2920 2750 2990 γὰρ
2781 2921 2811 2974 ό
2857 2921 2966 2973 τῶν
3012 2921 3311 2990 χρημάτων
3357 2921 3588 2986 πλοῦτος
3611 2939 3628 2956 ο

1965 3005 2390 3076 σκορπιζόμενος
2417 3006 2616 3076 μᾶλλον
2653 3007 2992 3078 παραμένει·
3032 3009 3381 3078 συνεχόμενος
3427 3010 3484 3063 δὲ
3535 3011 3630 3062 καὶ

1962 3091 2108 3146 ἐνδον
2136 3092 2554 3162 ἀποκλειόμενος
2583 3093 2678 3146 καὶ
2703 3095 2828 3156 τοὺς
2855 3093 3182 3164 κατέχοντας
3215 3096 3626 3153 συναπόλλυσιν.

1974 3181 2330 3248 Ἐσκόρπισε
2366 3181 2495 3252 γὰρ,
2534 3181 2719 3252 φησὶν,
2762 3180 2946 3236 ἔδωκε
2987 3183 3110 3248 τοῖς
3154 3183 3431 3252 πένησιν.
3488 3183 3630 3238 Ἀλλ’

1961 3267 2125 3320 ἄκουε
2147 3270 2239 3320 καὶ
2269 3267 2378 3320 τῶν
2407 3269 2532 3338 ἐξῆς
2553 3285 2566 3298 ·
2611 3269 2680 3322 Ἡ
2702 3269 3059 3337 δικαιοσύνη
3107 3271 3296 3326 αὐτοῦ
3336 3271 3504 3342 μένει
3543 3277 3630 3339 είς

1961 3355 2070 3410 τὸν
2093 3353 2299 3410 αἰῶνα.
2347 3356 2434 3412 Ἐν
2472 3358 2571 3428 μιᾷ
2604 3355 2788 3428 ήμέρᾳ
2807 3357 2896 3412 τὸν
2929 3358 3154 3414 πλοῦτον
3198 3361 3510 3432 ἐσκόρπισε,
3535 3363 3630 3415 καὶ

1962 3445 1996 3513 ή
2025 3443 2332 3514 δικαιοσύνη
2361 3445 2525 3497 αὑτοῦ
2568 3447 2648 3508 είς
2679 3445 2856 3498 πάντα
2899 3445 2989 3500 τὸν
3033 3446 3203 3501 αἰῶνα
3235 3447 3499 3518 διαμένει,
3535 3452 3630 3505 καὶ

1960 3533 2059 3601 τήν
2091 3533 2308 3600 μνήμην
2326 3531 2586 3584 ἀθάνατον
2613 3528 2923 3601 ἐργάζεται.

2033 3623 2102 3684 γ’.
2126 3614 2280 3681 Εἶδες
2297 3619 2517 3689 μνήμην
2532 3619 2694 3672 παντὶ
2705 3617 2780 3688 τῷ
2793 3619 2948 3672 αἰῶνι
2961 3621 3473 3694 παρεκτεινομένην;
3493 3619 3628 3688 εἶδες

1965 3707 2187 3778 μνήμην
2213 3707 2462 3776 μεγάλων
2495 3707 2588 3760 καὶ
2607 3707 2933 3779 ἀπορρήτων
2961 3709 3235 3779 γέμουσαν
3251 3711 3503 3778 ἁγαθῶνς
3530 3715 3629 3766 Διὰ

1961 3791 2212 3845 τοιούτων
2249 3793 2546 3862 οἰκοδομῶν
2593 3793 3024 3864 μνημονεύεσθαι
3089 3795 3500 3868 σπουδάζωμεν.
3560 3799 3628 3851 Αἰ

1961 3881 2069 3951 γὰρ
2094 3880 2182 3934 διὰ
2217 3879 2325 3934 τῶν
2369 3880 2530 3934 λίθων
2559 3882 2618 3934 ού
2654 3881 2814 3952 μόνον
2855 3883 3001 3952 ἡμᾶς
3033 3881 3180 3936 οὐδὲν
3232 3883 3508 3956 ὠφελῆσαι
3535 3885 3628 3938 δύ-

1961 3984 2168 4030 νανται,
2203 3967 2339 4021 ἀλλά
2367 3967 2460 4020 καὶ
2492 3968 2614 4021 ἀντὶ
2661 3968 2876 4042 στήλης,
2892 3969 3171 4037 διηνεκοῦς
3201 3971 3356 4042 ήμῶν
3399 3972 3630 4045 λαμπρᾷ

1959 4055 2026 4124 τῇ
2057 4057 2208 4126 φωνῇ
2233 4053 2559 4107 καταδοῶσι.
2591 4054 2699 4107 Καὶ
2725 4055 2792 4108 τὰ
2816 4053 2916 4126 μὲν
2942 4057 3006 4108 ἐκ
3029 4055 3232 4108 τούτων
3253 4057 3624 4130 ἁμαρτήματα

1961 4142 2114 4195 αὐτοὶ
2147 4141 2362 4212 ἔχοντες
2419 4141 2644 4212 ἄπιμεν,
2685 4141 2824 4196 αὐτὰ
2865 4143 2920 4196 δέ
2944 4141 3331 4208 καταλιπόντες
3367 4145 3622 4212 ἐνταῦθα,

1959 4225 2080 4284 οὐδὲ
2111 4229 2212 4300 τῆς
2237 4229 2452 4302 ψυχρᾶς
2481 4229 2696 4299 ἐκείνης
2722 4229 2815 4282 καὶ
2851 4229 3105 4300 ἀνονήτου
3129 4231 3260 4302 παρ’
3289 4231 3468 4284 αὐτῶν
3495 4237 3627 4306 μνή-

1962 4334 2068 4388 μης
2095 4315 2390 4388 ἀξιούμεθα
2409 4332 2422 4347 ·
2453 4315 2589 4370 ἀλλά
2621 4319 2740 4380 ταῖς
2765 4315 2866 4387 μὲν
2893 4317 3256 4389 κατηγορίαις
3295 4318 3622 4390 βαλλόμεθα,

1958 4406 1994 4475 ή
2013 4405 2068 4456 δὲ
2097 4403 2438 4475 προσηγορία
2469 4403 2787 4474 μεθίσταται
2810 4403 3012 4470 εὐθέως
3033 4406 3112 4468 είς
3141 4405 3347 4476 ἕτερον.
3378 4409 3489 4460 Kal
3516 4409 3630 4480 γὰρ

1958 4491 2129 4555 οὕτως
2158 4491 2268 4562 ἔχει
2287 4508 2302 4523 '
2337 4491 2445 4546 ἀπὸ
2471 4491 2658 4545 τούτου
2686 4493 2764 4554 είς
2787 4491 2972 4564 ἓτερον
3005 4491 3338 4561 μεταϐαίνει,
3389 4496 3481 4548 καὶ
3527 4497 3623 4548 ἀπ’

1957 4580 2166 4632 ἐκείνου
2193 4581 2272 4641 είς
2301 4579 2458 4634 ἄλλον
2483 4580 2666 4633 πάλιν.
2718 4579 2830 4632 Kal
2881 4583 3120 4650 σήμερον
3149 4581 3246 4650 μὲν
3279 4583 3312 4652 ή
3337 4582 3480 4635 οἰκία
3503 4583 3624 4636 ἐλέ-

1957 4684 2084 4736 γετο
2107 4667 2199 4720 τοῦ
2229 4667 2416 4730 δεῖνος,
2446 4665 2634 4738 αὔριον
2655 4666 2712 4720 δὲ
2739 4665 2835 4720 τοῦ
2853 4666 3044 4731 δεῖνος,
3075 4668 3168 4720 καὶ
3201 4668 3462 4739 μετά,τὴν
3492 4669 3620 4740 ἑξῆς

1959 4753 2118 4808 πάλιν
2161 4753 2370 4825 ἐτέρου.
2401 4755 2508 4806 Kal
2537 4753 2831 4824 ἀπατῶμεν
2863 4753 3080 4818 ἐκόντες
3107 4755 3352 4820 ἑαυτοὺς,
3385 4756 3624 4826 νομίζον·

1955 4858 2046 4906 τες
2072 4841 2388 4896 δεσποτείαν
2431 4841 2552 4895 τινὰ
2577 4839 2896 4912 κεκτῆσθαι,
2951 4841 3054 4894 οὐκ
3103 4841 3301 4904 εἰδότες
3338 4842 3420 4895 ὅτι
3459 4843 3622 4914 μόνον

1956 4933 2056 5002 τῆς
2083 4931 2331 5002 χρήσεως
2357 4927 2722 4998 ἀπολαύομεν,
2755 4929 2849 4982 καὶ
2881 4927 3096 4990 ἑκόντες
3121 4926 3214 4980 καὶ¹
3253 4927 3474 4992 ἄκοντες
3505 4930 3621 4982 ἐτέ-

1962 5035 2074 5087 ροις
2095 5017 2298 5070 τούτων
2324 5015 2786 5086 παραχωροῦμεν·
2821 5016 2902 5070 ὅτι
2937 5013 3044 5086 γὰρ
3095 5015 3188 5068 καὶ
3215 5010 3298 5078 οἷς
3345 5015 3406 5068 ού
3434 5017 3620 5086 βουλό-

1961 5105 2120 5176 μεθα,
2153 5105 2308 5158 τοῦτο
2336 5105 2474 5167 τέως
2505 5103 2762 5175 παρίημι.
2797 5103 2972 5166 Ὅλως
2995 5103 3050 5156 δὲ
3097 5105 3144 5156 εί
3175 5104 3394 5174 μνήμης
3426 5103 3620 5158 ἐπιθυ-

1961 5196 2102 5262 μείς,
2142 5193 2238 5246 καὶ
2257 5191 2414 5246 τοῦτό
2442 5208 2522 5244 σοι
2545 5189 3028 5262 περισπούδαστον,
3044 5190 3210 5245 ἄκουε
3240 5190 3357 5254 πῶς
3383 5191 3438 5243 αἱ
3454 5193 3620 5263 χῆραι

1959 5281 2264 5351 ἐμέμνηντο
2293 5283 2390 5351 τῆς
2420 5279 2680 5342 Ταὸιθᾶς,
2701 5278 2794 5330 καὶ
2823 5277 2938 5341 πῶς
2973 5276 3064 5330 τὸν
3095 5277 3299 5347 Πέτρον
3333 5279 3622 5350 περιεστή-

1957 5386 2146 5423 κεισαν
2173 5368 2453 5422 κλαίουσαι
2481 5367 2574 5420 καὶ
2621 5363 3061 5436 ἐπιδεικνύμεναι
3090 5364 3322 5434 χιτῶνας
3354 5365 3450 5418 καὶ
3503 5367 3620 5436 ίμά-

1957 5475 2067 5518 τια,
2093 5457 2192 5508 ὅσα
2217 5453 2388 5506 ἐποίει
2422 5453 2537 5522 μετ’
2559 5451 2737 5505 αὐτῶν
2765 5449 2899 5506 οὖσα
2928 5453 2960 5523 ή
2987 5452 3216 5522 Δορκάς.
3271 5447 3424 5513 Εἶδες
3475 5453 3620 5504 οἰκο-

1957 5533 2122 5604 δομὰς
2149 5532 2422 5603 ἐμψύχους
2458 5533 2640 5601 φωνάς
2683 5533 2973 5600 ἀφιείσας,
3013 5533 3106 5585 καὶ
3156 5529 3423 5596 τοσαύτην
3467 5531 3620 5600 ἰσχὺν

1957 5613 2205 5684 ἐχούσας,
2246 5611 2321 5674 ὼς
2349 5612 2460 5684 καὶ.
2499 5610 2606 5663 ἀπὸ
2645 5609 2876 5664 θανάτου
2920 5613 3000 5674 είς
3040 5611 3186 5680 ζωὴν
3217 5611 3616 5676 ἐπαναγαγεῖν;

1971 5691 2185 5767 ξΕπειδη
2203 5691 2326 5767 ’γὰρ
2357 5691 2720 5767 περιέστησαν
2751 5689 2840 5742 τὸν
2868 5690 3111 5767 ΑΠέτρον,
3171 5689 3265 5767 καὶ
3292 5689 3358 5767 τά
3408 5687 3618 5767 δάκρυα

1961 5761 2140 5832 θερμά
2165 5758 2406 5830 ἐξέχεαν,
2431 5758 2533 5829 τὴν
2562 5758 2767 5830 τροφὴν
2799 5759 2891 5812 καὶ
2925 5759 3022 5828 τὴν
3050 5758 3308 5829 χορηγίαν
3331 5758 3618 5827 ἐπιζητοῦ-

1963 5860 2074 5906 σαι,
2107 5839 2348 5894 ἐκϐαλὼν
2382 5839 2612 5900 πάντας.
2647 5837 2830 5908 φησὶν,
2861 5839 2890 5890 ὁ
2917 5839 3141 5907 Πέτρος,
3178 5835 3290 5890 θεὶς
3320 5837 3386 5888 τά
3419 5837 3618 5900 γόνατα

1965 5918 2328 5992 προσηύξατο,
2362 5917 2458 5973 καὶ
2477 5918 2785 5988 ἀναστήσας
2809 5915 2977 5986 αὐτὴν
3001 5914 3244 5987 ἐφώνησε
3271 5915 3395 5978 τοὺς
3433 5913 3620 5982 ἁγίους
