4062 6396
418 369 522 426 277

419 487 515 539 καὶ
547 483 644 548 τὰς
678 484 872 555 χήρας,
897 481 990 535 καὶ
1017 483 1360 553 παρέστησεν
1383 483 1552 553 αὐτὴν
1575 483 1776 546 ζῶσαν.
1815 483 1878 534 El
1912 481 2090 551 βούλει

421 573 874 645 μνημονεύεσθαι,
919 571 1012 624 καὶ
1039 574 1084 623 εί
1115 571 1270 641 δόξης
1297 572 1530 644 ἀληθοῦς
1574 573 1722 643 ἐρᾷς,
1763 570 1966 639 ταύτην
1998 571 2088 642 μί-

426 679 614 733 μησαι,
657 661 746 713 καὶ
790 659 1040 721 τοιαύτας
1079 659 1365 728 οἰκοδομὰς
1416 659 1672 727 ἐργάζου,
1709 657 1782 728 μὴ
1820 658 1948 727 περὶ
1989 656 2088 726 τὴν

420 750 625 818 ἄψυχον
650 747 780 818 ’ύλην
815 745 1358 816 καταδαπανώμενος,
1398 747 1535 799 ἀλλά
1568 746 1695 815 περὶ
1737 747 1862 808 τοὺς
1889 747 2089 813 ὁμογε-

421 840 530 899 νεῖς
579 835 782 905 πολλὴν
826 835 925 905 τὴν
976 835 1283 903 φιλοτιμίαν
1336 834 1792 904 ἐπιδεικνύμενος.
1856 833 2004 902 Αὕτη
2053 833 2087 902 ἡ

424 927 609 996 μνήμη
637 923 892 993 ἐπαινετὴ
919 923 1010 975 καὶ
1034 922 1168 976 πολὺ
1195 921 1255 975 τὸ
1291 922 1476 991 κέρδος
1504 923 1763 992 φέρουσα.
1791 920 1952 973 Ἀλλὰ
1985 920 2088 973 πάο

416 1013 502 1065 λιν
533 1013 624 1065 ἐπὶ
662 1011 722 1064 τὸ
752 1011 1108 1081 προκείμενον
1161 1009 1566 1079 ἐπανέλθωμεν,
1613 1011 1706 1062 καὶ
1757 1010 1954 1078 ἴδωμεν
1981 1007 2089 1061 τῶν

416 1101 536 1153 τότε
559 1099 766 1171 ἀνδρῶν
810 1099 906 1168 τὴν
929 1098 1152 1167 τόλμαν.
1178 1099 1258 1150 Τά
1289 1098 1396 1168 γὰρ
1430 1097 1652 1150 ἐκείνων
1682 1097 1827 1167 πάθη
1855 1099 2008 1167 ἡμῖν,
2039 1098 2086 1149 εἰ

421 1187 746 1258 βουλοίμεθα
766 1189 976 1256 νήφειν,
1010 1185 1385 1254 σωφρονισμδς
1436 1185 1745 1255 γενήσεται.
1789 1184 1898 1238 Kal
1931 1185 2088 1238 οἱκο-

417 1275 772 1342 δομήσωμεν
791 1272 1040 1338 ἑαυτοῖς,
1057 1273 1208 1341 φησὶ,
1228 1274 1428 1332 πόλιν,
1441 1271 1538 1324 καί
1563 1272 1809 1340 πύργον,
1831 1268 1901 1327 οὗ
1919 1274 2088 1326 ἔσται

417 1363 456 1427 ἡ
481 1361 709 1430 κεραλῆ
738 1361 848 1425 ἕως
875 1360 981 1413 τοῦ
1029 1357 1308 1427 ούρανοῦ,
1350 1359 1450 1412 καί
1487 1359 1831 1427 ποιήσωμεν
1853 1360 2088 1426 ἑαυτοῖς

420 1449 571 1522 [9.98]
604 1449 788 1517 ὄνομα
808 1450 921 1514 πρὸ
954 1449 1058 1500 τοῦ
1089 1445 1489 1514 διασπαρῆναι
1505 1446 1603 1499 ἐπὶ
1629 1445 1738 1513 τῆς
1757 1446 1885 1514 γῆς.
1925 1447 2089 1518 Ὁρᾷς

419 1537 536 1600 πῶς
569 1537 840 1606 πανταχοῦ
866 1537 964 1605 τῆς
994 1534 1200 1588 ἑαυτῶν
1229 1533 1453 1604 γνώμης
1487 1534 1585 1605 τὴν
1615 1534 1913 1606 διαφθορὰν
1965 1537 2087 1587 ἐπι-

417 1626 716 1678 δεικνύουσι
767 1637 815 1678 II.
875 1623 985 1676 Kal
1024 1622 1550 1691 οἱκοδομήσωμεν,
1614 1623 1798 1692 φησὶν,
1852 1623 2087 1688 ἑαυτοῖς

419 1715 628 1767 πόλιν
663 1714 756 1766 καὶ
784 1712 977 1764 πάλιν*
1033 1710 1384 1779 Ποιήσωμεν
1411 1709 1647 1775 ἑαυτοῖς
1693 1709 1898 1779 ὄνομα.
1945 1711 2084 1763 Ἀλλ’

418 1803 521 1872 ὅρα
563 1803 656 1854 καὶ
713 1800 850 1870 μετὰ
897 1798 1166 1868 τοσαύτην
1202 1797 1577 1868 πανωλεθρίαν
1626 1797 1787 1850 πάλιν
1840 1797 1955 1861 πῶς
1985 1799 2086 1852 οὐκ

419 1889 660 1942 ἐλάττοσι
686 1891 873 1948 κακοῖς
899 1885 1251 1957 ἐπιχειροῦσι.
1277 1885 1340 1937 Τί
1365 1882 1458 1938 οὖν
1486 1886 1571 1938 ἵνα
1600 1887 1892 1956 γενήσηται
1915 1904 1928 1953 ;
1969 1886 2085 1950 πῶς

419 1977 506 2029 ἵνα
539 1973 961 2044 ἀναχαιτισθῶσι
987 1973 1084 2042 τῆς
1108 1973 1333 2043 μανίας;
1376 1972 1670 2042 ’Υπέσχετο
1709 1973 1903 2043 μηκέτι
1937 1975 2085 2045 ποιήο

421 2083 534 2117 σειν
568 2062 948 2131 κατακλυσμὸν
977 2063 1076 2130 τὴν
1105 2061 1311 2114 οίκείαν
1353 2060 1764 2131 φιλανθρωπίαν
1815 2060 2086 2140 μιμούμε-

418 2170 507 2216 νος
527 2170 540 2183 ·
569 2144 713 2204 οὗτοι
742 2151 798 2204 δέ
828 2150 945 2204 ούδέ
972 2151 1091 2210 ταῖς
1116 2147 1402 2218 τιμωρίαις
1436 2148 1931 2220 ἐσωφρονίσθησαν,
1961 2149 2084 2204 οὔτε

417 2243 536 2303 ταῖς
558 2238 896 2309 εὐεργεσίαις
926 2235 1166 2306 βελτίους
1194 2236 1458 2304 ἐγένοντο.

489 2326 580 2378 Διὸ
609 2327 770 2380 ἄκουε
794 2325 902 2377 τῶν
928 2323 1073 2391 ἐξῆς,
1106 2324 1192 2376 ἵνα
1225 2322 1402 2395 μάθῃς
1431 2325 1530 2393 τῆς
1559 2323 1764 2392 ἀφάτου
1786 2322 2086 2395 φιλανθρω-

420 2413 550 2474 πίας
575 2411 669 2465 τοῦ
701 2411 832 2463 Θεοῦ
862 2411 920 2462 τὸ
950 2409 1196 2480 μέγεθος.
1229 2410 1332 2463 Kal
1369 2409 1609 2476 κατέϐη,
1661 2410 1831 2480 φησὶ,
1867 2412 2085 2478 Κύριος

421 2505 454 2553 ό
478 2501 620 2565 Θεὸς
644 2497 790 2552 ἰδεῖν
811 2497 925 2564 τὴν
963 2499 1164 2558 πόλιν,
1202 2497 1299 2550 καί
1336 2496 1443 2549 τὸν
1474 2498 1724 2565 πύργον,
1767 2497 1842 2550 ὃν
1872 2497 2085 2563 ᾠκοδό-

413 2606 572 2657 μουν
591 2590 641 2640 ol
662 2586 775 2640 vlol
806 2584 923 2640 τῶν
948 2585 1291 2653 ἀνθρώπων.
1329 2585 1470 2652 Ὀρα
1509 2584 1624 2646 πῶς
1667 2584 2022 2656 ἀνθρωπίνως
2049 2588 2082 2658 ἡ

419 2675 610 2745 Γραφὴ
645 2673 971 2740 διαλέγεται.
1001 2671 1112 2726 Kal
1131 2671 1367 2738 κατέϐη,
1403 2670 1558 2739 φησὶ,
1581 2671 1794 2738 Κύριος
1825 2675 1858 2725 ὀ
1903 2675 2046 2737 Θεός
2066 2690 2080 2704 ο

414 2765 513 2833 οὐχ
544 2764 631 2815 ἵνα
662 2761 1014 2832 ἀνθρωπίνως
1041 2761 1344 2830 νοήσωμεν,
1370 2759 1483 2812 ἀλλ’
1513 2757 1599 2812 ἵνα
1627 2758 1713 2812 διὰ
1737 2759 1926 2812 τούτου
1958 2777 2085 2814 παι-

413 2850 695 2918 δευώμεθα
731 2848 993 2917 μηδέποτε
1025 2845 1493 2914 καταψηφίζεσθαι
1518 2846 1701 2908 ἁπλῶς
1715 2846 1822 2899 τῶν
1843 2848 2084 2917 ἀδελφῶν

415 2939 526 2991 τῶν
572 2936 876 3008 ἡμετέρων,
936 2936 1072 3004 μήτε
1131 2934 1188 2999 ἐξ
1219 2932 1388 3002 ἀκοῆς
1415 2933 1830 2999 καταδικάζειν,
1881 2935 1974 2988 ἐὰν
2007 2936 2082 3007 μὴ

414 3026 680 3098 πρότερον
728 3023 924 3093 πολλὴν
981 3021 1256 3090 δεξώμεθα
1289 3022 1388 3092 τὴν
1448 3021 1838 3092 πληροφορίαν.
1900 3024 2083 3077 Πάντα

415 3115 524 3186 γὰρ
543 3113 611 3166 τά
639 3111 787 3183 παρά
812 3111 909 3163 τοῦ
937 3109 1071 3162 Θεοῦ
1104 3109 1195 3162 διά
1234 3110 1390 3163 τοῦτο
1419 3110 1645 3178 γίνεται,
1702 3109 1794 3162 καὶ
1845 3110 2081 3184 τοσαύτῃ

415 3201 682 3271 κέχρηται
716 3201 782 3269 τῇ
813 3197 1214 3265 συγκαταϐἀσει
1270 3197 1404 3266 πρὸς
1453 3197 1800 3251 διδασκαλίαν
1835 3200 1934 3268 τῆς
1971 3200 2080 3253 τῶν

415 3287 716 3357 ἀνθρώπων
748 3285 980 3354 φύσεως.
1031 3283 1144 3336 Kal
1171 3286 1405 3350 κατέϐη,
1439 3285 1590 3355 φησὶ,
1631 3285 1844 3353 Κύριος
1872 3289 1906 3340 ό
1937 3287 2080 3353 Θεὸς

416 3375 568 3430 ἰδεῖν
585 3373 700 3441 τὴν
727 3373 910 3426 πόλιν
938 3371 1037 3424 καί
1067 3371 1174 3424 τὸν
1214 3373 1464 3440 πύργον.
1509 3373 1650 3443 Ὅρα
1679 3372 1840 3427 αὐτὸν
1879 3375 1978 3428 οὐκ
2015 3378 2079 3430 ἐκ

413 3461 716 3533 προοιμίων
747 3458 1138 3512 ἀναστέλλοντα
1166 3457 1343 3512 αὐτῶν
1368 3457 1466 3529 τὴν
1500 3458 1714 3528 μανίαν,
1747 3459 1882 3513 ἀλλὰ
1909 3461 2076 3533 πολλῇ

412 3554 478 3620 τῇ
515 3547 866 3620 μακροθυμίᾳ
899 3547 1258 3616 κεχρημένον,
1291 3547 1385 3599 καί⁷
1415 3547 1754 3616 ἀναμένοντα
1787 3549 1867 3612 είς
1919 3549 2078 3618 ἔργον

412 3639 610 3700 αὐτοὺς
635 3638 861 3705 ἀγαγεῖν
900 3634 998 3704 τὴν
1034 3633 1296 3704 πονηρίαν
1343 3635 1598 3697 ἃπασαν,
1639 3635 1735 3689 καὶ
1762 3636 1880 3689 τότε
1927 3639 2077 3690 ἐκκο-

414 3727 582 3794 πῆναι
609 3724 708 3793 τὴν
744 3723 1102 3792 ἐπιχείρησιν.
1126 3721 1244 3773 ’Ἱνα
1261 3719 1367 3791 γὰρ
1402 3722 1474 3790 μή
1514 3739 1619 3775 τινι
1649 3721 1741 3792 ἐξῇ
1776 3721 1971 3790 λέγειν,
1994 3724 2076 3776 ὅτι

410 3811 796 3866 ἐϐουλεύσαντο
831 3810 948 3880 μὲν,
983 3810 1082 3862 ούκ
1119 3809 1325 3878 ἤγαγον
1359 3807 1417 3860 δὲ
1441 3809 1520 3871 είς
1539 3808 1699 3880 ἔργον
1727 3809 1794 3862 τά
1823 3809 2074 3876 δόξαντα,

411 3899 668 3971 ἀναμένει
725 3899 1010 3969 πληρῶσαι
1043 3896 1239 3960 αὐτοὺς
1294 3897 1362 3949 τὰ
1394 3896 1767 3966 βουλευθέντα,
1828 3900 1922 3952 καὶ
1953 3900 2074 3952 τότε

407 3987 577 4052 δεῖξαι
622 3987 801 4048 αὐτοῖς
845 3986 920 4046 ὡς
960 3984 1206 4052 ἀνοήτοις
1251 3982 1607 4053 ἐπιχειροῦσι.
1672 3983 1780 4037 Kal
1830 3985 2072 4052 κατέϐη,

410 4076 565 4143 φησὶ,
596 4075 805 4138 Κύριος
825 4075 856 4125 ό
888 4072 1031 4136 Θεὸς
1049 4070 1198 4124 ἰδεῖν
1222 4069 1334 4136 τὴν
1350 4071 1550 4135 πόλιν,
1575 4070 1671 4122 καί
1697 4069 1802 4122 τὸν
1821 4072 2070 4139 πύργον,

408 4160 896 4228 ὃνῲκοδόμησαν
930 4160 982 4210 οἱ
1008 4158 1123 4211 υἱοὶ
1161 4155 1279 4210 τῶν
1322 4157 1666 4223 ἀνθρώπων.
1720 4159 1859 4228 Ὅρα
1887 4158 2074 4227 φιλανο

409 4248 655 4320 θρωπίας
711 4247 1036 4317 ὑπερϐολήν.
1088 4243 1439 4316 Συνεχώρησε
1484 4247 1682 4314 καμεῖν
1736 4246 1933 4309 αὐτοὺς
1978 4248 2072 4300 καὶ

406 4334 908 4404 ταλαιπωρηθῆναι,
936 4333 1024 4385 ἴνα
1061 4333 1166 4385 τῶν
1203 4331 1596 4404 πραγμάτωνή
1631 4335 1793 4402 πεῖρα
1816 4334 2069 4389 διδάσκα-

407 4423 499 4485 λος
523 4422 704 4484 αύτοῖς
732 4421 973 4489 γένηται.
1017 4420 1126 4472 Καὶ
1171 4420 1354 4490 ἐπειδὴ
1408 4417 1545 4472 εἶδεν
1587 4419 1942 4490 ἀκμάζουσαν
1973 4425 2072 4495 τὴν

407 4509 625 4572 κακίαν,
655 4509 747 4562 καὶ
776 4508 874 4578 τὴν
922 4506 1073 4559 νόσον
1123 4507 1532 4576 ἐπιτεινομένην
1560 4507 1589 4547 ι)
1612 4548 1626 4568 ,
1659 4508 1759 4562 ούκ
1801 4511 1876 4571 εἰς
1920 4511 2071 4576 τέλος

406 4593 669 4662 ἀφίησιν,
720 4590 855 4644 ἀλλὰ
885 4589 983 4660 τὴν
1029 4589 1238 4643 οίκείαν
1288 4589 1688 4660 ἐνδεικνύμενος
1735 4591 2069 4662 ἀγαθὸτητα,

407 4681 655 4749 καθάπερ
690 4678 868 4748 ἰατρὸς
894 4676 1134 4748 ἀριστος,
1165 4676 1307 4748 ὁρῶν
1339 4678 1518 4730 αὐτῶν
1562 4678 1934 4750 αὐξανομένην
1972 4681 2069 4751 τὴν

407 4770 582 4831 νὸσον,
608 4768 699 4820 καί⁵
727 4767 787 4818 τὸ
814 4765 969 4827 ’έλκος
1000 4765 1215 4817 ἀνίατον
1254 4764 1558 4834 γινόμενον,
1589 4769 1807 4834 ταχεῖαν
1837 4771 2069 4821 ποιεῖται

403 4856 501 4926 τὴν
537 4855 728 4925 τομὴν,
762 4855 846 4906 ἵνα
867 4852 1144 4914 παντελῶς
1170 4852 1409 4923 ἀφανίσῃ
1432 4851 1530 4922 τὴν
1555 4854 1734 4906 αἰτίαν
1761 4853 1860 4922 τῆς
1887 4855 2065 4910 νόσου.

404 4944 512 4998 Kal
537 4939 687 5002 εἷπε,
729 4941 880 5011 φησὶ,
925 4941 1136 5008 Κύριος
1175 4942 1209 4992 ὁ
1259 4939 1607 5004 Θεός·Ἰδοὺ
1642 4939 1815 5006 γένος
1855 4940 1924 4992 ἓν
1968 4944 2064 4995 καὶ

403 5031 604 5100 χεῖλος
641 5029 711 5082 ἓν
752 5030 1024 5082 πάντωνυ
1071 5029 1192 5080 ἀντὶ
1248 5027 1362 5089 τοῦ,
1409 5027 1558 5097 φωνὴ
1593 5026 1688 5096 μία
1717 5027 1812 5080 καὶ
1847 5028 2067 5095 γλῶσσα
2102 5091 2109 5106 ί

405 5119 524 5189 μία.
554 5117 658 5171 Kal
693 5117 868 5170 τοῦτο
899 5115 1158 5182 ἤρξαντο
1183 5112 1450 5181 ποιῆσαι,
1477 5113 1574 5166 καὶ
1595 5112 1711 5167 νῦν
1731 5115 1842 5168 οὐκ
1871 5115 2064 5170 ἐκλεί-

400 5211 503 5276 ψει
524 5205 622 5259 ἀπ’
641 5201 838 5257 αὐτῶν
861 5201 1075 5266 πάντα,
1106 5200 1222 5255 ὅσα
1241 5201 1316 5254 ἂν
1334 5199 1648 5254 ἐπιθῶνται
1674 5201 1883 5254 ποιεῖν.

439 5293 504 5346 δ’.
530 5294 673 5362 Ὅρα
692 5291 960 5342 Δεσπὸτου
982 5288 1170 5357 φιλανθ
1180 5288 1407 5358 ρωπίαν.
1430 5288 1642 5358 Ἐπειδὴ
1667 5287 1847 5358 μέλλει
1861 5289 1959 5361 τὴν
1973 5288 2067 5360 ὁρ-

403 5379 508 5450 μὴν
529 5377 705 5432 αὐτῶν
721 5378 1025 5438 ἐκκόπτειν,
1047 5375 1339 5443 ἀπολογίαν
1355 5375 1616 5446 πρότερον
1648 5375 1946 5445 συντίθησι,
1971 5377 2064 5430 καὶ

405 5458 684 5526 μονονουχὶ
712 5456 979 5508 δείκνυσιν
1003 5454 1180 5506 αὐτῶν
1199 5455 1296 5523 τῆς
1314 5454 1585 5524 ἁμαρτίας
1610 5453 1670 5506 τὸ
1697 5455 1946 5524 μέγεθος,
1971 5458 2064 5510 καί¹

398 5538 498 5604 τῆς
523 5533 912 5604 ἀγνωμοσύνης
936 5533 1032 5602 τὴν
1070 5531 1394 5602 ὑπερϐολὴν,
1436 5532 1529 5586 καὶ
1554 5533 1636 5586 ὅτι
1676 5536 1742 5603 τῇ
1775 5537 2064 5606 συμφωνία

400 5616 497 5665 οὐκ
523 5617 598 5675 εἰς
621 5614 738 5666 δέον
760 5615 1075 5682 ἐχρήσαντο.
1131 5611 1285 5664 Ἰδοὺ
1307 5611 1436 5679 γὰρ.
1466 5611 1617 5680 φησὶ,
1640 5611 1814 5678 γένος
1849 5611 1918 5664 ἓν
1966 5613 2064 5666 καὶ

401 5692 598 5758 χεῖλος
632 5691 701 5743 ἓν
721 5693 981 5744 πάντων.
1008 5689 1112 5744 Kal
1150 5687 1324 5742 τοῦτο
1357 5687 1620 5755 ἤρξαντο
1661 5688 1930 5757 ποιῆσαι,
1964 5690 2062 5743 καί

461 5796 486 5821 υ
513 5797 727 5846 Quatuor
751 5808 863 5840 msu.
890 5795 973 5848 τήν
1000 5793 1220 5851 διαφορὰν
1247 5790 1684 5839 ἐπιδείκνυσι-Ἰηίίἰι
1710 5794 1811 5847 πῶς
1831 5798 1944 5841 ante
1974 5795 2060 5841 οὐκ

401 5859 447 5902 in
471 5853 750 5910 quibuxdam
775 5869 887 5901 mss.
912 5859 1070 5902 deost.
1099 5855 1276 5902 lbide
1297 5854 1338 5899 τί
1362 5852 1442 5900 οὖν
1465 5854 1541 5899 ἵνα
1560 5855 1839 5916 γενήσηῑαι;
1864 5857 1962 5910 πῶς
1985 5856 2060 5902 ἵνα

403 5917 452 5960 5.x
463 5929 592 5970 ἰχαιτ
601 5916 764 5960 ισθιῖδσι
775 5952 783 5959 .

463 5975 484 6013 1
514 5974 634 6022 'l'rcs
660 5989 770 6022 mss.
806 5976 1144 6030 ἐπινενου.ένην.

1190 367 1248 422 S.
1289 366 1573 424 JOANNIS
1605 363 2094 423 CHRYSOSTOHI
2133 364 2449 422 ARCHIEP.
2480 346 3026 424 CONSTANTINOP.

3757 368 3876 424 278

2197 481 2315 535 νῦν
2343 482 2613 551 ἐκλείψει
2669 483 2770 536 ἀπ’
2799 481 2998 537 αὐτῶν
3025 481 3240 546 πάντα,
3290 484 3406 537 ὅσα
3438 481 3515 537 ἃν
3549 483 3874 540 ἐπιθῶνται

2197 569 2410 622 ποιεῖν.
2443 569 2614 622 Τοῦτο
2643 569 2751 640 γὰρ
2784 569 2904 632 ἔθος
2932 569 3101 640 αὐτῷ,
3135 569 3351 623 ἐπειδὰν
3401 571 3570 642 μέλλῃ
3595 572 3873 640 τιμωρίαν

2195 659 2441 726 ἐπάγειν,
2479 659 2742 729 πρότερον
2767 659 3037 711 δεικνύναι
3063 658 3170 710 τῶν
3195 660 3596 729 ἡμαρτημένων
3619 658 3772 730 [9.99]
3803 660 3876 712 τὺ

2199 746 2446 816 μέγεθος,
2475 748 2569 799 καὶ
2597 746 2782 814 ὥσπερ
2815 745 3109 812 ἀπολογίαν
3143 746 3264 798 τινὰ
3283 745 3607 810 συντιθέναι,
3631 747 3724 800 καὶ
3743 745 3877 799 τότε.

2196 833 2466 886 ποιεῖσθαι
2499 833 2597 902 τὴν
2629 833 2932 902 διόρθωσιν.
2952 833 3060 885 Καὶ
3075 832 3182 903 γὰρ
3209 833 3299 885 ἐπὶ
3324 832 3416 885 τοῦ
3450 832 3875 902 κατακλυσμοῦ,

2196 921 2357 991 ἡνίκα
2390 922 2586 992 ἤμελλε
2618 923 2716 992 τὴν
2747 921 2973 992 ἀπειλὴν
3002 923 3213 990 ἐκείνην
3258 922 3354 993 τὴν
3411 923 3646 994 φοϐερὰν
3693 925 3876 976 ποιεϊο

2198 1008 2342 1071 σθαι,
2395 1010 2558 1078 φησὶν
2610 1009 2643 1078 ἡ
2691 1009 2914 1080 Γραφή·
2968 1007 3136 1063 Ἰδὼν
3167 1008 3236 1061 δὲ
3258 1011 3472 1079 Κύριος
3517 1013 3550 1063 ὁ
3596 1010 3742 1074 Θεὸς
3775 1009 3875 1062 ὅτι

2194 1096 2666 1163 ἐπληθύνθησαν
2689 1100 2748 1150 al
2770 1098 2970 1150 κακίαι
2997 1095 3115 1149 τῶν
3139 1095 3484 1165 ἀνθρώπων,
3511 1098 3605 1151 καὶ
3636 1095 3754 1162 πᾶς
3777 1115 3880 1161 τις

2196 1183 2512 1238 διανοεῖται
2541 1187 2611 1239 ἐν
2640 1183 2714 1253 τῇ
2755 1185 2969 1252 καρδίᾳ
2995 1175 3182 1237 αὑτοῦ
3204 1183 3498 1254 ἐπιμελῶς
3520 1185 3617 1238 ἐπί
3654 1185 3729 1238 τὰ
3753 1201 3834 1238 πο
3851 1213 3876 1224 ο

2195 1271 2348 1339 νηρὰ
2372 1272 2440 1326 ἐκ
2469 1273 2772 1340 νεότητος.
2833 1267 2985 1336 Εἶδες
3009 1272 3123 1334 πῶς
3149 1273 3412 1344 πρότερον
3439 1272 3604 1336 ἔδειξε
3631 1273 3732 1342 τῆς
3760 1290 3876 1325 κα-

2195 1359 2318 1423 κίας
2345 1360 2524 1414 αὐτῶν
2543 1361 2640 1432 τὴν
2661 1359 2986 1432 ὑπερϐολὴν,
3022 1361 3116 1412 καὶ
3141 1360 3261 1414 τότε
3290 1362 3474 1431 φησὶν,
3527 1362 3872 1430 Ἀπαλείψω

2194 1447 2301 1500 τὸν
2328 1448 2673 1516 ἇνθρωπονς
2713 1447 2870 1502 Οὕτω
2915 1449 3009 1502 καὶ
3047 1448 3176 1502 νῦν’
3233 1448 3387 1503 Ἰδοὺ
3434 1449 3607 1518 γένος
3657 1449 3728 1502 ἐν
3761 1452 3871 1503 καὶ

2193 1531 2397 1600 χεῖλος
2424 1532 2492 1585 ἓν
2524 1533 2786 1595 πάντων,
2829 1532 2930 1586 καί
2980 1533 3153 1587 τοῦτο
3178 1532 3438 1602 ἤρξαντο
3464 1532 3733 1599 ποιῆσαι.
3797 1535 3870 1588 EE

2193 1621 2444 1692 ὁμονοίας
2495 1621 2763 1691 τοσαύτης
2800 1620 3165 1685 ἀπολαύοντες
3223 1621 3318 1675 καὶ
3368 1620 3678 1691 ὁμοφωνίας
3722 1620 3874 1692 πρὸς

2193 1708 2458 1780 τοσαύτην
2491 1707 2780 1773 ἐξώκειλαν
2815 1709 3031 1778 μανίαν,
3063 1708 3155 1761 τοῦ
3210 1707 3401 1778 χρόνου
3431 1708 3708 1778 προϊόντος
3743 1709 3870 1771 πῶς

2191 1798 2311 1867 οὐχὶ
2338 1797 2554 1868 χείρονα
2575 1796 2995 1867 διαπράξονταις
3036 1798 3158 1849 Οὐκ
3195 1796 3463 1864 ἐκλείψει
3510 1795 3638 1866 γὰρ,
3669 1797 3870 1865 φησὶν,

2192 1885 2293 1938 ἀπ’
2350 1882 2544 1938 αὐτῶν
2573 1883 2788 1948 πάντα,
2819 1883 2936 1937 ὅσα
2982 1883 3056 1937 ἂν
3085 1881 3400 1936 ἐπιθῶνται
3443 1882 3656 1936 ποιεῖν.
3691 1883 3870 1936 οὐδὲν

2192 1975 2370 2028 αὐτῶν
2395 1974 2494 2045 τὴν
2520 1973 2696 2045 ὁρμὴν
2733 1975 2975 2043 ἐπισχεῖν
3029 1973 3313 2044 δυνήσεται
3340 2013 3356 2037 ,
3395 1970 3532 2026 ἀλλά
3587 1971 3766 2024 πάντα
3791 1973 3870 2026 τὰ

2194 2062 2548 2135 βουλευθέντα
2579 2061 2760 2125 αὐτοῖς
2782 2062 2862 2126 είς
2891 2061 3050 2132 ἔργον
3084 2061 3312 2128 ἀγαγεῖν
3363 2058 3778 2124 σπουδάσουσιν,
3808 2061 3870 2111 ει

2195 2150 2269 2222 μὴ
2299 2150 2506 2221 ταχέως
2529 2149 2668 2220 ὺπέρ
2717 2149 2823 2202 τῶν
2866 2148 2967 2219 ἤδη
3009 2146 3385 2218 τολμηθέντων
3415 2146 3572 2216 δίκην
3603 2145 3868 2201 δώσουσι.

2192 2240 2265 2292 Τὸ
2290 2238 2421 2292 αὐτὸ
2441 2238 2531 2290 καὶ
2560 2239 2652 2290 ἐπὶ
2685 2235 2780 2290 τοῦ
2809 2235 3230 2306 πρωτοπλάστου
3260 2234 3484 2304 γεγονὸς
3503 2235 3723 2304 εύρῆσει
3752 2252 3866 2298 τις.

2192 2327 2302 2380 Καὶ
2325 2326 2434 2396 γὰρ
2459 2328 2593 2390 ἐκεῖ,
2619 2326 2780 2396 ἡνίκα
2808 2325 3036 2395 ἤμελλεν
3054 2324 3332 2377 ἐκϐάλλειν
3360 2323 3459 2394 τῆς
3486 2324 3544 2375 ἐν
3567 2323 3647 2394 τῷ
3679 2341 3870 2393 παραο

2191 2414 2350 2484 δείσῳ
2381 2413 2676 2482 διαγωγῆς,
2703 2413 2870 2482 φησί’
2899 2413 2992 2476 Τίς
3012 2410 3330 2481 ἀνήγγειλέ
3357 2428 3475 2476 σοι,
3508 2409 3598 2463 ὅτι
3631 2413 3870 2480 γυμνὸς

2190 2500 2273 2568 εῙ;
2307 2504 2416 2555 Καὶ
2449 2503 2609 2555 πάλιν
2631 2519 2644 2532 ·
2689 2500 2834 2554 Ἰδοὺ
2861 2501 3108 2569 γέγονεν
3149 2499 3320 2568 Ἀδὰμ
3352 2499 3432 2563 ὡς
3459 2494 3547 2562 εἷς
3567 2500 3634 2564 ἐξ
3665 2498 3862 2567 ἡμῶν,

2191 2590 2298 2644 τοῦ
2324 2588 2638 2658 γινώσκειν
2671 2587 2863 2640 καλὸν
2891 2590 2987 2640 καὶ
3014 2587 3300 2652 πονηρόν.
3332 2586 3439 2639 Kal
3476 2586 3592 2639 νῦν
3628 2586 3871 2652 μήποτε

2191 2678 2424 2744 ἐκτείνῃ
2449 2676 2563 2744 τὴν
2584 2675 2752 2745 χεῖρα
2798 2674 3002 2736 αὑτοῦ,
3040 2673 3136 2726 καί
3169 2673 3322 2742 λάϐῃ
3366 2674 3485 2727 ἀπὸ
3519 2675 3625 2728 τοῦ
3665 2675 3875 2738 ξύλου

2191 2766 2300 2834 τῆς
2328 2755 2496 2832 (ἰωῆς⁹
2527 2765 2623 2816 καὶ
2660 2763 2854 2832 φάγῃ,
2910 2761 3008 2816 καί
3065 2761 3302 2826 ζήσεται
3354 2763 3441 2826 είς
3486 2765 3594 2814 τὸν
3647 2761 3864 2816 αιῶνιι.

2191 2854 2298 2908 Kal
2353 2851 2782 2917 ἐξαπέστειλεν
2805 2849 2992 2903 αὑτὸν
3023 2850 3235 2914 Κύριος
3264 2852 3296 2902 ὁ
3331 2849 3470 2915 Θεὸς
3503 2849 3569 2902 ἐκ
3598 2849 3704 2902 τοῦ
3753 2866 3870 2903 πα-

2181 2942 2492 3010 ριιδείσου.
2539 2939 2648 2992 Καὶ
2697 2937 2792 2990 νῦν
2836 2954 3022 3007 φησιν,
3064 2936 3217 2992 Ἰδοὺ
3260 2936 3436 3005 γένος
3464 2936 3534 2990 ἓν
3583 2937 3681 2990 καί
3737 2939 3870 3007 χεῖ-

2188 3035 2299 3096 λος
2343 3029 2413 3083 ἒν
2441 3027 2702 3090 πάντων,
2761 3026 2859 3080 καί
2905 3025 3078 3078 τοῦτο
3119 3024 3382 3091 ἤρξαντο
3425 3024 3700 3092 ποιῆσαι·
3756 3026 3870 3080 καὶ

2189 3123 2307 3177 νῦν
2337 3123 2408 3174 οὺ
2429 3118 2515 3189 μὴ
2555 3117 2808 3185 ἐκλείψῃ
2841 3116 2910 3176 ἐξ
2954 3113 3152 3168 αὐτῶν
3201 3114 3396 3166 πάντα
3422 3154 3438 3177 ,
3473 3114 3588 3168 ὅσα
3634 3113 3712 3167 ἂν
3729 3115 3868 3168 ἐπι-

2189 3209 2400 3263 θῶνται
2433 3205 2640 3260 ποιεῖν.
2695 3203 2872 3258 Δεῦτε
2899 3243 2914 3267 ,
2953 3203 3051 3255 καί
3104 3202 3465 3267 καταϐάντες
3506 3201 3871 3270 συγχέωμεν

2187 3296 2384 3350 αὐτῶν
2432 3293 2560 3348 ἐκεῖ
2623 3292 2740 3360 τὴν
2802 3289 3073 3360 γλῶτταν
3103 3331 3120 3355 ,
3197 3291 3298 3344 ἵνα
3355 3289 3441 3358 μὴ
3507 3290 3872 3344 ἀκούσωσιν

2186 3387 2444 3449 ἕκαστος
2482 3381 2591 3450 τῆς
2628 3379 2834 3450 φωνῆς
2871 3379 2977 3432 τοῦ
3018 3380 3305 3444 πλησίον.
3363 3377 3504 3447 Ὀρα
3552 3377 3713 3431 πάλιν
3746 3379 3874 3430 τῶν

2185 3470 2383 3535 λέξεων
2420 3469 2516 3538 τὴν
2580 3465 3002 3534 συγκατάϐασιν.
3061 3463 3241 3516 Δεῦτε
3265 3504 3276 3522 ,
3315 3462 3446 3532 φησι
3473 3503 3489 3527 ,
3533 3463 3631 3516 καί
3674 3479 3867 3516 κατα-

2186 3559 2416 3623 ϐάντες.
2471 3556 2534 3608 Τί
2587 3553 2834 3624 βούλεται
2877 3551 3050 3605 ταῦτα
3091 3550 3160 3603 τὰ
3221 3551 3478 3620 ρήματα;
3527 3551 3868 3622 Σύνεργείας

2183 3645 2352 3698 δεῖται
2387 3645 2416 3696 ὁ
2453 3642 2728 3711 Δεσπότης
2765 3639 2903 3710 πρὸς
2936 3639 3032 3709 τὴν
3087 3637 3413 3706 διόρθωσιν;
3459 3637 3593 3690 ἀλλά
3633 3653 3868 3708 συμμαο

2185 3735 2306 3804 χίας
2362 3731 2499 3802 πρὸς
2527 3730 2625 3800 τὴν
2661 3727 2865 3781 τούτων
2911 3725 3260 3796 καθαίρεσιν;
3309 3725 3462 3794 Οὐχὶ,
3508 3725 3582 3796 μὴ
3617 3725 3863 3792 γένοιτο.

2194 3819 2354 3873 Ἀλλά
2385 3819 2630 3887 καθάπερ
2664 3817 2770 3888 ἥδη
2820 3810 2971 3867 εἶπεν
3004 3816 3036 3884 η
3084 3811 3303 3883 Γραφὴ,
3343 3813 3567 3879 Κατέϐη
3607 3813 3861 3881 Κύριος,

2181 3905 2499 3957 διδάσκουσα
2534 3903 2679 3971 ἡμᾶς
2707 3899 2792 3952 διὰ
2822 3898 3030 3957 τούτου,
3063 3899 3143 3950 ὅτι
3175 3897 3310 3966 μετά
3349 3897 3630 3966 ἀκριϐείας
3659 3898 3865 3951 αὐτῶν

2181 3988 2286 4044 εἶδε
2313 3991 2411 4060 τῆς
2432 3989 2626 4051 καγίας
2655 3987 2754 4056 τὴν
2779 3985 3100 4057 ὑπερϐολὴν,
3131 3984 3270 4036 οὕτω
3298 3984 3391 4036 καὶ
3420 3983 3652 4036 ἐνταῦθά
3678 4002 3852 4055 φησι,

2181 4078 2376 4141 Δεῦτε,
2410 4075 2507 4128 καί
2541 4073 2918 4138 καταϐάντες.
2961 4071 3066 4133 Ὠς⁹
3091 4070 3226 4142 πρὸς
3268 4069 3562 4140 ὁμοτίμους
3604 4070 3661 4122 δὲ
3713 4071 3866 4123 πὰν-

2177 4183 2285 4229 τως
2324 4166 2440 4218 ἐστὶ
2475 4164 2625 4216 τουτὶ
2663 4162 2724 4214 τὸ
2756 4161 3069 4233 εἰρημένον·
3095 4158 3292 4222 Δεῦτε,
3341 4159 3436 4211 καί
3480 4157 3864 4226 καταϐάντες

2178 4252 2527 4322 συγχέωμεν
2554 4249 2752 4304 αὐτῶν
2782 4249 2897 4316 τὴν
2923 4246 3210 4318 γλῶτταν,
3244 4246 3345 4299 ἵνα
3371 4243 3458 4313 μὴ
3489 4245 3860 4299 ἀκούσωσιν

2177 4340 2432 4405 ἕκαστος
2476 4337 2582 4405 τῆς
2633 4335 2840 4406 φωνῆς
2878 4335 2983 4389 τοῦ
3032 4335 3315 4402 πλησίον.
3369 4333 3654 4404 Καθάπερ,
3688 4337 3858 4405 φησὶ,

2179 4426 2378 4496 στήλην
2428 4425 2550 4479 τινὰ
2598 4425 2847 4494 διηνεκῆ,
2892 4424 3148 4490 τοιαύτην
3185 4421 3366 4482 αὐτοῖς
3415 4421 3703 4490 ἐπιτίθημι
3745 4422 3861 4492 τὴν

2177 4512 2465 4584 τιμωρίαν,
2507 4513 2601 4564 καὶ
2632 4511 2719 4564 ἵνα
2757 4510 2919 4562 παντὶ
2955 4509 3034 4577 τῷ
3080 4508 3234 4562 αίῶνι
3274 4507 3855 4579 ουμπαρεκτείνηται,

2176 4598 2270 4652 καὶ
2303 4597 2487 4668 μηδεὶς
2515 4596 2700 4668 χρόνος
2731 4595 2900 4666 λήθην
2927 4595 3107 4657 αὐτοῖς
3139 4594 3438 4664 ἐμποιήσῃ.
3481 4593 3700 4664 Ἐπειδὴ
3733 4595 3854 4668 γὰρ

2175 4687 2235 4739 οὐ
2269 4685 2493 4747 δεὸντως
2522 4683 2822 4754 ἐχρήσαντο
2867 4683 2934 4752 τῇ
2963 4680 3261 4751 ὁμοφωνία,
3309 4680 3396 4733 διὰ
3428 4681 3527 4750 τῆς
3573 4681 3862 4751 ἐτεροφω-

2175 4773 2294 4836 νίας
2337 4771 2533 4832 αὐτοὺς
2573 4768 3004 4840 σωφρονισθῆναι
3053 4766 3328 4837 βούλομαι.
3370 4767 3478 4819 Καὶ
3521 4767 3631 4838 γὰρ
3669 4768 3857 4833 οὕτως

2175 4861 2430 4914 ἐκάστοτε
2463 4856 2620 4910 εἴωθε
2657 4859 2828 4909 ποιεῖν
2856 4857 2885 4908 ὁ
2919 4856 3212 4924 Δεσπότης,
3241 4855 3410 4908 Τοῦτο
3447 4854 3504 4920 ἐξ
3535 4855 3709 4925 ἀρχῆς
3755 4860 3855 4911 καὶ

2174 4950 2265 5000 ἐπὶ
2295 4949 2393 5017 τῆς
2422 4945 2994 5014 γυναικδςηέποίησενο
3033 4945 3132 4996 οὐκ
3176 4945 3256 5006 είς
3303 4943 3420 4996 δέον
3459 4945 3732 5013 ἐχρήσατο
3779 4947 3851 5015 τῇ

2171 5033 2382 5106 δοθείσῃ
2413 5035 2565 5102 τιμῇ,
2602 5031 2696 5084 καὶ
2726 5032 2811 5084 διὰ
2845 5032 3002 5085 τοῦτο
3049 5029 3308 5094 ὑπέταξεν
3354 5029 3522 5098 αὐτὴν
3552 5027 3628 5098 τῷ
3660 5029 3856 5100 ἀνδρί.

2174 5121 2283 5174 Καὶ
2321 5120 2480 5173 πάλιν
2530 5120 2624 5172 ἐπὶ
2656 5118 2750 5171 τοῦ
2786 5119 2987 5189 Ἀδάμ,
3030 5118 3215 5187 ἐπειδὴ
3265 5117 3339 5187 μὴ
3387 5115 3643 5186 ἐκέρδανέ
3689 5133 3747 5168 τι
3782 5117 3854 5169 ἐκ

2171 5209 2269 5277 τῆς
2298 5207 2496 5277 πολλῆς
2524 5207 2779 5270 ἀνέσεως,
2807 5207 2901 5260 καλ¹
2933 5207 3031 5277 τῆς
3057 5207 3114 5259 ἐν
3145 5205 3222 5275 τῷ
3256 5203 3570 5276 παραδείσῳ
3602 5203 3855 5274 διαίτης,

2171 5295 2303 5348 ἀλλά
2341 5294 2429 5347 διὰ
2479 5294 2581 5364 τῆς
2611 5294 2974 5366 παραϐάσεως
3010 5294 3088 5364 τῷ
3137 5292 3399 5361 ἐπιτιμίῳ
3444 5290 3634 5346 ἑαυτὸν
3669 5291 3850 5343 ὑπεύ-

2172 5381 2328 5434 θυνον
2359 5381 2712 5452 κατέστησεν,
2759 5381 2980 5448 ἐξέϐαλε
3027 5381 3190 5434 αὑτὸν
3237 5381 3301 5432 ἐκ
3340 5377 3432 5430 τοῦ
3485 5377 3852 5448 παραδείσου,

2170 5469 2264 5522 καὶ
2311 5469 2410 5538 τὴν
2474 5468 2746 5538 τιμωρίαν
2816 5467 2967 5538 αύτῷ
3019 5468 3255 5537 ἐπέθηκε
3306 5464 3563 5534 διηνεκῆ,
3619 5463 3844 5533 λέγων’

2181 5554 2460 5620 Ἆκάνθας
2515 5555 2612 5607 καὶ
2662 5555 2971 5621 τριϐόλους
3019 5553 3301 5609 ἀνατελεῖ
3347 5568 3446 5606 σοι
3493 5553 3532 5620 ἡ
3578 5548 3676 5620 γῆ.
3729 5554 3846 5606 Καὶ

2167 5638 2308 5695 οὗτοι
2339 5643 2514 5694 τοίνυν
2553 5643 2738 5714 ἐπειδὴ
2783 5644 3102 5714 τιμηθέντες
3149 5645 3214 5714 τῇ
3265 5640 3567 5711 ὁμοφωνία,
3611 5640 3691 5700 είς
3740 5658 3845 5692 καο

2169 5730 2290 5784 κίαν
2516 5731 2815 5801 ἐχρήσαντο
2846 5734 2912 5800 τῇ
2962 5731 3177 5802 δοθείσῃ
3205 5731 3360 5800 τιμῇ,
3388 5728 3476 5781 διὰ
3523 5729 3622 5795 τῆς
3651 5728 3840 5796 ἔτερος

2169 5817 2371 5886 φωνίας
2405 5817 2615 5885 ἵστησιν
2639 5819 2816 5870 αὐτῶν
2845 5820 2942 5888 τῆς
2969 5819 3166 5881 κακίας
3201 5817 3298 5888 τὴν
3330 5816 3518 5885 φοράν.
3546 5813 3652 5867 Kal
3685 5830 3839 5878 mvr-

2169 5894 2393 5960 χέωμεν
2427 5895 2644 5960 αὐτῶν,
2693 5898 2845 5965 φησὶ,
2892 5898 3005 5962 τὴν
3058 5896 3347 5965 γλῶτταν,
3384 5896 3484 5946 ἵνα
3515 5891 3601 5960 μὴ
3649 5891 3832 5946 ἀκού-

2168 5984 2362 6025 σωσιν
2396 5971 2650 6041 ἕκαστος
2683 5974 2783 6043 τῆς
2823 5974 3027 6045 φωνῆς
3067 5974 3169 6028 τοῦ
3197 5975 3494 6043 πλησίον
3531 5971 3618 6026 ἴνα
3644 5969 3840 6041 ὥσπερ
