4062 6396
130 392 246 447 9.77

125 508 280 561 cavit
323 515 546 562 sanctos
584 514 641 561 et
679 505 887 572 viduas,
932 516 986 562 et
1025 505 1255 561 reddidit
1283 522 1401 562 eam
1431 509 1626 560 vivam.
1673 508 1732 562 Si

128 599 464 651 memoriam
486 597 703 667 quieris,
735 598 780 652 si
805 613 984 653 veram
1015 599 1234 665 gloriam
1257 614 1426 663 amas,
1457 598 1594 652 hanc
1621 598 1740 651 imi-

129 701 284 754 tare,
317 690 458 744 tales
483 691 675 744 domus
700 700 918 744 exstrue
940 730 954 756 ,
987 691 1094 744 noli
1136 701 1382 758 sumptus
1413 698 1532 744 tuos
1562 689 1736 744 iuaui-

129 784 298 837 matis
333 782 670 852 impendere,
701 781 796 837 sed
824 797 944 836 cum
977 783 1082 836 illis
1109 783 1197 850 qui
1223 782 1462 851 ejusdem
1493 790 1613 835 sunt
1641 796 1737 851 ge-

129 875 284 928 neris
336 873 766 928 misericordiam
819 874 997 928 facito.
1055 874 1179 928 llsec
1230 873 1386 927 laude
1441 873 1599 942 digna
1656 881 1738 927 est

129 967 426 1030 memoria,
461 966 575 1020 haec
612 981 865 1036 magnum
914 965 1116 1018 lucrum
1157 964 1329 1018 allert.
1369 963 1633 1018 Caiterum
1669 962 1736 1015 ad

131 1059 452 1112 institutum
487 1057 772 1113 redeamus
795 1099 809 1121 ,
842 1066 897 1111 et
923 1057 1198 1111 videamus
1226 1056 1436 1109 illorum
1476 1056 1734 1122 virorum,

129 1152 223 1218 qui
254 1161 386 1203 tunc
410 1159 587 1213 erant,
616 1149 918 1203 audaciam.
963 1147 1176 1202 Illorum
1206 1148 1349 1201 enim
1389 1146 1733 1215 affectiones,

131 1254 363 1311 nostm',
397 1245 445 1298 si
476 1259 666 1313 sapere
713 1242 1060 1305 voluerimus,
1088 1240 1449 1296 emendationi
1476 1241 1734 1296 serviunt.

129 1337 188 1391 4.
221 1336 286 1389 Et
336 1337 676 1404 cedi/icemus,
722 1337 911 1405 inquit,
963 1335 1106 1388 nobis
1144 1334 1423 1401 civitatem,
1454 1342 1498 1387 et
1537 1333 1736 1397 turrim,

129 1429 282 1499 cujus
312 1438 474 1498 caput
500 1427 594 1480 erit
617 1443 775 1497 usque
793 1428 848 1480 in
875 1426 1076 1491 ctelum,
1107 1435 1154 1479 et
1181 1424 1429 1495 faciamus
1458 1424 1738 1494 nobisipsis

131 1537 322 1574 nomen
372 1520 671 1589 priusquam
716 1519 1072 1590 disperguntur
1111 1534 1264 1587 super
1315 1526 1520 1571 terram.
1577 1517 1737 1573 Vides

131 1613 416 1683 quomodo
442 1613 845 1683 corruptionem
875 1612 1067 1665 anima:
1096 1626 1206 1664 sua:
1242 1611 1436 1680 ubique
1462 1609 1735 1664 exhibent.

132 1707 206 1760 Et
252 1707 612 1774 cedi/icemus,
655 1705 848 1774 inquit,
893 1704 1036 1757 nobis
1073 1702 1362 1756 civitatem:
1389 1709 1444 1755 et
1483 1702 1676 1755 iterum
1720 1718 1737 1755 :

132 1800 424 1852 Faciamus
445 1798 588 1852 nobis
612 1797 741 1866 ipsis
763 1812 964 1850 nomen.
996 1795 1124 1849 Vide
1151 1793 1418 1865 quomodo
1438 1795 1598 1848 etiam
1623 1803 1740 1863 post

133 1891 461 1962 generalem
486 1891 729 1944 omnium
773 1889 1048 1944 interitum
1080 1903 1184 1943 non
1227 1888 1432 1942 minora
1477 1886 1612 1940 mala
1642 1901 1738 1955 ag-

131 1983 478 2053 grediantur.
511 1981 649 2049 Quid
689 1996 818 2051 ergo
847 1981 982 2035 ﬁet?
1011 1979 1280 2049 quomodo
1315 1978 1383 2032 ab
1411 1979 1615 2033 insania
1643 1992 1737 2032 sua

135 2073 553 2144 reprimentur?
578 2072 856 2128 Pollicitus
877 2081 962 2127 est
994 2072 1154 2137 Deus,
1185 2085 1244 2126 se
1273 2087 1378 2125 non
1407 2071 1544 2124 ultra
1571 2070 1740 2122 factu-

132 2182 255 2221 rum
282 2166 576 2232 diluvium,
617 2166 873 2220 nimirum
905 2164 1289 2219 misericordia:
1315 2179 1426 2218 suae
1452 2172 1740 2217 consuetu-

131 2260 320 2314 dinem
353 2274 584 2314 servans
609 2276 622 2312 :
649 2258 724 2313 illi
749 2268 929 2314 autem
953 2273 1128 2328 neque
1154 2258 1326 2328 νωιιῑε
1345 2255 1740 2312 emendatiores

131 2351 261 2406 facti
290 2360 446 2418 sunt,
477 2367 651 2421 neque
681 2350 956 2406 beneliciis
985 2351 1254 2405 meliores.

209 2443 339 2498 Non
381 2454 501 2498 sunt
529 2454 710 2497 temere
736 2443 1107 2497 condemnandi
1136 2442 1341 2511 fratres,
1370 2456 1530 2513 neque
1554 2456 1616 2494 ea:
1644 2456 1740 2493 au-

133 2539 248 2591 ditu
285 2537 658 2608 judicandum.
684 2567 757 2577 —
782 2536 920 2591 Audi
942 2551 1062 2606 quae
1102 2545 1437 2606 sequuntur,
1462 2543 1521 2589 ut
1563 2534 1741 2589 discas

135 2629 438 2683 ineﬂ'abilis
483 2628 874 2684 misericordiae
924 2628 1016 2682 Dei
1064 2627 1510 2697 magnitudinem.
1567 2627 1622 2682 5.
1675 2625 1740 2679 Et

135 2720 428 2784 descendit,
462 2721 654 2790 inquit,
688 2718 942 2773 Dominus
969 2717 1108 2772 Deus
1129 2760 1144 2784 ,
1169 2725 1226 2772 ut
1252 2717 1441 2771 videret
1466 2717 1737 2781 civitatem,

136 2825 188 2870 et
215 2815 432 2878 turrim,
462 2830 615 2885 quam
643 2811 963 2880 aediﬁcabant
995 2811 1095 2879 ﬁlii
1133 2810 1412 2863 hominum.
1445 2807 1582 2863 Vide
1609 2823 1742 2876 quo~

133 2907 303 2962 modo
327 2905 565 2958 humano
594 2918 746 2958 more
787 2903 1062 2974 Scriptura
1095 2901 1349 2972 loquitur.
1373 2898 1444 2954 Et
1463 2900 1738 2965 descendit,

137 3004 347 3074 inquit,
381 3000 636 3054 Dominus
665 2998 834 3063 Deus;
862 3013 970 3053 non
1016 3004 1075 3051 ut
1104 2995 1338 3050 humano
1367 2993 1526 3049 modo
1549 2993 1741 3048 intelli-

134 3111 356 3167 gamus,
386 3093 482 3150 sed
510 3102 570 3148 ut
598 3107 694 3163 per
721 3091 825 3146 hoc
852 3089 1178 3154 erudiamur,
1212 3100 1502 3156 numquam
1536 3093 1742 3139 temere

137 3189 342 3243 fratres
367 3182 830 3248 condemnandus,
863 3193 1039 3250 neque
1059 3178 1239 3233 auditu
1261 3176 1376 3231 solo
1394 3174 1740 3246 iudicandum

136 3295 286 3342 esse,
326 3277 428 3331 nisi
460 3275 705 3345 pluribus
733 3271 1066 3344 argumentis
1095 3269 1240 3338 prius
1267 3269 1398 3323 certi
1426 3266 1739 3322 reddamur.

134 3371 338 3427 Omnia
359 3373 501 3425 enim
529 3384 561 3422 a
593 3369 703 3422 Deo
733 3365 852 3421 ideo
878 3367 1026 3428 liunt,
1048 3370 1104 3418 et
1128 3362 1197 3416 ob
1219 3361 1322 3416 hoc
1346 3369 1493 3414 tanta
1519 3357 1586 3413 ad
1617 3374 1742 3412 eru-

137 3462 405 3517 diendum
449 3460 741 3514 humanum
770 3471 938 3526 genus
974 3455 1140 3509 utitur
1181 3452 1448 3507 sermonis
1483 3460 1746 3518 atten‘vpe-

138 3556 382 3610 ratione.
441 3551 512 3606 Et
559 3551 843 3614 descendit,
905 3547 1108 3617 inquit,
1156 3544 1409 3598 Dominus
1458 3541 1631 3606 Deus,
1689 3548 1744 3592 ut

140 3649 345 3702 videret
372 3646 624 3699 civitatem
651 3653 699 3697 et
729 3642 926 3695 turrim.
963 3639 1097 3694 Vide
1123 3635 1391 3708 quomodo
1419 3648 1524 3688 non
1563 3634 1742 3688 statim

139 3742 214 3794 ab
245 3739 404 3794 initio
431 3739 646 3793 illorum
675 3735 918 3805 reprimit
946 3732 1230 3798 insaniam,
1263 3728 1357 3785 sed
1385 3729 1634 3784 diuturna
1663 3727 1743 3782 le-

139 3835 321 3889 nitate
366 3834 554 3897 utitur,
604 3839 658 3884 et
705 3834 980 3898 exspectat
1014 3826 1186 3880 donec
1224 3837 1437 3877 omnem
1487 3821 1742 3874 malitiam

139 3941 302 3980 suam
343 3937 508 3992 opere
550 3921 846 3985 declarent,
896 3926 953 3973 et
993 3927 1120 3972 tunc
1162 3927 1386 3971 conatus
1421 3928 1607 3969 eorum
1645 3913 1744 3966 im-

142 4015 317 4086 pedit.
347 4013 425 4068 Ne
449 4013 592 4067 enim
623 4011 740 4082 quis
767 4010 948 4065 dicere
968 4009 1157 4079 possit,
1180 4007 1503 4062 deliberasse
1527 4004 1744 4074 quidem

140 4109 292 4172 illos,
322 4105 417 4160 sed
465 4121 585 4175 qua:
621 4105 1006 4168 decreverant,
1038 4102 1089 4155 in
1129 4115 1264 4170 Opus
1293 4115 1398 4153 non
1435 4097 1741 4164 deduxisse,

141 4198 497 4270 pnnstolatur
535 4195 710 4250 donec
767 4195 948 4248 animo
999 4193 1323 4247 destinatum
1375 4204 1509 4259 opus
1553 4203 1743 4258 aggre-

145 4290 407 4350 diantur,
443 4298 498 4340 ut
539 4297 665 4340 tunc
704 4293 967 4340 monstret
1004 4284 1083 4338 eis
1121 4297 1282 4353 quam
1326 4280 1528 4336 inutilia
1574 4289 1748 4334 atten-

143 4385 340 4438 tarint.
374 4381 444 4436 Et
484 4381 763 4449 descendit,
797 4379 1000 4450 inquit,
1033 4377 1282 4433 Dominus
1306 4381 1464 4437 Deus.
1483 4384 1537 4429 ut
1561 4375 1748 4430 videret

142 4477 434 4539 civitatem,
461 4490 522 4527 ac
552 4474 762 4537 turrim,
793 4489 946 4542 quam
978 4471 1302 4540 aediﬁcabant
1342 4469 1436 4535 ﬁlii
1463 4469 1744 4522 hominum.

142 4565 288 4621 Vide
319 4564 708 4619 misericordia:
733 4561 1142 4618 excellentiam:
1175 4559 1414 4631 permisit
1451 4559 1567 4612 illos
1595 4559 1746 4613 labo-

146 4661 305 4713 ribus
331 4673 455 4712 sese
482 4655 744 4727 afﬂigere,
769 4665 828 4709 ut
845 4670 1021 4710 rerum
1045 4653 1378 4724 experientia
1407 4652 1747 4722 praeceptoris

143 4755 273 4808 loco
317 4751 426 4805 illis
458 4758 624 4805 esset.
677 4747 746 4802 Et
790 4748 1041 4817 quoniam
1079 4745 1208 4800 vidit
1252 4743 1506 4799 malitiam
1544 4743 1747 4798 invale-

145 4861 324 4910 scere,
357 4853 416 4900 et
442 4843 691 4897 morbum
730 4840 964 4904 intendi,
995 4855 1098 4893 non
1142 4829 1310 4908 usque
1338 4837 1405 4891 ad
1443 4836 1600 4893 ﬁnem
1631 4853 1750 4907 per—

143 4943 342 5006 mittit,
373 4937 470 4993 sed
495 4952 646 4990 suam
668 4935 906 4990 declarat
933 4934 1220 4988 bonitatem
1253 4949 1266 4985 :
1299 4930 1747 5001 quemadmodum

145 5035 397 5090 nnedicus
425 5031 599 5084 bonus
624 5029 813 5083 videns
840 5027 1082 5082 morbum
1109 5025 1312 5094 augeri,
1341 5035 1395 5078 et
1415 5024 1566 5078 ulcus
1596 5023 1748 5076 incu-

145 5126 322 5181 rabile
352 5124 493 5187 lieri,
531 5121 710 5175 statim
757 5119 999 5174 sectione
1025 5118 1216 5182 utitur,
1251 5125 1310 5170 ut
1333 5130 1548 5171 omnem
1575 5113 1748 5168 morbi

144 5233 375 5272 causam
430 5215 597 5269 tollat.
631 5214 687 5268 6.
734 5212 802 5267 Et
841 5211 992 5277 dixit,
1039 5210 1228 5280 inquit,
1276 5207 1524 5262 Dominus
1565 5207 1700 5262 Deus
1728 5221 1748 5260 :

149 5310 292 5365 Ecce
319 5325 480 5380 genus
515 5323 669 5360 unum
698 5315 746 5359 et
781 5305 970 5359 labium
1009 5319 1168 5357 unum
1195 5303 1417 5357 omnium
1443 5316 1462 5354 :
1504 5301 1603 5354 hoc
1635 5309 1747 5365 est,

145 5420 261 5458 vox
286 5420 391 5456 una
422 5410 478 5457 et
501 5401 678 5472 lingua
705 5415 830 5454 una.
859 5397 926 5452 Et
952 5397 1046 5452 hoc
1062 5407 1317 5467 coeperunt
1339 5399 1524 5468 facere,
1545 5406 1591 5449 et
1618 5413 1750 5451 nunc

147 5515 255 5551 non
283 5495 556 5549 cessabunt
583 5493 646 5547 ab
676 5495 738 5547 iis
762 5509 874 5562 quae
898 5492 1218 5545 decreverunt
1245 5491 1428 5559 facere.

223 5593 282 5645 4.
324 5589 472 5644 Solet
520 5588 656 5642 Deus
694 5587 968 5640 admonere
1012 5595 1284 5654 antequam
1325 5583 1522 5653 puniat.
1551 5611 1622 5622 —
1651 5583 1747 5636 At-

149 5681 319 5736 tende
353 5679 564 5733 Domini
603 5677 1047 5733 misericordiam.
1088 5675 1349 5741 Quoniam
1393 5684 1615 5727 conatus
1643 5673 1747 5726 im-

155 5767 442 5844 pediturus
468 5783 605 5837 erat,
650 5773 879 5842 primum
918 5769 1286 5841 purgationem
1332 5767 1432 5822 sibi
1477 5776 1656 5838 parat,
1698 5778 1752 5822 et

155 5866 314 5938 quasi
341 5864 576 5922 ostendit
614 5863 818 5936 peccati
845 5877 1031 5919 eorum
1077 5859 1492 5932 magnitudinem
1513 5900 1529 5928 ,
1562 5868 1616 5916 ct
1645 5860 1745 5915 im-

1176 389 1237 447 ΙΝ
1274 392 1426 448 CAP.
1470 390 1558 446 XI.
1603 391 1847 449 GENES.
1888 394 2116 453 llOMlL.
2161 400 2320 462 XXX.

3326 427 3430 486 278

1855 512 2136 612 probitatis
2165 533 2464 588 excessum,
2495 522 2744 596 ipsosque
2782 530 2978 588 abusus
3013 550 3133 593 esse
3161 537 3352 612 lingua-
3380 557 3431 602 ut

1850 604 2410 698 vocis‘cousonantia.
2443 612 2574 669 Ecce
2614 619 2786 684 enim,
2827 623 3026 693 inquit,
3069 604 3429 698 genus'unnin

1846 701 1891 744 et
1949 693 2138 750 labium
2185 715 2338 754 unum
2379 706 2620 759 omnium.
2673 707 2741 762 Et
2786 711 2878 771 hoc
2913 693 3171 786 coeperunt
3226 727 3428 794 facere,

1845 791 1891 834 et
1945 801 2078 838 nunc
2117 805 2218 842 non
2269 793 2532 848 cessabunt
2587 797 2647 849 ab
2700 801 2762 854 iis
2801 820 2914 870 qua!
2968 791 3291 868 decreverunt
3348 791 3429 887 fu;

1843 889 1973 927 cere.
2003 875 2099 930 llic
2117 880 2258 933 enim
2291 881 2378 936 Dei
2410 900 2527 940 mos
2546 897 2650 955 est,
2683 904 2738 943 nt
2761 895 3040 960 puniturus
3066 902 3213 968 prius
3236 875 3432 962 indicet

1843 983 2000 1036 quam
2036 986 2223 1042 magna
2250 976 2355 1030 sint
2382 991 2596 1047 peccata
2615 1024 2630 1049 ,
2664 993 2718 1038 et
2745 988 2906 1041 veluti
2936 989 3304 1052 defensionem
3336 1001 3432 1053 alie

1843 1073 2001 1127 quam
2026 1062 2121 1116 sibi
2148 1075 2320 1134 paret,
2348 1083 2409 1123 ac
2435 1079 2561 1127 tunc
2591 1075 2804 1130 tandem
2833 1083 3103 1151 corripiat.
3127 1085 3258 1142 Nam
3291 1098 3432 1144 tetu-

1843 1164 1974 1248 pore
1998 1151 2213 1248 diluvii,
2268 1173 2389 1213 cum
2435 1165 2704 1220 terribiles
2748 1169 2864 1224 illas
2909 1175 3081 1229 minas
3122 1177 3429 1248 intentaret,

1842 1240 1973 1337 dicit
2013 1229 2284 1316 Scriptura
2331 1269 2345 1304 :
2381 1250 2450 1306 Ut
2483 1264 2651 1309 autem
2697 1260 2820 1313 vidit
2856 1261 3018 1331 Deus,

1842 1332 2045 1432 plicata?
2072 1348 2189 1390 sunt
2215 1339 2425 1395 malitia:
2462 1344 2742 1415 hominum,
2777 1360 2821 1403 et
2862 1332 3203 1426 unusquisque
3242 1362 3432 1432 cogitat

1842 1423 2068 1522 corde
2091 1444 2185 1482 suo
2211 1430 2479 1502 diligenter
2498 1437 2550 1490 in
2575 1437 2712 1492 mala
2735 1457 2767 1492 a
2783 1423 3049 1511 juventute
3083 1423 3233 1518 (Cen.
3264 1423 3325 1505 6:
3345 1453 3426 1522 5).

1843 1512 2033 1571 Vidisti
2059 1523 2328 1588 quomodo
2356 1525 2502 1593 prius
2527 1531 2842 1585 monstravit
2869 1512 3288 1594 malitia-eorum
3319 1512 3430 1596 ma-

1810 1609 1814 1612 ’
1841 1607 2208 1703 gnitudinem,
2240 1622 2294 1668 et
2337 1627 2518 1685 postea
2565 1619 2692 1674 dicit
2719 1639 2731 1675 :
2756 1620 2944 1680 Delebo
2987 1627 3239 1684 hominem
3270 1631 3430 1703 (Ibid.

1843 1715 1890 1753 υ.
1917 1701 2017 1766 7)?
2043 1702 2118 1758 Ita
2154 1713 2210 1759 et
2235 1723 2378 1762 nunc
2406 1727 2418 1761 :
2449 1709 2580 1764 Ecce
2609 1729 2766 1782 genus
2794 1731 2950 1769 unum
2982 1728 3028 1772 et
3058 1721 3248 1776 labium
3270 1701 3432 1779 unum

1843 1796 2091 1864 omnium,
2139 1800 2309 1853 ethoc
2352 1815 2610 1873 coeperunt
2637 1807 2828 1875 facere.
2868 1809 2925 1864 Si
2957 1826 3080 1867 cum
3124 1824 3268 1871 tanta
3305 1835 3434 1873 con-

1843 1886 2048 1954 cordia,
2081 1897 2135 1944 et
2177 1890 2370 1962 linguae
2410 1896 2615 1952 unitate
2663 1897 2714 1952 in
2755 1908 2955 1956 tantam
3000 1904 3302 1964 inciderunt
3345 1915 3432 1965 in-

1843 1981 2046 2035 Sunium
2072 1997 2088 2036 :
2116 1983 2204 2038 ubi
2247 1995 2456 2054 tempus
2502 1993 2847 2058 processerit,
2894 1999 3162 2066 quomodo
3206 2017 3311 2057 non
3337 2003 3434 2058 de-

1845 2073 2041 2168 teriora
2078 2079 2453 2136 attentabunt'!
2478 2083 2601 2140 Non
2641 2089 2903 2144 cessabunt
2944 2093 3086 2147 enim
3126 2096 3190 2149 ab
3232 2097 3294 2151 iis
3321 2114 3437 2168 quia

1845 2165 2172 2224 decreverunt
2197 2176 2367 2242 facere
2391 2190 2410 2228 :
2437 2177 2570 2232 nihil
2597 2195 2782 2238 eorum
2817 2183 3072 2253 impetum
3101 2197 3156 2242 et
3183 2165 3432 2245 ardorem

1846 2262 2048 2317 morari
2071 2267 2287 2336 poterit,
2307 2268 2402 2323 sed
2423 2271 2602 2333 omnia
2624 2290 2743 2343 qua:
2767 2286 3070 2332 statuerunt
3088 2295 3290 2347 secum,
3321 2294 3434 2336 stu-

1844 2352 2046 2411 debunt
2096 2358 2375 2430 perﬁcere,
2425 2364 2478 2417 ni
2527 2366 2706 2421 statim
2756 2383 2855 2438 pro
2893 2373 3175 2429 attentatis
3220 2390 3433 2444 ptenam

1844 2445 2014 2503 luant.
2043 2448 2098 2504 Id
2131 2467 2344 2522 quoque
2389 2456 2624 2513 inveniet
2665 2460 2858 2530 aliquis
2897 2471 2954 2516 et
2994 2463 3061 2519 de
3100 2468 3435 2535 protoplasto

1843 2536 2046 2594 factum
2100 2557 2240 2598 esse.
2269 2543 2552 2615 Ejecturus
2591 2550 2735 2605 enim
2762 2551 2909 2606 illum
2953 2553 3093 2610 Deus
3133 2570 3162 2608 a
3203 2557 3433 2624 paradisi

1845 2631 2080 2688 incolatu
2101 2676 2115 2700 ,
2158 2637 2267 2699 ait,
2303 2639 2430 2706 Quis
2474 2643 2791 2696 annuntiavit
2822 2645 2910 2697 tibi
2938 2647 3071 2714 quod
3096 2648 3261 2701 nudus
3303 2665 3436 2703 esses

1824 2723 2009 2797 .(lbid.
2040 2727 2093 2780 5.
2131 2727 2262 2797 il)?
2289 2729 2356 2783 Et
2385 2729 2576 2786 iterum
2603 2749 2616 2785 :
2649 2732 2783 2789 Ecce
2807 2736 2970 2790 Adam
2999 2740 3164 2808 {actus
3193 2751 3264 2793 est
3290 2743 3435 2811 quasi

1845 2832 1977 2869 unus
1997 2832 2061 2870 ea:
2084 2819 2226 2873 nobis
2253 2836 2271 2874 :
2296 2831 2350 2874 ut
2376 2824 2502 2876 sciat
2535 2822 2723 2877 bonum
2764 2835 2812 2880 et
2841 2827 3052 2882 malum.
3098 2829 3164 2883 Et
3201 2848 3334 2885 nunc
3373 2849 3436 2886 ne

1846 2904 1978 2974 forte
2005 2912 2246 2962 extendat
2273 2927 2481 2964 manum
2510 2929 2678 2980 suam,
2704 2924 2752 2968 et
2791 2917 3008 2988 accipiat
3034 2918 3095 2972 de
3125 2919 3261 2990 ligno
3297 2922 3434 2989 vitis,

1847 3005 1894 3050 et
1919 2999 2169 3065 comedat,
2200 3009 2246 3054 et
2285 3002 2416 3054 vivat
2441 3003 2495 3056 in
2533 3005 2794 3059 saxulum.
2836 3007 2903 3060 Et
2945 3009 3107 3064 emisit
3139 3011 3282 3065 illum
3329 3012 3438 3067 Do-

1845 3093 2016 3147 minus
2040 3095 2102 3148 de
2119 3096 2357 3166 paradiso
2381 3095 2429 3168 (Ι
2437 3098 2542 3152 bid.
2565 3115 2615 3153 υ.
2632 3099 2722 3154 22.
2743 3101 2858 3172 25).
2881 3102 3052 3157 Etiam
3071 3121 3212 3160 nunc
3229 3106 3399 3177 inquit
3418 3107 3442 3161 .’

1846 3185 1978 3240 Ecce
2003 3205 2161 3258 genus
2193 3207 2348 3243 unum
2375 3201 2420 3244 et
2451 3191 2640 3246 labium
2665 3211 2824 3248 unum
2854 3197 3100 3263 omnium,
3131 3209 3175 3253 et
3204 3199 3299 3254 hoc
3327 3218 3433 3256 cae-

1847 3290 2030 3349 perunt
2057 3283 2224 3350 facere
2255 3299 2273 3337 :
2300 3293 2346 3336 et
2375 3300 2511 3336 nunc
2539 3302 2640 3339 non
2666 3287 2929 3342 cessabunt
2953 3290 3016 3343 ab
3041 3291 3103 3344 iis
3131 3309 3244 3362 qua:
3268 3295 3439 3348 decre-

1847 3381 2020 3423 verunt
2046 3375 2236 3442 facere.
2268 3374 2323 3427 7.
2359 3373 2564 3442 Venite,
2596 3387 2640 3430 et
2671 3377 3026 3435 descendentes
3065 3385 3437 3454 confundanius

1845 3461 2052 3516 illorum
2065 3463 2287 3535 linguas,
2310 3475 2362 3518 ut
2379 3483 2443 3519 ne
2457 3467 2633 3520 audiat
2649 3471 2989 3542 unusquisque
3001 3488 3170 3527 vocem
3191 3476 3432 3544 proximi.

1848 3553 1981 3611 Vide
2021 3555 2213 3611 iterum
2247 3559 2533 3613 verborum
2561 3570 2969 3631 attemperatam
3015 3569 3298 3622 rationem.
3338 3566 3438 3623 Ve-

1847 3647 1968 3712 nite,
1997 3647 2200 3717 inquit,
2227 3657 2274 3701 et
2313 3648 2690 3704 descendentes.
2723 3651 2859 3720 Quid
2901 3655 3089 3710 volunt
3125 3656 3226 3711 sibi
3275 3658 3436 3713 verba

1848 3735 1964 3792 luuc
1988 3738 2012 3792 ?
2036 3737 2252 3809 Opusne
2281 3739 2442 3796 habet
2469 3745 2847 3812 cooperatione
2877 3746 3133 3802 Dominus
3153 3747 3220 3803 ad
3252 3763 3436 3805 corre-

1847 3831 2079 3886 ctionem
2099 3832 2122 3885 ?
2143 3848 2210 3886 an
2231 3833 2467 3888 subsidio
2483 3835 2548 3888 ad
2564 3836 2770 3890 illorum
2789 3838 3204 3894 destructionem
3222 3842 3246 3896 ?
3262 3843 3434 3899 Absit.

1847 3920 1952 3976 Sed
1995 3925 2132 3977 sicut
2168 3923 2277 3992 jam
2322 3926 2456 3980 dixit
2493 3926 2804 3996 Scriptura:
2834 3927 3107 3984 Descendit
3133 3930 3383 3988 Dominus
3411 3950 3432 3990 :

1847 4010 2048 4068 docens
2079 4029 2176 4070 nos
2204 4031 2299 4085 per
2325 4015 2427 4072 hoc
2445 4033 2505 4073 se
2524 4018 2800 4073 evidenter
2827 4020 3042 4076 malitia:
3079 4021 3292 4078 illorum
3323 4041 3437 4080 ma-

1849 4107 2185 4176 gnitudinem
2206 4109 2404 4164 vidisse
2427 4127 2441 4164 :
2467 4111 2537 4164 ita
2559 4121 2611 4164 et
2634 4109 2721 4164 hic
2740 4111 2868 4166 dicit
2892 4129 2905 4164 :
2941 4111 3132 4178 Venite,
3158 4128 3204 4169 et
3228 4116 3437 4172 descen-

1849 4202 2042 4259 dentes.
2085 4202 2292 4257 Dictum
2324 4203 2465 4258 haud
2492 4204 2652 4260 dubie
2678 4215 2760 4260 est
2793 4221 2888 4260 ceu
2918 4207 2984 4261 ad
3021 4207 3223 4264 honore
3260 4225 3434 4279 pares.

1867 4295 2055 4361 Venite,
2105 4297 2295 4365 inquit,
2337 4307 2384 4351 et
2419 4296 2774 4352 descendentes
2817 4299 3189 4370 confundamns
3234 4303 3438 4359 illorum

1853 4387 2074 4458 linguas,
2094 4399 2147 4440 ut
2169 4405 2230 4440 ne
2246 4389 2421 4442 audiat
2443 4391 2783 4460 unusquisque
2799 4407 2966 4444 vocem
2981 4392 3219 4461 proximi.
3244 4393 3436 4462 Quem-

1851 4478 2173 4543 admodum,
2230 4479 2432 4550 inquit,
2477 4480 2692 4550 cippum
2742 4481 3026 4551 quemdam
3081 4495 3434 4553 perpetumu,

1855 4571 2019 4624 talem
2075 4569 2182 4624 illis
2222 4579 2399 4624 statuo
2429 4586 2639 4641 pinnam
2674 4573 2819 4626 omni
2862 4573 3060 4628 szeculo
3104 4573 3438 4643 duraturam,

1853 4672 1911 4716 ut
1942 4661 2089 4715 nullo
2119 4671 2362 4731 tempore
2387 4662 2502 4717 haec
2529 4662 2932 4718 obliviscantur.
2957 4663 3091 4718 Nam
3137 4667 3257 4734 quia
3290 4670 3438 4722 abusi

1851 4764 1978 4810 sunt
2001 4754 2150 4810 vocis
2171 4753 2455 4810 concordia
2476 4797 2490 4821 ,
2528 4755 2648 4810 ideo
2670 4758 2817 4811 vocis
2846 4756 3156 4811 diversitate
3193 4759 3442 4827 castigari

1854 4862 1950 4902 eos
1975 4845 2119 4901 volo.
2152 4845 2242 4900 Sic
2267 4847 2409 4900 enim
2436 4845 2631 4916 ubique
2657 4842 2831 4901 facere
2853 4847 3130 4902 consuevit
3160 4848 3436 4905 Dominus.

1855 4937 1970 4992 lloc
1988 4937 2056 4992 ab
2087 4936 2237 4990 initio
2264 4937 2404 4991 circa
2434 4937 2714 4990 mulierem
2737 4936 2932 4990 facttun
2958 4946 3042 4990 est
3070 4955 3083 4990 :
3113 4938 3434 4995 abutebatur

1855 5031 1944 5085 illa
1973 5031 2179 5087 honore
2203 5047 2482 5096 concesso,
2516 5030 2657 5085 unde
2684 5030 2913 5099 subjecit
2938 5045 3054 5085 eam
3087 5031 3223 5086 vim.
3257 5033 3322 5087 Et
3358 5035 3439 5090 si-

1855 5123 2057 5178 militer
2099 5123 2230 5178 Adae
2270 5122 2533 5192 contigit:
2567 5121 2690 5192 quia
2734 5121 2875 5176 enim
2917 5136 2983 5175 ex
3016 5121 3179 5175 multa
3219 5140 3440 5195 prOSpe-

1858 5219 2033 5287 ritate,
2067 5217 2404 5286 paradisique
2423 5215 2654 5269 incolatu
2682 5213 2814 5268 nihil
2845 5213 2975 5268 lucri
3004 5214 3151 5282 fecit,
3180 5217 3274 5273 sed
3307 5234 3442 5287 pra:-

1848 5285 2146 5363 ovarieando
2173 5285 2344 5376 paena:
2374 5305 2639 5360 obnoxius
2665 5313 2748 5360 est
2793 5303 2992 5370 lactus,
3042 5305 3199 5376 ejecit
3222 5285 3344 5363 eum
3374 5326 3440 5367 ex

1857 5399 2136 5469 paradiso:
2169 5409 2223 5452 et
2248 5412 2458 5465 pinnam
2484 5396 2534 5450 ei
2573 5404 2882 5464 perpetuam
2925 5395 3177 5464 injunxit,
3205 5398 3390 5453 dicens
3425 5418 3440 5456 :

1859 5489 2049 5559 Spinas
2089 5499 2134 5541 et
2177 5488 2385 5540 tribulos
2424 5485 2722 5556 germinabit
2760 5485 2850 5538 tibi
2876 5496 3008 5539 terra
3034 5485 3188 5556 (Gen.
3225 5490 3280 5544 5.
3325 5491 3437 5560 l8).

1858 5582 2058 5636 Horum
2083 5594 2296 5650 quoque
2331 5578 2544 5633 malitia:
2590 5592 2825 5642 cursum,
2856 5578 2976 5644 quia
3015 5579 3219 5633 unitate
3249 5579 3440 5650 linguae

1860 5671 2127 5736 honorati,
2155 5669 2358 5724 honore
2405 5682 2665 5722 concesso
2709 5667 2762 5720 in
2805 5665 3001 5720 malum
3047 5666 3439 5738 abutebantur,

1859 5768 1999 5820 Deus
2027 5782 2121 5836 per
2157 5765 2451 5834 linguarum
2483 5763 2792 5817 varietatem
2831 5761 3088 5814 cohibuit.
3119 5758 3187 5812 Et
3217 5769 3435 5830 confun-

1859 5862 2056 5929 dumus,
2108 5857 2296 5928 tnqnit,
2340 5855 2543 5910 illorum
2589 5854 2835 5925 tinguant,
2882 5862 3022 5907 utne
3062 5852 3236 5906 audiat
3285 5861 3446 5901 unus-
