4062 6396
640 373 747 428 ‘279

636 498 843 564 quisque
867 506 1034 545 vorem
1064 488 1281 558 proximi
1305 503 1323 541 :
1352 496 1411 541 ut
1441 487 1580 540 sicut
1610 486 1802 554 lingua:
1833 484 2011 537 unitas
2035 491 2224 537 conlu-

642 585 883 639 hernium
932 580 1074 645 fecit,
1103 580 1175 633 ita
1205 579 1400 647 linguae
1437 576 1721 631 diversitas
1754 575 2045 643 dispergat.
2091 573 2221 626 Nam

639 675 834 740 quibus
866 686 969 725 non
990 680 1073 725 est
1097 669 1235 723 idem
1259 682 1438 721 sermo
1456 674 1510 720 et
1542 666 1739 735 lingua,
1772 664 2040 733 quomodo
2066 661 2223 716 simul

646 765 885 819 habitare
907 761 1235 832 possunt?8.
1262 760 1325 813 Et
1350 759 1583 828 dispersit
1606 756 1745 821 illos,
1768 756 1956 823 inquit,
1982 753 2225 807 Dominus

642 856 779 909 Deus
801 854 861 906 ab
884 854 976 907 illo
1006 853 1117 907 loco
1134 868 1287 921 super
1308 850 1489 921 faciem
1519 849 1763 901 universis
1790 857 1957 909 terrae,
1986 854 2033 898 et
2055 860 2225 897 cessa-

640 956 815 998 verunt
842 944 1152 1012 aediﬁcantes
1181 943 1430 995 civitatem
1471 950 1516 993 et
1554 939 1752 991 turrim.
1784 936 2076 991 Considera
2120 936 2225 989 Do-

641 1038 769 1092 mini
804 1036 1249 1101 misericordiam,
1280 1035 1331 1088 in
1362 1042 1613 1103 quantam
1640 1030 1802 1084 animi
1833 1028 2223 1083 lia-sitationem

640 1131 786 1197 ipsos
826 1128 1052 1196 impulit.
1089 1126 1405 1181 Amentibus
1453 1124 1596 1179 enim
1642 1132 1821 1192 postea
1863 1121 2069 1176 similes
2115 1119 2229 1175 foe:

640 1234 784 1276 runt.
819 1223 885 1276 Et
913 1223 1000 1276 ille
1043 1221 1255 1289 quidem
1301 1219 1596 1286 imperabat
1624 1217 1746 1280 hoc,
1777 1226 1831 1269 et
1873 1216 2010 1270 alius
2034 1226 2228 1283 suppe-

640 1315 844 1369 ditabat
869 1314 1007 1368 aliud
1033 1330 1047 1380 ;
1073 1313 1379 1381 inutilisque
1404 1311 1500 1364 fuit
1529 1314 1705 1364 omnis
1734 1309 1945 1362 illorum
1969 1316 2224 1361 conatus:

643 1408 763 1461 ideo
797 1407 1128 1461 Cessaverunt
1173 1406 1431 1473 ardiﬁcare
1469 1403 1718 1457 civitatem
1744 1410 1791 1454 et
1829 1400 2030 1454 turrim.
2074 1398 2129 1453 9.
2163 1396 2229 1450 Et

641 1500 833 1553 idcirco
853 1510 1083 1550 vocatum
1128 1506 1200 1551 est
1232 1512 1411 1549 nomen
1450 1493 1611 1558 illius,
1652 1491 1896 1564 Confusio
1917 1532 1933 1556 ,
1959 1491 2077 1561 quia
2119 1489 2227 1542 illic

639 1590 870 1659 confudit
895 1588 1146 1641 Dominus
1195 1587 1331 1640 Deus
1360 1586 1494 1639 labia
1528 1586 1693 1638 omnis
1717 1592 1865 1637 terra:
1887 1598 1905 1637 :
1929 1591 1975 1635 et
2006 1582 2121 1635 hinc
2148 1581 2229 1633 di-

640 1684 821 1751 spersit
866 1684 1002 1751 ipsos
1043 1680 1294 1735 Dominus
1335 1679 1471 1732 Deus
1506 1680 1558 1731 in
1598 1693 1795 1731 omnem
1840 1685 2049 1729 terram.
2098 1673 2229 1727 Vide

639 1787 836 1847 quanta
871 1776 1018 1842 fi:mt,
1050 1786 1108 1829 ut
1138 1772 1393 1828 memoria
1422 1772 1577 1842 hujus
1600 1770 1722 1825 facti
1756 1770 1806 1824 in
1834 1768 2011 1824 omnia
2033 1766 2229 1822 sazcula

643 1862 912 1933 pervadat.
946 1862 1179 1915 Primum
1202 1861 1496 1928 linguarum
1523 1857 1579 1909 fit
1604 1855 1817 1921 divisio,
1844 1856 1952 1907 imo
1972 1862 2097 1907 ante
2127 1852 2229 1907 hoc

643 1955 876 2009 nominis
903 1954 1223 2025 appellatio:
1254 1952 1447 2007 Phalec
1472 1950 1613 2005 enim
1644 1965 1859 2008 nomen.
1889 1949 2029 2018 quod
2053 1946 2229 2002 lleber

649 2049 758 2102 tilio
789 2048 1059 2117 imposuit,
1088 2046 1431 2117 partitionem
1460 2044 1746 2113 signiticat.
1772 2040 1973 2096 Deinde
2006 2040 2106 2094 loci
2129 2055 2229 2108 ap-

643 2137 863 2208 pellatio
893 2155 903 2190 :
926 2135 1167 2208 Confusio
1194 2138 1335 2189 enim
1359 2144 1579 2189 vocatus
1606 2142 1711 2199 est,
1741 2132 1792 2186 id
1819 2131 1961 2202 quod
1990 2130 2226 2201 Babylon

641 2241 817 2284 Sonat.
851 2231 1186 2283 Postremum
1222 2227 1397 2282 lleber
1440 2228 1553 2297 ipse
1598 2225 1795 2279 mansit
1832 2225 1972 2279 idem
2006 2237 2229 2278 servans

647 2321 864 2385 idioma,
891 2320 1032 2389 quod
1075 2329 1129 2373 et
1164 2327 1316 2372 antea
1367 2315 1631 2381 habebat,
1667 2324 1725 2369 ut
1769 2313 2108 2369 manifestum
2149 2314 2229 2367 di—

640 2414 865 2466 visionis
895 2411 1051 2482 hujus
1092 2413 1300 2482 signum
1330 2410 1469 2464 foret
1496 2410 1594 2478 (a).
1631 2408 1821 2463 Vidisti
1869 2423 1961 2479 per
1984 2416 2115 2477 quot
2142 2422 2229 2461 res

643 2502 1001 2558 immortalem
1034 2503 1282 2573 nullaque
1312 2500 1578 2556 oblivione
1604 2499 1886 2554 delendam
1916 2498 2076 2568 hujus
2105 2497 2229 2553 facti

642 2596 955 2649 memoriam
1000 2596 1201 2648 servari
1254 2593 1515 2647 voluerit?
1558 2591 1690 2646 llinc
1737 2591 1880 2646 enim
1927 2599 2079 2660 pater
2122 2589 2231 2644 filio

647 2697 829 2755 postea
858 2687 1147 2757 cogebatur
1184 2686 1364 2739 dicere
1392 2699 1607 2739 causam
1656 2693 1761 2737 tam
1791 2682 2023 2738 diversa:
2061 2683 2225 2736 vocis.

648 2778 712 2832 Et
743 2794 877 2848 puer
898 2793 927 2831 a
961 2787 1110 2847 patre
1134 2776 1407 2847 quaerebat
1438 2790 1605 2844 quare
1639 2774 1718 2828 sic
1746 2773 1895 2827 locus
1933 2773 2022 2827 ille
2048 2772 2247 2842 appel-'

644 2871 845 2924 laretur
872 2888 884 2923 :
916 2868 1033 2923 ideo
1058 2882 1287 2936 namque
1309 2866 1545 2937 Babylon
1572 2863 1748 2919 dictus
1770 2873 1853 2918 est
1877 2863 2061 2929 locus;
2087 2862 2229 2934 quod

640 2972 723 3016 est
744 2960 985 3015 confusio
1002 3002 1014 3024 ,
1044 2960 1182 3030 quod
1207 2958 1312 3013 illic
1340 2959 1595 3012 Dominus
1618 2957 1756 3012 Deus
1772 2956 2071 3011 confuderit
2090 2957 2228 3011 labia

649 3054 911 3109 universa:
940 3064 1114 3119 terrae,
1145 3062 1198 3107 et
1228 3052 1295 3106 ab
1322 3052 1411 3105 illo
1443 3052 1561 3105 loco
1588 3051 1900 3119 disperserit
1927 3049 2065 3104 illos.
2095 3049 2226 3104 Nam

642 3156 927 3215 utrumque
959 3144 1059 3199 loci
1087 3143 1371 3213 appellatio
1401 3143 1529 3197 mihi
1559 3141 1864 3212 significare
1895 3141 2141 3203 videtur.
2175 3151 2230 3196 et

643 3236 786 3305 quod
807 3237 1010 3305 linguas
1023 3234 1342 3298 confuderit,
1362 3242 1415 3287 et
1432 3232 1571 3304 quod
1596 3233 1716 3287 inde
1730 3231 1993 3302 dispersio
2011 3241 2124 3286 orta
2138 3233 2227 3286 sit.

712 3330 764 3381 5.
796 3328 1103 3388 AudiviStis,
1134 3327 1335 3393 dilecti,
1368 3326 1507 3381 unde
1540 3326 1664 3397 ipsis
1691 3324 2037 3395 dispersionis
2059 3328 2231 3381 varie-

643 3420 870 3487 tatisque
898 3418 1193 3487 linguarum
1215 3426 1329 3471 orta
1352 3417 1421 3470 sit
1446 3432 1621 3472 causa.
1646 3410 1954 3486 Fugiamus,
1977 3417 2227 3483 obsecro,

647 3523 715 3564 ne
746 3510 842 3561 hos
875 3508 1179 3562 imitemur:
1214 3517 1266 3560 et
1292 3506 1487 3576 iisquae
1512 3507 1665 3561 nobis
1692 3507 1833 3561 Deus
1859 3509 2124 3561 conceSsit
2164 3524 2231 3564 ne

645 3600 926 3655 abutamur
956 3616 972 3655 :
1002 3614 1064 3654 ac
1095 3608 1335 3653 naturam
1382 3597 1667 3651 humanam
1698 3597 2123 3665 considerantes,
2167 3615 2228 3653 ea

646 3693 1011 3746 consultemus
1050 3709 1167 3761 quae
1199 3693 1450 3746 mortales
1490 3691 1733 3746 homines
1760 3690 1985 3746 deceant
2016 3710 2029 3746 :
2059 3701 2113 3747 et
2140 3708 2230 3746 eo-

643 3788 874 3855 gitantes
927 3786 1205 3855 pra‘sentis
1241 3786 1365 3841 vita:
1414 3784 1772 3854 fragilitatem,
1798 3800 1861 3839 ac
1886 3802 2048 3855 quam
2070 3786 2231 3840 breve

643 3872 711 3925 sit
744 3880 952 3940 tempus
988 3873 1109 3925 vita:
1134 3882 1350 3933 nostrte,
1400 3872 1619 3925 multam
1670 3886 1766 3940 per
1792 3869 2053 3924 bonorum
2098 3886 2230 3940 ope-

642 3976 760 4017 rum
788 3962 1098 4016 exercitium
1124 3962 1371 4016 fiduciam
1400 3960 1788 4016 recondamus:
1830 3968 1886 4014 et
1927 3976 2032 4014 non
2058 3960 2228 4015 Solum

646 4070 741 4124 per
770 4054 867 4108 hos
896 4055 1011 4109 dies
1054 4069 1327 4108 servemus
1376 4053 1563 4123 jejunii
1611 4051 1898 4117 fervorem,
1931 4052 2022 4107 sed
2069 4052 2229 4107 etiam

643 4148 1005 4219 cleemosyna:
1044 4148 1339 4217 largitatem
1379 4156 1434 4202 et
1481 4162 1695 4216 precum
1726 4145 2110 4200 assiduitatem.
2135 4145 2229 4200 Et-

645 4241 788 4293 enim
816 4239 1018 4309 jejunio
1045 4254 1232 4308 preces
1257 4253 1471 4308 semper
1497 4238 1810 4309 conjunctas
1849 4253 1968 4293 esse
1998 4246 2225 4307 oportet.

645 4331 715 4386 Et
743 4332 883 4401 quod
914 4332 1015 4387 hoc
1052 4348 1236 4387 verum
1287 4332 1376 4398 sit,
1431 4332 1551 4385 audi
1591 4331 1862 4386 Christum
1918 4330 2225 4386 dicentem:

649 4423 760 4477 Hoc
788 4441 942 4494 genus
968 4424 1329 4477 daemoniorum
1351 4440 1451 4477 non
1482 4423 1733 4493 egreditur
1758 4423 1856 4477 nisi
1876 4425 1927 4476 in
1948 4423 2234 4492 precatione

642 4527 690 4568 et
709 4516 905 4587 jejunio
927 4514 1139 4588 (Matth.
1170 4514 1257 4571 17.
1288 4514 1400 4587 20).
1426 4514 1493 4569 Ει
1519 4516 1706 4570 iterum
1735 4516 1801 4569 de
1816 4515 2070 4585 apostolis
2096 4514 2231 4568 diei-

648 4616 737 4661 tur
769 4626 782 4661 :
814 4604 953 4659 Nam
980 4622 1096 4660 cum
1116 4616 1364 4673 orassent,
1397 4607 1585 4676 inquit,
1619 4617 1666 4660 et
1706 4608 2045 4678 jejunassent,
2092 4624 2231 4661 com-

649 4698 1014 4751 mendaverunt
1049 4713 1135 4752 eos
1180 4695 1424 4761 Domino,
1469 4698 1521 4750 in
1547 4714 1694 4767 quem
1732 4700 2050 4752 crediderant
2093 4698 2229 4769 (Act.

654 4790 740 4843 M.
771 4786 884 4861 22).
920 4788 986 4843 Et
1006 4790 1193 4843 iterum
1215 4786 1383 4857 inquit
1407 4788 1693 4857 Apostolus
1724 4805 1737 4842 :
1771 4787 1853 4842 Ne
1879 4788 2125 4856 fraudetis
2154 4788 2227 4841 in.

644 4886 817 4949 vicem,
852 4885 948 4937 nisi
972 4883 1326 4953 inprecatione
1343 4890 1391 4936 et
1410 4882 1602 4950 ieiunio
1624 4882 1699 4953 (l.
1723 4881 1840 4937 Cor.
1864 4882 1915 4935 7.
1940 4881 2015 4952 5).
2047 4880 2232 4935 Vidisti

650 4975 915 5044 quomodo
934 4976 1197 5045 jejunium
1227 4975 1329 5030 hoc
1346 4974 1585 5030 subsidio
1612 4973 1879 5044 indigeat?
1911 4972 2059 5027 Tunc
2089 4974 2231 5028 enim

653 5067 983 5135 potissimum
1016 5080 1202 5136 preces
1235 5080 1356 5120 cum
1386 5065 1680 5120 attentione
1711 5064 1864 5130 fiunt,
1900 5079 2017 5117 cum
2071 5079 2236 5133 expe-

653 5158 815 5210 ditior
838 5167 920 5211 est
968 5174 1118 5211 mens
1148 5166 1353 5222 nostra,
1396 5171 1567 5227 neque
1593 5166 1827 5226 gravata,
1870 5172 2042 5225 neque
2088 5155 2231 5209 malo

652 5248 961 5304 deliciarum
983 5265 1147 5305 onere
1170 5264 1348 5320 pressa
1377 5249 1551 5304 fuerit.
1584 5248 1768 5320 Magna
1794 5263 1939 5301 arma
1958 5258 2080 5301 sunt
2112 5263 2236 5317 pre.

715 5446 788 5505 (a)
822 5446 873 5495 Id
898 5447 1025 5510 quod
1050 5447 1127 5518 hic
1150 5450 1217 5496 ait
1237 5448 1622 5511 Chrysostomus,
1660 5447 1904 5497 Heberum
1930 5462 2111 5522 nempe
2135 5450 2234 5556 pri-

715 5523 776 5556 Im
799 5521 1020 5556 servasse
1037 5508 1315 5556 dialectum.
1334 5510 1530 5556 qualem
1548 5511 1760 5556 Adamus
1777 5508 2083 5556 louuebatur-
2100 5510 2129 5556 ιι
2154 5510 2233 5556 nd.

644 5522 776 5579 scam
799 5508 1020 5580 servasse
1037 5508 1315 5580 dia-legum,
1332 5508 1534 5580 qualem
1548 5511 1760 5580 Adamus
1777 5508 2083 5572 loquebatur,
2100 5508 2233 5567 illud,

645 5574 866 5634 inquam,
891 5571 1076 5634 aliquot
1097 5571 1457 5621 diﬂicultalibus
1491 5574 1755 5621 obnoxium
1790 5571 1868 5621 est
1892 5586 1905 5620 :
1932 5586 2041 5621 nam
2074 5583 2235 5621 utrum

646 5586 866 5680 intutam,
891 5586 1076 5634 anquet
1097 5586 1457 5621 uuncuttauuus
1491 5586 1755 5621 onnonum
1790 5586 1868 5621 es't
1892 5586 1905 5620 :
1932 5586 2041 5621 nam
2074 5586 2235 5621 utrum

646 5639 717 5680 tte
756 5646 811 5679 er
831 5635 1031 5693 priscam
1058 5633 1266 5693 linguam
1290 5635 1579 5689 servaverit,
1606 5647 1699 5683 non
1727 5635 1789 5683 ita
1814 5644 2000 5682 certum
2024 5636 2235 5683 estius-

645 5702 849 5756 putatur,
865 5702 1028 5743 autem
1052 5701 1158 5743 utra
1181 5694 1419 5743 dialeetus
1439 5697 1725 5756 primigenia
1747 5695 1921 5754 fuerit,
1937 5697 2235 5745 ltebraicaue

647 5768 705 5804 an
743 5754 1017 5815 Chaldaica;
1054 5770 1140 5820 pro
1172 5765 1379 5817 utraque
1410 5754 1636 5820 opinione
1667 5764 1797 5808 stant
1829 5771 1925 5807 nou
1958 5758 2234 5820 spernenda

645 5826 950 5879 argumenta,
975 5832 1083 5881 qua:
1108 5818 1301 5881 longius
1324 5826 1457 5870 esset
1483 5818 1693 5869 referre.

1361 369 1420 425 S.
1460 367 1736 423 JOANNIS
1764 363 2241 423 CHRYSOSTOMI
2275 364 2592 423 ARCHIEP.
2631 366 3170 427 CONSTANTINOP.

3813 381 3929 439 280

2334 496 2446 547 ces,
2492 497 2679 551 magna
2723 485 3011 551 securitas,
3061 502 3284 555 magnus
3330 487 3643 557 thesaurus,
3696 510 3930 566 magnus

2336 584 2541 643 portus,
2568 576 2859 630 tutissimus
2888 578 3038 633 locus
3068 597 3083 632 :
3125 580 3286 633 modo
3311 582 3473 636 sobrii
3504 595 3557 639 et
3585 587 3774 656 vigiles
3806 591 3922 643 Πυ-

2334 664 2535 717 tninum
2566 664 2841 730 adeamus,
2886 678 3064 724 mente
3086 678 3267 724 nostra
3289 672 3519 741 undique
3544 677 3788 741 collecta.
3813 679 3927 733 ini-

2334 754 2581 825 micaque
2611 765 2807 811 nostrte
2834 759 3021 813 salutis
3069 761 3217 815 nullo
3265 761 3409 817 aditu
3454 768 3736 834 permisso.
3784 768 3926 823 Cum

2334 844 2469 897 sciat
2498 844 2640 898 enim
2668 845 2914 901 inimicus
2944 858 3143 912 noster,
3169 866 3267 905 nos
3296 867 3390 921 per
3419 863 3627 922 tempus
3654 858 3780 911 illud
3803 874 3927 928 pos-

2333 951 2392 992 se
2434 937 2503 992 de
2533 938 2596 991 iis
2621 955 2737 1008 qua:
2766 940 2833 993 ad
2880 950 3115 996 nostram
3147 944 3371 998 salutem
3398 948 3624 1003 attinent
3658 951 3798 1020 loqui
3819 993 3833 1014 ,
3869 962 3928 1005 et

2334 1039 2546 1098 peccata
2568 1030 2829 1097 confiteri,
2855 1041 2910 1087 et
2926 1035 3141 1089 vulnera
3171 1036 3377 1091 medico
3402 1041 3706 1105 ostendere,
3749 1054 3801 1096 et
3829 1060 3918 1097 sa-

2334 1122 2553 1177 nitatem
2597 1125 2849 1192 consequi
2883 1143 2894 1177 :
2926 1125 3046 1180 ideo
3096 1128 3325 1183 maxime
3368 1140 3492 1184 tunc
3519 1133 3748 1193 obsistit.
3801 1150 3927 1189 om-

2332 1212 2524 1284 niaque
2554 1212 2679 1269 facit
2707 1224 2763 1269 et
2792 1225 3003 1279 tractat,
3036 1226 3093 1271 ut
3134 1234 3231 1271 nos
3284 1221 3585 1289 supplantet
3606 1266 3620 1288 ,
3651 1224 3927 1295 negligen-

2335 1311 2519 1373 tesque
2539 1303 2744 1358 reddat.
2772 1305 3002 1361 Proinde
3026 1307 3323 1377 vigilemus,
3342 1310 3587 1377 obsecro,
3613 1323 3665 1368 et
3688 1315 3927 1371 seientes

2334 1396 2477 1453 illius
2509 1398 2747 1464 insidias,
2777 1400 3007 1454 maxime
3026 1411 3268 1472 tempore
3296 1403 3385 1458 illo
3405 1419 3623 1474 operam
3650 1407 3845 1461 demus
3868 1421 3930 1461 ιιι

2334 1488 2483 1557 quasi
2518 1498 2832 1557 prmsentem
2860 1490 3010 1545 illum
3041 1502 3165 1547 ante
3192 1494 3377 1548 oculos
3404 1505 3633 1551 stantem
3680 1498 3931 1553 Videlllt‘s

2334 1594 2722 1650 oppugnemus,
2755 1591 2807 1636 et
2829 1584 3202 1652 cogitationem
3230 1601 3466 1651 omnem,
3488 1605 3605 1658 qum
3636 1605 3733 1643 nos
3756 1591 3929 1644 inter-

2335 1672 2551 1728 turbare
2579 1675 2763 1742 possit,
2794 1676 3113 1744 repellamus
3142 1695 3157 1732 :
3191 1679 3392 1747 totique
3415 1680 3644 1735 nitamur
3665 1684 3835 1736 Deum
3868 1694 3932 1737 ut

2334 1761 2489 1818 decet
2510 1764 2727 1833 alloqui,
2746 1775 2805 1819 ut
2834 1782 2939 1820 non
2963 1768 3138 1823 solum
3167 1768 3348 1834 verba,
3379 1770 3472 1825 sed
3493 1781 3712 1827 etmens
3742 1775 3931 1828 verbo.

2335 1871 2451 1911 rum
2481 1871 2663 1912 comes
2684 1858 2749 1913 ad
2782 1860 2949 1915 Deum
2974 1862 3249 1917 accedant.
3277 1863 3406 1918 Nam
3433 1865 3476 1920 si
3505 1866 3679 1935 lingua
3705 1869 3930 1937 quidem

2336 1946 2571 2016 proferat
2613 1948 2798 2013 verba,
2832 1965 2984 2005 mens
3012 1961 3190 2006 autem
3221 1953 3351 2008 foris
3377 1966 3649 2024 evagetur,
3677 1973 3800 2025 qua:
3824 1960 3931 2011 do-

2336 2038 2407 2092 tni
2437 2048 2559 2092 sunt
2584 2038 2848 2105 lustrans,
2875 2050 2929 2095 et
2959 2041 3255 2112 imaginans
3291 2059 3411 2114 qua:
3451 2045 3501 2098 in
3533 2046 3650 2100 foro
3668 2058 3927 2116 aguntur,

2335 2132 2481 2187 nulla
2511 2132 2665 2187 nobis
2687 2132 2886 2188 utilitas
2909 2144 3011 2201 est,
3031 2135 3271 2191 fortassis
3298 2145 3474 2192 autem
3496 2147 3551 2194 et
3592 2139 3769 2208 major
3794 2155 3932 2195 cou-

2333 2223 2621 2278 demnatio.
2681 2223 2967 2279 Enimvero
3011 2226 3058 2280 si
3109 2240 3229 2281 cmn
3265 2228 3510 2281 homines
3539 2229 3783 2294 adimus,
3819 2241 3927 2284 tam

2333 2315 2571 2370 studiose
2596 2314 2644 2369 id
2663 2316 2888 2382 agimus,
2923 2325 2978 2370 ut
2998 2332 3162 2386 prepe
3188 2326 3391 2373 stantes
3416 2332 3792 2389 saepenumero
3815 2337 3923 2374 non

2335 2405 2631 2473 videamus,
2679 2407 2772 2462 sed
2804 2407 3105 2477 colligimus
3130 2419 3394 2475 mentem,
3426 2419 3482 2463 et
3503 2410 3571 2463 ad
3596 2426 3718 2464 eum
3750 2411 3926 2465 ευΙυιιι

2333 2507 2637 2566 spectamus
2672 2496 2738 2550 ad
2782 2513 2939 2567 quem
2970 2498 3274 2553 accedimus
3307 2510 3543 2568 :quanto
3572 2499 3743 2569 magis
3785 2500 3927 2569 apud

2335 2586 2503 2641 Deum
2536 2587 2676 2641 idem
2713 2587 2887 2641 lacere
2917 2596 3163 2656 oportet,
3196 2598 3250 2643 et
3274 2588 3470 2659 iugiter
3499 2590 3751 2658 precibus
3796 2592 3925 2645 insi-

2333 2679 2515 2735 stere?
2536 2680 2759 2750 Propter
2777 2680 2879 2734 hoc
2902 2689 2957 2734 et
2984 2680 3179 2736 Paulus
3199 2681 3440 2736 scribens
3465 2682 3675 2737 dicebat
3704 2702 3719 2735 :
3751 2683 3925 2737 Oran-

2333 2781 2405 2826 tes
2434 2772 2487 2825 in
2512 2773 2651 2825 omni
2682 2783 2931 2843 tempore,
2971 2782 3112 2827 orate
3147 2784 3193 2827 et
3222 2774 3275 2826 in
3304 2774 3486 2842 spiritu
3514 2773 3675 2845 (Eph.
3703 2774 3761 2829 6.
3799 2776 3888 2845 18)
3913 2794 3926 2829 :

2335 2879 2441 2919 non
2470 2865 2647 2935 lingua
2679 2874 2903 2932 tantum,
2932 2873 3130 2921 etcum
3154 2878 3434 2937 perpetua,
3466 2868 3659 2939 inquit,
3689 2870 3925 2939 vigilan—

2335 2958 2427 3023 tia,
2457 2957 2549 3011 sed
2577 2954 2644 3009 Et
2665 2957 2717 3010 in
2761 2957 2961 3027 spiritu.
2992 2957 3310 3027 Spirituales
3346 2960 3486 3015 enim
3510 3001 3526 3026 ,
3579 2960 3772 3031 inquit,
3822 2962 3930 3016 sint

2334 3057 2525 3103 vestrae
2556 3049 2859 3118 petitiones,
2889 3051 3066 3105 sobria
3095 3051 3163 3106 sit
3219 3052 3377 3117 ratio,
3411 3062 3465 3107 et
3490 3053 3555 3107 iis
3584 3070 3702 3124 qua:
3733 3056 3929 3109 dicun-

2335 3149 2423 3194 tur
2451 3155 2601 3194 mens
2629 3141 2886 3195 attendat.
2919 3141 3067 3196 Talia
3099 3143 3280 3213 petite,
3304 3144 3479 3214 qualia
3507 3160 3539 3199 a
3590 3146 3697 3199 Deo
3739 3157 3930 3217 petere

2334 3233 2604 3299 convenit,
2658 3242 2714 3287 ut
2739 3242 2788 3287 et
2812 3233 2976 3303 petita
3003 3235 3288 3290 obtineatis
3320 3253 3334 3289 :
3364 3247 3417 3291 et
3455 3239 3505 3290 in
3550 3237 3678 3291 illud
3719 3239 3931 3293 incum-

2335 3324 2543 3391 bentes,
2573 3332 2628 3379 et
2674 3326 2767 3378 toti
2803 3326 3178 3397 expergefacti,
3207 3327 3371 3381 sobrii
3418 3338 3472 3382 et
3499 3338 3674 3382 mente
3712 3332 3928 3401 vigiles,

2335 3434 2441 3472 non
2470 3419 2778 3485 oscitantes,
2809 3435 2907 3473 nec
2938 3434 3032 3472 vos
3064 3419 3333 3486 fricantes,
3377 3431 3430 3474 et
3458 3422 3580 3475 hinc
3620 3422 3745 3477 inde
3772 3439 3931 3478 men-

2337 3521 2442 3565 tem
2477 3520 2785 3564 vertentes:
2838 3510 2931 3565 sed
2959 3527 3078 3564 eum
3123 3512 3313 3567 timore
3341 3522 3394 3566 et
3425 3522 3657 3567 tremore
3696 3514 3928 3568 salutem

2336 3612 2568 3656 vestram
2600 3601 2912 3671 operemini.
2944 3599 3131 3654 Beatus
3159 3602 3323 3663 enim,
3354 3602 3542 3670 inquit,
3586 3602 3676 3671 qui
3722 3613 3930 3672 propter

2337 3694 2571 3763 pietatem
2598 3694 2769 3746 metuit
2797 3692 2966 3746 omnia
3000 3692 3179 3764 (I’rov.
3209 3692 3299 3748 28.
3328 3693 3437 3765 Η).
3462 3693 3702 3763 Magnum
3727 3696 3928 3749 bunum

2338 3784 2593 3855 precatio.
2613 3783 2743 3837 Nam
2767 3784 2810 3837 si
2834 3784 3036 3837 homini
3064 3784 3184 3853 quis
3208 3785 3431 3854 loquens
3458 3787 3648 3840 virtute
3677 3787 3927 3854 praedito,

2337 3891 2441 3930 non
2469 3891 2686 3945 parvum
2711 3874 2832 3930 inde
2861 3875 3087 3930 fructum
3115 3878 3336 3946 percipit
3359 3895 3375 3932 :
3398 3880 3609 3947 quantis
3640 3878 3798 3933 bonis
3814 3896 3925 3934 non

2338 3968 2541 4023 fruetur
2592 3969 2659 4035 is,
2703 3971 2787 4023 cui
2827 3984 2947 4023 cmn
2989 3971 3099 4024 Deo
3131 3971 3454 4039 colloquium
3502 3970 3699 4026 fuerit?
3742 3971 3930 4028 Oratio

2337 4063 2483 4117 enim
2508 4063 2829 4133 colloquium
2853 4071 2936 4117 est
2977 4077 3097 4115 cmn
3139 4063 3267 4117 Deo.
3300 4063 3451 4131 Quod
3496 4073 3553 4118 ut
3592 4065 3753 4131 scias,
3802 4068 3927 4120 audi

2340 4157 2654 4226 prophetam
2708 4156 2973 4210 dicentem
3003 4172 3016 4208 :
3044 4154 3341 4209 Iucundum
3395 4157 3460 4210 sit
3519 4156 3627 4210 Deo
3672 4158 3929 4229 eloquium

2337 4267 2502 4304 meum
2529 4250 2700 4320 (Psal.
2728 4249 2850 4304 105.
2873 4249 2964 4319 54)
2997 4267 3009 4301 :
3039 4248 3141 4304 hoc
3160 4257 3261 4313 est,
3286 4264 3465 4303 sermo
3494 4249 3930 4318 meusjueuudns

2336 4351 2591 4411 appareat
2622 4341 2749 4395 Deo.
2776 4340 2965 4393 Annon
2988 4341 3129 4394 enim
3149 4349 3402 4409 prmstare
3425 4350 3594 4410 potest
3617 4342 3928 4411 priusquam

2340 4431 2622 4501 petamus?
2649 4430 2846 4485 Verum
2884 4440 3101 4500 pr0pter
3126 4429 3227 4485 huc
3246 4428 3426 4485 differt
3445 4440 3498 4485 et
3523 4443 3820 4501 exspectat,
3876 4444 3933 4486 ut

2337 4524 2674 4578 occasionem
2721 4522 2967 4591 accipiat,
2997 4537 3099 4591 qua
3124 4524 3267 4590 juste
3312 4535 3411 4575 nos
3460 4536 3554 4576 sua
3594 4522 3929 4591 providentia

2338 4612 2527 4683 dignos
2548 4612 2725 4666 faciat.
2747 4611 2871 4667 Sive
2886 4622 3064 4666 autem
3091 4627 3483 4682 consequamur
3506 4612 3648 4682 quod
3675 4615 3926 4682 petimus,

2337 4704 2450 4758 sive
2480 4719 2584 4757 non
2614 4719 3026 4774 consequamur,
3055 4718 3457 4773 perseveremus
3482 4719 3695 4774 semper
3720 4706 3773 4760 in
3804 4722 3935 4761 ora-

2340 4798 2484 4852 tione
2514 4812 2527 4849 :
2563 4806 2618 4852 et
2644 4814 2749 4851 non
2776 4797 2945 4851 solum
2974 4798 3168 4866 gratias
3196 4812 3414 4867 agamus
3442 4798 3484 4852 si
3512 4814 3929 4868 consequamur,

2339 4891 2433 4945 sed
2460 4890 2664 4945 etiamsi
2690 4891 2953 4961 repulsam
2983 4889 3125 4959 passi
3157 4887 3436 4944 fuerimus.
3466 4888 3600 4943 Nam
3637 4890 3931 4961 denegare,

2339 4998 2459 5037 cum
2489 4984 2625 5037 Deus
2653 4982 2784 5049 vult,
2826 4997 2934 5036 non
2962 4982 3137 5037 minus
3166 4991 3249 5037 est
3276 4996 3433 5053 quam
3462 4982 3507 5037 si
3548 4984 3931 5038 concessisset.

2340 5073 2617 5128 Nescimus
2644 5075 2785 5129 enim
2816 5089 2915 5129 nos
2941 5090 3059 5145 quae
3105 5074 3257 5129 nobis
3282 5074 3601 5141 conducant,
3634 5075 3775 5130 sicut
3815 5076 3935 5147 ipse

2340 5167 2507 5221 novit.
2538 5166 2719 5236 Itaque
2745 5167 2857 5221 sive
2884 5168 2991 5222 voti
3020 5177 3315 5236 compotes,
3346 5181 3458 5222 srve
3482 5168 3710 5237 impotes
3740 5168 3932 5233 simus,

2341 5258 2538 5327 gratias
2563 5273 2720 5327 agere
2740 5258 3017 5313 debemus.
3044 5258 3112 5312 Et
3136 5258 3261 5327 quid
3291 5257 3524 5324 miraris,
3552 5260 3597 5313 si
3629 5273 3727 5313 nos
3759 5262 3935 5314 nesci-

2345 5364 2461 5404 mus
2486 5350 2612 5420 quid
2640 5350 2793 5404 nobis
2831 5350 3031 5421 prosit?
3070 5349 3264 5403 Paulus
3288 5390 3303 5414 ,
3351 5348 3470 5403 talis
3504 5358 3560 5403 ct
3610 5358 3789 5404 tantus
3826 5353 3935 5418 vir,

2342 5456 2535 5497 arcana
2570 5442 2755 5496 audire
2798 5442 2988 5511 dignus
3024 5440 3252 5504 habitus,
3304 5439 3581 5509 igni-tabat
3605 5455 3665 5493 se
3702 5456 3765 5494 ea
3808 5458 3935 5511 qua:

2343 5551 2449 5589 non
2489 5536 2849 5604 expediebant
2902 5535 3127 5605 precari.
3175 5534 3306 5587 Nam
3334 5535 3459 5602 quia
3502 5534 3720 5588 videbat
3751 5549 3809 5589 se
3856 5546 3937 5591 tot

2342 5626 2606 5681 molestiis
2648 5626 2809 5695 cingi,
2848 5641 2911 5681 ac
2938 5625 3253 5681 circumdari
3280 5625 3486 5679 crebris
3526 5626 3935 5694 tentationibus,

2343 5717 2531 5771 orabat
2556 5726 2612 5770 ut
2640 5716 2708 5779 ab
2734 5717 2811 5769 eis
2832 5717 3178 5780 liberaretur,
3222 5716 3381 5786 idque
3409 5733 3513 5769 non
3562 5718 3726 5770 semel
3761 5734 3935 5787 neque

2350 5810 2565 5875 iterum,
2621 5809 2713 5864 sed
2744 5817 2797 5864 et
2836 5807 3049 5878 sepius.
3081 5805 3178 5863 Ter
3208 5808 3338 5863 enim
3360 5849 3375 5875 ,
3423 5807 3613 5878 inquit,
3660 5806 3936 5862 Dominum
