4062 6396
51 408 160 464 ⁸279

53 542 84 594 η
121 519 420 592 δμοφωνία
463 520 560 590 τὴν
609 517 920 587 συνοίκησιν
969 512 1274 586 εἰργάζετο,
1322 511 1493 572 οὕτως
1534 509 1568 578 ή
1601 505 1744 558 διαίο

56 628 214 682 ρεσις
257 610 367 679 τῆς
413 611 598 679 φωνῆς
641 609 742 678 τὴν
791 604 1088 674 διασπορὰν
1121 603 1302 663 αὐτοῖς
1334 595 1742 682 κατασκευάσῃ.

57 679 115 752 ὑί
155 701 240 770 μὴ
285 699 390 770 τὴν
428 697 598 767 αὐτὴν
635 695 849 764 ἔχοντες
883 692 1066 762 φωνὴν
1099 690 1191 744 καὶ
1232 686 1484 750 διάλεξιν,
1518 681 1636 745 πῶς
1663 679 1746 770 ,ἂν

55 768 511 854 ἠδύναντο-κατά
553 782 720 836 ταὺτὸ
753 783 956 844 οἰκεῖν;
995 779 1105 832 Καὶ
1139 775 1480 842 διέσπειρεν
1503 768 1744 834 αὐτοὺς,

60 876 222 944 φησι,
251 875 470 942 Κύριος
501 874 533 926 ό
569 870 712 936 Θεὸς
745 867 976 922 ἐκεῖθεν
1002 865 1102 920 ἐπὶ
1160 860 1516 932 προσώπουα
1544 855 1750 922 πάσης

59 965 171 1033 τῆς
218 962 360 1033 τῆς,
399 961 500 1016 καί
537 961 886 1014 ἐπαύσαντο
929 952 1386 1023 οἰκοδομοῦντες
1409 947 1526 1016 τὴν
1569 946 1752 999 πόλιν

61 1054 157 1106 καὶ
201 1053 318 1108 τὸν
370 1051 623 1119 πύργον.
670 1047 814 1116 Ὅρα
859 1042 1129 1097 Δεσπότου
1185 1035 1616 1108 φιλανθρωπίαν,
1670 1034 1750 1096 εἰς

61 1144 194 1212 δσην
231 1140 436 1202 αὐτοὺς
465 1135 716 1191 ἐνέϐαλεν
749 1131 1082 1204 ἀμηχανίαν.
1111 1130 1222 1182 Καὶ
1253 1127 1363 1198 γὰρ
1387 1181 1396 1188 ,
1408 1122 1753 1212 μαινομένοις

61 1211 254 1284 λοιπὸν
309 1228 573 1281 ἐοίκασιν.
615 1225 676 1276 '0
712 1221 811 1293 μὲν
841 1220 1134 1274 ἐπέταττεν
1175 1216 1383 1286 ἕτερον.
1417 1216 1446 1268 6
1475 1211 1532 1265 δέ
1565 1211 1752 1282 ἑτερον

63 1315 317 1369 ἐπεδίδου
342 1330 356 1343 ·
407 1312 504 1366 καὶ
551 1309 808 1380 ἀνόνητος
851 1306 1034 1367 αὐτοῖς
1063 1301 1250 1356 λοιπὸν
1279 1297 1348 1372 ἦν
1380 1301 1529 1353 πᾶσα
1559 1298 1594 1368 ή
1628 1299 1751 1350 ἑπι-

64 1405 350 1475 χείρησις.
403 1399 496 1453 Διὸ
549 1397 657 1452 Καὶ
709 1395 1058 1451 ἐπαύσαντο
1127 1386 1599 1475 οίκοδομοῦντες-
1637 1383 1755 1452 τὴν

61 1473 252 1545 πόλιν
289 1489 391 1543 καί
425 1487 535 1540 τὸν
571 1485 822 1553 πύργον.
851 1480 955 1534 Διὰ
995 1477 1172 1532 τοῦτο
1207 1474 1433 1542 ἐκλήθη
1474 1473 1540 1526 τὸ
1568 1473 1756 1540 ὄνομα

60 1577 284 1645 αὐτῆς,
315 1576 624 1645 Σύτχυσις
645 1589 660 1603 ο
694 1570 783 1624 ὅτι
826 1570 956 1622 ἐκεῖ
991 1565 1250 1634 συνέχεε
1295 1563 1512 1630 Κύριος
1539 1564 1571 1615 ό
1611 1559 1756 1626 Θεὸς

61 1667 135 1720 τὰ
188 1666 374 1734 χείλη
410 1661 615 1728 πάσης
644 1659 764 1726 ’τῆς
805 1656 948 1728 γῆς’
994 1654 1094 1709 καὶ
1143 1652 1373 1707 ἐκεῖθεν
1416 1649 1756 1716 διέσπειρεν

63 1754 294 1819 αὐτοὺς
336 1752 552 1818 Κύριος
592 1751 625 1802 ό
659 1745 804 1811 Θεὸς
849 1744 951 1798 ἐπὶ
995 1740 1198 1808 πάσης
1228 1738 1339 1808 τῆς
1386 1736 1520 1807 γῆς.
1555 1736 1754 1789 Σκόπει

63 1841 212 1894 πόσα
252 1840 490 1908 γίνεται,
536 1835 674 1888 ῶστε
705 1833 805 1904 τὴν
848 1832 1070 1902 μνήμην
1107 1828 1272 1882 παντὶ
1299 1826 1378 1896 τῷ
1419 1823 1576 1878 αἰῶνι
1619 1839 1757 1892 συμ-

64 1925 552 2001 παρεκτείνεσθαι.
580 1921 803 1994 Πρῶτον
844 1919 942 1990 μὲν
974 1919 1009 1988 ή
1036 1917 1144 1970 τῶν
1171 1913 1430 1985 γλωσσῶν
1469 1911 1755 2001 διαίρεσις,

71 1996 276 2086 μᾶλλον
309 2012 369 2066 δέ
396 2011 490 2063 καὶ
525 2008 631 2080 πρὸ
665 2006 860 2061 τούτου
884 2006 918 2077 ἡ
947 2003 1042 2056 τοῦ
1076 2002 1342 2073 ὀνόματος
1369 1996 1712 2086 προσηγορία
1737 2013 1752 2028 ο

68 2105 127 2155 16
153 2103 344 2155 Φαλέκ
370 2099 481 2170 γὰρ
508 2097 696 2166 δνομα,
738 2095 875 2164 ὅπερ
903 2095 932 2146 6
958 2090 1129 2160 Ἔϐερ
1172 2088 1409 2160 ἐπέθηκε
1453 2085 1532 2158 τῷ
1566 2085 1720 2138 παιδὶ
1739 2123 1754 2150 ,

75 2187 354 2260 μερισμὸν
391 2183 667 2254 σημαίνει.
694 2182 926 2234 Ἔπειτα
968 2179 1002 2250 ἡ
1041 2177 1137 2232 τοῦ
1168 2178 1333 2230 τόπου
1377 2173 1718 2246 πρδσηγορία
1741 2190 1755 2204 ⁸

71 2278 349 2344 Σὺγχυσις
381 2273 490 2342 γὰρ
524 2273 552 2324 ὁ
587 2270 749 2331 τόπος
790 2265 1105 2338 ὠνομάσθη,
1130 2265 1268 2334 ὅπερ
1315 2263 1432 2316 ἐστὶ
1477 2260 1755 2314 Βαϐυλών.

74 2365 316 2418 Ἔπειτα
374 2360 540 2422 αὐτὸς
582 2359 610 2410 6
632 2356 803 2427 Ἔϐερ
829 2354 988 2422 ἔμενε
1016 2353 1116 2424 τὴν
1142 2352 1311 2420 αὐτὴν
1340 2349 1477 2419 ἔχων
1503 2346 1757 2412 διάλεξιν,

72 2455 251 2522 ἥνπερ
297 2449 399 2503 καὶ
438 2447 724 2518 πρότερον,
759 2444 846 2497 ἴνα
891 2443 985 2496 καὶ
1046 2440 1204 2496 τοῦτο
1255 2440 1480 2509 σημεῖον
1535 2435 1761 2506 ἐναργὲς

73 2541 301 2609 γένηται
351 2537 450 2606 τῆς
506 2532 848 2605 διαιρέσεως.
900 2528 1054 2593 Εἶδες
1107 2527 1196 2583 διὰ
1249 2526 1432 2580 πόσων
1483 2523 1760 2595 ⁴ἠϐουλήθη

73 2628 297 2696 διηνεκῆ
345 2625 447 2690 τὴν
499 2622 720 2692 μνήμην
767 2615 1146 2682 διασώζεσθαι,
1179 2616 1275 2669 καὶ
1322 2613 1592 2685 μηδέποτε
1621 2610 1763 2682 λήθῃ

76 2712 456 2783 παραδοθῆναι
483 2708 544 2762 16
573 2707 696 2760 τότε
730 2703 1127 2776 γεγενημένον;
1162 2703 1274 2757 Kal
1306 2702 1416 2773 γὰρ
1447 2701 1507 2766 ἐξ
1552 2699 1761 2754 ἐκείνου

76 2800 262 2854 λοιπὸν
293 2796 480 2868 πατὴρ
506 2795 660 2849 παιδὶ
684 2795 931 2863 ἀνάγκην
969 2788 1082 2863 εἶχε
1115 2791 1216 2861 τὴν
1251 2789 1431 2845 αἰτίαν
1455 2788 1636 2858 λέγειν
1662 2787 1763 2858 τῆς

76 2884 476 2958 ἑτεροφωνίας,
508 2883 605 2937 καὶ
635 2884 767 2944 παῖς
807 2879 958 2952 παρά
991 2879 1197 2951 πατρὸς
1245 2877 1535 2948 μανθάνειν
1581 2876 1763 2947 ἐζήτει

77 2975 177 3044 τῆς
205 2971 305 3024 τοῦ
341 2970 511 3024 τόπου
555 2966 926 3038 προσηγορίας
973 2966 1072 3036 τὴν
1115 2965 1322 3018 αἰτίαν·
1357 2961 1616 3017 Βαϐυλὼν
1655 2963 1763 3035 γὰρ

77 3061 166 3114 διὰ
194 3059 361 3113 τοῦτο
392 3059 422 3112 6
453 3057 619 3119 τόπος
659 3051 988 3124 ὠνομάσθη,
1033 3053 1170 3124 ὅπερ
1209 3053 1326 3105 ἐστὶ
1355 3051 1636 3122 σύγχυσις,
1681 3053 1766 3106 δτι

79 3150 196 3200 ἐκεῖ
235 3147 461 3216 συνέχεε
496 3143 697 3215 Κύριος
730 3143 760 3196 6
795 3141 928 3206 Θεὸς
959 3140 1029 3196 τά
1067 3140 1220 3211 χείλη
1263 3139 1442 3210 πάσης
1485 3141 1586 3210 τῆς
1629 3139 1766 3208 γῆς,

81 3237 176 3289 καὶ
203 3233 423 3287 ἐκεῖθεν
467 3231 776 3301 διέσπειρεν
804 3227 1022 3292 αὐτούς.
1062 3226 1371 3298 Ἀμφότερα
1405 3227 1443 3297 ή
1472 3226 1568 3281 τοῦ
1599 3226 1766 3280 τόπου

81 3320 433 3392 προσηγορία
468 3319 758 3388 σημαίνειν
811 3333 902 3387 μοι
929 3316 1093 3383 δοκεῖ,
1124 3314 1221 3368 καὶ
1255 3315 1339 3368 ὅτι
1369 3312 1470 3378 τὰς
1515 3313 1768 3382 γλώσσας

85 3409 332 3478 συνέχεε,
359 3404 457 3460 καὶ
483 3403 710 3458 αὐτόθεν
741 3403 842 3475 τὴν
877 3401 1177 3474 διασπορὰν
1208 3401 1527 3471 ὑπέμειναν.

153 3563 217 3619 ε’.
233 3562 562 3628 Ἠκούσατε,
589 3559 882 3632 ἀγαπητοὶ,
901 3560 1062 3614 πόθεν
1083 3559 1265 3623 αὐτοῖς
1291 3561 1324 3632 ἡ
1350 3561 1446 3631 τῆς
1471 3560 1769 3631 διασπορᾶς

86 3661 348 3722 ὑπόθεσις
382 3658 596 3727 γέγονε,
626 3659 722 3711 καὶ
755 3656 864 3710 τῶν
897 3656 1150 3725 γλωττῶν
1193 3657 1229 3728 ἦ
1266 3657 1548 3728 διαίρεσις·
1578 3655 1770 3725 Φύτω²

89 3765 212 3817 μεν,
251 3743 586 3817 παρακαλῶ,
616 3744 716 3816 τὴν
754 3744 1008 3815 μίμησιν,
1042 3744 1138 3797 καὶ
1165 3746 1278 3808 τοῖς
1311 3744 1464 3816 παρὰ
1507 3742 1600 3796 τοῦ
1634 3743 1769 3796 Θεοῦ

85 3833 514 3906 παρασχεθεῖσιν
548 3834 681 3903 ἡμῖν
715 3832 794 3894 εἰς
819 3830 936 3885 δέον
972 3830 1323 3904 χρησώμεθα,
1357 3831 1451 3884 καὶ
1478 3831 1578 3904 τὴν
1608 3831 1770 3900 φύσιν

84 3923 186 3991 τὴν
215 3919 570 3990 ἀνθρωπίνην
605 3917 910 3981 ἐννοοῦντες
942 3917 1083 3971 οὓτω
1131 3916 1537 3988 βουλευώμεθα,
1569 3917 1646 3981 ὡς
1688 3918 1769 3970 εῖο

87 4011 184 4073 κὸς
219 4005 550 4078 ἀνθρώπους
577 4003 965 4076 βουλεύσασθαι
995 4004 1223 4076 θνητοὺς
1251 4004 1644 4075 τυγχάνοντας·
1677 4005 1772 4060 καὶ

87 4099 433 4170 λογιζόμενοι
481 4095 576 4150 τοῦ
627 4095 894 4166 παρόντος
946 4094 1062 4166 βίου
1108 4095 1172 4148 16
1223 4094 1510 4166 ἐπίκηρον,
1559 4095 1654 4149 καὶ
1695 4096 1774 4160 ὡς

89 4186 303 4257 βραχὺς
335 4185 364 4237 ὁ
393 4183 494 4253 τῆς
532 4181 678 4250 ζωῆς
714 4181 870 4252 ἡμῶν
899 4181 1110 4252 χρόνος,
1151 4180 1349 4254 πολλὴν
1382 4183 1592 4245 ἑαυτοῖς
1632 4185 1773 4254 παῤ-

92 4274 291 4343 ρησίαν
339 4267 783 4342 προαποθώμεθα
826 4267 916 4321 διὰ
951 4270 1052 4339 τῆς
1099 4269 1207 4324 τῶν
1255 4269 1478 4338 ἀγαθῶν
1520 4269 1772 4343 πράξεων

89 4358 387 4430 ἐργασίας·
413 4355 510 4408 καὶ
536 4355 613 4428 μὴ
644 4356 802 4426 μόνον
824 4357 922 4426 τῆς
944 4356 1195 4426 νηστείας
1230 4357 1329 4428 τὴν
1355 4357 1605 4411 ἐπίτασιν
1635 4357 1775 4412 κατὰ

89 4447 187 4510 τὰς
239 4443 459 4516 ἡμέρας
489 4443 716 4506 ,ταύτας
764 4441 1178 4513 ἐπιδειξώμεθα,
1221 4442 1360 4496 ἀλλά
1393 4443 1488 4496 καὶ
1542 4443 1772 4515 ἐλεημο-

92 4534 261 4604 σύνης
299 4530 584 4601 δαψίλειαν
634 4531 729 4583 καὶ
780 4529 1088 4602 προσευχὰς
1123 4531 1381 4594 ἐκτενεῖς.
1418 4531 1529 4586 Kal
1567 4531 1677 4603 γὰρ
1705 4534 1771 4604 τῇ

90 4619 324 4692 νηστεία.
368 4616 468 4688 τὴν
518 4614 825 4688 προσευχὴν
863 4616 952 4670 ἀεὶ
1002 4615 1352 4686 συνεζεῦχθαι
1393 4616 1493 4672 δεῖ.
1535 4618 1648 4672 Kal
1691 4619 1777 4672 ὅτι

90 4707 249 4761 τοῦτό
279 4709 434 4760 ἐστιν
458 4704 678 4774 ἀληθὲς,
702 4705 864 4759 ἄκουε
897 4702 993 4756 τοῦ
1019 4703 1256 4775 Χριστοῦ
1282 4703 1528 4772 λέγοντος
1544 4722 1558 4736 °
1594 4706 1776 4761 Τοῦτο

92 4797 154 4848 τὸ
177 4797 367 4865 γένος
395 4796 508 4848 οὐκ
537 4791 686 4865 [501]
722 4792 1123 4861 ἐκπορεύεται,
1151 4793 1205 4845 εί
1248 4790 1334 4862 μὴ
1368 4792 1438 4845 ἐν
1461 4791 1775 4863 προσευχῇ

91 4881 194 4935 και
229 4880 509 4949 νηστείᾳ.
547 4879 656 4934 Καὶ
688 4879 852 4933 πάλιν
890 4879 984 4932 ἐπὶ
1009 4878 1117 4932 τῶν
1148 4879 1480 4933 ἀποστόλωνο
1507 4883 1774 4948 Προσευ-

92 4970 348 5038 ξάμενοι
393 4968 526 5038 γὰρ,
580 4967 749 5038 φησὶ,
790 4966 892 5021 καί
947 4967 1409 5035 νηοτεύσαντες⁹
1450 4967 1776 5036 παρέθεντο

90 5056 324 5122 αὐτοὺς
361 5055 445 5122 τῷ
479 5055 694 5124 Κυρίῳ,
728 5056 816 5122 εὶς
841 5054 916 5109 δν
949 5056 1474 5109 πεπιστεύκεισαν.
1508 5055 1618 5109 Kal
1665 5056 1776 5110 πά-

90 5145 178 5197 λιν
204 5145 235 5197 6
269 5143 618 5206 ’Δπόστολοςσ
647 5145 706 5196 Μ
711 5141 746 5211 ὴ
784 5141 1189 5211 ἀποστερεῖτε,
1221 5143 1407 5214 φησὶν,
1439 5143 1773 5212 ἀλλήλους,

89 5234 144 5284 ε)
171 5230 265 5301 μὴ
322 5233 394 5284 ἐν
429 5229 743 5300 ,προσευχῇ
790 5230 890 5285 καί
945 5231 1217 5298 νηστείᾳ.
1251 5225 1405 5295 Εἶδες
1448 5231 1564 5294 πῶς
1607 5231 1776 5286 δεῖται

87 5321 197 5390 τῆς
236 5317 491 5372 ἐντεῦθεν
521 5317 838 5389 συμμαχίας
879 5317 913 5388 ή
944 5317 1200 5390 νηστεία;
1234 5319 1370 5372 Τότε
1401 5319 1509 5392 γάρ
1544 5320 1778 5392 μάλιστα

89 5409 193 5476 καὶ
240 5407 387 5477 μετὰ
424 5405 638 5478 νήψεως
672 5407 728 5459 αἰ
775 5406 1080 5476 προσευχαὶ
1125 5405 1388 5475 γίνονται,
1439 5409 1776 5480 κουφοτέρας

89 5497 197 5566 τῆς
231 5495 476 5558 διανοίας
501 5493 898 5565 τυγχανούσης,
931 5493 1025 5547 καὶ
1055 5492 1234 5548 οὐδενὶ
1261 5493 1623 5567 βαρουμένης,
1656 5495 1777 5550 οὐδὲ

95 5583 207 5637 ὑπὸ
231 5581 334 5636 τοῦ
360 5579 600 5652 ¹πονηροῦ
626 5582 725 5652 τῆς
745 5581 957 5652 τρυφῆς
987 5579 1210 5652 φορτίου
1237 5582 1589 5654 πιεζομένης.
1613 5583 1778 5652 Μέγα

94 5671 209 5741 τὰρ
239 5668 408 5724 δπλσν
433 5671 469 5740 ἡ
506 5668 662 5740 εὐχὴν
701 5667 912 5741 μεγάλη
958 5668 1246 5739 ἀσφάλειαν
1279 5669 1452 5741 μέγας
1482 5670 1776 5743 θησαυρὸς.

99 5760 279 5836 μέγας
316 5756 505 5829 λιμὴν,
527 5757 724 5812 ἄσυλον
749 5756 977 5828 χωρίον’
1011 5756 1172 5829 μόνον
1199 5756 1296 5814 ἐὰν
1323 5760 1585 5830 νήφοντες
1617 5777 1780 5832 προσ·

162 5995 187 6021 ⁸
211 5992 439 6053 Quatuor
457 6002 581 6040 mss.
597 5993 652 6039 et
672 5987 803 6041 Bibl.
825 5989 901 6038 ἐπὶ
920 5988 1197 6051 πρόσωπον.

1220 394 1286 450 IN
1325 393 1479 452 CAP.
1515 385 1584 444 x1
1631 387 1873 445 cenes.
1916 388 2142 445 ηοιιιι..
2186 373 2353 444 xxx;

3413 389 3520 443 280

1851 503 2020 574 ίωμεν
2047 504 2125 576 τῷ
2159 506 2423 576 Δεσπότῃ,
2454 506 2548 558 καὶ
2580 502 2916 574 πανταχόθεν
2954 519 3276 572 συνάγοντες
3311 503 3520 556 ἑαυτῶν

1848 593 1950 662 τὴν
1997 593 2258 655 διάνοιαν,
2290 593 2432 646 οὕτω
2471 593 2567 664 τὴν
2614 592 2874 663 πρόσοδον
2913 591 3216 662 ποιώμεθα,
3251 592 3518 661 μηδεμίαν

1853 681 2204 752 παρείσδυσιν
2239 681 2470 744 διδόντες
2509 680 2588 750 τῷ
2621 679 2800 751 ἐχθρῷ
2827 680 2929 749 τῆς
2961 679 3232 748 σωτηρίας
3257 679 3354 749 τῆς
3381 681 3520 748 ήμε⁸

1847 769 2032 839 τέρας.
2073 769 2288 838 Ἐπειδὴ
2323 769 2432 840 γὰρ
2475 763 2614 822 οἶδεν
2656 770 2736 821 ὅτι
2786 767 2930 821 κατά
2960 769 3050 820 τὸν
3093 765 3280 836 καιρὸν
3312 767 3520 819 ἐκεῖνον

1847 842 2132 926 δυνάμεθα
2157 855 2415 925 περὶτῶν
2450 855 2781 926 συνεχόντων
2810 857 2956 926 ἡμᾶς
2998 855 3386 925 διαλεχθέντες,
3429 855 3522 908 καὶ

1849 942 1918 995 τὰ
1968 944 2333 1014 ἡμαρτημένα
2383 943 2861 1014 ἐξαγορεύσαντες.
2894 945 2987 996 καὶ
3025 943 3094 995 τά
3130 942 3424 1014 τραύματα
3446 939 3522 1012 τῷ

1855 1031 2024 1102 ἰατρῷ
2050 1031 2341 1096 δείξαντες,
2374 1031 2576 1101 πολλῆς
2614 1032 2889 1101 ἐπιτυχεῖν
2921 1031 3019 1101 τῆς
3047 1030 3363 1102 θεραπείας,
3400 1029 3522 1082 τότε

1855 1121 2091 1190 μάλιστα
2119 1121 2402 1189 ἐφίσταται
2433 1123 2528 1175 καὶ
2560 1121 2737 1174 πάντα
2761 1122 2904 1174 ποιεῖ
2933 1120 3026 1173 καὶ
3053 1119 3522 1190 πραγματεύεται,

1851 1208 1993 1262 ὥστε
2021 1209 2318 1281 ἐκκροῦσαι
2358 1211 2509 1280 ἡμᾶς
2553 1209 2648 1264 καὶ
2685 1212 2765 1272 εἰς
2809 1208 3390 1280 ρᾳθυμίαν.ἐμ6αλεῖν.
3434 1207 3523 1260 Διδ

1851 1297 2131 1368 νήφωμεν,
2171 1298 2496 1370 παρακαλῶ,
2527 1299 2622 1352 καὶ
2665 1297 2863 1362 εἰδότες
2888 1298 3052 1352 αὑτοῦ
3086 1298 3182 1361 τάς
3210 1295 3523 1359 ἐπιϐουλὰς.

1856 1385 2092 1454 μάλιστα
2120 1385 2263 1439 κατὰ
2290 1385 2382 1438 τὸν
2409 1385 2598 1460 καιρὸν
2633 1387 2838 1440 ἐκεῖνον
2876 1385 3287 1455 σπουδάζωμεν,
3327 1383 3525 1438 ὡσανεὶ

1857 1472 2098 1544 παρόντα
2134 1473 2230 1525 καὶ
2269 1473 2376 1545 πρὸ
2397 1472 2506 1526 τῶν
2529 1472 2820 1544 ὀφθαλμῶν
2845 1473 3002 1544 ήμῶν
3025 1472 3237 1526 ἑστῶτα
3267 1471 3525 1545 ὁρῶντες,

1853 1559 2027 1624 οὕτως
2063 1560 2226 1614 αὐτὸν
2257 1560 2661 1632 διακρούεσθαι,
2713 1562 2808 1615 xal
2841 1561 3021 1615 πάντα
3049 1560 3307 1631 λογισμὸν
3339 1561 3552 1616 διατα-’

1859 1648 2122 1721 ράττοντα
2145 1650 2302 1722 ἡμῶν
2325 1650 2423 1721 τὴν
2447 1650 2684 1704 διάνοιαν
2714 1649 3072 1713 ἀπωθεῖσθαι,
3097 1649 3191 1703 καὶ
3220 1650 3374 1714 ὅλους
3401 1651 3511 1704 ἑαυ-

1853 1739 1980 1802 τοὺς
2010 1738 2324 1801 συντείνειν,
2366 1739 2461 1792 καὶ
2492 1738 2696 1810 ἀκριϐῆ
2727 1737 2998 1792 ποιεῖσθαι
3028 1737 3125 1810 τὴν
3153 1737 3412 1804 ἔντευξιν,
3440 1738 3527 1793 ἵνα

1859 1824 1933 1896 μὴ
1965 1826 2124 1896 μόνον
2154 1827 2188 1896 ή
2221 1825 2438 1896 γλῶττα
2467 1825 2790 1896 φθέγγηται,
2818 1826 2955 1880 ἀλλά
2978 1825 3073 1880 καὶ
3101 1827 3136 1898 ή
3155 1825 3362 1880 διάνοια
3392 1844 3527 1898 συμ⁹

1855 1913 2016 1986 ϐαίνῃ
2048 1917 2162 1978 τοῖς
2185 1914 2516 1986 λεγομένοις.
2554 1915 2680 1968 Ἐὰν
2707 1913 2819 1987 γὰρ
2847 1915 2881 1985 ἡ
2908 1914 3126 1983 γλῶττα
3153 1913 3252 1985 μὲν
3279 1914 3530 1986 προτέρη

1855 2001 1925 2055 τά
1959 2005 2200 2074 ῥήματα,
2245 2005 2278 2073 ή
2322 2003 2377 2056 δὲ
2423 2002 2628 2057 διάνοια
2678 2001 2783 2066 ἔξω
2831 2003 3123 2074 ῥέμϐηται,
3153 2002 3222 2056 τά
3251 2004 3394 2056 κατά
3429 2003 3533 2074 τὴν

1856 2090 2033 2142 οἰκίαν
2054 2088 2486 2161 περισκοποῦσά,
2513 2090 2580 2144 τὰ
2606 2091 2746 2144 κατὰ
2775 2089 2873 2162 τὴν
2895 2089 3099 2163 ἀγοράν
3124 2090 3528 2162 φανταζομένη.

1857 2177 2008 2230 οὐδὲν
2029 2178 2160 2247 ἡμῖν
2189 2175 2379 2246 ὄφελος
2400 2175 2574 2244 ἔσται,
2604 2178 2745 2250 τάχα
2771 2177 2830 2231 δέ
2858 2179 2953 2231 καὶ
2978 2179 3176 2231 πλείων
3203 2179 3236 2249 ή
3266 2179 3530 2250 κατάκρι-

1861 2281 1964 2328 σις.
2005 2265 2068 2318 Εἰ
2098 2264 2207 2336 γὰρ
2255 2263 2527 2335 ἀνθρώπῳ
2575 2265 2888 2336 προσιόντες
2928 2266 3197 2338 τοσαύτην
3230 2265 3533 2319 ἐπιδεικνὺ-

1857 2353 2002 2425 ’μεθα
2049 2353 2148 2425 τὴν
2177 2353 2429 2425 σπουδὴν,
2469 2354 2545 2418 ὡς
2593 2355 2728 2425 μηδέ
2756 2356 2881 2420 τοὺς
2918 2354 3146 2427 πλησίον
3174 2353 3533 2427 παρεστῶτας

1859 2442 2118 2506 πολλάκις
2166 2443 2318 2514 ὁρᾷν,
2371 2443 2506 2497 ἀλλὰ
2541 2443 2830 2497 συντείνειν
2873 2443 3081 2497 ἑαυτῶν
3127 2443 3227 2514 τὴν
3271 2445 3531 2512 διάνοιαν,

1860 2531 2108 2584 κάκεῖνον
2178 2531 2340 2600 μόνον
2405 2532 2803 2601 φαντάζεσθαι,
2859 2525 2904 2600 ᾧ
2954 2531 3305 2604 προσίωμεν·
3351 2531 3532 2603 πολλῷ

1863 2618 2066 2690 μᾶλλον
2103 2619 2196 2671 ἐπὶ
2221 2618 2316 2672 τοῦ
2346 2619 2482 2672 Θεοῦ
2509 2619 2666 2673 τοῦτο
2697 2622 2868 2673 ποιεῖν
2895 2622 3044 2691 ἡμᾶς
3072 2620 3200 2692 χρὴ.
3241 2620 3335 2674 καὶ
3377 2638 3534 2673 συνεο

1863 2705 1974 2777 χῶς
2005 2708 2100 2760 καὶ
2151 2707 2510 2771 ἀδιαλείπτως
2554 2710 2671 2771 ταῖς
2707 2711 3031 2780 προσευχαῖς
3078 2709 3530 2780 προσκαρτερεῖν.

1863 2794 1961 2849 Διά
1989 2795 2097 2866 γὰρ
2126 2794 2283 2848 τοῦτο
2315 2797 2408 2848 καὶ
2454 2795 2666 2860 Παῦλος
2705 2795 2936 2868 γράφων
2977 2795 3153 2864 ἔλεγε,
3188 2795 3534 2864 Προσευχό-

1858 2900 2030 2953 μενοι
2078 2883 2149 2936 ἐν
2177 2883 2355 2935 παντί
2394 2882 2597 2950 καιρῷ,
2641 2886 3054 2954 προσεύχεσθε
3098 2883 3198 2937 καῖ
3246 2885 3316 2937 ἐν
3349 2883 3532 2937 πνεύ-

1857 2983 2029 3042 ματι⁴
2079 2972 2153 3044 μὴ
2206 2970 2426 3044 γλώσσῃ
2462 2973 2641 3042 μόνον,
2674 2974 2768 3026 καὶ
2818 2974 2956 3044 μετά
3004 2973 3310 3044 ἀγρυπνίας
3354 2972 3535 3042 διηνε-

1864 3059 2015 3124 κοῦς,
2047 3061 2232 3129 φησὶν,
2263 3058 2402 3112 ἀλλά
2431 3059 2522 3113 καὶ
2547 3061 2602 3114 ἐν
2631 3061 2768 3133 αὐτῇ
2797 3064 2864 3133 τῇ
2885 3060 3054 3132 ψυχῇ,
3079 3063 3182 3115 Ἐν
3222 3062 3533 3130 πνεύματι.

1865 3148 2215 3218 Πνευματικά
2250 3148 2382 3219 γὰρ,
2417 3142 2610 3219 φησιν,⁸
2634 3147 2774 3202 ἔστω
2811 3149 2964 3220 ὑμῶν
3001 3148 3072 3200 τά
3109 3150 3404 3220 αἰτήματα,
3441 3167 3538 3220 νη-

1866 3237 2012 3306 φέτω
2043 3239 2071 3290 6
2114 3236 2392 3308 λογισμὸς,
2429 3235 2785 3290 συντεινέσθω
2818 3239 2851 3308 ή
2898 3237 3104 3291 διάνοια
3145 3239 3257 3302 τοῖς
3308 3237 3539 3308 λεγομέ-

1865 3340 1996 3386 νοις.
2035 3322 2275 3377 Τοιαῦτα
2303 3321 2560 3386 αἰτεῖσθε,
2590 3317 2677 3376 οἷα
2707 3322 2852 3386 εἰκὸς
2879 3323 3031 3394 παρὰ
3058 3322 3154 3377 τοῦ
3179 3323 3311 3377 Θεοῦ
3342 3326 3534 3386 αἰτεῖν,

1867 3410 1955 3464 ῖνα
1984 3409 2211 3464 καὶτῶν
2239 3410 2576 3480 αἰτουμένων
2604 3409 2897 3481 ἐπιτύχητε
2916 3427 2931 3442 ο
2973 3411 3068 3465 καὶ
3103 3415 3182 3475 εἰς
3214 3411 3344 3466 αὐτὸ
3369 3413 3541 3482 ἀγρυ-

1868 3495 2038 3565 πνῆτε
2084 3495 2516 3566 διεγηγερμένοι,
2551 3497 2832 3566 νήφοντες,
2877 3497 3240 3567 ἐγρηγορότες
3277 3497 3375 3568 τὴν
3419 3497 3538 3550 διά-

1864 3599 2034 3646 νοιαν,
2067 3584 2141 3654 μὴ
2176 3581 2551 3654 χασμώμενοι,
2601 3583 2697 3636 καὶ
2736 3582 3025 3654 κνώμενοι,
3058 3586 3153 3637 καὶ
3181 3578 3284 3638 ὧδε
3315 3586 3540 3639 κάκεῖσε

1867 3670 1959 3724 τὸν
1998 3670 2258 3740 λογισμὸν
2290 3671 2698 3744 περιαγόμενοι,
2733 3670 2870 3724 ἀλλά
2905 3671 3043 3742 μετά
3073 3670 3240 3741 φόϐου
3282 3671 3376 3724 καὶ
3413 3671 3540 3744 τρό-

1873 3775 1975 3830 μου
1993 3757 2091 3830 τὴν
2111 3757 2318 3812 ἑαυτῶν
2340 3757 2610 3830 σωτηρίαν
2636 3757 3061 3830 κατεργάζεσθε.
3083 3757 3385 3828 Μακάριος
3407 3759 3535 3830 γὰρ,

1871 3847 2057 3919 φησιν,
2091 3845 2155 3914 ὃς
2185 3846 2599 3914 καταπτήσσει
2655 3848 2853 3903 πάντα
2885 3848 2960 3902 δι’
3003 3847 3340 3902 εὐλάϐειαν.
3379 3848 3540 3917 Μέγα

1870 3933 2075 4002 ἀγαθὸν
2105 3936 2138 4006 ή
2172 3935 2324 4004 εὐχή.
2355 3935 2416 3988 Εἰ
2445 3934 2556 4007 γὰρ
2590 3933 2865 4008 ἀνθρώπῳ
2899 3953 2983 4000 τις
3009 3935 3389 4007 διαλεγόμενος
3417 3938 3540 3989 ἐνα-

1869 4021 2036 4094 ρέτῳ,
2066 4022 2128 4076 οὐ
2182 4021 2384 4094 μικράν
2415 4021 2474 4090 ἐξ
2521 4021 2688 4077 αὑτοῦ
2723 4021 3027 4094 καρποῦται
3055 4021 3150 4094 τὴν
3186 4014 3476 4092 ὠφέλειαν,
3509 4024 3542 4076 6

1870 4109 1994 4181 Θεῷ
2024 4109 2368 4179 διαλέγεσθαι
2416 4109 2772 4176 καταξιωθεὶς
2825 4111 3007 4164 πόσων
3045 4111 3146 4164 οὐκ
3172 4110 3544 4166 ἀπολαύσεται

1870 4197 1981 4252 τῶν
2003 4198 2258 4267 ἀγαθῶν;
2295 4199 2361 4252 Ἠ
2395 4198 2502 4270 γὰρ
2527 4198 2659 4270 εὐχὴ
2697 4197 2926 4262 διάλεξίς
2959 4201 3072 4252 ἐστι
3099 4199 3236 4269 πρὸς
3267 4199 3357 4252 τὸν
3383 4199 3540 4256 Θεόν.

1871 4287 1982 4342 Καὶ
2008 4287 2095 4342 ἵνα
2137 4287 2334 4361 μάθῃς,
2375 4288 2537 4342 ἄκουε
2571 4287 2663 4341 τοῦ
2714 4289 2992 4359 προφήτου
3031 4285 3300 4356 λέγοντος,
3333 4287 3526 4342 ἸΙὸυνο

1873 4375 1999 4444 θείη
2017 4373 2096 4440 τῷ
2113 4373 2235 4441 Θεῷ
2258 4377 2295 4444 ἠ
2310 4374 2558 4444 διαλογή
2577 4392 2696 4444 μου
2713 4374 2886 4446 1302].
2911 4373 3055 4428 τοῦτ’
3071 4374 3235 4432 ἐστιν.
3255 4377 3289 4445 ή
3309 4375 3543 4442 διάλεξίς

1877 4481 1976 4534 μου
2006 4465 2162 4534 ἡδεῖα
2202 4463 2393 4535 φανείη
2422 4463 2500 4534 τῷ
2533 4462 2670 4533 Θεῷ.
2715 4463 2806 4535 Μὴ
2836 4464 2943 4535 γὰρ
2973 4464 3067 4516 καὶ
3094 4464 3221 4535 πρὶν
3247 4464 3278 4535 ἦ
3305 4465 3538 4536 αἰτήσω-

1875 4565 1995 4619 μεν,
2029 4549 2129 4602 οὐκ
2155 4548 2385 4618 ἠδύνατο
2405 4550 2742 4620 παρασχεῖνς
2781 4547 2938 4601 Ἀλλά
2964 4548 3052 4603 διὰ
3081 4549 3237 4602 τοῦτο
3258 4549 3538 4619 ἀναμένει,

1872 4635 1962 4688 ἵνα
1998 4635 2254 4707 ἀφορμὴν
2284 4634 2421 4706 λάϐῃ
2452 4637 2580 4706 παρ’
2612 4634 2770 4705 ήμῶν
2796 4633 2890 4688 τοῦ
2931 4633 3152 4698 δικαίως
3179 4635 3326 4706 ήμᾶς
3356 4634 3541 4700 ἀξιοῦν

1872 4723 1971 4792 τῆς
1994 4722 2124 4792 παρ’
2172 4721 2339 4776 αὐτοῦ
2373 4721 2646 4793 προνοίας.
2697 4722 2815 4776 Κάν
2842 4722 3186 4793 ἑπιτύχωμεν
3228 4724 3405 4776 τοίνυν
3432 4723 3542 4778 τῶν

1874 4808 2230 4880 αἰτηθέντων,
2271 4807 2374 4862 κᾶν
2401 4807 2475 4880 μὴ
2513 4807 2880 4880 ἐπιτύχωμεν,
2918 4809 3321 4880 παραμένωμεν
3352 4812 3419 4880 τῇ
3457 4813 3526 4863 αἰ-

1872 4897 2052 4968 τήσει,
2100 4895 2196 4950 καὶ
2247 4896 2321 4967 μὴ
2389 4895 2547 4967 μόνον
2592 4897 3042 4968 ἐπιτυγχάνοντες
3107 4896 3539 4968 εὐχαριστῶμεν.

1874 4983 2011 5038 ἀλλά
2058 4984 2154 5037 καὶ
2191 4983 2678 5053 ἀποτυγχάνοντες.
2729 4983 2802 5036 T6
2849 4981 2959 5055 γὰρ
3001 4985 3311 5054 ἀποτυχεῖν,
3343 4983 3472 5037 ὅταν
3513 4986 3542 5039 6

1873 5070 2007 5134 Θεὸς
2045 5070 2320 5142 βούληται,
2360 5071 2460 5124 οὐκ
2499 5070 2724 5124 ἔλασσόν
2766 5072 2884 5124 ἐστι
2926 5069 3020 5124 τοῦ
3064 5071 3356 5141 ἐπιτυχεῖν.
3404 5070 3543 5126 Οὐδὲ

1873 5159 1982 5231 γὰρ
2010 5159 2170 5230 ῖσμεν
2207 5157 2277 5211 τά
2305 5159 2466 5229 ἡμεῖς
2497 5158 2843 5228 συμφέροντα
2887 5160 3018 5230 ἡμῖν
3053 5157 3244 5224 οὕτως,
3277 5159 3352 5223 ὡς
3379 5159 3543 5222 αὐτὸς

1883 5246 2192 5300 ἐπίσταται.
2219 5245 2382 5298 Ὥστε
2410 5241 2526 5310 οὖν,
2575 5243 2676 5298 κᾶν
2701 5245 3066 5316 ἐπιτύχωμεν,
3101 5245 3205 5299 κᾶν
3255 5245 3537 5317 ἀποτύχω·

1878 5351 1998 5405 μεν,
2029 5333 2370 5404 εὐχαριστεῖν
2393 5332 2697 5403 ὀφείλομεν.
2745 5333 2855 5386 Kal
2878 5333 2931 5385 τί
2958 5332 3257 5404 θαυμάζεις
3293 5334 3342 5386 εἰ
3382 5335 3541 5405 ήμεῖς

1874 5428 1975 5482 οῦκ
2004 5427 2162 5498 ἴσμεν
2187 5427 2256 5481 τά
2283 5426 2663 5498 συμφέροντας
2698 5424 2910 5490 Παῦλος
2937 5425 2966 5477 6
2989 5425 3240 5490 τοσοῦτος
3277 5426 3368 5480 καὶ
3389 5425 3539 5497 τηλι-

1876 5519 2088 5584 κοῦτος,
2117 5523 2146 5578 ό
2171 5521 2280 5574 τῶν
2306 5520 2632 5591 ἀπορρήτων
2677 5519 2900 5574 ἐκείνων
2938 5519 3209 5585 ἀξιωθεὶς,
3259 5521 3443 5590 ἠγνόει
3474 5520 3544 5574 τὸ

1880 5611 1958 5684 μὴ
1994 5611 2341 5683 συμφέροντα
2381 5611 2570 5667 αἰτῶν.
2605 5612 2824 5684 Ἐπειδὴ
2873 5612 2981 5685 γὰρ
3014 5612 3159 5684 ἑώρα
3211 5613 3402 5667 ἑαυτὸν
3447 5631 3535 5668 κυο

1877 5704 2171 5777 κλούμενον
2203 5705 2308 5758 ὑπὸ
2351 5704 2462 5759 τῶν
2489 5705 2680 5760 δεινῶν
2725 5707 2820 5761 καὶ
2861 5707 2970 5761 τῶν
2995 5705 3310 5778 ἐπαλλήλων
3347 5725 3539 5780 πειραο

1880 5799 2054 5871 σμῶν,
2089 5797 2293 5869 ηὔξατο
2318 5797 2525 5853 τούτων
2555 5799 2952 5870 ἀπαλλαγῆναι,
3004 5802 3098 5854 καὶ
3129 5801 3226 5870 οὐχ
3251 5800 3399 5868 ἅπαξ
3421 5804 3540 5858 οὐδὲ

1878 5893 2149 5965 δεύτερον,
2178 5891 2314 5946 ἀλλά
2359 5892 2452 5946 καὶ
2496 5892 2773 5957 πολλάκις.
2809 5895 3013 5962 Τρίτον
3065 5895 3191 5966 γὰρ,
3237 5897 3389 5966 φησι,
3439 5897 3538 5950 τὸν

1884 5983 2101 6051 Κύριον
2125 5983 2528 6053 παρεκάλεσα.
2553 5985 2626 6038 T6
2655 5985 2711 6039 δὲ
2741 5984 2970 6053 Τρίτον,
3003 5987 3261 6051 πολλάκις
3301 5987 3546 6056 παρεκά-
