4062 6396
579 346 679 402 281

578 462 726 524 λεσε,
767 463 861 517 καί,
883 463 982 517 οὐκ
1012 464 1295 534 ἐπέτυχεν.
1329 465 1556 535 Ἵδωμεν
1580 461 1672 518 οῦν
1702 462 1820 527 πῶς
1842 463 2074 531 διετέθη.
2100 457 2248 532 *Λρα

581 552 660 622 μὴ
685 552 1036 622 ἐδυσχέρανεν
1055 557 1106 615 ⁶;
1145 548 1254 622 ἆρα
1282 552 1640 624 ὀκνηρότερος
1666 551 1921 619 γέγονεν;
1959 547 2068 620 ἆρα
2090 549 2242 620 ἐνάρ-

579 655 778 708 κησενς
829 639 982 709 Οὐχί.
1020 639 1179 694 Ἀλλά
1233 639 1286 692 τί
1340 656 1539 710 φησιν;
1595 635 1785 703 Εἶπεν,
1827 637 2009 704 Ἀρκεῖ
2053 653 2152 690 σοι
2209 637 2248 704 ή

579 727 750 796 χάρις
781 745 922 795 μου.
952 729 1016 782 Ἦ
1052 728 1162 798 γάρ
1189 727 1418 798 δύναμίς
1444 744 1545 797 μου
1576 727 1632 778 ἐν
1655 725 1907 796 ἀσθενείᾳ
1928 723 2248 778 τελειοῦται.

579 815 655 868 Οὐ
686 816 844 885 μόνον
872 815 970 868 οὐκ
1019 814 1389 886 ἠλευθέρωσεν
1435 814 1597 868 αὐτὸν
1623 813 1732 866 τῶν
1763 813 2124 881 ἐπικειμένων
2160 811 2251 864 λυ-

581 902 793 973 πηρῶν,
844 901 980 954 ἀλλὰ
1015 903 1108 956 καὶ
1148 902 1502 973 ἐναπομένειν
1529 901 1689 955 αὐτὸν
1717 902 1886 956 εἴασε.
1932 899 2071 954 Nai‘
2113 898 2251 952 ἀλλά

580 990 741 1046 πόθεν
766 989 921 1059 δῆλον
943 990 1024 1042 ὅτι
1056 989 1156 1042 οὐκ
1182 989 1573 1060 ἐδυσχέρανεν;
1611 991 1809 1042 Ἀκουε
1837 988 2048 1042 Παύλου
2072 986 2251 1054 λέγον-

575 1094 684 1141 τος,
720 1077 904 1148 ἐπειδὴ
941 1077 1109 1148 ἔμαθε
1143 1077 1214 1130 τὰ
1255 1077 1512 1131 δοκοῦντα
1555 1077 1632 1147 τῷ
1681 1077 1959 1147 Δεσπότῃο
2002 1075 2250 1129 Ἥδιστα

575 1161 691 1219 οὖν
714 1165 1095 1234 καυχήσομαι
1116 1165 1186 1219 ἐν
1211 1165 1340 1231 ταῖς
1393 1167 1732 1230 ἀσθενείαις
1777 1183 1919 1234 ¹μου.
1947 1164 2022 1216 Οὐ
2068 1163 2249 1233 μόνον,

576 1253 732 1323 φησὶ,
755 1252 939 1306 λοιπὸν
973 1252 1354 1324 ἀπαλλαγῆναι
1384 1253 1484 1305 οὐκ
1511 1252 1774 1322 ἐπιζητῶ,
1806 1251 1942 1305 ἀλλά
1979 1251 2074 1304 καὶ
2111 1250 2248 1320 μετά

575 1339 821 1402 πλείονος
859 1339 958 1410 τῆς
987 1339 1178 1410 ἡδονῆς
1209 1341 1554 1410 καυχήσομαι
1586 1340 1678 1392 ἐπί
1718 1339 1944 1401 τούτοις.
1979 1334 2132 1402 Εἶδες
2159 1339 2249 1390 εὐ-

575 1426 828 1497 γνώμονα
855 1426 1066 1497 ψυχὴν;
1111 1424 1246 1491 εἶδες
1280 1428 1442 1480 πόθον
1464 1428 1553 1480 τὸν
1578 1445 1644 1480 πε
1655 1429 1706 1498 ρὶ
1733 1428 1823 1479 :6v
1850 1427 2014 1492 Θεόν;
2042 1428 2246 1480 Ἀκου-

578 1531 669 1568 σον
709 1514 873 1568 αὐτοῦ
925 1514 1205 1582 λέγοντος·
1253 1516 1322 1568 Τὸ
1373 1515 1484 1584 γὰρ
1515 1517 1573 1568 τί
1610 1516 2061 1584 προσευξόμεθα
2099 1515 2244 1569 καθὸ

575 1602 686 1663 δεῖ,
726 1605 836 1655 οὐκ
876 1602 1138 1672 οἴδαμεν.
1173 1601 1286 1673 Οὐχ
1313 1598 1423 1657 οἷόν
1452 1620 1532 1664 τε,
1557 1604 1738 1675 φησὶν,
1757 1602 2075 1674 ἀνθρώπους
2097 1604 2244 1673 ἡμᾶς

575 1691 734 1754 ὄντας
759 1691 955 1744 εἰδέναι
1001 1691 1177 1744 πάντα
1208 1691 1472 1762 ἀκριϐῶς.
1517 1694 1607 1744 Δεῖ
1648 1687 1743 1744 06v
1782 1695 2134 1763 παραχωρεῖν
2163 1690 2243 1762 τῷ

574 1776 886 1848 δημιουργῷ
929 1778 1025 1845 τῆς
1056 1778 1327 1850 ἡμετέρας
1363 1778 1598 1847 φύσεως,
1631 1779 1859 1831 κάκεῖνα
1893 1778 2032 1848 μετά
2070 1779 2246 1849 χαρᾶς

573 1864 822 1934 δέχεσθαι
854 1866 945 1917 καὶ
971 1864 1172 1932 πολλῆς
1203 1865 1302 1934 τῆς
1333 1865 1549 1935 ἡδονῆς,
1575 1864 1719 1936 ἅπερ
1742 1864 1903 1928 αὐτὸς
1935 1865 2242 1934 δοκιμάσει.

575 1953 668 2004 καὶ
703 1952 777 2022 μὴ
818 1952 955 2022 πρὸς
989 1953 1085 2023 τὴν
1128 1953 1250 2021 δψιν
1287 1952 1398 2006 τῶν
1427 1953 1728 2023 γινομένων
1768 1954 1918 2023 όρᾷν,
1946 1952 2083 2006 ἀλλά
2109 1953 2244 2022 πρὸς

574 2039 642 2092 τά
679 2038 934 2091 δοκοῦντα
977 2039 1054 2110 τῷ
1106 2041 1370 2110 Δεσπότῃ.
1418 2039 1477 2092 '0
1519 2039 1628 2110 γὰρ
1665 2038 1820 2101 εἰδὼς
1867 2041 1928 2091 :6
1965 2039 2243 2108 συμφέρον

578 2123 777 2194 μᾶλλον
823 2125 1002 2196 ἡμῶν,
1048 2127 1207 2190 αὐτὸς
1244 2123 1351 2179 οἶδε
1392 2126 1485 2180 καὶ
1524 2128 1674 2192 ὅπως
1714 2127 1795 2179 δεῖ
1839 2126 1937 2198 τὴν
1972 2127 2244 2197 σωτηρίαν

575 2213 674 2283 τὴν
706 2214 981 2284 ἡμετέραν
1019 2213 1359 2284 μεθοδεῦσαι.

646 2308 719 2365 ς’.
737 2301 924 2372 Ἡμῶν
945 2303 1123 2354 τοίνυν
1141 2302 1198 2354 ἒν
1217 2302 1376 2373 ἔργον
1400 2301 1562 2367 ἐστω,
1580 2301 1641 2354 τὸ
1656 2302 1918 2372 διηνεκῶς
1939 2305 2056 2367 ταῖς
2074 2321 2244 2375 προσ-

574 2391 760 2458 ευχαῖς
838 2392 1297 2460 προσκαρτερεῖν,
1346 2390 1440 2443 καὶ
1493 2391 1568 2462 μὴ
1627 2391 1917 2462 ἀσχάλλειν
1960 2393 2096 2462 πρὸς
2143 2395 2242 2465 τὴν

577 2475 902 2546 βραδυτῆτα,
943 2477 1079 2530 ἀλλά
1128 2477 1329 2548 πολλὴν
1373 2478 1470 2549 τὴν
1511 2479 1893 2552 μακροθυμίαν
1943 2480 2244 2534 ἐπιδείκνυ-

577 2562 719 2617 σθαι.
748 2563 881 2617 Οὐδὲ
907 2564 1014 2635 γάρ
1036 2564 1311 2618 ἀνανεύων
1332 2565 1486 2635 ἡμῶν
1519 2565 1656 2637 πρὸς
1681 2567 1780 2628 τὰς
1805 2567 2055 2636 αἰτήσεις
2083 2567 2246 2636 ὑπερ-

572 2650 802 2715 τίθεται,
833 2651 968 2704 ἀλλά
1021 2652 1374 2722 σοφιζόμενος
1402 2652 1562 2723 ἡμῶν
1609 2653 1708 2722 τὴν
1750 2653 2103 2724 προσεδρίαν,
2150 2660 2245 2708 καί

577 2738 896 2808 βορλόμενος
942 2741 1091 2809 ἡμᾶς
1150 2739 1415 2809 διηνεκῶς
1467 2740 1603 2810 πρὸς
1649 2741 1840 2794 ἐαυτὸν
1893 2741 2240 2809 ἐφέλκεσθαι.

587 2823 736 2878 Ἐπεὶ
766 2827 858 2879 καὶ
882 2827 1063 2897 πατὴρ
1087 2826 1436 2899 φιλόστοργος
1463 2827 1782 2898 αἰτούμενος
1811 2829 2070 2891 πολλάκις
2094 2831 2245 2902 παρά

573 2912 668 2966 τοῦ
704 2913 890 2977 παιδὸς
919 2914 1017 2966 οὐκ
1069 2915 1331 2978 ἐπινεύει,
1360 2915 1481 2986 οὐχὶ
1528 2913 1602 2985 μὴ
1660 2913 1985 2986 βουλόμενος
2035 2917 2242 2981 δοῦναι,

575 3001 712 3055 ἀλλά
731 3001 824 3054 τοῦ
847 3001 1034 3065 παιδὸς
1059 3001 1154 3073 τὴν
1178 3002 1502 3074 προσεδρίαν
1525 3001 1612 3055 διά
1633 3001 1822 3055 τούτου
1842 3003 2240 3074 ἐπισπώμενος.

575 3089 759 3142 Ταῦτα
789 3089 845 3142 δέ
867 3088 1225 3157 γινώσκοντες
1256 3091 1303 3155 ι),
1335 3090 1604 3161 μηδέποτε
1632 3091 2084 3162 ἀπαγορεύωμεν,
2108 3092 2243 3164 μηδέ

577 3177 943 3247 διαλείπωμεν
971 3178 1307 3248 προσιόντες,
1345 3178 1439 3230 καὶ
1473 3177 1570 3240 τὰς
1595 3178 1875 3248 ἱκετηρίας
1905 3178 2240 3250 ποιούμενοι.

577 3265 640 3316 Εἰ
666 3265 776 3336 γάρ
817 3263 908 3316 τὸν
932 3264 1081 3333 ὠμὸν
1105 3265 1310 3317 ἐκεῖνον
1338 3265 1430 3316 καὶ
1466 3263 1652 3334 ἀπηνῆ
1675 3263 1954 3334 δικαστὴν,
1987 3268 2078 3319 καὶ
2105 3268 2241 3337 μήτε

574 3352 666 3407 :6v
683 3352 815 3405 Θεὸν
845 3351 1197 3421 φοϐούμενον,
1239 3353 1272 3421 ἡ
1313 3351 1609 3423 προσεδρία
1631 3352 1730 3423 τῆς
1759 3353 2015 3420 γυναικὸς
2037 3351 2247 3418 ἐξεϐιά-

577 3459 730 3503 σατο,
763 3443 858 3494 καὶ
887 3439 1037 3512 [505⁷1
1075 3440 1433 3504 ἐξεκαλέσατο
1462 3443 1541 3503 εἰς
1573 3441 1672 3507 τὴν
1702 3442 1899 3512 ἑαυτῆς
1924 3441 2208 3512 ἀντίληψιν
2227 3459 2242 3474 ο

577 3528 728 3598 πόσῳ
755 3527 954 3598 μᾶλλον
981 3529 1160 3598 ἡμεῖς,
1184 3529 1232 3579 εἰ
1257 3525 1648 3597 βουληθείημεν
1664 3527 1878 3598 ἐκείνην
1904 3530 2245 3600 μιμήσασθαι

575 3617 675 3684 τὴν
705 3616 960 3681 γυναῖκα,
993 3613 1082 3664 τὸν
1115 3613 1323 3683 ἥμερον
1347 3611 1442 3666 καὶ
1463 3611 1844 3684 φιλάνθρωπον
1869 3613 2028 3684 ἡμῶν
2045 3614 2246 3668 Δεσπό-

575 3717 694 3770 την,
717 3700 806 3754 τὸν
836 3699 1222 3768 εῦσπλαγχνον,
1245 3699 1340 3752 καὶ
1363 3700 1712 3770 ἐπιτρέχοντα
1734 3699 1888 3769 ἡμῶν
1912 3703 1977 3771 τῇ
2005 3702 2246 3774 σωτηρίᾳ

577 3786 981 3859 ἐκκαλεσόμεθα
1030 3793 1162 3856 πρὸς
1195 3785 1293 3856 τὴν
1333 3786 1538 3860 οἰκείαν
1580 3786 1893 3856 ἀντίληψιν;
1936 3788 2244 3843 Παιδεύσω-

581 3893 679 3946 μεν
716 3875 892 3928 τοίνυν
917 3875 1141 3936 ἑαυτοὺς
1170 3873 1632 3936 δυσαποσπάστως
1658 3873 1819 3943 ἐχειν,
1860 3873 1954 3927 καὶ
1982 3874 2246 3945 διηνεκῶς

574 3973 694 4034 ταῖς
713 3972 1038 4041 προσευχαῖς
1063 3967 1462 4040 προσηλῶσθαι,
1487 3970 1579 4022 καὶ
1601 3969 1656 4021 ἐν
1681 3969 1862 4040 ἡμέρᾳ
1877 3969 1970 4023 καὶ
1993 3971 2050 4022 ἐν
2070 3971 2242 4038 νυκτὶ,

581 4059 672 4110 καλ⁵
705 4056 902 4127 μᾶλλον
955 4059 1012 4108 ἐν
1043 4056 1216 4115 νυκτὶ,
1255 4055 1342 4108 ὅτε
1377 4055 1550 4118 οὐδεὶς
1577 4056 1607 4106 6
1648 4053 1902 4126 ἐνοχλῶν,
1945 4055 2031 4108 ὅτε
2075 4056 2243 4127 πολλὴ

574 4145 683 4200 τῶν
711 4143 985 4214 λογισμῶν
1013 4145 1046 4215 ἡ
1075 4143 1301 4212 γαλήνη,
1335 4142 1421 4195 ὅτε
1447 4141 1612 4212 πολλὴ
1645 4143 1678 4212 ἡ
1713 4142 1929 4213 ἡσυχία,
1957 4144 2050 4196 καὶ
2073 4161 2244 4216 ταρα-

573 4232 676 4300 χῆς
708 4230 864 4294 ἐκτὸς
899 4229 960 4283 :6
981 4231 1267 4300 δωμάτιον,
1304 4229 1515 4292 οὐδενὸς
1535 4229 1686 4292 δντος
1714 4228 1806 4281 τοῦ
1836 4229 2129 4299 ἐκκροῦσαι
2156 4231 2246 4284 δυ-

577 4317 832 4388 ναμένου,
867 4318 962 4371 καὶ
987 4317 1294 4386 ἀποστῆσαι
1313 4317 1411 4386 τῆς
1443 4317 1726 4386 προσόδου,
1754 4317 1842 4369 ὅτε
1874 4318 2182 4390 συνηρμένη
2217 4329 2239 4358 ο

575 4405 918 4476 τυγχάνουσα
953 4408 986 4475 ἡ
1016 4405 1220 4459 διάνοια
1244 4407 1419 4459 πάντα
1463 4405 1596 4476 μετά
1627 4405 1911 4478 ἀκριϐείας
1949 4407 2244 4463 ἀναθέσθαι

574 4490 794 4546 δύναται
827 4493 904 4563 τῷ
926 4493 1036 4546 τῶν
1058 4493 1243 4564 ψυχῶν
1271 4493 1457 4565 ἰατρῷ.
1484 4495 1547 4548 Εἰ
1576 4497 1684 4565 γάρ
1707 4496 1735 4547 6
1765 4495 2033 4566 μακάριος
2059 4495 2241 4564 Δαυῖδ,

574 4580 604 4632 6
632 4580 880 4649 βασιλεὺς
912 4580 1047 4652 ὁμοῦ
1075 4583 1170 4635 καὶ
1204 4583 1510 4653 προφήτης,
1544 4583 1650 4636 61:6
1688 4582 1957 4636 τοσούτων
1984 4582 2244 4654 ὀχλούμε-

575 4685 664 4731 νος
687 4668 1045 4740 πραγμάτων,
1068 4669 1161 4722 καὶ
1187 4669 1475 4740 ἁλουργίδα
1497 4670 1590 4723 καὶ
1609 4669 1843 4739 διάδημα
1865 4670 2244 4739 περικείμενος

575 4754 728 4823 ἐλεγε
749 4774 763 4786 ·
782 4757 1189 4810 Μεσονύκτιον
1204 4756 1592 4824 ἐξηγειρόμην
1622 4757 1729 4811 τοῦ
1758 4756 2244 4826 ἐξομολογεῖσθαι

575 4856 674 4895 σοι
692 4841 790 4894 ἐπὶ
808 4843 876 4896 τὰ
898 4843 1150 4911 κρίματα
1179 4842 1286 4908 τῆς
1315 4842 1704 4910 δικαιοσύνης
1735 4859 1873 4898 σου·
1907 4845 1962 4898 τί
1988 4845 2054 4899 ἂν
2074 4846 2243 4898 εῖποι-

579 4945 676 4998 μεν
704 4930 886 5000 ἡμεῖς,
911 4929 960 4982 οἱ
998 4929 1089 4982 τὸν
1123 4927 1388 4982 ἰδιωτικὸν
1421 4930 1514 4982 καὶ
1544 4930 1872 5001 ἀπράγμονα
1894 4930 2007 5001 βίον
2034 4933 2242 5002 μετιόν-

575 5031 687 5078 τες,
714 5013 813 5067 καῖ
843 5015 976 5086 μηδὲ
1004 5014 1072 5067 τά
1118 5014 1257 5068 αὐτά
1299 5015 1491 5085 ἐκείνῳ
1525 5016 1840 5083 ποιοῦντες;
1887 5018 2099 5088 Ἐπειδὴ
2134 5019 2242 5090 γὰρ

576 5103 634 5155 ἐν
666 5101 847 5173 ἡμέρᾳ
883 5101 1051 5155 πολλὰ
1092 5097 1234 5172 εἶχεν
1264 5103 1424 5156 αὐτὸν
1451 5103 1519 5156 τά
1555 5105 1924 5174 περισπῶντα,
1950 5106 2043 5159 καὶ
2076 5106 2240 5170 πολὺς

572 5185 642 5262 ἦν
670 5193 698 5243 6
727 5191 836 5242 τῶν
878 5189 1217 5261 πραγμάτων
1256 5189 1428 5260 δχλος,
1475 5191 1570 5244 καὶ
1603 5190 1768 5261 πολλὴ
1805 5193 1838 5262 ἡ
1884 5191 2115 5264 ταραχὴ,
2145 5194 2240 5247 καὶ

574 5267 766 5349 καιρὸν
793 5278 890 5346 οὐχ
919 5275 1177 5348 ηὕρισκεν
1217 5277 1516 5346 ἐπιτήδειον
1549 5264 1723 5349 ἐαυτῷ
1752 5279 1886 5350 πρὸς
1923 5281 2020 5350 τὴν
2053 5281 2238 5334 τοιαύ-

573 5382 670 5434 την
704 5362 981 5432 πρόσοδον,
1011 5362 1103 5413 τὸν
1129 5362 1226 5432 τῆς
1273 5361 1506 5425 ἀνέσεως
1534 5363 1742 5434 καιρὸν,
1774 5363 1832 5417 ὃν
1863 5363 2038 5436 ἐτεροι
2069 5365 2236 5420 ὕπνου

573 5449 851 5504 ποιοῦνται
890 5449 1077 5519 καιρὸν
1116 5450 1207 5502 ἐπὶ
1237 5449 1345 5502 τῶν
1377 5449 1595 5502 ἁπαλῶν
1627 5451 1962 5521 στρωμάτων
2008 5469 2237 5506 κατακε-

575 5537 838 5607 κλιμένοι,
873 5536 966 5589 καὶ
987 5529 1089 5589 ὧδε
1124 5537 1344 5588 κάκεῖσε
1371 5536 1875 5607 περιστρεφόμενοι,
1901 5540 1928 5590 6
1963 5537 2234 5607 βασιλεὺς,

573 5624 603 5674 6
651 5622 916 5693 τοσαύτην
953 5623 1373 5691 ἀναδεδεγμένος
1422 5622 1694 5691 φροντίδα,
1739 5623 1996 5694 προσόδου
2048 5627 2236 5696 καιρὸν

575 5710 825 5772 ἐποιεῖτο,
861 5711 981 5766 κατ’
1021 5707 1156 5761 ἰδίαν
1195 5707 1272 5778 τῷ
1298 5707 1416 5778 Θεῷ
1442 5707 1836 5777 διαλεγόμενος,
1877 5711 1969 5764 καὶ
2015 5712 2236 5784 εἰλικρι·

638 5856 666 5885 ⁸
687 5856 886 5912 Quidam
907 5869 1021 5904 mss.
1048 5856 1140 5918 ἆρα
1167 5855 1487 5918 ἐδυσχέρανεν.

638 5913 670 5955 δ
689 5917 810 5955 Tres
831 5930 944 5955 mu-
967 5917 1378 5955 ἇνανινιῖισιοντεε-
1445 5919 1468 5948 ο
1499 5913 1593 5955 Alii

697 5917 810 5965 Tres
830 5930 944 5966 mss.
967 5915 1379 5974 ἀναγινώσκοντες.
1445 5919 1468 5948 °
1490 5915 1593 5970 Alii
1616 5916 1897 5990 συνηγμένη.

1355 347 1413 403 S.
1448 345 1732 402 JOANNIS
1767 343 2260 400 CIIRYSOSTOMI
2295 343 2594 402 ARCIIIEP
2647 345 3192 404 CONSTANTINOP.
3886 356 3968 412 9,82

2353 463 2466 523 νεῖς
2487 461 2580 514 καὶ
2599 463 2999 532 συντεταμένας
3021 464 3121 528 τὰς
3142 461 3307 533 εὐχὰς
3333 463 3668 532 ποιούμενος,
3691 465 3837 534 ἡνυεν
3856 469 3972 541 ειπερ

2354 544 2540 614 ἡθελε·
2577 547 2672 600 καὶ
2719 548 2806 601 διὰ
2834 547 2942 600 τῶν
2973 546 3289 618 προσευχῶν
3333 545 3535 599 τούτων
3574 549 3694 612 τοὺς
3747 551 3971 621 πτολέμους

2355 627 2662 697 κατώρθου,
2693 630 2951 700 τρόπαιον
2983 629 3154 688 ἱστὰς,
3186 630 3279 682 καὶ
3310 629 3465 693 νίκας
3497 631 3671 692 νίκαις
3711 634 3966 687 συνάπτων.

2353 707 2481 780 Εἶχε
2495 712 2604 782 γὰρ
2619 713 2780 765 ὅπλον
2797 712 3113 783 ἀχείρωτον,
3128 713 3226 781 τὴν
3245 711 3448 764 ἀνωθεν
3460 713 3783 782 συμμαχίαν,
3800 715 3852 766 οὐ
3864 716 3969 785 1:96;

2351 794 2478 857 τούς
2511 795 2662 865 παρά
2691 794 2798 848 τῶν
2826 793 3127 864 ἀνθρώπων
3157 793 3428 864 πολέμους
3459 794 3682 865 ἀρκέσαι
3712 795 3966 868 δυναμένην

2357 877 2536 948 μόνον,
2563 875 2704 929 ἀλλά
2737 877 2830 928 καὶ
2852 875 2986 946 πρὸς
3021 875 3117 939 τάς
3140 876 3246 928 τῶν
3267 876 3532 945 δαιμόνων
3557 877 3844 944 φάλαγγας.
3872 879 3969 931 Τοῦ-

2353 978 2444 1013 τον
2467 959 2649 1012 τοίνυν
2679 959 2768 1011 καὶ
2798 961 2956 1029 ἡμεῖς
2991 959 3378 1030 μιμησώμεθα,
3421 961 3469 1012 οἰ
3505 959 3704 1014 ἰδιῶται
3735 961 3816 1014 :6v
3852 962 3969 1030 βασι.

2352 1039 2470 1104 λέα,
2501 1041 2590 1093 τὸν
2623 1040 2949 1111 ἀπράγμονα
2980 1042 3072 1094 καὶ
3105 1041 3326 1112 ἡσύχιον
3362 1042 3475 1112 βίον
3519 1043 3801 1112 μετιόντες,
3831 1047 3969 1102 τὸνέν

2353 1123 2630 1194 ἁλουργίδι
2662 1123 2755 1176 καὶ
2783 1123 3092 1193 διαδήματι,
3125 1124 3214 1177 τὸν
3246 1124 3352 1177 τῶν
3389 1125 3636 1194 μοναχῶν
3674 1124 3778 1193 βίον
3803 1128 3968 1199 ὑπερα-

2353 1205 2692 1259 κοντίσαντα.
2729 1206 2925 1257 ’Λκουε
2954 1205 3061 1274 γὰρ
3087 1206 3246 1260 πάλιν
3284 1205 3446 1259 αὐτοῦ
3472 1206 3700 1277 ἀλλαχοῦ
3736 1207 3964 1277 λέγοντοςο

2365 1288 2652 1356 Ἐγενήθη
2709 1287 2781 1340 τὰ
2826 1287 3057 1354 δάκρυά
3100 1306 3220 1357 μου
3262 1289 3390 1357 ἐμοὶ
3429 1289 3607 1356 ἄρτος
3653 1291 3858 1358 ἡμέρας
3895 1297 3969 1348 καί

2351 1372 2593 1435 νυκτός.
2633 1365 2786 1433 Εἶδες
2829 1370 3005 1441 ψυχὴν
3036 1373 3092 1424 ἐν
3132 1371 3370 1440 διηνεκεῖ
3408 1372 3691 1436 κατανύξει
3722 1377 3966 1444 τυγχάνον-

2354 1471 2484 1514 σαν;
2522 1454 2584 1505 Ἦ
2610 1455 2782 1524 τροφή
2816 1471 2938 1523 μου,
2971 1455 3156 1523 φησὶν,
3187 1455 3216 1506 6
3239 1454 3401 1525 ἄρτος
3431 1471 3554 1524 μου.
3583 1457 3616 1525 ἡ
3651 1459 3869 1521 ἐστίασίς
3893 1479 3968 1528 μου

2351 1537 2501 1590 οὐδὲν
2528 1536 2712 1605 ἓτερον
2737 1533 2824 1607 ἦν,
2849 1537 2881 1607 ἢ
2909 1536 2978 1589 τά
2995 1537 3208 1608 δάκρυά
3238 1554 3337 1606 μου
3365 1537 3422 1588 ἐν
3441 1540 3595 1590 νυκτὶ
3621 1540 3710 1592 καὶ
3735 1542 3787 1591 ἐν
3805 1542 3967 1612 ἡμέρα.

2352 1620 2461 1672 Καὶ
2493 1618 2673 1679 πάλιν,
2718 1620 3040 1672 Ἐκοπίασα
3068 1619 3137 1672 ὲν
3182 1618 3262 1684 τῷ
3289 1621 3602 1690 στεναγμῷ
3638 1639 3770 1689 μου,
3805 1627 3969 1677 λούσω

2351 1703 2480 1755 καθ’
2521 1700 2787 1766 ἑκάστην
2831 1703 3021 1755 νύκτα
3068 1701 3183 1769 τὴν
3231 1703 3450 1769 κλίνην
3491 1721 3634 1771 μου.
3683 1705 3745 1756 Τί
3782 1705 3968 1776 ἐροῦμεν

2351 1785 2511 1855 ἡμεῖς
2548 1786 2581 1854 ἢ
2630 1786 2680 1838 τί
2725 1785 3194 1855 ἀπολογησόμεθα,
3224 1785 3343 1838 οὐδέ
3376 1786 3472 1855 τὴν
3521 1787 3642 1856 ίσην
3676 1787 3750 1858 τῷ
3805 1788 3969 1858 βασιλιί

2350 1867 2427 1937 τῷ
2459 1868 2563 1920 61:6
2592 1870 2860 1921 τοσούτων
2900 1869 3238 1938 πραγμάτων
3287 1869 3689 1940 περισπωμένῳ
3730 1873 3968 1937 κατάνυξιν

2348 1951 2719 2016 ἐπιδείξασθαι
2757 1950 3100 2020 βουλόμενοι;
3137 1951 3200 2003 Τί
3233 1949 3360 2020 γὰρ.
3401 1952 3519 2004 εἰπέ
3547 1969 3659 2022 μοι,
3687 1953 3786 2004 τῶν
3812 1954 3967 2020 ὀφθαλ-

2353 2030 2469 2101 μῶν
2517 2032 2738 2084 ἐκείνων
2778 2031 3102 2101 ὼραιότερον
3144 2031 3252 2083 τῶν
3298 2032 3402 2084 61:6
3434 2033 3530 2102 τῆς
3588 2033 3847 2102 συνεχείας
3887 2035 3967 2086 τῶν

2348 2113 2637 2186 δακρύωνρ
2655 2114 2902 2184 καθάπερ
2937 2113 3040 2166 61:6
3071 2113 3422 2185 μαργαριτῶν
3453 2132 3636 2171 τινων.
3685 2117 3966 2168 κεκαλλωπι-

2352 2199 2596 2267 σμένων;
2629 2195 2780 2260 Εἶδες
2809 2198 2897 2250 τὸν
2946 2196 3170 2266 βασιλέα
3221 2197 3314 2250 καὶ
3343 2199 3399 2249 ἐν
3427 2200 3584 2250 νυκτί¹
3621 2199 3709 2251 καὶ
3736 2201 3787 2250 ἐν
3825 2200 3966 2269 ἡμέρᾳ

2349 2281 2604 2352 δακρύοις
2627 2282 2722 2334 καὶ
2753 2282 2934 2351 εὐχαῖς
2965 2280 3155 2334 ἐαυτὸν
3179 2281 3510 2335 ἐκδεδωκότα
3528 2299 3542 2313 ο
3569 2284 3672 2354 δρα
3696 2284 3781 2336 καὶ
3802 2284 3878 2336 :6v
3894 2285 3965 2352 τῆς

2349 2365 2673 2436 οἰκουμένης
2725 2363 3039 2418 διδάσκαλον
3089 2365 3147 2417 ἐν
3199 2364 3555 2436 δεσμωτηρίῳ
3608 2365 3962 2436 καθειργμένον,

2350 2448 2446 2502 καὶ
2476 2447 2601 2510 τοὺς
2633 2446 2799 2509 πόδας
2832 2446 3024 2516 ἔχοντα
3061 2447 3117 2498 ἐν
3150 2446 3225 2516 τῷ
3256 2445 3394 2516 ξύλῳ
3424 2447 3859 2517 προσδεδεμένους
3879 2447 3965 2515 ἅμα

2348 2529 2428 2600 τῷ
2461 2529 2610 2600 Σίλᾳ,
2639 2531 2735 2583 καὶ
2768 2528 2856 2582 διὰ
2878 2529 3058 2597 πάσης
3087 2530 3183 2599 τῆς
3203 2532 3395 2592 νυκτὸς
3418 2531 3850 2602 προσευχόμενον,
3873 2529 3964 2582 οὐτε

2350 2613 2454 2666 61:6
2479 2613 2576 2685 τῆς
2603 2611 2815 2684 ὀδύνης,
2838 2611 2960 2664 οὕτε
2989 2613 3092 2666 61:6
3119 2612 3228 2667 τῶν
3253 2613 3463 2683 δεσμῶν
3495 2614 3837 2685 κωλυόμενον,
3865 2614 3966 2667 ἀλλὰ

2346 2695 2519 2766 ταύτῃ
2569 2695 2764 2766 μᾶλλον
2797 2695 2946 2767 [504]
2995 2695 3159 2748 πολὺν
3206 2697 3299 2748 καὶ
3349 2696 3678 2766 θερμότερον
3726 2697 3809 2751 τὸν
3841 2697 3966 2748 πόθον

2349 2780 2788 2850 ἐπιδεικνύμενον
2830 2781 2921 2833 τὸν
2957 2780 3084 2850 περὶ
3124 2778 3216 2832 τὸν
3255 2780 3531 2849 Δεσπότην
3554 2796 3570 2810 ·
3614 2779 3837 2844 Παῦλος
3864 2779 3964 2849 γὰρ,

2349 2862 2503 2932 φησί,
2528 2863 2624 2928 καί
2650 2864 2834 2928 Σίλας
2855 2861 3004 2915 κατὰ
3032 2861 3096 2915 τὸ
3123 2863 3524 2931 μεσονύκτιον
3548 2864 3966 2931 προσευχόμενοι

2347 2945 2582 3014 ὕμνουν
2618 2946 2724 3000 τὸν
2757 2947 2924 3000 Θεόν.
2967 2946 3022 2998 '0
3051 2945 3214 2998 Δαυῖδ
3249 2947 3304 2997 ἐν
3335 2945 3584 3016 βασιλείᾳ
3615 2946 3705 2998 καὶ
3730 2946 3965 3014 διαδήματι

2347 3025 2603 3096 δακρύοις
2650 3027 2743 3079 καὶ
2773 3026 2957 3094 εὐχαῖς
2998 3024 3212 3078 ἅπαντα
3258 3025 3348 3077 :6v
3380 3024 3492 3092 βίον
3535 3025 3967 3095 κατανήλισκενοό

2346 3105 2687 3166 Ἀπόστολος,
2721 3105 2748 3155 6
2776 3105 2854 3168 εἰς
2882 3103 3060 3174 τρίτον
3087 3103 3315 3175 οὐρανὸν
3331 3103 3623 3174 ἀρπαγεὶς,
3659 3107 3688 3158 6
3715 3104 3813 3158 τῶν
3837 3105 3967 3171 ἀπορ-

2351 3185 2528 3254 ρήτων
2555 3183 2802 3248 ἀξιωθεὶς
2838 3182 3170 3253 μυστηρίων,
3201 3185 3259 3236 ἐν
3295 3183 3512 3253 δεσμοῖς
3559 3183 3830 3254 τυγχάνων
3859 3180 3968 3236 κατά

2349 3264 2408 3316 :6
2436 3263 2598 3333 μέσον
2622 3265 2720 3334 τῆς
2759 3262 2949 3324 νυκτὸς
2976 3262 3282 3333 προσευχάς
3316 3263 3411 3316 καὶ
3451 3261 3658 3334 ὕμνους
3689 3264 3890 3333 ἀνέφερε
3910 3260 3968 3330 τῷ

2349 3343 2626 3416 Δεσπότῃ·
2679 3342 2774 3396 καί⁵
2821 3343 2850 3394 6
2909 3340 3158 3411 βασιλεὺς
3213 3341 3564 3412 μεσονύκτιον
3619 3341 3966 3413 ἐξεγειρόμενος

2350 3420 2756 3490 ἐξωμολογεῖτο,
2781 3420 2875 3472 καὶ
2899 3421 2947 3472 οἰ
2979 3419 3262 3472 ἀπόστολοι
3296 3419 3435 3473 κατά
3456 3420 3517 3472 :6
3548 3420 3876 3490 μεσονύκτιον
3900 3421 3968 3470 ἐκ·

2347 3502 2520 3563 τενεῖς
2552 3500 2649 3562 τὰς
2684 3499 2987 3572 προσευχὰς
3021 3497 3114 3550 καὶ
3156 3499 3283 3561 τούς
3316 3496 3516 3568 ὕμνους
3564 3499 3842 3552 ἐποιοῦντο.
3866 3495 3969 3550 T06-

2347 3596 2474 3642 τους
2505 3577 2867 3649 μιμησώμεθα
2895 3579 2988 3631 καὶ
3018 3579 3199 3648 ἡμεῖς,
3231 3579 3322 3632 καὶ⁵
3345 3580 3410 3649 τῇ
3443 3578 3693 3650 συνεχείᾳ
3717 3577 3816 3630 τῶν
3838 3593 3967 3648 προσ-

2349 3659 2524 3728 ευχῶν
2569 3659 2894 3728 τειχίςωμεν
2939 3659 3098 3728 ἡμῶν
3154 3659 3252 3731 τὴν
3297 3657 3477 3729 ζωὴν,
3532 3660 3629 3712 καὶ
3676 3658 3830 3728 μηδὲν
3866 3660 3966 3725 ἡμῖν

2348 3755 2480 3791 ποτε
2511 3736 2740 3808 κώλυμα
2783 3737 3041 3805 γενέσθω.
3076 3737 3241 3791 Οὐδὲν
3272 3739 3380 3808 γάρ
3413 3739 3563 3790 ἐστιν
3598 3739 3726 3808 ἡμῖν
3769 3737 3820 3790 :6
3847 3736 3969 3790 δυνά-

2352 3833 2510 3886 μενον
2536 3816 2846 3886 ἐμποδίσαι,
2865 3816 2958 3870 ἐάν
2977 3817 3255 3886 νήφωμεν.
3279 3818 3371 3888 Μὴ
3398 3815 3510 3888 γὰρ
3532 3816 3699 3870 τόπου
3719 3816 3966 3887 χρῄζομεν,

2347 3895 2381 3966 ἢ
2412 3895 2638 3966 καιροῦ;
2671 3896 2785 3958 Πᾶς
2813 3895 2997 3959 τόπος,
3033 3897 3140 3957 πᾶς
3178 3895 3370 3966 καιρὸς
3396 3895 3699 3965 ἐπιτήδειος
3724 3899 3844 3966 ἡμῖν
3865 3895 3968 3964 πρὸς

2345 3975 2446 4044 τὴν
2489 3972 2742 4044 τοιαύτην
2783 3973 3060 4045 πρόσοδον.
3111 3973 3308 4026 ’Δκουε
3355 3974 3463 4045 γὰρ
3509 3974 3672 4029 πάλιν
3720 3972 3966 4027 αὐτοῦτοῦ

2345 4056 2665 4111 διδασκάλου
2693 4056 2791 4127 τῆς
2828 4057 3149 4128 οἰκουμένης
3187 4055 3466 4124 λέγοντος·
3509 4058 3613 4110 Ἐν
3640 4055 3808 4110 παντί
3844 4055 3967 4116 τόπῳ

2346 4137 2692 4203 ἐπαίροντες
2734 4135 2944 4201 ὁσίους
2976 4135 3178 4205 χεῖρας
3210 4133 3386 4204 χωρίς
3415 4134 3601 4204 ὀργῆς
3633 4135 3725 4188 καί
3758 4133 3968 4194 610.103:-

2346 4217 2526 4286 σμοῦ.
2561 4216 2657 4268 Ἂν
2679 4213 2778 4282 τὴν
2809 4213 3043 4266 διάνοιαν
3067 4214 3195 4285 ἐχῃς
3222 4212 3635 4283 καθαρεύουσαν
3665 4213 3770 4266 τῶν
3795 4211 3968 4265 ἀτόπων

2347 4293 2556 4357 παθῶν,
2588 4292 2690 4345 κᾶν
2723 4293 2779 4345 ἐν
2810 4292 2986 4362 ἀγορᾷ
3014 4286 3102 4364 ᾖς,
3138 4290 3242 4343 κᾶν
3265 4293 3321 4343 ἐν
3346 4290 3514 4362 οἰκίᾳ,
3545 4291 3650 4345 κᾶν
3675 4291 3730 4343 ἐν
3753 4289 3862 4358 ὁδῷ,
3887 4287 3966 4340 κᾶν

2346 4376 2404 4427 ἐν
2433 4371 2768 4442 δικαστηρίῳ
2804 4369 3108 4441 παρεστὼς,
3137 4369 3240 4422 κᾶν
3268 4369 3325 4421 ἐν
3350 4368 3619 4442 θαλάσσῃ,
3647 4370 3745 4423 κᾶν
3780 4372 3832 4422 ἐν
3859 4383 3967 4419 παν-

2344 4451 2554 4522 δοχείῳ,
2581 4447 2686 4503 κάν
2712 4451 2798 4502 ἐπ’
2842 4449 3184 4520 ἐργαστηρίῳ
3213 4442 3279 4521 ᾗς
3321 4447 3591 4519 έστηκὼς,
3635 4448 3734 4502 κᾶν
3767 4449 3966 4515 ὅπουπερ

2345 4531 2411 4585 ἂν
2444 4527 2530 4602 ᾖς,
2575 4528 2778 4600 δυνήσῃ
2819 4527 2911 4580 τὸν
2950 4527 3081 4580 Θεὸν
3115 4525 3348 4590 καλέσας
3400 4528 3676 4597 ἐπιτυχεῖν
3722 4526 3811 4597 τῆς
3853 4525 3970 4602 αἰτή,-

2348 4601 2504 4671 σεως.
2539 4607 2714 4676 Ὅπερ
2749 4605 2967 4669 εἰδότες,
2995 4604 3316 4676 παρακαλῶ,
3346 4605 3482 4674 μετά
3511 4605 3615 4675 τῆς
3648 4605 3875 4675 νηστείας
3894 4601 3965 4654 καὶ

2345 4688 2445 4757 τῆς
2493 4685 2799 4758 προσευχῆς
2831 4685 2933 4754 τὴν
2985 4684 3271 4754 ἀκρίϐειαν
3319 4684 3733 4754 ἐπιδειξώμεθα,
3767 4683 3848 4737 καὶ
3890 4682 3964 4750 τὴν

2345 4764 2591 4818 ἐντεῦθεν
2627 4763 2938 4832 συμμαχίαν
2987 4763 3198 4825 ἐαυτοῖς
3225 4765 3756 4832 κατασκευάσωμεν
3787 4763 3859 4814 ἵνα
3889 4760 3965 4827 τῆς

2347 4843 2477 4915 παρ’
2521 4842 2685 4896 αὐτοῦ
2733 4843 2903 4911 ῥοπῆς
2941 4843 3278 4912 ἀξιούμενοι,
3317 4842 3412 4896 καὶ
3461 4842 3553 4894 :6v
3609 4842 3834 4912 παρόντα
3878 4839 3964 4908 βίον

2344 4923 2650 4993 εὐαρέστως
2679 4921 2826 4991 αὐτῷ
2852 4921 3209 4992 διανύσωμεν,
3241 4923 3336 4974 καὶ
3366 4922 3424 4974 ἐν
3450 4921 3530 4990 τῷ
3557 4921 3793 4990 μέλλοντι
3813 4919 3963 4988 φιλαν-

2346 5000 2591 5071 θρωπίας
2642 5000 2785 5064 τινὸς
2816 5000 3160 5068 ἀξιωθῶμεν,
3210 4999 3392 5069 χάριτι
3445 4999 3540 5051 καὶ
3569 5000 3855 5068 οίκτιρμοῖς
3891 4995 3961 5047 τοῦ

2345 5079 2548 5150 Κυρίου
2583 5079 2739 5150 ἡμῶν
2798 5079 2970 5150 Ἰησοῦ
3009 5079 3267 5150 Χριστοῦ,
3303 5077 3422 5148 μεθ’
3448 5071 3509 5132 οὕ
3551 5078 3629 5147 τῷ
3666 5077 3844 5148 Πατρί,
3874 5075 3960 5145 ἅμα

2343 5158 2421 5228 τῷ
2446 5159 2584 5229 ἁγίῳ
2615 5157 2911 5228 Πνεύματι,
2933 5156 3090 5222 δόξα,
3121 5157 3338 5228 κράτος,
3364 5156 3516 5228 τιμὴ,
3546 5156 3643 5210 νῦν
3670 5157 3758 5210 καὶ
3781 5157 3873 5219 ἀεὶ,
3891 5152 3960 5206 καὶ

2343 5240 2424 5300 είς
2454 5237 2580 5299 τοὺς
2612 5237 2812 5300 αἰῶνας
2845 5236 2952 5289 τῶν
2989 5235 3217 5290 αἰώνων.
3260 5236 3448 5306 Ἀμήν.

2959 5318 3202 5372 ΟΜΙΛΙΑ
3253 5319 3377 5371 AA'.

2341 5403 2452 5456 Καί
2491 5403 2670 5456 ἔλαϐε
2697 5401 2892 5473 Θίὶρῥα
2921 5403 3028 5473 τόν
3049 5403 3281 5473 ,Ἀϐραμ
3327 5401 3426 5473 καί
3467 5400 3577 5473 τόν
3607 5399 3808 5469 Ναχὼρ
3853 5395 3961 5473 τοὺς

2409 5473 2577 5536 υίοὺς
2617 5471 2825 5533 αὑτοῦ,
2862 5471 2958 5524 καί
2999 5471 3106 5523 τόν
3137 5471 3268 5524 Λὼτ
3310 5471 3418 5524 τόν
3465 5471 3605 5524 υἱόν
3648 5472 3844 5538 Ἅβραν
3882 5471 3962 5538 τοι)

2411 5535 2790 5602 υίοῦίαὺτοῦ,
2843 5541 2940 5593 καὶ
2981 5540 3095 5607 τὴν
3121 5541 3320 5609 Σάραν
3353 5541 3466 5608 τὴν
3508 5535 3751 5609 νύμφην
3790 5535 3961 5609 αὑτοῦ.

2409 5611 2664 5680 γυναῖκα
2697 5609 2764 5662 δὲ
2801 5612 3020 5680 ξΑϐραμ
3044 5610 3150 5664 τοῦ
3174 5607 3304 5680 pilo?)
3331 5607 3516 5664 αὐτοῦ
3537 5627 3551 5640 ⁸
3578 5607 3677 5662 καὶ
3713 5607 3960 5680 ἐξήγαγεν

2409 5674 2630 5746 αὐτοὺς
2653 5680 2732 5749 ἐκ,
2750 5678 2861 5747 τῆς
3125 5679 3242 5732 τῶν
3271 5680 3600 5749 Χαζδαίων,
3643 5674 3961 5749 πορευθῆναι

2409 5754 2498 5817 εἰς
2525 5751 2642 5819 γῆν
2668 5747 2789 5821 τῶν
2832 5747 3210 5821 Χαναναίων
3241 5751 3338 5804 καὶ
3367 5747 3552 5821 ἦλθεν
3597 5749 3705 5814 ἕως
3742 5747 3958 5814 Χαρῤὰν.

2408 5822 2508 5876 καί
2535 5818 2883 5886 κατῴκησεν
2911 5820 3052 5873 ἐκεῖ.

2414 5907 2479 5962 α’.
2499 5906 2696 5971 Πολλὰς
2712 5907 2955 5980 ὑμῖνέχω
2977 5907 3222 5979 χάριτας,
3268 5908 3351 5964 ὅτι
3397 5923 3452 5962 τε
3500 5905 3619 5978 μεθ’
3660 5902 3836 5977 ἡδονῆς
3871 5899 3958 5952 ἰδέ·
