4062 6396
244 338 350 395 881

241 450 435 521 rogaui
465 451 544 523 (2.
566 451 689 508 Cor.
722 453 812 509 £2.
829 454 913 526 8).
941 445 1069 521 Ter,
1100 454 1153 511 id
1179 468 1290 522 est,
1340 460 1547 513 vocavit
1595 475 1737 529 saepe
1784 472 1838 517 et

249 561 362 598 non
396 546 717 615 impetravit.
746 548 1035 604 Videamus
1057 565 1183 620 ergo
1207 554 1475 621 quomodo
1496 552 1715 608 affectus
1733 553 1846 607 fue-

246 640 345 690 rit.
376 636 510 690 Nam
540 638 798 707 gravatim
830 641 979 694 tulit?
1014 657 1137 695 num
1164 643 1376 712 segnior
1405 643 1541 697 fttit?
1570 661 1695 698 num
1743 645 1846 698 ob-

250 728 493 795 torpuit?
531 728 768 783 Minime.
801 729 905 784 Sed
932 731 1058 800 quid
1083 733 1293 801 inquit?
1331 734 1465 787 Dixit
1498 752 1510 787 :
1545 734 1738 805 Suﬂicit
1761 735 1848 787 tibi

246 818 426 885 gratia
456 836 588 873 mea.
643 818 818 874 Virtus
864 823 996 874 enim
1029 838 1140 875 mea
1168 824 1222 876 in
1248 824 1542 892 inﬁrmitate
1590 825 1849 894 perﬁcitur

250 908 424 975 (Ibid.
456 927 507 963 υ.
535 911 613 981 9).
644 913 757 967 Non
782 914 953 968 solum
985 931 1088 968 non
1118 917 1361 970 liberavit
1400 917 1545 970 illum
1568 919 1848 986 praesenti-

253 1002 359 1052 bus
386 1004 563 1066 malis,
614 1005 709 1058 sed
742 1005 794 1059 in
844 1006 977 1075 ipsis
1006 1022 1348 1076 perseverare
1386 1011 1643 1078 permisit.
1682 1012 1845 1065 Esto:

252 1091 357 1145 sed
410 1093 549 1148 unde
574 1096 828 1150 discimus
856 1112 977 1150 eum
1022 1113 1128 1152 non
1178 1102 1410 1167 graviter
1453 1100 1673 1155 tulisse?
1711 1100 1848 1154 Audi

255 1182 484 1239 Paulum
507 1186 795 1254 dicentem,
848 1196 1128 1258 postquam
1160 1190 1342 1244 didicit
1370 1205 1433 1244 ea
1458 1208 1576 1260 quae
1625 1193 1849 1245 Domino

254 1274 453 1341 placita
494 1285 648 1329 erant
678 1295 691 1330 :
720 1276 957 1332 Libenter
983 1281 1138 1349 igitur
1162 1280 1423 1351 gloriabor
1450 1283 1504 1335 in
1536 1283 1848 1352 inﬁrmitati-

252 1366 353 1418 bus
376 1367 520 1421 meis.
551 1366 667 1421 Non
711 1369 904 1432 solum,
944 1369 1134 1439 inquit,
1184 1371 1437 1442 deinceps
1477 1372 1688 1426 liberari
1742 1387 1848 1427 non

254 1457 497 1527 requiro,
525 1460 616 1513 sed
645 1470 698 1514 et
720 1461 906 1530 majori
932 1463 1202 1533 voluptate
1229 1464 1495 1532 gloriabor
1519 1466 1568 1517 in
1594 1464 1721 1519 illis.
1760 1465 1852 1519 Vi-

258 1546 387 1600 disti
413 1557 616 1616 gratam
643 1550 917 1605 animam?
960 1552 1138 1606 vidisti
1160 1553 1277 1621 ejus
1302 1553 1353 1607 in
1386 1554 1550 1607 Deum
1581 1556 1852 1609 amorem?

256 1635 402 1690 Audi
421 1637 582 1691 etiam
600 1640 868 1695 dicentem
897 1658 913 1694 :
952 1640 1088 1705 Quid
1118 1645 1251 1695 enim
1276 1659 1539 1713 precemur
1557 1655 1612 1697 ut
1635 1654 1848 1713 oportet,

254 1729 510 1783 nescimus
539 1730 717 1800 (Rom.
743 1732 798 1787 8.
820 1733 933 1804 26).
964 1734 1319 1804 lmpossibile,
1368 1738 1559 1805 inquit,
1587 1746 1690 1801 est,
1730 1754 1849 1793 cum

258 1833 365 1872 nos
392 1822 637 1876 homines
692 1824 879 1889 simus,
926 1825 1104 1878 omnia
1136 1834 1283 1880 certo
1327 1827 1485 1880 scire.
1529 1826 1853 1897 Relinquen-

258 1911 388 1965 dum
422 1929 551 1983 ergo
592 1915 693 1969 hoc
717 1925 798 1970 est
834 1917 1076 1970 omnium
1125 1917 1440 1983 Conditori;
1486 1919 1854 1987 sumendaque

258 2014 389 2057 sunt
423 2020 544 2058 cum
570 2007 762 2074 gaudio
785 2018 838 2061 et
878 2009 1147 2078 voluptate
1168 2022 1517 2078 quaecumque
1539 2009 1655 2078 ipse
1679 2009 1856 2063 volui--

254 2094 381 2161 rit;
416 2112 515 2150 nec
563 2099 909 2166 spectandum
941 2100 1007 2152 ad
1063 2099 1297 2167 speciem
1340 2114 1526 2153 eorum
1577 2115 1697 2168 quae
1727 2117 1854 2154 eve-

261 2186 440 2251 niunt,
464 2186 557 2241 sed
587 2189 713 2258 quid
743 2199 1018 2258 acceptum
1044 2189 1110 2243 sit
1136 2189 1379 2243 Domino.
1402 2190 1500 2256 Qui
1522 2192 1663 2245 enim
1691 2193 1855 2260 magis

257 2278 365 2330 scit
402 2277 527 2347 quid
554 2279 704 2333 nobis
733 2282 917 2348 prosit,
947 2295 1101 2349 quam
1132 2278 1230 2348 ipsi
1258 2294 1377 2347 nos,
1399 2281 1513 2350 ipse
1541 2281 1692 2335 novit
1719 2296 1854 2349 quo-

258 2367 427 2421 modo
454 2369 597 2423 salus
618 2381 799 2424 nostra
825 2370 1080 2439 paranda.

337 2456 391 2511 6.
430 2457 682 2513 Nostrum
713 2474 841 2529 ergo
888 2475 1050 2514 unum
1097 2460 1167 2513 sit
1209 2475 1362 2530 opus,
1392 2460 1661 2515 continuis
1722 2461 1855 2514 insi-

258 2558 410 2602 stere
440 2549 705 2619 precibus,
737 2560 793 2605 et
821 2567 928 2605 non
962 2568 1104 2620 a‘gre
1147 2550 1286 2606 ferre
1324 2552 1370 2605 si
1398 2552 1672 2606 diﬁ‘eratur
1715 2553 1855 2622 qttod

260 2638 523 2706 petimus,
574 2641 668 2694 sed
719 2641 939 2694 multam
983 2643 1290 2711 patientiam
1340 2642 1615 2698 exhibere.
1667 2642 1850 2713 Neque

264 2727 414 2782 enim
460 2730 700 2785 abnuens
725 2745 914 2800 preces
956 2740 1168 2787 nostras
1194 2732 1371 2786 differt
1414 2750 1429 2787 :
1470 2734 1563 2787 sed
1610 2735 1710 2787 hac
1743 2744 1858 2788 arte

256 2819 485 2873 sedqu
509 2835 607 2875 nos
636 2819 899 2887 efﬁciens,
942 2822 1009 2876 ad
1038 2823 1381 2892 semetipsum
1410 2834 1663 2893 perpetuo
1689 2834 1860 2878 attra-

264 2912 398 2965 here
432 2915 560 2964 vult.
603 2913 734 2967 Nam
775 2924 827 2969 et
859 2924 1008 2984 pater
1036 2914 1200 2983 prolis
1242 2929 1429 2969 amans
1459 2931 1579 2969 cum
1624 2931 1656 2970 a
1694 2930 1860 2986 puero

261 3014 505 3072 rogatur,
534 3005 740 3073 abnuit,
764 3020 869 3060 non
912 3006 1053 3076 quod
1084 3006 1213 3060 dare
1251 3006 1406 3073 nolit,
1450 3004 1629 3061 sed'ut
1653 3008 1719 3062 ad
1746 3007 1858 3062 diu-

264 3096 372 3147 tius
397 3093 713 3149 adstaadum
741 3098 1032 3167 pertrabat.
1062 3095 1188 3151 llaec
1214 3097 1391 3167 itaque
1423 3098 1652 3153 scientes
1672 3112 1739 3153 ne
1760 3098 1860 3153 de-

263 3202 572 3256 speremus,
593 3204 660 3244 ne
681 3205 954 3246 cessemus
970 3205 1091 3244 eum
1113 3190 1261 3244 adire
1276 3233 1290 3257 ,
1322 3203 1378 3245 et
1403 3206 1589 3261 preces
1618 3191 1858 3246 fundere.

263 3283 477 3337 Etenim
507 3283 550 3335 si
572 3285 843 3339 crudelem
866 3294 919 3339 et
944 3283 1292 3339 inhumanum
1316 3285 1464 3338 illum
1491 3286 1747 3354 judicem,
1768 3285 1858 3355 qui

257 3400 441 3455 neque
463 3360 629 3440 Deum
648 3385 889 3451 timebat,
914 3386 1149 3440 mulieris
1165 3382 1419 3437 sedulitas
1438 3378 1632 3449 coegit,
1657 3387 1707 3433 et
1735 3392 1862 3448 pro-

260 3477 475 3531 vocavit
496 3486 552 3530 ut
577 3476 677 3531 sibi
705 3485 1039 3531 succurreret
1067 3475 1217 3547 (Luc.
1243 3473 1332 3529 18.
1349 3472 1406 3527 2.
1432 3488 1538 3541 sqq.
1564 3473 1582 3541 )
1617 3488 1631 3523 :
1663 3478 1862 3539 quanto

263 3570 436 3638 magis
481 3584 616 3635 nos,
662 3570 707 3622 si
748 3569 1075 3623 voluerimus
1122 3568 1265 3622 illam
1311 3564 1505 3620 imitari
1556 3562 1858 3626 mulierem,

264 3660 337 3713 ad
386 3659 757 3729 Opitulaudum
801 3661 958 3714 nobis
984 3659 1395 3727 provocabimus
1424 3663 1759 3709 mansuetum
1805 3660 1861 3705 et

264 3752 673 3809 misericordem
705 3763 947 3808 nostrum
992 3752 1295 3815 Dominum,
1330 3748 1762 3818 compatientem,
1809 3751 1864 3797 et

262 3843 335 3896 ad
361 3844 593 3898 salutem
624 3853 860 3899 nostram
884 3842 1291 3898 occurrentem?
1317 3840 1427 3896 Nos
1455 3853 1585 3909 ergo
1610 3838 1858 3892 institua-

261 3949 410 3999 mus,
462 3944 520 3990 ut
553 3935 771 3990 difﬁcile
816 3936 1143 4003 avellamur,
1199 3942 1254 3989 et
1301 3942 1557 4003 perpetuo
1612 3930 1863 4000 precibus

266 4027 663 4091 incumbamus,
695 4036 799 4081 tam
826 4027 933 4091 die,
957 4042 1115 4097 quam
1144 4033 1332 4089 noctu;
1357 4024 1464 4078 imo
1485 4022 1652 4089 magis
1677 4029 1864 4087 noctu,

259 4118 487 4188 quando
509 4118 689 4173 nullus
715 4119 1052 4185 interturbat,
1084 4116 1297 4187 quando
1341 4130 1531 4184 magna
1583 4113 1861 4183 cogitatio-

267 4226 399 4265 num
447 4209 836 4280 tranquillitas,
891 4210 1105 4281 quando
1154 4208 1327 4263 uullus
1380 4206 1524 4262 domi
1575 4204 1856 4269 tumultus,

265 4302 485 4371 quando
539 4305 715 4358 nullus
754 4310 839 4359 est
863 4304 951 4373 qui
980 4302 1049 4357 ab
1077 4316 1294 4356 accessu
1317 4300 1591 4370 prohibeat
1616 4311 1668 4353 et
1691 4298 1860 4351 abdu-

266 4406 375 4462 (εει,
405 4396 621 4467 quando
642 4406 825 4451 erecta
848 4412 999 4450 meus
1019 4393 1198 4450 omnia
1232 4394 1514 4463 diligenter
1542 4390 1745 4446 referre
1768 4406 1863 4458 po-

268 4497 380 4542 test
404 4487 706 4543 animarum
736 4487 965 4543 medico.
996 4487 1053 4541 Si
1102 4487 1244 4541 enim
1296 4486 1482 4539 beatus
1534 4482 1719 4547 David,
1772 4496 1866 4535 rex

266 4581 431 4635 simul
447 4596 511 4636 ac
536 4580 815 4650 propheta,
835 4581 995 4635 tantis
1024 4579 1310 4649 implicitus
1344 4576 1592 4647 negotiis,
1628 4588 1864 4645 purpura

264 4681 326 4727 et
351 4672 658 4727 diademate
686 4673 912 4726 amictus
934 4712 950 4737 ,
984 4671 1123 4726 dicat
1153 4690 1167 4725 :
1197 4669 1369 4724 Media
1412 4678 1556 4721 nocte
1599 4664 1864 4735 surgebam

264 4764 338 4817 ad
357 4765 701 4832 conﬁtendum
725 4763 812 4817 tibi
832 4779 982 4833 super
987 4762 1189 4833 judicia
1203 4760 1419 4832 justitiaz
1432 4769 1533 4812 tua:
1560 4755 1863 4829 (Psal.l18.

268 4853 363 4923 62)
402 4871 416 4907 :
444 4854 575 4923 quid
605 4869 703 4908 nos
730 4854 969 4909 dicemus
994 4854 1084 4923 qui
1114 4853 1370 4922 privatam
1412 4858 1468 4904 et
1515 4848 1739 4902 otiosam
1783 4852 1863 4899 vi-

268 4953 384 5001 tam
410 4944 639 5013 agimus,
697 4959 871 5012 neque
921 4942 1107 4997 eadem
1137 4956 1256 5012 qua:
1306 4941 1395 4994 iile
1430 4936 1695 4993 facimus?
1731 4934 1864 4989 Nam

279 5049 407 5088 cum
431 5035 482 5087 in
510 5032 600 5088 die
625 5033 810 5088 multis
832 5033 1255 5088 circumdaretur
1296 5031 1459 5093 curis,
1508 5029 1767 5098 negotiis,
1812 5036 1867 5080 et

272 5127 616 5194 tumultibus,
640 5144 739 5184 nec
761 5136 972 5198 tempus
996 5127 1260 5182 inveniret
1285 5136 1464 5195 aptum
1485 5139 1582 5179 suo
1604 5125 1672 5178 ad
1699 5124 1865 5178 Deum

268 5218 539 5282 accessui,
574 5220 969 5290 tranquillitatis
999 5229 1225 5289 tempus,
1265 5218 1406 5287 quod
1431 5218 1520 5271 alii
1547 5232 1736 5272 somno
1762 5219 1863 5270 im-

272 5310 521 5378 pendunt
543 5311 598 5365 in
644 5312 893 5367 mollibus
929 5313 1110 5367 stratis
1136 5312 1529 5377 recumbentes,
1561 5320 1615 5364 et
1642 5309 1766 5364 hinc
1812 5319 1867 5365 et

273 5403 403 5457 inde
442 5419 503 5457 se
530 5416 829 5471 versantes,
868 5420 964 5460 rex
1006 5406 1167 5460 tantis
1205 5405 1480 5458 districtus
1508 5403 1671 5462 curis.
1707 5417 1863 5457 acce-

272 5492 440 5547 dendi
466 5492 534 5548 ad
558 5494 725 5549 Deum
748 5504 958 5564 tempus
976 5492 1226 5558 faciebat,
1250 5494 1472 5549 seorsim
1496 5492 1604 5546 Deo
1620 5492 1862 5561 loquens,

274 5592 334 5635 et
376 5585 605 5639 sincera:
650 5586 972 5656 intentzeque
1000 5584 1291 5655 precationi
1332 5584 1564 5648 deditus,
1618 5583 1868 5652 perﬁcio-

276 5674 371 5728 hat
397 5690 752 5746 quaecumque
796 5675 1043 5741 volebat;
1081 5685 1137 5731 et
1184 5675 1515 5729 orationibus
1566 5674 1678 5728 suis
1724 5673 1864 5728 bella

277 5769 624 5839 conﬁciebat,
675 5778 979 5841 tropeaque
1002 5776 1269 5837 statuens,
1319 5767 1596 5825 victoriam
1630 5766 1865 5823 victoriae

1284 349 1352 404 πη
1391 349 1546 404 CAP.
1584 348 1680 405 Χῖ.
1721 349 1964 408 GENES.
2005 350 2235 406 llOMlL.
2275 345 2471 405 XXXI.

3427 341 3535 395 9.32

1952 464 2255 533 copulabat.
2302 463 2494 517 llabuit
2517 461 2659 518 enim
2687 461 2881 515 invicta
2903 473 3072 527 arma,
3119 470 3349 528 superna
3393 458 3537 509 scil.-

1950 566 2037 609 cet
2063 554 2328 624 prmsidia,
2362 570 2480 623 quae
2526 569 2632 607 uott
2660 553 2829 607 solum
2856 553 2919 606 ad
2947 551 3176 606 humana
3204 550 3337 603 bella
3370 548 3536 601 conli-

1952 646 2136 701 cienda
2166 644 2456 711 sufﬁciunt,
2481 644 2573 699 sed
2592 647 2749 699 etiam
2768 645 2832 699 ad
2855 645 3156 699 dazmouum
3181 642 3428 695 cohortes
3451 638 3537 690 fu-

1954 737 2176 807 gandas.
2208 735 2370 806 Igitur
2398 746 2452 789 et
2475 750 2573 789 nos
2602 735 2743 790 hunc
2765 736 3042 789 imitemur
3058 733 3251 803 privati
3275 739 3325 785 et
3356 729 3533 782 idiota:

1951 843 2153 897 regem,
2192 828 2280 897 qui
2307 827 2530 880 otiosam
2566 835 2620 881 et
2662 826 2894 895 quietam
2943 829 3103 877 vitam
3157 824 3533 890 agimus,eum

1952 919 2044 989 qui
2101 920 2152 973 in
2200 932 2431 987 purpura
2483 926 2538 970 et
2581 917 2881 971 diademate
2934 914 3317 968 monachorum
3372 915 3533 962 vitam

1954 1010 2379 1065 transcendebat.
2406 1009 2541 1063 Audi
2570 1010 2711 1063 enim
2733 1023 2852 1062 eum
2877 1007 3065 1061 iterum
3092 1003 3217 1057 alibi
3247 1003 3533 1055 dicentem:

1953 1101 2131 1156 Facite
2177 1112 2295 1155 sunt
2343 1103 2466 1155 mihi
2506 1102 2744 1171 Iacryma:
2784 1115 2909 1153 mea:
2960 1114 3114 1167 panes
3160 1097 3242 1149 die
3285 1112 3345 1147 ac
3396 1103 3539 1146 nocte

1954 1193 2126 1261 (Psal.
2156 1195 2243 1248 41.
2275 1193 2353 1264 4).
2408 1192 2592 1247 Vidisti
2628 1194 2859 1246 animam
2892 1191 2943 1244 in
2972 1190 3221 1244 continua
3274 1202 3536 1256 compun-

1952 1287 2166 1341 ctione?
2194 1287 2454 1339 Alimonia
2482 1299 2620 1351 mea,
2647 1285 2834 1354 inquit,
2864 1284 3011 1353 panis
3037 1296 3207 1339 meus.
3235 1279 3534 1333 convivium

1954 1393 2131 1432 meum
2169 1377 2298 1431 nihil
2330 1377 2470 1431 aliud
2493 1385 2646 1430 erant
2668 1391 2826 1445 quam
2858 1375 3106 1446 lacrymze
3133 1382 3237 1426 tam
3268 1370 3353 1424 die
3376 1384 3535 1443 quam

1955 1479 2130 1523 nocte.
2159 1468 2227 1522 Et
2251 1469 2440 1527 iterum
2478 1485 2490 1520 :
2518 1466 2763 1520 Laboravi
2791 1466 2844 1519 in
2866 1465 3051 1535 gemitu
3077 1479 3205 1526 meo,
3238 1461 3413 1514 lavabo
3449 1476 3538 1528 per

1954 1560 2181 1630 singulas
2226 1569 2393 1613 noctes
2423 1560 2599 1612 lectum
2641 1575 2807 1611 meum
2834 1555 3007 1627 (Psal.
3040 1556 3091 1609 6.
3122 1552 3197 1624 7).
3216 1552 3350 1620 Quid
3393 1552 3539 1605 dice-

1956 1664 2095 1713 mus,
2128 1650 2207 1703 vel
2239 1649 2363 1719 quid
2394 1648 2855 1718 respondebimus,
2887 1647 2975 1716 qui
3005 1660 3178 1714 neque
3230 1658 3349 1698 eam
3391 1657 3539 1695 com-

1955 1741 2295 1810 punctionem
2324 1739 2577 1795 exhibere
2595 1740 2861 1803 volumus,
2886 1752 3045 1807 quam
3068 1751 3163 1790 rex
3192 1742 3268 1789 tot
3286 1734 3541 1801 obseptus

1956 1832 2181 1900 negotiis
2211 1831 2488 1885 exhibuit?
2515 1831 2802 1897 Quidnam,
2827 1830 2932 1895 dic,
2961 1844 3079 1893 oro,
3102 1828 3270 1883 oculis
3301 1826 3405 1879 illis
3429 1824 3539 1877 for-

1957 1924 2155 1977 mosius
2187 1932 2443 1992 perpetuo
2469 1923 2824 1994 lacrymarum
2853 1922 3044 1978 imbre.
3072 1930 3126 1976 et
3152 1919 3302 1990 quasi
3333 1932 3542 1985 marga-

1957 2018 2177 2071 ritarunt
2198 2018 2394 2071 decore
2420 2018 2653 2071 ornatis?
2687 2015 2874 2070 Vidisti
2905 2030 3086 2085 regem
3110 2053 3126 2079 ,
3158 2013 3247 2082 qui
3298 2010 3543 2064 noctibus

1955 2117 2116 2178 atque
2141 2108 2328 2163 diebus
2347 2109 2600 2179 lacrymis
2631 2107 2982 2177 precibusque
3014 2105 3228 2159 deditus
3255 2102 3349 2156 fuit
3377 2120 3391 2154 :
3421 2115 3543 2169 Spe-

1958 2208 2041 2254 cta
2069 2208 2123 2254 et
2168 2200 2443 2255 doctorem
2490 2201 2635 2253 orbis
2682 2200 2736 2253 in
2780 2213 2996 2253 carcere
3038 2195 3394 2264 compeditum
3437 2209 3540 2246 una

1957 2307 2077 2346 cum
2102 2291 2233 2355 Sila,
2260 2300 2316 2346 et
2342 2300 2582 2346 orantem
2606 2300 2713 2345 tota
2741 2300 2918 2354 nocte,
2950 2303 3124 2357 neque
3148 2287 3351 2350 dolore,
3371 2300 3544 2352 neque

1959 2382 2185 2436 vinculis
2213 2382 2503 2451 prohiberi,
2545 2381 2640 2437 sed
2670 2396 2737 2436 eo
2764 2381 2933 2450 magis
2959 2380 3225 2449 ingentem
3254 2376 3543 2430 fervidum-

1957 2490 2063 2544 que
2088 2490 2325 2529 amorem
2345 2475 2619 2530 declarare
2647 2488 2771 2543 erga
2803 2472 3085 2527 Dominum
3115 2488 3128 2523 :
3155 2468 3352 2522 Paulus
3376 2467 3541 2531 enim,

1960 2566 2160 2636 inquit,
2200 2575 2248 2619 et
2272 2565 2412 2620 Silas
2435 2566 2601 2619 media
2643 2575 2786 2618 nocte
2829 2574 3031 2617 orantes
3065 2560 3339 2613 laudabant
3384 2557 3545 2611 Deum

1962 2658 2093 2726 (Act.
2121 2659 2208 2712 16.
2238 2656 2352 2726 25).
2384 2656 2548 2711 David
2572 2657 2625 2710 in
2665 2668 2830 2725 regno
2851 2662 2907 2708 et
2955 2652 3254 2707 diademate
3296 2648 3546 2721 lacrymis

1960 2759 2014 2805 et
2044 2751 2287 2819 precibus
2312 2759 2476 2804 totam
2496 2750 2655 2803 vitam
2683 2747 3016 2810 insumebat;
3039 2744 3342 2814 Apostolus,
3371 2743 3458 2811 qui
3488 2742 3541 2793 itt

1963 2842 2177 2895 tertium
2207 2841 2397 2895 malum
2427 2850 2630 2909 raptus,
2652 2839 2737 2894 cui
2782 2853 2975 2893 arcana
3014 2845 3138 2890 sunt
3162 2836 3393 2889 revelata
3430 2848 3547 2904 my-

1960 2933 2336 2998 steria,media
2354 2945 2514 2991 nocte
2530 2933 2583 2986 in
2598 2930 2823 2985 vinculis
2849 2944 3036 2999 preces
3061 2937 3117 2982 et
3144 2927 3327 2981 laudes
3355 2925 3548 2979 oll‘ere-

1963 3020 2054 3074 bat
2076 3021 2334 3085 Domino;
2364 3031 2419 3075 et
2458 3036 2555 3075 rex
2597 3020 2774 3075 media
2802 3028 2959 3073 nocte
2987 3008 3387 3087 expergefactus
3415 3030 3547 3069 con-

1965 3112 2236 3177 ﬁtebatur,
2264 3122 2320 3167 et
2342 3113 2568 3183 apostoli
2595 3112 2768 3167 media
2803 3120 2961 3165 nocte
2980 3111 3257 3164 continuas
3287 3121 3471 3177 preces
3495 3116 3549 3160 et

1960 3203 2148 3258 laudes
2168 3204 2477 3258 reddebant.
2516 3204 2637 3258 Illos
2667 3204 2937 3257 imitemur
2985 3210 3039 3257 et
3075 3216 3193 3265 nos,
3239 3209 3293 3254 et
3321 3213 3538 3268 precum

1963 3295 2278 3351 assiduitate
2302 3297 2463 3350 vitam
2493 3305 2730 3351 nostram
2780 3295 3102 3357 muniamus,
3134 3302 3187 3347 et
3210 3292 3413 3347 nullttut
3454 3304 3552 3343 uo-

1963 3388 2046 3442 bis
2088 3404 2339 3458 umquam
2379 3388 2483 3442 erit
2510 3387 2864 3441 obstaculum.
2909 3384 3049 3439 Nihil
3091 3385 3232 3437 enim
3280 3394 3363 3436 est
3408 3382 3548 3452 quod

1962 3480 2155 3534 obesse
2182 3477 2336 3533 nobis
2374 3479 2560 3546 possit,
2595 3475 2754 3529 modo
2783 3475 2946 3529 sobrii
2976 3475 3163 3527 simus.
3203 3471 3338 3526 Nunt
3359 3472 3474 3525 loco
3494 3480 3552 3525 et

1968 3580 2207 3641 tempore
2230 3570 2385 3625 nobis
2403 3584 2539 3640 opus
2566 3568 2688 3623 est?
2713 3568 2899 3622 Omnis
2930 3567 3098 3632 locus,
3138 3580 3298 3619 omne
3342 3575 3551 3633 tempus

1965 3663 2090 3717 huic
2112 3662 2349 3717 accessui
2376 3661 2645 3715 convenit.
2678 3659 2808 3713 Nam
2840 3658 3031 3711 iterum
3067 3656 3191 3710 audi
3233 3656 3548 3725 magistrum

1965 3755 2113 3810 orbis
2152 3755 2419 3809 dicentem
2444 3771 2459 3808 :
2492 3751 2557 3805 In
2584 3752 2720 3805 omni
2749 3752 2858 3805 loco
2884 3749 3101 3802 levantes
3145 3757 3344 3802 sanctas
3370 3763 3551 3799 manus

1962 3847 2147 3916 absque
2187 3845 2266 3898 ira
2300 3854 2346 3898 et
2370 3842 2729 3913 disceptatione
2760 3842 2835 3911 (l.
2870 3840 3003 3893 Tim.
3033 3838 3088 3892 2.
3109 3838 3188 3907 8).
3215 3837 3270 3892 Si
3312 3845 3547 3891 mentem

1965 3938 2220 3993 habueris
2249 3947 2521 4007 purgatam
2550 3935 2620 3989 ab
2649 3934 2846 3989 illicitis
2885 3931 3256 3986 affectionibus
3276 3972 3291 3995 ,
3340 3931 3453 3984 sive
3496 3928 3551 3983 itt

1968 4032 2105 4097 foro,
2135 4031 2249 4085 sive
2277 4029 2444 4093 domi,
2475 4030 2589 4083 sive
2617 4029 2669 4082 itt
2698 4026 2800 4092 via,
2822 4027 2905 4080 vel
2927 4026 2979 4079 in
3004 4039 3242 4087 carcere,
3263 4023 3346 4077 vel
3371 4023 3421 4076 in
3449 4035 3553 4075 ma-

1968 4122 2036 4187 ri,
2066 4120 2148 4175 vel
2180 4122 2234 4175 itt
2282 4120 2597 4184 diversorio,
2632 4119 2718 4173 vel
2748 4119 2798 4171 itt
2829 4115 3041 4170 officina
3061 4156 3078 4181 ,
3125 4124 3181 4169 et
3232 4113 3554 4181 ubicumque

1968 4214 2133 4269 fueris
2162 4219 2501 4278 constitutus,
2529 4213 2729 4283 poteris
2746 4212 2990 4264 invocato
3014 4209 3124 4262 Deo
3142 4208 3247 4259 voti
3267 4205 3381 4260 ﬁeri
3408 4221 3556 4258 com-

1969 4322 2085 4377 pos.
2116 4305 2270 4373 Quod
2300 4320 2420 4359 emn
2450 4305 2700 4369 sciamus,
2727 4302 2950 4357 obsecro
2974 4310 3030 4354 ut
3058 4316 3177 4353 cum
3200 4299 3403 4368 jejunio
3435 4313 3555 4366 pre-

1967 4398 2121 4452 cibus
2144 4396 2474 4466 diligentiam
2516 4393 2886 4459 adhibeamus,
2918 4391 3214 4447 subsidium
3242 4390 3395 4443 nobis
3432 4387 3557 4442 inde

1969 4500 2220 4561 parantes
2251 4508 2265 4543 :
2299 4504 2407 4560 quo
2431 4502 2714 4557 supernam
2742 4485 3013 4555 assequuti
3042 4485 3289 4554 gratiam,
3319 4494 3371 4536 et
3417 4496 3556 4550 prae-

1969 4594 2177 4639 sentem
2206 4586 2367 4636 vitam
2400 4582 2467 4635 ita
2496 4595 2715 4650 agamus
2739 4590 2795 4633 ut
2825 4580 2935 4633 Deo
2962 4579 3239 4648 probetur,
3260 4585 3313 4628 et
3340 4576 3392 4627 in
3422 4574 3556 4625 futu-

1971 4694 2033 4733 ro
2058 4675 2479 4731 misericordiam
2509 4673 2740 4743 aliquam
2763 4670 3152 4740 adipiscamur,
3180 4667 3345 4737 gratia
3373 4674 3427 4719 et
3456 4665 3558 4718 mi-

1970 4767 2329 4823 serationibus
2381 4764 2588 4820 Domini
2637 4763 2805 4818 nostri
2839 4762 2967 4816 Jesu
3000 4759 3226 4821 Christi,
3276 4772 3397 4810 cum
3450 4771 3558 4823 quo

1971 4858 2115 4914 Patri
2160 4865 2214 4912 et
2241 4856 2458 4926 Spiritui
2484 4865 2669 4910 sancto
2694 4855 2763 4909 sit
2790 4852 2955 4924 gloria
2977 4892 2993 4919 ,
3045 4849 3347 4918 imperium,
3374 4857 3428 4900 et
3459 4847 3558 4900 ho-

1970 4965 2090 5016 uor,
2120 4963 2260 5003 nunc
2279 4941 2333 5003 ét
2355 4962 2590 5017 semper,
2612 4955 2666 5000 et
2684 4946 2736 4999 in
2762 4944 2955 4998 saecula
2982 4942 3319 4996 saeculorum.
3351 4939 3547 4991 Amen.

2505 5077 2783 5133 llOMlLlA
2820 5073 3017 5129 XXXI.

1973 5197 2041 5253 Et
2087 5198 2279 5269 accepit
2326 5196 2500 5251 Thara
2530 5195 2714 5247 Abram
2761 5199 2806 5245 et
2848 5188 3057 5242 Nacltor
3076 5186 3208 5255 ﬁlios
3229 5199 3376 5249 suos,
3397 5181 3557 5234 etLot

2042 5291 2206 5359 ﬁlium
2248 5289 2403 5341 Aram
2437 5286 2529 5354 ﬁlii
2568 5285 2682 5347 sui;
2713 5292 2759 5336 et
2788 5282 2975 5337 Soram
3008 5294 3189 5332 nurum
3216 5291 3390 5337 suam,
3424 5289 3553 5325 uxo-

2041 5399 2146 5434 rem
2187 5391 2352 5433 autem
2377 5378 2560 5431 Abram
2602 5376 2695 5444 ﬁlii
2735 5376 2813 5428 sui
2856 5391 2877 5437 ,°
2924 5380 2968 5425 et
3013 5370 3180 5424 eduxit
3228 5385 3310 5421 eos
3334 5383 3396 5419 ea:
3425 5378 3555 5417 terra

2044 5471 2427 5535 Chaldaeorum,
2470 5478 2524 5521 ut
2559 5468 2991 5536 proﬁciscerentur
3031 5463 3086 5515 in
3132 5471 3312 5513 terram
3352 5455 3555 5511 Chana-

2042 5579 2264 5618 nazorum
2314 5578 2333 5616 :
2376 5571 2422 5615 et
2465 5562 2593 5615 venit
2622 5574 2777 5628 usque
2815 5556 3078 5620 Cltarran,
3120 5549 3422 5606 etltabt'tavit
3447 5546 3557 5599 illic

2048 5654 2197 5726 (Cen.
2226 5655 2309 5709 tt.
2337 5654 2446 5725 '51).

2046 5768 2098 5823 1.
2143 5767 2384 5838 Ingentes
2416 5765 2566 5821 vobis
2601 5763 2774 5819 habeo
2812 5759 3041 5833 gratias,
3083 5754 3223 5828 quod
3248 5753 3558 5811 hesternum
