4062 6396
504 348 610 402 985

497 446 566 501 de
591 444 831 501 oratione
857 460 1162 502 sermonem
1188 462 1307 502 cum
1339 448 1611 516 voluptate
1631 448 1975 515 susceperitis
1994 488 2008 509 .
2038 458 2091 501 et

502 549 650 593 tanto
674 539 850 593 studio
879 539 944 594 ad
975 539 1302 595 audiendum
1332 540 1632 595 conﬂuatis.
1665 540 1794 594 Illud
1825 541 1966 593 enim
1994 554 2093 593 nos

499 630 675 685 reddit
702 631 993 686 alacriores
1017 673 1031 696 ,
1060 642 1119 686 ut
1143 633 1242 687 hoc
1265 633 1541 702 Spirituale
1569 632 1867 686 convivium
1898 632 2093 702 largius

498 724 652 778 vobis
693 738 1077 793 proponamus.
1120 725 1251 792 Quia
1292 733 1347 779 et
1375 724 1605 795 agricola
1635 724 1680 779 si
1711 724 1924 794 quando
1948 724 2093 779 videt

496 828 682 882 agrum
713 825 764 868 et
786 814 927 883 jacta
958 816 1164 870 semina
1195 817 1459 870 virescere
1484 826 1538 870 et
1567 815 1865 883 germinare
1886 854 1903 881 ,
1935 830 2091 884 sege-

498 912 715 973 temque
743 919 967 959 vernare
986 945 1003 970 ,
1032 905 1163 959 nihil
1193 904 1335 975 quod
1361 905 1428 959 ad
1458 920 1515 960 se
1535 906 1722 959 attinet
1753 906 2088 971 intermittit,

496 994 734 1061 quotidie
777 1006 1157 1065 congruentem
1200 996 1340 1051 illius
1385 1011 1567 1051 curam
1611 1011 1809 1066 agens,
1852 1006 1905 1048 et
1935 1006 2091 1049 nocte

494 1083 688 1155 dieque
716 1085 1060 1140 considerans
1080 1129 1094 1153 ,
1122 1102 1190 1142 ne
1215 1086 1352 1142 forte
1375 1088 1499 1157 quid
1524 1086 1733 1141 labores
1754 1101 1878 1140 suos
1900 1085 2088 1141 lredat:

496 1175 656 1230 simili
702 1177 862 1231 modo
904 1187 958 1232 et
985 1193 1085 1249 ego
1114 1180 1445 1247 spiritualem
1476 1180 1615 1233 hunc
1644 1194 1828 1247 agrum
1850 1188 2090 1233 vestrum

496 1264 728 1334 ﬂorere,
774 1278 829 1323 et
876 1284 1058 1323 semen
1105 1270 1207 1341 hoc
1250 1270 1529 1338 spirituale
1570 1270 1621 1323 in
1665 1268 1869 1323 sinibus
1899 1277 2090 1323 vestrae

496 1360 694 1413 mentis
736 1360 953 1415 recondi
980 1360 1168 1415 videns
1190 1403 1205 1428 ,
1243 1362 1449 1430 gaudi-0
1483 1370 1536 1415 et
1567 1362 1735 1425 laetor,
1761 1360 2091 1429 multumque

493 1461 615 1501 sum
647 1450 839 1504 anxius
860 1490 875 1515 ,
908 1466 1016 1505 non
1044 1450 1295 1521 ignorans
1322 1467 1479 1521 quam
1509 1452 1771 1520 malignus
1799 1452 1869 1506 sit
1896 1451 2086 1517 hostis,

494 1539 585 1606 qui
613 1548 807 1595 vestrre
848 1542 1003 1596 saluti
1034 1542 1333 1598 insidiatur.
1363 1542 1496 1599 Nam
1528 1542 1973 1613 quemadmodum
2005 1544 2092 1613 pi-

496 1641 628 1685 rata:
671 1632 885 1702 quando
931 1635 1117 1690 vident
1160 1651 1349 1690 navem
1391 1635 1570 1690 multis
1597 1636 1868 1691 mercibus
1892 1651 2088 1691 onera-

495 1732 634 1786 tam,
675 1736 731 1779 et
772 1725 1024 1795 plurimas
1065 1728 1419 1784 advehentem
1449 1729 1659 1784 divitias
1683 1769 1698 1794 ,
1731 1738 1857 1784 tunc
1880 1731 2093 1799 potissi-

497 1830 642 1868 mum
690 1818 866 1872 varias
910 1820 1201 1875 moliuntur
1245 1820 1498 1886 insidias,
1540 1830 1598 1875 ut
1644 1823 1847 1890 possint
1885 1836 2091 1877 merces

494 1920 686 1961 omnes
711 1906 1045 1980 demergere,
1073 1927 1135 1965 ac
1156 1923 1400 1967 vectores
1426 1913 1543 1967 illos
1565 1913 1797 1983 spoliare
1828 1932 1840 1967 :
1870 1914 1940 1968 ita
1962 1929 2091 1969 sane

494 2006 551 2052 et
597 1999 874 2067 diabolus,
925 2017 1047 2057 cum
1084 2004 1278 2059 viderit
1316 2005 1620 2074 spiritualu-s
1656 2006 1852 2061 multas
1878 2006 2090 2061 divitias

496 2102 873 2157 eoacervatas,
909 2094 1237 2151 alacritatem
1263 2096 1521 2151 fervidam
1545 2140 1561 2163 ,
1589 2106 1823 2153 mentem
1844 2098 2054 2168 vigilem
2070 2138 2087 2164 ,

497 2191 554 2234 et
604 2183 840 2251 quotidie
884 2184 1096 2240 divitias
1142 2188 1361 2257 augeri,
1402 2199 1670 2243 crueiatur
1724 2204 1787 2244 ac
1842 2189 2091 2245 dentibus

494 2270 738 2341 frendet,
780 2285 851 2329 οι·
874 2278 1022 2345 quasi
1052 2276 1223 2347 pirata
1250 2279 1529 2345 circumit,
1558 2280 1968 2352 innumerasque
1993 2298 2090 2338 ex-

494 2363 695 2433 cogitat
723 2376 867 2420 artes
894 2405 909 2432 ,
943 2379 997 2421 ut
1024 2370 1069 2423 si
1098 2385 1200 2439 qua
1223 2370 1306 2425 vel
1334 2386 1557 2441 parvum
1588 2372 1823 2428 inveniat
1848 2374 2049 2429 aditum
2070 2414 2088 2441 ,

495 2468 595 2508 nos
634 2454 868 2511 denudet
909 2474 973 2513 ac
1012 2461 1242 2530 spoliet,
1285 2472 1340 2516 et
1364 2462 1619 2533 quidquid
1649 2464 1803 2519 nobis
1822 2475 1908 2520 est
1933 2466 2090 2536 spiri-

494 2548 715 2602 tualium
754 2549 1058 2607 divitiarum
1098 2552 1459 2622 deprmdetur.
1499 2556 1665 2627 Igitur
1691 2558 1857 2612 sobrii
1883 2558 2087 2626 simus,

492 2654 710 2707 quaeso,
755 2649 808 2695 et
853 2651 1052 2711 quanto
1102 2646 1273 2715 magis
1312 2648 1613 2717 spirituales
1646 2659 1848 2703 nostra:
1872 2650 2092 2705 faculta-

494 2739 574 2784 tes
609 2742 892 2800 crescunt,
941 2743 1089 2789 tanto
1125 2739 1294 2808 magis
1330 2747 1388 2793 et
1413 2739 1604 2809 vigiliae
1642 2749 1840 2795 nostra:
1857 2756 2091 2811 augean-

493 2831 596 2884 tur,
622 2832 679 2876 ut
699 2825 932 2894 undique.
951 2828 1299 2883 excludamus
1316 2830 1555 2895 insidias,
1580 2840 1634 2887 et
1659 2830 2085 2888 benevolentiam

498 2914 589 2969 Dei
637 2917 743 2970 vita
793 2920 994 2986 optima
1036 2921 1191 2976 nobis
1228 2924 1612 2990 conciliantes,
1659 2927 1923 2995 superiori
1969 2927 2089 2983 loco

492 3016 731 3071 stemus,
773 3024 932 3077 quam
978 3020 1036 3065 ut
1080 3011 1221 3067 illius
1257 3013 1433 3082 jacula
1479 3030 1673 3072 nocere
1708 3028 1923 3087 queant.
1954 3019 2087 3075 Mala

492 3098 635 3151 enim
666 3098 831 3153 bestia
862 3110 978 3167 est,
1011 3114 1064 3156 et
1091 3103 1414 3173 multiplices
1441 3106 1863 3163 machinationes
1890 3111 2085 3166 struit:

493 3198 549 3242 et
588 3189 801 3257 quando
845 3207 954 3246 non
997 3203 1176 3263 potest
1201 3204 1347 3251 recta
1378 3213 1475 3252 nos
1504 3198 1571 3254 ad
1599 3198 1720 3253 vitia
1748 3200 1965 3256 allicere
1987 3242 2003 3268 ,
2034 3210 2088 3257 et

492 3281 604 3333 suis
640 3281 776 3336 dolis
817 3281 1099 3349 inescare;
1141 3301 1250 3340 non
1290 3287 1433 3342 enim
1473 3290 1645 3359 cogit,
1678 3290 1759 3345 vel
1788 3293 1892 3346 vim
1922 3292 2082 3360 facit,

495 3371 637 3426 absit
660 3389 673 3425 :
700 3372 792 3427 sed
814 3373 1013 3444 decipit
1040 3387 1241 3431 tantum
1262 3418 1279 3445 ,
1301 3389 1355 3433 et
1376 3395 1510 3449 quos
1539 3382 1870 3453 negligentes
1899 3386 2042 3440 videt
2067 3428 2085 3454 ,

496 3464 840 3533 supplantat;
884 3468 1095 3537 quando
1134 3469 1293 3539 igitur
1326 3472 1552 3528 salutem
1582 3484 1819 3529 nostram
1848 3479 2085 3548 nequitia

493 3572 589 3610 sua
632 3558 915 3615 manifeste
948 3560 1157 3625 ,laidere
1195 3565 1413 3633 nequit,
1455 3580 1599 3636 Saepe
1639 3582 1734 3638 per
1772 3569 1884 3640 ipsa
1923 3587 2085 3641 opera

493 3648 737 3714 virtutis,
767 3666 886 3721 qua:
912 3652 1118 3722 agimus
1140 3694 1156 3721 ,
1187 3655 1486 3712 clanculum
1516 3673 1638 3715 esca
1666 3659 1840 3728 illata,
1873 3662 2088 3720 divitias

494 3749 705 3794 nostras
729 3743 903 3811 perdit
922 3759 1129 3800 omnes.

567 3833 651 3887 Ea:
687 3836 830 3890 bouis
861 3838 1095 3907 aperibus
1120 3854 1250 3893 vana
1268 3840 1434 3911 gloria
1457 3843 1699 3896 cavenda.
1729 3874 1800 3884 —
1827 3844 1961 3911 Quid
1990 3846 2083 3916 igi-

495 3936 583 3985 tar
616 3936 699 3981 est
735 3927 868 3994 hoc,
911 3930 1052 3999 quod
1091 3930 1254 3985 dico?
1280 3948 1458 4002 opera:
1487 3936 1716 4004 pretium
1760 3938 1901 3992 enim
1932 3937 2089 3993 fuerit

494 4019 828 4073 manifestius
867 4022 1179 4090 explicare,
1210 4032 1268 4077 ut
1293 4024 1440 4079 illius
1465 4026 1694 4095 cognitis
1721 4027 1960 4093 insidiis,
1993 4029 2086 4083 da-

494 4126 676 4165 mnum
714 4111 853 4181 quod
884 4112 1007 4168 inde
1033 4114 1269 4170 nascitur
1292 4156 1307 4181 ,
1340 4116 1510 4173 vitare
1542 4119 1827 4187 possimus.
1860 4120 2087 4186 Quando

493 4202 637 4256 videt
677 4221 774 4258 nos
802 4205 939 4259 nuda
970 4207 1099 4261 vitia
1132 4208 1216 4262 vix
1248 4208 1567 4275 admittere,
1594 4220 1650 4265 et
1676 4211 1861 4283 fugere
1889 4214 2085 4268 intem-

494 4298 819 4364 perantiam,
867 4300 1246 4354 continentiam
1291 4317 1420 4355 vero
1460 4304 1751 4372 amplexari
1801 4323 1815 4359 :
1868 4306 1933 4359 ad
1973 4306 2088 4361 haec

492 4389 730 4442 aversari
760 4390 1060 4457 avaritiam,
1090 4391 1215 4451 odio
1244 4392 1443 4449 habere
1470 4394 1803 4464 iniustitiam,
1832 4397 2007 4452 ridere
2033 4407 2088 4452 et

494 4492 842 4536 contemnere
883 4481 1142 4551 delicias,
1177 4483 1398 4553 jejuaiis
1434 4497 1613 4542 autem
1640 4497 1694 4543 et
1722 4489 1966 4558 precibus
1991 4506 2087 4544 va-

494 4587 620 4626 care
643 4613 658 4637 ,
682 4587 746 4626 ac
765 4572 1121 4645 eleemosyuis
1147 4574 1278 4631 dare
1301 4592 1518 4647 operam
1551 4597 1565 4632 :
1594 4588 1719 4634 tunc
1747 4581 1908 4635 alium
1939 4596 2087 4635 Omtt-

496 4662 797 4718 miuiscitur
848 4663 1029 4722 dolum
1060 4705 1076 4728 .
1122 4680 1231 4736 quo
1276 4668 1585 4737 pessumdet
1630 4685 1820 4727 omnes
1874 4681 2086 4728 nostras

492 4769 627 4825 opes
646 4796 662 4820 ,
699 4763 885 4826 totque
913 4756 1050 4812 bona
1075 4774 1237 4827 opera
1268 4770 1447 4815 nostra
1475 4764 1665 4817 reddat
1693 4764 1920 4819 inutilia.
1948 4765 2081 4821 Nam

493 4846 583 4915 qui
613 4862 799 4918 magna
837 4852 1138 4906 constantia
1172 4851 1593 4910 machinationes
1617 4856 1782 4926 ipsius
1806 4859 2083 4925 vicerunt,

494 4938 619 4995 facit
638 4948 696 4993 ut
721 4939 873 4995 bonis
894 4941 1149 5011 Operibus
1170 4942 1422 4999 inﬂentur
1438 4988 1453 5012 ,
1482 4958 1535 5001 et
1560 4947 1625 5002 ad
1654 4948 1940 5003 humanam
1964 4967 2086 5020 spe-

493 5042 633 5085 ctent
657 5029 879 5102 gloriam
898 5078 914 5102 ,
946 5051 1052 5104 quo
1073 5036 1279 5093 scilicet
1299 5053 1329 5093 a
1351 5055 1473 5094 vera
1501 5055 1594 5095 eos
1622 5041 1788 5112 gloria
1816 5042 2082 5099 deturbet.

499 5124 709 5181 Etenim
743 5128 832 5197 qui
860 5128 1135 5197 spirituale
1162 5129 1287 5201 quid
1320 5130 1518 5187 faciens
1551 5134 1835 5188 humanam
1867 5135 2087 5205 respicit

493 5217 748 5287 gloriam,
791 5221 1093 5277 mercedem
1133 5240 1282 5277 suam
1329 5224 1415 5280 hic
1455 5227 1687 5295 accipit,
1734 5239 1787 5283 et
1816 5229 1925 5297 jam
1946 5230 2084 5283 ultra

496 5313 662 5367 Deum
700 5329 805 5369 non
850 5314 1012 5371 habet
1039 5316 1362 5373 debitorem.
1398 5321 1441 5374 A
1472 5321 1663 5390 quibus
1690 5321 1832 5376 enim
1861 5323 2082 5391 gloriam

496 5406 688 5473 quarrit
711 5449 727 5474 ,
750 5408 819 5464 ab
839 5408 904 5463 iis
925 5408 1110 5464 laudes
1140 5421 1327 5467 nactus
1353 5420 1455 5479 est,
1481 5424 1535 5467 et
1559 5427 1617 5466 se
1636 5415 1810 5483 privat
1831 5414 1933 5469 illis
1952 5430 2085 5486 quas

497 5497 755 5554 Dominus
791 5500 1068 5570 promisit,
1104 5511 1289 5573 utpote
1316 5504 1531 5574 majoris
1558 5505 1757 5561 faciens
1784 5515 2085 5560 momenta-

496 5606 651 5646 neam
691 5592 967 5649 hominum
1003 5595 1233 5661 laudem,
1263 5611 1421 5666 quam
1446 5598 1538 5653 Dei
1570 5613 1807 5654 omnium
1838 5599 2085 5654 condito.

498 5685 569 5737 ris
604 5702 615 5736 :
648 5686 697 5739 id
738 5686 880 5755 quod
923 5686 1166 5741 Christus
1199 5688 1265 5741 de
1292 5689 1573 5757 precibus,
1604 5690 1965 5761 eleernosynis
1988 5732 2002 5756 ,
2030 5699 2082 5746 et

497 5773 707 5844 irjuuiis
746 5788 900 5833 antea
939 5777 1153 5846 docuit,
1196 5779 1273 5833 sic
1309 5778 1495 5836 dicens
1536 5800 1549 5836 :
1595 5782 1811 5848 Quando
1843 5783 2039 5852 icjunas
2062 5820 2081 5849 ,

1254 350 1309 406 Β.
1349 351 1627 407 JOANNIS
1664 351 2139 407 CHRYSOSTOM
2182 348 2501 405 ARCHIEP.
2533 350 3069 409 CONSTANTINOP.

3673 354 3786 413 εει

2198 462 2329 513 uage
2372 454 2523 513 caput
2560 456 2734 511 tuum,
2776 458 2822 500 et
2864 447 2978 499 lava
3008 446 3188 514 {aciem
3212 456 3347 500 tuam
3371 488 3386 513 ,
3416 458 3468 500 ut
3495 464 3556 501 ne
3577 450 3791 505 videaris

2196 537 2480 589 hominibus
2514 538 2759 605 jejunum
2782 578 2797 598 ,
2839 538 2928 591 sed
2968 537 3116 591 Patri
3145 546 3228 592 tuo
3257 542 3340 608 qui
3367 550 3437 593 est
3464 541 3515 593 in
3545 542 3740 594 occulta
3770 558 3793 607 ;

2195 638 2241 680 et
2266 621 2421 681 Pater
2460 639 2605 691 tuus,
2631 632 2719 700 qui
2748 631 2876 684 uidet
2905 632 2959 683 in
2992 633 3215 696 occulto,
3256 634 3429 686 reddet
3455 634 3541 687 tibi
3569 635 3788 701 (ΜαιτΙι.

2195 720 2249 775 6.
2297 722 2385 775 17.
2437 721 2551 789 18).
2586 721 2652 775 Et
2693 726 2924 776 iterum:
2958 723 3174 788 Quando
3200 725 3353 793 facies
3381 726 3750 794 elecmosynam
3771 766 3787 789 ,

2196 829 2258 866 ne
2278 814 2395 865 tuba
2446 830 2600 867 canas
2617 854 2631 878 ,
2658 815 2857 879 inquit,
2880 826 2996 867 ante
3020 824 3096 879 te,
3125 816 3253 868 sicut
3278 817 3555 886 hypocrin
3590 819 3792 880 faciunt

2192 904 2248 956 in
2284 906 2555 973 synagogis
2589 916 2635 958 et
2676 906 2887 973 pluteis,
2931 915 2986 958 ut
3013 906 3360 976 gloriﬁcentur
3388 908 3452 960 ab
3478 908 3787 961 hominibus.

2196 997 2353 1049 Amen
2383 996 2495 1049 dico
2523 997 2659 1050 vobis
2678 1038 2691 1061 ,
2724 1008 3021 1066 acceperunt
3050 999 3329 1051 mercedem
3357 1015 3502 1052 suam
3530 1000 3688 1066 (Ibid.
3731 1017 3789 1055 υ,

2194 1085 2272 1154 2).
2307 1086 2523 1140 Vidistis
2562 1088 2830 1156 quomodo
2850 1130 2864 1151 ,
2912 1088 2997 1156 qui
3027 1088 3164 1141 hanc
3191 1088 3410 1157 gloriam
3440 1089 3685 1158 inquirit,
3718 1090 3793 1143 il-

2197 1175 2302 1229 lam
2331 1176 2567 1229 amittit?
2597 1177 2695 1241 Qui
2718 1188 2895 1230 autem
2923 1178 3169 1231 virtutem
3200 1179 3266 1232 ita
3294 1189 3548 1247 operatur
3567 1222 3582 1245 ,
3611 1188 3668 1232 ut
3698 1181 3783 1233 la-

2196 1276 2311 1322 tere
2354 1268 2482 1322 velit
2521 1268 2804 1332 homines,
2848 1268 2901 1321 in
2943 1267 3032 1322 dic
3077 1269 3167 1322 illo
3192 1270 3409 1323 terribili
3439 1271 3610 1339 palam
3637 1270 3787 1323 acci-

2198 1358 2305 1426 piet
2340 1373 2372 1411 a
2416 1358 2641 1412 Domino
2684 1360 3110 1413 retributionem.
3154 1360 3283 1414 Nam
3334 1360 3487 1413 Pater
3518 1371 3629 1414 tuus
3652 1402 3666 1422 .
3697 1363 3787 1429 qui

2195 1449 2324 1502 videt
2354 1449 2407 1502 in
2444 1449 2671 1515 occulto,
2712 1450 2885 1503 reddet
2912 1452 3001 1503 tibi
3033 1452 3085 1503 in
3118 1452 3383 1521 manifesto
3408 1450 3570 1521 (Ibid.
3613 1468 3661 1505 υ.
3701 1455 3783 1520 4).

2194 1537 2272 1592 Ne
2306 1537 2540 1607 cogites,
2586 1539 2791 1609 inquit,
2834 1540 3037 1593 nullum
3064 1540 3335 1595 hominem
3368 1550 3418 1595 te
3447 1542 3659 1596 laudare
3681 1585 3694 1603 ,
3730 1550 3789 1597 et

2197 1640 2249 1684 te
2275 1630 2523 1684 virtutem
2569 1630 2705 1685 clam
2740 1647 2996 1685 exercere
3028 1649 3041 1685 :
3075 1632 3168 1685 sed
3216 1632 3318 1687 hoc
3344 1636 3548 1703 cogita,
3584 1644 3785 1688 tantam

2194 1719 2307 1775 fore
2335 1721 2492 1790 paulo
2514 1730 2633 1790 post
2656 1723 2860 1782 Domini
2886 1723 3293 1789 liberalitatem,
3316 1733 3373 1777 ut
3392 1740 3497 1778 non
3521 1725 3658 1779 sinat
3681 1727 3790 1781 hoc

2194 1814 2331 1867 clam
2373 1814 2458 1868 vel
2500 1813 2553 1868 in
2592 1814 2802 1869 occulto
2830 1830 2951 1869 esse
2983 1832 2997 1869 :
3025 1814 3120 1869 sed
3148 1827 3408 1884 prasente
3436 1818 3581 1870 omni
3610 1817 3788 1871 homi-

2195 1920 2322 1959 num
2366 1920 2595 1975 genere,
2640 1906 2706 1959 ab
2744 1906 2913 1959 Adam
2961 1920 3129 1975 usque
3170 1906 3235 1959 ad
3265 1909 3782 1962 consummationem

2194 1999 2376 2052 smculi
2422 2008 2473 2053 te
2519 1999 2775 2069 pnrdicet
2820 2009 2875 2054 et
2909 2009 3164 2065 coronet,
3216 2012 3694 2072 susceptorumqtm
3734 2004 3788 2059 in

2193 2089 2492 2145 exercenda
2520 2090 2716 2145 virtute
2741 2090 2983 2145 laborum
3015 2093 3230 2161 praemia
3257 2093 3470 2147 tribuat.
3494 2094 3604 2161 Qua
3628 2095 3791 2164 igitur

2193 2184 2535 2238 excusatione
2572 2184 2715 2254 digni
2761 2184 2955 2238 fuerint
2982 2185 3014 2239 ii
3042 2186 3131 2255 qui
3162 2186 3396 2241 laborem
3424 2188 3633 2241 virtutis
3662 2204 3788 2241 sus-

2196 2277 2403 2339 tinent,
2441 2284 2494 2329 ct
2539 2284 2756 2345 propter
2798 2287 3225 2331 momentaneam
3266 2267 3525 2332 et'vilem
3551 2278 3790 2333 futilem-

2193 2384 2298 2438 que
2346 2368 2621 2423 hominum
2662 2368 2887 2439 gloriam
2913 2411 2928 2437 ,
2975 2380 3174 2424 aeterna
3206 2370 3294 2424 illa
3324 2371 3641 2441 semetipsos
3671 2372 3789 2441 pri-

2194 2461 2367 2516 vant?

2263 2552 2317 2606 2.
2351 2552 2587 2607 Obsecro
2618 2553 2791 2623 igitur,
2817 2562 2873 2606 ut
2897 2567 2995 2607 nos
3021 2552 3156 2607 bene
3185 2553 3507 2617 muniamus,
3532 2564 3585 2607 et
3608 2555 3789 2624 quod-

2192 2660 2419 2715 cumque
2463 2646 2738 2715 spirituale
2782 2662 2918 2715 opus
2959 2646 3353 2716 aggrediemur,
3410 2650 3510 2703 hoc
3563 2648 3787 2702 studea-

2194 2755 2312 2793 mus
2366 2740 2416 2792 in
2462 2741 2841 2809 promptuariis
2889 2740 3052 2793 animi
3123 2740 3287 2793 nostri
3341 2742 3673 2804 recondere,
3729 2750 3788 2794 ut

2194 2830 2373 2885 laudet
2416 2845 2514 2885 nos
2551 2833 2735 2885 oculus
2780 2832 2869 2886 ille
2914 2832 3002 2899 qui
3042 2847 3330 2902 numquam
3366 2832 3660 2886 dormitat:
3716 2848 3787 2887 ne

2194 2934 2413 2993 propter
2451 2924 2723 2977 hominum
2771 2924 2984 2989 laudes,
3031 2938 3175 2993 saepe
3206 2923 3270 2976 ad
3306 2926 3529 2993 gratiam
3558 2936 3786 2992 captan-

2192 3016 2314 3070 dam
2354 3016 2505 3069 datas
2529 3058 2543 3079 ,
2574 3015 2771 3085 indigni
2799 3015 3101 3070 efficiamur
3129 3016 3333 3068 Domini
3363 3016 3623 3069 laudihus.
3656 3016 3788 3071 lla'c

2193 3110 2335 3165 enim
2377 3110 2534 3163 ambo
2574 3110 2873 3178 perniciosa
2900 3119 3023 3163 sunt
3046 3150 3059 3173 ,
3091 3118 3144 3163 et
3176 3109 3331 3162 saluti
3362 3120 3555 3162 nostra:
3580 3109 3739 3162 noxia
3769 3126 3785 3173 ;

2193 3202 2467 3272 spirituale
2513 3200 2709 3271 aliquid
2757 3200 3031 3270 operando
3070 3200 3153 3252 .ad
3209 3200 3493 3253 humanam
3538 3213 3788 3268 spumare

2191 3294 2445 3363 gloriam,
2493 3302 2548 3347 et
2588 3293 2722 3347 bene
2764 3292 2972 3361 agendo
3010 3291 3239 3345 sublime
3280 3294 3348 3346 de
3375 3307 3434 3346 sc
3458 3307 3661 3360 sapere.
3698 3291 3789 3345 Id-

2193 3390 2337 3443 circo
2356 3387 2565 3441 sobrios
2587 3400 2708 3440 esse
2735 3401 2832 3440 nos
2862 3395 3073 3455 oportet
3101 3400 3165 3439 ac
3191 3384 3375 3454 vigiles
3400 3426 3412 3441 .
3438 3395 3491 3439 et
3510 3400 3788 3454 apponere

2191 3479 2346 3533 nobis
2386 3478 2693 3549 quotidiana
2739 3492 2770 3533 e
2807 3477 2973 3532 sacris
3012 3477 3202 3531 Litoris
3242 3478 3555 3546 pharmaca,
3602 3480 3668 3530 ita
3726 3487 3789 3531 ut

2192 3569 2505 3639 perniciosis
2552 3568 2922 3623 alfectiouihns
2968 3568 3084 3621 istis
3135 3584 3241 3622 non
3288 3570 3614 3623 irrctiatnur.
3646 3568 3788 3623 Nam

2191 3662 2292 3715 etsi
2335 3661 2453 3730 quis
2498 3661 2774 3715 innumera
2821 3660 2957 3714 bona
2986 3674 3150 3729 Opera
3182 3659 3397 3724 fecerit,
3427 3660 3789 3730 virtutemque

2189 3767 2403 3808 omnem
2432 3752 2741 3818 absolverit,
2771 3754 2813 3807 si
2848 3762 3022 3806 tamen
3053 3768 3301 3821 maguum
3328 3752 3454 3821 quid
3483 3752 3548 3805 de
3572 3768 3631 3807 se
3650 3768 3787 3806 δυη-
3864 3772 3871 3777 ·

2192 3845 2320 3908 tiat,
2352 3847 2590 3899 omnium
2619 3844 2952 3898 miserrimus
2982 3843 3155 3897 fuerit.
3187 3842 3339 3909 Quod
3372 3842 3523 3896 nobis
3555 3843 3791 3897 manife-

2190 3946 2331 3991 stum
2378 3948 2461 3992 est
2502 3953 2567 3992 ex
2605 3937 2669 3991 iis
2706 3952 2826 4006 qua:
2866 3935 3135 3989 Phariszeo
3161 3934 3467 3988 acciderunt
3491 3975 3506 3996 .
3537 3935 3621 4001 qui
3652 3934 3787 3989 dum

2192 4045 2383 4099 magna
2418 4030 2486 4085 de
2514 4044 2574 4084 sc
2601 4030 2767 4082 sensit
2785 4068 2801 4095 ,
2831 4037 2885 4082 et
2916 4028 3253 4096 publicanum
3280 4026 3603 4095 contempsit
3628 4025 3786 4097 (Luc.

2191 4121 2319 4192 18),
2366 4122 2542 4175 subito
2580 4120 2815 4175 deterior
2854 4119 3023 4175 factus
3066 4128 3150 4174 est
3172 4118 3483 4187 publicano,
3510 4126 3563 4171 et
3592 4132 3795 4173 omnes

2190 4214 2448 4268 virtutum
2493 4212 2705 4267 divitias
2751 4212 2925 4281 lingua
2967 4226 3061 4265 sua
3107 4210 3293 4265 eﬂ‘udit
3336 4227 3350 4262 :
3397 4226 3460 4264 ac
3484 4224 3543 4263 se
3568 4209 3791 4265 nudans

2189 4320 2523 4376 vacuumque
2561 4306 2929 4368 constituens,
2971 4303 3289 4372 stupendum
3334 4310 3388 4356 et
3426 4317 3617 4355 novum
3645 4317 3793 4355 nau-

2192 4398 2415 4467 fragium
2456 4396 2692 4466 pertulit.
2736 4393 2868 4449 Cum
2908 4394 3050 4449 enim
3081 4394 3146 4448 ad
3175 4402 3385 4464 portum
3414 4393 3788 4461 pervenisset,

2191 4504 2379 4544 omnes
2419 4502 2628 4542 merces
2670 4500 2793 4541 suas
2821 4485 3129 4541 submersit.
3161 4484 3292 4539 Nam
3333 4486 3377 4539 si
3418 4484 3470 4539 id
3508 4484 3788 4539 infortunii

2194 4592 2411 4653 propter
2456 4594 2646 4651 preces
2687 4578 2903 4649 indigne
2931 4578 3155 4633 emissas
3182 4577 3421 4642 accidat,
3453 4576 3674 4647 perinde
3701 4588 3789 4631 est

2190 4690 2253 4729 ac
2275 4675 2317 4729 si
2342 4673 2461 4744 quis
2487 4672 2538 4727 in
2565 4671 2741 4725 medio
2764 4679 2916 4739 portu
2938 4668 3269 4739 naufragium
3293 4668 3466 4721 faciat.
3494 4666 3790 4735 Propterea

2190 4778 2245 4824 et
2275 4766 2517 4822 Christus
2545 4764 2816 4833 discipulis
2842 4764 2954 4817 suis
2985 4762 3299 4830 przrcipiens
3322 4801 3337 4826 ,
3369 4760 3579 4814 dicebat
3608 4777 3621 4811 :
3654 4758 3790 4813 Cum

2190 4859 2362 4914 omnia
2390 4856 2603 4928 [caeritis
2626 4896 2640 4919 ,
2669 4855 2817 4907 dicite
2865 4868 2885 4907 :
2924 4852 3067 4908 Servi
3096 4850 3299 4905 inutiles
3315 4867 3487 4905 sanius
3508 4847 3658 4921 (Luc.
3692 4850 3786 4904 17.

2193 4950 2305 5021 10).
2333 4949 2451 5017 Quo
2474 4947 2618 5002 dicto
2643 4945 2852 4999 munire
2874 4958 2969 4998 eos
2991 4942 3139 5008 vult,
3168 4950 3223 4997 et
3240 4957 3397 5012 quam
3424 4940 3735 5011 longissime
3758 4954 3789 4995 a

2193 5041 2494 5113 pernicioso
2534 5039 2627 5093 illo
2672 5036 2860 5091 morbo
2893 5036 3149 5091 alienare.
3180 5032 3431 5098 Vidistis,
3473 5032 3745 5091 carissimi
3770 5074 3787 5098 ,

2190 5132 2458 5204 quomodo
2502 5129 2547 5186 is
2589 5129 2679 5199 qui
2722 5128 3008 5183 humanam
3054 5127 3279 5198 gloriam
3316 5126 3515 5190 ambit,
3557 5125 3790 5194 ejusque

2189 5225 2356 5296 gratia
2386 5222 2595 5277 virtutis
2622 5220 2877 5276 exercitia
2907 5219 3047 5285 adit,
3081 5218 3360 5272 utilitatem
3384 5216 3584 5270 nullam
3611 5219 3791 5285 perci.

2193 5319 2267 5388 pit
2298 5334 2311 5370 :
2340 5325 2395 5371 et
2438 5323 2559 5386 post
2595 5314 2890 5368 exantlatos
2917 5325 3106 5367 omnes
3129 5309 3340 5364 virtutis
3366 5308 3577 5363 labores
3603 5350 3618 5371 ,
3644 5310 3688 5363 si
3718 5309 3788 5364 de

2193 5410 2256 5464 iis
2291 5408 2535 5462 videatur
2571 5407 2735 5462 altum
2765 5418 2987 5474 sapere,
3012 5417 3250 5457 omnium
3276 5416 3473 5456 vacuus
3503 5399 3790 5468 nudusque

2192 5501 2420 5557 evadat?
2462 5499 2748 5570 Fugiamus
2786 5497 2978 5566 igitur,
3009 5495 3269 5559 obsecro,
3307 5491 3636 5562 perniciosas
3663 5490 3792 5546 illas

2190 5593 2530 5659 affectiones,
2562 5600 2617 5646 et
2648 5588 2712 5645 ad
2750 5589 2896 5644 illum
2931 5603 3145 5658 semper
3176 5587 3387 5656 vigilem
3414 5584 3623 5639 oculum
3654 5598 3787 5652 spe-

2192 5694 2399 5741 ctemus
2440 5694 2686 5739 tantum:
2727 5697 2790 5738 ac
2836 5682 2965 5737 nihil
3005 5695 3289 5736 commune
3331 5677 3620 5734 habeamus
3659 5692 3787 5734 cum

2196 5780 2359 5835 nostri
2381 5779 2591 5850 generis
2614 5776 2913 5834 hominibus
2932 5817 2945 5844 ,
2968 5789 3141 5849 neque
3161 5773 3229 5830 ab
3253 5773 3333 5829 eis
3357 5770 3555 5828 laudari
3578 5784 3783 5842 qua-ra-
